  <div class='ocr_page' id='page_1' title='image "/cluster/home/n/w/nwhite01/storage/ocr_20150623/31/mdp.39015012934363/537.png"; bbox 0 0 3948 6240; ppageno 0'>
   <div class='ocr_carea' id='block_1_1' title="bbox 472 335 3656 441">
    <p class='ocr_par' dir='ltr' id='par_1_1' title="bbox 472 335 3656 441">
     <span class='ocr_line' id='line_1_1' title="bbox 472 335 3656 441; baseline -0.009 -2"><span class='ocrx_word' id='word_1_1' title='bbox 472 335 617 441; x_wconf 43' lang='lat' dir='ltr'><strong>lost;</strong></span> <span class='ocrx_word' id='word_1_2' title='bbox 661 344 664 345; x_wconf 13' lang='grc' dir='ltr'><em>ν</em></span> <span class='ocrx_word' id='word_1_3' title='bbox 1781 370 1820 424; x_wconf 80' lang='lat' dir='ltr'><strong>s</strong></span> <span class='ocrx_word' id='word_1_4' title='bbox 1882 367 2133 426; x_wconf 75' lang='lat' dir='ltr'><strong>BASILII</strong></span> <span class='ocrx_word' id='word_1_5' title='bbox 2169 369 2383 428; x_wconf 76' lang='lat' dir='ltr'><strong>MAGNI</strong></span> <span class='ocrx_word' id='word_1_6' title='bbox 3546 379 3656 434; x_wconf 58' lang='grc' dir='ltr'>ηερ</span> 
     </span>
    </p>
   </div>
   <div class='ocr_carea' id='block_1_2' title="bbox 532 479 2091 563">
    <p class='ocr_par' dir='ltr' id='par_1_2' title="bbox 532 485 2091 563">
     <span class='ocr_line' id='line_1_2' title="bbox 532 485 2091 563; baseline -0.006 -14"><span class='ocrx_word' id='word_1_7' title='bbox 532 500 588 550; x_wconf 83' lang='grc'><strong>5.</strong></span> <span class='ocrx_word' id='word_1_8' title='bbox 622 492 770 561; x_wconf 82' lang='lat' dir='ltr'><strong>Quid</strong></span> <span class='ocrx_word' id='word_1_9' title='bbox 801 492 968 563; x_wconf 82' lang='lat' dir='ltr'><strong>igitur</strong></span> <span class='ocrx_word' id='word_1_10' title='bbox 998 492 1352 547; x_wconf 90' lang='lat' dir='ltr'><strong>emolumentl</strong></span> <span class='ocrx_word' id='word_1_11' title='bbox 1384 503 1452 543; x_wconf 77' lang='lat' dir='ltr'><strong>ex</strong></span> <span class='ocrx_word' id='word_1_12' title='bbox 1483 485 1752 542; x_wconf 80' lang='lat' dir='ltr'><strong>medicina</strong></span> <span class='ocrx_word' id='word_1_13' title='bbox 1783 485 2044 540; x_wconf 83' lang='lat' dir='ltr'><strong>accedere</strong></span> <span class='ocrx_word' id='word_1_14' title='bbox 2071 492 2091 540; x_wconf 75' lang='grc' dir='ltr'><em>Λ</em></span> 
     </span>
    </p>
   </div>
   <div class='ocr_carea' id='block_1_3' title="bbox 2098 479 3657 563">
    <p class='ocr_par' dir='ltr' id='par_1_3' title="bbox 2098 479 3657 558">
     <span class='ocr_line' id='line_1_3' title="bbox 2098 479 3657 558; baseline 0.001 -16"><span class='ocrx_word' id='word_1_15' title='bbox 2098 489 2121 542; x_wconf 81' lang='grc' dir='ltr'><strong>ι</strong></span> <span class='ocrx_word' id='word_1_16' title='bbox 2220 488 2272 541; x_wconf 84' lang='grc'><strong>5.</strong></span> <span class='ocrx_word' id='word_1_17' title='bbox 2309 486 2376 540; x_wconf 90' lang='grc' dir='ltr'>Τί</span> <span class='ocrx_word' id='word_1_18' title='bbox 2407 483 2498 540; x_wconf 74' lang='grc' dir='ltr'>οὖν</span> <span class='ocrx_word' id='word_1_19' title='bbox 2525 490 2636 552; x_wconf 82' lang='grc' dir='ltr'>τοῖς</span> <span class='ocrx_word' id='word_1_20' title='bbox 2659 489 2918 550; x_wconf 79' lang='grc' dir='ltr'><strong>τοιούτοις</strong></span> <span class='ocrx_word' id='word_1_21' title='bbox 2942 503 3092 556; x_wconf 87' lang='grc' dir='ltr'>παρα</span> <span class='ocrx_word' id='word_1_22' title='bbox 3115 482 3216 557; x_wconf 80' lang='grc' dir='ltr'>τῆς</span> <span class='ocrx_word' id='word_1_23' title='bbox 3241 479 3468 558; x_wconf 82' lang='grc' dir='ltr'>ίατρικῆς</span> <span class='ocrx_word' id='word_1_24' title='bbox 3487 490 3657 555; x_wconf 79' lang='grc' dir='ltr'>γένοιτο</span> 
     </span>
    </p>
   </div>
   <div class='ocr_carea' id='block_1_4' title="bbox 460 573 2019 652">
    <p class='ocr_par' dir='ltr' id='par_1_4' title="bbox 460 573 2016 651">
     <span class='ocr_line' id='line_1_4' title="bbox 460 573 2016 651; baseline -0.005 -16"><span class='ocrx_word' id='word_1_25' title='bbox 460 581 637 651; x_wconf 83' lang='lat' dir='ltr'><strong>possit</strong></span> <span class='ocrx_word' id='word_1_26' title='bbox 664 579 932 648; x_wconf 85' lang='lat' dir='ltr'><strong>ejusmodi</strong></span> <span class='ocrx_word' id='word_1_27' title='bbox 974 577 1334 632; x_wconf 82' lang='lat' dir='ltr'><strong>hominibus?</strong></span> <span class='ocrx_word' id='word_1_28' title='bbox 1371 592 1470 631; x_wconf 91' lang='lat' dir='ltr'><strong>ceu</strong></span> <span class='ocrx_word' id='word_1_29' title='bbox 1519 575 1735 644; x_wconf 77' lang='lat' dir='ltr'><strong>potius,</strong></span> <span class='ocrx_word' id='word_1_30' title='bbox 1783 573 1928 643; x_wconf 92' lang='lat' dir='ltr'><strong>quod</strong></span> <span class='ocrx_word' id='word_1_31' title='bbox 1968 575 2016 628; x_wconf 89' lang='lat' dir='ltr'><strong>ei</strong></span> 
     </span>
    </p>
   </div>
   <div class='ocr_carea' id='block_1_5' title="bbox 2099 573 3658 652">
    <p class='ocr_par' dir='ltr' id='par_1_5' title="bbox 2150 577 3658 652">
     <span class='ocr_line' id='line_1_5' title="bbox 2150 577 3658 652; baseline 0 -20"><span class='ocrx_word' id='word_1_32' title='bbox 2150 579 2378 650; x_wconf 85' lang='grc' dir='ltr'>κέρδος;</span> <span class='ocrx_word' id='word_1_33' title='bbox 2415 580 2509 633; x_wconf 77' lang='grc' dir='ltr'>καὶ</span> <span class='ocrx_word' id='word_1_34' title='bbox 2531 581 2652 652; x_wconf 62' lang='grc' dir='ltr'><strong>οὐχὶ¹</strong></span> <span class='ocrx_word' id='word_1_35' title='bbox 2693 579 2890 650; x_wconf 82' lang='grc' dir='ltr'>μᾶλλον</span> <span class='ocrx_word' id='word_1_36' title='bbox 2930 578 3204 641; x_wconf 72' lang='grc' dir='ltr'>κίνδυνος,</span> <span class='ocrx_word' id='word_1_37' title='bbox 3243 577 3658 650; x_wconf 75' lang='grc' dir='ltr'>μετεωριζομένοις</span> 
     </span>
    </p>
   </div>
   <div class='ocr_carea' id='block_1_6' title="bbox 463 665 2022 746">
    <p class='ocr_par' dir='ltr' id='par_1_6' title="bbox 463 665 2022 742">
     <span class='ocr_line' id='line_1_6' title="bbox 463 665 2022 742; baseline -0.008 -15"><span class='ocrx_word' id='word_1_38' title='bbox 463 672 766 742; x_wconf 85' lang='lat' dir='ltr'><strong>periculum</strong></span> <span class='ocrx_word' id='word_1_39' title='bbox 816 685 927 725; x_wconf 90' lang='lat' dir='ltr'><strong>non</strong></span> <span class='ocrx_word' id='word_1_40' title='bbox 975 669 1287 739; x_wconf 89' lang='lat' dir='ltr'><strong>impendet,</strong></span> <span class='ocrx_word' id='word_1_41' title='bbox 1338 668 1431 737; x_wconf 90' lang='lat' dir='ltr'><strong>qui</strong></span> <span class='ocrx_word' id='word_1_42' title='bbox 1472 667 1686 721; x_wconf 83' lang='lat' dir='ltr'><strong>scilicet</strong></span> <span class='ocrx_word' id='word_1_43' title='bbox 1729 665 1796 719; x_wconf 88' lang='lat' dir='ltr'><strong>ad</strong></span> <span class='ocrx_word' id='word_1_44' title='bbox 1843 679 2022 734; x_wconf 76' lang='lat' dir='ltr'><strong>corpu:</strong></span> 
     </span>
    </p>
   </div>
   <div class='ocr_carea' id='block_1_7' title="bbox 2098 665 3657 746">
    <p class='ocr_par' dir='ltr' id='par_1_7' title="bbox 2150 671 3657 746">
     <span class='ocr_line' id='line_1_7' title="bbox 2150 671 3657 746; baseline 0.001 -21"><span class='ocrx_word' id='word_1_45' title='bbox 2150 672 2260 726; x_wconf 85' lang='grc' dir='ltr'>ἀπὸ</span> <span class='ocrx_word' id='word_1_46' title='bbox 2291 672 2386 727; x_wconf 79' lang='grc' dir='ltr'><strong>τοῦ</strong></span> <span class='ocrx_word' id='word_1_47' title='bbox 2419 673 2581 746; x_wconf 82' lang='grc' dir='ltr'>ὀρθοῦ</span> <span class='ocrx_word' id='word_1_48' title='bbox 2619 673 2778 742; x_wconf 80' lang='grc' dir='ltr'>λόγου</span> <span class='ocrx_word' id='word_1_49' title='bbox 2830 675 2910 735; x_wconf 75' lang='grc' dir='ltr'><strong>εις</strong></span> <span class='ocrx_word' id='word_1_50' title='bbox 2970 672 3066 743; x_wconf 78' lang='grc' dir='ltr'>τὴν</span> <span class='ocrx_word' id='word_1_51' title='bbox 3103 671 3197 726; x_wconf 77' lang='grc' dir='ltr'>τοῦ</span> <span class='ocrx_word' id='word_1_52' title='bbox 3237 671 3466 743; x_wconf 79' lang='grc' dir='ltr'>σώματος</span> <span class='ocrx_word' id='word_1_53' title='bbox 3503 675 3657 745; x_wconf 78' lang='grc' dir='ltr'>ἐπιμέ-</span> 
     </span>
    </p>
   </div>
   <div class='ocr_carea' id='block_1_8' title="bbox 459 758 2018 838">
    <p class='ocr_par' dir='ltr' id='par_1_8' title="bbox 459 758 2018 825">
     <span class='ocr_line' id='line_1_8' title="bbox 459 758 2018 825; baseline -0.004 -5"><span class='ocrx_word' id='word_1_54' title='bbox 459 763 765 820; x_wconf 87' lang='lat' dir='ltr'><strong>curaudum</strong></span> <span class='ocrx_word' id='word_1_55' title='bbox 797 778 857 819; x_wconf 84' lang='lat' dir='ltr'><strong>se</strong></span> <span class='ocrx_word' id='word_1_56' title='bbox 883 779 912 817; x_wconf 90' lang='lat' dir='ltr'><strong>a</strong></span> <span class='ocrx_word' id='word_1_57' title='bbox 943 770 1091 818; x_wconf 87' lang='lat' dir='ltr'><strong>recta</strong></span> <span class='ocrx_word' id='word_1_58' title='bbox 1122 762 1336 816; x_wconf 83' lang='lat' dir='ltr'><strong>ratione</strong></span> <span class='ocrx_word' id='word_1_59' title='bbox 1364 759 1660 814; x_wconf 81' lang='lat' dir='ltr'><strong>avertant?</strong></span> <span class='ocrx_word' id='word_1_60' title='bbox 1689 758 1793 825; x_wconf 88' lang='lat' dir='ltr'><strong>Qui</strong></span> <span class='ocrx_word' id='word_1_61' title='bbox 1822 775 1952 813; x_wconf 87' lang='lat' dir='ltr'><strong>vero</strong></span> <span class='ocrx_word' id='word_1_62' title='bbox 1979 776 2018 814; x_wconf 84' lang='lat' dir='ltr'><strong>c:</strong></span> 
     </span>
    </p>
   </div>
   <div class='ocr_carea' id='block_1_9' title="bbox 2098 758 3657 838">
    <p class='ocr_par' dir='ltr' id='par_1_9' title="bbox 2145 764 3657 838">
     <span class='ocr_line' id='line_1_9' title="bbox 2145 764 3657 838; baseline 0.002 -22"><span class='ocrx_word' id='word_1_63' title='bbox 2145 764 2335 832; x_wconf 87' lang='grc' dir='ltr'>λειαν;</span> <span class='ocrx_word' id='word_1_64' title='bbox 2369 767 2492 832; x_wconf 83' lang='grc' dir='ltr'>Τοῖς</span> <span class='ocrx_word' id='word_1_65' title='bbox 2550 783 2614 835; x_wconf 91' lang='grc' dir='ltr'><strong>γε</strong></span> <span class='ocrx_word' id='word_1_66' title='bbox 2651 767 2758 836; x_wconf 83' lang='grc' dir='ltr'>μὴν</span> <span class='ocrx_word' id='word_1_67' title='bbox 2787 767 2850 820; x_wconf 83' lang='grc' dir='ltr'>ὲκ</span> <span class='ocrx_word' id='word_1_68' title='bbox 2905 766 3148 838; x_wconf 85' lang='grc' dir='ltr'>πονηρᾶς</span> <span class='ocrx_word' id='word_1_69' title='bbox 3176 764 3376 834; x_wconf 85' lang='grc' dir='ltr'>διαίτης</span> <span class='ocrx_word' id='word_1_70' title='bbox 3395 764 3482 836; x_wconf 79' lang='grc' dir='ltr'>τὴν</span> <span class='ocrx_word' id='word_1_71' title='bbox 3510 767 3657 838; x_wconf 71' lang='grc' dir='ltr'>ἀρρω-</span> 
     </span>
    </p>
   </div>
   <div class='ocr_carea' id='block_1_10' title="bbox 460 850 2019 929">
    <p class='ocr_par' dir='ltr' id='par_1_10' title="bbox 460 852 2018 928">
     <span class='ocr_line' id='line_1_10' title="bbox 460 852 2018 928; baseline -0.005 -14"><span class='ocrx_word' id='word_1_72' title='bbox 460 872 627 928; x_wconf 79' lang='lat' dir='ltr'><strong>prava</strong></span> <span class='ocrx_word' id='word_1_73' title='bbox 659 857 822 912; x_wconf 58' lang='lat' dir='ltr'><strong>diaeta</strong></span> <span class='ocrx_word' id='word_1_74' title='bbox 852 855 1098 924; x_wconf 84' lang='lat' dir='ltr'><strong>sibiipsis</strong></span> <span class='ocrx_word' id='word_1_75' title='bbox 1137 854 1385 910; x_wconf 84' lang='lat' dir='ltr'><strong>ascivere</strong></span> <span class='ocrx_word' id='word_1_76' title='bbox 1428 853 1800 907; x_wconf 89' lang='lat' dir='ltr'><strong>inlirmitatem</strong></span> <span class='ocrx_word' id='word_1_77' title='bbox 1822 894 1836 916; x_wconf 90' lang='lat'><strong>,</strong></span> <span class='ocrx_word' id='word_1_78' title='bbox 1855 852 1893 906; x_wconf 92' lang='lat' dir='ltr'><strong>ii</strong></span> <span class='ocrx_word' id='word_1_79' title='bbox 1923 867 2018 906; x_wconf 84' lang='lat' dir='ltr'><strong>cor</strong></span> 
     </span>
    </p>
   </div>
   <div class='ocr_carea' id='block_1_11' title="bbox 2102 850 3661 929">
    <p class='ocr_par' dir='ltr' id='par_1_11' title="bbox 2148 850 3661 929">
     <span class='ocr_line' id='line_1_11' title="bbox 2148 850 3661 929; baseline 0 -19"><span class='ocrx_word' id='word_1_80' title='bbox 2148 857 2303 910; x_wconf 79' lang='grc' dir='ltr'>στίαν</span> <span class='ocrx_word' id='word_1_81' title='bbox 2361 859 2576 922; x_wconf 78' lang='grc' dir='ltr'>ἑαυτοῖς</span> <span class='ocrx_word' id='word_1_82' title='bbox 2640 856 3052 929; x_wconf 86' lang='grc' dir='ltr'>συναθροίσασιν</span> <span class='ocrx_word' id='word_1_83' title='bbox 3107 850 3219 910; x_wconf 81' lang='grc' dir='ltr'>οἷον</span> <span class='ocrx_word' id='word_1_84' title='bbox 3269 858 3415 925; x_wconf 83' lang='grc' dir='ltr'>τύπῳ</span> <span class='ocrx_word' id='word_1_85' title='bbox 3455 858 3547 910; x_wconf 81' lang='grc' dir='ltr'>τινὶ</span> <span class='ocrx_word' id='word_1_86' title='bbox 3588 859 3661 910; x_wconf 69' lang='grc' dir='ltr'><strong>καὶ</strong></span> 
     </span>
    </p>
   </div>
   <div class='ocr_carea' id='block_1_12' title="bbox 461 943 2020 1023">
    <p class='ocr_par' dir='ltr' id='par_1_12' title="bbox 461 944 2000 1023">
     <span class='ocr_line' id='line_1_12' title="bbox 461 944 2000 1023; baseline -0.005 -17"><span class='ocrx_word' id='word_1_87' title='bbox 461 953 610 1023; x_wconf 83' lang='lat' dir='ltr'><strong>poris</strong></span> <span class='ocrx_word' id='word_1_88' title='bbox 638 950 960 1012; x_wconf 85' lang='lat' dir='ltr'><strong>curatione.</strong></span> <span class='ocrx_word' id='word_1_89' title='bbox 994 948 1153 1018; x_wconf 88' lang='lat' dir='ltr'><strong>quasi</strong></span> <span class='ocrx_word' id='word_1_90' title='bbox 1181 946 1420 1018; x_wconf 82' lang='lat' dir='ltr'><strong>quodam</strong></span> <span class='ocrx_word' id='word_1_91' title='bbox 1457 953 1586 1016; x_wconf 85' lang='lat' dir='ltr'><strong>typo</strong></span> <span class='ocrx_word' id='word_1_92' title='bbox 1618 951 1671 999; x_wconf 89' lang='lat' dir='ltr'><strong>et</strong></span> <span class='ocrx_word' id='word_1_93' title='bbox 1701 944 2000 1014; x_wconf 79' lang='lat' dir='ltr'><strong>exemplari</strong></span> 
     </span>
    </p>
   </div>
   <div class='ocr_carea' id='block_1_13' title="bbox 2100 943 3659 1023">
    <p class='ocr_par' dir='ltr' id='par_1_13' title="bbox 2146 943 3659 1020">
     <span class='ocr_line' id='line_1_13' title="bbox 2146 943 3659 1020; baseline -0.001 -20"><span class='ocrx_word' id='word_1_94' title='bbox 2146 947 2495 1018; x_wconf 84' lang='grc' dir='ltr'>ὑπογραμμῷ</span> <span class='ocrx_word' id='word_1_95' title='bbox 2520 947 2783 1020; x_wconf 82' lang='grc' dir='ltr'><strong>χρηστέον</strong></span> <span class='ocrx_word' id='word_1_96' title='bbox 2811 950 2875 1017; x_wconf 85' lang='grc' dir='ltr'>τῇ</span> <span class='ocrx_word' id='word_1_97' title='bbox 2908 945 3000 1000; x_wconf 82' lang='grc' dir='ltr'>τοῦ</span> <span class='ocrx_word' id='word_1_98' title='bbox 3035 944 3281 1016; x_wconf 83' lang='grc' dir='ltr'>σώματος</span> <span class='ocrx_word' id='word_1_99' title='bbox 3297 943 3536 1017; x_wconf 76' lang='grc' dir='ltr'><strong>θεραπείᾳ</strong></span> <span class='ocrx_word' id='word_1_100' title='bbox 3553 948 3659 1018; x_wconf 78' lang='grc' dir='ltr'>πρὸς</span> 
     </span>
    </p>
   </div>
   <div class='ocr_carea' id='block_1_14' title="bbox 457 1036 2016 1111">
    <p class='ocr_par' dir='ltr' id='par_1_14' title="bbox 457 1037 2009 1106">
     <span class='ocr_line' id='line_1_14' title="bbox 457 1037 2009 1106; baseline -0.006 -8"><span class='ocrx_word' id='word_1_101' title='bbox 457 1042 524 1098; x_wconf 87' lang='lat' dir='ltr'><strong>ad</strong></span> <span class='ocrx_word' id='word_1_102' title='bbox 566 1043 806 1097; x_wconf 87' lang='lat' dir='ltr'><strong>animam</strong></span> <span class='ocrx_word' id='word_1_103' title='bbox 843 1039 1150 1096; x_wconf 84' lang='lat' dir='ltr'><strong>curandam</strong></span> <span class='ocrx_word' id='word_1_104' title='bbox 1189 1039 1267 1094; x_wconf 92' lang='lat' dir='ltr'><strong>uti</strong></span> <span class='ocrx_word' id='word_1_105' title='bbox 1310 1037 1546 1102; x_wconf 89' lang='lat' dir='ltr'><strong>debent,</strong></span> <span class='ocrx_word' id='word_1_106' title='bbox 1596 1039 1744 1093; x_wconf 91' lang='lat' dir='ltr'><strong>sicut</strong></span> <span class='ocrx_word' id='word_1_107' title='bbox 1787 1037 2009 1106; x_wconf 88' lang='lat' dir='ltr'><strong>superiu</strong></span> 
     </span>
    </p>
   </div>
   <div class='ocr_carea' id='block_1_15' title="bbox 2100 1036 3659 1111">
    <p class='ocr_par' dir='ltr' id='par_1_15' title="bbox 2141 1036 3659 1111">
     <span class='ocr_line' id='line_1_15' title="bbox 2141 1036 3659 1111; baseline -0.001 -19"><span class='ocrx_word' id='word_1_108' title='bbox 2141 1039 2240 1110; x_wconf 81' lang='grc' dir='ltr'>τὴν</span> <span class='ocrx_word' id='word_1_109' title='bbox 2269 1040 2370 1111; x_wconf 83' lang='grc' dir='ltr'>τῆς</span> <span class='ocrx_word' id='word_1_110' title='bbox 2398 1039 2579 1110; x_wconf 80' lang='grc' dir='ltr'>ψυχῆς</span> <span class='ocrx_word' id='word_1_111' title='bbox 2616 1039 2933 1109; x_wconf 78' lang='grc' dir='ltr'>ἐπιμέλειαν</span> <span class='ocrx_word' id='word_1_112' title='bbox 2954 1077 2968 1102; x_wconf 91' lang='grc'><strong>,</strong></span> <span class='ocrx_word' id='word_1_113' title='bbox 3007 1036 3146 1092; x_wconf 87' lang='grc' dir='ltr'><strong>καθά</strong></span> <span class='ocrx_word' id='word_1_114' title='bbox 3189 1037 3439 1108; x_wconf 87' lang='grc' dir='ltr'>πρότερον</span> <span class='ocrx_word' id='word_1_115' title='bbox 3467 1038 3659 1108; x_wconf 80' lang='grc' dir='ltr'>εἴρηται.</span> 
     </span>
    </p>
   </div>
   <div class='ocr_carea' id='block_1_16' title="bbox 457 1129 2016 1207">
    <p class='ocr_par' dir='ltr' id='par_1_16' title="bbox 457 1129 2009 1191">
     <span class='ocr_line' id='line_1_16' title="bbox 457 1129 2009 1191; baseline -0.003 -6"><span class='ocrx_word' id='word_1_116' title='bbox 457 1133 668 1188; x_wconf 85' lang='lat' dir='ltr'><strong>dictum</strong></span> <span class='ocrx_word' id='word_1_117' title='bbox 702 1139 806 1188; x_wconf 89' lang='lat' dir='ltr'><strong>est.</strong></span> <span class='ocrx_word' id='word_1_118' title='bbox 839 1131 1053 1186; x_wconf 88' lang='lat' dir='ltr'><strong>Etenim</strong></span> <span class='ocrx_word' id='word_1_119' title='bbox 1083 1138 1138 1185; x_wconf 90' lang='lat' dir='ltr'><strong>et</strong></span> <span class='ocrx_word' id='word_1_120' title='bbox 1166 1146 1233 1185; x_wconf 78' lang='lat' dir='ltr'><strong>ex</strong></span> <span class='ocrx_word' id='word_1_121' title='bbox 1266 1146 1324 1185; x_wconf 92' lang='lat' dir='ltr'><strong>re</strong></span> <span class='ocrx_word' id='word_1_122' title='bbox 1350 1139 1538 1185; x_wconf 89' lang='lat' dir='ltr'><strong>nostra</strong></span> <span class='ocrx_word' id='word_1_123' title='bbox 1571 1130 1734 1184; x_wconf 79' lang='lat' dir='ltr'><strong>fuerit</strong></span> <span class='ocrx_word' id='word_1_124' title='bbox 1756 1168 1770 1191; x_wconf 91' lang='lat'><strong>,</strong></span> <span class='ocrx_word' id='word_1_125' title='bbox 1803 1143 1832 1181; x_wconf 91' lang='lat' dir='ltr'><strong>a</strong></span> <span class='ocrx_word' id='word_1_126' title='bbox 1863 1129 2009 1182; x_wconf 83' lang='lat' dir='ltr'><strong>noxii</strong></span> 
     </span>
    </p>
   </div>
   <div class='ocr_carea' id='block_1_17' title="bbox 2101 1129 3660 1207">
    <p class='ocr_par' dir='ltr' id='par_1_17' title="bbox 2158 1132 3660 1207">
     <span class='ocr_line' id='line_1_17' title="bbox 2158 1132 3660 1207; baseline -0.001 -19"><span class='ocrx_word' id='word_1_127' title='bbox 2158 1134 2221 1187; x_wconf 84' lang='grc' dir='ltr'><strong><em>Ἠ</em></strong></span> <span class='ocrx_word' id='word_1_128' title='bbox 2260 1134 2369 1207; x_wconf 85' lang='grc' dir='ltr'><strong>γὰρ</strong></span> <span class='ocrx_word' id='word_1_129' title='bbox 2417 1134 2596 1207; x_wconf 80' lang='grc' dir='ltr'>ἀποχὴ</span> <span class='ocrx_word' id='word_1_130' title='bbox 2639 1136 2746 1188; x_wconf 84' lang='grc' dir='ltr'>τῶν</span> <span class='ocrx_word' id='word_1_131' title='bbox 2798 1134 3139 1206; x_wconf 82' lang='grc' dir='ltr'><strong>βλαπτόντων</strong></span> <span class='ocrx_word' id='word_1_132' title='bbox 3177 1132 3320 1186; x_wconf 84' lang='grc' dir='ltr'>κατὰ</span> <span class='ocrx_word' id='word_1_133' title='bbox 3346 1132 3429 1187; x_wconf 72' lang='grc' dir='ltr'>τὸν</span> <span class='ocrx_word' id='word_1_134' title='bbox 3464 1133 3660 1202; x_wconf 74' lang='grc' dir='ltr'>ἰατρικὸν</span> 
     </span>
    </p>
   </div>
   <div class='ocr_carea' id='block_1_18' title="bbox 456 1222 2015 1298">
    <p class='ocr_par' dir='ltr' id='par_1_18' title="bbox 456 1222 2008 1290">
     <span class='ocr_line' id='line_1_18' title="bbox 456 1222 2008 1290; baseline -0.003 -10"><span class='ocrx_word' id='word_1_135' title='bbox 456 1241 525 1280; x_wconf 75' lang='grc' dir='ltr'>οι</span> <span class='ocrx_word' id='word_1_136' title='bbox 552 1224 761 1278; x_wconf 87' lang='lat' dir='ltr'><strong>medica</strong></span> <span class='ocrx_word' id='word_1_137' title='bbox 785 1223 994 1278; x_wconf 79' lang='lat' dir='ltr'><strong>ratione</strong></span> <span class='ocrx_word' id='word_1_138' title='bbox 1027 1223 1307 1279; x_wconf 88' lang='lat' dir='ltr'><strong>abstinere</strong></span> <span class='ocrx_word' id='word_1_139' title='bbox 1327 1261 1342 1285; x_wconf 88' lang='lat'><strong>,</strong></span> <span class='ocrx_word' id='word_1_140' title='bbox 1375 1222 1535 1275; x_wconf 87' lang='lat' dir='ltr'><strong>utilia</strong></span> <span class='ocrx_word' id='word_1_141' title='bbox 1583 1222 1814 1290; x_wconf 85' lang='lat' dir='ltr'><strong>seligere</strong></span> <span class='ocrx_word' id='word_1_142' title='bbox 1834 1262 1848 1285; x_wconf 94' lang='lat'><strong>,</strong></span> <span class='ocrx_word' id='word_1_143' title='bbox 1897 1237 2008 1290; x_wconf 77' lang='lat' dir='ltr'><strong>prze</strong></span> 
     </span>
    </p>
   </div>
   <div class='ocr_carea' id='block_1_19' title="bbox 2105 1222 3664 1298">
    <p class='ocr_par' dir='ltr' id='par_1_19' title="bbox 2146 1223 3664 1298">
     <span class='ocr_line' id='line_1_19' title="bbox 2146 1223 3664 1298; baseline -0.001 -20"><span class='ocrx_word' id='word_1_144' title='bbox 2146 1226 2302 1294; x_wconf 89' lang='grc' dir='ltr'>λόγον</span> <span class='ocrx_word' id='word_1_145' title='bbox 2352 1227 2446 1280; x_wconf 77' lang='grc' dir='ltr'>καὶ</span> <span class='ocrx_word' id='word_1_146' title='bbox 2473 1228 2605 1298; x_wconf 66' lang='grc' dir='ltr'><strong>⁴ἡμῖν</strong></span> <span class='ocrx_word' id='word_1_147' title='bbox 2632 1229 2778 1280; x_wconf 75' lang='grc' dir='ltr'>ἐστιν</span> <span class='ocrx_word' id='word_1_148' title='bbox 2818 1226 3111 1297; x_wconf 80' lang='grc' dir='ltr'>ὠφέλιμος,</span> <span class='ocrx_word' id='word_1_149' title='bbox 3147 1227 3181 1296; x_wconf 78' lang='grc' dir='ltr'>ἡ</span> <span class='ocrx_word' id='word_1_150' title='bbox 3216 1223 3407 1294; x_wconf 78' lang='grc' dir='ltr'>ἐκλογὴ</span> <span class='ocrx_word' id='word_1_151' title='bbox 3441 1224 3536 1276; x_wconf 87' lang='grc' dir='ltr'><strong>τῶν</strong></span> <span class='ocrx_word' id='word_1_152' title='bbox 3557 1241 3664 1295; x_wconf 84' lang='grc' dir='ltr'>χρη-</span> 
     </span>
    </p>
   </div>
   <div class='ocr_carea' id='block_1_20' title="bbox 457 1314 2016 1391">
    <p class='ocr_par' dir='ltr' id='par_1_20' title="bbox 457 1314 2014 1385">
     <span class='ocr_line' id='line_1_20' title="bbox 457 1314 2014 1385; baseline -0.002 -16"><span class='ocrx_word' id='word_1_153' title='bbox 457 1322 614 1385; x_wconf 79' lang='lat' dir='ltr'><strong>eepta</strong></span> <span class='ocrx_word' id='word_1_154' title='bbox 640 1329 883 1370; x_wconf 88' lang='lat' dir='ltr'><strong>servare.</strong></span> <span class='ocrx_word' id='word_1_155' title='bbox 931 1315 1112 1385; x_wconf 82' lang='lat' dir='ltr'><strong>Atque</strong></span> <span class='ocrx_word' id='word_1_156' title='bbox 1156 1314 1275 1384; x_wconf 81' lang='lat' dir='ltr'><strong>ipsa</strong></span> <span class='ocrx_word' id='word_1_157' title='bbox 1315 1314 1478 1368; x_wconf 90' lang='lat' dir='ltr'><strong>etiam</strong></span> <span class='ocrx_word' id='word_1_158' title='bbox 1510 1314 1760 1383; x_wconf 90' lang='lat' dir='ltr'><strong>corporis</strong></span> <span class='ocrx_word' id='word_1_159' title='bbox 1789 1314 1860 1367; x_wconf 90' lang='lat' dir='ltr'><strong>ab</strong></span> <span class='ocrx_word' id='word_1_160' title='bbox 1891 1314 2014 1366; x_wconf 86' lang='lat' dir='ltr'><strong>inlir</strong></span> 
     </span>
    </p>
   </div>
   <div class='ocr_carea' id='block_1_21' title="bbox 2103 1314 3662 1391">
    <p class='ocr_par' dir='ltr' id='par_1_21' title="bbox 2147 1314 3662 1391">
     <span class='ocr_line' id='line_1_21' title="bbox 2147 1314 3662 1391; baseline -0.002 -20"><span class='ocrx_word' id='word_1_161' title='bbox 2147 1319 2342 1389; x_wconf 86' lang='grc' dir='ltr'>σίμων,</span> <span class='ocrx_word' id='word_1_162' title='bbox 2372 1320 2406 1390; x_wconf 81' lang='grc' dir='ltr'><strong>ἡ</strong></span> <span class='ocrx_word' id='word_1_163' title='bbox 2438 1318 2652 1390; x_wconf 76' lang='grc' dir='ltr'>φυλακὴ</span> <span class='ocrx_word' id='word_1_164' title='bbox 2685 1318 2792 1372; x_wconf 84' lang='grc' dir='ltr'><strong>τῶν</strong></span> <span class='ocrx_word' id='word_1_165' title='bbox 2825 1318 3316 1391; x_wconf 75' lang='grc' dir='ltr'>παραγγελμάτων.</span> <span class='ocrx_word' id='word_1_166' title='bbox 3348 1314 3450 1368; x_wconf 74' lang='grc' dir='ltr'><strong>Καὶ</strong></span> <span class='ocrx_word' id='word_1_167' title='bbox 3479 1314 3593 1382; x_wconf 76' lang='grc' dir='ltr'>αὑτὴ</span> <span class='ocrx_word' id='word_1_168' title='bbox 3620 1315 3662 1368; x_wconf 72' lang='grc' dir='ltr'><strong>ἂ</strong></span> 
     </span>
    </p>
   </div>
   <div class='ocr_carea' id='block_1_22' title="bbox 457 1404 2016 1482">
    <p class='ocr_par' dir='ltr' id='par_1_22' title="bbox 457 1406 2016 1464">
     <span class='ocr_line' id='line_1_22' title="bbox 457 1406 2016 1464; baseline -0.003 -3"><span class='ocrx_word' id='word_1_169' title='bbox 457 1409 647 1463; x_wconf 89' lang='lat' dir='ltr'><strong>mitate</strong></span> <span class='ocrx_word' id='word_1_170' title='bbox 673 1408 742 1464; x_wconf 89' lang='lat' dir='ltr'><strong>ad</strong></span> <span class='ocrx_word' id='word_1_171' title='bbox 774 1409 970 1463; x_wconf 90' lang='lat' dir='ltr'><strong>bonam</strong></span> <span class='ocrx_word' id='word_1_172' title='bbox 1001 1406 1376 1461; x_wconf 85' lang='lat' dir='ltr'><strong>habitudinem</strong></span> <span class='ocrx_word' id='word_1_173' title='bbox 1402 1407 1760 1460; x_wconf 81' lang='lat' dir='ltr'><strong>commutatio</strong></span> <span class='ocrx_word' id='word_1_174' title='bbox 1785 1406 1857 1461; x_wconf 92' lang='lat' dir='ltr'><strong>sit</strong></span> <span class='ocrx_word' id='word_1_175' title='bbox 1884 1407 2016 1459; x_wconf 66' lang='lat' dir='ltr'><strong>nobi;</strong></span> 
     </span>
    </p>
   </div>
   <div class='ocr_carea' id='block_1_23' title="bbox 2105 1404 3664 1482">
    <p class='ocr_par' dir='ltr' id='par_1_23' title="bbox 2141 1404 3664 1482">
     <span class='ocr_line' id='line_1_23' title="bbox 2141 1404 3664 1482; baseline -0.004 -20"><span class='ocrx_word' id='word_1_176' title='bbox 2141 1412 2173 1480; x_wconf 83' lang='grc' dir='ltr'>ἡ</span> <span class='ocrx_word' id='word_1_177' title='bbox 2204 1411 2303 1481; x_wconf 83' lang='grc' dir='ltr'>τῆς</span> <span class='ocrx_word' id='word_1_178' title='bbox 2329 1409 2530 1480; x_wconf 77' lang='grc' dir='ltr'>σαρκὸς</span> <span class='ocrx_word' id='word_1_179' title='bbox 2559 1411 2665 1464; x_wconf 78' lang='grc' dir='ltr'>ἀπὸ</span> <span class='ocrx_word' id='word_1_180' title='bbox 2691 1409 3001 1482; x_wconf 76' lang='grc' dir='ltr'>ἀρρωστίας</span> <span class='ocrx_word' id='word_1_181' title='bbox 3034 1407 3170 1480; x_wconf 73' lang='grc' dir='ltr'>πρὸς</span> <span class='ocrx_word' id='word_1_182' title='bbox 3209 1407 3415 1473; x_wconf 78' lang='grc' dir='ltr'><strong>εὐεξίαν</strong></span> <span class='ocrx_word' id='word_1_183' title='bbox 3441 1404 3664 1476; x_wconf 75' lang='grc' dir='ltr'>μεταϐολὴ</span> 
     </span>
    </p>
   </div>
   <div class='ocr_carea' id='block_1_24' title="bbox 458 1497 2017 1574">
    <p class='ocr_par' dir='ltr' id='par_1_24' title="bbox 458 1497 2017 1569">
     <span class='ocr_line' id='line_1_24' title="bbox 458 1497 2017 1569; baseline -0.001 -15"><span class='ocrx_word' id='word_1_184' title='bbox 458 1501 580 1555; x_wconf 89' lang='lat' dir='ltr'><strong>loco</strong></span> <span class='ocrx_word' id='word_1_185' title='bbox 608 1500 825 1565; x_wconf 90' lang='lat' dir='ltr'><strong>solatii,</strong></span> <span class='ocrx_word' id='word_1_186' title='bbox 857 1509 916 1554; x_wconf 94' lang='lat' dir='ltr'><strong>ut</strong></span> <span class='ocrx_word' id='word_1_187' title='bbox 943 1515 1012 1554; x_wconf 90' lang='lat' dir='ltr'><strong>ne</strong></span> <span class='ocrx_word' id='word_1_188' title='bbox 1043 1497 1399 1569; x_wconf 88' lang='lat' dir='ltr'><strong>desperemus</strong></span> <span class='ocrx_word' id='word_1_189' title='bbox 1428 1498 1495 1553; x_wconf 88' lang='lat' dir='ltr'><strong>de</strong></span> <span class='ocrx_word' id='word_1_190' title='bbox 1529 1499 1708 1552; x_wconf 89' lang='lat' dir='ltr'><strong>anima</strong></span> <span class='ocrx_word' id='word_1_191' title='bbox 1730 1539 1744 1563; x_wconf 88' lang='lat'><strong>,</strong></span> <span class='ocrx_word' id='word_1_192' title='bbox 1775 1500 1930 1569; x_wconf 82' lang='lat' dir='ltr'><strong>quasi</strong></span> <span class='ocrx_word' id='word_1_193' title='bbox 1974 1515 2017 1552; x_wconf 65' lang='lat' dir='ltr'><strong>e&#39;</strong></span> 
     </span>
    </p>
   </div>
   <div class='ocr_carea' id='block_1_25' title="bbox 2104 1497 3663 1574">
    <p class='ocr_par' dir='ltr' id='par_1_25' title="bbox 2144 1497 3663 1574">
     <span class='ocr_line' id='line_1_25' title="bbox 2144 1497 3663 1574; baseline -0.005 -18"><span class='ocrx_word' id='word_1_194' title='bbox 2144 1503 2467 1574; x_wconf 82' lang='grc' dir='ltr'>παραμυθία</span> <span class='ocrx_word' id='word_1_195' title='bbox 2523 1502 2754 1572; x_wconf 83' lang='grc' dir='ltr'>γινέσθω</span> <span class='ocrx_word' id='word_1_196' title='bbox 2787 1503 2922 1573; x_wconf 73' lang='grc' dir='ltr'>πρὸς</span> <span class='ocrx_word' id='word_1_197' title='bbox 2941 1501 3002 1554; x_wconf 80' lang='grc' dir='ltr'>τὸ</span> <span class='ocrx_word' id='word_1_198' title='bbox 3041 1501 3114 1572; x_wconf 85' lang='grc' dir='ltr'>μὴ</span> <span class='ocrx_word' id='word_1_199' title='bbox 3145 1497 3523 1568; x_wconf 82' lang='grc' dir='ltr'>ἀπογινώσκειν</span> <span class='ocrx_word' id='word_1_200' title='bbox 3547 1497 3663 1567; x_wconf 75' lang='grc' dir='ltr'>ἡμᾶς</span> 
     </span>
    </p>
   </div>
   <div class='ocr_carea' id='block_1_26' title="bbox 456 1589 2015 1666">
    <p class='ocr_par' dir='ltr' id='par_1_26' title="bbox 456 1594 2015 1665">
     <span class='ocr_line' id='line_1_26' title="bbox 456 1594 2015 1665; baseline -0.001 -17"><span class='ocrx_word' id='word_1_201' title='bbox 456 1595 697 1665; x_wconf 77' lang='lat' dir='ltr'><strong>peccatis</strong></span> <span class='ocrx_word' id='word_1_202' title='bbox 721 1595 788 1649; x_wconf 87' lang='lat' dir='ltr'><strong>ad</strong></span> <span class='ocrx_word' id='word_1_203' title='bbox 817 1609 972 1650; x_wconf 90' lang='lat' dir='ltr'><strong>suam</strong></span> <span class='ocrx_word' id='word_1_204' title='bbox 1000 1594 1176 1664; x_wconf 85' lang='lat' dir='ltr'><strong>ipsius</strong></span> <span class='ocrx_word' id='word_1_205' title='bbox 1201 1595 1567 1664; x_wconf 84' lang='lat' dir='ltr'><strong>integritatem</strong></span> <span class='ocrx_word' id='word_1_206' title='bbox 1599 1608 1792 1647; x_wconf 90' lang='lat' dir='ltr'><strong>rursus</strong></span> <span class='ocrx_word' id='word_1_207' title='bbox 1815 1609 1909 1662; x_wconf 90' lang='lat' dir='ltr'><strong>per</strong></span> <span class='ocrx_word' id='word_1_208' title='bbox 1933 1609 2015 1662; x_wconf 72' lang='lat' dir='ltr'><strong>pa:</strong></span> 
     </span>
    </p>
   </div>
   <div class='ocr_carea' id='block_1_27' title="bbox 2108 1589 3667 1666">
    <p class='ocr_par' dir='ltr' id='par_1_27' title="bbox 2140 1589 3667 1666">
     <span class='ocr_line' id='line_1_27' title="bbox 2140 1589 3667 1666; baseline -0.005 -18"><span class='ocrx_word' id='word_1_209' title='bbox 2140 1596 2239 1666; x_wconf 85' lang='grc' dir='ltr'>τῆς</span> <span class='ocrx_word' id='word_1_210' title='bbox 2272 1594 2471 1665; x_wconf 75' lang='grc' dir='ltr'>ψυχῆς,</span> <span class='ocrx_word' id='word_1_211' title='bbox 2519 1594 2594 1657; x_wconf 83' lang='grc' dir='ltr'>ὼς</span> <span class='ocrx_word' id='word_1_212' title='bbox 2646 1595 2709 1647; x_wconf 81' lang='grc' dir='ltr'>οὐ</span> <span class='ocrx_word' id='word_1_213' title='bbox 2735 1594 3037 1664; x_wconf 84' lang='grc' dir='ltr'>δυναμένης</span> <span class='ocrx_word' id='word_1_214' title='bbox 3075 1593 3138 1645; x_wconf 81' lang='grc' dir='ltr'>ὲκ</span> <span class='ocrx_word' id='word_1_215' title='bbox 3170 1591 3280 1644; x_wconf 82' lang='grc' dir='ltr'><strong>τῶν</strong></span> <span class='ocrx_word' id='word_1_216' title='bbox 3309 1589 3667 1661; x_wconf 70' lang='grc' dir='ltr'>ἁμαρτημάτων</span> 
     </span>
    </p>
   </div>
   <div class='ocr_carea' id='block_1_28' title="bbox 457 1681 2016 1760">
    <p class='ocr_par' dir='ltr' id='par_1_28' title="bbox 457 1683 2016 1754">
     <span class='ocr_line' id='line_1_28' title="bbox 457 1683 2016 1754; baseline -0.002 -14"><span class='ocrx_word' id='word_1_217' title='bbox 457 1687 745 1741; x_wconf 87' lang='lat' dir='ltr'><strong>nitentiam</strong></span> <span class='ocrx_word' id='word_1_218' title='bbox 777 1685 976 1749; x_wconf 85' lang='lat' dir='ltr'><strong>reverti</strong></span> <span class='ocrx_word' id='word_1_219' title='bbox 1004 1701 1112 1739; x_wconf 90' lang='lat' dir='ltr'><strong>non</strong></span> <span class='ocrx_word' id='word_1_220' title='bbox 1142 1691 1350 1754; x_wconf 91' lang='lat' dir='ltr'><strong>posset.</strong></span> <span class='ocrx_word' id='word_1_221' title='bbox 1376 1683 1562 1754; x_wconf 75' lang='lat' dir='ltr'><strong>Neque</strong></span> <span class='ocrx_word' id='word_1_222' title='bbox 1589 1685 1753 1754; x_wconf 81' lang='lat' dir='ltr'><strong>igitur</strong></span> <span class='ocrx_word' id='word_1_223' title='bbox 1782 1684 2016 1754; x_wconf 80' lang='lat' dir='ltr'><strong>fugiend:</strong></span> 
     </span>
    </p>
   </div>
   <div class='ocr_carea' id='block_1_29' title="bbox 2107 1681 3666 1760">
    <p class='ocr_par' dir='ltr' id='par_1_29' title="bbox 2143 1681 3666 1760">
     <span class='ocr_line' id='line_1_29' title="bbox 2143 1681 3666 1760; baseline -0.005 -20"><span class='ocrx_word' id='word_1_224' title='bbox 2143 1687 2281 1760; x_wconf 88' lang='grc' dir='ltr'>πρὸς</span> <span class='ocrx_word' id='word_1_225' title='bbox 2309 1687 2407 1755; x_wconf 81' lang='grc' dir='ltr'>τὴν</span> <span class='ocrx_word' id='word_1_226' title='bbox 2425 1687 2632 1739; x_wconf 87' lang='grc' dir='ltr'>οίκείαν</span> <span class='ocrx_word' id='word_1_227' title='bbox 2666 1686 2825 1740; x_wconf 85' lang='grc' dir='ltr'>πάλιν</span> <span class='ocrx_word' id='word_1_228' title='bbox 2842 1685 3165 1754; x_wconf 80' lang='grc' dir='ltr'>ὁλοκληρίαν</span> <span class='ocrx_word' id='word_1_229' title='bbox 3192 1682 3280 1736; x_wconf 84' lang='grc' dir='ltr'><strong>διὰ</strong></span> <span class='ocrx_word' id='word_1_230' title='bbox 3311 1683 3405 1752; x_wconf 81' lang='grc' dir='ltr'>τῆς</span> <span class='ocrx_word' id='word_1_231' title='bbox 3428 1681 3666 1751; x_wconf 76' lang='grc' dir='ltr'>μετανοίας</span> 
     </span>
    </p>
   </div>
   <div class='ocr_carea' id='block_1_30' title="bbox 458 1773 2017 1848">
    <p class='ocr_par' dir='ltr' id='par_1_30' title="bbox 458 1776 2017 1848">
     <span class='ocr_line' id='line_1_30' title="bbox 458 1776 2017 1848; baseline -0.001 -17"><span class='ocrx_word' id='word_1_232' title='bbox 458 1779 672 1848; x_wconf 89' lang='lat' dir='ltr'><strong>penitus</strong></span> <span class='ocrx_word' id='word_1_233' title='bbox 704 1793 796 1832; x_wconf 89' lang='lat' dir='ltr'><strong>ars</strong></span> <span class='ocrx_word' id='word_1_234' title='bbox 825 1778 928 1832; x_wconf 91' lang='lat' dir='ltr'><strong>ista</strong></span> <span class='ocrx_word' id='word_1_235' title='bbox 959 1785 1071 1842; x_wconf 90' lang='lat' dir='ltr'><strong>est,</strong></span> <span class='ocrx_word' id='word_1_236' title='bbox 1103 1792 1280 1846; x_wconf 90' lang='lat' dir='ltr'><strong>neque</strong></span> <span class='ocrx_word' id='word_1_237' title='bbox 1310 1777 1365 1830; x_wconf 92' lang='lat' dir='ltr'><strong>in</strong></span> <span class='ocrx_word' id='word_1_238' title='bbox 1393 1792 1456 1830; x_wconf 92' lang='lat' dir='ltr'><strong>ea</strong></span> <span class='ocrx_word' id='word_1_239' title='bbox 1483 1778 1665 1830; x_wconf 90' lang='lat' dir='ltr'><strong>omnis</strong></span> <span class='ocrx_word' id='word_1_240' title='bbox 1706 1791 1830 1845; x_wconf 82' lang='lat' dir='ltr'><strong>spes</strong></span> <span class='ocrx_word' id='word_1_241' title='bbox 1866 1776 2017 1830; x_wconf 83' lang='lat' dir='ltr'><strong>collo</strong></span> 
     </span>
    </p>
   </div>
   <div class='ocr_carea' id='block_1_31' title="bbox 2106 1773 3665 1848">
    <p class='ocr_par' dir='ltr' id='par_1_31' title="bbox 2106 1773 3665 1848">
     <span class='ocr_line' id='line_1_31' title="bbox 2106 1773 3665 1848; baseline -0.006 -15"><span class='ocrx_word' id='word_1_242' title='bbox 2106 1843 2108 1848; x_wconf 29' lang='grc' dir='ltr'>ι</span> <span class='ocrx_word' id='word_1_243' title='bbox 2142 1779 2475 1834; x_wconf 80' lang='grc' dir='ltr'>ἐπανελθεῖν.</span> <span class='ocrx_word' id='word_1_244' title='bbox 2541 1778 2676 1833; x_wconf 74' lang='grc' dir='ltr'>Οὔτε</span> <span class='ocrx_word' id='word_1_245' title='bbox 2735 1775 2827 1833; x_wconf 80' lang='grc' dir='ltr'>οὖν</span> <span class='ocrx_word' id='word_1_246' title='bbox 2856 1778 3116 1848; x_wconf 82' lang='grc' dir='ltr'>φευκτέον</span> <span class='ocrx_word' id='word_1_247' title='bbox 3145 1777 3321 1848; x_wconf 82' lang='grc' dir='ltr'>πάντη</span> <span class='ocrx_word' id='word_1_248' title='bbox 3364 1775 3456 1844; x_wconf 81' lang='grc' dir='ltr'>τὴν</span> <span class='ocrx_word' id='word_1_249' title='bbox 3491 1773 3665 1844; x_wconf 80' lang='grc' dir='ltr'>τέχνην,</span> 
     </span>
    </p>
   </div>
   <div class='ocr_carea' id='block_1_32' title="bbox 454 1834 2013 1941">
    <p class='ocr_par' dir='ltr' id='par_1_32' title="bbox 454 1834 2013 1939">
     <span class='ocr_line' id='line_1_32' title="bbox 454 1834 2013 1939; baseline -0.002 -16"><span class='ocrx_word' id='word_1_250' title='bbox 454 1834 650 1924; x_wconf 66' lang='lat' dir='ltr'><strong>cauda.</strong></span> <span class='ocrx_word' id='word_1_251' title='bbox 685 1866 792 1923; x_wconf 89' lang='lat' dir='ltr'><strong>Sed</strong></span> <span class='ocrx_word' id='word_1_252' title='bbox 819 1834 1276 1939; x_wconf 79' lang='lat' dir='ltr'><strong>quemadmodum</strong></span> <span class='ocrx_word' id='word_1_253' title='bbox 1304 1869 1511 1922; x_wconf 90' lang='lat' dir='ltr'><strong>utimur</strong></span> <span class='ocrx_word' id='word_1_254' title='bbox 1541 1834 1761 1937; x_wconf 79' lang='lat' dir='ltr'><strong>quidem</strong></span> <span class='ocrx_word' id='word_1_255' title='bbox 1792 1867 2013 1937; x_wconf 39' lang='lat' dir='ltr'><strong>agricul&#39;</strong></span> 
     </span>
    </p>
   </div>
   <div class='ocr_carea' id='block_1_33' title="bbox 2105 1834 3664 1941">
    <p class='ocr_par' dir='ltr' id='par_1_33' title="bbox 2105 1834 3664 1941">
     <span class='ocr_line' id='line_1_33' title="bbox 2105 1834 3664 1941; baseline -0.006 -18"><span class='ocrx_word' id='word_1_256' title='bbox 2105 1842 2257 1923; x_wconf 56' lang='lat' dir='ltr'><strong>Lolim-5</strong></span> <span class='ocrx_word' id='word_1_257' title='bbox 2293 1871 2379 1922; x_wconf 74' lang='grc' dir='ltr'><strong>ἐπ’</strong></span> <span class='ocrx_word' id='word_1_258' title='bbox 2415 1872 2552 1941; x_wconf 81' lang='grc' dir='ltr'>αὐτῇ</span> <span class='ocrx_word' id='word_1_259' title='bbox 2589 1869 2770 1932; x_wconf 88' lang='grc' dir='ltr'>πάσας</span> <span class='ocrx_word' id='word_1_260' title='bbox 2818 1834 2919 1932; x_wconf 73' lang='grc' dir='ltr'><strong>τάς</strong></span> <span class='ocrx_word' id='word_1_261' title='bbox 2963 1867 3185 1930; x_wconf 76' lang='grc' dir='ltr'>ἐλπίδας</span> <span class='ocrx_word' id='word_1_262' title='bbox 3231 1834 3374 1936; x_wconf 74' lang='grc' dir='ltr'>ἔχειν</span> <span class='ocrx_word' id='word_1_263' title='bbox 3405 1834 3664 1917; x_wconf 72' lang='grc' dir='ltr'>ἀκόλουθον.</span> 
     </span>
    </p>
   </div>
   <div class='ocr_carea' id='block_1_34' title="bbox 456 1941 2015 2032">
    <p class='ocr_par' dir='ltr' id='par_1_34' title="bbox 456 1956 2015 2027">
     <span class='ocr_line' id='line_1_34' title="bbox 456 1956 2015 2027; baseline 0.001 -17"><span class='ocrx_word' id='word_1_264' title='bbox 456 1967 578 2010; x_wconf 89' lang='lat' dir='ltr'><strong>tura</strong></span> <span class='ocrx_word' id='word_1_265' title='bbox 597 1996 613 2020; x_wconf 90' lang='lat'><strong>,</strong></span> <span class='ocrx_word' id='word_1_266' title='bbox 643 1957 736 2011; x_wconf 89' lang='lat' dir='ltr'><strong>sed</strong></span> <span class='ocrx_word' id='word_1_267' title='bbox 766 1965 945 2011; x_wconf 91' lang='lat' dir='ltr'><strong>tamen</strong></span> <span class='ocrx_word' id='word_1_268' title='bbox 971 1972 1002 2012; x_wconf 87' lang='lat' dir='ltr'><strong>a</strong></span> <span class='ocrx_word' id='word_1_269' title='bbox 1031 1956 1140 2012; x_wconf 91' lang='lat' dir='ltr'><strong>Deo</strong></span> <span class='ocrx_word' id='word_1_270' title='bbox 1165 1956 1402 2027; x_wconf 85' lang='lat' dir='ltr'><strong>petimus</strong></span> <span class='ocrx_word' id='word_1_271' title='bbox 1423 1956 1637 2013; x_wconf 81' lang='lat' dir='ltr'><strong>fruetus</strong></span> <span class='ocrx_word' id='word_1_272' title='bbox 1657 1998 1671 2022; x_wconf 91' lang='lat'><strong>,</strong></span> <span class='ocrx_word' id='word_1_273' title='bbox 1698 1963 1751 2011; x_wconf 91' lang='lat' dir='ltr'><strong>ct</strong></span> <span class='ocrx_word' id='word_1_274' title='bbox 1776 1957 2015 2026; x_wconf 30' lang='lat' dir='ltr'><strong>quemad‘</strong></span> 
     </span>
    </p>
   </div>
   <div class='ocr_carea' id='block_1_35' title="bbox 2110 1941 3669 2032">
    <p class='ocr_par' dir='ltr' id='par_1_35' title="bbox 2148 1941 3669 2032">
     <span class='ocr_line' id='line_1_35' title="bbox 2148 1941 3669 2032; baseline -0.008 -17"><span class='ocrx_word' id='word_1_275' title='bbox 2148 1962 2287 2015; x_wconf 84' lang='grc' dir='ltr'>Ἀλλ’</span> <span class='ocrx_word' id='word_1_276' title='bbox 2315 1961 2390 2025; x_wconf 86' lang='grc' dir='ltr'>ὡς</span> <span class='ocrx_word' id='word_1_277' title='bbox 2431 1961 2748 2032; x_wconf 75' lang='grc' dir='ltr'>κεχρήμεθα</span> <span class='ocrx_word' id='word_1_278' title='bbox 2778 1960 2874 2031; x_wconf 80' lang='grc' dir='ltr'>μὲν</span> <span class='ocrx_word' id='word_1_279' title='bbox 2901 1962 2968 2031; x_wconf 81' lang='grc' dir='ltr'>τῇ</span> <span class='ocrx_word' id='word_1_280' title='bbox 3001 1959 3302 2029; x_wconf 80' lang='grc' dir='ltr'>γεωργικῇ,</span> <span class='ocrx_word' id='word_1_281' title='bbox 3337 1952 3605 2023; x_wconf 77' lang='grc' dir='ltr'>αἰτούμεθα</span> <span class='ocrx_word' id='word_1_282' title='bbox 3625 1941 3669 2004; x_wconf 57' lang='grc' dir='ltr'><strong>δε</strong></span> 
     </span>
    </p>
   </div>
   <div class='ocr_carea' id='block_1_36' title="bbox 455 2043 2014 2124">
    <p class='ocr_par' dir='ltr' id='par_1_36' title="bbox 455 2047 2014 2118">
     <span class='ocr_line' id='line_1_36' title="bbox 455 2047 2014 2118; baseline 0.003 -20"><span class='ocrx_word' id='word_1_283' title='bbox 455 2047 673 2102; x_wconf 85' lang='lat' dir='ltr'><strong>modum</strong></span> <span class='ocrx_word' id='word_1_284' title='bbox 705 2048 1098 2104; x_wconf 89' lang='lat' dir='ltr'><strong>committimus</strong></span> <span class='ocrx_word' id='word_1_285' title='bbox 1153 2049 1582 2118; x_wconf 75' lang='lat' dir='ltr'><strong>gubernaculum</strong></span> <span class='ocrx_word' id='word_1_286' title='bbox 1636 2050 2014 2118; x_wconf 49' lang='lat' dir='ltr'><strong>gubernatori,</strong></span> 
     </span>
    </p>
   </div>
   <div class='ocr_carea' id='block_1_37' title="bbox 2109 2043 3668 2124">
    <p class='ocr_par' dir='ltr' id='par_1_37' title="bbox 2136 2043 3668 2124">
     <span class='ocr_line' id='line_1_37' title="bbox 2136 2043 3668 2124; baseline -0.007 -19"><span class='ocrx_word' id='word_1_287' title='bbox 2136 2070 2210 2105; x_wconf 87' lang='grc' dir='ltr'><strong>πα</strong></span> <span class='ocrx_word' id='word_1_288' title='bbox 2220 2053 2286 2124; x_wconf 72' lang='grc' dir='ltr'><strong>ρὰ</strong></span> <span class='ocrx_word' id='word_1_289' title='bbox 2309 2052 2402 2106; x_wconf 82' lang='grc' dir='ltr'>τοῦ</span> <span class='ocrx_word' id='word_1_290' title='bbox 2419 2052 2552 2106; x_wconf 77' lang='grc' dir='ltr'>Θεοῦ</span> <span class='ocrx_word' id='word_1_291' title='bbox 2563 2055 2686 2117; x_wconf 74' lang='grc' dir='ltr'>τοὺς</span> <span class='ocrx_word' id='word_1_292' title='bbox 2697 2051 2943 2124; x_wconf 87' lang='grc' dir='ltr'>καρπούς</span> <span class='ocrx_word' id='word_1_293' title='bbox 2961 2068 2974 2082; x_wconf 77' lang='grc'><strong><em>⁸</em></strong></span> <span class='ocrx_word' id='word_1_294' title='bbox 2995 2051 3088 2104; x_wconf 75' lang='grc' dir='ltr'>καὶ</span> <span class='ocrx_word' id='word_1_295' title='bbox 3108 2049 3186 2119; x_wconf 79' lang='grc' dir='ltr'>τῷ</span> <span class='ocrx_word' id='word_1_296' title='bbox 3203 2047 3503 2118; x_wconf 79' lang='grc' dir='ltr'>κυϐερνήτῃ</span> <span class='ocrx_word' id='word_1_297' title='bbox 3524 2045 3606 2114; x_wconf 84' lang='grc' dir='ltr'>μὲν</span> <span class='ocrx_word' id='word_1_298' title='bbox 3620 2043 3668 2096; x_wconf 74' lang='grc' dir='ltr'>τὸ</span> 
     </span>
    </p>
   </div>
   <div class='ocr_carea' id='block_1_38' title="bbox 455 2133 2014 2216">
    <p class='ocr_par' dir='ltr' id='par_1_38' title="bbox 455 2137 2014 2210">
     <span class='ocr_line' id='line_1_38' title="bbox 455 2137 2014 2210; baseline 0.003 -19"><span class='ocrx_word' id='word_1_299' title='bbox 455 2137 625 2192; x_wconf 85' lang='lat' dir='ltr'><strong>Deum</strong></span> <span class='ocrx_word' id='word_1_300' title='bbox 657 2153 788 2192; x_wconf 87' lang='lat' dir='ltr'><strong>vero</strong></span> <span class='ocrx_word' id='word_1_301' title='bbox 831 2153 1090 2209; x_wconf 80' lang='lat' dir='ltr'><strong>rogamus</strong></span> <span class='ocrx_word' id='word_1_302' title='bbox 1134 2149 1192 2193; x_wconf 90' lang='lat' dir='ltr'><strong>ut</strong></span> <span class='ocrx_word' id='word_1_303' title='bbox 1232 2155 1299 2194; x_wconf 81' lang='lat' dir='ltr'><strong>ex</strong></span> <span class='ocrx_word' id='word_1_304' title='bbox 1334 2140 1524 2210; x_wconf 75' lang='lat' dir='ltr'><strong>pelago</strong></span> <span class='ocrx_word' id='word_1_305' title='bbox 1551 2139 1846 2195; x_wconf 87' lang='lat' dir='ltr'><strong>evadamus</strong></span> <span class='ocrx_word' id='word_1_306' title='bbox 1879 2141 2014 2195; x_wconf 84' lang='lat' dir='ltr'><strong>inco-</strong></span> 
     </span>
    </p>
   </div>
   <div class='ocr_carea' id='block_1_39' title="bbox 2110 2133 3669 2216">
    <p class='ocr_par' dir='ltr' id='par_1_39' title="bbox 2137 2133 3669 2216">
     <span class='ocr_line' id='line_1_39' title="bbox 2137 2133 3669 2216; baseline -0.007 -17"><span class='ocrx_word' id='word_1_307' title='bbox 2137 2145 2251 2214; x_wconf 62' lang='lat' dir='ltr'><strong>(3L)</strong></span> <span class='ocrx_word' id='word_1_308' title='bbox 2284 2145 2541 2216; x_wconf 64' lang='grc' dir='ltr'>πηδάλιον</span> <span class='ocrx_word' id='word_1_309' title='bbox 2569 2145 2964 2216; x_wconf 74' lang='grc' dir='ltr'>ἐπιτρέπομεν,</span> <span class='ocrx_word' id='word_1_310' title='bbox 2983 2143 3060 2215; x_wconf 80' lang='grc' dir='ltr'>τῷ</span> <span class='ocrx_word' id='word_1_311' title='bbox 3091 2141 3211 2212; x_wconf 85' lang='grc' dir='ltr'><strong>Θεῷ</strong></span> <span class='ocrx_word' id='word_1_312' title='bbox 3231 2140 3287 2194; x_wconf 84' lang='grc' dir='ltr'>δὲ</span> <span class='ocrx_word' id='word_1_313' title='bbox 3305 2133 3669 2211; x_wconf 75' lang='grc' dir='ltr'>προσευχόμεθα</span> 
     </span>
    </p>
   </div>
   <div class='ocr_carea' id='block_1_40' title="bbox 455 2230 2014 2308">
    <p class='ocr_par' dir='ltr' id='par_1_40' title="bbox 455 2231 2014 2301">
     <span class='ocr_line' id='line_1_40' title="bbox 455 2231 2014 2301; baseline 0.001 -18"><span class='ocrx_word' id='word_1_314' title='bbox 455 2231 670 2285; x_wconf 88' lang='lat' dir='ltr'><strong>lumes:</strong></span> <span class='ocrx_word' id='word_1_315' title='bbox 720 2231 796 2284; x_wconf 87' lang='lat' dir='ltr'><strong>ita</strong></span> <span class='ocrx_word' id='word_1_316' title='bbox 818 2247 1058 2301; x_wconf 83' lang='lat' dir='ltr'><strong>quoque,</strong></span> <span class='ocrx_word' id='word_1_317' title='bbox 1103 2231 1174 2295; x_wconf 89' lang='lat' dir='ltr'><strong>si,</strong></span> <span class='ocrx_word' id='word_1_318' title='bbox 1205 2247 1329 2286; x_wconf 82' lang='lat' dir='ltr'><strong>cum</strong></span> <span class='ocrx_word' id='word_1_319' title='bbox 1357 2233 1502 2286; x_wconf 85' lang='lat' dir='ltr'><strong>ratio</strong></span> <span class='ocrx_word' id='word_1_320' title='bbox 1542 2233 1709 2295; x_wconf 86' lang='lat' dir='ltr'><strong>sinit,</strong></span> <span class='ocrx_word' id='word_1_321' title='bbox 1755 2233 2014 2288; x_wconf 69' lang='lat' dir='ltr'><strong>medicum</strong></span> 
     </span>
    </p>
   </div>
   <div class='ocr_carea' id='block_1_41' title="bbox 2109 2230 3668 2308">
    <p class='ocr_par' dir='ltr' id='par_1_41' title="bbox 2135 2230 3668 2308">
     <span class='ocr_line' id='line_1_41' title="bbox 2135 2230 3668 2308; baseline -0.007 -18"><span class='ocrx_word' id='word_1_322' title='bbox 2135 2238 2199 2292; x_wconf 83' lang='grc' dir='ltr'>ὲκ</span> <span class='ocrx_word' id='word_1_323' title='bbox 2231 2238 2324 2292; x_wconf 79' lang='grc' dir='ltr'>τοῦ</span> <span class='ocrx_word' id='word_1_324' title='bbox 2352 2238 2621 2306; x_wconf 85' lang='grc' dir='ltr'>πελάγους</span> <span class='ocrx_word' id='word_1_325' title='bbox 2652 2237 2996 2308; x_wconf 81' lang='grc' dir='ltr'>ἀποσωθῆναι</span> <span class='ocrx_word' id='word_1_326' title='bbox 3065 2234 3210 2288; x_wconf 75' lang='grc' dir='ltr'>οὕτω</span> <span class='ocrx_word' id='word_1_327' title='bbox 3253 2233 3346 2286; x_wconf 76' lang='grc' dir='ltr'>καὶ</span> <span class='ocrx_word' id='word_1_328' title='bbox 3383 2231 3547 2302; x_wconf 80' lang='grc' dir='ltr'>ίατρὸν</span> <span class='ocrx_word' id='word_1_329' title='bbox 3580 2230 3668 2280; x_wconf 73' lang='grc' dir='ltr'>εἰσι</span> 
     </span>
    </p>
   </div>
   <div class='ocr_carea' id='block_1_42' title="bbox 452 2317 2011 2398">
    <p class='ocr_par' dir='ltr' id='par_1_42' title="bbox 452 2317 2011 2392">
     <span class='ocr_line' id='line_1_42' title="bbox 452 2317 2011 2392; baseline 0.004 -22"><span class='ocrx_word' id='word_1_330' title='bbox 452 2317 783 2372; x_wconf 85' lang='lat' dir='ltr'><strong>advocemus</strong></span> <span class='ocrx_word' id='word_1_331' title='bbox 803 2359 818 2384; x_wconf 97' lang='lat'><strong>,</strong></span> <span class='ocrx_word' id='word_1_332' title='bbox 850 2320 918 2373; x_wconf 88' lang='lat' dir='ltr'><strong>ab</strong></span> <span class='ocrx_word' id='word_1_333' title='bbox 946 2333 1009 2372; x_wconf 82' lang='lat' dir='ltr'><strong>ea</strong></span> <span class='ocrx_word' id='word_1_334' title='bbox 1037 2336 1158 2388; x_wconf 60' lang='lat' dir='ltr'><strong>qum</strong></span> <span class='ocrx_word' id='word_1_335' title='bbox 1189 2320 1243 2374; x_wconf 90' lang='lat' dir='ltr'><strong>in</strong></span> <span class='ocrx_word' id='word_1_336' title='bbox 1276 2320 1384 2375; x_wconf 90' lang='lat' dir='ltr'><strong>Deo</strong></span> <span class='ocrx_word' id='word_1_337' title='bbox 1411 2322 1660 2392; x_wconf 89' lang='lat' dir='ltr'><strong>ponenda</strong></span> <span class='ocrx_word' id='word_1_338' title='bbox 1687 2331 1767 2377; x_wconf 88' lang='lat' dir='ltr'><strong>est</strong></span> <span class='ocrx_word' id='word_1_339' title='bbox 1796 2338 1892 2392; x_wconf 87' lang='lat' dir='ltr'><strong>spe</strong></span> <span class='ocrx_word' id='word_1_340' title='bbox 1918 2338 2011 2377; x_wconf 81' lang='lat' dir='ltr'><strong>nor</strong></span> 
     </span>
    </p>
   </div>
   <div class='ocr_carea' id='block_1_43' title="bbox 2111 2317 3670 2398">
    <p class='ocr_par' dir='ltr' id='par_1_43' title="bbox 2135 2317 3670 2398">
     <span class='ocr_line' id='line_1_43' title="bbox 2135 2317 3670 2398; baseline -0.01 -15"><span class='ocrx_word' id='word_1_341' title='bbox 2135 2330 2381 2398; x_wconf 88' lang='grc' dir='ltr'>άγοντες,</span> <span class='ocrx_word' id='word_1_342' title='bbox 2416 2329 2503 2381; x_wconf 86' lang='grc' dir='ltr'>ὅτε</span> <span class='ocrx_word' id='word_1_343' title='bbox 2533 2329 2690 2396; x_wconf 85' lang='grc' dir='ltr'>λόγος</span> <span class='ocrx_word' id='word_1_344' title='bbox 2726 2329 2996 2398; x_wconf 84' lang='grc' dir='ltr'>συγχωρεῖ</span> <span class='ocrx_word' id='word_1_345' title='bbox 3029 2325 3164 2396; x_wconf 77' lang='lat'><strong>(35),</strong></span> <span class='ocrx_word' id='word_1_346' title='bbox 3189 2323 3290 2394; x_wconf 82' lang='grc' dir='ltr'>τῆς</span> <span class='ocrx_word' id='word_1_347' title='bbox 3316 2323 3446 2392; x_wconf 72' lang='grc' dir='ltr'>πρὸς</span> <span class='ocrx_word' id='word_1_348' title='bbox 3467 2319 3579 2374; x_wconf 78' lang='grc' dir='ltr'>Θεὸν</span> <span class='ocrx_word' id='word_1_349' title='bbox 3605 2317 3670 2372; x_wconf 75' lang='grc' dir='ltr'><strong>ἑλ-</strong></span> 
     </span>
    </p>
   </div>
   <div class='ocr_carea' id='block_1_44' title="bbox 450 2407 2009 2491">
    <p class='ocr_par' dir='ltr' id='par_1_44' title="bbox 450 2407 1997 2468">
     <span class='ocr_line' id='line_1_44' title="bbox 450 2407 1997 2468; baseline 0.003 -7"><span class='ocrx_word' id='word_1_350' title='bbox 450 2407 775 2464; x_wconf 75' lang='lat' dir='ltr'><strong>excidimus.</strong></span> <span class='ocrx_word' id='word_1_351' title='bbox 808 2407 1033 2464; x_wconf 80' lang='lat' dir='ltr'><strong>Videtur</strong></span> <span class='ocrx_word' id='word_1_352' title='bbox 1062 2420 1242 2465; x_wconf 87' lang='lat' dir='ltr'><strong>autem</strong></span> <span class='ocrx_word' id='word_1_353' title='bbox 1273 2412 1404 2466; x_wconf 86' lang='lat' dir='ltr'><strong>mihi</strong></span> <span class='ocrx_word' id='word_1_354' title='bbox 1452 2413 1567 2467; x_wconf 68' lang='lat' dir='ltr'><strong>hazc</strong></span> <span class='ocrx_word' id='word_1_355' title='bbox 1613 2428 1703 2468; x_wconf 91' lang='lat' dir='ltr'><strong>ars</strong></span> <span class='ocrx_word' id='word_1_356' title='bbox 1740 2413 1807 2467; x_wconf 89' lang='lat' dir='ltr'><strong>ad</strong></span> <span class='ocrx_word' id='word_1_357' title='bbox 1848 2415 1997 2467; x_wconf 90' lang='lat' dir='ltr'><strong>conti</strong></span> 
     </span>
    </p>
   </div>
   <div class='ocr_carea' id='block_1_45' title="bbox 2112 2407 3671 2491">
    <p class='ocr_par' dir='ltr' id='par_1_45' title="bbox 2135 2412 3671 2491">
     <span class='ocr_line' id='line_1_45' title="bbox 2135 2412 3671 2491; baseline -0.008 -17"><span class='ocrx_word' id='word_1_358' title='bbox 2135 2422 2288 2484; x_wconf 87' lang='grc' dir='ltr'>πίδος</span> <span class='ocrx_word' id='word_1_359' title='bbox 2316 2421 2418 2475; x_wconf 79' lang='grc' dir='ltr'>οὐκ</span> <span class='ocrx_word' id='word_1_360' title='bbox 2445 2419 2813 2491; x_wconf 70' lang='grc' dir='ltr'>ἀφιστάμεθα.</span> <span class='ocrx_word' id='word_1_361' title='bbox 2861 2419 3015 2489; x_wconf 77' lang='grc' dir='ltr'>Ἐμοὶ</span> <span class='ocrx_word' id='word_1_362' title='bbox 3041 2417 3097 2470; x_wconf 85' lang='grc' dir='ltr'>δὲ</span> <span class='ocrx_word' id='word_1_363' title='bbox 3114 2415 3363 2486; x_wconf 73' lang='grc' dir='ltr'>καὶπρὸς</span> <span class='ocrx_word' id='word_1_364' title='bbox 3393 2412 3671 2482; x_wconf 77' lang='grc' dir='ltr'>ἐγκράτειαν</span> 
     </span>
    </p>
   </div>
   <div class='ocr_carea' id='block_1_46' title="bbox 449 2497 2008 2584">
    <p class='ocr_par' dir='ltr' id='par_1_46' title="bbox 449 2497 2008 2570">
     <span class='ocr_line' id='line_1_46' title="bbox 449 2497 2008 2570; baseline 0.008 -22"><span class='ocrx_word' id='word_1_365' title='bbox 449 2497 690 2550; x_wconf 89' lang='lat' dir='ltr'><strong>nentiam</strong></span> <span class='ocrx_word' id='word_1_366' title='bbox 731 2513 948 2568; x_wconf 87' lang='lat' dir='ltr'><strong>quoque</strong></span> <span class='ocrx_word' id='word_1_367' title='bbox 987 2515 1097 2553; x_wconf 88' lang='lat' dir='ltr'><strong>non</strong></span> <span class='ocrx_word' id='word_1_368' title='bbox 1136 2517 1331 2570; x_wconf 88' lang='lat' dir='ltr'><strong>parum</strong></span> <span class='ocrx_word' id='word_1_369' title='bbox 1371 2503 1644 2559; x_wconf 79' lang='lat' dir='ltr'><strong>conferre.</strong></span> <span class='ocrx_word' id='word_1_370' title='bbox 1683 2503 1850 2560; x_wconf 81' lang='lat' dir='ltr'><strong>Video</strong></span> <span class='ocrx_word' id='word_1_371' title='bbox 1881 2507 2008 2560; x_wconf 85' lang='lat' dir='ltr'><strong>enin</strong></span> 
     </span>
    </p>
   </div>
   <div class='ocr_carea' id='block_1_47' title="bbox 2110 2497 3669 2584">
    <p class='ocr_par' dir='ltr' id='par_1_47' title="bbox 2133 2502 3669 2584">
     <span class='ocr_line' id='line_1_47' title="bbox 2133 2502 3669 2584; baseline -0.009 -18"><span class='ocrx_word' id='word_1_372' title='bbox 2133 2513 2194 2566; x_wconf 75' lang='grc' dir='ltr'>οὗ</span> <span class='ocrx_word' id='word_1_373' title='bbox 2231 2513 2424 2584; x_wconf 76' lang='grc' dir='ltr'>μικρὸν</span> <span class='ocrx_word' id='word_1_374' title='bbox 2448 2511 2716 2565; x_wconf 80' lang='grc' dir='ltr'>συντελεῖν</span> <span class='ocrx_word' id='word_1_375' title='bbox 2745 2514 2778 2582; x_wconf 80' lang='grc' dir='ltr'>ἡ</span> <span class='ocrx_word' id='word_1_376' title='bbox 2805 2510 2966 2581; x_wconf 84' lang='grc' dir='ltr'>τέχνη</span> <span class='ocrx_word' id='word_1_377' title='bbox 2999 2508 3270 2577; x_wconf 73' lang='grc' dir='ltr'>φαίνεται.</span> <span class='ocrx_word' id='word_1_378' title='bbox 3307 2504 3444 2576; x_wconf 85' lang='grc' dir='ltr'><strong>Ὀρῶ</strong></span> <span class='ocrx_word' id='word_1_379' title='bbox 3474 2503 3587 2572; x_wconf 77' lang='grc' dir='ltr'>γὰρ,</span> <span class='ocrx_word' id='word_1_380' title='bbox 3607 2502 3669 2553; x_wconf 79' lang='grc' dir='ltr'>ὅτι</span> 
     </span>
    </p>
   </div>
   <div class='ocr_carea' id='block_1_48' title="bbox 448 2589 2007 2676">
    <p class='ocr_par' dir='ltr' id='par_1_48' title="bbox 448 2589 2007 2663">
     <span class='ocr_line' id='line_1_48' title="bbox 448 2589 2007 2663; baseline 0.005 -20"><span class='ocrx_word' id='word_1_381' title='bbox 448 2596 505 2643; x_wconf 90' lang='lat' dir='ltr'><strong>et</strong></span> <span class='ocrx_word' id='word_1_382' title='bbox 528 2589 836 2660; x_wconf 83' lang='lat' dir='ltr'><strong>voluptates</strong></span> <span class='ocrx_word' id='word_1_383' title='bbox 875 2592 945 2646; x_wconf 89' lang='lat' dir='ltr'><strong>ab</strong></span> <span class='ocrx_word' id='word_1_384' title='bbox 981 2593 1097 2663; x_wconf 89' lang='lat' dir='ltr'><strong>ipsa</strong></span> <span class='ocrx_word' id='word_1_385' title='bbox 1143 2595 1412 2660; x_wconf 84' lang='lat' dir='ltr'><strong>rescindi,</strong></span> <span class='ocrx_word' id='word_1_386' title='bbox 1443 2606 1496 2652; x_wconf 86' lang='lat' dir='ltr'><strong>et</strong></span> <span class='ocrx_word' id='word_1_387' title='bbox 1526 2599 1830 2653; x_wconf 82' lang='lat' dir='ltr'><strong>satietatem</strong></span> <span class='ocrx_word' id='word_1_388' title='bbox 1874 2599 2007 2652; x_wconf 85' lang='lat' dir='ltr'><strong>dam</strong></span> 
     </span>
    </p>
   </div>
   <div class='ocr_carea' id='block_1_49' title="bbox 2111 2589 3670 2676">
    <p class='ocr_par' dir='ltr' id='par_1_49' title="bbox 2133 2592 3670 2676">
     <span class='ocr_line' id='line_1_49' title="bbox 2133 2592 3670 2676; baseline -0.01 -17"><span class='ocrx_word' id='word_1_389' title='bbox 2133 2607 2230 2659; x_wconf 75' lang='grc' dir='ltr'>καὶ</span> <span class='ocrx_word' id='word_1_390' title='bbox 2254 2605 2466 2676; x_wconf 77' lang='grc' dir='ltr'>τρυφὰς</span> <span class='ocrx_word' id='word_1_391' title='bbox 2487 2603 2784 2657; x_wconf 84' lang='grc' dir='ltr'>ἀποκόπτει</span> <span class='ocrx_word' id='word_1_392' title='bbox 2809 2602 2944 2672; x_wconf 86' lang='lat'><strong>(&#39;56),</strong></span> <span class='ocrx_word' id='word_1_393' title='bbox 2966 2600 3060 2653; x_wconf 75' lang='grc' dir='ltr'>καὶ</span> <span class='ocrx_word' id='word_1_394' title='bbox 3078 2596 3398 2668; x_wconf 80' lang='grc' dir='ltr'>πλησμονὴν</span> <span class='ocrx_word' id='word_1_395' title='bbox 3424 2592 3670 2654; x_wconf 67' lang='grc' dir='ltr'>διαϐάλλει,</span> 
     </span>
    </p>
   </div>
   <div class='ocr_carea' id='block_1_50' title="bbox 451 2681 2010 2763">
    <p class='ocr_par' dir='ltr' id='par_1_50' title="bbox 451 2683 2010 2762">
     <span class='ocr_line' id='line_1_50' title="bbox 451 2683 2010 2762; baseline 0.009 -30"><span class='ocrx_word' id='word_1_396' title='bbox 451 2683 570 2734; x_wconf 89' lang='lat' dir='ltr'><strong>nari</strong></span> <span class='ocrx_word' id='word_1_397' title='bbox 590 2722 606 2747; x_wconf 90' lang='lat'><strong>,</strong></span> <span class='ocrx_word' id='word_1_398' title='bbox 634 2689 685 2734; x_wconf 92' lang='lat' dir='ltr'><strong>et</strong></span> <span class='ocrx_word' id='word_1_399' title='bbox 711 2683 889 2738; x_wconf 86' lang='lat' dir='ltr'><strong>victus</strong></span> <span class='ocrx_word' id='word_1_400' title='bbox 921 2687 1236 2740; x_wconf 78' lang='lat' dir='ltr'><strong>varietatem</strong></span> <span class='ocrx_word' id='word_1_401' title='bbox 1264 2727 1279 2750; x_wconf 90' lang='lat'><strong>,</strong></span> <span class='ocrx_word' id='word_1_402' title='bbox 1309 2689 1644 2759; x_wconf 90' lang='lat' dir='ltr'><strong>nimiamque</strong></span> <span class='ocrx_word' id='word_1_403' title='bbox 1674 2692 1726 2744; x_wconf 89' lang='lat' dir='ltr'><strong>in</strong></span> <span class='ocrx_word' id='word_1_404' title='bbox 1760 2707 2010 2762; x_wconf 65' lang='lat' dir='ltr'><strong>apparati</strong></span> 
     </span>
    </p>
   </div>
   <div class='ocr_carea' id='block_1_51' title="bbox 2112 2681 3671 2763">
    <p class='ocr_par' dir='ltr' id='par_1_51' title="bbox 2133 2681 3671 2763">
     <span class='ocr_line' id='line_1_51' title="bbox 2133 2681 3671 2763; baseline -0.013 -13"><span class='ocrx_word' id='word_1_405' title='bbox 2133 2697 2229 2750; x_wconf 77' lang='grc' dir='ltr'>καὶ</span> <span class='ocrx_word' id='word_1_406' title='bbox 2283 2693 2556 2748; x_wconf 86' lang='grc' dir='ltr'>ποικιλίαν</span> <span class='ocrx_word' id='word_1_407' title='bbox 2607 2693 2835 2763; x_wconf 83' lang='grc' dir='ltr'>διαίτης,</span> <span class='ocrx_word' id='word_1_408' title='bbox 2889 2691 2984 2744; x_wconf 71' lang='grc' dir='ltr'>καὶ</span> <span class='ocrx_word' id='word_1_409' title='bbox 3043 2689 3338 2761; x_wconf 89' lang='grc' dir='ltr'>περίεργον</span> <span class='ocrx_word' id='word_1_410' title='bbox 3390 2681 3671 2755; x_wconf 81' lang='grc' dir='ltr'>ἀρτυμάτων</span> 
     </span>
    </p>
   </div>
   <div class='ocr_carea' id='block_1_52' title="bbox 450 2772 2009 2856">
    <p class='ocr_par' dir='ltr' id='par_1_52' title="bbox 450 2772 2009 2841">
     <span class='ocr_line' id='line_1_52' title="bbox 450 2772 2009 2841; baseline 0.009 -15"><span class='ocrx_word' id='word_1_411' title='bbox 450 2772 538 2828; x_wconf 84' lang='lat' dir='ltr'><strong>dis</strong></span> <span class='ocrx_word' id='word_1_412' title='bbox 563 2774 926 2832; x_wconf 82' lang='lat' dir='ltr'><strong>condimentis</strong></span> <span class='ocrx_word' id='word_1_413' title='bbox 954 2779 1231 2833; x_wconf 82' lang='lat' dir='ltr'><strong>solertiam</strong></span> <span class='ocrx_word' id='word_1_414' title='bbox 1263 2781 1411 2835; x_wconf 88' lang='lat' dir='ltr'><strong>velut</strong></span> <span class='ocrx_word' id='word_1_415' title='bbox 1436 2781 1838 2838; x_wconf 88' lang='lat' dir='ltr'><strong>incommodam</strong></span> <span class='ocrx_word' id='word_1_416' title='bbox 1873 2789 2009 2841; x_wconf 84' lang='lat' dir='ltr'><strong>able-</strong></span> 
     </span>
    </p>
   </div>
   <div class='ocr_carea' id='block_1_53' title="bbox 2114 2772 3673 2856">
    <p class='ocr_par' dir='ltr' id='par_1_53' title="bbox 2135 2772 3673 2856">
     <span class='ocr_line' id='line_1_53' title="bbox 2135 2772 3673 2856; baseline -0.012 -13"><span class='ocrx_word' id='word_1_417' title='bbox 2135 2791 2401 2852; x_wconf 77' lang='grc' dir='ltr'>ἐπίνοιαν,</span> <span class='ocrx_word' id='word_1_418' title='bbox 2433 2789 2508 2852; x_wconf 81' lang='grc' dir='ltr'>ὡς</span> <span class='ocrx_word' id='word_1_419' title='bbox 2537 2787 2873 2856; x_wconf 75' lang='grc' dir='ltr'>ἀσύμφορον,</span> <span class='ocrx_word' id='word_1_420' title='bbox 2917 2781 3094 2836; x_wconf 82' lang='grc' dir='ltr'>ἀποπέ</span> <span class='ocrx_word' id='word_1_421' title='bbox 3107 2795 3342 2850; x_wconf 76' lang='grc' dir='ltr'>μπεταιο</span> <span class='ocrx_word' id='word_1_422' title='bbox 3374 2777 3464 2830; x_wconf 77' lang='grc' dir='ltr'>καὶ</span> <span class='ocrx_word' id='word_1_423' title='bbox 3489 2774 3543 2828; x_wconf 79' lang='grc' dir='ltr'>τὸ</span> <span class='ocrx_word' id='word_1_424' title='bbox 3567 2772 3673 2840; x_wconf 74' lang='grc' dir='ltr'>σύμ-</span> 
     </span>
    </p>
   </div>
   <div class='ocr_carea' id='block_1_54' title="bbox 450 2863 2009 2950">
    <p class='ocr_par' dir='ltr' id='par_1_54' title="bbox 450 2864 2005 2948">
     <span class='ocr_line' id='line_1_54' title="bbox 450 2864 2005 2948; baseline 0.009 -31"><span class='ocrx_word' id='word_1_425' title='bbox 450 2864 569 2936; x_wconf 72' lang='lat' dir='ltr'><strong>gari</strong></span> <span class='ocrx_word' id='word_1_426' title='bbox 603 2886 616 2920; x_wconf 83' lang='lat'><em>;</em></span> <span class='ocrx_word' id='word_1_427' title='bbox 647 2874 701 2921; x_wconf 90' lang='lat' dir='ltr'><strong>ct</strong></span> <span class='ocrx_word' id='word_1_428' title='bbox 729 2869 782 2928; x_wconf 82' lang='lat' dir='ltr'><strong>in</strong></span> <span class='ocrx_word' id='word_1_429' title='bbox 812 2884 1027 2924; x_wconf 88' lang='lat' dir='ltr'><strong>summa</strong></span> <span class='ocrx_word' id='word_1_430' title='bbox 1066 2871 1419 2941; x_wconf 80' lang='lat' dir='ltr'><strong>indigentiam</strong></span> <span class='ocrx_word' id='word_1_431' title='bbox 1449 2874 1519 2928; x_wconf 89' lang='lat' dir='ltr'><strong>ab</strong></span> <span class='ocrx_word' id='word_1_432' title='bbox 1545 2875 1734 2930; x_wconf 91' lang='lat' dir='ltr'><strong>eadem</strong></span> <span class='ocrx_word' id='word_1_433' title='bbox 1766 2878 2005 2948; x_wconf 86' lang='lat' dir='ltr'><strong>appellar</strong></span> 
     </span>
    </p>
   </div>
   <div class='ocr_carea' id='block_1_55' title="bbox 2113 2863 3672 2950">
    <p class='ocr_par' dir='ltr' id='par_1_55' title="bbox 2134 2863 3672 2950">
     <span class='ocr_line' id='line_1_55' title="bbox 2134 2863 3672 2950; baseline -0.014 -16"><span class='ocrx_word' id='word_1_434' title='bbox 2134 2899 2261 2944; x_wconf 87' lang='grc' dir='ltr'>παν,</span> <span class='ocrx_word' id='word_1_435' title='bbox 2296 2879 2394 2950; x_wconf 83' lang='grc' dir='ltr'>τὴν</span> <span class='ocrx_word' id='word_1_436' title='bbox 2428 2879 2631 2932; x_wconf 77' lang='grc' dir='ltr'>ἔνδειαν</span> <span class='ocrx_word' id='word_1_437' title='bbox 2671 2876 2881 2947; x_wconf 86' lang='grc' dir='ltr'>μητέρα</span> <span class='ocrx_word' id='word_1_438' title='bbox 2911 2874 3011 2943; x_wconf 71' lang='grc' dir='ltr'>τῆς</span> <span class='ocrx_word' id='word_1_439' title='bbox 3039 2872 3230 2940; x_wconf 82' lang='grc' dir='ltr'>ὑγείας</span> <span class='ocrx_word' id='word_1_440' title='bbox 3261 2866 3530 2928; x_wconf 86' lang='grc' dir='ltr'>ἀποκαλεῖ,</span> <span class='ocrx_word' id='word_1_441' title='bbox 3561 2863 3672 2915; x_wconf 74' lang='grc' dir='ltr'>ὥστε</span> 
     </span>
    </p>
   </div>
   <div class='ocr_carea' id='block_1_56' title="bbox 451 2953 2010 3039">
    <p class='ocr_par' dir='ltr' id='par_1_56' title="bbox 451 2958 2010 3038">
     <span class='ocr_line' id='line_1_56' title="bbox 451 2958 2010 3038; baseline 0.007 -26"><span class='ocrx_word' id='word_1_442' title='bbox 451 2958 706 3013; x_wconf 84' lang='lat' dir='ltr'><strong>sanitatis</strong></span> <span class='ocrx_word' id='word_1_443' title='bbox 754 2969 1016 3026; x_wconf 89' lang='lat' dir='ltr'><strong>matrem,</strong></span> <span class='ocrx_word' id='word_1_444' title='bbox 1068 2962 1142 3016; x_wconf 90' lang='lat' dir='ltr'><strong>ita</strong></span> <span class='ocrx_word' id='word_1_445' title='bbox 1176 2974 1233 3018; x_wconf 94' lang='lat' dir='ltr'><strong>ut</strong></span> <span class='ocrx_word' id='word_1_446' title='bbox 1276 2980 1339 3018; x_wconf 81' lang='lat' dir='ltr'><strong>ex</strong></span> <span class='ocrx_word' id='word_1_447' title='bbox 1385 2966 1486 3020; x_wconf 89' lang='lat' dir='ltr'><strong>hac</strong></span> <span class='ocrx_word' id='word_1_448' title='bbox 1514 2967 1678 3020; x_wconf 89' lang='lat' dir='ltr'><strong>etiam</strong></span> <span class='ocrx_word' id='word_1_449' title='bbox 1714 2977 1868 3037; x_wconf 89' lang='lat' dir='ltr'><strong>parte</strong></span> <span class='ocrx_word' id='word_1_450' title='bbox 1907 2968 2010 3038; x_wconf 73' lang='lat' dir='ltr'><strong>ejus</strong></span> 
     </span>
    </p>
   </div>
   <div class='ocr_carea' id='block_1_57' title="bbox 2115 2953 3674 3039">
    <p class='ocr_par' dir='ltr' id='par_1_57' title="bbox 2133 2953 3674 3039">
     <span class='ocr_line' id='line_1_57' title="bbox 2133 2953 3674 3039; baseline -0.009 -12"><span class='ocrx_word' id='word_1_451' title='bbox 2133 2975 2228 3027; x_wconf 74' lang='grc' dir='ltr'>καὶ</span> <span class='ocrx_word' id='word_1_452' title='bbox 2278 2971 2424 3026; x_wconf 87' lang='grc' dir='ltr'>κατὰ</span> <span class='ocrx_word' id='word_1_453' title='bbox 2473 2970 2630 3024; x_wconf 77' lang='grc' dir='ltr'>τοῦτο</span> <span class='ocrx_word' id='word_1_454' title='bbox 2675 2969 2776 3022; x_wconf 76' lang='grc' dir='ltr'>οὐκ</span> <span class='ocrx_word' id='word_1_455' title='bbox 2825 2967 3095 3039; x_wconf 75' lang='grc' dir='ltr'>ἄχρηστος</span> <span class='ocrx_word' id='word_1_456' title='bbox 3145 2966 3283 3035; x_wconf 74' lang='grc' dir='ltr'>ἡμῖν</span> <span class='ocrx_word' id='word_1_457' title='bbox 3314 2965 3347 3033; x_wconf 77' lang='grc' dir='ltr'><strong>ἡ</strong></span> <span class='ocrx_word' id='word_1_458' title='bbox 3393 2959 3512 3029; x_wconf 83' lang='grc' dir='ltr'>παρ’</span> <span class='ocrx_word' id='word_1_459' title='bbox 3540 2953 3674 3022; x_wconf 68' lang='grc' dir='ltr'>αὑτῆς</span> 
     </span>
    </p>
   </div>
   <div class='ocr_carea' id='block_1_58' title="bbox 451 3044 2010 3136">
    <p class='ocr_par' dir='ltr' id='par_1_58' title="bbox 451 3049 2010 3131">
     <span class='ocr_line' id='line_1_58' title="bbox 451 3049 2010 3131; baseline 0.006 -26"><span class='ocrx_word' id='word_1_460' title='bbox 451 3052 740 3106; x_wconf 87' lang='lat' dir='ltr'><strong>consilium</strong></span> <span class='ocrx_word' id='word_1_461' title='bbox 770 3049 927 3124; x_wconf 58' lang='grc' dir='ltr'><strong>ἀοι</strong></span> <span class='ocrx_word' id='word_1_462' title='bbox 965 3054 1124 3110; x_wconf 69' lang='lat' dir='ltr'><strong>nobis</strong></span> <span class='ocrx_word' id='word_1_463' title='bbox 1159 3055 1348 3109; x_wconf 91' lang='lat' dir='ltr'><strong>inutile</strong></span> <span class='ocrx_word' id='word_1_464' title='bbox 1389 3073 1500 3110; x_wconf 93' lang='lat' dir='ltr'><strong>non</strong></span> <span class='ocrx_word' id='word_1_465' title='bbox 1548 3059 1639 3114; x_wconf 90' lang='lat' dir='ltr'><strong>sit.</strong></span> <span class='ocrx_word' id='word_1_466' title='bbox 1690 3058 1816 3114; x_wconf 89' lang='lat' dir='ltr'><strong>Sive</strong></span> <span class='ocrx_word' id='word_1_467' title='bbox 1865 3060 2010 3131; x_wconf 79' lang='lat' dir='ltr'><strong>igitm</strong></span> 
     </span>
    </p>
   </div>
   <div class='ocr_carea' id='block_1_59' title="bbox 2115 3044 3674 3136">
    <p class='ocr_par' dir='ltr' id='par_1_59' title="bbox 2136 3044 3674 3136">
     <span class='ocr_line' id='line_1_59' title="bbox 2136 3044 3674 3136; baseline -0.014 -18"><span class='ocrx_word' id='word_1_468' title='bbox 2136 3065 2434 3136; x_wconf 80' lang='grc' dir='ltr'>συμϐουλή.</span> <span class='ocrx_word' id='word_1_469' title='bbox 2466 3064 2587 3118; x_wconf 82' lang='grc' dir='ltr'>Εἴτε</span> <span class='ocrx_word' id='word_1_470' title='bbox 2613 3057 2705 3115; x_wconf 77' lang='grc' dir='ltr'>οὖν</span> <span class='ocrx_word' id='word_1_471' title='bbox 2734 3059 2995 3132; x_wconf 70' lang='grc' dir='ltr'>χρώμεθα</span> <span class='ocrx_word' id='word_1_472' title='bbox 3027 3073 3155 3109; x_wconf 89' lang='grc' dir='ltr'>ποτε</span> <span class='ocrx_word' id='word_1_473' title='bbox 3187 3057 3304 3117; x_wconf 84' lang='grc' dir='ltr'>τοῖς</span> <span class='ocrx_word' id='word_1_474' title='bbox 3339 3053 3436 3120; x_wconf 73' lang='grc' dir='ltr'>τῆς</span> <span class='ocrx_word' id='word_1_475' title='bbox 3468 3044 3674 3118; x_wconf 75' lang='grc' dir='ltr'>ἰατρικῆς</span> 
     </span>
    </p>
   </div>
   <div class='ocr_carea' id='block_1_60' title="bbox 453 3139 2012 3249">
    <p class='ocr_par' dir='ltr' id='par_1_60' title="bbox 453 3141 2012 3218">
     <span class='ocr_line' id='line_1_60' title="bbox 453 3141 2012 3218; baseline 0.008 -25"><span class='ocrx_word' id='word_1_476' title='bbox 453 3141 660 3196; x_wconf 92' lang='lat' dir='ltr'><strong>utimur</strong></span> <span class='ocrx_word' id='word_1_477' title='bbox 689 3143 984 3213; x_wconf 87' lang='lat' dir='ltr'><strong>aliquando</strong></span> <span class='ocrx_word' id='word_1_478' title='bbox 1017 3145 1303 3200; x_wconf 69' lang='lat' dir='ltr'><strong>medicina:</strong></span> <span class='ocrx_word' id='word_1_479' title='bbox 1335 3149 1619 3218; x_wconf 70' lang='lat' dir='ltr'><strong>praeceptis</strong></span> <span class='ocrx_word' id='word_1_480' title='bbox 1642 3191 1657 3213; x_wconf 87' lang='lat'><strong>,</strong></span> <span class='ocrx_word' id='word_1_481' title='bbox 1691 3153 1804 3204; x_wconf 88' lang='lat' dir='ltr'><strong>sive</strong></span> <span class='ocrx_word' id='word_1_482' title='bbox 1834 3167 1895 3205; x_wconf 88' lang='lat' dir='ltr'><strong>ea</strong></span> <span class='ocrx_word' id='word_1_483' title='bbox 1937 3168 2012 3206; x_wconf 91' lang='lat' dir='ltr'><strong>re-</strong></span> 
     </span>
    </p>
   </div>
   <div class='ocr_carea' id='block_1_61' title="bbox 2116 3139 3675 3249">
    <p class='ocr_par' dir='ltr' id='par_1_61' title="bbox 2136 3139 3675 3249">
     <span class='ocr_line' id='line_1_61' title="bbox 2136 3139 3675 3249; baseline -0.014 -39"><span class='ocrx_word' id='word_1_484' title='bbox 2136 3155 2584 3228; x_wconf 82' lang='grc' dir='ltr'>παραγγέλμασιν</span> <span class='ocrx_word' id='word_1_485' title='bbox 2615 3150 2750 3221; x_wconf 76' lang='grc'>(57),</span> <span class='ocrx_word' id='word_1_486' title='bbox 2783 3149 2891 3202; x_wconf 81' lang='grc' dir='ltr'>εἴτε</span> <span class='ocrx_word' id='word_1_487' title='bbox 2931 3145 3372 3220; x_wconf 84' lang='grc' dir='ltr'>παραιτούμεθα,</span> <span class='ocrx_word' id='word_1_488' title='bbox 3409 3139 3539 3195; x_wconf 87' lang='grc' dir='ltr'><strong>κατά</strong></span> <span class='ocrx_word' id='word_1_489' title='bbox 3578 3149 3675 3249; x_wconf 50' lang='lat' dir='ltr'><strong>uva</strong></span> 
     </span>
    </p>
   </div>
   <div class='ocr_carea' id='block_1_62' title="bbox 454 3227 2013 3319">
    <p class='ocr_par' dir='ltr' id='par_1_62' title="bbox 454 3233 2013 3310">
     <span class='ocr_line' id='line_1_62' title="bbox 454 3233 2013 3310; baseline 0.01 -26"><span class='ocrx_word' id='word_1_490' title='bbox 454 3233 744 3302; x_wconf 87' lang='lat' dir='ltr'><strong>pudiamus</strong></span> <span class='ocrx_word' id='word_1_491' title='bbox 787 3235 858 3290; x_wconf 92' lang='lat' dir='ltr'><strong>ob</strong></span> <span class='ocrx_word' id='word_1_492' title='bbox 897 3237 1137 3306; x_wconf 90' lang='lat' dir='ltr'><strong>aliquam</strong></span> <span class='ocrx_word' id='word_1_493' title='bbox 1181 3252 1406 3293; x_wconf 87' lang='lat' dir='ltr'><strong>causam</strong></span> <span class='ocrx_word' id='word_1_494' title='bbox 1453 3255 1679 3305; x_wconf 87' lang='lat' dir='ltr'><strong>earum,</strong></span> <span class='ocrx_word' id='word_1_495' title='bbox 1724 3259 1861 3310; x_wconf 88' lang='lat' dir='ltr'><strong>quas</strong></span> <span class='ocrx_word' id='word_1_496' title='bbox 1903 3254 2013 3301; x_wconf 62' lang='lat' dir='ltr'><strong>ante</strong></span> 
     </span>
    </p>
   </div>
   <div class='ocr_carea' id='block_1_63' title="bbox 2116 3227 3675 3319">
    <p class='ocr_par' dir='ltr' id='par_1_63' title="bbox 2136 3227 3675 3319">
     <span class='ocr_line' id='line_1_63' title="bbox 2136 3227 3675 3319; baseline -0.013 -17"><span class='ocrx_word' id='word_1_497' title='bbox 2136 3249 2242 3302; x_wconf 86' lang='grc' dir='ltr'>τῶν</span> <span class='ocrx_word' id='word_1_498' title='bbox 2297 3243 2813 3319; x_wconf 80' lang='grc' dir='ltr'>προαποδεδομένων</span> <span class='ocrx_word' id='word_1_499' title='bbox 2852 3241 3043 3310; x_wconf 85' lang='grc' dir='ltr'>λόγων,</span> <span class='ocrx_word' id='word_1_500' title='bbox 3102 3240 3131 3292; x_wconf 88' lang='grc' dir='ltr'><strong>ὁ</strong></span> <span class='ocrx_word' id='word_1_501' title='bbox 3193 3237 3400 3298; x_wconf 81' lang='grc' dir='ltr'>σκοπὸς</span> <span class='ocrx_word' id='word_1_502' title='bbox 3430 3233 3523 3302; x_wconf 76' lang='grc' dir='ltr'>τῆς</span> 
     </span>
    </p>
   </div>
   <div class='ocr_carea' id='block_1_64' title="bbox 452 3313 2011 3408">
    <p class='ocr_par' dir='ltr' id='par_1_64' title="bbox 452 3325 2011 3406">
     <span class='ocr_line' id='line_1_64' title="bbox 452 3325 2011 3406; baseline 0.01 -30"><span class='ocrx_word' id='word_1_503' title='bbox 452 3325 912 3391; x_wconf 84' lang='lat' dir='ltr'><strong>memoravimus,</strong></span> <span class='ocrx_word' id='word_1_504' title='bbox 958 3327 1064 3381; x_wconf 82' lang='lat' dir='ltr'><strong>huc</strong></span> <span class='ocrx_word' id='word_1_505' title='bbox 1104 3329 1462 3398; x_wconf 85' lang='lat' dir='ltr'><strong>spectandum</strong></span> <span class='ocrx_word' id='word_1_506' title='bbox 1501 3339 1614 3398; x_wconf 84' lang='lat' dir='ltr'><strong>est,</strong></span> <span class='ocrx_word' id='word_1_507' title='bbox 1663 3341 1721 3385; x_wconf 94' lang='lat' dir='ltr'><strong>ut</strong></span> <span class='ocrx_word' id='word_1_508' title='bbox 1771 3333 1882 3389; x_wconf 88' lang='lat' dir='ltr'><strong>Deo</strong></span> <span class='ocrx_word' id='word_1_509' title='bbox 1924 3338 2011 3406; x_wconf 88' lang='lat' dir='ltr'><strong>pla</strong></span> 
     </span>
    </p>
   </div>
   <div class='ocr_carea' id='block_1_65' title="bbox 2119 3313 3678 3408">
    <p class='ocr_par' dir='ltr' id='par_1_65' title="bbox 2135 3313 3678 3408">
     <span class='ocr_line' id='line_1_65' title="bbox 2135 3313 3678 3408; baseline -0.014 -14"><span class='ocrx_word' id='word_1_510' title='bbox 2135 3341 2269 3394; x_wconf 80' lang='grc' dir='ltr'>θεὸν</span> <span class='ocrx_word' id='word_1_511' title='bbox 2335 3313 2747 3408; x_wconf 75' lang='grc' dir='ltr'>εὐαρεστήσεως</span> <span class='ocrx_word' id='word_1_512' title='bbox 2787 3331 3059 3396; x_wconf 73' lang='grc' dir='ltr'>σωξέσθω,</span> <span class='ocrx_word' id='word_1_513' title='bbox 3111 3329 3208 3383; x_wconf 71' lang='grc' dir='ltr'>καὶ</span> <span class='ocrx_word' id='word_1_514' title='bbox 3253 3330 3288 3399; x_wconf 86' lang='grc' dir='ltr'><strong>ἡ</strong></span> <span class='ocrx_word' id='word_1_515' title='bbox 3339 3325 3558 3395; x_wconf 60' lang='grc' dir='ltr'>ὼτέλεια</span> <span class='ocrx_word' id='word_1_516' title='bbox 3597 3313 3678 3386; x_wconf 69' lang='grc' dir='ltr'><strong>τῆξ</strong></span> 
     </span>
    </p>
   </div>
   <div class='ocr_carea' id='block_1_66' title="bbox 450 3410 2009 3503">
    <p class='ocr_par' dir='ltr' id='par_1_66' title="bbox 450 3419 2009 3489">
     <span class='ocr_line' id='line_1_66' title="bbox 450 3419 2009 3489; baseline 0.01 -23"><span class='ocrx_word' id='word_1_517' title='bbox 450 3427 708 3479; x_wconf 83' lang='lat' dir='ltr'><strong>ceamus,</strong></span> <span class='ocrx_word' id='word_1_518' title='bbox 758 3419 1192 3489; x_wconf 89' lang='lat' dir='ltr'><strong>consulaturque</strong></span> <span class='ocrx_word' id='word_1_519' title='bbox 1228 3419 1424 3476; x_wconf 67' lang='lat' dir='ltr'><strong>animm</strong></span> <span class='ocrx_word' id='word_1_520' title='bbox 1466 3423 1718 3486; x_wconf 78' lang='lat' dir='ltr'><strong>utilitati.</strong></span> <span class='ocrx_word' id='word_1_521' title='bbox 1776 3435 1829 3479; x_wconf 92' lang='lat' dir='ltr'><strong>et</strong></span> <span class='ocrx_word' id='word_1_522' title='bbox 1875 3443 2009 3481; x_wconf 86' lang='lat' dir='ltr'><strong>com-</strong></span> 
     </span>
    </p>
   </div>
   <div class='ocr_carea' id='block_1_67' title="bbox 2118 3410 3677 3503">
    <p class='ocr_par' dir='ltr' id='par_1_67' title="bbox 2135 3410 3677 3503">
     <span class='ocr_line' id='line_1_67' title="bbox 2135 3410 3677 3503; baseline -0.018 -15"><span class='ocrx_word' id='word_1_523' title='bbox 2135 3433 2310 3503; x_wconf 69' lang='grc' dir='ltr'>ψυχῆς</span> <span class='ocrx_word' id='word_1_524' title='bbox 2337 3425 2743 3498; x_wconf 85' lang='grc' dir='ltr'>οἱκονομείσθω,</span> <span class='ocrx_word' id='word_1_525' title='bbox 2771 3427 2863 3478; x_wconf 67' lang='grc' dir='ltr'>καὶ</span> <span class='ocrx_word' id='word_1_526' title='bbox 2893 3424 2954 3478; x_wconf 75' lang='grc' dir='ltr'>τὸ</span> <span class='ocrx_word' id='word_1_527' title='bbox 2975 3423 3313 3494; x_wconf 80' lang='grc' dir='ltr'>πρόσταγμα</span> <span class='ocrx_word' id='word_1_528' title='bbox 3336 3417 3427 3472; x_wconf 76' lang='grc' dir='ltr'>τοῦ</span> <span class='ocrx_word' id='word_1_529' title='bbox 3460 3410 3677 3503; x_wconf 73' lang='grc' dir='ltr'>Ἀποστό-</span> 
     </span>
    </p>
   </div>
   <div class='ocr_carea' id='block_1_68' title="bbox 453 3500 2012 3594">
    <p class='ocr_par' dir='ltr' id='par_1_68' title="bbox 453 3507 2012 3591">
     <span class='ocr_line' id='line_1_68' title="bbox 453 3507 2012 3591; baseline 0.01 -33"><span class='ocrx_word' id='word_1_530' title='bbox 453 3507 666 3577; x_wconf 87' lang='lat' dir='ltr'><strong>pleatur</strong></span> <span class='ocrx_word' id='word_1_531' title='bbox 706 3510 1022 3565; x_wconf 91' lang='lat' dir='ltr'><strong>mandatum</strong></span> <span class='ocrx_word' id='word_1_532' title='bbox 1062 3512 1310 3582; x_wconf 80' lang='lat' dir='ltr'><strong>Aposwli</strong></span> <span class='ocrx_word' id='word_1_533' title='bbox 1336 3555 1351 3578; x_wconf 91' lang='lat'><strong>,</strong></span> <span class='ocrx_word' id='word_1_534' title='bbox 1394 3515 1487 3584; x_wconf 88' lang='lat' dir='ltr'><strong>qui</strong></span> <span class='ocrx_word' id='word_1_535' title='bbox 1535 3516 1710 3572; x_wconf 86' lang='lat' dir='ltr'><strong>dicit:</strong></span> <span class='ocrx_word' id='word_1_536' title='bbox 1754 3518 1871 3574; x_wconf 83' lang='lat' dir='ltr'><strong>Sive</strong></span> <span class='ocrx_word' id='word_1_537' title='bbox 1906 3538 2012 3591; x_wconf 74' lang='lat' dir='ltr'><strong>ergc</strong></span> 
     </span>
    </p>
   </div>
   <div class='ocr_carea' id='block_1_69' title="bbox 2120 3500 3679 3594">
    <p class='ocr_par' dir='ltr' id='par_1_69' title="bbox 2135 3500 3679 3594">
     <span class='ocr_line' id='line_1_69' title="bbox 2135 3500 3679 3594; baseline -0.012 -17"><span class='ocrx_word' id='word_1_538' title='bbox 2267 3500 2614 3594; x_wconf 77' lang='grc' dir='ltr'>πληρούσθω,</span> <span class='ocrx_word' id='word_1_539' title='bbox 2662 3517 2910 3580; x_wconf 81' lang='grc' dir='ltr'>εἰπόντος</span> <span class='ocrx_word' id='word_1_540' title='bbox 2933 3533 2948 3548; x_wconf 77' lang='grc'><strong>⁹</strong></span> <span class='ocrx_word' id='word_1_541' title='bbox 2984 3516 3121 3569; x_wconf 79' lang='lat' dir='ltr'><strong>Elta</strong></span> <span class='ocrx_word' id='word_1_542' title='bbox 3148 3508 3270 3568; x_wconf 78' lang='grc' dir='ltr'><strong>οὖν</strong></span> <span class='ocrx_word' id='word_1_543' title='bbox 3309 3510 3550 3568; x_wconf 81' lang='grc' dir='ltr'>ἐσθίετε,</span> <span class='ocrx_word' id='word_1_544' title='bbox 3583 3500 3679 3594; x_wconf 49' lang='lat' dir='ltr'><strong>sits</strong></span> 
     </span>
    </p>
   </div>
   <div class='ocr_carea' id='block_1_70' title="bbox 337 3589 1896 3679">
    <p class='ocr_par' dir='ltr' id='par_1_70' title="bbox 337 3600 1896 3679">
     <span class='ocr_line' id='line_1_70' title="bbox 337 3600 1896 3679; baseline 0.01 -28"><span class='ocrx_word' id='word_1_545' title='bbox 337 3601 341 3604; x_wconf 87' lang='grc'><em>’</em></span> <span class='ocrx_word' id='word_1_546' title='bbox 451 3600 819 3668; x_wconf 78' lang='lat' dir='ltr'><strong>manducalis,</strong></span> <span class='ocrx_word' id='word_1_547' title='bbox 862 3605 969 3660; x_wconf 72' lang='lat' dir='ltr'><strong>sive</strong></span> <span class='ocrx_word' id='word_1_548' title='bbox 1009 3605 1223 3673; x_wconf 76' lang='lat' dir='ltr'><strong>bibitis,</strong></span> <span class='ocrx_word' id='word_1_549' title='bbox 1263 3608 1372 3662; x_wconf 77' lang='lat' dir='ltr'><strong>sive</strong></span> <span class='ocrx_word' id='word_1_550' title='bbox 1415 3607 1542 3679; x_wconf 86' lang='lat' dir='ltr'><strong>quid</strong></span> <span class='ocrx_word' id='word_1_551' title='bbox 1585 3609 1800 3679; x_wconf 76' lang='lat' dir='ltr'><strong>facitis,</strong></span> <span class='ocrx_word' id='word_1_552' title='bbox 1853 3629 1896 3666; x_wconf 80' lang='grc' dir='ltr'><strong>οι</strong></span> 
     </span>
    </p>
   </div>
   <div class='ocr_carea' id='block_1_71' title="bbox 2126 3589 3685 3679">
    <p class='ocr_par' dir='ltr' id='par_1_71' title="bbox 2135 3589 3685 3678">
     <span class='ocr_line' id='line_1_71' title="bbox 2135 3589 3685 3678; baseline -0.014 -8"><span class='ocrx_word' id='word_1_553' title='bbox 2135 3589 2532 3678; x_wconf 38' lang='grc' dir='ltr'>πίνετεξεῑτε</span> <span class='ocrx_word' id='word_1_554' title='bbox 2578 3628 2636 3665; x_wconf 83' lang='grc' dir='ltr'><strong>τι</strong></span> <span class='ocrx_word' id='word_1_555' title='bbox 2679 3609 2918 3674; x_wconf 81' lang='grc' dir='ltr'>ποιεῖτε,</span> <span class='ocrx_word' id='word_1_556' title='bbox 2970 3605 3169 3660; x_wconf 81' lang='grc' dir='ltr'>πάντα</span> <span class='ocrx_word' id='word_1_557' title='bbox 3217 3606 3309 3670; x_wconf 83' lang='grc' dir='ltr'>εις</span> <span class='ocrx_word' id='word_1_558' title='bbox 3351 3599 3532 3666; x_wconf 80' lang='grc' dir='ltr'>δόξαν</span> <span class='ocrx_word' id='word_1_559' title='bbox 3559 3589 3685 3649; x_wconf 76' lang='grc' dir='ltr'>Θεοῦ</span> 
     </span>
    </p>
   </div>
   <div class='ocr_carea' id='block_1_72' title="bbox 451 3693 2010 3766">
    <p class='ocr_par' dir='ltr' id='par_1_72' title="bbox 451 3693 1164 3766">
     <span class='ocr_line' id='line_1_72' title="bbox 451 3693 1164 3766; baseline 0.01 -18"><span class='ocrx_word' id='word_1_560' title='bbox 451 3693 506 3748; x_wconf 80' lang='lat' dir='ltr'><strong>in</strong></span> <span class='ocrx_word' id='word_1_561' title='bbox 536 3694 762 3766; x_wconf 76' lang='lat' dir='ltr'><strong>gloriam</strong></span> <span class='ocrx_word' id='word_1_562' title='bbox 786 3695 882 3752; x_wconf 82' lang='lat' dir='ltr'><strong>Dei</strong></span> <span class='ocrx_word' id='word_1_563' title='bbox 911 3699 1071 3766; x_wconf 80' lang='lat' dir='ltr'><strong>facile</strong></span> <span class='ocrx_word' id='word_1_564' title='bbox 1097 3700 1164 3755; x_wconf 82' lang='lat'><strong>&quot;.</strong></span> 
     </span>
    </p>
   </div>
   <div class='ocr_carea' id='block_1_73' title="bbox 817 3693 2376 3766">
    <p class='ocr_par' dir='ltr' id='par_1_73' title="bbox 817 3696 2376 3766">
     <span class='ocr_line' id='line_1_73' title="bbox 817 3696 2376 3766; baseline 0.009 -19"><span class='ocrx_word' id='word_1_565' title='bbox 817 3696 882 3752; x_wconf 68' lang='lat' dir='ltr'><strong>Dei</strong></span> <span class='ocrx_word' id='word_1_566' title='bbox 911 3699 1071 3766; x_wconf 80' lang='lat' dir='ltr'><strong>facile</strong></span> <span class='ocrx_word' id='word_1_567' title='bbox 1097 3700 1164 3755; x_wconf 83' lang='grc'><strong>⁸³.</strong></span> <span class='ocrx_word' id='word_1_568' title='bbox 2138 3708 2376 3764; x_wconf 82' lang='grc' dir='ltr'>ποιεῖτε.</span> 
     </span>
    </p>
   </div>
   <div class='ocr_carea' id='block_1_74' title="bbox 550 3833 1025 3902">
    <p class='ocr_par' dir='ltr' id='par_1_74' title="bbox 550 3833 1025 3902">
     <span class='ocr_line' id='line_1_74' title="bbox 550 3833 1025 3902; baseline 0.013 -15"><span class='ocrx_word' id='word_1_569' title='bbox 550 3835 567 3866; x_wconf 80' lang='grc'><strong>⁸</strong></span> <span class='ocrx_word' id='word_1_570' title='bbox 611 3833 795 3890; x_wconf 88' lang='lat' dir='ltr'><strong>lCor.</strong></span> <span class='ocrx_word' id='word_1_571' title='bbox 837 3853 897 3902; x_wconf 70' lang='grc' dir='ltr'><strong>κ,</strong></span> <span class='ocrx_word' id='word_1_572' title='bbox 934 3838 1025 3894; x_wconf 76' lang='grc'><strong>51.</strong></span> 
     </span>
    </p>
   </div>
   <div class='ocr_carea' id='block_1_75' title="bbox 523 3949 2082 4032">
    <p class='ocr_par' dir='ltr' id='par_1_75' title="bbox 523 3949 2026 4032">
     <span class='ocr_line' id='line_1_75' title="bbox 523 3949 2026 4032; baseline 0.011 -29"><span class='ocrx_word' id='word_1_573' title='bbox 523 3950 636 4032; x_wconf 54' lang='lat' dir='ltr'><strong>(3i)</strong></span> <span class='ocrx_word' id='word_1_574' title='bbox 663 3949 799 4032; x_wconf 72' lang='grc' dir='ltr'><strong>Ε(ίὶίί</strong></span> <span class='ocrx_word' id='word_1_575' title='bbox 834 3955 1141 4032; x_wconf 73' lang='grc' dir='ltr'>κυβερνήτῃ</span> <span class='ocrx_word' id='word_1_576' title='bbox 1175 3957 1230 4010; x_wconf 79' lang='grc' dir='ltr'>δὲ</span> <span class='ocrx_word' id='word_1_577' title='bbox 1270 3960 1347 4012; x_wconf 86' lang='grc' dir='ltr'>τό.</span> <span class='ocrx_word' id='word_1_578' title='bbox 1381 3960 1603 4031; x_wconf 81' lang='lat' dir='ltr'><strong>Antiqui</strong></span> <span class='ocrx_word' id='word_1_579' title='bbox 1637 3969 1750 4020; x_wconf 86' lang='lat' dir='ltr'><strong>tres</strong></span> <span class='ocrx_word' id='word_1_580' title='bbox 1789 3963 1912 4022; x_wconf 88' lang='lat' dir='ltr'><strong>libri</strong></span> <span class='ocrx_word' id='word_1_581' title='bbox 1932 3983 2026 4020; x_wconf 87' lang='grc' dir='ltr'>κυ-</span> 
     </span>
    </p>
   </div>
   <div class='ocr_carea' id='block_1_76' title="bbox 1561 3949 3120 4032">
    <p class='ocr_par' dir='ltr' id='par_1_76' title="bbox 1561 3949 3120 4032">
     <span class='ocr_line' id='line_1_76' title="bbox 1561 3949 3120 4032; baseline -0.006 -18"><span class='ocrx_word' id='word_1_582' title='bbox 1561 3961 1603 4016; x_wconf 75' lang='lat' dir='ltr'><strong>ii</strong></span> <span class='ocrx_word' id='word_1_583' title='bbox 1637 3969 1750 4020; x_wconf 85' lang='lat' dir='ltr'><strong>tres</strong></span> <span class='ocrx_word' id='word_1_584' title='bbox 1789 3963 1912 4022; x_wconf 85' lang='lat' dir='ltr'><strong>libri</strong></span> <span class='ocrx_word' id='word_1_585' title='bbox 1932 3983 2026 4020; x_wconf 88' lang='grc' dir='ltr'>κυ-</span> <span class='ocrx_word' id='word_1_586' title='bbox 2133 3973 2217 4020; x_wconf 91' lang='lat' dir='ltr'><strong>ter</strong></span> <span class='ocrx_word' id='word_1_587' title='bbox 2240 3961 2402 4032; x_wconf 78' lang='lat' dir='ltr'><strong>Voss.</strong></span> <span class='ocrx_word' id='word_1_588' title='bbox 2425 3959 2537 4032; x_wconf 62' lang='grc' dir='ltr'><strong>⁸τῆς</strong></span> <span class='ocrx_word' id='word_1_589' title='bbox 2566 3955 2706 4032; x_wconf 71' lang='grc' dir='ltr'>πρὸς</span> <span class='ocrx_word' id='word_1_590' title='bbox 2733 3953 2864 4032; x_wconf 49' lang='lat' dir='ltr'><strong>ego)!</strong></span> <span class='ocrx_word' id='word_1_591' title='bbox 2891 3949 3120 4032; x_wconf 64' lang='grc' dir='ltr'>ἐλπίδος.</span> 
     </span>
    </p>
   </div>
   <div class='ocr_carea' id='block_1_77' title="bbox 453 4008 2012 4173">
    <p class='ocr_par' dir='ltr' id='par_1_77' title="bbox 453 4008 2012 4173">
     <span class='ocr_line' id='line_1_77' title="bbox 453 4008 1998 4094; baseline -0.038 -13"><span class='ocrx_word' id='word_1_592' title='bbox 453 4008 693 4092; x_wconf 65' lang='grc' dir='ltr'>ΰερνήτῃ</span> <span class='ocrx_word' id='word_1_593' title='bbox 725 4025 822 4094; x_wconf 70' lang='grc' dir='ltr'>μὲν</span> <span class='ocrx_word' id='word_1_594' title='bbox 855 4026 936 4078; x_wconf 65' lang='grc' dir='ltr'><strong>τό,</strong></span> <span class='ocrx_word' id='word_1_595' title='bbox 973 4008 984 4028; x_wconf 85' lang='grc'><strong><em>⁸</em></strong></span> <span class='ocrx_word' id='word_1_596' title='bbox 1046 4008 1141 4030; x_wconf 60' lang='grc'><strong>⁷⁸⁷³·</strong></span> <span class='ocrx_word' id='word_1_597' title='bbox 1183 4008 1225 4010; x_wconf 76' lang='lat'><strong>&quot;</strong></span> <span class='ocrx_word' id='word_1_598' title='bbox 1637 4008 1750 4020; x_wconf 73' lang='lat'><strong>--~-</strong></span> <span class='ocrx_word' id='word_1_599' title='bbox 1790 4008 1998 4022; x_wconf 71' lang='grc' dir='ltr'><strong>ηομ-..-</strong></span> 
     </span>
     <span class='ocr_line' id='line_1_78' title="bbox 507 4091 2012 4173; baseline -0.011 0"><span class='ocrx_word' id='word_1_600' title='bbox 507 4091 817 4173; x_wconf 48' lang='grc' dir='ltr'><strong>.ίῆδξωθ,</strong></span> <span class='ocrx_word' id='word_1_601' title='bbox 864 4096 1366 4173; x_wconf 52' lang='grc' dir='ltr'><strong>ιεηιῖειεέιέίοεει</strong></span> <span class='ocrx_word' id='word_1_602' title='bbox 1415 4102 1781 4173; x_wconf 64' lang='grc' dir='ltr'>εῖδγχωρήσει.</span> <span class='ocrx_word' id='word_1_603' title='bbox 1826 4102 2012 4161; x_wconf 90' lang='lat' dir='ltr'><strong>lbiden</strong></span> 
     </span>
    </p>
   </div>
   <div class='ocr_carea' id='block_1_78' title="bbox 2119 4008 3678 4173">
    <p class='ocr_par' dir='ltr' id='par_1_78' title="bbox 2135 4008 3678 4173">
     <span class='ocr_line' id='line_1_79' title="bbox 2135 4008 3678 4101; baseline -0.023 -11"><span class='ocrx_word' id='word_1_604' title='bbox 2135 4008 2206 4020; x_wconf 51' lang='grc' dir='ltr'>Ψ</span> <span class='ocrx_word' id='word_1_605' title='bbox 2234 4008 2403 4101; x_wconf 53' lang='grc' dir='ltr'>δϐδῖιί</span> <span class='ocrx_word' id='word_1_606' title='bbox 2425 4008 2786 4082; x_wconf 54' lang='lat' dir='ltr'><strong>\io&#39;ssii&#39;veieri</strong></span> <span class='ocrx_word' id='word_1_607' title='bbox 2806 4023 2947 4077; x_wconf 83' lang='lat' dir='ltr'><strong>libro</strong></span> <span class='ocrx_word' id='word_1_608' title='bbox 2967 4008 3395 4096; x_wconf 55' lang='lat' dir='ltr'><strong>legiturfcpocpd;</strong></span> <span class='ocrx_word' id='word_1_609' title='bbox 3412 4008 3678 4065; x_wconf 73' lang='grc' dir='ltr'>ὲπικόττιι.</span> 
     </span>
     <span class='ocr_line' id='line_1_80' title="bbox 2210 4035 3678 4173; baseline -0.02 -16"><span class='ocrx_word' id='word_1_610' title='bbox 2210 4035 2324 4173; x_wconf 58' lang='lat' dir='ltr'><strong>i5?)</strong></span> <span class='ocrx_word' id='word_1_611' title='bbox 2365 4101 2516 4156; x_wconf 87' lang='lat' dir='ltr'><strong>Unus</strong></span> <span class='ocrx_word' id='word_1_612' title='bbox 2557 4111 2660 4173; x_wconf 70' lang='lat' dir='ltr'><strong>ius.</strong></span> <span class='ocrx_word' id='word_1_613' title='bbox 2695 4081 3534 4173; x_wconf 39' lang='grc' dir='ltr'>ἰατρικῆςέπαγγελμαςι,βίοι</span> <span class='ocrx_word' id='word_1_614' title='bbox 3571 4072 3678 4144; x_wconf 69' lang='lat' dir='ltr'><strong>Reg.</strong></span> 
     </span>
    </p>
   </div>
   <div class='ocr_carea' id='block_1_79' title="bbox 525 4072 2084 4173">
    <p class='ocr_par' dir='ltr' id='par_1_79' title="bbox 525 4072 2032 4173">
     <span class='ocr_line' id='line_1_81' title="bbox 525 4072 2032 4173; baseline 0.01 -30"><span class='ocrx_word' id='word_1_615' title='bbox 864 4072 1366 4173; x_wconf 29' lang='lat' dir='ltr'><strong>tertiuset‘yOss,</strong></span> <span class='ocrx_word' id='word_1_616' title='bbox 1415 4102 1781 4173; x_wconf 76' lang='grc' dir='ltr'>συγχωρήσει.</span> <span class='ocrx_word' id='word_1_617' title='bbox 1826 4102 2032 4161; x_wconf 86' lang='lat' dir='ltr'><strong>Ibidem</strong></span> 
     </span>
    </p>
   </div>
   <div class='ocr_carea' id='block_1_80' title="bbox 2119 4072 3678 4173">
    <p class='ocr_par' dir='ltr' id='par_1_80' title="bbox 2210 4072 3678 4173">
     <span class='ocr_line' id='line_1_82' title="bbox 2210 4072 3678 4173; baseline -0.005 -21"><span class='ocrx_word' id='word_1_618' title='bbox 2416 4072 3391 4173; x_wconf 32' lang='grc' dir='ltr'>ηἰινεπιίιείίαξριξῆςαὲτέαγγὲλμαξτιξ</span> <span class='ocrx_word' id='word_1_619' title='bbox 3421 4081 3534 4134; x_wconf 57' lang='lat' dir='ltr'><strong>Mox</strong></span> <span class='ocrx_word' id='word_1_620' title='bbox 3571 4072 3678 4144; x_wconf 67' lang='grc' dir='ltr'>Βεε-</span> 
     </span>
    </p>
   </div>
   <div class='ocr_carea' id='block_1_81' title="bbox 455 4155 2014 4245">
    <p class='ocr_par' dir='ltr' id='par_1_81' title="bbox 455 4155 2014 4245">
     <span class='ocr_line' id='line_1_83' title="bbox 455 4155 2014 4245; baseline 0.01 -29"><span class='ocrx_word' id='word_1_621' title='bbox 455 4155 586 4216; x_wconf 74' lang='grc' dir='ltr'><strong>οάἶιί</strong></span> <span class='ocrx_word' id='word_1_622' title='bbox 602 4161 702 4229; x_wconf 81' lang='grc' dir='ltr'>τῆς</span> <span class='ocrx_word' id='word_1_623' title='bbox 725 4155 862 4234; x_wconf 65' lang='grc' dir='ltr'>π’ρὺς</span> <span class='ocrx_word' id='word_1_624' title='bbox 891 4165 1052 4218; x_wconf 78' lang='grc' dir='ltr'>αὐτὸν</span> <span class='ocrx_word' id='word_1_625' title='bbox 1071 4165 1302 4230; x_wconf 81' lang='grc' dir='ltr'>ἐλπίδος.</span> <span class='ocrx_word' id='word_1_626' title='bbox 1329 4155 1558 4226; x_wconf 62' lang='lat' dir='ltr'><strong>Codices</strong></span> <span class='ocrx_word' id='word_1_627' title='bbox 1580 4155 1688 4226; x_wconf 78' lang='lat' dir='ltr'><strong>iioii</strong></span> <span class='ocrx_word' id='word_1_628' title='bbox 1721 4155 2014 4245; x_wconf 72' lang='lat' dir='ltr'><strong>pauci</strong></span> 
     </span>
    </p>
   </div>
   <div class='ocr_carea' id='block_1_82' title="bbox 1880 4155 3439 4245">
    <p class='ocr_par' dir='ltr' id='par_1_82' title="bbox 1891 4155 3439 4245">
     <span class='ocr_line' id='line_1_84' title="bbox 1891 4155 3439 4245; baseline -0.016 -13"><span class='ocrx_word' id='word_1_629' title='bbox 2139 4155 2350 4244; x_wconf 71' lang='lat' dir='ltr'><strong>primus</strong></span> <span class='ocrx_word' id='word_1_630' title='bbox 2378 4155 2706 4225; x_wconf 82' lang='lat' dir='ltr'><strong>emendatus</strong></span> <span class='ocrx_word' id='word_1_631' title='bbox 2727 4155 2818 4215; x_wconf 68' lang='grc' dir='ltr'>τὸν</span> <span class='ocrx_word' id='word_1_632' title='bbox 2839 4155 3235 4228; x_wconf 81' lang='grc' dir='ltr'>ἀποδεδομένον</span> <span class='ocrx_word' id='word_1_633' title='bbox 3259 4155 3439 4222; x_wconf 85' lang='grc' dir='ltr'>λόγον.</span> 
     </span>
    </p>
   </div>
   <div class='ocr_carea' id='block_1_83' title="bbox 466 4268 3668 4331">
    <p class='ocr_par' dir='ltr' id='par_1_83' title="bbox 466 4268 3668 4331">
     <span class='ocr_line' id='line_1_85' title="bbox 466 4268 3668 4331; baseline -0.003 -20"><span class='ocrx_word' id='word_1_634' title='bbox 466 4268 3668 4331; x_wconf 51' lang='lat' dir='ltr'>W</span> 
     </span>
    </p>
   </div>
   <div class='ocr_carea' id='block_1_84' title="bbox 1465 4383 2756 4447">
    <p class='ocr_par' dir='ltr' id='par_1_84' title="bbox 1465 4383 2756 4447">
     <span class='ocr_line' id='line_1_86' title="bbox 1465 4383 2756 4447; baseline -0.005 -4"><span class='ocrx_word' id='word_1_635' title='bbox 1465 4390 1622 4445; x_wconf 88' lang='grc' dir='ltr'><strong>ΤΟΥ</strong></span> <span class='ocrx_word' id='word_1_636' title='bbox 1677 4392 1778 4446; x_wconf 87' lang='lat' dir='ltr'><strong>EN</strong></span> <span class='ocrx_word' id='word_1_637' title='bbox 1835 4394 2113 4447; x_wconf 80' lang='grc' dir='ltr'><strong>ΑΙῚΟῙΣ</strong></span> <span class='ocrx_word' id='word_1_638' title='bbox 2157 4389 2484 4445; x_wconf 84' lang='grc' dir='ltr'><strong>ΠΔΤΡΟΣ</strong></span> <span class='ocrx_word' id='word_1_639' title='bbox 2527 4383 2756 4441; x_wconf 80' lang='grc' dir='ltr'><strong>ΗΜοΝ</strong></span> 
     </span>
    </p>
   </div>
   <div class='ocr_carea' id='block_1_85' title="bbox 1684 4520 2498 4640">
    <p class='ocr_par' dir='ltr' id='par_1_85' title="bbox 1684 4520 2498 4640">
     <span class='ocr_line' id='line_1_87' title="bbox 1684 4520 2498 4640; baseline 0 -5"><span class='ocrx_word' id='word_1_640' title='bbox 1684 4520 2498 4640; x_wconf 88' lang='grc' dir='ltr'><strong>ΒΑΣΙΛΕΙΟΥ</strong></span> 
     </span>
    </p>
   </div>
   <div class='ocr_carea' id='block_1_86' title="bbox 1240 4733 2891 4793">
    <p class='ocr_par' dir='ltr' id='par_1_86' title="bbox 1240 4733 2891 4793">
     <span class='ocr_line' id='line_1_88' title="bbox 1240 4733 2891 4793; baseline -0.005 -1"><span class='ocrx_word' id='word_1_641' title='bbox 1240 4738 1847 4793; x_wconf 81' lang='grc' dir='ltr'><strong>ΑΡΧΙΕΙΙῙΣΚΟΠΟΥ</strong></span> <span class='ocrx_word' id='word_1_642' title='bbox 1891 4738 2336 4793; x_wconf 81' lang='grc' dir='ltr'><strong>ΚΑΙΣΑΡΕΙΑΣ</strong></span> <span class='ocrx_word' id='word_1_643' title='bbox 2379 4733 2891 4790; x_wconf 75' lang='grc' dir='ltr'><strong>ΚΑΠΠΑΔΟΚΙΑΣ</strong></span> 
     </span>
    </p>
   </div>
   <div class='ocr_carea' id='block_1_87' title="bbox 789 4897 3382 5045">
    <p class='ocr_par' dir='ltr' id='par_1_87' title="bbox 789 4897 3382 5045">
     <span class='ocr_line' id='line_1_89' title="bbox 789 4897 3382 5045; baseline -0.005 -54"><span class='ocrx_word' id='word_1_644' title='bbox 789 4901 1358 4991; x_wconf 85' lang='grc' dir='ltr'><strong>ΚΕΦΑΛΑΙΑ</strong></span> <span class='ocrx_word' id='word_1_645' title='bbox 1427 4904 1656 4990; x_wconf 85' lang='grc' dir='ltr'><strong>ΤΩΝ</strong></span> <span class='ocrx_word' id='word_1_646' title='bbox 1729 4903 2021 4992; x_wconf 85' lang='grc' dir='ltr'>ΟΡΩΝ</span> <span class='ocrx_word' id='word_1_647' title='bbox 2095 4900 2324 4986; x_wconf 86' lang='grc' dir='ltr'><strong>ΤΩΝ</strong></span> <span class='ocrx_word' id='word_1_648' title='bbox 2386 4897 2684 4983; x_wconf 88' lang='grc' dir='ltr'><strong>ΚΑΤΑ</strong></span> <span class='ocrx_word' id='word_1_649' title='bbox 2752 4897 3382 5045; x_wconf 63' lang='lat' dir='ltr'><strong>El:IITOMHN.</strong></span> 
     </span>
    </p>
   </div>
   <div class='ocr_carea' id='block_1_88' title="bbox 892 5047 2451 5245">
    <p class='ocr_par' dir='ltr' id='par_1_88' title="bbox 892 5047 2451 5245">
     <span class='ocr_line' id='line_1_90' title="bbox 892 5047 2451 5245; baseline -0.006 0"><span class='ocrx_word' id='word_1_650' title='bbox 892 5130 1454 5245; x_wconf 73' lang='lat' dir='ltr'><strong>SANCTI‘</strong></span> <span class='ocrx_word' id='word_1_651' title='bbox 1508 5131 2029 5243; x_wconf 84' lang='lat' dir='ltr'><strong>PATRIS</strong></span> <span class='ocrx_word' id='word_1_652' title='bbox 2064 5047 2451 5242; x_wconf 55' lang='grc' dir='ltr'><strong>-ΝΟΞῚ</strong></span> 
     </span>
    </p>
   </div>
   <div class='ocr_carea' id='block_1_89' title="bbox 1702 5047 3261 5245">
    <p class='ocr_par' dir='ltr' id='par_1_89' title="bbox 1702 5047 3261 5243">
     <span class='ocr_line' id='line_1_91' title="bbox 1702 5047 3261 5243; baseline -0.004 0"><span class='ocrx_word' id='word_1_653' title='bbox 1702 5131 2029 5243; x_wconf 84' lang='lat' dir='ltr'><strong>TRIS</strong></span> <span class='ocrx_word' id='word_1_654' title='bbox 2064 5047 2643 5242; x_wconf 59' lang='grc' dir='ltr'>’Νοετιιι</span> <span class='ocrx_word' id='word_1_655' title='bbox 2739 5121 3261 5237; x_wconf 89' lang='lat' dir='ltr'><strong>BASlLII</strong></span> 
     </span>
    </p>
   </div>
   <div class='ocr_carea' id='block_1_90' title="bbox 1334 5325 2784 5393">
    <p class='ocr_par' dir='ltr' id='par_1_90' title="bbox 1334 5325 2784 5393">
     <span class='ocr_line' id='line_1_92' title="bbox 1334 5325 2784 5393; baseline -0.008 0"><span class='ocrx_word' id='word_1_656' title='bbox 1334 5335 1710 5393; x_wconf 66' lang='lat' dir='ltr'><strong>CESAREJE</strong></span> <span class='ocrx_word' id='word_1_657' title='bbox 1751 5333 2217 5392; x_wconf 72' lang='lat' dir='ltr'><strong>CAPPADOCLE</strong></span> <span class='ocrx_word' id='word_1_658' title='bbox 2257 5325 2784 5387; x_wconf 79' lang='lat' dir='ltr'><strong>AllCHlEPlSCOPl</strong></span> 
     </span>
    </p>
   </div>
   <div class='ocr_carea' id='block_1_91' title="bbox 659 5483 3518 5582">
    <p class='ocr_par' dir='ltr' id='par_1_91' title="bbox 659 5483 3518 5582">
     <span class='ocr_line' id='line_1_93' title="bbox 659 5483 3518 5582; baseline -0.003 -1"><span class='ocrx_word' id='word_1_659' title='bbox 659 5490 1083 5581; x_wconf 85' lang='lat' dir='ltr'><strong>CAPITA</strong></span> <span class='ocrx_word' id='word_1_660' title='bbox 1164 5491 1899 5582; x_wconf 82' lang='lat' dir='ltr'><strong>REGULARUM</strong></span> <span class='ocrx_word' id='word_1_661' title='bbox 1975 5487 2497 5582; x_wconf 81' lang='lat' dir='ltr'><strong>BBEVIUS</strong></span> <span class='ocrx_word' id='word_1_662' title='bbox 2574 5483 3518 5576; x_wconf 80' lang='lat' dir='ltr'><strong>TRACTATARUM.</strong></span> 
     </span>
    </p>
   </div>
   <div class='ocr_carea' id='block_1_92' title="bbox 451 5701 2010 5780">
    <p class='ocr_par' dir='ltr' id='par_1_92' title="bbox 451 5701 2010 5780">
     <span class='ocr_line' id='line_1_94' title="bbox 451 5701 2010 5780; baseline 0.001 -17"><span class='ocrx_word' id='word_1_663' title='bbox 451 5701 606 5777; x_wconf 59' lang='lat' dir='ltr'><strong>E0],</strong></span> <span class='ocrx_word' id='word_1_664' title='bbox 644 5703 666 5757; x_wconf 83' lang='lat' dir='ltr'><strong>l</strong></span> <span class='ocrx_word' id='word_1_665' title='bbox 701 5704 787 5758; x_wconf 80' lang='lat' dir='ltr'><strong>An</strong></span> <span class='ocrx_word' id='word_1_666' title='bbox 815 5704 978 5760; x_wconf 84' lang='lat' dir='ltr'><strong>liceat</strong></span> <span class='ocrx_word' id='word_1_667' title='bbox 1025 5714 1118 5761; x_wconf 87' lang='lat' dir='ltr'><strong>aut</strong></span> <span class='ocrx_word' id='word_1_668' title='bbox 1169 5709 1421 5778; x_wconf 78' lang='lat' dir='ltr'><strong>expediat</strong></span> <span class='ocrx_word' id='word_1_669' title='bbox 1476 5710 1754 5780; x_wconf 85' lang='lat' dir='ltr'><strong>cuipiam.</strong></span> <span class='ocrx_word' id='word_1_670' title='bbox 1815 5720 1874 5765; x_wconf 92' lang='lat' dir='ltr'><strong>ut</strong></span> <span class='ocrx_word' id='word_1_671' title='bbox 1918 5714 2010 5767; x_wconf 71' lang='lat' dir='ltr'><strong>sili‘</strong></span> 
     </span>
    </p>
   </div>
   <div class='ocr_carea' id='block_1_93' title="bbox 2123 5701 3682 5780">
    <p class='ocr_par' dir='ltr' id='par_1_93' title="bbox 2127 5703 3682 5779">
     <span class='ocr_line' id='line_1_95' title="bbox 2127 5703 3682 5779; baseline -0.009 -10"><span class='ocrx_word' id='word_1_672' title='bbox 2127 5719 2174 5769; x_wconf 79' lang='grc' dir='ltr'>α’</span> <span class='ocrx_word' id='word_1_673' title='bbox 2204 5712 2266 5765; x_wconf 81' lang='lat' dir='ltr'><strong>Ei</strong></span> <span class='ocrx_word' id='word_1_674' title='bbox 2301 5709 2506 5774; x_wconf 77' lang='grc' dir='ltr'>ἔξεστιν</span> <span class='ocrx_word' id='word_1_675' title='bbox 2538 5706 2570 5778; x_wconf 79' lang='grc' dir='ltr'>ἢ</span> <span class='ocrx_word' id='word_1_676' title='bbox 2601 5705 2868 5778; x_wconf 80' lang='grc' dir='ltr'>συμφέρει</span> <span class='ocrx_word' id='word_1_677' title='bbox 2899 5707 3005 5761; x_wconf 72' lang='grc' dir='ltr'>τινὶ</span> <span class='ocrx_word' id='word_1_678' title='bbox 3038 5703 3215 5776; x_wconf 81' lang='grc' dir='ltr'>ἑαυτῷ</span> <span class='ocrx_word' id='word_1_679' title='bbox 3250 5709 3582 5779; x_wconf 76' lang='grc' dir='ltr'>ἐπιτρέπειν,</span> <span class='ocrx_word' id='word_1_680' title='bbox 3609 5703 3682 5756; x_wconf 74' lang='grc' dir='ltr'>καὶ</span> 
     </span>
    </p>
   </div>
   <div class='ocr_carea' id='block_1_94' title="bbox 519 5797 2078 5876">
    <p class='ocr_par' dir='ltr' id='par_1_94' title="bbox 519 5797 2018 5876">
     <span class='ocr_line' id='line_1_96' title="bbox 519 5797 2018 5876; baseline 0.007 -26"><span class='ocrx_word' id='word_1_681' title='bbox 519 5797 799 5867; x_wconf 85' lang='lat' dir='ltr'><strong>permittat</strong></span> <span class='ocrx_word' id='word_1_682' title='bbox 826 5808 920 5854; x_wconf 86' lang='lat' dir='ltr'><strong>aut</strong></span> <span class='ocrx_word' id='word_1_683' title='bbox 949 5799 1129 5856; x_wconf 80' lang='lat' dir='ltr'><strong>facere</strong></span> <span class='ocrx_word' id='word_1_684' title='bbox 1157 5808 1250 5856; x_wconf 88' lang='lat' dir='ltr'><strong>aut</strong></span> <span class='ocrx_word' id='word_1_685' title='bbox 1289 5802 1469 5858; x_wconf 88' lang='lat' dir='ltr'><strong>dicere</strong></span> <span class='ocrx_word' id='word_1_686' title='bbox 1497 5820 1616 5872; x_wconf 72' lang='lat' dir='ltr'><strong>qua:</strong></span> <span class='ocrx_word' id='word_1_687' title='bbox 1651 5805 1793 5859; x_wconf 82' lang='lat' dir='ltr'><strong>bona</strong></span> <span class='ocrx_word' id='word_1_688' title='bbox 1827 5816 2018 5876; x_wconf 79' lang='lat' dir='ltr'><strong>putat,</strong></span> 
     </span>
    </p>
   </div>
   <div class='ocr_carea' id='block_1_95' title="bbox 2123 5797 3682 5876">
    <p class='ocr_par' dir='ltr' id='par_1_95' title="bbox 2195 5798 3682 5871">
     <span class='ocr_line' id='line_1_97' title="bbox 2195 5798 3682 5871; baseline -0.007 -14"><span class='ocrx_word' id='word_1_689' title='bbox 2195 5805 2366 5856; x_wconf 85' lang='grc' dir='ltr'>ποιεῖν</span> <span class='ocrx_word' id='word_1_690' title='bbox 2403 5802 2436 5870; x_wconf 76' lang='grc' dir='ltr'><strong>ἢ</strong></span> <span class='ocrx_word' id='word_1_691' title='bbox 2478 5799 2656 5868; x_wconf 81' lang='grc' dir='ltr'>λέγειν</span> <span class='ocrx_word' id='word_1_692' title='bbox 2696 5798 2733 5852; x_wconf 78' lang='grc' dir='ltr'><strong>ἀ</strong></span> <span class='ocrx_word' id='word_1_693' title='bbox 2771 5799 2979 5868; x_wconf 80' lang='grc' dir='ltr'>νομίζει</span> <span class='ocrx_word' id='word_1_694' title='bbox 3025 5799 3181 5863; x_wconf 79' lang='grc' dir='ltr'>καλὰ,</span> <span class='ocrx_word' id='word_1_695' title='bbox 3213 5799 3349 5855; x_wconf 73' lang='grc' dir='ltr'>ἄνευ</span> <span class='ocrx_word' id='word_1_696' title='bbox 3379 5799 3475 5871; x_wconf 80' lang='grc' dir='ltr'>τῆς</span> <span class='ocrx_word' id='word_1_697' title='bbox 3509 5813 3682 5870; x_wconf 72' lang='grc' dir='ltr'>μαρτυ-</span> 
     </span>
    </p>
   </div>
   <div class='ocr_carea' id='block_1_96' title="bbox 522 5888 2081 5964">
    <p class='ocr_par' dir='ltr' id='par_1_96' title="bbox 522 5888 1850 5964">
     <span class='ocr_line' id='line_1_98' title="bbox 522 5888 1850 5964; baseline 0.007 -23"><span class='ocrx_word' id='word_1_698' title='bbox 522 5889 656 5942; x_wconf 80' lang='lat' dir='ltr'><strong>citra</strong></span> <span class='ocrx_word' id='word_1_699' title='bbox 683 5888 1053 5944; x_wconf 87' lang='lat' dir='ltr'><strong>testimonium</strong></span> <span class='ocrx_word' id='word_1_700' title='bbox 1080 5890 1379 5948; x_wconf 82' lang='lat' dir='ltr'><strong>divinarum</strong></span> <span class='ocrx_word' id='word_1_701' title='bbox 1419 5893 1850 5964; x_wconf 80' lang='lat' dir='ltr'><strong>Scripturarum.</strong></span> 
     </span>
    </p>
   </div>
   <div class='ocr_carea' id='block_1_97' title="bbox 1562 5888 3121 5964">
    <p class='ocr_par' dir='ltr' id='par_1_97' title="bbox 1562 5889 3121 5964">
     <span class='ocr_line' id='line_1_99' title="bbox 1562 5889 3121 5964; baseline -0.001 -18"><span class='ocrx_word' id='word_1_702' title='bbox 1562 5902 1850 5950; x_wconf 67' lang='lat' dir='ltr'><strong>iturarum.</strong></span> <span class='ocrx_word' id='word_1_703' title='bbox 2197 5895 2319 5964; x_wconf 81' lang='grc' dir='ltr'>ρξας</span> <span class='ocrx_word' id='word_1_704' title='bbox 2345 5893 2448 5948; x_wconf 77' lang='grc' dir='ltr'>τῶν</span> <span class='ocrx_word' id='word_1_705' title='bbox 2481 5889 2848 5945; x_wconf 79' lang='grc' dir='ltr'>θεοπνεύστων</span> <span class='ocrx_word' id='word_1_706' title='bbox 2875 5891 3121 5962; x_wconf 63' lang='grc' dir='ltr'>Γραφῶν.</span> 
     </span>
    </p>
   </div>
  </div>
