3948 6240
273 402 415 459 1053

1254 404 1690 461 REGULARUM
1728 382 2131 465 BilEVlOltUM
2167 408 2533 463 (Lamum.

3381 393 3520 451 1054

269 518 312 586 β’
342 516 509 570 Ποίαν
563 517 851 588 ὁμολογίαν
899 518 1246 574 ἀπαιτεῖσθαι
1291 521 1373 574 δεῖ
1423 526 1553 595 παρ’
1604 524 1843 595 ἀλλήλων

2010 526 2232 593 Qualem
2264 525 2661 596 professionem
2717 538 2748 577 a
2800 538 2859 579 se
2924 527 3114 576 mutuo
3171 516 3392 586 exigere
3424 513 3521 568 de-

224 666 230 681 !
338 609 466 671 τοὺς
504 608 596 660 ἐπὶ
627 607 690 660 τὸ
722 608 854 661 αὐτὸ
876 609 974 679 ζῇν
1007 609 1150 663 κατὰ
1179 610 1311 663 Θεὸν
1348 611 1722 682 βουλομένους.

267 718 303 771 γ
354 701 458 754 Τὸν
498 700 880 772 ἁμαρτάνοντα
924 700 1041 765 πῶς
1084 702 1505 775 ἐπιστρέψομεν,
1539 703 1572 775 ἢ
1617 705 1691 775 μὴ
1729 707 1851 757 ὲπι-

342 788 643 862 στρέφοντα
677 789 795 853 πῶς
826 789 971 861 ἔχειν
1005 791 1133 861 χρή.

264 879 308 935 δ’
357 881 485 934 Ἐάν
507 897 588 944 τις
618 880 710 935 καὶ
739 882 819 945 είς
864 880 933 933 τὰ
978 881 1087 953 (58)
1118 880 1289 953 μιικρὰ
1322 882 1689 953 ἁμαρτήματα
1728 899 1850 935 στε-

207 968 219 988 ¹
342 973 557 1043 νοχωρῇ
589 971 713 1034 τοὺς
740 970 1019 1040 ἀδελφοὺς,
1050 971 1221 1041 λέγων
1250 973 1353 1037 ὅτι,
1385 971 1655 1042 Ὀφείλετε
1686 989 1853 1044 μετα-

342 1059 558 1131 νοῆσαι,
598 1060 807 1132 μήποτε
847 1060 945 1114 καὶ⁸
984 1061 1146 1125 αὐτὸς
1182 1061 1524 1132 ἄσπλαγχνός
1566 1063 1679 1114 ἐστι
1701 1102 1717 1127 ,
1759 1060 1854 1115 καὶ

2018 619 2147 673 bent
2172 658 2187 683 ,
2218 620 2313 689 qui
2362 619 2525 674 simul
2566 615 2868 675 secundum
2902 613 3069 669 Deum
3102 611 3282 664 vivere
3310 605 3521 660 volunt.

1952 713 1987 767 5
2012 711 2296 778 Quomodo
2327 720 2712 767 convertemus
2746 718 3055 781 peccantem
3080 744 3095 764 ,
3132 708 3225 756 aut
3250 694 3525 770 quomodo

2028 820 2158 876 erga
2192 821 2316 859 eum
2345 804 2439 874 qui
2465 820 2522 859 se
2545 818 2655 858 non
2684 800 2974 864 convertit,
3006 794 3144 850 allici
3178 791 3461 847 debemus.

1952 900 1987 954 4
2018 897 2077 952 Si
2110 899 2236 968 quis
2285 896 2452 950 etiam
2489 895 2560 949 ob
2615 895 2753 948 levia
2808 899 3029 962 peccata
3084 893 3275 956 urgeat
3329 880 3526 935 fratres

2015 989 2251 1050 dicens,
2301 983 2679 1057 ptenitentiam
2727 982 2795 1036 ab
2849 980 2983 1050 ipsis
3041 991 3164 1033 esse
3216 970 3522 1044 agendam,

2028 1080 2276 1150 nunquid
2322 1086 2377 1135 et
2404 1079 2523 1148 ipse
2553 1074 2947 1132 immisericors
2984 1076 3099 1135 est,
3126 1075 3181 1124 et
3203 1065 3523 1122 charitatem

341 1150 444 1221 τὴν
477 1151 697 1223 ἀγάπην
724 1151 1004 1207 καταλύει.

266 1247 308 1292 ε’
346 1240 474 1305 Πῶς
500 1242 702 1313 ὀφείλει
741 1262 825 1309 τις
868 1244 1200 1317 μετανοῆσαι
1242 1245 1326 1314 ἐφ’
1357 1245 1570 1317 ἑκάστῳ
1601 1246 1849 1318 ἁμαρτή-

2021 1263 2153 1331 Quze
2200 1264 2401 1334 cuique
2452 1276 2549 1333 pro
2586 1274 2805 1331 quoque
2852 1263 3081 1328 peccato
3109 1250 3316 1324 agenda
3345 1245 3526 1319 paeni-

344 1350 458 1404 ματ
466 1353 502 1389 ι.

2022 1356 2191 1410 tentia
2217 1356 2308 1413 sit.

269 1437 324 1495 ς’
364 1431 424 1485 Ὀ
476 1432 618 1504 λόγῳ
667 1434 943 1505 ὁμολογῶν
997 1437 1307 1506 μετανοεῖν,
1355 1435 1414 1487 τὸ
1463 1434 1518 1488 δὲ
1551 1435 1853 1507 ἁμάρτημα

2016 1444 2119 1511 Qui
2154 1446 2337 1501 verbis
2367 1446 2659 1501 conﬁtetur
2681 1460 2740 1501 se
2769 1444 3057 1514 pcenitere,
3083 1444 3365 1509 peccatum
3393 1447 3522 1488 vero

347 1525 424 1595 μὴ
458 1525 855 1597 διορθούμενος,
891 1528 1134 1590 ποταπὸς
1167 1528 1334 1581 ἐστιν.

2026 1549 2135 1588 non
2159 1535 2419 1605 corrigit,
2455 1533 2765 1604 cujusmodi
2787 1539 2892 1588 est.

270 1612 317 1681 ζ’
347 1617 414 1668 Τί
462 1615 525 1670 τὸ
563 1620 737 1689 κρῖμα
789 1617 898 1672 τῶν
943 1617 1301 1674 ὲκδικούντων
1348 1620 1474 1683 τοὺς
1513 1619 1855 1690 ἁμαρτάνον-

2021 1624 2305 1692 Quodnam
2354 1628 2423 1682 sit
2454 1627 2725 1697 judicium
2772 1625 3038 1679 adversus
3085 1634 3181 1675 eos
3218 1615 3310 1686 qui
3342 1612 3531 1669 defen-

347 1726 470 1770 τας.
982 1710 983 1713 “

2025 1720 2164 1773 dunt
2190 1727 2497 1790 peccantes.
3151 1762 3160 1772 .

1957 1808 1990 1863 8
2019 1807 2190 1875 Quem
2246 1824 2372 1865 vere
2430 1808 2697 1880 paenitet,
2756 1804 3030 1877 quomodo
3080 1803 3129 1859 is
3182 1794 3531 1870 recipiendus

1883 1890 1926 1943 Β
2022 1910 2126 1954 est.

273 1996 303 2048 θ
352 1994 500 2066 Πρὸς
540 1995 631 2049 τὸν
673 1998 1019 2069 ἁμετανόητα
1054 1999 1433 2071 ἁμαρτάνοντα
1461 1998 1577 2063 πῶς
1603 1999 1856 2053 διατεθῶ-
1956 1993 1990 2047 9
2018 1989 2302 2057 Quomodo
2345 2003 2473 2058 erga
2505 2002 2630 2043 eum
2676 1987 2768 2057 qui
2811 1988 2948 2043 citra
2991 1983 3365 2057 pmnitentiam
3406 1991 3533 2048 pec.

352 2104 478 2155 μεν.

2028 2087 2138 2143 cat,
2178 2078 2497 2133 afﬁciamur.

274 2182 303 2231 t'
334 2154 500 2247 Ψυχὴ
535 2177 592 2227 ὲν
624 2174 922 2245 ἁμαρτίαις
954 2175 1175 2240 πολλαῖς
1216 2178 1679 2249 ταλαιπωρήσασα
1720 2180 1857 2251 μετὰ

2010 2170 2027 2226 )
2059 2170 2275 2236 Quanto
2304 2183 2428 2222 cum
2464 2173 2722 2230 tremore,
2756 2161 3087 2233 quantisque
3116 2173 3241 2214 cum
3279 2154 3535 2228 lacrymis

347 2266 596 2320 ποταποῦ
650 2266 815 2334 φόϐου
880 2268 974 2321 καὶ
1038 2269 1296 2323 ποταπῶν
1355 2270 1605 2343 δακρύων
1656 2250 1859 2343 ὀφείλει

2028 2261 2283 2317 recedere
2326 2259 2485 2314 debet
2532 2273 2562 2311 a
2613 2255 2853 2327 peccatis
2911 2253 3127 2317 anima,
3187 2265 3308 2322 quae
3338 2250 3536 2305 misere

344 2356 704 2425 ἀναχωρῆσαι
736 2355 842 2408 τῶν
878 2357 1309 2428 ἁμαρτημάτων.

2029 2354 2270 2407 volutata
2302 2359 2386 2405 est
2416 2352 2469 2403 in
2495 2350 2682 2403 multis
2712 2349 2967 2418 peccatis.

276 2450 347 2505 ια’
376 2449 504 2511 Πῶς
542 2448 798 2519 κατορθοῖ
819 2466 903 2512 τις
933 2450 994 2503 τὸ
1022 2454 1177 2521 μῖσος
1212 2453 1345 2523 πρὸς
1371 2452 1439 2505 τά
1465 2452 1858 2523 ἁμαρτήματα.

2010 2445 2022 2497 l
2063 2444 2346 2510 Quomodo
2375 2442 2551 2497 oderit
2580 2442 2704 2512 quis
2732 2448 2973 2510 peccata.

277 2541 343 2607 ιβ’
381 2538 506 2601 Πῶς
552 2539 939 2611 πληροφορηθῇ
984 2544 1017 2612 ἡ
1073 2542 1240 2615 ψυχὴ,
1290 2545 1372 2597 ὅτι
1412 2546 1619 2615 ἀφῆκεν
1652 2545 1789 2615 αὐτῇ
1833 2547 1861 2598 ὁ

2010 2537 2031 2590 ἰ
2069 2536 2354 2602 Quomodo
2383 2549 2702 2606 persuasum
2755 2546 2879 2587 esse
2916 2537 3094 2601 potest
3122 2527 3337 2591 animae,
3368 2524 3538 2579 Deum

2023 1170 2291 1226 dissolvit.

270 1806 321 1870 η’
352 1800 458 1852 Τὸν
487 1796 845 1870 μετανοοῦντα
875 1799 1113 1873 γνησίως
1153 1800 1269 1865 πῶς
1304 1799 1693 1872 προσδέχεσθαι
1725 1802 1853 1873 χρή.

346 2631 483 2693 Θεὸς
514 2629 582 2683 τὰ
618 2632 835 2703 ἁμαρτή
846 2650 1009 2702 ματα.

280 2725 347 2785 ιγ’
382 2718 443 2769 Et
489 2716 595 2787 χρὴ
638 2718 729 2771 τὸν
784 2720 921 2788 μετὰ
968 2723 1028 2775 τὸ
1083 2723 1365 2794 βάπτισμα
1414 2724 1865 2797 ἐξαμαρτήσαντα

345 2809 746 2877 ἀπογινώσκειν
792 2812 891 2880 τῆς
943 2815 1135 2868 ἑαυτοῦ
1200 2818 1508 2888 σωτηρίας,
1558 2819 1615 2870 ὲν
1671 2818 1863 2887 πλήθει

346 2899 535 2952 κακῶν
552 2899 862 2970 εὑρεθέντα⁸
883 2902 914 2973 ἦ
932 2903 1034 2967 ἕως
1057 2905 1164 2975 (50)
1188 2907 1337 2959 ποίου
1364 2908 1561 2979 μέτρου
1582 2907 1865 2978 ἁμαρτιῶν

348 2990 667 3053 ὲπελπίζειν
694 2992 800 3063 χρὴ
829 2996 890 3065 τῇ
920 2995 1012 3047 τοῦ
1053 2996 1185 3051 Θεοῦ
1231 2999 1607 3070 φιλανθρωπίᾳ
1643 2998 1730 3051 διὰ
1769 3000 1866 3069 τῆς

352 3081 647 3149 μετανοίας
657 3121 668 3131 .

280 3170 340 3231 ιδ’
384 3173 480 3224 Ἐκ
528 3172 693 3225 ποίων
735 3170 963 3241 καρπῶν
1005 3172 1209 3227 ὀφείλει
1238 3175 1624 3245 δοκιμάζεσθαι
1659 3180 1692 3250 ἡ
1740 3180 1868 3252 ἀλη-

351 3266 453 3333 θὴς
486 3266 770 3334 μετάνοια.

279 3342 339 3410 ιέ¹
372 3357 440 3409 Τί
466 3359 581 3410 ἐστι
607 3356 687 3417 τὸ,
719 3353 984 3416 Ποσάκις
1013 3350 1245 3421 ἁμάρτῃ
1284 3369 1372 3418 ε.ς
1401 3353 1505 3421 ἐμὲ
1537 3357 1570 3407 ὁ
1607 3354 1871 3423 ἀδελφός

344 3465 488 3516 μου,
514 3446 613 3501 καὶ
638 3444 855 3515 ἀφήσω
886 3442 1066 3509 αὐτῷ.

280 3552 357 3609 ις’
398 3542 499 3595 Διὰ
534 3540 587 3593 τί
630 3541 759 3594 ποτὲ
805 3540 904 3611 μὲν
951 3540 984 3610 ὴ
1028 3539 1174 3611 ψυχὴ
1211 3541 1304 3593 καί
1345 3539 1419 3611 μὴ
1463 3538 1865 3606 σπουδάζουσα,

350 3633 677 3702 αὐτομάτως
721 3631 907 3704 σχεδὸν
945 3631 1275 3702 ἐμπεσόντος
1321 3632 1503 3691 πόνου,
1536 3632 1872 3686 κατανύσσε-

352 3740 466 3784 ται,
513 3722 646 3775 ποτὲ
686 3721 744 3775 δὲ
789 3722 987 3786 ἄπονος
1032 3721 1205 3785 οὕτως
1248 3724 1415 3785 ἐστὶν,
1452 3723 1529 3787 ὡς
1572 3724 1666 3777 καὶ
1700 3723 1875 3794 βιαζο-

358 3816 497 3885 μένη
531 3812 898 3883 κατανυγῆναι
930 3812 1305 3885 μὴδύνασθαι.

286 3907 351 3971 ιζ’
398 3905 527 3958 Ἐάν
556 3921 640 3968 τις
663 3902 802 3959 κατὰ
832 3904 956 3957 νοῦν
989 3905 1338 3977 μνημονεύσῃ
1386 3904 1480 3959 τοῦ
1517 3906 1731 3975 φαγεῖν,
1757 3901 1874 3959 εἶτα

360 3995 618 4066 καταγνῷ
664 3994 896 4061 ἑαυτοῦ,
951 3997 998 4048 εί
1058 3997 1152 4050 καὶ
1205 3988 1358 4059 οὗτος
1406 3996 1482 4059 ὡς
1537 3996 1877 4068 μεριμνήσας

358 4088 601 4159 ἐγκληθή
610 4104 778 4141 σεται.

290 4182 359 4251 ιη’
403 4180 467 4233 Εἰ
510 4178 618 4249 χρὴ
663 4179 722 4230 ὲν
770 4172 1089 4243 ἀδελφότητι
1130 4168 1209 4240 τῷ
1262 4168 1699 4240 ἐξαμαρτήσαντί
1746 4185 1876 4221 ποτε

364 4270 622 4341 φροντίδα
654 4267 775 4329 τινὰ
817 4263 1138 4336 ἐγχειρίζειν
1180 4260 1317 4331 μετὰ
1363 4259 1564 4330 πολλὴν
1612 4258 1875 4330 ἄσκησιν·

361 4362 458 4415 καὶ
485 4361 535 4413 εί
566 4360 696 4431 χρὴ,
738 4358 895 4411 ποίαν
918 4354 1141 4423 ταύτην.
1501 4426 1561 4435 ἢ
1588 4424 1599 4425 7

292 4546 357 4606 t’J'
402 4545 528 4598 Ἐάν
571 4562 652 4608 τις
694 4542 1063 4613 ύποπτεύηται
1115 4541 1208 4594 ἐπὶ
1250 4540 1629 4610 ἁμαρτήματι,
1667 4552 1875 4608 προφα-

363 4634 470 4697 νῶς
500 4634 555 4686 δὲ
588 4634 747 4686 τοῦτο
775 4633 848 4702 μὴ
886 4633 1034 4701 ποιῇ,
1073 4631 1120 4681 εἰ
1156 4628 1235 4683 δεῖ
1270 4628 1431 4681 αὑτὸν
1469 4628 1765 4697 ἐπιτηρεῖν,
1795 4626 1880 4679 ἵνα

364 4725 459 4787 καὶ
488 4724 758 4795 ὲφευρεθῇ
782 4723 810 4775 ὃ
844 4720 1228 4783 ὑποπτεύεται.

292 4912 341 4957 κ’
370 4906 433 4957 Ei
462 4903 569 4975 χρὴ
599 4903 691 4957 τὸν
719 4905 776 4957 ὲν
806 4901 1100 4974 ἁμαρτίαις
1139 4897 1495 4963 ἐξετασθέντα
1531 4895 1753 4965 φεύγειν
1784 4893 1882 4965 τὴν

366 4996 505 5067 πρὸς
537 4996 664 5058 τοὺς
703 4994 1040 5066 ἑτεροδόξους
1065 4991 1366 5050 κοινωνίαν,
1394 4989 1426 5059 ἢ
1460 4991 1550 5040 καὶ
1586 4988 1722 5059 πρὸς
1757 4985 1883 5049 τοὺς

365 5089 553 5152 κακῶς
578 5087 785 5153 ζῶντας
815 5086 1204 5159 διακρίνεσθαι.

291 5189 377 5242 καί
411 5179 581 5234 Πόθεν
601 5180 628 5232 ὁ
653 5179 1024 5250 μετεωρισμὸς
1045 5178 1139 5231 καὶ
1166 5178 1212 5230 οἱ
1234 5173 1570 5243 διαλογισμοί
1589 5189 1602 5201 °
1637 5172 1729 5225 καὶ
1762 5169 1879 5234 πῶς

365 5273 564 5333 αὐτοὺς
593 5270 1018 5342 διορθωσόμεθα.

294 5363 377 5433 ιβ’
413 5364 585 5418 Πόθεν
624 5364 687 5422 at.
724 5363 1037 5435 νυκτεριναὶ
1074 5360 1365 5419 φαντασίαι
1412 5360 1467 5415 αἱ
1509 5358 1777 5422 ἀπρεπεῖς
1797 5354 1881 5424 γί-

366 5472 571 5515 νονται,

297 5553 381 5613 κγ’
410 5549 556 5611 Ἕως
582 5546 754 5601 ποίων
790 5543 1049 5617 ῥημάτων
1076 5544 1109 5614 ἡ
1137 5538 1710 5621 ὰργολογίανκρίνεται.

367 5683 433 5714 ⁸¹’
462 5681 656 5736 Matth.
682 5696 842 5744 xviii,
869 5680 962 5736 2|.

370 5798 702 5918 (58ὶὶΕέ1ἰιῐίξ
730 5796 905 5853 Paris.
943 5795 1037 5849 ὲάν
1066 5812 1147 5859 τις
1178 5794 1270 5847 καὶ
1302 5792 1387 5849 τά.
1420 5792 1598 5847 Edilio
1626 5788 1759 5847 Ven.
1790 5788 1884 5842 ὲὲν

370 5888 384 5918 ἷ
416 5888 505 5918 κα.
536 5885 558 5918 ε
586 5884 615 5918 ε
645 5884 733 5918 τα.

304 5886 384 5934 τίς
416 5884 505 5924 και
536 5884 615 5935 εις
645 5884 733 5923 τα.

2036 2626 2138 2680 sibi
2171 2635 2389 2694 peccata
2419 2623 2715 2677 dimisisse.

1968 2716 2032 2770 l3
2066 2716 2169 2779 An,
2206 2715 2297 2783 qui
2331 2722 2453 2784 post
2486 2712 2756 2782 baptisma
2789 2708 3062 2779 peccavit,
3095 2705 3287 2760 debeat
3338 2701 3405 2757 de
3452 2716 3542 2755 sa-

2037 2808 2145 2860 lute
2178 2821 2275 2860 sua
2309 2806 2621 2875 desperare.
2652 2802 2887 2856 maxime
2917 2800 2966 2854 si
3001 2815 3056 2852 tn
3090 2797 3276 2850 multis
3306 2795 3543 2864 peccatis

2038 2897 2413 2967 deprehensus
2452 2896 2652 2950 fuerit:
2692 2895 2774 2949 vel
2804 2906 2980 2963 usque
3010 2890 3075 2944 ad
3112 2904 3275 2959 quam
3322 2902 3545 2940 mensa-

2038 3005 2152 3042 ram
2193 2998 2540 3058 peccatorum
2577 2985 2912 3056 sperandum
2954 2985 3027 3039 sit
3076 2984 3131 3036 in
3174 2982 3268 3037 Dei
3301 2982 3546 3035 bonitate

2038 3096 2133 3150 per
2164 3080 2561 3149 paenitentiam.

1972 3173 2039 3227 M
2066 3172 2143 3226 Ex
2174 3172 2373 3241 quibus
2422 3171 2694 3225 fructibus
2736 3166 2953 3237 probari
3004 3164 3164 3219 debet
3210 3178 3336 3218 vera
3372 3159 3550 3230 paeni-

1993 3318 1995 3320 .
2043 3266 2231 3318 lentia.

1974 3353 2041 3408 15
2074 3351 2213 3419 Quid
2249 3348 2516 3420 signiticet
2574 3346 2714 3400 hoc:
2761 3343 2978 3409 Quoties
3034 3341 3323 3410 peccaverit
3379 3341 3432 3394 in
3472 3356 3552 3396 me

2040 3444 2207 3514 frater
2234 3458 2376 3496 meus
2395 3481 2410 3505 ,
2447 3449 2497 3493 et
2531 3438 2797 3490 dimittam
2818 3437 2865 3488 ei
2886 3435 2928 3466 ⁸⁸
2948 3440 2985 3486 ⁸.

1973 3534 2040 3590 16
2073 3534 2183 3590 Cur
2207 3531 2500 3603 aliquando
2531 3530 2713 3583 anima
2743 3528 2907 3581 etiam
2933 3524 3073 3579 citra
3110 3530 3369 3578 conatum
3400 3538 3554 3579 com-

2045 3626 2322 3697 pungitur,
2342 3624 2530 3679 dolore
2557 3620 2668 3674 fere
2691 3618 3018 3672 naturaliter
3050 3616 3102 3669 in
3136 3630 3196 3670 se
3229 3614 3504 3671 incidente
3530 3631 3547 3681 ;

2044 3716 2337 3787 aliquando
2370 3727 2500 3768 vero
2549 3712 2623 3765 ita
2676 3709 2884 3764 doloris
2918 3722 3113 3777 expers
3140 3714 3261 3770 est,
3299 3715 3357 3760 ut
3385 3707 3551 3761 etiam

2045 3808 2239 3879 quovis
2270 3812 2469 3861 conatu
2502 3802 2767 3865 adhibito,
2796 3800 3087 3870 compungi
3125 3814 3236 3853 non
3286 3798 3479 3868 possit.

1977 3905 2043 3957 17
2076 3903 2131 3958 Si
2164 3902 2288 3972 quis
2323 3899 2609 3955 comedere
2672 3897 2727 3950 in
2772 3894 2957 3949 animo
2999 3892 3251 3948 habuerit
3278 3931 3293 3957 ,
3354 3892 3552 3947 deinde

2046 3991 2494 4049 condenmaverit
2531 4004 2590 4045 se
2620 3988 2840 4058 ipsum,
2901 4001 2970 4040 an
3027 3986 3083 4042 id
3141 3987 3245 4042 sibi
3293 3996 3553 4057 tanquam

2050 4088 2211 4142 anxie
2246 4085 2483 4142 sollicito
2514 4080 2838 4137 vertendum
2872 4080 2943 4137 sit
2974 4080 3127 4135 vitio.

1982 4180 2049 4234 18
2076 4186 2157 4233 An
2205 4194 2305 4249 par
2350 4175 2543 4236 fuerit,
2604 4173 2655 4229 ei
2716 4172 2811 4244 qui
2868 4172 2925 4227 in
2981 4171 3212 4227 fratrum
3276 4179 3553 4226 conventu

2050 4269 2341 4341 aliquando
2391 4267 2661 4337 deliquit,
2693 4280 2895 4319 munus
2936 4262 3158 4335 aliquod
3217 4260 3555 4315 demandare

2051 4371 2174 4433 post
2196 4361 2419 4415 multam
2446 4357 2913 4422 exercitationem,
2947 4364 3002 4411 et
3034 4356 3081 4411 si
3110 4371 3208 4425 par
3241 4355 3354 4419 sit,
3394 4352 3555 4423 quale

2054 4452 2271 4506 tandem
2308 4451 2441 4505 illud
2465 4464 2588 4505 esse
2618 4447 2799 4503 debet.

1989 4545 2054 4600 l9
2084 4544 2139 4599 Si
2166 4548 2289 4614 quis
2320 4544 2467 4598 venit
2496 4542 2550 4596 in
2593 4541 2961 4611 suspicionem
2994 4537 3200 4607 peccati
3224 4576 3239 4596 ,
3267 4533 3428 4605 402
3461 4547 3558 4585 nrc

2056 4646 2240 4691 tamen
2291 4644 2473 4706 aperte
2518 4633 2652 4688 illud
2697 4632 3042 4687 committat:
3091 4627 3335 4697 nunquid
3367 4626 3561 4680 debeat

2057 4732 2105 4784 is
2141 4729 2441 4793 observari,
2476 4739 2537 4781 ut
2565 4724 3006 4798 deprehendatur
3058 4722 3204 4793 quod
3238 4726 3556 4789 suspectum

2054 4833 2157 4877 est.

1987 4912 2057 4965 20
2085 4912 2167 4965 An
2200 4912 2290 4966 ille
2328 4910 2420 4981 qui
2462 4910 2516 4965 in
2545 4908 2789 4980 peccatis
2813 4915 3062 4963 versatus
3094 4902 3277 4967 fuerit,
3310 4898 3563 4967 refugere

2063 5002 2256 5056 debeat
2284 5000 2667 5057 htcreticorum
2710 4998 3052 5057 societatem,
3075 5002 3167 5047 aut
3200 4992 3362 5047 etiam
3397 5004 3564 5059 prave

2056 5086 2356 5140 viventium
2391 5083 2843 5139 consuetudinem
2870 5079 3168 5135 declinare.

1984 5177 2049 5232 21
2092 5174 2246 5231 Unde
2277 5175 2477 5231 mentis
2515 5172 2788 5229 aberratio
2811 5212 2826 5236 ,
2875 5178 2929 5225 et
2971 5169 3134 5224 variae
3160 5164 3520 5237 cogitationes
3542 5199 3560 5226 ,

2056 5276 2111 5325 et
2138 5268 2416 5339 quomodo
2448 5268 2597 5338 ipsas
2623 5266 2986 5337 corrigamus.

1985 5359 2058 5413 22
2087 5358 2241 5415 Unde
2265 5366 2569 5413 nascuntur
2601 5357 2890 5412 inhonesta
2940 5354 3033 5409 illa
3076 5353 3193 5408 visa
3235 5355 3400 5405 noctu
3428 5360 3566 5401 conn

2057 5448 2341 5519 tingentia.

1986 5537 2059 5591 23
2089 5535 2193 5591 Per
2220 5536 2403 5601 qualia
2434 5533 2600 5588 verba
2631 5532 2849 5587 otiosus
2879 5545 3060 5585 sermo
3085 5529 3387 5599 judicatur.

2068 5780 2178 5848 ('59)
2216 5778 2372 5844 Illud,
2409 5777 2445 5845 ἡ
2477 5778 2608 5845 ἕως,
2633 5787 2685 5832 et
2721 5773 2988 5848 quidquid
3018 5772 3266 5848 sequitur
3293 5783 3467 5840 usque
3494 5767 3563 5824 ad

1991 5839 2176 5908 vocem
2201 5839 2546 5919 μεταᾶνοοῖας,
2564 5839 2724 5905 deest
2742 5839 2812 5903 'in
2836 5839 3039 5902 Veneta
3063 5839 3321 5898 editione.
