3948 6240
454 353 598 411 1055
1799 364 1858 422 S.
1899 366 2144 441 BASlLll
2184 366 2399 425 MAGNI
3563 374 3679 432 l056

444 473 517 530 2t
545 474 689 541 Quid
720 486 806 534 est
839 479 1174 539 convicium.

2065 497 2110 551 Α
2138 489 2216 542 κδ’
2249 489 2314 541 Τί
2341 489 2456 542 ἐστι
2485 488 2740 558 λοιδορία.

446 568 521 624 95
552 567 698 635 Quid
727 579 813 626 est
846 571 1201 630 obtrectatio.

2139 587 2218 635 κε’
2245 580 2310 633 Τί
2334 582 2452 634 ἐστι
2476 579 2798 635 καταλαλια.

445 658 518 717 26
551 659 655 728 Qui
694 662 938 721 detrahit
976 664 1135 722 fratri
1159 709 1174 731 .
1209 667 1293 722 vel
1324 665 1478 724 audit
1520 667 1935 749 detrahentem,
1983 686 2004 726 ε

2137 679 2230 737 xc,”
2275 672 2334 726 '0
2368 671 2689 726 καταλαλῶν
2726 671 2983 743 ἀδελφοῦ,
3030 669 3064 744 ἢ
3110 671 3320 729 ἀκούων
3363 674 3678 730 καταλαλῶν-

519 753 755 818 tolerat,
789 771 900 825 qua
932 756 1135 828 dignus
1163 766 1249 814 est
1284 773 1468 829 poena.

2206 781 2318 829 τος,
2346 764 2442 818 καὶ
2468 764 2815 837 ἀνεχόμενος.
2846 766 2990 832 τίνος
3026 768 3175 821 ἐστὶν
3201 767 3346 834 ἄξιος

444 840 517 896 ετ
540 840 607 935 ‘Si
635 844 762 914 quis
788 846 1042 905 detrahat
1078 848 1371 919 praefecto,
1415 850 1695 921 quomodo
1726 849 1830 921 ipsi
1858 857 2003 906 atten

2137 853 2219 920 κζ’
2251 853 2380 909 Ἐὰν
2412 853 2471 908 δὲ
2499 854 2596 909 τοῦ
2637 857 2980 928 προεστῶτος
3021 858 3391 933 καταλαλήσῃ,
3420 860 3528 925 πῶς
3558 863 3679 935 αὐτῷ

519 933 736 992 demus.

2207 945 2567 1019 προσέξομεν.

447 1021 520 1079 28
556 1024 630 1082 De
660 1042 729 1083 eo
773 1030 868 1098 qui
920 1044 1057 1086 voce
1108 1030 1445 1097 audaciora,
1482 1041 1539 1089 et
1569 1031 1756 1089 verbis
1787 1042 2006 1104 petuian

2137 1045 2227 1109 κη’
2253 1038 2390 1111 Περὶ
2421 1039 2514 1093 τοῦ
2549 1039 2862 1116 θρασυτέρᾳ
2903 1045 3054 1115 φωνῇ
3099 1042 3194 1098 καὶ
3229 1043 3430 1117 ῥήμασι
3467 1043 3680 1115 θρασέσιν

523 1116 671 1172 tibus
704 1118 1020 1188 respondet.

2210 1131 2662 1207 ἀποκρινομένου.

446 1206 517 1261 2.9
549 1206 836 1274 Quomodo
861 1213 988 1282 quis
1020 1214 1194 1283 possit
1220 1212 1538 1273 non-irasci.

2137 1220 2219 1275 κθ¹
2256 1206 2403 1293 Ποίφ
2426 1220 2614 1294 τρόπῳ
2642 1221 2851 1294 δυνηθῇ
2881 1239 2963 1286 τις
2995 1221 3071 1293 μὴ
3098 1217 3427 1292 ὀργίζεσθαι.

446 1296 517 1351 '50
544 1298 831 1365 Quomodo
878 1304 1270 1360 exscindamus
1317 1303 1512 1359 vitium
1571 1303 2005 1374 concupiscenti:

2135 1313 2181 1365 λ’
2229 1312 2358 1375 Πῶς
2410 1313 2719 1386 ἐκκόψομεν
2782 1313 2845 1368 τὸ
2903 1312 3076 1377 πάθος
3129 1312 3230 1385 τῆς
3285 1310 3561 1384 ἐπιθυμίας
3599 1312 3679 1384 τῆς

522 1391 700 1446 malae.

2207 1404 2403 1475 κακῆς.

447 1481 511 1535 51
550 1482 632 1536 An
663 1482 843 1538 ridere
879 1497 1109 1555 prorsus
1138 1497 1251 1540 non
1276 1484 1459 1543 liceat.

447 1566 519 1627 πὶ
551 1574 975 1644 lntempestivus
1004 1584 1058 1630 et
1095 1576 1424 1634 immodicus
1450 1593 1620 1652 sopor
1651 1579 1796 1635 unde
1838 1594 2006 1635 nasca

2135 1602 2218 1674 λβ⁹
2257 1604 2316 1657 Ὀ
2351 1604 2583 1674 ἄκαιρος
2611 1566 2719 1656 ’καί
2759 1566 2996 1671 ἄμετρος
3040 1601 3352 1673 νυσταγμδς
3391 1601 3569 1670 πόθεν,
3606 1604 3681 1658 καὶ

517 1675 607 1720 tur
653 1675 708 1720 et
738 1667 1014 1737 quomodo
1042 1669 1223 1739 ipsum
1251 1673 1661 1742 propulsemus.

1343 1673 1661 1742 'Pulscmus-
2172 1667 2183 1674 '
2210 1694 2329 1759 πῶς
2356 1667 2520 1748 αὐτὸν
2546 1667 2902 1763 ἀποθώμεθα.

447 1755 665 1858 bii-Qua.
698 1757 914 1858 ratione
940 1758 1385 1830 deprehendatur
1410 1764 1538 1835 quis
1572 1764 1754 1820 studio
1785 1764 2006 1836 placend

1688 1764 1754 1820 ίίο
1785 1763 2035 1836 ΡῘθοθυδί
2138 1790 2221 1843 λη’
2250 1755 2378 1853 Πίῦς
2410 1788 2692 1858 ἐλέγχεται
2715 1755 3247 1856 δ’ἀνθρωπάρεσκος.

520 1848 838 1905 hominibus
868 1850 1143 1909 obnoxius
1169 1869 1317 1911 esse.
2063 1880 2106 1935 Β

446 1938 517 1995 54
548 1938 836 2008 Quomodo
900 1941 1126 2015 effugiat
1187 1947 1318 2017 quis
1396 1947 1590 2003 vitium
1655 1946 2005 2018 complacend

523 2032 865 2088 hominibus.

2135 1962 2210 2017 λδ*
2239 1962 2367 2027 Πῶς
2396 1961 2546 2034 φύγῃ
2568 1978 2654 2026 τις
2675 1960 2738 2014 τὸ
2765 1958 2938 2023 πάθος
2960 1958 3059 2030 τῆς
3079 1958 3594 2032 ἀνθρωπαρεσκείας.

523 2032 865 2090 hominibus.
2412 2032 2437 2053 δ

449 2123 521 2180 '55
548 2123 671 2192 Quo
724 2134 886 2197 pacto
925 2132 1258 2198 agnoscatur
1315 2129 1624 2198 superbus,
1665 2140 1722 2187 et
1760 2129 2008 2203 quomodg

2136 2138 2210 2193 λε’
2227 2138 2354 2202 Πῶς
2369 2137 2701 2210 γνωρίζεται
2717 2139 2746 2191 δ
2766 2139 3132 2211 ὑπερήφανος,
3152 2138 3186 2211 ἢ
3209 2138 3327 2203 πιῖις
3353 2139 3667 2195 θεοαπεύιται

521 2226 765 2273 curetur.

448 2306 518 2363 56
551 2307 809 2380 Nunquid
838 2308 1018 2364 honos
1048 2308 1380 2378 quaerendus
1409 2311 1502 2368 sit.

1410 2311 1502 2368 sit.
2058 2298 2063 2305 ι
2134 2316 2225 2382 λς’
2256 2317 2321 2371 Ei
2348 2315 2456 2387 χρὴ
2484 2314 2652 2387 τιμὴν
2673 2316 2969 2386 ἐπιζητεῖν.

447 2400 516 2456 37
547 2399 835 2467 Quomodo
858 2398 953 2470 qui
980 2400 1137 2470 piger
1157 2408 1244 2455 est
1270 2400 1340 2456 ad
1383 2400 1706 2459 mandatum
1734 2419 1833 2459 cor
1845 2402 2006 2461 ﬁcien

2136 2411 2212 2474 λς’
2252 2410 2311 2463 '0
2348 2408 2583 2480 ὀκνηρὸς
2616 2408 2755 2480 πρὸς
2780 2407 2879 2478 τὴν
2905 2407 3127 2482 ἐντολὴν
3179 2409 3324 2479 ποίῳ
3352 2423 3527 2480 τροπῳ
3553 2421 3680 2457 σπον-

520 2493 676 2557 dum,
701 2491 1043 2563 diligentiam
1087 2491 1444 2562 studiumque
1470 2495 1646 2564 possit
1679 2511 2033 2565 recuperare.

1310 2507 1444 2562 aque
1470 2495 1646 2564 possit
1679 2511 2033 2565 recuperare.
2207 2502 2303 2574 δὴν
2331 2501 2535 2571 δυνηθῇ
2561 2500 2869 2553 ἀναλαϐεῖν.

448 2584 519 2640 58
550 2583 609 2640 Si
648 2584 1003 2655 praecipiatur
1038 2584 1244 2653 aliquid
1294 2584 1490 2653 fratri,
1538 2594 1596 2643 et
1650 2588 1994 2645 contradicat

2136 2595 2219 2666 λη’
2260 2593 2387 2647 Ἐὰν
2420 2593 2688 2664 ἐπιταχθῇ
2720 2591 2967 2662 ἀδελφὸς,
2997 2590 3092 2644 καὶ
3136 2586 3392 2658 ἀντείπῃ,
3429 2580 3683 2654 ὕστερονᾶ

520 2686 711 2747 postea
743 2692 875 2733 vero
901 2692 933 2731 a
969 2678 1154 2747 scipso
1183 2678 1362 2733 abeat.

1229 2679 1362 2733 beat.
2209 2684 2303 2752 ἀφ’
2331 2681 2526 2737 ἑαυτοῦ
2557 2681 2788 2755 ἀπέλθῃ.

2136 1511 2218 1567 λα’
2245 1514 2310 1565 Εἰ
2338 1511 2570 1565 καθόλου
2597 1509 2762 1580 γελᾷν
2790 1509 2890 1562 οὐκ
2911 1508 3137 1575 ἔξεστιν.

450 2770 521 2824 59
551 2769 606 2824 Si
635 2771 762 2841 quis
790 2770 1055 2825 obediens
1074 2780 1403 2827 murmuret.

2137 2774 2215 2828 λθ¹
2249 2775 2375 2829 Ἐὰν
2395 2774 2454 2827 δὲ
2479 2774 2801 2837 ὑπακούσας
2827 2790 2914 2836 τις
2943 2770 3212 2843 γογγύσῃ.

450 2861 521 2916 40
551 2862 608 2917 Si
634 2865 759 2933 quis
790 2864 960 2917 frater
1000 2863 1158 2917 fratri
1210 2863 1523 2920 molestiam
1556 2865 1813 2920 conficiat
1842 2906 1858 2932 ,
1895 2881 2005 2936 quo

2142 2868 2193 2933 μ’
2230 2862 2358 2916 Ἐὰν
2414 2862 2473 2917 δὲ
2520 2861 2751 2932 ἀδελφὸς
2798 2863 3028 2932 ἀδελφὸν
3076 2861 3321 2932 λυπήσῃ,
3377 2858 3486 2921 πῶς
3523 2855 3683 2925 ὀφείλει

525 2952 685 3009 modo
714 2953 1094 3009 emendandus
1129 2956 1223 3011 sit.

1070 2969 1094 3009 s
1129 2956 1223 3011 sit.
2209 2954 2629 3027 διορθώσασθαι.

450 3046 514 3100 ιι
552 3044 610 3101 Si
636 3048 773 3103 nolit
803 3062 863 3102 se
893 3063 1152 3119 purgare.

2074 3098 2081 3105 .
2142 3053 2234 3118 μα’
2271 3047 2397 3101 Ἐὰν
2428 3048 2485 3101 δὲ
2511 3049 2585 3120 μὴ
2617 3048 2880 3120 ἀνέχηται
2916 3048 3391 3119 ἀπολογήσασθαι.

452 3136 524 3190 42
553 3135 686 3204 Qum
706 3139 847 3191 ratio
874 3137 1108 3193 tenenda
1135 3139 1244 3202 sit,
1278 3139 1325 3195 si
1365 3140 1414 3195 is
1441 3140 1535 3211 qui
1566 3137 1814 3204 offendit,
1844 3155 2011 3209 purge

2144 3138 2230 3208 μβ¹
2272 3139 2398 3192 Ἐὰν
2424 3140 2483 3192 δὲ
2511 3139 2949 3211 ἀπολογουμένου
2978 3139 3073 3194 τοῦ
3104 3140 3465 3212 λυπήσαντος,
3492 3136 3557 3208 μὴ
3586 3132 3685 3201 θέλῃ

526 3245 620 3294 se,
671 3230 719 3286 is
762 3245 893 3285 vero
939 3230 1034 3301 qui
1077 3229 1321 3287 oll'ensus
1347 3241 1470 3298 est,
1534 3233 1673 3287 nolit
1721 3247 1847 3286 cum
1878 3246 1944 3286 eo
1979 3227 2085 3285 iu(

1375 3241 1433 3287 :st
1455 3273 1470 3298 ,
1534 3233 1673 3287 nolit
1721 3247 1847 3286 cum
1878 3246 1944 3286 eo
1979 3232 2035 3285 in
2064 3226 2108 3285 C
2210 3231 2573 3302 διαλλαγῆναι
2600 3236 2628 3286 ὁ
2650 3232 2934 3304 λυπηθείς.

530 3323 762 3393 gratiam
791 3322 995 3379 redire.

453 3415 526 3470 45
555 3413 840 3479 Quomodo
898 3412 1022 3485 quis
1084 3412 1402 3468 auscultare
1462 3410 1662 3466 debeat
1719 3408 2010 3480 expergefa

2144 3411 2233 3484 μγ¹
2257 3411 2385 3475 Πῶς
2419 3411 2624 3479 ὀφείλει
2658 3429 2742 3476 τις
2775 3411 3066 3484 προσέχειν
3094 3409 3176 3481 τῷ
3216 3410 3302 3472 είς
3330 3403 3608 3478 προσευχὴν
3626 3399 3687 3463 ἐξ

527 3506 692 3561 cienti
723 3503 791 3559 ad
820 3505 1180 3576 precandum.

955 3505 1180 3559 andum.
2212 3502 2508 3568 υπνίζοντι.

456 3599 525 3652 Η
561 3596 620 3651 Si
654 3598 702 3652 is
730 3596 825 3666 qui
854 3596 1277 3667 expergefactus
1325 3594 1429 3649 fuit
1472 3610 1538 3649 au
1573 3591 1911 3663 precandum
1949 3596 2014 3647 lia

2145 3597 2226 3669 p.6'
2272 3597 2398 3650 Ἐὰν
2443 3596 2503 3649 δὲ
2545 3594 2820 3667 στυγνάσῃ
2863 3596 2893 3648 ὁ
2926 3592 3271 3661 ἐξυπνισθεὶς
3311 3594 3392 3656 είς
3420 3589 3565 3661 εὐχὴν
3582 3584 3686 3657 (ιο).

529 3700 782 3758 mmstus,
810 3700 906 3746 aut
936 3692 1100 3746 etiam
1131 3690 1427 3753 irascatur,
1468 3702 1577 3758 qua
1608 3686 1812 3740 mult-ta
1843 3683 2045 3755 dignus

1622 3686 1812 3740 mulcta
1843 3683 2045 3755 dignus
2213 3689 2246 3759 ἦ
2280 3688 2374 3742 καὶ
2394 3688 2651 3760 ὀργισθῇ.
2671 3686 2816 3749 τίνος
2837 3686 2987 3739 ἐστὶν
3015 3684 3181 3749 ἄξιος.

527 3792 635 3843 est.

457 3875 527 3932 ιὸ
561 3874 635 3928 De
668 3888 735 3929 eo
782 3871 877 3941 qui
912 3870 1141 3940 negligit
1188 3878 1502 3924 mlernosse
1556 3867 1650 3923 Dei
1697 3869 1930 3939 placita.
1977 3883 2010 3921 n

2149 3875 2230 3940 με’
2255 3867 2393 3939 Περὶ
2416 3864 2512 3920 τοῦ
2541 3864 2873 3937 ἀμελοῦντος
2908 3864 3009 3933 τῆς
3050 3861 3313 3931 γνώσεως
3343 3859 3449 3913 τῶν
3480 3853 3562 3909 τοῦ
3582 3848 3686 3906 Θεοῦ

529 3966 749 4038 gravius
796 3962 1102 4034 plectatur,
1145 3970 1405 4032 tanquam
1438 3961 1531 4031 qui
1557 3960 1907 4031 cognoverit,
1941 3972 2044 4014 nec

2215 3959 2559 4031 θελημάτων,
2602 3958 2691 4011 ἵνα
2744 3958 2818 4029 μὴ
2856 3956 3020 4010 πλέον
3054 3952 3320 4024 κολασθῇ,
3344 3953 3420 4015 ὡς
3456 3948 3596 4018 γνοὺς
3618 3941 3687 3996 καὶ

531 4067 712 4111 tamen
744 4054 955 4109 fecerit.

2220 4050 2294 4121 μὴ
2317 4049 2571 4119 ποιήσας.

457 4150 529 4208 46
562 4149 644 4203 An
671 4148 767 4221 qui
798 4146 966 4200 alium
998 4144 1206 4216 patitur
1233 4156 1464 4213 peccare
1545 4154 1675 4195 reus
1711 4141 1785 4195 sit
1810 4139 2016 4211 peccati

2151 4147 2247 4214 μς¹
2287 4140 2347 4194 '0
2399 4139 2586 4211 ἑτέρου
2638 4132 2964 4205 ἀνεχόμενος
3015 4132 3096 4195 είς
3141 4147 3204 4184 το
3270 4145 3490 4200 ποιησαι
3546 4128 3689 4197 ἀμιρ-

2217 4232 2362 4296 τίαν,
2388 4232 2437 4285 εί
2468 4228 2652 4301 ἔνοχός
2683 4229 2803 4280 ἐστι
2830 4225 2931 4297 τῆς
2961 4223 3256 4295 ἁμαρτίας.

461 4306 532 4363 σἹ
566 4304 624 4360 Si
653 4321 781 4377 erga
811 4319 909 4358 eos
936 4302 1030 4372 qui
1065 4308 1335 4372 peccant,
1370 4298 1643 4355 silendum
1670 4298 1761 4355 sit.

2153 4327 2240 4397 μζ⁹
2272 4326 2336 4380 Εἰ
2359 4324 2441 4378 δεῖ
2471 4298 2589 4386 τοῖξ
2612 4318 3021 4393 ἁμαρτάνουσιν
3042 4314 3431 4387 ὲφησυχάζειν.

461 4399 533 4455 88
563 4397 683 4465 Quo
713 4397 951 4452 termino
974 4395 1255 4466 jualicctur
1291 4392 1544 4447 avaritia.

2153 4392 2244 4490 ξιτγ
2283 4418 2349 4470 Ἡ
2374 4392 2663 4479 πλεονεξία
2685 4411 2847 4483 μέχρι
2876 4409 3021 4474 τινος
3051 4408 3324 4477 κρίνεται.

461 4490 533 4549 49
564 4489 704 4557 Quid
733 4496 818 4546 est
852 4503 1135 4559 perperam
1164 4501 1345 4557 agere.

1587 4577 1599 4582 _
1763 4578 1776 4582 _
1919 4577 1929 4582 _
1963 4576 1974 4582 _
2077 4569 2118 4582 _
2156 4489 2244 4582 μθ⁹
2273 4508 2341 4562 Τί
2370 4509 2486 4561 ἐστι
2509 4504 2571 4558 τὸ
2598 4497 3058 4574 περπερεῠεσθαι.

462 4583 534 4641 50
565 4582 623 4638 Si
681 4583 808 4654 quis
860 4582 1206 4638 vestimentis
1275 4577 1690 4645 pretiosioribus
1745 4576 2010 4647 depositis

2149 4569 2193 4657 ν’
2239 4602 2366 4657 Ἐάν
2403 4618 2487 4664 τις
2514 4598 2586 4653 τὰ
2628 4569 2727 4668 μὲν
2778 4569 3206 4662 πολυτελέστερα
3247 4591 3347 4661 τῆς
3376 4588 3578 4656 ἐσθῆτος
3610 4583 3688 4634 ἀπ-

527 4674 680 4731 aliutl
737 4675 878 4739 vile,
924 4673 1042 4730 sive
1096 4672 1358 4742 pallium,
1417 4670 1535 4726 sive
1568 4670 2048 4731 calceamentum,

2225 4694 2457 4766 ωθῆται,
2484 4690 2617 4745 αὐτὸ
2653 4688 2712 4743 δὲ
2738 4688 2799 4741 τὸ
2832 4687 3064 4749 εὐτελὲς,
3098 4683 3211 4738 εἴτε
3234 4685 3465 4754 ἱμάτιον,
3482 4680 3576 4733 εἴτε
3589 4673 3691 4728 ὑπό-

531 4768 695 4842 403
720 4775 872 4823 certo
915 4765 1153 4837 quodam
1189 4764 1355 4819 modo
1387 4763 1552 4826 velit,
1606 4769 1666 4816 ut
1719 4760 1822 4816 sibi
1850 4775 2051 4815 conve-

2225 4760 2392 4857 δημά,
2421 4783 2583 4837 οἱονεὶ
2616 4780 2747 4851 θέλῃ
2780 4780 2865 4833 ἵνα
2896 4778 3083 4852 πρέπῃ
3125 4776 3296 4847 αὐτῷ,
3338 4777 3387 4828 εί
3416 4768 3686 4844 ἁμαρτάνει.

535 4861 671 4926 niat,
695 4876 824 4915 num
856 4868 1069 4930 peccet,
1108 4865 1202 4911 aut
1229 4855 1378 4928 quali
1417 4854 1612 4910 morbo
1642 4854 1863 4909 laboret.

1273 4855 1378 4911 uali
1417 4854 1612 4910 morbo
1642 4854 1863 4909 laboret.
2227 4854 2447 4949 ἢέτοῖον
2473 4874 2644 4937 πάθος
2668 4873 2832 4926 νοσεῖ,

462 4954 523 5012 5|
559 4953 701 5021 Quid
724 4961 886 5010 sonat
920 4951 1066 5006 Raca
1097 4952 1165 5005 ⁸³.

1155 4992 1165 5005 ’
2155 4977 2238 5025 να¹
2263 4969 2328 5022 Τί
2361 4969 2478 5020 ἐστι
2514 4962 2714 5020 Ῥακά.

463 5047 534 5104 52
563 5047 699 5114 Quis
730 5048 804 5102 sit
833 5047 1014 5100 inanis
1043 5045 1232 5115 gloria:
1280 5042 1516 5112 cupidus
1537 5080 1551 5106 ,
1597 5042 1790 5111 quisvc
1837 5041 2020 5110 placer

1962 5056 2054 5095 ere
2160 5062 2238 5134 νβ’
2269 5061 2365 5124 Τις
2393 5061 2421 5113 ὁ
2446 5055 2744 5122 κενόδοξος,
2770 5053 2864 5107 καὶ
2889 5051 2974 5116 τίς
2997 5054 3025 5104 ὁ
3056 5047 3521 5122 ἀνθρωπάρεσκος·

538 5140 856 5196 hominibus
896 5140 1136 5195 studeat.
1463 5141 1468 5148 '

464 5233 536 5289 55
566 5232 853 5300 Quodnam
912 5231 984 5285 sit
1040 5230 1514 5299 inquinamentum
1562 5224 1768 5287 carnis,
1801 5231 1855 5279 et
1905 5238 2023 5292 QUOl

2159 5208 2362 5307 V'f'Tig
2391 5237 2541 5288 ἐστιν
2573 5232 2602 5284 ὁ
2628 5227 2904 5302 μολυσμὸς
2939 5226 3036 5297 τῆς
3067 5223 3300 5296 σαρκός·
3336 5218 3430 5275 καὶ
3450 5214 3586 5312 τίς-δ
3613 5224 3687 5312 μξν

528 5325 1005 5397 inquinamentum
1056 5322 1325 5392 spiritus,
1372 5327 1427 5376 et
1477 5317 1755 5390 quomodo
1803 5317 1871 5371 ab
1918 5316 2053 5386 ipsis

2229 5327 2436 5399 λυσμδς
2466 5324 2561 5379 τοῦ
2590 5322 2904 5392 πνεύματος
2922 5336 2936 5351 θ
2969 5319 3063 5373 καὶ
3112 5316 3231 5380 πῶς
3254 5313 3432 5368 αὐτῶν
3459 5307 3686 5399 καθαρεῠς

529 5389 889 5490 purgabimus
925 5389 1316 5486 nosmetipsos.
1343 5413 1452 5467 Aut
1480 5389 1603 5483 quae
1628 5424 1712 5468 est
1749 5410 2049 5467 sanctimo-

2235 5389 2427 5493 σομενέ
2458 5419 2490 5473 ἢ
2527 5418 2609 5482 τίς
2641 5419 2668 5472 ὁ
2705 5389 2997 5489 ἁχιασμδς,
3048 5411 3145 5466 καὶ
3192 5407 3307 5472 πῶς
3352 5403 3505 5462 αὑτὸν
3543 5389 3692 5466 κτηώ

537 5509 629 5563 nia
652 5548 669 5575 ,
703 5517 761 5564 et
786 5508 1067 5580 quomodo
1094 5522 1214 5563 eam
1247 5507 1639 5578 adipiscamur.
2237 5519 2398 5591 μεθα,

538 5645 586 5677 ⁸⁸
628 5644 821 5701 Matth.
856 5663 911 5710 v,
945 5645 1037 5700 9.2.

545 5785 657 5854 (40)
697 5783 788 5842 Sic
830 5785 963 5860 Reg.
999 5783 1216 5842 tertius.
1260 5781 1419 5848 Illud,
1463 5784 1549 5849 εὶς
1597 5779 1814 5852 εὐχήν.
1848 5779 2037 5836 aberat
2066 5792 2098 5833 ι

837 5785 963 5860 Reg.
999 5783 1216 5842 tertius.
1260 5781 1419 5848 Illud,
1463 5784 1549 5849 εὶς
1597 5779 1814 5852 εὐχήν.
1848 5779 2037 5836 aberat
2066 5792 2098 5833 ι
2143 5773 2396 5847 vulgatis.
