  <div class='ocr_page' id='page_1' title='image "/cluster/home/n/w/nwhite01/storage/ocr_20150623/31/mdp.39015012934363/540.png"; bbox 0 0 3948 6240; ppageno 0'>
   <div class='ocr_carea' id='block_1_1' title="bbox 272 349 409 403">
    <p class='ocr_par' dir='ltr' id='par_1_1' title="bbox 272 349 409 403">
     <span class='ocr_line' id='line_1_1' title="bbox 272 349 409 403; baseline -0.007 -1"><span class='ocrx_word' id='word_1_1' title='bbox 272 350 295 402; x_wconf 74' lang='grc' dir='ltr'>ί</span> <span class='ocrx_word' id='word_1_2' title='bbox 308 349 409 403; x_wconf 80' lang='grc'><strong>057</strong></span> 
     </span>
    </p>
   </div>
   <div class='ocr_carea' id='block_1_2' title="bbox 1279 340 2575 401">
    <p class='ocr_par' dir='ltr' id='par_1_2' title="bbox 1279 340 2575 401">
     <span class='ocr_line' id='line_1_2' title="bbox 1279 340 2575 401; baseline 0.002 -4"><span class='ocrx_word' id='word_1_3' title='bbox 1279 342 1709 401; x_wconf 78' lang='lat' dir='ltr'><strong>REGULABUM</strong></span> <span class='ocrx_word' id='word_1_4' title='bbox 1763 340 2168 398; x_wconf 74' lang='lat' dir='ltr'><strong>BREVIORUM</strong></span> <span class='ocrx_word' id='word_1_5' title='bbox 2207 341 2575 401; x_wconf 73' lang='lat' dir='ltr'><strong>CAPITULA.</strong></span> 
     </span>
    </p>
   </div>
   <div class='ocr_carea' id='block_1_3' title="bbox 3400 316 3538 399">
    <p class='ocr_par' dir='ltr' id='par_1_3' title="bbox 3400 316 3538 399">
     <span class='ocr_line' id='line_1_3' title="bbox 3400 316 3538 399; baseline 0 0"><span class='ocrx_word' id='word_1_6' title='bbox 3400 316 3538 399; x_wconf 71' lang='lat' dir='ltr'><strong>loss</strong></span> 
     </span>
    </p>
   </div>
   <div class='ocr_carea' id='block_1_4' title="bbox 269 458 1850 535">
    <p class='ocr_par' dir='ltr' id='par_1_4' title="bbox 269 461 1850 535">
     <span class='ocr_line' id='line_1_4' title="bbox 269 461 1850 535; baseline -0.006 -11"><span class='ocrx_word' id='word_1_7' title='bbox 269 471 341 524; x_wconf 75' lang='grc' dir='ltr'><strong>νδν</strong></span> <span class='ocrx_word' id='word_1_8' title='bbox 365 466 433 521; x_wconf 85' lang='grc' dir='ltr'><strong>Τί</strong></span> <span class='ocrx_word' id='word_1_9' title='bbox 487 466 604 518; x_wconf 78' lang='grc' dir='ltr'>ἐστι</span> <span class='ocrx_word' id='word_1_10' title='bbox 645 463 921 533; x_wconf 81' lang='grc' dir='ltr'>φιλαυτία,</span> <span class='ocrx_word' id='word_1_11' title='bbox 967 464 1063 517; x_wconf 75' lang='grc' dir='ltr'>καὶ</span> <span class='ocrx_word' id='word_1_12' title='bbox 1111 462 1227 527; x_wconf 88' lang='grc' dir='ltr'><strong>πῶς</strong></span> <span class='ocrx_word' id='word_1_13' title='bbox 1269 464 1527 535; x_wconf 81' lang='grc' dir='ltr'><strong>γνωρίσει</strong></span> <span class='ocrx_word' id='word_1_14' title='bbox 1582 461 1775 515; x_wconf 71' lang='grc' dir='ltr'>ἑαυτὸν</span> <span class='ocrx_word' id='word_1_15' title='bbox 1824 461 1850 513; x_wconf 99' lang='lat'><strong>6</strong></span> 
     </span>
    </p>
   </div>
   <div class='ocr_carea' id='block_1_5' title="bbox 1977 458 3539 535">
    <p class='ocr_par' dir='ltr' id='par_1_5' title="bbox 1977 458 3539 530">
     <span class='ocr_line' id='line_1_5' title="bbox 1977 458 3539 530; baseline 0.003 -18"><span class='ocrx_word' id='word_1_16' title='bbox 1977 460 2021 513; x_wconf 64' lang='lat' dir='ltr'><strong>BL</strong></span> <span class='ocrx_word' id='word_1_17' title='bbox 2052 458 2193 525; x_wconf 86' lang='lat' dir='ltr'><strong>Quid</strong></span> <span class='ocrx_word' id='word_1_18' title='bbox 2250 468 2335 514; x_wconf 88' lang='lat' dir='ltr'><strong>est</strong></span> <span class='ocrx_word' id='word_1_19' title='bbox 2387 474 2543 514; x_wconf 88' lang='lat' dir='ltr'><strong>amor</strong></span> <span class='ocrx_word' id='word_1_20' title='bbox 2600 460 2726 513; x_wconf 87' lang='lat' dir='ltr'><strong>sui:</strong></span> <span class='ocrx_word' id='word_1_21' title='bbox 2785 459 2914 513; x_wconf 86' lang='lat' dir='ltr'><strong>item</strong></span> <span class='ocrx_word' id='word_1_22' title='bbox 2970 459 3248 530; x_wconf 90' lang='lat' dir='ltr'><strong>quomodo</strong></span> <span class='ocrx_word' id='word_1_23' title='bbox 3305 461 3401 530; x_wconf 89' lang='lat' dir='ltr'><strong>qui</strong></span> <span class='ocrx_word' id='word_1_24' title='bbox 3452 464 3539 517; x_wconf 89' lang='lat' dir='ltr'><strong>sui</strong></span> 
     </span>
    </p>
   </div>
   <div class='ocr_carea' id='block_1_6' title="bbox 343 560 620 631">
    <p class='ocr_par' dir='ltr' id='par_1_6' title="bbox 343 560 620 631">
     <span class='ocr_line' id='line_1_6' title="bbox 343 560 620 631; baseline -0.007 -19"><span class='ocrx_word' id='word_1_25' title='bbox 343 560 620 631; x_wconf 79' lang='grc' dir='ltr'>φίλαυτος.</span> 
     </span>
    </p>
   </div>
   <div class='ocr_carea' id='block_1_7' title="bbox 270 641 1857 718">
    <p class='ocr_par' dir='ltr' id='par_1_7' title="bbox 270 641 1857 718">
     <span class='ocr_line' id='line_1_7' title="bbox 270 641 1857 718; baseline -0.006 -11"><span class='ocrx_word' id='word_1_26' title='bbox 270 655 341 707; x_wconf 78' lang='lat' dir='ltr'><strong>vs.’</strong></span> <span class='ocrx_word' id='word_1_27' title='bbox 381 651 517 705; x_wconf 87' lang='grc' dir='ltr'>Ποία</span> <span class='ocrx_word' id='word_1_28' title='bbox 548 645 782 718; x_wconf 78' lang='grc' dir='ltr'>διαφορά</span> <span class='ocrx_word' id='word_1_29' title='bbox 819 643 1043 714; x_wconf 81' lang='grc' dir='ltr'>πικρίας</span> <span class='ocrx_word' id='word_1_30' title='bbox 1075 643 1169 695; x_wconf 76' lang='grc' dir='ltr'>καὶ</span> <span class='ocrx_word' id='word_1_31' title='bbox 1202 641 1397 713; x_wconf 76' lang='grc' dir='ltr'>θυμοῦ,</span> <span class='ocrx_word' id='word_1_32' title='bbox 1424 644 1516 696; x_wconf 77' lang='grc' dir='ltr'>καὶ</span> <span class='ocrx_word' id='word_1_33' title='bbox 1548 643 1735 715; x_wconf 80' lang='grc' dir='ltr'>ὀργῆς,</span> <span class='ocrx_word' id='word_1_34' title='bbox 1766 647 1857 700; x_wconf 72' lang='grc' dir='ltr'><strong>καὶ</strong></span> 
     </span>
    </p>
   </div>
   <div class='ocr_carea' id='block_1_8' title="bbox 341 740 718 815">
    <p class='ocr_par' dir='ltr' id='par_1_8' title="bbox 341 740 718 815">
     <span class='ocr_line' id='line_1_8' title="bbox 341 740 718 815; baseline -0.016 -16"><span class='ocrx_word' id='word_1_35' title='bbox 341 740 718 815; x_wconf 50' lang='grc' dir='ltr'>παροξυσμοὶ</span> 
     </span>
    </p>
   </div>
   <div class='ocr_carea' id='block_1_9' title="bbox 269 824 1857 899">
    <p class='ocr_par' dir='ltr' id='par_1_9' title="bbox 269 824 1857 899">
     <span class='ocr_line' id='line_1_9' title="bbox 269 824 1857 899; baseline -0.003 -13"><span class='ocrx_word' id='word_1_36' title='bbox 269 841 356 897; x_wconf 78' lang='grc' dir='ltr'><strong>νς¹</strong></span> <span class='ocrx_word' id='word_1_37' title='bbox 386 834 484 897; x_wconf 87' lang='grc' dir='ltr'><strong>Τίς</strong></span> <span class='ocrx_word' id='word_1_38' title='bbox 514 833 662 885; x_wconf 86' lang='grc' dir='ltr'>ἐστιν</span> <span class='ocrx_word' id='word_1_39' title='bbox 712 830 741 882; x_wconf 91' lang='lat'><strong>6</strong></span> <span class='ocrx_word' id='word_1_40' title='bbox 794 827 1139 899; x_wconf 83' lang='grc' dir='ltr'><strong>ὑψηλόφρων,</strong></span> <span class='ocrx_word' id='word_1_41' title='bbox 1170 826 1264 879; x_wconf 80' lang='grc' dir='ltr'><strong>καὶ</strong></span> <span class='ocrx_word' id='word_1_42' title='bbox 1308 824 1453 888; x_wconf 80' lang='grc' dir='ltr'>τίςυὸ</span> <span class='ocrx_word' id='word_1_43' title='bbox 1487 824 1725 890; x_wconf 78' lang='grc' dir='ltr'>ἀλαζὼν,</span> <span class='ocrx_word' id='word_1_44' title='bbox 1762 830 1857 882; x_wconf 77' lang='grc' dir='ltr'><strong>καὶ</strong></span> 
     </span>
    </p>
   </div>
   <div class='ocr_carea' id='block_1_10' title="bbox 337 920 1856 995">
    <p class='ocr_par' dir='ltr' id='par_1_10' title="bbox 337 920 1856 995">
     <span class='ocr_line' id='line_1_10' title="bbox 337 920 1856 995; baseline -0.002 -18"><span class='ocrx_word' id='word_1_45' title='bbox 337 926 424 989; x_wconf 88' lang='grc' dir='ltr'><strong>τίς</strong></span> <span class='ocrx_word' id='word_1_46' title='bbox 471 928 500 979; x_wconf 90' lang='lat'><strong>6</strong></span> <span class='ocrx_word' id='word_1_47' title='bbox 538 924 920 995; x_wconf 78' lang='grc' dir='ltr'>ὑπερήφανος·</span> <span class='ocrx_word' id='word_1_48' title='bbox 955 920 1038 985; x_wconf 88' lang='grc' dir='ltr'><strong>τίς</strong></span> <span class='ocrx_word' id='word_1_49' title='bbox 1070 920 1126 974; x_wconf 80' lang='grc' dir='ltr'>δὲ</span> <span class='ocrx_word' id='word_1_50' title='bbox 1178 921 1207 972; x_wconf 91' lang='lat'><strong>6</strong></span> <span class='ocrx_word' id='word_1_51' title='bbox 1252 920 1654 990; x_wconf 80' lang='grc' dir='ltr'><strong>τετυφωμένος,</strong></span> <span class='ocrx_word' id='word_1_52' title='bbox 1700 921 1795 974; x_wconf 77' lang='grc' dir='ltr'><strong>καὶ</strong></span> <span class='ocrx_word' id='word_1_53' title='bbox 1828 923 1856 974; x_wconf 94' lang='lat'><strong>6</strong></span> 
     </span>
    </p>
   </div>
   <div class='ocr_carea' id='block_1_11' title="bbox 339 1018 780 1088">
    <p class='ocr_par' dir='ltr' id='par_1_11' title="bbox 339 1018 780 1088">
     <span class='ocr_line' id='line_1_11' title="bbox 339 1018 780 1088; baseline 0 -17"><span class='ocrx_word' id='word_1_54' title='bbox 339 1018 780 1088; x_wconf 80' lang='grc' dir='ltr'>πεφυσιωμένος.</span> 
     </span>
    </p>
   </div>
   <div class='ocr_carea' id='block_1_12' title="bbox 265 1104 1858 1179">
    <p class='ocr_par' dir='ltr' id='par_1_12' title="bbox 265 1104 1858 1179">
     <span class='ocr_line' id='line_1_12' title="bbox 265 1104 1858 1179; baseline -0.004 -14"><span class='ocrx_word' id='word_1_55' title='bbox 265 1109 345 1175; x_wconf 75' lang='grc' dir='ltr'><strong>νζ</strong></span> <span class='ocrx_word' id='word_1_56' title='bbox 391 1111 515 1163; x_wconf 80' lang='grc' dir='ltr'><strong>Ἐάν</strong></span> <span class='ocrx_word' id='word_1_57' title='bbox 557 1127 639 1173; x_wconf 89' lang='grc' dir='ltr'><strong>τις</strong></span> <span class='ocrx_word' id='word_1_58' title='bbox 669 1108 954 1178; x_wconf 75' lang='grc' dir='ltr'><strong>ἐλάττωμα</strong></span> <span class='ocrx_word' id='word_1_59' title='bbox 983 1106 1081 1179; x_wconf 77' lang='grc' dir='ltr'><strong>ἔχῃ</strong></span> <span class='ocrx_word' id='word_1_60' title='bbox 1122 1104 1464 1177; x_wconf 82' lang='grc' dir='ltr'><strong>ἀδιόρθωτον,</strong></span> <span class='ocrx_word' id='word_1_61' title='bbox 1506 1106 1601 1159; x_wconf 73' lang='grc' dir='ltr'><strong>καὶ</strong></span> <span class='ocrx_word' id='word_1_62' title='bbox 1649 1106 1858 1177; x_wconf 81' lang='grc' dir='ltr'>συνεχέ-</span> 
     </span>
    </p>
   </div>
   <div class='ocr_carea' id='block_1_13' title="bbox 343 1196 1858 1271">
    <p class='ocr_par' dir='ltr' id='par_1_13' title="bbox 343 1196 1858 1271">
     <span class='ocr_line' id='line_1_13' title="bbox 343 1196 1858 1271; baseline -0.002 -18"><span class='ocrx_word' id='word_1_63' title='bbox 343 1216 535 1271; x_wconf 85' lang='grc' dir='ltr'>στερον</span> <span class='ocrx_word' id='word_1_64' title='bbox 592 1198 1133 1269; x_wconf 82' lang='grc' dir='ltr'>καταγινωσκόμενος</span> <span class='ocrx_word' id='word_1_65' title='bbox 1187 1196 1509 1268; x_wconf 74' lang='grc' dir='ltr'><strong>βλάπτηται,</strong></span> <span class='ocrx_word' id='word_1_66' title='bbox 1560 1198 1608 1250; x_wconf 83' lang='grc' dir='ltr'><strong>εί</strong></span> <span class='ocrx_word' id='word_1_67' title='bbox 1656 1197 1858 1269; x_wconf 81' lang='grc' dir='ltr'>συμφέ-</span> 
     </span>
    </p>
   </div>
   <div class='ocr_carea' id='block_1_14' title="bbox 340 1288 1173 1365">
    <p class='ocr_par' dir='ltr' id='par_1_14' title="bbox 340 1288 1173 1365">
     <span class='ocr_line' id='line_1_14' title="bbox 340 1288 1173 1365; baseline 0 -20"><span class='ocrx_word' id='word_1_68' title='bbox 340 1312 427 1365; x_wconf 88' lang='grc' dir='ltr'><strong>ρει</strong></span> <span class='ocrx_word' id='word_1_69' title='bbox 464 1291 660 1362; x_wconf 80' lang='grc' dir='ltr'>μᾶλλον</span> <span class='ocrx_word' id='word_1_70' title='bbox 686 1292 973 1361; x_wconf 72' lang='grc' dir='ltr'><strong>ἐπαφιέναι</strong></span> <span class='ocrx_word' id='word_1_71' title='bbox 1006 1288 1173 1360; x_wconf 81' lang='grc' dir='ltr'>αὐτῷ.</span> 
     </span>
    </p>
   </div>
   <div class='ocr_carea' id='block_1_15' title="bbox 262 1382 1852 1457">
    <p class='ocr_par' dir='ltr' id='par_1_15' title="bbox 262 1382 1852 1457">
     <span class='ocr_line' id='line_1_15' title="bbox 262 1382 1852 1457; baseline -0.003 -18"><span class='ocrx_word' id='word_1_72' title='bbox 262 1392 350 1457; x_wconf 86' lang='grc' dir='ltr'><strong>νη¹</strong></span> <span class='ocrx_word' id='word_1_73' title='bbox 392 1386 451 1439; x_wconf 89' lang='grc' dir='ltr'>Ὀ</span> <span class='ocrx_word' id='word_1_74' title='bbox 483 1386 602 1438; x_wconf 79' lang='grc' dir='ltr'>κατ’</span> <span class='ocrx_word' id='word_1_75' title='bbox 633 1386 975 1455; x_wconf 79' lang='grc' dir='ltr'><strong>ἐπιτήδευσιν</strong></span> <span class='ocrx_word' id='word_1_76' title='bbox 1018 1384 1359 1454; x_wconf 72' lang='grc' dir='ltr'>ψευσάμενος</span> <span class='ocrx_word' id='word_1_77' title='bbox 1392 1383 1636 1456; x_wconf 77' lang='grc' dir='ltr'><strong>κρίνεται</strong></span> <span class='ocrx_word' id='word_1_78' title='bbox 1674 1382 1852 1453; x_wconf 87' lang='grc' dir='ltr'>μόνον,</span> 
     </span>
    </p>
   </div>
   <div class='ocr_carea' id='block_1_16' title="bbox 336 1474 1855 1547">
    <p class='ocr_par' dir='ltr' id='par_1_16' title="bbox 336 1474 1855 1547">
     <span class='ocr_line' id='line_1_16' title="bbox 336 1474 1855 1547; baseline -0.001 -18"><span class='ocrx_word' id='word_1_79' title='bbox 336 1477 373 1547; x_wconf 77' lang='grc' dir='ltr'>ἢ</span> <span class='ocrx_word' id='word_1_80' title='bbox 420 1478 515 1530; x_wconf 77' lang='grc' dir='ltr'>καὶ</span> <span class='ocrx_word' id='word_1_81' title='bbox 556 1479 584 1529; x_wconf 91' lang='lat'><strong>6</strong></span> <span class='ocrx_word' id='word_1_82' title='bbox 644 1474 788 1529; x_wconf 82' lang='grc' dir='ltr'>κατὰ</span> <span class='ocrx_word' id='word_1_83' title='bbox 826 1474 1047 1543; x_wconf 78' lang='grc' dir='ltr'>ἄγνοιάν</span> <span class='ocrx_word' id='word_1_84' title='bbox 1102 1491 1156 1527; x_wconf 89' lang='grc' dir='ltr'><strong>τι</strong></span> <span class='ocrx_word' id='word_1_85' title='bbox 1193 1474 1347 1547; x_wconf 85' lang='grc' dir='ltr'><strong>παρά</strong></span> <span class='ocrx_word' id='word_1_86' title='bbox 1384 1474 1444 1527; x_wconf 83' lang='grc' dir='ltr'><strong>τὸ</strong></span> <span class='ocrx_word' id='word_1_87' title='bbox 1484 1474 1682 1545; x_wconf 84' lang='grc' dir='ltr'>ἀληθὲς</span> <span class='ocrx_word' id='word_1_88' title='bbox 1720 1474 1855 1527; x_wconf 86' lang='grc' dir='ltr'>ἀπο-</span> 
     </span>
    </p>
   </div>
   <div class='ocr_carea' id='block_1_17' title="bbox 337 1566 1107 1639">
    <p class='ocr_par' dir='ltr' id='par_1_17' title="bbox 337 1566 1107 1639">
     <span class='ocr_line' id='line_1_17' title="bbox 337 1566 1107 1639; baseline -0.001 -18"><span class='ocrx_word' id='word_1_89' title='bbox 337 1569 518 1632; x_wconf 78' lang='grc' dir='ltr'>λύτως</span> <span class='ocrx_word' id='word_1_90' title='bbox 563 1568 674 1639; x_wconf 71' lang='grc'><strong>(41)</strong></span> <span class='ocrx_word' id='word_1_91' title='bbox 714 1566 1107 1638; x_wconf 75' lang='grc' dir='ltr'>φθεγξάμενος.</span> 
     </span>
    </p>
   </div>
   <div class='ocr_carea' id='block_1_18' title="bbox 261 1656 1854 1733">
    <p class='ocr_par' dir='ltr' id='par_1_18' title="bbox 261 1656 1854 1733">
     <span class='ocr_line' id='line_1_18' title="bbox 261 1656 1854 1733; baseline -0.003 -18"><span class='ocrx_word' id='word_1_92' title='bbox 261 1663 340 1715; x_wconf 78' lang='grc' dir='ltr'><strong>νϐ’</strong></span> <span class='ocrx_word' id='word_1_93' title='bbox 388 1662 514 1715; x_wconf 72' lang='grc' dir='ltr'><strong>Ἐὰν</strong></span> <span class='ocrx_word' id='word_1_94' title='bbox 564 1660 842 1733; x_wconf 80' lang='grc' dir='ltr'>ἐνθυμηθῇ</span> <span class='ocrx_word' id='word_1_95' title='bbox 893 1677 979 1723; x_wconf 89' lang='grc' dir='ltr'><strong>τις</strong></span> <span class='ocrx_word' id='word_1_96' title='bbox 1034 1659 1256 1729; x_wconf 82' lang='grc' dir='ltr'>ποιῆσαι</span> <span class='ocrx_word' id='word_1_97' title='bbox 1313 1658 1473 1729; x_wconf 89' lang='grc' dir='ltr'>μόνον</span> <span class='ocrx_word' id='word_1_98' title='bbox 1520 1674 1595 1722; x_wconf 87' lang='grc' dir='ltr'><strong>τι,</strong></span> <span class='ocrx_word' id='word_1_99' title='bbox 1644 1658 1738 1711; x_wconf 77' lang='grc' dir='ltr'><strong>καὶ</strong></span> <span class='ocrx_word' id='word_1_100' title='bbox 1781 1656 1854 1728; x_wconf 86' lang='grc' dir='ltr'>μὴ</span> 
     </span>
    </p>
   </div>
   <div class='ocr_carea' id='block_1_19' title="bbox 336 1748 1616 1825">
    <p class='ocr_par' dir='ltr' id='par_1_19' title="bbox 336 1748 1616 1825">
     <span class='ocr_line' id='line_1_19' title="bbox 336 1748 1616 1825; baseline -0.002 -19"><span class='ocrx_word' id='word_1_101' title='bbox 336 1756 564 1825; x_wconf 79' lang='grc' dir='ltr'><strong>ποιήσῃ,</strong></span> <span class='ocrx_word' id='word_1_102' title='bbox 598 1756 645 1805; x_wconf 87' lang='grc' dir='ltr'><strong>εί</strong></span> <span class='ocrx_word' id='word_1_103' title='bbox 680 1755 773 1806; x_wconf 76' lang='grc' dir='ltr'><strong>καὶ</strong></span> <span class='ocrx_word' id='word_1_104' title='bbox 796 1748 949 1815; x_wconf 73' lang='grc' dir='ltr'>οὗτος</span> <span class='ocrx_word' id='word_1_105' title='bbox 977 1752 1052 1815; x_wconf 86' lang='grc' dir='ltr'>ὠς</span> <span class='ocrx_word' id='word_1_106' title='bbox 1076 1750 1316 1821; x_wconf 77' lang='grc' dir='ltr'><strong>ψεύστης</strong></span> <span class='ocrx_word' id='word_1_107' title='bbox 1349 1750 1616 1822; x_wconf 78' lang='grc' dir='ltr'><strong>κρίνεται.</strong></span> 
     </span>
    </p>
   </div>
   <div class='ocr_carea' id='block_1_20' title="bbox 262 1922 1855 1999">
    <p class='ocr_par' dir='ltr' id='par_1_20' title="bbox 262 1922 1855 1999">
     <span class='ocr_line' id='line_1_20' title="bbox 262 1922 1855 1999; baseline 0.001 -21"><span class='ocrx_word' id='word_1_108' title='bbox 262 1925 305 1989; x_wconf 78' lang='grc' dir='ltr'><strong>ξ’</strong></span> <span class='ocrx_word' id='word_1_109' title='bbox 329 1927 469 1997; x_wconf 80' lang='grc' dir='ltr'>Περι</span> <span class='ocrx_word' id='word_1_110' title='bbox 500 1942 595 1979; x_wconf 90' lang='grc' dir='ltr'><strong>του</strong></span> <span class='ocrx_word' id='word_1_111' title='bbox 634 1922 921 1997; x_wconf 83' lang='grc' dir='ltr'>προπετῶς</span> <span class='ocrx_word' id='word_1_112' title='bbox 960 1926 1287 1998; x_wconf 78' lang='grc' dir='ltr'>ὁρισαμένου</span> <span class='ocrx_word' id='word_1_113' title='bbox 1318 1926 1520 1999; x_wconf 76' lang='grc' dir='ltr'>πρᾶξαί</span> <span class='ocrx_word' id='word_1_114' title='bbox 1548 1944 1600 1979; x_wconf 89' lang='grc' dir='ltr'><strong>τι</strong></span> <span class='ocrx_word' id='word_1_115' title='bbox 1636 1927 1745 1980; x_wconf 89' lang='grc' dir='ltr'><strong>τῶν</strong></span> <span class='ocrx_word' id='word_1_116' title='bbox 1782 1927 1855 1999; x_wconf 84' lang='grc' dir='ltr'><strong>μὴ</strong></span> 
     </span>
    </p>
   </div>
   <div class='ocr_carea' id='block_1_21' title="bbox 336 2017 855 2090">
    <p class='ocr_par' dir='ltr' id='par_1_21' title="bbox 336 2017 855 2090">
     <span class='ocr_line' id='line_1_21' title="bbox 336 2017 855 2090; baseline 0 -18"><span class='ocrx_word' id='word_1_117' title='bbox 336 2017 684 2090; x_wconf 83' lang='grc' dir='ltr'>ἀρεσκόντων</span> <span class='ocrx_word' id='word_1_118' title='bbox 715 2019 855 2090; x_wconf 80' lang='grc' dir='ltr'>Θεῷ.</span> 
     </span>
    </p>
   </div>
   <div class='ocr_carea' id='block_1_22' title="bbox 262 2107 1856 2183">
    <p class='ocr_par' dir='ltr' id='par_1_22' title="bbox 262 2107 1856 2183">
     <span class='ocr_line' id='line_1_22' title="bbox 262 2107 1856 2183; baseline 0 -18"><span class='ocrx_word' id='word_1_119' title='bbox 262 2111 348 2174; x_wconf 82' lang='grc' dir='ltr'><strong>ξα⁹</strong></span> <span class='ocrx_word' id='word_1_120' title='bbox 396 2111 526 2165; x_wconf 81' lang='grc' dir='ltr'><strong>Ἐάν</strong></span> <span class='ocrx_word' id='word_1_121' title='bbox 570 2128 654 2175; x_wconf 91' lang='grc' dir='ltr'><strong>τις</strong></span> <span class='ocrx_word' id='word_1_122' title='bbox 687 2112 826 2183; x_wconf 85' lang='grc' dir='ltr'>μήτε</span> <span class='ocrx_word' id='word_1_123' title='bbox 874 2107 1202 2183; x_wconf 78' lang='grc' dir='ltr'>ἐργάζεσθαι</span> <span class='ocrx_word' id='word_1_124' title='bbox 1241 2109 1502 2182; x_wconf 80' lang='grc' dir='ltr'>δύνηται,</span> <span class='ocrx_word' id='word_1_125' title='bbox 1544 2111 1682 2183; x_wconf 82' lang='grc' dir='ltr'>μήτε</span> <span class='ocrx_word' id='word_1_126' title='bbox 1731 2113 1856 2175; x_wconf 83' lang='grc' dir='ltr'>τοὺς</span> 
     </span>
    </p>
   </div>
   <div class='ocr_carea' id='block_1_23' title="bbox 332 2205 1122 2277">
    <p class='ocr_par' dir='ltr' id='par_1_23' title="bbox 332 2205 1122 2277">
     <span class='ocr_line' id='line_1_23' title="bbox 332 2205 1122 2277; baseline 0.003 -18"><span class='ocrx_word' id='word_1_127' title='bbox 332 2206 587 2275; x_wconf 76' lang='grc' dir='ltr'>ψαλμοὺς</span> <span class='ocrx_word' id='word_1_128' title='bbox 621 2205 813 2275; x_wconf 82' lang='grc' dir='ltr'>μαθεῖν</span> <span class='ocrx_word' id='word_1_129' title='bbox 844 2205 1122 2277; x_wconf 79' lang='grc' dir='ltr'>βούληται.</span> 
     </span>
    </p>
   </div>
   <div class='ocr_carea' id='block_1_24' title="bbox 258 2296 1857 2370">
    <p class='ocr_par' dir='ltr' id='par_1_24' title="bbox 258 2296 1857 2370">
     <span class='ocr_line' id='line_1_24' title="bbox 258 2296 1857 2370; baseline -0.001 -21"><span class='ocrx_word' id='word_1_130' title='bbox 258 2296 343 2367; x_wconf 66' lang='grc' dir='ltr'><strong>ξβν</strong></span> <span class='ocrx_word' id='word_1_131' title='bbox 374 2298 441 2350; x_wconf 84' lang='grc' dir='ltr'><strong>Τί</strong></span> <span class='ocrx_word' id='word_1_132' title='bbox 472 2298 568 2351; x_wconf 75' lang='grc' dir='ltr'>ἐὰν</span> <span class='ocrx_word' id='word_1_133' title='bbox 598 2300 799 2370; x_wconf 76' lang='grc' dir='ltr'>ποιήσῃ</span> <span class='ocrx_word' id='word_1_134' title='bbox 822 2315 926 2362; x_wconf 88' lang='grc' dir='ltr'>τις,</span> <span class='ocrx_word' id='word_1_135' title='bbox 951 2298 1026 2362; x_wconf 84' lang='grc' dir='ltr'><strong>ὡς</strong></span> <span class='ocrx_word' id='word_1_136' title='bbox 1055 2296 1270 2368; x_wconf 75' lang='grc' dir='ltr'>κρύψας</span> <span class='ocrx_word' id='word_1_137' title='bbox 1296 2297 1359 2350; x_wconf 80' lang='grc' dir='ltr'>τὸ</span> <span class='ocrx_word' id='word_1_138' title='bbox 1385 2296 1669 2361; x_wconf 82' lang='grc' dir='ltr'>τάλαντον,</span> <span class='ocrx_word' id='word_1_139' title='bbox 1696 2314 1857 2349; x_wconf 89' lang='grc' dir='ltr'>κατα-</span> 
     </span>
    </p>
   </div>
   <div class='ocr_carea' id='block_1_25' title="bbox 336 2390 608 2460">
    <p class='ocr_par' dir='ltr' id='par_1_25' title="bbox 336 2390 608 2460">
     <span class='ocr_line' id='line_1_25' title="bbox 336 2390 608 2460; baseline 0.004 -18"><span class='ocrx_word' id='word_1_140' title='bbox 336 2390 608 2460; x_wconf 79' lang='grc' dir='ltr'>κρίνεται.</span> 
     </span>
    </p>
   </div>
   <div class='ocr_carea' id='block_1_26' title="bbox 256 2478 1853 2553">
    <p class='ocr_par' dir='ltr' id='par_1_26' title="bbox 256 2478 1853 2553">
     <span class='ocr_line' id='line_1_26' title="bbox 256 2478 1853 2553; baseline -0.002 -19"><span class='ocrx_word' id='word_1_141' title='bbox 256 2483 340 2549; x_wconf 77' lang='grc' dir='ltr'><strong>ξγ¹</strong></span> <span class='ocrx_word' id='word_1_142' title='bbox 375 2483 444 2534; x_wconf 91' lang='grc' dir='ltr'><strong>Τί</strong></span> <span class='ocrx_word' id='word_1_143' title='bbox 492 2482 590 2537; x_wconf 83' lang='grc' dir='ltr'><strong>ἐάν</strong></span> <span class='ocrx_word' id='word_1_144' title='bbox 637 2483 838 2553; x_wconf 78' lang='grc' dir='ltr'><strong>ποιήσῃ</strong></span> <span class='ocrx_word' id='word_1_145' title='bbox 881 2498 989 2546; x_wconf 89' lang='grc' dir='ltr'>τις,</span> <span class='ocrx_word' id='word_1_146' title='bbox 1028 2481 1416 2552; x_wconf 84' lang='grc' dir='ltr'>κατακρίνεται</span> <span class='ocrx_word' id='word_1_147' title='bbox 1457 2478 1530 2543; x_wconf 81' lang='grc' dir='ltr'><strong>ῶς</strong></span> <span class='ocrx_word' id='word_1_148' title='bbox 1576 2480 1772 2532; x_wconf 87' lang='grc' dir='ltr'>ἐκεῖνοι</span> <span class='ocrx_word' id='word_1_149' title='bbox 1807 2481 1853 2531; x_wconf 89' lang='grc' dir='ltr'>οἱ</span> 
     </span>
    </p>
   </div>
   <div class='ocr_carea' id='block_1_27' title="bbox 330 2574 1301 2650">
    <p class='ocr_par' dir='ltr' id='par_1_27' title="bbox 330 2574 1301 2650">
     <span class='ocr_line' id='line_1_27' title="bbox 330 2574 1301 2650; baseline -0.001 -24"><span class='ocrx_word' id='word_1_150' title='bbox 330 2574 706 2650; x_wconf 68' lang='grc' dir='ltr'>γογγύσαντες</span> <span class='ocrx_word' id='word_1_151' title='bbox 730 2574 869 2626; x_wconf 83' lang='grc' dir='ltr'><strong>κατά</strong></span> <span class='ocrx_word' id='word_1_152' title='bbox 894 2575 1002 2625; x_wconf 86' lang='grc' dir='ltr'><strong>τῶν</strong></span> <span class='ocrx_word' id='word_1_153' title='bbox 1037 2575 1301 2644; x_wconf 76' lang='grc' dir='ltr'>ἐσχάτων.</span> 
     </span>
    </p>
   </div>
   <div class='ocr_carea' id='block_1_28' title="bbox 257 2663 1855 2734">
    <p class='ocr_par' dir='ltr' id='par_1_28' title="bbox 257 2663 1855 2734">
     <span class='ocr_line' id='line_1_28' title="bbox 257 2663 1855 2734; baseline -0.001 -15"><span class='ocrx_word' id='word_1_154' title='bbox 257 2666 329 2730; x_wconf 82' lang='grc' dir='ltr'>ξδ’</span> <span class='ocrx_word' id='word_1_155' title='bbox 366 2667 435 2717; x_wconf 85' lang='grc' dir='ltr'><strong>Τί</strong></span> <span class='ocrx_word' id='word_1_156' title='bbox 473 2669 588 2719; x_wconf 79' lang='grc' dir='ltr'>ἐστι</span> <span class='ocrx_word' id='word_1_157' title='bbox 634 2668 696 2720; x_wconf 82' lang='grc' dir='ltr'>τὸ</span> <span class='ocrx_word' id='word_1_158' title='bbox 738 2666 1108 2731; x_wconf 79' lang='grc' dir='ltr'>σκανδαλίοαι,</span> <span class='ocrx_word' id='word_1_159' title='bbox 1150 2666 1243 2718; x_wconf 79' lang='grc' dir='ltr'><strong>καὶ</strong></span> <span class='ocrx_word' id='word_1_160' title='bbox 1296 2663 1415 2727; x_wconf 90' lang='grc' dir='ltr'><strong>πῶς</strong></span> <span class='ocrx_word' id='word_1_161' title='bbox 1456 2664 1587 2717; x_wconf 79' lang='grc' dir='ltr'>αὐτὸ</span> <span class='ocrx_word' id='word_1_162' title='bbox 1634 2663 1855 2734; x_wconf 73' lang='grc' dir='ltr'>φυλαξό-</span> 
     </span>
    </p>
   </div>
   <div class='ocr_carea' id='block_1_29' title="bbox 331 2760 497 2830">
    <p class='ocr_par' dir='ltr' id='par_1_29' title="bbox 331 2760 497 2830">
     <span class='ocr_line' id='line_1_29' title="bbox 331 2760 497 2830; baseline 0.012 -19"><span class='ocrx_word' id='word_1_163' title='bbox 331 2760 497 2830; x_wconf 85' lang='grc' dir='ltr'>μεθα.</span> 
     </span>
    </p>
   </div>
   <div class='ocr_carea' id='block_1_30' title="bbox 256 2850 1583 2922">
    <p class='ocr_par' dir='ltr' id='par_1_30' title="bbox 256 2850 1583 2922">
     <span class='ocr_line' id='line_1_30' title="bbox 256 2850 1583 2922; baseline 0 -19"><span class='ocrx_word' id='word_1_164' title='bbox 256 2850 329 2916; x_wconf 82' lang='grc' dir='ltr'>ξε⁹</span> <span class='ocrx_word' id='word_1_165' title='bbox 368 2851 497 2915; x_wconf 88' lang='grc' dir='ltr'>Πῶς</span> <span class='ocrx_word' id='word_1_166' title='bbox 521 2851 619 2922; x_wconf 76' lang='grc' dir='ltr'>τὴν</span> <span class='ocrx_word' id='word_1_167' title='bbox 646 2850 904 2921; x_wconf 85' lang='grc' dir='ltr'>ἀλήθειαν</span> <span class='ocrx_word' id='word_1_168' title='bbox 930 2852 988 2905; x_wconf 86' lang='grc' dir='ltr'>ἐν</span> <span class='ocrx_word' id='word_1_169' title='bbox 1022 2850 1207 2920; x_wconf 68' lang='grc' dir='ltr'>ἀδικίᾳ</span> <span class='ocrx_word' id='word_1_170' title='bbox 1238 2867 1321 2913; x_wconf 87' lang='grc' dir='ltr'><strong>τις</strong></span> <span class='ocrx_word' id='word_1_171' title='bbox 1343 2850 1583 2922; x_wconf 84' lang='grc' dir='ltr'>κατέχει.</span> 
     </span>
    </p>
   </div>
   <div class='ocr_carea' id='block_1_31' title="bbox 256 2947 1427 3018">
    <p class='ocr_par' dir='ltr' id='par_1_31' title="bbox 256 2947 1427 3018">
     <span class='ocr_line' id='line_1_31' title="bbox 256 2947 1427 3018; baseline 0 -17"><span class='ocrx_word' id='word_1_172' title='bbox 256 2949 344 3011; x_wconf 63' lang='grc' dir='ltr'>ξςδ</span> <span class='ocrx_word' id='word_1_173' title='bbox 379 2947 447 3000; x_wconf 88' lang='grc' dir='ltr'>Τί</span> <span class='ocrx_word' id='word_1_174' title='bbox 471 2948 620 3002; x_wconf 85' lang='grc' dir='ltr'>ἐστιν</span> <span class='ocrx_word' id='word_1_175' title='bbox 646 2948 781 3018; x_wconf 79' lang='grc' dir='ltr'>ἔρις,</span> <span class='ocrx_word' id='word_1_176' title='bbox 821 2949 915 3002; x_wconf 80' lang='grc' dir='ltr'><strong>καὶ</strong></span> <span class='ocrx_word' id='word_1_177' title='bbox 941 2948 992 3001; x_wconf 88' lang='grc' dir='ltr'><strong>τί</strong></span> <span class='ocrx_word' id='word_1_178' title='bbox 1025 2949 1169 3001; x_wconf 84' lang='grc' dir='ltr'>ἐστιν</span> <span class='ocrx_word' id='word_1_179' title='bbox 1199 2947 1427 3017; x_wconf 80' lang='grc' dir='ltr'>ἐριθεία.</span> 
     </span>
    </p>
   </div>
   <div class='ocr_carea' id='block_1_32' title="bbox 254 3038 1659 3112">
    <p class='ocr_par' dir='ltr' id='par_1_32' title="bbox 254 3038 1659 3112">
     <span class='ocr_line' id='line_1_32' title="bbox 254 3038 1659 3112; baseline 0 -20"><span class='ocrx_word' id='word_1_180' title='bbox 254 3040 336 3104; x_wconf 70' lang='grc' dir='ltr'>ξζι</span> <span class='ocrx_word' id='word_1_181' title='bbox 368 3040 435 3092; x_wconf 86' lang='grc' dir='ltr'><strong>Τί</strong></span> <span class='ocrx_word' id='word_1_182' title='bbox 468 3042 615 3093; x_wconf 82' lang='grc' dir='ltr'>ἐστιν</span> <span class='ocrx_word' id='word_1_183' title='bbox 647 3040 978 3112; x_wconf 81' lang='grc' dir='ltr'>ἀκαθαρσία,</span> <span class='ocrx_word' id='word_1_184' title='bbox 1002 3040 1096 3093; x_wconf 72' lang='grc' dir='ltr'><strong>καὶ</strong></span> <span class='ocrx_word' id='word_1_185' title='bbox 1122 3040 1175 3092; x_wconf 86' lang='grc' dir='ltr'><strong>τί</strong></span> <span class='ocrx_word' id='word_1_186' title='bbox 1201 3041 1348 3092; x_wconf 84' lang='grc' dir='ltr'>ἐστιν</span> <span class='ocrx_word' id='word_1_187' title='bbox 1382 3038 1659 3106; x_wconf 74' lang='grc' dir='ltr'>ἀσέλγεια.</span> 
     </span>
    </p>
   </div>
   <div class='ocr_carea' id='block_1_33' title="bbox 2030 552 3502 623">
    <p class='ocr_par' dir='ltr' id='par_1_33' title="bbox 2030 552 3502 623">
     <span class='ocr_line' id='line_1_33' title="bbox 2030 552 3502 623; baseline 0.002 -18"><span class='ocrx_word' id='word_1_188' title='bbox 2030 552 2204 623; x_wconf 82' lang='lat' dir='ltr'><strong>ipsius</strong></span> <span class='ocrx_word' id='word_1_189' title='bbox 2232 568 2417 607; x_wconf 89' lang='lat' dir='ltr'><strong>amore</strong></span> <span class='ocrx_word' id='word_1_190' title='bbox 2451 552 2769 621; x_wconf 80' lang='lat' dir='ltr'><strong>corripitur,</strong></span> <span class='ocrx_word' id='word_1_191' title='bbox 2793 561 3087 621; x_wconf 78' lang='lat' dir='ltr'><strong>cognoscet</strong></span> <span class='ocrx_word' id='word_1_192' title='bbox 3122 552 3502 622; x_wconf 88' lang='lat' dir='ltr'><strong>semetipsum.</strong></span> 
     </span>
    </p>
   </div>
   <div class='ocr_carea' id='block_1_34' title="bbox 1956 644 3539 712">
    <p class='ocr_par' dir='ltr' id='par_1_34' title="bbox 1956 644 3539 712">
     <span class='ocr_line' id='line_1_34' title="bbox 1956 644 3539 712; baseline -0.001 -13"><span class='ocrx_word' id='word_1_193' title='bbox 1956 644 2028 699; x_wconf 80' lang='lat'><strong>55</strong></span> <span class='ocrx_word' id='word_1_194' title='bbox 2061 644 2349 711; x_wconf 79' lang='lat' dir='ltr'><strong>Quodnam</strong></span> <span class='ocrx_word' id='word_1_195' title='bbox 2403 654 2486 701; x_wconf 91' lang='lat' dir='ltr'><strong>est</strong></span> <span class='ocrx_word' id='word_1_196' title='bbox 2542 645 2838 700; x_wconf 89' lang='lat' dir='ltr'><strong>discrimen</strong></span> <span class='ocrx_word' id='word_1_197' title='bbox 2883 645 3026 698; x_wconf 88' lang='lat' dir='ltr'><strong>inter</strong></span> <span class='ocrx_word' id='word_1_198' title='bbox 3079 644 3539 712; x_wconf 75' lang='lat' dir='ltr'><strong>amaritudinem,</strong></span> 
     </span>
    </p>
   </div>
   <div class='ocr_carea' id='block_1_35' title="bbox 2032 735 3133 807">
    <p class='ocr_par' dir='ltr' id='par_1_35' title="bbox 2032 735 3133 807">
     <span class='ocr_line' id='line_1_35' title="bbox 2032 735 3133 807; baseline -0.001 -18"><span class='ocrx_word' id='word_1_199' title='bbox 2032 737 2479 807; x_wconf 79' lang='lat' dir='ltr'><strong>indignationem,</strong></span> <span class='ocrx_word' id='word_1_200' title='bbox 2511 735 2646 791; x_wconf 91' lang='lat' dir='ltr'><strong>iram</strong></span> <span class='ocrx_word' id='word_1_201' title='bbox 2674 745 2727 791; x_wconf 91' lang='lat' dir='ltr'><strong>et</strong></span> <span class='ocrx_word' id='word_1_202' title='bbox 2750 736 3133 791; x_wconf 68' lang='lat' dir='ltr'><strong>irritationem.</strong></span> 
     </span>
    </p>
   </div>
   <div class='ocr_carea' id='block_1_36' title="bbox 1958 828 3543 899">
    <p class='ocr_par' dir='ltr' id='par_1_36' title="bbox 1958 828 3543 899">
     <span class='ocr_line' id='line_1_36' title="bbox 1958 828 3543 899; baseline 0.001 -18"><span class='ocrx_word' id='word_1_203' title='bbox 1958 828 2025 881; x_wconf 81' lang='lat'>56</span> <span class='ocrx_word' id='word_1_204' title='bbox 2059 829 2193 893; x_wconf 85' lang='lat' dir='ltr'><strong>Quis</strong></span> <span class='ocrx_word' id='word_1_205' title='bbox 2226 836 2310 882; x_wconf 80' lang='lat' dir='ltr'><strong>est</strong></span> <span class='ocrx_word' id='word_1_206' title='bbox 2348 829 2441 898; x_wconf 77' lang='lat' dir='ltr'><strong>qui</strong></span> <span class='ocrx_word' id='word_1_207' title='bbox 2486 830 2595 883; x_wconf 91' lang='lat' dir='ltr'><strong>alta</strong></span> <span class='ocrx_word' id='word_1_208' title='bbox 2643 830 2820 899; x_wconf 79' lang='lat' dir='ltr'><strong>sapit,</strong></span> <span class='ocrx_word' id='word_1_209' title='bbox 2868 837 2921 881; x_wconf 90' lang='lat' dir='ltr'><strong>et</strong></span> <span class='ocrx_word' id='word_1_210' title='bbox 2973 829 3099 898; x_wconf 85' lang='lat' dir='ltr'><strong>quis</strong></span> <span class='ocrx_word' id='word_1_211' title='bbox 3138 844 3440 899; x_wconf 81' lang='lat' dir='ltr'><strong>arrogans,</strong></span> <span class='ocrx_word' id='word_1_212' title='bbox 3486 833 3543 883; x_wconf 81' lang='lat' dir='ltr'><strong>et</strong></span> 
     </span>
    </p>
   </div>
   <div class='ocr_carea' id='block_1_37' title="bbox 2028 918 3543 990">
    <p class='ocr_par' dir='ltr' id='par_1_37' title="bbox 2028 918 3543 990">
     <span class='ocr_line' id='line_1_37' title="bbox 2028 918 3543 990; baseline 0.003 -21"><span class='ocrx_word' id='word_1_213' title='bbox 2028 918 2151 987; x_wconf 87' lang='lat' dir='ltr'><strong>quis</strong></span> <span class='ocrx_word' id='word_1_214' title='bbox 2184 919 2456 987; x_wconf 89' lang='lat' dir='ltr'><strong>superbus</strong></span> <span class='ocrx_word' id='word_1_215' title='bbox 2485 938 2496 973; x_wconf 92' lang='lat'><strong>:</strong></span> <span class='ocrx_word' id='word_1_216' title='bbox 2539 920 2666 974; x_wconf 90' lang='lat' dir='ltr'><strong>item</strong></span> <span class='ocrx_word' id='word_1_217' title='bbox 2720 920 2845 989; x_wconf 89' lang='lat' dir='ltr'><strong>quis</strong></span> <span class='ocrx_word' id='word_1_218' title='bbox 2899 918 3175 984; x_wconf 84' lang='lat' dir='ltr'><strong>fastosus,</strong></span> <span class='ocrx_word' id='word_1_219' title='bbox 3217 927 3270 974; x_wconf 89' lang='lat' dir='ltr'><strong>et</strong></span> <span class='ocrx_word' id='word_1_220' title='bbox 3300 920 3426 990; x_wconf 88' lang='lat' dir='ltr'><strong>quis</strong></span> <span class='ocrx_word' id='word_1_221' title='bbox 3456 919 3543 973; x_wconf 83' lang='lat' dir='ltr'><strong>in-</strong></span> 
     </span>
    </p>
   </div>
   <div class='ocr_carea' id='block_1_38' title="bbox 2028 1009 2211 1066">
    <p class='ocr_par' dir='ltr' id='par_1_38' title="bbox 2028 1009 2211 1066">
     <span class='ocr_line' id='line_1_38' title="bbox 2028 1009 2211 1066; baseline -0.011 -2"><span class='ocrx_word' id='word_1_222' title='bbox 2028 1009 2211 1066; x_wconf 84' lang='lat' dir='ltr'><strong>ﬂatus.</strong></span> 
     </span>
    </p>
   </div>
   <div class='ocr_carea' id='block_1_39' title="bbox 1958 1104 3538 1175">
    <p class='ocr_par' dir='ltr' id='par_1_39' title="bbox 1958 1104 3538 1175">
     <span class='ocr_line' id='line_1_39' title="bbox 1958 1104 3538 1175; baseline 0.002 -17"><span class='ocrx_word' id='word_1_223' title='bbox 1958 1104 2027 1158; x_wconf 79' lang='lat'><strong>57</strong></span> <span class='ocrx_word' id='word_1_224' title='bbox 2059 1104 2113 1159; x_wconf 91' lang='lat' dir='ltr'><strong>Si</strong></span> <span class='ocrx_word' id='word_1_225' title='bbox 2142 1106 2265 1175; x_wconf 87' lang='lat' dir='ltr'><strong>quis</strong></span> <span class='ocrx_word' id='word_1_226' title='bbox 2298 1105 2430 1159; x_wconf 83' lang='lat' dir='ltr'><strong>vitio</strong></span> <span class='ocrx_word' id='word_1_227' title='bbox 2453 1104 2692 1175; x_wconf 89' lang='lat' dir='ltr'><strong>cuipiam</strong></span> <span class='ocrx_word' id='word_1_228' title='bbox 2724 1105 3113 1160; x_wconf 85' lang='lat' dir='ltr'><strong>inemendabili</strong></span> <span class='ocrx_word' id='word_1_229' title='bbox 3145 1106 3218 1162; x_wconf 86' lang='lat' dir='ltr'><strong>sit</strong></span> <span class='ocrx_word' id='word_1_230' title='bbox 3241 1106 3538 1168; x_wconf 78' lang='lat' dir='ltr'><strong>obnoxius.</strong></span> 
     </span>
    </p>
   </div>
   <div class='ocr_carea' id='block_1_40' title="bbox 2027 1196 3538 1270">
    <p class='ocr_par' dir='ltr' id='par_1_40' title="bbox 2027 1196 3538 1270">
     <span class='ocr_line' id='line_1_40' title="bbox 2027 1196 3538 1270; baseline 0.001 -19"><span class='ocrx_word' id='word_1_231' title='bbox 2027 1205 2083 1251; x_wconf 89' lang='lat' dir='ltr'><strong>et</strong></span> <span class='ocrx_word' id='word_1_232' title='bbox 2116 1196 2459 1268; x_wconf 83' lang='lat' dir='ltr'><strong>frequentius</strong></span> <span class='ocrx_word' id='word_1_233' title='bbox 2488 1199 2855 1268; x_wconf 88' lang='lat' dir='ltr'><strong>reprehensus</strong></span> <span class='ocrx_word' id='word_1_234' title='bbox 2879 1198 3097 1253; x_wconf 72' lang='lat' dir='ltr'><strong>lmditur</strong></span> <span class='ocrx_word' id='word_1_235' title='bbox 3121 1239 3136 1264; x_wconf 95' lang='lat'><strong>,</strong></span> <span class='ocrx_word' id='word_1_236' title='bbox 3179 1214 3245 1253; x_wconf 89' lang='lat' dir='ltr'><strong>an</strong></span> <span class='ocrx_word' id='word_1_237' title='bbox 3270 1199 3538 1270; x_wconf 82' lang='lat' dir='ltr'><strong>profuerit</strong></span> 
     </span>
    </p>
   </div>
   <div class='ocr_carea' id='block_1_41' title="bbox 2027 1290 2839 1361">
    <p class='ocr_par' dir='ltr' id='par_1_41' title="bbox 2027 1290 2839 1361">
     <span class='ocr_line' id='line_1_41' title="bbox 2027 1290 2839 1361; baseline 0 -19"><span class='ocrx_word' id='word_1_238' title='bbox 2027 1291 2203 1358; x_wconf 78' lang='lat' dir='ltr'><strong>magis</strong></span> <span class='ocrx_word' id='word_1_239' title='bbox 2235 1290 2337 1344; x_wconf 90' lang='lat' dir='ltr'><strong>hoc</strong></span> <span class='ocrx_word' id='word_1_240' title='bbox 2367 1291 2469 1360; x_wconf 91' lang='lat' dir='ltr'><strong>ipsi</strong></span> <span class='ocrx_word' id='word_1_241' title='bbox 2502 1291 2839 1361; x_wconf 84' lang='lat' dir='ltr'><strong>permittere.</strong></span> 
     </span>
    </p>
   </div>
   <div class='ocr_carea' id='block_1_42' title="bbox 1956 1378 3540 1453">
    <p class='ocr_par' dir='ltr' id='par_1_42' title="bbox 1956 1378 3540 1453">
     <span class='ocr_line' id='line_1_42' title="bbox 1956 1378 3540 1453; baseline 0.002 -21"><span class='ocrx_word' id='word_1_242' title='bbox 1956 1378 2024 1433; x_wconf 81' lang='lat'><strong>58</strong></span> <span class='ocrx_word' id='word_1_243' title='bbox 2055 1380 2137 1434; x_wconf 84' lang='lat' dir='ltr'><strong>An</strong></span> <span class='ocrx_word' id='word_1_244' title='bbox 2174 1382 2349 1435; x_wconf 86' lang='lat' dir='ltr'><strong>solum</strong></span> <span class='ocrx_word' id='word_1_245' title='bbox 2382 1382 2661 1451; x_wconf 87' lang='lat' dir='ltr'><strong>judicctur</strong></span> <span class='ocrx_word' id='word_1_246' title='bbox 2688 1384 2753 1444; x_wconf 90' lang='lat' dir='ltr'><strong>is,</strong></span> <span class='ocrx_word' id='word_1_247' title='bbox 2780 1384 2871 1453; x_wconf 91' lang='lat' dir='ltr'><strong>qui</strong></span> <span class='ocrx_word' id='word_1_248' title='bbox 2918 1382 2985 1437; x_wconf 89' lang='lat' dir='ltr'><strong>de</strong></span> <span class='ocrx_word' id='word_1_249' title='bbox 3029 1382 3299 1437; x_wconf 91' lang='lat' dir='ltr'><strong>industria</strong></span> <span class='ocrx_word' id='word_1_250' title='bbox 3343 1382 3540 1436; x_wconf 87' lang='lat' dir='ltr'><strong>menti-</strong></span> 
     </span>
    </p>
   </div>
   <div class='ocr_carea' id='block_1_43' title="bbox 2031 1470 3542 1543">
    <p class='ocr_par' dir='ltr' id='par_1_43' title="bbox 2031 1470 3542 1543">
     <span class='ocr_line' id='line_1_43' title="bbox 2031 1470 3542 1543; baseline -0.001 -19"><span class='ocrx_word' id='word_1_251' title='bbox 2031 1480 2119 1526; x_wconf 93' lang='lat' dir='ltr'><strong>tus</strong></span> <span class='ocrx_word' id='word_1_252' title='bbox 2145 1478 2266 1526; x_wconf 91' lang='lat' dir='ltr'><strong>est:</strong></span> <span class='ocrx_word' id='word_1_253' title='bbox 2302 1474 2584 1528; x_wconf 86' lang='lat' dir='ltr'><strong>autetiam</strong></span> <span class='ocrx_word' id='word_1_254' title='bbox 2621 1474 2689 1536; x_wconf 84' lang='lat' dir='ltr'><strong>is,</strong></span> <span class='ocrx_word' id='word_1_255' title='bbox 2723 1476 2817 1543; x_wconf 85' lang='lat' dir='ltr'><strong>qui</strong></span> <span class='ocrx_word' id='word_1_256' title='bbox 2852 1473 3110 1527; x_wconf 86' lang='lat' dir='ltr'><strong>nesciens</strong></span> <span class='ocrx_word' id='word_1_257' title='bbox 3138 1470 3345 1541; x_wconf 89' lang='lat' dir='ltr'><strong>aliquid</strong></span> <span class='ocrx_word' id='word_1_258' title='bbox 3379 1470 3542 1525; x_wconf 84' lang='lat' dir='ltr'><strong>abso-</strong></span> 
     </span>
    </p>
   </div>
   <div class='ocr_carea' id='block_1_44' title="bbox 2028 1564 3118 1620">
    <p class='ocr_par' dir='ltr' id='par_1_44' title="bbox 2028 1564 3118 1620">
     <span class='ocr_line' id='line_1_44' title="bbox 2028 1564 3118 1620; baseline 0.004 -5"><span class='ocrx_word' id='word_1_259' title='bbox 2028 1564 2142 1617; x_wconf 85' lang='lat' dir='ltr'><strong>lute</strong></span> <span class='ocrx_word' id='word_1_260' title='bbox 2166 1572 2327 1618; x_wconf 90' lang='lat' dir='ltr'><strong>outra</strong></span> <span class='ocrx_word' id='word_1_261' title='bbox 2364 1566 2648 1619; x_wconf 82' lang='lat' dir='ltr'><strong>veritatem</strong></span> <span class='ocrx_word' id='word_1_262' title='bbox 2680 1566 2899 1620; x_wconf 85' lang='lat' dir='ltr'><strong>locutus</strong></span> <span class='ocrx_word' id='word_1_263' title='bbox 2932 1565 3118 1619; x_wconf 88' lang='lat' dir='ltr'><strong>fuerit.</strong></span> 
     </span>
    </p>
   </div>
   <div class='ocr_carea' id='block_1_45' title="bbox 1958 1654 3542 1728">
    <p class='ocr_par' dir='ltr' id='par_1_45' title="bbox 1958 1654 3542 1728">
     <span class='ocr_line' id='line_1_45' title="bbox 1958 1654 3542 1728; baseline -0.001 -19"><span class='ocrx_word' id='word_1_264' title='bbox 1958 1654 2025 1709; x_wconf 77' lang='lat'><strong>59</strong></span> <span class='ocrx_word' id='word_1_265' title='bbox 2059 1654 2116 1709; x_wconf 94' lang='lat' dir='ltr'><strong>Si</strong></span> <span class='ocrx_word' id='word_1_266' title='bbox 2145 1658 2269 1726; x_wconf 89' lang='lat' dir='ltr'><strong>quis</strong></span> <span class='ocrx_word' id='word_1_267' title='bbox 2298 1660 2622 1728; x_wconf 73' lang='lat' dir='ltr'><strong>cogitaverit</strong></span> <span class='ocrx_word' id='word_1_268' title='bbox 2651 1658 2918 1712; x_wconf 80' lang='lat' dir='ltr'><strong>duntaxat</strong></span> <span class='ocrx_word' id='word_1_269' title='bbox 2946 1656 3151 1727; x_wconf 73' lang='lat' dir='ltr'><strong>aliquid</strong></span> <span class='ocrx_word' id='word_1_270' title='bbox 3187 1654 3395 1719; x_wconf 85' lang='lat' dir='ltr'><strong>facere,</strong></span> <span class='ocrx_word' id='word_1_271' title='bbox 3440 1668 3542 1708; x_wconf 87' lang='lat' dir='ltr'><strong>nec</strong></span> 
     </span>
    </p>
   </div>
   <div class='ocr_carea' id='block_1_46' title="bbox 2031 1746 3539 1822">
    <p class='ocr_par' dir='ltr' id='par_1_46' title="bbox 2031 1746 3539 1822">
     <span class='ocr_line' id='line_1_46' title="bbox 2031 1746 3539 1822; baseline -0.001 -19"><span class='ocrx_word' id='word_1_272' title='bbox 2031 1761 2210 1803; x_wconf 77' lang='lat' dir='ltr'><strong>tamen</strong></span> <span class='ocrx_word' id='word_1_273' title='bbox 2264 1750 2473 1811; x_wconf 80' lang='lat' dir='ltr'><strong>fecerit.</strong></span> <span class='ocrx_word' id='word_1_274' title='bbox 2512 1768 2579 1805; x_wconf 88' lang='lat' dir='ltr'><strong>an</strong></span> <span class='ocrx_word' id='word_1_275' title='bbox 2634 1752 2680 1806; x_wconf 92' lang='lat' dir='ltr'><strong>is</strong></span> <span class='ocrx_word' id='word_1_276' title='bbox 2721 1767 2940 1822; x_wconf 88' lang='lat' dir='ltr'><strong>quoque</strong></span> <span class='ocrx_word' id='word_1_277' title='bbox 2988 1752 3136 1804; x_wconf 88' lang='lat' dir='ltr'><strong>velut</strong></span> <span class='ocrx_word' id='word_1_278' title='bbox 3164 1748 3401 1803; x_wconf 79' lang='lat' dir='ltr'><strong>mendax</strong></span> <span class='ocrx_word' id='word_1_279' title='bbox 3446 1746 3539 1817; x_wconf 87' lang='lat' dir='ltr'><strong>ju-</strong></span> 
     </span>
    </p>
   </div>
   <div class='ocr_carea' id='block_1_47' title="bbox 1886 1808 2264 1898">
    <p class='ocr_par' dir='ltr' id='par_1_47' title="bbox 1886 1808 2264 1898">
     <span class='ocr_line' id='line_1_47' title="bbox 1886 1808 2264 1898; baseline 0.003 -1"><span class='ocrx_word' id='word_1_280' title='bbox 1886 1808 1929 1866; x_wconf 66' lang='grc' dir='ltr'><strong><em>Β</em></strong></span> <span class='ocrx_word' id='word_1_281' title='bbox 2028 1843 2264 1898; x_wconf 89' lang='lat' dir='ltr'><strong>dicetur.</strong></span> 
     </span>
    </p>
   </div>
   <div class='ocr_carea' id='block_1_48' title="bbox 1956 1927 3541 2003">
    <p class='ocr_par' dir='ltr' id='par_1_48' title="bbox 1956 1927 3541 2003">
     <span class='ocr_line' id='line_1_48' title="bbox 1956 1927 3541 2003; baseline -0.004 -16"><span class='ocrx_word' id='word_1_282' title='bbox 1956 1932 2026 1987; x_wconf 85' lang='lat'>60</span> <span class='ocrx_word' id='word_1_283' title='bbox 2061 1933 2136 1988; x_wconf 91' lang='lat' dir='ltr'><strong>De</strong></span> <span class='ocrx_word' id='word_1_284' title='bbox 2167 1948 2232 1987; x_wconf 91' lang='lat' dir='ltr'><strong>eo</strong></span> <span class='ocrx_word' id='word_1_285' title='bbox 2265 1932 2358 2003; x_wconf 91' lang='lat' dir='ltr'><strong>qui</strong></span> <span class='ocrx_word' id='word_1_286' title='bbox 2380 1941 2629 2002; x_wconf 88' lang='lat' dir='ltr'><strong>proterve</strong></span> <span class='ocrx_word' id='word_1_287' title='bbox 2658 1932 2902 1988; x_wconf 81' lang='lat' dir='ltr'><strong>decrevit</strong></span> <span class='ocrx_word' id='word_1_288' title='bbox 2921 1931 3100 1986; x_wconf 82' lang='lat' dir='ltr'><strong>facere</strong></span> <span class='ocrx_word' id='word_1_289' title='bbox 3123 1927 3329 2000; x_wconf 91' lang='lat' dir='ltr'><strong>aliquid</strong></span> <span class='ocrx_word' id='word_1_290' title='bbox 3350 1942 3541 1983; x_wconf 86' lang='lat' dir='ltr'><strong>eorum</strong></span> 
     </span>
    </p>
   </div>
   <div class='ocr_carea' id='block_1_49' title="bbox 2029 2025 2628 2095">
    <p class='ocr_par' dir='ltr' id='par_1_49' title="bbox 2029 2025 2628 2095">
     <span class='ocr_line' id='line_1_49' title="bbox 2029 2025 2628 2095; baseline 0.003 -16"><span class='ocrx_word' id='word_1_291' title='bbox 2029 2040 2150 2095; x_wconf 70' lang='lat' dir='ltr'><strong>qua:</strong></span> <span class='ocrx_word' id='word_1_292' title='bbox 2180 2026 2469 2094; x_wconf 81' lang='lat' dir='ltr'><strong>displicent</strong></span> <span class='ocrx_word' id='word_1_293' title='bbox 2497 2025 2628 2081; x_wconf 87' lang='lat' dir='ltr'><strong>Deo.</strong></span> 
     </span>
    </p>
   </div>
   <div class='ocr_carea' id='block_1_50' title="bbox 1957 2112 3543 2188">
    <p class='ocr_par' dir='ltr' id='par_1_50' title="bbox 1957 2112 3543 2188">
     <span class='ocr_line' id='line_1_50' title="bbox 1957 2112 3543 2188; baseline -0.002 -18"><span class='ocrx_word' id='word_1_294' title='bbox 1957 2117 2018 2171; x_wconf 80' lang='lat' dir='ltr'>6i</span> <span class='ocrx_word' id='word_1_295' title='bbox 2056 2115 2114 2170; x_wconf 92' lang='lat' dir='ltr'><strong>Si</strong></span> <span class='ocrx_word' id='word_1_296' title='bbox 2145 2116 2269 2186; x_wconf 91' lang='lat' dir='ltr'><strong>quis</strong></span> <span class='ocrx_word' id='word_1_297' title='bbox 2302 2131 2480 2185; x_wconf 89' lang='lat' dir='ltr'><strong>neque</strong></span> <span class='ocrx_word' id='word_1_298' title='bbox 2528 2118 2746 2187; x_wconf 89' lang='lat' dir='ltr'><strong>operari</strong></span> <span class='ocrx_word' id='word_1_299' title='bbox 2802 2123 3011 2188; x_wconf 87' lang='lat' dir='ltr'><strong>potest,</strong></span> <span class='ocrx_word' id='word_1_300' title='bbox 3068 2129 3246 2185; x_wconf 89' lang='lat' dir='ltr'><strong>neque</strong></span> <span class='ocrx_word' id='word_1_301' title='bbox 3299 2112 3543 2184; x_wconf 78' lang='lat' dir='ltr'><strong>psalmos</strong></span> 
     </span>
    </p>
   </div>
   <div class='ocr_carea' id='block_1_51' title="bbox 2030 2201 2419 2255">
    <p class='ocr_par' dir='ltr' id='par_1_51' title="bbox 2030 2201 2419 2255">
     <span class='ocr_line' id='line_1_51' title="bbox 2030 2201 2419 2255; baseline -0.003 0"><span class='ocrx_word' id='word_1_302' title='bbox 2030 2201 2242 2255; x_wconf 79' lang='lat' dir='ltr'><strong>discere</strong></span> <span class='ocrx_word' id='word_1_303' title='bbox 2273 2201 2419 2254; x_wconf 84' lang='lat' dir='ltr'><strong>velit.</strong></span> 
     </span>
    </p>
   </div>
   <div class='ocr_carea' id='block_1_52' title="bbox 1957 2289 3543 2363">
    <p class='ocr_par' dir='ltr' id='par_1_52' title="bbox 1957 2289 3543 2363">
     <span class='ocr_line' id='line_1_52' title="bbox 1957 2289 3543 2363; baseline -0.002 -16"><span class='ocrx_word' id='word_1_304' title='bbox 1957 2293 2026 2347; x_wconf 70' lang='lat'>62</span> <span class='ocrx_word' id='word_1_305' title='bbox 2064 2292 2203 2359; x_wconf 87' lang='lat' dir='ltr'><strong>Quid</strong></span> <span class='ocrx_word' id='word_1_306' title='bbox 2236 2293 2425 2348; x_wconf 81' lang='lat' dir='ltr'><strong>fecerit</strong></span> <span class='ocrx_word' id='word_1_307' title='bbox 2450 2292 2595 2363; x_wconf 86' lang='lat' dir='ltr'><strong>quis.</strong></span> <span class='ocrx_word' id='word_1_308' title='bbox 2641 2302 2699 2344; x_wconf 89' lang='lat' dir='ltr'><strong>ut</strong></span> <span class='ocrx_word' id='word_1_309' title='bbox 2729 2290 3129 2345; x_wconf 88' lang='lat' dir='ltr'><strong>condemnetur</strong></span> <span class='ocrx_word' id='word_1_310' title='bbox 3158 2296 3418 2359; x_wconf 87' lang='lat' dir='ltr'><strong>tanquam</strong></span> <span class='ocrx_word' id='word_1_311' title='bbox 3447 2289 3543 2359; x_wconf 88' lang='lat' dir='ltr'><strong>qui</strong></span> 
     </span>
    </p>
   </div>
   <div class='ocr_carea' id='block_1_53' title="bbox 2022 2384 2651 2439">
    <p class='ocr_par' dir='ltr' id='par_1_53' title="bbox 2022 2384 2651 2439">
     <span class='ocr_line' id='line_1_53' title="bbox 2022 2384 2651 2439; baseline -0.003 -2"><span class='ocrx_word' id='word_1_312' title='bbox 2022 2386 2289 2439; x_wconf 83' lang='lat' dir='ltr'><strong>talentum</strong></span> <span class='ocrx_word' id='word_1_313' title='bbox 2335 2384 2651 2437; x_wconf 84' lang='lat' dir='ltr'><strong>occultavit.</strong></span> 
     </span>
    </p>
   </div>
   <div class='ocr_carea' id='block_1_54' title="bbox 1955 2474 3541 2547">
    <p class='ocr_par' dir='ltr' id='par_1_54' title="bbox 1955 2474 3541 2547">
     <span class='ocr_line' id='line_1_54' title="bbox 1955 2474 3541 2547; baseline -0.001 -17"><span class='ocrx_word' id='word_1_314' title='bbox 1955 2478 2027 2531; x_wconf 80' lang='grc'>65</span> <span class='ocrx_word' id='word_1_315' title='bbox 2051 2477 2193 2542; x_wconf 86' lang='lat' dir='ltr'><strong>Quid</strong></span> <span class='ocrx_word' id='word_1_316' title='bbox 2226 2476 2417 2531; x_wconf 88' lang='lat' dir='ltr'><strong>fecerit</strong></span> <span class='ocrx_word' id='word_1_317' title='bbox 2458 2476 2603 2547; x_wconf 90' lang='lat' dir='ltr'><strong>quis,</strong></span> <span class='ocrx_word' id='word_1_318' title='bbox 2640 2484 2697 2529; x_wconf 91' lang='lat' dir='ltr'><strong>ut</strong></span> <span class='ocrx_word' id='word_1_319' title='bbox 2737 2474 3137 2530; x_wconf 86' lang='lat' dir='ltr'><strong>condemnetur</strong></span> <span class='ocrx_word' id='word_1_320' title='bbox 3168 2483 3429 2546; x_wconf 87' lang='lat' dir='ltr'><strong>tanquam</strong></span> <span class='ocrx_word' id='word_1_321' title='bbox 3462 2474 3541 2529; x_wconf 91' lang='lat' dir='ltr'><strong>illi</strong></span> 
     </span>
    </p>
   </div>
   <div class='ocr_carea' id='block_1_55' title="bbox 2026 2568 3221 2637">
    <p class='ocr_par' dir='ltr' id='par_1_55' title="bbox 2026 2568 3221 2637">
     <span class='ocr_line' id='line_1_55' title="bbox 2026 2568 3221 2637; baseline -0.002 -16"><span class='ocrx_word' id='word_1_322' title='bbox 2026 2568 2121 2636; x_wconf 89' lang='lat' dir='ltr'><strong>qui</strong></span> <span class='ocrx_word' id='word_1_323' title='bbox 2149 2575 2636 2621; x_wconf 82' lang='lat' dir='ltr'><strong>murmuraverunt</strong></span> <span class='ocrx_word' id='word_1_324' title='bbox 2667 2574 2859 2621; x_wconf 91' lang='lat' dir='ltr'><strong>contra</strong></span> <span class='ocrx_word' id='word_1_325' title='bbox 2892 2576 3221 2637; x_wconf 90' lang='lat' dir='ltr'><strong>postremos.</strong></span> 
     </span>
    </p>
   </div>
   <div class='ocr_carea' id='block_1_56' title="bbox 1956 2657 3544 2728">
    <p class='ocr_par' dir='ltr' id='par_1_56' title="bbox 1956 2657 3544 2728">
     <span class='ocr_line' id='line_1_56' title="bbox 1956 2657 3544 2728; baseline -0.002 -15"><span class='ocrx_word' id='word_1_326' title='bbox 1956 2661 2024 2715; x_wconf 70' lang='grc'>64</span> <span class='ocrx_word' id='word_1_327' title='bbox 2054 2660 2194 2724; x_wconf 89' lang='lat' dir='ltr'><strong>Quid</strong></span> <span class='ocrx_word' id='word_1_328' title='bbox 2229 2667 2314 2715; x_wconf 91' lang='lat' dir='ltr'><strong>est</strong></span> <span class='ocrx_word' id='word_1_329' title='bbox 2344 2660 2677 2714; x_wconf 80' lang='lat' dir='ltr'><strong>oﬂ‘endiculo</strong></span> <span class='ocrx_word' id='word_1_330' title='bbox 2734 2675 2893 2723; x_wconf 88' lang='lat' dir='ltr'><strong>esse,</strong></span> <span class='ocrx_word' id='word_1_331' title='bbox 2961 2668 3017 2713; x_wconf 91' lang='lat' dir='ltr'><strong>et</strong></span> <span class='ocrx_word' id='word_1_332' title='bbox 3058 2674 3166 2728; x_wconf 92' lang='lat' dir='ltr'><strong>qua</strong></span> <span class='ocrx_word' id='word_1_333' title='bbox 3220 2658 3272 2713; x_wconf 92' lang='lat' dir='ltr'><strong>id</strong></span> <span class='ocrx_word' id='word_1_334' title='bbox 3329 2657 3544 2711; x_wconf 76' lang='lat' dir='ltr'><strong>ratione</strong></span> 
     </span>
    </p>
   </div>
   <div class='ocr_carea' id='block_1_57' title="bbox 2026 2754 2360 2808">
    <p class='ocr_par' dir='ltr' id='par_1_57' title="bbox 2026 2754 2360 2808">
     <span class='ocr_line' id='line_1_57' title="bbox 2026 2754 2360 2808; baseline 0 -1"><span class='ocrx_word' id='word_1_335' title='bbox 2026 2754 2360 2808; x_wconf 81' lang='lat' dir='ltr'><strong>cavebimus.</strong></span> 
     </span>
    </p>
   </div>
   <div class='ocr_carea' id='block_1_58' title="bbox 1954 2836 3468 2911">
    <p class='ocr_par' dir='ltr' id='par_1_58' title="bbox 1954 2836 3468 2911">
     <span class='ocr_line' id='line_1_58' title="bbox 1954 2836 3468 2911; baseline -0.002 -15"><span class='ocrx_word' id='word_1_336' title='bbox 1954 2844 2023 2897; x_wconf 80' lang='grc'>65</span> <span class='ocrx_word' id='word_1_337' title='bbox 2051 2841 2338 2908; x_wconf 88' lang='lat' dir='ltr'><strong>Quomodo</strong></span> <span class='ocrx_word' id='word_1_338' title='bbox 2360 2838 2485 2911; x_wconf 87' lang='lat' dir='ltr'><strong>quis</strong></span> <span class='ocrx_word' id='word_1_339' title='bbox 2525 2840 2812 2892; x_wconf 81' lang='lat' dir='ltr'><strong>veritatem</strong></span> <span class='ocrx_word' id='word_1_340' title='bbox 2847 2836 3060 2891; x_wconf 89' lang='lat' dir='ltr'><strong>detinet</strong></span> <span class='ocrx_word' id='word_1_341' title='bbox 3089 2837 3142 2889; x_wconf 93' lang='lat' dir='ltr'><strong>in</strong></span> <span class='ocrx_word' id='word_1_342' title='bbox 3174 2836 3468 2906; x_wconf 87' lang='lat' dir='ltr'><strong>iujustitia.</strong></span> 
     </span>
    </p>
   </div>
   <div class='ocr_carea' id='block_1_59' title="bbox 1953 2927 3229 2998">
    <p class='ocr_par' dir='ltr' id='par_1_59' title="bbox 1953 2927 3229 2998">
     <span class='ocr_line' id='line_1_59' title="bbox 1953 2927 3229 2998; baseline -0.004 -13"><span class='ocrx_word' id='word_1_343' title='bbox 1953 2932 2023 2985; x_wconf 85' lang='lat'><strong>66</strong></span> <span class='ocrx_word' id='word_1_344' title='bbox 2056 2932 2195 2997; x_wconf 84' lang='lat' dir='ltr'><strong>Quid</strong></span> <span class='ocrx_word' id='word_1_345' title='bbox 2218 2940 2304 2986; x_wconf 86' lang='lat' dir='ltr'><strong>est</strong></span> <span class='ocrx_word' id='word_1_346' title='bbox 2332 2929 2640 2991; x_wconf 87' lang='lat' dir='ltr'><strong>altercatio,</strong></span> <span class='ocrx_word' id='word_1_347' title='bbox 2674 2937 2726 2982; x_wconf 88' lang='lat' dir='ltr'><strong>et</strong></span> <span class='ocrx_word' id='word_1_348' title='bbox 2760 2927 2890 2998; x_wconf 89' lang='lat' dir='ltr'><strong>quid</strong></span> <span class='ocrx_word' id='word_1_349' title='bbox 2922 2928 3229 2981; x_wconf 87' lang='lat' dir='ltr'><strong>contentio.</strong></span> 
     </span>
    </p>
   </div>
   <div class='ocr_carea' id='block_1_60' title="bbox 1952 3019 3290 3090">
    <p class='ocr_par' dir='ltr' id='par_1_60' title="bbox 1952 3019 3290 3090">
     <span class='ocr_line' id='line_1_60' title="bbox 1952 3019 3290 3090; baseline -0.001 -14"><span class='ocrx_word' id='word_1_350' title='bbox 1952 3025 2019 3078; x_wconf 86' lang='grc'>67</span> <span class='ocrx_word' id='word_1_351' title='bbox 2052 3024 2193 3090; x_wconf 90' lang='lat' dir='ltr'><strong>Quid</strong></span> <span class='ocrx_word' id='word_1_352' title='bbox 2224 3032 2309 3078; x_wconf 91' lang='lat' dir='ltr'><strong>est</strong></span> <span class='ocrx_word' id='word_1_353' title='bbox 2342 3022 2709 3084; x_wconf 90' lang='lat' dir='ltr'><strong>immunditia,</strong></span> <span class='ocrx_word' id='word_1_354' title='bbox 2734 3030 2789 3074; x_wconf 89' lang='lat' dir='ltr'><strong>et</strong></span> <span class='ocrx_word' id='word_1_355' title='bbox 2817 3019 2947 3089; x_wconf 89' lang='lat' dir='ltr'><strong>quid</strong></span> <span class='ocrx_word' id='word_1_356' title='bbox 2980 3020 3290 3088; x_wconf 89' lang='lat' dir='ltr'><strong>impuritas.</strong></span> 
     </span>
    </p>
   </div>
   <div class='ocr_carea' id='block_1_61' title="bbox 256 3113 1850 3214">
    <p class='ocr_par' dir='ltr' id='par_1_61' title="bbox 256 3130 1850 3202">
     <span class='ocr_line' id='line_1_61' title="bbox 256 3130 1850 3202; baseline -0.003 -18"><span class='ocrx_word' id='word_1_357' title='bbox 256 3130 344 3202; x_wconf 76' lang='grc' dir='ltr'><strong>ξη¹</strong></span> <span class='ocrx_word' id='word_1_358' title='bbox 372 3132 438 3183; x_wconf 89' lang='grc' dir='ltr'><strong>Τί</strong></span> <span class='ocrx_word' id='word_1_359' title='bbox 473 3132 605 3184; x_wconf 76' lang='grc' dir='ltr'>ἴδιον</span> <span class='ocrx_word' id='word_1_360' title='bbox 645 3130 839 3202; x_wconf 77' lang='grc' dir='ltr'>θυμοῦ,</span> <span class='ocrx_word' id='word_1_361' title='bbox 893 3132 987 3185; x_wconf 76' lang='grc' dir='ltr'><strong>καὶ</strong></span> <span class='ocrx_word' id='word_1_362' title='bbox 1016 3132 1068 3184; x_wconf 93' lang='grc' dir='ltr'><strong>τί</strong></span> <span class='ocrx_word' id='word_1_363' title='bbox 1113 3132 1242 3184; x_wconf 76' lang='grc' dir='ltr'>ἴδιον</span> <span class='ocrx_word' id='word_1_364' title='bbox 1284 3132 1712 3201; x_wconf 76' lang='grc' dir='ltr'>ἀγανακτήσεως</span> <span class='ocrx_word' id='word_1_365' title='bbox 1764 3146 1850 3181; x_wconf 91' lang='grc' dir='ltr'>ευ-</span> 
     </span>
    </p>
   </div>
   <div class='ocr_carea' id='block_1_62' title="bbox 1977 3113 3542 3214">
    <p class='ocr_par' dir='ltr' id='par_1_62' title="bbox 1977 3113 3542 3186">
     <span class='ocr_line' id='line_1_62' title="bbox 1977 3113 3542 3186; baseline -0.001 -16"><span class='ocrx_word' id='word_1_366' title='bbox 1977 3120 2023 3174; x_wconf 79' lang='grc' dir='ltr'><strong>ἱ8</strong></span> <span class='ocrx_word' id='word_1_367' title='bbox 2056 3118 2195 3185; x_wconf 91' lang='lat' dir='ltr'><strong>Quid</strong></span> <span class='ocrx_word' id='word_1_368' title='bbox 2227 3129 2310 3173; x_wconf 87' lang='lat' dir='ltr'><strong>est</strong></span> <span class='ocrx_word' id='word_1_369' title='bbox 2336 3115 2618 3186; x_wconf 83' lang='lat' dir='ltr'><strong>proprium</strong></span> <span class='ocrx_word' id='word_1_370' title='bbox 2668 3118 2783 3179; x_wconf 66' lang='lat' dir='ltr'><strong>irae,</strong></span> <span class='ocrx_word' id='word_1_371' title='bbox 2818 3124 2867 3170; x_wconf 90' lang='lat' dir='ltr'><strong>et</strong></span> <span class='ocrx_word' id='word_1_372' title='bbox 2898 3113 3029 3185; x_wconf 90' lang='lat' dir='ltr'><strong>quid</strong></span> <span class='ocrx_word' id='word_1_373' title='bbox 3062 3113 3343 3183; x_wconf 85' lang='lat' dir='ltr'><strong>proprium</strong></span> <span class='ocrx_word' id='word_1_374' title='bbox 3373 3126 3542 3184; x_wconf 66' lang='lat' dir='ltr'><strong>aequat</strong></span> 
     </span>
    </p>
   </div>
   <div class='ocr_carea' id='block_1_63' title="bbox 332 3218 519 3286">
    <p class='ocr_par' dir='ltr' id='par_1_63' title="bbox 332 3218 519 3286">
     <span class='ocr_line' id='line_1_63' title="bbox 332 3218 519 3286; baseline 0 -16"><span class='ocrx_word' id='word_1_375' title='bbox 332 3218 519 3286; x_wconf 76' lang='grc' dir='ltr'>λόγου.</span> 
     </span>
    </p>
   </div>
   <div class='ocr_carea' id='block_1_64' title="bbox 252 3308 1848 3382">
    <p class='ocr_par' dir='ltr' id='par_1_64' title="bbox 252 3308 1848 3382">
     <span class='ocr_line' id='line_1_64' title="bbox 252 3308 1848 3382; baseline -0.001 -17"><span class='ocrx_word' id='word_1_376' title='bbox 252 3311 333 3379; x_wconf 62' lang='grc' dir='ltr'><strong>ξδ’</strong></span> <span class='ocrx_word' id='word_1_377' title='bbox 372 3311 512 3382; x_wconf 77' lang='grc' dir='ltr'>Περὶ</span> <span class='ocrx_word' id='word_1_378' title='bbox 555 3308 650 3363; x_wconf 79' lang='grc' dir='ltr'>τοῦ</span> <span class='ocrx_word' id='word_1_379' title='bbox 702 3312 838 3382; x_wconf 83' lang='grc' dir='ltr'>μήτε</span> <span class='ocrx_word' id='word_1_380' title='bbox 886 3309 1106 3364; x_wconf 74' lang='grc' dir='ltr'>ἔλαττον</span> <span class='ocrx_word' id='word_1_381' title='bbox 1156 3308 1427 3374; x_wconf 78' lang='grc' dir='ltr'>ἐσθίοντος</span> <span class='ocrx_word' id='word_1_382' title='bbox 1478 3311 1586 3363; x_wconf 88' lang='grc' dir='ltr'><strong>τῶν</strong></span> <span class='ocrx_word' id='word_1_383' title='bbox 1623 3309 1848 3376; x_wconf 81' lang='grc' dir='ltr'>λοιπῶν,</span> 
     </span>
    </p>
   </div>
   <div class='ocr_carea' id='block_1_65' title="bbox 329 3398 1851 3473">
    <p class='ocr_par' dir='ltr' id='par_1_65' title="bbox 329 3398 1851 3473">
     <span class='ocr_line' id='line_1_65' title="bbox 329 3398 1851 3473; baseline 0.003 -24"><span class='ocrx_word' id='word_1_384' title='bbox 329 3400 473 3470; x_wconf 86' lang='grc' dir='ltr'>μήτε</span> <span class='ocrx_word' id='word_1_385' title='bbox 495 3398 657 3471; x_wconf 87' lang='grc' dir='ltr'>σῶμα</span> <span class='ocrx_word' id='word_1_386' title='bbox 690 3400 903 3470; x_wconf 76' lang='grc' dir='ltr'>ἔχοντος</span> <span class='ocrx_word' id='word_1_387' title='bbox 932 3400 1391 3473; x_wconf 78' lang='grc' dir='ltr'>κατερῤιμμένον,</span> <span class='ocrx_word' id='word_1_388' title='bbox 1419 3401 1512 3454; x_wconf 79' lang='grc' dir='ltr'>καὶ</span> <span class='ocrx_word' id='word_1_389' title='bbox 1551 3401 1851 3472; x_wconf 78' lang='grc' dir='ltr'>ἀδυναμίαν</span> 
     </span>
    </p>
   </div>
   <div class='ocr_carea' id='block_1_66' title="bbox 328 3492 1072 3567">
    <p class='ocr_par' dir='ltr' id='par_1_66' title="bbox 328 3492 1072 3567">
     <span class='ocr_line' id='line_1_66' title="bbox 328 3492 1072 3567; baseline 0 -22"><span class='ocrx_word' id='word_1_390' title='bbox 328 3493 417 3555; x_wconf 80' lang='grc' dir='ltr'>εἰς</span> <span class='ocrx_word' id='word_1_391' title='bbox 440 3493 502 3545; x_wconf 79' lang='grc' dir='ltr'>τὸ</span> <span class='ocrx_word' id='word_1_392' title='bbox 538 3492 698 3567; x_wconf 78' lang='grc' dir='ltr'>ἔργον</span> <span class='ocrx_word' id='word_1_393' title='bbox 730 3492 1072 3564; x_wconf 82' lang='grc' dir='ltr'>ὀδυρομένου.</span> 
     </span>
    </p>
   </div>
   <div class='ocr_carea' id='block_1_67' title="bbox 250 3584 1852 3658">
    <p class='ocr_par' dir='ltr' id='par_1_67' title="bbox 250 3584 1852 3658">
     <span class='ocr_line' id='line_1_67' title="bbox 250 3584 1852 3658; baseline -0.001 -18"><span class='ocrx_word' id='word_1_394' title='bbox 250 3588 295 3641; x_wconf 83' lang='grc' dir='ltr'>ο¹</span> <span class='ocrx_word' id='word_1_395' title='bbox 329 3588 440 3639; x_wconf 74' lang='grc' dir='ltr'>Τὸν</span> <span class='ocrx_word' id='word_1_396' title='bbox 471 3585 904 3658; x_wconf 83' lang='grc' dir='ltr'>παραχρώμενον</span> <span class='ocrx_word' id='word_1_397' title='bbox 938 3588 1050 3649; x_wconf 83' lang='grc' dir='ltr'>τοῖς</span> <span class='ocrx_word' id='word_1_398' title='bbox 1081 3585 1371 3657; x_wconf 86' lang='grc' dir='ltr'>ἱματίοιςῆ</span> <span class='ocrx_word' id='word_1_399' title='bbox 1397 3584 1708 3655; x_wconf 74' lang='grc' dir='ltr'>ὑποδήμασι</span> <span class='ocrx_word' id='word_1_400' title='bbox 1734 3586 1852 3649; x_wconf 81' lang='grc' dir='ltr'><strong>πῶς</strong></span> 
     </span>
    </p>
   </div>
   <div class='ocr_carea' id='block_1_68' title="bbox 324 3679 818 3750">
    <p class='ocr_par' dir='ltr' id='par_1_68' title="bbox 324 3679 818 3750">
     <span class='ocr_line' id='line_1_68' title="bbox 324 3679 818 3750; baseline 0.004 -19"><span class='ocrx_word' id='word_1_401' title='bbox 324 3681 413 3732; x_wconf 89' lang='grc' dir='ltr'><strong>δεῖ</strong></span> <span class='ocrx_word' id='word_1_402' title='bbox 437 3679 818 3750; x_wconf 74' lang='grc' dir='ltr'>μετέρχεσθαι.</span> 
     </span>
    </p>
   </div>
   <div class='ocr_carea' id='block_1_69' title="bbox 252 3768 1852 3841">
    <p class='ocr_par' dir='ltr' id='par_1_69' title="bbox 252 3768 1852 3841">
     <span class='ocr_line' id='line_1_69' title="bbox 252 3768 1852 3841; baseline -0.002 -16"><span class='ocrx_word' id='word_1_403' title='bbox 252 3782 334 3825; x_wconf 76' lang='grc' dir='ltr'>(ια’</span> <span class='ocrx_word' id='word_1_404' title='bbox 358 3774 483 3827; x_wconf 84' lang='grc' dir='ltr'>Είσί</span> <span class='ocrx_word' id='word_1_405' title='bbox 504 3790 650 3835; x_wconf 83' lang='grc' dir='ltr'>τινες</span> <span class='ocrx_word' id='word_1_406' title='bbox 686 3772 733 3824; x_wconf 89' lang='grc' dir='ltr'><strong>οί</strong></span> <span class='ocrx_word' id='word_1_407' title='bbox 779 3770 885 3841; x_wconf 76' lang='grc' dir='ltr'>πρὸ</span> <span class='ocrx_word' id='word_1_408' title='bbox 931 3770 1024 3823; x_wconf 76' lang='grc' dir='ltr'><strong>τοῦ</strong></span> <span class='ocrx_word' id='word_1_409' title='bbox 1067 3769 1311 3832; x_wconf 83' lang='grc' dir='ltr'>πλείονος</span> <span class='ocrx_word' id='word_1_410' title='bbox 1348 3769 1409 3821; x_wconf 77' lang='grc' dir='ltr'>τὸ</span> <span class='ocrx_word' id='word_1_411' title='bbox 1451 3768 1708 3840; x_wconf 74' lang='grc' dir='ltr'>ἡδύτερον</span> <span class='ocrx_word' id='word_1_412' title='bbox 1742 3769 1852 3822; x_wconf 91' lang='grc' dir='ltr'><strong>τῶν</strong></span> 
     </span>
    </p>
   </div>
   <div class='ocr_carea' id='block_1_70' title="bbox 327 3858 1852 3934">
    <p class='ocr_par' dir='ltr' id='par_1_70' title="bbox 327 3858 1852 3934">
     <span class='ocr_line' id='line_1_70' title="bbox 327 3858 1852 3934; baseline -0.004 -18"><span class='ocrx_word' id='word_1_413' title='bbox 327 3864 647 3934; x_wconf 76' lang='grc' dir='ltr'>ἐδεσμάτων</span> <span class='ocrx_word' id='word_1_414' title='bbox 674 3859 1078 3931; x_wconf 80' lang='grc' dir='ltr'>ἐπιζητοῦντες,</span> <span class='ocrx_word' id='word_1_415' title='bbox 1122 3858 1271 3911; x_wconf 81' lang='grc' dir='ltr'>ἄλλοι</span> <span class='ocrx_word' id='word_1_416' title='bbox 1312 3858 1367 3911; x_wconf 78' lang='grc' dir='ltr'>δὲ</span> <span class='ocrx_word' id='word_1_417' title='bbox 1408 3860 1466 3911; x_wconf 84' lang='grc' dir='ltr'>τὸ</span> <span class='ocrx_word' id='word_1_418' title='bbox 1501 3859 1681 3911; x_wconf 84' lang='grc' dir='ltr'>πλεῖον</span> <span class='ocrx_word' id='word_1_419' title='bbox 1718 3861 1852 3929; x_wconf 78' lang='grc' dir='ltr'>μᾶλ-</span> 
     </span>
    </p>
   </div>
   <div class='ocr_carea' id='block_1_71' title="bbox 324 3949 1850 4025">
    <p class='ocr_par' dir='ltr' id='par_1_71' title="bbox 324 3949 1850 4025">
     <span class='ocr_line' id='line_1_71' title="bbox 324 3949 1850 4025; baseline -0.002 -18"><span class='ocrx_word' id='word_1_420' title='bbox 324 3957 424 4009; x_wconf 89' lang='grc' dir='ltr'><strong>λον</strong></span> <span class='ocrx_word' id='word_1_421' title='bbox 467 3954 500 4025; x_wconf 66' lang='grc' dir='ltr'>ἢ</span> <span class='ocrx_word' id='word_1_422' title='bbox 551 3954 614 4006; x_wconf 82' lang='grc' dir='ltr'><strong>τὸ</strong></span> <span class='ocrx_word' id='word_1_423' title='bbox 651 3953 750 4023; x_wconf 78' lang='grc' dir='ltr'>ἡδὺ</span> <span class='ocrx_word' id='word_1_424' title='bbox 797 3951 885 4005; x_wconf 73' lang='grc' dir='ltr'>διὰ</span> <span class='ocrx_word' id='word_1_425' title='bbox 930 3950 1021 4003; x_wconf 78' lang='grc' dir='ltr'><strong>τὸν</strong></span> <span class='ocrx_word' id='word_1_426' title='bbox 1069 3951 1228 4021; x_wconf 83' lang='grc' dir='ltr'>κόρον</span> <span class='ocrx_word' id='word_1_427' title='bbox 1277 3950 1553 4004; x_wconf 82' lang='grc' dir='ltr'>θέλουσιν·</span> <span class='ocrx_word' id='word_1_428' title='bbox 1598 3950 1715 4014; x_wconf 85' lang='grc' dir='ltr'><strong>πῶς</strong></span> <span class='ocrx_word' id='word_1_429' title='bbox 1758 3949 1850 4005; x_wconf 72' lang='grc' dir='ltr'><strong>οὖν</strong></span> 
     </span>
    </p>
   </div>
   <div class='ocr_carea' id='block_1_72' title="bbox 325 4046 1225 4119">
    <p class='ocr_par' dir='ltr' id='par_1_72' title="bbox 325 4046 1225 4119">
     <span class='ocr_line' id='line_1_72' title="bbox 325 4046 1225 4119; baseline -0.003 -17"><span class='ocrx_word' id='word_1_430' title='bbox 325 4048 678 4119; x_wconf 75' lang='grc' dir='ltr'>ἀμφοτέρους</span> <span class='ocrx_word' id='word_1_431' title='bbox 702 4047 805 4116; x_wconf 82' lang='grc' dir='ltr'>πλη</span> <span class='ocrx_word' id='word_1_432' title='bbox 816 4048 1065 4115; x_wconf 73' lang='grc' dir='ltr'>ροφορεῖν</span> <span class='ocrx_word' id='word_1_433' title='bbox 1098 4046 1225 4115; x_wconf 84' lang='grc' dir='ltr'>χρή.</span> 
     </span>
    </p>
   </div>
   <div class='ocr_carea' id='block_1_73' title="bbox 252 4134 1850 4211">
    <p class='ocr_par' dir='ltr' id='par_1_73' title="bbox 252 4134 1850 4211">
     <span class='ocr_line' id='line_1_73' title="bbox 252 4134 1850 4211; baseline -0.004 -18"><span class='ocrx_word' id='word_1_434' title='bbox 252 4141 331 4211; x_wconf 75' lang='grc' dir='ltr'><strong>οβ’</strong></span> <span class='ocrx_word' id='word_1_435' title='bbox 366 4140 509 4210; x_wconf 71' lang='grc' dir='ltr'>Περὶ</span> <span class='ocrx_word' id='word_1_436' title='bbox 532 4136 627 4191; x_wconf 81' lang='grc' dir='ltr'>τοῦ</span> <span class='ocrx_word' id='word_1_437' title='bbox 662 4140 719 4191; x_wconf 90' lang='grc' dir='ltr'><strong>ἐν</strong></span> <span class='ocrx_word' id='word_1_438' title='bbox 751 4136 1074 4208; x_wconf 73' lang='grc' dir='ltr'>ἀδελφότητι</span> <span class='ocrx_word' id='word_1_439' title='bbox 1106 4135 1359 4205; x_wconf 75' lang='grc' dir='ltr'>ἀσέμνως</span> <span class='ocrx_word' id='word_1_440' title='bbox 1397 4136 1525 4205; x_wconf 79' lang='grc' dir='ltr'>περὶ</span> <span class='ocrx_word' id='word_1_441' title='bbox 1558 4134 1654 4205; x_wconf 79' lang='grc' dir='ltr'><strong>τὴν</strong></span> <span class='ocrx_word' id='word_1_442' title='bbox 1685 4136 1850 4205; x_wconf 81' lang='grc' dir='ltr'>μετά-</span> 
     </span>
    </p>
   </div>
   <div class='ocr_carea' id='block_1_74' title="bbox 325 4228 1844 4305">
    <p class='ocr_par' dir='ltr' id='par_1_74' title="bbox 325 4228 1844 4305">
     <span class='ocr_line' id='line_1_74' title="bbox 325 4228 1844 4305; baseline -0.003 -18"><span class='ocrx_word' id='word_1_443' title='bbox 325 4234 493 4305; x_wconf 61' lang='grc' dir='ltr'>ληψιν</span> <span class='ocrx_word' id='word_1_444' title='bbox 524 4231 997 4303; x_wconf 79' lang='grc' dir='ltr'>ἀναστρεφομένου</span> <span class='ocrx_word' id='word_1_445' title='bbox 1017 4272 1030 4291; x_wconf 87' lang='grc'><strong>,</strong></span> <span class='ocrx_word' id='word_1_446' title='bbox 1061 4231 1153 4283; x_wconf 77' lang='grc' dir='ltr'><strong>καὶ</strong></span> <span class='ocrx_word' id='word_1_447' title='bbox 1188 4229 1515 4301; x_wconf 73' lang='grc' dir='ltr'>λαϐρότερον</span> <span class='ocrx_word' id='word_1_448' title='bbox 1552 4228 1844 4290; x_wconf 77' lang='grc' dir='ltr'>ἐσθίοντος.</span> 
     </span>
    </p>
   </div>
   <div class='ocr_carea' id='block_1_75' title="bbox 251 4405 1849 4488">
    <p class='ocr_par' dir='ltr' id='par_1_75' title="bbox 251 4405 1849 4488">
     <span class='ocr_line' id='line_1_75' title="bbox 251 4405 1849 4488; baseline -0.008 -16"><span class='ocrx_word' id='word_1_449' title='bbox 251 4425 332 4488; x_wconf 60' lang='lat' dir='ltr'><strong>of</strong></span> <span class='ocrx_word' id='word_1_450' title='bbox 374 4416 514 4487; x_wconf 76' lang='grc' dir='ltr'>Περὶ</span> <span class='ocrx_word' id='word_1_451' title='bbox 544 4413 636 4468; x_wconf 71' lang='grc' dir='ltr'><strong>τοῦ</strong></span> <span class='ocrx_word' id='word_1_452' title='bbox 674 4413 746 4485; x_wconf 80' lang='grc' dir='ltr'>μὴ</span> <span class='ocrx_word' id='word_1_453' title='bbox 788 4414 845 4466; x_wconf 82' lang='grc' dir='ltr'><strong>ἐν</strong></span> <span class='ocrx_word' id='word_1_454' title='bbox 875 4411 1141 4482; x_wconf 71' lang='grc' dir='ltr'>ἐπιθυμίᾳ</span> <span class='ocrx_word' id='word_1_455' title='bbox 1184 4411 1283 4481; x_wconf 74' lang='grc' dir='ltr'>τῆς</span> <span class='ocrx_word' id='word_1_456' title='bbox 1312 4408 1407 4463; x_wconf 78' lang='grc' dir='ltr'>τοῦ</span> <span class='ocrx_word' id='word_1_457' title='bbox 1442 4405 1671 4478; x_wconf 78' lang='grc' dir='ltr'>ἀδελφοῦ</span> <span class='ocrx_word' id='word_1_458' title='bbox 1706 4406 1849 4479; x_wconf 87' lang='grc' dir='ltr'>διορ-</span> 
     </span>
    </p>
   </div>
   <div class='ocr_carea' id='block_1_76' title="bbox 2026 3209 2439 3279">
    <p class='ocr_par' dir='ltr' id='par_1_76' title="bbox 2026 3209 2439 3279">
     <span class='ocr_line' id='line_1_76' title="bbox 2026 3209 2439 3279; baseline -0.007 -16"><span class='ocrx_word' id='word_1_459' title='bbox 2026 3209 2439 3279; x_wconf 78' lang='lat' dir='ltr'><strong>indignationis.</strong></span> 
     </span>
    </p>
   </div>
   <div class='ocr_carea' id='block_1_77' title="bbox 1953 3283 3541 3365">
    <p class='ocr_par' dir='ltr' id='par_1_77' title="bbox 1953 3283 3541 3365">
     <span class='ocr_line' id='line_1_77' title="bbox 1953 3283 3541 3365; baseline -0.009 -15"><span class='ocrx_word' id='word_1_460' title='bbox 1953 3296 2023 3350; x_wconf 88' lang='lat'>69</span> <span class='ocrx_word' id='word_1_461' title='bbox 2056 3296 2130 3351; x_wconf 85' lang='lat' dir='ltr'><strong>De</strong></span> <span class='ocrx_word' id='word_1_462' title='bbox 2159 3311 2225 3350; x_wconf 88' lang='lat' dir='ltr'><strong>eo</strong></span> <span class='ocrx_word' id='word_1_463' title='bbox 2277 3295 2371 3365; x_wconf 86' lang='lat' dir='ltr'><strong>qui</strong></span> <span class='ocrx_word' id='word_1_464' title='bbox 2405 3295 2529 3349; x_wconf 91' lang='lat' dir='ltr'><strong>licet</strong></span> <span class='ocrx_word' id='word_1_465' title='bbox 2579 3304 2691 3344; x_wconf 84' lang='lat' dir='ltr'><strong>non</strong></span> <span class='ocrx_word' id='word_1_466' title='bbox 2737 3287 2920 3341; x_wconf 89' lang='lat' dir='ltr'><strong>minus</strong></span> <span class='ocrx_word' id='word_1_467' title='bbox 2949 3285 3077 3341; x_wconf 87' lang='lat' dir='ltr'><strong>edat</strong></span> <span class='ocrx_word' id='word_1_468' title='bbox 3125 3298 3290 3354; x_wconf 87' lang='lat' dir='ltr'><strong>quam</strong></span> <span class='ocrx_word' id='word_1_469' title='bbox 3318 3283 3499 3338; x_wconf 67' lang='lat' dir='ltr'><strong>caeteri</strong></span> <span class='ocrx_word' id='word_1_470' title='bbox 3524 3321 3541 3348; x_wconf 92' lang='lat'><strong>,</strong></span> 
     </span>
    </p>
   </div>
   <div class='ocr_carea' id='block_1_78' title="bbox 2025 3376 3543 3457">
    <p class='ocr_par' dir='ltr' id='par_1_78' title="bbox 2025 3376 3543 3457">
     <span class='ocr_line' id='line_1_78' title="bbox 2025 3376 3543 3457; baseline -0.007 -16"><span class='ocrx_word' id='word_1_471' title='bbox 2025 3404 2202 3457; x_wconf 90' lang='lat' dir='ltr'><strong>neque</strong></span> <span class='ocrx_word' id='word_1_472' title='bbox 2231 3387 2304 3443; x_wconf 87' lang='lat' dir='ltr'><strong>sit</strong></span> <span class='ocrx_word' id='word_1_473' title='bbox 2333 3386 2508 3439; x_wconf 88' lang='lat' dir='ltr'><strong>fracto</strong></span> <span class='ocrx_word' id='word_1_474' title='bbox 2538 3391 2590 3438; x_wconf 91' lang='lat' dir='ltr'><strong>et</strong></span> <span class='ocrx_word' id='word_1_475' title='bbox 2617 3380 2858 3435; x_wconf 87' lang='lat' dir='ltr'><strong>invalido</strong></span> <span class='ocrx_word' id='word_1_476' title='bbox 2910 3393 3163 3448; x_wconf 90' lang='lat' dir='ltr'><strong>corpore,</strong></span> <span class='ocrx_word' id='word_1_477' title='bbox 3188 3376 3543 3447; x_wconf 81' lang='lat' dir='ltr'><strong>conqueritur</strong></span> 
     </span>
    </p>
   </div>
   <div class='ocr_carea' id='block_1_79' title="bbox 2023 3472 3262 3547">
    <p class='ocr_par' dir='ltr' id='par_1_79' title="bbox 2023 3472 3262 3547">
     <span class='ocr_line' id='line_1_79' title="bbox 2023 3472 3262 3547; baseline -0.007 -14"><span class='ocrx_word' id='word_1_478' title='bbox 2023 3488 2231 3541; x_wconf 88' lang='lat' dir='ltr'><strong>tamen,</strong></span> <span class='ocrx_word' id='word_1_479' title='bbox 2265 3486 2527 3547; x_wconf 84' lang='lat' dir='ltr'><strong>tanquam</strong></span> <span class='ocrx_word' id='word_1_480' title='bbox 2561 3476 2653 3545; x_wconf 91' lang='lat' dir='ltr'><strong>qui</strong></span> <span class='ocrx_word' id='word_1_481' title='bbox 2678 3489 2791 3528; x_wconf 90' lang='lat' dir='ltr'><strong>non</strong></span> <span class='ocrx_word' id='word_1_482' title='bbox 2826 3480 2992 3542; x_wconf 87' lang='lat' dir='ltr'><strong>queat</strong></span> <span class='ocrx_word' id='word_1_483' title='bbox 3019 3472 3262 3541; x_wconf 88' lang='lat' dir='ltr'><strong>operari.</strong></span> 
     </span>
    </p>
   </div>
   <div class='ocr_carea' id='block_1_80' title="bbox 1956 3561 3542 3640">
    <p class='ocr_par' dir='ltr' id='par_1_80' title="bbox 1956 3561 3542 3640">
     <span class='ocr_line' id='line_1_80' title="bbox 1956 3561 3542 3640; baseline -0.008 -14"><span class='ocrx_word' id='word_1_484' title='bbox 1956 3573 2023 3629; x_wconf 85' lang='lat'><strong>70</strong></span> <span class='ocrx_word' id='word_1_485' title='bbox 2053 3572 2337 3638; x_wconf 88' lang='lat' dir='ltr'><strong>Quomodo</strong></span> <span class='ocrx_word' id='word_1_486' title='bbox 2380 3567 2693 3640; x_wconf 84' lang='lat' dir='ltr'><strong>puniendus</strong></span> <span class='ocrx_word' id='word_1_487' title='bbox 2740 3566 2835 3631; x_wconf 87' lang='lat' dir='ltr'><strong>sit,</strong></span> <span class='ocrx_word' id='word_1_488' title='bbox 2869 3565 2963 3634; x_wconf 88' lang='lat' dir='ltr'><strong>qui</strong></span> <span class='ocrx_word' id='word_1_489' title='bbox 2994 3564 3247 3618; x_wconf 81' lang='lat' dir='ltr'><strong>vestibus</strong></span> <span class='ocrx_word' id='word_1_490' title='bbox 3290 3570 3385 3617; x_wconf 86' lang='lat' dir='ltr'><strong>aut</strong></span> <span class='ocrx_word' id='word_1_491' title='bbox 3426 3561 3542 3616; x_wconf 92' lang='lat' dir='ltr'><strong>cal-</strong></span> 
     </span>
    </p>
   </div>
   <div class='ocr_carea' id='block_1_81' title="bbox 2026 3663 2623 3720">
    <p class='ocr_par' dir='ltr' id='par_1_81' title="bbox 2026 3663 2623 3720">
     <span class='ocr_line' id='line_1_81' title="bbox 2026 3663 2623 3720; baseline -0.012 0"><span class='ocrx_word' id='word_1_492' title='bbox 2026 3665 2327 3720; x_wconf 69' lang='lat' dir='ltr'><strong>coamcntis</strong></span> <span class='ocrx_word' id='word_1_493' title='bbox 2359 3663 2623 3717; x_wconf 87' lang='lat' dir='ltr'><strong>abutitur.</strong></span> 
     </span>
    </p>
   </div>
   <div class='ocr_carea' id='block_1_82' title="bbox 1956 3747 3542 3823">
    <p class='ocr_par' dir='ltr' id='par_1_82' title="bbox 1956 3747 3542 3823">
     <span class='ocr_line' id='line_1_82' title="bbox 1956 3747 3542 3823; baseline -0.009 -12"><span class='ocrx_word' id='word_1_494' title='bbox 1956 3757 2013 3811; x_wconf 87' lang='lat'><strong>7|</strong></span> <span class='ocrx_word' id='word_1_495' title='bbox 2052 3756 2170 3810; x_wconf 90' lang='lat' dir='ltr'><strong>Non</strong></span> <span class='ocrx_word' id='word_1_496' title='bbox 2217 3755 2418 3809; x_wconf 88' lang='lat' dir='ltr'><strong>desunt</strong></span> <span class='ocrx_word' id='word_1_497' title='bbox 2464 3754 2557 3823; x_wconf 91' lang='lat' dir='ltr'><strong>qui</strong></span> <span class='ocrx_word' id='word_1_498' title='bbox 2604 3752 2854 3805; x_wconf 89' lang='lat' dir='ltr'><strong>ciborum</strong></span> <span class='ocrx_word' id='word_1_499' title='bbox 2904 3747 3231 3802; x_wconf 88' lang='lat' dir='ltr'><strong>suavitatem</strong></span> <span class='ocrx_word' id='word_1_500' title='bbox 3281 3751 3542 3814; x_wconf 79' lang='lat' dir='ltr'><strong>expetant</strong></span> 
     </span>
    </p>
   </div>
   <div class='ocr_carea' id='block_1_83' title="bbox 2029 3838 3543 3919">
    <p class='ocr_par' dir='ltr' id='par_1_83' title="bbox 2029 3838 3543 3919">
     <span class='ocr_line' id='line_1_83' title="bbox 2029 3838 3543 3919; baseline -0.009 -16"><span class='ocrx_word' id='word_1_501' title='bbox 2029 3850 2203 3919; x_wconf 86' lang='lat' dir='ltr'><strong>magis</strong></span> <span class='ocrx_word' id='word_1_502' title='bbox 2249 3862 2411 3918; x_wconf 90' lang='lat' dir='ltr'><strong>quam</strong></span> <span class='ocrx_word' id='word_1_503' title='bbox 2470 3845 2720 3914; x_wconf 88' lang='lat' dir='ltr'><strong>copiam,</strong></span> <span class='ocrx_word' id='word_1_504' title='bbox 2777 3843 2865 3895; x_wconf 90' lang='lat' dir='ltr'><strong>alii</strong></span> <span class='ocrx_word' id='word_1_505' title='bbox 2914 3856 3043 3895; x_wconf 80' lang='lat' dir='ltr'><strong>vero</strong></span> <span class='ocrx_word' id='word_1_506' title='bbox 3087 3838 3355 3893; x_wconf 84' lang='lat' dir='ltr'><strong>satietatis</strong></span> <span class='ocrx_word' id='word_1_507' title='bbox 3409 3852 3543 3907; x_wconf 77' lang='lat' dir='ltr'><strong>ergo</strong></span> 
     </span>
    </p>
   </div>
   <div class='ocr_carea' id='block_1_84' title="bbox 2024 3928 3540 4011">
    <p class='ocr_par' dir='ltr' id='par_1_84' title="bbox 2024 3928 3540 4011">
     <span class='ocr_line' id='line_1_84' title="bbox 2024 3928 3540 4011; baseline -0.008 -15"><span class='ocrx_word' id='word_1_508' title='bbox 2024 3942 2233 4011; x_wconf 87' lang='lat' dir='ltr'><strong>copiam</strong></span> <span class='ocrx_word' id='word_1_509' title='bbox 2270 3944 2613 4007; x_wconf 88' lang='lat' dir='ltr'><strong>anteponunt</strong></span> <span class='ocrx_word' id='word_1_510' title='bbox 2644 3934 2907 3991; x_wconf 79' lang='lat' dir='ltr'><strong>suavitati</strong></span> <span class='ocrx_word' id='word_1_511' title='bbox 2944 3952 2958 3987; x_wconf 89' lang='lat'>:</span> <span class='ocrx_word' id='word_1_512' title='bbox 2992 3932 3087 4002; x_wconf 82' lang='lat' dir='ltr'><strong>qui</strong></span> <span class='ocrx_word' id='word_1_513' title='bbox 3114 3931 3282 4003; x_wconf 77' lang='lat' dir='ltr'><strong>igitur</strong></span> <span class='ocrx_word' id='word_1_514' title='bbox 3314 3928 3540 3999; x_wconf 79' lang='lat' dir='ltr'><strong>utrique</strong></span> 
     </span>
    </p>
   </div>
   <div class='ocr_carea' id='block_1_85' title="bbox 2025 4030 2470 4087">
    <p class='ocr_par' dir='ltr' id='par_1_85' title="bbox 2025 4030 2470 4087">
     <span class='ocr_line' id='line_1_85' title="bbox 2025 4030 2470 4087; baseline -0.004 -1"><span class='ocrx_word' id='word_1_515' title='bbox 2025 4032 2300 4087; x_wconf 86' lang='lat' dir='ltr'><strong>tractandi</strong></span> <span class='ocrx_word' id='word_1_516' title='bbox 2340 4030 2470 4086; x_wconf 88' lang='lat' dir='ltr'><strong>sint.</strong></span> 
     </span>
    </p>
   </div>
   <div class='ocr_carea' id='block_1_86' title="bbox 1956 4111 3540 4191">
    <p class='ocr_par' dir='ltr' id='par_1_86' title="bbox 1956 4111 3540 4191">
     <span class='ocr_line' id='line_1_86' title="bbox 1956 4111 3540 4191; baseline -0.009 -13"><span class='ocrx_word' id='word_1_517' title='bbox 1956 4125 2023 4178; x_wconf 72' lang='lat'>72</span> <span class='ocrx_word' id='word_1_518' title='bbox 2082 4123 2156 4177; x_wconf 85' lang='lat' dir='ltr'><strong>De</strong></span> <span class='ocrx_word' id='word_1_519' title='bbox 2190 4138 2257 4177; x_wconf 89' lang='lat' dir='ltr'><strong>eo</strong></span> <span class='ocrx_word' id='word_1_520' title='bbox 2294 4122 2387 4191; x_wconf 92' lang='lat' dir='ltr'><strong>qui</strong></span> <span class='ocrx_word' id='word_1_521' title='bbox 2424 4122 2478 4174; x_wconf 92' lang='lat' dir='ltr'><strong>in</strong></span> <span class='ocrx_word' id='word_1_522' title='bbox 2528 4117 2669 4173; x_wconf 86' lang='lat' dir='ltr'><strong>cibis</strong></span> <span class='ocrx_word' id='word_1_523' title='bbox 2730 4115 3015 4171; x_wconf 89' lang='lat' dir='ltr'><strong>sumendis</strong></span> <span class='ocrx_word' id='word_1_524' title='bbox 3072 4113 3398 4168; x_wconf 89' lang='lat' dir='ltr'><strong>immodeste</strong></span> <span class='ocrx_word' id='word_1_525' title='bbox 3452 4111 3540 4165; x_wconf 85' lang='lat' dir='ltr'><strong>iu-</strong></span> 
     </span>
    </p>
   </div>
   <div class='ocr_carea' id='block_1_87' title="bbox 2027 4207 3539 4278">
    <p class='ocr_par' dir='ltr' id='par_1_87' title="bbox 2027 4207 3539 4278">
     <span class='ocr_line' id='line_1_87' title="bbox 2027 4207 3539 4278; baseline -0.007 -7"><span class='ocrx_word' id='word_1_526' title='bbox 2027 4227 2108 4271; x_wconf 85' lang='lat' dir='ltr'><strong>ter</strong></span> <span class='ocrx_word' id='word_1_527' title='bbox 2143 4217 2342 4270; x_wconf 89' lang='lat' dir='ltr'><strong>fratres</strong></span> <span class='ocrx_word' id='word_1_528' title='bbox 2391 4212 2694 4275; x_wconf 87' lang='lat' dir='ltr'><strong>recumbit,</strong></span> <span class='ocrx_word' id='word_1_529' title='bbox 2742 4220 2835 4264; x_wconf 90' lang='lat' dir='ltr'><strong>aut</strong></span> <span class='ocrx_word' id='word_1_530' title='bbox 2887 4210 3143 4263; x_wconf 89' lang='lat' dir='ltr'><strong>voracius</strong></span> <span class='ocrx_word' id='word_1_531' title='bbox 3197 4223 3321 4263; x_wconf 84' lang='lat' dir='ltr'><strong>sese</strong></span> <span class='ocrx_word' id='word_1_532' title='bbox 3351 4207 3539 4278; x_wconf 79' lang='lat' dir='ltr'><strong>ingur-</strong></span> 
     </span>
    </p>
   </div>
   <div class='ocr_carea' id='block_1_88' title="bbox 2063 4312 2181 4363">
    <p class='ocr_par' dir='ltr' id='par_1_88' title="bbox 2063 4312 2181 4363">
     <span class='ocr_line' id='line_1_88' title="bbox 2063 4312 2181 4363; baseline 0 0"><span class='ocrx_word' id='word_1_533' title='bbox 2063 4312 2181 4363; x_wconf 89' lang='lat' dir='ltr'><strong>itat.</strong></span> 
     </span>
    </p>
   </div>
   <div class='ocr_carea' id='block_1_89' title="bbox 1952 4326 3537 4468">
    <p class='ocr_par' dir='ltr' id='par_1_89' title="bbox 1952 4326 3537 4468">
     <span class='ocr_line' id='line_1_89' title="bbox 2063 4326 2181 4363; baseline 0 0"><span class='ocrx_word' id='word_1_534' title='bbox 2063 4326 2181 4363; x_wconf 79' lang='lat' dir='ltr'><strong>itat.</strong></span> 
     </span>
     <span class='ocr_line' id='line_1_90' title="bbox 1952 4326 3537 4468; baseline -0.007 -13"><span class='ocrx_word' id='word_1_535' title='bbox 1952 4326 2054 4455; x_wconf 74' lang='lat'><strong>&#39;758</strong></span> <span class='ocrx_word' id='word_1_536' title='bbox 2080 4400 2155 4455; x_wconf 87' lang='lat' dir='ltr'><strong>De</strong></span> <span class='ocrx_word' id='word_1_537' title='bbox 2213 4416 2277 4454; x_wconf 86' lang='lat' dir='ltr'><strong>eo</strong></span> <span class='ocrx_word' id='word_1_538' title='bbox 2316 4398 2409 4468; x_wconf 88' lang='lat' dir='ltr'><strong>qui</strong></span> <span class='ocrx_word' id='word_1_539' title='bbox 2473 4412 2582 4451; x_wconf 93' lang='lat' dir='ltr'><strong>non</strong></span> <span class='ocrx_word' id='word_1_540' title='bbox 2642 4394 2902 4449; x_wconf 82' lang='lat' dir='ltr'><strong>fraternae</strong></span> <span class='ocrx_word' id='word_1_541' title='bbox 2950 4392 3351 4448; x_wconf 88' lang='lat' dir='ltr'><strong>emendationis</strong></span> <span class='ocrx_word' id='word_1_542' title='bbox 3387 4391 3537 4447; x_wconf 87' lang='lat' dir='ltr'><strong>desi-</strong></span> 
     </span>
    </p>
   </div>
   <div class='ocr_carea' id='block_1_90' title="bbox 325 4483 1850 4576">
    <p class='ocr_par' dir='ltr' id='par_1_90' title="bbox 325 4483 1847 4576">
     <span class='ocr_line' id='line_1_91' title="bbox 325 4483 1847 4576; baseline -0.008 -14"><span class='ocrx_word' id='word_1_543' title='bbox 325 4483 551 4569; x_wconf 82' lang='grc' dir='ltr'>θὼσεως</span> <span class='ocrx_word' id='word_1_544' title='bbox 578 4483 890 4576; x_wconf 45' lang='grc' dir='ltr'>ἐλέγχοντος</span> <span class='ocrx_word' id='word_1_545' title='bbox 916 4504 1005 4557; x_wconf 71' lang='grc' dir='ltr'><strong>τὸν</strong></span> <span class='ocrx_word' id='word_1_546' title='bbox 1032 4503 1437 4575; x_wconf 81' lang='grc' dir='ltr'>ἁμαρτάνοντα,</span> <span class='ocrx_word' id='word_1_547' title='bbox 1466 4500 1580 4554; x_wconf 81' lang='grc' dir='ltr'>ἀλλ’</span> <span class='ocrx_word' id='word_1_548' title='bbox 1604 4502 1660 4553; x_wconf 88' lang='grc' dir='ltr'>ἐν</span> <span class='ocrx_word' id='word_1_549' title='bbox 1686 4498 1847 4552; x_wconf 75' lang='grc' dir='ltr'>πάθει</span> 
     </span>
    </p>
   </div>
   <div class='ocr_carea' id='block_1_91' title="bbox 1977 4483 3538 4576">
    <p class='ocr_par' dir='ltr' id='par_1_91' title="bbox 2024 4483 3538 4561">
     <span class='ocr_line' id='line_1_92' title="bbox 2024 4483 3538 4561; baseline -0.007 -13"><span class='ocrx_word' id='word_1_550' title='bbox 2024 4493 2179 4548; x_wconf 90' lang='lat' dir='ltr'><strong>derio</strong></span> <span class='ocrx_word' id='word_1_551' title='bbox 2237 4491 2517 4561; x_wconf 85' lang='lat' dir='ltr'><strong>redarguit</strong></span> <span class='ocrx_word' id='word_1_552' title='bbox 2576 4487 3010 4558; x_wconf 86' lang='lat' dir='ltr'><strong>delinquentem,</strong></span> <span class='ocrx_word' id='word_1_553' title='bbox 3066 4486 3163 4540; x_wconf 88' lang='lat' dir='ltr'><strong>sed</strong></span> <span class='ocrx_word' id='word_1_554' title='bbox 3198 4500 3265 4539; x_wconf 80' lang='lat' dir='ltr'><strong>ex</strong></span> <span class='ocrx_word' id='word_1_555' title='bbox 3310 4483 3538 4537; x_wconf 86' lang='lat' dir='ltr'><strong>libidine</strong></span> 
     </span>
    </p>
   </div>
   <div class='ocr_carea' id='block_1_92' title="bbox 323 4599 1045 4671">
    <p class='ocr_par' dir='ltr' id='par_1_92' title="bbox 323 4599 1045 4671">
     <span class='ocr_line' id='line_1_93' title="bbox 323 4599 1045 4671; baseline -0.003 -18"><span class='ocrx_word' id='word_1_556' title='bbox 323 4602 428 4671; x_wconf 84' lang='grc' dir='ltr'>τῆς</span> <span class='ocrx_word' id='word_1_557' title='bbox 462 4599 655 4653; x_wconf 74' lang='grc' dir='ltr'>ἐαυτοῦ</span> <span class='ocrx_word' id='word_1_558' title='bbox 690 4599 1045 4669; x_wconf 88' lang='grc' dir='ltr'>ἐκδικήσεως.</span> 
     </span>
    </p>
   </div>
   <div class='ocr_carea' id='block_1_93' title="bbox 249 4685 1844 4763">
    <p class='ocr_par' dir='ltr' id='par_1_93' title="bbox 249 4685 1844 4763">
     <span class='ocr_line' id='line_1_94' title="bbox 249 4685 1844 4763; baseline -0.006 -17"><span class='ocrx_word' id='word_1_559' title='bbox 249 4694 325 4747; x_wconf 86' lang='grc' dir='ltr'>οδ⁹</span> <span class='ocrx_word' id='word_1_560' title='bbox 364 4694 504 4763; x_wconf 74' lang='grc' dir='ltr'>Περὶ</span> <span class='ocrx_word' id='word_1_561' title='bbox 543 4692 650 4743; x_wconf 92' lang='grc' dir='ltr'><strong>τῶν</strong></span> <span class='ocrx_word' id='word_1_562' title='bbox 691 4689 1060 4761; x_wconf 77' lang='grc' dir='ltr'>ἐξερχομένων</span> <span class='ocrx_word' id='word_1_563' title='bbox 1095 4691 1158 4741; x_wconf 86' lang='grc' dir='ltr'><strong>ἐκ</strong></span> <span class='ocrx_word' id='word_1_564' title='bbox 1202 4687 1301 4758; x_wconf 86' lang='grc' dir='ltr'>τῆς</span> <span class='ocrx_word' id='word_1_565' title='bbox 1342 4686 1721 4756; x_wconf 75' lang='grc' dir='ltr'>ἀδελφότητος,</span> <span class='ocrx_word' id='word_1_566' title='bbox 1749 4685 1844 4737; x_wconf 75' lang='grc' dir='ltr'><strong>καὶ</strong></span> 
     </span>
    </p>
   </div>
   <div class='ocr_carea' id='block_1_94' title="bbox 328 4779 1313 4854">
    <p class='ocr_par' dir='ltr' id='par_1_94' title="bbox 328 4779 1313 4854">
     <span class='ocr_line' id='line_1_95' title="bbox 328 4779 1313 4854; baseline -0.004 -19"><span class='ocrx_word' id='word_1_567' title='bbox 328 4784 546 4854; x_wconf 82' lang='grc' dir='ltr'>μονήρη</span> <span class='ocrx_word' id='word_1_568' title='bbox 568 4781 680 4851; x_wconf 81' lang='grc' dir='ltr'>βίον</span> <span class='ocrx_word' id='word_1_569' title='bbox 712 4781 809 4851; x_wconf 82' lang='grc' dir='ltr'><strong>ζῇν</strong></span> <span class='ocrx_word' id='word_1_570' title='bbox 844 4779 1313 4852; x_wconf 86' lang='grc' dir='ltr'>προαιρουμένων.</span> 
     </span>
    </p>
   </div>
   <div class='ocr_carea' id='block_1_95' title="bbox 247 4866 1837 4944">
    <p class='ocr_par' dir='ltr' id='par_1_95' title="bbox 247 4866 1837 4944">
     <span class='ocr_line' id='line_1_96' title="bbox 247 4866 1837 4944; baseline -0.005 -18"><span class='ocrx_word' id='word_1_571' title='bbox 247 4882 324 4927; x_wconf 70' lang='grc' dir='ltr'>οεν</span> <span class='ocrx_word' id='word_1_572' title='bbox 372 4875 438 4925; x_wconf 85' lang='grc' dir='ltr'><strong>Εἰ</strong></span> <span class='ocrx_word' id='word_1_573' title='bbox 485 4873 684 4935; x_wconf 74' lang='grc' dir='ltr'>παντὸς</span> <span class='ocrx_word' id='word_1_574' title='bbox 714 4873 1146 4944; x_wconf 73' lang='grc' dir='ltr'>ἁμαρτήματος,</span> <span class='ocrx_word' id='word_1_575' title='bbox 1194 4870 1303 4923; x_wconf 73' lang='grc' dir='ltr'>εἴτε</span> <span class='ocrx_word' id='word_1_576' title='bbox 1350 4868 1491 4922; x_wconf 88' lang='grc' dir='ltr'><strong>κατά</strong></span> <span class='ocrx_word' id='word_1_577' title='bbox 1535 4866 1692 4931; x_wconf 83' lang='grc' dir='ltr'>νοῦν,</span> <span class='ocrx_word' id='word_1_578' title='bbox 1728 4884 1837 4920; x_wconf 84' lang='grc' dir='ltr'>ε.τε</span> 
     </span>
    </p>
   </div>
   <div class='ocr_carea' id='block_1_96' title="bbox 327 4960 1838 5035">
    <p class='ocr_par' dir='ltr' id='par_1_96' title="bbox 327 4960 1838 5035">
     <span class='ocr_line' id='line_1_97' title="bbox 327 4960 1838 5035; baseline -0.005 -15"><span class='ocrx_word' id='word_1_579' title='bbox 327 4966 480 5020; x_wconf 88' lang='grc' dir='ltr'><strong>κατά</strong></span> <span class='ocrx_word' id='word_1_580' title='bbox 512 4966 669 5034; x_wconf 84' lang='grc' dir='ltr'>λόγον</span> <span class='ocrx_word' id='word_1_581' title='bbox 687 5007 701 5031; x_wconf 95' lang='grc'><strong>,</strong></span> <span class='ocrx_word' id='word_1_582' title='bbox 731 4964 840 5017; x_wconf 77' lang='grc' dir='ltr'>εἴτε</span> <span class='ocrx_word' id='word_1_583' title='bbox 866 4964 1007 5017; x_wconf 84' lang='grc' dir='ltr'>κατὰ</span> <span class='ocrx_word' id='word_1_584' title='bbox 1029 4962 1250 5035; x_wconf 74' lang='grc' dir='ltr'>πρᾶξιν,</span> <span class='ocrx_word' id='word_1_585' title='bbox 1274 4963 1363 5016; x_wconf 84' lang='grc' dir='ltr'><strong>τὸν</strong></span> <span class='ocrx_word' id='word_1_586' title='bbox 1384 4963 1628 5016; x_wconf 82' lang='grc' dir='ltr'>Σατανᾶν</span> <span class='ocrx_word' id='word_1_587' title='bbox 1664 4960 1838 5015; x_wconf 84' lang='grc' dir='ltr'>αίτιον</span> 
     </span>
    </p>
   </div>
   <div class='ocr_carea' id='block_1_97' title="bbox 326 5045 1567 5126">
    <p class='ocr_par' dir='ltr' id='par_1_97' title="bbox 326 5045 1567 5126">
     <span class='ocr_line' id='line_1_98' title="bbox 326 5045 1567 5126; baseline -0.002 -15"><span class='ocrx_word' id='word_1_588' title='bbox 326 5059 509 5126; x_wconf 82' lang='grc' dir='ltr'>λέγειν</span> <span class='ocrx_word' id='word_1_589' title='bbox 538 5057 637 5111; x_wconf 83' lang='grc' dir='ltr'>δεῖ.</span> <span class='ocrx_word' id='word_1_590' title='bbox 1556 5045 1567 5059; x_wconf 77' lang='grc'><em>’</em></span> 
     </span>
    </p>
   </div>
   <div class='ocr_carea' id='block_1_98' title="bbox 250 5144 1844 5222">
    <p class='ocr_par' dir='ltr' id='par_1_98' title="bbox 250 5144 1844 5222">
     <span class='ocr_line' id='line_1_99' title="bbox 250 5144 1844 5222; baseline -0.005 -17"><span class='ocrx_word' id='word_1_591' title='bbox 250 5160 339 5218; x_wconf 76' lang='grc' dir='ltr'>ος¹</span> <span class='ocrx_word' id='word_1_592' title='bbox 388 5153 453 5205; x_wconf 84' lang='grc' dir='ltr'>Εἰ</span> <span class='ocrx_word' id='word_1_593' title='bbox 494 5152 601 5222; x_wconf 81' lang='grc' dir='ltr'>χρὴ</span> <span class='ocrx_word' id='word_1_594' title='bbox 651 5148 932 5221; x_wconf 70' lang='grc' dir='ltr'>οἰκονομίᾳ</span> <span class='ocrx_word' id='word_1_595' title='bbox 983 5146 1143 5219; x_wconf 74' lang='grc' dir='ltr'>δῆθεν</span> <span class='ocrx_word' id='word_1_596' title='bbox 1191 5146 1467 5220; x_wconf 83' lang='grc' dir='ltr'>χρησίμου</span> <span class='ocrx_word' id='word_1_597' title='bbox 1516 5146 1661 5209; x_wconf 68' lang='grc' dir='ltr'>τινὸς</span> <span class='ocrx_word' id='word_1_598' title='bbox 1705 5144 1844 5215; x_wconf 73' lang='grc' dir='ltr'>ψεύ-</span> 
     </span>
    </p>
   </div>
   <div class='ocr_carea' id='block_1_99' title="bbox 326 5243 536 5296">
    <p class='ocr_par' dir='ltr' id='par_1_99' title="bbox 326 5243 536 5296">
     <span class='ocr_line' id='line_1_100' title="bbox 326 5243 536 5296; baseline -0.01 0"><span class='ocrx_word' id='word_1_599' title='bbox 326 5243 536 5296; x_wconf 83' lang='grc' dir='ltr'>δεσθαι.</span> 
     </span>
    </p>
   </div>
   <div class='ocr_carea' id='block_1_100' title="bbox 245 5327 1495 5399">
    <p class='ocr_par' dir='ltr' id='par_1_100' title="bbox 245 5327 1495 5399">
     <span class='ocr_line' id='line_1_101' title="bbox 245 5327 1495 5399; baseline -0.006 -12"><span class='ocrx_word' id='word_1_600' title='bbox 245 5335 329 5398; x_wconf 62' lang='grc' dir='ltr'><strong>(ζ’</strong></span> <span class='ocrx_word' id='word_1_601' title='bbox 372 5334 441 5386; x_wconf 89' lang='grc' dir='ltr'><strong>Τί</strong></span> <span class='ocrx_word' id='word_1_602' title='bbox 474 5334 589 5385; x_wconf 85' lang='grc' dir='ltr'>ἐστι</span> <span class='ocrx_word' id='word_1_603' title='bbox 610 5332 791 5395; x_wconf 87' lang='grc' dir='ltr'>δόλος,</span> <span class='ocrx_word' id='word_1_604' title='bbox 828 5331 922 5384; x_wconf 71' lang='grc' dir='ltr'><strong>καὶ</strong></span> <span class='ocrx_word' id='word_1_605' title='bbox 951 5329 1002 5383; x_wconf 83' lang='grc' dir='ltr'><strong>τί</strong></span> <span class='ocrx_word' id='word_1_606' title='bbox 1035 5331 1149 5382; x_wconf 87' lang='grc' dir='ltr'>ἐστι</span> <span class='ocrx_word' id='word_1_607' title='bbox 1177 5327 1495 5399; x_wconf 78' lang='grc' dir='ltr'>κακοήθεια.</span> 
     </span>
    </p>
   </div>
   <div class='ocr_carea' id='block_1_101' title="bbox 248 5420 1294 5498">
    <p class='ocr_par' dir='ltr' id='par_1_101' title="bbox 248 5420 1294 5498">
     <span class='ocr_line' id='line_1_102' title="bbox 248 5420 1294 5498; baseline -0.008 -19"><span class='ocrx_word' id='word_1_608' title='bbox 248 5427 335 5498; x_wconf 77' lang='grc' dir='ltr'><strong>οη⁹</strong></span> <span class='ocrx_word' id='word_1_609' title='bbox 398 5425 720 5497; x_wconf 68' lang='grc' dir='ltr'>Ἐφευρεταὶ</span> <span class='ocrx_word' id='word_1_610' title='bbox 748 5422 931 5475; x_wconf 84' lang='grc' dir='ltr'>κακῶν</span> <span class='ocrx_word' id='word_1_611' title='bbox 958 5422 1101 5485; x_wconf 85' lang='grc' dir='ltr'>τίνες</span> <span class='ocrx_word' id='word_1_612' title='bbox 1138 5420 1294 5472; x_wconf 86' lang='grc' dir='ltr'>εἰσίν.</span> 
     </span>
    </p>
   </div>
   <div class='ocr_carea' id='block_1_102' title="bbox 246 5511 1835 5586">
    <p class='ocr_par' dir='ltr' id='par_1_102' title="bbox 246 5511 1835 5586">
     <span class='ocr_line' id='line_1_103' title="bbox 246 5511 1835 5586; baseline -0.008 -13"><span class='ocrx_word' id='word_1_613' title='bbox 246 5521 328 5572; x_wconf 82' lang='grc' dir='ltr'>οθ¹</span> <span class='ocrx_word' id='word_1_614' title='bbox 390 5520 516 5572; x_wconf 74' lang='grc' dir='ltr'><strong>Ἐάν</strong></span> <span class='ocrx_word' id='word_1_615' title='bbox 560 5535 646 5580; x_wconf 87' lang='grc' dir='ltr'><strong>τις</strong></span> <span class='ocrx_word' id='word_1_616' title='bbox 696 5516 934 5586; x_wconf 86' lang='grc' dir='ltr'>συνεχῶς</span> <span class='ocrx_word' id='word_1_617' title='bbox 978 5512 1172 5567; x_wconf 81' lang='grc' dir='ltr'>ἐαυτοῦ</span> <span class='ocrx_word' id='word_1_618' title='bbox 1221 5511 1659 5581; x_wconf 72' lang='grc' dir='ltr'>ἐπιλαμϐάνηται</span> <span class='ocrx_word' id='word_1_619' title='bbox 1688 5550 1702 5573; x_wconf 89' lang='grc'><strong>,</strong></span> <span class='ocrx_word' id='word_1_620' title='bbox 1750 5511 1835 5563; x_wconf 79' lang='grc' dir='ltr'><strong>ὅτι</strong></span> 
     </span>
    </p>
   </div>
   <div class='ocr_carea' id='block_1_103' title="bbox 329 5602 1836 5683">
    <p class='ocr_par' dir='ltr' id='par_1_103' title="bbox 329 5602 1836 5683">
     <span class='ocr_line' id='line_1_104' title="bbox 329 5602 1836 5683; baseline -0.009 -16"><span class='ocrx_word' id='word_1_621' title='bbox 329 5611 583 5683; x_wconf 79' lang='grc' dir='ltr'>σκληρῶς</span> <span class='ocrx_word' id='word_1_622' title='bbox 613 5609 976 5682; x_wconf 81' lang='grc' dir='ltr'>προσφέρεται</span> <span class='ocrx_word' id='word_1_623' title='bbox 1000 5606 1080 5678; x_wconf 80' lang='grc' dir='ltr'>τῷ</span> <span class='ocrx_word' id='word_1_624' title='bbox 1112 5604 1353 5675; x_wconf 81' lang='grc' dir='ltr'>ἀδελφῷ,</span> <span class='ocrx_word' id='word_1_625' title='bbox 1392 5604 1507 5668; x_wconf 86' lang='grc' dir='ltr'><strong>πῶς</strong></span> <span class='ocrx_word' id='word_1_626' title='bbox 1538 5602 1836 5673; x_wconf 73' lang='grc' dir='ltr'>διορθωθή-</span> 
     </span>
    </p>
   </div>
   <div class='ocr_carea' id='block_1_104' title="bbox 331 5723 503 5760">
    <p class='ocr_par' dir='ltr' id='par_1_104' title="bbox 331 5723 503 5760">
     <span class='ocr_line' id='line_1_105' title="bbox 331 5723 503 5760; baseline -0.017 -2"><span class='ocrx_word' id='word_1_627' title='bbox 331 5723 503 5760; x_wconf 86' lang='grc' dir='ltr'>σεται.</span> 
     </span>
    </p>
   </div>
   <div class='ocr_carea' id='block_1_105' title="bbox 2021 4583 2638 4658">
    <p class='ocr_par' dir='ltr' id='par_1_105' title="bbox 2021 4583 2638 4658">
     <span class='ocr_line' id='line_1_106' title="bbox 2021 4583 2638 4658; baseline -0.011 -14"><span class='ocrx_word' id='word_1_628' title='bbox 2021 4604 2080 4644; x_wconf 91' lang='lat' dir='ltr'><strong>se</strong></span> <span class='ocrx_word' id='word_1_629' title='bbox 2106 4589 2284 4658; x_wconf 91' lang='lat' dir='ltr'><strong>ipsum</strong></span> <span class='ocrx_word' id='word_1_630' title='bbox 2312 4583 2638 4639; x_wconf 87' lang='lat' dir='ltr'><strong>ulciscendi.</strong></span> 
     </span>
    </p>
   </div>
   <div class='ocr_carea' id='block_1_106' title="bbox 1952 4670 3535 4746">
    <p class='ocr_par' dir='ltr' id='par_1_106' title="bbox 1952 4670 3535 4746">
     <span class='ocr_line' id='line_1_107' title="bbox 1952 4670 3535 4746; baseline -0.009 -14"><span class='ocrx_word' id='word_1_631' title='bbox 1952 4680 2017 4734; x_wconf 70' lang='grc'><strong>74</strong></span> <span class='ocrx_word' id='word_1_632' title='bbox 2078 4678 2152 4733; x_wconf 88' lang='lat' dir='ltr'><strong>De</strong></span> <span class='ocrx_word' id='word_1_633' title='bbox 2191 4678 2256 4733; x_wconf 89' lang='lat' dir='ltr'><strong>iis</strong></span> <span class='ocrx_word' id='word_1_634' title='bbox 2283 4677 2378 4746; x_wconf 89' lang='lat' dir='ltr'><strong>qui</strong></span> <span class='ocrx_word' id='word_1_635' title='bbox 2417 4674 2687 4730; x_wconf 89' lang='lat' dir='ltr'><strong>recedunt</strong></span> <span class='ocrx_word' id='word_1_636' title='bbox 2724 4687 2751 4723; x_wconf 89' lang='lat' dir='ltr'><strong>a</strong></span> <span class='ocrx_word' id='word_1_637' title='bbox 2796 4670 3029 4724; x_wconf 86' lang='lat' dir='ltr'><strong>fratrum</strong></span> <span class='ocrx_word' id='word_1_638' title='bbox 3066 4672 3360 4731; x_wconf 84' lang='lat' dir='ltr'><strong>conventu,</strong></span> <span class='ocrx_word' id='word_1_639' title='bbox 3394 4676 3535 4735; x_wconf 62' lang='lat' dir='ltr'><strong>prae-</strong></span> 
     </span>
    </p>
   </div>
   <div class='ocr_carea' id='block_1_107' title="bbox 2022 4764 2905 4840">
    <p class='ocr_par' dir='ltr' id='par_1_107' title="bbox 2022 4764 2905 4840">
     <span class='ocr_line' id='line_1_108' title="bbox 2022 4764 2905 4840; baseline -0.008 -16"><span class='ocrx_word' id='word_1_640' title='bbox 2022 4771 2313 4840; x_wconf 88' lang='lat' dir='ltr'><strong>feruutque</strong></span> <span class='ocrx_word' id='word_1_641' title='bbox 2356 4768 2523 4822; x_wconf 80' lang='lat' dir='ltr'><strong>vitam</strong></span> <span class='ocrx_word' id='word_1_642' title='bbox 2575 4764 2905 4819; x_wconf 88' lang='lat' dir='ltr'><strong>solitariam.</strong></span> 
     </span>
    </p>
   </div>
   <div class='ocr_carea' id='block_1_108' title="bbox 1948 4847 3534 4935">
    <p class='ocr_par' dir='ltr' id='par_1_108' title="bbox 1948 4847 3534 4935">
     <span class='ocr_line' id='line_1_109' title="bbox 1948 4847 3534 4935; baseline -0.009 -17"><span class='ocrx_word' id='word_1_643' title='bbox 1948 4863 2016 4918; x_wconf 83' lang='lat'><strong>75</strong></span> <span class='ocrx_word' id='word_1_644' title='bbox 2058 4862 2222 4935; x_wconf 61' lang='grc' dir='ltr'>ωε,</span> <span class='ocrx_word' id='word_1_645' title='bbox 2264 4862 2348 4915; x_wconf 82' lang='lat' dir='ltr'><strong>An</strong></span> <span class='ocrx_word' id='word_1_646' title='bbox 2397 4859 2605 4930; x_wconf 89' lang='lat' dir='ltr'><strong>peccati</strong></span> <span class='ocrx_word' id='word_1_647' title='bbox 2654 4858 2947 4926; x_wconf 86' lang='lat' dir='ltr'><strong>cujusque,</strong></span> <span class='ocrx_word' id='word_1_648' title='bbox 3004 4852 3119 4906; x_wconf 85' lang='lat' dir='ltr'><strong>sive</strong></span> <span class='ocrx_word' id='word_1_649' title='bbox 3164 4856 3367 4915; x_wconf 88' lang='lat' dir='ltr'><strong>mente,</strong></span> <span class='ocrx_word' id='word_1_650' title='bbox 3416 4847 3534 4904; x_wconf 84' lang='lat' dir='ltr'><strong>sive</strong></span> 
     </span>
    </p>
   </div>
   <div class='ocr_carea' id='block_1_109' title="bbox 2018 4943 3530 5019">
    <p class='ocr_par' dir='ltr' id='par_1_109' title="bbox 2018 4943 3530 5019">
     <span class='ocr_line' id='line_1_110' title="bbox 2018 4943 3530 5019; baseline -0.009 -14"><span class='ocrx_word' id='word_1_651' title='bbox 2018 4952 2207 5015; x_wconf 83' lang='lat' dir='ltr'><strong>verbo,</strong></span> <span class='ocrx_word' id='word_1_652' title='bbox 2258 4951 2373 5005; x_wconf 89' lang='lat' dir='ltr'><strong>sive</strong></span> <span class='ocrx_word' id='word_1_653' title='bbox 2434 4965 2598 5019; x_wconf 87' lang='lat' dir='ltr'><strong>opere</strong></span> <span class='ocrx_word' id='word_1_654' title='bbox 2647 4952 2921 5017; x_wconf 88' lang='lat' dir='ltr'><strong>patratum</strong></span> <span class='ocrx_word' id='word_1_655' title='bbox 2990 4943 3190 5009; x_wconf 82' lang='lat' dir='ltr'><strong>fuerit,</strong></span> <span class='ocrx_word' id='word_1_656' title='bbox 3249 4948 3530 4994; x_wconf 88' lang='lat' dir='ltr'><strong>auctorem</strong></span> 
     </span>
    </p>
   </div>
   <div class='ocr_carea' id='block_1_110' title="bbox 2026 5042 2812 5110">
    <p class='ocr_par' dir='ltr' id='par_1_110' title="bbox 2026 5042 2812 5110">
     <span class='ocr_line' id='line_1_111' title="bbox 2026 5042 2812 5110; baseline -0.01 -12"><span class='ocrx_word' id='word_1_657' title='bbox 2026 5042 2287 5098; x_wconf 87' lang='lat' dir='ltr'><strong>Satanam</strong></span> <span class='ocrx_word' id='word_1_658' title='bbox 2326 5042 2512 5096; x_wconf 88' lang='lat' dir='ltr'><strong>dicere</strong></span> <span class='ocrx_word' id='word_1_659' title='bbox 2540 5046 2812 5110; x_wconf 81' lang='lat' dir='ltr'><strong>Oporteat.</strong></span> 
     </span>
    </p>
   </div>
   <div class='ocr_carea' id='block_1_111' title="bbox 1954 5121 3529 5203">
    <p class='ocr_par' dir='ltr' id='par_1_111' title="bbox 1954 5121 3529 5203">
     <span class='ocr_line' id='line_1_112' title="bbox 1954 5121 3529 5203; baseline -0.006 -14"><span class='ocrx_word' id='word_1_660' title='bbox 1954 5135 2019 5188; x_wconf 89' lang='lat'>76</span> <span class='ocrx_word' id='word_1_661' title='bbox 2081 5135 2163 5189; x_wconf 86' lang='lat' dir='ltr'><strong>An</strong></span> <span class='ocrx_word' id='word_1_662' title='bbox 2198 5139 2450 5203; x_wconf 90' lang='lat' dir='ltr'><strong>oporteat</strong></span> <span class='ocrx_word' id='word_1_663' title='bbox 2504 5129 2747 5193; x_wconf 87' lang='lat' dir='ltr'><strong>mentiri,</strong></span> <span class='ocrx_word' id='word_1_664' title='bbox 2782 5125 3038 5180; x_wconf 85' lang='lat' dir='ltr'><strong>videlicet</strong></span> <span class='ocrx_word' id='word_1_665' title='bbox 3067 5124 3216 5179; x_wconf 90' lang='lat' dir='ltr'><strong>utilis</strong></span> <span class='ocrx_word' id='word_1_666' title='bbox 3242 5121 3529 5193; x_wconf 82' lang='lat' dir='ltr'><strong>cujusdam</strong></span> 
     </span>
    </p>
   </div>
   <div class='ocr_carea' id='block_1_112' title="bbox 2020 5224 2564 5281">
    <p class='ocr_par' dir='ltr' id='par_1_112' title="bbox 2020 5224 2564 5281">
     <span class='ocr_line' id='line_1_113' title="bbox 2020 5224 2564 5281; baseline -0.011 -1"><span class='ocrx_word' id='word_1_667' title='bbox 2020 5224 2343 5281; x_wconf 61' lang='lat' dir='ltr'><strong>oeconomia:</strong></span> <span class='ocrx_word' id='word_1_668' title='bbox 2374 5236 2564 5277; x_wconf 90' lang='lat' dir='ltr'><strong>causa.</strong></span> 
     </span>
    </p>
   </div>
   <div class='ocr_carea' id='block_1_113' title="bbox 1950 5312 3385 5387">
    <p class='ocr_par' dir='ltr' id='par_1_113' title="bbox 1950 5312 3385 5387">
     <span class='ocr_line' id='line_1_114' title="bbox 1950 5312 3385 5387; baseline -0.01 -12"><span class='ocrx_word' id='word_1_669' title='bbox 1950 5322 2017 5374; x_wconf 86' lang='lat'><strong>77</strong></span> <span class='ocrx_word' id='word_1_670' title='bbox 2076 5319 2216 5387; x_wconf 90' lang='lat' dir='ltr'><strong>Quid</strong></span> <span class='ocrx_word' id='word_1_671' title='bbox 2246 5330 2327 5373; x_wconf 91' lang='lat' dir='ltr'><strong>est</strong></span> <span class='ocrx_word' id='word_1_672' title='bbox 2354 5317 2532 5379; x_wconf 89' lang='lat' dir='ltr'><strong>dolus,</strong></span> <span class='ocrx_word' id='word_1_673' title='bbox 2560 5322 2613 5369; x_wconf 87' lang='lat' dir='ltr'><strong>et</strong></span> <span class='ocrx_word' id='word_1_674' title='bbox 2644 5313 2773 5383; x_wconf 90' lang='lat' dir='ltr'><strong>quid</strong></span> <span class='ocrx_word' id='word_1_675' title='bbox 2793 5326 3007 5364; x_wconf 91' lang='lat' dir='ltr'><strong>morum</strong></span> <span class='ocrx_word' id='word_1_676' title='bbox 3033 5312 3385 5380; x_wconf 81' lang='lat' dir='ltr'><strong>perversitas.</strong></span> 
     </span>
    </p>
   </div>
   <div class='ocr_carea' id='block_1_114' title="bbox 1946 5404 2954 5475">
    <p class='ocr_par' dir='ltr' id='par_1_114' title="bbox 1946 5404 2954 5475">
     <span class='ocr_line' id='line_1_115' title="bbox 1946 5404 2954 5475; baseline -0.008 -11"><span class='ocrx_word' id='word_1_677' title='bbox 1946 5410 2012 5464; x_wconf 81' lang='lat'><strong>78</strong></span> <span class='ocrx_word' id='word_1_678' title='bbox 2068 5410 2389 5465; x_wconf 88' lang='lat' dir='ltr'><strong>lnventores</strong></span> <span class='ocrx_word' id='word_1_679' title='bbox 2412 5406 2683 5461; x_wconf 86' lang='lat' dir='ltr'><strong>malorum</strong></span> <span class='ocrx_word' id='word_1_680' title='bbox 2714 5404 2808 5475; x_wconf 88' lang='lat' dir='ltr'><strong>qui</strong></span> <span class='ocrx_word' id='word_1_681' title='bbox 2844 5405 2954 5459; x_wconf 89' lang='lat' dir='ltr'><strong>sint</strong></span> 
     </span>
    </p>
   </div>
   <div class='ocr_carea' id='block_1_115' title="bbox 1949 5491 3524 5571">
    <p class='ocr_par' dir='ltr' id='par_1_115' title="bbox 1949 5491 3524 5571">
     <span class='ocr_line' id='line_1_116' title="bbox 1949 5491 3524 5571; baseline -0.005 -16"><span class='ocrx_word' id='word_1_682' title='bbox 1949 5501 2015 5556; x_wconf 90' lang='lat'><strong>79</strong></span> <span class='ocrx_word' id='word_1_683' title='bbox 2067 5501 2123 5555; x_wconf 90' lang='lat' dir='ltr'><strong>Si</strong></span> <span class='ocrx_word' id='word_1_684' title='bbox 2166 5502 2291 5571; x_wconf 91' lang='lat' dir='ltr'><strong>quis</strong></span> <span class='ocrx_word' id='word_1_685' title='bbox 2334 5497 2557 5554; x_wconf 74' lang='lat' dir='ltr'><strong>assidue</strong></span> <span class='ocrx_word' id='word_1_686' title='bbox 2585 5513 2643 5552; x_wconf 88' lang='lat' dir='ltr'><strong>se</strong></span> <span class='ocrx_word' id='word_1_687' title='bbox 2679 5496 2859 5567; x_wconf 90' lang='lat' dir='ltr'><strong>ipsum</strong></span> <span class='ocrx_word' id='word_1_688' title='bbox 2890 5505 3133 5557; x_wconf 89' lang='lat' dir='ltr'><strong>accuset,</strong></span> <span class='ocrx_word' id='word_1_689' title='bbox 3164 5493 3309 5565; x_wconf 91' lang='lat' dir='ltr'><strong>quod</strong></span> <span class='ocrx_word' id='word_1_690' title='bbox 3332 5491 3524 5547; x_wconf 77' lang='lat' dir='ltr'><strong>durius</strong></span> 
     </span>
    </p>
   </div>
   <div class='ocr_carea' id='block_1_116' title="bbox 2017 5589 3148 5669">
    <p class='ocr_par' dir='ltr' id='par_1_116' title="bbox 2017 5589 3148 5669">
     <span class='ocr_line' id='line_1_117' title="bbox 2017 5589 3148 5669; baseline -0.005 -22"><span class='ocrx_word' id='word_1_691' title='bbox 2017 5601 2214 5648; x_wconf 88' lang='lat' dir='ltr'><strong>tractet</strong></span> <span class='ocrx_word' id='word_1_692' title='bbox 2242 5592 2489 5669; x_wconf 78' lang='lat' dir='ltr'><strong>fratrem,</strong></span> <span class='ocrx_word' id='word_1_693' title='bbox 2510 5589 2785 5647; x_wconf 80' lang='lat' dir='ltr'><strong>quomodo</strong></span> <span class='ocrx_word' id='word_1_694' title='bbox 2817 5589 3148 5661; x_wconf 73' lang='lat' dir='ltr'><strong>corrigetur.</strong></span> 
     </span>
    </p>
   </div>
   <div class='ocr_carea' id='block_1_117' title="bbox 332 5828 1978 5917">
    <p class='ocr_par' dir='ltr' id='par_1_117' title="bbox 332 5828 1978 5917">
     <span class='ocr_line' id='line_1_118' title="bbox 332 5828 1978 5917; baseline -0.012 -17"><span class='ocrx_word' id='word_1_695' title='bbox 332 5846 445 5917; x_wconf 68' lang='grc'><strong>(1.1.)</strong></span> <span class='ocrx_word' id='word_1_696' title='bbox 492 5846 670 5902; x_wconf 81' lang='lat' dir='ltr'><strong>Editio</strong></span> <span class='ocrx_word' id='word_1_697' title='bbox 700 5844 832 5901; x_wconf 82' lang='lat' dir='ltr'><strong>Ven.</strong></span> <span class='ocrx_word' id='word_1_698' title='bbox 882 5853 936 5901; x_wconf 91' lang='lat' dir='ltr'><strong>et</strong></span> <span class='ocrx_word' id='word_1_699' title='bbox 990 5840 1119 5913; x_wconf 77' lang='lat' dir='ltr'><strong>Reg.</strong></span> <span class='ocrx_word' id='word_1_700' title='bbox 1179 5838 1372 5895; x_wconf 88' lang='lat' dir='ltr'><strong>tertius</strong></span> <span class='ocrx_word' id='word_1_701' title='bbox 1407 5832 1604 5906; x_wconf 72' lang='grc' dir='ltr'>ἀληθὲς</span> <span class='ocrx_word' id='word_1_702' title='bbox 1654 5828 1978 5889; x_wconf 80' lang='grc' dir='ltr'>ἀκωλύτως.</span> 
     </span>
    </p>
   </div>
  </div>
