3948 6240
455 295 608 364 ’1059
725 317 737 325 “
1790 323 1848 377 S.
1890 322 2014 378 ΒΑΕ

2176 325 2390 385 MAGNI
3589 341 3714 396 meo

465 416 538 475 80
600 417 753 477 Unde
802 423 882 487 fit,
941 432 1001 479 ut
1052 427 1270 486 animus
1299 441 1487 488 noster
1516 435 1676 505 quasi
1703 434 2024 493 destituatur

2157 447 2193 493 τ’
2240 441 2413 495 Πόθεν
2459 444 2843 515 ἐπιωμὸαίνει
2892 446 2952 500 τὺ
2998 448 3188 522 ὥσπερ
3239 455 3305 523 τῇ
3354 452 3567 525 διανιίᾳ
3607 456 3716 509 ἐπι-

536 506 694 562 bonis
757 510 1216 584 cogitationibus,
1282 521 1860 597 sollicitudinibusque
1921 526 2037 605 Deo

2214 530 2420 586 λείπειν
2470 506 2762 605 λογισμοὺς
2799 538 3037 606 ἀγαθοὺς
3064 578 3081 605 ,
3136 506 3228 595 aia}.
3280 506 3554 615 μερίμνας
3599 546 3717 618 ἀρεο

535 600 775 671 placitis.
1994 604 1997 605 ν

2214 634 2451 687 σκουσας
2482 625 2559 696 τῷ
2585 626 2723 696 Θεῷ.

462 688 527 745 81
588 691 645 746 Si
683 694 755 763 pii
792 704 921 750 sunt
958 699 1149 754 eodem
1187 704 1352 758 modo
1382 705 1728 775 objurgandi,
1760 719 1922 780 atque
1949 712 2016 766 ali

2153 713 2232 766 πα¹
2270 716 2333 767 Εἰ
2380 716 2484 787 χρὴ
2530 688 2687 782 ’ἴσως
2714 721 2975 793 ἐπιτιμᾷν
3015 726 3129 787 τοῖς
3174 724 3427 780 εὐλαϐέσι
3472 729 3569 782 καὶ
3612 731 3712 791 τοῖς

538 783 719 852 quivis
766 786 1146 847 indifferentes

1022 798 1146 847 ntes
2210 783 2545 879 ἁδιαφόροις.
2576 834 2580 839 ι

463 873 533 928 82
586 873 643 929 Si
712 877 854 934 forte
926 897 1065 937 anus
1142 884 1285 940 idem
1353 899 1640 957 peccatum
1712 891 2022 948 admiserit.

2151 893 2228 965 πβ¹
2280 873 2609 971 Ἐἇνψσυμὸῇ
2644 900 2743 971 τήν
2768 903 3144 976 πρεσϐυτέραν
3167 907 3484 979 ἁμαρτῆσαι
3508 910 3572 963 τὸ
3590 910 3710 964 αὐτὸ

527 969 676 1037 quod
734 970 1183 1043 adolescentula,
1244 994 1375 1033 num
1428 982 1664 1036 obnoxia
1708 985 1779 1038 sit
1822 986 2039 1040 mulcta:

2018 1002 2039 1040 ε
2207 992 2274 1060 τῇ
2304 992 2571 1063 νεωτέρα,
2607 994 2653 1045 εί
2681 994 2758 1064 τῷ
2790 995 2941 1068 αὐτῷ
2977 997 3263 1054 ὑπόκειται
3291 1002 3577 1072 ἐπιτιμίῳ.

536 1060 735 1115 eidem.

462 1149 533 1205 83
588 1150 645 1206 Si
673 1153 795 1223 quis
828 1164 997 1211 multa
1028 1168 1174 1215 recte
1208 1164 1463 1231 gesserit,
1503 1164 1793 1236 deliquerit
1819 1184 1947 1225 vero
1981 1187 2021 1225 ιι

2150 1175 2229 1237 ιιι-γ’
2281 1169 2404 1222 Ἐάν
2453 1188 2568 1236 τις,
2606 1172 2777 1226 πολλὰ
2818 1176 3099 1246 κατορθῶν
3128 1216 3144 1243 ,
3194 1179 3253 1231 ἐν
3300 1180 3380 1234 ἐνὶ
3426 1180 3575 1252 μόνῳ
3604 1181 3709 1236 δια-

535 1256 643 1296 υηο
672 1242 962 1312 duntaxat,
996 1253 1271 1320 quomodo
1301 1269 1424 1308 cum
1456 1270 1522 1310 eo
1570 1257 1729 1314 nobis
1766 1260 2034 1331 agendum

1609 1257 1729 1314 obis
1766 1260 2034 1331 agendum
2210 1262 2379 1334 πταίῃ
2401 1303 2415 1327 ,
2452 1263 2568 1326 πῶς
2594 1263 2757 1317 αὐτὸν
2788 1242 3164 1338 παρέλθωμεν.

532 1346 637 1389 est.

461 1427 531 1483 84
586 1427 660 1483 De
684 1446 749 1485 eo
779 1432 874 1501 qui
908 1435 1258 1492 tumultuosis
1282 1440 1529 1497 moribus
1561 1448 1723 1513 atque
1752 1445 2020 1501 turbulen-

2148 1437 2219 1490 τπδ’
2265 1439 2401 1509 Περὶ
2448 1439 2543 1492 τοῦ
2596 1435 2727 1511 ἦθος
2767 1441 2984 1512 ἔχοντος
3027 1444 3380 1516 θορυϐοποιόν
3426 1447 3522 1501 καὶ
3552 1465 3707 1519 ταραν-

534 1518 604 1572 tis
630 1521 891 1588 praeditus
921 1531 1025 1579 εει.

835 1538 891 1577 us
921 1531 1025 1579 εει.
2206 1530 2394 1601 χῶδες.

460 1607 531 1663 85
582 1608 639 1663 Si
683 1615 972 1668 conveniat
1018 1617 1224 1687 aliquid
1274 1624 1556 1691 proprium
1596 1624 1798 1683 habere
1837 1629 1890 1682 in
1921 1628 2019 1683 fra-

1795 1651 1798 1678 ε
1837 1629 1890 1682 in
1921 1628 2034 1683 frg-
2137 1626 2217 1672 πε¹
2264 1621 2327 1673 Εἰ
2362 1622 2466 1692 χρὴ
2498 1621 2643 1692 ἔχειν
2678 1641 2729 1676 τι
2763 1623 2891 1678 ῐδιον
2926 1627 2985 1679 ἐν
3012 1625 3354 1700 ἀδελφότητι.

534 1710 675 1752 trum
711 1703 993 1759 societate.

460 1790 529 1843 86
592 1790 647 1847 Si
676 1797 800 1863 quis
825 1797 971 1850 dicat
1002 1816 1016 1852 :
1043 1797 1227 1870 Neque
1255 1803 1468 1875 accipio
1498 1821 1527 1859 a
1551 1805 1833 1874 fratribus,
1858 1827 2019 1881 nequi

2144 1809 2234 1867 πς¹
2288 1803 2412 1857 Ἐὰν
2442 1804 2498 1857 δὲ
2531 1804 2663 1876 λέγῃ
2702 1824 2785 1870 τις
2843 1809 2947 1875 ὅτι,
2977 1807 3112 1862 Οὔτε
3142 1809 3403 1880 λαμϐάνω
3436 1811 3588 1883 παρὰ
3611 1811 3703 1882 τῆς

529 1884 611 1939 eis
646 1884 737 1948 do,
792 1886 889 1941 sed
928 1891 1064 1944 meis
1093 1902 1385 1950 contentus
1426 1912 1547 1951 sum
1584 1900 1754 1970 :quid
1787 1917 1915 1973 erga
1952 1910 2033 1957 ta-

2206 1894 2583 1966 ἀδελφότητος,
2617 1897 2739 1951 οὔτε
2761 1899 2952 1971 δίδωμι
2976 1938 2990 1965 ,
3022 1899 3158 1953 ἀλλὰ
3186 1904 3299 1964 τοῖς
3329 1903 3490 1972 ἐμοῖς
3518 1903 3706 1975 opus.

531 1975 637 2029 lem
679 1976 1085 2034 obsewandum
1117 1993 1220 2041 est.

2208 2003 2304 2056 μαι
2327 2003 2340 2017 ⁸
2372 1988 2425 2039 τί
2454 1988 2536 2040 δεῖ
2563 1988 2699 2060 πρὸς
2740 1990 2830 2042 τὸν
2855 1991 3095 2045 τοιοῦτον
3126 1993 3536 2063 παραφυλάξαι.

457 2064 529 2119 87
584 2065 642 2121 Si
702 2069 997 2140 unicuique
1028 2072 1190 2129 liceat
1234 2093 1393 2131 suum
1447 2088 1605 2136 vetus
1652 2082 2016 2140 indumentun

2145 2074 2333 2152 πζχΕί
2377 2077 2583 2144 ἔξεστιν
2633 2081 2848 2151 ἑκάστῳ
2894 2083 2955 2135 τὸ
3005 2082 3233 2137 παλαιὸν
3285 2086 3455 2139 αὑτοῦ
3504 2088 3704 2158 ἱμάτιον

546 2159 703 2224 dare,
740 2174 863 2215 cum
898 2163 1152 2229 voluerit,
1180 2183 1246 2221 ex
1284 2182 1574 2241 praecepto.

2204 2167 2383 2221 δοῦναι
2409 2170 2544 2223 ὅπου
2574 2172 2669 2224 ἐὰν
2703 2172 2832 2245 θέλῃ
2863 2175 2942 2236 είς
2973 2174 3213 2245 ἐντολήν.

456 2248 525 2302 88
576 2249 717 2315 Quid
754 2259 839 2306 est
877 2253 1191 2310 sollicitudo
1232 2259 1395 2329 hujus
1430 2264 1571 2318 vitae.

2133 2266 2225 2329 πη¹
2276 2260 2373 2322 Τίς
2405 2262 2550 2312 ἐστιν
2584 2263 2616 2331 ὴ
2650 2261 2889 2335 μέριμνα
2922 2266 2955 2335 ἡ
2984 2264 3207 2336 βιωτική

455 2340 525 2393 89
584 2340 721 2407 Quia
766 2345 1030 2415 scriptum
1076 2360 1159 2403 est
1191 2364 1203 2399 :
1243 2349 1481 2407 Pretium
1514 2355 1882 2426 redemptionis
1921 2362 2011 2414 ani

2139 2347 2219 2400 πθ¹
2281 2349 2495 2421 Ἐπειδὴ
2525 2352 2835 2423 γέγραπται
2860 2394 2875 2415 ,
2909 2356 3143 2422 Λύτρον
3185 2357 3396 2426 ψυχῆς
3425 2359 3641 2429 ἀνδρὸς
3667 2363 3698 2413 ὀ

528 2448 627 2486 ma:
654 2434 773 2497 viri,
806 2452 917 2491 sum
943 2438 1110 2507 ipsius
1137 2440 1393 2496 divitiae”
1430 2462 1442 2496 :
1480 2446 1613 2517 quid
1644 2449 1800 2505 nobis
1825 2449 2027 2507 facien-

2203 2439 2353 2506 ἴδιος
2383 2443 2646 2509 πλοῦτος
2666 2485 2682 2510 ,
2723 2447 2855 2517 ἡμῖν
2886 2446 2944 2500 δὲ
2973 2448 3035 2500 οὐ
3076 2449 3432 2520 προεχώρησε
3459 2451 3632 2517 τοῦτο,
3652 2452 3702 2504 τί

527 2524 655 2577 dum
684 2533 788 2590 est,
815 2531 911 2599 qui
949 2530 1035 2586 bis
1075 2532 1467 2591 destituimur?

989 2532 1035 2586 is
1075 2532 1467 2591 destituimur?
2202 2534 2499 2603 ποιήσομεν
2529 2551 2542 2598 ;

455 2610 525 2667 90
550 2614 623 2680 ,Si
654 2615 778 2670 licet
809 2627 1140 2676 nocturnum
1170 2628 1551 2684 vestimentum
1583 2632 1936 2701 babere,sive
1962 2653 2014 2691 ex

2138 2626 2180 2688 L,’
2225 2624 2285 2675 Ei
2317 2623 2493 2687 ἔξεστι
2522 2628 2834 2698 νυκτερινὸν
2873 2629 3085 2699 ἱμάτιον
3117 2630 3261 2701 ἔχειν
3282 2673 3296 2697 ,
3330 2633 3442 2686 εἴτε
3474 2634 3697 2703 τρίχινον

527 2704 651 2774 pilis
672 2707 1004 2777 confectum,
1036 2715 1150 2770 sive
1180 2718 1349 2773 aliud.

1036 2715 1150 2770 sive
1180 2718 1349 2773 aliud.
2201 2712 2311 2765 εἴτε
2349 2716 2578 2770 ἀλλοῖον.

455 2796 518 2849 91
579 2796 635 2851 Si
671 2797 843 2856 frater
890 2806 978 2858 cui
1016 2808 1151 2861 nihil
1183 2813 1467 2880 proprium
1500 2819 1763 2886 suppetit,
1802 2829 2014 2891 rogatus

2137 2808 2214 2871 ιμ’
2268 2805 2391 2859 Ἐὰν
2439 2808 2667 2878 ἁδελφὸς
2695 2849 2709 2873 ,
2767 2811 2897 2863 ἴδιον
2944 2814 3043 2867 οὐκ
3094 2814 3232 2884 ἔχων
3276 2816 3430 2868 οὐδὲν
3458 2856 3474 2879 ,
3514 2816 3696 2886 αἰτηθῇ

528 2889 689 2943 fuerit
723 2893 791 2946 ab
824 2895 1027 2966 aliquo,
1085 2907 1144 2953 ut
1177 2901 1267 2955 det
1312 2904 1364 2957 id
1396 2906 1572 2974 ipsum
1606 2911 1751 2977 quod
1797 2889 1972 2981 gestat
2010 2937 2024 2974 :

2196 2898 2349 2969 παρά
2378 2916 2522 2962 τινος
2560 2902 2693 2953 αὐτὸ
2720 2903 2748 2955 ὃ
2783 2906 2972 2973 φορεῖ,
3006 2906 3060 2958 τί
3093 2907 3295 2976 ὀφείλει
3325 2910 3567 2981 ποιῆσαι,
3602 2910 3698 2979 μά-

523 2979 653 3047 qnid
696 2981 876 3037 facere
905 2986 1120 3053 debeat,
1158 2992 1394 3047 maxime
1424 2996 1471 3048 si
1501 3001 1683 3054 nudus
1718 2979 1903 3068 luerit,
1930 3008 2025 3074 qui

1634 3015 1683 3054 ts
1718 2979 1903 3068 luerit,
1930 3008 2025 3074 qui
2196 2988 2353 3043 λιστα
2382 2990 2438 3044 δὲ
2465 2991 2560 3045 ἐὰν
2587 2993 2791 3064 γυμνὸς
2889 2997 2916 3048 ὁ
2943 3000 3193 3069 αἰτήσας-

525 3072 678 3138 petit.

453 3158 523 3214 92
577 3162 710 3216 Cum
744 3162 1007 3222 Dominus
1040 3167 1229 3237 jubeat
1255 3175 1397 3230 bona
1428 3179 1685 3248 vendere,
1712 3199 1819 3253 qua
1842 3195 2012 3244 mente

2138 3167 2215 3237 ιβ’
2261 3169 2368 3223 Τοῦ
2417 3172 2625 3242 Κυρίου
2673 3176 3110 3246 προστάσσοντος
3159 3178 3360 3234 πωλεῖν
3408 3200 3479 3236 τα
3531 3200 3697 3255 υπαρ·

522 3259 575 3304 et
602 3266 711 3321 quo
741 3269 905 3309 sensu
935 3258 988 3311 id
1022 3257 1331 3318 faciendum
1354 3275 1458 3321 est.

2195 3276 2361 3329 χοντα
2379 3301 2393 3325 ,
2426 3262 2478 3315 τί
2504 3263 2885 3337 διανοούμενον
2912 3270 3017 3341 χρὴ
3044 3270 3202 3324 τοῦτο
3228 3277 3421 3326 ποιεῖν.

452 3341 540 3395 95.
594 3340 696 3408 Qui
733 3347 901 3401 semel
940 3348 1082 3404 bona
1127 3368 1227 3407 sua
1260 3356 1496 3427 reliquit,
1534 3370 1589 3416 et
1623 3366 1900 3434 proprium
1937 3370 2011 3422 ni-

2139 3347 2213 3417 πγ¹
2266 3350 2370 3404 Τὸν
2426 3353 2571 3420 ἅπαξ
2635 3358 3089 3430 ἀποκτησάμενον
3125 3401 3141 3426 ,
3200 3364 3294 3415 καὶ
3363 3364 3493 3419 ἴδιον
3543 3368 3698 3438 μηδὲν

520 3430 597 3483 hil
641 3433 842 3490 habere
892 3437 1172 3506 professus
1221 3451 1325 3507 est,
1366 3463 1475 3516 quo
1529 3430 1839 3509 animo—uti
1863 3456 2022 3514 debet

2196 3440 2339 3510 ἔχειν
2396 3444 2862 3517 ἐπαγγειλάμενον
2890 3490 2906 3514 ,
2963 3452 3094 3522 ποίᾳ
3146 3452 3357 3525 διανοίᾳ
3406 3430 3696 3528 κεχρῆσθαι

521 3522 685 3580 rebus
736 3525 803 3580 ad
856 3529 1022 3585 vitam
1075 3538 1450 3603 necessariis,
1500 3543 1665 3597 veluti
1706 3549 1904 3603 vestitu
1956 3566 2021 3606 ac

2189 3533 2269 3586 δεῖ
2294 3538 2407 3599 τοῖς
2444 3537 2581 3607 πρὸς
2618 3538 2678 3592 τὸ
2718 3540 2816 3611 ζῇν
2846 3542 3164 3611 ἀναγκαίοις
3188 3582 3204 3609 ,
3233 3522 3345 3598 οἷον
3612 3550 3698 3602 καὶ

519 3618 685 3670 victu.

2194 3629 2389 3697 τροφῇ.

450 3703 520 3758 94
572 3706 646 3762 1)ε
699 3724 765 3764 eo
805 3712 899 3782 qui
958 3715 1249 3790 dereliquit
1301 3724 1526 3786 tributa.
1570 3738 1625 3783 et
1672 3733 1911 3787 accessit
1952 3735 2009 3789 ad

2138 3715 2200 3781 ιδ’
2244 3718 2378 3788 Περὶ
2404 3718 2503 3799 ’τοῦ
2537 3721 2928 3787 καταλιπόντος
2972 3725 3203 3798 φόρους,
3256 3730 3353 3783 καὶ
3384 3731 3697 3803 ἀδελφότητι

521 3796 741 3857 fratres.

2198 3796 2609 3881 προσελθόντος.

448 3887 517 3943 95
578 3890 661 3945 An
694 3896 947 3964 expediat
980 3899 1047 3954 iis
1076 3902 1169 3971 qui
1218 3919 1410 3962 recens
1441 3909 1799 3979 advenerunt,
1830 3919 2007 3974 statim

2139 3902 2198 3963 ἲε’
2247 3897 2309 3949 Ei
2345 3900 2615 3972 συμφέρει
2645 3904 2755 3966 τοῖς
2789 3902 2914 3975 ἄρτι
2946 3910 3414 3981 προσερχομένας
3443 3912 3609 3978 εὐθὺς
3634 3915 3698 3967 τὲ.

517 3980 732 4040 divinas
757 3987 1072 4058 Scripturas
1104 3994 1371 4053 ediscere.

2192 3988 2299 4041 ἀπὸ
2326 3990 2433 4045 τῶν
2459 3993 2691 4064 Γραφῶν
2721 3997 3107 4065 ἐκμανθάνειν.

446 4072 517 4127 96
585 4077 669 4129 An
697 4080 1118 4148 permittendum
1147 4087 1217 4140 sit
1241 4090 1465 4145 cuilibet
1495 4095 1717 4163 volenti,
1750 4108 1807 4154 ut
1837 4102 2005 4158 discal

2135 4085 2212 4144 ις’
2257 4080 2322 4132 El
2368 4080 2449 4134 δεῖ
2493 4086 2655 4137 παντὶ
2701 4086 2778 4156 τῷ
2816 4086 3127 4161 βουλομένῳ
3168 4092 3490 4165 ἐπιτρέπειν
3517 4097 3694 4168 γράμ-

516 4166 749 4233 litteras,
781 4180 875 4224 aut
897 4174 1114 4229 lectioni
1149 4188 1326 4234 vacet.

2196 4188 2340 4241 ματα
2377 4172 2700 4242 μανθάνειν,
2735 4178 2767 4247 ἢ
2803 4179 3195 4252 ἀναγνώσμασι
3225 4186 3535 4256 προσέχειν.

446 4255 516 4309 97
571 4258 629 4313 Si
671 4264 796 4331 quis
830 4264 964 4319 dicit
993 4286 1007 4320 :
1044 4268 1179 4323 Volo
1216 4272 1283 4325 ad
1311 4276 1587 4331 modicum
1620 4292 1832 4352 tempus
1860 4301 1889 4339 a
1923 4302 2005 4342 vo-

2136 4256 2202 4324 ιζ’
2259 4258 2382 4313 Ἐὰν
2427 4260 2559 4334 λέγῃ
2592 4280 2675 4327 τις
2711 4266 2822 4330 ὅτι,
2851 4267 3000 4321 Θέλω
3032 4273 3163 4342 παρ’
3196 4272 3325 4343 ὑμῖν
3363 4255 3543 4344 ὀλίγον
3572 4277 3695 4351 χρό-

517 4347 602 4404 bis
631 4352 918 4409 utilitatem
953 4372 1170 4428 capere,
1197 4377 1326 4416 num
1375 4347 1855 4438 excipiendus—sit.

2193 4366 2282 4403 νον
2310 4350 2692 4424 ὠφεληθῆναι,
2722 4358 2770 4409 εί
2799 4357 2879 4410 δεῖ
2903 4361 3075 4415 ,αὑτὸν
3107 4364 3518 4436 προσδέχεσθαι.

446 4437 516 4494 98
580 4440 737 4507 Quali
762 4445 945 4501 animo
983 4449 1248 4521 praeditus
1287 4471 1411 4511 esse
1440 4437 1597 4515 debet
1626 4464 1919 4532 praefectus
1957 4470 2005 4524 in

2133 4447 2207 4512 κη’
2254 4444 2503 4499 Ποταπὺν
2554 4446 2809 4518 φρόνημα
2862 4450 3065 4518 ὀφείλει
3120 4452 3265 4523 ἔχειν
3310 4458 3340 4509 ὁ
3385 4458 3692 4529 προεστὼς,

2191 4535 2246 4554 ι-.
2278 4526 2353 4554 -r-
2754 4538 2776 4554 .
2829 4540 2853 4554 ..
2965 4541 2975 4554 .

518 4534 586 4589 iis
626 4551 747 4606 quae
783 4541 1051 4610 praecipit,
1083 4552 1178 4601 aut
1208 4549 1519 4605 constituit.
1626 4526 1645 4532 -
2045 4526 2077 4554 υ

1636 4526 1645 4532 ’
2045 4526 2089 4554 ⁸³
2187 4535 2246 4587 ἐν
2274 4526 2353 4597 οἷς
2383 4536 2710 4603 ἐπιτάσσει,
2748 4538 2781 4608 ἢ
2824 4540 3195 4598 διατάσσεται.

445 4622 513 4676 99
567 4623 815 4690 Quonam
872 4630 1071 4687 aﬂ'ectu
1109 4646 1363 4706 oporteat
1410 4642 1799 4719 increpantem
1837 4652 2004 4709 incre-

2118 4624 2200 4691 Lﬁ'
2237 4626 2460 4699 Ποταπῇ
2494 4628 2727 4683 διαθέσει
2758 4632 2840 4684 δεῖ
2863 4634 3120 4706 ἐπιτιμᾷν
3144 4638 3235 4690 τὸν
3263 4642 3626 4714 ἐπιτιμῶντα.

518 4732 583 4784 pa
592 4732 672 4772 re.

446 4806 549 4860 100
605 4806 708 4875 Qui
730 4809 1036 4871 forinsecus
1071 4816 1370 4875 adveniunt
1392 4825 1838 4900 mendicantque,
1875 4848 2005 4903 quo-

2135 4813 2164 4857 π’
2212 4807 2351 4871 Τοὺς
2380 4807 2577 4874 ἔξωθεν
2621 4814 2951 4886 ἐρχομένους
2994 4818 3085 4871 καὶ
3112 4823 3545 4891 προσαιτοῦντας
3583 4826 3694 4889 πῶς

516 4899 679 4954 modo
710 4901 809 4957 hos
843 4903 1205 4966 dimittemus.
1726 4898 1743 4900 '
1891 4898 1911 4903 -

993 4917 1205 4966 .temus.
1726 4898 1743 4900 ⁷
1891 4898 1911 4903 ’
2190 4898 2552 4973 ἀπολύσομεν.

447 4988 542 5041 101
605 4989 679 5045 De
708 5009 795 5060 eo,
826 4998 914 5051 cui
941 4999 1151 5055 credita
1181 5001 1520 5075 dispensatio
1544 5019 1649 5078 est,
1682 5020 1737 5067 et
1757 5013 1825 5070 de
1863 5030 2006 5070 men-

2133 4999 2196 5043 ια’
2242 4993 2379 5064 Περὶ
2424 4994 2517 5047 τοῦ
2571 4998 3014 5071 ἐγχειριζομένου
3058 5003 3154 5074 τὴν
3204 5006 3562 5078 οἰκονομίαν,
3605 5012 3692 5064 καὶ

516 5081 844 5140 dicantibus.

2181 5092 2307 5162 περὶ
2344 5092 2451 5145 τῶν
2483 5111 2589 5163 προ
2598 5097 2942 5153 σαιτούντων.

446 5165 548 5218 102
573 5166 643 5222 De
664 5171 977 5237 egrediente
998 5191 1027 5230 a
1051 5175 1282 5234 fratrum
1304 5162 1449 5238 coetu
1492 5201 1822 5259 quacunque
1849 5188 2005 5262 405

2133 5181 2192 5251 »β’
2238 5183 2373 5253 Περὶ¹
2420 5162 2537 5237 τοῦῗ
2567 5186 2925 5259 ἐξερχομένου
2979 5191 3085 5245 ἀπὸ
3133 5193 3537 5267 ἀδελφότητος,
3575 5200 3692 5253 καθ’

515 5258 581 5314 de
610 5275 799 5318 causa.
1734 5258 1743 5259 ί

1734 5258 1743 5259 ί
1872 5258 1893 5262 “
1924 5258 1941 5260 ⁷
1972 5258 1995 5260 ’
2179 5270 2237 5323 ὃν
2267 5270 2464 5343 δήποτε
2494 5258 2674 5343 λόγον.

446 5351 547 5404 105
598 5351 734 5406 Cum
801 5370 902 5409 usu
938 5360 1119 5414 veniat
1170 5378 1597 5437 nonnunquam,
1662 5379 1722 5425 ut
1789 5381 1842 5428 et
1890 5374 2005 5443 ipse

2131 5369 2192 5429 >γ¹
2247 5364 2461 5438 Ἐπειδὴ
2497 5368 2785 5439 συμϐαίνει
2832 5372 2912 5434 είς
2955 5393 3076 5428 τινα
3117 5378 3209 5429 καὶ
3254 5380 3419 5434 αὑτὸν
3460 5381 3690 5436 ὀλισθαί-

515 5444 699 5497 senior
752 5444 967 5503 labatur
1014 5452 1070 5506 in
1100 5453 1394 5525 aliquibus,
1446 5474 1515 5515 an
1555 5462 1626 5516 sit
1666 5463 1783 5534 ipse
1818 5464 2005 5520 redaro

2183 5458 2410 5517 VEtV‘t‘EN
2443 5460 2810 5531 πρεσϐύτερον
2833 5503 2847 5529 ,
2885 5468 2931 5518 ει
2962 5466 3069 5520 δέοι
3096 5468 3260 5523 αὐτὸν
3293 5473 3638 5547 ἐλέγχεσθαι.

511 5535 780 5605 guendus.

512 5693 557 5724 ⁸⁸
597 5693 758 5751 Prov.
795 5714 921 5765 xm,
959 5701 1013 5755 8.
