3948 6240
286 338 422 395 1951

1274 333 1711 396 REGULARUM
1750 332 2160 391 BREVIORUM
2194 334 2563 393 CAPITULA.

3416 334 3559 391 1069

287 472 365 545 ρδ¹
404 470 532 536 Πῶς
578 471 686 544 χρὴ
730 470 831 533 τὰς
883 469 1168 540 φροντίδας
1200 469 1529 542 ἐγχειρίζειν
1563 472 1677 534 τοῖς
1719 470 1865 524 ἁδελ-

2015 450 2083 505 0-1
2130 452 2263 517 Quae
2296 451 2437 505 ratio
2478 448 2714 506 tenenda
2755 449 2825 504 sit
2856 448 2912 504 in
2936 448 3137 506 officiis
3167 447 3432 503 fratribus
3465 451 3558 503 de-

405 566 508 618 οῖ’.

291 581 485 727 ρε⁹φΕἷ
524 656 629 726 χρὴ
659 654 787 717 τοὺς
829 652 1245 725 εἰσερχομένους
1294 656 1374 718 εἰς
1406 655 1744 726 ἀδελφότητα
1783 654 1875 707 εὑ-

363 738 501 806 θέως
530 742 727 813 τέχνας
760 741 1071 813 μανθάνειν.

288 839 382 904 ρς¹
427 835 606 897 Ποὶοις
628 833 923 905 ἐπιτιμίοις
958 832 1258 905 κεχρῆσθαι
1293 833 1451 888 δεῖἐν
1475 835 1817 907 ἀδελφότητι.

290 1004 373 1077 ρξ’
413 1007 551 1079 Περὶ
595 1007 689 1061 τοῦ
738 1008 988 1079 λέγοντος
1046 1010 1343 1083 ἐπιθυμίαν
1389 1011 1534 1083 ἔχειν
1586 1014 1755 1086 συζῇν
1807 1017 1874 1087 τῇ

360 1101 705 1176 ἀδελφότητι.

285 1202 375 1267 ρη⁹
422 1196 486 1249 El
530 1196 634 1268 χρὴ
667 1197 759 1250 τὸν
814 1196 1131 1270 προεστῶτα
1183 1200 1341 1265 ἐκτὸς
1384 1202 1484 1272 τῆς
1522 1202 1875 1275 προεστώσης

362 1286 542 1341 λαλεῖν
565 1286 765 1360 ἀδελφῇ
793 1306 897 1343 τινι
922 1290 989 1344 τὰ
1015 1292 1153 1364 πρὸς
1176 1293 1465 1365 οἰκοδομὴν
1487 1292 1587 1366 τῆς
1609 1294 1872 1360 πίστεως.

282 1469 375 1541 ρθ⁸
430 1471 495 1524 Εἰ
539 1472 651 1543 ,χρὴ
702 1472 793 1525 τὸν
842 1473 1162 1543 προεστῶτα
1207 1475 1347 1546 μετὰ
1382 1478 1481 1547 τῆς
1522 1476 1876 1550 προεστώσης

358 1564 584 1628 πυκνῶς
619 1564 981 1634 διαλέγεσθαι.

286 1659 357 1723 ρι’
406 1654 472 1708 Εἰ
523 1656 662 1728 χρὴ,
704 1656 1205 1732 ἐξομολογουμένης
1240 1658 1475 1732 ἀδελφῆς
1520 1658 1599 1733 τῷ
1635 1660 1877 1735 πρεσϐυ-

356 1747 502 1818 τέρῳ
526 1788 542 1813 ,
576 1749 668 1802 καὶ
693 1750 793 1821 τὴν
823 1751 1199 1823 πρεσϐυτέραν
1234 1756 1512 1825 παρεῖναι.

2047 543 2314 614 Iegandis.

1976 630 2080 687 105
2133 634 2214 685 An
2258 633 2442 687 statim
2476 639 2535 686 ut
2567 632 2736 702 aliqui
2774 634 2828 686 in
2859 633 3091 686 fratrum
3118 639 3448 688 conventum
3475 632 3559 685 in-

2045 728 2216 795 gressi
2250 727 2477 790 fuerint,
2512 725 2749 781 debeant
2791 733 2937 780 artes
2962 726 3198 781 discere.

1976 816 2079 870 106
2129 816 2453 885 Cujusmodi
2510 815 2690 888 poenis
2752 815 3105 883 infratrum
3155 814 3417 872 societate
3478 818 3558 872 uti

2046 915 2320 977 oporteat.

1976 1000 2081 1055 107
2136 1000 2209 1055 De
2241 1016 2308 1056 eo
2338 1002 2434 1072 qui
2454 1000 2590 1055 dicit
2619 1016 2823 1073 cupere
2854 1017 2914 1058 se
2943 1002 3109 1058 simul
3131 1019 3256 1059 cum
3291 1002 3558 1059 fratribus

2045 1093 2250 1147 vivere.

1976 1183 2079 1239 108
2132 1185 2216 1239 Au
2267 1186 2562 1239 conveniat
2620 1187 2963 1255 praefectum,
2999 1187 3256 1256 praefecta
3307 1191 3559 1254 absente,

2048 1294 2172 1333 cum
2206 1293 2396 1333 sorore
2447 1279 2629 1348 aliqua
2670 1279 2819 1349 loqui
2852 1280 2921 1333 de
2963 1279 3053 1343 iis,
3108 1294 3229 1349 quae
3285 1278 3561 1350 pertinent

2048 1370 2114 1425 ad
2146 1369 2268 1424 fidei
2296 1368 2737 1425 aedificationem.

1976 1461 2078 1517 109
2135 1463 2217 1515 An
2269 1462 2559 1516 conveniat
2612 1461 2929 1531 praefectum
2980 1476 3105 1514 cum
3141 1462 3397 1530 praefecta
3448 1464 3560 1517 fre-

2045 1561 2279 1623 quenter
2304 1553 2564 1622 colloqui.

1976 1646 2082 1700 110
2140 1646 2219 1699 Αη
2265 1646 2384 1714 ipso
2438 1645 2660 1700 seniore
2699 1645 2909 1700 sororis
2963 1643 3369 1700 confessionem
3409 1646 3560 1700 cxci~

2046 1737 2248 1807 piente,
2288 1740 2405 1807 ipsa
2435 1738 2598 1791 etiam
2640 1741 2828 1791 senior
2866 1740 3059 1793 adesse
3091 1738 3305 1791 debeat.

283 1847 395 1911 ρια¹
428 1842 533 1906 Et,
565 1842 661 1895 τοῦ
716 1844 1086 1917 πρεσϐυτέρου
1142 1848 1390 1915 γενέσθαι
1432 1866 1487 1902 τι
1536 1850 1865 1921 προστάξανς

2016 1828 2073 1883 11
2138 1826 2194 1883 Si
2218 1830 2424 1895 senior,
2478 1842 2668 1883 sorore
2699 1830 2917 1885 seniore
2961 1831 3157 1891 inscia,
3186 1831 3419 1897 jusserit
3453 1829 3558 1883 ali-

355 1950 449 1997 τος
490 1936 546 1987 ἐν
584 1939 706 1999 ταῖς
738 1936 994 2006 ἀδελφαῖς
1028 1939 1179 2008 παρὰ
1211 1938 1412 2007 γνῶσιν
1442 1940 1544 2009 τῆς
1570 1941 1873 2012 πρεσϐυτέι

362 2043 494 2099 ρας,
526 2027 763 2096 εὑλόγως
790 2030 1088 2097 ἀγανακτεῖ
1117 2032 1149 2101 ἡ
1185 2031 1554 2105 πρεσϐυτέρα.

285 2120 392 2192 ριβ⁹
444 2120 570 2173 Ἐάν
606 2138 692 2183 τις
728 2121 1000 2195 προσέλθῃ
1041 2122 1120 2193 τῷ
1151 2124 1292 2176 κατὰ
1317 2123 1448 2176 Θεὸν
1484 2124 1616 2195 βίῳ,
1650 2128 1698 2179 εἰ
1738 2126 1871 2180 ἀκό-

354 2209 546 2263 λουθόν
600 2212 716 2264 ἐστι
769 2210 861 2264 τὸν
915 2211 1236 2282 προεστῶτα
1293 2214 1421 2266 ἄνευ
1479 2215 1706 2286 γνώμης
1762 2215 1871 2270 τῶν

355 2301 603 2359 ἁδελτῶν
632 2302 723 2356 τὸν
752 2303 992 2357 τοιοῦτον
1027 2305 1443 2374 προσδέχεσθαι.

285 2402 393 2466 ριγ¹
427 2397 491 2449 Ei
523 2396 749 2450 δύναται
794 2398 822 2448 ὁ
863 2397 1119 2469 φροντίδα
1167 2397 1351 2468 ψυχῶν
1394 2402 1871 2473 ἐγκεχειρισμένος

354 2488 592 2556 φυλάξαι
619 2487 679 2541 τὸ
698 2529 712 2554 ,
752 2488 884 2543 Ἐὰν
906 2489 992 2559 μὴ
1023 2490 1353 2560 στραφῆτε,
1387 2492 1483 2545 καί
1510 2493 1768 2561 γένησθε
1792 2496 1872 2561 ὡς

353 2577 426 2631 τὰ
447 2578 675 2631 παιδία.

285 2670 387 2741 pte?
419 2672 482 2723 El
529 2671 611 2723 δεῖ
655 2673 818 2726 παντὶ
863 2671 943 2743 τῷ
983 2674 1334 2730 ἐπιτάσσοντι
1380 2678 1475 2731 καὶ
1504 2678 1870 2751 οἱῳδηποτοῦν

354 2779 674 2819 υπακουειν.

284 2860 385 2923 ριε¹
424 2848 549 2918 Πῶς
578 2856 872 2910 ὑπακούειν
904 2856 1156 2930 ἀλλήλοις
1182 2860 1309 2933 χρή.

285 2952 399 3015 ρις¹
435 2948 613 3019 Μέχρι
643 2949 809 3002 πόσου
844 2950 1143 3003 ὑπακούειν
1172 2954 1298 3022 χρή.

284 3122 387 3191 ριζ⁹
437 3122 496 3229 :0
669 3124 1181 3197 rrlqpocpopoziusvo;
1228 3130 1286 3181 ἐν
1333 3146 1448 3192 τοις
1496 3128 1620 3183 καθ’
1654 3131 1869 3203 ἡμέραν
1896 3172 1938 3229 C

355 3213 493 3285 πρὸς
526 3216 626 3285 τὴν
660 3217 1029 3287 προκειμένην
1072 3217 1293 3290 ἐντολὴν
1345 3221 1725 3291 ἐπιτάγμασι,
1777 3222 1866 3277 τέ-

352 3324 488 3377 χνην
515 3307 572 3360 δέ
601 3307 794 3377 μαθεῖν
827 3307 1137 3379 ἐπιζητῶν,
1172 3313 1322 3365 ποῖον
1357 3312 1528 3377 πάθος
1566 3317 1739 3378 νοσεῖ,
1772 3315 1866 3368 καὶ

352 3397 405 3448 εί
430 3397 538 3467 χρὴ
563 3397 725 3451 αὑτοῦ
758 3398 1070 3470 ἀνέχεσθαι.

281 3496 392 3560 ριη¹
438 3491 496 3543 '0
525 3490 813 3555 σπουδαῖος
849 3494 929 3556 εἰς
954 3494 1051 3564 τὴν
1090 3493 1342 3566 ἐντολὴν,
1374 3496 1468 3548 καὶ
1499 3497 1866 3568 ἐργαςόμενος

350 3581 451 3650 οὑχ
506 3581 535 3633 δ
581 3581 967 3649 ἐπιτάσσεται,
1012 3583 1127 3637 ἀλλ’
1180 3584 1209 3637 ὃ
1260 3585 1421 3650 αὐτὸς
1472 3586 1660 3653 θέλει,
1715 3592 1866 3642 ποῖον

352 3671 548 3742 μισθὸν
578 3671 710 3742 ἔχει.

276 3763 385 3832 ριθ¹
422 3764 487 3816 Ei
517 3764 729 3829 ἔξεστιν
764 3768 981 3839 ἑκάστῳ
1011 3769 1396 3840 παραιτεῖσθαι
1438 3771 1501 3825 τὸ
1526 3773 1866 3846 ἐγχειρισθέν

346 3855 546 3926 ἔργον,
577 3857 672 3909 καὶ
700 3857 828 3911 ἄλλο
858 3859 1154 3927 ἐπιζητεῖν.

274 3954 360 4017 ρκ’
421 3948 486 3999 Εἰ
551 3949 631 4001 δεῖ
689 3951 907 4004 ἀπιέναι
963 3969 1065 4006 που
1121 3954 1289 4026 χωρὶς
1348 3936 1708 4029 ὑπομνήσεως
1770 3959 1863 4011 τοῦ

347 4037 715 4105 προεστῶτος.

277 4148 402 4212 ρκα¹
443 4143 508 4195 Εἰ
534 4143 708 4209 ἔξεστι
733 4148 1115 4219 παραιτεῖσθαι
1136 4150 1207 4204 τὰ
1233 4151 1506 4224 βαρύτερα
1528 4153 1636 4206 τῶν
1662 4154 1859 4227 ἔργων.

276 4232 402 4303 ρκβ¹
450 4234 575 4287 Ἐάν
605 4254 716 4301 τις,
747 4239 1093 4310 ἐπιτιμηθεὶς
1122 4241 1372 4311 εὐλογίαν
1408 4246 1481 4315 μὴ
1508 4244 1693 4299 λαϐεῖν
1717 4286 1731 4309 ,
1779 4246 1865 4298 λέ-

346 4340 426 4397 τῃ
474 4326 577 4390 ὅτι,
643 4329 767 4381 Ἐὰν
805 4329 878 4401 μὴ
936 4330 1087 4385 λάϐω
1127 4332 1414 4402 εὐλογίαν,
1451 4336 1551 4390 οὐκ
1582 4335 1780 4390 ἐσθίω·
1814 4341 1862 4391 εί

342 4418 431 4470 δεῖ
457 4419 617 4472 αὑτὸν
646 4421 952 4493 ἀνέχεσθαι.

1886 4508 1941 4568 D

2044 1920 2175 1991 quid
2200 1936 2228 1973 a
2262 1920 2547 1975 sororibus
2582 1920 2718 1985 fieri,
2751 1938 2821 1975 an
2857 1921 3044 1976 senior
3074 1921 3167 1975 illa
3197 1922 3315 1976 iure
3353 1936 3419 1975 ac
3447 1937 3559 1977 tne-

2047 2011 2151 2063 rito
2192 2010 2529 2079 indignetur.

1976 2100 2082 2156 “2
2129 2100 2185 2156 Si
2217 2103 2342 2172 quis
2371 2104 2584 2157 accedit
2612 2103 2680 2157 ad
2706 2104 2875 2157 vitam
2904 2120 3027 2174 quae
3057 2104 3359 2160 secundum
3386 2103 3555 2159 Deum

2045 2201 2149 2258 est,
2187 2210 2254 2246 an
2294 2194 2586 2248 conveniat
2630 2196 2792 2247 talem
2829 2196 3001 2265 recipi
3037 2212 3067 2250 a
3116 2195 3373 2267 praefecto
3417 2196 3557 2251 citra

2045 2300 2377 2340 consensum
2413 2285 2670 2339 fratrum.

1978 2377 2079 2432 115
2129 2379 2210 2431 An
2269 2378 2442 2448 possit
2478 2379 2525 2433 is
2573 2379 2659 2431 (ui
2713 2378 3018 2431 animarum
3054 2394 3187 2431 cura
3240 2377 3558 2433 concredita

2043 2479 2148 2535 est,
2187 2470 2290 2524 hoc
2339 2471 2641 2525 observare
2673 2490 2685 2524 :
2713 2469 2840 2524 Nisi
2874 2471 3107 2525 conversi
3141 2470 3372 2540 fueritis,
3397 2481 3446 2525 et
3472 2470 3558 2541 [a-

2022 2564 2111 2613 rcli
2141 2562 2353 2630 [ueritis
2382 2562 2519 2615 sicut
2554 2562 2850 2629 parvuli”.

1974 2654 2076 2708 111
2122 2653 2381 2725 Nunquid
2412 2656 2589 2710 cuivis
2622 2665 2675 2710 ct
2719 2656 2958 2726 quodvis
3009 2655 3303 2727 imperanti
3332 2654 3559 2712 obedire

2042 2748 2351 2800 conveniat.

1972 2838 2075 2892 115
2129 2836 2415 2903 Quomodo
2448 2838 2552 2893 sibi
2583 2838 2812 2893 invicem
2844 2838 3065 2894 obedire
3109 2847 3357 2909 oporteat

1971 2929 2075 2983 116
2132 2930 2213 2983 Ad
2236 2944 2505 2999 quosnam
2538 2931 2806 2986 terminos
2840 2946 2899 2985 se
2926 2931 3087 2986 debet
3103 2930 3397 2987 extendere
3424 2946 3557 2987 one—

2041 3022 2269 3079 dientia.

1973 3114 2077 3169 117
2136 3103 2237 3181 Qui
2286 3131 2395 3170 non
2430 3116 2731 3171 assentilur
2779 3115 2846 3172 iis
2876 3131 3000 3186 qua:
3052 3115 3157 3171 sibi
3191 3116 3433 3187 quotidie
3471 3118 3555 3170 inv

2041 3208 2370 3278 junguntur,
2403 3218 2667 3278 quantum
2701 3209 2893 3263 attinet
2926 3209 2991 3262 ad
3024 3210 3361 3279 propositum
3383 3210 3556 3279 quod-

2045 3300 2170 3353 dam
2226 3310 2602 3370 praeceptum,
2654 3309 2708 3355 et
2753 3311 2928 3355 artem
3000 3302 3215 3356 discere
3268 3303 3457 3372 cupit;
3506 3303 3554 3357 is

2040 3393 2188 3462 quali
2226 3393 2416 3447 morbo
2446 3393 2679 3459 laborat,
2721 3402 2775 3448 et
2808 3394 3055 3463 nunquid
3085 3393 3302 3449 tolerari
3338 3394 3550 3448 debeat.

1971 3484 2073 3537 118
2127 3484 2229 3549 Qui
2271 3493 2527 3539 strenuus
2558 3494 2641 3539 est
2678 3485 2734 3539 in
2767 3486 3025 3540 mandato
3052 3484 3423 3549 conficiendo,
3456 3486 3553 3541 sed

2042 3574 2171 3630 facit
2197 3578 2341 3644 quod
2380 3578 2484 3632 sibi
2516 3594 2623 3632 non
2656 3578 2989 3647 praecipitur,
3037 3579 3132 3633 sed
3162 3578 3307 3647 quod
3331 3578 3435 3649 ipsi
3468 3589 3553 3633 est

2041 3669 2322 3737 placitura,
2357 3670 2574 3739 qualem
2603 3670 2910 3724 mercedem
2942 3670 3124 3723 habet.

1970 3760 2072 3815 119
2124 3760 2386 3815 Anliceat
2413 3762 2714 3830 unicuique
2744 3761 2989 3815 delatum
3018 3761 3121 3816 sibi
3157 3777 3355 3816 munus
3392 3775 3552 3816 recu-

2040 3869 2183 3918 sare,
2216 3861 2270 3908 et
2303 3855 2449 3907 aliud
2481 3863 2685 3924 petere.

1969 3945 2073 4001 120
2129 3947 2211 3999 An
2245 3949 2537 4001 conveniat
2584 3948 2767 4017 aliquo
2809 3946 2960 4003 abire
3001 3960 3111 4000 non
3149 3946 3357 3999 monito
3407 3960 3549 4017 prae-

2039 4038 2203 4094 fecto.

1968 4130 2065 4184 121
2129 4131 2214 4186 An
2244 4130 2455 4185 licitum
2498 4130 2570 4186 sit
2600 4132 2852 4199 graviora
2881 4147 3046 4202 opera
3085 4130 3333 4201 rejicere.

1968 4224 2069 4279 122
2138 4223 2237 4278 Cui
2273 4239 2433 4294 pcena
2468 4224 2581 4279 [nec
2624 4225 2861 4295 irrogata
2894 4223 3014 4289 fuit,
3055 4225 3311 4278 nimirum
3349 4230 3410 4277 ut
3438 4236 3549 4276 non

2038 4320 2273 4390 accipiat
2307 4319 2744 4375 benedictionem
2773 4336 2785 4369 :
2827 4321 2872 4374 si
2920 4320 2966 4373 is
2992 4318 3139 4373 dicat
3173 4337 3187 4374 :
3240 4316 3355 4371 Nisi
3392 4330 3549 4370 acce-

2042 4426 2173 4481 pero
2215 4411 2681 4477 benedictionem,
2728 4428 2836 4465 non
2891 4413 3032 4465 edo:
3071 4407 3318 4479 nunquid
3367 4407 3546 4461 feren-

2036 4506 2140 4561 dus
2161 4514 2261 4559 est.

275 4603 399 4670 ρκγθ
462 4597 585 4651 Ἐάν
637 4615 724 4662 τις
774 4600 1010 4670 λυπῆται
1069 4602 1143 4672 μὴ
1203 4602 1631 4674 ἐπιτρεπόμενος
1686 4608 1861 4658 ποιεῖν

2004 4596 2069 4651 25
2128 4595 2185 4650 Si
2217 4596 2342 4666 quis
2379 4596 2628 4650 molestia
2661 4593 2954 4659 afficiatur,
2988 4594 3134 4664 quod
3171 4610 3277 4648 non
3312 4597 3543 4665 permit-

344 4689 377 4741 ὃ
428 4688 499 4759 μὴ
543 4689 763 4745 δύναται
813 4694 1133 4765 ἐπιτηδείως
1180 4697 1354 4749 ποιεῖν
1386 4735 1402 4761 ,
1452 4698 1500 4749 εί
1535 4697 1641 4769 χρὴ
1694 4698 1859 4752 αὑτοῦ

346 4780 662 4850 ἀνέχεσθαι.

275 4870 392 4943 px?
445 4872 509 4924 Εί
558 4871 639 4925 δεῖ
688 4874 825 4945 μετὰ
861 4877 1154 4948 αἱρετικῶν
1204 4878 1238 4949 ἢ
1286 4879 1423 4947 μετὰ
1464 4879 1727 4951 Ἐλλήνων
1770 4883 1863 4933 εὑ-

349 4961 579 5031 ρεθέντα
628 4982 732 5019 που
788 4969 1087 5023 συνεσθίειν
1140 4970 1325 5034 αὐτοῖς
1357 5009 1372 5033 ,
1428 4970 1460 5042 ἢ
1516 4972 1858 5037 ἀσπάζεσθαι

346 5055 567 5119 αὐτούς.

2036 4697 2183 4743 tatur
2212 4690 2393 4743 facere
2424 4688 2478 4743 id
2515 4690 2659 4758 quod
2689 4689 2974 4743 commode
3006 4690 3186 4743 facere
3207 4703 3314 4742 non
3340 4697 3542 4758 potest,

2036 4798 2105 4835 an
2137 4781 2455 4838 tolerandus
2483 4782 2573 4837 sit.

1966 4874 2071 4928 121
2119 4875 2201 4927 An
2233 4874 2323 4927 ille
2350 4874 2443 4943 qui
2472 4888 2705 4943 usquam
2731 4873 2786 4926 in
2810 4871 3099 4926 haereticos
3133 4882 3186 4926 et
3214 4871 3544 4942 gentilesin-

2037 4964 2192 5029 cidit,
2247 4966 2441 5019 debeat
2478 4980 2588 5019 una
2636 4980 2764 5017 cum
2801 4963 2937 5028 ipsis
2975 4963 3159 5017 cibum
3193 4979 3410 5034 capere,
3446 4973 3542 5019 aut

2038 5059 2188 5128 ipsos
2221 5058 2479 5111 salutare.

273 5154 389 5218 ρκε¹
427 5147 531 5199 Τὸν
560 5148 945 5221 πιστευόμενον
978 5151 1163 5223 ἔργον,
1194 5156 1290 5208 καὶ
1317 5154 1572 5209 ποιοῦντά
1609 5173 1660 5207 τι
1687 5157 1855 5226 χωρὶς

2004 5151 2070 5205 25
2121 5149 2222 5205 Cui
2281 5166 2480 5205 munus
2531 5147 2755 5218 aliquod
2815 5146 3085 5202 creditum
3143 5159 3257 5212 εει,
3312 5159 3367 5205 et
3419 5150 3540 5205 sine

350 5238 712 5309 ὑπομνήσεως
741 5241 891 5313 παρὰ
924 5242 986 5295 τὸ
1022 5243 1444 5317 διατεταγμένον
1470 5246 1653 5317 αὐτῷ,
1695 5249 1743 5298 εἰ
1779 5246 1859 5299 δεῖ

347 5328 494 5398 ἔχειν
524 5330 586 5382 τὸ
616 5331 798 5402 ἔργον.

2033 5243 2144 5296 ulla
2192 5241 2621 5297 commonitione
2670 5240 2800 5294 facit
2842 5240 3050 5310 aliquid
3085 5252 3283 5310 prmter
3316 5243 3367 5297 id
3391 5245 3536 5312 quod

2027 5335 2131 5406 ipsi
2180 5334 2486 5403 iniunctum
2534 5333 2637 5387 fuit
2731 5333 2964 5389 debetne
3004 5333 3096 5389 ille
3145 5350 3345 5390 munus
3375 5352 3536 5390 suum

2030 5428 2288 5482 retinere.

272 5538 407 5605 ρκς²
451 5533 576 5597 Πῶς
604 5534 669 5589 ἄν
716 5554 798 5601 τις
847 5538 920 5611 μὴ
955 5539 1211 5611 ἡττηθείη
1247 5539 1347 5610 τῆς
1377 5540 1434 5593 ἐν
1472 5536 1723 5611 βρώμασι
1770 5557 1861 5609 φι-

2004 5538 2063 5593 ὶϐ
2107 5538 2271 5609 406
2305 5537 2594 5604 Quomodo
2620 5538 2745 5609 quis
2774 5554 2881 5619 non
2909 5552 3166 5595 vmcatur
3200 5555 3230 5592 a
3262 5551 3535 5611 voluptate

353 5623 620 5690 λπδονίας.

353 5779 398 5812 ⁸⁸
441 5780 629 5835 Matth.
664 5798 824 5849 mu,
860 5783 910 5839 3.

2034 5629 2361 5685 eduliorum.
