3948 6240
448 257 582 314 1065
1667 266 1726 324 S.
1767 266 2006 324 BASILll
2048 268 2259 326 MAGNI
3552 282 3679 343 ιοσι

444 372 545 426 127
619 370 818 428 Dicunt
845 375 1067 444 quidam
1111 375 1228 432 fieri
1261 391 1370 433 non
1412 392 1593 449 posse,
1633 387 1693 434 ut
1717 380 1879 437 homo
1907 397 2003 436 nor

2123 381 2237 452 ρκζ*
2283 381 2515 451 Λέγουσί
2548 397 2691 447 τινες
2714 423 2729 447 ,
2757 382 2838 437 ὅτι
2864 362 3122 440 ἀδύνατόν
3155 388 3268 440 ἐστι
3316 388 3393 457 μὴ
3434 388 3680 463 ὀργισθῆε

505 462 800 519 irascatur.

2193 488 2282 525 ναι
2304 470 2607 541 ἄνθρωπον.

443 552 545 608 128
611 552 750 607 Cum
782 552 911 624 quis
943 556 1055 610 vult
1082 556 1469 613 abstinentiam
1501 574 1666 628 supra
1693 560 1837 616 vires
1860 576 2002 617 exer-

2126 569 2242 638 ρκη¹
2274 562 2365 633 Τῷ
2394 561 2599 617 θέλοντι
2626 561 3048 635 ὲγκρατεύεσθαι
3078 565 3222 640 ὑπὲρ
3263 567 3494 640 δύναμιν
3512 609 3530 632 ,
3557 568 3685 623 ὥστε

511 661 653 710 cere,
688 648 762 699 ita
810 653 871 701 ut
897 648 1061 702 etiam
1096 649 1150 703 in
1190 648 1470 716 mandato,
1502 651 1649 719 quod
1681 652 1785 707 sibi
1814 667 2011 723 propo-

2187 654 2281 706 καὶ
2306 655 2387 717 είς
2410 653 2507 725 τὴν
2537 655 2903 728 προκειμένην
2936 656 3157 728 ἐντολὴν
3186 658 3578 731 ἐμποδίζεσθαι
3598 698 3614 723 ,
3645 664 3686 712 εί

513 736 681 799 nitur,
740 738 1081 795 conﬁciendo
1119 741 1470 811 impediatur,
1517 759 1647 799 num
1698 744 1753 798 id
1785 746 1836 799 ei
1887 760 2011 814 pcr-

1059 755 1081 794 ο
1119 741 1470 811 impediatur,
1517 759 1647 799 num
1698 744 1753 798 id
1785 746 1836 799 ei
1887 760 2011 814 pcr-
2187 746 2269 799 δεῖ
2295 749 2618 820 συγχωρεῖν.

511 828 831 885 mittendum
865 837 970 886 est.

511 847 831 885 mittendum
865 847 970 886 εει.

442 915 544 972 129
601 917 677 975 De
703 934 768 974 eo
799 921 894 990 qui
932 921 1163 976 multum
1193 920 1428 991 jejunat,
1465 931 1522 978 et
1564 924 1618 978 in
1652 923 1864 980 edendo
1898 940 2001 985 non

2126 923 2231 994 ρκθ¹
2275 924 2411 997 Περὶ
2442 924 2537 979 τοῦ
2582 926 2753 981 πολλὰ
2790 927 3171 998 νηστεύοντος,
3212 929 3271 981 ἒν
3315 928 3375 983 δὲ
3411 931 3481 1001 τῇ
3530 945 3685 1000 μετα-

514 1019 691 1080 potest
717 1013 896 1066 cibum
924 1014 1181 1068 tolerare.

2183 1014 2343 1085 λήψει
2371 1015 2445 1088 μὴ
2467 1016 2763 1088 δυναμένου
2797 1018 3087 1089 ἀνέχεσθαι
3110 1017 3203 1071 τοῦ
3232 1018 3546 1090 βρώματος.

439 1099 541 1153 151)
589 1099 875 1166 Quomodo
915 1100 1281 1171 jejunandum
1341 1104 1445 1173 sit,
1478 1105 1572 1161 ubi
1612 1105 1835 1175 “jejunio
1867 1122 1998 1178 opus

2122 1107 2191 1179 ρλ⁹
2225 1109 2349 1173 Πῶς
2375 1109 2481 1181 χρὴ
2511 1109 2812 1181 νηστεύειν,
2833 1111 2963 1164 ὅταν
2981 1111 3141 1183 χρεία
3163 1110 3390 1183 γένηται
3409 1109 3681 1183 νηστείας.

508 1190 694 1247 fuerit.

435 1281 530 1336 151
596 1281 699 1349 Qui
735 1299 844 1338 non
899 1286 1046 1356 capit
1072 1286 1247 1353 cibos,
1275 1302 1418 1358 quos
1449 1286 1650 1343 fratres
1685 1288 1875 1358 edunt,
1908 1290 1994 1344 sed

2119 1261 2229 1332 ρλα¹
2273 1262 2331 1315 '0
2360 1265 2434 1335 μὴ
2462 1264 2894 1335 μεταλαμϐάνων
2916 1264 3038 1319 ὅθεν
3064 1269 3111 1320 οἱ
3141 1265 3364 1356 ἀδελφολ
3389 1266 3678 1333 ἐσθίουσιν,

504 1373 640 1428 alios
668 1375 922 1444 requirit,
943 1354 1076 1431 num
1108 1384 1256 1432 recte
1287 1354 1441 1432 facit.
1858 1354 1871 1358 ⁷

1858 1354 1871 1358 ⁷
2180 1354 2296 1409 ἀλλ’
2321 1356 2506 1428 ἓτερον
2531 1355 2806 1426 ἐπιζητῶν
2823 1396 2839 1422 ,
2875 1359 2923 1410 εἰ
2950 1356 3130 1423 καλῶς
3167 1361 3329 1415 ποιεῖ.

431 1464 535 1519 152
596 1465 700 1531 Qui
740 1466 874 1521 dicit
900 1483 915 1524 :
945 1466 1003 1520 ld
1053 1469 1184 1522 mihi
1234 1476 1416 1533 nocet,
1467 1476 1522 1522 et
1547 1484 1690 1540 aegre
1730 1467 1858 1534 fert,
1896 1470 1990 1524 nis.

2115 1445 2223 1518 ρλβ’
2264 1445 2325 1500 '0
2364 1445 2538 1515 λέγων
2576 1447 2680 1510 ὅτι,
2730 1445 2965 1501 Βλάπτει
3004 1464 3075 1517 με
3117 1449 3310 1515 τοῦτο,
3342 1450 3441 1504 καὶ
3482 1449 3674 1504 λυπού-

499 1557 649 1610 aliud
676 1557 864 1612 datum
892 1558 1088 1617 fuerit:
1109 1556 1244 1631 quid
1268 1561 1370 1616 hoc
1399 1568 1504 1617 est.
1601 1536 1620 1540 ν

2183 1555 2342 1609 μενος
2372 1538 2466 1593 ἐὰν
2499 1538 2625 1594 ἄλλο
2649 1538 2725 1609 μὴ
2759 1536 2920 1610 δοθῇ,
2952 1539 3005 1592 τί
3033 1541 3204 1594 ἐστιν.

427 1646 531 1701 155
597 1646 655 1701 Si
683 1649 848 1703 etiam
877 1652 1302 1705 murmuraverit
1333 1651 1422 1706 ille
1451 1652 1701 1708 ciborum
1730 1668 1921 1709 causa.

1675 1669 1701 1707 ι]
1730 1668 1921 1709 causa.
2112 1628 2225 1701 Ρλῗ
2269 1628 2397 1682 Ἐάν
2420 1627 2477 1682 δὲ
2509 1629 2604 1681 καὶ
2633 1627 2878 1699 γογγύση
2904 1628 2992 1682 διὰ
3018 1628 3234 1701 βρῶμα.

426 1736 530 1791 154
577 1730 656 1793 ἐἰ
687 1740 851 1794 etiam
892 1741 1069 1796 iratus
1104 1749 1323 1797 recuset
1358 1746 1671 1799 necessaria
1698 1744 1970 1815 accipere.

2115 1718 2216 1787 ρλδ¹
2261 1718 2387 1773 Ἐὰν
2428 1718 2485 1772 δὲ
2524 1717 2621 1772 καὶ⁵
2665 1717 2940 1787 ὀργισθεὶς
2991 1719 3328 1792 παραιτῆται
3373 1717 3560 1775 λαϐεῖν
3611 1719 3674 1772 τὰ

2176 1809 2314 1863 πρὸς
2339 1808 2439 1863 τὴν
2464 1810 2674 1863 γοείαν.

2176 1826 2314 1882 προς
2339 1826 2439 1881 την
2463 1826 2674 1882 χρείαν.

426 1887 530 1943 135
587 1887 668 1942 An
723 1888 1016 1943 conveniat
1071 1888 1313 1959 aliquem
1367 1891 1654 1963 fatigatum
1704 1890 1985 1963 quidquan‘

2176 1827 2314 1883 προς
2339 1827 2439 1881 την
2463 1827 2674 1882 χρείαν.

2112 1900 2211 1972 ρλε¹
2257 1902 2322 1955 Ei
2352 1900 2459 1973 χρὴ
2490 1902 2582 1955 τὸν
2624 1901 2904 1972 κάμνοντα
2936 1901 3097 1957 αὐτὸν
3132 1900 3470 1976 ἐπιζητῆσαι
3517 1905 3671 1959 πλέον

491 1980 775 2035 consuetis
804 1979 1040 2050 amplius
1068 1984 1369 2051 requirere.

1206 1984 1369 2037 irerc.
2174 2009 2227 2045 τι
2247 1992 2346 2063 τῆς
2378 1992 2688 2063 συνηθείας.
2754 1977 2760 1985 ’

424 2070 525 2125 136
575 2072 658 2125 An
716 2086 947 2127 necesse
1004 2071 1077 2126 sit
1144 2088 1337 2131 omnes
1404 2075 1471 2129 ad
1538 2073 1729 2129 horam
1782 2075 1975 2145 prandi

2111 2083 2220 2154 ρλς¹
2265 2083 2331 2137 Et
2378 2086 2673 2154 ἀναγκαῖον
2712 2082 2921 2148 πάντας
2970 2084 3298 2153 συνάγεσθαι
3349 2086 3431 2141 ἐν·
3451 2089 3519 2159 τῇ
3558 2086 3670 2159 ὥρᾳ

490 2162 833 2220 convenire:
865 2172 919 2219 et
965 2163 1013 2220 si
1072 2166 1201 2236 quis
1249 2182 1359 2222 non
1410 2167 1693 2231 occurrit,
1727 2167 1820 2222 sed
1875 2178 2000 2238 post

2166 2174 2261 2227 τοῦ
2284 2173 2539 2247 ἀρίστου,
2575 2174 2670 2227 καὶ
2709 2174 2802 2227 τὸν
2826 2173 3336 2244 ἀπολιμπανόμενον
3355 2213 3371 2238 ,
3403 2174 3500 2229 καὶ
3538 2176 3668 2246 μετά

490 2254 780 2323 prandium
828 2255 1000 2322 venit,
1048 2256 1327 2326 quomodo
1362 2257 1521 2314 nobis
1577 2273 1703 2314 cum
1738 2273 1803 2314 eo
1833 2274 1998 2331 agen—

1834 2274 1998 2331 agen-
2167 2265 2226 2319 τὸ
2254 2265 2476 2338 ἄριστον
2498 2264 2791 2336 ἐρχόμενον
2809 2302 2827 2330 ,
2861 2264 2980 2328 πῶς
3005 2262 3393 2335 παρέλθωμεν.

490 2343 619 2397 dum
652 2344 744 2401 sit.

420 2436 521 2491 157
575 2426 660 2492 An
705 2447 855 2493 recte
886 2437 1072 2503 faciat,
1107 2439 1201 2511 qui
1232 2439 1382 2496 verbi
1406 2442 1582 2511 gratia
1612 2442 1810 2497 statuit
1836 2450 1979 2498 certe

2102 2434 2210 2507 ρλζθ
2255 2436 2319 2489 Εἰ
2344 2435 2510 2489 καλόν
2537 2436 2654 2488 ἔστι
2693 2433 2755 2488 τὸ
2786 2435 2970 2505 κρῖναι
3010 2433 3106 2487 ἐπὶ
3131 2433 3381 2498 τοσόνδε,
3412 2434 3466 2486 εί
3499 2432 3661 2504 τύχοι,

482 2529 719 2599 quodam
780 2539 872 2584 aut
919 2530 1044 2585 cibo
1074 2539 1170 2585 aut
1197 2540 1353 2602 lpotu
1395 2531 1463 2587 ad
1513 2531 1736 2603 aliquod
1777 2542 1994 2603 tempus

2167 2527 2357 2600 χρόνον
2404 2527 2738 2598 ἀποσχέσθαι
2783 2527 2938 2581 τοῦδέ
2982 2543 3129 2589 τινος
3169 2525 3264 2579 τοῦ
3311 2524 3596 2596 βρώματος
3628 2526 3659 2595 ἢ

487 2621 786 2678 abstinere.

2160 2617 2258 2671 τοῦ
2290 2617 2556 2691 πόματος.

418 2711 522 2767 158
582 2710 666 2766 An
721 2720 974 2783 oporteat
1021 2712 1164 2768 inter
1196 2711 1397 2769 fratres
1427 2714 1666 2786 aliquem
1709 2714 1832 2786 plus
1868 2715 1977 2770 alii:

2100 2706 2212 2778 ρλη¹
2252 2708 2317 2761 Et
2363 2707 2469 2780 χρὴ
2517 2708 2576 2761 ὲν
2626 2704 2945 2776 ἀδελφότητί
2991 2721 3116 2759 τινα
3148 2703 3312 2759 πλέον
3354 2704 3468 2758 τῶν
3495 2703 3659 2759 ἄλλων

475 2803 758 2872 jejunare.

2161 2799 2464 2870 νηστεύειν.

413 2892 515 2949 159
569 2895 960 2952 [inbecilliores
990 2896 1058 2951 ad
1083 2896 1333 2953 laborem
1364 2897 1672 2964 evadimus,
1703 2907 1869 2953 aucto
1901 2900 1972 2969 je-

2100 2890 2202 2964 ρλϐ’
2241 2891 2352 2963 Τῆς
2393 2891 2645 2961 νηστείας
2678 2889 3093 2961 ὲπιτεινομένης
3115 2930 3132 2955 ,
3160 2886 3488 2960 ἀτονώτεροι
3525 2887 3659 2957 γινό-

475 2984 653 3053 junio.
681 2985 823 3051 Quid
863 2985 1031 3058 igitur
1063 2987 1237 3059 magis
1271 2986 1418 3042 facto
1463 3002 1603 3058 opus
1630 2988 1762 3044 est?
1810 2990 1989 3044 Labo-

2164 2982 2303 3054 μεθα
2337 2984 2416 3046 εἰς
2453 2983 2516 3035 τὸ
2551 2982 2730 3053 ἔργον.
2762 2983 2828 3036 Τί
2857 2977 2947 3036 οὖν
2986 2982 3094 3053 χρὴ
3127 2980 3363 3053 μᾶλλον;
3413 2978 3659 3051 Ἐμποδί-

484 3090 673 3130 remne
692 3078 1017 3133 rescindere
1044 3078 1580 3149 propterjejunium,
1613 3095 1682 3135 an
1708 3081 1987 3153 negligere
2010 3077 2043 3143 ί

2158 3075 2272 3141 ζειν
2292 3074 2370 3147 τῷ
2390 3073 2538 3147 ἔργῳ
2560 3074 2647 3128 διὰ
2673 3075 2774 3147 τὴν
2812 3074 3085 3146 νηστείαν,
3116 3074 3151 3145 ἢ
3179 3074 3430 3146 παρορᾷν
3452 3071 3658 3143 ἐκείνην

471 3164 744 3236 jejunium
777 3175 1002 3237 propter
1029 3167 1317 3223 laborem?

1029 3167 1317 3223 laborem?
2156 3167 2246 3221 διὰ
2274 3165 2337 3219 τὸ
2368 3164 2566 3238 ἐργον;

408 3253 512 3309 {to
566 3254 626 3310 Si
658 3255 783 3325 quis
837 3264 1152 3327 temperans
1190 3270 1302 3310 non
1344 3254 1516 3311 fuerit
1550 3257 1607 3312 in
1633 3259 1816 3315 noxiis
1846 3259 1967 3315 cibi:

2099 3267 2176 3332 ρμ⁹
2230 3259 2356 3313 Ἐάν
2406 3275 2491 3322 τις
2545 3258 2620 3330 μὴ
2666 3258 3067 3330 ἐγκρατεύηται
3120 3257 3250 3329 περὶ
3299 3256 3371 3311 τὰ
3422 3255 3658 3329 βλαϐερὰ

474 3348 781 3419 capiendis,
839 3349 950 3405 imo
996 3364 1127 3405 vero
1178 3349 1264 3405 his
1298 3348 1520 3405 abunde
1556 3351 1790 3421 sumptis
1843 3352 1983 3408 inci-

2156 3351 2262 3405 τῶν
2298 3350 2602 3423 βρωμάτων
2630 3390 2645 3412 ,
2703 3350 3133 3421 μεταλαμϐάνων
3178 3348 3237 3404 δὲ
3285 3348 3522 3418 ἀφειδῶς
3564 3366 3661 3402 κα-

455 3440 568 3495 -dat
595 3442 651 3495 in
697 3441 971 3507 morbum,
1028 3440 1278 3513 nunquid
1339 3453 1474 3496 cura
1512 3440 1663 3498 illius
1692 3444 1763 3498 sit
1806 3446 1984 3502 Susci-

2155 3443 2320 3497 κώσει
2365 3441 2675 3514 περιπέσῃ,
2706 3443 2755 3496 εὶ
2790 3440 2896 3513 χρὴ
2925 3440 3090 3496 αὐτοῦ
3131 3440 3455 3512 ἐπιμέλειαν
3489 3443 3658 3495 ποιεῖ-

511 3534 693 3587 ienda.

2155 3536 2299 3589 σθαι.

512 3549 524 3586 ι
564 3547 595 3586 n
641 3548 693 3587 a.

404 3547 508 3678 Mil)
529 3534 646 3678 ΘΑῗι
679 3624 973 3680 conveniat
1006 3623 1330 3696 peregrinos
1370 3624 1602 3696 reperiri
1630 3625 1687 3680 in
1714 3624 1957 3684 ofﬁcinis

2096 3536 2316 3700 ομῗαὲἰ
2343 3626 2424 3680 δεῖ
2447 3626 2630 3694 ξένους
2661 3624 3072 3698 ὲνευρίσκεσθαι
3100 3628 3214 3690 τοῖς
3247 3626 3655 3700 ἐργαστηρίοις.

404 3715 508 3769 112
562 3720 646 3771 Αη
675 3716 911 3773 debeant
944 3717 1185 3774 artiﬁces
1227 3731 1367 3788 opus
1396 3717 1465 3772 ab
1493 3717 1678 3789 aliquo
1708 3719 1963 3791 accipere,

2102 3719 2207 3792 ιμβ¹
2254 3720 2320 3772 Et
2347 3719 2453 3791 χρὴ
2497 3717 2625 3781 τοὺς
2650 3716 2898 3788 τεχνίτας
2924 3716 3174 3788 δέχεσθαι
3209 3718 3364 3791 παρά
3399 3735 3547 3782 τινος
3572 3717 3661 3791 ερ-

473 3808 612 3861 citra
641 3808 882 3879 pmfecti
927 3809 1276 3865 sententiam.

2150 3828 2247 3881 γον
2267 3851 2282 3875 ,
2316 3810 2445 3865 ἄνευ
2465 3806 2693 3880 γνώμης
2716 3806 2812 3861 τοῦ
2835 3810 3199 3881 προεστῶτος.

400 3896 502 3952 143
554 3898 841 3964 Quomodo
874 3901 1113 3971 operarii
1142 3899 1440 3956 commissa
1470 3900 1576 3957 sibi
1605 3901 1959 3958 instrumenti

2099 3912 2208 3977 ιμγ¹
2253 3903 2377 3968 Πῶς
2419 3903 2725 3974 ὀφείλουσιν
2766 3901 3142 3973 ἐπιμελεῖσθαι
3191 3904 3241 3957 ot
3296 3901 3658 3975 ἐργαζόμενοι

472 3987 708 4044 debeant
738 4005 1023 4047 accurare.

2146 3994 2255 4050 τῶν
2288 3992 2736 4064 πεπιστευμένων
2764 3989 2949 4055 αὐτοῖς
2993 3989 3225 4071 σκευῶν.

403 4078 506 4131 lu
563 4077 619 4133 Si
655 4081 779 4150 quis
806 4097 872 4136 ex
898 4082 1225 4152 negligentia
1265 4084 1485 4155 aliquod
1514 4086 1728 4156 perdat,
1750 4094 1848 4143 aut
1870 4088 1962 4143 uli-

2098 4089 2196 4160 >μδ¹
2257 4086 2385 4142 Ἐὰν
2421 4085 2478 4140 δέ
2508 4102 2590 4149 τις
2621 4081 2681 4148 ἐξ
2720 4082 2979 4154 ἀμελείας
3003 4084 3246 4158 ἀπολέσῃ
3274 4101 3360 4147 τι,
3396 4084 3431 4155 ἦ
3457 4085 3525 4136 ὲκ
3556 4100 3657 4135 κα-

466 4182 577 4238 quo
611 4185 708 4240 per
731 4180 1106 4241 contemptum
1139 4176 1421 4231 abutatur.

2144 4180 2528 4251 ταφρονήσεως
2551 4177 2999 4248 παραχρήσηται.

399 4261 504 4316 115
547 4260 605 4316 Si
644 4264 771 4333 quis
790 4281 864 4319 ex
899 4266 1080 4336 seipso
1114 4267 1279 4322 alicui
1329 4271 1662 4331 commodet,
1703 4281 1797 4326 aut
1840 4272 1958 4327 illuc

1846 4272 1974 4327 illud
2074 4280 2196 4344 ρμε⁹
2253 4273 2378 4326 Ἐὰν
2399 4271 2456 4324 δὲ
2485 4271 2579 4340 ἀφ’
2604 4267 2799 4323 ἑαυτοῦ
2834 4268 3015 4340 χρήσῃ
3046 4268 3151 4321 τινὶ
3177 4267 3210 4338 ἢ
3242 4265 3405 4339 λάϐῃ.

472 4354 726 4425 accipiat.
2005 4413 2049 4467 υ

400 4445 505 4501 146
553 4444 612 4501 Si
640 4455 864 4517 ".rgenle
892 4450 1241 4515 necessitate,
1261 4453 1588 4522 praepositus
1617 4455 1687 4510 ab
1719 4456 1839 4525 ipso
1877 4470 1959 4526 pe-

2101 4459 2212 4525 ιμςδ
2260 4451 2385 4506 Ἐὰν
2414 4451 2470 4505 δὲ
2493 4490 2508 4516 ,
2536 4451 2631 4504 καὶ
2663 4448 2992 4521 συνεχούσης
3038 4448 3227 4520 χρείας
3247 4488 3264 4513 ,
3312 4452 3343 4503 ὁ
3370 4449 3660 4522 προεστὼς

470 4545 550 4593 tat
579 4539 1027 4609 instrumentum,
1057 4550 1112 4597 et
1147 4544 1513 4600 contradicat.

2141 4541 2450 4616 ὲπιζητήσῃ
2478 4543 2613 4613 παρ’
2640 4541 2840 4597 ἑαυτοῦ
2870 4540 3062 4605 σκεῦος
3082 4581 3097 4605 ,
3128 4542 3226 4594 καὶ
3253 4541 3512 4616 ἀντείπῃ.

401 4633 497 4687 Ml
556 4630 691 4687 Cum
732 4633 858 4701 quis
912 4635 1179 4703 explenda
1228 4637 1439 4692 cellarii
1482 4646 1577 4693 aut
1624 4638 1786 4709 coqui
1849 4655 1960 4695 mu-

2100 4636 2196 4708 ιμζν
2254 4637 2311 4690 Ὀ
2336 4635 2467 4706 περὶ
2490 4635 2552 4687 τὸ
2571 4633 2736 4706 ἔργον
2755 4631 2850 4686 τοῦ
2872 4632 3159 4703 κελλαρίου
3184 4633 3219 4704 ἢ
3240 4631 3334 4686 τοῦ
3359 4634 3659 4706 μαγείρου,

468 4738 621 4788 nere,
661 4726 748 4780 vel
791 4726 989 4795 quovis
1030 4726 1140 4782 alio
1184 4727 1500 4797 huiusmodi
1537 4730 1873 4795 destinetur,
1920 4733 1965 4788 si

2141 4729 2174 4800 ἣ
2221 4728 2346 4800 περί
2392 4745 2446 4780 τι
2498 4727 2625 4781 ἄλλο
2671 4725 2910 4779 τοιοῦτον
2963 4724 3394 4796 ἀσχολούμενος,
3439 4726 3545 4781 ἐὰν
3585 4725 3661 4796 μὴ

467 4828 580 4870 non
608 4814 921 4872 interfuerit
944 4816 998 4871 in
1018 4817 1321 4873 constituto
1342 4821 1662 4889 psalmodia:
1688 4829 1743 4876 et
1766 4838 1967 4893 preca-

2143 4820 2324 4892 φθάση
2378 4820 2632 4891 παρεῖναι
2686 4815 2765 4887 τῷ
2811 4816 2997 4870 κανόνι
3042 4816 3143 4886 τῆς
3190 4815 3521 4888 ψαλμῳδίας
3564 4818 3663 4872 καὶ

462 4905 633 4963 tionis
660 4913 925 4978 tempore,
952 4909 1074 4964 isne
1100 4897 1308 4964 nullum
1350 4913 1548 4967 animm
1576 4914 1967 4970 detrimentum

2139 4912 2237 4982 τῆς
2261 4910 2597 4983 προσευχῆς,
2633 4911 2683 4962 εί
2714 4908 2881 4979 μηδὲν
2911 4905 3203 4979 ζημιοῦται
3228 4907 3331 4979 τὴν
3373 4908 3590 4981 ψυχήν.

465 4998 694 5068 patitur.

397 5088 498 5144 148
557 5086 785 5156 Qualem
834 5088 1127 5161 potestatis
1180 5104 1496 5147 mensuram
1558 5092 1704 5148 inter
1749 5094 1956 5165 dispen-

2109 5116 2197 5183 μην
2245 5110 2405 5163 Ποῖον
2454 5108 2648 5179 μέτρον
2668 5106 2921 5172 ἐξουσίας
2963 5105 3077 5178 εχει
3114 5105 3174 5158 ιν
3204 5107 3272 5177 τῇ
3301 5105 3603 5178 οἰκονομία
3634 5108 3664 5160 δ

460 5179 695 5234 sandum
753 5180 1002 5237 obtineat
1050 5182 1104 5239 is
1125 5186 1220 5238 cui
1263 5183 1472 5239 cellarii
1509 5200 1643 5240 cura
1701 5185 1805 5241 fuit
1836 5202 1970 5242 eon-

1766 5187 1805 5240 it
1836 5202 1970 5242 con-
2071 5179 2082 5184 ⁷
2110 5179 2451 5262 ⁷ιιιιισαιιευθελις
2478 5200 2580 5271 τὴν
2602 5199 2862 5270 φροντίδα
2884 5197 2986 5252 τοῦ
3011 5197 3325 5270 auspice.

461 5269 693 5325 credita.

393 5367 496 5421 H9
543 5368 776 5423 Cutinam
813 5368 1021 5439 judicio
1074 5370 1346 5428 obnoxius
1393 5372 1499 5428 erit
1534 5384 1882 5437 meommus,
1918 5378 1952 5431 s‘

2110 5369 2190 5439 μθ¹
2239 5367 2303 5420 Τί
2343 5366 2403 5420 τὺ
2441 5369 2615 5437 κρῖμα
2654 5364 2750 5419 τοῦ
2790 5365 3201 5436 οἱκονομοῦντος
3225 5405 3242 5431 ,
3284 5367 3384 5424 MV
3412 5385 3477 5425 τι
3519 5371 3662 5426 κατὰ

462 5459 667 5530 aliquid
700 5459 894 5516 fecerit
925 5476 1037 5532 pro.
1070 5478 1432 5534 personarum
1483 5466 1720 5532 ratione.
1744 5475 1839 5523 aut
1870 5483 1968 5538 per

1715 5505 1720 5528 ,
1744 5475 1839 5523 aut
1870 5483 1968 5538 per
2137 5457 2597 5533 προσωποληψίαν
2621 5458 2656 5527 ἦ
2688 5456 3020 5527 φιλονεικίαν
3048 5459 3274 5530 ποιήσῃ.

458 5558 889 5605 contentionem.
1702 5576 1706 5581 ‘

393 5638 497 5694 150
550 5639 609 5695 Si
659 5657 770 5711 prae
794 5642 1127 5716 negligentia
1154 5662 1263 5703 non
1310 5646 1522 5705 dederit
1576 5647 1736 5704 fratri
1770 5663 1952 5708 neces-

2103 5654 2144 5696 ν’
2203 5646 2329 5701 Ἐὰν
2357 5647 2412 5701 δὲ
2432 5645 2713 5719 ἀμελήσας
2745 5644 2819 5718 μὴ
2844 5644 2922 5717 δῷ
2946 5645 3025 5717 τῷ
3056 5645 3272 5718 ἀδελφῷ
3296 5647 3365 5702 τὰ
3386 5649 3543 5721 «ιρὰ
3566 5651 3662 5724 τὴν

466 5730 632 5787 saria.

2136 5738 2341 5811 χρείαν.
