3948 6240
149 293 275 349 ίοϐἔ
1135 286 1569 343 REGULARUM
1606 284 1746 339 BRE‘

1865 280 2011 338 RUM
2044 278 2409 337 CAPITULA.
3267 277 3406 338 1068

148 412 257 477 ρνα¹
292 405 355 457 Εἰ
392 403 571 470 ἔξεστι
617 402 694 473 τῷ
734 400 1096 474 ὑπηρετοῦντι
1149 400 1289 472 μετὰ
1328 402 1509 473 φωνῆς
1547 399 1728 471 μείζο-

1868 397 1931 452 51
1993 398 2078 450 An
2113 393 2448 449 ministranti
2483 391 2644 446 liceat
2676 405 2809 447 voce
2834 392 3029 449 altiore
3055 393 3225 464 loqui.

216 515 305 550 νος
339 496 544 550 λαλεῖν.

216 515 305 560 νος
341 515 544 550 ΑαΑειν.

150 589 259 660 ρλβ’
329 590 467 661 Περὶ
529 589 622 642 τοῦ
680 589 820 659 ὑπὲρ
874 588 1104 658 δύναμιν
1168 586 1470 657 κάμνοντος
1545 585 1602 638 ὲν
1663 587 1729 655 τῇ

1867 577 1938 632 52
1998 574 2075 632 De
2092 591 2158 633 eo
2187 574 2283 646 qui
2312 574 2455 628 ultra
2486 586 2649 642 quam
2678 572 2824 626 vires
2856 570 3031 641 ipsius
3074 569 3219 626 ferre
3243 569 3407 643 ιω

216 683 516 753 ὑπηρεσίᾳ.
577 715 582 718 -

1903 676 2156 740 possunt,
2193 669 2251 723 in
2298 662 2665 721 ministrando
2699 663 3049 735 defatigatur.

150 780 270 847 ρνγ’
330 775 396 827 Ἡ
450 774 519 826 τὰ
576 773 697 845 ἔρια
751 772 1102 827 πιστευθεῖσα
1161 770 1279 835 πιῖδς
1335 769 1474 823 αὐτὰ
1525 768 1729 839 ὀφείλει

1866 764 1937 819 55
1999 762 2102 817 Cui
2130 762 2270 815 lanae
2316 757 2645 814 concreditae
2692 763 2841 822 sunt,
2898 754 3176 827 quomodo
3215 749 3411 809 debeat

217 866 385 937 ἔχειν.

1903 856 2024 910 illas
2046 866 2331 908 accurare.

150 958 252 1029 ρνδ¹
298 958 425 1012 Ἐάν
458 957 637 1029 συμϐῇ
667 955 882 1025 ὀλίγους
914 956 1073 1020 δντας
1105 956 1387 1027 ἀδελφοὺς,
1423 953 1517 1010 καὶ
1550 953 1730 1007 πλείο-

1870 948 1936 1003 54
1990 946 2049 1001 Si
2080 945 2223 1000 forte
2245 959 2372 999 cum
2407 942 2569 1015 pauci
2601 951 2731 997 sunt
2772 941 2992 1005 fratres,
3027 942 3410 998 etinserviunt

223 1066 306 1101 σιν
338 1049 597 1119 ἀδελφαῖς
644 1049 1205 1121 ὲξυπηρετουμένους,
1240 1051 1319 1112 είς
1352 1049 1597 1119 ἀνάγκην
1634 1050 1733 1118 ἑμ-

1903 1039 2155 1109 pluribus
2189 1036 2499 1099 sororibus,
2545 1049 2613 1089 eo
2640 1034 3317 1089 necessitatis'deveniant
3345 1042 3407 1086 ut

218 1142 448 1193 πίπτειν
511 1140 603 1194 τοῦ
658 1140 964 1194 διίστασθαι
1024 1142 1117 1193 ἀπ’
1188 1139 1435 1211 ἀλλήλων
1492 1140 1735 1209 διαμερι-

1906 1148 1935 1185 a
1958 1148 2017 1187 se
2052 1131 2285 1185 invicem
2318 1137 2665 1198 separentur,
2697 1126 2762 1179 ad
2786 1141 2955 1197 opera
2978 1126 3190 1196 agenda
3224 1125 3407 1190 divisi,

220 1231 487 1303 ζομένους
538 1233 677 1305 πρὸς
732 1232 802 1285 τὰ
855 1233 1013 1304 ἔργα,
1071 1234 1120 1284 εί
1176 1231 1457 1285 ἀκίνδυνόν
1504 1232 1619 1283 ἐστι
1673 1231 1734 1283 τὸ

1908 1231 2087 1276 utrum
2113 1221 2167 1274 id
2197 1220 2444 1292 periculo
2466 1227 2640 1273 vacet.

218 1324 485 1378 τοιοῦτον.

151 1426 259 1490 ρνε¹
285 1418 414 1483 Πῶς
438 1419 519 1471 δεῖ
550 1419 955 1491 προσφέρεσθαι
987 1423 1098 1484 τοῖς
1120 1421 1176 1474 ὲν
1201 1419 1277 1491 τῷ
1306 1419 1617 1489 ξενοδοχείῳ
1640 1422 1739 1489 ἀρ-

1873 1397 1942 1451 55
1990 1395 2276 1462 Quomodo
2302 1395 2357 1449 in
2399 1393 2638 1464 hospitio
2674 1401 2910 1448 tractare
2954 1398 3203 1463 oporteat
3244 1404 3413 1461 πενο-

223 1509 476 1581 ρὡτοις.

1909 1498 2113 1543 tantes.

154 1572 273 1674 ρνξθ
309 1602 415 1654 Τὸν
436 1572 879 1672 πεπιστευμένον
928 1604 1184 1672 φροντίδα
1217 1603 1335 1673 ἦτοι
1370 1601 1737 1673 κελλαρίου,ἢ

1872 1581 1943 1635 56
1998 1580 2252 1650 Nunquid
2284 1580 2332 1635 is
2359 1580 2452 1635 cui
2488 1580 2720 1642 cellarii,
2764 1585 2858 1632 aut
2883 1576 3113 1631 alterius
3134 1572 3412 1645 ejusmodi

220 1692 386 1746 ἄλλου
439 1693 586 1757 τινὸς
624 1693 887 1758 τοιούτου,
938 1697 988 1747 εἰ
1048 1695 1130 1748 δεῖ
1173 1695 1401 1747 πάντοτε
1453 1695 1596 1764 ἔχειν
1640 1693 1737 1765 τὴν

1911 1686 2043 1725 cura
2076 1671 2276 1725 tradita
2308 1678 2413 1735 est,
2446 1671 2643 1727 debeat
2677 1685 2894 1741 semper
2930 1670 3075 1725 illius
3101 1682 3292 1723 curam
3326 1668 3417 1719 ha-

229 1788 569 1859 φροντίδα,ἢ
602 1788 695 1840 και
719 1786 1168 1842 ὲναλλάσσεσθαι.
1698 1764 1701 1765 ί

1908 1764 2060 1823 bere,
2083 1772 2177 1816 aut
2211 1764 2507 1818 immutari.

1844 1854 1942 1909 157
1988 1854 2106 1919 Quo
2136 1855 2320 1907 animo
2353 1854 2475 1924 quis
2508 1854 2701 1910 debeat
2736 1853 2845 1908 Deo
2882 1855 3105 1910 servire.

158 1882 264 1953 ρνζ⁹
301 1881 532 1951 Ποταπῇ
558 1879 793 1933 διαθέσει
821 1879 1022 1948 ὀφείλει
1054 1897 1137 1940 τις
1160 1879 1429 1932 δουλεύειν
1461 1878 1594 1949 Θεῷ.

1845 1947 1946 2002 158
1993 1948 2112 2013 Quo
2145 1946 2340 2001 all‘ectu
2378 1947 2575 2001 debeat
2609 1947 2791 2019 quivis
2824 1948 3081 2002 mulctam
3120 1947 3416 2002 sustinere.

157 1983 270 2048 ρνη¹
298 1977 525 2044 Ποταπῇ
563 1974 799 2027 διαθέσει
827 1973 1033 2043 ὀφείλει
1063 1973 1312 2045 δέχεσθαί
1359 1992 1444 2037 τις
1475 1974 1535 2026 τὸ
1566 1974 1742 2027 ἐπιτί-

224 2083 370 2137 μιον.

154 2157 266 2228 ρνθ¹
310 2158 371 2207 Ὁ
416 2152 754 2225 λυπούμενος
806 2153 947 2208 κατὰ
984 2152 1078 2207 τοῦ
1134 2154 1561 2225 ἐπιτιμήσαντος
1594 2154 1763 2224 αὐτῷ.

223 2249 476 2311 ποταπός
509 2250 679 2300 ἐστιν.

154 2342 233 2412 ρξ’
264 2344 421 2396 Μετὰ
460 2344 620 2407 ποίας
652 2340 943 2403 διαθέσεως
981 2341 1272 2412 ὀφείλομεν
1304 2340 1601 2410 ὑπηρετεῖν
1632 2343 1742 2403 τοῖς

222 2434 499 2504 ἀδελφοῖς.
726 2428 727 2431 “

158 2526 272 2595 ρξα⁸
297 2526 454 2580 Μετὰ
482 2527 731 2595 ποταπῆς
749 2524 1132 2587 ταπεινώσεως
1160 2524 1363 2592 ὀφείλει
1387 2542 1469 2588 τις
1490 2524 1741 2595 δέχεσθαι

224 2620 327 2689 τὴν
359 2619 665 2691 ὑπηρεσίαν
686 2620 838 2691 παρὰ
866 2618 961 2672 τοῦ
990 2616 1242 2684 ἀδελφοῦ.

158 2708 273 2781 ρξβ¹
296 2711 554 2782 Ποταπὴν
586 2713 643 2764 ὲν
670 2712 917 2783 ἀλλήλοις
951 2712 1095 2781 ἔχειν
1128 2711 1208 2763 δεῖ
1228 2711 1325 2781 τὴν
1358 2709 1597 2779 ἀγάπην.

162 2802 277 2871 ρετ
302 2802 449 2873 Ποίῳ
474 2804 663 2874 τρόπῳ
694 2803 895 2873 δυνηθῇ
942 2820 1024 2865 τις
1066 2800 1411 2872 κατορθῶσαι
1458 2799 1559 2869 τὴν
1610 2799 1745 2869 πρὸς

224 2895 319 2949 τὸν
352 2897 582 2967 πλησίον
614 2897 855 2966 ἀγάπην.

161 2987 274 3057 ρεδν
310 2990 376 3042 Τί
423 2993 539 3042 ἐστι
588 2990 682 3053 τὸ,
734 2989 830 3057 Μὴ
896 2990 1160 3057 κρίνετε,
1220 2988 1318 3041 καὶ
1379 2988 1449 3039 οὐ
1492 2984 1578 3054 μὴ
1624 3003 1747 3054 κρι-

229 3079 396 3147 θῆτε.

157 3172 272 3238 ρξε’
305 3173 435 3236 Πῶς
461 3172 716 3244 γνωρίσει
760 3188 867 3235 τις,
900 3173 948 3225 εί
982 3172 1130 3242 ζήλῳ
1157 3170 1293 3224 Θεοῦ
1331 3172 1561 3223 κινεῖται
1601 3166 1745 3222 κατὰ

230 3260 326 3313 τοῦ
350 3262 758 3333 ἁμαρτάνοντος
789 3261 1041 3329 ἀδελφοῦ,
1078 3262 1110 3333 ἢ
1137 3261 1437 3333 ὀργίζεται.

163 3348 290 3417 ρξς¹
324 3352 483 3409 Μετὰ
516 3352 673 3415 ποίας
692 3353 983 3414 διαθέσεως
1009 3353 1304 3407 ὑπακούειν
1332 3353 1415 3405 δεῖ
1443 3351 1519 3422 τῷ
1546 3353 1625 3415 εἰς
1654 3351 1745 3421 ἕρ-

231 3460 333 3511 γυν
365 3445 466 3513 τῆς
494 3446 713 3516 ἐντολῆς
747 3447 1145 3516 κατεπείγοντι.

166 3535 281 3605 pii."
312 3536 540 3609 Ποταπὴ
594 3540 799 3608 ὀφείλει
842 3536 979 3593 εἶναι
1020 3541 1055 3609 ἡ
1089 3538 1257 3609 ψυχὴ,
1297 3538 1387 3591 ὅτε
1430 3537 1567 3602 ὅλως
1614 3555 1747 3592 κατ-

230 3628 445 3701 ηξιώθη
474 3633 534 3684 ὲν
552 3631 629 3703 τῷ
654 3632 799 3703 ἔργῳ
826 3632 921 3685 τού
945 3631 1082 3686 Θεοῦ
1110 3631 1545 3701 καταληφθῆναι.

164 3722 283 3793 ρξη¹
303 3724 462 3779 Μετὰ
495 3725 744 3796 ποταπῆς
773 3724 1066 3787 διαθέσεως
1102 3724 1183 3776 δεῖ
1206 3722 1506 3792 λαμϐάνειν
1530 3723 1746 3794 ἱμάτιον

229 3816 268 3887 ἢ
304 3816 582 3888 ὑπόδημα,
610 3812 721 3869 οἷον
750 3816 817 3870 ἂν
846 3812 903 3889 ᾗο
1858 3812 2974 3889 .,ΓᾸἛῩῚΪῘῘὛΪ,ΪῨ-’ἒῗῗΐηξῗῖῖζῗ-.ῗῖΪέ

164 3867 279 3978 ρξόι
313 3867 991 3980 lgs'agiagyagg‘...
1024 3907 1291 3979 ἐπιταχθῇ
1320 3906 1529 3971 διδάξαι
1559 3922 1612 3957 τι
1657 3904 1746 3955 τὸν

1865 3872 1954 3926 169
2008 3871 2064 3924 Si
2111 3869 2279 3923 frater
2307 3869 2496 3936 junior
2521 3867 2785 3939 jubeatur
2809 3867 3015 3938 aliquid
3051 3870 3255 3953 docere
3286 3872 3426 3927 alte-

232 3946 260 3961 ν
333 3946 444 3962 μ...
472 3946 697 3977 me”...
736 3946 989 3980 .-ωηιινς
1024 3946 1291 3979 “an...”
1321 3946 1529 3971 sum.-.
1570 3946 1612 3957 ..
1666 3946 1743 3955 η.

231 4001 609 4073 πρεσϐύτερον
640 4001 763 4055 καθ’
792 4000 1031 4073 ἡλικίαν,
1062 4000 1180 4063 πῶς
1203 4000 1359 4071 αύτῷ
1385 3996 1746 4072 προσενεχθή-

1922 3978 2042 4017 rum
2075 3968 2235 4015 mtate
2266 3960 2634 4031 grandiorem,
2666 3959 2941 4030 quomodo
2971 3960 3150 4032 ipsum
3172 3946 3348 4017 adibit

233 4109 413 4146 σεται.

1846 2129 1946 2183 I59
1989 2128 2091 2195 Qui
2120 2145 2259 2201 mgre
2292 2130 2394 2185 fert
2425 2130 2819 2200 increpantem,
2859 2131 3038 2201 qualis
3066 2139 3151 2185 est

1846 2307 1948 2362 160
2003 2308 2122 2374 Quo
2159 2308 2341 2362 animo
2380 2307 2678 2364 debeamus
2706 2307 2972 2364 fratribus
3024 2309 3307 2364 inservire.

1848 2489 1941 2543 161
1998 2488 2114 2555 Qua
2150 2490 2460 2546 humilitate
2506 2489 2701 2546 debeat
2731 2491 2856 2560 quis
2886 2504 2916 2544 a
2952 2491 3123 2545 fratre
3165 2488 3417 2545 ministe-

1917 2581 2058 2634 rium
2094 2582 2361 2650 accipere.

1848 2672 1953 2726 162
2002 2672 2187 2727 Mutua
2223 2674 2464 2729 Charitas
2498 2676 2678 2744 qualis
2709 2688 2831 2730 esse
2862 2673 3040 2728 debet.

1849 2764 1951 2818 165
1999 2762 2287 2829 Quomodo
2321 2764 2446 2835 quis
2481 2766 2712 2834 proximi
2749 2764 3096 2818 dilectionem
3128 2763 3418 2834 acquirere

1921 2856 2115 2908 valeat.

1851 2947 1953 3001 164
2002 2946 2272 3014 Quidnam
2315 2946 2416 3001 sibi
2448 2948 2579 3003 velit
2606 2947 2739 3002 illud
2775 2967 2788 3002 :
2830 2946 3010 3001 Nolite
3050 2946 3328 3016 judicare,
3362 2959 3415 3003 et

1921 3056 2023 3093 non
2053 3039 2417 3103 iudicabimim'
2446 3040 2511 3087 ⁸⁸.

1773 3110 1814 3168 C
1851 3132 1955 3188 165
1999 3133 2291 3199 Quomodo
2332 3142 2629 3205 cognoscet
2680 3134 2827 3203 quis,
2863 3142 3050 3189 utrum
3097 3135 3191 3191 Dei
3238 3135 3423 3192 studio

1922 3234 2332 3281 commoveatur
2350 3226 2402 3279 in
2423 3234 2741 3295 peccantem
2765 3225 3011 3291 fratrem,
3043 3243 3109 3282 an
3127 3228 3420 3284 irascatur.

1852 3317 1954 3372 166
2001 3318 2119 3384 Quo
2153 3319 2336 3372 animo
2372 3318 2419 3371 ci
2451 3317 2544 3387 qui
2576 3318 2645 3372 ad
2677 3318 2996 3374 mandatum
3020 3320 3423 3376 conficiendum

1922 3420 2099 3480 urget,
2147 3407 2570 3465 auscultandum
2602 3410 2716 3464 sit.’

1850 3503 1954 3556 167
2002 3500 2193 3567 Qualis
2226 3500 2387 3553 debet
2420 3514 2545 3554 esse
2584 3499 2787 3563 anima,
2831 3498 3051 3569 quando
3081 3516 3311 3571 prorsus
3345 3503 3424 3557 di-

1920 3609 2023 3663 gna
2051 3592 2234 3646 habita
2268 3600 2375 3656 est,
2407 3592 2594 3661 quaein
2628 3589 2721 3646 Dei
2754 3606 2921 3660 opere
2955 3604 3273 3663 occupetur.

1850 3688 1955 3742 168
2000 3686 2121 3754 Quo
2166 3684 2368 3741 allectu
2414 3685 2803 3739 vestimentum
2840 3692 2933 3738 aut
2969 3687 3421 3753 calceamentum,

1918 3779 2301 3848 qualecunque
2334 3775 2554 3830 tandem
2606 3774 2799 3838 fuerit,
2856 3776 3106 3845 accipere
3146 3786 3420 3847 oporteat.

168 4190 237 4247 ρυ
273 4183 341 4236 El
393 4183 475 4236 δεῖ
514 4184 647 4246 ἴσως
693 4182 980 4254 προσέχειν
1022 4182 1101 4252 τῷ
1142 4182 1324 4234 πλεῖον
1369 4178 1746 4249 κατορθοῦντι,

1865 4161 1957 4216 170
2003 4162 2057 4217 Si
2084 4161 2312 4231 aequalis
2350 4157 2599 4213 habenda
2634 4157 2707 4213 sit
2751 4158 2914 4223 ratio,
2976 4169 3090 4214 tum
3153 4161 3274 4229 ejus
3331 4161 3428 4232 qui

236 4273 433 4345 καιτῷ
452 4273 690 4328 ἔλαττον.
738 4250 749 4254 ⁷
868 4250 898 4254 ﬂ
1076 4250 1082 4252 ﬁ

1922 4253 2130 4321 aliquid
2166 4254 2341 4323 magis
2390 4261 2540 4307 recte
2594 4250 2744 4315 facit,
2781 4259 2897 4305 tum
2926 4252 3075 4307 illius
3112 4255 3206 4323 qui
3243 4253 3428 4308 minus

1922 4354 2090 4400 recte.

166 4427 285 4490 poa'
328 4421 457 4476 Ἐὰν
497 4427 555 4478 δὲ
578 4428 814 4499 λυπῆται
852 4431 879 4482 ὀ
911 4427 1170 4491 ἐλάττων,
1201 4426 1618 4498 προτιμωμένου
1652 4421 1746 4477 τοῦ

1865 4436 1953 4491 171
2000 4435 2057 4490 Si
2098 4434 2323 4491 tristitia
2358 4434 2636 4490 afficiatur
2665 4434 2912 4499 inferior,
2946 4449 3071 4489 cum
3102 4435 3148 4489 is
3179 4434 3273 4505 qui
3308 4448 3426 4487 ma-

235 4511 655 4588 εὐλαϐεστέρου.

1923 4529 2010 4600 gis
2040 4529 2165 4600 pius
2195 4537 2301 4593 est,
2335 4528 2442 4584 sibi
2473 4530 2844 4601 anteponitur.

166 4602 282 4673 ροβν
328 4605 565 4677 Ποταπῷ
613 4611 781 4681 φόῦῳ,
830 4610 863 4682 ἦ
929 4609 1059 4681 ποίᾳ
1116 4607 1481 4681 πληροφορίᾳ.
1530 4608 1564 4679 ἦ
1615 4608 1746 4677 ποίὲ

1865 4622 1959 4677 172
2006 4620 2127 4688 Quo
2159 4622 2381 4686 timore,
2446 4629 2539 4673 aut
2593 4634 2701 4691 qua
2753 4619 2876 4674 fidei
2922 4618 3285 4689 plenitudine,
3336 4628 3433 4673 aut

235 4694 477 4749 διαθέσει
547 4701 937 4773 μταλάόωμεν
990 4702 1094 4773 ⁸τού
1157 4701 1409 4771 σώματος
1471 4698 1566 4753 τοῦ
1627 4699 1743 4752 Κυ-

1925 4727 2036 4783 quo
2058 4712 2244 4767 animo
2263 4726 2468 4781 corpus
2501 4710 2717 4765 Domini
2744 4710 2905 4765 nobis
2928 4709 3308 4778 accipiendum
3334 4710 3428 4764 sit.

280 4804 383 4839 ιου.

280 4804 383 4839 ιου.

164 4804 280 4949 μαῖ’
302 4880 365 4934 El
401 4878 483 4933 δεῖ
514 4877 574 4931 ἒν
598 4882 663 4950 τῇ
697 4878 815 4952 ὦρξι
842 4887 940 4953 τῆς
960 4888 1082 4940 κατ’
1112 4880 1264 4939 οἷκον
1286 4883 1612 4955 ψαλμψδῑας
1648 4882 1743 4934 λα-

1865 4867 1961 4923 175
2007 4866 2090 4921 An
2119 4866 2312 4921 deceat
2348 4875 2591 4934 tempore
2633 4864 2970 4935 psalmodim,
3020 4879 3141 4934 quae
3174 4865 3229 4918 in
3263 4866 3430 4917 domo

232 4972 357 5025 λιάν
384 4988 506 5025 τινα
540 4971 805 5038 γίνεσθαι.

1928 4960 2007 5026 fit,
2034 4959 2310 5028 colloquia
2334 4958 2465 5014 seri.

162 5063 273 5134 ροδν
310 5061 439 5126 Πῶς
467 5061 667 5133 δυνηθῇ
701 5078 781 5123 τις
809 5062 1126 5130 ὲνδιαθέτως
1150 5065 1245 5119 καὶ
1272 5064 1409 5136 μετὰ
1432 5062 1744 5136 προθυμίας

1865 5055 1959 5109 174
2005 5053 2291 5121 Quomodo
2312 5053 2488 5123 possit
2518 5051 2643 5123 quis
2673 5067 2739 5105 ex
2770 5050 2954 5105 animo
2981 5056 3034 5104 et
3068 5063 3192 5103 cum
3227 5049 3429 5102 alacri-

232 5154 414 5204 ποιεῖν
439 5152 538 5214 τὰς
565 5152 788 5216 ἐντολάς
818 5153 913 5206 τοῦ
948 5156 1174 5227 Κυρίου.

1924 5158 2037 5205 tate
2070 5149 2295 5219 exsequi
2331 5147 2551 5202 Domini
2577 5142 2857 5200 mandata.

162 5251 274 5313 ροε¹
310 5245 437 5308 Πῶς
472 5245 723 5313 φαίνεται
749 5248 779 5299 ὀ
804 5247 1033 5316 ἀγαπῶν
1063 5248 1156 5302 τὸν
1199 5247 1429 5318 ἀδελφὸν
1458 5246 1601 5302 κατὰ
1636 5245 1736 5317 τὴν

1865 5243 1957 5297 175
2008 5242 2293 5309 Quomodo
2340 5245 2559 5295 constat
2609 5239 2680 5293 ab
2710 5237 2896 5308 aliquo
2949 5234 3124 5289 amari
3173 5232 3422 5299 fratrem,

230 5335 456 5404 ἐντολὴν
474 5336 572 5389 τοῦ
595 5337 821 5406 Κυρίου.

1917 5336 2072 5404 juxta
2106 5333 2323 5390 Domini
2354 5330 2690 5385 mandatum.

166 5434 289 5493 ροτ
318 5428 473 5491 Τίνες
499 5428 638 5480 εἰσὶν
670 5430 717 5479 οἱ
744 5427 949 5500 ἐχθροὶ,
979 5428 1073 5493 οὒς
1104 5431 1325 5502 ἀγαπᾷν
1360 5428 1740 5501 προσετάχθη-

1865 5427 1958 5482 176
2000 5426 2233 5493 Quinam
2262 5421 2601 5479 sintinimici
2630 5434 2770 5491 quos
2800 5418 3028 5490 diligere
3052 5417 3423 5487 jussisumue.

320 5532 367 5567 ν.

320 5532 367 5567 ν.

165 5531 317 5678 ρςὲε
314 5606 435 5670 Πῶς
461 5609 764 5677 ὀφείλουσιν
801 5611 850 5662 οἱ
870 5611 1084 5664 δυνατοὶ
1123 5613 1195 5666 τὰ
1226 5613 1581 5686 ἀσθενήματα
1628 5611 1744 5669 τῶν

1865 5609 1955 5665 177
2004 5601 2287 5672 Quomodo
2325 5598 2561 5656 debeant
2615 5597 2787 5656 fortes
2829 5595 3235 5653 imbecillorum
3274 5589 3429 5650 inﬁt"

236 5696 514 5751 ὰὶυνάτων
548 5699 859 5767 βαστάζειν.

1928 5698 2144 5755 mitates
2173 5700 2415 5764 portare.

237 5815 291 5847 ⁸⁸
335 5813 461 5871 Luc.
499 5832 588 5878 vr,
627 5816 713 5869 57.

496 5911 769 5971 PATROL.
811 5912 929 5972 Gn.
968 5911 1204 5974 XXXI.

3067 5888 3147 5948 33
