3948 6240
123 379 244 435 rosa
1078 354 1515 423 REGULARUM
1555 355 1964 417 BREVlORUM
2000 352 2373 411 CAPITULA.
3236 340 3373 408 me

120 500 193 570 σβ¹
212 497 275 551 Et
299 492 525 549 δυνατὸν
549 484 898 562 κατορθῶσαι
929 488 987 541 ὲν
1023 487 1187 540 παντὶ
1222 487 1318 539 καὶ
1358 484 1589 537 πάντοτε
1622 481 1679 535 τὸ

1813 479 1891 534 :02
1935 478 2019 531 An
2053 474 2171 530 ﬁeri
2207 482 2401 545 possrt,
2442 478 2505 525 ut
2540 471 2596 526 iu
2633 470 2892 527 omnibus
2939 478 2994 523 et
3028 454 3245 541 semper
3279 485 3372 527 ac-

183 585 601 658 ἀμετεὼριστον.

1869 571 2118 641 quiratur
2150 567 2398 622 attentio.

118 688 195 751 cf
223 653 352 732 -Τῶν
379 653 498 730 κατ’
530 675 750 746 ἐντολὴν
770 674 865 727 τοῦ
888 673 1097 744 Κυρίου
1128 670 1570 743 κατορθωμάτων
1594 667 1677 720 πό

1815 661 1904 717 ξθὸ
1952 660 2149 716 Utrum
2184 672 2376 714 eorum
2402 671 2524 727 quae
2559 666 2864 711 secundum
2892 653 3112 708 Domini
3140 654 3374 709 manda-

179 788 336 844 τερον
376 770 435 823 ἓν
477 768 676 840 μέτρον
714 766 860 819 ἐστὶν
901 767 961 818 ὲν
1007 766 1194 829 πᾶσιν,
1230 764 1264 835 ἦ
1295 764 1324 815 ὁ
1356 761 1458 832 μὲν
1508 759 1692 814 πλεῖον

1866 760 1982 807 tum
2015 752 2173 816 ﬁunt,
2223 763 2331 804 una
2365 754 2420 803 et
2473 747 2662 802 eadem
2707 761 2965 802 mensura
3024 746 3081 800 in
3122 747 3378 802 omnibus

182 836 317 936 ἔχοι,
336 865 367 915 ὁ
389 861 447 915 δὲ
479 836 699 914 ἔλαττον
860 899 862 902 μ

1865 844 1956 909 sit,
2008 858 2081 896 an
2128 842 2275 897 alius
2328 839 2621 911 majorem,
2662 838 2805 894 alius
2846 851 2980 893 vero
3025 836 3226 892 habeat
3269 839 3379 891 mi-

1871 952 2088 992 norem.

113 1031 182 1085 σδ¹
212 1029 341 1094 Πῶς
387 1028 736 1093 καταξιοῦταί
769 1044 852 1090 τις
893 1025 1207 1096 Πνεύματος
1234 1023 1390 1091 ἀγίου
1439 1022 1670 1089 γενέσθα

1821 1028 1906 1084 :04
1948 1027 2234 1095 Quomodo
2260 1027 2387 1098 quis
2423 1025 2661 1082 efﬁcitur
2690 1024 2913 1096 dignus,
2955 1022 3050 1092 qui
3087 1020 3181 1075 ﬁat
3202 1019 3380 1091 Spiri~

182 1123 432 1192 μέτοχος.

1873 1129 1964 1176 tus
1985 1122 2163 1175 sancti
2196 1122 2468 1192 particeps

113 1220 185 1265 σε’
211 1213 373 1276 Τίνες
397 1212 535 1265 εἰσὶν
554 1212 604 1263 οἱ
633 1211 841 1281 πτωχοὶ
868 1208 947 1280 τῷ
973 1208 1265 1279 πνεύματι.

1799 1210 1965 1284 ωε
1995 1212 2103 1268 205
2136 1212 2241 1279 Qui
2274 1212 2386 1267 sint
2418 1225 2688 1282 pauperes
2719 1210 2917 1281 spiritu
2930 1209 2996 1269 ⁸⁸.

116 1310 200 1369 σς¹
247 1302 357 1357 Τοῦ
408 1302 615 1373 Κυρίου
656 1299 1148 1371 παραγγέλλοντος,
1201 1298 1276 1370 μὴ
1328 1298 1600 1369 μεριμνᾷν
1644 1313 1674 1348 τ

1809 1304 1909 1360 206
1953 1305 2089 1360 Cum
2133 1304 2400 1360 Dominus
2452 1305 2733 1375 praacipiat
2780 1313 2840 1358 ut
2902 1318 2974 1358 ne
3009 1290 3185 1357 simus
3228 1301 3368 1356 solli-

190 1395 491 1465 φάγωμεν,
542 1393 575 1463 ἢ
632 1392 686 1444 τί
739 1392 982 1461 πίωμεν,
1037 1389 1072 1461 ἦ
1122 1390 1177 1443 τί
1238 1387 1695 1461 περιϐαλώμεθα·

1870 1398 1979 1465 citi,
2016 1397 2147 1468 quid
2203 1398 2456 1464 edamus,
2512 1406 2607 1452 aut
2640 1395 2774 1468 quid
2806 1396 3086 1458 bibamus.
3128 1404 3221 1448 aut
3271 1409 3386 1464 quo

185 1488 352 1558 μέχρι
397 1485 546 1547 τίνος
593 1484 743 1537 ἐστὶν
799 1485 835 1554 ή
888 1482 1098 1552 ἐντολὴ,
1164 1482 1197 1552 ἢ
1251 1481 1369 1544 πῶς
1402 1478 1700 1551 κατορθοῦο

1878 1498 2128 1561 tegantur
2148 1491 2218 1558 ⁸³,
2249 1505 2538 1561 quousque
2562 1490 2614 1543 id
2643 1489 2886 1544 mandati
2919 1503 2980 1543 se
3018 1486 3289 1550 extendit,
3326 1491 3379 1541 et

182 1596 295 1633 ται.
966 1636 967 1639 η

966 1636 967 1639 η
1876 1584 2154 1654 quomodo
2186 1583 2469 1655 perﬁcitur

118 1674 195 1736 σζ¹
216 1671 336 1724 Τίνι
369 1669 513 1739 λόγῳ
533 1669 615 1722 δεῖ
636 1668 987 1740 ἐργάζεσθαι.

1803 1676 1911 1731 207
1960 1675 2078 1743 Qua
2106 1685 2287 1733 mente
2321 1677 2573 1732 laborare
2605 1683 2877 1746 oporteat.

118 1771 198 1835 ση⁹
239 1764 303 1817 Et
328 1762 496 1817 καλόν
528 1762 643 1814 ἐστι
670 1760 732 1814 τὸ
769 1760 992 1815 καθόλου
1019 1760 1178 1831 σιγὴν
1206 1748 1410 1816 ἀσκεῖν.

1804 1769 1913 1824 208
1958 1768 2043 1824 An
2063 1770 2272 1824 bonum
2297 1769 2370 1825 sit
2408 1769 2626 1839 penitus
2653 1768 2934 1824 silentium
2959 1767 3234 1822 excolere.

117 1856 198 1909 σθ’
245 1854 379 1934 Ιζῶς
427 1851 746 1922 δυνηθῶμεν
812 1850 1119 1922 φοϐηθῆναι
1183 1852 1253 1905 τὰ
1311 1850 1554 1922 κρίματα
1604 1870 1676 1905 τοι

1655 1872 1699 1905 δυ
1732 1867 1776 1922 Β
1802 1861 1908 1917 209
1950 1860 2235 1927 Quomodo
2268 1862 2464 1916 timere
2492 1862 2838 1932 potuerimus
2877 1859 2971 1914 Dei
3000 1859 3214 1930 judicia

182 1946 348 2003 Θεοῦ.

118 1992 319 2103 σι’νΤίς
360 2041 512 2093 ἐστιν
543 2039 577 2109 ή
600 1992 724 2090 γ’ύπὸ
768 2037 862 2090 τοῦ
914 2034 1243 2089 Ἀποστόλου
1292 2035 1677 2107 παραδεδομέντ

1823 2038 1913 2093 HO
1959 2038 2096 2105 Quis
2141 2037 2214 2095 sit
2254 2039 2490 2095 amictus
2535 2037 2629 2093 ille
2672 2039 2939 2094 honestus
3001 2038 3071 2093 ab
3117 2034 3382 2108 Apostolo

186 2130 498 2200 καταστολὴ
520 2126 745 2198 κοσμία.

557 2126 745 2198 οσμία.
1880 2131 2114 2188 traditus

118 2222 223 2276 ad
258 2224 326 2275 Τί
349 2223 417 2275 τὸ
452 2221 648 2291 μέτρον
672 2221 772 2290 τῆς
795 2216 928 2289 πρὸς
955 2218 1087 2271 Θεὸν
1110 2219 1350 2289 ἀγάπης.

1292 2235 1350 2288 ιςο
1807 2223 1909 2279 2H
1966 2223 2102 2291 Quis
2141 2224 2338 2280 modus
2369 2222 2628 2295 diligendi
2656 2222 2851 2279 Deum.

119 2314 223 2384 σιβ⁹
258 2314 387 2377 Πῶς
414 2309 827 2381 κατορθοῦταιή
855 2311 993 2382 πρὸς
1016 2310 1149 2364 Θεὸν
1178 2310 1387 2379 ἀγάπη.

1806 2317 1915 2371 212
1959 2314 2246 2384 Quomodo
2275 2316 2369 2372 Dei
2407 2315 2627 2371 dilectio
2654 2316 2966 2370 obtineatur

119 2414 224 2476 σιγ¹
262 2407 403 2461 Τίνα
443 2408 561 2460 ἐστι
590 2406 659 2459 τά
686 2397 1047 2479 γνωρίσματα
1091 2405 1191 2475 τῆς
1233 2404 1371 2475 πρὸς
1396 2402 1529 2457 Θεὸν
1570 2404 1678 2472 ἀγά

1644 2404 1708 2457 ἀ-
1809 2407 1915 2463 213
1966 2406 2101 2474 Quae
2144 2408 2258 2462 sint
2289 2405 2491 2461 indicia
2522 2404 2809 2460 charitatis
2846 2420 2977 2474 erga
3010 2402 3201 2459 Deum.

186 2517 325 2571 πης.

119 2590 217 2644 σιδ¹
235 2593 563 2664 Χρηστότης
588 2593 684 2647 καὶ
716 2591 1041 2661 ἀγαθωσύνη
1076 2589 1184 2642 τίνι
1228 2588 1578 2659 διαφέρουσιν
1618 2589 1678 2642 ἀλ

1828 2613 1917 2669 BM
1958 2611 2017 2668 In
2048 2628 2158 2684 quo
2189 2612 2506 2680 discrepant
2548 2625 2577 2663 a
2604 2625 2663 2665 se
2701 2609 2936 2664 invicem
2984 2607 3297 2678 benignitas
3331 2615 3387 2662 et

220 2684 395 2755 ήλων.
1096 2704 1106 2712 ’

1096 2704 1106 2712 ’
1885 2707 2127 2763 bonitas.

118 2787 220 2833 σιε⁹
239 2779 340 2843 Τίς
369 2781 565 2832 ὲστινό
596 2778 701 2832 ὑπὸ
722 2777 816 2831 τοῦ
846 2777 1051 2846 Κυρίου
1088 2773 1527 2845 μακαριζόμενος
1555 2775 1677 2844 εἰρη

1835 2801 1921 2856 315
1966 2798 2100 2866 Quis
2141 2799 2215 2854 sit
2262 2796 2526 2868 paciﬁcus
2572 2795 2663 2849 ille
2705 2795 2797 2865 qui
2844 2809 2873 2846 a
2913 2792 3145 2847 Domino
3188 2792 3394 2846 dicitur

190 2872 436 2934 νοποιός.

1885 2892 2081 2947 beatus
2099 2890 2167 2945 ⁹⁰.

118 2969 236 3028 σις’
274 2962 367 3015 Ἐν
403 2962 511 3014 τίνι
541 2961 843 3031 στραφῆναι
868 2961 949 3012 δεῖ
974 2960 1070 3013 καὶ
1095 2958 1348 3026 γενέσθαι
1380 2958 1455 3021 ὡς
1488 2957 1558 3009 τά
1582 2974 1677 3010 παι

189 3054 288 3091 at.

1834 2982 1922 3037 216
1969 2981 2028 3037 in
2052 2998 2157 3053 qua
2195 2997 2252 3036 re
2271 2982 2518 3037 converti
2546 2985 2820 3050 oporteat,
2849 2991 2912 3031 ac
2937 2976 3054 3032 ﬁeri
3098 2978 3244 3032 velut
3268 2992 3393 3047 par-

189 3055 311 3108 δία.

1889 3073 2049 3129 vulos
2079 3075 2125 3106 "

120 3146 227 3211 σις’
256 3145 385 3209 Πῶς
424 3144 707 3215 δεξώμεθα
745 3144 843 3215 τὴν
881 3143 1158 3213 βασιλείαν
1186 3142 1278 3196 τοῦ
1307 3142 1440 3195 Θεοῦ
1473 3143 1548 3206 ὡς
1593 3159 1679 3193 παι

1834 3168 1924 3220 217
1976 3166 2260 3233 Quomodo
2288 3164 2657 3235 suscipiamus
2685 3180 2910 3237 regnum
2944 3163 3042 3219 Dei
3075 3165 3220 3219 velut
3270 3180 3393 3235 paro

188 3238 332 3291 δίον.
1741 3260 1747 3298 ς

1741 3247 1788 3308 C
1888 3256 2070 3312 vulus.

118 3337 230 3401 σιη¹
282 3330 455 3383 Ποίαν
506 3329 719 3382 σύνεσιν
771 3331 944 3382 αἰτεῖν
988 3328 1139 3400 παρά
1181 3328 1273 3380 τοῦ
1316 3326 1452 3380 Θεοῦ
1496 3326 1677 3396 όφείλο

1845 3349 1926 3405 H8
1968 3348 2196 3415 Qualem
2241 3347 2658 3419 intelligentiam
2712 3363 2742 3400 a
2799 3346 2912 3403 Deo
2952 3363 3250 3418 exposcere
3300 3347 3404 3403 (ιθ-ι

208 3439 331 3477 ιεν.

1887 3442 2135 3498 beamus.

116 3514 229 3570 σιθ¹
278 3514 409 3568 Ἐὰν
455 3512 907 3587 εύεργετηθῶμεν
961 3512 1115 3584 παρά
1156 3527 1329 3576 τινος,
1384 3512 1503 3575 πῶς
1553 3513 1675 3582 δυνη

1843 3536 1926 3590 ιω
1966 3533 2047 3589 δί’
2082 3532 2406 3588 beneﬁcium
2454 3529 2829 3601 acceperimus
2890 3531 2961 3586 ab
3009 3532 3217 3601 aliquo,
3263 3545 3402 3600 quo-

194 3606 393 3677 θῶμεν
448 3607 543 3659 καὶ
588 3604 667 3675 τῷ
723 3605 914 3675 Κυρίῳ
980 3604 1080 3674 τὴν
1138 3603 1495 3675 ὀφειλομένην
1557 3605 1721 3673 εὐχα-

1895 3627 2058 3682 modo
2085 3634 2202 3680 tum
2234 3624 2466 3678 Domino
2502 3623 2743 3679 debitam
2786 3623 3085 3694 gratiarum
3121 3623 3397 3678 actionem

195 3698 424 3772 ριστίαν
499 3696 747 3768 καθαρὰν
826 3696 921 3750 καὶ
1014 3694 1305 3766 ὁλόκληρον
1379 3694 1672 3749 ἀποδοῦναι
1699 3735 1714 3758 ,

1896 3735 2087 3790 puram
2117 3733 2180 3773 ac
2223 3718 2489 3787 integram
2532 3716 2868 3786 persolvere,
2914 3726 3031 3770 tum
3063 3731 3185 3770 eam
3231 3717 3398 3771 etiam

193 3794 300 3846 καὶ
328 3792 428 3863 τὴν
447 3791 599 3861 ,πρὸς
624 3792 715 3843 τὸν
744 3790 1037 3861 εὐεργέτην
1080 3787 1461 3859 ἐπιστημόνως
1496 3786 1723 3858 πληρῶ-

1894 3786 2018 3878 quae
2046 3786 2411 3863 benefacieuti
2440 3805 2697 3872 debetur,
2725 3806 2862 3862 scite
2885 3815 2943 3862 et
2976 3806 3081 3862 rite
3099 3807 3401 3878 rependere

195 3903 325 3940 σαι.

1897 3902 2221 3971 poterimus.
3316 3886 3345 3899 ”

110 3986 209 4033 σκ⁹
244 3978 319 4032 Εἰ
353 3979 521 4031 παντὶ
550 3977 630 4049 τῷ
666 3976 975 4048 βουλομένῳ
1031 3973 1286 4043 ἀδελφαῖς
1336 3972 1667 4043 συντυγχάνε

1844 3994 1932 4049 B20
1993 3993 2075 4049 An
2107 3993 2335 4047 cuilibet
2370 3990 2574 4047 volenti
2609 3990 3036 4061 permittendum
3065 3992 3137 4046 sit
3185 4000 3245 4046 ut
3274 4007 3403 4048 cum

196 4071 528 4141 ιπιτρὲπειν
558 4072 683 4141 χρή.

1897 4086 2181 4145 sororibus
2212 4086 2268 4141 in
2293 4084 2627 4155 colloquium
2652 4086 2830 4140 venit"

112 4164 263 4212 aza.’
290 4159 398 4214 ’Ϊοῦ
440 4163 646 4233 Κυρίου
684 4162 1024 4224 διδάσκοντος
1058 4158 1456 4231 προσεύχεσθαι
1504 4158 1578 4229 μὴ
1610 4159 1671 4209 εἰς

1827 4178 1928 4233 221
1968 4178 2106 4233 Cum
2130 4176 2397 4232 Dominus
2432 4174 2631 4230 doceat
2654 4186 2927 4230 orandum
2962 4189 3109 4239 esse,
3144 4184 3206 4229 ut
3234 4190 3308 4231 ne
3328 4175 3384 4230 in

198 4251 388 4306 ὠθεῖν
445 4258 524 4318 εἰς
572 4256 911 4327 πειρασμὸν,
973 4256 1021 4307 εί
1072 4254 1156 4307 δεῖ
1206 4250 1607 4325 προσεύχεσθαι
1648 4251 1725 4321 μὴ

1900 4279 2114 4327 tremus
2154 4272 2211 4325 in
2251 4271 2611 4326 tentationem
2646 4271 2713 4337 θ’,
2744 4284 2815 4323 an
2841 4266 3113 4324 orandum
3139 4266 3215 4324 sit
3244 4276 3305 4323 ut
3339 4284 3409 4324 ne

195 4348 534 4418 περιπεσεῖν
559 4348 768 4412 ὀδύναις
794 4350 1156 4419 σωματικαῖς.

1900 4364 1957 4418 in
1980 4363 2229 4433 corporis
2269 4361 2490 4418 dolores
2526 4360 2884 4417 incidamus;

102 4434 253 4508 φιβ’
282 4436 386 4501 Τίς
409 4439 559 4492 ἐστιν
586 4443 615 4493 ό
642 4441 905 4504 ἀντίδικος
932 4440 1163 4494 ἑκάστου
1195 4437 1373 4511 ἡμῶν.
1414 4437 1449 4509 ἦ
1480 4436 1577 4490 καὶ
1611 4438 1661 4489 πή

1850 4452 1937 4508 I22
1984 4452 2121 4519 Quis
2168 4453 2241 4509 sit
2272 4452 2713 4524 uniuscujusque
2745 4460 2994 4508 nostrum
3031 4450 3409 4516 adversarius,

198 4530 368 4601 αὐτῷ
396 4532 747 4604 εύνοήσομεν.

1761 4597 1805 4617 ἢ
1908 4544 2253 4615 quomodove
2281 4560 2411 4616 erga
2431 4545 2607 4617 ipsum
2636 4545 2843 4601 erimus
2865 4544 3114 4600 benevoli
3131 4544 3194 4599 ⁸³.

104 4630 253 4692 mq’
306 4597 371 4676 ’Θ
412 4597 582 4675 θέλων
622 4597 709 4680 διά
749 4643 873 4680 τινα
919 4626 1075 4694 λόγον
1122 4624 1428 4695 ἀρέσκοντα
1469 4619 1590 4691 Θεῷ
1632 4638 1660 4671 ν

1853 4597 1942 4690 ιιέ
1982 4597 2104 4703 ῥιιί
2119 4597 2190 4693 In}
2203 4597 2770 4708 ‘.n;.'.r.“..‘;;.{..;.;.
2788 4597 3210 4706 arma...
3263 4634 3412 4703 jeju—

198 4714 464 4777 στεῦσαι,
492 4715 676 4787 ἐπειδὴ
713 4719 807 4771 καὶ
839 4719 915 4783 ὡς
943 4720 1002 4771 ού
1035 4718 1180 4772 θέλει
1210 4717 1462 4786 φαίνεται
1492 4716 1603 4775 τοῖς
1628 4714 1725 4766 ἀν-

1907 4743 2042 4784 nare
2072 4730 2209 4795 vult,
2244 4744 2371 4784 cum
2406 4730 2510 4786 etsi
2555 4744 2668 4784 non
2700 4728 2833 4785 velit
2861 4728 3078 4783 videtur
3119 4726 3191 4781 ab
3235 4727 3412 4781 homi-

193 4806 480 4878 θρώποις,
509 4807 562 4859 τί
593 4810 830 4881 ποιήσει.

1908 4822 2095 4887 nibus,
2122 4822 2253 4893 quid
2284 4821 2466 4877 faciet.

94 4899 243 4952 σκᾶ
268 4900 341 4952 Ei
370 4900 466 4953 καὶ
488 4899 583 4953 νῦν
615 4901 665 4954 οἱ
692 4902 788 4971 μὲν
823 4902 930 4956 ἀπὸ
970 4904 1067 4973 τῆς
1109 4901 1331 4973 πρώτης
1373 4898 1523 4969 ὧρας
1561 4900 1653 4967 ὲργ

1851 4914 1942 4969 B24
1989 4915 2072 4968 An
2114 4915 2278 4970 etiam
2320 4930 2471 4969 nunc
2510 4914 2602 4969 alii
2631 4929 2662 4968 a
2692 4915 2869 4985 prima
2914 4913 3052 4967 hora
3091 4921 3410 4983 operentur,

192 4992 422 5057 ζονται,
472 4996 519 5045 οἱ
562 4993 619 5046 δὲ
651 4994 758 5048 ἀπὸ
794 4996 895 5064 τῆς
936 4994 1248 5059 ἑνδεκάτης,
1281 4992 1375 5045 καὶ
1410 4990 1555 5053 τίνες
1586 4989 1726 5042 εἰσὶν

187 5080 379 5141 οὗτοι.

1552 5009 1555 5043 ῖ
1586 4989 1726 5042 εἰσὶν
1914 5006 2007 5062 alii
2036 5006 2105 5060 ab
2132 5007 2447 5073 undecima,
2477 5015 2533 5061 et
2562 5008 2790 5077 quinam
2821 5006 2877 5059 hi
2912 5004 3024 5060 sint
3048 5004 3111 5058 ".

256 5103 379 5139 ντοι.

88 5177 248 5233 σκί
275 5175 394 5231 τοῦ
424 5178 632 5246 Κυρίου
665 5178 945 5241 εἰπόντος·
990 5178 1173 5231 Ὅπου
1219 5176 1330 5230 ἐὰν
1372 5169 1485 5229 ὦσι
1530 5172 1639 5227 δύο

1862 5188 1945 5244 :25
1997 5187 2136 5244 Cum
2165 5187 2436 5244 Dominus
2472 5186 2675 5242 dixerit
2705 5207 2718 5240 :
2756 5184 2858 5241 Ubi
2884 5185 2990 5239 duo
3023 5186 3103 5239 vel
3141 5195 3246 5241 tres
3301 5186 3421 5254 fue-

185 5268 375 5340 τρεῖς
400 5269 768 5339 συνηγμένοι
785 5273 874 5337 εὶς
913 5272 982 5324 τὸ
1019 5271 1165 5339 ἐμὸν
1202 5268 1410 5336 ὄνομα,
1454 5262 1582 5318 ἐκεῖ
1610 5264 1729 5331 ειμι

1910 5282 2016 5335 rint
2052 5281 2353 5352 congregati
2397 5281 2454 5332 in
2508 5278 2722 5332 nomine
2775 5293 2911 5341 meo,
2954 5276 3028 5331 ibi
3064 5294 3180 5331 sum
3216 5278 3273 5332 in
3310 5294 3419 5332 me-

179 5359 477 5431 ἐνμέσῳ
504 5361 700 5416 αὐτῶν
718 5380 730 5392 ·
760 5364 878 5425 πῶς
907 5362 1096 5416 τούτου
1126 5358 1531 5430 καταξιωθῆναι
1570 5355 1729 5439 δυνη-

1907 5378 1999 5433 dio
2030 5394 2213 5433 eorum
2229 5378 2300 5439 ",
2334 5373 2611 5445 quomodo
2641 5375 2745 5429 hoc
2770 5372 2922 5445 digni
2950 5371 3085 5428 eﬁici
3113 5372 3416 5427 valeamus.

181 5454 291 5511 Θῶ
374 5472 422 5507 ν.

74 5551 270 5615 σκς¹
298 5468 419 5597 E:50?)
460 5545 782 5599 ’Δποστόλου
815 5546 1091 5614 λέγοντος’
1124 5542 1600 5611 Λοιδορούμενοι,

1864 5535 1944 5591 £26
1985 5534 2122 5590 Cum
2151 5533 2448 5604 Apostolus
2471 5529 2618 5586 dicat
2643 5551 2657 5586 ;
2689 5529 2828 5583 Dum
2861 5527 3245 5591 maledicimur,
3269 5527 3423 5581 bene-

177 5635 523 5707 λοτοῦμεν
540 5653 555 5666 ·
600 5638 1138 5708 βλασφημούμενοι
1155 5675 1170 5699 ,
1231 5633 1697 5703 παρακαλοῦμεν
1714 5649 1727 5663 ·

1910 5626 2137 5679 dicimus
2184 5639 2203 5677 :
2252 5624 2384 5677 dum
2466 5621 2917 5693 blasphemamur,
2999 5619 3420 5685 obsecramus";

173 5797 263 5835 ³⁸
303 5793 504 5849 Matth.
540 5810 594 5855 ν,
626 5794 678 5848 3.
754 5796 800 5826 ⁸9
840 5792 1034 5847 Matth.
1071 5808 1147 5853 vl,
1184 5791 1276 5847 51.
1350 5790 1399 5827 ⁸ο
1444 5785 1637 5841 Matth.
1674 5802 1729 5843 v.

1863 5782 1939 5855 ,⁸)
1978 5777 2172 5855 Μίιῑιιιο
2215 5792 2373 5855 xy".
2410 5778 2463 5836 3.
2542 5779 2588 5812 "
2628 5776 2760 5833 Luc.
2804 5790 2941 5844 mi,
2974 5773 3065 5832 40.
3140 5770 3186 5804 ⁸³
3225 5768 3422 5839 Matth.

66 5888 155 5941 ν,
411 5865 462 5897 ’⁸
502 5848 695 5920 Matth.
735 5880 829 5933 xx,
864 5864 889 5919 l
929 5878 1051 5934 sqq.
1131 5848 1176 5897 δυ
1216 5859 1415 5918 Matth.
1457 5873 1628 5926 xvm,
1659 5856 1749 5912 το.
1829 5852 1875 5887 θ’
1915 5850 2097 5910 lCor.
2135 5864 2212 5919 ιν,
2246 5848 2332 5904 i2.
2553 5863 2567 5869 -
