3948 6240
593 383 642 438 '1
652 381 749 438 071
1897 381 1958 438 S.
1999 379 2152 435 BASI

2216 380 2245 434 :l
2286 381 2501 438 MAGNI
3679 392 3775 450 10Ἱῖ

689 501 966 573 quomodo
1016 500 1339 558 benedicere
1407 501 1605 557 debeat
1664 501 1755 556 cui
1818 503 2248 571 maledicitur,1

2225 513 2275 569 Α
2371 505 2492 567 πῶς
2530 503 2733 572 ὀφείλει
2766 503 3011 574 εὐλογεῖν
3045 506 3074 560 6
3105 503 3509 576 λοιδορούμενος,
3534 507 3563 578 ἢ
3584 510 3626 562 τί
3649 529 3773 586 παρο-

689 603 744 649 et
772 594 906 664 quid
935 593 1227 650 obsecrare
1253 592 1346 664 qui
1371 592 1807 663 blasphematur.

1584 604 1807 649 amatur.
2376 599 2558 653 καλεῖν
2583 602 2611 653 6
2637 601 3143 673 βλασφημούμενος.

619 685 724 740 227
776 685 972 741 Utrum
993 694 1244 757 oporteat
1267 701 1718 756 unumquemque
1763 701 1827 742 ea
1853 703 1976 758 quae
2007 689 2175 743 sentit

2304 689 2420 753 σκζ¹
2451 691 2513 744 El
2543 691 2649 764 χρὴ
2681 692 2910 746 ἕκαστον
2933 692 3278 747 ἀνατίθεσθαι
3311 692 3400 747 καὶ
3429 694 3606 766 ἑτέροις
3630 697 3660 751 ἃ
3682 718 3773 770 φρο-

690 779 817 834 aliis
856 779 1018 835 etiam
1050 777 1382 849 patefacere,
1435 793 1506 833 an
1544 793 1670 832 cum
1709 779 1816 834 sibi
1865 794 2198 850 persuasum

2373 784 2474 846 νεῖ,
2511 783 2543 853 ἢ
2577 785 2634 836 ἐν
2668 785 3011 857 πληροφορίᾳ
3036 784 3130 838 τοῦ
3157 785 3467 857 ἀρέσκοντος
3495 787 3597 858 Θεῷ
3619 793 3775 863 γενόμε-

689 873 878 939 fuerit,
930 888 1045 928 rem
1103 873 1223 927 fieri
1288 870 1402 928 Deo
1471 871 1755 943 placitam,
1825 888 1947 929 eam
2004 873 2202 931 debeat

1589 871 1755 939 :itam,
1825 888 1947 929 eam
2004 873 2202 931 debeat
2372 892 2481 939 νον,
2512 879 2641 948 παρ’
2673 877 2850 949 ἐαυτῷ
2873 879 3148 949 κατέχειν.

691 964 835 1034 apud
867 962 1110 1033 seipsum
1139 960 1444 1015 continere.

617 1053 725 1110 228
773 1052 1031 1124 Nunquid
1097 1053 1354 1108 voluntas
1415 1065 1605 1107 eorum
1647 1051 1771 1121 qui
1831 1049 2176 1106 scandalizan

2303 1049 2420 1114 σκη⁹
2444 1044 2507 1097 Εἰ
2537 1045 2631 1098 ἐπὶ
2655 1045 2821 1100 παντὶ
2848 1046 3135 1116 πράγματι
3169 1047 3517 1119 πληροφορεϊν
3545 1049 3694 1121 χρὴοὺ
3716 1051 3775 1104 θέ-

687 1154 801 1212 tur,
833 1146 890 1200 in
919 1145 1067 1201 omni
1101 1159 1162 1200 re
1189 1142 1460 1214 explenda
1505 1143 1596 1207 sit,
1629 1157 1697 1196 an
1729 1157 1860 1198 vero
1897 1142 2010 1198 sint
2048 1155 2198 1212 quie-

2371 1136 2520 1208 λημα
2542 1136 2652 1192 τῶν
2679 1139 3179 1211 σκανδαλιζομένων
3199 1183 3215 1207 ,
3255 1141 3288 1212 ἢ
3332 1140 3440 1194 ἐστι
3471 1142 3593 1206 τινὰ,
3624 1143 3694 1212 ἀφ’
3727 1137 3775 1198 ὧν

691 1238 842 1303 dam,
874 1238 930 1292 in
964 1237 1166 1308 quibus
1222 1236 1578 1292 simulatione
1635 1235 1897 1291 utendum
1942 1252 2055 1292 non
2100 1235 2198 1303 sit,

2370 1229 2432 1282 οὐ
2482 1229 2563 1282 δεῖ
2619 1231 3068 1302 προσποιεῖσθαι,
3128 1232 3232 1287 κᾶν
3293 1251 3430 1298 τινες
3475 1235 3778 1299 σκανδαλίζω-

693 1348 1006 1404 quanquam
1049 1333 1372 1388 scandalum
1410 1333 1698 1403 patiuntur
1742 1332 2019 1388 nonnulli.
2371 1338 2482 1404 ξᾳιιτ

2304 1391 2419 1445 σκθ¹
2472 1393 2536 1445 Ei
2595 1392 2700 1464 χρὴ
2743 1394 2843 1458 τὰς
2883 1394 3344 1467 ἀπηγορευμένας
3381 1395 3586 1468 πράξεις
3624 1398 3780 1451 ἀνεπαι-

608 1425 723 1482 εεο
771 1426 855 1480 An
887 1427 1352 1496 Oporteatvetitas
1375 1425 1622 1481 actiones
1641 1425 1781 1480 citra
1806 1425 2198 1482 verecundiam
2304 1425 2403 1500 ε’λῖ
2472 1425 2564 1500 ω,
2595 1425 2700 1464 λνί
2743 1425 2840 1500 ’ζέε-
2883 1425 3513 1500 αλιιλξυιηυεξεναεηπειιιῇ

2375 1483 2729 1556 σχυντότερον
2756 1484 3104 1558 ἐξαγορεύειν
3135 1489 3323 1555 πᾶσιν,
3348 1489 3381 1561 ἢ
3415 1490 3534 1552 τισὶ,
3562 1489 3642 1542 καὶ
3661 1490 3779 1552 ποίοις

691 1520 951 1575 omnibus
983 1518 1287 1588 publicare,
1331 1526 1427 1574 aut
1471 1519 1754 1590 aliquibus
1807 1519 2094 1586 duntaxat,
2143 1526 2200 1575 et

725 1605 910 1665 uinam
947 1610 1004 1664 hi
1036 1610 1170 1665 sint.
1566 1589 1582 1590 ί

1041 1610 1170 1665 sint.
1566 1589 1582 1590 ί
2371 1589 2600 1638 τουτοις.

684 1627 910 1681 qumam
947 1627 1004 1664 Ill
1036 1627 1170 1665 ειηι.

616 1701 726 1757 25ί)
764 1701 905 1770 Quid
934 1709 1020 1759 est
1051 1702 1256 1769 cultus,
1280 1702 1476 1774 etquis
1505 1711 1594 1758 est
1615 1701 1906 1758 rationalis
1937 1699 2171 1756 cultus"

2304 1665 2378 1719 σλ¹
2425 1667 2490 1719 Τί
2538 1627 2654 1720 ἐστι
2694 1667 2954 1740 λατρεία,
3007 1669 3102 1722 καὶ
3147 1669 3233 1734 τίς
3265 1670 3411 1724 ἐστιν
3456 1672 3486 1741 ἡ
3525 1671 3680 1741 λογικὴ
3721 1671 3779 1722 λα-

2373 1760 2548 1831 τρεία.

615 1872 717 1926 251
782 1871 840 1926 Si
872 1871 1040 1927 frater
1069 1871 1258 1942 inique
1289 1886 1349 1926 se
1379 1882 1535 1942 gerat
1565 1872 1621 1926 in
1669 1887 1777 1936 me,
1824 1879 1881 1926 et
1933 1871 2174 1926 inimicm

2233 1885 2275 1941 Β
2305 1851 2418 1904 σλα¹
2459 1851 2582 1904 Ἐὰν
2607 1851 2834 1920 ἁδελφὸς
2872 1850 3239 1924 πονηρεύηται
3277 1855 3356 1918 εἰς
3378 1855 3491 1925 ἐμὲ,
3524 1855 3604 1907 καὶ
3626 1853 3778 1924 ἐχθραί-

689 1965 761 2019 sit
786 1965 943 2032 mihi,
972 1973 1068 2019 aut
1097 1963 1394 2034 aliquando
1431 1965 1597 2020 etiam
1627 1963 1908 2028 sacerdos,
1937 1979 2005 2017 an
2035 1964 2198 2017 liceat

2374 1959 2438 2014 νῃ
2467 1943 2634 2014 μοι,ἣ
2668 1944 2838 1997 ἐνίοτε
2873 1945 2968 1998 καὶ
3014 1947 3213 2016 ἱερεὺς,
3246 1948 3298 2000 εἰ
3333 1946 3498 2012 ἔξεστί
3535 1964 3611 2017 μοι
3641 1946 3713 2010 τὰς

689 2057 824 2112 mihi
855 2057 982 2112 data
1007 2058 1075 2114 de
1103 2057 1346 2114 inimicis
1373 2064 1646 2129 praecepta
1689 2058 1856 2112 etiam
1889 2071 2022 2128 erga
2043 2057 2200 2110 illum

2371 2034 2598 2106 δομένας
2624 2037 2752 2107 περὶ
2781 2035 2991 2107 ἐχθρῶν
3011 2038 3232 2104 ἐντολὰς
3254 2039 3350 2092 καὶ
3373 2041 3454 2092 ἐπ’
3483 2038 3622 2092 αὑτοῦ
3642 2039 3779 2107 cuia:-

689 2163 913 2205 servare
922 2191 934 2203 .

2373 2142 2507 2178 σειν.

615 2241 724 2297 252
776 2241 834 2296 Si
861 2241 986 2310 quis
1019 2241 1089 2296 ab
1115 2240 1300 2312 aliquo
1324 2241 1525 2312 injuria
1547 2239 1777 2294 affectus
1805 2237 2011 2293 nemini
2034 2238 2174 2311 41(

2303 2217 2414 2288 σλβ¹
2453 2219 2578 2273 Ἐάν
2629 2237 2716 2283 τις
2763 2219 3043 2291 ἀδικηθεὶς
3096 2222 3202 2276 ὑπὸ
3245 2240 3392 2287 τινος
3448 2223 3612 2295 μηδενὶ
3650 2221 3782 2289 ἀνάθη.

691 2334 747 2388 id
775 2319 997 2398 referat,
1040 2333 1284 2388 lenitatis
1318 2342 1371 2387 et
1408 2333 1690 2402 patientia:
1741 2346 1936 2395 causa,
1983 2339 2038 2384 et
2088 2329 2200 2383 Deo

2370 2329 2460 2365 ται
2527 2312 2671 2382 λόγῳ
2729 2313 3108 2385 μακροθυμίας
3175 2316 3272 2368 καὶ
3325 2315 3666 2380 ἀνεξικακίας.

686 2427 958 2496 judicium
993 2425 1304 2497 relinquere
1335 2426 1604 2489 videatur,
1649 2439 1717 2476 an
1754 2422 2059 2478 secundum
2089 2421 2200 2475 Do.

2371 2403 2429 2456 δέ
2451 2401 2529 2474 τῷ
2563 2402 2682 2474 Θεῷ
2712 2405 3025 2460 ἀποδιδόναι
3056 2406 3117 2460 τὸ
3151 2409 3355 2477 κρῖμα,
3399 2409 3445 2460 εἰ
3482 2407 3604 2461 κατὰ
3643 2405 3783 2474 Κύβον

2373 2513 2536 2549 ποιει.

683 2519 894 2573 minum
926 2517 1117 2572 faciat.

615 2613 725 2667 255
784 2609 864 2665 Ex
899 2610 1157 2665 omnibus
1185 2616 1333 2664 recte
1361 2606 1526 2662 factis
1557 2607 1601 2662 si
1634 2608 1718 2662 vel
1751 2622 1920 2662 unum
1939 2605 2082 2661 desit
2106 2604 2174 2660 ali

2303 2586 2414 2656 σλγ¹
2464 2588 2559 2641 Ἐκ
2598 2588 2816 2642 πάντων
2856 2589 2963 2643 τῶν
3005 2591 3446 2664 κατορθωμάτων
3487 2592 3570 2645 ἐὰν
3603 2591 3649 2643 ἓν
3675 2590 3785 2658 λείπῃ

722 2705 801 2766 ui,
836 2711 1020 2758 utrum
1049 2709 1339 2772 propterea
1371 2703 1604 2756 salutem
1637 2717 1748 2755 non
1795 2700 2152 2769 adipiscatur.

1723 2718 1748 2755 [ι
1795 2700 2152 2769 adipiscatur.
2371 2683 2498 2741 τινὶ,
2534 2683 2582 2735 εἰ
2611 2682 2700 2736 διὰ
2729 2680 2890 2737 τοῦτο
2925 2685 2987 2736 οὐ
3024 2683 3282 2748 σώζεται.

613 2802 722 2858 254
779 2800 1066 2868 Quomodo
1096 2800 1220 2869 quis
1256 2807 1492 2853 mortem
1526 2796 1742 2851 Domini
1784 2795 2157 2851 annuntiabit.

2303 2772 2408 2826 σλδ’
2460 2773 2584 2838 Πῶς
2627 2775 2720 2828 τὸν
2768 2774 2994 2830 θάνατόν
3057 2793 3142 2840 τις
3196 2777 3297 2830 τοῦ
3355 2777 3550 2848 Κυρίου
3596 2789 3785 2841 καταγγε-

2373 2865 2475 2916 λεί.

2408 2883 2475 2918 ει.

613 2959 720 3013 255
763 2958 848 3011 An
875 2955 1129 3027 expediat
1160 2956 1331 3009 multa
1360 2972 1428 3010 ex
1453 2953 1758 3025 Scripturis
1787 2953 2056 3009 ediscere.

2305 2954 2409 3008 σλε¹
2439 2956 2501 3009 Ei
2533 2957 2801 3028 συμφέρει
2832 2957 3004 3012 πολλὰ
3030 2959 3398 3030 ἐκμανθάνειν
3433 2960 3567 3031 παρὰ
3587 2959 3673 3012 τῶν
3696 2957 3786 3026 Γρο-

609 3127 721 3183 256
773 3126 880 3194 Qui
920 3127 1071 3198 digni
1115 3127 1284 3182 habiti
1326 3138 1476 3191 sunt,
1521 3135 1580 3181 ut
1638 3126 1918 3182 discerent
1959 3135 2168 3196 quatuo

2373 3065 2509 3116 φιυν.

2304 3140 2424 3206 σλς⁹
2482 3142 2634 3194 Ὅσοι
2693 3143 3111 3215 κατηξιώθησαν
3166 3145 3238 3198 τὰ
3293 3147 3524 3218 τέσσαρα
3563 3141 3787 3210 Εὗαγγέλιο

685 3220 1000 3292 Evangelia,
1032 3221 1310 3292 quomodo
1339 3221 1481 3275 hanc
1506 3221 1740 3292 gratiam
1784 3221 2070 3291 suscipere
2095 3218 2194 3275 de-
2219 3229 2244 3288 (

2128 3235 2194 3275 θ’
2219 3229 2262 3288 C
2367 3233 2648 3304 ἐκμαθεῖν,
2687 3235 2804 3298 πῶς
2837 3236 3110 3305 ὀφείλουσι
3138 3236 3238 3308 τὴν
3272 3239 3430 3309 χάριν
3465 3235 3687 3302 δέξασθαι.

689 3317 875 3372 beant.

610 3409 722 3466 257
758 3410 990 3477 Quinam
1035 3409 1253 3464 animus
1295 3408 1551 3482 dirigitur
1585 3409 1653 3465 ad
1690 3408 1787 3464 Dei
1830 3409 2167 3465 voluntatem

2303 3401 2412 3465 σλζ¹
2444 3403 2670 3474 Ποταπὴ
2697 3403 2842 3475 ψυχὴ
2873 3403 3273 3459 κατευθύνεται
3301 3406 3437 3478 πρὸς
3460 3405 3516 3458 τὸ
3546 3403 3709 3471 θέλημα
3725 3395 3787 3448 τώ

2369 3491 2524 3546 Θεοῦ.

611 3581 718 3637 258
754 3578 1012 3653 Nunquid
1055 3581 1170 3636 fieri
1209 3579 1405 3652 possit,
1446 3590 1508 3636 ut
1549 3581 1677 3652 quis
1725 3582 1846 3637 sine
1886 3581 1995 3634 ulla
2030 3581 2170 3634 inter

2313 3583 2433 3654 σλη¹
2457 3584 2519 3635 Et
2547 3584 2769 3638 δυνατόν
2799 3585 2914 3639 ἐστι
2946 3586 3008 3639 τὸ
3033 3586 3399 3652 ἀδιαλείπτως
3425 3582 3680 3657 emam,
3701 3581 3788 3632 tiva-

683 3675 947 3730 missione
991 3675 1222 3746 psallat,
1264 3675 1513 3746 legatve,
1556 3681 1651 3728 aut
1695 3675 1836 3728 seria
1877 3681 2079 3727 tractet
2127 3673 2195 3727 de

2370 3675 2679 3742 γινώσκειν,
2707 3679 2740 3748 ἢ
2767 3679 3306 3748 σπουδαιολογεῖσθαι
3339 3683 3464 3753 περὶ
3487 3679 3579 3732 τῶν
3603 3674 3788 3747 ῥημάτων

687 3765 783 3820 Dei
814 3767 1016 3830 verbis,
1050 3781 1151 3822 nec
1184 3767 1355 3820 ullum
1384 3765 1648 3836 temporis
1679 3765 1918 3834 spatium
1955 3763 2192 3817 medium

2370 3766 2463 3819 τοῦ
2498 3767 2655 3832 Θεοῦ,
2690 3773 2782 3823 καὶ
2813 3769 3087 3842 διάστημα
3119 3774 3194 3844 μὴ
3235 3774 3479 3842 γίνεσθαι
3511 3769 3709 3826 καθόλου,
3734 3761 3790 3814 ειὲ

685 3859 868 3925 detur,
900 3876 1024 3914 cum
1055 3877 1153 3913 usu
1185 3859 1386 3924 veniat,
1419 3867 1480 3911 ut
1511 3857 1760 3912 nonnulli
1790 3854 2196 3912 sordidioribus

2368 3859 2468 3928 τὴν
2505 3861 3007 3933 ἐπισυμὸαίνουσάν
3039 3879 3180 3916 τισιν
3214 3863 3464 3934 ἀνάγκην
3494 3861 3588 3914 τῶν
3611 3860 3789 3930 ῥυπαρω-

691 3954 944 4022 corporis
980 3952 1403 4007 necessitatibus
1431 3958 1701 4019 cogantur
1736 3947 2083 4004 satisfacere.

1645 3966 1701 4004 ur
1736 3947 2083 4004 satisfacere.
2369 3950 2542 4020 τέρων
2576 3950 2670 4003 τοῦ
2709 3951 2958 4022 σώματος
2987 3953 3204 4022 χρειῶν,

610 4043 716 4098 259
754 4045 888 4110 Quis
920 4047 992 4100 sit
1026 4045 1203 4099 bonus
1233 4045 1548 4106 thesaurus,
1580 4051 1634 4096 et
1662 4043 1787 4112 quis
1815 4041 2016 4095 malus.

2301 4039 2409 4092 σλθ⁹
2455 4041 2550 4103 Τίς
2586 4041 2614 4092 ὁ
2658 4039 2930 4111 θησαυρὸς
2961 4045 2990 4094 6
3031 4042 3259 4110 ἀγαθὸς,
3295 4043 3390 4097 καὶ
3431 4043 3508 4107 τίς
3544 4043 3568 4094 6
3608 4033 3784 4106 πονηρός·

611 4136 720 4190 240
757 4136 1124 4202 Quamobrem
1165 4137 1308 4191 dicta
1359 4138 1432 4192 sit
1472 4137 1582 4190 lata
1616 4143 1810 4204 porta,
1857 4142 1912 4188 et
1954 4133 2170 4202 spatios:

2299 4131 2387 4201 σμ’
2407 4131 2563 4184 Κατὰ
2588 4132 2640 4184 τί
2664 4132 2892 4186 πλατεῖα
2913 4135 2948 4205 ἡ
2982 4133 3122 4205 πύλη
3155 4136 3254 4188 καὶ
3276 4135 3574 4207 εὐρύχωρος
3599 4129 3726 4202 ﬁci};
3742 4121 3789 4171 εἶ·

685 4228 794 4291 via,
825 4244 948 4298 qua:
977 4227 1130 4282 ducit
1159 4229 1226 4283 ad
1255 4229 1538 4283 interitum
1559 4228 1626 4282 ⁸⁸.

2369 4237 2528 4290 ρηται
2560 4223 2592 4292 ή
2630 4222 2919 4291 ἀπάγουσα
2946 4225 3026 4287 είς
3059 4224 3361 4279 ἀπώλειαν.

609 4319 708 4374 241
753 4297 1041 4386 Quomodo
1071 4330 1302 4393 angusta
1337 4323 1410 4377 sit
1438 4329 1619 4390 porta,
1654 4330 1708 4377 et
1737 4330 1887 4377 arcta
1919 4337 2028 4385 vra,
2072 4336 2168 4391 qua

2298 4315 2424 4378 σμα¹
2458 4307 2583 4371 Πῶς
2638 4313 2796 4382 στενὴ
2845 4314 2878 4382 ἡ
2930 4311 3073 4382 πύλη
3119 4315 3210 4367 καὶ
3263 4313 3581 4385 τεθλιμμένη
3615 4297 3788 4376 ﬁmi

680 4412 833 4467 ducit
868 4414 934 4468 ad
971 4415 1160 4480 vitam,
1205 4421 1259 4469 et
1294 4414 1573 4484 quomodo
1611 4415 1737 4484 quis
1770 4431 1865 4486 per
1900 4415 2074 4484 ipsam
2108 4415 2192 4468 in-

2367 4401 2652 4470 ἀπάγουσα
2688 4406 2768 4468 είς
2795 4404 2894 4476 τὴν
2921 4405 3085 4478 ζωὴν,
3118 4407 3214 4460 καὶ
3236 4408 3356 4472 πῶς
3373 4408 3440 4461 δι’
3463 4403 3611 4472 αὐτῆς
3632 4413 3693 4459 τις
3713 4394 3787 4444 εἰς·

686 4505 971 4576 grediatur
991 4509 1057 4560 9°.
2226 4575 2242 4576 ί

1052 4548 1057 4560 ,
2226 4575 2242 4576 Ῠ
2367 4491 2611 4564 ἐρχεται.

606 4575 715 4654 242
752 4599 891 4665 Quid
931 4600 1003 4655 sit
1034 4599 1166 4654 illud
1195 4620 1206 4656 :
1241 4599 1508 4654 Fraterno
1535 4617 1736 4664 amore,
1775 4598 1844 4653 ad
1883 4616 1974 4654 vos
2006 4609 2165 4654 mutui

2228 4575 2268 4632 Β
2297 4583 2421 4655 σμβ,
2449 4587 2513 4638 Τί
2539 4589 2654 4640 ἐστι
2684 4588 2762 4653 τὸν
2811 4588 2891 4657 Τῇ
2928 4590 3302 4661 φιλαδελφίᾳ
3339 4595 3428 4656 εὶς
3458 4583 3714 4648 ἀλλήλους

678 4691 973 4762 diligendus
1005 4695 1158 4761 proni
1183 4695 1223 4747 ί.

1151 4695 1158 4746 ί
1183 4695 1223 4747 ι,
2371 4680 2710 4749 λόστοργοι.

605 4781 711 4834 245
748 4760 891 4848 Quid
937 4760 1039 4839 sibi
1081 4784 1214 4840 velit
1255 4785 1576 4856 Apostolus,
1612 4801 1740 4840 cum
1775 4785 1911 4840 dicit
1939 4803 1953 4839 τ
1981 4784 2159 4839 Irasci

2299 4779 2426 4843 σμγ’
2464 4773 2529 4824 Τί
2567 4772 2811 4842 βούλεται
2860 4775 3034 4844 λέγων
3074 4779 3102 4830 6
3135 4775 3486 4837 Ἀπὸστολοςο
3551 4760 3788 4856 Ὀρήῖ-’ςθξ

675 4875 808 4928 mini
837 4885 888 4930 et
910 4877 1073 4931 nolite
1110 4892 1356 4946 peccare;
1390 4878 1472 4932 so!
1499 4893 1602 4931 non
1633 4877 1838 4931 occidat
1869 4893 2024 4946 super
2049 4879 2186 4930 iram

2369 4861 2468 4913 καὶ
2496 4860 2582 4930 μὴ
2617 4863 2984 4932 ἁμαρτάνετε
3004 4883 3018 4896 ⁸
3050 4869 3084 4918 ό
3117 4864 3292 4932 ἣλιος
3327 4864 3412 4934 μὴ
3453 4856 3694 4916 ἐπιδυέτω
3721 4845 3784 4952 ξῦἶ

565 4959 575 5037 ξ
678 4968 975 5022 cestram’:
1006 4982 1069 5022 ac
1093 4968 1259 5022 etiam
1283 4984 1410 5023 cum
1444 4969 1575 5022 alibi
1607 4969 1747 5024 dixit
1776 4989 1788 5024 :
1818 4969 2004 5024 Omnis
2033 4988 2118 5023 am

2366 4949 2448 5017 τῷ
2483 4953 2867 5024 παρωργισμῷ
2895 4953 3059 5023 ὑμῶν
3081 4969 3094 4982 ⁸
3133 4955 3380 5022 καίτοιγε
3417 4947 3626 5018 ἀλλαχοῦ
3647 4945 3783 4996 εἰπών’

675 5056 875 5123 ritudo,
899 5065 950 5111 et
975 5057 1288 5129 indignatio,
1318 5069 1368 5115 et
1395 5061 1480 5114 ira
1509 5061 1732 5114 tollatur
1765 5079 1798 5116 a
1833 5061 1978 5116 vobis
2001 5062 2040 5116 ³.

2367 5042 2542 5097 Πᾶσα
2570 5047 2794 5114 πικρία,
2818 5047 2915 5101 καὶ
2944 5047 3149 5116 θυμὸς,
3186 5047 3286 5101 καὶ
3317 5036 3481 5116 ὀργὴ
3500 5039 3691 5111 ἀρθήτω
3718 5031 3770 5098 ti;

1419 5159 1424 5164 '
1713 5162 1718 5166 '
2364 5153 2550 5188 υιιων.

603 5205 712 5262 244
749 5205 890 5274 Quid
923 5210 995 5264 sit
1026 5211 1162 5265 illud
1189 5229 1203 5267 :
1237 5211 1372 5267 Date
1397 5213 1571 5269 locum
1601 5215 1696 5269 ira:
1715 5216 1758 5269 ⁸.

2364 5154 2402 5188 υ
2447 5154 2550 5188 ων.

2295 5154 2511 5295 σμδ¹μΤί
2541 5228 2654 5280 ἐστι
2688 5229 2768 5292 τὸ,
2801 5232 2944 5283 Δότε
2974 5231 3163 5284 τόπον
3190 5229 3265 5298 τῇ
3289 5228 3457 5299 ὀργῇ.

601 5303 710 5360 245
742 5304 876 5370 Quis
911 5305 984 5362 sit
1013 5307 1256 5376 prudens
1296 5316 1356 5363 ut
1398 5324 1649 5377 serpens.
1680 5317 1734 5365 et
1765 5309 1997 5381 simplex
2032 5309 2151 5366 sicu

2293 5323 2411 5385 σμε¹
2431 5318 2528 5380 Τίς
2551 5320 2696 5372 ἐστιν
2724 5322 2753 5373 6
2780 5323 3039 5392 φρόνιμος
3071 5323 3148 5386 ὡς
3178 5325 3206 5376 6
3235 5323 3384 5392 ὄφις,
3405 5323 3493 5375 καὶ
3517 5317 3722 5387 ἀκέραιος
3735 5305 3780 5360 ὡς

673 5397 950 5452 columba.

2360 5412 2392 5482 ἡ
2421 5413 2739 5484 περιστερά.

599 5486 706 5543 240
743 5487 1184 5580 Quidsigniﬁcet
1207 5492 1341 5548 illud
1372 5511 1384 5548 :
1415 5492 1669 5549 Charitas
1708 5511 1810 5550 non
1838 5513 2085 5554 maecore
2119 5519 2158 5554 si

1982 5515 2085 5554 rore
2119 5517 2174 5554 se
2291 5510 2421 5572 σμτ¹
2448 5503 2513 5555 Τί
2531 5507 2677 5557 ἐστιν
2707 5505 3021 5576 ’Ἠάγάπη
3052 5508 3162 5561 οὐκ
3196 5503 3541 5576 ἀσχημονεῖ.

669 5581 804 5647 gerit
823 5582 866 5636 ⁵.

598 5828 625 5862 ⁸
659 5759 1070 5862 ξΛξοῐξιςίκῐξᾶ
1101 5766 1190 5862 1ο.
1230 5766 1646 5862 ηέξὲῐξς-γιιέ
1705 5773 1782 5831 15.
1886 5777 1928 5812 ’θ
1971 5778 2102 5834 ibid.
2145 5778 2229 5834 lli.
2340 5777 2546 5836 1Rom.
2590 5798 2700 5849 xu,
2745 5780 2828 5836 l0.
2930 5782 2948 5812 ’
2992 5778 3189 5850 Ephes.
3235 5793 3315 5846 Iv,
3349 5775 3441 5834 26.
3540 5771 3557 5803 ³
3590 5761 3690 5824 ibid.
3715 5754 3776 5811 ³1·

589 5829 625 5900 5
659 5829 816 5897 Rom.
855 5849 964 5903 xu,
1002 5835 1090 5892 19.
1136 5835 1190 5910 μ’
1228 5836 1247 5891 l
1278 5838 1405 5895 Cor.
1443 5854 1574 5907 xiii,
1613 5829 1667 5896 5.
