3948 6240
245 300 392 361 1073

1205 295 1641 354 REGULARUM
1683 296 2089 356 BREVIOBUM
2125 295 2494 358 CAPITULA.

3377 298 3526 358 10Ὶί

243 417 377 490 cp?
397 415 466 468 Ti
497 413 649 512 ἐστιν
677 413 714 486 ἡ
737 413 795 470 ἐν
825 415 1018 488 Κυρίῳ
1069 410 1363 489 καύχησις,
1407 417 1503 472 καὶ
1536 418 1620 481 τίς
1664 418 1698 488 ἠ
1733 419 1834 472 ὰπ-

1979 439 2048 494 47
2087 438 2220 507 Quae
2249 439 2321 498 sit
2345 437 2603 512 gloriatio
2644 438 2703 495 in
2735 437 2969 496 Domino
2995 445 3037 507 ⁸,
3069 444 3126 496 et
3170 451 3294 511 qua:
3325 435 3402 497 Iit
3435 437 3524 494 in-

319 504 692 578 ηγορευμένηο

243 605 380 673 σμη¹
421 600 485 654 Ei
520 599 729 671 Κύριος
772 599 955 654 δίδωσι
997 600 1208 670 σοφίαν,
1251 600 1346 654 καὶ
1387 599 1498 654 ἀπὸ
1540 599 1832 672 προσώπου

317 692 488 748 αὐτοῦ
552 692 757 762 γνῶσις
833 693 930 747 καὶ
995 693 1243 757 σύνεσις·
1317 693 1410 748 καὶ
1477 695 1524 747 εί
1584 693 1674 747 διὰ
1738 693 1832 746 τοῦ

319 783 639 854 Πνεύματος
699 779 744 852 ᾧ
800 785 898 856 μὲν
949 784 1148 838 δίδοται
1213 785 1369 854 λόγος
1422 785 1634 856 σοφίας,
1689 785 1834 856 ἄλλῳ

317 873 380 928 δὲ
418 875 576 944 λόγος
617 873 892 944 γνώσεως,
926 875 1045 939 πῶς
1093 876 1319 943 ἐγκαλεῖ
1363 880 1476 939 τοῖς
1507 875 1774 947 μαθηταῖς
1803 876 1833 928 6

314 965 528 1036 Κύριος
556 966 659 1031 ὅτι,
705 966 924 1036 Ἀκμὴν
982 967 1081 1021 καὶ
1123 967 1296 1037 ὗμεῖς
1337 968 1624 1023 ἀσύνετοί
1653 969 1826 1022 ἐστε·

311 1058 414 1110 καὶ
479 1059 509 1110 6
590 1059 912 1124 Ἀπόστολος
984 1060 1225 1113 αἰτιᾶταί
1301 1077 1452 1124 τινας
1524 1061 1600 1124 ὡς
1669 1063 1834 1116 ἀσυν-

315 1145 492 1212 έτους.

240 1285 370 1356 σμθ’
395 1286 462 1338 Τί
481 1288 596 1339 ἐστι
628 1287 688 1340 τὸ
714 1287 881 1351 ὅσιον,
909 1287 1001 1340 καὶ
1032 1286 1086 1340 τί
1119 1287 1236 1340 ἐστι
1262 1285 1324 1340 τὸ
1353 1287 1582 1342 δίκαιον.

240 1385 321 1430 σν¹
353 1377 482 1442 Πῶς
524 1378 703 1431 δίδωσί
747 1395 833 1441 τις
872 1378 933 1431 τὸ
980 1378 1135 1446 ἅγιον
1179 1381 1293 1442 τοῖς
1339 1381 1518 1443 κυσὶν,
1567 1379 1599 1451 ἢ
1649 1378 1831 1450 βάλλει

312 1470 446 1532 τοὺς
479 1467 820 1540 μαργαρίτας
875 1468 1181 1538 ἔμπροσθεν
1229 1468 1336 1522 τῶν
1378 1470 1608 1541 χοίρων·
1643 1469 1676 1541 ἢ
1713 1470 1831 1534 πῶς

315 1560 606 1630 συμϐαίνει
643 1561 704 1614 τὸ
744 1563 1170 1633 ἐπιφερόμενον·
1208 1560 1454 1628 Μήποτε
1492 1561 1829 1629 καταπατή-

313 1667 515 1706 σωσιν
561 1654 786 1720 αὐτοὺς
827 1654 951 1720 τοῖς
1001 1655 1191 1709 ποσίν
1237 1655 1455 1721 αὐτῶν,
1501 1655 1599 1709 καὶ
1651 1672 1830 1725 στρα-

312 1747 534 1818 φέντες
559 1747 835 1816 ῥήξωσιν
858 1746 1056 1818 ὑμᾶς-,Ι

310 1932 431 1997 ζειν
479 1932 762 2003 βαλάντιον
821 1935 914 1987 καὶ¹
970 1935 1150 2006 πήραν
1218 1936 1298 1997 εἰς
1359 1934 1510 1998 ὁδὸν,
1575 1934 1706 1987 ποτὲ
1768 1934 1827 1987 δέ

313 2021 500 2093 λέγει·
581 2025 766 2080 Ἀλλὰ
822 2025 942 2080 νῦν
983 2029 1015 2080 ὀ
1057 2026 1215 2095 ἔχων
1256 2025 1828 2096 βαλάηιονιάράτω

314 2117 532 2185 ὁμοίως
556 2117 654 2170 καί
697 2117 930 2186 πήραν·
963 2118 1061 2173 καὶ
1097 2122 1129 2172 ὁ
1158 2118 1246 2189 μὴ
1300 2118 1457 2189 ἔχων
1495 2118 1829 2187 πωλησάτω

310 2205 382 2260 τὸ
450 2207 683 2277 ίμάτιον
745 2208 965 2278 αὑτοῦ,
1030 2210 1130 2265 καί
1200 2209 1550 2281 ἀγορασάτω
1612 2209 1830 2281 μάχαι-

305 2314 450 2366 ραν.

241 2390 356 2462 σνβ¹
419 2393 518 2458 Τίς
585 2393 736 2446 ἐστιν
790 2394 819 2446 6
875 2395 1040 2467 ἄρτος
1098 2395 1127 2447 ὁ
1202 2390 1510 2458 ἐπιούσιος,
1576 2393 1635 2446 ὃν
1691 2392 1831 2446 δίδο-

314 2485 442 2541 σθαι
491 2489 621 2558 ὴμῖν
674 2487 798 2542 καθ’
837 2487 1047 2559 ἡμέραν
1106 2485 1502 2558 προσεύχεσθαι
1553 2484 1833 2555 ἐδιδάχθη-

315 2592 440 2645 μεν.

243 2665 358 2735 εντ’
388 2667 454 2718 Τί
478 2667 592 2719 ἐστι
619 2667 678 2720 τὸ
703 2665 985 2733 τάλαντον,
1025 2668 1118 2721 καὶ
1158 2666 1276 2731 πῶς
1310 2666 1442 2721 αὐτὸ
1468 2666 1835 2720 πολυπλασιά-

316 2775 378 2810 σο
385 2775 505 2828 μεν.

243 2848 351 2900 σνδ¹
373 2848 440 2900 Τί
467 2850 615 2902 ἐστιν
645 2849 678 2921 ὴ
723 2849 994 2921 τράπεζα,
1025 2852 1111 2920 ἐφ’
1205 2850 1312 2902 ἔδει
1356 2868 1438 2915 σε,
1477 2851 1639 2920 φησὶν
1671 2852 1698 2902 6
1729 2848 1837 2902 Κύ-

317 2957 455 3010 ριος,
491 2940 672 3010 βαλεῖν
695 2943 754 2995 τὸ
774 2941 1056 3015 ἀργύριον.

243 3037 352 3083 σνε¹
385 3030 498 3084 Ποῦ
544 3032 796 3086 ἀπελθεῖν
825 3033 1169 3105 προσετάχθη
1195 3036 1222 3086 6
1251 3033 1518 3097 ἀκούσας,
1558 3027 1738 3101 Ἆρον
1765 3034 1833 3088 τὸ

316 3123 458 3186 σὸν,
494 3125 593 3177 καὶ
621 3125 832 3195 ὕπαγε.

2008 533 2244 587 terdicta

1934 625 2043 680 248
2084 623 2142 679 Si
2179 623 2447 683 Dominus
2487 625 2584 682 dat
2613 625 2976 697 'sapientiam,
3013 629 3067 680 et
3102 639 3133 680 a
3168 621 3310 679 facie
3338 620 3518 693 ipsius

2006 719 2224 774 oriatur
2247 721 2492 792 cognitio
2518 730 2572 777 et
2595 718 2888 792 prudentia
2917 736 2930 772 :
2968 717 3097 773 item
3135 716 3182 772 si
3215 730 3313 786 per
3339 713 3514 786 Spiri-

2007 823 2120 870 tum
2153 813 2246 870 alii
2278 815 2442 871 datur
2472 830 2654 872 sermo
2700 811 3006 884 sapientiae,
3043 811 3137 884 alii
3167 824 3298 866 vero
3328 822 3513 865 sermo

2007 907 2277 972 scientias,
2301 905 2579 977 quomodo
2609 883 2906 975 exprobrat
2933 883 3199 957 Dominus
3228 898 3513 969 discipulis

1981 999 2144 1056 ‘illud
2173 1019 2188 1056 :
2223 1001 2411 1055 Adhuc
2457 1009 2508 1054 et
2541 1016 2630 1054 vos
2670 1000 2783 1053 sine
2828 995 3182 1068 intelligentia
3215 995 3381 1050 estis’
3409 1012 3424 1060 ;
3459 1001 3514 1050 et

2005 1111 2116 1166 qua
2155 1095 2373 1150 ratione
2431 1092 2732 1165 Apostolus
2782 1090 3052 1163 quosdam
3105 1095 3328 1144 accuset
3364 1087 3514 1143 velut

2005 1184 2402 1257 imprudentes.

1929 1293 2035 1348 249
2074 1291 2218 1360 Quid
2253 1292 2324 1347 sit
2349 1299 2624 1355 sanctum,
2655 1296 2710 1346 et
2738 1288 2872 1359 quid
2901 1288 2973 1344 sit
2991 1288 3226 1358 justum.

1929 1385 2038 1441 250
2075 1384 2365 1451 Quomodo
2397 1384 2489 1440 det
2517 1384 2644 1454 quis
2681 1390 2938 1438 sanctum
2974 1382 3228 1446 canibus,
3262 1386 3358 1436 aut
3389 1393 3518 1450 pro-

1996 1477 2152 1548 jiciat
2209 1475 2540 1547 margaritas
2595 1480 2725 1529 ante
2784 1487 2985 1544 porcos
3035 1491 3049 1527 :
3093 1479 3189 1528 aut
3237 1471 3517 1542 quomodo

2001 1571 2288 1641 contingat
2333 1568 2483 1640 quod
2535 1568 2830 1637 sequitur:
2868 1563 3170 1635 Nequaudo
3209 1563 3516 1618 eoneulcent

1996 1679 2087 1717 eas
2117 1660 2338 1733 pedibus
2369 1662 2506 1727 suis,
2543 1669 2595 1714 et
2625 1660 2861 1716 conversi
2891 1659 3226 1723 disrumpunt
3252 1670 3342 1710 uos
3357 1655 3400 1709 ⁸.

651 1840 710 1892 τέ
766 1840 864 1912 μὲν
898 1839 1234 1911 ἀπαγορεύει
1289 1841 1318 1893 6
1366 1839 1572 1912 Κύριος
1620 1839 1827 1911 βαστά-

1977 1845 2028 1900 Si
2074 1845 2364 1912 Quomodo
2419 1843 2686 1899 Dominus
2745 1837 3022 1895 interdum
3076 1834 3365 1907 prohibeat
3421 1847 3514 1904 ge-

2003 1949 2150 1995 stare
2181 1937 2467 1996 sacculum
2516 1943 2572 1992 et
2613 1949 2800 2007 peram
2842 1933 2901 1988 in
2930 1931 3042 1998 via,
3077 1928 3356 1986 interdum
3382 1939 3514 1982 vero
3625 2001 3631 2006 η

2000 2031 2150 2086 dicat
2175 2049 2190 2086 :
2217 2029 2322 2086 Sed
2355 2047 2494 2085 nunc
2521 2029 2614 2100 qui
2641 2026 2912 2082 sacculum
2939 2022 3118 2088 habet,
3151 2021 3304 2076 tollat
3360 2020 3515 2074 simi-

2005 2126 2125 2179 liter
2170 2132 2220 2179 et
2249 2139 2454 2193 peram.
2490 2120 2561 2175 Et
2605 2122 2694 2192 qui
2733 2135 2839 2174 non
2880 2117 3056 2182 habet,
3085 2113 3275 2171 vendat
3320 2121 3512 2168 uestem

2002 2234 2180 2284 suam,
2209 2225 2260 2273 et
2289 2223 2430 2271 emat
2464 2213 2702 2284 gladium
2723 2212 2765 2268 ’.

1930 2401 2038 2458 252
2074 2399 2212 2467 Quis
2245 2398 2321 2454 sit
2343 2397 2503 2469 panis
2532 2392 2913 2466 quotidianus,
2943 2388 3106 2460 cujus
3135 2383 3511 2458 quotidianam

2002 2493 2352 2564 largitionem
2390 2503 2585 2561 rogare
2613 2486 2793 2543 edocti
2823 2499 3016 2542 sumus

1930 2649 2039 2705 255
2077 2646 2220 2715 Quid
2253 2647 2326 2704 sit
2353 2645 2646 2709 talentum,
2677 2650 2732 2698 et
2751 2639 3027 2713 quomodo
3071 2637 3207 2693 illud
3247 2631 3516 2705 multipli-

2006 2741 2279 2797 cabimus.
3515 2801 3521 2808 ε

1931 2833 2038 2890 254
2077 2831 2222 2900 Quid
2268 2831 2342 2888 sit
2399 2844 2610 2895 mensa,
2664 2827 2721 2883 in
2769 2842 2932 2898 quam
2979 2821 3267 2895 oportebat
3307 2830 3383 2886 te,
3430 2817 3515 2875 in-

2009 2928 2130 2998 quit
2153 2927 2442 2988 Dominus,
2469 2923 2686 2978 mittere
2711 2922 3024 2991 pecuniam.
3113 2983 3117 2990 .

1931 3017 2040 3074 255
2078 3017 2198 3085 Quo
2239 3017 2394 3073 abire
2420 3017 2611 3086 jussus
2658 3021 2741 3068 est
2775 3011 2870 3082 qui
2917 3008 3146 3074 audivit,
3183 3005 3328 3062 Tolle
3350 3001 3512 3076 4η

1858 3157 1902 3215 c
2007 3111 2145 3182 quod
2182 3119 2329 3164 tuum
2351 3118 2450 3173 est,
2488 3117 2534 3162 et
2567 3104 2696 3161 vade
2721 3105 2810 3171 ’°.,

242 3222 368 3279 σνς’
400 3216 496 3279 Τίς
539 3220 684 3270 ἐστιν
733 3221 760 3270 6
803 3218 991 3288 μισθὸς
1044 3219 1102 3272 ὂν
1153 3218 1487 3290 λαμϐάνουσι
1543 3221 1636 3273 καὶ
1688 3215 1833 3274 οὗτοι

1977 3205 2042 3260 56
2075 3204 2336 3270 Quaenam
2398 3201 2470 3258 sit
2524 3214 2737 3255 merces
2796 3210 2961 3268 quam
3009 3192 3068 3248 hi
3107 3190 3314 3263 pariter
3350 3196 3516 3259 atque

313 3307 524 3378 ὁμοίως
550 3312 661 3372 τοῖς
697 3311 966 3379 ἐσχάτοις.

243 3398 359 3462 σνς’
409 3399 568 3463 Τίνες
604 3402 741 3454 εἰσὶν
783 3402 982 3472 ἄχυρον
1021 3402 1455 3470 κατακαιόμενον
1500 3401 1631 3472 πυρὶ
1675 3402 1838 3455 ἀσϐέ-

318 3509 454 3561 στῳ.

240 3562 361 3634 σνη⁹
395 3563 494 3626 Τίς
529 3565 674 3619 ἐστιν
702 3567 730 3618 6
757 3565 863 3618 ὑπὸ
906 3565 1000 3619 τοῦ
1058 3565 1379 3619 Ἀποστόλου
1429 3565 1838 3634 καταγινωσκό-

320 3672 512 3725 μενος,
548 3657 631 3708 ὅτι
665 3657 866 3712 Θέλων
905 3657 973 3712 ἐν
1007 3659 1534 3727 ταπεινοφροσύνῃ
1571 3658 1668 3711 καὶ
1696 3661 1835 3726 θρη-

316 3747 518 3814 σκείᾳ,
550 3748 643 3800 καὶ
673 3749 737 3802 τὰ
768 3748 915 3820 ἑξῆς.

242 3839 358 3892 σνθ³
392 3841 492 3904 Τίς
516 3842 662 3895 ἐστιν
699 3845 727 3896 6
751 3840 891 3906 ζέων
919 3842 996 3914 τῷ
1026 3843 1318 3916 πνεύματι.

243 3932 325 3994 σξ¹
365 3932 476 3984 Τοῦ
519 3933 841 3989 Ἀποστόλου
875 3935 1122 4005 λέγοντος
1159 3936 1287 3989 ποτε
1323 3936 1442 4006 μὲν,
1473 3934 1568 4001 Μὴ
1598 3934 1840 4004 γίνεσθε

315 4021 618 4092 ἄφρονες·
664 4025 792 4078 ποτὲ
836 4026 912 4089 δὲ,
961 4030 1019 4080 Μ
1028 4026 1059 4094 ὴ
1097 4028 1336 4096 γίνεσθε
1380 4027 1652 4096 φρόνιμοι
1699 4026 1838 4092 παρ’

321 4114 594 4182 ἑαυτοῖς·
625 4119 674 4169 εί
704 4118 927 4172 δυνατὸν
961 4121 1035 4191 μὴ
1071 4115 1207 4174 εἶναι
1245 4119 1506 4191 φρόνιμον
1548 4117 1678 4188 παρ’
1715 4118 1840 4169 ἐαυ-

319 4204 404 4275 τῷ
432 4208 523 4261 τὸν
555 4209 628 4282 μὴ
661 4211 889 4282 ἄφρονα.

247 4370 368 4438 σξα¹
401 4370 527 4436 Πῶς
556 4374 877 4445 αἰτήσαντες
899 4392 1021 4429 τινα
1039 4377 1134 4429 καὶ
1156 4377 1311 4430 αὐτοὶ
1335 4377 1384 4429 οἱ
1413 4375 1556 4446 ἅγιοι
1584 4376 1684 4428 οὐκ
1716 4375 1842 4428 ἕλα-

321 4462 422 4515 6ον
447 4464 600 4533 παρὰ
619 4464 712 4517 τοῦ
738 4467 966 4538 Κυρίου.

2013 3295 2192 3349 ultimi
2226 3293 2525 3365 accipiunt.

1935 3385 2042 3439 257
2090 3386 2322 3451 Quinam
2388 3383 2500 3437 sint
2567 3381 2726 3452 palea
2793 3392 2915 3448 quae
2984 3372 3332 3430 comburitur
3389 3368 3518 3440 igne

2009 3477 2344 3531 inexstincto
2370 3474 2435 3505 “°

1935 3567 2043 3623 258
2083 3565 2350 3633 Quisnam
2382 3565 2455 3620 sit
2485 3562 2579 3635 qui
2608 3559 3007 3616 condemnatur
3029 3556 3098 3610 ab
3127 3552 3392 3626 Apostolo
3429 3550 3518 3606 his

2005 3659 2226 3715 verbis:
2269 3657 2456 3711 Valens
2505 3656 2561 3710 in
2589 3653 2886 3707 humilitate
2927 3659 2979 3705 et
3025 3647 3278 3718 religione
3302 3645 3371 3712 “,
3408 3651 3515 3700 etc.

1936 3824 2044 3878 259
2081 3820 2350 3888 Quisnam
2380 3820 2452 3873 sit
2473 3816 2692 3873 fervens
2723 3811 2921 3884 spiritu
2949 3811 3013 3864 ¹³.

1937 3916 2046 3972 260
2084 3917 2222 3970 Cum
2247 3911 2548 3983 Apostolus
2569 3923 2717 3962 nunc
2737 3905 2957 3977 quidem
2985 3901 3168 3957 dicat:
3194 3897 3380 3953 Nolite
3399 3895 3518 3966 fieri

2012 4007 2372 4076 imprudentes
2393 4004 2438 4035 ³⁸
2469 4019 2483 4056 :
2512 4014 2657 4054 nunc
2685 4012 2838 4060 vero,
2879 3993 3063 4048 Nolite
3090 3989 3374 4062 prudentes
3407 4002 3520 4042 esse

2013 4096 2152 4166 apud
2183 4095 2522 4164 vosmetipsos
2548 4094 2614 4157 ³⁸,
2647 4107 2715 4145 an
2749 4088 2866 4144 ﬁeri
2910 4087 3107 4158 possit,
3145 4091 3205 4138 ut
3239 4081 3386 4158 apud
3428 4095 3519 4135 se-

2010 4193 2304 4262 metipsum
2351 4189 2593 4260 prudens
2647 4201 2760 4242 non
2811 4183 2885 4240 sit
2947 4183 2996 4239 is
3048 4179 3144 4252 qui
3201 4174 3520 4249 imprudens

2015 4301 2124 4340 non
2150 4291 2251 4340 est.

1938 4378 2038 4434 261
2082 4375 2450 4444 Quamobrem
2480 4373 2586 4443 ipsi
2618 4371 2782 4428 etiam
2811 4369 2986 4425 sancti
3011 4367 3226 4437 aliquas
3256 4377 3347 4418 res
3381 4372 3526 4431 quas

1990 4471 2280 4540 ipetivere,
2303 4482 2411 4522 non
2443 4467 2794 4536 impetrarint
2825 4476 2856 4516 a
2889 4460 3144 4516 Domino.

248 4554 365 4627 σξβ¹
394 4556 492 4620 Τίς
538 4557 683 4611 ἐστιν
713 4561 746 4629 ἡ
784 4559 1012 4630 διαφορὰ
1046 4561 1319 4631 πτωχείας
1357 4561 1449 4614 καὶ
1482 4561 1701 4624 πενίας·
1746 4561 1834 4613 καὶ

1977 4562 2051 4617 ,62
2089 4561 2232 4628 Quid
2263 4558 2488 4615 intersit
2526 4559 2672 4612 inter
2703 4553 3120 4611 mendicitatem
3145 4555 3198 4604 et
3227 4549 3519 4618 pauperta-

321 4647 447 4712 πῶς
490 4648 740 4719 ἀληθεύει
774 4653 804 4704 6
842 4651 1007 4706 Δαϐὶδ
1044 4652 1249 4722 λέγων·
1293 4652 1433 4721 Ἐγὼ
1482 4651 1551 4705 δὲ
1601 4655 1838 4720 πτωχός

319 4744 444 4811 εἰμι
464 4741 563 4798 καί
583 4742 793 4812 πένης.

249 4831 367 4902 σξγ¹
417 4833 481 4886 Τί
528 4832 774 4902 βούλεται
821 4835 1027 4902 διδάξαι
1070 4838 1098 4890 6
1150 4835 1355 4908 Κύριος
1417 4835 1504 4889 διὰ
1552 4835 1662 4888 τῶν
1711 4836 1838 4887 ὑπο-

317 4925 653 4995 δειγμάτων,
707 4920 788 4989 οἷς
835 4928 1086 4999 ἐπιφέρει
1143 4929 1240 4994 τὸ,
1303 4927 1502 4992 Οὕτως
1553 4922 1669 4980 οὖν
1718 4923 1836 4990 πᾶς

317 5017 394 5082 ἐξ
416 5017 601 5086 ὑμῶν,
634 5019 701 5083 ὃς
728 5021 840 5073 οὐκ
879 5021 1290 5074 ἀποτάσσεται
1352 5019 1501 5076 πᾶσι
1545 5019 1668 5085 τοῖς
1703 5020 1839 5072 ἑαυ-

321 5106 434 5160 τοῦ
448 5108 850 5178 ὑπάρχουσιν,
870 5113 941 5164 οὺ
961 5110 1215 5168 δύναταί
1225 5129 1344 5181 μου
1367 5107 1421 5164 εἷ
1425 5127 1518 5164 ναι
1536 5109 1834 5180 μαθητής.

248 5196 359 5262 πεδί
391 5199 466 5252 T‘o
486 5201 776 5272 εἱλικρινὲς
809 5202 858 5255 τί
893 5205 1060 5258 ἐστιν.

250 5290 359 5358 σξε¹
389 5291 456 5344 Et
498 5292 632 5360 πρὸς
669 5294 862 5365 μόνους
901 5297 1027 5360 τοὺς
1085 5297 1241 5367 ἱερεῖς
1296 5297 1511 5366 εἷρηται
1565 5295 1644 5358 τὸ,
1703 5293 1839 5347 Ἐὰν

323 5383 680 5453 προσφέρῃς
714 5386 780 5440 τὸ
811 5385 1002 5442 δῶοόν
1027 5403 1143 5442 σου
1170 5390 1267 5441 ἐπὶ
1292 5390 1354 5442 τὸ
1379 5387 1832 5455 θυσιαστήριον,

324 5476 424 5526 καὶ
453 5476 522 5530 τὰ
547 5477 696 5549 ἑξῆς.

2013 4664 2120 4709 tem
2148 4672 2161 4708 :
2193 4662 2248 4709 et
2280 4653 2558 4723 quomodo
2597 4662 2790 4705 verum
2834 4645 2984 4700 dicat
3012 4639 3205 4704 David,
3237 4649 3362 4692 cum
3403 4631 3520 4686 ait:

2017 4744 2128 4817 Ego
2158 4756 2332 4800 autem
2362 4744 2631 4798 mendicus
2659 4757 2776 4796 sum
2803 4748 2852 4794 et
2879 4751 3077 4808 pauper
3099 4733 3144 4766 ¹⁶

1939 4841 2048 4895 26⁸5
2085 4839 2227 4906 Quid
2264 4837 2377 4892 vult
2411 4836 2610 4892 docere
2640 4833 2908 4888 Dominus
2946 4843 3045 4899 per
3081 4825 3353 4896 exempla,
3399 4819 3519 4892 qui-

2017 4931 2120 4985 bus
2149 4927 2436 4998 subjungit
2465 4925 2599 4980 illud
2630 4942 2646 4977 :
2675 4922 2766 4978 Sic
2785 4935 2908 4990 ergo
2939 4917 3111 4972 omnis
3148 4929 3215 4971 ea:
3248 4913 3390 4968 vobis
3431 4911 3520 4980 qui

2017 5039 2119 5077 non
2151 5021 2421 5076 renuntiat
2445 5018 2687 5074 omnibus
2711 5013 2859 5068 bonis
2882 5011 3017 5078 suis,
3050 5024 3156 5064 non
3182 5013 3348 5077 potest
3375 5017 3518 5058 meus

2017 5131 2129 5169 esse
2159 5112 2452 5181 discipulus
2473 5111 2538 5167 ".

1943 5209 2048 5263 264
2088 5207 2228 5274 Quid
2259 5207 2330 5261 sit
2363 5204 2673 5260 sinceritas.

1942 5299 2049 5354 265
2088 5299 2171 5352 An
2216 5297 2285 5352 ad
2328 5296 2478 5352 solos
2526 5292 2843 5350 sacerdotes
2873 5291 3081 5348 dictum
3133 5285 3334 5345 sit:Si
3363 5283 3526 5352 offert

2016 5407 2204 5445 manus
2237 5399 2386 5444 tuum
2419 5386 2488 5440 ad
2517 5385 2691 5442 altare
2711 5385 2777 5455 “,
2805 5391 2859 5440 et
2881 5383 3114 5454 reliqua.

331 5655 352 5685 ‘
392 5651 435 5706 11
471 5652 600 5708 Cor.
637 5671 707 5714 ι,
744 5655 831 5708 17.
905 5655 926 5687 ⁷
964 5655 1155 5710 Matth.
1194 5673 1280 5712 XV.
1326 5657 1410 5710 16.
1486 5659 1506 5688 ⁸
1550 5657 1738 5714 Matth.
1775 5675 1871 5722 vlt,
1911 5660 1964 5714 6.
2042 5660 2062 5691 °
2102 5656 2234 5716 Luc.
2271 5673 2417 5718 xm.
2451 5656 2544 5715 36.
2622 5654 2664 5688 ¹⁰
2708 5652 2898 5710 Matth.
2936 5647 3164 5722 xx.
3203 5717 3217 5722 _
3243 5645 3287 5678 “
3327 5639 3530 5698 Matth»

259 5737 363 5800 tri,
405 5724 487 5800 l2_.
521 5793 537 5800 _
566 5724 611 5754 “
647 5724 970 5800 Coloss_._n.
1002 5727 1127 5800 l8._
1176 5728 1224 5800 ”_
1260 5727 1530 5800 Bonnam
1555 5771 1568 5796 ,
1608 5731 1694 5784 11.
1777 5731 1822 5762 ³³

1983 5747 2062 5787 cs.
2102 5747 2154 5796 ν,
2195 5731 2279 5783 Π.
2381 5729 2422 5762 ιδ
2465 5728 2623 5783 Rom.
2662 5743 2776 5795 xu,
2818 5724 2900 5780 16.

263 5793 354 5850 18.
437 5794 479 5826 ¹⁷
521 5793 654 5850 Luc.
681 5810 795 5863 xiv,
829 5795 917 5852 '53.
999 5797 1039 5829 ¹⁸
1080 5796 1268 5855 Matth.
1306 5816 1357 5864 v,
1393 5797 1482 5854 23.

3014 5720 3055 5754 “
3094 5717 3240 5775 Psal.
3277 5725 3521 5776 suum
