3948 6240
269 304 419 364 1075

1561 293 1620 350 S.
1662 289 1907 347 BASlLll
1947 289 2162 346 MAGNl

3417 282 3565 343 ιοπ

280 421 389 478 266
427 419 574 490 Quid
613 420 687 476 sit
719 418 825 491 sal;
845 433 1009 491 quem
1075 417 1277 475 habere
1320 414 1590 472 Dominus
1616 412 1780 470 iussit
1803 411 1869 466 ".

2017 409 2109 477 ξς¹
2155 409 2239 480 Τί,
2272 409 2389 463 ἐστι
2435 408 2496 464 τὺ
2541 409 2694 475 ἃλας,
2735 408 2765 463 6
2806 407 3136 478 προσέταξεν
3177 407 3326 481 ἒχειν
3365 410 3397 463 6
3441 409 3562 464 Κυ-

279 600 385 656 267
425 598 484 656 Si
513 598 658 656 alius
683 598 874 656 multis
904 597 1214 670 vapulabit,
1247 596 1390 654 alius
1419 594 1612 667 paucis
1633 593 1703 660 "’,
1733 608 1865 665 quo-

352 693 519 748 modo
567 693 754 748 dicant
784 691 1060 756 nonnulli,
1109 690 1324 746 nullum
1361 703 1650 759 poenarum
1703 686 1862 741 linem

351 785 602 840 futurum
634 786 702 841 iis
730 785 826 856 qui
853 782 1118 855 puniendi
1150 789 1300 838 sunt.

280 876 388 935 268
427 878 678 945 Quonam
734 893 902 934 sensu
953 877 1212 933 dicantur
1259 873 1483 946 quidam
1530 873 1626 928 filii
1675 871 1866 927 inobe—

351 969 573 1026 dientia:
603 981 656 1026 et
693 968 787 1023 filii
811 970 906 1024 irae
927 971 995 1022 ²¹.

283 1057 390 1115 269
428 1060 564 1115 Cum
597 1059 867 1130 scriptum
897 1057 970 1114 sit
999 1077 1012 1112 :
1039 1056 1320 1114 Facientes
1346 1059 1642 1114 voluntates
1668 1058 1864 1121 carnis,

357 1160 410 1208 et
441 1153 821 1224 cogitationum
838 1153 907 1216 ",
931 1167 999 1206 an
1025 1151 1146 1205 alia:
1176 1152 1288 1208 sint
1323 1153 1508 1208 carnis
1535 1152 1866 1218 voluntates,

356 1245 478 1300 aliae
511 1245 906 1316 cogitationum
937 1263 950 1298 :
982 1251 1037 1299 et
1070 1245 1267 1315 quales
1301 1245 1415 1300 sint
1444 1245 1547 1303 hee.

288 1413 394 1471 270
431 1415 574 1482 Quid
634 1416 708 1473 sit
757 1416 894 1473 illud
937 1417 1339 1486 :Aporiamur,
1402 1418 1494 1474 sed
1553 1435 1659 1474 non
1706 1417 1871 1473 desti-

361 1508 561 1562 tuimnr
585 1508 654 1564 ’³.

288 1600 387 1656 271
429 1600 515 1656 Αη
542 1617 641 1672 per
671 1603 1079 1675 eleemosynam
1119 1602 1449 1674 purgabitur
1480 1602 1761 1674 quispiam
1801 1602 1870 1658 ab

359 1693 620 1750 omnibus
647 1709 772 1765 quas
799 1695 1086 1751 admiserit
1116 1695 1377 1766 peccatis.

289 1786 396 1842 272
432 1789 572 1844 Cum
623 1787 838 1845 Domini
887 1797 1224 1861 praeceptum
1273 1791 1368 1854 sit,
1409 1804 1523 1844 non
1568 1789 1868 1846 sollicitum

357 1897 487 1938 esse
517 1882 586 1938 de
619 1884 867 1939 crastino
889 1886 958 1949 “,
996 1885 1272 1956 quomodo
1306 1883 1606 1940 salubriter
1644 1884 1700 1940 id
1730 1899 1872 1955 prae-

362 1973 506 2042 cepti
533 1973 924 2045 intelligemus.

292 2064 398 2120 275
437 2064 581 2132 Quid
622 2067 715 2130 sit,
757 2066 908 2137 quod
959 2081 1088 2121 cum
1123 2066 1250 2138 quis
1282 2066 1494 2134 fecerit,
1529 2067 1874 2140 blasphemat

370 2157 427 2212 in
457 2157 720 2228 Spiritum
747 2168 1002 2214 sanctum
1023 2162 1093 2216 ⁸⁸.

293 2249 398 2303 274
437 2249 725 2316 Quomodo
754 2251 879 2322 quis
907 2252 962 2306 in
995 2252 1099 2308 hoc
1125 2255 1328 2310 saeculo
1359 2253 1629 2311 elliciatur
1664 2254 1872 2313 fatuus.

294 2340 400 2398 £75
440 2341 522 2396 An
543 2343 722 2398 sancti
748 2345 1091 2415 propositum
1123 2346 1389 2417 impedire
1418 2346 1653 2403 Satanas
1677 2351 1872 2419 possit.

294 2518 400 2575 276
437 2519 580 2587 Quid
630 2522 726 2589 sit,
769 2523 916 2594 quod
955 2524 1164 2582 dictum
1195 2526 1296 2580 fuit
1345 2528 1414 2582 ab
1460 2527 1767 2600 Apostolo:
1807 2528 1876 2584 Ut

361 2614 596 2674 probetis
637 2631 755 2685 quae
797 2618 866 2671 sit
917 2618 1160 2672 voluntas
1195 2618 1294 2673 Dei
1334 2619 1492 2686 bona,
1542 2631 1594 2676 et
1627 2621 1877 2692 benepla-

368 2719 511 2773 cens,
534 2715 583 2759 et
608 2707 844 2776 perfecta
863 2709 931 2764 ³⁸.

296 2795 400 2850 277
439 2796 726 2864 Quodnam
755 2801 828 2855 sit
871 2803 1211 2870 cubiculum,
1249 2807 1304 2861 in
1329 2806 1478 2878 quod
1506 2813 1761 2864 orantem
1792 2807 1878 2862 in-

389 2904 513 2945 rare
546 2890 814 2951 Dominus
835 2895 1012 2966 jubet.

299 2978 403 3035 278
437 2978 724 3046 Quomodo
751 2986 980 3055 spiritus
1011 2989 1322 3061 cujuSpiam
1343 2999 1485 3059 oret,
1511 3007 1668 3049 mens
1693 2999 1876 3050 tamen

369 3071 519 3129 illius
553 3073 897 3134 infructuosa
927 3082 1084 3136 sit".

298 3165 401 3222 2'79
440 3165 583 3232 Quid
611 3169 716 3225 sibi
741 3172 860 3226 vult
886 3173 1022 3228 illud
1049 3192 1062 3228 :
1096 3173 1328 3233 Psallite
1350 3181 1616 3245 sapienter
1633 3183 1698 3235 ³⁸.

298 3255 403 3312 280
443 3257 578 3324 Quis
608 3259 681 3316 sit
713 3262 808 3332 qui
841 3265 1082 3322 mundus
1106 3275 1192 3324 est
1224 3271 1394 3327 corde
1415 3274 1482 3330 ".

299 3348 397 3403 28!
444 3347 576 3417 Quae
597 3367 760 3409 soror
778 3357 1012 3426 psallere
1041 3375 1150 3415 non
1177 3362 1314 3429 vult,
1335 3380 1470 3419 num
1502 3366 1748 3437 c0genda
1769 3372 1881 3423 est.

300 3523 408 3580 282
441 3524 678 3593 Quinam
714 3530 828 3587 sint
861 3532 900 3588 ii
929 3533 1026 3606 qui
1057 3536 1249 3594 dicunt
1275 3556 1289 3594 :
1316 3537 1763 3598 Manducavimus
1792 3561 1883 3599 co-

370 3633 488 3671 ram
543 3630 592 3675 te
639 3631 691 3677 et
733 3623 991 3694 bibimus,
1044 3635 1101 3684 et
1146 3636 1334 3687 tamen
1383 3634 1720 3690 audierunt:
1756 3633 1882 3690 Non
1961 3671 1970 3680 -

368 3712 490 3766 novi
512 3729 600 3768 vos
623 3715 689 3770 ³⁸.

300 3800 464 3875 412
483 3804 592 3862 285
627 3807 712 3863 An
749 3809 796 3867 is
832 3811 926 3882 qui
973 3811 1109 3870 facit
1140 3815 1376 3888 alicujus
1410 3820 1774 3890 voluntatem,
1809 3821 1884 3878 sit

376 3893 525 3953 illius
549 3899 756 3955 socius.

301 3986 409 4043 284
449 3987 508 4043 Si
544 3991 599 4046 in
633 4001 877 4064 egestate
906 3995 980 4052 sit
1012 3995 1244 4054 fratrum
1277 4003 1519 4058 societas
1548 4003 1620 4058 ob
1641 4004 1882 4075 aliquam

376 4083 699 4140 morborum
753 4087 1190 4158 alllictationem,
1241 4111 1310 4149 an
1357 4096 1478 4152 sine
1519 4097 1633 4151 ulla
1676 4097 1888 4151 dubita-

379 4175 532 4230 tione
566 4177 638 4234 ab
685 4179 810 4236 aliis
844 4191 1010 4252 queat
1055 4189 1368 4244 necessaria
1419 4188 1695 4259 recipere;
1751 4195 1805 4243 et
1838 4187 1887 4244 si

375 4270 657 4336 convenit,
693 4287 725 4326 a
757 4274 962 4343 quibus
994 4277 1187 4334 isthmc
1226 4281 1483 4352 accipiet.

2047 520 2181 574 ριος.

1977 595 2089 662 σξζ⁹
2112 596 2176 650 El
2199 595 2228 648 6
2259 596 2359 667 μέν
2379 613 2465 659 τις
2485 596 2782 667 δαρήσεται
2813 593 3034 657 πολλὰς,
3067 595 3096 648 6
3120 592 3178 646 δὲ
3205 593 3389 664 ὀλίγας
3406 610 3420 626 ο
3440 593 3562 660 πῶς

2054 690 2273 759 λέγουσί
2302 707 2447 753 τινες
2471 688 2548 761 μὴ
2576 685 2716 742 εἶναι
2739 687 2891 752 τέλος
2913 689 3010 760 τῆς
3043 667 3318 752 κολάσέως
3337 690 3451 751 τοῖς
3475 705 3563 742 κο-

2043 785 2380 856 λαζομένοις.

1979 879 2097 948 σξη¹
2136 879 2295 934 Κατὰ
2332 881 2485 933 ποῖον
2524 877 2650 932 νοῦν
2686 875 2936 945 λέγονταί
2962 893 3105 940 τινες
3137 875 3243 929 υἱοὶ
3275 873 3558 937 ἀπειθείας

2042 964 2137 1017 καὶ
2159 964 2322 1017 τέκνα
2360 963 2550 1036 ὀργῆς.

1979 1055 2088 1122 σξθ⁹
2136 1057 2353 1127 Ἐπειδὴ
2389 1056 2701 1127 γέγραπται
2723 1073 2738 1086 ο
2783 1055 3109 1120 Ποιοῦντες
3141 1054 3212 1108 τὰ
3253 1051 3558 1122 θελήματα

2047 1147 2159 1215 τῆς
2189 1148 2418 1217 σαρκὸς
2446 1149 2545 1202 καὶ
2578 1145 2697 1201 τῶν
2745 1146 3046 1212 διανοιῶν,
3103 1147 3154 1199 εἰ
3198 1144 3333 1198 ἄλλα
3365 1144 3461 1215 μὲν
3482 1144 3557 1197 te

2044 1239 2248 1306 σαρκὸς
2278 1239 2577 1312 θελήματα,
2601 1239 2736 1294 ἄλλα
2771 1239 2830 1292 δὲ
2862 1239 2970 1292 τῶν
2993 1237 3273 1292 διανοιῶν
3299 1238 3393 1290 καὶ
3424 1239 3557 1290 ποῖα

2041 1333 2231 1387 ταῦτα.

1972 1432 2046 1478 σο¹
2079 1423 2145 1478 Τί
2183 1425 2350 1489 ἐστιν,
2402 1424 2838 1493 Ἆπορούμενοι,
2880 1423 3019 1477 ἀλλ’
3070 1423 3183 1477 οὐκ
3229 1420 3558 1489 ἐξαπορού-

2037 1536 2232 1589 μενοι.

1977 1619 2087 1665 σοα¹
2112 1612 2176 1666 Εἰ
2202 1612 2420 1666 πάντων
2445 1612 2544 1666 ὅσα
2574 1609 2792 1682 ἥμαρτὲ
2824 1628 2910 1674 τις
2934 1609 3022 1663 διὰ
3048 1609 3146 1680 τῆς
3182 1607 3560 1680 ὲλεημοσύνης

2044 1703 2137 1756 τὸν
2168 1703 2514 1776 καθαρισμὸν
2541 1703 2812 1774 εὑρίσκει.

1977 1795 2085 1867 σοβ¹
2139 1795 2357 1867 Ἐπειδὴ
2402 1795 2732 1866 πρόσταγμα
2779 1793 2897 1846 ἐστι
2941 1792 3034 1846 τοῦ
3083 1793 3291 1864 Κυρίου
3334 1794 3407 1864 μὴ
3457 1810 3556 1863 με-

2049 1889 2248 1960 ριμνᾷν
2281 1886 2530 1958 περὶτῆς
2558 1885 2768 1958 αὔριον,
2794 1885 2912 1949 πῶς
2943 1885 3114 1954 ὑγιῶς
3134 1885 3195 1938 τὸ
3229 1873 3557 1962 πρόσταγμς

2046 1981 2330 2050 νοήσομεν.
3484 1967 3496 1975 ’

1975 2077 2088 2141 σογ⁹
2112 2071 2177 2124 Τί
2207 2069 2272 2124 ἄν
2305 2088 2393 2134 τις
2421 2071 2654 2141 ποιήσας
2689 2068 3002 2141 βλασφημεῖ
3034 2071 3114 2133 είς
3150 2069 3212 2122 τὸ
3240 2068 3462 2140 Πνεῦμα
3495 2069 3560 2122 τὺ

2044 2163 2116 2232 ἆγ
2124 2181 2220 2218 ιον.

1976 2254 2080 2308 σοδ¹
2102 2252 2228 2318 Πῶς
2254 2252 2463 2322 γίνεταί
2494 2261 2577 2316 τις
2594 2255 2652 2306 ἓν
2673 2252 2751 2324 τῷ
2773 2251 2928 2306 αἰῶνι
2948 2251 3122 2323 τούτῳ
3150 2253 3351 2324 μωρὸς.

1978 2353 2081 2401 σοε⁹
2136 2347 2200 2400 Ei.
2243 2345 2467 2401 δύναται
2516 2344 2748 2416 ἐγκύψαι
2802 2344 3060 2416 πρόθεσιν
3109 2345 3267 2413 ἁγίου
3318 2346 3348 2397 6
3387 2344 3560 2397 Σατα-

2046 2457 2166 2505 νας.

1979 2540 2096 2599 σος¹
2121 2533 2186 2587 Τί
2209 2535 2326 2587 ἐστι
2353 2533 2414 2586 τὸ
2449 2532 2555 2586 ὑπὸ
2581 2529 2677 2584 τοῦ
2716 2529 3043 2584 ’Ᾱποστόλου
3077 2527 3398 2601 εἰρημένονο
3453 2528 3560 2592 Είς

2045 2627 2113 2681 τὸ
2136 2625 2470 2696 δοκιμάζειν
2494 2623 2654 2693 ὑμᾶς
2678 2623 2736 2677 τί
2775 2623 2842 2677 τὸ
2878 2621 3110 2690 θέλημα
3161 2621 3268 2675 τοῦ
3313 2619 3460 2674 Θεοῦ
3493 2619 3557 2672 τὸ

2047 2719 2292 2790 ἀγαθὸν,
2321 2718 2419 2773 καὶ
2448 2717 2798 2786 εὐάρεστον,
2827 2715 2924 2770 καί
2953 2713 3203 2769 τέλειον.

1978 2810 2086 2875 eo?
2112 2811 2270 2864 Ποῖόν
2299 2811 2414 2865 ἔστι
2446 2809 2507 2864 τὸ
2539 2812 2804 2881 ταμιεῖον,
2835 2810 2916 2871 εἰς
2947 2807 2975 2860 ὃ
2999 2805 3261 2860 είσελθεῖν
3288 2807 3379 2859 τὸν
3397 2820 3563 2873 προσ-

2043 2904 2333 2974 ευχόμενον
2359 2902 2688 2974 προστάσσει
2710 2901 2737 2954 6
2759 2899 2985 2970 Κύριος.

1981 3002 2091 3067 σοη⁹
2121 2994 2245 3058 Πῶς
2266 2994 2328 3048 τὸ
2349 2993 2567 3065 πνεῦμά
2587 3011 2730 3057 τινος
2763 2991 3149 3063 προσεύχεται,
3177 2993 3206 3044 ὁ
3232 2989 3288 3043 δὲ
3315 2988 3439 3053 νοῦς
3471 2989 3563 3042 αὺ-

1902 3109 1946 3168 C
2049 3084 2143 3138 τοῦ
2167 3084 2417 3156 ἄκαρπός
2445 3086 2614 3137 ἐστιν.

1979 3175 2087 3229 σοῦ’
2119 3176 2184 3228 Τί
2205 3179 2321 3229 ἐστι
2353 3175 2433 3239 τὸ,
2466 3174 2707 3230 Ψάλατε
2732 3171 3017 3238 συνετῶς.

1979 3275 2068 3322 σπ¹
2098 3267 2194 3332 Τίς
2215 3269 2362 3322 ἐστιν
2393 3270 2421 3320 ὀ
2448 3267 2684 3340 καθαρὸς
2709 3271 2776 3339 τῇ
2806 3267 3022 3338 καρδίᾳ.

1979 3367 2106 3416 σπα¹
2149 3361 2260 3433 Τὴν
2322 3358 2399 3432 μὴ
2453 3358 2714 3414 Θέλουσαν
2769 3357 2937 3427 ψᾶλαι
2998 3358 3048 3410 εί
3096 3357 3204 3430 χρὴ
3259 3355 3564 3426 ἀναγκάζε-

2051 3453 2196 3509 σθαι.

1981 3547 2103 3619 σπβ⁹
2132 3545 2290 3610 Τίνες
2329 3544 2465 3599 εἰσὶν
2502 3544 2551 3598 οἱ
2587 3542 2874 3613 λέγοντες’
2937 3541 3265 3612 Ἐφάγομεν
3306 3539 3570 3595 ἐνώπιόν

2050 3653 2204 3704 σου,
2260 3637 2360 3692 καί
2401 3636 2684 3706 ἐπίομεν,
2737 3635 2832 3688 καὶ
2871 3634 3195 3698 ἀκούοντες·
3259 3635 3382 3687 Οὐκ
3431 3628 3567 3687 οἶδα

2048 3732 2229 3804 ὖμᾱςο

1984 3824 2109 3894 σπγ⁹
2147 3824 2211 3877 Εἰ
2260 3823 2290 3876 6
2330 3819 2499 3875 ποιῶν
2541 3820 2603 3873 τὸ
2651 3818 2866 3890 Θέλημά
2914 3833 3084 3883 τινος,
3134 3814 3389 3878 κοινωνός
3415 3815 3569 3867 ἐστιν

2057 3915 2291 3970 ἐκείνου.

1987 4006 2104 4061 σπδ’
2149 4004 2276 4059 Ἐὰν
2325 4001 2612 4074 πτωχεύσῃ
2656 4000 2953 4071 ἀδελφότης
2996 3999 3084 4053 διὰ
3125 3998 3444 4072 περίστασιν
3479 3996 3569 4051 νό-

2059 4116 2186 4164 σων,
2231 4100 2280 4152 εί
2323 4096 2635 4167 ἀδιάκριτον
2688 4097 2805 4148 ἐστι
2850 4095 2977 4166 παρ’
3012 4094 3214 4165 ἐτέρων
3268 4090 3566 4163 λαμϐάνειν

2056 4191 2128 4245 τὰ
2174 4190 2312 4262 πρὸς
2357 4190 2458 4262 τὴν
2507 4188 2727 4260 χρείανο
2778 4190 2873 4241 καὶ
2919 4189 2967 4240 εί
3015 4186 3157 4260 χρὴ,
3206 4185 3356 4256 παρὰ
3404 4182 3566 4235 τίνων

2056 4283 2304 4356 λήψεται.

303 4356 415 4430 285
454 4357 650 4416 Utrum
679 4363 880 4421 fratres
911 4382 1038 4422 cum
1085 4367 1354 4430 fratribus
1401 4379 1770 4446 negotiantes,
1797 4383 1881 4454 ju-

2011 4383 2108 4430 ms'
2147 4377 2212 4430 Ei
2239 4375 2344 4447 χρὴ
2382 4373 2722 4443 ἀδελφότητα
2757 4371 2894 4441 μετὰ
2923 4370 3280 4441 ἀδελφότητος
3311 4379 3574 4438 πραγμα-

379 4456 526 4544 stum
562 4454 640 4510 rei
677 4455 894 4514 traditas
924 4463 1162 4530 pretium
1203 4465 1442 4524 sollicite
1485 4471 1758 4544 anxieque
1801 4491 1881 4533 τοι

2062 4471 2361 4542 τευομένην
2394 4469 2492 4540 τὴν
2535 4468 2691 4532 ἀξίαν
2733 4467 2900 4538 τιμὴν
2936 4463 3032 4519 τοῦ
3077 4463 3249 4526 εἴδους
3283 4458 3573 4532 περιεργά-

380 4543 600 4614 quirere
629 4546 885 4607 debeant.

2065 4563 2272 4630 ζεσθαι.

308 4632 415 4689 286
451 4636 556 4703 Qui
585 4638 642 4693 in
684 4639 921 4698 fratrum
966 4647 1235 4705 societate
1275 4651 1434 4720 vivit,
1475 4654 1573 4711 sed
1609 4656 1800 4714 incidit
1836 4660 1881 4715 in

2011 4663 2130 4722 τπς⁹
2173 4656 2237 4709 Εἰ
2283 4653 2366 4708 δεῖ
2415 4654 2506 4709 τὸν
2551 4655 2609 4708 ὲν
2652 4650 2974 4720 ἀδελφότητι
3022 4647 3222 4712 ζῶντα,
3277 4641 3374 4696 καὶ
3413 4639 3574 4693 ἀσθε-

380 4731 633 4788 morbum
669 4737 1036 4805 corporalem,
1081 4753 1154 4795 an
1195 4742 1552 4804 abducendus
1602 4749 1674 4805 sit
1703 4751 1759 4805 in
1793 4750 1895 4808 ho-

381 4824 636 4893 spitium.

314 4958 447 5015 Haec
492 4961 759 5021 duntaxat
814 4970 1260 5040 complectebatur
1309 4976 1536 5030 allatum
1590 4993 1658 5033 ex
1718 4979 1895 5034 Ponto

383 5055 672 5124 exemplar.
731 5059 957 5132 Reliqua
1017 5076 1193 5121 autem
1249 5065 1480 5123 XXVII
1541 5072 1720 5140 capita
1777 5088 1896 5126 cum

384 5146 935 5209 animaduersionibus
977 5156 1166 5213 addita
1207 5169 1333 5214 sunt
1378 5176 1445 5216 ea:
1491 5159 1668 5218 codice
1715 5161 1898 5218 Caesa-

385 5237 575 5297 riensi.

312 5347 423 5406 287
458 5351 564 5416 Oui
592 5354 705 5411 sint
733 5320 952 5418 fructus
977 5362 1306 5433 poenitentia
1332 5364 1506 5439 digni.

2069 4747 2190 4817 νείᾳ
2216 4749 2500 4818 σωματικῇ
2543 4744 2929 4815 περιπεσόντα,
2961 4742 3041 4804 εἰς
3074 4737 3397 4807 ξενοδοχεῖον
3426 4733 3575 4791 ἀπα-

2063 4841 2275 4908 γαγεῖν.

2003 4973 2153 5040 Ἕως
2188 4972 2403 5026 τούτου
2431 4971 2626 5040 μόνον
2652 4966 2776 5039 εἶχε
2810 4967 2875 5022 τὸ
2915 4966 3035 5022 ἀπὸ
3076 4963 3182 5018 τοῦ
3214 4962 3445 5016 Πόντου
3479 4972 3576 5010 κο-

2071 5061 2294 5132 μισθὲν
2335 5063 2720 5131 ἀντίγραφον.
2772 5058 2848 5114 Τὰ
2893 5056 2962 5109 δὲ
3007 5052 3230 5124 ἐφεξῆς
3281 5047 3360 5110 κζ’
3399 5044 3579 5115 κεφά-

2071 5159 2214 5210 λαια
2254 5155 2352 5208 καὶ
2395 5153 2467 5207 τὰ
2503 5151 2763 5221 ἐπιτίμια
2787 5150 2863 5218 ¹ἐκ
2901 5147 3012 5217 τῆς
3059 5147 3269 5200 ϐίϐλου
3314 5141 3424 5209 τῆς
3461 5135 3579 5192 ά.τό

2071 5247 2184 5317 τῆς
2202 5246 2562 5315 Καισαρείας
2591 5241 2947 5313 προσετέθη.

2010 5366 2129 5431 an?
2161 5365 2319 5430 Τίνες
2347 5365 2484 5419 εἰσὶν
2511 5363 2650 5429 ἄξιοι
2683 5359 2887 5434 καρποὶ
2919 5359 3018 5431 τῆς
3051 5356 3356 5429 μετανοίας.

403 5601 650 5694 i111?”-
689 5613 906 5694 "‘.~J9°
945 5615 1205 5694 -.’°_L"°.
1244 5634 1354 5683 ιιι»
1382 5619 1481 5694 ἔτι
1556 5621 1842 5694 “_pres.
1877 5642 1881 5676 τ

2011 5620 2044 5694 ῖς
2120 5612 2427 5694 "ibit?-
2517 5611 2566 5642 ’³
2604 5569 3584 5694 l9°".1VL§:..,"__M§"h".i'ti’f'

323 5675 368 5706 ’³
409 5673 575 5731 Marc.
623 5693 718 5745 ιιι,
753 5680 844 5739 29.

317 5760 421 5807 xm
440 5784 461 5819 ,
491 5745 585 5818 26,
617 5748 706 5806 27.

945 5685 992 5717 "
1033 5667 1354 5759 Rom-iiii;
1531 5694 1577 5727 ³⁷
1617 5667 1954 5759 liiéri'kiil
2177 5667 2408 5744 aiwl’isal.
2443 5697 2605 5750 nm,
2651 5680 2707 5738 8.
2795 5682 2842 5714 ²⁹
2880 5667 3071 5734 Matth.
3108 5691 3161 5742 ν,
3201 5674 3254 5729 8.
3347 5671 3408 5754 ,³⁸
3443 5667 3582 5727 Luc-

2146 5770 2214 5786 ,ιο
