  <div class='ocr_page' id='page_1' title='image "/cluster/home/n/w/nwhite01/storage/ocr_20150623/31/mdp.39015012934363/550.png"; bbox 0 0 3948 6240; ppageno 0'>
   <div class='ocr_carea' id='block_1_1' title="bbox 382 324 524 382">
    <p class='ocr_par' dir='ltr' id='par_1_1' title="bbox 382 324 524 382">
     <span class='ocr_line' id='line_1_1' title="bbox 382 324 524 382; baseline 0 -1"><span class='ocrx_word' id='word_1_1' title='bbox 382 324 524 382; x_wconf 62' lang='grc' dir='ltr'><strong>ΐθπ</strong></span> 
     </span>
    </p>
   </div>
   <div class='ocr_carea' id='block_1_2' title="bbox 1316 304 2597 383">
    <p class='ocr_par' dir='ltr' id='par_1_2' title="bbox 1316 304 2597 383">
     <span class='ocr_line' id='line_1_2' title="bbox 1316 304 2597 383; baseline 0.003 -6"><span class='ocrx_word' id='word_1_2' title='bbox 1316 304 1764 380; x_wconf 71' lang='lat' dir='ltr'><strong>REGULARuM</strong></span> <span class='ocrx_word' id='word_1_3' title='bbox 1789 305 2194 381; x_wconf 71' lang='lat' dir='ltr'><strong>BBEVIORUM</strong></span> <span class='ocrx_word' id='word_1_4' title='bbox 2236 322 2597 383; x_wconf 78' lang='lat' dir='ltr'><strong>CAPITULA.</strong></span> 
     </span>
    </p>
   </div>
   <div class='ocr_carea' id='block_1_3' title="bbox 3524 326 3664 386">
    <p class='ocr_par' dir='ltr' id='par_1_3' title="bbox 3524 326 3664 386">
     <span class='ocr_line' id='line_1_3' title="bbox 3524 326 3664 386; baseline 0.014 -3"><span class='ocrx_word' id='word_1_5' title='bbox 3524 326 3664 386; x_wconf 72' lang='grc'><strong>1078</strong></span> 
     </span>
    </p>
   </div>
   <div class='ocr_carea' id='block_1_4' title="bbox 390 436 1981 516">
    <p class='ocr_par' dir='ltr' id='par_1_4' title="bbox 390 436 1972 515">
     <span class='ocr_line' id='line_1_4' title="bbox 390 436 1972 515; baseline 0.005 -26"><span class='ocrx_word' id='word_1_6' title='bbox 390 445 516 510; x_wconf 73' lang='grc' dir='ltr'>σπη’</span> <span class='ocrx_word' id='word_1_7' title='bbox 548 438 607 492; x_wconf 82' lang='lat'><strong>&#39;0</strong></span> <span class='ocrx_word' id='word_1_8' title='bbox 629 436 797 491; x_wconf 88' lang='grc' dir='ltr'>θέλων</span> <span class='ocrx_word' id='word_1_9' title='bbox 829 437 1331 512; x_wconf 78' lang='grc' dir='ltr'><strong>ἐξομολογήσασθαι</strong></span> <span class='ocrx_word' id='word_1_10' title='bbox 1352 448 1450 506; x_wconf 73' lang='grc' dir='ltr'>τὰς</span> <span class='ocrx_word' id='word_1_11' title='bbox 1479 444 1757 515; x_wconf 86' lang='grc' dir='ltr'>ἁμαρτιας</span> <span class='ocrx_word' id='word_1_12' title='bbox 1784 444 1972 509; x_wconf 74' lang='grc' dir='ltr'>αὐτοῦ,</span> 
     </span>
    </p>
   </div>
   <div class='ocr_carea' id='block_1_5' title="bbox 2099 436 3664 516">
    <p class='ocr_par' dir='ltr' id='par_1_5' title="bbox 2099 441 3664 516">
     <span class='ocr_line' id='line_1_5' title="bbox 2099 441 3664 516; baseline 0.003 -17"><span class='ocrx_word' id='word_1_13' title='bbox 2099 444 2189 500; x_wconf 74' lang='grc' dir='ltr'><strong>Ξ88</strong></span> <span class='ocrx_word' id='word_1_14' title='bbox 2224 444 2328 511; x_wconf 76' lang='grc' dir='ltr'><strong>ραι</strong></span> <span class='ocrx_word' id='word_1_15' title='bbox 2359 445 2475 501; x_wconf 86' lang='lat' dir='ltr'><strong>vult</strong></span> <span class='ocrx_word' id='word_1_16' title='bbox 2516 443 2766 500; x_wconf 77' lang='lat' dir='ltr'><strong>confiteri</strong></span> <span class='ocrx_word' id='word_1_17' title='bbox 2804 455 3028 516; x_wconf 82' lang='lat' dir='ltr'><strong>peccata</strong></span> <span class='ocrx_word' id='word_1_18' title='bbox 3072 447 3195 511; x_wconf 84' lang='lat' dir='ltr'><strong>sua,</strong></span> <span class='ocrx_word' id='word_1_19' title='bbox 3241 460 3374 501; x_wconf 86' lang='lat' dir='ltr'><strong>num</strong></span> <span class='ocrx_word' id='word_1_20' title='bbox 3392 441 3664 504; x_wconf 52' lang='lat' dir='ltr'><strong>‘olhnibul</strong></span> 
     </span>
    </p>
   </div>
   <div class='ocr_carea' id='block_1_6' title="bbox 459 527 1975 606">
    <p class='ocr_par' dir='ltr' id='par_1_6' title="bbox 459 527 1975 606">
     <span class='ocr_line' id='line_1_6' title="bbox 459 527 1975 606; baseline 0.005 -24"><span class='ocrx_word' id='word_1_21' title='bbox 459 531 507 583; x_wconf 79' lang='grc' dir='ltr'><strong>εί</strong></span> <span class='ocrx_word' id='word_1_22' title='bbox 539 530 703 583; x_wconf 82' lang='grc' dir='ltr'>πᾶσιν</span> <span class='ocrx_word' id='word_1_23' title='bbox 734 527 1175 600; x_wconf 75' lang='grc' dir='ltr'>ἐξομολογεῖσθαι</span> <span class='ocrx_word' id='word_1_24' title='bbox 1201 533 1403 602; x_wconf 78' lang='grc' dir='ltr'>ὀφείλει</span> <span class='ocrx_word' id='word_1_25' title='bbox 1439 536 1670 599; x_wconf 75' lang='grc' dir='ltr'>καὶτοῖς</span> <span class='ocrx_word' id='word_1_26' title='bbox 1698 536 1975 606; x_wconf 78' lang='grc' dir='ltr'>τυχοῦσιν,</span> 
     </span>
    </p>
   </div>
   <div class='ocr_carea' id='block_1_7' title="bbox 461 624 694 695">
    <p class='ocr_par' dir='ltr' id='par_1_7' title="bbox 461 624 694 695">
     <span class='ocr_line' id='line_1_7' title="bbox 461 624 694 695; baseline 0.004 -18"><span class='ocrx_word' id='word_1_27' title='bbox 461 624 495 695; x_wconf 82' lang='grc' dir='ltr'><strong>ἢ</strong></span> <span class='ocrx_word' id='word_1_28' title='bbox 529 624 694 678; x_wconf 87' lang='grc' dir='ltr'>τίσιν.</span> 
     </span>
    </p>
   </div>
   <div class='ocr_carea' id='block_1_8' title="bbox 392 715 1980 792">
    <p class='ocr_par' dir='ltr' id='par_1_8' title="bbox 392 715 1980 792">
     <span class='ocr_line' id='line_1_8' title="bbox 392 715 1980 792; baseline 0.004 -23"><span class='ocrx_word' id='word_1_29' title='bbox 392 715 514 770; x_wconf 85' lang='grc' dir='ltr'>σπθ¹</span> <span class='ocrx_word' id='word_1_30' title='bbox 551 717 609 770; x_wconf 81' lang='grc' dir='ltr'>Ὀ</span> <span class='ocrx_word' id='word_1_31' title='bbox 642 718 984 788; x_wconf 82' lang='grc' dir='ltr'>μετανοήσας</span> <span class='ocrx_word' id='word_1_32' title='bbox 1024 720 1118 772; x_wconf 75' lang='grc' dir='ltr'>ἐπὶ</span> <span class='ocrx_word' id='word_1_33' title='bbox 1163 730 1540 792; x_wconf 76' lang='grc' dir='ltr'>ἁμαρτηματι,</span> <span class='ocrx_word' id='word_1_34' title='bbox 1578 722 1673 776; x_wconf 79' lang='grc' dir='ltr'><strong>καὶ</strong></span> <span class='ocrx_word' id='word_1_35' title='bbox 1705 722 1868 776; x_wconf 83' lang='grc' dir='ltr'>πάλιν</span> <span class='ocrx_word' id='word_1_36' title='bbox 1899 724 1980 785; x_wconf 79' lang='grc' dir='ltr'>εἰς</span> 
     </span>
    </p>
   </div>
   <div class='ocr_carea' id='block_1_9' title="bbox 459 807 1670 885">
    <p class='ocr_par' dir='ltr' id='par_1_9' title="bbox 459 807 1670 885">
     <span class='ocr_line' id='line_1_9' title="bbox 459 807 1670 885; baseline 0.005 -25"><span class='ocrx_word' id='word_1_37' title='bbox 459 807 522 860; x_wconf 82' lang='grc' dir='ltr'>τὸ</span> <span class='ocrx_word' id='word_1_38' title='bbox 547 808 679 862; x_wconf 84' lang='grc' dir='ltr'>αὐτὸ</span> <span class='ocrx_word' id='word_1_39' title='bbox 714 807 973 880; x_wconf 88' lang='grc' dir='ltr'>ἐμπεσὼν</span> <span class='ocrx_word' id='word_1_40' title='bbox 996 811 1220 883; x_wconf 89' lang='grc' dir='ltr'>ἀμάρτη</span> <span class='ocrx_word' id='word_1_41' title='bbox 1233 830 1330 884; x_wconf 87' lang='grc' dir='ltr'><strong>μα,</strong></span> <span class='ocrx_word' id='word_1_42' title='bbox 1355 814 1409 865; x_wconf 90' lang='grc' dir='ltr'><strong>τί</strong></span> <span class='ocrx_word' id='word_1_43' title='bbox 1437 814 1670 885; x_wconf 87' lang='grc' dir='ltr'>ποιήσει.</span> 
     </span>
    </p>
   </div>
   <div class='ocr_carea' id='block_1_10' title="bbox 394 900 1981 977">
    <p class='ocr_par' dir='ltr' id='par_1_10' title="bbox 394 900 1981 977">
     <span class='ocr_line' id='line_1_10' title="bbox 394 900 1981 977; baseline 0.006 -25"><span class='ocrx_word' id='word_1_44' title='bbox 394 904 480 967; x_wconf 60' lang='grc' dir='ltr'><strong>σι]</strong></span> <span class='ocrx_word' id='word_1_45' title='bbox 511 900 638 964; x_wconf 85' lang='grc' dir='ltr'><strong>Πῶς</strong></span> <span class='ocrx_word' id='word_1_46' title='bbox 684 902 1002 973; x_wconf 84' lang='grc' dir='ltr'>περισσεύει</span> <span class='ocrx_word' id='word_1_47' title='bbox 1046 921 1133 967; x_wconf 91' lang='grc' dir='ltr'><strong>τις</strong></span> <span class='ocrx_word' id='word_1_48' title='bbox 1180 904 1240 957; x_wconf 80' lang='grc' dir='ltr'><strong>ἐν</strong></span> <span class='ocrx_word' id='word_1_49' title='bbox 1282 904 1360 975; x_wconf 80' lang='grc' dir='ltr'>τῷ</span> <span class='ocrx_word' id='word_1_50' title='bbox 1407 904 1553 977; x_wconf 84' lang='grc' dir='ltr'>ἔργῳ</span> <span class='ocrx_word' id='word_1_51' title='bbox 1584 907 1791 977; x_wconf 80' lang='grc' dir='ltr'>Κυρίου</span> <span class='ocrx_word' id='word_1_52' title='bbox 1842 907 1981 961; x_wconf 90' lang='grc' dir='ltr'>πάν-</span> 
     </span>
    </p>
   </div>
   <div class='ocr_carea' id='block_1_11' title="bbox 462 1011 606 1048">
    <p class='ocr_par' dir='ltr' id='par_1_11' title="bbox 462 1011 606 1048">
     <span class='ocr_line' id='line_1_11' title="bbox 462 1011 606 1048; baseline 0.007 -1"><span class='ocrx_word' id='word_1_53' title='bbox 462 1011 606 1048; x_wconf 81' lang='grc' dir='ltr'>τοτε.</span> 
     </span>
    </p>
   </div>
   <div class='ocr_carea' id='block_1_12' title="bbox 393 1085 1981 1161">
    <p class='ocr_par' dir='ltr' id='par_1_12' title="bbox 393 1085 1981 1161">
     <span class='ocr_line' id='line_1_12' title="bbox 393 1085 1981 1161; baseline 0.004 -24"><span class='ocrx_word' id='word_1_54' title='bbox 393 1091 515 1153; x_wconf 72' lang='grc' dir='ltr'>σὶια¹</span> <span class='ocrx_word' id='word_1_55' title='bbox 537 1085 633 1150; x_wconf 91' lang='grc' dir='ltr'>Τίς</span> <span class='ocrx_word' id='word_1_56' title='bbox 653 1088 801 1142; x_wconf 90' lang='grc' dir='ltr'>ἐστιν</span> <span class='ocrx_word' id='word_1_57' title='bbox 825 1092 854 1143; x_wconf 86' lang='grc' dir='ltr'><strong>ὀ</strong></span> <span class='ocrx_word' id='word_1_58' title='bbox 893 1090 1354 1161; x_wconf 82' lang='grc' dir='ltr'>συντετριμμένος</span> <span class='ocrx_word' id='word_1_59' title='bbox 1375 1091 1643 1161; x_wconf 83' lang='grc' dir='ltr'>κάλαμος,</span> <span class='ocrx_word' id='word_1_60' title='bbox 1667 1090 1700 1160; x_wconf 77' lang='grc' dir='ltr'>ἢ</span> <span class='ocrx_word' id='word_1_61' title='bbox 1727 1090 1788 1144; x_wconf 78' lang='grc' dir='ltr'>τὺ</span> <span class='ocrx_word' id='word_1_62' title='bbox 1817 1090 1981 1161; x_wconf 89' lang='grc' dir='ltr'>τυφό-</span> 
     </span>
    </p>
   </div>
   <div class='ocr_carea' id='block_1_13' title="bbox 469 1180 1981 1253">
    <p class='ocr_par' dir='ltr' id='par_1_13' title="bbox 469 1180 1981 1253">
     <span class='ocr_line' id='line_1_13' title="bbox 469 1180 1981 1253; baseline 0.003 -21"><span class='ocrx_word' id='word_1_63' title='bbox 469 1193 629 1247; x_wconf 89' lang='grc' dir='ltr'>μενον</span> <span class='ocrx_word' id='word_1_64' title='bbox 655 1180 829 1234; x_wconf 74' lang='grc' dir='ltr'>λίνονο</span> <span class='ocrx_word' id='word_1_65' title='bbox 859 1182 953 1235; x_wconf 77' lang='grc' dir='ltr'>καὶ</span> <span class='ocrx_word' id='word_1_66' title='bbox 981 1180 1100 1245; x_wconf 88' lang='grc' dir='ltr'><strong>πῶς</strong></span> <span class='ocrx_word' id='word_1_67' title='bbox 1128 1199 1210 1247; x_wconf 88' lang='grc' dir='ltr'><strong>τις</strong></span> <span class='ocrx_word' id='word_1_68' title='bbox 1237 1182 1297 1236; x_wconf 83' lang='grc' dir='ltr'><strong>τὸ</strong></span> <span class='ocrx_word' id='word_1_69' title='bbox 1330 1182 1429 1253; x_wconf 87' lang='grc' dir='ltr'><strong>μὲν</strong></span> <span class='ocrx_word' id='word_1_70' title='bbox 1452 1183 1513 1236; x_wconf 86' lang='grc' dir='ltr'><strong>οὐ</strong></span> <span class='ocrx_word' id='word_1_71' title='bbox 1534 1182 1809 1248; x_wconf 79' lang='grc' dir='ltr'>κατεάξει,</span> <span class='ocrx_word' id='word_1_72' title='bbox 1832 1183 1893 1236; x_wconf 84' lang='grc' dir='ltr'><strong>τὸ</strong></span> <span class='ocrx_word' id='word_1_73' title='bbox 1922 1182 1981 1235; x_wconf 82' lang='grc' dir='ltr'>δὲ</span> 
     </span>
    </p>
   </div>
   <div class='ocr_carea' id='block_1_14' title="bbox 466 1270 869 1325">
    <p class='ocr_par' dir='ltr' id='par_1_14' title="bbox 466 1270 869 1325">
     <span class='ocr_line' id='line_1_14' title="bbox 466 1270 869 1325; baseline 0.005 -2"><span class='ocrx_word' id='word_1_74' title='bbox 466 1270 530 1323; x_wconf 78' lang='grc' dir='ltr'><strong>οὒ</strong></span> <span class='ocrx_word' id='word_1_75' title='bbox 566 1270 756 1324; x_wconf 91' lang='grc' dir='ltr'>σϐέννυ</span> <span class='ocrx_word' id='word_1_76' title='bbox 766 1288 869 1325; x_wconf 93' lang='grc' dir='ltr'>σιν.</span> 
     </span>
    </p>
   </div>
   <div class='ocr_carea' id='block_1_15' title="bbox 395 1359 1981 1436">
    <p class='ocr_par' dir='ltr' id='par_1_15' title="bbox 395 1359 1981 1436">
     <span class='ocr_line' id='line_1_15' title="bbox 395 1359 1981 1436; baseline 0.002 -21"><span class='ocrx_word' id='word_1_77' title='bbox 395 1361 516 1433; x_wconf 45' lang='lat' dir='ltr'><strong>ab?</strong></span> <span class='ocrx_word' id='word_1_78' title='bbox 547 1363 610 1416; x_wconf 82' lang='grc' dir='ltr'>Εί</span> <span class='ocrx_word' id='word_1_79' title='bbox 646 1363 753 1435; x_wconf 84' lang='grc' dir='ltr'>χρὴ</span> <span class='ocrx_word' id='word_1_80' title='bbox 788 1364 846 1417; x_wconf 83' lang='grc' dir='ltr'><strong>ἐν</strong></span> <span class='ocrx_word' id='word_1_81' title='bbox 891 1363 1215 1436; x_wconf 78' lang='grc' dir='ltr'>ἀδελφότητι</span> <span class='ocrx_word' id='word_1_82' title='bbox 1248 1364 1478 1418; x_wconf 87' lang='grc' dir='ltr'>παιδίων</span> <span class='ocrx_word' id='word_1_83' title='bbox 1523 1364 1791 1435; x_wconf 82' lang='grc' dir='ltr'>βιωτικῶν</span> <span class='ocrx_word' id='word_1_84' title='bbox 1840 1359 1981 1419; x_wconf 75' lang='grc' dir='ltr'>εἶναι</span> 
     </span>
    </p>
   </div>
   <div class='ocr_carea' id='block_1_16' title="bbox 498 1453 806 1510">
    <p class='ocr_par' dir='ltr' id='par_1_16' title="bbox 498 1453 806 1510">
     <span class='ocr_line' id='line_1_16' title="bbox 498 1453 806 1510; baseline 0.01 -4"><span class='ocrx_word' id='word_1_85' title='bbox 498 1453 806 1510; x_wconf 86' lang='grc' dir='ltr'>ιδὰσκαλον.</span> 
     </span>
    </p>
   </div>
   <div class='ocr_carea' id='block_1_17' title="bbox 397 1546 1981 1620">
    <p class='ocr_par' dir='ltr' id='par_1_17' title="bbox 397 1546 1981 1620">
     <span class='ocr_line' id='line_1_17' title="bbox 397 1546 1981 1620; baseline 0.001 -20"><span class='ocrx_word' id='word_1_86' title='bbox 397 1551 518 1616; x_wconf 64' lang='grc' dir='ltr'>σιιγ’</span> <span class='ocrx_word' id='word_1_87' title='bbox 546 1546 673 1611; x_wconf 87' lang='grc' dir='ltr'><strong>Πῶς</strong></span> <span class='ocrx_word' id='word_1_88' title='bbox 718 1547 803 1601; x_wconf 84' lang='grc' dir='ltr'>δεῖ</span> <span class='ocrx_word' id='word_1_89' title='bbox 855 1547 1263 1620; x_wconf 80' lang='grc' dir='ltr'>προσφέρεσθαι</span> <span class='ocrx_word' id='word_1_90' title='bbox 1314 1551 1429 1611; x_wconf 87' lang='grc' dir='ltr'>τοῖς</span> <span class='ocrx_word' id='word_1_91' title='bbox 1479 1546 1550 1601; x_wconf 83' lang='grc' dir='ltr'>τὰ</span> <span class='ocrx_word' id='word_1_92' title='bbox 1596 1548 1819 1619; x_wconf 76' lang='grc' dir='ltr'>μείζονα</span> <span class='ocrx_word' id='word_1_93' title='bbox 1871 1547 1981 1601; x_wconf 84' lang='grc' dir='ltr'><strong>τῶν</strong></span> 
     </span>
    </p>
   </div>
   <div class='ocr_carea' id='block_1_18' title="bbox 465 1641 1983 1717">
    <p class='ocr_par' dir='ltr' id='par_1_18' title="bbox 465 1641 1983 1717">
     <span class='ocr_line' id='line_1_18' title="bbox 465 1641 1983 1717; baseline 0.003 -24"><span class='ocrx_word' id='word_1_94' title='bbox 465 1641 882 1713; x_wconf 84' lang='grc' dir='ltr'>ἁμαρτημάτων</span> <span class='ocrx_word' id='word_1_95' title='bbox 914 1642 1393 1715; x_wconf 81' lang='grc' dir='ltr'>παραιτουμένοις,</span> <span class='ocrx_word' id='word_1_96' title='bbox 1432 1643 1501 1697; x_wconf 89' lang='grc' dir='ltr'><strong>τά</strong></span> <span class='ocrx_word' id='word_1_97' title='bbox 1528 1643 1585 1697; x_wconf 87' lang='grc' dir='ltr'><strong>δέ</strong></span> <span class='ocrx_word' id='word_1_98' title='bbox 1634 1644 1806 1717; x_wconf 88' lang='grc' dir='ltr'>μικρά</span> <span class='ocrx_word' id='word_1_99' title='bbox 1832 1642 1983 1697; x_wconf 90' lang='grc' dir='ltr'>ἀδια-</span> 
     </span>
    </p>
   </div>
   <div class='ocr_carea' id='block_1_19' title="bbox 468 1732 953 1802">
    <p class='ocr_par' dir='ltr' id='par_1_19' title="bbox 468 1732 953 1802">
     <span class='ocr_line' id='line_1_19' title="bbox 468 1732 953 1802; baseline 0.006 -17"><span class='ocrx_word' id='word_1_100' title='bbox 468 1732 649 1802; x_wconf 81' lang='grc' dir='ltr'>φόρως</span> <span class='ocrx_word' id='word_1_101' title='bbox 686 1733 953 1789; x_wconf 83' lang='grc' dir='ltr'>ποιοῦσιν.</span> 
     </span>
    </p>
   </div>
   <div class='ocr_carea' id='block_1_20' title="bbox 2162 536 3456 610">
    <p class='ocr_par' dir='ltr' id='par_1_20' title="bbox 2162 536 3456 610">
     <span class='ocr_line' id='line_1_20' title="bbox 2162 536 3456 610; baseline 0.002 -17"><span class='ocrx_word' id='word_1_102' title='bbox 2162 546 2216 593; x_wconf 90' lang='lat' dir='ltr'><strong>et</strong></span> <span class='ocrx_word' id='word_1_103' title='bbox 2246 537 2591 609; x_wconf 79' lang='lat' dir='ltr'><strong>quibuslibet</strong></span> <span class='ocrx_word' id='word_1_104' title='bbox 2616 537 2777 593; x_wconf 87' lang='lat' dir='ltr'><strong>debet</strong></span> <span class='ocrx_word' id='word_1_105' title='bbox 2808 536 3078 605; x_wconf 83' lang='lat' dir='ltr'><strong>conﬁteri,</strong></span> <span class='ocrx_word' id='word_1_106' title='bbox 3111 544 3205 593; x_wconf 91' lang='lat' dir='ltr'><strong>aut</strong></span> <span class='ocrx_word' id='word_1_107' title='bbox 3231 538 3456 610; x_wconf 85' lang='lat' dir='ltr'><strong>quibus.</strong></span> 
     </span>
    </p>
   </div>
   <div class='ocr_carea' id='block_1_21' title="bbox 2084 716 3659 791">
    <p class='ocr_par' dir='ltr' id='par_1_21' title="bbox 2084 716 3659 791">
     <span class='ocr_line' id='line_1_21' title="bbox 2084 716 3659 791; baseline -0.004 -16"><span class='ocrx_word' id='word_1_108' title='bbox 2084 722 2191 777; x_wconf 73' lang='lat'>289</span> <span class='ocrx_word' id='word_1_109' title='bbox 2229 719 2400 787; x_wconf 87' lang='lat' dir='ltr'><strong>Quem</strong></span> <span class='ocrx_word' id='word_1_110' title='bbox 2431 718 2687 791; x_wconf 75' lang='lat' dir='ltr'><strong>pcenituit</strong></span> <span class='ocrx_word' id='word_1_111' title='bbox 2715 717 2947 789; x_wconf 84' lang='lat' dir='ltr'><strong>peccati,</strong></span> <span class='ocrx_word' id='word_1_112' title='bbox 2981 725 3036 771; x_wconf 90' lang='lat' dir='ltr'><strong>et</strong></span> <span class='ocrx_word' id='word_1_113' title='bbox 3062 731 3259 773; x_wconf 86' lang='lat' dir='ltr'><strong>rursus</strong></span> <span class='ocrx_word' id='word_1_114' title='bbox 3289 716 3347 772; x_wconf 89' lang='lat' dir='ltr'><strong>in</strong></span> <span class='ocrx_word' id='word_1_115' title='bbox 3372 717 3516 773; x_wconf 89' lang='lat' dir='ltr'><strong>idem</strong></span> <span class='ocrx_word' id='word_1_116' title='bbox 3535 732 3659 789; x_wconf 84' lang='lat' dir='ltr'><strong>pec:</strong></span> 
     </span>
    </p>
   </div>
   <div class='ocr_carea' id='block_1_22' title="bbox 2155 808 2962 881">
    <p class='ocr_par' dir='ltr' id='par_1_22' title="bbox 2155 808 2962 881">
     <span class='ocr_line' id='line_1_22' title="bbox 2155 808 2962 881; baseline -0.004 -15"><span class='ocrx_word' id='word_1_117' title='bbox 2155 820 2341 867; x_wconf 88' lang='lat' dir='ltr'><strong>catum</strong></span> <span class='ocrx_word' id='word_1_118' title='bbox 2364 812 2591 877; x_wconf 90' lang='lat' dir='ltr'><strong>labitur,</strong></span> <span class='ocrx_word' id='word_1_119' title='bbox 2620 809 2750 881; x_wconf 91' lang='lat' dir='ltr'><strong>quid</strong></span> <span class='ocrx_word' id='word_1_120' title='bbox 2780 808 2962 864; x_wconf 87' lang='lat' dir='ltr'><strong>faciet.</strong></span> 
     </span>
    </p>
   </div>
   <div class='ocr_carea' id='block_1_23' title="bbox 2081 894 3656 971">
    <p class='ocr_par' dir='ltr' id='par_1_23' title="bbox 2081 894 3656 971">
     <span class='ocr_line' id='line_1_23' title="bbox 2081 894 3656 971; baseline -0.004 -16"><span class='ocrx_word' id='word_1_121' title='bbox 2081 900 2187 956; x_wconf 76' lang='lat'>290</span> <span class='ocrx_word' id='word_1_122' title='bbox 2231 899 2519 967; x_wconf 83' lang='lat' dir='ltr'><strong>Quomodo</strong></span> <span class='ocrx_word' id='word_1_123' title='bbox 2545 900 2673 971; x_wconf 91' lang='lat' dir='ltr'><strong>quis</strong></span> <span class='ocrx_word' id='word_1_124' title='bbox 2704 913 2920 970; x_wconf 83' lang='lat' dir='ltr'><strong>semper</strong></span> <span class='ocrx_word' id='word_1_125' title='bbox 2947 895 3124 968; x_wconf 83' lang='lat' dir='ltr'><strong>magis</strong></span> <span class='ocrx_word' id='word_1_126' title='bbox 3151 910 3216 951; x_wconf 88' lang='lat' dir='ltr'><strong>ac</strong></span> <span class='ocrx_word' id='word_1_127' title='bbox 3241 896 3417 968; x_wconf 75' lang='lat' dir='ltr'><strong>magis</strong></span> <span class='ocrx_word' id='word_1_128' title='bbox 3446 894 3656 968; x_wconf 80' lang='lat' dir='ltr'><strong>proﬁcit</strong></span> 
     </span>
    </p>
   </div>
   <div class='ocr_carea' id='block_1_24' title="bbox 2157 990 2679 1063">
    <p class='ocr_par' dir='ltr' id='par_1_24' title="bbox 2157 990 2679 1063">
     <span class='ocr_line' id='line_1_24' title="bbox 2157 990 2679 1063; baseline 0.002 -17"><span class='ocrx_word' id='word_1_129' title='bbox 2157 993 2214 1047; x_wconf 91' lang='lat' dir='ltr'><strong>in</strong></span> <span class='ocrx_word' id='word_1_130' title='bbox 2242 1007 2408 1063; x_wconf 92' lang='lat' dir='ltr'><strong>opere</strong></span> <span class='ocrx_word' id='word_1_131' title='bbox 2440 990 2679 1047; x_wconf 88' lang='lat' dir='ltr'><strong>Domini.</strong></span> 
     </span>
    </p>
   </div>
   <div class='ocr_carea' id='block_1_25' title="bbox 2083 1080 3659 1154">
    <p class='ocr_par' dir='ltr' id='par_1_25' title="bbox 2083 1080 3659 1154">
     <span class='ocr_line' id='line_1_25' title="bbox 2083 1080 3659 1154; baseline -0.001 -15"><span class='ocrx_word' id='word_1_132' title='bbox 2083 1084 2185 1140; x_wconf 72' lang='lat'><strong>291</strong></span> <span class='ocrx_word' id='word_1_133' title='bbox 2234 1085 2367 1151; x_wconf 82' lang='lat' dir='ltr'><strong>Quae</strong></span> <span class='ocrx_word' id='word_1_134' title='bbox 2398 1086 2472 1139; x_wconf 90' lang='lat' dir='ltr'><strong>sit</strong></span> <span class='ocrx_word' id='word_1_135' title='bbox 2501 1084 2715 1139; x_wconf 91' lang='lat' dir='ltr'><strong>arundo</strong></span> <span class='ocrx_word' id='word_1_136' title='bbox 2736 1082 2996 1149; x_wconf 89' lang='lat' dir='ltr'><strong>contrita,</strong></span> <span class='ocrx_word' id='word_1_137' title='bbox 3027 1091 3121 1138; x_wconf 92' lang='lat' dir='ltr'><strong>aut</strong></span> <span class='ocrx_word' id='word_1_138' title='bbox 3152 1080 3425 1154; x_wconf 78' lang='lat' dir='ltr'><strong>fumigans</strong></span> <span class='ocrx_word' id='word_1_139' title='bbox 3450 1081 3659 1137; x_wconf 87' lang='lat' dir='ltr'><strong>linum:</strong></span> 
     </span>
    </p>
   </div>
   <div class='ocr_carea' id='block_1_26' title="bbox 2153 1171 3661 1245">
    <p class='ocr_par' dir='ltr' id='par_1_26' title="bbox 2153 1171 3661 1245">
     <span class='ocr_line' id='line_1_26' title="bbox 2153 1171 3661 1245; baseline -0.002 -16"><span class='ocrx_word' id='word_1_140' title='bbox 2153 1184 2209 1229; x_wconf 92' lang='lat' dir='ltr'><strong>et</strong></span> <span class='ocrx_word' id='word_1_141' title='bbox 2234 1174 2514 1245; x_wconf 90' lang='lat' dir='ltr'><strong>quomodo</strong></span> <span class='ocrx_word' id='word_1_142' title='bbox 2542 1175 2669 1245; x_wconf 90' lang='lat' dir='ltr'><strong>quis</strong></span> <span class='ocrx_word' id='word_1_143' title='bbox 2697 1173 2848 1227; x_wconf 85' lang='lat' dir='ltr'><strong>illam</strong></span> <span class='ocrx_word' id='word_1_144' title='bbox 2880 1188 2993 1228; x_wconf 89' lang='lat' dir='ltr'><strong>non</strong></span> <span class='ocrx_word' id='word_1_145' title='bbox 3034 1171 3504 1245; x_wconf 78' lang='lat' dir='ltr'><strong>confringet,_hoc</strong></span> <span class='ocrx_word' id='word_1_146' title='bbox 3532 1186 3661 1227; x_wconf 76' lang='lat' dir='ltr'><strong>vero</strong></span> 
     </span>
    </p>
   </div>
   <div class='ocr_carea' id='block_1_27' title="bbox 2080 1247 2696 1338">
    <p class='ocr_par' dir='ltr' id='par_1_27' title="bbox 2080 1247 2696 1338">
     <span class='ocr_line' id='line_1_27' title="bbox 2080 1247 2696 1338; baseline 0.003 -17"><span class='ocrx_word' id='word_1_147' title='bbox 2080 1247 2101 1267; x_wconf 57' lang='grc'><strong>⁷</strong></span> <span class='ocrx_word' id='word_1_148' title='bbox 2159 1282 2271 1323; x_wconf 89' lang='lat' dir='ltr'><strong>non</strong></span> <span class='ocrx_word' id='word_1_149' title='bbox 2304 1268 2614 1338; x_wconf 79' lang='lat' dir='ltr'><strong>exstinguet</strong></span> <span class='ocrx_word' id='word_1_150' title='bbox 2631 1267 2696 1323; x_wconf 69' lang='grc' dir='ltr'><strong>δι.</strong></span> 
     </span>
    </p>
   </div>
   <div class='ocr_carea' id='block_1_28' title="bbox 2082 1358 3659 1426">
    <p class='ocr_par' dir='ltr' id='par_1_28' title="bbox 2082 1358 3659 1426">
     <span class='ocr_line' id='line_1_28' title="bbox 2082 1358 3659 1426; baseline -0.001 -13"><span class='ocrx_word' id='word_1_151' title='bbox 2082 1358 2191 1414; x_wconf 75' lang='grc'><strong>292</strong></span> <span class='ocrx_word' id='word_1_152' title='bbox 2227 1362 2314 1415; x_wconf 83' lang='lat' dir='ltr'><strong>An</strong></span> <span class='ocrx_word' id='word_1_153' title='bbox 2356 1360 2649 1415; x_wconf 76' lang='lat' dir='ltr'><strong>conveniat</strong></span> <span class='ocrx_word' id='word_1_154' title='bbox 2693 1361 2749 1413; x_wconf 87' lang='lat' dir='ltr'><strong>in</strong></span> <span class='ocrx_word' id='word_1_155' title='bbox 2786 1364 3020 1412; x_wconf 79' lang='lat' dir='ltr'><strong>fratrum</strong></span> <span class='ocrx_word' id='word_1_156' title='bbox 3061 1371 3336 1413; x_wconf 83' lang='lat' dir='ltr'><strong>conventu</strong></span> <span class='ocrx_word' id='word_1_157' title='bbox 3368 1368 3659 1426; x_wconf 75' lang='lat' dir='ltr'><strong>puerorum</strong></span> 
     </span>
    </p>
   </div>
   <div class='ocr_carea' id='block_1_29' title="bbox 2162 1453 3253 1522">
    <p class='ocr_par' dir='ltr' id='par_1_29' title="bbox 2162 1453 3253 1522">
     <span class='ocr_line' id='line_1_29' title="bbox 2162 1453 3253 1522; baseline -0.003 -13"><span class='ocrx_word' id='word_1_158' title='bbox 2162 1453 2366 1509; x_wconf 70' lang='lat' dir='ltr'><strong>sazculo</strong></span> <span class='ocrx_word' id='word_1_159' title='bbox 2391 1453 2737 1509; x_wconf 89' lang='lat' dir='ltr'><strong>addictorum</strong></span> <span class='ocrx_word' id='word_1_160' title='bbox 2762 1453 3084 1522; x_wconf 82' lang='lat' dir='ltr'><strong>magistrum</strong></span> <span class='ocrx_word' id='word_1_161' title='bbox 3110 1466 3253 1506; x_wconf 91' lang='lat' dir='ltr'><strong>esse.</strong></span> 
     </span>
    </p>
   </div>
   <div class='ocr_carea' id='block_1_30' title="bbox 2082 1541 3663 1620">
    <p class='ocr_par' dir='ltr' id='par_1_30' title="bbox 2082 1541 3663 1620">
     <span class='ocr_line' id='line_1_30' title="bbox 2082 1541 3663 1620; baseline -0.003 -20"><span class='ocrx_word' id='word_1_162' title='bbox 2082 1545 2189 1601; x_wconf 73' lang='lat'><strong>295</strong></span> <span class='ocrx_word' id='word_1_163' title='bbox 2226 1544 2513 1611; x_wconf 86' lang='lat' dir='ltr'><strong>Quomodo</strong></span> <span class='ocrx_word' id='word_1_164' title='bbox 2557 1561 2683 1600; x_wconf 92' lang='lat' dir='ltr'><strong>cum</strong></span> <span class='ocrx_word' id='word_1_165' title='bbox 2726 1545 2795 1600; x_wconf 90' lang='lat' dir='ltr'><strong>iis</strong></span> <span class='ocrx_word' id='word_1_166' title='bbox 2841 1544 3109 1620; x_wconf 80' lang='lat' dir='ltr'><strong>agendum</strong></span> <span class='ocrx_word' id='word_1_167' title='bbox 3152 1543 3246 1606; x_wconf 88' lang='lat' dir='ltr'><strong>sit,</strong></span> <span class='ocrx_word' id='word_1_168' title='bbox 3282 1541 3377 1614; x_wconf 90' lang='lat' dir='ltr'><strong>qui</strong></span> <span class='ocrx_word' id='word_1_169' title='bbox 3424 1542 3663 1598; x_wconf 76' lang='lat' dir='ltr'><strong>devitant</strong></span> 
     </span>
    </p>
   </div>
   <div class='ocr_carea' id='block_1_31' title="bbox 2153 1633 3661 1709">
    <p class='ocr_par' dir='ltr' id='par_1_31' title="bbox 2153 1633 3661 1709">
     <span class='ocr_line' id='line_1_31' title="bbox 2153 1633 3661 1709; baseline -0.003 -17"><span class='ocrx_word' id='word_1_170' title='bbox 2153 1638 2409 1709; x_wconf 80' lang='lat' dir='ltr'><strong>graviora</strong></span> <span class='ocrx_word' id='word_1_171' title='bbox 2451 1644 2700 1709; x_wconf 89' lang='lat' dir='ltr'><strong>peccata,</strong></span> <span class='ocrx_word' id='word_1_172' title='bbox 2746 1636 2888 1692; x_wconf 88' lang='lat' dir='ltr'><strong>levia</strong></span> <span class='ocrx_word' id='word_1_173' title='bbox 2922 1651 3053 1692; x_wconf 89' lang='lat' dir='ltr'><strong>vero</strong></span> <span class='ocrx_word' id='word_1_174' title='bbox 3081 1641 3300 1707; x_wconf 83' lang='lat' dir='ltr'><strong>patrant</strong></span> <span class='ocrx_word' id='word_1_175' title='bbox 3332 1633 3661 1689; x_wconf 65' lang='lat' dir='ltr'><strong>indiscrimi~</strong></span> 
     </span>
    </p>
   </div>
   <div class='ocr_carea' id='block_1_32' title="bbox 2158 1728 2355 1783">
    <p class='ocr_par' dir='ltr' id='par_1_32' title="bbox 2158 1728 2355 1783">
     <span class='ocr_line' id='line_1_32' title="bbox 2158 1728 2355 1783; baseline -0.005 0"><span class='ocrx_word' id='word_1_176' title='bbox 2158 1728 2355 1783; x_wconf 88' lang='lat' dir='ltr'><strong>natim.</strong></span> 
     </span>
    </p>
   </div>
   <div class='ocr_carea' id='block_1_33' title="bbox 395 1794 1981 1897">
    <p class='ocr_par' dir='ltr' id='par_1_33' title="bbox 395 1794 1979 1897">
     <span class='ocr_line' id='line_1_33' title="bbox 395 1794 1979 1897; baseline 0.004 -24"><span class='ocrx_word' id='word_1_177' title='bbox 395 1794 513 1888; x_wconf 68' lang='grc' dir='ltr'><strong>επὶ-ιδ’</strong></span> <span class='ocrx_word' id='word_1_178' title='bbox 543 1794 643 1875; x_wconf 53' lang='grc' dir='ltr'><strong>λεὶ</strong></span> <span class='ocrx_word' id='word_1_179' title='bbox 688 1824 849 1887; x_wconf 89' lang='grc' dir='ltr'>ποίας</span> <span class='ocrx_word' id='word_1_180' title='bbox 899 1825 1077 1889; x_wconf 88' lang='grc' dir='ltr'>αίτίας</span> <span class='ocrx_word' id='word_1_181' title='bbox 1128 1824 1383 1879; x_wconf 74' lang='grc' dir='ltr'>ἐκπίπτει</span> <span class='ocrx_word' id='word_1_182' title='bbox 1426 1842 1508 1889; x_wconf 90' lang='grc' dir='ltr'><strong>τις</strong></span> <span class='ocrx_word' id='word_1_183' title='bbox 1561 1825 1659 1897; x_wconf 81' lang='grc' dir='ltr'>τῆς</span> <span class='ocrx_word' id='word_1_184' title='bbox 1698 1824 1979 1897; x_wconf 81' lang='grc' dir='ltr'>διηνεκοῦς</span> 
     </span>
    </p>
   </div>
   <div class='ocr_carea' id='block_1_34' title="bbox 2099 1794 3662 1897">
    <p class='ocr_par' dir='ltr' id='par_1_34' title="bbox 2099 1814 3662 1891">
     <span class='ocr_line' id='line_1_34' title="bbox 2099 1814 3662 1891; baseline -0.004 -15"><span class='ocrx_word' id='word_1_185' title='bbox 2099 1822 2193 1879; x_wconf 71' lang='grc' dir='ltr'><strong>ὶ94</strong></span> <span class='ocrx_word' id='word_1_186' title='bbox 2231 1821 2351 1888; x_wconf 91' lang='lat' dir='ltr'><strong>Qua</strong></span> <span class='ocrx_word' id='word_1_187' title='bbox 2383 1822 2451 1876; x_wconf 91' lang='lat' dir='ltr'><strong>de</strong></span> <span class='ocrx_word' id='word_1_188' title='bbox 2477 1834 2649 1877; x_wconf 90' lang='lat' dir='ltr'><strong>causa</strong></span> <span class='ocrx_word' id='word_1_189' title='bbox 2675 1833 2787 1875; x_wconf 92' lang='lat' dir='ltr'><strong>non</strong></span> <span class='ocrx_word' id='word_1_190' title='bbox 2819 1826 3001 1876; x_wconf 82' lang='lat' dir='ltr'><strong>servet</strong></span> <span class='ocrx_word' id='word_1_191' title='bbox 3022 1818 3221 1891; x_wconf 90' lang='lat' dir='ltr'><strong>aliquis</strong></span> <span class='ocrx_word' id='word_1_192' title='bbox 3260 1817 3539 1874; x_wconf 86' lang='lat' dir='ltr'><strong>assiduam</strong></span> <span class='ocrx_word' id='word_1_193' title='bbox 3567 1814 3662 1872; x_wconf 86' lang='lat' dir='ltr'><strong>Dei</strong></span> 
     </span>
    </p>
   </div>
   <div class='ocr_carea' id='block_1_35' title="bbox 468 1914 1001 1987">
    <p class='ocr_par' dir='ltr' id='par_1_35' title="bbox 468 1914 1001 1987">
     <span class='ocr_line' id='line_1_35' title="bbox 468 1914 1001 1987; baseline 0.008 -20"><span class='ocrx_word' id='word_1_194' title='bbox 468 1914 692 1987; x_wconf 84' lang='grc' dir='ltr'>μνήμης</span> <span class='ocrx_word' id='word_1_195' title='bbox 719 1915 815 1969; x_wconf 85' lang='grc' dir='ltr'><strong>τοῦ</strong></span> <span class='ocrx_word' id='word_1_196' title='bbox 844 1916 1001 1971; x_wconf 87' lang='grc' dir='ltr'>Θεοῦ.</span> 
     </span>
    </p>
   </div>
   <div class='ocr_carea' id='block_1_36' title="bbox 396 2005 1837 2083">
    <p class='ocr_par' dir='ltr' id='par_1_36' title="bbox 396 2005 1837 2083">
     <span class='ocr_line' id='line_1_36' title="bbox 396 2005 1837 2083; baseline 0.003 -26"><span class='ocrx_word' id='word_1_197' title='bbox 396 2010 511 2072; x_wconf 49' lang='grc' dir='ltr'>σικεν</span> <span class='ocrx_word' id='word_1_198' title='bbox 548 2005 645 2061; x_wconf 86' lang='grc' dir='ltr'>Ἐκ</span> <span class='ocrx_word' id='word_1_199' title='bbox 673 2008 843 2062; x_wconf 83' lang='grc' dir='ltr'>ποίων</span> <span class='ocrx_word' id='word_1_200' title='bbox 868 2008 1111 2080; x_wconf 85' lang='grc' dir='ltr'>σημείων</span> <span class='ocrx_word' id='word_1_201' title='bbox 1134 2010 1459 2083; x_wconf 77' lang='grc' dir='ltr'>γνωρίζεται</span> <span class='ocrx_word' id='word_1_202' title='bbox 1487 2011 1515 2063; x_wconf 87' lang='grc' dir='ltr'><strong>ό</strong></span> <span class='ocrx_word' id='word_1_203' title='bbox 1545 2008 1837 2081; x_wconf 89' lang='grc' dir='ltr'>μετέωρος.</span> 
     </span>
    </p>
   </div>
   <div class='ocr_carea' id='block_1_37' title="bbox 397 2183 1983 2258">
    <p class='ocr_par' dir='ltr' id='par_1_37' title="bbox 397 2183 1983 2258">
     <span class='ocr_line' id='line_1_37' title="bbox 397 2183 1983 2258; baseline 0.001 -21"><span class='ocrx_word' id='word_1_204' title='bbox 397 2189 527 2251; x_wconf 69' lang='grc' dir='ltr'>σιιςδ</span> <span class='ocrx_word' id='word_1_205' title='bbox 559 2183 685 2248; x_wconf 91' lang='grc' dir='ltr'><strong>Πῶς</strong></span> <span class='ocrx_word' id='word_1_206' title='bbox 706 2184 1097 2258; x_wconf 82' lang='grc' dir='ltr'>πληροφορηθῇ</span> <span class='ocrx_word' id='word_1_207' title='bbox 1128 2185 1299 2257; x_wconf 77' lang='grc' dir='ltr'>ψυχὴ,</span> <span class='ocrx_word' id='word_1_208' title='bbox 1328 2185 1409 2238; x_wconf 85' lang='grc' dir='ltr'>ὅτι</span> <span class='ocrx_word' id='word_1_209' title='bbox 1434 2183 1542 2239; x_wconf 85' lang='grc' dir='ltr'><strong>τῶν</strong></span> <span class='ocrx_word' id='word_1_210' title='bbox 1567 2184 1983 2257; x_wconf 81' lang='grc' dir='ltr'>ἁμαρτημάτων</span> 
     </span>
    </p>
   </div>
   <div class='ocr_carea' id='block_1_38' title="bbox 468 2275 784 2349">
    <p class='ocr_par' dir='ltr' id='par_1_38' title="bbox 468 2275 784 2349">
     <span class='ocr_line' id='line_1_38' title="bbox 468 2275 784 2349; baseline 0.003 -19"><span class='ocrx_word' id='word_1_211' title='bbox 468 2275 784 2349; x_wconf 82' lang='grc' dir='ltr'>καθαρεύει.</span> 
     </span>
    </p>
   </div>
   <div class='ocr_carea' id='block_1_39' title="bbox 395 2366 1980 2442">
    <p class='ocr_par' dir='ltr' id='par_1_39' title="bbox 395 2366 1980 2442">
     <span class='ocr_line' id='line_1_39' title="bbox 395 2366 1980 2442; baseline -0.001 -21"><span class='ocrx_word' id='word_1_212' title='bbox 395 2367 516 2436; x_wconf 64' lang='grc' dir='ltr'>σιιζν</span> <span class='ocrx_word' id='word_1_213' title='bbox 576 2368 701 2435; x_wconf 86' lang='grc' dir='ltr'>Πῶς</span> <span class='ocrx_word' id='word_1_214' title='bbox 774 2369 880 2423; x_wconf 82' lang='grc' dir='ltr'><strong>ἀπὸ</strong></span> <span class='ocrx_word' id='word_1_215' title='bbox 950 2370 1060 2422; x_wconf 87' lang='grc' dir='ltr'><strong>τῶν</strong></span> <span class='ocrx_word' id='word_1_216' title='bbox 1140 2368 1554 2442; x_wconf 82' lang='grc' dir='ltr'>ἁμαρτημάτων</span> <span class='ocrx_word' id='word_1_217' title='bbox 1630 2366 1980 2439; x_wconf 74' lang='grc' dir='ltr'>ἐπιστρέφειν</span> 
     </span>
    </p>
   </div>
   <div class='ocr_carea' id='block_1_40' title="bbox 396 2462 1979 2625">
    <p class='ocr_par' dir='ltr' id='par_1_40' title="bbox 396 2462 1979 2625">
     <span class='ocr_line' id='line_1_40' title="bbox 396 2462 1979 2625; baseline 0 -21"><span class='ocrx_word' id='word_1_218' title='bbox 396 2462 602 2623; x_wconf 37' lang='lat' dir='ltr'><strong>sugg!</strong></span> <span class='ocrx_word' id='word_1_219' title='bbox 632 2553 699 2606; x_wconf 73' lang='grc' dir='ltr'>τὰ</span> <span class='ocrx_word' id='word_1_220' title='bbox 723 2552 865 2607; x_wconf 86' lang='grc' dir='ltr'><strong>καλά</strong></span> <span class='ocrx_word' id='word_1_221' title='bbox 900 2556 1020 2609; x_wconf 77' lang='grc' dir='ltr'>κατ’</span> <span class='ocrx_word' id='word_1_222' title='bbox 1064 2553 1200 2607; x_wconf 75' lang='grc' dir='ltr'>ἰδίαν</span> <span class='ocrx_word' id='word_1_223' title='bbox 1229 2555 1524 2625; x_wconf 83' lang='grc' dir='ltr'>ἀρέσκειαν</span> <span class='ocrx_word' id='word_1_224' title='bbox 1560 2555 1733 2607; x_wconf 86' lang='grc' dir='ltr'>ποιεῖν</span> <span class='ocrx_word' id='word_1_225' title='bbox 1765 2555 1793 2606; x_wconf 89' lang='grc' dir='ltr'><strong>ό</strong></span> <span class='ocrx_word' id='word_1_226' title='bbox 1822 2552 1979 2621; x_wconf 85' lang='grc' dir='ltr'>λόγος</span> 
     </span>
    </p>
   </div>
   <div class='ocr_carea' id='block_1_41' title="bbox 468 2649 758 2716">
    <p class='ocr_par' dir='ltr' id='par_1_41' title="bbox 468 2649 758 2716">
     <span class='ocr_line' id='line_1_41' title="bbox 468 2649 758 2716; baseline 0.003 -18"><span class='ocrx_word' id='word_1_227' title='bbox 468 2649 758 2716; x_wconf 85' lang='grc' dir='ltr'>συγχωρεῖ.</span> 
     </span>
    </p>
   </div>
   <div class='ocr_carea' id='block_1_42' title="bbox 397 2738 1982 2813">
    <p class='ocr_par' dir='ltr' id='par_1_42' title="bbox 397 2738 1982 2813">
     <span class='ocr_line' id='line_1_42' title="bbox 397 2738 1982 2813; baseline 0.001 -22"><span class='ocrx_word' id='word_1_228' title='bbox 397 2739 515 2806; x_wconf 61' lang='grc' dir='ltr'>σιιθ’</span> <span class='ocrx_word' id='word_1_229' title='bbox 541 2740 665 2803; x_wconf 88' lang='grc' dir='ltr'><strong>Πῶς</strong></span> <span class='ocrx_word' id='word_1_230' title='bbox 694 2740 1080 2813; x_wconf 83' lang='grc' dir='ltr'>πληροφορηθῇ</span> <span class='ocrx_word' id='word_1_231' title='bbox 1123 2741 1271 2813; x_wconf 70' lang='grc' dir='ltr'>ψυχὴ</span> <span class='ocrx_word' id='word_1_232' title='bbox 1303 2740 1603 2811; x_wconf 82' lang='grc' dir='ltr'>ἀποστῆναι</span> <span class='ocrx_word' id='word_1_233' title='bbox 1636 2738 1739 2810; x_wconf 83' lang='grc' dir='ltr'>τῆς</span> <span class='ocrx_word' id='word_1_234' title='bbox 1773 2738 1982 2807; x_wconf 85' lang='grc' dir='ltr'>φιλοδο-</span> 
     </span>
    </p>
   </div>
   <div class='ocr_carea' id='block_1_43' title="bbox 506 2832 605 2895">
    <p class='ocr_par' dir='ltr' id='par_1_43' title="bbox 506 2832 605 2895">
     <span class='ocr_line' id='line_1_43' title="bbox 506 2832 605 2895; baseline 0.01 -11"><span class='ocrx_word' id='word_1_235' title='bbox 506 2832 605 2895; x_wconf 78' lang='grc' dir='ltr'>ἔας.</span> 
     </span>
    </p>
   </div>
   <div class='ocr_carea' id='block_1_44' title="bbox 392 2829 1981 3004">
    <p class='ocr_par' dir='ltr' id='par_1_44' title="bbox 392 2829 1981 3004">
     <span class='ocr_line' id='line_1_44' title="bbox 506 2832 605 2895; baseline 0.01 -11"><span class='ocrx_word' id='word_1_236' title='bbox 506 2832 605 2895; x_wconf 78' lang='grc' dir='ltr'>ἔας.</span> 
     </span>
     <span class='ocr_line' id='line_1_45' title="bbox 392 2829 1981 3004; baseline -0.002 -27"><span class='ocrx_word' id='word_1_237' title='bbox 392 2932 439 2977; x_wconf 85' lang='grc' dir='ltr'>τ’</span> <span class='ocrx_word' id='word_1_238' title='bbox 465 2829 562 2988; x_wconf 54' lang='grc' dir='ltr'><strong>Ιξίς</strong></span> <span class='ocrx_word' id='word_1_239' title='bbox 591 2926 620 2978; x_wconf 88' lang='grc' dir='ltr'><strong>ὁ</strong></span> <span class='ocrx_word' id='word_1_240' title='bbox 662 2924 863 3004; x_wconf 86' lang='grc' dir='ltr'>τρόπος</span> <span class='ocrx_word' id='word_1_241' title='bbox 903 2924 1003 2996; x_wconf 85' lang='grc' dir='ltr'><strong>τῆς</strong></span> <span class='ocrx_word' id='word_1_242' title='bbox 1053 2924 1411 2997; x_wconf 75' lang='grc' dir='ltr'>ἐπιστροφῆς,</span> <span class='ocrx_word' id='word_1_243' title='bbox 1450 2925 1531 2977; x_wconf 82' lang='grc' dir='ltr'><strong>ὅτι</strong></span> <span class='ocrx_word' id='word_1_244' title='bbox 1588 2923 1714 2993; x_wconf 77' lang='grc' dir='ltr'>περὶ</span> <span class='ocrx_word' id='word_1_245' title='bbox 1745 2922 1981 2993; x_wconf 84' lang='grc' dir='ltr'>ἀοράτου</span> 
     </span>
    </p>
   </div>
   <div class='ocr_carea' id='block_1_45' title="bbox 470 3017 884 3086">
    <p class='ocr_par' dir='ltr' id='par_1_45' title="bbox 470 3017 884 3086">
     <span class='ocr_line' id='line_1_46' title="bbox 470 3017 884 3086; baseline 0.002 -16"><span class='ocrx_word' id='word_1_246' title='bbox 470 3018 617 3070; x_wconf 79' lang='grc' dir='ltr'>ἐστὶν</span> <span class='ocrx_word' id='word_1_247' title='bbox 647 3020 675 3069; x_wconf 89' lang='grc' dir='ltr'>ὁ</span> <span class='ocrx_word' id='word_1_248' title='bbox 706 3017 884 3086; x_wconf 87' lang='grc' dir='ltr'>λόγος.</span> 
     </span>
    </p>
   </div>
   <div class='ocr_carea' id='block_1_46' title="bbox 2157 1928 2502 1971">
    <p class='ocr_par' dir='ltr' id='par_1_46' title="bbox 2157 1928 2502 1971">
     <span class='ocr_line' id='line_1_47' title="bbox 2157 1928 2502 1971; baseline -0.003 -1"><span class='ocrx_word' id='word_1_249' title='bbox 2157 1928 2502 1971; x_wconf 75' lang='lat' dir='ltr'><strong>memoriam.</strong></span> 
     </span>
    </p>
   </div>
   <div class='ocr_carea' id='block_1_47' title="bbox 2082 2004 3661 2077">
    <p class='ocr_par' dir='ltr' id='par_1_47' title="bbox 2082 2004 3661 2077">
     <span class='ocr_line' id='line_1_48' title="bbox 2082 2004 3661 2077; baseline -0.007 -13"><span class='ocrx_word' id='word_1_250' title='bbox 2082 2008 2190 2064; x_wconf 76' lang='lat'><strong>295</strong></span> <span class='ocrx_word' id='word_1_251' title='bbox 2228 2007 2440 2075; x_wconf 86' lang='lat' dir='ltr'><strong>Quibus</strong></span> <span class='ocrx_word' id='word_1_252' title='bbox 2468 2005 2642 2077; x_wconf 84' lang='lat' dir='ltr'><strong>signis</strong></span> <span class='ocrx_word' id='word_1_253' title='bbox 2669 2011 3039 2077; x_wconf 79' lang='lat' dir='ltr'><strong>cognoscatur</strong></span> <span class='ocrx_word' id='word_1_254' title='bbox 3067 2004 3162 2076; x_wconf 91' lang='lat' dir='ltr'><strong>qui</strong></span> <span class='ocrx_word' id='word_1_255' title='bbox 3196 2011 3420 2065; x_wconf 83' lang='lat' dir='ltr'><strong>nonest</strong></span> <span class='ocrx_word' id='word_1_256' title='bbox 3458 2006 3661 2056; x_wconf 90' lang='lat' dir='ltr'><strong>attento</strong></span> 
     </span>
    </p>
   </div>
   <div class='ocr_carea' id='block_1_48' title="bbox 2156 2117 2363 2158">
    <p class='ocr_par' dir='ltr' id='par_1_48' title="bbox 2156 2117 2363 2158">
     <span class='ocr_line' id='line_1_49' title="bbox 2156 2117 2363 2158; baseline -0.01 0"><span class='ocrx_word' id='word_1_257' title='bbox 2156 2117 2363 2158; x_wconf 75' lang='lat' dir='ltr'><strong>animo.</strong></span> 
     </span>
    </p>
   </div>
   <div class='ocr_carea' id='block_1_49' title="bbox 2080 2190 3663 2262">
    <p class='ocr_par' dir='ltr' id='par_1_49' title="bbox 2080 2190 3663 2262">
     <span class='ocr_line' id='line_1_50' title="bbox 2080 2190 3663 2262; baseline -0.008 -11"><span class='ocrx_word' id='word_1_258' title='bbox 2080 2193 2191 2251; x_wconf 75' lang='lat'><strong>296</strong></span> <span class='ocrx_word' id='word_1_259' title='bbox 2230 2193 2519 2262; x_wconf 86' lang='lat' dir='ltr'><strong>Quomodo</strong></span> <span class='ocrx_word' id='word_1_260' title='bbox 2547 2206 2769 2248; x_wconf 79' lang='lat' dir='ltr'><strong>animus</strong></span> <span class='ocrx_word' id='word_1_261' title='bbox 2800 2190 3003 2249; x_wconf 86' lang='lat' dir='ltr'><strong>habeat</strong></span> <span class='ocrx_word' id='word_1_262' title='bbox 3031 2203 3357 2262; x_wconf 87' lang='lat' dir='ltr'><strong>persuasum</strong></span> <span class='ocrx_word' id='word_1_263' title='bbox 3383 2202 3443 2244; x_wconf 90' lang='lat' dir='ltr'><strong>se</strong></span> <span class='ocrx_word' id='word_1_264' title='bbox 3475 2200 3506 2239; x_wconf 88' lang='lat' dir='ltr'><strong>a</strong></span> <span class='ocrx_word' id='word_1_265' title='bbox 3535 2198 3663 2255; x_wconf 77' lang='lat' dir='ltr'><strong>pec-</strong></span> 
     </span>
    </p>
   </div>
   <div class='ocr_carea' id='block_1_50' title="bbox 2157 2287 2672 2357">
    <p class='ocr_par' dir='ltr' id='par_1_50' title="bbox 2157 2287 2672 2357">
     <span class='ocr_line' id='line_1_51' title="bbox 2157 2287 2672 2357; baseline -0.002 -15"><span class='ocrx_word' id='word_1_266' title='bbox 2157 2287 2298 2343; x_wconf 88' lang='lat' dir='ltr'><strong>catis</strong></span> <span class='ocrx_word' id='word_1_267' title='bbox 2320 2300 2519 2357; x_wconf 90' lang='lat' dir='ltr'><strong>purum</strong></span> <span class='ocrx_word' id='word_1_268' title='bbox 2549 2300 2672 2342; x_wconf 90' lang='lat' dir='ltr'><strong>esse</strong></span> 
     </span>
    </p>
   </div>
   <div class='ocr_carea' id='block_1_51' title="bbox 2080 2373 3403 2447">
    <p class='ocr_par' dir='ltr' id='par_1_51' title="bbox 2080 2373 3403 2447">
     <span class='ocr_line' id='line_1_52' title="bbox 2080 2373 3403 2447; baseline -0.006 -16"><span class='ocrx_word' id='word_1_269' title='bbox 2080 2378 2188 2433; x_wconf 75' lang='lat'><strong>297</strong></span> <span class='ocrx_word' id='word_1_270' title='bbox 2218 2375 2506 2443; x_wconf 86' lang='lat' dir='ltr'><strong>Quomodo</strong></span> <span class='ocrx_word' id='word_1_271' title='bbox 2535 2392 2566 2430; x_wconf 91' lang='lat' dir='ltr'><strong>a</strong></span> <span class='ocrx_word' id='word_1_272' title='bbox 2596 2375 2842 2447; x_wconf 84' lang='lat' dir='ltr'><strong>peccatis</strong></span> <span class='ocrx_word' id='word_1_273' title='bbox 2879 2373 3127 2431; x_wconf 84' lang='lat' dir='ltr'><strong>converti</strong></span> <span class='ocrx_word' id='word_1_274' title='bbox 3152 2376 3403 2442; x_wconf 83' lang='lat' dir='ltr'><strong>Oporteat</strong></span> 
     </span>
    </p>
   </div>
   <div class='ocr_carea' id='block_1_52' title="bbox 2080 2537 3665 2630">
    <p class='ocr_par' dir='ltr' id='par_1_52' title="bbox 2080 2537 3665 2630">
     <span class='ocr_line' id='line_1_53' title="bbox 2080 2537 3665 2630; baseline -0.005 -16"><span class='ocrx_word' id='word_1_275' title='bbox 2080 2560 2186 2617; x_wconf 68' lang='lat'><strong>298</strong></span> <span class='ocrx_word' id='word_1_276' title='bbox 2225 2561 2310 2615; x_wconf 86' lang='lat' dir='ltr'><strong>An</strong></span> <span class='ocrx_word' id='word_1_277' title='bbox 2352 2559 2642 2629; x_wconf 88' lang='lat' dir='ltr'><strong>Scriptura</strong></span> <span class='ocrx_word' id='word_1_278' title='bbox 2680 2542 2980 2630; x_wconf 80' lang='lat' dir='ltr'><strong>permittat</strong></span> <span class='ocrx_word' id='word_1_279' title='bbox 3020 2537 3401 2612; x_wconf 46' lang='lat' dir='ltr'><strong>bon‘a’facere‘</strong></span> <span class='ocrx_word' id='word_1_280' title='bbox 3445 2552 3515 2606; x_wconf 86' lang='lat' dir='ltr'><strong>ad</strong></span> <span class='ocrx_word' id='word_1_281' title='bbox 3560 2547 3665 2607; x_wconf 73' lang='lat' dir='ltr'><strong>sifn&#39;</strong></span> 
     </span>
    </p>
   </div>
   <div class='ocr_carea' id='block_1_53' title="bbox 2157 2653 2639 2724">
    <p class='ocr_par' dir='ltr' id='par_1_53' title="bbox 2157 2653 2639 2724">
     <span class='ocr_line' id='line_1_54' title="bbox 2157 2653 2639 2724; baseline -0.002 -17"><span class='ocrx_word' id='word_1_282' title='bbox 2157 2654 2261 2723; x_wconf 89' lang='lat' dir='ltr'><strong>ipsi</strong></span> <span class='ocrx_word' id='word_1_283' title='bbox 2290 2653 2639 2724; x_wconf 89' lang='lat' dir='ltr'><strong>placendum.</strong></span> 
     </span>
    </p>
   </div>
   <div class='ocr_carea' id='block_1_54' title="bbox 2081 2738 3667 2815">
    <p class='ocr_par' dir='ltr' id='par_1_54' title="bbox 2081 2738 3667 2815">
     <span class='ocr_line' id='line_1_55' title="bbox 2081 2738 3667 2815; baseline -0.005 -14"><span class='ocrx_word' id='word_1_284' title='bbox 2081 2746 2188 2801; x_wconf 73' lang='lat'><strong>299</strong></span> <span class='ocrx_word' id='word_1_285' title='bbox 2230 2744 2516 2811; x_wconf 90' lang='lat' dir='ltr'><strong>Quomodo</strong></span> <span class='ocrx_word' id='word_1_286' title='bbox 2545 2743 2648 2801; x_wconf 90' lang='lat' dir='ltr'><strong>sibi</strong></span> <span class='ocrx_word' id='word_1_287' title='bbox 2672 2742 3028 2815; x_wconf 86' lang='lat' dir='ltr'><strong>persuadebit</strong></span> <span class='ocrx_word' id='word_1_288' title='bbox 3056 2741 3300 2809; x_wconf 85' lang='lat' dir='ltr'><strong>animus,</strong></span> <span class='ocrx_word' id='word_1_289' title='bbox 3327 2755 3385 2796; x_wconf 90' lang='lat' dir='ltr'><strong>se</strong></span> <span class='ocrx_word' id='word_1_290' title='bbox 3420 2754 3451 2793; x_wconf 89' lang='lat' dir='ltr'><strong>a</strong></span> <span class='ocrx_word' id='word_1_291' title='bbox 3470 2738 3667 2811; x_wconf 64' lang='lat' dir='ltr'><strong>gloriae</strong></span> 
     </span>
    </p>
   </div>
   <div class='ocr_carea' id='block_1_55' title="bbox 2155 2838 2790 2894">
    <p class='ocr_par' dir='ltr' id='par_1_55' title="bbox 2155 2838 2790 2894">
     <span class='ocr_line' id='line_1_56' title="bbox 2155 2838 2790 2894; baseline -0.005 0"><span class='ocrx_word' id='word_1_292' title='bbox 2155 2839 2340 2894; x_wconf 89' lang='lat' dir='ltr'><strong>studio</strong></span> <span class='ocrx_word' id='word_1_293' title='bbox 2373 2838 2615 2894; x_wconf 90' lang='lat' dir='ltr'><strong>alienum</strong></span> <span class='ocrx_word' id='word_1_294' title='bbox 2643 2851 2790 2892; x_wconf 91' lang='lat' dir='ltr'><strong>esse.</strong></span> 
     </span>
    </p>
   </div>
   <div class='ocr_carea' id='block_1_56' title="bbox 2083 2923 3669 2997">
    <p class='ocr_par' dir='ltr' id='par_1_56' title="bbox 2083 2923 3669 2997">
     <span class='ocr_line' id='line_1_57' title="bbox 2083 2923 3669 2997; baseline -0.004 -12"><span class='ocrx_word' id='word_1_295' title='bbox 2083 2930 2189 2985; x_wconf 93' lang='grc'><strong>500</strong></span> <span class='ocrx_word' id='word_1_296' title='bbox 2229 2929 2366 2997; x_wconf 90' lang='lat' dir='ltr'><strong>Quis</strong></span> <span class='ocrx_word' id='word_1_297' title='bbox 2388 2929 2585 2983; x_wconf 89' lang='lat' dir='ltr'><strong>modus</strong></span> <span class='ocrx_word' id='word_1_298' title='bbox 2612 2926 3018 2992; x_wconf 77' lang='lat' dir='ltr'><strong>conversionis,</strong></span> <span class='ocrx_word' id='word_1_299' title='bbox 3041 2941 3169 2981; x_wconf 90' lang='lat' dir='ltr'><strong>cum</strong></span> <span class='ocrx_word' id='word_1_300' title='bbox 3199 2925 3267 2984; x_wconf 89' lang='lat' dir='ltr'><strong>de</strong></span> <span class='ocrx_word' id='word_1_301' title='bbox 3289 2940 3350 2981; x_wconf 90' lang='lat' dir='ltr'><strong>re</strong></span> <span class='ocrx_word' id='word_1_302' title='bbox 3377 2923 3480 2981; x_wconf 84' lang='lat' dir='ltr'><strong>sub</strong></span> <span class='ocrx_word' id='word_1_303' title='bbox 3506 2936 3669 2993; x_wconf 70' lang='lat' dir='ltr'><strong>aspeo</strong></span> 
     </span>
    </p>
   </div>
   <div class='ocr_carea' id='block_1_57' title="bbox 2154 3017 3028 3076">
    <p class='ocr_par' dir='ltr' id='par_1_57' title="bbox 2154 3017 3028 3076">
     <span class='ocr_line' id='line_1_58' title="bbox 2154 3017 3028 3076; baseline -0.003 0"><span class='ocrx_word' id='word_1_304' title='bbox 2154 3029 2303 3076; x_wconf 89' lang='lat' dir='ltr'><strong>ctum</strong></span> <span class='ocrx_word' id='word_1_305' title='bbox 2329 3035 2441 3075; x_wconf 91' lang='lat' dir='ltr'><strong>non</strong></span> <span class='ocrx_word' id='word_1_306' title='bbox 2468 3020 2703 3075; x_wconf 82' lang='lat' dir='ltr'><strong>cadente</strong></span> <span class='ocrx_word' id='word_1_307' title='bbox 2733 3017 2793 3075; x_wconf 82' lang='lat' dir='ltr'><strong>ﬁt</strong></span> <span class='ocrx_word' id='word_1_308' title='bbox 2823 3034 3028 3073; x_wconf 87' lang='lat' dir='ltr'><strong>sermo.</strong></span> 
     </span>
    </p>
   </div>
   <div class='ocr_carea' id='block_1_58' title="bbox 395 3104 1981 3208">
    <p class='ocr_par' dir='ltr' id='par_1_58' title="bbox 395 3104 1981 3179">
     <span class='ocr_line' id='line_1_59' title="bbox 395 3104 1981 3179; baseline -0.001 -18"><span class='ocrx_word' id='word_1_309' title='bbox 395 3117 476 3161; x_wconf 79' lang='grc' dir='ltr'>τα⁷</span> <span class='ocrx_word' id='word_1_310' title='bbox 520 3108 647 3161; x_wconf 80' lang='grc' dir='ltr'><strong>Ἐάν</strong></span> <span class='ocrx_word' id='word_1_311' title='bbox 682 3109 739 3162; x_wconf 84' lang='grc' dir='ltr'>δὲ</span> <span class='ocrx_word' id='word_1_312' title='bbox 782 3110 932 3179; x_wconf 81' lang='grc' dir='ltr'>εἴπῃ,</span> <span class='ocrx_word' id='word_1_313' title='bbox 977 3109 1058 3162; x_wconf 83' lang='grc' dir='ltr'>ὅτι</span> <span class='ocrx_word' id='word_1_314' title='bbox 1104 3106 1166 3161; x_wconf 82' lang='grc' dir='ltr'><strong>οὐ</strong></span> <span class='ocrx_word' id='word_1_315' title='bbox 1214 3104 1611 3175; x_wconf 84' lang='grc' dir='ltr'>καταγινώσκει</span> <span class='ocrx_word' id='word_1_316' title='bbox 1645 3123 1745 3176; x_wconf 91' lang='grc' dir='ltr'><strong>μου</strong></span> <span class='ocrx_word' id='word_1_317' title='bbox 1768 3106 1827 3158; x_wconf 83' lang='grc' dir='ltr'><strong>τὸ</strong></span> <span class='ocrx_word' id='word_1_318' title='bbox 1857 3122 1981 3159; x_wconf 83' lang='grc' dir='ltr'>συν-</span> 
     </span>
    </p>
   </div>
   <div class='ocr_carea' id='block_1_59' title="bbox 2099 3104 3669 3208">
    <p class='ocr_par' dir='ltr' id='par_1_59' title="bbox 2099 3106 3669 3182">
     <span class='ocr_line' id='line_1_60' title="bbox 2099 3106 3669 3182; baseline -0.006 -13"><span class='ocrx_word' id='word_1_319' title='bbox 2099 3114 2187 3169; x_wconf 75' lang='lat'><strong>501</strong></span> <span class='ocrx_word' id='word_1_320' title='bbox 2231 3111 2391 3179; x_wconf 90' lang='lat' dir='ltr'><strong>Quod</strong></span> <span class='ocrx_word' id='word_1_321' title='bbox 2434 3111 2481 3167; x_wconf 90' lang='lat' dir='ltr'><strong>si</strong></span> <span class='ocrx_word' id='word_1_322' title='bbox 2510 3110 2661 3165; x_wconf 90' lang='lat' dir='ltr'><strong>dicat</strong></span> <span class='ocrx_word' id='word_1_323' title='bbox 2686 3110 2812 3182; x_wconf 87' lang='lat' dir='ltr'><strong>quis</strong></span> <span class='ocrx_word' id='word_1_324' title='bbox 2848 3129 2861 3166; x_wconf 88' lang='lat'><strong>:</strong></span> <span class='ocrx_word' id='word_1_325' title='bbox 2891 3108 3011 3165; x_wconf 87' lang='lat' dir='ltr'><strong>Non</strong></span> <span class='ocrx_word' id='word_1_326' title='bbox 3057 3123 3180 3164; x_wconf 92' lang='lat' dir='ltr'><strong>mea</strong></span> <span class='ocrx_word' id='word_1_327' title='bbox 3210 3123 3299 3165; x_wconf 84' lang='lat' dir='ltr'><strong>me</strong></span> <span class='ocrx_word' id='word_1_328' title='bbox 3338 3106 3669 3165; x_wconf 85' lang='lat' dir='ltr'><strong>condemnat</strong></span> 
     </span>
    </p>
   </div>
   <div class='ocr_carea' id='block_1_60' title="bbox 468 3199 634 3262">
    <p class='ocr_par' dir='ltr' id='par_1_60' title="bbox 468 3199 634 3262">
     <span class='ocr_line' id='line_1_61' title="bbox 468 3199 634 3262; baseline 0 -10"><span class='ocrx_word' id='word_1_329' title='bbox 468 3199 634 3262; x_wconf 89' lang='grc' dir='ltr'>ειδός.</span> 
     </span>
    </p>
   </div>
   <div class='ocr_carea' id='block_1_61' title="bbox 397 3287 1983 3360">
    <p class='ocr_par' dir='ltr' id='par_1_61' title="bbox 397 3287 1983 3360">
     <span class='ocr_line' id='line_1_62' title="bbox 397 3287 1983 3360; baseline -0.001 -19"><span class='ocrx_word' id='word_1_330' title='bbox 397 3288 475 3358; x_wconf 78' lang='grc' dir='ltr'><strong>τβ⁰</strong></span> <span class='ocrx_word' id='word_1_331' title='bbox 506 3289 569 3341; x_wconf 84' lang='grc' dir='ltr'><strong>Εἰ</strong></span> <span class='ocrx_word' id='word_1_332' title='bbox 594 3288 698 3360; x_wconf 81' lang='grc' dir='ltr'><strong>χρὴ</strong></span> <span class='ocrx_word' id='word_1_333' title='bbox 731 3288 838 3342; x_wconf 87' lang='grc' dir='ltr'><strong>ἀπό</strong></span> <span class='ocrx_word' id='word_1_334' title='bbox 876 3289 977 3360; x_wconf 84' lang='grc' dir='ltr'>τῆς</span> <span class='ocrx_word' id='word_1_335' title='bbox 1027 3288 1338 3359; x_wconf 74' lang='grc' dir='ltr'>οἰκονομίας</span> <span class='ocrx_word' id='word_1_336' title='bbox 1369 3287 1570 3341; x_wconf 87' lang='grc' dir='ltr'>διδόναι</span> <span class='ocrx_word' id='word_1_337' title='bbox 1616 3290 1729 3351; x_wconf 84' lang='grc' dir='ltr'>τοῖς</span> <span class='ocrx_word' id='word_1_338' title='bbox 1779 3288 1983 3341; x_wconf 86' lang='grc' dir='ltr'>ἐνδεέσι</span> 
     </span>
    </p>
   </div>
   <div class='ocr_carea' id='block_1_62' title="bbox 468 3380 818 3447">
    <p class='ocr_par' dir='ltr' id='par_1_62' title="bbox 468 3380 818 3447">
     <span class='ocr_line' id='line_1_63' title="bbox 468 3380 818 3447; baseline 0 -13"><span class='ocrx_word' id='word_1_339' title='bbox 468 3380 574 3434; x_wconf 85' lang='grc' dir='ltr'><strong>τῶν</strong></span> <span class='ocrx_word' id='word_1_340' title='bbox 600 3381 818 3447; x_wconf 73' lang='grc' dir='ltr'>ἔξωθεν.</span> 
     </span>
    </p>
   </div>
   <div class='ocr_carea' id='block_1_63' title="bbox 395 3470 1983 3547">
    <p class='ocr_par' dir='ltr' id='par_1_63' title="bbox 395 3470 1983 3547">
     <span class='ocr_line' id='line_1_64' title="bbox 395 3470 1983 3547; baseline -0.001 -22"><span class='ocrx_word' id='word_1_341' title='bbox 395 3479 478 3541; x_wconf 84' lang='grc' dir='ltr'>τγ¹</span> <span class='ocrx_word' id='word_1_342' title='bbox 513 3474 577 3526; x_wconf 78' lang='lat' dir='ltr'><strong>El</strong></span> <span class='ocrx_word' id='word_1_343' title='bbox 602 3474 709 3544; x_wconf 88' lang='grc' dir='ltr'>χρὴ</span> <span class='ocrx_word' id='word_1_344' title='bbox 747 3475 861 3536; x_wconf 85' lang='grc' dir='ltr'>τοῖς</span> <span class='ocrx_word' id='word_1_345' title='bbox 896 3473 1047 3547; x_wconf 81' lang='grc' dir='ltr'>παρὰ</span> <span class='ocrx_word' id='word_1_346' title='bbox 1076 3473 1294 3527; x_wconf 88' lang='grc' dir='ltr'>πάντων</span> <span class='ocrx_word' id='word_1_347' title='bbox 1337 3471 1651 3542; x_wconf 86' lang='grc' dir='ltr'>λεγομένοις</span> <span class='ocrx_word' id='word_1_348' title='bbox 1683 3470 1983 3525; x_wconf 83' lang='grc' dir='ltr'>ὑπακούειν</span> 
     </span>
    </p>
   </div>
   <div class='ocr_carea' id='block_1_64' title="bbox 468 3566 885 3637">
    <p class='ocr_par' dir='ltr' id='par_1_64' title="bbox 468 3566 885 3637">
     <span class='ocr_line' id='line_1_65' title="bbox 468 3566 885 3637; baseline 0 -18"><span class='ocrx_word' id='word_1_349' title='bbox 468 3568 525 3619; x_wconf 81' lang='grc' dir='ltr'><strong>ἐν</strong></span> <span class='ocrx_word' id='word_1_350' title='bbox 548 3566 885 3637; x_wconf 83' lang='grc' dir='ltr'>ἀδελφότητι.</span> 
     </span>
    </p>
   </div>
   <div class='ocr_carea' id='block_1_65' title="bbox 396 3655 1984 3730">
    <p class='ocr_par' dir='ltr' id='par_1_65' title="bbox 396 3655 1984 3730">
     <span class='ocr_line' id='line_1_66' title="bbox 396 3655 1984 3730; baseline -0.002 -19"><span class='ocrx_word' id='word_1_351' title='bbox 396 3658 471 3711; x_wconf 72' lang='grc' dir='ltr'>ἰδ’</span> <span class='ocrx_word' id='word_1_352' title='bbox 522 3660 586 3711; x_wconf 76' lang='lat' dir='ltr'><strong>El</strong></span> <span class='ocrx_word' id='word_1_353' title='bbox 636 3658 777 3730; x_wconf 81' lang='grc' dir='ltr'>ὑπὲρ</span> <span class='ocrx_word' id='word_1_354' title='bbox 840 3676 951 3712; x_wconf 88' lang='grc' dir='ltr'><strong>των</strong></span> <span class='ocrx_word' id='word_1_355' title='bbox 1012 3656 1463 3729; x_wconf 81' lang='grc' dir='ltr'>παραδεδομένων</span> <span class='ocrx_word' id='word_1_356' title='bbox 1524 3658 1591 3728; x_wconf 81' lang='grc' dir='ltr'>τῇ</span> <span class='ocrx_word' id='word_1_357' title='bbox 1661 3655 1984 3726; x_wconf 84' lang='grc' dir='ltr'>ἀδελφότητι</span> 
     </span>
    </p>
   </div>
   <div class='ocr_carea' id='block_1_66' title="bbox 471 3745 1984 3821">
    <p class='ocr_par' dir='ltr' id='par_1_66' title="bbox 471 3745 1984 3821">
     <span class='ocr_line' id='line_1_67' title="bbox 471 3745 1984 3821; baseline -0.004 -18"><span class='ocrx_word' id='word_1_358' title='bbox 471 3748 624 3821; x_wconf 83' lang='grc' dir='ltr'>παρὰ</span> <span class='ocrx_word' id='word_1_359' title='bbox 670 3749 777 3804; x_wconf 86' lang='grc' dir='ltr'><strong>τῶν</strong></span> <span class='ocrx_word' id='word_1_360' title='bbox 822 3749 1035 3803; x_wconf 80' lang='grc' dir='ltr'>οἰκείων</span> <span class='ocrx_word' id='word_1_361' title='bbox 1098 3749 1359 3802; x_wconf 90' lang='grc' dir='ltr'>θελόντων</span> <span class='ocrx_word' id='word_1_362' title='bbox 1408 3746 1607 3800; x_wconf 76' lang='grc' dir='ltr'>διδόναι</span> <span class='ocrx_word' id='word_1_363' title='bbox 1651 3763 1703 3799; x_wconf 88' lang='grc' dir='ltr'><strong>τι</strong></span> <span class='ocrx_word' id='word_1_364' title='bbox 1746 3745 1855 3818; x_wconf 86' lang='grc' dir='ltr'>χρὴ</span> <span class='ocrx_word' id='word_1_365' title='bbox 1901 3745 1984 3798; x_wconf 82' lang='grc' dir='ltr'>δέ·</span> 
     </span>
    </p>
   </div>
   <div class='ocr_carea' id='block_1_67' title="bbox 473 3839 679 3910">
    <p class='ocr_par' dir='ltr' id='par_1_67' title="bbox 473 3839 679 3910">
     <span class='ocr_line' id='line_1_68' title="bbox 473 3839 679 3910; baseline 0 -19"><span class='ocrx_word' id='word_1_366' title='bbox 473 3839 679 3910; x_wconf 82' lang='grc' dir='ltr'>χεσθαι.</span> 
     </span>
    </p>
   </div>
   <div class='ocr_carea' id='block_1_68' title="bbox 397 3928 1984 4003">
    <p class='ocr_par' dir='ltr' id='par_1_68' title="bbox 397 3928 1984 4003">
     <span class='ocr_line' id='line_1_69' title="bbox 397 3928 1984 4003; baseline 0 -20"><span class='ocrx_word' id='word_1_367' title='bbox 397 3939 470 3983; x_wconf 84' lang='grc' dir='ltr'>τε¹</span> <span class='ocrx_word' id='word_1_368' title='bbox 510 3932 575 3984; x_wconf 84' lang='grc' dir='ltr'><strong>Εἰ</strong></span> <span class='ocrx_word' id='word_1_369' title='bbox 619 3931 701 3984; x_wconf 88' lang='grc' dir='ltr'><strong>δεῖ</strong></span> <span class='ocrx_word' id='word_1_370' title='bbox 745 3930 1039 4001; x_wconf 89' lang='grc' dir='ltr'>λαμϐάνειν</span> <span class='ocrx_word' id='word_1_371' title='bbox 1074 3930 1226 4003; x_wconf 87' lang='grc' dir='ltr'><strong>παρὰ</strong></span> <span class='ocrx_word' id='word_1_372' title='bbox 1251 3930 1361 3985; x_wconf 89' lang='grc' dir='ltr'><strong>τῶν</strong></span> <span class='ocrx_word' id='word_1_373' title='bbox 1393 3928 1612 3997; x_wconf 78' lang='grc' dir='ltr'>ἔξωθεν,</span> <span class='ocrx_word' id='word_1_374' title='bbox 1670 3930 1788 4003; x_wconf 74' lang='grc' dir='ltr'>ἢτοι</span> <span class='ocrx_word' id='word_1_375' title='bbox 1843 3930 1984 3983; x_wconf 83' lang='grc' dir='ltr'><strong>κατά</strong></span> 
     </span>
    </p>
   </div>
   <div class='ocr_carea' id='block_1_69' title="bbox 471 4023 1986 4097">
    <p class='ocr_par' dir='ltr' id='par_1_69' title="bbox 471 4023 1986 4097">
     <span class='ocr_line' id='line_1_70' title="bbox 471 4023 1986 4097; baseline -0.001 -21"><span class='ocrx_word' id='word_1_376' title='bbox 471 4024 635 4095; x_wconf 82' lang='grc' dir='ltr'>χάριν</span> <span class='ocrx_word' id='word_1_377' title='bbox 712 4023 933 4093; x_wconf 85' lang='grc' dir='ltr'>φιλίας,</span> <span class='ocrx_word' id='word_1_378' title='bbox 1019 4023 1054 4093; x_wconf 82' lang='grc' dir='ltr'><strong>ἢ</strong></span> <span class='ocrx_word' id='word_1_379' title='bbox 1138 4023 1694 4097; x_wconf 80' lang='grc' dir='ltr'>προκατειλημμένης</span> <span class='ocrx_word' id='word_1_380' title='bbox 1782 4040 1986 4092; x_wconf 88' lang='grc' dir='ltr'>συγγε-</span> 
     </span>
    </p>
   </div>
   <div class='ocr_carea' id='block_1_70' title="bbox 472 4115 638 4179">
    <p class='ocr_par' dir='ltr' id='par_1_70' title="bbox 472 4115 638 4179">
     <span class='ocr_line' id='line_1_71' title="bbox 472 4115 638 4179; baseline 0.006 -11"><span class='ocrx_word' id='word_1_381' title='bbox 472 4115 638 4179; x_wconf 87' lang='grc' dir='ltr'>νείας.</span> 
     </span>
    </p>
   </div>
   <div class='ocr_carea' id='block_1_71' title="bbox 398 4206 1989 4281">
    <p class='ocr_par' dir='ltr' id='par_1_71' title="bbox 398 4206 1989 4281">
     <span class='ocr_line' id='line_1_72' title="bbox 398 4206 1989 4281; baseline 0 -22"><span class='ocrx_word' id='word_1_382' title='bbox 398 4214 487 4273; x_wconf 67' lang='grc' dir='ltr'>ἰς’</span> <span class='ocrx_word' id='word_1_383' title='bbox 523 4208 680 4263; x_wconf 86' lang='grc' dir='ltr'>Μετά</span> <span class='ocrx_word' id='word_1_384' title='bbox 722 4225 878 4262; x_wconf 88' lang='grc' dir='ltr'>ποιου</span> <span class='ocrx_word' id='word_1_385' title='bbox 917 4208 1120 4281; x_wconf 87' lang='grc' dir='ltr'>τρόπου</span> <span class='ocrx_word' id='word_1_386' title='bbox 1153 4208 1216 4262; x_wconf 83' lang='grc' dir='ltr'><strong>τὸ</strong></span> <span class='ocrx_word' id='word_1_387' title='bbox 1258 4207 1663 4280; x_wconf 83' lang='grc' dir='ltr'>ἀμετεὼριστον</span> <span class='ocrx_word' id='word_1_388' title='bbox 1698 4206 1989 4278; x_wconf 87' lang='grc' dir='ltr'>κατορθοῦ-</span> 
     </span>
    </p>
   </div>
   <div class='ocr_carea' id='block_1_72' title="bbox 471 4320 582 4359">
    <p class='ocr_par' dir='ltr' id='par_1_72' title="bbox 471 4320 582 4359">
     <span class='ocr_line' id='line_1_73' title="bbox 471 4320 582 4359; baseline 0.027 -4"><span class='ocrx_word' id='word_1_389' title='bbox 471 4320 582 4359; x_wconf 90' lang='grc' dir='ltr'>ται.</span> 
     </span>
    </p>
   </div>
   <div class='ocr_carea' id='block_1_73' title="bbox 398 4390 1986 4467">
    <p class='ocr_par' dir='ltr' id='par_1_73' title="bbox 398 4390 1986 4467">
     <span class='ocr_line' id='line_1_74' title="bbox 398 4390 1986 4467; baseline -0.005 -18"><span class='ocrx_word' id='word_1_390' title='bbox 398 4394 476 4458; x_wconf 73' lang='grc' dir='ltr'><strong>ἰζ’</strong></span> <span class='ocrx_word' id='word_1_391' title='bbox 510 4396 574 4449; x_wconf 77' lang='lat' dir='ltr'><strong>El</strong></span> <span class='ocrx_word' id='word_1_392' title='bbox 598 4395 704 4467; x_wconf 82' lang='grc' dir='ltr'><strong>χρὴ</strong></span> <span class='ocrx_word' id='word_1_393' title='bbox 731 4394 791 4459; x_wconf 79' lang='grc' dir='ltr'><strong>ἐξ</strong></span> <span class='ocrx_word' id='word_1_394' title='bbox 820 4393 1126 4465; x_wconf 82' lang='grc' dir='ltr'>ἐφημερίας</span> <span class='ocrx_word' id='word_1_395' title='bbox 1153 4391 1497 4464; x_wconf 83' lang='grc' dir='ltr'>ἀπάρχεσθαι</span> <span class='ocrx_word' id='word_1_396' title='bbox 1536 4392 1635 4462; x_wconf 80' lang='grc' dir='ltr'>τῆς</span> <span class='ocrx_word' id='word_1_397' title='bbox 1666 4390 1986 4462; x_wconf 73' lang='grc' dir='ltr'>ψαλμῳδίας</span> 
     </span>
    </p>
   </div>
   <div class='ocr_carea' id='block_1_74' title="bbox 469 4486 988 4559">
    <p class='ocr_par' dir='ltr' id='par_1_74' title="bbox 469 4486 988 4559">
     <span class='ocr_line' id='line_1_75' title="bbox 469 4486 988 4559; baseline -0.006 -18"><span class='ocrx_word' id='word_1_398' title='bbox 469 4488 502 4559; x_wconf 83' lang='grc' dir='ltr'>ἢ</span> <span class='ocrx_word' id='word_1_399' title='bbox 528 4488 629 4558; x_wconf 79' lang='grc' dir='ltr'>τῆς</span> <span class='ocrx_word' id='word_1_400' title='bbox 658 4486 988 4558; x_wconf 83' lang='grc' dir='ltr'>προσευχῆς.</span> 
     </span>
    </p>
   </div>
   <div class='ocr_carea' id='block_1_75' title="bbox 396 4573 1982 4651">
    <p class='ocr_par' dir='ltr' id='par_1_75' title="bbox 396 4573 1982 4651">
     <span class='ocr_line' id='line_1_76' title="bbox 396 4573 1982 4651; baseline -0.004 -18"><span class='ocrx_word' id='word_1_401' title='bbox 396 4586 479 4650; x_wconf 67' lang='grc' dir='ltr'>’.ιη’</span> <span class='ocrx_word' id='word_1_402' title='bbox 508 4579 571 4632; x_wconf 75' lang='lat' dir='ltr'><strong>El</strong></span> <span class='ocrx_word' id='word_1_403' title='bbox 595 4579 701 4651; x_wconf 86' lang='grc' dir='ltr'>χρὴ</span> <span class='ocrx_word' id='word_1_404' title='bbox 721 4579 811 4632; x_wconf 74' lang='grc' dir='ltr'>τὸν</span> <span class='ocrx_word' id='word_1_405' title='bbox 838 4578 1047 4633; x_wconf 78' lang='grc' dir='ltr'>διδόντα</span> <span class='ocrx_word' id='word_1_406' title='bbox 1073 4596 1127 4631; x_wconf 88' lang='grc' dir='ltr'><strong>τι</strong></span> <span class='ocrx_word' id='word_1_407' title='bbox 1162 4578 1218 4631; x_wconf 89' lang='grc' dir='ltr'><strong>ἐν</strong></span> <span class='ocrx_word' id='word_1_408' title='bbox 1252 4576 1579 4647; x_wconf 82' lang='grc' dir='ltr'>ἀδελφότητι</span> <span class='ocrx_word' id='word_1_409' title='bbox 1616 4573 1938 4645; x_wconf 89' lang='grc' dir='ltr'>ἀμείϐεσθαι</span> <span class='ocrx_word' id='word_1_410' title='bbox 1964 4591 1982 4605; x_wconf 72' lang='grc' dir='ltr'><strong>ο</strong></span> 
     </span>
    </p>
   </div>
   <div class='ocr_carea' id='block_1_76' title="bbox 470 4667 1982 4741">
    <p class='ocr_par' dir='ltr' id='par_1_76' title="bbox 470 4667 1982 4741">
     <span class='ocr_line' id='line_1_77' title="bbox 470 4667 1982 4741; baseline -0.002 -16"><span class='ocrx_word' id='word_1_411' title='bbox 470 4671 565 4725; x_wconf 75' lang='grc' dir='ltr'><strong>καὶ</strong></span> <span class='ocrx_word' id='word_1_412' title='bbox 605 4674 654 4724; x_wconf 83' lang='grc' dir='ltr'><strong>εί</strong></span> <span class='ocrx_word' id='word_1_413' title='bbox 703 4671 823 4724; x_wconf 89' lang='grc' dir='ltr'>κατ’</span> <span class='ocrx_word' id='word_1_414' title='bbox 863 4670 1154 4739; x_wconf 83' lang='grc' dir='ltr'>ἀναλογίαν</span> <span class='ocrx_word' id='word_1_415' title='bbox 1186 4668 1280 4722; x_wconf 84' lang='grc' dir='ltr'><strong>τοῦ</strong></span> <span class='ocrx_word' id='word_1_416' title='bbox 1315 4668 1547 4741; x_wconf 87' lang='grc' dir='ltr'>δόματος</span> <span class='ocrx_word' id='word_1_417' title='bbox 1579 4667 1846 4722; x_wconf 83' lang='grc' dir='ltr'>ποιεῖσθαι</span> <span class='ocrx_word' id='word_1_418' title='bbox 1881 4668 1982 4740; x_wconf 81' lang='grc' dir='ltr'>τὴν</span> 
     </span>
    </p>
   </div>
   <div class='ocr_carea' id='block_1_77' title="bbox 468 4761 759 4816">
    <p class='ocr_par' dir='ltr' id='par_1_77' title="bbox 468 4761 759 4816">
     <span class='ocr_line' id='line_1_78' title="bbox 468 4761 759 4816; baseline 0.007 -2"><span class='ocrx_word' id='word_1_419' title='bbox 468 4761 759 4816; x_wconf 87' lang='grc' dir='ltr'>ἀντίδοσιν.</span> 
     </span>
    </p>
   </div>
   <div class='ocr_carea' id='block_1_78' title="bbox 397 4853 1981 4926">
    <p class='ocr_par' dir='ltr' id='par_1_78' title="bbox 397 4853 1981 4926">
     <span class='ocr_line' id='line_1_79' title="bbox 397 4853 1981 4926; baseline -0.001 -18"><span class='ocrx_word' id='word_1_420' title='bbox 397 4853 473 4908; x_wconf 82' lang='grc' dir='ltr'>τθ⁰</span> <span class='ocrx_word' id='word_1_421' title='bbox 520 4855 584 4907; x_wconf 71' lang='lat' dir='ltr'><strong>Ei</strong></span> <span class='ocrx_word' id='word_1_422' title='bbox 650 4853 759 4907; x_wconf 86' lang='grc' dir='ltr'><strong>τῶν</strong></span> <span class='ocrx_word' id='word_1_423' title='bbox 820 4854 1066 4925; x_wconf 84' lang='grc' dir='ltr'>συνήθων</span> <span class='ocrx_word' id='word_1_424' title='bbox 1120 4853 1216 4908; x_wconf 79' lang='grc' dir='ltr'>καὶ</span> <span class='ocrx_word' id='word_1_425' title='bbox 1269 4854 1411 4909; x_wconf 85' lang='grc' dir='ltr'><strong>κατά</strong></span> <span class='ocrx_word' id='word_1_426' title='bbox 1460 4853 1622 4924; x_wconf 80' lang='grc' dir='ltr'>φύσιν</span> <span class='ocrx_word' id='word_1_427' title='bbox 1677 4854 1981 4926; x_wconf 88' lang='grc' dir='ltr'>γινομένων</span> 
     </span>
    </p>
   </div>
   <div class='ocr_carea' id='block_1_79' title="bbox 465 4947 1980 5020">
    <p class='ocr_par' dir='ltr' id='par_1_79' title="bbox 465 4947 1980 5020">
     <span class='ocr_line' id='line_1_80' title="bbox 465 4947 1980 5020; baseline 0 -19"><span class='ocrx_word' id='word_1_428' title='bbox 465 4949 591 5014; x_wconf 83' lang='grc' dir='ltr'>τινί,</span> <span class='ocrx_word' id='word_1_429' title='bbox 637 4949 744 5020; x_wconf 83' lang='grc' dir='ltr'>χρὴ</span> <span class='ocrx_word' id='word_1_430' title='bbox 799 4949 1004 5020; x_wconf 77' lang='grc' dir='ltr'>τολμᾷν</span> <span class='ocrx_word' id='word_1_431' title='bbox 1037 4949 1116 5012; x_wconf 87' lang='grc' dir='ltr'><strong>είς</strong></span> <span class='ocrx_word' id='word_1_432' title='bbox 1166 4948 1451 5006; x_wconf 86' lang='grc' dir='ltr'>κοινωνίαν</span> <span class='ocrx_word' id='word_1_433' title='bbox 1481 4947 1588 5000; x_wconf 90' lang='grc' dir='ltr'><strong>τῶν</strong></span> <span class='ocrx_word' id='word_1_434' title='bbox 1622 4948 1793 5017; x_wconf 90' lang='grc' dir='ltr'>ἁγίων</span> <span class='ocrx_word' id='word_1_435' title='bbox 1837 4966 1980 5019; x_wconf 83' lang='grc' dir='ltr'>παρ-</span> 
     </span>
    </p>
   </div>
   <div class='ocr_carea' id='block_1_80' title="bbox 470 5038 747 5112">
    <p class='ocr_par' dir='ltr' id='par_1_80' title="bbox 470 5038 747 5112">
     <span class='ocr_line' id='line_1_81' title="bbox 470 5038 747 5112; baseline 0.004 -21"><span class='ocrx_word' id='word_1_436' title='bbox 470 5038 747 5112; x_wconf 71' lang='grc' dir='ltr'>ἔρχεσθαι.</span> 
     </span>
    </p>
   </div>
   <div class='ocr_carea' id='block_1_81' title="bbox 395 5126 1988 5205">
    <p class='ocr_par' dir='ltr' id='par_1_81' title="bbox 395 5126 1988 5205">
     <span class='ocr_line' id='line_1_82' title="bbox 395 5126 1988 5205; baseline -0.003 -19"><span class='ocrx_word' id='word_1_437' title='bbox 395 5138 461 5186; x_wconf 74' lang='grc' dir='ltr'>τιν</span> <span class='ocrx_word' id='word_1_438' title='bbox 519 5133 583 5184; x_wconf 89' lang='grc' dir='ltr'>Εἰ</span> <span class='ocrx_word' id='word_1_439' title='bbox 636 5132 744 5205; x_wconf 78' lang='grc' dir='ltr'><strong>χρὴ</strong></span> <span class='ocrx_word' id='word_1_440' title='bbox 814 5133 897 5197; x_wconf 88' lang='grc' dir='ltr'>εἰς</span> <span class='ocrx_word' id='word_1_441' title='bbox 952 5131 1131 5186; x_wconf 82' lang='grc' dir='ltr'>κοινὸν</span> <span class='ocrx_word' id='word_1_442' title='bbox 1202 5126 1351 5185; x_wconf 74' lang='grc' dir='ltr'>οἷκον</span> <span class='ocrx_word' id='word_1_443' title='bbox 1410 5131 1781 5203; x_wconf 76' lang='grc' dir='ltr'>προσκομιδὴν</span> <span class='ocrx_word' id='word_1_444' title='bbox 1842 5132 1988 5200; x_wconf 85' lang='grc' dir='ltr'>γίνε-</span> 
     </span>
    </p>
   </div>
   <div class='ocr_carea' id='block_1_82' title="bbox 356 5223 609 5278">
    <p class='ocr_par' dir='ltr' id='par_1_82' title="bbox 356 5223 609 5278">
     <span class='ocr_line' id='line_1_83' title="bbox 356 5223 609 5278; baseline 0.004 -1"><span class='ocrx_word' id='word_1_445' title='bbox 356 5234 357 5237; x_wconf 71' lang='grc'><em>“</em></span> <span class='ocrx_word' id='word_1_446' title='bbox 469 5223 609 5278; x_wconf 88' lang='grc' dir='ltr'>σθαι.</span> 
     </span>
    </p>
   </div>
   <div class='ocr_carea' id='block_1_83' title="bbox 394 5314 1976 5390">
    <p class='ocr_par' dir='ltr' id='par_1_83' title="bbox 394 5314 1976 5390">
     <span class='ocr_line' id='line_1_84' title="bbox 394 5314 1976 5390; baseline 0.001 -22"><span class='ocrx_word' id='word_1_447' title='bbox 394 5324 493 5369; x_wconf 85' lang='grc' dir='ltr'>τια¹</span> <span class='ocrx_word' id='word_1_448' title='bbox 527 5319 591 5372; x_wconf 81' lang='grc' dir='ltr'><strong>Εἰ</strong></span> <span class='ocrx_word' id='word_1_449' title='bbox 612 5318 719 5390; x_wconf 85' lang='grc' dir='ltr'>χρὴ</span> <span class='ocrx_word' id='word_1_450' title='bbox 758 5320 837 5382; x_wconf 80' lang='grc' dir='ltr'><strong>εἰς</strong></span> <span class='ocrx_word' id='word_1_451' title='bbox 868 5316 1153 5387; x_wconf 77' lang='grc' dir='ltr'>ἐπίσκεψιν</span> <span class='ocrx_word' id='word_1_452' title='bbox 1184 5315 1544 5387; x_wconf 80' lang='grc' dir='ltr'>ἀπέρχεσθαι,</span> <span class='ocrx_word' id='word_1_453' title='bbox 1574 5314 1976 5385; x_wconf 79' lang='grc' dir='ltr'>ἐπιζητούντων</span> 
     </span>
    </p>
   </div>
   <div class='ocr_carea' id='block_1_84' title="bbox 463 5410 939 5465">
    <p class='ocr_par' dir='ltr' id='par_1_84' title="bbox 463 5410 939 5465">
     <span class='ocr_line' id='line_1_85' title="bbox 463 5410 939 5465; baseline 0.002 -2"><span class='ocrx_word' id='word_1_454' title='bbox 463 5410 646 5465; x_wconf 87' lang='grc' dir='ltr'>τινῶν.</span> <span class='ocrx_word' id='word_1_455' title='bbox 934 5422 939 5427; x_wconf 84' lang='grc'><strong>’</strong></span> 
     </span>
    </p>
   </div>
   <div class='ocr_carea' id='block_1_85' title="bbox 393 5502 1978 5577">
    <p class='ocr_par' dir='ltr' id='par_1_85' title="bbox 393 5502 1978 5577">
     <span class='ocr_line' id='line_1_86' title="bbox 393 5502 1978 5577; baseline 0.001 -22"><span class='ocrx_word' id='word_1_456' title='bbox 393 5502 495 5573; x_wconf 85' lang='grc' dir='ltr'>τιβ¹</span> <span class='ocrx_word' id='word_1_457' title='bbox 532 5505 596 5557; x_wconf 89' lang='grc' dir='ltr'><strong>Εἰ</strong></span> <span class='ocrx_word' id='word_1_458' title='bbox 638 5504 745 5577; x_wconf 81' lang='grc' dir='ltr'>χρὴ</span> <span class='ocrx_word' id='word_1_459' title='bbox 778 5506 904 5569; x_wconf 81' lang='grc' dir='ltr'>τοὺς</span> <span class='ocrx_word' id='word_1_460' title='bbox 946 5503 1454 5575; x_wconf 81' lang='grc' dir='ltr'>ἐπισκεπτομένους,</span> <span class='ocrx_word' id='word_1_461' title='bbox 1490 5503 1712 5567; x_wconf 75' lang='grc' dir='ltr'>λαῖκοὺς</span> <span class='ocrx_word' id='word_1_462' title='bbox 1746 5503 1978 5576; x_wconf 84' lang='grc' dir='ltr'>προτρέ-</span> 
     </span>
    </p>
   </div>
   <div class='ocr_carea' id='block_1_86' title="bbox 466 5597 995 5670">
    <p class='ocr_par' dir='ltr' id='par_1_86' title="bbox 466 5597 995 5670">
     <span class='ocr_line' id='line_1_87' title="bbox 466 5597 995 5670; baseline 0.004 -20"><span class='ocrx_word' id='word_1_463' title='bbox 466 5597 665 5651; x_wconf 88' lang='grc' dir='ltr'>πεσθαι</span> <span class='ocrx_word' id='word_1_464' title='bbox 696 5600 776 5660; x_wconf 83' lang='grc' dir='ltr'><strong>εἰς</strong></span> <span class='ocrx_word' id='word_1_465' title='bbox 807 5599 995 5670; x_wconf 76' lang='grc' dir='ltr'>εὐχήν.</span> 
     </span>
    </p>
   </div>
   <div class='ocr_carea' id='block_1_87' title="bbox 397 5687 1786 5761">
    <p class='ocr_par' dir='ltr' id='par_1_87' title="bbox 397 5687 1786 5761">
     <span class='ocr_line' id='line_1_88' title="bbox 397 5687 1786 5761; baseline 0 -21"><span class='ocrx_word' id='word_1_466' title='bbox 397 5694 500 5755; x_wconf 80' lang='grc' dir='ltr'>τιγ¹</span> <span class='ocrx_word' id='word_1_467' title='bbox 534 5688 597 5740; x_wconf 87' lang='grc' dir='ltr'>Εἰ</span> <span class='ocrx_word' id='word_1_468' title='bbox 622 5689 729 5759; x_wconf 85' lang='grc' dir='ltr'><strong>χρὴ</strong></span> <span class='ocrx_word' id='word_1_469' title='bbox 759 5688 1085 5760; x_wconf 76' lang='grc' dir='ltr'>ἐργάζεσθαι</span> <span class='ocrx_word' id='word_1_470' title='bbox 1111 5687 1586 5761; x_wconf 69' lang='grc' dir='ltr'>ἐπισκεπτομένων</span> <span class='ocrx_word' id='word_1_471' title='bbox 1608 5687 1786 5742; x_wconf 86' lang='grc' dir='ltr'>τινῶν.</span> 
     </span>
    </p>
   </div>
   <div class='ocr_carea' id='block_1_88' title="bbox 477 5824 1011 5901">
    <p class='ocr_par' dir='ltr' id='par_1_88' title="bbox 477 5824 1011 5901">
     <span class='ocr_line' id='line_1_89' title="bbox 477 5824 1011 5901; baseline 0.002 -17"><span class='ocrx_word' id='word_1_472' title='bbox 477 5824 519 5857; x_wconf 87' lang='grc'><strong>⁸¹</strong></span> <span class='ocrx_word' id='word_1_473' title='bbox 544 5842 735 5886; x_wconf 67' lang='lat' dir='ltr'><strong>natm.</strong></span> <span class='ocrx_word' id='word_1_474' title='bbox 776 5845 852 5887; x_wconf 80' lang='lat' dir='ltr'><strong>xu</strong></span> <span class='ocrx_word' id='word_1_475' title='bbox 874 5872 888 5901; x_wconf 90' lang='lat'><strong>,</strong></span> <span class='ocrx_word' id='word_1_476' title='bbox 924 5830 1011 5887; x_wconf 71' lang='lat'><strong>20.</strong></span> 
     </span>
    </p>
   </div>
   <div class='ocr_carea' id='block_1_89' title="bbox 2158 3206 2517 3262">
    <p class='ocr_par' dir='ltr' id='par_1_89' title="bbox 2158 3206 2517 3262">
     <span class='ocr_line' id='line_1_90' title="bbox 2158 3206 2517 3262; baseline -0.006 -2"><span class='ocrx_word' id='word_1_477' title='bbox 2158 3206 2517 3262; x_wconf 89' lang='lat' dir='ltr'><strong>conscientia.</strong></span> 
     </span>
    </p>
   </div>
   <div class='ocr_carea' id='block_1_90' title="bbox 2084 3290 3668 3368">
    <p class='ocr_par' dir='ltr' id='par_1_90' title="bbox 2084 3290 3668 3368">
     <span class='ocr_line' id='line_1_91' title="bbox 2084 3290 3668 3368; baseline -0.005 -14"><span class='ocrx_word' id='word_1_478' title='bbox 2084 3298 2190 3354; x_wconf 74' lang='grc'>502</span> <span class='ocrx_word' id='word_1_479' title='bbox 2228 3298 2312 3353; x_wconf 85' lang='lat' dir='ltr'><strong>An</strong></span> <span class='ocrx_word' id='word_1_480' title='bbox 2347 3314 2415 3353; x_wconf 81' lang='lat' dir='ltr'><strong>ex</strong></span> <span class='ocrx_word' id='word_1_481' title='bbox 2472 3297 2621 3353; x_wconf 84' lang='lat' dir='ltr'><strong>cella</strong></span> <span class='ocrx_word' id='word_1_482' title='bbox 2658 3295 2887 3368; x_wconf 86' lang='lat' dir='ltr'><strong>penaria</strong></span> <span class='ocrx_word' id='word_1_483' title='bbox 2926 3293 3266 3367; x_wconf 80' lang='lat' dir='ltr'><strong>erogandum</strong></span> <span class='ocrx_word' id='word_1_484' title='bbox 3311 3293 3383 3349; x_wconf 90' lang='lat' dir='ltr'><strong>sit</strong></span> <span class='ocrx_word' id='word_1_485' title='bbox 3423 3290 3668 3347; x_wconf 85' lang='lat' dir='ltr'><strong>externis</strong></span> 
     </span>
    </p>
   </div>
   <div class='ocr_carea' id='block_1_91' title="bbox 2160 3390 2438 3462">
    <p class='ocr_par' dir='ltr' id='par_1_91' title="bbox 2160 3390 2438 3462">
     <span class='ocr_line' id='line_1_92' title="bbox 2160 3390 2438 3462; baseline -0.007 -16"><span class='ocrx_word' id='word_1_486' title='bbox 2160 3390 2438 3462; x_wconf 88' lang='lat' dir='ltr'><strong>inopibus.</strong></span> 
     </span>
    </p>
   </div>
   <div class='ocr_carea' id='block_1_92' title="bbox 2084 3475 3668 3549">
    <p class='ocr_par' dir='ltr' id='par_1_92' title="bbox 2084 3475 3668 3549">
     <span class='ocr_line' id='line_1_93' title="bbox 2084 3475 3668 3549; baseline -0.005 -11"><span class='ocrx_word' id='word_1_487' title='bbox 2084 3484 2189 3539; x_wconf 88' lang='grc'><strong>505</strong></span> <span class='ocrx_word' id='word_1_488' title='bbox 2225 3484 2309 3537; x_wconf 88' lang='lat' dir='ltr'><strong>An</strong></span> <span class='ocrx_word' id='word_1_489' title='bbox 2344 3484 2403 3538; x_wconf 89' lang='lat' dir='ltr'><strong>in</strong></span> <span class='ocrx_word' id='word_1_490' title='bbox 2432 3482 2677 3538; x_wconf 86' lang='lat' dir='ltr'><strong>fraterna</strong></span> <span class='ocrx_word' id='word_1_491' title='bbox 2705 3481 3103 3537; x_wconf 86' lang='lat' dir='ltr'><strong>communitate</strong></span> <span class='ocrx_word' id='word_1_492' title='bbox 3128 3480 3195 3534; x_wconf 93' lang='lat' dir='ltr'><strong>iis</strong></span> <span class='ocrx_word' id='word_1_493' title='bbox 3229 3492 3352 3549; x_wconf 76' lang='lat' dir='ltr'><strong>quae</strong></span> <span class='ocrx_word' id='word_1_494' title='bbox 3385 3490 3415 3529; x_wconf 90' lang='lat' dir='ltr'><strong>a</strong></span> <span class='ocrx_word' id='word_1_495' title='bbox 3436 3475 3668 3547; x_wconf 66' lang='lat' dir='ltr'><strong>quibuso</strong></span> 
     </span>
    </p>
   </div>
   <div class='ocr_carea' id='block_1_93' title="bbox 2157 3572 3088 3639">
    <p class='ocr_par' dir='ltr' id='par_1_93' title="bbox 2157 3572 3088 3639">
     <span class='ocr_line' id='line_1_94' title="bbox 2157 3572 3088 3639; baseline -0.003 -11"><span class='ocrx_word' id='word_1_496' title='bbox 2157 3575 2243 3630; x_wconf 90' lang='lat' dir='ltr'><strong>vis</strong></span> <span class='ocrx_word' id='word_1_497' title='bbox 2274 3575 2558 3639; x_wconf 85' lang='lat' dir='ltr'><strong>dicuntur,</strong></span> <span class='ocrx_word' id='word_1_498' title='bbox 2589 3572 2955 3629; x_wconf 85' lang='lat' dir='ltr'><strong>obediendum</strong></span> <span class='ocrx_word' id='word_1_499' title='bbox 2994 3573 3088 3627; x_wconf 82' lang='lat' dir='ltr'><strong>sit.</strong></span> 
     </span>
    </p>
   </div>
   <div class='ocr_carea' id='block_1_94' title="bbox 2086 3659 3669 3738">
    <p class='ocr_par' dir='ltr' id='par_1_94' title="bbox 2086 3659 3669 3738">
     <span class='ocr_line' id='line_1_95' title="bbox 2086 3659 3669 3738; baseline -0.008 -14"><span class='ocrx_word' id='word_1_500' title='bbox 2086 3669 2191 3724; x_wconf 73' lang='grc'>504</span> <span class='ocrx_word' id='word_1_501' title='bbox 2230 3666 2425 3723; x_wconf 88' lang='lat' dir='ltr'><strong>Utrum</strong></span> <span class='ocrx_word' id='word_1_502' title='bbox 2454 3682 2557 3738; x_wconf 89' lang='lat' dir='ltr'><strong>pro</strong></span> <span class='ocrx_word' id='word_1_503' title='bbox 2603 3667 2671 3722; x_wconf 90' lang='lat' dir='ltr'><strong>iis</strong></span> <span class='ocrx_word' id='word_1_504' title='bbox 2713 3666 2809 3737; x_wconf 87' lang='lat' dir='ltr'><strong>qui</strong></span> <span class='ocrx_word' id='word_1_505' title='bbox 2853 3664 3117 3721; x_wconf 79' lang='lat' dir='ltr'><strong>fratribus</strong></span> <span class='ocrx_word' id='word_1_506' title='bbox 3163 3662 3317 3718; x_wconf 90' lang='lat' dir='ltr'><strong>fuere</strong></span> <span class='ocrx_word' id='word_1_507' title='bbox 3350 3661 3541 3722; x_wconf 87' lang='lat' dir='ltr'><strong>oblati,</strong></span> <span class='ocrx_word' id='word_1_508' title='bbox 3574 3659 3669 3715; x_wconf 86' lang='lat' dir='ltr'><strong>ali-</strong></span> 
     </span>
    </p>
   </div>
   <div class='ocr_carea' id='block_1_95' title="bbox 2158 3750 3668 3833">
    <p class='ocr_par' dir='ltr' id='par_1_95' title="bbox 2158 3750 3668 3833">
     <span class='ocr_line' id='line_1_96' title="bbox 2158 3750 3668 3833; baseline -0.007 -17"><span class='ocrx_word' id='word_1_509' title='bbox 2158 3762 2290 3833; x_wconf 88' lang='lat' dir='ltr'><strong>quid</strong></span> <span class='ocrx_word' id='word_1_510' title='bbox 2324 3761 2579 3831; x_wconf 88' lang='lat' dir='ltr'><strong>accipere</strong></span> <span class='ocrx_word' id='word_1_511' title='bbox 2622 3765 2874 3829; x_wconf 86' lang='lat' dir='ltr'><strong>oporteat</strong></span> <span class='ocrx_word' id='word_1_512' title='bbox 2908 3758 2977 3812; x_wconf 90' lang='lat' dir='ltr'><strong>ab</strong></span> <span class='ocrx_word' id='word_1_513' title='bbox 3014 3772 3205 3813; x_wconf 89' lang='lat' dir='ltr'><strong>eorum</strong></span> <span class='ocrx_word' id='word_1_514' title='bbox 3238 3753 3583 3826; x_wconf 85' lang='lat' dir='ltr'><strong>parentibus,</strong></span> <span class='ocrx_word' id='word_1_515' title='bbox 3619 3750 3668 3807; x_wconf 84' lang='lat' dir='ltr'><strong>si</strong></span> 
     </span>
    </p>
   </div>
   <div class='ocr_carea' id='block_1_96' title="bbox 2158 3850 2862 3923">
    <p class='ocr_par' dir='ltr' id='par_1_96' title="bbox 2158 3850 2862 3923">
     <span class='ocr_line' id='line_1_97' title="bbox 2158 3850 2862 3923; baseline -0.007 -16"><span class='ocrx_word' id='word_1_516' title='bbox 2158 3853 2289 3908; x_wconf 88' lang='lat' dir='ltr'><strong>dare</strong></span> <span class='ocrx_word' id='word_1_517' title='bbox 2322 3852 2529 3923; x_wconf 89' lang='lat' dir='ltr'><strong>aliquid</strong></span> <span class='ocrx_word' id='word_1_518' title='bbox 2566 3850 2862 3906; x_wconf 85' lang='lat' dir='ltr'><strong>voluerint.</strong></span> 
     </span>
    </p>
   </div>
   <div class='ocr_carea' id='block_1_97' title="bbox 2085 3927 3669 4009">
    <p class='ocr_par' dir='ltr' id='par_1_97' title="bbox 2085 3927 3669 4009">
     <span class='ocr_line' id='line_1_98' title="bbox 2085 3927 3669 4009; baseline -0.009 -8"><span class='ocrx_word' id='word_1_519' title='bbox 2085 3945 2190 4001; x_wconf 78' lang='grc'><strong>505</strong></span> <span class='ocrx_word' id='word_1_520' title='bbox 2230 3947 2315 3999; x_wconf 89' lang='lat' dir='ltr'><strong>An</strong></span> <span class='ocrx_word' id='word_1_521' title='bbox 2344 3944 2413 3999; x_wconf 92' lang='lat' dir='ltr'><strong>ab</strong></span> <span class='ocrx_word' id='word_1_522' title='bbox 2461 3942 2705 3998; x_wconf 72' lang='lat' dir='ltr'><strong>externis</strong></span> <span class='ocrx_word' id='word_1_523' title='bbox 2740 3927 3032 4001; x_wconf 84' lang='lat' dir='ltr'><strong>conveniat</strong></span> <span class='ocrx_word' id='word_1_524' title='bbox 3064 3938 3337 4009; x_wconf 86' lang='lat' dir='ltr'><strong>accipere,</strong></span> <span class='ocrx_word' id='word_1_525' title='bbox 3371 3935 3488 3991; x_wconf 90' lang='lat' dir='ltr'><strong>sive</strong></span> <span class='ocrx_word' id='word_1_526' title='bbox 3528 3931 3669 3987; x_wconf 89' lang='lat' dir='ltr'><strong>ami-</strong></span> 
     </span>
    </p>
   </div>
   <div class='ocr_carea' id='block_1_98' title="bbox 2158 4030 3399 4109">
    <p class='ocr_par' dir='ltr' id='par_1_98' title="bbox 2158 4030 3399 4109">
     <span class='ocr_line' id='line_1_99' title="bbox 2158 4030 3399 4109; baseline -0.01 -15"><span class='ocrx_word' id='word_1_527' title='bbox 2158 4039 2325 4105; x_wconf 63' lang='lat' dir='ltr'><strong>citiae,</strong></span> <span class='ocrx_word' id='word_1_528' title='bbox 2360 4040 2474 4095; x_wconf 89' lang='lat' dir='ltr'><strong>sive</strong></span> <span class='ocrx_word' id='word_1_529' title='bbox 2504 4036 2707 4109; x_wconf 87' lang='lat' dir='ltr'><strong>prioris</strong></span> <span class='ocrx_word' id='word_1_530' title='bbox 2737 4031 3172 4107; x_wconf 78' lang='lat' dir='ltr'><strong>propinquitatis</strong></span> <span class='ocrx_word' id='word_1_531' title='bbox 3204 4030 3399 4103; x_wconf 81' lang='lat' dir='ltr'><strong>gratia.</strong></span> 
     </span>
    </p>
   </div>
   <div class='ocr_carea' id='block_1_99' title="bbox 2086 4208 3592 4293">
    <p class='ocr_par' dir='ltr' id='par_1_99' title="bbox 2086 4208 3592 4293">
     <span class='ocr_line' id='line_1_100' title="bbox 2086 4208 3592 4293; baseline -0.01 -15"><span class='ocrx_word' id='word_1_532' title='bbox 2086 4220 2248 4293; x_wconf 63' lang='lat'><strong>413</strong></span> <span class='ocrx_word' id='word_1_533' title='bbox 2274 4218 2379 4275; x_wconf 86' lang='grc'><strong>506</strong></span> <span class='ocrx_word' id='word_1_534' title='bbox 2416 4218 2537 4293; x_wconf 88' lang='lat' dir='ltr'><strong>Qua</strong></span> <span class='ocrx_word' id='word_1_535' title='bbox 2566 4217 2782 4274; x_wconf 88' lang='lat' dir='ltr'><strong>ratione</strong></span> <span class='ocrx_word' id='word_1_536' title='bbox 2812 4217 3021 4273; x_wconf 87' lang='lat' dir='ltr'><strong>vitatur</strong></span> <span class='ocrx_word' id='word_1_537' title='bbox 3057 4214 3260 4270; x_wconf 90' lang='lat' dir='ltr'><strong>mentis</strong></span> <span class='ocrx_word' id='word_1_538' title='bbox 3295 4208 3592 4275; x_wconf 86' lang='lat' dir='ltr'><strong>aberratio.</strong></span> 
     </span>
    </p>
   </div>
   <div class='ocr_carea' id='block_1_100' title="bbox 2087 4391 3672 4469">
    <p class='ocr_par' dir='ltr' id='par_1_100' title="bbox 2087 4391 3672 4469">
     <span class='ocr_line' id='line_1_101' title="bbox 2087 4391 3672 4469; baseline -0.006 -13"><span class='ocrx_word' id='word_1_539' title='bbox 2087 4401 2195 4456; x_wconf 85' lang='grc'><strong>507</strong></span> <span class='ocrx_word' id='word_1_540' title='bbox 2231 4401 2315 4455; x_wconf 84' lang='lat' dir='ltr'><strong>An</strong></span> <span class='ocrx_word' id='word_1_541' title='bbox 2353 4400 2599 4457; x_wconf 22' lang='lat' dir='ltr'><strong>alternis.</strong></span> <span class='ocrx_word' id='word_1_542' title='bbox 2625 4399 2843 4455; x_wconf 77' lang='lat' dir='ltr'><strong>vicibus</strong></span> <span class='ocrx_word' id='word_1_543' title='bbox 2896 4396 3277 4469; x_wconf 90' lang='lat' dir='ltr'><strong>incipiendum</strong></span> <span class='ocrx_word' id='word_1_544' title='bbox 3326 4393 3399 4449; x_wconf 91' lang='lat' dir='ltr'><strong>sit</strong></span> <span class='ocrx_word' id='word_1_545' title='bbox 3439 4391 3672 4463; x_wconf 87' lang='lat' dir='ltr'><strong>psallere</strong></span> 
     </span>
    </p>
   </div>
   <div class='ocr_carea' id='block_1_101' title="bbox 2012 4494 2523 4568">
    <p class='ocr_par' dir='ltr' id='par_1_101' title="bbox 2012 4494 2523 4568">
     <span class='ocr_line' id='line_1_102' title="bbox 2012 4494 2523 4568; baseline -0.002 -20"><span class='ocrx_word' id='word_1_546' title='bbox 2012 4513 2058 4568; x_wconf 75' lang='grc' dir='ltr'><strong>ι)</strong></span> <span class='ocrx_word' id='word_1_547' title='bbox 2159 4500 2255 4548; x_wconf 88' lang='lat' dir='ltr'><strong>aut</strong></span> <span class='ocrx_word' id='word_1_548' title='bbox 2286 4494 2523 4564; x_wconf 79' lang='lat' dir='ltr'><strong>precari.</strong></span> 
     </span>
    </p>
   </div>
   <div class='ocr_carea' id='block_1_102' title="bbox 2088 4574 3673 4653">
    <p class='ocr_par' dir='ltr' id='par_1_102' title="bbox 2088 4574 3673 4653">
     <span class='ocr_line' id='line_1_103' title="bbox 2088 4574 3673 4653; baseline -0.007 -16"><span class='ocrx_word' id='word_1_549' title='bbox 2088 4582 2192 4637; x_wconf 84' lang='grc'>508</span> <span class='ocrx_word' id='word_1_550' title='bbox 2230 4582 2313 4637; x_wconf 79' lang='lat' dir='ltr'><strong>An</strong></span> <span class='ocrx_word' id='word_1_551' title='bbox 2342 4582 2608 4639; x_wconf 85' lang='lat' dir='ltr'><strong>fratribus</strong></span> <span class='ocrx_word' id='word_1_552' title='bbox 2638 4579 2850 4653; x_wconf 87' lang='lat' dir='ltr'><strong>aliquid</strong></span> <span class='ocrx_word' id='word_1_553' title='bbox 2877 4578 3053 4645; x_wconf 87' lang='lat' dir='ltr'><strong>danti,</strong></span> <span class='ocrx_word' id='word_1_554' title='bbox 3081 4578 3329 4634; x_wconf 86' lang='lat' dir='ltr'><strong>vicissim</strong></span> <span class='ocrx_word' id='word_1_555' title='bbox 3365 4574 3673 4634; x_wconf 77' lang='lat' dir='ltr'><strong>retribuere</strong></span> 
     </span>
    </p>
   </div>
   <div class='ocr_carea' id='block_1_103' title="bbox 2156 4665 3672 4745">
    <p class='ocr_par' dir='ltr' id='par_1_103' title="bbox 2156 4665 3672 4745">
     <span class='ocr_line' id='line_1_104' title="bbox 2156 4665 3672 4745; baseline -0.006 -16"><span class='ocrx_word' id='word_1_556' title='bbox 2156 4682 2408 4745; x_wconf 82' lang='lat' dir='ltr'><strong>oporteat</strong></span> <span class='ocrx_word' id='word_1_557' title='bbox 2446 4693 2461 4731; x_wconf 89' lang='lat'><strong>:</strong></span> <span class='ocrx_word' id='word_1_558' title='bbox 2505 4682 2559 4731; x_wconf 88' lang='lat' dir='ltr'><strong>et</strong></span> <span class='ocrx_word' id='word_1_559' title='bbox 2596 4674 2646 4731; x_wconf 91' lang='lat' dir='ltr'><strong>si</strong></span> <span class='ocrx_word' id='word_1_560' title='bbox 2693 4674 2951 4730; x_wconf 85' lang='lat' dir='ltr'><strong>convenit</strong></span> <span class='ocrx_word' id='word_1_561' title='bbox 2996 4686 3097 4745; x_wconf 91' lang='lat' dir='ltr'><strong>pro</strong></span> <span class='ocrx_word' id='word_1_562' title='bbox 3135 4669 3351 4725; x_wconf 90' lang='lat' dir='ltr'><strong>ratione</strong></span> <span class='ocrx_word' id='word_1_563' title='bbox 3403 4667 3483 4722; x_wconf 89' lang='lat' dir='ltr'><strong>rei</strong></span> <span class='ocrx_word' id='word_1_564' title='bbox 3528 4665 3672 4721; x_wconf 67' lang='lat' dir='ltr'><strong>data:</strong></span> 
     </span>
    </p>
   </div>
   <div class='ocr_carea' id='block_1_104' title="bbox 2156 4756 3665 4838">
    <p class='ocr_par' dir='ltr' id='par_1_104' title="bbox 2156 4756 3665 4838">
     <span class='ocr_line' id='line_1_105' title="bbox 2156 4756 3665 4838; baseline 0.005 -18"><span class='ocrx_word' id='word_1_565' title='bbox 2156 4767 2464 4838; x_wconf 83' lang='lat' dir='ltr'><strong>rependere‘</strong></span> <span class='ocrx_word' id='word_1_566' title='bbox 2480 4768 2654 4823; x_wconf 87' lang='lat' dir='ltr'><strong>vices.</strong></span> <span class='ocrx_word' id='word_1_567' title='bbox 3658 4756 3665 4759; x_wconf 55' lang='grc'><em>’</em></span> 
     </span>
    </p>
   </div>
   <div class='ocr_carea' id='block_1_105' title="bbox 2086 4856 3666 4930">
    <p class='ocr_par' dir='ltr' id='par_1_105' title="bbox 2086 4856 3666 4930">
     <span class='ocr_line' id='line_1_106' title="bbox 2086 4856 3666 4930; baseline -0.006 -16"><span class='ocrx_word' id='word_1_568' title='bbox 2086 4858 2192 4914; x_wconf 89' lang='grc'><strong>509</strong></span> <span class='ocrx_word' id='word_1_569' title='bbox 2234 4858 2297 4914; x_wconf 86' lang='lat' dir='ltr'><strong>Si</strong></span> <span class='ocrx_word' id='word_1_570' title='bbox 2325 4870 2607 4926; x_wconf 87' lang='lat' dir='ltr'><strong>consueta,</strong></span> <span class='ocrx_word' id='word_1_571' title='bbox 2648 4866 2703 4915; x_wconf 88' lang='lat' dir='ltr'><strong>et</strong></span> <span class='ocrx_word' id='word_1_572' title='bbox 2740 4875 2863 4930; x_wconf 67' lang='lat' dir='ltr'><strong>qum</strong></span> <span class='ocrx_word' id='word_1_573' title='bbox 2892 4856 3195 4916; x_wconf 89' lang='lat' dir='ltr'><strong>secundum</strong></span> <span class='ocrx_word' id='word_1_574' title='bbox 3223 4860 3481 4909; x_wconf 87' lang='lat' dir='ltr'><strong>naturam</strong></span> <span class='ocrx_word' id='word_1_575' title='bbox 3513 4856 3666 4916; x_wconf 84' lang='lat' dir='ltr'><strong>sunt,</strong></span> 
     </span>
    </p>
   </div>
   <div class='ocr_carea' id='block_1_106' title="bbox 2159 4944 3668 5025">
    <p class='ocr_par' dir='ltr' id='par_1_106' title="bbox 2159 4944 3668 5025">
     <span class='ocr_line' id='line_1_107' title="bbox 2159 4944 3668 5025; baseline -0.007 -16"><span class='ocrx_word' id='word_1_576' title='bbox 2159 4955 2399 5023; x_wconf 88' lang='lat' dir='ltr'><strong>cuipiam</strong></span> <span class='ocrx_word' id='word_1_577' title='bbox 2434 4955 2782 5025; x_wconf 83' lang='lat' dir='ltr'><strong>contingant,</strong></span> <span class='ocrx_word' id='word_1_578' title='bbox 2828 4968 2897 5007; x_wconf 87' lang='lat' dir='ltr'><strong>an</strong></span> <span class='ocrx_word' id='word_1_579' title='bbox 2932 4953 3136 5007; x_wconf 88' lang='lat' dir='ltr'><strong>audere</strong></span> <span class='ocrx_word' id='word_1_580' title='bbox 3181 4947 3379 5003; x_wconf 89' lang='lat' dir='ltr'><strong>debeat</strong></span> <span class='ocrx_word' id='word_1_581' title='bbox 3403 4944 3668 5001; x_wconf 43' lang='lat' dir='ltr'><strong>~ad‘san-</strong></span> 
     </span>
    </p>
   </div>
   <div class='ocr_carea' id='block_1_107' title="bbox 2157 5045 3165 5103">
    <p class='ocr_par' dir='ltr' id='par_1_107' title="bbox 2157 5045 3165 5103">
     <span class='ocr_line' id='line_1_108' title="bbox 2157 5045 3165 5103; baseline -0.004 -3"><span class='ocrx_word' id='word_1_582' title='bbox 2157 5055 2373 5103; x_wconf 88' lang='lat' dir='ltr'><strong>ctorum</strong></span> <span class='ocrx_word' id='word_1_583' title='bbox 2404 5047 2847 5102; x_wconf 85' lang='lat' dir='ltr'><strong>communionem</strong></span> <span class='ocrx_word' id='word_1_584' title='bbox 2880 5045 3165 5101; x_wconf 91' lang='lat' dir='ltr'><strong>accedere.</strong></span> 
     </span>
    </p>
   </div>
   <div class='ocr_carea' id='block_1_108' title="bbox 2083 5136 3673 5210">
    <p class='ocr_par' dir='ltr' id='par_1_108' title="bbox 2083 5136 3673 5210">
     <span class='ocr_line' id='line_1_109' title="bbox 2083 5136 3673 5210; baseline -0.005 -15"><span class='ocrx_word' id='word_1_585' title='bbox 2083 5140 2190 5195; x_wconf 78' lang='lat'><strong>510</strong></span> <span class='ocrx_word' id='word_1_586' title='bbox 2218 5138 2477 5210; x_wconf 90' lang='lat' dir='ltr'><strong>Nunquid</strong></span> <span class='ocrx_word' id='word_1_587' title='bbox 2504 5140 2563 5195; x_wconf 89' lang='lat' dir='ltr'><strong>in</strong></span> <span class='ocrx_word' id='word_1_588' title='bbox 2592 5140 2871 5194; x_wconf 90' lang='lat' dir='ltr'><strong>communi</strong></span> <span class='ocrx_word' id='word_1_589' title='bbox 2901 5139 3065 5193; x_wconf 89' lang='lat' dir='ltr'><strong>domo</strong></span> <span class='ocrx_word' id='word_1_590' title='bbox 3088 5136 3430 5192; x_wconf 84' lang='lat' dir='ltr'><strong>Dominicam</strong></span> <span class='ocrx_word' id='word_1_591' title='bbox 3453 5148 3673 5190; x_wconf 74' lang='lat' dir='ltr'><strong>cmnam</strong></span> 
     </span>
    </p>
   </div>
   <div class='ocr_carea' id='block_1_109' title="bbox 2156 5232 2758 5288">
    <p class='ocr_par' dir='ltr' id='par_1_109' title="bbox 2156 5232 2758 5288">
     <span class='ocr_line' id='line_1_110' title="bbox 2156 5232 2758 5288; baseline -0.003 -1"><span class='ocrx_word' id='word_1_592' title='bbox 2156 5234 2449 5288; x_wconf 79' lang='lat' dir='ltr'><strong>conveniat</strong></span> <span class='ocrx_word' id='word_1_593' title='bbox 2490 5232 2758 5288; x_wconf 86' lang='lat' dir='ltr'><strong>celebrari</strong></span> 
     </span>
    </p>
   </div>
   <div class='ocr_carea' id='block_1_110' title="bbox 2087 5312 3721 5393">
    <p class='ocr_par' dir='ltr' id='par_1_110' title="bbox 2087 5312 3721 5393">
     <span class='ocr_line' id='line_1_111' title="bbox 2087 5312 3721 5393; baseline -0.004 -16"><span class='ocrx_word' id='word_1_594' title='bbox 2087 5323 2187 5377; x_wconf 81' lang='grc'><strong>511</strong></span> <span class='ocrx_word' id='word_1_595' title='bbox 2229 5321 2425 5378; x_wconf 91' lang='lat' dir='ltr'><strong>Utrum</strong></span> <span class='ocrx_word' id='word_1_596' title='bbox 2447 5337 2573 5377; x_wconf 92' lang='lat' dir='ltr'><strong>cum</strong></span> <span class='ocrx_word' id='word_1_597' title='bbox 2596 5322 2761 5393; x_wconf 88' lang='lat' dir='ltr'><strong>aliqui</strong></span> <span class='ocrx_word' id='word_1_598' title='bbox 2784 5328 3000 5393; x_wconf 83' lang='lat' dir='ltr'><strong>rogant,</strong></span> <span class='ocrx_word' id='word_1_599' title='bbox 3023 5337 3119 5379; x_wconf 86' lang='lat' dir='ltr'><strong>eos</strong></span> <span class='ocrx_word' id='word_1_600' title='bbox 3140 5320 3380 5378; x_wconf 89' lang='lat' dir='ltr'><strong>invisere</strong></span> <span class='ocrx_word' id='word_1_601' title='bbox 3395 5324 3666 5391; x_wconf 89' lang='lat' dir='ltr'><strong>oporteat.</strong></span> <span class='ocrx_word' id='word_1_602' title='bbox 3720 5312 3721 5315; x_wconf 54' lang='grc'><em>“</em></span> 
     </span>
    </p>
   </div>
   <div class='ocr_carea' id='block_1_111' title="bbox 2091 5491 3672 5570">
    <p class='ocr_par' dir='ltr' id='par_1_111' title="bbox 2091 5491 3672 5570">
     <span class='ocr_line' id='line_1_112' title="bbox 2091 5491 3672 5570; baseline -0.006 -15"><span class='ocrx_word' id='word_1_603' title='bbox 2091 5500 2198 5555; x_wconf 73' lang='grc'><strong>512</strong></span> <span class='ocrx_word' id='word_1_604' title='bbox 2235 5501 2317 5553; x_wconf 87' lang='lat' dir='ltr'><strong>An</strong></span> <span class='ocrx_word' id='word_1_605' title='bbox 2350 5498 2478 5553; x_wconf 88' lang='lat' dir='ltr'><strong>laici</strong></span> <span class='ocrx_word' id='word_1_606' title='bbox 2512 5499 2607 5570; x_wconf 90' lang='lat' dir='ltr'><strong>qui</strong></span> <span class='ocrx_word' id='word_1_607' title='bbox 2656 5514 2761 5555; x_wconf 89' lang='lat' dir='ltr'><strong>nos</strong></span> <span class='ocrx_word' id='word_1_608' title='bbox 2795 5498 3044 5554; x_wconf 88' lang='lat' dir='ltr'><strong>invisunt</strong></span> <span class='ocrx_word' id='word_1_609' title='bbox 3076 5495 3407 5554; x_wconf 89' lang='lat' dir='ltr'><strong>adhortandi</strong></span> <span class='ocrx_word' id='word_1_610' title='bbox 3461 5493 3571 5549; x_wconf 89' lang='lat' dir='ltr'><strong>sint</strong></span> <span class='ocrx_word' id='word_1_611' title='bbox 3600 5491 3672 5547; x_wconf 84' lang='lat' dir='ltr'><strong>ad</strong></span> 
     </span>
    </p>
   </div>
   <div class='ocr_carea' id='block_1_112' title="bbox 2162 5592 2553 5661">
    <p class='ocr_par' dir='ltr' id='par_1_112' title="bbox 2162 5592 2553 5661">
     <span class='ocr_line' id='line_1_113' title="bbox 2162 5592 2553 5661; baseline 0.003 -17"><span class='ocrx_word' id='word_1_612' title='bbox 2162 5592 2553 5661; x_wconf 86' lang='lat' dir='ltr'><strong>precationem.</strong></span> 
     </span>
    </p>
   </div>
   <div class='ocr_carea' id='block_1_113' title="bbox 2092 5681 3673 5757">
    <p class='ocr_par' dir='ltr' id='par_1_113' title="bbox 2092 5681 3673 5757">
     <span class='ocr_line' id='line_1_114' title="bbox 2092 5681 3673 5757; baseline -0.006 -16"><span class='ocrx_word' id='word_1_613' title='bbox 2092 5686 2198 5742; x_wconf 77' lang='grc'>515</span> <span class='ocrx_word' id='word_1_614' title='bbox 2238 5683 2319 5741; x_wconf 86' lang='lat' dir='ltr'><strong>An</strong></span> <span class='ocrx_word' id='word_1_615' title='bbox 2355 5699 2479 5741; x_wconf 89' lang='lat' dir='ltr'><strong>cum</strong></span> <span class='ocrx_word' id='word_1_616' title='bbox 2512 5684 2682 5757; x_wconf 89' lang='lat' dir='ltr'><strong>aliqui</strong></span> <span class='ocrx_word' id='word_1_617' title='bbox 2712 5700 2816 5743; x_wconf 86' lang='lat' dir='ltr'><strong>nos</strong></span> <span class='ocrx_word' id='word_1_618' title='bbox 2846 5685 3087 5754; x_wconf 85' lang='lat' dir='ltr'><strong>visitant,</strong></span> <span class='ocrx_word' id='word_1_619' title='bbox 3118 5690 3365 5757; x_wconf 87' lang='lat' dir='ltr'><strong>oporteat</strong></span> <span class='ocrx_word' id='word_1_620' title='bbox 3395 5681 3673 5739; x_wconf 4' lang='lat' dir='ltr'><strong>laborares.</strong></span> 
     </span>
    </p>
   </div>
  </div>
