3948 6240
247 321 387 384 1087
1484 332 1542 390 s.
1587 332 1830 391 essu."
1861 336 2076 393 MAGNI
3360 326 3504 400 sese

244 442 354 498 nisi
386 441 621 498 ediderit
654 441 874 500 fructus
918 444 1244 514 poenitentia
1274 447 1469 518 dignos
1493 490 1508 513 ,
1565 453 1824 507 convenit

1943 454 1972 506 ιί
2009 453 2084 524 μὴ
2117 451 2453 524 ἐπιδείξηται
2484 451 2732 525 καρποὺς
2765 451 2949 519 ἀξίους
2979 452 3080 524 τῆς
3107 453 3414 525 μετανοίας,
3441 455 3508 510 τὸ

241 532 395 603 quod
424 547 455 588 ι
491 532 724 591 Domino
752 536 959 591 dictum
991 546 1075 592 est
1101 557 1115 593 :
1174 537 1236 594 Si
1267 541 1451 595 oculus
1482 551 1606 597 tuus
1638 545 1823 599 dexter

1943 544 2030 597 iub
2069 544 2162 599 τοῦ
2208 545 2414 616 Κυρίου
2468 545 2779 617 εἰρημένον,
2822 545 2905 599 ὅτι
2964 544 3099 599 Ἐὰν
3132 548 3167 600 ό
3199 546 3507 615 ὀφθαλμός

244 627 581 682 scandalizat
630 637 698 693 te.
735 646 858 685 erue
880 647 1003 685 eum
1043 641 1094 686 et
1141 635 1339 702 projice
1370 635 1464 689 abs
1498 647 1566 690 te.
1598 636 1824 706 Erpedit

1943 652 2043 691 70v
2076 639 2110 691 ὀ
2153 636 2352 703 δεξιὸς
2392 632 2762 706 σκανδαλίζῃ
2803 651 2914 702 σε,
2941 636 3116 702 ἐξελε
3152 635 3360 700 αὐτὸν,
3403 638 3504 691 και

242 717 384 772 enim
414 719 508 772 tibi
554 730 611 775 ut
655 732 833 792 pereat
883 738 1047 779 unum
1099 726 1449 781 membrorum
1484 737 1692 783 tuorum
1717 771 1732 796 ,
1772 739 1823 785 et

1943 726 2082 781 Βάλε
2124 727 2242 782 ἀπὸ
2274 727 2413 782 σοῦ.
2458 729 2751 797 Συμφέρει
2790 726 2903 797 γάρ
2942 742 3042 782 σοι
3068 729 3172 782 ἵνα
3204 728 3504 795 ἀπόληται

246 824 352 864 non
382 818 551 866 totum
577 829 768 884 corpus
792 824 942 868 tuum
970 817 1289 886 conjiciatur
1311 821 1362 873 in
1387 820 1671 890 gehennam
1701 823 1767 875 “.

669 994 1187 1057 INTERROGATIO
1227 1002 1360 1058 VIII.

375 1084 653 1156 Quomodo
681 1088 829 1145 debet
859 1094 1092 1157 suscipi,
1133 1112 1285 1164 quem
1316 1113 1431 1152 vere
1457 1100 1690 1168 paenitet.

833 1221 1239 1283 RESPONSIO.

318 1302 481 1365 Velut
541 1312 807 1372 Dominus
873 1318 1088 1382 docuit,
1147 1335 1271 1374 cum
1319 1323 1499 1379 dixit:
1556 1323 1824 1381 Convocat

248 1398 482 1464 amicos,
526 1411 576 1456 et
615 1407 845 1470 vicinos,
898 1409 1118 1463 dicens:
1167 1410 1631 1482 Congratulamini
1657 1416 1821 1480 mihi,

247 1493 373 1554 auia
400 1494 571 1550 inveni
594 1513 735 1552 ovem
762 1516 930 1555 meam
955 1543 971 1569 ,
1011 1519 1127 1571 qua:
1154 1506 1382 1574 perierat
1407 1507 1474 1562 ⁶².

710 1717 1231 1780 ΙΝΤΕΗΒΟΟΑΤΙΟ
1270 1725 1340 1779 IX

250 1802 526 1871 Quomodo
559 1824 685 1880 erga
715 1826 832 1864 eum
860 1814 976 1892 .qui
1020 1815 1156 1892 citra
1204 1819 1562 1892 paenitentiam
1610 1830 1821 1890 peccat,
1854 1798 1898 1852 Β

704 1920 716 1931 .
793 1885 987 1936 erimus
1030 1885 1273 1940 animati.

827 1994 1234 2055 RESPONSIO.

320 2082 409 2139 Uti
444 2082 711 2143 Dominus
740 2091 1033 2161 praecepit,
1074 2107 1200 2146 cum
1248 2091 1387 2148 dixit
1420 2112 1434 2150 :
1477 2094 1538 2151 Si
1566 2105 1743 2150 autem
1772 2106 1824 2152 et

247 2176 543 2234 Ecclesium
594 2197 699 2234 non
742 2183 1006 2247 audierit,
1067 2184 1135 2238 sit
1182 2185 1277 2239 tibi
1316 2187 1453 2241 sicut
1502 2187 1737 2242 ethnicus
1773 2197 1824 2243 et

245 2270 557 2342 publicanus
610 2274 702 2341 “;
765 2282 819 2330 et
875 2276 1019 2332 sicut
1074 2276 1372 2346 Apostolus
1423 2279 1642 2343 docuit,
1697 2294 1825 2334 cum

247 2365 509 2436 scripsit:
547 2363 890 2422 Subtrahatis
927 2385 1015 2423 vos
1047 2370 1112 2424 ab
1145 2373 1287 2426 omni
1323 2370 1493 2441 fratre
1523 2372 1826 2426 ambulante

246 2450 567 2518 inordinate,
590 2462 639 2508 et
668 2471 772 2508 non
813 2458 1098 2513 secundum
1147 2460 1487 2517 traditionem
1532 2477 1689 2532 quam
1740 2477 1828 2515 ac-

246 2554 490 2625 ceperunt
522 2564 556 2601 a
584 2548 732 2603 nobis
758 2547 820 2604 “.

724 2660 1245 2719 INTERROGATIO
1281 2662 1350 2718 Χ.

249 2751 446 2807 Anima
471 2769 590 2829 quae
616 2754 670 2807 in
695 2753 1141 2829 multis_peccatis
1166 2757 1355 2829 misere
1403 2766 1611 2829 versata
1643 2758 1824 2829 fuerit,

316 2840 421 2894 quo
477 2827 662 2878 timore
703 2832 754 2878 et
786 2824 975 2893 quibus
1018 2825 1270 2895 lacrymis
1317 2827 1551 2883 recedere
1582 2824 1827 2885 debeata

317 2896 577 3018 ρεσεαᾶιίε,
619 2903 670 2949 et
713 2911 818 2966 qua
864 2910 952 2964 spe
994 2912 1160 2966 quave
1208 2896 1487 2965 affectione
1531 2899 1601 2953 ad
1658 2900 1828 2956 Deum

320 2980 442 3018 acce
480 2982 585 3018 ere.

320 2980 384 3019 ac
388 2980 585 3020 cedere.

831 3129 1234 3188 RESPONSIO.

318 3219 564 3276 Primum
612 3223 834 3293 quidem
868 3224 1054 3279 odisse
1109 3225 1270 3279 debet
1316 3225 1606 3294 reprobam
1640 3227 1825 3289 {suam

248 3312 419 3368 vitam
449 3320 756 3367 anteactam
778 3356 793 3376 ,
827 3322 883 3369 et
913 3315 1088 3384 ipsum
1137 3315 1258 3384 ejus
1310 3317 1629 3370 memoriam
1664 3332 1827 3372 exse-

249 3407 394 3461 crari
463 3404 853 3476 dcteSIarique.
928 3406 1203 3476 Scriptum
1260 3415 1346 3463 est
1386 3408 1575 3462 enim:
1616 3407 1827 3479 Iniqui-

249 3506 410 3552 tatem
459 3497 578 3551 odio
612 3497 774 3551 habui
801 3508 851 3552 et
881 3497 1217 3553 abominatus
1262 3515 1379 3553 sum
1399 3539 1414 3564 ,
1465 3500 1626 3570 legem
1654 3508 1827 3554 autem

250 3599 397 3644 tuam
428 3591 594 3645 dilexi
639 3591 704 3645 "‘.
739 3589 943 3646 Deinde
974 3608 1105 3647 vero
1140 3594 1355 3648 timoris
1389 3595 1709 3664 magistram
1738 3609 1830 3650 as-

249 3695 469 3737 sumere
528 3683 717 3736 acterni
767 3681 965 3753 judicii
1008 3699 1072 3738 ac
1130 3685 1387 3755 supplicii
1448 3687 1829 3741 comminatio-

249 3790 409 3840 nem;
463 3774 704 3846 itemque
762 3791 1139 3847 cognoscere,
1192 3785 1405 3847 tempus
1464 3779 1825 3848 lacrymarum

250 3877 467 3937 tempus
496 3882 622 3922 esse
662 3868 1017 3937 paenitentiae,
1050 3869 1129 3922 uti
1157 3866 1347 3922 docuit
1374 3867 1546 3921 David
1582 3869 1638 3922 in
1669 3877 1825 3924 sexto

250 3960 484 4029 psalmo.
528 3959 741 4031 Quippe
796 3961 1107 4017 certissime
1136 3961 1324 4015 credat
1354 3969 1577 4030 peccata
1607 3962 1828 4032 purgari

250 4064 351 4118 per
405 4050 728 4120 sanguinem
772 4049 1015 4116 Christi,
1072 4051 1127 4105 in
1183 4052 1561 4122 magnitudine
1611 4052 1829 4108 miseri-

251 4137 487 4203 cordiae,
550 4146 606 4193 ct
656 4138 1005 4196 multitudine
1061 4141 1478 4195 miserationum
1530 4141 1668 4209 Dei,
1734 4141 1829 4213 qui

251 4230 429 4286 dixit:
483 4231 545 4287 Si
582 4232 779 4302 fuerint
823 4242 1038 4301 peccata
1080 4244 1253 4288 vestra
1303 4235 1456 4304 quasi
1484 4235 1825 4305 phwniceum,

250 4325 391 4380 sicut
447 4325 615 4378 nivem
666 4324 922 4379 dealbabo
941 4341 975 4390 ,'-
994 4335 1044 4380 et
1086 4328 1134 4380 si
1172 4327 1371 4396 fuerint
1413 4337 1471 4381 ut
1522 4329 1826 4395 coccinum,

250 4415 387 4471 sicut
413 4416 592 4469 lanam
620 4414 876 4471 dealbabo
908 4418 973 4472 “.
1029 4415 1167 4472 Tum
1201 4417 1417 4473 demum
1466 4428 1624 4475 nacta
1659 4419 1825 4474 laeui»

249 4517 419 4563 tatem
445 4524 508 4563 ac
536 4515 861 4579 potestatem
897 4511 1151 4580 placendi
1182 4510 1313 4574 Deo,
1335 4509 1506 4565 dicit:
1540 4509 1623 4563 Ad
1653 4527 1827 4581 cespe-
1859 4476 1904 4529 Β

250 4618 370 4655 rum
403 4600 766 4656 demorabitur
825 4602 1021 4670 ﬂetus,
1080 4602 1349 4675 et_ﬁ.18
1388 4602 1457 4656 ad
1512 4603 1831 4657 matutinum

250 4694 464 4751 laetitia.
483 4692 801 4748 Convertisti
824 4693 1094 4764 planctum
1118 4710 1288 4749 meum
1309 4695 1365 4748 in
1383 4694 1636 4765 gaudium
1663 4695 1792 4747 mihi
1809 4711 1828 4749 :

253 4786 564 4842 conscidisti
593 4803 804 4841 saccum
839 4803 1033 4853 meum,
1065 4795 1115 4841 et
1149 4786 1546 4842 circumdedisti
1578 4803 1658 4841 me
1687 4788 1829 4842 ιωῑὶ-

255 4881 353 4945 tia,
381 4889 437 4933 ut
471 4888 645 4934 cantet
672 4880 768 4936 tibi
787 4880 961 4952 gloria
990 4896 1107 4935 mea
1131 4882 1197 4936 ⁸⁷.
1227 4880 1406 4951 Atque
1432 4880 1507 4934 ita
1536 4880 1826 4945 accedens,

254 4972 443 5042 psaliit
477 4970 607 5037 Deo,
639 4986 705 5028 ac
742 4972 912 5027 dicit:
947 4969 1214 5042 Exaltabo
1249 4982 1331 5038 te,
1388 4970 1640 5037 Domine,
1696 4987 1828 5041 quo-

330 5109 374 5141 “
415 5108 607 5162 Matth.
644 5126 700 5174 v,
733 5108 822 5164 29.
927 5108 971 5140 “
1010 5108 1144 5163 Luc.
1179 5123 1271 5171 xv,
1306 5107 1363 5163 6.

257 5180 306 5213 “
344 5177 449 5235 Isa.
489 5196 541 5245 ι,
580 5179 668 5233 18.
744 5180 788 5211 ⁸⁷
827 5178 976 5235 Psal.
1016 5195 1182 5245 xm,
1217 5180 1285 5247 6,
1325 5178 1426 5243 12,
1466 5177 1533 5231 1³5

1852 3134 1900 3197 C

1481 5107 1527 5138 ⁶³
1563 5105 1759 5168 Matth.
1799 5119 1969 5171 xvnt,
2008 5103 2096 5158 17.
2183 5104 2229 5138 ⁸⁵
2261 5101 2304 5156 ll
2344 5101 2539 5159 Thess.
2575 5116 2668 5169 Ill,
2726 5102 2779 5159 6.

1922 819 1994 875 ἐν
2025 819 2142 874 τῶν
2174 818 2380 890 μελῶν
2426 837 2563 887 σου,
2604 821 2702 875 καὶ
2749 820 2836 891 μὴ
2878 821 3028 876 ὅλον
3067 820 3135 875 τὸ
3175 818 3349 891 σῶμά
3382 834 3504 875 σου

1921 911 2132 982 βληθῇ
2160 915 2247 978 εις
2275 912 2391 981 τὴν
2415 912 2687 982 γέενναν.
3160 916 3165 921 ’

2478 1029 2814 1082 ΕΡΩΤΗΣΙΣ
2854 1029 2937 1083 H’.

1930 1118 2041 1175 Τὸν
2092 1121 2505 1190 μετανοοῦντα
2560 1120 2825 1256 molitur;
2872 1116 3000 1185 πῶς
3059 1116 3505 1187 προσδέχεσθαι

2622 1206 2739 1256 ξχρῖ
2764 1230 2778 1244 ο

2622 1206 2778 1259 εχρηο

2514 1305 2904 1359 ΑΠΟΚΡῙΣΙ...

2005 1397 2094 1460 Ὦς
2135 1398 2163 1450 ὁ
2206 1396 2409 1468 Κύριος
2450 1396 2707 1464 ἐδίδαξεν,
2739 1394 2929 1461 εἰπὼν,
2980 1395 3062 1448 ὄτι
3110 1393 3500 1464 Συγκαλεῒται

1922 1486 2064 1553 τοὺς
2096 1488 2315 1557 φίλους
2357 1487 2455 1541 καὶ
2498 1488 2640 1554 τοὺς
2678 1487 2952 1557 γείτονας
2978 1485 3172 1556 λέγων
3194 1503 3209 1517 ν
3270 1483 3503 1555 Συτχὰ-

1917 1580 2067 1648 ρητέ
2100 1597 2223 1649 μοι,
2269 1579 2359 1634 ὅτι
2407 1575 2589 1650 εὗρον
2646 1579 2714 1633 τὸ
2754 1579 3054 1647 πρόϐατόν
3093 1594 3235 1648 μου,
3281 1575 3347 1631 τὸ
3388 1576 3505 1632 ἁπ-

1925 1673 2178 1739 ολωλός.

2477 1762 2815 1817 ΕΡΩΤΗΣΙΣ
2868 1760 2948 1816 8’.

1924 1854 2082 1924 Πρὸς
2124 1853 2233 1909 τὸν
2276 1853 2677 1978 ductae-one;
2690 1851 3106 1922 ἁμαρτάνοντα
3148 1848 3275 1919 πῶς
3312 1849 3504 1905 διατο-

2640 1940 2816 1978 ωιιεν.

2640 1940 2816 1993 ωμεν.

2498 2014 2891 2068 ΑΠυΚΡΙΣΙΣ.

2005 2108 2094 2172 Ὠς
2139 2109 2169 2161 ὁ
2211 2104 2417 2177 Κύριος
2464 2103 2817 2177 προσέταξεν,
2855 2101 3059 2157 εἰπών’
3100 2102 3238 2157 Ἐὰν
3266 2101 3377 2175 (68)
3430 2098 3504 2155 δὲ

1925 2198 2024 2252 καὶ
2055 2197 2165 2265 τῆς
2211 2196 2578 2264 Ἕκκλησίας
2619 2195 2999 2263 παρακούσῃ,
3036 2192 3194 2246 ἔστω
3225 2206 3326 2247 σοι
3354 2191 3435 2258 ὡς
3467 2193 3505 2246 ό

1924 2290 2163 2357 ἐθνικὸς
2190 2289 2288 2343 καὶ
2316 2292 2349 2343 ὀ
2377 2287 2638 2356 τελώνης
2660 2305 2674 2318 ·
2713 2288 2809 2341 κα).
2849 2286 2925 2349 ὡς
2968 2288 2997 2339 ὁ
3047 2283 3366 2350 Ἀπόστολος
3397 2283 3507 2338 ἐδί-

1924 2381 2069 2447 δαξε,
2096 2379 2313 2452 γράψας
2331 2396 2345 2409 ⁸
2369 2378 2737 2433 Στέλλεσθαι
2755 2374 2912 2447 ὑμᾶς
2933 2374 3049 2428 ἀπὸ
3076 2374 3301 2441 παντὸς
3328 2370 3503 2428 ἀδελ·

1925 2473 2043 2543 φοῦ
2081 2472 2347 2537 ἀτάκτως
2384 2469 2857 2539 περιπατοῦντος
2881 2507 2896 2533 ,
2939 2467 3040 2521 καί
3071 2465 3159 2536 μὴ
3191 2463 3345 2522 κατὰ
3387 2462 3507 2533 τὴν

1926 2564 2260 2634 παράδοσιν
2292 2562 2374 2632 ἣν
2397 2561 2740 2631 παρέλαϐον
2775 2560 2887 2633 (69)
2913 2561 3048 2628 παρ’
3077 2556 3267 2629 ἡμῶν.

2489 2671 2828 2726 ΕΡΩΤΗΣῙΣ
2884 2673 2942 2725 I’.

1934 2762 2204 2837 suam
2233 2762 2545 2837 ἁμαρτίαις
2575 2760 2839 2837 πολλαῖς
2856 2756 3371 2837 ταλαιπωρήσασα
3390 2755 3504 2837 (70)

1995 2826 2145 2902 pete
2198 2826 2471 2886 ποταποῦ
2511 2826 2701 2900 φόϐου
2746 2832 2845 2884 καὶ
2901 2826 3201 2902 ποταπῶν-
3229 2826 3505 2902 δακρύων

2002 2894 2229 2971 occidet
2276 2894 2665 2971 ἀναχωρῆσαι
2718 2902 2837 2971 τῶν
2891 2894 3355 2971 ἁμαρτημάτωνξ
3409 2894 3507 2971 uti.

1992 2965 2345 3097 μξτίέπρίας
2377 2965 2623 3038 ἐλπίδος
2660 2970 2761 3025 καὶ
2788 2965 3507 3038 δωθέσὲωδπροσελθεῖν

2001 3062 2083 3097 τω
2161 3060 2257 3097 εω.

2001 3062 2083 3110 τῳ
2117 3060 2257 3109 aeq).

2524 3131 2915 3187 ΑΠΟΚΡΙΣΙΣ.

2005 3227 2228 3302 Πρῶτον
2277 3227 2376 3298 μὲν
2407 3226 2613 3295 ὀφείλει
2659 3225 2888 3297 μισῆσαι
2928 3222 3020 3277 τὸν
3061 3221 3509 3292 κατεγνωσμένον

1928 3322 2129 3392 ἑαυτῆς
2183 3319 2445 3391 πρότερον
2478 3317 2612 3388 βίον,
2654 3318 2747 3371 καὶ
2774 3316 2872 3387 τὴν
2913 3315 3134 3388 μνήμην
3177 3312 3344 3383 αὐτὴν
3391 3328 3509 3365 σικ-

1928 3413 2188 3486 χαίνουσα
2223 3410 2335 3481 (71)
2376 3410 2470 3464 καὶ
2513 3407 2945 3480 βδελυσσομένη·
3002 3405 3313 3476 γέγραπται
3362 3404 3504 3475 γάρ*

1941 3506 2197 3561 Ἀδικίαν
2223 3504 2490 3573 ἐμίσησα
2513 3500 2614 3554 καὶ
2641 3498 3072 3569 ἐϐδελυξάμην,
3098 3496 3206 3550 τὸν
3231 3496 3300 3549 δὲ
3322 3498 3511 3566 νόμον

1928 3617 2045 3655 σου
2092 3597 2410 3667 ἠγάπησεν
2472 3594 2662 3647 ἔπειτα
2715 3593 2773 3646 δὲ
2819 3592 2984 3661 φόϐου
3049 3591 3147 3663 μὲν
3192 3589 3513 3644 διδάσκαλον

1930 3687 2042 3760 (72)
2075 3686 2371 3758 λαμὸἀνειν
2420 3684 2520 3755 τὴν
2580 3682 2811 3755 ἀπειλὴν
2857 3683 2956 3753 τῆς
3005 3680 3224 3734 αίωνίου
3276 3681 3510 3753 κρίσεως

1929 3781 2024 3834 καὶ
2069 3778 2376 3845 κολάσεως,
2432 3774 2683 3847 δακρύων
2739 3774 2798 3828 δὲ
2847 3772 3037 3844 καιρὸν
3087 3771 3372 3843 γνωρίζειν
3419 3770 3509 3824 τὸν

1929 3874 2119 3944 καιρὸν
2163 3873 2264 3943 τῆς
2308 3869 2614 3942 μετανοίας,
2645 3867 2721 3932 ὡς
2765 3864 2998 3933 ἐδίδαξεν
3040 3868 3069 3920 ὁ
3117 3865 3284 3918 Δαϐὶδ
3327 3866 3384 3918 ὲν
3435 3862 3512 3935 τῷ

1927 3965 2072 4036 ἕκτῳ
2102 3962 2304 4034 ψαλμῷ
2326 3978 2339 3991 '
2376 3959 2857 4033 πληροφορηθεῖσα
2888 3958 2980 4012 τὸν
3024 3955 3362 4029 καθαρισμὸν
3403 3955 3511 4008 τῶν

1928 4054 2346 4129 ἁμαρτημάτων
2393 4052 2481 4107 διὰ
2511 4051 2607 4105 τοῦ
2639 4052 2873 4123 αἵματος
2921 4047 3016 4104 τοῦ
3062 4047 3297 4121 Χριστοῦ
3345 4050 3404 4102 ὲν
3433 4047 3516 4118 τῷ

1933 4146 2154 4219 μεγέθει
2199 4146 2293 4200 τοῦ
2344 4144 2529 4208 ἐλέους
2570 4144 2665 4198 καὶ
2708 4142 2788 4214 τῷ
2833 4141 3025 4214 πλήθει
3073 4141 3182 4196 τῶν
3213 4138 3515 4212 οἰκτιρμῶν

1927 4238 2022 4293 τοῦ
2056 4238 2212 4303 Θεοῦ,
2247 4236 2339 4290 τοῦ
2364 4237 2630 4302 εἰπόντος,
2664 4237 2747 4289 ὄτι
2794 4236 2938 4290 Ἐὰν
2966 4232 3119 4289 ὦσιν
3147 4238 3207 4289 αἱ
3239 4232 3514 4303 ἁμαρτίαι

1928 4328 2101 4399 ὑμῶν
2127 4330 2207 4394 ὡς
2249 4326 2586 4398 φοινικοῦν,
2618 4327 2699 4393 ὡς
2737 4328 2915 4396 χιόνα
2940 4323 3249 4381 λευκανῶ·
3299 4324 3408 4378 ἐὰν
3445 4322 3519 4377 δὲ

1928 4416 2080 4476 ὦσιν
2109 4421 2191 4486 ὡς
2212 4421 2517 4485 κόκκινον,
2545 4419 2688 4473 ὡσεί
2721 4417 2886 4489 ἔριον
2927 4417 3223 4473 λευκανῶ.
3255 4416 3389 4471 Τότε
3414 4415 3514 4486 τὴν

1935 4512 2180 4579 ἐξουσίαν
2222 4513 2316 4566 καὶ
2360 4512 2458 4584 τὴν
2504 4510 2734 4583 δύναμιν
2768 4510 3008 4565 λαϐοῦσα
3060 4510 3159 4582 τῆς
3198 4509 3335 4581 πρὸς
3383 4506 3519 4562 Θεὸν

1936 4608 2371 4679 εὐαρεστήσεως,
2419 4604 2600 4674 λέγει·
2658 4606 2727 4659 Τὸ
2773 4604 3036 4674 ἑσπέρας
3079 4601 3514 4671 αὐλισθήσεται

1935 4700 2268 4770 κλαυθμὸς,
2320 4698 2421 4753 καὶ
2483 4700 2572 4764 είς
2622 4696 2692 4751 τὸ
2741 4696 2891 4765 πρωὶ
2957 4694 3321 4767 ἀγαλλίασις
3378 4692 3513 4784 (75).

1939 4793 2283 4861 Ἐστρεψιας
2336 4789 2446 4844 τὸν
2492 4788 2752 4843 κοπετόν
2799 4804 2919 4858 μου
2976 4789 3064 4854 είς
3119 4787 3312 4856 χαρὰν
3364 4785 3514 4855 ἐμοὶ,

1934 4879 2251 4950 διέρῤηξας
2265 4877 2372 4932 τὸν
2394 4875 2632 4932 σάκκον
2650 4892 2792 4946 μου,
2819 4876 2919 4930 καὶ
2949 4873 3306 4945 περιέζωσὰς
3316 4891 3393 4945 με
3417 4877 3515 4929 eb-

1936 4970 2276 5041 φροσύνην,
2316 4969 2476 5035 ὅπως
2508 4967 2586 5023 ἂν
2622 4967 2791 5037 ψάλῃ
2831 4980 2931 5022 σοι
2958 4968 2998 5036 ἠ
3046 4966 3197 5033 δόξα
3222 4985 3363 5038 μου.
3406 4967 3515 5020 Καὶ

2876 5103 2924 5137 ⁸⁸
2960 5101 3108 5159 Psal.
3146 5116 3352 5167 cxvm,
3388 5100 3513 5157 165.

332 5319 445 5391 (68)
474 5318 610 5390 Reg.
652 5320 863 5391 primus
909 5328 966 5375 et
1006 5319 1162 5391 Golb.
1213 5320 1290 5391 ὡς
1315 5315 1826 5391 ὁΚύριοςγὲᾷίᾷαξεκ

1943 5315 2083 5391 ﬁeg.
2122 5318 2317 5372 tertius
2363 5317 2705 5391 ctxxévouoa‘.
2750 5314 2947 5391 Codex_
2969 5313 3124 5391 C_olb.
3168 5313 3512 5391 συχαίνουσα.

260 5383 460 5444 etram-
492 5383 635 5454 Ἐἆν,
655 5383 774 5445 ἀρ.
815 5389 996 5445 Codex
1020 5390 1184 5445 Voss.
1226 5383 1545 5453 brevius'tbg
1578 5390 1607 5442 ὁ
1638 5387 1826 5459 Κύριος

1943 5387 2224 5443 Editiones
2261 5383 2487 5459 veteres
2509 5385 2877 5459 atuxaivouoa.
2907 5383 3056 5439 Fecit
3089 5384 3307 5439 novitas
3339 5383 3511 5446 vocis,

220 5520 223 5523 η
261 5460 499 5524 ἐδίδαξεν
531 5460 733 5513 εἰπών·
764 5461 946 5514 Ἔστω
980 5478 1062 5514 σοι
1091 5460 1280 5531 ὥσπερ
1313 5459 1547 5531 ἐθνικὸς.

335 5532 447 5600 (69)
482 5532 703 5602 Antiqui
742 5531 852 5586 duo
882 5531 1103 5602 Iibriﬂv
1144 5530 1504 5602 παρελαϐετε,
1564 5545 1721 5600 quam
1752 5543 1843 5581 ac-

263 5600 654 5672 cepistis.__ﬂeg.
690 5600 967 5672 secundus
996 5600 1067 5671 ἣν
1090 5600 1486 5672 παρελᾴιϐοσαν.

342 5670 455 5739 (70)
495 5663 721 5726 Vetéres
765 5673 873 5727 duo
904 5663 1030 5725 libri
1070 5663 1196 5725 cum
1232 5670 1390 5725 Voss.
1431 5668 1652 5733 πολλαῖς
1684 5663 1842 5725 οὖσα.

269 5738 401 5813 Mog
420 5741 528 5813 dug
562 5757 695 5797 mss.
716 5740 1031 5813 προσελθεῖν
1051 5740 1129 5813 τῷ
1160 5740 1371 5813 ιςυρίφ.

345 5809 459 5886 (71)
489 5810 623 5883 Reg.
664 5809 873 5883 primus
900 5819 953 5867 et
976 5809 1224 5895 Combcf.
1251 5809 1437 5882 ἀὑτὴν
1475 5810 1840 5882 σιγχαίνουσα.

1943 5465 2006 5513 ιιι
2028 5465 2136 5511 tam
2164 5457 2316 5512 varie
2342 5472 2371 5511 a
2396 5456 2638 5511 librariis
2668 5456 3019 5510 scriberetur.

2015 5525 2313 5598 (72)7Unus
2345 5543 2478 5598 mss.
2504 5526 2815 5598 φοϐουμένη
2851 5522 3189 5579 διδάσκαλον.
3243 5520 3366 5577 Mox
3406 5518 3517 5575 duo

1944 5613 2081 5654 mss.
2105 5596 2206 5665 τῆς
2232 5597 2450 5650 αἰωνίου
2476 5596 2768 5658 κολάσεως.

2028 5666 2132 5738 (75)
2164 5661 2361 5738 Totum
2397 5667 2553 5738 illud,
2578 5667 2640 5738 τὸ
2668 5666 2912 5738 ,ἑσπέρας
2941 5663 3327 5736 αὐλισθήσεται
3358 5661 3495 5716 κλαυ

1948 5735 2338 5808 θμὸςίκαὶκείς
2369 5737 2431 5790 τὸ
2470 5737 2615 5808 πρωὶ
2650 5735 2988 5808 ἀγαλλίασις,
3016 5735 3290 5806 sumptum
3322 5742 3406 5789 est
3448 5746 3519 5787 ex

1950 5805 2131 5866 V’ossii
2157 5806 2345 5894 codice
2365 5817 2417 5864 et
2452 5805 2683 5878 ex’Reg.
2722 5807 2914 5876 primo.
