3948 6240
440 410 581 475 1θ89

1424 412 1728 471 ΒΕΘυιᾸΞ
1767 408 2067 469 Βηεγιυε»
2102 408 2519 466 τΒΔΕτΑτᾹΞ.

3549 412 3731 471 ιοοο·

439 531 585 587 οὕτω
608 529 998 605 προσελθοῦσα,
1027 529 1215 601 ψάλλει
1236 528 1315 600 τῷ
1340 528 1479 600 Θεῷ,
1506 529 1739 597 λέγουσα
1755 544 1771 559 ο
1815 526 2008 596 ’Υψ-ὡ-

2149 524 2258 576 ians
2295 522 2574 586 suscepisti
2624 539 2725 588 me,
2778 538 2870 578 nec
2924 524 3198 581 detectasti
3250 526 3492 585 inimicos
3547 544 3688 587 meos

440 639 532 680 σω
560 637 656 688 σε,
680 624 877 693 Κύριε,
905 623 995 677 ὅτι
1015 622 1317 690 ὑπέλαϐές
1330 639 1428 693 με,
1452 621 1552 676 καὶ
1576 623 1687 675 οὐκ
1714 620 2016 690 εὔφρανας

440 715 586 780 τοὺς
614 714 869 786 ἐχθρούς
888 733 1009 787 μου
1036 716 1130 768 ἐπ’
1159 715 1284 785 ἐμέ.

986 828 1319 881 ΕΡΩΤΗΣΙΣ
1369 827 1473 881 IA'.

442 915 577 984 Πῶς
606 915 888 987 κατορθοῖ
911 933 1001 984 τις
1026 916 1095 970 τὸ
1118 916 1300 985 μῖσος
1330 916 1480 985 πρὸς
1506 914 1578 969 τὰ
1605 911 2013 984 ἁμαρτήματα.

1038 1030 1405 1085 ΑΠΟΚΡΙΣΙΣ

525 1123 638 1178 ’Διὶ
687 1124 752 1178 ὲκ
793 1122 888 1178 τοῦ
922 1123 1117 1194 ἀηδοῦς
1166 1123 1262 1176 καὶ
1288 1120 1535 1194 λυπηροῦ
1578 1120 2019 1191 ἀποτελέσματος

444 1216 506 1270 τὸ
542 1220 697 1289 μῖσος
724 1216 860 1287 πρὸς
884 1218 1010 1281 τοὺς
1041 1214 1248 1275 αἰτίους
1283 1215 1391 1269 τῶν
1420 1214 1675 1268 τοιούτων
1718 1213 2014 1283 ἐγγίνεται.

459 1309 585 1363 Ἐὰν
626 1304 719 1363 οῦν
750 1325 835 1373 τις
869 1308 1255 1381 πληροφορηθῇ
1290 1308 1429 1362 ὅσων
1459 1309 1553 1362 καὶ
1592 1307 1794 1378 ἡλίκων
1836 1306 2020 1360 κακῶν

444 1400 651 1469 γίνεται
694 1403 843 1456 αἴτια
873 1400 944 1454 τά
993 1402 1385 1474 ἁμαρτήματα,
1421 1401 1743 1472 αὐτομάτως
1789 1400 1884 1454 καὶ
1929 1403 2019 1453 ὲν-

444 1493 706 1559 διαθέτως
739 1494 938 1565 πάσχει
969 1493 1032 1547 τὸ
1062 1493 1199 1565 πρὸς
1232 1491 1371 1547 αὑτά
1402 1495 1578 1563 μῖσος,
1620 1486 1730 1546 οἷον
1762 1490 1962 1556 ἔδειξεν
1991 1494 2021 1545 ὁ

445 1583 615 1638 εἰπών
636 1601 649 1614 ·
696 1583 961 1640 Ἀδικίαν
990 1584 1258 1653 ἐμίσησα
1300 1582 1399 1635 καὶ
1428 1580 1862 1650 ὲϐδελυξάμην.

994 1695 1331 1751 ΕΡΩΤΗΣΙΣ
1380 1696 1479 1749 ΙΒ’.

444 1787 580 1857 Πῶς
616 1788 1047 1859 πληροφορηθῇ
1077 1790 1116 1855 ἡ
1152 1788 1345 1858 ψυχὴ,
1391 1788 1477 1841 ὅτι
1524 1785 1761 1855 ἀφῆκεν
1793 1782 1946 1853 αὐτῇ
1989 1787 2022 1839 ό

827 1861 970 1925 Θεὸς
998 1860 1068 1913 τὰ
1096 1859 1482 1929 ἁμαρτήματα
1506 1859 1650 1939 [74).

1040 1987 1430 2041 ΔΠυΚΡιΣῐΣ.

529 2078 654 2133 Έάν
688 2078 940 2151 θεωρήσῃ
977 2078 1174 2148 ἑαυτὴν
1210 2078 1321 2146 (75)
1354 2080 1412 2131 ὲν
1444 2079 1507 2147 τῇ
1539 2075 1775 2129 διαθέσει
1812 2073 1906 2128 τοῦ
1947 2076 2023 2128 εί-

449 2171 670 2236 πόντος·
720 2171 972 2226 Ἀδικίαν
1016 2171 1282 2241 ἐμίσησα
1320 2170 1416 2224 καὶ
1462 2167 1906 2237 manusuam.
1960 2167 2022 2220 '0

445 2264 555 2336 γὰρ
574 2264 725 2327 Θεὸς,
757 2263 897 2334 ὑπὲρ
928 2263 1027 2329 τῆς
1050 2262 1298 2329 ἀφέσεως
1324 2260 1431 2313 τῶν
1458 2261 1741 2330 ἡμετέρων
1768 2260 2021 2330 ἀμαρτηο

450 2358 636 2429 μάτων
684 2355 1051 2426 καταπέμψας
1097 2355 1190 2407 τὸν
1247 2354 1507 2425 μονογενῆ
1555 2352 1719 2405 αὐτοῦ
1770 2352 1918 2412 Υἱὸν,
1962 2350 2025 2404 τὸ

446 2449 570 2502 ὅσον
601 2448 683 2516 ἐφ’
714 2444 893 2515 ἑαυτῷ
922 2442 1210 2516 προλαϐὼν
1245 2445 1409 2497 πᾶσιν
1439 2442 1672 2511 ἀφῆκεν.
1715 2439 1931 2510 Ἐπειδὴ
1967 2439 2025 2492 δὲ

448 2537 596 2591 ἔλεον
616 2537 711 2591 καὶ
738 2536 922 2608 κρίσιν
954 2535 1069 2607 ᾄδει
1101 2536 1130 2588 ὁ
1157 2533 1310 2603 ἅγιος
1346 2532 1512 2588 Δαόὶδ
1547 2530 1680 2603 (76),
1699 2531 1794 2584 καὶ
1820 2548 2028 2602 μαρτυ-

452 2634 561 2703 ρεῖ,
587 2633 667 2684 ὅτι
694 2633 722 2685 ό
746 2630 878 2693 Θεὸς
910 2628 1156 2698 ἐλεήμων
1185 2628 1302 2679 ἐστὶ
1337 2627 1432 2679 καὶ
1458 2625 1685 2687 δίκαιος,
1709 2623 1923 2693 ἀνάγκη
1958 2621 2028 2676 τὰ

449 2723 714 2796 εἰρημένα
740 2722 843 2776 ὑπό
873 2739 933 2776 τε
969 2720 1078 2774 τῶν
1115 2718 1412 2789 προφητῶν
1440 2718 1536 2772 καὶ
1567 2717 1678 2770 τῶν
1711 2715 2026 2770 ἀποστόλων

448 2815 530 2877 εἰς
554 2813 681 2877 τοὺς
706 2813 837 2885 περὶ
868 2810 1157 2883 μετανοίας
1179 2810 1376 2873 τόπους
1410 2810 1542 2881 παρ’
1575 2807 1731 2880 ἡμῶν
1755 2806 2026 2873 γίνεσθαι,

450 2906 538 2961 ἴνα
573 2907 642 2961 τὰ
673 2908 916 2979 κρίματα
960 2906 1069 2978 (77)
1098 2906 1198 2975 τῆς
1225 2903 1571 2973 δικαιοσύνης
1602 2901 1698 2956 τοῦ
1727 2900 1863 2955 Θεοῦ
1900 2902 2032 2954 ἀνα-

449 2999 657 3071 δειχθῇ,
688 3001 783 3055 καὶ
807 3000 870 3055 τὸ
901 2999 1050 3062 ἔλεος
1076 2997 1240 3053 αὐτοῦ
1273 3000 1353 3063 εἰς
1379 2999 1574 3068 ἄφεσιν
1599 2994 1708 3050 τῶν
1742 2992 2031 3066 ἁμαρτιῶν

448 3090 733 3163 τελειωθῇ.

996 3182 1332 3236 ΕΡΩἸῊΣΙΣ
1379 3180 1481 3235 II".

444 3273 518 3329 Ei
555 3279 672 3343 χρὴ
716 3273 825 3327 τὸν
862 3273 1015 3342 μετὰ
1047 3272 1114 3326 τύ
1161 3273 1481 3343 βάπτισμα
1512 3268 2029 3343 Αὲξαμαρτήσαντιι

522 3340 1127 3416 (Ἱῑζγάπογ-ιτώσνλιν
1166 3342 1275 3416 τῆς
1321 3340 1538 3416 ἐαιίτοῦ
1582 3341 1911 3416 σωτηρίας,
1960 3340 2030 3391 ἐν

520 3409 740 3481 πλήθει
772 3409 972 3467 κακῶν
1008 3414 1325 3481 εὑρεθέντα
1345 3429 1359 3441 ·
1403 3410 1441 3479 ἢ
1469 3412 1579 3477 ἕως
1605 3411 1781 3481 ποίομ
1806 3409 2027 3479 μέτρου

520 3479 820 3553 ἁμαρτιῶν
862 3479 1200 3543 ἐπελπίζων
1239 3483 1357 3552 χρὴ
1383 3481 1461 3551 τῇ
1502 3482 1609 3536 τοῦ
1639 3479 1786 3535 Θεοῦ
1818 3484 2032 3550 φιλαν-

521 3556 749 3623 θρωπίᾳ
770 3554 869 3608 διὰ
890 3553 1001 3623 τῆς
1032 3556 1376 3624 μετανοίας.

1040 3665 1430 3721 ΑΠΟΚΡΙΣΙΣ.

523 3759 587 3815 Et
629 3759 835 3830 πλῆθος
882 3757 1181 3829 οἰκτιρμῶν
1212 3756 1347 3810 Θεοῦ
1389 3756 1714 3828 ἀριθμῆσαι,
1743 3755 1837 3809 καὶ
1868 3754 2035 3826 μέγε-

455 3852 546 3916 θος
580 3850 763 3914 ἐλέους
790 3847 900 3921 (79)
923 3848 1057 3903 Θεοῦ
1088 3847 1359 3920 μετρῆσαι
1387 3848 1633 3911 δυνατὸν,
1666 3848 1724 3899 ὲν
1752 3844 2035 3916 συγκρίσει

454 3941 693 4014 πλήθους
733 3942 829 3995 καὶ
881 3939 1142 4012 μεγέθους
1188 3938 1600 4011 ἁμαρτημάτων
1650 3939 1684 4010 ἡ
1721 3938 2033 4005 ἀπόγνωσις

452 4036 707 4106 γινέσθω.
763 4037 826 4091 Εἰ
874 4035 932 4089 δὲ
972 4034 1148 4089 ταῦτα
1193 4034 1311 4103 μὲν,
1368 4033 1443 4097 ὡς
1492 4032 1661 4095 εἰκὸς,
1709 4032 1802 4086 καὶ
1851 4032 2036 4103 μέτρῳ

456 4129 873 4195 ὐποδάλλεσθαι,
917 4127 1013 4183 καὶ
1058 4126 1336 4199 ἀριθμητά
1364 4120 1505 4180 εἶναι
1553 4124 1860 4195 συμϐαίνει,
1900 4123 2035 4177 Θεοῦ

454 4221 513 4275 δὲ
544 4219 691 4285 ἕλεος
725 4220 991 4292 μετρῆσαι
1019 4219 1112 4272 καὶ
1152 4218 1472 4288 οίκτιρμοὺς
1499 4214 1803 4287 ἀριθμῆσαι
1843 4216 2039 4271 ἀδύνα-

454 4329 579 4366 τον·
640 4312 741 4365 οὐκ
802 4308 1165 4378 ἀπογνώσεως
1229 4308 1455 4379 καιρὸς,
1516 4306 1631 4360 ἀλλ’
1690 4303 2039 4374 ἐπιγνώσεως

459 4403 643 4465 ἐλέους
671 4402 765 4455 καὶ
796 4399 1192 4470 καταγνώσεως
1220 4398 1653 4471 ἁμαρτημάτων,
1675 4391 1750 4449 ὧν
1782 4398 1814 4467 ἡ
1848 4398 2041 4465 άφεσις

466 4494 750 4566 πρόκειται
787 4495 845 4545 ὲν
877 4492 957 4562 τῷ
997 4492 1191 4563 αἵματι
1232 4489 1327 4544 τοῦ
1382 4488 1620 4562 Χριστοῦ
1668 4489 1801 4562 (80),
1855 4488 2040 4554 καθὼς

2117 632 2275 685 super
2304 631 2383 670 me
2414 615 2482 671 ⁸⁸.

2575 813 2782 870 INTER
2791 815 3097 874 ROGATIO
3134 818 3224 873 XI.

2448 907 2722 974 Quomodo
2757 909 2925 964 oderit
2956 913 3074 980 quis
3111 920 3346 981 peccata.

2699 1022 3101 1080 RESPONSIO.

2186 1111 2428 1169 Eventus
2460 1114 2637 1172 tristis
2668 1131 2732 1171 ac
2786 1117 3051 1172 molestus
3086 1133 3302 1189 semper
3331 1117 3515 1175 odium
3548 1120 3697 1191 parit

2119 1204 2174 1259 in
2207 1220 2301 1261 eos
2333 1206 2427 1276 qui
2462 1207 2733 1277 ejusmodi
2773 1223 2959 1263 rerum
2996 1217 3250 1266 auctores
3284 1219 3434 1266 sunt.
3487 1209 3548 1267 Si
3601 1213 3694 1268 cui

2119 1294 2286 1365 igitur
2314 1311 2640 1364 persuasum
2677 1297 2768 1363 sit,
2799 1308 2933 1369 quot
2974 1306 3029 1352 et
3059 1306 3391 1369 quantorum
3425 1301 3696 1358 malorum

2120 1402 2285 1443 causa
2316 1398 2542 1459 peccata
2584 1391 2732 1456 sint,
2768 1406 2832 1447 ea
2876 1399 3073 1461 sponte
3096 1401 3150 1446 et
3183 1407 3249 1449 ex
3289 1394 3477 1448 animo
3505 1411 3699 1465 prose-

2119 1482 2307 1548 quitur
2334 1480 2605 1549 ejusmodi
2655 1482 2782 1536 odio
2808 1523 2822 1547 ,
2867 1484 3028 1553 quale
3073 1485 3346 1550 ostendit,
3382 1486 3475 1557 qui
3511 1488 3696 1543 dixit:

2123 1567 2469 1640 Iniquitatem
2494 1572 2616 1626 odio
2636 1571 2798 1626 habui
2822 1584 2874 1627 et
2898 1573 3234 1631 abominatus
3265 1595 3383 1632 sum
3418 1579 3482 1635 ".

2565 1685 3085 1746 INTERROGATIO
3125 1690 3239 1747 XII.

2123 1773 2399 1839 Quomodo
2430 1778 2855 1855 animus_ltabeat
2889 1797 3238 1849 persuasum,
3272 1795 3487 1855 peccata
3537 1787 3639 1843 sibi
3668 1805 3704 1843 ο

2620 1848 2731 1903 Deo
2769 1848 2935 1918 fuisse
2965 1855 3206 1907 remissa.

2697 1961 3104 2020 RESI’ONSIO.

2196 2049 2399 2122 Nempe
2428 2053 2473 2110 si
2507 2053 2705 2109 viderit
2736 2056 2990 2112 affectum
3038 2075 3117 2122 se,
3150 2058 3313 2116 sicuti
3371 2061 3523 2117 illum
3549 2103 3563 2128 ,
3610 2063 3704 2134 qui

2124 2143 2301 2198 dixit:
2332 2143 2678 2216 Iniquitatem
2705 2149 2825 2203 odio
2851 2149 3015 2204 habui
3041 2160 3090 2205 et
3114 2152 3455 2208 abominatus
3495 2172 3612 2208 sum
3634 2156 3703 2209 ⁷⁸.

2126 2236 2270 2293 Deus
2305 2241 2449 2294 enim
2481 2256 2606 2296 cum
2654 2244 2994 2313 unigenitum
3048 2243 3246 2299 Filium
3293 2263 3451 2303 suum
3484 2263 3584 2317 pro
3613 2264 3702 2303 re-

2127 2331 2392 2386 missione
2425 2343 2774 2401 peccatorum
2804 2343 3118 2390 nostrorum
3144 2336 3385 2402 demisit,
3416 2354 3502 2401 ea,
3533 2356 3711 2408 quan.

2126 2433 2243 2479 tum
2272 2425 2328 2480 in
2364 2426 2484 2495 ipso
2527 2425 2652 2491 fuit,
2678 2430 2936 2485 omnibus
2968 2430 3022 2485 in
3048 2438 3398 2487 antecessum
3429 2434 3711 2487 condona-

2126 2515 2226 2570 vit.
2272 2514 2543 2581 Quoniam
2600 2524 2781 2571 autem
2843 2520 3276 2575 misericordiam
3337 2529 3391 2576 et
3436 2519 3709 2591 judicium

2128 2604 2299 2660 David
2326 2614 2551 2662 sanctus
2566 2609 2714 2662 canit
2740 2610 2808 2674 “,
2833 2617 3176 2681 testaturque
3194 2610 3364 2667 Deum
3390 2614 3710 2668 misericor-

2130 2696 2253 2752 dem
2302 2711 2425 2751 esse
2470 2705 2524 2751 et
2568 2696 2802 2766 justum,
2844 2714 3073 2756 necesse
3126 2699 3294 2758 fuerit
3344 2719 3467 2773 quae
3498 2711 3553 2759 et
3583 2718 3712 2773 pro-

2129 2788 2307 2860 phetae
2334 2800 2387 2845 et
2415 2790 2651 2860 apostoli
2677 2791 2733 2845 in
2760 2791 2895 2849 locis
2931 2794 3023 2848 ubi
3062 2793 3131 2850 de
3162 2795 3487 2866 poenitentia
3514 2804 3709 2867 agunt,

2130 2880 2390 2944 retulere,
2418 2896 2483 2934 ea
2528 2894 2559 2933 a
2598 2881 2760 2938 nobis
2806 2883 2980 2951 ellici,
3033 2893 3095 2939 ut
3150 2896 3448 2957 appareant
3503 2888 3713 2957 judicia

2130 2975 2357 3047 iustitiae
2380 2972 2497 3039 Dei,
2521 2982 2576 3029 et
2599 2975 2978 3033 misericordia
3003 2979 3181 3049 ipsius
3227 2980 3285 3036 in
3331 2981 3713 3039 condonandis

2132 3067 2376 3138 peccatis
2404 3075 2751 3123 exerceatur.

2572 3181 3097 3246 INTERROGATIO
3132 3183 3275 3241 XIII.

2055 3297 2099 3356 ο
2134 3274 2236 3356 An.
2275 3281 2515 3341 oporteat
2573 3281 2691 3355 post
2745 3272 3030 3356 baptisma_
3062 3284 3378 3356 peccantem
3426 3276 3492 3331 de
3542 3276 3717 3332 salute

2201 3346 2480 3411 desperare
2502 3385 2518 3408 ,
2549 3346 2625 3397 .si
2671 3345 2967 3416 inveniatur
3011 3347 3067 3399 in
3105 3346 3445 3402 multitudine
3473 3356 3716 3416 peccato-

2203 3430 2361 3468 rum:
2394 3424 2679 3486 nutusque
2728 3414 2797 3467 ad
2842 3415 3148 3486 icujusmodi
3192 3414 3493 3471 mensuram
3528 3434 3715 3486 pecca-

2205 3494 2379 3567 torum
2428 3485 2749 3567 sperandum
2804 3485 2878 3539 sit
2945 3487 3001 3539 in
3059 3486 3379 3558 benignitate
3437 3485 3569 3554 Dei,
3624 3503 3719 3557 per

2202 3564 2584 3625 penitentiam.

2702 3664 3107 3723 RESPONSIO.

2208 3758 2266 3813 Si
2319 3759 2436 3814 ﬁeri
2479 3767 2661 3831 potest
2708 3767 2770 3814 ut
2824 3758 3119 3814 multitudo
3152 3758 3567 3816 miserationnm
3618 3757 3716 3816 Dei

2134 3854 2492 3912 numeretur,
2539 3863 2604 3902 ac
2644 3847 2967 3918 magnitudo
2995 3847 3390 3905 misericordia
3439 3849 3533 3905 Dei
3565 3864 3719 3905 men-

2136 3953 2267 3992 sura
2301 3940 2556 4009 quapiam
2588 3940 3099 4007 circumscribatur,
3129 3941 3329 3995 collata
3368 3956 3494 3995 cum
3531 3943 3718 3997 multi-

2139 4031 2328 4085 tudine
2360 4039 2414 4085 et
2444 4032 2819 4102 magnitudine
2858 4040 3230 4104 peccatorum,
3267 4043 3397 4090 tunc
3423 4033 3720 4105 abjiciatur

2139 4139 2263 4193 spes
2292 4124 2491 4180 omnis.
2522 4124 2678 4191 Quod
2715 4126 2759 4181 si
2790 4141 2852 4182 ea
2877 4165 2893 4190 ,
2949 4132 3010 4180 ut
3039 4132 3278 4189 constat,
3314 4133 3367 4180 et
3397 4126 3463 4180 ad
3499 4142 3721 4183 mensu-

2139 4231 2255 4269 ram
2293 4224 2346 4270 et
2384 4217 2450 4271 ad
2487 4232 2774 4271 numerum
2822 4216 2994 4286 redigi
3048 4216 3303 4288 possint,
3370 4216 3487 4271 ﬁeri
3534 4226 3718 4272 autem

2141 4320 2250 4359 non
2298 4314 2463 4375 queat
2496 4316 2555 4361 ut
2600 4309 2859 4363 metiatur
2888 4308 3014 4379 quis
3041 4307 3133 4363 Dei
3165 4307 3624 4369 misericordiam.
3655 4322 3723 4364 ac

2141 4399 2522 4453 miserationes
2549 4410 2818 4463 numeret,
2848 4416 2957 4456 non
2992 4409 3209 4471 tempus
3238 4408 3321 4454 est
3351 4398 3678 4469 desperandi
3699 4440 3720 4466 ,

2143 4489 2237 4544 sed
2274 4492 2607 4562 agnoscendi
2651 4493 3107 4551 misericordiam.
3134 4508 3199 4547 ac
3233 4492 3546 4547 detestandi
3594 4484 3723 4561 pec;

466 4585 799 4656 γέγραπται.
836 4585 958 4639 ’Ότι
1000 4582 1059 4637 δὲ
1091 4584 1153 4637 οὐ
1196 4583 1302 4655 χρὴ
1350 4581 1767 4650 ἀπογινώσκειν,
1798 4582 2028 4636 διδασκά

2148 4589 2297 4647 cata,
2336 4599 2570 4654 quorum
2603 4585 2761 4640 venia
2807 4585 2977 4657 419
3030 4587 3357 4655 proponitur
3409 4585 3464 4639 in
3514 4583 3721 4639 Christi

474 4677 613 4748 μεθα
644 4676 911 4746 πολλαχοῦ
960 4676 1055 4748 μὲν
1087 4675 1180 4728 καὶ
1222 4673 1593 4745 πολυτρόπως,
1629 4672 1862 4744 μάλιστα
1889 4673 1946 4725 δὲ
1976 4675 2028 4727 ea

2148 4675 2436 4743 sanguine,
2468 4674 2616 4730 velut
2652 4676 2917 4747 scriptum
2964 4684 3069 4732 est.
3117 4676 3273 4741 Quod
3300 4683 3481 4729 autem
3516 4688 3726 4744 neque.

468 4769 569 4840 τῆς
620 4768 935 4841 παραϐολῆς
964 4766 1058 4820 τοῦ
1108 4765 1316 4836 Κυρίου
1362 4764 1519 4835 ἡμῶν
1575 4762 1750 4835 Ἰησοῦ
1804 4763 2044 4833 Χριστοῦ

466 4860 566 4926 τῆς
598 4860 691 4914 ἐπὶ
726 4858 820 4913 τοῦ
863 4858 981 4912 υἱοῦ
1012 4857 1105 4910 τοῦ
1148 4855 1402 4918 λαϐόντος
1445 4853 1544 4925 τὴν
1579 4853 1674 4907 τοῦ
1704 4854 1910 4924 πατρὸς
1948 4856 2042 4909 οὐ·

470 4953 589 5006 σίαν
646 4951 743 5007 καὶ
788 4947 1270 5010 καταναλώσαντος
1308 4947 1390 5010 είς
1434 4945 1827 5017 ἁμαρτήματα.
1882 4939 1958 4999 Οὗ
2004 4950 2040 5016 ἡ

539 5149 584 5190 ⁸³
618 5151 763 5209 Psal.
795 5166 945 5218 xxix,
978 5149 1033 5204 2.

534 5314 644 5382 (74)
681 5312 811 5382 Reg.
843 5309 1181 5382 primusfcit;
1209 5308 1503 5382 ἁμαρτίας.

527 5376 639 5466 ςνβ)
665 5376 894 5466 Misit}
916 5382 1026 5466 dus:
1055 5380 1177 5435 “bri
1208 5376 1426 5466 ξάυίέήν;
1605 5376 1803 5466 ιεῑτείυξ
1826 5378 2029 5466 sisi"-

454 5446 596 5509 Editi
620 5446 802 5509 αὐτόν.
819 5446 954 5508 ’Μοι
983 5451 1116 5521 Reg.
1148 5446 1433 5520 primus'et
1450 5446 1608 5521 (loli).
1626 5448 1708 5521 _'t_t
1735 5446 1843 5517 γὰρ
1870 5448 2029 5521 Θεός.

461 5525 573 5578 Vox
600 5524 732 5586 Θεός
764 5517 1118 5595 typographis
1150 5517 1449 5595 exciderat.
1488 5517 1849 5587 Haud‘longe
1886 5517 2024 5589 Reg.

458 5597 665 5664 primus
683 5591 998 5664 τὸν·’έαυτοῦ
1031 5592 1292 5664 μονογενῆ
1323 5591 1469 5664 Υἱὸνε

2145 4781 2310 4838 quam
2344 4767 2745 4837 desperandum
2780 4769 2884 4833 sit,
2929 4767 3193 4822 docemur
3219 4784 3284 4822 ex
3318 4768 3506 4822 multis
3541 4767 3680 4822 locis
3705 4808 3722 4832 ,

2146 4858 2442 4928 multisque
2477 4859 2654 4915 modis
2678 4900 2694 4925 ,
2746 4860 2984 4913 maxime
3017 4866 3200 4913 autem
3230 4874 3297 4914 ex
3328 4860 3587 4930 parabola
3617 4858 3725 4913 Do-

2144 4949 2279 5004 mini
2334 4952 2512 5006 nostri
2556 4949 2685 5007 Jesu
2724 4950 2964 5016 Christi,
3005 4966 3128 5022 quae
3169 4951 3238 5006 de
3266 4967 3333 5007 eo
3364 4951 3475 5008 tilio
3527 4967 3727 5007 narra-

1110 5152 1154 5183 "
1188 5146 1338 5203 Psal.
1372 5162 1575 5214 cxvm,
1613 5146 1736 5206 165.
1810 5147 1857 5179 ⁷⁰
1900 5147 2037 5203 ibid.
2116 5151 2157 5183 '“
2200 5150 2347 5208 Psal.
2383 5168 2446 5221 c,
2483 5155 2533 5212 1.

2140 5311 2303 5365 αὐτοῦ
2333 5312 2650 5435 ἀποδειχθῶ
2682 5312 2778 5365 καὶ
2806 5312 2887 5373 είς
2916 5309 3132 5379 ἄφεσιν.

2214 5382 2329 5435 (78)
2368 5384 2549 5435 Codex
2656 5397 2769 5435 oss.
2818 5381 3132 5435 ἐξαμαρτόν

2214 5382 2329 5450 (78)
2368 5378 2555 5437 ϐοιιεὶ
2599 5378 2794 5452 ’νοεεχ
2818 5378 3220 5452 ἐξαμαρτόντα.
3258 5378 3554 5452 Aliquanto
3600 5388 3726 5451 post

2141 5449 2291 5523 unus
2307 5468 2419 5523 ius.
2446 5454 2551 5523 χρὴ
2574 5453 2674 5523 τὴν
2703 5449 2797 5523 τοῦ
2828 5450 2962 5504 Θεοῦ
2987 5449 3419 5523 φιλανθρωπίανζ

2211 5521 2325 5592 (79)
2353 5517 2639 5576 δίονιὶεεξ
2658 5531 2714 5576 ει
2733 5521 2971 5592 Colh._et
2994 5517 3122 5589 Reg.
3145 5517 3373 5592 primus.
3397 5518 3512 5592 Yox
3538 5517 3726 5592 ἐλέους

2134 5592 2190 5646 in
2222 5589 2385 5647 editis
2414 5592 2855 5647 desiderabatur.
2886 5589 3022 5660 Reg.
3054 5590 3253 5645 tertius
3279 5589 3510 5660 μέγεθος
3536 5590 3729 5654 ἐλέους

510 5664 639 5735 (76)
668 5661 787 5719 Vox
818 5663 1001 5728 Δαόιδ,
1030 5657 1217 5716 addita
1248 5657 1334 5717 est
1360 5677 1427 5716 ex
1456 5657 1639 5715 Vossii
1673 5658 1843 5713 veteri
1886 5657 2028 5714 libro

510 5773 513 5785 ,
542 5750 608 5788 ex
630 5734 753 5788 aliis
784 5734 1019 5789 duobus.
1373 5800 1380 5802 Α
1656 5796 1691 5802 _
1881 5796 1893 5802 _

2148 5662 2436 5802 *εἶτίῶσὲἒῖ

457 5741 513 5788 et
542 5734 608 5788 ex
630 5734 753 5788 aliis
784 5734 1019 5789 duobus.

2262 5728 2315 5803 0)
2344 5731 2482 5803 Reg.
2529 5731 2744 5802 primus
2785 5732 2978 5802 αἵματι
3010 5728 3103 5783 τοῦ
3131 5729 3362 5803 Κυρίου.
3409 5730 3608 5787 Addita
3639 5737 3729 5787 est

529 5804 644 5873 (77)
677 5804 856 5859 Codex
888 5803 1051 5859 Voss.
1074 5811 1129 5859 et
1149 5802 1304 5873 colh.
1335 5800 1619 5873 τὺίκρῖμσι.
1656 5796 1790 5866 Reg.
1810 5796 2023 5873 primus
2136 5796 2247 5859 non
2280 5796 2458 5873 longe
2476 5796 2669 5861 vocula
2693 5803 2788 5857 καί
2816 5796 2878 5859 εὶ(
2907 5802 3063 5858 libris
3095 5796 3399 5858 veteribus.

461 5867 547 5930 ἵνα
567 5867 635 5929 ἰδ’
659 5876 832 5947 κρίμα
854 5874 953 5945 τῆς
982 5872 1327 5960 ῦικαιοσύνης
1347 5871 1443 5927 τοῦ
1464 5867 1610 5925 ’Θεοῦ
1636 5874 1778 5924 κατά
1795 5868 1856 5921 τὸ
1878 5867 2025 5932 ἔλεος
