3948 6240
465 282 489 336 I
501 283 597 340 057

1541 280 1846 336 REGULJE
1890 280 2194 337 BRICVIUS
2225 280 2649 336 ΤΒᾹΕΤᾹΤιΕ.

3581 287 3717 344 4098

461 400 573 455 τῶν
599 399 727 471 περὶ
757 397 893 452 Θεοῦ
925 399 1384 464 κακοδοξοῦντων,
1413 398 1512 460 οὒς
1541 399 1575 469 ἡ
1609 398 1896 462 κακοδοξία
1922 384 2043 450 οὐδὲ

2168 414 2285 467 [nos
2313 397 2506 468 Opinio
2539 412 2709 467 prava
2737 413 2805 452 ne
2837 413 2888 451 ιη
2917 395 3130 452 caateris
3157 397 3374 467 quidem
3407 413 3571 453 sanos
3598 415 3720 455 esse

463 493 522 544 ὲν
549 495 661 555 τοῖς
691 492 870 555 ἄλλοις
897 492 1159 558 ὑγιαίνειν
1186 494 1269 562 ἐᾷ,
1304 490 1768 562 παραδιδομένους
1798 489 1945 554 ἆπαξ
1964 489 2036 558 (ri)

461 582 530 636 δι’
557 581 724 652 αὐτὴν
767 579 879 646 τοῖς
910 583 1009 652 τῆς
1043 583 1268 652 ἀτιμίας
1299 581 1562 646 ﬁdesaut;
1599 581 1675 645 ὡς
1713 580 2042 651 πολλαχόθεν

462 675 734 730 δείκνυται
767 676 862 727 καὶ
894 678 955 728 εκ
978 675 1086 726 τῶν
1117 677 1173 726 ὲν
1202 678 1266 745 τῇ
1300 675 1439 745 πρὸς
1483 671 1782 743 Ῥωμαίους
1816 671 2042 744 εἰρημέ-

466 784 573 820 νων
612 766 739 838 περί
760 782 922 819 τινων
955 764 1147 828 οὕτως·
1178 764 1288 817 Καὶ
1316 761 1511 827 καθὼς
1544 763 1654 814 οὐκ
1675 759 2046 828 ἐδοκίμασαν

467 858 574 912 τὸν
605 859 754 912 Θεὸν
788 859 952 928 ἔχειν
975 857 1046 911 ἑν
1071 855 1408 927 ἐπιγνώσει,
1442 852 1782 922 παρέδωκεν
1825 852 2046 916 αὐτοὺς

469 961 503 1010 ό
547 955 690 1021 Θεὸς
738 956 825 1019 είς
865 953 1155 1021 ἀδόκιμον
1206 949 1380 1016 νοῦν,
1431 947 1624 1001 ποιεῖν
1667 947 1742 1000 τὰ
1782 946 1868 1015 μὴ
1908 949 2047 999 καθ·

465 1050 693 1118 ήκοντα
712 1064 726 1078 ·
783 1042 1291 1113 πεπληρωμένους
1329 1041 1496 1108 πάσῃ
1525 1038 1746 1106 ἀδικίᾳ,
1778 1039 2044 1106 πορνείᾳ,

467 1144 744 1211 πονηρίᾳ,
797 1137 1156 1203 πλεονεξίᾳ,
1217 1135 1430 1202 κακίᾳ·
1481 1131 1746 1203 μεστοὺς
1797 1132 2044 1200 φθόνου,

469 1237 680 1305 φόνου,
719 1230 947 1300 ἔριδος,
985 1229 1192 1291 δόλου,
1237 1225 1622 1293 κακοηθείας·
1667 1220 2046 1291 ψιθυριστάς,

469 1324 868 1390 καταλάλους,
883 1319 1250 1390 θεοστυγεῖς,
1268 1319 1574 1386 ὑϐριστὰς,
1600 1313 2044 1383 ὑπερηφάνους,

469 1418 784 1484 ἀλαζόνας,
814 1413 1135 1485 ἐφευρετὰς
1169 1409 1392 1476 κακῶν,
1429 1407 1715 1479 γονεῦσιν
1761 1405 2045 1470 ἀπειθεῖς,

470 1511 827 1576 ἀσυνέτους,
874 1505 1246 1570 ἀσυνθέτους
1289 1502 1389 1571 (5),
1422 1501 1780 1568 ἀστόργους,
1817 1498 2049 1552 ἀσπόν-

470 1601 648 1666 δους,
703 1595 1146 1666 ἀνελεήμονας·
1195 1593 1434 1656 οἵτινες,
1489 1590 1553 1643 τὸ
1611 1588 1902 1656 δικαίωμα
1941 1588 2047 1641 τοῦ

473 1691 620 1746 Θεοῦ
643 1689 1013 1758 ἐπιγνόντες,
1047 1687 1157 1738 οὐκ
1199 1683 1468 1750 ἐνόησαν
1500 1677 1593 1732 ὄτι
1619 1681 1672 1730 οί
1696 1677 1768 1730 τὰ
1802 1675 2048 1729 τοιαῦτα

2145 491 2446 560 permittit,
2481 492 2646 545 semel
2682 492 2752 544 ob
2787 491 2962 560 ipsam
3007 490 3324 560 ignominiae
3363 491 3511 546 vitiis
3549 490 3723 546 tradi-

2143 584 2272 638 tos?
2314 585 2390 636 uti
2440 585 2610 654 liquet
2652 599 2719 638 ex
2767 584 2954 638 multis
3002 583 3168 648 locis,
3213 592 3267 639 et
3296 586 3528 640 maxime
3555 601 3621 640 ex
3653 585 3725 642 iis

2144 691 2264 745 quae
2306 678 2358 730 in
2406 676 2652 745 Epistula
2704 675 2770 729 ad
2803 674 3079 730 Romanos
3123 676 3190 731 de
3221 678 3546 745 quibusdam
3576 679 3724 739 dicta

2145 778 2274 823 sunt
2321 769 2468 823 hunc
2516 769 2572 822 in
2625 769 2893 823 modum:
2941 769 3010 822 Et
3039 773 3176 824 sicut
3226 788 3329 824 non
3374 771 3723 839 probaverunt

2147 861 2314 915 Deum
2343 861 2530 916 habere
2556 861 2612 914 in
2641 863 2853 922 notitia,
2903 861 3126 916 tradidit
3153 863 3275 917 illos
3305 862 3444 916 Deus
3471 863 3522 914 in
3550 877 3724 930 repro-

2147 951 2268 1005 bum
2317 969 2562 1018 sensum,
2612 963 2668 1006 ut
2717 953 2922 1022 faciant
2962 971 3025 1008 ea
3071 970 3188 1024 qua!
3224 971 3326 1008 non
3373 955 3681 1007 conveniunt
3708 967 3725 1002 :

2144 1043 2367 1110 repletos
2397 1044 2538 1096 omni
2566 1043 2844 1113 iniquitate
2865 1083 2878 1108 ,
2909 1043 3282 1112 fornicatione,
3317 1044 3526 1095 malitia
3545 1081 3562 1106 ,
3599 1059 3730 1095 ava-

2149 1137 2276 1189 ritia
2297 1175 2311 1198 ,
2343 1137 2573 1205 nequitia
2598 1154 2616 1189 :
2659 1137 2840 1206 plenos
2877 1137 3077 1190 invidia
3101 1180 3114 1194 .
3155 1136 3438 1190 homicidio
3459 1178 3473 1200 ,
3515 1143 3729 1190 conten-

2151 1232 2288 1284 tione
2308 1272 2322 1295 ,
2347 1229 2469 1283 dolo
2491 1271 2505 1291 ,
2551 1230 2884 1300 malignitate
2910 1246 2929 1283 :
2972 1247 3285 1285 susurrones
3305 1269 3318 1292 ,
3372 1219 3724 1288 dctractores,

2155 1320 2257 1374 Deo
2287 1320 2504 1373 odibites
2525 1361 2538 1382 ,
2574 1320 3010 1384 contumeliosos,
3061 1320 3310 1388 superbos
3332 1361 3346 1382 ,
3391 1321 3558 1374 elatos
3580 1359 3595 1383 ,
3645 1320 3724 1372 in-

2150 1421 2382 1465 ventores
2413 1411 2679 1464 malorum
2708 1451 2722 1472 ,
2756 1411 3062 1480 parentibus
3095 1429 3198 1465 non
3228 1412 3521 1465 obedientes
3549 1450 3566 1473 ,
3601 1410 3732 1463 insi-

2149 1506 2366 1574 pientes,
2389 1505 2765 1573 incompositos
2785 1544 2798 1566 ,
2824 1505 2936 1557 sine
2959 1505 3237 1573 affectione
3257 1544 3272 1566 ,
3293 1504 3487 1572 absque
3516 1503 3728 1572 fmdere,

2151 1597 2264 1650 sine
2295 1596 2660 1650 misericordia
2686 1611 2703 1648 :
2733 1596 2822 1666 qui
2854 1612 2971 1649 cum
3003 1597 3279 1664 justitiam
3325 1596 3420 1648 Dei
3461 1595 3732 1665 cognovis-

2152 1697 2298 1753 sent,
2347 1705 2452 1742 non
2501 1687 2878 1742 intellexerunt
2921 1689 3173 1755 quoniam
3217 1691 3307 1759 qui
3354 1688 3487 1741 talia
3530 1695 3729 1756 agunt,

472 1782 851 1852 πράσσοντες
893 1778 1044 1842 ἄξιοι
1087 1774 1347 1850 θανάτου
1394 1771 1573 1834 είσὶν,
1625 1771 1696 1822 οὐ
1741 1768 1937 1838 μόνον
1983 1765 2050 1819 δὲ

2168 1778 2300 1849 ligni
2331 1788 2452 1833 sunt
2483 1787 2652 1832 morte
2678 1795 2696 1832 .°
2724 1788 2772 1832 et
2811 1795 2914 1833 non
2943 1778 3115 1832 solum
3144 1781 3232 1849 qui
3260 1796 3323 1832 ea
3361 1780 3596 1848 faciunt,
3641 1776 3730 1831 sed

470 1877 624 1928 αὐτὰ
676 1871 988 1934 ποιοῦσιν,
1045 1867 1208 1923 ἀλλὰ
1271 1865 1370 1918 καὶ
1431 1860 1882 1918 συνευδοκοῦσι
1929 1858 2053 1924 τοῖς

472 1968 884 2039 πράσσουσιν.

1016 2071 1348 2125 ΕΡΩΤΗΣῙΣ
1379 2070 1513 2123 KA'.

471 2186 662 2240 Πόθεν
710 2187 742 2238 ό
786 2181 1188 2252 μετεωρισμός
1235 2177 1335 2252 καί
1379 2179 1440 2252 Δοἱ
1483 2173 1894 2252 διαλογισμοί⁸
1957 2171 2057 2224 καὶ

825 2252 952 2318 πῶς
971 2248 1206 2316 αὐτοὺς
1233 2248 1688 2316 διορθωσόμεθα.

1068 2361 1457 2418 ΑΠΟΚΡΙΣΙΣ.

544 2483 754 2536 Γίνεται
806 2483 834 2534 ὁ
880 2479 958 2549 (6)
1010 2474 1381 2550 μετεωρισμδς
1433 2474 1543 2528 ἀπὸ
1586 2474 1784 2546 ἀργίας
1822 2472 1916 2525 τοῦ
1965 2470 2056 2524 νοῦ

478 2575 552 2645 μὴ
595 2571 990 2644 ἀσχολουμένου
1047 2570 1176 2641 περὶ
1220 2567 1287 2622 τὰ
1339 2566 1631 2634 ἀναγκαῖα.
1690 2565 1874 2636 Ἀργεῖ’
1912 2562 1968 2616 δὲ
2029 2565 2059 2615 ὁ

475 2664 598 2728 νοῦς
632 2665 727 2717 καὶ
773 2663 1068 2733 ἁμεριμνεῖ
1115 2659 1175 2724 ἐξ
1210 2657 1466 2720 ἀπιστίας
1521 2655 1617 2709 τοῦ
1670 2657 1924 2726 παρεῖναι
1966 2653 2059 2706 τὸν

471 2758 629 2822 Θεὸν,
676 2757 934 2821 ὲτάζοντα
970 2752 1194 2825 καρδίας
1236 2751 1330 2804 καὶ
1377 2748 1626 2821 νεφρούς.
1661 2749 1723 2800 Εἰ
1756 2747 1864 2819 γὰρ
1900 2746 2060 2800 τοῦτο

477 2849 750 2918 ἐπίστευε,
782 2847 997 2909 πάντως
1023 2845 1196 2899 ἐποίει
1236 2843 1297 2896 τὸ
1336 2842 1654 2913 εἰρημένον
1691 2839 2060 2909 Προωρώμην

475 2939 582 2992 τὸν
625 2941 842 3007 Κύριον
882 2935 1137 2990 ἐνώπιόν
1155 2952 1275 3004 μου
1317 2932 1662 2998 διαπαντὸς,
1716 2931 1806 2984 ὅτι
1857 2931 1925 2984 ἐκ
1962 2930 2056 2982 δε-

478 3030 622 3097 ξιῶν
666 3033 785 3102 μού
835 3031 1025 3092 ἐστιν,
1083 3029 1185 3082 ἵνα
1224 3027 1310 3096 μὴ
1363 3025 1663 3080 σαλευθῶ.
1701 3027 1758 3078 Ὀ
1802 3025 1858 3079 δὲ
1902 3025 2060 3078 τοῦτο

2155 1871 2313 1922 etiam
2343 1871 2433 1939 qui
2467 1871 2797 1923 consentiunt
2831 1870 3146 1939 facientibus
3173 1870 3222 1902 “

2601 2063 3118 2122 INTERROGATIO
3167 2065 3208 2119 Χ
3222 2064 3310 2120 XI.

2163 2177 2311 2231 Unde
2377 2181 2562 2234 mentis
2632 2180 2938 2251 aberratio,
3007 2191 3058 2233 et
3131 2181 3291 2236 varice
3357 2181 3734 2251 cogitationes:

2466 2262 2517 2303 et
2549 2250 2808 2316 quomodo
2839 2253 2987 2320 ipsas
3006 2251 3421 2306 emendabimus.

2748 2363 3154 2419 RESPONSIO.

2233 2476 2503 2547 Evagatnr
2524 2479 2764 2541 animus,
2793 2479 2883 2533 ubi
2911 2478 3056 2532 iners
3090 2485 3195 2540 est,
3231 2492 3329 2531 nec
3355 2478 3410 2530 in
3442 2477 3606 2530 rebus
3639 2492 3738 2528 ne.

2159 2568 2418 2622 cessariis
2463 2579 2786 2639 occupatur.
2848 2569 3000 2622 Iners
3041 2575 3228 2620 autem
3278 2581 3344 2619 ex
3403 2579 3470 2618 eo
3507 2563 3740 2618 edicitur

2161 2675 2340 2726 mens,
2366 2668 2421 2714 et
2452 2660 2575 2730 plus
2601 2662 2753 2730 justo
2784 2673 2999 2725 secura,
3028 2659 3173 2728 quod
3202 2657 3371 2714 Deum
3411 2659 3602 2712 adesse
3628 2673 3737 2711 non

2161 2753 2370 2816 credat,
2399 2753 2567 2808 corda
2613 2761 2669 2808 et
2717 2767 2878 2808 renes
2910 2758 3268 2808 scrutantem.
3328 2749 3388 2803 Si
3434 2750 3578 2804 enim
3637 2749 3742 2802 hoc

2161 2845 2440 2908 crederet,
2497 2855 2782 2916 perageret
2842 2860 3074 2916 prorsus
3123 2842 3272 2914 quod
3334 2842 3543 2896 dictum
3601 2849 3738 2896 est:

2165 2935 2514 2991 Providebam
2538 2936 2830 2992 Dominum
2856 2938 2909 2989 in
2935 2945 3215 3001 conspectu
3238 2951 3352 2989 meo
3376 2951 3596 3003 semper,
3619 2951 3745 3003 quo-

2164 3030 2308 3082 niam
2341 3046 2372 3082 a
2403 3029 2607 3084 dextris
2637 3039 2714 3084 est
2742 3028 2892 3094 mihi,
2917 3045 2978 3082 ne
2999 3043 3327 3081 commoveor
3379 3027 3447 3080 ⁸⁵.
3500 3025 3607 3093 Qui
3641 3041 3741 3080 au-

477 3125 574 3178 καὶ
601 3124 670 3178 τὰ
705 3126 867 3194 ὅμοια
906 3123 1083 3191 τούτῳ
1117 3119 1399 3190 κατορθῶν
1437 3117 1562 3174 οὔτε
1601 3119 1862 3190 τολμήσει
1908 3118 2053 3180 ποτὲ,

2168 3129 2274 3176 tem
2328 3122 2456 3186 hoc,
2505 3130 2563 3177 et
2591 3138 2716 3194 quae
2751 3122 2882 3177 huic
2932 3121 3136 3176 similia
3189 3118 3520 3186 sunt,l‘aeit,
3567 3135 3746 3192 neque

473 3215 602 3268 οὔτε
634 3213 745 3280 ἕξει
776 3214 971 3285 σχολὴν
1002 3209 1410 3281 διαλογίσασθαί
1441 3226 1494 3261 τι
1530 3209 1640 3262 τῶν
1672 3210 1750 3280 (7)
1804 3209 1879 3280 μὴ
1919 3209 2057 3282 πρὸς

473 3305 762 3378 οἰκοδομὴν
790 3306 889 3375 τῆς
919 3305 1153 3367 πίστεως
1180 3302 1666 3371 οἰκονομουμένων,
1713 3301 1818 3355 κᾶν
1854 3301 2058 3370 ἀγαθὸν

480 3397 618 3452 εἶναι
652 3399 799 3468 δοκῇ,
825 3399 923 3468 οὐχ
952 3398 1036 3451 ὅτι
1082 3413 1146 3465 γε
1187 3395 1296 3449 τῶν
1327 3393 1814 3466 ἀπηγορευμένων,
1851 3394 1946 3448 καὶ¹
1984 3393 2060 3466 μὴ

480 3493 820 3563 ἀρεσκόντων
852 3490 992 3562 Θεῷ.

1006 3694 1339 3747 ΕΡΩΤΗΣῘΣ
1398 3695 1526 3746 ΚΒ’.

481 3809 670 3864 Πόθεν
714 3810 776 3862 αἱ
821 3807 1156 3875 νυκτεριναὶ
1199 3807 1528 3876 φαντασίαι
1563 3808 1623 3858 al
1663 3802 1948 3871 ἀπρεπεῖς
1977 3802 2062 3872 γί-

1163 3895 1348 3932 νοντα
1352 3895 1368 3928 ι
1378 3920 1389 3930 .

1075 3987 1458 4040 ΑΠΟΚΡΙΣΙΣ.

554 4101 796 4156 Γίνονται
827 4101 926 4172 μὲν
964 4103 1030 4156 ὲκ
1074 4100 1184 4155 τῶν
1215 4101 1350 4170 μετὰ
1383 4101 1599 4171 ἡμεραν
1645 4099 1948 4151 αλλοκοτων
1984 4096 2060 4166 (υ)

482 4193 580 4264 τῆς
619 4194 796 4266 ψυχῆς
832 4194 1168 4265 κινημάτων.
1213 4193 1338 4247 Ἐὰν
1387 4193 1444 4245 δὲ
1496 4193 1553 4244 ὲν
1607 4192 1672 4261 τῇ
1733 4187 1894 4260 σχολῇ
1947 4187 2059 4240 τῶν

483 4284 576 4338 τοῦ
603 4285 738 4340 Θεοῦ
771 4287 1052 4358 χριμάτων
1083 4285 1396 4358 καθαρεύσῃ
1429 4287 1462 4355 ἡ
1506 4283 1730 4339 ἐκείνων
1763 4281 1929 4351 ψυχὴ,
1968 4280 2061 4333 καὶ

484 4379 542 4430 ὲν
579 4377 777 4452 μελέτῃ
795 4378 1020 4449 γένηται
1043 4379 1279 4448 διηνεκεῖ
1305 4378 1412 4432 τῶν
1444 4376 1625 4430 καλῶν
1661 4374 1755 4428 καὶ
1801 4371 2060 4442 ἀρεσκόν-

483 4483 592 4520 των
623 4466 760 4538 Θεῷ,
789 4467 1014 4521 τοιαῦτα
1039 4468 1151 4532 ags:
1181 4469 1276 4522 xui.
1303 4469 1372 4522 τὰ
1401 4467 1648 4521 ἐνύπνια.

1017 4583 1350 4635 ΕΡΩΤΗΣΙΣ
1402 4579 1529 4634 ΚΓ’.

488 4669 634 4737 Ἕως
661 4672 849 4726 ποίων
893 4672 1176 4742 ⁴ῥημάτων
1217 4675 1255 4741 1)
1303 4672 1629 4742 ἀργολογία
1663 4672 1927 4740 κρίνεται

1081 4784 1472 4837 ΑΠΟΚΡΙΣΙΣ.

555 4873 796 4929 Καθόλου
837 4875 946 4926 πᾶν
992 4874 1174 4944 ῥῆμα,
1218 4873 1278 4928 τὸ
1323 4873 1398 4944 μὴ
1456 4871 1741 4924 συκιτελοῦν
1789 4872 1924 4942 πρὸς
1968 4872 2066 4940 τὴν

558 5030 605 5063 ⁸⁸
642 5029 799 5086 Rom.
841 5047 891 5098 1,
925 5030 1114 5085 28-52.
1190 5031 1234 5061 ⁸⁵
1276 5027 1418 5083 Psal.
1456 5045 1546 5091 xv,
1581 5027 1633 5082 8.

563 5188 636 5258 (ὦ)
668 5187 799 5258 Reg.
845 5184 1555 5260 primusﬁapaﬁeoous'zou;
1607 5182 1800 5260 §n15._
1833 5180 1948 5260 Nec
1985 5182 2056 5236 ita

488 5252 660 5310 multo
693 5252 814 5327 po'st
838 5252 1009 5314 codex
1035 5252 1196 5312 Voss'.
1233 5252 1376 5327 πρὸς
1413 5254 1714 5324 Ῥωμαίους
1756 5252 2060 5323 εἰρημένων

487 5327 743 5398 ἐπιστολῇ
778 5329 968 5392 οὕτως.

561 5397 647 5471 (5)Δ
670 5392 900 5471 Vcteres
936 5398 1141 5471 aliquot
1180 5396 1305 5471 libri
1346 5409 1479 5471 cum
1503 5392 1692 5471 _Voss.
1746 5392 2058 5471 ἀσυνέτους,

488 5461 832 5533 ἀσυνθέτους.
859 5469 976 5522 Vox
1002 5461 1188 5521 ultima
1214 5461 1274 5519 in'
1296 5466 1458 5520 editis
1485 5464 1842 5520 desideratur.
1869 5461 2061 5533 Statim

488 5538 617 5590 editi
663 5531 995 5606 ἐπιγνόντες,
1030 5541 1130 5606 ὅτι.
1165 5539 1232 5589 At
1273 5552 1404 5590 mss.
1451 5534 1696 5588 nonnulli
1737 5549 1860 5586 cum
1896 5531 2054 5585 Voss.

489 5615 550 5659 ut
570 5609 623 5660 in
653 5605 932 5663 contextu.
954 5605 1158 5662 Vociila
1180 5607 1236 5659 δέ
1255 5622 1361 5659 non
1381 5611 1538 5673 longe
1555 5606 1734 5658 addita
1759 5612 1842 5657 est
1872 5619 1935 5656 ex
1958 5619 2058 5654 an-

490 5678 659 5747 tiquis
693 5679 907 5734 duobus
953 5679 1128 5732 libris.
1177 5677 1378 5730 Ibidem
1420 5676 1571 5729 Colb.
1609 5675 1760 5728 αὐτοὶ
1793 5674 2055 5726 ποιοῦσιν.

893 5773 1154 5830 Ριτιιοι..
1195 5769 1314 5829 Gn.
1348 5765 1582 5828 XXXI.

2161 3214 2386 3269 audebit
2419 3229 2684 3286 unquam,
2717 3229 2896 3286 neque
2927 3214 2978 3269 ei
3018 3212 3205 3268 licebit
3236 3227 3332 3283 per
3357 3212 3552 3276 otium,
3584 3211 3746 3282 quid-

2161 3321 2324 3375 quam
2357 3307 2601 3376 cogitare
2643 3322 2857 3370 eorum,
2899 3321 3020 3376 qua:
3062 3303 3287 3359 minime
3325 3303 3634 3372 dirigantur
3677 3305 3746 3356 ad

2161 3399 2286 3454 ﬁdei
2326 3399 2770 3464 aediﬁcationem,
2821 3400 3036 3456 etiamsi
3088 3399 3290 3452 bonum
3339 3413 3464 3454 esse
3510 3397 3744 3460 videtur,

2160 3490 2362 3545 nedum
2410 3505 2625 3554 eorum,
2660 3507 2785 3561 quae
2832 3490 3106 3559 prohibita
3156 3497 3310 3553 sunt,
3363 3498 3418 3542 et
3471 3487 3582 3544 Deo
3633 3503 3743 3542 non

2161 3583 2396 3652 placent.

2577 3692 3100 3748 INTERROGATIO
3162 3691 3325 3746 XXII.

2168 3807 2315 3862 Unde
2384 3819 2678 3862 nascuntur
2747 3813 2925 3879 turpia
2994 3808 3093 3861 illa
3160 3809 3272 3860 risa
3334 3815 3490 3860 noctu
3541 3805 3748 3859 contin-

2870 3881 3074 3948 gentia.

2763 3991 3174 4048 RESPONSIO.

2233 4103 2536 4160 Nascuntur
2595 4114 2744 4160 certe
2785 4121 2852 4160 ex
2900 4106 3156 4161 absurdis
3211 4107 3451 4161 motibus
3504 4105 3745 4160 interdiu

2164 4196 2218 4250 in
2255 4197 2438 4251 animo
2472 4198 2940 4266 contingentibus.
2973 4196 3132 4263 Quod
3161 4198 3204 4253 si
3229 4199 3407 4253 anima
3435 4199 3490 4253 in
3529 4199 3620 4253 Dei
3654 4199 3746 4267 ju-

2164 4290 2324 4344 diciis
2354 4301 2644 4360 occupata,
2680 4292 2952 4346 exstiterit
2983 4306 3139 4360 pura,
3171 4299 3334 4361 atque
3364 4305 3454 4347 res
3482 4293 3744 4346 honestas

2164 4390 2217 4436 et
2253 4381 2362 4436 Deo
2396 4383 2626 4453 placitas
2643 4385 2870 4439 assiduo
2888 4384 3148 4439 meditata
3182 4384 3366 4448 fuerit,
3392 4385 3556 4439 etiam
3585 4382 3747 4454 423

2093 4456 2137 4512 Ῑ)
2165 4473 2435 4542 ejusmodi
2458 4474 2729 4530 insomnia
2760 4475 2979 4530 habebit

2576 4586 3092 4643 INTERROGATIO
3146 4587 3336 4642 XXIII.

2137 4745 2146 4750 _
2204 4675 2287 4728 La:
2343 4677 2646 4746 cujusmodi
2700 4679 2868 4732 verbis
2936 4680 3136 4733 otiosus
3201 4695 3370 4731 sermo
3419 4675 3712 4745 judicctur.

2771 4787 3158 4842 RESPONSIO

2245 4871 2302 4926 In
2326 4888 2541 4927 summa
2567 4875 2790 4930 verbum
2816 4892 3000 4940 omne,
3022 4877 3167 4946 quod
3193 4891 3298 4929 non
3337 4875 3466 4928 facit
3513 4876 3578 4928 ad
3625 4890 3749 4944 pro-

2238 5179 2311 5248 (6)
2362 5177 2494 5250 Reg.
2537 5181 2748 5253 primus
2799 5179 3004 5247 γίνεται
3051 5179 3150 5250 μὲν
3194 5181 3242 5234 ὁ.
3277 5179 3574 5253 Aliquanto
3627 5196 3749 5253 post

2165 5251 2307 5303 idem
2337 5266 2439 5304 ms.
2466 5251 2624 5304 τοῦτο
2655 5250 2968 5304 ἐπίστευσε.

2237 5320 2312 5388 (7)
2338 5317 2473 5389 Reg.
2502 5322 2732 5389 primus,
2763 5337 2813 5372 τι
2844 5320 2970 5372 τῶν.
3004 5319 3166 5382 Editi,
3192 5339 3244 5374 τι
3275 5319 3400 5373 οὔτε
3435 5321 3565 5375 τῶν.

2239 5389 2315 5464 (ξ)
2350 5387 2571 5464 Veteres
2603 5391 2712 5444 duo
2743 5390 2864 5444 libri
2895 5405 3019 5445 cum
3072 5389 3227 5446 Voss.
3263 5392 3328 5444 ἐκ
3365 5391 3472 5444 τῶν
3504 5391 3745 5464 μεθημε-

2171 5458 2332 5531 ρινῶν
2351 5459 2687 5531 ῳάλλοκότων.

2239 5530 2313 5597 (9)
2335 5528 2480 5604 _Reg.
2511 5531 2719 5597 primus
2746 5538 2802 5586 et
2847 5530 3007 5604 voss.
3040 5534 3073 5602 ἠ
3107 5531 3400 5604 ἀργολογία
3447 5531 3614 5604 ἐστίν.
3641 5533 3751 5587 Ibi-

2167 5600 2288 5652 (leln
2317 5599 2425 5653 duo
2443 5599 2591 5658 ’mss.
2627 5600 2994 5660 προκειμένην
3029 5599 3084 5655 ἐν
3115 5599 3334 5673 Χριστῷ
3362 5601 3554 5673 χρείαν

3437 5765 3510 5826 35
