3948 6240
279 275 416 334 ιοθθ

1567 277 1639 329 's.
1682 268 1925 345 essm“
1963 270 2176 328 suam

3405 278 3545 334 “60

275 397 511 467 positum
529 393 586 449 in
621 391 847 448 Domino
876 395 1178 465 negotium,
1213 394 1450 452 otiosum
1497 404 1601 451 est.
1633 395 1699 450 Et
1727 404 1834 450 tan-

1951 381 2316 468 προκειμένην
2362 397 2420 450 ἐν
2449 398 2639 469 Κυρίῳ
2674 398 2882 471 χρείαν,
2919 397 3088 468 ἀργόν
3120 398 3254 450 ἐστι.
3301 399 3411 453 Καὶ
3461 418 3546 454 το-

273 497 387 540 tum
416 493 502 539 est
542 481 814 552 ejusmodi
847 485 998 538 verbi
1043 485 1368 554 periculum,
1416 492 1476 538 ut
1509 484 1722 540 etiamsi
1752 485 1848 539 bo-

271 592 404 632 num
430 577 501 631 sit
532 576 676 647 quod
711 576 1012 641 dieitur,~si
1048 586 1230 632 tamen
1257 593 1366 631 non
1399 575 1666 648 dirigatur
1690 576 1756 630 ad
1791 577 1848 631 li-

271 669 358 725 dei
384 669 826 732 tediﬁcationem,
851 684 960 724 non
991 669 1103 740 jam
1133 670 1530 740 propterverbi
1551 670 1845 725 bonitatem

273 761 320 816 is
351 761 445 832 qui
479 761 696 816 locutus
717 768 822 825 est,
841 759 1063 832 effugiat
1092 762 1424 833 periculum,
1451 761 1552 816 sed
1581 773 1848 832 propter-

268 867 332 908 ea
370 852 514 924 quod
549 854 773 907 verbum
824 869 934 908 non
988 854 1279 924 protulerit
1305 854 1374 908 ad
1408 853 1845 918 aediﬁcationem,

267 945 560 1000 contristet
590 944 854 1017 Spiritum
884 957 1136 1002 sanetum
1170 946 1287 1003 Dei.
1326 945 1444 1002 Hoc
1481 947 1628 1002 enim
1661 955 1847 1017 aperte

268 1037 456 1093 docuit
484 1039 800 1108 Apostolus,
826 1040 912 1094 his
933 1039 1118 1095 verbis
1151 1039 1390 1094 :-0mnis
1423 1056 1594 1094 sermo
1623 1056 1846 1109 spurcus

266 1144 334 1183 ex
361 1145 450 1184 ore
477 1139 644 1184 vestro
669 1147 775 1184 non
809 1129 1076 1199 procedat,
1101 1131 1192 1184 sed
1215 1132 1262 1184 si
1287 1132 1404 1202 quis
1434 1131 1596 1186 bonus
1623 1131 1691 1185 ad
1715 1133 1845 1186 tedi-

267 1223 567 1289 ﬁcationem
586 1220 733 1292 ﬁdei,
755 1233 812 1276 ut
833 1222 920 1277 det
935 1224 1164 1292 gratiam
1183 1221 1520 1278 audientibus
1540 1225 1622 1291 ⁸⁶-;
1641 1224 1774 1295 quin
1791 1232 1846 1279 et

265 1313 400 1368 illud
430 1315 714 1386 subjungit
747 1333 762 1369 :
796 1314 864 1368 Et
890 1304 1390 1370 nolite-contristare
1415 1314 1675 1384 Spiritum
1717 1333 1844 1371 san-

265 1414 406 1459 ctum
436 1405 552 1472 Dei,
594 1408 649 1460 in
672 1423 774 1477 quo
803 1407 998 1476 signati
1033 1407 1160 1460 estis
1189 1406 1254 1462 ⁸⁷.
1291 1407 1631 1464 Contristare
1660 1416 1842 1463 autem

267 1500 528 1570 Spiritum
557 1499 670 1570 Dei,
701 1507 966 1571 quantum
1001 1499 1204 1553 malum
1231 1499 1324 1567 sit,
1355 1501 1485 1570 quid
1511 1501 1623 1570 jam
1650 1501 1843 1555 attinet

262 1590 486 1647 dicere?

676 1749 1195 1808 iNTERROGATlO
1226 1752 1396 1808 XXIV

754 1863 895 1929 Quid
923 1873 1001 1919 est
1035 1865 1348 1920 convicium.

842 2019 1242 2079 RESPONSIO.

326 2134 568 2190 “Verbum
609 2151 790 2200 omne,
827 2137 974 2207 quod
1009 2153 1074 2194 co
1100 2138 1284 2194 animo
1311 2139 1610 2210 profertur,
1644 2141 1842 2194 utim—

256 2227 526 2296 primatur
545 2227 808 2293 dedecus,
845 2229 1156 2284 convicium
1179 2237 1286 2297 est,
1318 2245 1632 2301 quanquam
1659 2232 1838 2302 ipsum

254 2318 481 2372 verbum
521 2332 629 2373 non
684 2319 903 2374 videtur
957 2335 1080 2375 esse
1135 2322 1616 2378 contumeliosum.
1661 2322 1840 2394 Atque

258 2413 361 2466 hoc
398 2413 617 2483 planum
648 2420 734 2468 est
762 2423 810 2469 et
838 2415 1186 2470 manifestum
1214 2432 1278 2470 ex
1297 2414 1612 2488 Evangelio,
1639 2416 1695 2472 in
1729 2433 1840 2489 quo

254 2504 323 2560 de
338 2501 556 2560 'Judaeis
585 2506 788 2561 dicitur
819 2507 952 2561 illud
988 2528 1000 2561 :
1046 2507 1228 2578 Ipsum
1262 2511 1513 2566 conviciis
1558 2520 1683 2567 sunt
1713 2528 1839 2566 con-

255 2600 466 2665 sectati,
494 2598 844 2672 dixeruntque
868 2602 916 2655 ei
938 2618 955 2654 :
983 2598 1062 2655 Tu
1083 2619 1137 2656 es
1169 2603 1316 2657 illius
1345 2603 1636 2670 discipulus
1667 2604 1734 2660 ⁸⁸.

658 2754 1198 2813 ”1ΝΤΕἩΒΟ(ΞΑἹΊΟ
1239 2758 1409 2816 XXV.

723 2869 878 2936 "Quid
904 2881 982 2925 est
1012 2870 1320 2925 obtrectatio

837 3001 1246 3058 RESPONSIO.

1953 486 2142 549 σοῦτός
2171 488 2288 539 ἐστι
2315 487 2408 539 τοῦ
2437 488 2677 542 τοιούτου
2696 492 2933 560 ῥήματος
2959 492 2986 542 ὁ
3017 490 3280 555 κίνδυνος,
3308 493 3409 555 ὃτι,
3442 492 3546 548 κᾶν

1949 572 2212 651 ἀγαθὸνῇ
2250 578 2309 630 τὸ
2341 577 2655 650 λεγόμενον,
2706 582 2781 651 μὴ
2827 582 2963 652 πρὸς
3003 581 3294 653 οἰκοδομὴν
3340 582 3397 636 δὲ
3441 583 3544 654 τῆς

1951 669 2187 732 πίστεως
2226 670 2600 741 οἱκονομῆται,
2640 673 2740 726 οὐκ
2769 674 2880 744 (10)
2907 674 2964 727 ἐν
2999 676 3066 745 τῇ
3106 674 3401 746 ἀγαθότητι
3446 673 3543 730 τοῦ

1949 763 2194 832 ῥήματος
2236 763 2264 815 ὁ
2301 763 2541 835 λαλήσας
2587 765 2702 836 ἔχει
2746 765 2808 817 τὸ
2858 765 3162 831 ἀκίνδυνον,
3203 766 3316 820 ἀλλ’
3361 769 3420 820 ὲν
3464 767 3545 838 τῷ

1951 853 2026 924 μὴ
2060 853 2196 924 πρὸς
2231 855 2518 927 οἰκοδομὴν
2546 857 2898 928 οἰκονομῆσαι
2932 857 2994 910 τὸ
3024 857 3190 930 ῥηθὲν
3212 859 3346 930 (Η),
3383 842 3544 912 λυπεῖ

1946 943 2007 996 τὸ
2060 943 2284 1016 Πνεῦμα
2322 945 2390 997 τὸ
2447 945 2602 1014 ἅγιον
2647 945 2743 998 τοῦ
2781 946 2946 1000 Θεοῦ.
2995 947 3168 1000 Τοῦτο
3197 947 3306 1018 γὰρ
3353 947 3542 1017 σαφῶς

1946 1034 2183 1101 ἐδίδαξεν
2213 1037 2240 1089 ὁ
2278 1036 2624 1102 Ἀπόστολος,
2673 1037 2872 1092 εἰπών·
2906 1038 3033 1106 Πᾶς
3071 1040 3254 1108 λόγος
3306 1038 3542 1109 σαπρὸς

1945 1131 2014 1184 ἐκ
2043 1128 2150 1183 τοῦ
2188 1130 2487 1199 στόματος
2525 1129 2692 1200 ὑμῶν
2717 1129 2801 1200 μὴ
2833 1130 3251 1200 ἐκπορευέσθω
3269 1148 3283 1162 ·
3316 1131 3454 1186 ἀλλ’
3483 1133 3541 1184 εἷ

1945 1239 2036 1288 τις
2059 1220 2280 1290 ἀγαθὸς
2309 1221 2458 1289 πρὸς
2490 1221 2817 1291 οίκοδομὴν
2854 1221 2966 1290 τῆς
3007 1222 3287 1288 πίστεως,
3315 1222 3418 1275 ἵνα
3453 1219 3543 1285 δῷ

1945 1313 2124 1384 χάριν
2154 1314 2278 1380 τοῖς
2321 1315 2645 1368 ἀκούουσι·
2695 1315 2793 1368 καὶ
2837 1313 2997 1367 τοῦτο
3043 1311 3338 1380 ἐπαγαγών
3397 1312 3536 1383 (12)”

1943 1401 2054 1456 Καὶ
2077 1401 2162 1470 μὴ
2187 1401 2424 1471 λυπῆτε
2453 1402 2519 1456 τὸ
2549 1403 2792 1473 Πνεῦμα
2817 1403 2883 1457 τὸ
2915 1402 3089 1473 ἅγιον
3116 1403 3223 1456 τοῦ
3257 1402 3427 1467 Θεοῦ,
3467 1403 3541 1457 ἐν

1943 1486 1992 1558 ᾧ
2019 1494 2488 1564 ἐσφραγίσθητε.
2525 1495 2600 1548 Τὸ
2617 1495 2674 1548 δὲ
2700 1495 2938 1565 λυπῆσαι
2960 1495 3020 1548 τὸ
3043 1494 3268 1565 Πνεῦμα
3293 1494 3356 1548 τὸ
3383 1494 3538 1563 ἅγιον

1942 1585 2040 1637 τοῦ
2068 1585 2224 1647 Θεοῦ,
2246 1587 2371 1640 ὅσον
2400 1588 2516 1640 ἐστὶ
2545 1587 2736 1651 κακὸν,
2760 1587 2812 1640 τί
2832 1587 2914 1640 δεῖ
2941 1586 3036 1640 καὶ
3061 1586 3241 1655 λέγειν
3266 1605 3282 1650 ;

2494 1739 2830 1793 ΕΡΩΤΗΣΙΣ
2867 1739 2992 1793 ΚΔ’.

2469 1854 2530 1907 Τί
2559 1853 2690 1908 ἐστι
2723 1855 3016 1923 λοιδορία.

2544 2014 2941 2068 ΑΠΟΚΡΙΣΙΣ.

2013 2130 2128 2184 Πᾶν
2166 2128 2320 2200 ρἧα
2353 2130 2418 2183 ὲκ
2467 2128 2759 2194 διαθέσεως
2800 2130 2896 2184 τοῦ
2939 2130 3205 2200 ἁτιμᾶσαι
3241 2129 3532 2201 λεγόμενον

1940 2221 2175 2294 λοιδορία
2206 2222 2345 2284 ἐστὶ,
2377 2220 2481 2275 κᾶν
2508 2221 2641 2275 αὐτὸ
2661 2220 2721 2275 τὸ
2747 2221 2899 2292 ῥῆμα
2935 2221 3008 2293 μὴ
3039 2220 3166 2294 δόξῃ
3203 2219 3340 2275 εἶναι
3378 2221 3525 2294 ὑδρι-

1943 2315 2140 2368 στικόν.
2177 2314 2288 2368 Καὶ
2325 2311 2486 2366 τοῦτο
2515 2313 2673 2385 δῆλον
2704 2313 2768 2366 ὲκ
2793 2313 2886 2366 τοῦ
2915 2314 3249 2382 Εὑαγγελίου
3281 2312 3528 2382 λέγοντος

1942 2409 2070 2479 περὶ
2104 2407 2212 2460 τῶν
2243 2406 2532 2471 Ἰουδαίων,
2576 2408 2658 2460 ὅτι
2693 2407 3127 2476 Ἐλοιδόρησαν
3170 2407 3380 2474 αὐτὸν,
3423 2406 3526 2459 καὶ

1938 2497 2112 2559 εἴποις·
2145 2499 2336 2565 αὐτῷ·
2373 2499 2457 2554 Σὺ
2489 2496 2550 2554 εἴ
2570 2499 2846 2570 μαθητὴς
2877 2499 3137 2554 ἐκείνου.

2467 2743 2814 2797 ΕΡΩΤΗΣΙΣ
2853 2745 2979 2798 ΚΕ’.

2426 2859 2488 2912 Τί
2515 2858 2649 2912 ἐστι
2686 2856 3040 2913 καταλαλιά.

2534 2995 2929 3051 ΑΠΟΚΡΙΣΙΣ.
3011 3037 3014 3040 .

306 3112 441 3169 ³1)υο
470 3121 719 3185 tempora
749 3129 875 3171 esse
903 3115 1164 3178 arbitror,
1202 3115 1258 3169 in
1289 3113 1492 3184 quibus
1516 3113 1680 3169 liceat
1703 3114 1832 3168 mali

2007 3109 2112 3163 Δύο
2133 3111 2356 3182 καιροὺς
2400 3104 2542 3166 εἶναι
2587 3109 2832 3183 ἡγοῦμαι
2869 3111 3004 3182 (15),
3034 3110 3156 3166 καθ’
3192 3110 3288 3174 οὓς
3318 3109 3524 3178 ἔξεστιν

243 3204 459 3274 aliquid
491 3204 558 3260 de
581 3206 769 3276 aliquo
789 3205 977 3261 dicere
999 3247 1014 3269 ,
1051 3207 1312 3261 nimirum
1347 3205 1569 3278 quando
1600 3221 1833 3262 necesse

247 3301 338 3347 est
366 3293 604 3365 aliquem
632 3310 758 3350 cum
785 3296 910 3352 aliis
942 3297 1037 3367 qui
1079 3297 1147 3352 ad
1177 3295 1231 3350 id
1259 3295 1441 3351 idonei
1475 3297 1607 3363 sint,
1645 3299 1832 3354 consi-

250 3385 384 3439 lium
415 3385 556 3441 inire
588 3402 700 3458 quo
727 3396 891 3458 pacto
925 3387 1287 3460 corrigendus
1323 3390 1397 3444 sit
1423 3391 1519 3460 qui
1549 3392 1831 3460 peccavit;

247 3485 304 3528 et
329 3489 527 3531 rursus
560 3491 685 3530 cum
719 3493 859 3547 opus
895 3476 1060 3532 fuerit
1095 3478 1440 3534 communire
1470 3479 1708 3549 aliquos,
1739 3482 1833 3550 qui

250 3579 396 3636 saepe
427 3581 495 3622 ex
524 3567 829 3638 ignorantia
862 3569 1028 3624 alicui
1061 3571 1208 3625 malo
1245 3578 1506 3641 tanquam
1551 3571 1694 3628 bono
1736 3574 1834 3628 ad-

244 3656 400 3727 jungi
445 3666 716 3728 possent:
751 3661 1196 3731 quandoquidem
1236 3663 1490 3732 praecipit
1534 3663 1832 3732 Apostolus

247 3747 316 3810 ",
351 3757 412 3803 ut
444 3765 514 3804 ne
539 3766 664 3805 cum
698 3752 899 3807 talibus
930 3754 1356 3826 conjungamur,
1399 3772 1469 3812 ne
1512 3758 1637 3827 quis
1687 3756 1832 3814 forte

247 3841 601 3896 nanciscatur
659 3844 883 3914 laqueos
949 3847 1144 3901 anima:
1202 3863 1335 3904 suae.
1396 3847 1555 3915 Quod
1608 3850 1830 3920 quidem

245 3931 498 3988 eumdem
527 3935 850 4004 Apostolum
879 3935 1078 3994 fecisse
1101 3941 1474 4010 comperimus
1497 3957 1562 3997 ex
1594 3942 1684 3999 his
1709 3958 1831 4013 quae

247 4020 315 4073 ad
357 4018 704 4079 Timotheum
759 4027 996 4082 scribit:
1047 4028 1347 4084 Alexander
1381 4034 1607 4087 aerarius
1657 4037 1830 4088 multa

241 4113 375 4166 mihi
399 4116 540 4168 mala
566 4117 817 4190 ostendit,
867 4135 1020 4188 quem
1067 4130 1116 4174 et
1148 4129 1203 4173 tu
1235 4121 1444 4176 devita:
1497 4124 1649 4178 valde
1685 4128 1829 4180 enim

245 4206 441 4258 restitit
470 4207 638 4262 verbis
670 4211 867 4264 nostris
901 4211 969 4263 νο.
999 4211 1069 4264 At
1103 4228 1234 4268 vero
1282 4223 1478 4284 praeter
1506 4215 1826 4286 bujusmodi

242 4296 649 4363 necessitatem,
680 4302 726 4355 si
757 4301 881 4372 quis
911 4303 1117 4373 aliquid
1154 4303 1301 4360 dicat
1329 4315 1523 4362 contra
1562 4310 1822 4380 aliquem,

1937 3201 2113 3255 εἰπεῖν
2156 3220 2210 3256 τι
2259 3202 2388 3276 περί
2427 3220 2573 3268 τινος
2603 3202 2845 3275 φαῦλον·
2873 3205 2965 3259 ὅτε
3007 3203 3256 3274 ἀνάγκην
3294 3202 3406 3274 ἔχει
3439 3220 3523 3266 τις

1939 3289 2330 3362 βουλεύσασθαι
2365 3293 2504 3362 μετὰ
2541 3294 2634 3346 καὶ
2684 3293 2888 3366 ἑτέρων
2925 3293 3034 3347 τῶν
3072 3294 3154 3356 είς
3195 3292 3351 3346 τοῦτο
3379 3291 3524 3345 δεδο-

1936 3382 2291 3454 κιμασμένων
2339 3383 2457 3448 πῶς
2499 3384 2766 3458 διορθωθῇ
2792 3385 2904 3458 (14)
2951 3387 2982 3439 ὁ
3020 3386 3397 3457 ήμαρτηκώςο
3428 3386 3523 3437 καὶ

1935 3475 2096 3529 πάλιν
2130 3477 2260 3530 ὅταν
2297 3479 2456 3549 χρεία
2495 3479 2719 3550 γένηται
2763 3478 3170 3550 ἀσφαλίσασθαι
3208 3494 3359 3540 τινας
3395 3477 3521 3540 τοὺς

1934 3567 1993 3635 ἐξ
2034 3568 2259 3636 ἀγνοίας
2295 3569 2625 3640 δυναμένους
2661 3571 2922 3636 πολλάκις
2963 3570 3401 3641 συναναμιγῆναι
3441 3567 3522 3639 τῷ

1934 3657 2089 3728 κακῷ
2119 3657 2194 3722 ὡς
2217 3659 2386 3730 καλῷ,
2414 3661 2507 3715 τοῦ
2544 3663 2866 3717 Ἀποστόλου
2917 3662 3412 3735 παραγγέλλοντος,
3442 3661 3520 3733 μὴ

1936 3751 2435 3821 συναναμίγνυσθαι
2461 3739 2585 3818 ’τοῖς
2632 3754 2914 3820 τοιούτοις,
2957 3757 3032 3826 μή
3080 3771 3212 3807 ποτε
3258 3753 3397 3825 λάϐῃ
3436 3769 3522 3816 τις

1935 3841 2162 3913 βρόχους
2188 3845 2256 3915 τῇ
2287 3844 2480 3898 ἑαυτοῦ
2505 3844 2672 3918 ψυχῇ.
2699 3847 2873 3920 Ὅπερ
2894 3848 3220 3920 εὑρίσκομεν
3245 3847 3336 3900 τὸν
3355 3846 3520 3898 αὐτὸν

1946 3933 2268 3987 Ἀπόστολον
2307 3937 2646 4008 πεποιηκότα
2686 3937 2755 3991 δι’
2784 3929 2858 3992 ὧν
2892 3939 3094 4008 γράφει
3138 3936 3408 4009 Τιμοθέῳ,
3434 3937 3519 3989 δτι

1943 4024 2330 4094 Ἀλέξανδρος
2368 4030 2402 4081 ὁ
2441 4029 2704 4096 χαλκεὺς
2729 4031 2932 4084 πολλά
2980 4048 3083 4101 μοι
3115 4029 3270 4084 κακὰ
3298 4028 3519 4082 ἐνεδεί-

1932 4113 2097 4180 ξατο,
2129 4114 2202 4168 ὃν
2229 4117 2328 4170 καὶ
2359 4117 2441 4170 σὺ
2473 4118 2801 4187 φυλάσσου
2820 4136 2834 4150 ο
2867 4121 3011 4174 λίαν
3037 4121 3147 4190 γὰρ
3180 4120 3519 4187 ἀνθέστηκε

1930 4208 2055 4274 τοῖς
2105 4208 2415 4279 ἡμετέροις
2474 4212 2699 4280 λόγοις.
2764 4213 2953 4277 Ἐκτὸς
3003 4213 3059 4266 δὲ
3109 4213 3206 4282 τῆς
3263 4209 3519 4280 τοιαύτης

1929 4299 2174 4372 ἀνάγκης
2209 4301 2239 4352 ό
2281 4301 2454 4370 λέγων
2484 4321 2538 4357 τι
2563 4304 2706 4358 κατά
2748 4323 2913 4370 τινος,
2946 4307 3031 4359 ἵνα
3058 4304 3189 4359 αὐτὸ
3213 4302 3373 4356 τοῦτο
3401 4301 3519 4353 δια-

243 4393 306 4440 ιιι
335 4384 572 4456 ἰυίρειιιιι
610 4389 953 4450 criminetur,
988 4401 1080 4446 aut
1113 4392 1244 4448 vitio
1275 4403 1477 4462 vertat,
1521 4399 1824 4458 maledicus

1942 4389 2152 4463 5άλῃ,ἢ
2196 4392 2449 4465 διασύρῃ,
2490 4394 2792 4460 κατάλαλός
2833 4398 2972 4462 ἐστι,
3015 4395 3119 4450 κᾶν
3157 4391 3356 4464 ἀληθὲς
3385 4386 3421 4466 ᾗ
3455 4391 3517 4442 τδ

241 4483 328 4532 est
383 4486 437 4532 et
488 4479 840 4547 obtrectator,
907 4483 1127 4538 tametsi
1175 4500 1364 4540 verum
1415 4497 1499 4543 est
1543 4490 1689 4560 quod
1737 4492 1823 4546 di-

240 4570 405 4625 citur.

1933 4483 2240 4555 λεγόμενον.

312 4775 359 4808 ⁸⁸
393 4775 594 4849 Ephes.
629 4793 703 4846 tv,
731 4778 823 4834 29.
895 4780 940 4812 ⁸⁷
980 4779 1177 4852 Ephes.
1214 4798 1273 4847 ιι,
1304 4782 1394 4840 50.
1470 4784 1517 4816 ⁸⁸
1553 4783 1712 4843 Joan.
1749 4798 1834 4856 Ix,

1942 4799 1965 4844 ι.
2040 4788 2087 4821 ⁸⁸
2126 4787 2170 4843 ll
2201 4790 2398 4849 Thess.
2443 4809 2526 4857 In,
2565 4793 2653 4850 14.
2729 4793 2774 4826 ’⁸
2813 4792 2851 4847 ll
2889 4792 3030 4848 Tim.
3069 4808 3142 4855 tv,
3182 4791 3264 4850 14.

321 4982 425 5057 (10)
476 4983 848 5060 Veteresduo
894 4987 1020 5060 libri
1065 4989 1450 5060 οἰκονομεῖται,
1492 4992 1614 5046 οὐκ.
1665 4991 1825 5050 Alius

242 5073 347 5111 ms.
373 5056 427 5112 et
454 5056 1216 5130 vulgatilibrimixooopﬁrat,
1247 5056 1366 5114 οὐκ.
1397 5060 1455 5115 In
1488 5060 1624 5130 Reg.
1659 5065 1826 5118 tertio

240 5136 535 5196 utrumque
568 5128 792 5182 verbum
835 5128 1210 5198 positum’est,
1242 5128 1596 5204 οίκοδομῆταῐ
1634 5149 1695 5186 τε
1729 5134 1825 5188 καὶ

240 5197 610 5250 οἰκοδοιιῆται.

239 5213 610 5251 οικοοοιιηται.

628 5267 737 5321 duo
762 5282 897 5347 mss.
929 5282 1054 5322 cum
1079 5267 1240 5324 Voss.
1266 5270 1620 5344 οἰκονομῆσαι
1643 5272 1703 5327 τὸ
1722 5276 1825 5399 ξη-

275 5337 353 5392 ἐν.
384 5339 542 5393 Alius
565 5353 668 5392 ms.
699 5347 754 5392 et
776 5337 908 5393 editi
931 5339 1284 5399 οἰκοδομῆσαι
1313 5360 1327 5395 :
1353 5357 1589 5399 auorum
1623 5359 1719 5398 ver
1759 5360 1822 5399 0-.

240 5336 353 5392 θέν.
384 5336 668 5411 Aliusms.
699 5347 754 5392 et
776 5337 908 5393 editi
931 5339 1284 5411 οἰκοδομῆσαι
1313 5360 1327 5395 :
1353 5336 1589 5411 quorum
1623 5336 1822 5399 verbo;-

241 5422 362 5479 rum
400 5423 524 5462 cum
557 5409 786 5462 alterum
823 5411 1067 5464 occurrit
1107 5409 1308 5466 inuno
1345 5409 1556 5479 codice,
1583 5413 1818 5468 alterum

242 5478 356 5533 fere
381 5480 436 5532 in
469 5479 578 5532 alio
603 5492 897 5533 occurrere
930 5480 1091 5534 solet.

313 5548 428 5624 (αὶ
449 5548 630 5624 Οοόθιι
658 5546 819 5604 Voss.
851 5556 906 5624 e_t
931 5547 1086 5624 Qolb.
1111 5551 1391 5624 καὶτοῦτο
1421 5553 1690 5624 ἐπήγαγε.
1714 5553 1823 5624 lbi-

239 5618 365 5693 dcm
396 5618 525 5690 Reg.
547 5621 756 5693 prim‘us
777 5628 831 5693 et
852 5619 1009 5693 (1911)τ
1043 5623 1152 5693 Καὶ
1170 5622 1245 5693 μὴ
1267 5618 1572 5693 λυπεῖτείτδ
1596 5618 1822 5693 Πνεῦμα

237 5689 301 5745 τὸ
329 5682 503 5760 ἆγιον’
529 5682 626 5744 τοῦ
669 5688 833 5743 Θεοῦο
865 5682 927 5742 οὗ
954 5691 1008 5744 τί
1052 5692 1119 5747 ἂν
1147 5682 1358 5761 γένοιτο
1391 5692 1574 5765 μεῖξον
1619 5682 1818 5762 κακόν;

1933 4995 2162 5068 Reliqua
2190 4999 2246 5053 in
2276 4998 2517 5068 _duobus
2562 5000 2648 5055 his
2689 5015 2826 5056 mss.
2859 5000 3075 5057 desunt.
3108 4998 3291 5056 Codex
3347 4997 3512 5058 Voss.

1929 5067 2054 5122 ὅσον
2072 5064 2204 5122 ’ἐστὶ
2245 5064 2368 5123 οὗτε
2407 5069 2723 5141 ἂννγένοιτο
2747 5071 2953 5141 μεῖζον
2997 5070 3194 5136 κακόν;
3221 5085 3321 5125 nec
3353 5071 3485 5140 quid

1930 5141 2365 5212 quamkamplius
2399 5140 2542 5212 eoin
2575 5142 2716 5212 libro
2745 5140 2963 5212 legitur.
2987 5141 3121 5212 Reg.
3152 5142 3430 5212 secundus
3457 5149 3507 5196 et

1929 5207 2085 5290 editi,
2102 5207 2312 5290 Καῖμὴ
2342 5210 2615 5290 λυπῆτε...
2643 5207 2946 5280 ἆγιονᾞσον
2963 5207 3097 5277 ἐστί,
3114 5221 3219 5268 etc.
3243 5209 3376 5282 Reg.
3403 5220 3507 5265 ter-

1932 5283 2040 5332 tius
2068 5288 2127 5333 ut
2156 5283 2212 5334 in
2242 5288 2523 5336 contextu.

2001 5350 2820 5423 (ιδ-ὶίῐὶθεηρι-ἰιιιιιε-θῑγοδς.
2850 5350 3152 5423 ἡγούμεθα.
3196 5349 3318 5423 Mox
3365 5365 3506 5405 unus

1927 5419 2034 5474 ms.
2073 5419 2250 5486 ἔξεστι
2287 5419 2488 5476 λαλεῖν.
2539 5421 2742 5477 Ibidem
2773 5419 2882 5475 duo
2902 5419 3041 5477 ‘ms‘s.
3073 5437 3197 5477 cum
3227 5420 3387 5476 Voss.
3417 5423 3508 5474 ὅτε

1926 5490 2142 5564 ἀνάγκη
2191 5491 2562 5564 βουλεύεσθαι.
2601 5492 2767 5555 Editi,
2800 5493 2882 5544 ὅτι
2914 5493 3180 5564 ἀνάγκην,
3223 5501 3331 5548 etc.
3367 5489 3508 5562 Reg.

1927 5562 2125 5617 tertius
2151 5571 2206 5616 et
2229 5561 2476 5621 Combel‘.
2507 5564 2597 5615 ὅτε
2627 5565 2890 5631 ἀνάγκην,
2926 5569 3032 5617 etc.

2002 5631 2114 5705 (ιι)
2147 5631 2303 5689 Unus
2332 5648 2436 5690 ms.
2478 5634 2626 5698 ὅπως
2653 5631 2919 5704 διορθωθῇ
