3948 6240
435 337 570 395 1101

967 452 1302 511 ΕΡΩΤΗΣΙΣ
1342 453 1482 519 KG".

447 566 511 617 Ὀ
541 564 901 618 καταλαλῶν
933 566 1221 636 ἀδελφοῦ,
1258 566 1297 634 ἢ
1332 565 1567 620 ἁκούων
1604 560 2025 636 κατακαλοῦν-

598 651 701 701 τος
740 637 836 688 καὶ
877 635 1261 706 ἀνεχόμενος,
1290 638 1457 702 τίνος
1488 635 1659 688 ἐστὶν
1683 635 1872 699 ἄξιος.

1035 749 1428 805 ΑΠΟΚΡΙΣΙΣ.

523 847 854 920 Ἀφορισμοῦ
912 845 1007 899 καὶ
1073 843 1392 915 ἀμφότεροι.
1437 839 1546 895 Τὸν
1766 841 2026 892 καταλα-

440 940 669 994 λοῦντα
717 939 910 1008 λάθρα
963 932 1069 990 τοῦ
1120 938 1390 1002 πλησίον
1430 933 1641 997 αὑτοῦ,
1682 931 1897 985 τοῦτον
1926 930 2025 994 ἐξη-

439 1033 709 1087 εδίωκον.
744 1032 856 1085 Καὶ
902 1029 1135 1099 ἀλλαχοῦ
1182 1028 1423 1099 εἴρηται·
1464 1026 1562 1094 Μὴ
1617 1023 1805 1093 ἡδέως
1845 1022 2027 1076 ἄκουε

440 1124 950 1188 καταλαλοῦντος,
990 1122 1092 1175 ἵνα
1118 1119 1203 1190 μὴ
1232 1118 1512 1187 ἐξαρθῇς.

978 1234 1316 1289 ΕΡΩΤΗΣΙΣ
1354 1235 1483 1287 KZ’.

454 1331 593 1386 Ἐὰν
612 1330 681 1384 δὲ
709 1330 815 1385 τοῦ
854 1322 1229 1397 προεστῶτος
1248 1322 1682 1397 νκιιταηλαλήσῃ,
1714 1320 1839 1386 πῶς
1867 1319 2027 1386 αὐτῷ

1036 1396 1435 1465 προσέξομεν.

1034 1506 1425 1561 ΑΠΟΚΡΙΣῘΣ.

510 1601 746 1674 Φανερὸν
782 1599 939 1655 τοῦτο
988 1600 1102 1670 (15)
1156 1598 1218 1652 τὸ
1269 1600 1444 1668 κρῖμα
1477 1599 1542 1650 ὲκ
1584 1598 1684 1668 τῆς
1722 1598 1891 1669 ὀργῆς
1931 1595 2026 1651 τοῦ

440 1696 597 1759 Θεοῦ,
620 1696 718 1766 τῆς
743 1694 835 1746 ἐπὶ
852 1693 1105 1764 Μαριὰμ,
1148 1692 1310 1763 ἡνίκα
1349 1690 1683 1759 κατελάλησε
1725 1688 2025 1753 Μωῦσὲως,

440 1785 508 1860 ἦς
560 1787 619 1840 τὸ
667 1786 991 1857 ἁμάρτημα,
1034 1784 1156 1837 οὐδὲ
1204 1781 1368 1837 αὐτοῦ
1416 1780 1699 1845 Μωῦσέως
1747 1781 2024 1853 δεομένου,

441 1879 794 1950 ἀνεκδίκητον
818 1878 1033 1948 ἀφῆκεν
1059 1878 1087 1929 ὁ
1110 1875 1261 1939 Θεὸς.

976 1987 1313 2042 ΕΡΩΤΗΣΙΣ
1356 1987 1490 2040 KH'.

455 2078 595 2134 ’.ξ’ἀν
623 2099 714 2147 τις
747 2079 1082 2149 θρασυτέρᾳ
1131 2079 1301 2149 φωνῇ
1342 2079 1437 2133 καὶ
1473 2077 1706 2149 ῥήμασι
1739 2074 2029 2149 θρασέοςιν

512 2146 907 2218 ἀποκρίνὴται
957 2146 1094 2212 τίνι,
1134 2146 1233 2203 καὶ
1271 2148 1685 2218 ὑπομνησθεὶς
1722 2146 1891 2218 λέπη,
1937 2146 2029 2218 ὅτι

510 2214 991 2302 οὐδὲνκπόντψὸν
1018 2220 1137 2290 ἔχω
1163 2222 1234 2274 ἐν
1272 2218 1349 2288 τῇ
1384 2214 1616 2288 καρδίᾳ,
1641 2218 1703 2271 si
1749 2216 1843 2271 δεῖ
1869 2214 2029 2293 αυτῷ

513 2306 859 2347 πιστευσαι.

1041 2381 1434 2436 ΑΠΟΚΡΙΣΙΣ.

514 2473 588 2525 Οὐ
626 2472 805 2526 πάντα
843 2472 912 2526 τὰ
953 2473 1098 2544 πάθη
1144 2473 1243 2543 τῆς
1286 2474 1465 2544 ψυχῆς
1510 2472 1721 2544 φανερὰ
1758 2471 1877 2525 ἐστι
1919 2474 2032 2535 τοῖς

443 2565 629 2626 πᾶσιν,
652 2564 773 2618 οῦτε
806 2565 958 2636 αὐτῷ
993 2564 1071 2637 τῷ
1095 2566 1378 2637 πάσχοντι,
1410 2567 1484 2629 ὡς
1531 2565 1651 2620 οὐδὲ
1687 2565 1756 2619 τὰ
1798 2564 1891 2618 τοῦ
1937 2566 2034 2619 σώ-

446 2673 633 2726 ματος.
662 2657 872 2729 Ὥσπερ
898 2652 989 2711 οῦν
1023 2658 1115 2710 ἐπὶ
1142 2657 1233 2711 τοῦ
1283 2656 1533 2729 σώματος
1578 2659 1629 2710 οἱ
1671 2659 2034 2730 ἐπιστήμονες

445 2750 647 2819 σημεῖα
692 2749 875 2820 ἔχουσί
923 2767 1047 2804 τινα
1094 2750 1203 2805 τῶν
1248 2749 1645 2822 κεκρυμμένων
1687 2749 1894 2815 παθῶν,
1939 2752 2035 2805 καὶ

446 2843 751 2911 φευγόντων
800 2844 899 2915 τὴν
938 2844 1193 2917 αἴσθησιν
1231 2845 1324 2899 τοῦ
1380 2846 1709 2919 πάσχοντος
1758 2846 1901 2900 οῦτω
1941 2848 2035 2900 καὶ⁴

447 2934 537 2986 Ξπὶ
568 2935 669 3005 τῆς
710 2936 910 3007 ψυχῆς,
953 2938 1057 2992 κᾶν
1108 2937 1182 3010 μὴ
1231 2937 1557 3010 αἰσθάνηται
1604 2936 1697 2991 τοῦ
1746 2939 1878 2993 ἰδίου
1925 2939 2033 2993 πά-

447 3025 576 3090 θους
609 3027 720 3099 (16)
748 3030 776 3082 ὁ
805 3031 1155 3103 ἁμαρτάνων,
1185 3033 1461 3086 πιστεύειν
1488 3032 1568 3086 δεῖ
1593 3032 1673 3103 τῷ
1697 3034 1909 3105 Κυρίῳ,
1941 3034 2037 3088 καὶ

448 3118 607 3172 αὐτὸν
654 3120 748 3174 καὶ
791 3122 918 3185 τοὺς
964 3123 1081 3193 μετ’
1121 3123 1286 3177 αὐτοῦ
1325 3124 1842 3198 διαϐεϐαιωσαμένῳ
1892 3127 2029 3198 (17),

448 3212 527 3263 ὅτι
570 3213 599 3264 ὁ
636 3214 873 3285 πονηρὸς
909 3214 1195 3286 ἄνθρωπος
1232 3219 1297 3269 ἐκ
1340 3216 1435 3270 τοῦ
1486 3219 1723 3291 πονηροῦ
1753 3218 2028 3291 θησαυροῦ

452 3302 543 3373 τῆς
571 3305 799 3376 καρδίας
826 3307 992 3360 αὐτοῦ
1030 3309 1293 3380 προφέρει
1325 3309 1395 3362 τὰ
1427 3312 1659 3383 πονηρά.
1698 3311 1756 3365 Ὀ
1798 3313 1896 3383 μὲν
1923 3314 2030 3385 γὰρ

450 3392 616 3457 κακὸς
640 3395 844 3463 ἀγαθόν
871 3414 924 3450 τι
950 3398 1155 3470 ρῆμαῆ
1190 3401 1422 3471 πρᾶγμα
1465 3401 1726 3465 πολλάκις
1762 3403 1858 3456 καὶ
1900 3422 2032 3475 σχη-

451 3486 756 3555 ματίζεταισ
779 3488 869 3542 τὸν
890 3490 947 3543 δὲ
962 3491 1164 3559 ἀγαθὸν
1185 3492 1295 3563 (18)
1326 3494 1765 3564 σχηματίσασθαί
1782 3515 1833 3550 τι
1862 3498 2031 3551 κακὸν

451 3578 749 3649 ἀμήχανον.
772 3584 1208 3653 Ηρονοούμενοι
1225 3586 1334 3654 γὰρ
1352 3586 1529 3647 καλὰ,
1552 3586 1738 3656 φησὶν,
1758 3591 2032 3657 οὺμόνον

448 3667 702 3726 ἐνώπιον
729 3675 973 3742 Κυρίου,
997 3676 1158 3730 ἀλλὰ
1189 3676 1289 3730 καὶ
1325 3677 1583 3733 ἐνώπιον
1605 3679 1948 3748 ἀνθρώπων.

994 3789 1327 3843 ΕΡΩΤΗΣῙΣ
1376 3792 1505 3845 ΚΘ’.

614 3879 770 3943 Ποίῳ
796 3879 994 3949 τρόπῳ
1018 3880 1253 3951 δυνηθῇ
1284 3900 1373 3949 τις
1397 3884 1483 3951 μὴ
1512 3886 1861 3953 ὀργίζεσθαι.

521 4057 530 4081 ⁸
1040 3994 1437 4051 ΑΠΟΚΡΙΣΙΣ.

536 4082 659 4136 Ἐὰν
686 4083 819 4139 Θεὸν
850 4086 1093 4157 ὲπὸπτην
1125 4127 1139 4151 ,
1198 4087 1292 4140 καὶ
1319 4087 1410 4140 τὸν
1439 4088 1643 4159 Κύριον
1668 4091 1913 4160 παρόντα
1943 4108 2031 4143 εν-

463 4174 800 4246 ιπτρίζεσθαι
817 4176 1014 4248 ἡγῆται
1037 4178 1141 4231 ἀεί.
1161 4178 1257 4241 Τίς
1272 4178 1382 4251 γὰρ
1400 4179 1641 4251 ὑπήκοος
1664 4183 1720 4233 ἐν
1735 4181 2031 4252 ὀφθαλμοῖς

458 4264 708 4336 ἄρχοντός
759 4285 892 4321 ποτε
942 4269 1258 4341 κατατολμᾷ
1300 4290 1445 4336 τινος
1483 4272 1595 4327 τῶν
1647 4274 1722 4345 μὴ
1768 4275 2024 4344 ἀρεσκόν-

462 4371 560 4409 εων
606 4357 756 4428 αὺτῷ
793 4357 942 4428 (l9);
983 4360 1093 4412 Kal.
1145 4360 1239 4413 ἐὰν
1294 4362 1368 4432 μὴ
1418 4363 1709 4434 ἐκδέκηται
1750 4366 1845 4436 τὴν
1901 4368 2030 4438 παρ’

458 4445 654 4518 ἑτέρων
685 4448 794 4521 (20)
822 4449 1069 4520 ὑπακοὴν
1094 4492 1109 4517 ,
1141 4452 1256 4505 ἀλλ’
1288 4453 1451 4518 αὐτὸς
1487 4456 1625 4527 πρὸς
1653 4456 1901 4528 ὑπακοὴν
1928 4476 2031 4512 πα-

1530 329 1834 388 ῐῖΕϐυιιίΕ
1876 325 2182 382 BREVIUS
2219 324 2649 379 TRACTATXE.

2054 450 2102 506 A

3575 319 3712 374 ΙΙοΞ

2441 443 2607 516 424
2645 440 3161 497 ΙΝΤΕΒΒΟΟᾹΤΙΟ
3210 440 3303 494 XX
3317 439 3379 494 VI

2131 559 2236 625 Qui
2260 559 2490 612 detrahit
2524 559 2704 625 fratri,
2733 558 2809 612 vel
2840 558 2991 611 audit
3020 557 3378 612 detrahentem
3409 564 3458 610 et
3480 555 3710 612 tolerat:

2423 645 2527 701 qua
2582 629 2773 699 dignus
2826 638 2904 684 est
2948 628 3421 682 animadversione.

2713 744 3123 800 RESPONSIO.

2202 841 2503 911 Sepnrnndi
2530 850 2657 895 sunt
2678 841 2839 895 ambo
2862 856 2893 895 a
2920 842 3257 909 reliquorum
3287 838 3567 895 societate.
3606 838 3713 892 De-

2130 934 2424 987 trahentem
2457 936 2596 987 enim
2628 943 2827 988 secreto
2849 934 3094 1001 proximo
3114 949 3232 997 suo,
3263 932 3398 985 hunc
3434 947 3710 1001 perseque-

2131 1027 2225 1078 bar
2274 1028 2342 1081 ⁹¹.
2401 1025 2467 1079 Et
2511 1026 2640 1081 alibi
2708 1026 2913 1081 dictum
2960 1032 3089 1081 est:
3136 1023 3508 1079 Detrahentem
3544 1025 3711 1079 nolito

2129 1120 2351 1174 libenter
2372 1118 2579 1183 audire,
2611 1136 2673 1173 ne
2702 1119 2955 1173 evertaris
2987 1120 3050 1174 ⁹².

2523 1227 3043 1286 INTERROGATIO
3098 1226 3313 1285 XXVII.

2131 1323 2194 1380 Si
2240 1341 2362 1380 vero
2402 1323 2649 1379 detrahat
2696 1325 2813 1447 qui:
2864 1322 3133 1445 erfecto,
3164 1319 3441 1393 [quomodo
3480 1317 3581 1388 ipsi
3624 1323 3711 1371 at-

2804 1411 2865 1447 en
2906 1410 3073 1447 emus.

2804 1410 3073 1448 enaemus.

2730 1504 3115 1561 RESPONSIO

2201 1598 2475 1655 Judicium
2528 1598 2662 1654 illud
2720 1599 3072 1654 manifestum
3132 1604 3219 1653 est
3247 1613 3316 1652 ex
3361 1596 3443 1651 ira
3485 1595 3578 1653 Dei
3613 1597 3712 1651 ad-

2131 1708 2351 1748 versum
2397 1691 2645 1757 Mariam,
2698 1691 2919 1761 quando
2971 1690 3039 1745 de
3080 1688 3265 1760 Moyse
3298 1690 3555 1744 oblocuta
3588 1698 3709 1757 est,

2131 1784 2290 1854 cujus
2322 1792 2607 1855 peccatum
2642 1781 2807 1846 Deus,
2852 1798 2920 1838 ne
2941 1782 3062 1853 ipso
3096 1782 3316 1854 quidem
3346 1781 3549 1854 iMoyse
3586 1797 3715 1853 pre-

2129 1884 2312 1940 cante,
2345 1875 2583 1931 inultum
2607 1874 2832 1945 reliquit
2859 1874 2927 1927 ”.

2506 1985 3031 2043 INTERROGATIO
3076 1984 3317 2042 XXVIII.

2129 2081 2191 2138 Si
2212 2083 2327 2148 quis
2363 2099 2482 2138 voce.
2511 2082 2816 2137 audaciora.
2840 2091 2891 2136 et
2919 2080 3085 2135 verbis
3109 2078 3471 2148 petulantibus
3497 2094 3715 2148 respon-

2237 2164 2321 2207 eat
2345 2155 2531 2219 alicui,
2565 2164 2615 2207 et
2648 2154 2713 2209 de
2740 2154 2835 2207 hoc
2860 2151 3313 2220 commonefactus
3339 2151 3486 2220 dicat
3512 2165 3530 2203 :
3558 2149 3713 2203 Nihil

2200 2224 2333 2351 νηῒς
2390 2226 2519 2279 mihi
2572 2235 2653 2279 est
2706 2226 2765 2279 in
2813 2222 3010 2288 corde,
3057 2219 3174 2277 eine
3222 2221 3354 2293 ﬁdes
3412 2219 3715 2275 adhibenda

2197 2310 2253 2349 es

2717 2381 3130 2439 RESPONSIO.

2200 2474 2320 2531 Non
2355 2477 2538 2533 omnia
2566 2477 2734 2531 animi
2766 2477 2899 2531 vitia
2932 2475 3223 2531 manifesta
3265 2479 3395 2529 sunt
3432 2472 3713 2538 omnibus,

2132 2585 2203 2625 ne
2229 2571 2279 2625 ei
2311 2571 2553 2642 quidem,
2582 2570 2676 2640 qui
2705 2570 2789 2625 bis
2815 2570 3091 2625 obnoxius
3116 2574 3224 2632 est,
3253 2563 3714 2636 quemadmodum

2133 2665 2404 2736 contingit
2451 2672 2506 2720 et
2555 2666 2609 2719 in
2653 2679 2902 2735 corpore.
2942 2663 3016 2720 Ut
3053 2661 3222 2733 igitur
3266 2661 3321 2715 in
3354 2674 3585 2729 corpore
3612 2659 3716 2713 ha-

2134 2773 2255 2813 rum
2285 2772 2466 2813 rerum
2502 2756 2662 2827 periti
2695 2757 2850 2827 signa
2876 2754 3127 2826 quaedam
3164 2752 3367 2808 habent
3392 2751 3715 2807 morborum

2135 2850 2500 2911 occultorum,
2534 2857 2588 2905 et
2629 2850 2722 2921 qui
2767 2848 2945 2918 ipsius
2976 2846 3106 2919 aegri
3150 2861 3373 2903 sensum
3407 2844 3713 2915 elTugiunt:

2136 2946 2209 2999 ita
2241 2952 2295 3001 et
2321 2944 2375 2998 in
2403 2944 2608 3004 animo,
2642 2942 2746 2998 etsi
2775 2957 2935 2997 suum
2967 2941 3144 3013 ipsius
3174 2940 3427 2995 morbum
3453 2952 3563 2993 non
3592 2953 3718 2994 sen-

2135 3037 2202 3089 tit
2232 3035 2325 3105 qui
2362 3040 2573 3103 peccat,
2607 3032 2743 3087 ﬁdes
2776 3041 2959 3086 tamen
3014 3030 3265 3085 habenda
3319 3037 3405 3084 est
3460 3026 3714 3089 Domino,

2136 3130 2228 3199 qui
2255 3134 2310 3183 et
2340 3126 2492 3193 huic,
2522 3134 2579 3182 et
2609 3125 2677 3180 iis
2700 3126 2795 3195 qui
2825 3139 2950 3179 cum
2982 3122 3102 3193 ipso
3128 3128 3280 3185 sunt,
3308 3120 3574 3184 declarat,
3598 3133 3720 3173 ma-

2136 3225 2246 3279 lum
2295 3222 2573 3277 hominem
2620 3236 2687 3275 ex
2734 3220 2880 3275 malo
2928 3218 3115 3274 cordis
3160 3216 3243 3273 sui
3276 3216 3537 3272 thesauro
3573 3214 3718 3269 mala

2132 3318 2399 3387 proferre.
2454 3315 2668 3370 Etenim
2724 3314 2819 3385 qui
2855 3312 3032 3368 maius
3080 3320 3185 3376 est,
3238 3311 3441 3366 bonum
3490 3307 3718 3379 aliquod

2137 3402 2364 3457 verbum
2396 3408 2491 3454 aut
2516 3399 2721 3453 factum
2747 3413 2889 3467 saepe
2916 3396 3083 3451 etiam
3122 3395 3383 3450 simulat:
3415 3396 3590 3449 bonus
3621 3408 3717 3448 ve-

2133 3510 2197 3549 ro
2239 3493 2371 3548 mali
2418 3491 2627 3562 aliquid
2679 3490 2941 3546 simulare
2976 3503 3083 3543 non
3127 3495 3329 3558 potest.
3376 3484 3715 3540 Providentes

2132 3589 2271 3641 enim
2302 3586 2458 3650 bona,
2488 3585 2688 3655 inquit,
2729 3602 2833 3639 non
2867 3592 3078 3637 tantum
3117 3598 3298 3637 coram
3335 3579 3582 3644 Domino,
3625 3576 3718 3632 sed

2132 3679 2293 3728 etiam
2326 3691 2505 3727 coram
2534 3673 2836 3728 hominibus
2871 3673 2938 3727 9".

2561 3785 3080 3842 INTERROGATIO
3126 3784 3321 3839 XXIX.

2419 3880 2694 3948 Quomodo
2722 3881 2889 3950 possit
2922 3880 3038 3951 quis
3068 3895 3172 3933 non
3201 3878 3382 3932 irasci.

2694 3987 3106 4045 RESPONSIO.

2209 4084 2264 4137 Si
2324 4085 2392 4139 ab
2424 4084 2737 4155 inspectore
2767 4083 2878 4139 Deo
2914 4091 2969 4138 et
2993 4097 3024 4136 a
3067 4079 3299 4138 Domino
3349 4088 3624 4153 praesente
3652 4095 3715 4137 se

2136 4193 2350 4248 semper
2380 4177 2626 4247 conspici
2680 4183 2858 4247 putet.
2911 4174 3050 4242 Quis
3097 4176 3242 4231 enim
3275 4174 3556 4246 subjectus
3614 4190 3717 4229 un—

2134 4285 2299 4341 quam
2343 4269 2400 4324 in
2435 4269 2700 4341 principis
2744 4269 2919 4324 oculis
2956 4269 3255 4339 quidquam
3303 4267 3468 4323 audet
3499 4282 3714 4329 eorum,

2134 4378 2255 4432 qua:
2303 4362 2408 4432 ipsi
2447 4377 2554 4416 non
2602 4361 2863 4432 placent?
2915 4358 3031 4417 Etsi
3073 4376 3183 4416 non
3214 4367 3494 4431 exspectet
3552 4357 3718 4431 425

2137 4457 2208 4511 ab
2267 4456 2391 4511 aliis
2429 4455 2821 4522 obedientiam,
2879 4454 3000 4526 ipse
3031 4466 3210 4510 tamen
3261 4460 3599 4525 praeparetur
3647 4444 3714 4508 aii

458 4516 855 4607 ρασκευάζηται
877 4578 892 4603 ,
922 4516 1131 4604 πάντας
1164 4516 1467 4611 ἡγούμενος
1501 4516 1868 4616 ὑαερέχοντας
1903 4548 2026 4600 ἐαυ-

2144 4546 2646 4617 obtemperandum,
2706 4556 2863 4603 ratus
2921 4564 2980 4603 se
3013 4548 3082 4602 ab
3136 4547 3396 4603 omnibus
3445 4544 3715 4615 superari.

463 4626 567 4681 τοῦ.
599 4629 660 4681 Ei
696 4629 795 4699 μὲν
825 4630 935 4702 γὰρ
974 4632 1111 4703 πρὸς
1141 4632 1237 4703 τὴν
1278 4634 1474 4688 ἑαυτοῦ
1519 4637 1709 4707 χρείαν
1766 4638 1866 4708 τὴν
1930 4638 2032 4692 ὑπ-

461 4719 622 4790 ικοὴν
655 4720 920 4792 ἐπιζητεῖ,
950 4724 1285 4791 γινωσκέτω,
1325 4726 1406 4779 ὃτι
1438 4725 1467 4777 ὁ
1504 4726 1660 4795 λόγος
1693 4727 1788 4779 τοῦ
1822 4730 2029 4800 Κυρίου

521 4878 565 4910 ’⁸
606 4876 751 4934 Psal.
785 4893 850 4943 ο,
885 4879 939 4934 5.
1013 4881 1059 4911 θ’
1097 4879 1257 4936 Prov.
1299 4897 1401 4947 xx,
1438 4882 1524 4939 13.

525 4993 642 5065 (15)Δ
655 4990 877 5065 Veteres
891 4992 1000 5065 duo
1015 4993 1163 5058 libri,
1181 4996 1418 5065 Φανερὸν
1443 4997 1618 5051 τοῦτο.
1639 4998 1794 5053 Alius
1805 5006 1859 5053 et
1870 5000 2023 5063 editi,

463 5062 689 5133 bavepbv
714 5062 1001 5118 καὶτοῦτο.
1036 5062 1335 5136 Aliquanto
1363 5075 1486 5136 post
1509 5066 1639 5138 Reg.
1671 5070 1905 5138 primus,
1930 5062 2028 5139 ἁφὲ

463 5152 586 5186 ηκεν
619 5134 645 5185 ὁ
677 5132 897 5186 Κύριος.

460 5152 586 5203 ηκεν
619 5150 645 5185 o
676 5150 897 5203 twpwg.

554 5204 637 5272 16)
669 5202 801 5273 Reg.
838 5205 1045 5272 primus
1068 5203 1162 5258 τοῦ
1193 5206 1393 5260 οἰκείου
1421 5208 1648 5271 πάθους.

552 5274 637 5349 17)
668 5274 809 5349 F.d_iti
836 5273 914 5344 τῷ
946 5276 1155 5349 κυρίῳ,
1180 5277 1275 5349 καὶ
1297 5279 1423 5340 τοὺς
1448 5280 1563 5349 μετ’
1603 5278 1767 5349 αὐτοῦ
1797 5279 2027 5348 βεϐαιωο

461 5342 695 5416 suam.
721 5342 854 5412 Reg.
884 5342 1082 5400 tertius
1109 5342 1164 5401 et
1184 5346 1341 5402 Voss.
1361 5342 1460 5411 ita,
1472 5357 1529 5401 ut
1562 5342 1851 5403 edidimus.
1871 5348 2026 5416 Quod

460 5416 638 5491 statim
664 5415 717 5467 in
744 5416 975 5491 vulgatis
993 5418 1259 5486 sequitur,
1286 5417 1563 5491 θησαυροῦ
1585 5417 1750 5471 αὐτοῦ
1774 5420 1873 5489 τῆς
1894 5415 2027 5491 καρ-

461 5485 591 5559 δίας,
643 5487 1019 5559 perturbatum
1050 5485 1171 5542 est:
1207 5488 1302 5543 sed
1345 5485 1575 5559 quinque
1609 5504 1712 5544 vox
1749 5485 1850 5545 suo
1906 5485 2027 5545 loco

458 5558 633 5627 posita
664 5563 751 5627 est
778 5570 845 5627 ex
876 5556 1030 5627 libris
1061 5558 1323 5627 antiquis.

526 5625 638 5700 (ιβ)
668 5624 809 5678 Editi
840 5626 1069 5700 πρᾶγμα
1100 5624 1379 5700 πολλᾴκις,
1406 5630 1453 5700 εί
1486 5629 2025 5700 καὶᾼσχηματίζεται,

464 5696 515 5776 νῦ
539 5695 758 5776 δῦνιαται
781 5695 1098 5776 -προῖεσθαι,
1127 5698 1215 5750 τὸν
1329 5699 1547 5776 ἀγαθόν.
1577 5695 1756 5776 Codex
1777 5701 2021 5776 Combel'.

462 5775 510 5819 et
547 5765 702 5822 Colb.
737 5774 796 5820 ut
839 5765 893 5819 in
934 5776 1211 5821 contextu.
1247 5768 1356 5823 Nec
1378 5765 1461 5823 ita
1498 5771 1668 5824 multo
1704 5781 1826 5841 post
1867 5770 2020 5826 συιδ.

2141 4635 2199 4692 Si
2233 4638 2379 4693 enim
2413 4637 2781 4693 obedientiam
2814 4637 3049 4708 requirit
3090 4636 3344 4691 utilitatis
3378 4650 3492 4690 sua:
3526 4649 3719 4697 causa,

2138 4731 2353 4786 noverit
2384 4730 2535 4802 quod
2593 4730 2809 4786 Domini
2850 4746 3036 4787 sermo
3089 4743 3537 4800 unumquemque
3593 4727 3719 4783 aliis

1601 4884 1647 4915 ⁸³
1686 4883 1848 4941 Num.
1893 4902 1965 4940 xu
1991 4926 2007 4949 ,
2046 4887 2133 4942 10.
2211 4888 2257 4918 ⁹⁸
2296 4885 2458 4943 Rom.
2496 4902 2610 4953 xu,
2648 4887 2736 4940 l7.

2135 5002 2389 5072 δυνηθείη
2420 5021 2523 5066 τις.

2207 5022 2759 5143 ’ρτίιηιιι
2802 5071 3184 5143 ἐνοπτρίζηται
3214 5071 3321 5133 ἀεὶ,
3352 5069 3556 5143 ὅῖτουγε
3594 5070 3717 5143 οὐδὲ

2135 5143 2376 5211 ὑπήκοος
2423 5140 2481 5214 ἐν
2510 5140 2808 5214 ὀφθαλμοῖς
2847 5140 3104 5213 ἄρχοντος
3145 5144 3345 5212 σημεῖα
3381 5140 3564 5214 δίδωσι
3606 5142 3716 5194 τῶν

2137 5214 2211 5285 μὴ
2230 5213 2592 5285 ἀρεσκόντων,
2615 5213 2896 5285 Dominum
2912 5221 3219 5285 priesentem
3236 5226 3439 5285 semper
3456 5213 3711 5285 intuetur,

2133 5281 2392 5351 siquidem
2414 5299 2575 5352 neque
2596 5282 2840 5337 subditus
2866 5284 2921 5335 in
2945 5282 3195 5351 principis
3223 5281 3390 5336 oculis
3418 5284 3570 5351 signa
3590 5297 3716 5351 pro-

2133 5354 2238 5420 fert
2284 5369 2487 5414 eorum,
2522 5369 2638 5422 qua:
2666 5354 2714 5406 ei
2742 5353 3056 5421 displicent:
3087 5362 3141 5407 et
3194 5354 3269 5407 ita
3316 5367 3538 5423 quoque
3575 5355 3716 5409 scri-

2134 5423 2601 5493 ptumrinvenitur
2655 5423 2709 5477 in
2763 5423 3102 5493 llolbertino,
3143 5423 3249 5493 nisi
3303 5423 3589 5493 quod_pro
3627 5425 3717 5479 ὲν-

2133 5491 2458 5580 οπτρςςηται
2508 5492 2700 5580 baltea!
2755 5491 3383 5580 evorg'cpigemtzncode'x
3429 5491 3588 5551 νοω.
3628 5496 3713 5549 ὲν-

2132 5564 2255 5617 οπτ
2279 5564 2330 5626 ll;
2369 5580 2459 5614 ται
2497 5564 2710 5633 ἡγεῖται
2757 5564 2845 5616 ἀεὶ
2864 5564 3069 5631 ὅπουγε
3098 5564 3219 5618 οὐδὲ
3246 5565 3506 5634 ὑπήκοος.

2206 5580 2487 5716 (ξοξῖξξες.
2521 5634 2731 5703 primus
2757 5641 2811 5716 et
2835 5634 2988 5716 (ξομ).
3022 5642 3077 5716 et
3105 5634 3264 5716 V-oss.
3298 5634 3397 5706 τὴν
3429 5634 3557 5689 mo‘
3590 5635 3711 5689 him

2139 5722 2263 5775 ρων.
2294 5703 2397 5759 Alii
2428 5702 2539 5759 duo
2567 5718 2701 5759 mss.
2740 5713 2792 5759 et
2815 5704 2971 5772 editi,
3000 5702 3100 5776 τὴν
3132 5704 3354 5777 ἑτέρων.
