3948 6240
270 333 406 388 1103

1616 333 1675 390 S.
1720 331 1959 388 BASILII
2003 331 2213 386 MAGNI

3385 331 3525 387 1104

261 446 529 502 inservire
569 447 767 504 debere
821 449 1058 506 doceat:
1110 451 1195 506 sin
1242 450 1529 506 ulciscitur
1573 452 1836 506 violatum

1960 449 2103 503 ιύτὸν
2135 451 2364 504 ἕκαστον
2397 450 2509 521 (21)
2540 457 2651 516 τοῖς
2695 453 2874 516 ἄλλοις
2906 453 3200 524 ὑπηρετεῖν
3239 451 3477 506 διδάσκει
3506 467 3523 482 ο

263 536 474 590 Domini
508 548 866 611 przeceptum.
906 557 1014 595 non
1052 557 1192 612 opus
1232 551 1316 597 est
1359 544 1460 606 ira,
1497 544 1591 598 sed
1628 543 1846 598 miseri—

261 628 446 681 cordia
495 636 550 684 et
606 630 1113 694 commiseratione,
1145 634 1304 700 juxta
1355 648 1480 687 eum
1521 633 1614 704 qui
1657 634 1838 688 dixit:

262 718 394 785 Quis
419 720 745 790 infirmatur,
775 732 822 776 et
845 739 938 792 ego
965 741 1070 777 non
1093 726 1341 793 inﬁrmor
1365 725 1409 756 ’⁵
1434 725 1457 777 ?

666 831 1190 892 INTERROGATIO
1241 836 1415 890 XXX.

475 927 750 992 Quomodo
792 929 1419 1012 amputabimusmilium
1457 946 1633 1000 prava:

822 1011 1285 1068 concupiscenttw.

834 1109 1220 1166 RESPONSIO
1244 1153 1258 1166 .

336 1193 610 1265 Flagranti
661 1206 827 1268 atque
886 1199 1199 1255 vehementi
1258 1201 1536 1259 desiderio
1591 1202 1842 1274 explendi

264 1285 597 1342 voluntatem
627 1287 742 1352 Dei,
776 1290 998 1361 talique,
1026 1292 1188 1362 quale
1214 1308 1272 1347 se
1317 1295 1518 1349 habere
1559 1294 1842 1358 indicavit,

261 1376 355 1446 qui
384 1377 521 1432 dixit
549 1395 559 1429 :
596 1379 813 1435 Judicia
842 1380 1057 1436 Domini
1091 1385 1556 1454 vera,justiﬁcata
1581 1387 1636 1438 in
1659 1394 1845 1438 semet-

261 1469 411 1534 ipsa;
442 1467 814 1526 desiderabilia
843 1489 1000 1541 super
1052 1492 1244 1530 aurum
1285 1486 1335 1530 et
1373 1478 1603 1544 lapidem
1648 1479 1845 1545 pretio-

259 1573 378 1611 sum
413 1562 662 1626 multant,
720 1572 771 1616 et
828 1563 1076 1619 dulciora
1124 1584 1280 1636 super
1345 1569 1447 1623 mel
1486 1583 1534 1623 et
1573 1570 1840 1639 favum”.

212 1657 222 1666 ‘
263 1646 498 1719 Semper
527 1653 675 1707 enim
729 1653 1063 1710 desiderium
1091 1673 1275 1712 rerum
1308 1661 1618 1724 meliorum,
1651 1661 1696 1716 si
1741 1675 1842 1729 po-

262 1746 516 1795 testatem
567 1742 767 1798 habeat
822 1755 984 1816 atque
1025 1745 1340 1804 facultatem
1380 1750 1596 1806 fruendi
1624 1752 1691 1805 iis
1721 1765 1843 1820 qua:

1946 542 1993 592 εί
2041 539 2096 591 δὲ
2146 541 2244 610 τῆς
2284 542 2377 594 τοῦ
2414 545 2619 614 Κυρίου
2669 545 2890 614 ἐντολῆς
2945 543 3230 614 παρακοήν
3283 544 3521 606 ἐκδικεῖ,

1945 631 2043 683 ούκ
2075 631 2245 702 ὀργῆς
2289 635 2480 703 χρεία,
2529 636 2643 688 ἀλλ’
2679 635 2860 688 οἴκτου
2896 635 3007 706 (‘22)
3043 635 3138 688 καὶ
3183 633 3526 705 συμπαθείας

1945 721 2085 774 κατὰ
2115 722 2204 775 τὸν
2233 723 2455 776 εἰπόντα
2481 742 2494 754 ’
2532 725 2626 790 Τίς
2655 725 2905 778 ἀσθενεῖ
2923 765 2938 789 ,
2977 724 3074 778 καί
3113 727 3221 778 οὐκ
3250 722 3524 786 deder-(3;

2500 835 2835 887 ΕΡΩΤΗΣΙΣ
2886 837 2964 888 A'.

1943 921 2077 989 Πῶς
2129 923 2473 994 ἐκκόψομεν
2526 925 2593 978 τὸ
2645 925 2836 1004 mitigo
2885 925 2994 994 τῆς
3045 924 3360 994 ἐπιθυμίας
3413 922 3524 991 τῆς

2629 1013 2842 1063 κακης.

2540 1108 2937 1161 ΑΠΟΚΡΙΣῘΣ.

2029 1197 2322 1270 Ἐπιθυμίᾳ
2350 1199 2597 1271 διαπύρῳ
2629 1199 2739 1252 τῶν
2767 1200 3090 1270 θελημάτων
3113 1198 3205 1252 τοῦ
3239 1197 3396 1260 Θεοῦ,
3427 1197 3521 1249 καὶ

1942 1287 2198 1361 τοιαύτῃ,
2235 1290 2353 1343 οἵαν
2394 1288 2596 1356 ἔδειξεν
2630 1289 2772 1359 ἔχειν
2811 1292 2839 1342 ὁ
2880 1290 3048 1344 εἰπών
3071 1306 3084 1318 ·
3142 1290 3218 1344 Τὰ
3267 1289 3518 1358 κρίματα

1943 1379 2164 1445 Kvplov
2193 1380 2470 1448 ἀληθινὰ,
2495 1381 2919 1451 δεδικαιωμένα
2948 1383 3046 1435 ἐπὶ
3082 1381 3148 1435 τὸ
3173 1383 3321 1434 αὐτό
3340 1399 3352 1411 ο
3385 1381 3514 1433 ἐπι-

1944 1470 2175 1537 θυμητὰ
2230 1471 2383 1540 ὑπὲρ
2445 1472 2707 1539 χρυσίον
2769 1473 2867 1526 καὶ
2928 1474 3104 1526 λίθον
3154 1473 3350 1540 τίμιον
3410 1490 3517 1525 πο-

1943 1558 2061 1612 λὺν
2087 1559 2200 1629 (93)
2232 1597 2248 1622 ,
2291 1559 2388 1612 καί
2417 1561 2757 1628 γλυκύτερα
2786 1560 2935 1630 ὑπὲρ
2969 1559 3109 1630 μέλι
3152 1563 3244 1615 καί
3286 1566 3514 1632 κηρίον.

1956 1649 2067 1701 Ἀεὶ
2091 1649 2198 1720 γὰρ
2230 1651 2263 1720 ή
2291 1650 2398 1702 τῶν
2432 1651 2757 1721 κρειττόνων
2789 1651 3054 1721 ἐπιθυμία
3081 1653 3139 1704 ἐν
3177 1653 3396 1725 ἐξουσίᾳ
3429 1656 3524 1708 καὶ

1943 1741 2168 1812 δυνάμει
2207 1742 2408 1812 ἔχουσα
2435 1743 2534 1813 τὴν
2572 1743 2874 1795 ἀπόλαυσιν
2906 1741 3014 1794 τῶν
3049 1742 3516 1813 ἐπιθυμουμένων,

259 1831 662 1902 desiderantur,
697 1837 843 1906 cogit
887 1838 1107 1893 minora
1147 1844 1434 1910 aspernari
1464 1841 1836 1911 aversarique,

1960 1839 2307 1908 ιαταφρονεῖν
2341 1839 2434 1890 καὶ
2463 1837 2903 1908 ἀποστρέφεσθαι
2933 1836 3231 1904 ἀναγκάζει
3258 1839 3325 1890 τὰ
3364 1838 3522 1891 ἐλάτ-

259 1925 337 1976 uti
392 1923 627 1981 docuere
659 1942 852 1983 omnes
901 1933 1078 1986 sancti
1121 1951 1135 1986 :
1177 1941 1387 2002 quanto
1431 1945 1613 1988 autem
1667 1934 1842 2004 magis

258 2027 321 2068 ea
347 2029 470 2084 quae
502 2015 805 2072 mala'sunt
835 2027 889 2074 et
920 2022 1134 2091 pudore
1164 2023 1356 2093 digna.
1615 2017 1660 2025 ψ

611 2129 1132 2189 INTERROGATIO
1192 2135 1385 2194 XXXI.

594 2220 675 2273 An
720 2224 936 2278 omnino
969 2227 1145 2281 ridere
1190 2243 1294 2282 non
1327 2229 1500 2285 liceat.

834 2335 1220 2396 RESPONSIO

325 2422 459 2477 Cum
476 2422 738 2483 Dominus
761 2443 856 2484 eos
895 2432 988 2500 qui
1026 2449 1173 2488 nunc
1204 2436 1401 2499 rident,
1436 2435 1838 2502 condemnet",

257 2515 604 2584 perspicuum
638 2527 725 2574 est
767 2519 979 2575 nullum
1009 2532 1227 2594 tempus
1260 2525 1404 2581 ﬁdeli
1429 2526 1496 2579 ad
1555 2524 1843 2582 ridendum

259 2619 494 2674 unquam
545 2607 664 2663 dari
699 2629 712 2664 :
753 2611 1022 2678 maxime,
1061 2629 1187 2669 cum
1237 2625 1317 2673 tot
1346 2618 1478 2683 sint,
1540 2616 1636 2686 qui
1672 2617 1842 2674 Deum

257 2697 553 2766 ignominia
616 2701 854 2758 alliciant
875 2704 921 2736 "
942 2720 1040 2776 per
1099 2709 1233 2780 legis
1289 2714 1666 2781 violationem,
1702 2720 1756 2768 et
1787 2715 1841 2767 in

255 2791 495 2858 peceatis
525 2794 690 2848 morti
721 2795 1036 2864 tradantur,
1071 2816 1172 2870 pro
1215 2804 1420 2872 quibus
1446 2823 1682 2864 mmrere
1706 2822 1844 2862 con-

255 2879 402 2934 venit
435 2896 500 2936 ac
549 2883 934 2972 ingemiscere.

650 2975 1174 3060 INTERROGATIO
1228 3005 1445 3064 xxx".

258 3083 661 3156 Intempestivus
695 3099 744 3144 et
781 3091 1094 3174 immodicus
1126 3113 1286 3174 sopor
1325 3102 1463 3156 unde
1483 3115 1757 3174 nascatur,
1788 3119 1838 3164 et

613 3161 868 3231 quomodo
893 3166 1067 3234 ipsum
1094 3161 1483 3237 propulsemus.

826 3277 1233 3337 RESPONSIO.

325 3361 616 3436 Contingit
647 3366 967 3439 hujusmodi
1022 3388 1214 3442 sopor,
1247 3390 1372 3430 cum
1405 3377 1588 3432 anima
1618 3377 1711 3436 Dei
1753 3396 1841 3438 eo-

257 3453 618 3524 gitationibus
664 3459 726 3514 iit
759 3463 1003 3534 segnior,
1057 3445 1264 3535 Deique
1315 3468 1523 3536 judicia
1576 3486 1840 3542 asperna-

257 3559 430 3602 mur:
480 3546 808 3620 deponimus
835 3563 1015 3611 autem
1077 3556 1277 3626 ipsum,
1331 3576 1455 3615 cum
1517 3564 1732 3622 sincere
1773 3582 1838 3622 ac

259 3635 364 3691 rite
401 3639 706 3711 cogitamus
738 3645 806 3701 de
848 3647 1137 3717 majestate
1166 3648 1285 3716 Dei,
1315 3652 1553 3724 ejusque
1587 3657 1839 3711 volunta-

257 3734 368 3782 tem
420 3733 748 3802 expetimus,
796 3737 955 3806 juxta
1007 3754 1132 3795 eum
1169 3741 1264 3811 qui
1305 3743 1442 3798 dixit
1478 3764 1491 3800 :
1553 3745 1614 3801 Si
1645 3747 1836 3803 dedero

257 3834 501 3875 somnum
557 3826 724 3880 oculis
767 3830 932 3896 meis,
980 3839 1031 3885 et
1083 3833 1345 3902 palpebris
1383 3837 1512 3891 meis
1576 3838 1838 3894 dormita-

261 3909 478 3979 tionem,
521 3922 572 3968 et
623 3919 851 3986 requiem
897 3923 1216 3989 temporibus
1262 3927 1424 3990 meis,
1476 3927 1642 3983 donec
1693 3932 1837 3987 inve-

259 3999 404 4053 niam
443 4001 616 4058 locum
638 4005 888 4074 Domino,
921 4010 1318 4069 tabernaculum
1344 4016 1449 4072 Deo
1473 4017 1640 4076 Jacob
1662 4023 1728 4076 ”.

548 4265 1271 4340 EQGJINTERROGATIO
1311 4279 1550 4338 XXXIII.

259 4353 382 4422 Qua
414 4359 624 4414 ratione
659 4360 1066 4442 deprehenditur
1095 4371 1210 4442 quis
1242 4371 1418 4426 studio
1451 4375 1695 4442 placendi
1736 4377 1834 4430 Ιιο-
1933 4359 1936 4361 Δ

1872 4516 1920 4574 D

642 4433 871 4488 minibus
909 4433 1170 4492 obnoxius
1202 4457 1332 4496 esse.

798 4544 1183 4605 RESPONSIO

326 4630 462 4685 Cum
494 4632 738 4689 studium
793 4652 924 4708 erga
986 4641 1301 4700 laudatores
1363 4645 1707 4713 ostenderit,
1753 4663 1838 4704 se-

257 4723 481 4792 gnitiem
519 4741 650 4782 vero
680 4736 735 4783 et
783 4732 1092 4788 socordiam
1132 4750 1259 4808 erga
1314 4738 1744 4808 vituperatores.
1777 4741 1836 4796 Si

258 4813 404 4866 enim
443 4812 674 4872 Domino
698 4818 916 4888 placere
947 4824 1087 4888 vult,
1122 4840 1340 4896 semper
1372 4836 1427 4883 et
1452 4829 1654 4900 ubique
1689 4830 1834 4886 idem

1945 1945 2110 1991 τονα,
2159 1928 2234 1990 ὡς
2285 1926 2530 1992 ἐδίδαξαν
2566 1928 2676 1996 (24)
2710 1929 2758 1981 οἱ
2794 1929 2938 1996 ἆγιοι
2991 1929 3220 1992 πάντες·
3269 1929 3420 2000 πόσῳ
3461 1930 3520 1983 δέ

1948 2016 2146 2086 μᾶλλον
2176 2015 2246 2068 τά
2268 2014 2478 2085 φαῦλα,
2510 2015 2604 2068 καὶ
2629 2015 2892 2085 αἰσχύνης
2921 2013 3077 2079 dita;

2477 2129 2812 2182 ΕΡΩΤΗΣΙΣ
2857 2129 2980 2182 AA'.

2225 2221 2291 2274 El
2317 2221 2578 2274 καθόλου
2605 2218 2792 2288 τελᾷν
2825 2222 2935 2274 οὐκ
2976 2219 3236 2283 ἔξεστιν.

2542 2329 2931 2383 ΑΠΟΚΡῙΣΙΣ.

2015 2421 2121 2475 Τοῦ
2152 2421 2356 2493 Κυρίου
2381 2421 2507 2483 τοὺς
2533 2419 2629 2474 νῦν
2656 2420 2930 2489 γελῶντας
2952 2419 3366 2492 κατακρίνοντος
3383 2420 3516 2492 (25),

1943 2511 2193 2583 εὔδηλον,
2239 2513 2322 2565 ὃτι
2355 2512 2610 2565 οὐδέποτε
2653 2511 2843 2583 καιρὸς
2889 2511 3121 2580 γέλωτός
3160 2513 3274 2564 ἐστι
3316 2512 3394 2581 τῷ
3432 2528 3521 2563 πι-

1945 2603 2093 2674 στῷ,
2128 2604 2222 2657 καὶ
2253 2604 2488 2674 μάλιστα
2531 2606 2588 2657 ἐν
2633 2605 2873 2674 τοσούτῳ
2915 2604 3107 2676 πλήθει
3149 2604 3257 2657 τῶν
3287 2603 3376 2658 διὰ
3419 2604 3520 2673 τῆς

1945 2695 2308 2768 παραϐάσεως
2339 2696 2432 2750 τοῦ
2482 2697 2645 2767 νόμου
2692 2695 2783 2748 τὸν
2828 2695 2960 2748 Θεὸν
3005 2696 3378 2767 ἀτιμαζόντων
3427 2697 3520 2749 καὶ

1946 2787 2360 2860 θανατουμένων
2395 2791 2451 2842 ἐν
2484 2791 2549 2860 τῇ
2580 2788 2853 2862 ἁμαρτίᾳ,
2890 2787 3029 2861 ὑπὲρ
3060 2785 3135 2842 ὢν
3170 2787 3400 2861 ἀθυμεῖν
3427 2788 3523 2842 καὶ

1947 2881 2154 2933 στένειν
2183 2882 2287 2954 χρή
2321 2881 2454 2952 (26).

2489 2997 2824 3050 ΕΡΩΤΗΣΙΣ
2858 2998 2980 3052 AB’.

1953 3085 2008 3138 '0
2054 3085 2298 3158 ἄκαιρος
2349 3088 2446 3161 καί
2482 3089 2732 3161 ἄμετρος
2774 3089 3119 3161 νυσταγμῶς
3155 3090 3342 3146 πόθεν
3368 3089 3521 3161 (27),

2364 3158 2488 3225 πῶς
2512 3159 2700 3213 αὑτὸν
2724 3160 3096 3229 ἀποθώμεθα.

2540 3269 2910 3323 ΑΠΟΚΡΙΣΙΣ

2029 3358 2086 3412 '0
2133 3360 2231 3430 μὲν
2266 3359 2505 3425 τοιοῦτος
2533 3362 2843 3432 νυσταγμὸς
2876 3361 3114 3430 γίνεται,
3161 3361 3290 3416 ὅταν
3317 3360 3521 3431 νωθρο-

1942 3449 2076 3522 τέρα
2109 3453 2332 3523 γένηται
2379 3452 2588 3524 ἡψυχὴ
2637 3453 2768 3524 περὶ
2813 3453 2913 3518 τὰς
2953 3455 3080 3526 περὶ
3111 3453 3245 3507 Θεοῦ
3287 3455 3522 3518 ἐννοίας,

1944 3543 2040 3596 καὶ
2085 3544 2193 3596 τῶν
2218 3545 2502 3616 κριμάτων
2551 3545 2646 3599 τοῦ
2690 3544 2827 3598 Θεοῦ
2875 3545 3305 3615 καταφρονῶμεν
3335 3561 3348 3574 ·
3383 3545 3520 3598 ἀπο-

1943 3637 2204 3708 τιθέμεθα
2237 3638 2348 3706 (‘28)
2379 3639 2436 3692 δὲ
2465 3640 2659 3704 αὐτὸν,
2699 3640 2829 3694 ὅταν
2860 3639 3089 3711 γνησίαν
3119 3639 3215 3691 καὶ
3244 3637 3522 3706 ἀξιόλογον

1943 3727 2298 3799 ἀναλάϐωμεν
2321 3730 2418 3799 τῆς
2446 3729 2864 3801 μεγαλειότητος
2886 3729 2980 3782 τοῦ
3004 3727 3139 3782 Θεοῦ
3165 3727 3264 3797 τὴν
3287 3726 3518 3791 ἔννοιαν,

1944 3819 2038 3872 καὶ
2071 3817 2178 3873 τῶν
2217 3819 2537 3890 θελημάτων
2564 3819 2728 3873 αὑτοῦ
2759 3819 2856 3891 τὴν
2884 3818 3179 3888 ἐπιθυμίαν
3198 3857 3212 3882 ,
3259 3815 3402 3870 κατὰ
3428 3817 3518 3868 τὸν

1943 3912 2162 3966 εἰπόντα
2180 3929 2194 3942 ο
2231 3915 2303 3966 El
2322 3912 2494 3966 δώσω
2524 3913 2720 3966 ὕπνον
2746 3912 2870 3978 τοῖς
2895 3909 3220 3982 ὀφθαλμοῖς
3238 3928 3379 3980 μου,
3415 3909 3517 3962 καὶ

1941 4001 2067 4067 τοῖς
2087 4000 2422 4071 ,ϐλεφάροις
2450 4020 2569 4071 μου
2595 4004 2963 4073 νυσταγμὸν,
2991 4004 3088 4057 καί
3118 4003 3227 4073 (29)
3257 4001 3521 4056 ἀνάπαυ-

1943 4109 2049 4147 σιν
2082 4093 2207 4160 τοῖς
2238 4092 2554 4163 κροτάφοις
2576 4112 2696 4163 μου
2716 4111 2728 4124 °
2763 4093 2874 4160 ἕως
2917 4090 2989 4150 οὗ
3019 4095 3171 4164 εὕρω
3209 4095 3397 4148 τόπον
3436 4089 3516 4156 τῷ

1944 4185 2141 4252 Κυρίῳ
2163 4223 2181 4252 ,
2213 4183 2503 4254 σκήνωμα
2531 4183 2611 4250 τῷ
2645 4185 2767 4250 Θεῷ
2807 4185 3024 4240 Ἰακώϐ.

2481 4294 2816 4348 ΕΡΩΤΗΣΙΣ
2853 4296 2942 4349 ΛΓ
2976 4336 2992 4350 .

2179 4403 2311 4470 Πῶς
2340 4404 2646 4475 ἐλέγχεται
2679 4409 2713 4460 ό
2737 4406 3263 4476 ἀνθρωπάρεσκος.

2542 4562 2930 4616 ΑΠΟΚΡῙΣΙΣ.

2017 4652 2182 4706 Ὅταν
2207 4653 2300 4705 ἐπὶ
2334 4652 2434 4723 μὲν
2460 4653 2569 4707 τῶν
2602 4654 2964 4707 ἐπαινούντων
2993 4654 3102 4725 (30)
3139 4656 3372 4728 σπουδὴν
3398 4658 3520 4709 ἐπι-

1943 4741 2183 4814 δείξηται
2213 4781 2228 4806 ,
2277 4744 2369 4796 ἐπὶ
2413 4743 2468 4797 δὲ
2518 4744 2626 4799 τῶν
2670 4745 2946 4814 ψεγόντων
2995 4748 3226 4818 ὀκνηρὸς
3267 4750 3514 4821 γένηται.

1944 4834 2007 4886 Εί
2035 4833 2143 4907 γὰρ
2185 4835 2263 4907 τῷ
2293 4835 2486 4908 Κυρίῳ
2536 4837 2791 4908 ἀρέσκειν
2838 4837 3115 4908 βούλεται,
3151 4840 3383 4896 πάντοτε
3424 4843 3520 4894 καὶ

328 4967 376 5000 ⁸⁸
413 4965 456 5023 Il
485 4968 612 5026 Cor.
647 4989 759 5042 xu,
794 4975 884 5032 29.
961 4978 1007 5010 "
1046 4977 1191 5035 Psal.
1231 4997 1404 5048 xvm,
1444 4983 1542 5049 10,
1581 4985 1668 5039 11.
1745 4988 1788 5020 ⁸⁷
1831 4986 1836 5041 J

1960 5029 1967 5044 .
2003 5005 2093 5054 vI,
2130 4989 2224 5045 25.
2291 4990 2337 5022 "
2375 4989 2536 5046 Rom.
2575 5008 2648 5057 ιι,
2694 4993 2783 5048 23.
2859 4996 2912 5027 ⁸*
2945 4993 3092 5052 Psal.
3127 5012 3328 5064 cxxxi,
3361 4997 3428 5061 4,
3465 5000 3519 5054 5.

245 5098 301 5204 ..η
472 5122 607 5204 Βγθίζο
628 5128 846 5204 Primus
866 5139 920 5186 et
945 5133 1099 5188 Colb.
1125 5133 1281 5204 λόγος
1299 5138 1396 5190 τοῦ
1415 5137 1551 5192 Θεοῦ
1570 5139 1824 5197 ἕκαστον.

259 5191 920 5276 Εάςίξξὶξθξυιοτῑῇιεηλόγος
941 5204 1034 5256 τοῦ
1066 5191 1278 5276 Κυρίου
1299 5191 1756 5264 αὐτῶνεέάἆᾲᾀᾴ

257 5263 694 5388 οἷδέἓὲύ.νθιεΐθε
718 5263 999 5339 duo‘libri’
1030 5263 1200 5346 ὀργῆς
1228 5279 1388 5349 Χρεία
1416 5263 1698 5348 οὐκέστινέ
1719 5263 1831 5335 ἀλλ’

331 5405 442 5546 (25)
469 5402 622 5460 Unus
645 5422 750 5463 ms.
778 5409 959 5480 τίμιον
993 5416 1148 5472 πολύ,
1248 5447 1252 5451 -

331 5475 421 5546 (24
471 5477 604 5546 Reg.
635 5479 910 5535 secundus
935 5491 990 5537 et
1017 5486 1172 5546 editi,
1203 5487 1252 5540 ἐδ

471 5477 604 5547 Reg.
635 5467 910 5535 secundus
935 5491 990 5537 et
1017 5467 1172 5550 editi,
1203 5487 1428 5553 ἔδειξαν.
1456 5467 1563 5544 Alii
1599 5500 1708 5548 tres
1727 5492 1838 5546 ἐδί-

478 5611 630 5698 guns
661 5631 765 5698 ηις.
800 5621 1074 5698 γελῶντας
1103 5601 1549 5698 κατακρίναντος.

352 5619 444 5681 25)
481 5619 630 5669 Unus
661 5631 765 5674 ms.
800 5621 1074 5690 γελῶντας
1103 5628 1549 5698 κατακρίναντος.

331 5619 442 5756 (26)
478 5682 609 5756 Reg.
632 5688 837 5757 primus
855 5700 907 5748 et
924 5691 1082 5751 Voss.
1103 5695 1334 5769 ἀθυμεῖν
1347 5701 1441 5754 καὶ
1467 5701 1681 5757 πενθεῖν
1703 5705 1828 5776 χρή.

2005 5142 2118 5223 (ᾒτ)
2148 5142 2315 5223 [idem
2340 5145 2417 5223 il_li
2439 5163 2578 5218 quos
2607 5164 2736 5223 mox
2771 5150 2880 5223 dixi
2916 5151 3041 5223 libri
3079 5151 3519 5223 ώθενίέρχεται.

1937 5213 2136 5336 Ibideiln
2156 5214 2288 5296 Reg.
2299 5213 2535 5339 lprimus,
2557 5220 2650 5272 καὶ
2661 5219 2968 5300 πῶς-αὐτῶν
2986 5213 3525 5294 ἀπωσόμεθα,’ἐειιδιι

1939 5298 2048 5338 non
2079 5305 2091 5336 ι
2118 5301 2290 5339 lSSlml
2319 5303 2356 5339 ι.

1939 5298 2048 5338 11011
2079 5298 2356 5340 (11551111111.

2011 5354 2375 5434 {28)-Antiqui
2401 5357 2510 5411 duo
2535 5359 2658 5434 libri
2684 5360 2939 5434 περιστὰς
2962 5361 3056 5434 τοῦ
3091 5363 3298 5434 Κυρίου
3315 5363 3522 5426 ἐννοίας

1942 5424 2155 5503 καῖ’.τοῦ
2168 5424 2468 5503 ’κρμιμάτων
2489 5429 2744 5503 τοῦΑΘεοῦ
2759 5424 2777 5461 '-
2810 5424 3199 5503 ἀποτιθέμεθαῖ

2015 5494 2126 5565 (29)
2161 5494 2307 5569 Editi
2335 5499 2667 5569 νυσταγμὸν,
2695 5501 2817 5564 ἕως,
2851 5515 2958 5556 etc.
3001 5494 3220 5557 Veteres
3249 5511 3361 5558 tres
3394 5503 3519 5557 libri

1940 5563 2138 5644 praeter
2158 5563 2321 5644 Yoss.
2356 5570 2450 5644 ita,
2488 5563 2622 5622 u't'in
2647 5563 2904 5644 contextu
2937 5571 3124 5644 videre
3145 5576 3344 5644 cuique
3371 5574 3515 5644 licet.

2013 5635 2126 5707 (50)
2157 5634 2289 5707 Reg.
2321 5639 2516 5694 tertius
2560 5647 2614 5693 et
2656 5639 2814 5696 Colb.
2853 5642 3217 5696 ἐπαινούντων
3255 5634 3324 5696 ira
3356 5642 3517 5699 καλά..

1942 5703 2062 5759 Mox
2100 5703 2475 5783 Regfpr‘imus
2497 5718 2550 5766 et
2581 5707 2740 5766 Voss.
2769 5711 3124 5780 ὀκνηρότερος
3151 5715 3394 5781 γένηται.
