3948 6240
425 313 565 367 1105

1527 310 1568 363 [ἰ
1581 309 1835 366 EGULAS
1879 309 2080 364 BliEVI
2094 308 2180 364 US
2220 307 2640 364 TRACTAT/E.

3563 302 3699 358 1106

419 430 698 501 πανταχοῦ
732 432 759 483 ὀ
788 431 949 494 αὐτὸς
978 430 1127 484 ἔσται
1146 471 1160 494 ,
1194 431 1414 502 πληρῶν
1450 429 1510 484 τὸ
1538 431 1822 502 εἰρημένον
1848 448 1861 461 ⁸
1898 429 1999 484 Διὰ

2145 429 2229 493 rit,
2259 428 2553 499 perliciens
2584 425 2733 497 quod
2766 425 2973 479 dictum
3034 429 3117 478 est
3150 440 3162 476 :
3205 420 3306 475 Per
3346 436 3498 473 arma
3530 420 3699 488 justi-

422 506 543 578 τῶν
568 523 776 576 ὅπλων
800 522 911 590 τῆς
937 521 1328 588 δικαιοσύνης
1360 519 1479 575 τῶν
1510 521 1727 587 δεξιῶν
1754 523 1853 577 καὶ
1889 524 2014 592 ἀρι-

426 613 689 681 στερῶνο
735 613 833 666 διὰ
863 612 1051 681 δόξης
1077 614 1177 667 καὶ
1224 614 1461 682 ἀτιμίας
1486 632 1499 644 ·
1534 613 1631 668 διὰ
1669 614 2014 685 δυσφημίας

425 706 524 761 καὶ
550 705 847 774 εὐφημίας
872 721 884 733 '
916 706 997 773 ὠς
1027 704 1247 759 πλάνοι
1270 746 1285 771 ,
1328 706 1429 759 καὶ
1461 706 1722 774 ἀληθεῖς.

974 818 1307 872 ΕΡΩΤΗΣΙΣ
1344 821 1465 872 ΛΔ’.

426 905 560 971 Πῶς
602 906 763 976 φύγῃ
810 925 899 972 τις
941 906 1008 959 τὸ
1050 908 1240 973 πάθος
1278 908 1390 974 τῆς
1431 908 2015 976 ἀνθρωπᾳρεσκείας,

501 976 599 1029 καὶ
645 978 709 1029 τὸ
751 977 1217 1044 περιϐλέπεσθαι
1257 980 1399 1045 τοὺς
1441 980 1602 1047 παρὰ
1634 978 1754 1031 τῶν
1796 978 2018 1046 ἀνθρώ-

502 1060 633 1100 πων
677 1048 986 1114 ἐπαίνους.

1030 1158 1403 1211 ΑΠυΚΡΙΣιΣ

501 1248 852 1319 Πληροφορίᾳ
894 1251 996 1317 τῆς
1042 1248 1136 1301 τοῦ
1178 1248 1312 1300 Θεοῦ
1360 1249 1696 1319 παρουσίας,
1746 1251 1840 1303 καὶ
1884 1252 2019 1304 ἀπε-

434 1340 720 1412 ρισπάστῳ
760 1340 1003 1410 φροντίδι
1027 1341 1125 1410 τῆς
1158 1340 1296 1411 πρὸς
1326 1342 1417 1393 τὸν
1441 1341 1573 1394 Θεὸν
1607 1342 2019 1414 εὐαρεστήσεως

434 1434 579 1502 (51),
629 1433 720 1485 καὶ
763 1432 1012 1503 διαπύρῳ
1045 1432 1314 1503 ἐπιθυμίᾳ
1344 1432 1453 1485 τῶν
1503 1433 1653 1504 παρὰ
1678 1434 1773 1488 τοῦ
1808 1434 2016 1506 Κυρίου

435 1522 823 1593 μακαρισμῶν.
861 1523 1049 1585 Οὐδεὶς
1095 1522 1204 1594 γὰρ
1255 1526 1311 1576 ὲν
1358 1524 1514 1593 ὄψεσι
1568 1524 1828 1578 δεσπότου
1878 1526 2017 1595 πρὸς

432 1615 727 1683 ἀρέσκειαν
783 1614 1068 1668 συνδούλου
1108 1617 1202 1669 ἐπὶ
1239 1617 1437 1687 ἀτιμίᾳ
1483 1616 1575 1669 τοῦ
1627 1618 1886 1671 δεσπότου
1922 1618 2018 1673 καὶ

433 1707 754 1778 κατακρίσει
792 1707 983 1760 ἑαυτοῦ
1016 1709 1424 1781 μετεωρίζεται.

980 1824 1315 1876 ΕΡΩΤΗΣΙΣ
1360 1824 1482 1878 ΛΕ’.

434 1935 567 2001 Πῶς
597 1934 929 2005 γνωρίζεται
964 1941 995 1992 ὀ
1020 1936 1408 2024 ὑπερήφανος
1430 1977 1444 2001 ,
1486 1938 1582 1991 καί
1618 1937 1743 2004 πῶς
1772 1938 1881 2009 (52)
1922 1943 2016 1993 θε-

1054 2026 1399 2076 ραπευεται.

1034 2124 1426 2178 ΑΠΟΚΡΙΣΙΣ.

515 2213 555 2265 Γ
556 2211 842 2284 νωρίζεται
900 2215 997 2285 μὲν
1032 2216 1096 2267 ὲκ
1134 2214 1228 2267 τοῦ
1271 2216 1341 2269 τὰ
1375 2216 1474 2285 τῆς
1507 2214 1782 2286 ὑπεροχῆς
1826 2216 2020 2289 ἐπιζη-

441 2306 553 2356 τεῖν
577 2320 592 2335 ·
628 2303 989 2377 θεραπεύεται
1022 2305 1100 2370 δὲ,
1138 2306 1233 2359 ἐὰν
1258 2307 1521 2379 πιστεύσῃ
1556 2307 1633 2378 τῷ
1665 2307 1891 2377 κρίματι
1925 2309 2019 2362 τοῦ

438 2396 682 2459 εἰπόντος
702 2413 715 2425 ·
757 2398 976 2465 Κύριος
993 2398 1404 2469 ὑπερηφάνοις
1441 2400 1862 2454 ἀντιτάσσεται
1885 2401 2020 2470 (55),

437 2489 737 2556 ταπεινοῖς
770 2489 839 2543 δὲ
876 2490 1086 2545 δίδωσι
1119 2491 1314 2561 χάριν.
1359 2494 1566 2547 Ἐκεῖνο
1600 2494 1782 2564 μέντοι
1824 2494 2021 2548 είδέναι

440 2580 578 2652 χρὴ,
602 2581 717 2647 ὅτι,
756 2582 903 2646 ὅπως
936 2584 1002 2637 ἄν
1045 2601 1129 2648 τις
1162 2585 1371 2656 φοδηθῇ
1413 2586 1474 2639 τὸ
1507 2588 1678 2656 κρῖμα
1715 2589 1813 2657 τῆς
1855 2587 2025 2658 ὑπερ-

440 2675 698 2744 ηφανίας,
726 2677 787 2729 οὐ
820 2676 1040 2729 δύναται
1064 2676 1468 2747 θεραπευθῆναι
1499 2678 1559 2730 τὸ
1592 2678 1783 2741 πάθος,
1819 2678 1914 2731 ὲὰν
1946 2678 2021 2750 μὴ

442 2769 770 2839 ἀναχωρήσῃ
798 2767 906 2822 τῶν
932 2769 1030 2839 τῆς
1060 2770 1335 2841 ὑπεροχῆς
1368 2770 1819 2841 ἐπιτηδευμάτων
1848 2771 2021 2824 ἁπάνο

440 2876 548 2911 των
570 2876 582 2888 ⁸
614 2858 691 2923 ὼς
726 2861 786 2912 οὐ
821 2860 1041 2913 δύναται
1074 2860 1380 2931 ἀπομαθεῖν
1413 2860 1692 2915 διάλεκτον
1718 2861 1752 2932 ἢ
1780 2862 1897 2914 οἵαν
1930 2860 2023 2932 δή-

442 2966 574 3003 ποτε
602 2950 829 3022 τέχνην,
875 2952 948 3023 μὴ
978 2951 1198 3015 τελείως
1239 2952 1600 3023 ἀναχωρήσας
1626 2952 1737 3022 (54)
1769 2953 1830 3004 οὑ
1863 2953 2022 3021 μόνον

443 3042 535 3095 τοῦ
578 3047 781 3107 ποιεῖν,
830 3044 864 3114 ἢ
915 3044 1095 3097 λαλεῖν
1140 3061 1193 3097 τι
1242 3048 1361 3098 κατ’
1397 3046 1613 3115 εκείνην
1660 3045 1759 3116 τὴν
1803 3046 2019 3115 τέχνην,

444 3133 581 3187 ἀλλὰ
603 3134 697 3187 καὶ
726 3134 817 3187 τοῦ
849 3135 1070 3189 ἀκούειν
1105 3136 1213 3206 (55)
1245 3136 1353 3189 τῶν
1393 3137 1726 3200 λαλούντων,
1775 3137 1869 3189 καὶ
1900 3134 2021 3205 βλέ-

443 3242 568 3277 πειν
612 3228 738 3288 τοὺς
778 3225 1065 3291 ποιοῦντας
1092 3244 1104 3257 ο
1154 3228 1291 3279 ὅπερ
1333 3227 1749 3298 παρατηρητέον
1799 3226 1892 3279 καὶ
1932 3226 2026 3279 ἐπὶ

444 3320 626 3389 πάσης
662 3319 877 3382 κακίας.

993 3435 1326 3487 sperum.
1358 3436 1494 3501 Ασι.

850 3546 917 3600 El
956 3548 1072 3616 χρὴ
1107 3547 1287 3616 τιμὴν
1312 3547 1624 3614 ἐπιζητεῖν.

1040 3660 1427 3713 ΑΠΟΚΡΙΣΙΣ.

536 3748 869 3803 Ἀποδιδόναι
926 3750 1023 3820 μὲν
1056 3750 1133 3821 τῷ
1178 3750 1277 3819 τὴν
1320 3749 1523 3819 τιμὴν,
1564 3750 1662 3821 τὴν
1712 3749 1877 3820 τιμὴν
1926 3750 2033 3803 ἐδι-

451 3841 760 3912 δάχθημεν,
817 3840 1097 3911 ἐπιζητεῖν
1148 3842 1207 3895 δὲ
1263 3842 1429 3912 τιμὴν
1486 3840 1881 3912 ἐκωλύθημεν,
1937 3840 2029 3894 τοῦ

454 3932 662 4002 Κυρίου
694 3932 973 3995 εἰπόντος·
1019 3934 1151 3999 Πῶς
1184 3933 1451 3988 δύνασθε
1496 3932 1670 4001 ὑμεῖς
1708 3934 2033 3988 πιστεῦσαι

454 4022 643 4085 δόξαν
672 4024 808 4091 παρ’
842 4023 1133 4089 ἀλλήλων
1157 4022 1567 4093 λαμϐάνοντες
1587 4063 1602 4086 ,
1646 4024 1740 4077 καὶ
1779 4024 1893 4093 τὴν
1934 4024 2035 4077 δό-

455 4114 571 4180 ξαν
595 4115 709 4184 τὴν
735 4116 896 4184 παρὰ
913 4115 1019 4169 τοῦ
1040 4117 1234 4185 μόνου
1266 4117 1416 4171 Θεοῦ
1436 4118 1510 4171 οὐ
1534 4116 1851 4185 ζητοῦντες
1882 4116 1994 4189 (36)
2016 4135 2031 4183 ;

459 4209 621 4261 Ὥστε
648 4208 710 4261 τὸ
743 4208 925 4277 ζητεῖν
972 4209 1121 4280 παρὰ
1151 4208 1262 4261 τῶν
1291 4208 1596 4281 ἀνθρώπων
1631 4208 1788 4274 δόξαν
1819 4208 2037 4262 ἀπόδει-

458 4300 539 4366 ξίς
566 4301 713 4352 ἐστιν
742 4298 1001 4361 ἀπιστίας
1018 4340 1034 4364 ,
1065 4300 1161 4353 καὶ
1191 4300 1501 4363 θεοσεϐείας
1522 4300 1877 4371 ἀλλοτρίωσις
1899 4340 1914 4365 ,
1941 4301 2034 4355 τοῦ

468 4392 789 4445 Ἀποστόλου
818 4391 1064 4456 εἰπόντος
1093 4408 1107 4422 ·
1138 4396 1209 4446 El
1236 4394 1323 4448 ἔτι
1368 4393 1703 4461 ἀνθρώποις
1746 4392 2034 4462 ἤρεσκον,

457 4484 715 4551 Χριστοῦ
745 4483 968 4549 δοῦλος
995 4487 1107 4539 οὐκ
1128 4484 1206 4537 ἂν
1233 4484 1416 4553 ἥμην.
1444 4485 1505 4536 Ei
1530 4484 1587 4537 δὲ
1610 4486 1658 4537 oi.
1686 4486 1785 4560 τὴν
1810 4485 2035 4555 δεδομέ-

455 4596 554 4646 νην
581 4578 692 4649 ('57)
743 4579 894 4650 παρὰ
943 4578 1053 4631 τῶν
1108 4577 1411 4648 ἀνθρώπων
1456 4579 1617 4645 δόξαν
1670 4577 2038 4648 λαμδάνοντες

455 4663 597 4717 οὕτω
625 4665 1058 4738 κατεκρίθησαν,
1102 4669 1151 4719 oi
1178 4666 1275 4737 τὴν
1304 4666 1379 4738 μὴ
1402 4667 1691 4739 δεδομένην
1719 4667 2039 4739 ἐπιζητοῦν-

454 4772 545 4818 τες
574 4755 812 4815 ἆὸρτιτον
843 4756 1023 4827 ἔχουσι
1044 4758 1107 4810 τὸ
1139 4762 1333 4829 κρῖμα.

2119 522 2205 575 tia?
2241 538 2273 574 a
2300 520 2499 574 dextris
2548 528 2597 573 et
2633 536 2666 572 a
2693 518 2929 573 sinistris
2966 532 2983 569 :
3017 532 3108 584 per
3135 516 3361 586 gloriam
3396 522 3446 567 et
3494 510 3700 583 ignobi-

2116 608 2317 661 litatem
2350 624 2368 661 :
2402 623 2493 672 per
2526 605 2810 675 infamiam
2848 615 2898 660 et
2930 604 3117 658 bonam
3160 604 3362 672 famam
3394 617 3412 654 :
3459 609 3518 653 ut
3544 599 3702 654 sedu-

2116 709 2306 765 ctores,
2351 709 2399 754 et
2425 716 2633 755 veraces
2662 701 2701 753 ¹.

2475 811 3005 869 INTERROGATIO
3035 809 3279 865 XXXIV.

2120 902 2395 968 Quomodo
2429 904 2673 973 effugerit
2703 905 2821 972 quis
2858 904 3042 957 vitium
3079 898 3438 973 complacendi
3470 897 3699 953 homini-

2192 976 2286 1027 bus
2321 991 2339 1026 :
2396 969 2750 1044 efqtiomodo
2784 975 3055 1027 hominum
3095 971 3279 1024 laudes
3302 971 3350 1024 ei
3373 969 3566 1037 futuris
3595 985 3699 1024 non

2193 1046 2296 1098 sint
2322 1044 2691 1099 admirationi.

2688 1156 3098 1212 RESPONSIO.

2192 1250 2250 1305 Si
2282 1251 2386 1306 sibi
2417 1258 2571 1307 certo
2600 1250 2942 1321 persuaserit
2971 1248 3141 1303 Deum
3181 1254 3505 1319 praesentem
3538 1259 3694 1301 esse:

2118 1343 2169 1398 si
2196 1342 2473 1398 studuerit
2505 1342 2731 1398 assidue
2759 1345 2870 1398 Deo
2906 1342 3146 1412 placere,
3202 1343 3249 1397 si
3296 1340 3535 1410 denique
3567 1339 3698 1393 bea-

2120 1434 2382 1491 titudines
2421 1452 2453 1490 a
2481 1435 2716 1490 Domino
2752 1434 3056 1506 promissas
3082 1435 3269 1488 animo
3298 1432 3530 1488 ferventi
3562 1445 3699 1485 con-

2119 1532 2393 1601 cupiscat.
2435 1529 2605 1587 Nemo
2640 1531 2791 1585 enim
2835 1532 2891 1585 in
2946 1530 3031 1585 sui
3063 1529 3179 1585 heri
3225 1529 3402 1583 oculis
3442 1527 3511 1582 ad
3552 1525 3700 1581 illius

2121 1623 2475 1695 ignominiam
2515 1633 2569 1679 et
2603 1624 2669 1679 ad
2708 1640 2863 1680 suam
2915 1625 3092 1693 ipsius
3143 1619 3698 1682 condemnationem,
3746 1658 3754 1665 .

2122 1728 2394 1769 conservo
2428 1715 2756 1786 placiturus,
2789 1722 3072 1784 evagatur.

2511 1820 3035 1879 INTERROGATIO
3063 1815 3279 1873 XXXV.

2182 1942 2299 2007 Quo
2346 1949 2501 2009 pacto
2559 1939 2866 2009 agnoscitur
2922 1935 3219 2005 superbus,
3284 1940 3335 1985 et
3385 1927 3643 2001 quomodo

2758 2017 3000 2063 curatur.

2709 2118 3095 2175 iESPONSlO.

2192 2216 2559 2287 Cognoscitur
2581 2214 2801 2285 quidem
2832 2228 2896 2268 ex
2920 2226 2985 2266 eo
3016 2208 3161 2281 quod
3192 2222 3259 2263 ea
3288 2220 3410 2277 quas
3451 2202 3520 2259 ad
3561 2200 3709 2273 prin—

2123 2311 2365 2380 cipatuui
2414 2308 2716 2380 pertinent,
2754 2304 2991 2374 requirit
3024 2320 3039 2356 :
3074 2309 3305 2355 curatur
3351 2310 3506 2362 vero,
3564 2294 3610 2349 si
3644 2292 3709 2347 li-

2123 2403 2247 2457 dem
2300 2401 2497 2456 habeat
2538 2396 2828 2455 sententia:
2872 2396 3044 2458 illius,
3080 2391 3175 2463 qui
3221 2390 3363 2447 dixit
3398 2408 3411 2445 :
3446 2387 3708 2443 Dominus

2124 2492 2359 2561 superbis
2399 2492 2621 2555 resistit,
2680 2487 2971 2542 humilibus
3029 2494 3205 2539 autent
3262 2483 3359 2536 dat
3405 2482 3706 2552 gratiam’.

2124 2584 2263 2639 Illud
2296 2592 2480 2639 tamen
2520 2581 2807 2638 sciendum
2839 2584 2946 2643 est,
3000 2586 3060 2633 ut
3088 2576 3214 2649 quis
3244 2573 3517 2645 superbiae
3556 2571 3710 2642 judi-

2124 2679 2273 2733 cium
2306 2675 2644 2740 extimuerit,
2676 2688 2788 2729 non
2828 2686 2991 2743 posse
3024 2676 3208 2724 tamen
3254 2666 3323 2722 ab
3361 2680 3426 2720 eo
3454 2664 3589 2718 uitio
3622 2678 3712 2717 sa—

2124 2770 2271 2834 nari,
2324 2767 2434 2822 nisi
2491 2780 2657 2821 omne
2696 2759 3023 2818 dominandi
3077 2756 3322 2813 studium
3372 2752 3709 2822 reliquerit:

2124 2857 2583 2931 quemadmodum
2631 2856 2875 2926 linguam
2926 2860 3020 2905 aut
3048 2850 3488 2921 qualemcunque
3538 2851 3710 2896 artem

2128 2949 2413 3007 dediscere
2457 2962 2568 3002 non
2600 2952 2803 3017 potest,
2841 2943 2936 3014 qui
2972 2957 3085 2997 non
3116 2940 3343 2996 omnino
3381 2934 3711 3006 supersede-

2128 3043 2199 3095 rit
2226 3056 2336 3095 non
2374 3039 2553 3095 solum
2590 3037 2795 3099 facere,
2828 3042 2923 3088 aut
2955 3032 3104 3101 loqui
3133 3027 3339 3098 aliquid
3366 3024 3512 3096 quod
3543 3022 3715 3095 perti-

2130 3134 2256 3181 neat
2314 3125 2383 3179 ad
2433 3124 2577 3178 hanc
2627 3130 2825 3183 artem,
2860 3119 2955 3175 sed
3014 3120 3180 3173 etiam
3235 3114 3304 3170 de
3331 3128 3394 3168 ea
3425 3112 3721 3181 loquentes

2130 3217 2342 3280 audire,
2367 3225 2422 3270 et
2452 3229 2573 3269 eam
2594 3211 2927 3267 iactitantes
2959 3207 3146 3263 videre
3184 3225 3196 3261 :
3250 3204 3397 3276 quod
3431 3205 3486 3258 in
3520 3201 3727 3272 quovis.

2131 3311 2294 3365 etiam
2333 3309 2465 3363 vitio
2502 3303 2906 3362 observandum
2937 3309 3043 3358 est.

2525 3414 3048 3474 INTERROGATIO
3082 3413 3180 3468 XX
3190 3411 3324 3470 XVI.

2556 3536 2639 3590 An
2664 3537 2843 3594 .honos
2873 3532 3060 3588 debeat
3094 3547 3279 3603 quam.

2732 3644 3139 3703 RESPONSIO.

2205 3746 2455 3802 Reddere
2496 3744 2722 3815 quidem
2775 3743 3067 3802 honorem,
3110 3738 3201 3793 cui
3257 3738 3434 3791 honor
3465 3731 3717 3792 debetur,

2135 3839 2315 3894 edocti
2337 3853 2530 3894 sumus
2565 3837 2586 3869 ⁸
2618 3851 2633 3888 :
2676 3835 2957 3905 requirere
2990 3840 3174 3888 autem
3207 3830 3497 3888 honorem,
3526 3822 3721 3909 prohi-

2137 3931 2258 3995 biti,
2296 3930 2385 3985 his
2416 3927 2635 3985 Domini
2667 3927 2852 3983 verbis
2880 3944 2895 3980 :
2934 3922 3212 3991 Quomodo
3242 3937 3329 3975 vos
3363 3917 3580 3987 potestis
3614 3929 3722 3967 cre-

2137 4025 2281 4089 dere,
2334 4023 2424 4092 qui
2471 4022 2698 4092 gloriam
2757 4017 2822 4073 ab
2880 4017 3101 4071 invicem
3158 4011 3319 4086 427
3372 4007 3635 4077 accipitis,
3671 4013 3723 4059 et

2137 4118 2361 4189 gloriam
2390 4131 2506 4185 qua:
2557 4132 2590 4167 a
2622 4112 2734 4168 solo
2766 4112 2875 4165 Deo
2905 4119 3003 4173 est,
3052 4124 3156 4162 non
3180 4103 3416 4175 quwritis
3446 4100 3466 4131 ⁵
3492 4100 3515 4153 ?
3542 4097 3723 4164 Quare

2137 4208 2367 4278 gloriam
2416 4206 2484 4259 ab
2540 4203 2863 4259 hominibus
2916 4213 3166 4269 quarere
3218 4198 3601 4265 argumentum
3639 4194 3725 4242 est

2140 4296 2567 4361 incredulitatis,
2621 4303 2678 4351 et
2721 4293 2943 4366 pietatis
2996 4286 3367 4352 abalienatio,
3409 4296 3533 4340 cum
3578 4278 3726 4347 Apo—

2138 4395 2314 4449 stolus
2344 4391 2616 4449 dixerit':
2652 4388 2716 4445 Si
2745 4367 3239 4442 adhuc°hominibus
3260 4378 3545 4448 placerem,
3576 4371 3727 4427 Chri-

2142 4488 2211 4541 sti
2242 4502 2420 4541 servus
2447 4500 2551 4539 non
2600 4498 2785 4538 essem.
2836 4477 2994 4546 Quod
3028 4478 3074 4532 si
3106 4477 3142 4530 ii
3172 4475 3269 4545 qui
3299 4468 3581 4538 accipiunt
3629 4463 3727 4517 da-

2144 4588 2253 4632 tam
2297 4578 2367 4631 ab
2396 4573 2715 4629 hominibus
2742 4571 2997 4642 gloriam,
3033 4568 3115 4623 sic
3153 4558 3509 4619 condemnati
3549 4560 3722 4611 sunt:

2142 4668 2180 4720 ii
2231 4667 2326 4737 qui
2361 4681 2470 4720 non
2503 4664 2744 4719 oblatam
2800 4660 3108 4730 inquirunt,
3160 4655 3429 4727 judicium
3462 4648 3609 4720 quod
3634 4662 3728 4702 ex-

2144 4761 2309 4832 primi
2338 4775 2447 4814 non
2482 4766 2663 4828 potest
2690 4754 2977 4811 subibunt.

533 4958 545 4986 ¹
590 4955 631 5009 ιι
666 4955 792 5011 Cor.
828 4973 906 5022 Vl,
945 4959 995 5023 7,
1033 4959 1087 5018 8.
1165 4961 1185 4989 ¹
1222 4956 1339 5014 Jac.
1380 4975 1454 5025 IV,
1489 4960 1544 5015 6.
1627 4960 1646 4990 ³
1686 4958 1846 5013 Rom.
1884 4973 2017 5022 xm,

2185 4958 2205 4987 ι
2244 4956 2399 5010 Joan.
2438 4972 2488 5021 ν,
2527 4954 2616 5007 Η.
2693 4952 2713 4982 ⁸
2751 4949 2929 5005 Galat,
2969 4962 3018 5011 ι,
3055 4944 3147 4999 i0.

533 5135 654 5260 (512:
676 5135 810 5207 Reg.
837 5135 1136 5217 secundus,
1164 5136 1404 5217 φροντίδι
1420 5137 1519 5206 τῆς
1546 5135 1673 5218 ⁴περὶ
1689 5132 1852 5188 αὐτοῦ
1882 5134 2037 5204 εὖαρ.

533 5222 582 5260 ιι
658 5206 767 5260 01b.
800 5207 953 5260 παρὰ
977 5224 1071 5259 του
1103 5208 1237 5259 Θεου
1270 5225 1653 5260 μακαοισαων.

459 5206 777 5279 Μοξλῼομ).
800 5207 953 5279 παρὰ
977 5207 1071 5279 τοῦ
1103 5206 1237 5259 Θεοῦ
1270 5206 1653 5279 μακαρισμῶν.

533 5276 645 5345 (52)
683 5275 848 5348 Εὰἱιί,
947 5276 1083 5339 πῶς.
1125 5280 1193 5330 At
1215 5275 1527 5348 utsmtres,
1551 5278 1646 5329 καὶ
1680 5276 1816 5339 πῶς.

532 5344 645 5418 (53)
676 5344 962 5418 SicVoss.
996 5357 1049 5401 et
1080 5348 1235 5402 Colb.
1273 5356 1324 5400 et
1360 5346 1492 5416 Reg.
1540 5349 1766 5418 primus.
1804 5344 2041 5418 Ali_i_duo

461 5415 596 5473 mss.
628 5415 685 5473 et
728 5417 1303 5481 είίίιί,ἀντιτὰσσεται.
1350 5415 1573 5472 Ἐκεῖνο.
1627 5417 1828 5469 Ibidem
1882 5415 2040 5469 Voss.

502 5489 569 5561 ρὴ
593 5490 698 5551 ὅτι,
736 5488 811 5551 ὼς
840 5490 935 5542 ἐὰν
977 5486 1188 5558 φοϐηθῇ
1217 5487 1279 5561 to
1312 5491 1497 5561 κρῖμα
1518 5487 1620 5561 τοῦΔ
1644 5488 1776 5561 Geor}
1803 5486 2042 5561 καῖτῆς.

461 5508 569 5613 χρη
593 5508 698 5551 οτι,
736 5508 811 5551 ως
840 5508 935 5542 εαν
977 5508 1188 5558 φοοηυῃ
1217 5508 1279 5539 το
1312 5508 1485 5557 κριμα
1518 5508 1611 5540 του
1644 5508 1776 5540 σεου
1803 5508 1896 5538 και
1925 5508 2042 5556 της.

496 5562 529 5614 ἰ
564 5560 656 5614 alii
681 5574 901 5629 quoque
940 5574 1073 5613 mss.
1113 5576 1141 5611 a
1187 5558 1420 5626 vulgatis
1449 5558 1721 5613 dissident
1756 5557 1810 5609 in
1844 5556 2045 5629 aliqui-

467 5632 604 5685 bus:
642 5626 761 5693 sed,
793 5626 917 5684 cum
956 5629 1067 5683 sint
1092 5629 1299 5683 nullius
1336 5629 1619 5693 momenti,
1650 5644 1713 5682 ea
1750 5634 1943 5681 notare
1969 5626 2047 5694 pi-

467 5709 575 5771 get.
609 5699 722 5756 lmo
745 5701 909 5755 etiam
934 5714 1146 5768 vereor,
1179 5713 1244 5754 ne
1275 5706 1325 5752 et
1360 5698 1463 5755 hoc
1487 5700 1607 5755 loco
1628 5706 1680 5753 et
1708 5697 1895 5753 multis
1926 5696 2048 5750 aliis

2130 5106 2329 5201 ‘plura,
2359 5144 2521 5201 quam
2555 5142 2659 5201 par
2678 5117 3302 5201 erathnotasselidear:

2367 5181 2595 5267 Kntiqui
2627 5196 2751 5271 duo
2783 5181 2933 5255 libri,
2968 5191 3043 5254 ὡς
3076 5187 3335 5243 ἀδύνατόν
3379 5185 3595 5239 ἐστιν...
3642 5181 3733 5236 τὸν

2195 5266 2237 5342 ὴ⁷
2261 5270 2480 5342 τελέως
2492 5266 2759 5342 -ἆναχωρή
2769 5279 2954 5342 σαντα.

2556 5320 2658 5390 uti!
2688 5320 2795 5388 ὰτὲδ
2820 5332 2913 5385 τοῦ
2943 5330 3181 5411 ᾲκούειν.
3202 5326 3461 5411 γρουῐεῐη
3496 5323 3617 5411 ἀπο.
3634 5320 3733 5411 de-

2155 5394 2407 5473 lerim'us,
2447 5394 2603 5463 ﬁdem
2637 5417 2879 5460 veterum
2928 5402 3189 5473 duorunr
3220 5399 3483 5473 librorum
3531 5394 3729 5473 secuti.

2227 5482 2337 5549 (56)
2370 5464 2504 5549 Reg.
2558 5476 2769 5549 primus
2816 5481 2877 5549 et
2927 5470 3089 5549 Voss.
3137 5470 3216 5549 ος)-
3243 5464 3734 5549 ζητεῖτειίὺιᾳεῖιςιι

2156 5533 2485 5607 ἰίιίειιιίιιεὲί
2522 5533 2785 5608 είπόντος,
2812 5545 2915 5605 ὅτι,
2958 5543 3006 5594 εἰ
3043 5541 3142 5593 ἔτι.
3176 5533 3382 5595 Ibidem
3421 5535 3576 5591 Colb.
3608 5533 3734 5607 ἀρέ-

2159 5637 2308 5675 σκειν
2339 5619 2550 5690 ἤθελον,
2590 5619 2793 5690 placere
2822 5612 3022 5669 vellem.

2230 5692 2340 5761 (37)
2361 5677 2547 5745 'Codeti
2589 5677 2742 5743 Colb.
2775 5694 3009 5755 utroque
3041 5682 3096 5737 in
3119 5681 3237 5736 loco
3267 5677 3570 5752 διδομένην.
