3948 6240
414 318 552 373 1113

1510 318 1812 376 ΒΕΟΗΕᾹΞ
1848 320 2150 376 Βιιεγιυε
2190 318 2615 375 ΤΒΑΩΤΑΤᾸΞ.

3536 313 3680 367 HM

411 437 630 505 ἔφαγες
659 437 777 490 ἀπὸ
812 438 919 491 τοῦ
949 439 1159 503 ξύλου,
1194 435 1266 494 οὗ
1295 439 1685 509 ἐνετειλάμην
1711 459 1830 507 σοι,
1864 445 1998 496 τού-

2125 444 2286 497 utaris
2323 452 2451 507 tum,
2484 450 2535 495 et
2562 439 2836 494 comedisti
2859 437 2922 493 de
2953 438 3111 508 ligno,
3142 452 3207 490 ea:
3228 452 3329 506 quo
3357 435 3470 490 solo
3493 449 3690 503 prsete-

412 544 522 582 του
547 529 738 596 μάνου
754 529 840 596 μὴ
867 529 1100 599 φαγεῖν,
1144 529 1576 600 ἐπικατάρατος
1602 532 1640 598 ἡ
1674 531 1749 603 γῆ
1785 534 1854 587 ἐν
1876 534 2000 600 τοῖς

2125 551 2280 589 ieram
2323 534 2442 596 tibi,
2483 550 2544 587 ne
2589 533 2908 596 comedens,
2958 530 3244 584 maledicta
3284 540 3427 584 terra
3461 529 3516 582 in
3556 543 3683 598 ope-

415 618 612 687 ιργοις
643 635 784 673 σου.
818 622 912 674 καὶ
938 619 1007 674 τὰ
1033 621 1182 690 ἑξῆς.

961 735 1295 787 ΕΡΩΤΗΣῙΣ
1323 735 1453 790 ΜΖ’.

583 828 646 880 Et
679 824 775 878 δεῖ
796 825 920 892 τοῖς
945 826 1395 894 ἁμαρτάνουσιν
1420 827 1843 897 ἐφησυχάζειν.

1003 939 1390 992 ΑΠΟΚΡΙΣῙΣ.

492 1030 611 1083 Ὅτι
648 1031 745 1100 μὲν
775 1031 835 1082 ού
857 1031 956 1093 δεῖ,
983 1031 1214 1101 φανερὸν
1251 1032 1316 1082 ἐκ
1342 1031 1450 1084 τῶν
1475 1031 1570 1084 τοῦ
1599 1031 1806 1102 Κυρίου
1837 1048 2005 1101 προσ-

421 1121 715 1190 ταγμάτων
774 1122 832 1173 ἐν
883 1121 980 1192 μὲν
1042 1124 1107 1192 τῇ
1167 1120 1376 1192 Παλαιᾷ
1441 1121 1684 1192 Διαθήκῃ
1736 1121 2004 1183 εἰπόντος’

433 1209 692 1277 Ἐλεγμῷ
713 1207 978 1278 ἐνῖέιγξεις
1007 1209 1115 1262 τὸν
1140 1211 1408 1277 πλησίον
1434 1225 1572 1274 σου,
1609 1210 1707 1263 καὶ
1735 1213 1807 1264 οὺ
1829 1211 2004 1278 λήψῃ

424 1300 496 1352 δι’
537 1301 724 1354 αὑτὸν
767 1301 1083 1370 ἁμαρτίαν·
1136 1303 1194 1354 ὲν
1238 1301 1294 1354 δὲ
1340 1301 1418 1372 τῷ
1473 1301 1825 1373 Εὑαγγελίῳ·
1873 1303 2010 1355 Ἐὰν

424 1393 652 1462 ἁμάρτῃ
683 1392 792 1464 (59)
819 1396 904 1459 εὶς
931 1393 1006 1446 σὲ
1040 1396 1072 1446 ό
1104 1393 1367 1462 ἀδελφός
1406 1409 1546 1458 σου,
1577 1395 1791 1462 ὕπαγε,
1835 1393 2006 1464 ἔλεγ-

424 1484 534 1549 ξον
577 1485 765 1536 αὐτὸν
810 1482 1036 1552 μεταξὺ
1071 1483 1186 1535 σοῦ
1238 1483 1335 1536 καὶ
1383 1482 1570 1536 αὐτοῦ
1603 1484 1817 1552 μόνου.
1869 1481 2011 1536 Ἐάν

421 1593 538 1631 σου
580 1577 852 1643 ἀκούσῃ,
891 1573 1226 1642 ἐκέρδησας
1265 1573 1374 1628 τὸν
1407 1574 1676 1643 ἀδελφόν
1718 1588 1867 1628 σου·
1903 1575 2013 1628 ἐὰν

421 1667 489 1720 δὲ
512 1666 597 1736 μὴ
627 1667 884 1734 ἀκούσῃ,
912 1664 1219 1733 παράλαϐε
1245 1665 1395 1734 μετὰ
1417 1664 1535 1719 σοῦ
1568 1665 1658 1718 ἐτι
1678 1665 1787 1718 ἕνα
1811 1665 1849 1733 ἢ
1878 1664 2009 1731 δύο,

421 1761 522 1812 ἵνα
565 1757 666 1811 ἐπὶ
717 1759 1013 1826 στόματος
1060 1756 1168 1809 δύο
1210 1757 1527 1826 μαρτύρων
1565 1757 1604 1824 ἢ
1656 1757 1832 1825 τριῶν
1869 1772 2012 1810 στα-

422 1851 669 1916 θήσεται
711 1847 834 1903 πᾶν
862 1848 1028 1918 ῥῆμα
1062 1849 1194 1918 (60).
1238 1848 1380 1902 Ἐὰν
1416 1847 1486 1901 δὲ
1511 1849 1869 1918 παρακούσῃ
1907 1851 2012 1902 αὺ-

422 1941 562 2006 τῶν,
607 1940 738 1995 εἰπὲ
774 1940 849 2010 τῇ
890 1940 1258 2006 Ἐκκλησία·
1316 1938 1425 1992 ἐὰν
1474 1938 1542 1991 δὲ
1591 1939 1690 1991 καὶ
1739 1938 1848 2006 τῆς
1892 1940 2015 1992 Ἐκ-

423 2033 686 2101 κλησίας
713 2032 1098 2099 παρακούσῃ,
1128 2029 1284 2083 ἔστω
1321 2046 1420 2083 σοι
1459 2028 1663 2097 ὥσπερ
1712 2033 1744 2083 ό
1776 2030 2013 2095 ἐθνικὸς

424 2125 522 2178 καί
582 2123 866 2189 τελώνης.
909 2122 1125 2175 Ἦλίκον
1168 2121 1224 2174 δέ
1251 2123 1368 2174 ἐστι
1405 2121 1468 2174 τὸ
1495 2123 1672 2192 κρῖμα
1703 2121 1796 2174 τοῦ
1835 2122 2014 2193 ἁμαρ-

423 2216 666 2286 τήματος
703 2214 916 2275 τούτου,
950 2211 1129 2277 ἔξεστι
1156 2211 1360 2280 γνῶναι
1398 2211 1615 2280 πρῶτον
1655 2211 1754 2283 μὲν
1784 2213 1842 2279 ἐξ
1875 2214 2012 2265 ἁπο-

425 2309 642 2376 φάσεως
679 2305 776 2360 τοῦ
812 2306 1017 2377 Κυρίου
1063 2303 1368 2368 καθολικῶς
1417 2305 1664 2368 εἰπόντος
1688 2320 1702 2334 ο
1756 2305 1810 2355 '0
1842 2304 2010 2357 ἀπει-

425 2399 545 2454 θῶν
574 2397 655 2464 τῷ
687 2395 796 2465 Υίῷ
822 2399 932 2452 οὐκ
975 2397 1187 2466 ὄψεται
1225 2394 1339 2464 τὴν
1386 2395 1568 2463 ζωήν·
1615 2398 1751 2451 ἀλλ’
1785 2399 1824 2466 ἠ
1866 2396 2012 2466 ὀργὴ

426 2473 545 2548 τοῦ.
557 2492 703 2546 Θεοῦ
723 2491 894 2561 μενεῖ
921 2492 1013 2543 ἐπ’
1043 2491 1260 2543 αὐτόν’
1314 2488 1506 2542 ἔπειτα
1537 2491 1632 2543 καὶ
1669 2489 1729 2554 ἐξ
1760 2489 2012 2560 ἱστοριῶν

426 2585 484 2638 εν
520 2603 580 2637 τε
620 2587 687 2655 τῇ
719 2584 934 2654 Παλαιᾷ
979 2583 1074 2636 καὶ
1121 2585 1187 2653 τῇ
1217 2583 1390 2652 Καινῇ
1441 2583 1633 2654 Γραφῇ
1673 2583 2012 2652 φερομένων.

441 2679 571 2732 Ἰδοὺ
615 2679 723 2749 γὰρ
762 2681 788 2732 ὁ
838 2679 935 2748 μὲν
967 2678 1166 2747 Ἀχαρ,
1197 2676 1362 2747 ἡνίκα
1393 2677 1587 2747 ἔκλεψε
1625 2679 1724 2749 τὴν
1763 2679 2014 2748 γλῶσσαν

427 2771 525 2842 τὴν
560 2771 762 2841 χρυσῆν
791 2770 882 2822 καὶ
911 2770 1008 2840 τὴν
1049 2769 1232 2841 ψιλὴν,
1277 2771 1370 2823 ἐπὶ
1404 2770 1514 2842 (61)
1549 2771 1728 2824 πάντα
1765 2772 1854 2824 τὸν
1885 2771 2014 2825 λαὸν

429 2865 648 2934 γέγονεν
679 2865 816 2936 ὀργὴ
866 2863 1072 2934 Κυρίου
1092 2904 1106 2925 ,
1156 2863 1398 2931 καίτοιγε
1426 2863 1771 2930 ἀγνοήσαντα
1802 2864 1896 2915 καὶ
1925 2863 2015 2916 τὸν

429 2957 788 3028 ἡμαρτηκότα
830 2957 925 3010 καὶ
963 2957 1022 3009 τὸ
1064 2957 1388 3028 ἁμάρτημα,
1438 2955 1632 3026 μέχρις
1674 2957 1762 3008 ὅτε
1817 2957 2016 3023 ἐφανε-

434 3049 580 3121 ρώθη
617 3050 646 3101 ὁ
685 3047 1104 3120 προειρημένος,
1138 3049 1232 3101 καὶ
1261 3051 1351 3103 τὸν
1383 3048 1613 3119 φοϐερὸν
1647 3050 1853 3102 ἐκεῖνον
1900 3046 2015 3116 ἅμα

2104 627 2248 681 ribus
2281 628 2382 680 tuis
2413 627 2480 690 ’³,
2511 633 2567 680 ει
2594 631 2816 678 caetera.

2537 735 3036 791 NTERROGATIO
3086 735 3290 789 XLVII.

2322 832 2382 886 Si
2409 843 2549 900 'erga
2579 846 2666 884 eos
2699 830 2789 899 qui
2817 838 3058 898 peccant,
3093 827 3357 882 silendum
3389 826 3475 883 sit.

2691 941 2821 995 RES
2832 939 3094 995 PONSIO.

2179 1034 2322 1090 Sane
2353 1035 2500 1106 quod
2539 1035 2643 1089 hoc
2690 1034 2802 1089 ﬁeri
2846 1049 2956 1088 non
2981 1032 3196 1095 debeat,
3229 1031 3574 1100 perspicuum
3603 1038 3686 1085 est

2109 1143 2172 1183 ex
2205 1127 2492 1197 praeceptis
2542 1125 2782 1188 Domini,
2819 1125 2912 1193 qui
2944 1124 2996 1177 in
3043 1123 3221 1177 Veteri
3253 1122 3471 1191 quidem
3503 1119 3688 1174 Testa-

2109 1227 2294 1274 mento
2341 1221 2476 1274 dixit
2518 1220 2564 1252 "
2615 1239 2626 1274 :
2683 1218 3027 1285 Correptione
3074 1216 3325 1284 corripies
3391 1214 3686 1282 proximum

2111 1319 2258 1362 tuum
2313 1325 2332 1362 :
2383 1320 2432 1363 et
2475 1326 2576 1362 non
2628 1309 2854 1376 accipies
2918 1317 3193 1377 peccatum
3230 1315 3441 1374 propter
3477 1306 3688 1374 ipsum;

2109 1403 2163 1456 in
2199 1401 2490 1471 Evangelio
2525 1417 2652 1455 vero
2681 1401 2728 1432 “
2768 1420 2780 1453 :
2814 1401 2873 1454 Si
2897 1400 3186 1469 peccaverit
3209 1400 3260 1450 in
3289 1406 3334 1452 te
3361 1397 3525 1452 frater
3547 1408 3690 1458 tuus,

2111 1493 2259 1554 vade,
2295 1493 2498 1559 corripe
2538 1509 2654 1546 eum
2701 1493 2840 1544 inter
2890 1501 2937 1544 te
2979 1499 3028 1544 et
3069 1491 3242 1558 ipsum
3290 1489 3482 1542 solum.
3537 1487 3599 1542 Si
3643 1499 3692 1543 te

2113 1585 2363 1648 audierit,
2405 1587 2644 1638 lucratus
2678 1601 2732 1638 es
2757 1585 2978 1653 fratrem
3019 1593 3163 1635 tuum
3190 1598 3208 1647 ;
3236 1582 3283 1635 si
3311 1590 3485 1634 autem
3514 1590 3560 1633 te
3589 1596 3692 1633 non

2113 1678 2364 1738 audierit,
2397 1670 2789 1730 adhibe‘tecum
2820 1675 2990 1728 adhuc
3015 1690 3178 1727 unum
3223 1673 3301 1726 vel
3344 1672 3498 1736 duos,
3538 1682 3594 1723 ut
3638 1671 3692 1723 in

2114 1785 2202 1822 ore
2249 1769 2476 1821 duorunt
2520 1767 2599 1820 vel
2654 1768 2817 1819 trium
2868 1769 3079 1819 testium
3114 1774 3215 1819 stet
3263 1781 3413 1818 omne
3461 1762 3690 1817 verbum.

2115 1859 2270 1925 Quod
2317 1859 2364 1912 si
2405 1876 2509 1912 non
2552 1857 2783 1912 audierit
2821 1874 2930 1921 eos,
2969 1857 3057 1910 dic
3098 1854 3348 1911 Ecclesia:
3363 1872 3381 1920 ;
3431 1857 3478 1911 si
3519 1865 3696 1910 autem

2115 1950 2413 2004 Ecclesium
2435 1966 2636 2020 quoque
2660 1968 2763 2003 non
2784 1949 3035 2015 audierit,
3065 1951 3134 2002 sit
3175 1948 3267 2002 tibi
3299 1949 3433 2002 sicut
3458 1948 3695 2002 ethnicus

2113 2051 2161 2094 et
2191 2041 2529 2110 publicanus.
2577 2039 2750 2095 Porro
2800 2056 2964 2110 quam
2999 2056 3164 2111 grave
3210 2041 3283 2095 sit
3315 2041 3545 2110 hujusce
3572 2056 3698 2111 pec-

2114 2133 2220 2186 cati
2267 2132 2562 2202 judicium,
2617 2132 2844 2201 intelligi
2903 2139 3084 2200 potest
3129 2133 3307 2202 primo
3359 2132 3577 2201 quidem
3630 2147 3695 2186 ex

2115 2225 2392 2280 sententia
2447 2223 2704 2288 Domini,
2755 2224 2847 2292 qui
2895 2224 2950 2276 in
3011 2224 3330 2279 universum
3389 2222 3526 2276 dixit
3578 2223 3625 2254 “
3679 2241 3694 2276 :

2117 2317 2366 2385 Quisquis
2394 2332 2498 2370 non
2526 2316 2701 2370 obedit
2753 2315 2894 2369 Filio
2917 2356 2932 2380 ,
2978 2333 3084 2370 non
3134 2317 3326 2370 videbit
3368 2318 3530 2370 vitam
3561 2332 3579 2370 :
3610 2316 3700 2370 sed

2114 2408 2201 2461 ira
2256 2407 2351 2461 Dei
2396 2406 2630 2461 manebit
2679 2424 2837 2476 super
2892 2421 3054 2470 eum;
3102 2407 3301 2461 deinde
3341 2421 3408 2460 ex
3452 2405 3702 2460 liiStoriis

2115 2500 2302 2564 etiam,
2337 2515 2460 2569 qua:
2511 2507 2630 2553 tum
2675 2500 2730 2553 in
2757 2499 2962 2563 Veteri,
2999 2507 3114 2552 tum
3149 2499 3202 2552 in
3232 2496 3382 2551 Nova
3419 2497 3701 2566 Scriptura

2118 2590 2462 2645 referuntur.
2504 2589 2648 2646 Ecce
2701 2590 2847 2644 enim
2891 2589 3113 2660 quando
3155 2589 3338 2643 Achar
3384 2587 3594 2642 furatus
3617 2596 3702 2642 est

2117 2683 2358 2752 linguam
2423 2698 2649 2738 auream
2700 2692 2756 2737 et
2806 2691 3039 2749 vestem,
3087 2683 3264 2738 iratus
3310 2689 3395 2736 est
3439 2679 3702 2734 Domiuu

2115 2773 2268 2828 omni
2323 2774 2554 2844 populo,
2591 2773 2757 2844 idque
2807 2784 2922 2828 tum
2971 2773 3182 2843 peccati
3236 2780 3539 2835 auctorem,
3589 2782 3704 2825 tum

2117 2878 2402 2934 peccatum
2435 2865 2614 2934 ipsum
2663 2865 2958 2936 ignoranti,
2983 2864 3157 2918 donec
3177 2864 3426 2920 detectus
3457 2870 3602 2918 esset
3634 2864 3704 2923 is,

2119 2957 2282 3024 cujus
2299 2958 2411 3026 jam
2437 2956 2578 3012 facta
2599 2965 2684 3013 est
2708 2960 2934 3027 mentio,
2952 2974 3014 3013 ac
3037 2957 3198 3030 43],
3217 2955 3547 3011 horrendum
3570 2954 3703 3008 illud

2117 3048 2352 3102 exitium-
2388 3063 2496 3102 una
2543 3064 2668 3103 cum
2727 3052 2844 3104 suis
2879 3051 3138 3104 omnibus
3183 3048 3445 3103 subiisset
3478 3048 3542 3099 ²⁷.
3588 3044 3704 3100 Heli

433 3141 568 3192 πᾶσι
595 3139 708 3202 τοῖς
737 3139 885 3201 ἰδίοις
919 3138 1033 3209 (62)
1069 3139 1362 3210 ὑπέμεινεν
1395 3139 1635 3209 ὄλεθρον.
1678 3139 1735 3190 Ὀ
1772 3137 1828 3190 δὲ
1869 3137 2017 3188 Ἠλεὶ

2125 3155 2272 3202 vero,
2329 3141 2546 3196 etiamsi
2584 3141 2804 3197 silentio
2849 3158 2960 3197 non
3006 3142 3175 3197 ferret
3215 3141 3357 3194 lilios
3418 3154 3568 3200 suos,
3611 3138 3705 3207 qui

433 3231 636 3300 καίπερ
669 3230 768 3282 οὐκ
801 3231 1152 3300 ἐφησυχὰσας
1204 3232 1317 3293 τοῖς
1362 3230 1558 3283 ἑαυτοῦ
1611 3233 1782 3296 υἱοῖς,
1822 3229 2019 3292 οἵτινες

432 3318 571 3393 ἦσαν
618 3323 723 3374 υἱοὶ
767 3321 967 3392 λοιμοὶ,
1015 3321 1274 3386 πολλάκις
1321 3322 1378 3375 δὲ
1428 3323 1610 3385 αὐτοῖς
1660 3321 2020 3392 παραινέσας,

435 3416 528 3468 καὶ
565 3413 770 3477 εἰπὼν,
801 3413 898 3482 Μὴ
924 3453 940 3478 ,
991 3412 1209 3478 τέκνα,
1263 3416 1376 3468 οὐκ
1413 3413 1606 3483 ἀγαθὰ
1648 3414 1847 3467 ἀκούω
1888 3414 2021 3478 περὶ

433 3506 619 3574 ὑμῶν,
652 3506 747 3560 καὶ
771 3505 914 3577 λόγῳ
943 3505 1149 3558 πλείονι
1175 3505 1590 3569 κατασκευάσας
1619 3505 1719 3575 τῆς
1754 3522 1812 3556 τε
1845 3505 2025 3575 ἁμαρ-

434 3599 554 3662 τίας
579 3599 640 3651 τὸ
674 3599 873 3653 ἄτοπον
917 3599 1012 3651 καὶ
1040 3597 1162 3668 ,τῆς
1210 3600 1445 3668 κρίσεως
1483 3598 1544 3650 τὸ
1587 3597 1878 3666 ἄφευκτον,
1941 3597 2026 3648 ὅτι

439 3690 513 3760 μὴ
562 3690 699 3753 ὅλως
739 3689 1041 3761 ἐξεδίκησε,
1094 3689 1230 3760 μηδὲ
1272 3690 1362 3742 τὸν
1394 3690 1675 3760 πρέποντα
1714 3687 1873 3758 ζῆλον
1906 3697 2024 3739 κατ’

437 3780 616 3837 αὐτῶν
668 3781 1013 3846 ἐπεδείξατο,
1076 3781 1330 3834 τοσοῦτον
1382 3778 1671 3850 παρώξυνε
1707 3779 1807 3850 τὴν
1857 3778 2026 3848 ὀργὴν

436 3874 530 3928 τοῦ
561 3873 721 3943 Θεοῦ,
763 3874 839 3939 ὡς
873 3876 967 3928 καὶ
993 3875 1084 3928 τὸν
1124 3875 1252 3927 λαὸν
1279 3876 1394 3936 τοῖς
1422 3873 1558 3936 υἱοῖς
1602 3869 1767 3924 αὐτοῦ
1799 3887 2028 3923 συνανα-

438 3965 699 4037 λωθῆναι,
733 3967 826 4020 καὶ
857 3965 955 4038 τὴν
985 3965 1217 4020 κιϐωτὸν
1250 3964 1420 4036 αὐτὴν
1449 3964 1556 4016 ὑπὸ
1579 3963 1687 4016 τῶν
1712 3961 2026 4030 ἀλλοφύλων

439 4057 743 4129 ληφθῆναι,
791 4058 887 4111 καὶ
925 4057 1087 4110 αὑτὸν
1117 4057 1210 4109 ὲπ).
1244 4054 1457 4118 τούτοις
1491 4052 1602 4125 (65)
1635 4050 1838 4122 οἰκτρῷ
1882 4050 2026 4102 τέλει

440 4150 834 4221 θανατωθῆναι.
873 4151 936 4203 Εἰ
978 4151 1035 4203 δὲ
1066 4149 1208 4203 κατὰ
1244 4148 1352 4201 τῶν
1385 4146 1460 4219 μὴ
1505 4144 1918 4213 συνεγνωκότων
1949 4141 2027 4210 τῷ

442 4246 839 4317 ἅμαρτήσαντι,
881 4245 976 4296 καὶ
1021 4243 1163 4296 κατὰ
1191 4240 1300 4293 τῶν
1351 4239 1710 4292 κωλυσάντων
1755 4236 1887 4309 (64),
1931 4237 2026 4288 καὶ

439 4334 962 4408 διαμαρτυραμένων
1008 4334 1070 4386 τὸ
1120 4331 1423 4402 ἁμάρτημα
1446 4342 1473 4395 ,'
1511 4326 1748 4397 τοσαύτη
1797 4331 1830 4397 ἡ
1887 4325 2026 4396 ὀργὴ

443 4429 730 4498 ἐξεκαύθη,
765 4429 816 4481 τί
866 4428 930 4482 ἄν
975 4443 1059 4490 τις
1109 4426 1250 4478 sinos
1298 4424 1426 4495 περὶ
1485 4421 1592 4475 τῶν
1644 4419 2025 4489 γινωσκόντων

2124 3232 2401 3286 erant'ﬁlii
2437 3233 2775 3302 pestilentes,
2810 3234 2905 3288 sed
2936 3249 3311 3303 saepenumero
3340 3230 3705 3286 commonuis-

2125 3329 2207 3376 set
2237 3322 2409 3391 ipsos,
2447 3336 2510 3374 ac
2533 3322 2767 3378 dixisset
2807 3324 2850 3355 ³⁸
2884 3342 2896 3378 :
2932 3322 3138 3390 Nolite,
3167 3324 3290 3392 ﬁlii,
3320 3337 3423 3376 non
3457 3321 3590 3373 bona
3613 3336 3706 3372 au-

2123 3414 2211 3467 dio
2250 3415 2314 3467 de
2351 3413 2536 3476 vobis;
2573 3413 2811 3484 itemque
2846 3415 3095 3484 longiore
3125 3429 3380 3469 sermone
3416 3421 3470 3467 et
3497 3411 3706 3482 peccati

2125 3507 2519 3560 absurditalem
2565 3514 2620 3560 et
2655 3507 3024 3560 inevitabilem
3073 3504 3584 3560 condemnationem
3613 3518 3707 3573 pa-

2127 3595 2425 3657 tefecisset,
2457 3597 2719 3664 quoniam
2768 3605 2950 3649 tamen
2998 3611 3107 3650 non
3156 3595 3375 3664 penitus
3406 3593 3553 3647 ultus
3587 3592 3707 3646 fue-

2125 3695 2231 3751 rat,
2271 3703 2448 3756 neque
2505 3688 2558 3740 in
2610 3703 2705 3742 eos
2751 3688 3069 3742 Ostenderat
3113 3687 3367 3741 idoneam
3405 3684 3708 3739 :exnulatio-

2128 3792 2272 3840 nem,
2303 3778 2438 3832 adeo
2469 3779 2816 3846 exasperavit
2849 3778 2985 3831 iram
3019 3776 3134 3844 Dei,
3163 3786 3221 3831 ut
3251 3785 3304 3830 et
3342 3775 3576 3845 populus
3599 3789 3710 3828 una

2126 3885 2251 3923 cum
2295 3868 2421 3925 ﬁliis
2465 3870 2636 3940 ipsius
2681 3871 3042 3940 interemptus
3093 3870 3185 3932 sit,
3219 3852 3288 3922 iet
3332 3873 3490 3936 capta
3539 3866 3612 3920 sit
3641 3866 3714 3920 ab

2127 3962 2448 4031 alienigenis
2491 3976 2619 4015 arca
2672 3961 2812 4030 ipsa,
2860 3969 2914 4016 et
2955 3963 3071 4030 ipse
3123 3975 3342 4031 quoque
3376 3956 3710 4012 miseranda

2127 4065 2301 4109 morte
2327 4055 2619 4109 interierit.
2655 4054 2811 4120 Quod
2847 4057 2890 4110 si
2924 4055 3187 4110 adversus
3219 4069 3313 4108 eos
3350 4050 3445 4122 qui
3479 4050 3716 4106 sceleris,

2129 4147 2341 4201 auctori
2380 4147 2590 4202 conscii
2633 4163 2743 4201 non
2774 4146 3016 4210 fuerunt,
3046 4146 3157 4200 imo
3187 4147 3281 4215 qui
3315 4143 3713 4215 prohibuerunt

2128 4244 2412 4306 peccatum
2442 4277 2456 4300 ,
2529 4243 2585 4291 et
2645 4237 3024 4292 testimonium
3101 4234 3387 4290 reddidere
3444 4231 3710 4287 adversm

2129 4323 2286 4389 illud,
2332 4323 2412 4377 ira
2448 4331 2598 4378 tanta
2629 4325 2858 4389 exarsit,
2890 4323 3087 4394 ecquid
3136 4325 3260 4393 quis
3293 4324 3474 4377 dicere
3514 4323 3711 4391 poterit

2129 4412 2196 4468 de
2227 4415 2295 4470 iis
2323 4415 2417 4484 qui
2449 4415 2648 4481 sciunt,
2683 4423 2739 4470 et
2770 4425 2951 4469 tamen
3001 4413 3421 4469 conticescunt?
3447 4411 3553 4478 Qui
3586 4410 3711 4480 qui-

443 4522 535 4575 καὶ
568 4518 1046 4592 ἐφησυχαζόντων;
1083 4517 1291 4578 Οἴτινες
1319 4514 1414 4566 ἐὰν
1441 4514 1514 4584 μὴ
1553 4511 1924 4577 ἐπιδείξωνται
1954 4509 2017 4562 τὰ

2128 4510 2273 4571 dem,
2309 4509 2417 4564 nisi
2447 4525 2510 4564 ea
2548 4510 2904 4579 praestiterint
2946 4523 3068 4578 quae
3111 4509 3181 4562 ab
3219 4506 3478 4576 Apostolo
3510 4504 3576 4557 ad
3603 4502 3714 4556 Co-

541 4676 590 4706 ³³
625 4673 762 4728 Gen.
803 4689 895 4738 ιιι,
931 4673 1016 4725 l7.
1094 4671 1142 4702 “
1181 4669 1352 4724 Levit.
1391 4683 1512 4732 nx,
1554 4667 1640 4720 17.
1718 4665 1764 4696 ’⁸
1805 4663 1992 4717 Matth.

2126 4677 2193 4728 ιι,
2232 4663 2414 4717 15-17.
2493 4664 2540 4695 ⁸⁸
2577 4662 2736 4718 Joan.
2775 4679 2870 4727 ιιι,
2905 4660 2991 4716 56.
3071 4662 3114 4692 ²⁷
3157 4659 3326 4716 Josue
3358 4674 3471 4726 vn,
3517 4652 3709 4711 21-26.

517 4749 561 4779 "‘
597 4746 617 4800 l
650 4745 785 4814 Reg.
820 4761 880 4807 ιι,
916 4743 1006 4796 24.

515 4887 626 4954 (59)
660 4884 814 4938 Unus
844 4900 948 4939 ms.
979 4881 1071 4934 ἐὰν
1109 4881 1418 4954 ἁμαρτήσῃ.

514 4945 625 5027 (60)
653 4954 784 5025 Reg.
821 4956 1030 5023 primus
1061 4962 1115 5005 et
1146 4945 1644 5072 νοὲεζσταθῗέπᾶν
1674 4945 1844 5025 ῥῆμα.

516 5027 628 5072 ltili
661 5025 880 5072 Ληιίηιιί
911 5026 1020 5072 duo
1048 5022 1168 5072 libri
1195 5019 1449 5072 et.editio
1529 5020 1661 5072 aris.
1687 5033 1844 5072 γουσι

516 5014 628 5094 (δι)
660 5014 880 5093 Αηῑιριὶιι
911 5026 1020 5077 duo
1048 5022 1168 5076 libri
1195 5019 1449 5074 et.editio
1484 5014 1902 5094 Ρει-ιειίχρυσῆχ
1927 5014 2021 5066 καὶ

444 5086 543 5168 τὴν
564 5086 776 5168 στολὴν,
801 5086 914 5149 ἐπί.
945 5094 1048 5168 Alii
1073 5095 1355 5168 _duo_mss.
1380 5086 1758 5168 praeteri/oss.
1790 5086 2025 5168 e‘t'Com-

448 5155 554 5222 béf.
611 5155 837 5239 χρυσῆν,
876 5164 982 5239 καὶ
1034 5162 1131 5232 τὴν
1183 5155 1530 5239 ψιλὴνςὲπί.
1568 5158 1765 5239 Ἐίιιιὶο
1817 5155 2022 5239 Veneta

449 5226 737 5304 utramque
769 5226 1053 5289 lectionem
1081 5226 1319 5302 praefert,
1355 5230 1437 5285 sic
1475 5238 1535 5304 ut
1566 5231 1621 5304 in
1642 5235 1898 5304 contextu
1925 5226 2023 5277 lia-

449 5297 793 5430 gealhdftlijv,
841 5306 896 5360 in
955 5297 1201 5374 margine
1245 5317 1376 5358 vero
1429 5300 1641 5370 στολήν.
1678 5297 1817 5368 Lege
1868 5305 2028 5350 notas

499 5393 530 5430 ο
572 5395 586 5430 ι
614 5394 669 5430 ιι.

499 5378 669 5430 obilii.

523 5447 634 5515 (σε)
663 5446 844 5501 Codex
876 5444 1036 5498 Voss.
1076 5445 1234 5497 παισὶ
1270 5444 1383 5500 τοῖς
1428 5438 1597 5515 ἰδίοις,
1621 5456 1735 5515 uita
1767 5455 1883 5491 cum
1917 5439 2025 5515 suis

451 5510 648 5584 pueris.
687 5517 826 5570 Eiliti
864 5525 916 5570 et
947 5517 1057 5568 duo
1107 5529 1243 5568 mss.
1289 5528 1388 5581 pro
1419 5511 1834 5584 ﬁutcidiabent
1869 5510 2023 5584 πᾶσι.

459 5579 607 5642 tlaud
644 5590 799 5656 longe
829 5603 934 5640 vox
962 5584 1068 5638 υἱοί
1102 5579 1391 5656 additaest
1421 5597 1492 5656 ex_
1511 5580 1687 5656 tribus
1717 5579 2021 5656 codicibus.

455 5659 700 5712 Subinde
739 5648 873 5713 mss.
921 5665 1031 5709 tres
1076 5669 1199 5708 cum
1238 5651 1394 5724 Voss.
1437 5652 1619 5724 αύτοξς
1666 5648 2020 5724 παραινέσας.

455 5727 585 5801 Reg.
617 5730 892 5786 secundus
913 5726 1138 5797 perinde
1169 5731 1226 5778 ut
1255 5723 1388 5778 editi
1432 5722 1645 5784 αὐτούς.
1681 5719 1797 5774 lico
1825 5719 1942 5788 ipso
1971 5722 2022 5771 in

2129 4871 2249 4923 loco
2280 4871 2448 4924 codex
2491 4870 2650 4924 Voss.
2677 4870 2788 4940 Μὴ,
2814 4869 3162 4940 τέκναηυὶςιὶ,
3198 4865 3270 4936 μὴ
3303 4865 3500 4940 ames.

2193 4940 2310 5020 (ϐξ)
2347 4941 2480 5020 [ξοδ.
2513 4935 2860 5020 ιιι-ιιιιυεζτοῦ
2897 4935 3346 5020 squamea).
3360 4937 3459 5014 τῂν
3480 4935 3718 5020 κιδωθτδν-

2125 5005 2220 5063 τού
2249 5011 2381 5082 Θεοῦ
2425 5005 2715 5082 ληφθῆναι,
2739 5010 2833 5082 καὶ
2866 5009 2955 5082 τὸν
2973 5005 3550 5082 *λαον-τοῧηθεοῦίτοιῖς
3576 5009 3710 5082 υἱοῖς

2126 5081 2292 5134 αὑτοῦ
2331 5075 2897 5149 συναναλωθῆναεύπὸ
2927 5078 3036 5149 τῶν
3061 5075 3393 5149 ἀλλοφύλων1
3423 5077 3518 5149 καὶ
3546 5077 3710 5149 αὐτον

2129 5153 2222 5204 ἐπὶ
2261 5150 2492 5213 τούτοις.
2544 5145 2723 5203 Codex
2761 5147 2920 5202 Voss.
2959 5148 3050 5200 τὸν
3075 5147 3204 5200 λαὸν
3242 5145 3336 5199 τοῦ
3363 5147 3566 5203 Θεοῦ...
3610 5147 3710 5218 τὴν

2129 5221 2359 5274 κιϐωτὸν
2388 5218 2724 5288 ἁναλωθῆναί
2759 5235 2816 5270 τε
2843 5218 2937 5271 καὶ
2972 5218 3150 5288 αὐτόν.

2204 5292 2314 5362 (64)
2347 5291 2478 5360 Reg.
2502 5285 2725 5362 primus
2757 5305 2918 5362 manu
2955 5287 3265 5362 recentiore_
3296 5285 3404 5338 τῶν
3436 5285 3508 5356 μὴ
3522 5286 3708 5362 ,κωλυ-
3811 5329 3813 5334 .

2133 5355 2342 5416 σάντων
2369 5380 2381 5392 ·
2419 5355 2530 5413 ἐειΓ
2560 5359 2882 5426 particulam
2934 5365 3222 5427 negantem
3253 5355 3444 5424 inepte
3467 5355 3706 5427 additam

2131 5449 2253 5486 esse
2287 5432 2494 5490 vident,
2522 5425 2739 5497 opinor,
2771 5443 2981 5481 omnes.
3009 5425 3094 5481 ilbi
3142 5426 3282 5481 enim
3319 5441 3499 5479 sermo
3531 5438 3612 5497 est
3639 5425 3708 5479 de

2134 5503 2285 5563 lleli;
2327 5503 2501 5568 deque
2535 5496 2762 5566 reliquis
2804 5497 2925 5564 ejus
2971 5497 3262 5568 similibus,
3297 5497 3389 5568 ί]ρί
3420 5496 3708 5568 prohibent

2132 5573 2353 5641 quidem
2407 5564 2713 5641 peccatutii,
2761 5568 2857 5625 sed
2890 5569 3128 5623 mollius.
3161 5565 3284 5623 Mox
3317 5564 3459 5636 Reg.
3513 5566 3710 5622 terti‘us

2133 5639 2354 5710 τοιαύτη
2387 5641 2420 5710 ἡ
2455 5639 2612 5711 ὀργή.
