3948 6240
410 292 542 348 [£17

1484 289 1786 344 REGULA‘J
1840 283 2140 346 BREVIUS
2174 283 2594 340 TRACTAT/E.

3537 279 3672 334 ms

405 407 866 492 μετεωριζόμενος
923 410 1031 462 ἀπὸ
1083 409 1177 462 τοῦ
1218 408 1383 474 Θεοῦ,
1423 409 1516 463 καὶ
1567 411 1629 462 τὸ
1673 407 1843 471 πάθος
1895 407 1980 478 τῆς

2104 404 2367 466 laborare,
2417 403 2770 486 animumque
2815 401 3015 455 habere
3057 414 3092 453 a
3136 399 3251 455 Dee
3284 391 3670 462 abalienatum,

405 501 740 573 περπερείας
772 502 864 554 καὶ
903 501 961 553 ἐν
1011 502 1193 562 αὐτοῖς
1233 499 1474 558 εὐτελέσι
1501 499 1876 575 πληροφορόΝ,

951 700 1284 752 ΕΡΩἸῊΣΙΣ
1315 699 1439 752 ΝΑ¹.

904 789 964 844 Τί
987 789 1118 842 ἐστι
1147 788 1329 842 Ῥακά
1355 789 1486 860 (72).

999 896 1389 948 ΑΠΟΚΡΙΣῙΣ.

491 985 810 1057 Ἔῖπιχώριον
848 986 999 1057 ῥῆμα
1043 988 1358 1058 ἠπιωτέρας
1397 987 1629 1058 ὓὸρεως,
1680 988 1814 1057 πρὸς
1858 988 1986 1049 τοὺς

401 1080 766 1150 οἰκειοτέρους
800 1078 1232 1150 λαμϐανόμενον.

948 1193 1280 1244 ΕΡΩΤΗΣΙΣ
1325 1192 1429 1244 NB’

411 1285 522 1341 Τοῦ
567 1285 936 1340 Ἀποστόλου
956 1284 1243 1352 λέγοντος
1275 1283 1421 1337 ποτὲ
1445 1282 1594 1353 μὲν.
1643 1301 1667 1332 ο
1693 1283 1786 1349 Μὴ
1820 1282 1986 1352 τινώ-

472 1361 626 1424 μεθιι
651 1356 762 1425 (75)
785 1355 1093 1418 κενόδοξοι
1112 1372 1125 1384 ·
1153 1374 1172 1406 ι
1204 1354 1351 1410 ποτὲ
1381 1354 1480 1425 δὲ,
1507 1377 1522 1403 ι
1546 1353 1642 1420 Μὴ
1669 1355 1739 1407 ἐν
1766 1355 1988 1423 ὀφθαλ-

471 1424 800 1496 μοδο-υλείᾳ
849 1425 993 1496 (74)
1040 1426 1122 1491 ὡς
1172 1424 1660 1496 ἀνθρωπάρεσκοι
1681 1465 1700 1487 ,
1757 1443 1776 1474 ›
1820 1425 1910 1489 τίς
1955 1427 1986 1476 ὁ

475 1494 793 1563 κενόδοξος
819 1537 833 1563 ,
859 1494 959 1550 καὶ
985 1496 1076 1548 τίρ
1102 1499 1136 1549 ό
1167 1494 1688 1564 ἀνθοωπάρεσκος.

1005 1678 1386 1734 ΑΠΟΚΡῘΣΙΣ.

2085 503 2140 549 et
2172 493 2561 550 ostentationis
2592 493 2725 551 vitio
2768 492 2823 545 in
2863 490 2998 560 ipsis
3043 491 3208 546 etiam
3263 490 3430 544 rebus
3471 488 3671 542 vilibus

2088 586 2402 656 indulgere.

2556 689 3076 746 INTERROGATIO
3125 691 3211 744 Ll.

2613 783 2752 850 Quid
2802 783 2872 836 sit
2919 781 3064 836 Raea
3090 783 3150 834 ³⁸.

2670 892 3081 949 RESPONSIO.

2165 988 2537 1044 Ver-naculum
2578 988 2806 1043 verbum
2834 996 2941 1049 est,
2973 984 3364 1040 contumeliam
3396 983 3675 1039 mitiorem

2085 1080 2436 1153 signiﬁcans,
2469 1079 2618 1150 quod
2651 1094 2780 1147 erga
2810 1077 3113 1132 familiares
3139 1083 3454 1144 usurpatur.

2521 1189 3049 1245 INTERROGATIU
3116 1187 3225 1242 ιιι.

2088 1284 2221 1339 Cum
2254 1284 2542 1353 Apostolus
2571 1284 2740 1347 dicat,
2799 1284 2956 1337 modo
2985 1283 3232 1353 quidem;
3267 1299 3286 1331 ι
3326 1278 3450 1332 Non
3481 1277 3673 1353 efﬁcia-

2161 1371 2280 1407 mur
2303 1348 2506 1408 'inams
2536 1355 2722 1424 gloria:
2745 1354 2924 1420 cupidi
2939 1348 3018 1417 37';
3051 1372 3070 1402 ι
3106 1351 3261 1424 modo
3293 1364 3453 1424 vero:
3491 1368 3508 1399 ι
3547 1348 3673 1402 Non

2160 1426 2228 1497 ad
2261 1425 2472 1497 acutum
2504 1421 2814 1497 seruientes,
2839 1424 2992 1497 quasi
3009 1421 3535 1497 lioniinibusplacere
3558 1428 3673 1497 stu-

2158 1495 2337 1549 dentes
2358 1496 2403 1526 ³⁸
2428 1514 2441 1560 ;
2471 1515 2488 1546 ι
2529 1496 2646 1564 quis
2674 1504 2750 1547 est
2786 1493 2960 1546 inanis
2988 1493 3173 1564 gloria:
3208 1493 3450 1560 cupidus,
3482 1498 3530 1543 et
3550 1493 3671 1559 quis

2158 1575 2256 1628 est,
2289 1566 2378 1635 qui
2399 1565 2608 1633 placere
2637 1564 2936 1618 hominibus
2967 1563 3160 1617 studet.

2682 1673 2948 1729 RESPON
2959 1673 3085 1729 SIO.

478 1792 777 1863 Λογίζομαι
797 1836 811 1859 ,
842 1794 922 1847 ὅτι
965 1794 1240 1858 κενόδοξος
1271 1795 1368 1864 μέν
1403 1795 1554 1850 ἐστιν
1580 1794 1608 1845 ὁ
1629 1831 1643 1854 ,
1673 1791 1833 1862 ψιλῆς
1868 1791 1980 1843 ἓνε-

2159 1787 2236 1843 Cu
2245 1787 2432 1858 pidum
2465 1789 2683 1859 quidem
2709 1789 2892 1844 inanis
2913 1791 3101 1861 gloriae
3115 1791 3351 1846 arbitror
3372 1806 3494 1846 esse
3520 1804 3667 1852 eum,

405 1903 502 1943 κεν
543 1887 638 1955 τῆς
671 1888 727 1938 ἐν
763 1887 952 1956 κόσμῳ
989 1885 1180 1956 δόξης,
1216 1886 1314 1956 τῆς
1352 1884 1505 1956 παρά
1534 1883 1643 1938 τῶν
1671 1884 1920 1954 ὁρώντων
1950 1881 1983 1953 ἢ

402 1978 746 2039 ἀκουόντων,
798 1976 967 2031 ποιῶν
997 1995 1050 2030 τι
1093 1977 1126 2048 ἢ
1179 1976 1383 2045 λέγων·
1434 1978 1897 2049 ἀνθρωπάρεσκος
1930 1975 1985 2029 δὲ

403 2068 433 2118 ὁ
462 2066 596 2137 πρὸς
618 2066 678 2118 τὸ
722 2066 932 2137 θέλημά
972 2085 1114 2129 τινος
1134 2067 1423 2137 ἀνθρώπου
1457 2069 1537 2131 εἰς
1567 2067 1861 2139 ἀρέσκειαν
1889 2065 1986 2120 αὑ·

403 2158 506 2216 τοῦ,
531 2157 700 2218 ποιῶν
723 2199 737 2223 ,
769 2159 870 2215 κᾶν
900 2159 1124 2230 ἀτιμίας
1152 2158 1301 2230 ἄξιον
1389 2160 1451 2217 τὸ
1476 2159 1787 2234 γινόμενον.

943 2450 1278 2505 ΕΡΩΤΗΣΙΣ
1306 2449 1410 2502 NI"

410 2562 507 2627 Ιτίς
547 2561 716 2614 ἐστιν
743 2561 854 2632 (75)
898 2565 930 2616 ό
964 2562 1283 2632 μολυσμὸς
1321 2560 1431 2629 τῆς
1463 2561 1690 2632 σαρκὸς
1711 2601 1726 2620 .
1761 2561 1858 2617 καὶ
1892 2561 1986 2632 τίς

473 2636 508 2685 ό
537 2631 857 2701 μολυσμὸς
906 2631 1013 2687 τοῦ
1059 2633 1427 2702 πνεύματος·
1471 2633 1570 2686 καὶ
1616 2631 1742 2698 πῶς
1787 2631 1987 2702 αὑτῷν

476 2704 960 2771 καθορεύσομετυ
1010 2703 1049 2772 ἢ
1104 2701 1217 2769 τίςί
1261 2708 1292 2758 ό
1342 2702 1665 2773 ἀγιασμός·
1710 2703 1806 2756 καὶ
1858 2701 1985 2767 πῶς

475 2775 662 2827 αὑτὸν
695 2775 1057 2843 κτησόμεθα.

997 2888 1382 2941 ΔΠΟΚΡΙΣΙΣ.

474 2997 763 3068 Μολυσμὸς
809 2997 876 3051 ἂν
929 2997 1014 3063 εἴη
1069 3000 1270 3071 σαρκὸς
1325 3001 1424 3070 μὲν
1473 3001 1535 3052 τὸ
1581 2999 1983 3070 ἀναμίγνυσθαι

2086 1881 2181 1952 qui
2211 1881 2282 1934 ob
2312 1891 2534 1935 tenuem
2565 1883 2755 1936 mundi
2783 1882 3041 1952 gloriam,
3083 1899 3113 1936 a
3145 1883 3550 1954 spectatoribus
3578 1888 3674 1935 aut

2087 1969 2155 2024 ab
2177 1968 2526 2024 auditoribus
2574 1971 2980 2040 accipiendam,
3025 1965 3157 2027 facit
3195 1973 3402 2043 aliquid
3455 1980 3549 2026 aut
3587 1973 3673 2026 di-

2085 2061 2199 2128 cit;
2229 2060 2543 2116 studiosum
2574 2077 2707 2116 vero
2746 2065 3123 2134 complacendi
3152 2065 3468 2122 hominibus
3514 2081 3670 2127 eum,

2087 2153 2183 2225 qui
2214 2153 2282 2208 ad
2315 2154 2552 2223 alicujus
2582 2153 2828 2211 hominis
2858 2156 3174 2223 arbitrium,
3206 2159 3308 2229 ipsi
3341 2158 3669 2229 placiturus,

2086 2247 2293 2318 aliquid
2327 2249 2562 2318 peragit,
2597 2249 2813 2304 etiamsi
2853 2250 2907 2305 id
2949 2251 3095 2307 auod
3125 2252 3378 2315 ellicitur,
3414 2253 3486 2308 sit
3517 2252 3673 2323 igno-

2087 2341 2256 2394 minia
2285 2340 2534 2411 dignum.

2427 2453 2590 2527 433
2617 2451 3140 2508 INTERROGATIO
3188 2452 3298 2506 ιλιι

2087 2568 2369 2635 Quodnam
2395 2570 2465 2622 sit
2493 2568 2954 2638 inquinamentum
2984 2568 3190 2632 carnis,
3225 2577 3274 2638 et
3305 2567 3570 2636 quodnam
3600 2570 3673 2623 sit

2152 2641 2373 2708 spiritus
2405 2637 2893 2708 inquinamentum,
2928 2648 2978 2692 et
3011 2637 3272 2708 quomodo
3301 2639 3365 2690 ab
3389 2640 3514 2706 ipsis
3543 2655 3668 2708 pur-

2161 2710 2400 2778 gabimus
2446 2711 2799 2778 nosmetipsos
2827 2724 2846 2762 :
2877 2718 2971 2761 aut
3003 2724 3122 2778 qua:
3157 2718 3238 2762 est
3291 2711 3671 2764 sanctimonia.

2150 2777 2199 2832 et
2229 2780 2490 2846 quomodo
2520 2780 2693 2849 ipsam
2731 2777 3104 2847 adipiscem’ur.

2670 2891 2938 2949 RESPON
2948 2891 3058 2948 SIO

2155 3004 2354 3060 Carnis
2387 3003 2612 3075 quidem
2646 3005 3122 3075 inquinamentum
3156 3004 3342 3069 fuerit,
3365 3005 3669 3061 admisceri

403 3091 514 3150 τοῖς
542 3087 900 3160 αωουργοῦσι
924 3088 1041 3161 (76),
1070 3089 1141 3143 τὰ
1169 3089 1595 3162 ἀπηγορευμένα
1619 3130 1634 3153 ,
1671 3088 1980 3158 πνεύματος

2107 3095 2154 3150 is
2191 3097 2291 3165 qui
2317 3103 2540 3166 patrant
2575 3093 2854 3165 prohibita
2883 3113 2896 3148 ε
2923 3093 3154 3164 spiritus
3174 3108 3328 3155 vero,
3351 3093 3670 3149 indifferen-

403 3180 460 3232 δὲ
488 3179 547 3232 τὸ
577 3180 889 3252 ἀδιαφορεῖν
918 3181 1055 3252 πρὸς
1081 3182 1208 3245 τοὺς
1242 3182 1572 3252 φρονοῦντας
1611 3182 1644 3253 ἢ
1691 3181 1980 3243 ποιοῦντας

403 3273 472 3332 τὰ
505 3270 751 3326 τοιαῦτα.
799 3271 1110 3345 Καθαρεύει
1145 3274 1202 3327 δέ
1240 3291 1361 3340 τις,
1392 3275 1519 3328 ὅταν
1558 3274 1862 3345 ἀνάσχηται
1885 3273 1978 3325 τοῦ

416 3363 740 3421 Ἀποστόλου.
779 3363 1025 3428 εἰπόντος
1071 3363 1149 3435 τῷ
1194 3365 1420 3436 τοιούτῳ
1470 3366 1606 3437 μηδὲ
1657 3365 1977 3428 συνεσθίειν,

405 3456 500 3508 καὶ
524 3455 625 3510 ὅσα
644 3455 867 3513 τοιαῦτα
892 3472 905 3485 ’
943 3457 978 3525 ἢ
1007 3456 1136 3510 ὅταν
1164 3457 1316 3531 πάθῃ
1338 3457 1400 3510 τὸ
1429 3457 1720 3529 εἰρημένον
1751 3458 1855 3512 ὑπὸ
1884 3457 1978 3511 τοῦ

405 3545 568 3599 Δαϐίδ
591 3563 606 3576 ·
651 3547 887 3616 Ἆθυμία
928 3545 1186 3618 κατέσχε
1208 3566 1286 3618 με
1311 3549 1428 3604 ἀπὸ
1453 3548 1816 3619 ἁμαρτωλῶν
1861 3550 1981 3604 τῶν

404 3639 1042 3708 ἑγκαταλιμπανόντων
1103 3641 1210 3694 τὸν
1260 3643 1448 3710 νόμον
1486 3657 1603 3697 σου
1627 3659 1641 3673 ’
1677 3645 1771 3697 καὶ
1801 3643 1979 3715 λύπην

405 3727 658 3800 τοιαύτην
680 3729 1009 3802 ἐνδείξηται,
1047 3731 1170 3784 οἵαν.
1199 3731 1544 3798 ἐπεδείξαπο
1571 3733 1684 3804 (77)
1719 3734 1982 3804 οἱΚορίν-

408 3823 546 3888 θιοι,
576 3823 736 3876 ὁπότε
772 3821 1139 3895 ἐνεκλήθησαν
1163 3865 1178 3888 ,
1222 3825 1303 3877 ὅτι
1334 3825 1471 3896 πρὸς
1499 3826 1588 3879 τὸν
1620 3827 1980 3897 ἁμαρτήσαν-

404 3929 474 3966 τα
523 3913 832 3985 ἀδιαφόρως
881 3914 1197 3987 διετέθησαν
1227 3956 1241 3978 ,
1290 3917 1348 3968 ἐν
1399 3917 1562 3970 παντὶ
1617 3920 1982 3988 συστήσαντες

408 4005 632 4068 ἑαυτοὺς
677 4007 878 4074 ἁγνοὺς
919 4001 1058 4060 εἶναι
1101 4007 1160 4060 ὲν
1197 4007 1274 4075 τῷ
1323 4008 1630 4080 πράγματα.
1687 4010 1979 4080 Ἀγιασμὸς

406 4097 463 4150 δέ
505 4097 622 4150 ἐστι
654 4098 716 4150 τὸ
753 4097 1070 4151 ἀνακεῖσθαι
1103 4097 1183 4169 τῷ
1219 4099 1359 4170 ἁγίῳ
1397 4099 1516 4170 Θεῷ
1556 4099 1615 4166 ἐξ
1659 4099 1977 4172 ὁλοκλήρου,

409 4188 500 4241 καὶ
531 4187 868 4251 ἀδιαστάτως
901 4189 958 4240 ὲν
997 4191 1158 4242 παντὶ
1191 4190 1401 4260 καιρῷ,
1443 4189 1532 4242 διὰ
1577 4191 1857 4261 φροντίδος
1887 4194 1982 4245 καὶ

409 4277 640 4348 σπουδῆς
678 4276 787 4331 τῶν
837 4278 986 4349 αὐτῷ
1032 4279 1394 4350 ἀρεσκόντων.
1449 4281 1522 4334 Τό
1573 4298 1633 4334 τε
1667 4280 1775 4354 γὰρ
1816 4281 1982 4336 λελω-

406 4369 642 4438 ϐημένον
688 4371 747 4423 ὲν
785 4373 896 4433 τοῖς
942 4370 1286 4441 ἀναθήμασιν
1336 4373 1704 4444 ἁπρόσδεκτον
1731 4415 1746 4439 ,
1780 4376 1873 4429 καὶ
1917 4377 1979 4429 τὸ

2081 3196 2196 3243 tem
2221 3203 2348 3243 esse
2382 3203 2513 3259 erga
2548 3205 2645 3261 eos
2678 3187 2774 3258 qui
2805 3187 2934 3241 talia
2959 3187 3224 3248 sentiunt,
3258 3197 3351 3241 aut
3377 3199 3666 3258 peragunt.

2080 3277 2261 3333 Purus
2281 3289 2367 3334 est
2396 3287 2580 3335 autem
2607 3279 2830 3349 aliquis,
2860 3295 2986 3334 cum
3021 3279 3210 3334 obedit
3243 3281 3531 3350 Apostolo,
3571 3283 3672 3351 qui

2081 3369 2219 3423 dixit
2237 3370 2308 3435 ”,
2333 3385 2402 3424 ne
2430 3370 2612 3424 cibum
2646 3369 2866 3440 quidem
2887 3384 3010 3423 cum
3031 3369 3303 3439 ejusmodi
3332 3371 3551 3426 homine
3567 3387 3670 3426 su-

2082 3452 2340 3506 mendum
2373 3468 2518 3518 esse,
2544 3460 2598 3507 et
2627 3467 2972 3522 quaecunque
3002 3461 3132 3508 sunt
3168 3453 3223 3506 in
3259 3453 3400 3508 hanc
3439 3464 3658 3509 senten-

2083 3545 2247 3607 tiam;
2288 3553 2382 3598 aut
2413 3559 2539 3598 cum
2569 3544 2624 3598 in
2651 3561 2710 3599 se
2744 3547 2946 3600 sentiet
2977 3547 3124 3616 quod
3158 3561 3188 3600 a
3221 3545 3423 3601 Davide
3450 3547 3662 3602 dictum

2081 3633 2280 3688 est”:
2319 3632 2557 3686 deium
2598 3635 2766 3688 tenuit
2818 3652 2899 3688 me
2949 3653 2983 3689 a
3033 3637 3397 3705 peccatoribus
3432 3637 3666 3692 derelin—

2081 3721 2359 3792 quentibus
2391 3725 2556 3793 legem
2604 3733 2775 3789 tuam,
2817 3726 3089 3796 talemque
3115 3727 3435 3781 maestitiam
3483 3735 3669 3782 osten-

2082 3813 2241 3878 derit,
2282 3814 2500 3884 qualem
2545 3814 2913 3870 ostenderunt
2942 3815 3236 3883 Corinthii,
3274 3818 3504 3887 quando
3534 3822 3669 3888 ipsis

2081 3907 2214 3960 vitio
2244 3906 2429 3987 datum
2458 3915 2562 3973 est,
2595 3908 2740 3978 quod
2779 3925 2907 3978 erga
2925 3924 3049 3963 eum
3074 3911 3166 3980 qui
3189 3919 3532 3980 peccaverat,
3551 3912 3667 3966 fue-

2091 4009 2216 4054 rant
2257 4000 2632 4056 iudiﬂerenter
2686 4001 2929 4057 affecti“
2963 4001 3271 4073 :siquidem
3323 4003 3379 4056 in
3411 4003 3667 4059 omnibus

2084 4091 2360 4147 testiﬁcati
2392 4101 2524 4149 sunt
2549 4108 2608 4148 se
2639 4093 2694 4146 in
2727 4109 2792 4149 eo
2834 4097 3058 4165 negotio
3094 4110 3263 4164 puros
3287 4094 3480 4151 fuisse.
3522 4093 3666 4150 San-

2084 4185 2356 4240 ctimonia.
2385 4194 2570 4240 autem
2610 4193 2716 4250 est,
2745 4185 3026 4241 addictum
3062 4202 3184 4242 esse
3221 4186 3330 4242 Deo
3362 4196 3554 4244 sancto
3590 4189 3667 4242 in-

2082 4283 2326 4346 tegre,et
2363 4278 2745 4333 indesinenter
2777 4279 2936 4333 omni
2976 4287 3242 4350 tempore,
3276 4281 3366 4345 iis,
3401 4297 3522 4353 qua:
3560 4282 3662 4352 ipsi

2084 4377 2308 4440 accepta
2338 4383 2487 4436 sunt,
2512 4371 2798 4436 curandis,
2829 4371 3231 4444 diligenterque
3253 4375 3496 4444 agendis.
3527 4356 3663 4427 Nam

408 4461 553 4528 ἆπαξ
580 4462 835 4516 ἀνατεθὲν
864 4461 942 4534 τῷ
969 4462 1088 4532 Θεῷ
1115 4463 1227 4533 (78)
1261 4467 1339 4529 εἰς
1374 4465 1555 4537 κοινὴν
1584 4469 1679 4524 καὶ
1703 4467 1978 4538 ἀνθρωπί-

2104 4464 2226 4532 ιιιοά
2257 4465 2566 4519 mutilatum
2590 4472 2696 4529 est,
2723 4479 3070 4534 nequaquam
3104 4467 3373 4535 accipitur
3403 4469 3546 4520 inter
3573 4483 3662 4522 sa-

407 4571 513 4626 νην,
531 4555 726 4627 λρῆσιν
750 4555 937 4609 ’ἐλκειν
959 4555 1156 4621 ἀσεὸὲς
1179 4559 1273 4616 καὶ
1301 4557 1604 4630 ἀτόλμητον
1631 4560 1768 4631 (79).

475 4889 520 4919 ³⁸
559 4887 748 4960 Μειιιι.
787 4907 838 4955 v,
876 4891 966 4949 '22,
1043 4890 1087 4921 ³⁷
1127 4889 1302 4943 Galat.
1339 4906 1394 4955 ν,
1427 4887 1523 4946 26.
1595 4889 1639 4920 ³⁸
1680 4889 1876 4960 Ενιιοε.
1916 4907 1980 4952 γι,

2155 4891 2199 4922 ³⁸
2240 4888 2259 4942 Ι¹
2289 4888 2419 4946 Cor.
2455 4905 2509 4954 ν,
2551 4891 2636 4947 Η.

403 4973 476 5012 im
497 4997 512 5023 ,
546 4959 628 5012 11.

475 5113 586 5183 (72)
609 5112 753 5184 Editi
775 5120 829 5167 et
857 5127 1000 5166 unus
1025 5127 1127 5184 ms.
1154 5111 1353 5184 ῥακκά.
1373 5110 1484 5184 _Alii
1513 5110 1622 5167 duo
1648 5127 1781 5168 mss.
1809 5113 1972 5184 ῥακὰ.

477 5180 585 5254 (75)
621 5183 752 5252 Reg.
790 5183 1000 5254 primus
1151 5180 1456 5254 γενώμεθα.

475 5250 980 5332 (74')_(30dex__Colb.
1014 5254 1072 5332 έν
1101 5250 1364 5332 όφοθαλμῷ
1389 5251 1656 5332 δουλείαςἰ
1684 5253 1806 5332 Mox
1837 5252 1972 5332 Reg.

405 5321 680 5380 saeundus
709 5323 930 5393 perinde
970 5330 1030 5393 ut
1051 5321 1181 5375 editi
1220 5321 1389 5375 ποιῶν
1420 5340 1473 5375 τι
1507 5323 1600 5376 καὶ
1641 5322 1830 5392 λέγων.
1870 5324 1976 5378 Alii

406 5401 516 5448 tres
544 5409 676 5448 mss.
713 5392 880 5445 ποιῶν
910 5411 962 5445 τι
990 5392 1245 5464 ἢγλέγων.

475 5464 585 5531 (75)
621 5464 843 5532 Antiqui
875 5472 984 5518 tres
1014 5461 1144 5532 libri
1186 5463 1277 5532 τίς
1325 5464 1492 5532 ἐστιν.
1529 5461 1669 5515 Editi
1709 5462 1759 5514 τί
1807 5464 1973 5517 ἐστιν.

408 5533 600 5587 Statim
630 5531 779 5589 editi
809 5532 926 5595 πῶς
956 5531 1142 5585 αὐτοῦ.
1179 5531 1404 5586 Veteres
1444 5531 1554 5585 duo
1605 5533 1727 5585 lihri
1776 5533 1974 5595 αὐτῶν.

406 5605 630 5685 rectius.
674 5602 878 5685 Ibidem
926 5603 1083 5685 Qolb.
1111 5601 1558 5685 κοιθαρειὶσιιίμενἶ
1599 5601 1715 5685 μορ
1758 5604 1877 5685 ipso
1919 5605 1974 5658 in

408 5675 658 5730 iecoduo
684 5690 818 5730 mss.
851 5673 883 5744 ἢ
915 5674 998 5736 τίς
1031 5673 1060 5724 ὁ
1101 5671 1386 5742 ἁγιασμός.
1419 5671 1562 5728 Editi
1594 5671 1625 5742 ἦ
1659 5673 1711 5724 τί
1749 5671 1795 5726 ὀ.

2086 4568 2184 4608 cra
2210 4554 2394 4620 dona;
2438 4563 2493 4611 et
2523 4556 2670 4625 quod
2715 4557 2885 4612 semel
2926 4554 3238 4610 dedicatum
3297 4565 3383 4612 est
3429 4556 3558 4619 Deo,
3605 4559 3659 4611 in

2086 4659 2433 4700 communem
2475 4653 2530 4700 et
2565 4646 2867 4700 humanum
2909 4658 3070 4700 usum
3125 4645 3385 4701 reducere
3434 4645 3660 4716 impium

2083 4744 2169 4792 est
2196 4744 2252 4791 et
2285 4737 2640 4793 horrendum.

2713 4894 2762 4924 ιο
2798 4891 2944 4948 Psal.
2980 4893 3276 4964 cxvm,5f5.
3355 4893 3398 4934 ⁸³
3441 4892 3486 4947 ιι
3520 4892 3653 4952 Cor.

2155 5114 2268 5188 (79)
2297 5114 2430 5188 Reg.
2457 5118 2666 5188 primus
2699 5121 2809 5179 τοῖς
2841 5118 3160 5188 αὐτουργεῖν
3196 5117 3467 5188 μέλλουσι.

2155 5186 2268 5257 (7-7)
2296 5186 2476 5240 Colles
2507 5188 2659 5241 Colb.
2694 5186 3046 5257 ἐπιδείξηται,
3077 5186 3207 5240 οἷαν
3232 5188 3514 5254 ὲδείξαντο.
3549 5186 3655 5243 lbi-

2083 5254 2204 5328 dem
2239 5255 2371 5328 Reg.
2428 5254 3036 5328 primusevsnlﬁbijcav
3073 5259 3180 5311 ὅτε.
3223 5257 3346 5313 Mox
3374 5261 3514 5312 alius
3546 5275 3651 5314 ms.

2081 5325 2389 5397 ἀδιαφόρως
2418 5325 2840 5397 προσετέθησαν.

2146 5395 2263 5516 ((78)
2285 5395 2428 5450 Edili
2463 5395 2730 5450 ἀνατιθὲν
2751 5397 2827 5467 τῷ
2843 5395 2980 5467 Θεῷ.
3004 5397 3228 5467 Antiqui
3250 5399 3493 5454 treslibri
3529 5398 3652 5452 ἀνα-

2180 5479 2254 5516 εν.

2082 5479 2254 5519 τευεν.

2155 5533 2266 5604 (79)
2299 5533 2579 5589 Editiones
2628 5535 2823 5604 prisca:
2867 5537 3091 5604 perinde
3125 5546 3181 5589 ut
3227 5537 3336 5591 duo
3378 5553 3509 5592 mss.
3556 5539 3650 5591 καὶ

2083 5603 2403 5680 ἁτόλμητον.
2434 5603 2770 5680 horrendum,
2804 5603 2904 5658 non
2929 5606 3242 5680 audendum.
3281 5606 3410 5680 Reg.
3440 5610 3651 5678 primus

2088 5685 2142 5728 et
2172 5673 2328 5730 Voss.
2363 5676 2456 5729 καὶ
2485 5675 2774 5746 τολμηρόν,
2812 5678 3160 5733 temerarium.
