4064 6238
345 332 479 423 ili!

1405 323 1708 380 REGULIE
1749 321 2048 379 BREVIUS
2090 320 2510 378 TRACTATAZ.

3479 314 3616 369 H22

344 446 446 499 τοῦ
489 443 812 498 Ἀποστόλου
846 441 1138 514 εἰρημένον
1159 459 1171 472 ·
1212 443 1561 512 Τετύςεωται,
1585 441 1780 512 μηδὲν
1805 442 1931 494 ἐπι-

2048 441 2130 495 ;llo
2164 440 2419 504 dissidet,
2444 439 2601 509 juxta
2653 437 2783 492 illud
2831 436 3077 508 Apostoli
3120 435 3372 491 dictum:
3417 430 3609 487 Elatus

345 535 612 606 στὰμενο
620 556 672 600 ς.

881 648 1221 702 ΕΡΩΤΗΣΙΣ
1274 646 1400 700 ΝΖ’.

359 743 498 796 Ἐάν
551 758 641 808 τις
684 739 994 808 ἐλάττωμα
1037 739 1152 806 ἔχῃ
1185 737 1576 808 ἀδιόρθωτον,
1649 735 1744 789 καί
1785 751 1936 789 συν-

419 807 746 884 εχέστερον
787 807 1788 884 ξιαταγινωσκόμενος-λβλιίσετηται
1817 845 1832 871 ,
1883 809 1937 858 εὶ

419 878 711 957 συμφέρει
726 878 969 952 μᾶλλον
993 879 1307 949 ἐπαφιέναι
1326 878 1436 949 (85)
1469 878 1648 942 αὐτῷ.

949 992 1338 1046 ΑΠΟΚΡῘΣΙΣ.

421 1088 591 1141 Τοῦτο
633 1087 729 1140 καὶ
771 1084 1006 1156 ἀλλαχοῦ
1053 1085 1271 1157 εῑρηται
1298 1125 1314 1149 ,
1365 1085 1451 1138 ὅτι
1506 1085 1633 1146 τοὺς
1683 1080 1937 1154 ἁμαρτά-

349 1194 541 1240 νοντας
577 1176 928 1248 ἐπιστρέφειν
976 1174 1345 1246 μακροθύμως
1371 1173 1486 1238 δεῖ,
1517 1172 1660 1226 κατὰ
1686 1172 1777 1226 τὸν
1805 1172 1940 1224 ὑπο-

349 1267 690 1339 δεδειγμένον
734 1267 937 1338 τρόπον
979 1265 1133 1338 παρὰ
1179 1265 1274 1320 τοῦ
1317 1266 1546 1338 Κυρίου.
1605 1263 1730 1318 Ἐὰν
1747 1263 1816 1316 ’δὲ
1863 1262 1937 1334 μὴ

349 1360 562 1432 ἀρκέσῃ
589 1359 740 1431 αὐτῷ
771 1359 912 1430 πρὸς
951 1357 1284 1430 ἐπιστροφὴν
1330 1360 1363 1430 ἡ
1397 1357 1504 1411 τῶν
1544 1356 1804 1410 πλειόνων
1835 1372 1938 1408 κα-

349 1447 620 1514 τάγνωσις
679 1447 776 1500 καὶ
828 1445 1148 1516 ἐπιτίμησις
1173 1485 1189 1511 ,
1241 1445 1318 1510 ὡς
1369 1444 1447 1516 τῷ
1496 1445 1769 1517 Κορινθίῳ
1795 1482 1810 1509 ,
1862 1444 1940 1508 ὡς

349 1537 562 1590 ἐθνικὸν
621 1537 848 1608 ὁρᾶσθαι
915 1537 1022 1609 χρὴ
1083 1537 1175 1591 τὸν
1242 1537 1502 1592 τοιοῦτον.
1591 1535 1939 1606 Ἐναφίεσθαι

350 1629 407 1683 δὲ
447 1629 539 1683 τὸν
571 1628 674 1684 ὑπὸ
719 1629 813 1684 τοῦ
853 1630 1060 1701 Κυρίου
1089 1630 1560 1700 κατακεκριμένον
1599 1631 1720 1683 κατ’
1749 1612 1939 1682 ούδένα

348 1722 553 1792 τρόπον
581 1721 823 1791 ἀσφαλὲς
865 1722 1041 1774 οὐδενὶ
1065 1760 1081 1784 ,
1117 1721 1211 1775 τοῦ
1266 1722 1363 1791 μὲν
1410 1721 1619 1792 Κυρίου
1669 1721 1935 1785 εἰπόντος,

2034 545 2133 595 est,
2161 532 2295 586 nihil
2327 533 2496 586 sciens
2529 531 2587 561 ⁵³·

2456 640 2975 696 INTERROGATIO
3029 640 3164 696 LVII

2035 732 2097 788 Si
2117 734 2234 804 quis
2270 736 2397 789 vitio
2425 737 2656 802 cuipiam
2691 734 3066 789 inemendabili
3094 734 3351 789 obnoxius
3381 737 3472 797 sit,
3513 734 3615 804 fre-

2102 807 2447 876 quentiusque
2493 806 2835 876 reprehensus
2868 806 3121 872 laedatur,
3163 823 3234 859 an
3267 821 3388 860 eum
3436 808 3611 873 potius

2110 875 2310 929 dimitti
2333 875 2595 946 expediat.

2628 991 2897 1047 RESI’ON
2906 991 3037 1048 SIO.

2111 1081 2224 1138 Hoc
2253 1082 2366 1152 jam
2404 1085 2533 1139 alibi
2559 1085 2769 1140 dictum
2804 1093 2912 1148 est,
2963 1093 3255 1155 peccantes
3296 1101 3422 1140 cum
3457 1101 3618 1141 man-

2038 1174 2330 1229 suetudine
2377 1185 2540 1247 atque
2600 1179 2827 1232 lenitate
2867 1193 2991 1233 esse
3047 1179 3473 1242 convertendos,
3529 1195 3617 1244 eo,

2039 1283 2200 1337 quem
2221 1266 2489 1322 Dominus
2520 1269 2803 1335 indicavit,
2828 1270 3014 1325 modo.
3038 1271 3197 1337 Quod
3224 1273 3269 1326 si
3297 1272 3370 1337 ei,
3398 1283 3457 1327 ut
3481 1289 3617 1328 con—

2040 1368 2306 1424 vertatur,
2359 1363 2496 1418 satis
2528 1377 2639 1417 non
2687 1362 2849 1418 fuerit
2878 1363 3116 1432 plurium
3167 1366 3519 1434 reprehensio
3565 1373 3620 1421 et

2040 1451 2372 1522 objurgatio,
2395 1453 2854 1522 quemadmodum
2891 1454 3176 1509 Corinthio
3202 1457 3278 1510 illi
3315 1475 3328 1510 :
3365 1457 3622 1528 quicjus-

2041 1541 2190 1596 modi
2223 1549 2310 1596 est
2349 1552 2616 1613 tanquam
2651 1543 2910 1599 ethnicus
2946 1547 3228 1602 habendus
3260 1556 3364 1603 est.
3405 1549 3618 1603 Nemini

2041 1641 2225 1688 autem
2259 1635 2369 1688 ulla
2412 1636 2627 1690 ratione
2655 1643 2833 1690 tutum
2861 1636 3025 1691 fuerit
3047 1653 3171 1693 eum
3211 1640 3303 1709 qui
3330 1655 3360 1693 a
3388 1639 3625 1696 Domino

2043 1726 2442 1782 condemnatus
2473 1736 2579 1793 est,
2606 1731 3008 1797 retinere,cum
3038 1731 3235 1786 dixerit
3267 1731 3621 1798 Dominus“,

349 1791 432 1867 ὅτι
471 1815 739 1886 συμφέρει
780 1814 866 1867 ἵνα
903 1831 1019 1879 τις,
1051 1813 1148 1867 ἕνα
1177 1791 1551 1886 ὀφθαλμὸν,νῆ
1597 1815 1724 1885 μίαν
1753 1816 1936 1886 χεῖρα,

2048 1818 2298 1887 expedire
2324 1828 2385 1874 ut
2421 1820 2545 1890 quis
2572 1836 2683 1876 uno
2716 1824 2898 1887 oculo,
2923 1833 3016 1878 aut
3044 1839 3154 1878 una
3179 1840 3368 1888 manu,
3386 1834 3481 1880 aut
3511 1841 3625 1879 uno

350 1904 386 1976 ἦ
417 1903 515 1957 ἕνα
555 1904 690 1956 πόδα
733 1903 1033 1968 ἀπολέσας,
1063 1903 1280 1976 εἰσέλθῃ
1314 1905 1392 1968 εἰς
1429 1905 1528 1975 τὴν
1561 1904 1837 1974 βασιλείαν
1857 1945 1872 1971 ,
1901 1904 1936 1976 ἢ

352 1997 413 2048 ὲν
438 1994 517 2066 τῷ
563 1995 853 2065 φείσασθαί
892 2012 1039 2059 τινος
1059 1995 1263 2049 τούτων
1303 1994 1448 2066 (86),
1483 1995 1603 2059 ὅλος
1653 1993 1824 2066 βληθῇ
1860 1995 1939 2057 εἰς

351 2085 453 2156 τὴν
507 2084 730 2153 γέενναν
784 2084 879 2138 τοῦ
934 2085 1104 2156 πυρὸς
1145 2126 1160 2151 ,
1199 2085 1334 2138 ὅπου
1381 2083 1530 2138 ἐστὶν
1581 2084 1611 2136 ὁ
1664 2082 1941 2154 κλαυθμὸς

353 2173 450 2226 καὶ
481 2175 509 2226 ὁ
543 2171 788 2244 βρυγμὸς
837 2171 946 2226 τῶν
998 2173 1226 2227 ὀδόντων
1258 2190 1272 2203 ·
1324 2173 1418 2227 καὶ
1467 2171 1561 2226 τοῦ
1615 2171 1938 2226 Ἀποστόλου

357 2264 800 2339 μαρτυροῦντος,
854 2266 936 2320 ὅτι
993 2265 1168 2338 μικρὰ
1222 2264 1368 2338 ζύμη
1430 2265 1550 2319 ὅλον
1601 2265 1664 2319 τὺ
1712 2263 1942 2337 φύραμα

355 2359 388 2423 ζ
392 2378 421 2410 υ
429 2360 540 2428 μοῖ.

875 2462 1214 2516 ΕΡΩΤΗΣῙΣ
1273 2463 1407 2516 ΝΗ’.

365 2553 422 2604 Ὀ
451 2555 576 2624 κατ’
600 2553 989 2621 ἐπιτήδευσιν
1009 2554 1396 2624 ψευσάμενος
1421 2555 1685 2623 κρίνεται
1707 2555 1941 2624 μόνον;

430 2623 470 2690 ἢ
489 2624 600 2696 καὶ
630 2628 663 2679 ὁ
691 2625 842 2679 κατὰ
871 2623 1123 2696 ἄγνοιάν
1155 2623 1223 2678 τι
1235 2626 1396 2694 παρὰ
1432 2625 1499 2679 τὸ
1535 2623 1762 2694 ἀληθὲς
1789 2625 1940 2680 ἀπο-

422 2695 616 2762 λύτως
654 2695 1097 2766 φθεγξαμένου

951 2809 1345 2864 ΑΠΟΚΡΙΣΙΣ.

432 2898 504 2951 Τὸ
533 2901 708 2971 κρῖμα
749 2900 846 2953 τοῦ
877 2902 1086 2973 Κυρίου
1133 2901 1228 2954 καὶ
1257 2901 1348 2954 ἐπὶ
1390 2901 1499 2954 τῶν
1530 2901 1674 2956 κατὰ
1722 2902 1944 2971 ἄγνοιαν

358 2991 781 3062 ἁμαρτανόντων
811 2993 1066 3066 φανερὸν,
1091 2994 1362 3059 εἰπόντος·
1405 2994 1459 3047 '0
1485 2994 1598 3065 (87)
1621 2993 1708 3065 μὴ
1735 2994 1940 3063 γνοὺς,

359 3082 619 3151 ποιήσας
665 3084 734 3137 δὲ
781 3084 924 3150 ἄξια
981 3086 1235 3157 πληγῶν
1263 3126 1278 3151 ,
1329 3085 1653 3155 δαρήσεται
1709 3087 1937 3155 ὀλίγας.

363 3178 643 3249 Πανταχοῦ
679 3179 737 3232 δὲ
760 3182 793 3250 ἡ
823 3179 1102 3249 ἀξιόλογος
1143 3181 1402 3251 μετάνοια
1426 3180 1540 3250 (88)
1577 3179 1800 3250 βεϐαίαν
1829 3180 1940 3251 ἔχει

359 3271 460 3342 τὴν
491 3271 683 3324 ἐλπίδα
713 3271 815 3342 τῆς
845 3272 1116 3342 ἀφέσεως.

892 3383 1229 3437 ΕΡΩΤΗΣΙΣ
1277 3384 1325 3437 Ν
1329 3382 1404 3439 Θ’.

376 3473 517 3528 Ἐὰν
546 3473 851 3548 ένθυμηθῇ
889 3477 1206 3548 τιςῌμόνον
1248 3475 1502 3544 ποιῆσαί
1566 3493 1660 3542 τι,
1717 3478 1815 3530 καὶ
1855 3477 1942 3548 μὴ

429 3544 656 3614 ποιήσῃ
679 3543 699 3609 ,ί
729 3549 780 3599 ει
811 3547 909 3600 καὶ
942 3543 1122 3614 οὗτος
1163 3547 1244 3612 ὡς
1270 3549 1549 3616 ψεύστης
1586 3549 1850 3616 κρίνεται

959 3661 1330 3714 ΔΠυΚΡΙΣΙΣ

434 3750 499 3802 Εἰ
532 3749 652 3802 κατ’
691 3749 909 3823 ἐντολήν
941 3753 1089 3804 ἐστιν
1128 3751 1157 3804 ὃ
1197 3752 1504 3824 ἐνεθυμήθη
1547 3755 1806 3825 ποιῆσαι,
1848 3753 1946 3825 οὐχ

362 3841 438 3905 ὼς
466 3840 706 3913 ψεύστης
737 3843 928 3914 μόνον,
959 3843 1096 3898 ἀλλὰ
1134 3846 1228 3898 καὶ
1254 3845 1328 3909 ὡς
1359 3846 1592 3918 ἀπειθὴς
1625 3846 1947 3915 κατακρίνε-

363 3956 487 3996 ται.
530 3938 772 4000 Ἐτάζων
803 3943 913 4010 γὰρ
947 3940 1192 4010 καρδίας
1220 3940 1320 3993 καὶ
1353 3939 1614 4008 νεφροὺς
1648 3943 1681 3992 ό
1711 3940 1871 4003 Θεός.

939 4054 1267 4108 ΕΡΩΤΗΣΙΣ
1295 4050 1370 4108 Ξ’.

379 4142 522 4216 Ἐάν
562 4162 653 4216 τις
683 4144 1085 4216 ’.προληφθεὶςί
1111 4145 1289 4213 ὁρίσῃ
1336 4162 1390 4216 τι
1422 4144 1642 4216 πρᾶξαι
1671 4142 1780 4216 (89)
1832 4142 1950 4197 τῶν

431 4213 516 4301 ,ιξὴ
551 4213 1126 4301 ἀρεσκόντωνιθεᾷζ,
1162 4216 1218 4268 τί
1245 4213 1951 4301 ⁷χρὴιιέᾶλλον,αναξρ.ιὲ-

435 4288 546 4354 ψαι
589 4288 653 4339 τὸ
697 4286 898 4352 κακῶς
928 4285 1193 4354 ὁρισθὲν,
1236 4284 1274 4354 ἣ
1315 4288 1477 4354 φόϐῳ
1521 4284 1628 4339 τοῦ
1683 4284 1950 4353 ψεύδους

438 4357 679 4410 τελέσαι
709 4356 822 4425 τὴν
846 4356 1161 4426 ἁμαρτίαν.

968 4467 1356 4522 ΑΠΟΚΡΙΣΙΣ.

439 4558 544 4614 T06
587 4562 910 4616 Ἀποστόλου
967 4560 1249 4629 λέγοντος,
1283 4561 1408 4627 Οὐχ
1452 4558 1541 4612 ὅτι
1585 4559 1688 4628 ἀφ’
1721 4556 1949 4613 ἑαυτῶν

366 4653 560 4705 ἱκανοί
600 4653 787 4722 ἐσμεν
838 4651 1205 4721 λογίσασθαί
1234 4668 1291 4705 τι
1333 4650 1415 4716 ὡς
1446 4651 1515 4714 ἑξ
1554 4649 1819 4704 ἑαυτῶνο
1857 4650 1950 4703 καὶ

366 4743 534 4797 αὐτοῦ
561 4743 658 4797 τοῦ
681 4743 887 4816 Κυρίου
911 4740 1324 4814 ὁμολογοῦντος,
1345 4741 1424 4793 ὃτι
1449 4744 1532 4795 οὐ
1555 4742 1811 4811 δύναμαι
1836 4739 1950 4811 ἐγὼ

368 4837 561 4890 ποιεῖν
589 4836 690 4891 ἀπ’
712 4836 974 4906 ἐμαυτοῦ
997 4833 1179 4890 οὐδέν
1197 4852 1212 4865 ·
1240 4837 1334 4888 καὶ
1362 4834 1527 4888 πάλιν
1545 4849 1559 4863 ο
1594 4831 1669 4887 Τὰ
1687 4831 1946 4904 ῥήματα,

437 4988 486 5020 ⁸⁸
522 4986 540 5040 1
575 4989 718 5043 'I‘im.
753 5006 835 5051 vr,
874 4992 922 5042 4.

369 5057 494 5113 Cor.
536 5077 624 5124 Ill,
663 5061 718 5115 5.
793 5061 839 5093 ⁸⁹
876 5058 1038 5115 Joan.
1072 5059 1257 5120 v.19.

441 5218 552 5290 (85)
585 5217 968 5284 Combeﬁsius,
1022 5221 1110 5274 cui
1151 5219 1274 5274 libri
1323 5227 1537 5274 veteres
1575 5233 1682 5271 non
1740 5215 1944 5290 favent,

370 5287 681 5359 suspicatur
710 5291 993 5359 legendum
1044 5307 1167 5346 esse
1195 5290 1472 5359 ὲναφιέναι
1506 5303 1607 5358 pro
1636 5287 1941 5359 ἐπαφιέναι.

371 5357 637 5430 suspicari
667 5357 883 5430 quoque
923 5361 1195 5430 quispiam
1229 5357 1433 5430 poésiti
1451 5357 1552 5428 pro
1589 5357 1738 5429 αὑτῷ
1769 5359 1952 5430 legen-

370 5429 500 5484 dutn
528 5447 651 5486 esse
672 5429 855 5493 αὐτόν,
889 5429 984 5485 aut
1028 5440 1176 5486 certe
1203 5429 1367 5486 verba
1396 5429 1583 5483 Grieca
1616 5430 1691 5483 ita
1722 5429 1955 5483 locanda

369 5518 510 5624 ess?
540 5503 589 5554 εί
626 5501 826 5572 μᾶλλον
858 5500 1007 5571 αὐτῷ
1056 5501 1322 5572 συμφέρει
1369 5501 1682 5569 ἐπαφιέναι,
1740 5514 1834 5553 seu
1872 5500 1959 5550 ὲν-

369 5589 466 5624 αφι
501 5588 608 5624 ναι.

369 5588 608 5626 αωιεναι.

411 5590 717 5711 ρίιὲἔῗιίῖεε.
769 5643 980 5712 primus
1014 5651 1066 5695 et
1110 5639 1272 5695 Voss.
1321 5639 1614 5712 φείσασθαι
1649 5638 1766 5712 ἑνός
1809 5653 1952 5712 τινος

376 5707 592 5766 τούτων.
632 5707 916 5781 ﬂexile-3.
953 5713 1183 5781 primus,
1219 5707 1540 5781 Ἀποστόλου
1563 5710 1638 5763 δέ.
1674 5709 1796 5781 Mox
1833 5707 1952 5762 edi-

371 5785 548 5838 tiones
572 5784 828 5854 antiquae,
853 5779 1080 5854 φύραμα
1091 5780 1279 5852 ζυμοῖ.
1299 5779 1525 5838 Veteres
1545 5789 1656 5836 tres
1676 5779 1952 5848 librigpraz-
1979 5843 1984 5848 _

1979 4511 2026 4567 D

994 4990 1054 5022 -ιε
1091 4989 1282 5044 Matth.
1319 5005 1374 5056 ν,
1407 4989 1516 5054 ⁸⁸29,
1548 4989 1637 5045 50.
1715 4989 1762 5020 ⁸⁵
1802 4988 1822 5042 1
1857 4988 1986 5044 Cor.
2021 5005 2111 5054 VI.
2149 4989 2202 5044 6-

2043 1909 2182 1980 pede
2208 1911 2414 1967 amisso
2437 1914 2493 1968 in
2533 1929 2762 1984 regnum
2811 1915 3172 1985 ingrediatur,
3222 1933 3387 1988 quam
3434 1921 3479 1974 si
3526 1922 3622 1974 uni

2042 2015 2108 2054 ex
2141 2000 2226 2054 his
2263 2005 2588 2072 pepercerit,
2620 2013 2769 2061 totus
2789 1996 3435 2078 mittaturingehennam
3457 2011 3621 2082 ignis,

2045 2092 2137 2147 ubi
2159 2100 2243 2148 est
2273 2094 2438 2166 5.35
2476 2095 2639 2152 ﬂetus
2672 2106 2726 2152 et
2755 2099 2964 2154 stridor
2997 2101 3240 2156 dentium
3268 2119 3282 2156 :
3311 2114 3365 2157 et
3387 2104 3623 2173 Aposto-

2043 2184 2133 2240 lus
2165 2187 2491 2242 testilicetur
2516 2190 2589 2256 ⁸³,
2620 2197 2790 2245 totam
2823 2208 3061 2248 massam
3101 2194 3320 2248 modico
3357 2195 3626 2251 fermento

2045 2276 2364 2333 fermentari

2459 2476 2984 2536 INTERROGATIO
3027 2479 3208 2538 LVIII.

2044 2567 2136 2644 An.
2164 2571 2529 2644 tantummodo
2572 2571 2618 2624 is
2649 2573 2739 2642 qui
2795 2571 2859 2626 de
2911 2573 3185 2629 industria
3233 2580 3480 2632 mentitus
3525 2589 3626 2644 est,

2111 2637 2378 2718 iudicetur
2405 2656 2424 2694 .'
2462 2651 2557 2695 aut
2599 2637 2760 2718 etiam
2801 2645 2892 2713 qui
2933 2648 3172 2700 nesciens
3222 2649 3426 2718 aliquid
3466 2637 3626 2704 abso;

2117 2708 2226 2764 tute
2279 2721 2467 2766 contra
2510 2715 2784 2767 veritatem
2813 2708 3026 2768 locutus
3061 2718 3150 2771 sit.

2633 2825 3040 2884 RESPONSIO.

2123 2917 2398 2974 Indicium
2437 2918 2656 2975 Domini
2691 2923 2856 2975 etiam
2889 2923 2955 2975 de
2992 2923 3059 2976 iis
3099 2924 3192 2992 qui
3227 2939 3325 2994 per
3370 2925 3629 2996 ignoran-

2045 3010 2175 3063 tiam
2213 3018 2443 3080 peccant
2481 3011 2836 3068 manifestum
2878 3023 2963 3068 est
2994 3029 3060 3068 ex
3091 3015 3270 3070 verbis
3307 3016 3415 3072 illis
3462 3037 3474 3071 :
3526 3018 3631 3083 Qui

2047 3116 2150 3154 non
2175 3103 2435 3171 cognovit,
2459 3111 2509 3157 et
2523 3103 2824 3174 fecitdigna
2847 3104 3042 3175 plagis,
3062 3106 3333 3174 vapulabit
3359 3111 3540 3176 paucis
3560 3111 3630 3164 ⁵⁸.

2051 3191 2263 3264 Ubique
2299 3203 2481 3250 autem
2528 3198 2852 3267 poenitentia
2898 3199 3004 3254 rite
3029 3208 3082 3254 et
3122 3202 3337 3272 egregie
3386 3213 3632 3273 peracta,

2047 3287 2219 3343 venia:
2246 3303 2398 3358 spem
2429 3288 2642 3344 ﬁrmam
2669 3297 2724 3346 et
2753 3291 3005 3346 stabilem
3043 3292 3227 3349 habet.

2480 3401 2999 3460 INTERROGATIO
3058 3403 3194 3460 LIX.

2049 3491 2111 3546 Si
2129 3494 2244 3568 quis
2269 3498 2574 3565 cogitaverit
2595 3497 2862 3551 duntaxat
2883 3499 3089 3568 aliquid
3106 3499 3302 3568 facere,
3331 3516 3424 3553 nec
3460 3509 3636 3556 tamen

2181 3565 2362 3634 fecerit
2387 3585 2404 3621 :
2437 3585 2505 3620 an
2529 3577 2578 3621 et
2604 3569 2694 3622 ille
2725 3568 2862 3622 velut
2888 3565 3116 3622 mendax
3133 3569 3418 3636 judicetur.

2637 3658 3044 3714 RESPONSIO.

2127 3749 2186 3803 Si
2215 3765 2282 3805 ex
2312 3750 2579 3804 mandato
2629 3759 2736 3816 est,
2775 3750 2922 3822 quod
2972 3750 3152 3807 facere
3199 3753 3481 3823 cogitavit,
3526 3771 3635 3810 non

2054 3847 2114 3893 ut
2143 3839 2374 3894 mendax
2411 3841 2613 3903 solum,
2635 3840 2730 3894 sed
2762 3848 2821 3894 ut
2854 3848 3150 3894 contumax
3180 3843 3344 3897 etiam
3373 3843 3636 3898 condem-

2055 3936 2219 3984 natur
2249 3947 2266 3984 :
2298 3927 2559 3984 Scrutans
2593 3933 2733 3984 enim
2768 3930 2931 3985 corda
2965 3940 3014 3984 et
3050 3947 3194 3985 renes
3234 3931 3374 3986 Deus
3403 3933 3470 3990 ⁵⁷.

2507 4043 3027 4100 INTERROGATIO
3073 4044 3184 4101 LX.

2055 4137 2116 4194 Si
2143 4138 2260 4208 quis
2289 4147 2582 4208 pra’ventus
2609 4140 2942 4192 constituerit
2977 4155 3031 4192 se
3065 4137 3334 4208 quidpiam
3369 4138 3637 4207 facturum

2120 4207 2321 4273 eorum,
2340 4225 2456 4277 qua:
2485 4207 2594 4261 Deo
2623 4226 2725 4262 non
2749 4211 2979 4279 placent,
3010 4207 3242 4277 magisne
3263 4213 3496 4263 convenit
3516 4212 3641 4264 abs-

2130 4281 2294 4332 linere
2323 4279 2388 4332 ab
2436 4294 2496 4332 eo
2541 4280 2678 4349 quod
2735 4283 2874 4333 male
2922 4289 3180 4332 statutum
3219 4289 3317 4346 est,
3379 4296 3450 4333 an
3495 4294 3638 4334 metu

2127 4349 2388 4403 mendacii
2408 4360 2678 4418 peccatum
2703 4352 3046 4406 committere.

2633 4460 3046 4519 RESPONSIO.

2136 4555 2274 4611 Cum
2323 4556 2618 4627 Apostolus
2671 4557 2819 4612 dicat
2875 4575 2888 4612 :
2939 4557 3062 4612 Non
3131 4560 3270 4630 quod
3315 4559 3641 4629 sufﬁcientes-

2056 4644 2224 4699 simus
2251 4647 2482 4716 cogitare
2515 4647 2718 4717 aliquid
2776 4665 2809 4701 a
2855 4648 3026 4709 nobis,
3059 4651 3213 4718 quasi
3248 4665 3312 4702 ea:
3367 4648 3514 4701 nobis
3545 4647 3633 4711 ³⁸;

2057 4738 2188 4794 item
2220 4754 2343 4793 cum
2378 4739 2641 4794 Dominus
2676 4741 2793 4810 ipse
2838 4741 2919 4795 sic
2945 4740 3274 4795 conﬁteatur
3305 4758 3316 4793 :
3360 4737 3484 4791 Non
3517 4754 3638 4807 pos-

2057 4848 2176 4886 sum
2205 4848 2297 4902 ego
2329 4832 2501 4901 facere
2531 4849 2565 4886 a
2601 4849 2680 4887 me
2711 4833 2994 4902 quidquam
3016 4833 3082 4899 ‘9;
3108 4840 3162 4887 et
3202 4847 3429 4887 rursus:
3471 4828 3638 4884 Verba

2315 4989 2363 5021 ⁸⁸
2402 4987 2538 5044 Luc.
2574 5003 2690 5052 XII,
2724 4989 2812 5043 48.
2890 4989 2934 5020 ⁵⁷
2976 4987 3121 5044 Psal.
3163 5004 3269 5052 vn,
3304 4987 3394 5042 10.
3507 4986 3554 5019 ⁸³
3594 4984 3635 5038 II

2050 5223 2134 5269 ter
2163 5209 2325 5266 Voss.
2368 5208 2597 5280 φύραμα
2625 5209 2785 5262 δολοίζ

2126 5283 2238 5352 (8'1)
2275 5280 2406 5352 Beg.
2439 5279 2669 5352 primus,
2690 5279 2960 5352 εἰπόντος,
2992 5281 3074 5333 ὅτι
3103 5280 3193 5352 Ὅ.

2130 5283 2216 5352 (8'1
2275 5283 2406 5350 Reg.
2439 5283 2669 5349 primus,
2696 5283 2960 5342 εἰπόντος,
2992 5283 3074 5333 ὅτι
3115 5283 3193 5332 '0.

2130 5283 2242 5424 (88;
2266 5351 2420 5424 Idem
2452 5365 2566 5424 m_s._
2583 5351 2617 5419 ἡ
2645 5347 2961 5424 ἀξιόπιστος-
2983 5351 3255 5424 μετάνοια..

2130 5419 2239 5490 (89)
2264 5421 2479 5495 Ιξιηοδυξ
2503 5419 2842 5495 ’ῖάρῐῐι-ροᾱει
2877 5419 3008 5495 ἘᾀνΔ
3026 5438 3108 5484 τις
3133 5421 3460 5495 προληφθεις
3479 5422 3638 5495 ὁρίσῃ

2060 5511 2116 5546 τι
2159 5491 2386 5563 πρᾶξαι.
2441 5489 2604 5564 Editi,
2654 5489 2777 5543 Ἐάν
2807 5507 2890 5553 τις
2921 5489 3183 5564 ὀρίσηταί
3207 5509 3258 5564 τι
3289 5489 3640 5564 ’προληφθεὶξ

2064 5558 2289 5636 πρᾶξαι,
2315 5558 2770 5636 etc.,_verbornn}_
2795 5558 3111 5636 perturbato
3135 5558 3510 5636 ordineflioit'
3531 5563 3642 5636 duo

2061 5627 2203 5688 m'ss.
2239 5641 2434 5701 praeter
2457 5627 2616 5701 Voss.
2649 5637 2700 5701 et
2732 5627 2977 5684 Crimbcf.
3015 5631 3312 5699 ἀνατρέψαι
3344 5631 3403 5685 τὸ
3431 5632 3638 5697 κακῶς.

2062 5699 2498 5826 ξίιιξὲἰζθτρὲψαι.
2543 5699 2696 5754 Haud
2728 5701 2890 5772 longe
2941 5701 3109 5757 codex
3154 5701 3309 5758 Voss.
3353 5703 3502 5776 φόϐῳ
3545 5703 3663 5772 τοῦ,

2062 5792 2160 5826 usu
2199 5791 2258 5826 sc
2295 5790 2367 5826 at.

2058 5774 2367 5846 ψεύδεσθαι.
