4064 6238
353 305 498 363 H33

890 421 1234 475 -EPQTH}IIE
1273 419 1369 474 ΞΔ⁹

363 515 476 569 Τοῦ
537 517 762 581 Κυρίου
827 511 1000 581 ημῶν
1050 511 1245 579 Ἰησοῦ
1298 509 1556 581 Χριστοῦ
1609 511 1899 579 λέγοντος
1923 551 1937 570 ,

432 606 450 636 ι
473 579 764 652 Σομμρέρει
800 579 960 647 αὗτῷ
1001 583 1102 634 ἵνα
1153 579 1460 652 κρεμασθῆ
1511 581 1701 652 μύλος
1738 581 1940 652 ὀνικός

425 650 566 723 περὶ
584 650 690 708 τὸν
723 652 1028 722 τράχηλον
1058 651 1267 723 αὑτοῦ,
1293 651 1392 705 καὶ
1410 651 1564 723 digii
1584 650 1695 723 (νο)
1715 653 1804 716 εἰς
1823 650 1940 723 τῂν

424 720 769 800 θάλασσαν,
805 720 974 800 ᾕςίνα
1005 721 1404 800 σκανδαᾘσῃ.
1423 721 1531 774 ἕνα
1569 720 1939 800 τῶνμικρῶν

422 798 681 849 τούτων⁹
717 813 736 846 ι
766 790 974 848 τίἐστι
998 792 1065 846 τὸ
1096 792 1542 853 σκανδαλίσαι;
1571 790 1608 858 ἢ
1635 790 1762 857 πῶς
1789 791 1936 844 αὐτὸ

422 858 862 942 ςξυλαξώμεθαη,
905 864 1007 917 ἵνα
1043 863 1130 932 μὴ
1166 865 1230 916 τὸ
1266 862 1418 916 οὕτω
1461 863 1719 932 φοϐερὸν
1757 860 1938 931 κρῖμα

423 937 573 1005 ἔλθῃ
589 937 688 1005 ’ἐφ’
717 936 896 1005 ἡμᾶς.

974 1042 1348 1099 ΑΠυΚΡῐΣΙΣ

422 1136 771 1204 Σκανδαλίζει
793 1139 892 1210 μέν
917 1157 1018 1202 τις,
1050 1136 1386 1209 παρανομῶν
1405 1135 1548 1206 λόγῳ
1631 1135 1778 1207 ἔργῳ
1797 1131 1932 1204 (97),

350 1237 446 1288 καὶ
481 1235 669 1306 ἕτερον
703 1229 839 1303 πρὸς
873 1229 1222 1304 παρανομίαν
1262 1230 1492 1297 ὲνάγων,
1524 1225 1599 1292 ὡς
1628 1227 1656 1278 ὁ
1685 1228 1808 1297 ὄφις
1835 1229 1934 1298 τὴν

349 1327 516 1389 Εὕαν,
554 1325 650 1378 καὶ
681 1327 714 1396 ἡ
742 1323 854 1377 Εύα
885 1324 976 1376 τὸν
1011 1323 1184 1392 Ἀδάμ
1204 1337 1219 1350 ·
1263 1323 1296 1392 ἢ
1350 1320 1575 1374 κωλύων
1615 1323 1840 1391 ποιῆσαι
1872 1317 1934 1373 τὸ

349 1417 561 1486 Θέλημα
591 1413 687 1467 τοῦ
716 1413 884 1477 ¹Θεοῦ,
923 1412 999 1475 ὼς
1029 1414 1058 1466 ὁ
1095 1411 1306 1482 Πέτρος
1333 1409 1424 1464 τὶν
1454 1408 1686 1480 Κύριον,
1725 1407 1895 1461 εἰπών
1914 1426 1926 1438 ·

351 1508 550 1575 Ἵλεώς
587 1524 707 1574 σοι,
742 1507 942 1575 Κύριε,
995 1508 1068 1560 οὐ
1100 1503 1187 1575 μὴ
1231 1503 1402 1557 ἔσται
1448 1519 1548 1557 σοι
1597 1503 1772 1557 τοῦτο
1793 1519 1805 1532 ·
1838 1502 1933 1554 καὶ

349 1603 615 1664 ἀκούσας·
646 1603 865 1671 Ὕπαγε
887 1600 1082 1653 ὀπίσω
1104 1615 1250 1668 μου,
1284 1590 1934 1662 Σατανᾶ,,σκᾶνδαλόν

343 1713 464 1764 μου
494 1690 566 1758 εἷ,
605 1691 695 1747 ὅτι
725 1694 796 1746 οὐ
822 1691 1064 1761 φρονεῖς
1088 1692 1160 1743 τὰ
1181 1689 1290 1744 τοῦ
1326 1689 1496 1753 Θεοῦ,
1525 1688 1688 1743 ἀλλὰ
1710 1688 1781 1741 τὰ
1811 1687 1932 1740 τῶν

1502 298 1765 356 EGITLAE
1800 298 2109 357 BBEVIUS
2148 303 2568 363 TRACTATAE.

3460 353 3462 358 .
3496 311 3630 372 1126

2448 415 2968 482 INTERROGAT-IO
3016 427 3200 482 LXIV.

2046 517 2179 572 Cum
2210 519 2466 573 Dominus
2497 528 2676 573 noster
2718 517 2878 574 Jcsus
2905 520 3150 574 Christus
3183 522 3370 574 dicat:
3401 539 3419 572 ι
3455 520 3630 590 Expr-

2120 591 2198 661 dit
2234 591 2316 643 illi
2339 600 2394 643 ut
2417 591 2558 643 mola
2583 591 2826 643 asinaria
2850 593 3205 661 suspendatur
3241 593 3384 644 circa
3429 592 3627 645 collum

2123 660 2257 731 eius,
2275 669 2325 714 et
2355 662 2673 728 projiciatur
2704 661 2758 714 in
2787 660 2953 729 mare,
2984 664 3158 730 potius
3188 679 3349 731 quant
3379 671 3436 713 ut
3471 679 3625 714 setm-

2117 729 2315 802 dali-zet
2338 748 2507 784 unum
2532 731 2596 785 de
2624 732 2837 802 pusillis
2860 733 2989 802 istis
3007 733 3052 763 °"
3076 751 3122 785 ε»
3156 729 3281 802 quid
3296 741 3380 785 est
3397 731 3628 786 scanda-

2106 801 2226 872 lum
2246 800 2408 872 dare,
2447 811 2539 872 aut
2565 801 2824 870 quomodo
2853 801 2992 855 illud
3022 800 3326 867 caveamus,
3355 813 3412 854 ut
3452 819 3513 856 ne
3534 802 3629 872 ju-

2116 871 2313 924 dicium
2341 871 2470 925 adeo
2507 871 2831 926 horrendum
2860 873 3164 927 subeamus.

2632 1046 3042 1109 R’ESPONSIO.

2106 1135 2256 1193 Sane
2291 1139 2555 1195 seandalo
2586 1151 2669 1196 est
2705 1143 2928 1212 aliquis,
2973 1157 3098 1196 cum
3124 1143 3296 1197 verbo
3325 1152 3423 1196 aut
3447 1122 3616 1198 actio-

2040 1244 2110 1284 ne
2157 1232 2326 1301 legem
2383 1232 2574 1295 violat,
2634 1233 2917 1303 aliumque
2949 1232 3160 1287 inducit
3193 1232 3260 1287 ad
3290 1231 3469 1303 legem
3502 1248 3598 1302 per

2041 1320 2410 1392 fringeudam,
2460 1320 2621 1395 437
2670 1325 2817 1379 velut
2870 1341 3094 1394 serpens
3139 1325 3332 1390 Evam,
3388 1333 3443 1380 et
3512 1324 3619 1378 Eva

2039 1415 2208 1468 Adam
2239 1435 2253 1470 :
2286 1432 2349 1470 ac
2377 1419 2539 1470 etiam
2570 1433 2692 1471 cum
2733 1416 2986 1487 prohibet
3015 1418 3243 1487 exsequi
3275 1418 3620 1472 voluntatem

2038 1503 2157 1570 Dei,
2186 1517 2245 1561 ut
2273 1505 2474 1564 Petrus
2512 1507 2828 1574 Dominum,
2858 1525 2982 1564 cum
3013 1509 3190 1565 dixit:
3226 1509 3500 1578 Propitius
3553 1512 3619 1562 sit

2039 1599 2153 1662 tibi,
2177 1600 2417 1664 Domine,
2449 1618 2552 1654 non
2580 1603 2678 1655 erit
2721 1601 2815 1654 tibi
2843 1601 2937 1655 hoc
2970 1601 3054 1670 ";
3089 1602 3181 1671 qui
3225 1602 3472 1656 audivit:
3516 1599 3596 1653 Va

2037 1692 2101 1746 de
2130 1701 2248 1758 post
2294 1708 2406 1756 me,
2459 1691 2687 1758 Sat'ana,
2720 1694 3038 1748 scandalum
3065 1711 3118 1749 es
3164 1692 3313 1758 mihi,
3359 1693 3484 1763 quia
3518 1708 3619 1745 non

347 1785 711 1857 ἀνθρώπων·
751 1784 784 1856 ἢ
843 1783 1143 1854 οἰκοδομῶν
1189 1781 1249 1835 τὸ
1301 1781 1560 1854 φρόνημα
1607 1779 1702 1835 τοῦ
1759 1779 1921 1834 ἀσθε-

2031 1785 2172 1853 sapis
2199 1801 2261 1839 ea
2286 1802 2402 1856 qua:
2431 1780 2532 1839 Dei
2557 1793 2702 1850 sunt,
2731 1784 2821 1839 sed
2848 1803 2909 1839 ea
2943 1803 3061 1855 qua:
3108 1785 3379 1840 hominum
3403 1786 3451 1818 °°
3483 1807 3494 1840 :
3529 1795 3617 1839 aut

353 1879 479 1943 νοῦς
509 1879 620 1950 (98)
651 1879 733 1942 εἷς
757 1895 809 1930 τι
842 1876 950 1931 τῶν
986 1875 1478 1948 ἀπηγορευμένων,
1508 1872 1658 1928 κατὰ
1680 1873 1742 1926 τὺ
1778 1872 1932 1945 παρὰ

347 1971 426 2042 τῷ
460 1969 765 2040 Ἀποστόλῳ
794 1968 1200 2041 γεγραμμένον,
1233 1967 1443 2021 εἰπόντι
1462 1983 1476 1996 ο
1517 1966 1661 2021 Ἐὰν
1699 1963 1812 2035 γὰρ
1840 1983 1931 2032 τις

345 2065 447 2134 ἴδῃ
472 2063 568 2128 σὲ,
588 2064 700 2116 τόν
733 2061 954 2131 ἔχοντα
972 2057 1218 2130 γνῶσιν,
1242 2060 1311 2113 ἐν
1345 2058 1626 2125 εὶδωλείῳ
1654 2059 1930 2113 κατακεί-

337 2172 550 2227 μενον,
586 2154 724 2224 οὐχί
752 2155 790 2223 ἡ
819 2153 1178 2221 συνείδησις
1204 2151 1397 2206 αὐτοῦ
1427 2149 1724 2217 ἀσθενοῦς
1755 2150 1930 2216 ὄντος

343 2246 876 2316 οἰκοδομηθήσεται
906 2248 993 2311 είς
1030 2244 1097 2298 τὸ
1132 2246 1204 2300 τὰ
1249 2244 1614 2298 εἰδωλόθυτα
1659 2243 1928 2305 ἑσθίειν;

342 2332 426 2402 οἷς
467 2337 750 2408 ἐπιφέρει·
789 2336 1002 2405 Διόπερ
1035 2334 1150 2405 (99)
1196 2337 1250 2388 εί
1292 2333 1508 2404 ,ϐρῶμα
1545 2332 1928 2394 σκανδαλίζει

342 2427 453 2482 τὸν
473 2426 744 2496 ἀδελφόν
760 2443 902 2496 μου,
919 2427 992 2480 οὐ
1009 2423 1095 2495 μὴ
1121 2426 1288 2495 φάγω
1309 2423 1454 2493 κρέα
1473 2426 1562 2488 είς
1587 2423 1695 2478 τὸν
1719 2422 1924 2488 αἰῶνα,

341 2521 447 2575 ινα
477 2519 564 2590 μὴ
589 2519 698 2573 τὸν
723 2517 992 2588 ἀδελφόν
1010 2535 1132 2586 μου
1173 2515 1590 2570 σκανδαλίσω.
1619 2516 1838 2570 Γίνεται
1866 2515 1925 2570 δὲ

343 2614 405 2668 τὸ
447 2611 741 2668 σκάνδαλον
781 2611 926 2666 κατὰ
960 2609 1214 2674 πλείονας
1247 2608 1448 2673 αἰτίας.
1503 2608 1575 2663 Ἦ
1619 2609 1730 2680 γὰρ
1772 2609 1925 2682 παρὰ

342 2707 436 2760 τὸν
470 2703 892 2769 σκανδαλίζονται
910 2702 973 2757 τὸ
996 2701 1295 2757 σκάνδαλον
1317 2701 1551 2772 γίνεται,
1585 2702 1620 2771 ἢ
1649 2702 1803 2775 παρὰ
1833 2702 1924 2758 τὸν

344 2795 829 2866 σκανδαλιζόμενον
864 2795 927 2848 τὺ
975 2794 1430 2866 σκανὼλισθῆναι
1490 2792 1783 2867 συμϐαίνει
1821 2797 1920 2868 (1).

343 2890 454 2944 Καὶ
489 2891 547 2942 ἐν
577 2888 790 2951 τούτοις
819 2887 980 2942 πάλιν
1012 2889 1282 2960 διαφόρως
1300 2905 1313 2919 °
1351 2888 1486 2942 ποτὲ
1520 2889 1621 2959 μὲν
1645 2888 1757 2961 γὰρ
1784 2889 1925 2942 κατὰ

338 2979 654 3051 ἀπειρίανῆ
701 2978 980 3050 τούτου,ἢ
1035 2978 1266 3035 ἐκείνου.
1297 2981 1454 3034 Ἔστι
1483 2981 1541 3035 δὲ
1595 2983 1686 3036 ὅτε
1743 2984 1803 3036 ὲν
1854 2987 1921 3056 τῇ

338 3071 635 3143 ὁρθετομίᾳ
647 3071 742 3124 τοῦ
762 3070 922 3140 λόγου
941 3074 975 3142 ἡ
999 3070 1108 3125 τῶν
1126 3070 1630 3143 σκανδαλιζομένων
1649 3073 1818 3128 κακία
1838 3074 1923 3127 ὲκ-

339 3162 600 3236 δηλοτέρα
620 3163 830 3232 γίνεται
846 3180 860 3194 ο
886 3164 981 3217 καὶ
1003 3164 1060 3216 ὲν
1079 3165 1192 3227 τοῖς
1207 3164 1499 3235 πράγμασι
1523 3164 1579 3218 δὲ
1599 3165 1675 3236 (2)
1696 3165 1918 3237 ὁμοίως.

339 3256 413 3308 Ἢ
461 3257 571 3327 γὰρ
603 3255 820 3326 ἐντολὴν
853 3255 990 3309 Θεοῦ
1039 3254 1342 3321 ποιοῦντος,
1367 3255 1401 3327 ἢ
1429 3259 1544 3321 τοῖς
1591 3259 1650 3310 ὲν
1699 3258 1922 3331 ἐξουσίᾳ

338 3347 613 3426 κειμένοις
661 3347 748 3401 ἐπ’
793 3347 978 3411 ἁδείας
1024 3345 1313 3419 χρωμένου
1363 3347 1392 3400 ὁ
1431 3347 1921 3420 σκανδαλιζόμενος

339 3438 774 3504 σκανδαλίζεται.
807 3438 976 3494 Ὅταν
1017 3438 1118 3510 μὲν
1141 3435 1235 3492 οὖν
1262 3441 1375 3502 τοῖς
1415 3439 1538 3493 κατ’
1577 3439 1798 3512 ἐντολὴν
1837 3458 1923 3510 γι-

337 3531 583 3603 νομένοις
623 3531 1042 3604 προσκόπτωσιν
1086 3532 1388 3600 ἄνθρωποι,
1437 3532 1532 3586 καὶ
1578 3533 1668 3586 ἐπὶ
1711 3532 1922 3596 τούτοις

340 3622 799 3687 σκανδαλίζωνται
832 3623 940 3695 (ὡς
971 3625 1029 3676 ὲν
1068 3623 1145 3694 τῷ
1171 3623 1495 3694 Εὐαγγελίῳ
1522 3623 1666 3688 τινὲς
1692 3625 1784 3677 ἐπὶ
1807 3627 1921 3687 τοῖς

337 3714 444 3769 ὑπὸ
482 3715 578 3769 τοῦ
606 3715 813 3788 Κυρίου
859 3715 1001 3770 κατὰ
1043 3715 1103 3768 τὸ
1138 3716 1352 3788 θέλημα
1391 3716 1486 3770 τοῦ
1524 3716 1737 3788 Πατρὸς
1770 3733 1919 3786 γινο-

340 3806 525 3878 μένοις
572 3807 668 3860 ita).
718 3807 1090 3878 λεγομένοις),
1125 3809 1248 3861 τότε
1283 3807 1387 3879 χρὴ
1433 3807 1794 3879 μνημονεύειν
1823 3809 1916 3862 τοῦ

336 3899 548 3973 Κυρίου
590 3901 720 3972 περὶ
750 3899 859 3953 τῶν
881 3899 1136 3954 τοιούτων
1162 3899 1626 3970 ἀποκριναμένου,
1655 3900 1819 3970 ἡνίκα
1839 3901 1915 3971 (5)

336 3992 727 4064 προσελθόντες
756 3994 806 4046 οἱ
836 3991 1077 4064 μαθηταὶ
1107 3987 1260 4045 εἷπον
1288 3991 1436 4063 αὑτῷ
1455 4009 1467 4022 ·
1502 3990 1706 4058 Οἶδας,
1742 3993 1832 4046 ὅτι
1864 3995 1919 4046 οἱ

335 4083 644 4153 Φαρισαῖοι
661 4125 676 4150 ,
715 4083 1091 4150 ἀκούσαντες
1143 4083 1250 4138 τὸν
1307 4084 1523 4154 λόγον,
1553 4072 1917 4139 ἐσκανδαλίὲ

333 4181 614 4245 σθησαν;
645 4176 782 4248 πρὸς
821 4176 916 4241 οὓς
961 4193 1128 4248 φησι·
1159 4175 1335 4233 Πᾶσα
1386 4177 1634 4246 φυτεία,
1679 4175 1762 4244 ἣν
1805 4179 1918 4231 οὐκ

332 4270 670 4340 ἐφύτευσεν
707 4271 740 4324 ό
779 4269 982 4338 Πατήρ
1008 4287 1128 4339 μου
1162 4272 1195 4324 ό
1228 4268 1509 4338 οὐράνιος
1540 4269 1649 4340 (4),
1685 4269 1916 4340 ἐκριζω-

333 4360 602 4430 θήσεται.
644 4362 850 4431 Ἅφετε
904 4361 1159 4426 αὐτούς’
1213 4361 1437 4430 τυφλοί
1492 4364 1654 4415 εἰσιν
1712 4360 1917 4432 ὁδηγοὶ

2034 1877 2254 1948 quando
2279 1879 2514 1934 suscitat
2539 1879 2783 1933 animum
2821 1878 3023 1932 inﬁrmi
3073 1879 3310 1948 alicujus
3367 1878 3433 1932 ad
3482 1878 3594 1932 veli

2034 1979 2148 2025 tum
2190 1970 2480 2040 quiddam,
2508 1979 2673 2040 prout
2709 1971 2778 2024 ab
2813 1970 3078 2041 Apostolo
3108 1971 3374 2040 scriptum
3396 1978 3502 2035 est,
3531 1969 3620 2024 his

2030 2061 2216 2118 verbis
2249 2081 2262 2116 :
2294 2059 2362 2117 Si
2382 2063 2657 2133 quisenim
2692 2059 2880 2117 viderit
2910 2063 3095 2136 τεκςυὶ
3129 2061 3287 2116 habes
3318 2062 3616 2128 scientiam,

2024 2155 2086 2209 in
2121 2155 2285 2210 idolio
2315 2155 2722 2218 recumbentem,
2773 2171 2945 2208 nonne
2997 2153 3322 2208 conscientia
3358 2152 3473 2222 ejus
3527 2155 3616 2221 qui

2023 2248 2276 2317 inﬁrmus
2331 2257 2408 2302 est
2459 2246 2819 2316 wdiﬁcabitur
2855 2242 2930 2300 ad
2977 2245 3412 2299 manducandum
3441 2243 3589 2300 idolo

2031 2340 2180 2411 thyta
2219 2338 2302 2393 ‘7?
2341 2339 2544 2411 quibus
2597 2340 2790 2395 istbaac
2843 2337 3136 2408 adjungit:
3191 2336 3528 2406 Quapropter
3568 2338 3616 2390 si

2026 2448 2149 2487 esca
2181 2432 2518 2488 scandalizat
2545 2432 2768 2502 fratrem
2794 2447 2987 2497 meum,
3018 2446 3122 2483 non
3147 2426 3481 2482 manducabo
3505 2444 3616 2481 car-

2028 2541 2146 2578 nem
2179 2526 2235 2580 in
2265 2535 2544 2591 wternum,
2588 2543 2651 2580 ne
2677 2525 2900 2594 fratrem
2934 2539 3106 2577 meum
3150 2520 3512 2576 scandalizent
3547 2519 3615 2575 ⁸⁸.

2025 2615 2217 2672 Oritur
2260 2629 2444 2672 autem
2492 2617 2814 2672 scandalum
2875 2615 3127 2686 pluribus
3175 2628 3242 2668 ex
3275 2615 3481 2668 causis.
3518 2609 3616 2666 Vel

2026 2711 2174 2766 enim
2203 2726 2270 2766 ex
2308 2726 2374 2766 eo
2417 2711 2508 2782 qui
2545 2710 2908 2775 scandalizat,
2959 2707 3280 2764 scandalum
3322 2705 3612 2772 nascitur;

2025 2811 2122 2859 aut
2145 2803 2466 2859 scandalum
2487 2802 2863 2874 proﬁciscitur
2883 2816 2950 2857 ex
2977 2816 3044 2856 eo
3069 2800 3162 2871 qui
3181 2799 3611 2856 scandalizatur.

2023 2896 2104 2951 Ac
2157 2910 2354 2952 rursus
2400 2896 2456 2952 id
2493 2897 2550 2950 in
2590 2895 2678 2951 his
2719 2894 2988 2965 contingit
3042 2893 3213 2947 variis
3259 2891 3472 2957 modis;
3509 2890 3614 2944 ali-

2025 2986 2245 3058 quando
2275 2988 2424 3043 enim
2451 3003 2519 3042 ex
2553 2987 2790 3050 malitia,
2841 2984 3140 3056 aliquando
3167 2998 3299 3040 vero
3329 2999 3397 3038 ex
3441 2983 3615 3052 impe-

2025 3079 2151 3133 ritia
2181 3078 2265 3134 vel
2289 3077 2478 3149 hujus,
2527 3078 2614 3134 vel
2648 3077 2816 3133 illius.
2862 3075 3140 3132 Interdum
3174 3073 3340 3129 etiam
3370 3077 3426 3128 in
3459 3080 3612 3127 recta

2027 3171 2173 3225 verbi
2207 3170 2560 3238 tractatione,
2584 3184 2800 3236 eorum,
2829 3168 2925 3239 qui
2949 3167 3276 3224 scandalum
3297 3167 3610 3237 patiuntur,

2023 3261 2232 3316 malitia
2267 3263 2441 3334 magis
2469 3262 2805 3328 declaratur,
2842 3260 3071 3332 perinde
3093 3268 3154 3314 ut
3179 3260 3235 3314 in
3262 3260 3398 3330 ipsis
3420 3259 3618 3313 rebus.

2022 3353 2132 3410 Aut
2157 3353 2304 3409 enim
2343 3369 2451 3409 uno
2479 3354 2668 3424 aliquo
2703 3354 3024 3407 mandatum
3073 3349 3167 3406 Dei
3216 3349 3471 3413 faciente,
3516 3356 3610 3402 aut

2025 3447 2115 3513 iis,
2157 3462 2278 3518 quae
2304 3447 2359 3502 in
2393 3462 2494 3503 sua
2533 3454 2808 3517 potestate
2845 3446 2951 3502 sita
2999 3452 3149 3508 sunt,
3195 3443 3366 3498 libere
3398 3451 3608 3505 utente,

2024 3538 2429 3592 scandalizatur
2456 3539 2550 3608 qui
2575 3536 3006 3593 scandalizatur.
3041 3534 3178 3588 Cum
3209 3533 3394 3603 itaque
3423 3531 3492 3586 de
3523 3547 3609 3588 re-

2024 3629 2127 3683 bus
2157 3645 2280 3700 qua:
2300 3645 2368 3684 ex
2397 3628 2658 3683 mandato
2687 3626 2848 3691 ﬁunt,
2878 3626 2964 3681 vel
3000 3625 3282 3687 dicuntur,
3318 3622 3610 3678 clientium

2024 3729 2113 3775 tur
2140 3720 2410 3785 homines,
2441 3731 2496 3776 et
2524 3720 2594 3775 de
2620 3719 2708 3774 his
2741 3717 3194 3775 scandalizantur
3227 3717 3325 3787 (ut
3349 3717 3404 3770 in
3427 3715 3610 3771 Evan-

2021 3811 2162 3883 gelio
2191 3811 2416 3881 quidam
2444 3809 2513 3865 de
2542 3808 2650 3874 bis,
2685 3824 2806 3879 qua:
2830 3824 2860 3862 a
2888 3807 3120 3862 Domino
3152 3807 3374 3871 ﬁebant,
3417 3814 3472 3863 et
3525 3808 3609 3861 di-

2022 3901 2294 3956 cebantur
2323 3915 2390 3956 ex
2423 3899 2705 3954 voluntate
2739 3897 2978 3967 Patris),
3005 3905 3139 3952 tunc
3166 3897 3384 3951 Domini
3412 3898 3608 3951 memi-

2022 3993 2170 4047 nisse
2199 4007 2382 4063 operte
2413 3991 2651 4062 pretium
2679 3998 2784 4056 est,
2835 3990 2951 4059 qui,
2983 4005 3107 4043 cum
3138 3989 3507 4044 accessissent
3537 3987 3608 4042 ad

2021 4100 2080 4140 se
2111 4083 2387 4154 discipuli,
2413 4098 2477 4138 ac
2505 4083 2779 4138 dixissent
2811 4101 2826 4135 :
2861 4081 2978 4135 Scis
3005 4079 3145 4151 quod
3176 4079 3466 4141 Phariscei,
3505 4096 3606 4132 au-

2019 4176 2130 4230 dito
2159 4174 2310 4230 verba
2339 4177 2458 4241 hoc,
2507 4172 2866 4230 scandalizati
2911 4175 3076 4228 sunt?
3103 4172 3184 4227 eis
3230 4175 3298 4228 de
3333 4171 3608 4242 ejusmodi

2021 4270 2338 4326 hominibus
2393 4283 2722 4340 responsum
2766 4265 2936 4330 dedit,
2991 4265 3081 4319 his
3127 4265 3356 4320 verbis:
3421 4263 3606 4318 Omnis

2016 4362 2282 4430 plantatio
2304 4377 2465 4432 quant
2515 4375 2619 4414 non
2647 4359 2906 4428 plantavit
2937 4355 3106 4410 Pater
3153 4370 3300 4408 meus
3351 4353 3602 4415 caelestis,

332 4452 599 4523 τυφλῶν.
646 4455 880 4521 Τυφλὸς
930 4451 1000 4505 δὲ
1032 4453 1270 4521 τυφλὸν
1309 4452 1420 4506 ἐὰν
1453 4451 1678 4524 ὁδηγῇ,
1722 4453 1914 4522 ἀμφό-

2026 4453 2398 4507 eradicabitur.
2433 4450 2560 4507 Sine
2587 4451 2712 4505 illos
2742 4465 2760 4503 :
2800 4450 2927 4504 εαξσὶ
2951 4457 3074 4503 sunt
3119 4445 3277 4502 duces
3317 4459 3600 4499 caecorum.

329 4563 486 4616 τεροι
519 4548 606 4611 είς
621 4546 892 4611 ,βόθυνον
910 4545 1332 4614 ἐμπεσοῦνται.
1353 4547 1461 4599 Καὶ
1487 4545 1658 4600 πολλὰ
1681 4545 1904 4601 τοιαῦτα

2026 4545 2199 4603 Caseus
2230 4555 2406 4600 autem
2427 4546 2475 4599 si
2501 4561 2639 4599 ειεεο
2662 4544 2914 4597 ducatum
2951 4547 3186 4610 prwstet,
3229 4536 3382 4592 ambo
3416 4536 3472 4589 in
3521 4533 3605 4602 fo-

412 4700 458 4732 “
490 4701 680 4756 Matth.
719 4716 887 4766 xvm,
920 4699 974 4757 6.
1050 4701 1096 4733 ⁸⁵
1134 4698 1323 4756 Matth.
1359 4715 1487 4767 xw,
1527 4699 1599 4755 22
1697 4701 1743 4734 ⁶⁶
1781 4701 1916 4757 ibid.

2029 4743 2044 4758 .
2123 4702 2168 4734 ⁸⁷
2210 4701 2230 4755 Ι
2270 4700 2400 4756 Cor.
2437 4717 2573 4764 vm,
2610 4699 2700 4754 10.
2783 4699 2828 4732 ⁸⁸
2869 4697 3002 4751 ibid.
3043 4695 3130 4750 15.

413 4854 517 4929 (96)
549 4858 643 4916 Sic
669 4857 847 4929 Vossii
866 4857 1024 4929 liber
1049 4864 1104 4912 et
1131 4855 1224 4911 alii
1253 4854 1384 4929 duo.
1411 4855 1516 4910 Alii
1535 4854 1656 4929 duo
1691 4871 1839 4929 mss_._
1854 4864 1910 4912 et

333 4925 463 4985 editi
502 4925 780 5002 ἔρριπται.
830 4926 956 5002 Mox
996 4927 1270 5002 duuisz
1293 4925 1908 5002 cb_ca_tav6a)tloat._vo-

333 5002 457 5056 cula
495 4995 785 5056 rb‘deerat
829 4999 885 5052 in
926 4997 1185 5069 vulgatis.
1206 4995 1384 5069 _Iiaud
1432 4998 1612 5068 longe,
1654 4997 1820 5069 modo
1852 4998 1910 5069 in

333 5073 606 5127 veteribus
638 5072 796 5125 libris
828 5065 1045 5140 legitur'
1057 5067 1428 5140 φυλαξόμεθα,
1455 5065 1908 5140 maecenas-

337 5142 495 5213 μεθα.
525 5141 635 5197 Nec
666 5142 740 5196 ita
767 5137 940 5213 multo
969 5147 1092 5208 post
1119 5137 1250 5209 Reg.
1269 5137 1552 5213 'tertiuset
1572 5137 1704 5194 editi
1753 5138 1912 5213 φοϐε-

339 5206 430 5284 ρδν
465 5213 766 5284 κριτήριον.
797 5209 905 5264 Alii
935 5206 1050 5264 tres
1074 5206 1220 5264 mss.‘
1233 5215 1432 5279 praeter
1467 5206 1631 5264 Voss.
1677 5207 1912 5281 φοϐερὸν

334 5285 528 5431 xiiii)’
554 5349 737 5431 eode;
765 5349 919 5431 δρψ·
949 5343 1300 5431 Σδεαθδακῑξει
1328 5348 1428 5419 μὲν
1455 5350 1564 5431 si;
1597 5366 1679 5431 τις
1702 5350 1730 5403 δ
1755 5349 1908 5431 ’ἑαρά

332 5421 394 5476 τὸ
415 5419 797 5494 γεγραμμένον
821 5420 1207 5494 λόγῳᾼῆ-ξργῳ
1237 5419 1591 5494 παρανομῷν,
1627 5427 1733 5494 etc.
1763 5419 1902 5494 βόε.

307 5499 310 5504 ’
334 5489 542 5562 primus
568 5489 621 5548 et
634 5490 796 5547 Voss.
819 5489 1298 5562 Exavsahilgtpév
1322 5489 1412 5554 ’τις
1439 5491 1525 5542 ἐπ’
1557 5491 1743 5561 ἀνόμῳ
1763 5489 1908 5562 λόγῳ

333 5564 368 5635 ἢ
396 5562 689 5635 ἔργῳ-καί,
715 5571 823 5635 etc.

406 5580 544 5690 531:9
575 5580 689 5628 και,
715 5580 823 5645 etc.
1685 5629 1710 5640 _

406 5636 424 5715 ς
463 5634 515 5706 8)
553 5630 1294 5721 “serumsetliolisft
1320 5629 1578 5721 ξρράίημα
1744 5629 1904 5686 ἀσθε-

330 5701 568 5769 νοῦντος.
603 5701 798 5759 Statim
834 5717 975 5758 unus
1007 5717 1107 5757 ms.
1153 5701 1276 5754 Ἐὰν
1315 5701 1406 5758 οὖν
1445 5701 1548 5766 τις.

2091 4854 2200 4926 (99)
2229 4854 2349 4912 Vox
2379 4853 2581 4926 Διόπερ
2614 4852 2794 4907 addita
2843 4859 2928 4907 est
2964 4865 3031 4905 ex
3063 4846 3306 4919 antiquis
3331 4845 3508 4904 tribus
3537 4847 3602 4901 Ii-

2017 4927 2166 5068 ωδ.)
2209 4995 2302 5051 Sic
2350 4995 2572 5068 codices
2620 5000 2756 5048 tres.
2807 4990 2950 5046 Editi
3004 4985 3490 5058 σκανδαλιζόμενον
3539 4987 3602 5041 τὸ

2020 5065 2314 5137 σκᾶνδαλον
2334 5083 2408 5137 Ϋσυ
2417 5065 2527 5137 p.6a
2534 5065 2614 5137 ίνε
2615 5083 2652 5118 ι.

2095 5139 2173 5209 (2)
2203 5125 2690 5209 lta_Vossi_i_code_x
2721 5139 2774 5189 et
2806 5131 2899 5209 alii
2922 5139 3053 5186 tres.
3087 5128 3292 5209 vocula
3327 5125 3597 5209 δέρρει-ξι

2021 5197 2360 5264 αὕέἓιοιιείε.
2396 5205 2600 5262 Ibidem
2633 5203 2773 5274 (Reg.
2806 5203 3018 5272 primus
3052 5209 3106 5256 et
3131 5200 3291 5254 Voss.
3316 5197 3411 5250 τοῦ
3437 5197 3597 5251 Θεοῦ.

2020 5277 2144 5334 Mox
2169 5277 2278 5333 duo
2308 5293 2443 5332 mss.
2472 5276 2559 5328 ἐπ’
2587 5273 2762 5344 ἀδείᾳ.

2089 5349 2166 5419 (5)
2190 5347 2332 5419 Editi
2377 5346 2501 5419 τότε
2536 5339 2810 5419 μνη-στ’έον
2835 5340 2928 5395 τοῦ
2943 5339 3146 5419 ίςυρίου
3178 5339 3598 5419 ἀποκρινα-

2021 5409 2206 5488 μένου,
2229 5418 2412 5489 ἡνίκα.
2436 5409 2620 5471 Codex
2638 5409 2805 5468 Voss.
2835 5420 2889 5467 et
2915 5411 3007 5464 alii
3033 5409 3283 5464 nonnulli
3309 5416 3366 5462 ut
3395 5409 3449 5462 in
3473 5422 3596 5462 cou-

2021 5499 2332 5632 ιθῖἲῒίξεε.
2356 5556 2588 5632 primus,
2632 5571 2733 5626 μου
2754 5552 3108 5632 ’ἐπουράνιος
3133 5548 3299 5632 _I_Iaud
3329 5549 3488 5622 longe
3503 5562 3594 5605 vo-

2016 5621 2194 5686 culain
2218 5621 2619 5683 Bé'addidim'us
2634 5621 2704 5680 ex
2736 5621 2950 5680 duobus
2971 5622 3254 5678 codicibus
