4064 6238
553 309 690 366 ιιει
1176 270 1179 273 λ
1835 300 1896 356 s.
1936 297 2156 354 ωειιι

2174 297 2182 352 l
2221 294 2437 352 “AEN!
3667 302 3779 358 “9.8

549 440 699 482 ceam
727 422 914 480 cadent
941 420 1007 476 ".
1038 418 1103 473 Et
1144 422 1314 475 multa
1359 418 1741 490 hujuscemodi
1776 416 1979 490 poterit
2010 414 2138 486 quis

2179 418 2215 474 Α
2240 411 2341 464 καὶ
2382 411 2442 463 ὲν
2488 412 2603 474 τοῖς
2652 408 3028 478 Εὺατγελίοις,
3055 407 3151 464 καὶ
3186 407 3337 481 παρὰ
3384 407 3464 480 τῷ
3512 410 3784 485 ’Δποστόλῳ

553 518 800 573 invenire
833 525 946 568 tum
981 516 1035 567 in
1074 513 1405 584 Evangeliis,
1447 522 1563 566 tum
1600 511 1744 582 apud
1787 510 2134 581 Apostolum.

2238 504 2390 577 εὖροι
2421 521 2507 568 τις
2545 505 2633 559 ἄν.
2668 504 2837 556 Ὅταν
2867 503 2924 557 δὲ
2953 503 3046 556 ἐπὶ
3079 504 3195 567 τοῖς
3230 505 3290 556 ὲν
3332 502 3548 575 ἐξουσία
3575 504 3785 579 ἡμετέρᾳ

551 613 690 668 Cum
719 625 850 667 vero
880 609 952 664 ob
992 624 1056 662 ea
1098 623 1220 677 qua:
1272 609 1327 661 in
1389 613 1664 677 potestate
1713 611 1905 659 nostra
1960 603 2137 673 posita

2239 595 2515 668 κειμένοις
2553 595 2875 668 προσκόπτῃ
2905 612 3013 661 τις,
3043 595 3078 667 ἢ
3122 595 3559 666 σκανδαλίξηται,
3584 599 3657 661 είς
3678 599 3789 652 ἀνά-

554 699 1014 767 sunt,offenditur
1048 701 1195 771 quis,
1231 707 1327 753 aut
1370 696 1690 753 scandalum
1727 696 1953 766 patitur,
2009 702 2140 747 tunc

2242 707 2441 762 μνησιν
2471 688 2646 743 ἐλθεῖν
2672 688 2757 742 δεῖ
2794 689 2917 741 τότε
2949 687 3057 741 τῶν
3089 685 3182 740 τοῦ
3214 687 3419 759 Κυρίου
3447 685 3522 757 (5)
3552 688 3678 759 πρὸς
3714 690 3787 740 τὸν

554 793 866 851 revocanda
893 799 1025 850 sunt
1060 793 1115 846 in
1155 789 1483 845 memoriam
1529 788 1649 842 haec
1676 785 1895 841 Domini
1925 784 1991 839 ad
2038 782 2141 837 Pe-

2228 782 2448 854 ’Πέτρον
2471 780 2753 853 ῥημάτων,
2782 780 3028 842 είπόντος
3048 795 3061 808 ·
3085 780 3224 847 Ἄρα
3249 794 3315 847 τε
3338 779 3635 846 ἐλεύθεροί
3657 783 3790 834 εἰσιν

554 896 702 942 trum
731 887 919 950 verba,
952 884 1176 956 quando
1205 883 1382 937 dixit:
1418 880 1559 951 Ergo
1586 881 1736 934 liberi
1759 889 1881 934 sunt
1904 878 2043 947 ﬁlii;
2083 885 2141 929 ut

2240 877 2294 927 ol
2316 874 2467 928 υἱοί*
2496 874 2599 927 ἵνα
2618 871 2687 925 δὲ
2711 870 2798 942 μὴ
2825 871 3336 939 σκανδαλίσωμεν
3355 870 3593 937 αὐτοὺς,
3610 887 3789 939 πορευ-

557 991 730 1033 autem
753 995 855 1033 non
877 976 1298 1030 scandalizemus
1327 990 1438 1036 eos,
1461 971 1725 1041 profectus
1747 971 1816 1025 ad
1840 986 1983 1024 mare
2016 969 2140 1021 mit-

2240 964 2363 1032 θεὶς
2390 967 2478 1031 εὶς
2499 963 2617 1032 τὴν
2644 962 2990 1027 θάλασσαν,
3020 962 3187 1025 ,βάλε
3212 962 3553 1033 ἄγκιστρον,
3583 963 3673 1018 καὶ
3702 963 3788 1017 τὸν

559 1081 608 1125 te
628 1071 843 1123 hamum
874 1084 893 1122 :
933 1077 982 1121 et
1028 1083 1146 1119 enm.
1198 1066 1391 1134 piscem
1430 1065 1517 1134 qui
1568 1064 1771 1131 primus
1822 1059 2140 1124 ascenderit,

2239 1059 2642 1112 ἀναϐαίνοντα
2684 1056 2761 1128 (6)
2796 1054 3033 1123 πρῶτον
3085 1055 3262 1123 ἰχθὺν
3310 1049 3486 1125 ἆρον*
3527 1056 3623 1110 καὶ
3648 1056 3788 1110 ἀνοί-

559 1161 684 1215 tolle
707 1175 725 1213 :
748 1169 797 1212 et
826 1169 1003 1226 aperto
1025 1173 1113 1210 ore
1134 1155 1272 1224 ejus,
1304 1154 1532 1208 invenies
1564 1164 1851 1212 staterem,‘
1879 1151 2030 1203 illum
2057 1165 2141 1201 su-

2241 1150 2353 1215 ξας
2380 1148 2445 1202 τὸ
2469 1151 2665 1219 στόμα
2696 1146 2907 1207 αὐτοῦ,
2941 1145 3221 1214 εὑρήσεις
3258 1145 3529 1215 στατῆρα
3546 1163 3559 1177 ·
3584 1145 3789 1199 ἐκεῖνον

558 1269 725 1315 mens,
754 1251 826 1303 da
852 1250 927 1304 eis
949 1266 1044 1319 pro
1068 1264 1147 1300 me
1168 1256 1217 1300 et
1262 1256 1311 1299 te
1338 1246 1409 1307 7°,
1438 1247 1565 1301 item
1601 1260 1724 1315 qua:
1762 1244 1829 1297 ab
1874 1242 2139 1311 Apostolo

2240 1244 2463 1306 λαϐὼν,
2512 1243 2619 1307 δὸς
2648 1240 2853 1306 αὐτοῖς
2897 1239 3033 1294 ἀντὶ
3062 1238 3209 1308 ἐμοῦ
3252 1239 3353 1293 καὶ
3395 1238 3541 1293 σοῦ·
3574 1239 3662 1292 καὶ
3700 1237 3789 1290 τῶν

559 1346 625 1400 ad
659 1343 977 1400 Corinthios
997 1342 1200 1412 scripta
1238 1351 1365 1395 sunt
1395 1340 1480 1394 his
1516 1339 1702 1393 verbis
1734 1357 1746 1391 :
1809 1334 1932 1389 Non
1986 1351 2141 1387 man-

2240 1336 2335 1389 τοῦ
2378 1336 2703 1390 Ἀποστόλου
2735 1334 2871 1406 πρὸς
2905 1333 3229 1405 Κορινθίους
3262 1332 3619 1403 γραμμάτων,
3647 1332 3697 1383 ὲν
3723 1324 3790 1393 οἷς

556 1438 761 1492 ducabo
792 1451 1001 1491 carnem
1026 1435 1079 1488 in
1102 1444 1381 1495 wternum,
1414 1450 1478 1487 ne
1517 1432 1738 1502 fratrem
1772 1447 1943 1486 meum
1979 1445 2109 1483 scan
2129 1454 2143 1468 -

2244 1444 2407 1495 φησιν
2428 1443 2441 1456 ·
2478 1428 2560 1479 Οὺ
2586 1425 2673 1495 μὴ
2717 1424 2884 1494 Sutrio
2927 1422 3071 1491 κρέα
3103 1424 3193 1489 είς
3224 1422 3331 1475 τὸν
3368 1420 3569 1487 αἰῶνα,
3601 1422 3692 1474 ἵνα
3717 1420 3788 1490 μὴ

561 1530 791 1584 dalizem
820 1530 896 1595 7';
932 1541 996 1582 ac
1028 1542 1226 1581 rursus
1260 1544 1272 1578 :
1319 1526 1530 1580 Bonum
1564 1535 1641 1579 est
1680 1541 1783 1577 non
1819 1521 2142 1576 manducare

2243 1517 2350 1571 τὸν
2376 1516 2645 1586 ἀδελφόν
2667 1535 2786 1586 μου
2812 1514 3205 1569 σκανδαλίσω
3225 1531 3238 1545 ·
3272 1514 3368 1568 καὶ
3401 1513 3591 1567 πάλινο
3618 1514 3791 1567 Καλὸν

556 1638 791 1684 carnem,
817 1629 866 1674 et
897 1636 1001 1673 non
1041 1618 1214 1673 bibere
1245 1619 1444 1681 vinum,
1500 1633 1661 1688 neque
1713 1617 1766 1669 in
1819 1632 1921 1686 quo
1972 1614 2143 1684 frater

2242 1608 2309 1662 τὸ
2330 1608 2417 1679 μὴ
2443 1608 2657 1679 φαγεῖν
2685 1609 2850 1675 κρέα..
2876 1605 3036 1677 μηδὲ
3076 1604 3234 1659 πιεῖν
3264 1601 3455 1667 οἶνον.
3486 1604 3635 1675 μηδὲ
3667 1606 3727 1659 ἐν
3754 1598 3794 1670 ᾧ

556 1722 680 1768 tuus
723 1710 1011 1782 offenditur
1037 1750 1051 1775 ,
1085 1719 1180 1763 aut
1233 1708 1659 1767 scandalizatur,
1697 1706 1791 1760 αιίι
1832 1707 2143 1776 inﬁrmatur

2246 1706 2279 1758 ὁ
2319 1702 2583 1771 ἀδελφός
2617 1715 2735 1755 σου
2779 1700 3169 1767 προσκόπτει,
3206 1698 3243 1767 i)
3276 1697 3731 1760 σκανδαλίζεται,
3759 1699 3789 1766 ἢ

556 1803 625 1861 ⁷³.
658 1801 833 1869 Quam
869 1807 1052 1855 autem
1081 1798 1440 1854 metuendum
1480 1797 1553 1851 sit
1578 1797 1635 1851 in
1669 1796 1759 1860 iis,
1808 1811 1929 1866 ιμιιε
1955 1796 2146 1850 viden-

2183 1787 2217 1841 Β
2244 1794 2507 1850 ἀσθενεῖ.
2525 1795 2713 1856 Ὅπως
2739 1792 2797 1845 δέ
2827 1794 2943 1845 ἐστι
2973 1790 3203 1861 φοϐερὸν
3227 1790 3289 1843 τὸ
3325 1792 3421 1843 ἐπὶ
3454 1793 3563 1855 τοῖς
3584 1791 3637 1845 ὲν
3661 1790 3788 1857 ὲξου-

557 1899 648 1946 tur
677 1891 781 1946 sila
804 1903 927 1945 esse
956 1890 1011 1942 in
1041 1893 1321 1958 potestate
1349 1893 1558 1947 nostra.
1592 1886 1879 1956 aspernari
1914 1884 2141 1940 fratrem

2249 1888 2338 1959 σία
2371 1885 2584 1941 κεῖσθαι
2618 1883 2838 1937 δοκοῦσι
2861 1884 3127 1954 περιορᾷν
3156 1881 3248 1935 τὸν
3278 1881 3507 1953 ἀδελφὸν
3541 1881 3791 1936 σκανδαλι-

558 1977 653 2048 qui
684 1978 755 2033 ob
800 1978 916 2031 haec
949 1976 1211 2032 seandalo
1241 1975 1501 2039 afﬁcitur,
1535 1973 1777 2029 ostendit
1811 1982 2145 2045 praeceptum

2247 1980 2473 2050 ζὸμενον
2500 1979 2558 2030 ἐν
2610 1976 2820 2038 τούτοις
2849 1976 2950 2047 ('7),
2983 1974 3226 2029 δείκνυσι
3262 1975 3364 2045 μὲν
3412 1979 3446 2047 ὴ
3477 1974 3570 2028 τοῦ
3614 1974 3789 2045 Κυρίου

559 2068 798 2134 Domini,
835 2068 929 2139 qui
972 2069 1028 2123 in
1079 2067 1404 2123 universum
1453 2066 1710 2138 prohibet
1762 2065 1933 2139 438
1984 2081 2146 2121 omne

2248 2070 2628 2144 παραγγελία,
2676 2068 2909 2123 καθόλου
2959 2068 3139 2123 πάντα
3186 2068 3583 2140 σκανδαλισμοῦ
3624 2067 3794 2139 τρόπον

563 2160 805 2217 scandali
856 2176 1051 2232 genus,
1084 2174 1149 2214 ac
1179 2160 1315 2215 dicit
1359 2160 1407 2191 ’⁷⁸
1435 2178 1448 2213 :
1500 2158 1681 2213 Videte
1709 2175 1771 2213 ne
1798 2160 2146 2214 contemnatis

2246 2164 2728 2237 ἀπαγορεύοντος,
2779 2162 2877 2216 καὶ
2927 2161 3209 2230 λέγοντος·
3268 2161 3479 2231 Ὀρᾶτε
3518 2162 3601 2232 μὴ
3644 2177 3792 2214 κατα-

559 2269 723 2307 unum
751 2268 817 2306 ea:
844 2253 924 2306 his
961 2251 1173 2321 pusillis
1205 2266 1225 2304 :
1262 2250 1381 2304 dico
1412 2252 1551 2304 enim
1584 2250 1751 2315 vobis,
1802 2251 1931 2320 quia
1975 2249 2149 2320 angeli

2246 2255 2595 2326 gporricnte
2636 2253 2777 2320 ἐνὸς
2819 2251 2941 2305 τῶν
2964 2251 3195 2322 μικρῶν
3227 2254 3485 2307 τούτων·
3528 2251 3671 2321 λέγω
3701 2249 3792 2320 γὰρ

556 2362 740 2399 eorum
762 2361 965 2413 semper
987 2344 1159 2397 vident
1186 2342 1381 2412 faciem
1408 2341 1591 2395 Patris
1637 2341 1759 2404 mei,
1790 2343 1882 2411 qui
1912 2341 1969 2394 in
2004 2339 2147 2395 caelis

2246 2347 2409 2418 ὑμῖν,
2450 2347 2539 2402 ὅτι
2573 2350 2626 2401 ol
2665 2346 2912 2417 ἄγγελοι⁴
2940 2344 3141 2401 αὐτῶν
3174 2344 3500 2411 διαπαντὸς
3524 2346 3792 2412 ,ϐλέπουσι

557 2448 660 2492 est.
700 2436 843 2502 Quin
884 2443 938 2491 et
975 2435 1118 2490 idem
1145 2443 1380 2490 testatur
1408 2434 1729 2505 Apostolus,
1781 2434 1879 2504 qui
1923 2432 2147 2504 quidem

2246 2441 2313 2494 τὸ
2347 2441 2673 2508 πρόσωπον
2705 2437 2812 2492 τοῦ
2852 2439 3083 2507 Πατρός
3100 2456 3240 2508 μου,
3282 2437 3390 2491 τοῦ
3419 2437 3488 2491 ἐν
3532 2435 3788 2505 οὐρανοῖς.

559 2529 724 2583 modo
751 2526 989 2582 dicit":
1028 2525 1131 2581 Sed
1175 2526 1271 2579 hoc
1321 2524 1565 2594 judicate
1611 2524 1804 2593 magis,
1846 2540 1909 2577 ne
1938 2524 2148 2592 ponatis

2247 2530 2535 2601 Μαρτυρεῖ
2561 2527 2619 2582 δὲ
2661 2528 2755 2581 κα)⁸
2780 2528 2809 2581 ὁ
2856 2527 3181 2591 Ἀπόστολος
3209 2527 3288 2599 (8)
3322 2528 3499 2598 λέγων
3531 2526 3650 2581 ποτὲ
3679 2526 3789 2596 μέν·

558 2621 935 2693 offendiculum
961 2620 1150 2694 fratri,
1184 2618 1262 2672 vel
1300 2617 1615 2672 scandalum
1643 2632 1662 2670 :
1694 2616 1856 2671 modo
1886 2630 2015 2671 vero
2048 2615 2152 2671 hoc

2260 2620 2438 2675 Ἀλλὰ
2455 2619 2631 2674 τοῦτο
2653 2619 2893 2688 κρίνατε
2915 2618 3176 2689 μᾶλλον,
3202 2619 3268 2673 τὸ
3291 2619 3381 2689 μὴ
3406 2620 3617 2674 τιθέναι
3636 2619 3791 2685 πρόσ-

559 2714 818 2769 delictum
862 2708 1245 2766 vehementius
1272 2706 1556 2762 interdicit
1586 2706 1883 2760 verborum
1918 2719 2151 2775 appara-

2248 2729 2444 2782 κομμα
2508 2710 2591 2776 τῷ
2639 2711 2881 2781 ἀδελφῷ
2922 2711 2960 2781 ἢ
3010 2711 3403 2767 σκάνδαλονο
3454 2713 3577 2767 ποτὲ
3627 2710 3676 2764 δὲ
3719 2708 3791 2762 διὰ

560 2814 619 2861 tu
670 2803 949 2867 uberiore,
1015 2803 1109 2857 ubi
1159 2802 1277 2856 ait:
1322 2799 1383 2854 Si
1421 2800 1539 2871 quis
1583 2800 1722 2853 enim
1748 2798 1935 2853 viderit
1963 2807 2031 2861 te,
2061 2797 2151 2867 qui

2249 2805 2651 2878 περισσοτέρας
2679 2803 3027 2875 κατασκευῆς
3066 2804 3426 2877 σφοδρότερον
3472 2801 3790 2873 ἀπαγορεύων

559 2893 719 2949 habes
748 2893 1044 2958 scientiam,
1072 2893 1129 2945 in
1164 2892 1330 2945 idolio
1364 2891 1773 2955 recumbentem,
1813 2906 1983 2945 nonne
2025 2906 2152 2945 con-

2248 2898 2309 2951 τὸ
2342 2897 2565 2962 ἄτοπον,
2595 2896 2663 2950 δι’
2696 2887 2772 2949 ὧν
2807 2911 2999 2967 φησιν·
3046 2895 3189 2950 Ἐὰν
3216 2896 3330 2966 γάρ
3362 2914 3451 2963 τις
3479 2895 3573 2964 ῑδῃ
3600 2892 3684 2957 σὲ,
3706 2891 3790 2945 τὸν

559 2987 785 3040 scientia
818 2985 956 3055 ejus,
980 2985 1070 3054 qui
1093 2985 1340 3050 inﬁrmus
1365 2995 1468 3049 est,
1496 2983 1856 3054 wdiﬁcabitur
1890 2983 1958 3036 ad
1995 3000 2151 3037 man-

2248 2988 2470 3057 ἔχοντα
2506 2985 2754 3058 γνῶσιν,
2789 2988 2859 3041 ἐν
2891 2985 3169 3052 είδωλείῳ
3200 2987 3648 3055 κατακείμενον,
3680 2978 3791 3048 οὐχι

559 3077 863 3131 ducandum
894 3076 1229 3148 idolothyta?
1263 3074 1333 3130 Et
1381 3075 1572 3146 peribit
1612 3076 1860 3147 infirmus
1897 3076 2067 3146 frater
2095 3076 2150 3129 in

2252 3080 2289 3148 ἡ
2341 3079 2699 3148 συνείδησις
2739 3078 2927 3133 αὐτοῦ
2969 3076 3268 3142 ἀσθενοῦς
3308 3076 3484 3143 ὄντος
3522 3072 3793 3141 οἰκοδομη-

560 3188 655 3225 ιιια
685 3171 924 3232 scientia,
950 3180 1165 3238 propter
1216 3185 1370 3241 quem
1419 3167 1664 3224 Christus
1701 3179 1943 3223 mortuus
1986 3169 2145 3223 est".

2187 3151 2219 3209 Β
2252 3171 2498 3239 θήσεται
2533 3174 2621 3239 είς
2648 3172 2713 3226 τὸ
2757 3172 2830 3226 τὰ
2856 3170 3218 3225 εἰδωλόθυτα
3254 3169 3523 3232 erratur;
3554 3165 3646 3221 καί
3670 3165 3792 3217 ἁπο-

560 3261 772 3330 Quibus
808 3261 1099 3332 adiungit:
1140 3261 1230 3316 Sic
1288 3270 1465 3315 autent
1514 3272 1789 3331 peccantes
1822 3263 1877 3316 in
1927 3262 2147 3331 fratres,

2250 3263 2440 3319 ,κεῖται
2464 3265 2539 3336 (9)
2578 3266 2611 3318 ό
2645 3261 2921 3318 ἀσθενῶν
2940 3261 3204 3331 ἀδελφὸς
3240 3260 3345 3315 ἐπὶ
3377 3258 3452 3329 τῇ
3481 3256 3566 3328 σῇ
3589 3255 3791 3324 Wet.

558 3364 610 3411 et
635 3355 983 3426 percutientes
1015 3353 1393 3407 conscientiam
1414 3369 1599 3408 eorum
1620 3354 1913 3423 inﬁrmam,
1929 3355 1985 3408 in
2003 3353 2153 3409 Chri-

2251 3358 2325 3412 δι’
2360 3358 2433 3413 ὃν
2461 3358 2717 3427 Χριστὸς
2740 3357 3062 3413 ἀπέθανεν.
3095 3350 3191 3419 Οἷς
3230 3354 3515 3425 ἐπιφέρει·
3567 3350 3711 3405 Οὕτω
3739 3344 3793 3398 δὲ

559 3459 702 3505 stum
727 3448 977 3518 peccatis.
1026 3447 1384 3518 QuaprOpter,
1415 3447 1464 3501 si
1497 3463 1621 3501 esca
1656 3445 1992 3501 scandalizat
2037 3447 2152 3514 fra-

2250 3447 2698 3519 ἀμαρτάνοντες
2739 3451 2827 3514 εις
2849 3446 2991 3514 τοὺς
3018 3443 3350 3515 ἀδελφοὺς,
3386 3442 3486 3498 καὶ
3510 3442 3794 3503 τύπτοντες

560 3549 694 3594 treat
727 3554 923 3601 meum,
981 3555 1085 3593 non
1135 3536 1470 3591 manducabo
1522 3554 1736 3592 carnem
1780 3538 1836 3591 in
1870 3546 2148 3602 azternum,

2251 3542 2450 3596 αὐτῶν
2482 3540 2599 3609 τὴν
2626 3538 2989 3608 συνείδησιν
3016 3536 3410 3592 ἀσθενοῦσαν
3436 3534 3564 3608 (ιο),
3592 3536 3669 3599 εις
3691 3534 3796 3597 Χρι-

522 3672 525 3673 ν
559 3649 625 3688 ne
675 3632 900 3701 fratrem
955 3646 1130 3685 meum
1188 3630 1554 3684 scandalizent
1585 3630 1655 3682 "°.
1690 3629 1756 3683 Et
1801 3631 1908 3685 alio
1939 3631 1996 3685 in
2028 3630 2127 3685 laet

2250 3634 2404 3688 στὸν
2438 3630 2828 3704 ἁμαρτάνετε.
2874 3631 3085 3700 Διόπερ
3110 3632 3164 3683 εί
3202 3627 3421 3699 ,ϐρῶμα
3458 3617 3794 3682 σκανδαλίζει

561 3732 853 3796 postquam
891 3723 1068 3779 dixit:
1103 3723 1187 3777 An
1207 3739 1298 3794 ego
1321 3723 1467 3778 solus
1515 3732 1566 3777 et
1596 3721 1877 3777 Barnabas
1910 3740 2013 3777 non
2055 3723 2152 3776 ha-

2253 3727 2361 3781 τόν
2387 3726 2658 3795 ἀδελφόν
2677 3743 2819 3795 μου,
2840 3726 2914 3779 οὺ
2935 3723 3022 3794 μὴ
3051 3722 3218 3793 φάγω
3234 3722 3382 3790 κρέα
3399 3724 3485 3786 εὶς
3501 3719 3600 3773 τὸν
3621 3714 3793 3774 αἰῶνα.

561 3815 739 3870 bemus
759 3824 1070 3885 potestatem
1092 3815 1187 3869 hoc
1220 3814 1476 3886 operandi
1506 3816 1581 3868 '7’!
1609 3815 1842 3870 subinde
1867 3815 2147 3886 adiungit:

2253 3822 2355 3874 ἵνα
2380 3818 2467 3888 μὴ
2493 3817 2603 3871 τὸν
2629 3816 2898 3885 ἀδελφόν
2936 3832 3057 3886 μου
3094 3812 3509 3868 σκανδαλίσω.
3533 3810 3636 3864 Καὶ
3662 3804 3795 3861 dila-

563 3906 668 3965 Sed
694 3924 798 3963 non
823 3909 908 3962 usi
937 3924 1122 3962 sumus
1151 3907 1249 3962 hac
1281 3916 1560 3974 potestate,
1593 3907 1681 3962 sed
1710 3910 1890 3962 omnia
1923 3910 2153 3962 sustine-

2253 3911 2372 3982 χοῦ,
2397 3908 2565 3963 εἰπών
2585 3925 2599 3939 ’
2627 3909 2705 3963 Ἢ
2725 3908 2915 3977 μόνος
2940 3904 3055 3977 ἐγὼ
3083 3905 3181 3958 καὶ
3211 3903 3526 3974 Βαρνάϐας
3550 3903 3655 3955 οὐκ
3686 3898 3796 3966 ἕχο-

563 4015 703 4063 mus,
752 4014 815 4053 ne
848 3997 986 4070 quod
1029 3997 1406 4068 oﬂ‘endiculum
1446 3998 1630 4053 demus
1675 3997 1962 4070 Evangelio
1991 3997 2151 4055 Chri-

2247 4021 2363 4075 μεν
2389 4002 2683 4066 ἐξουσίαν
2714 4000 2819 4054 τοῦ
2847 3998 2933 4069 μὴ
2976 3996 3324 4068 ἐργάζεσθαι
3343 4012 3364 4061 ;
3386 3994 3531 4075 Δἑξῆς
3558 3988 3792 4056 ἐπιλέγει·

563 4092 637 4147 sti
657 4092 724 4148 τ’.
760 4091 1055 4156 Caeterum,
1114 4108 1239 4147 cum
1274 4108 1390 4150 rem
1428 4092 1503 4146 ita
1541 4093 1872 4148 horrendam
1906 4109 2029 4149 esse
2057 4094 2154 4148 de-

2250 4072 2418 4150 Ἀλλ’
2454 4096 2565 4147 οὐκ
2602 4090 2982 4161 ἐχρησάμεθα
3024 4086 3101 4157 τῇ
3139 4072 3395 4155 ἐξουσία
3427 4087 3624 4151 ταύτῃ,
3662 4075 3797 4135 ἀλλά

565 4192 933 4241 monstratum
973 4186 1067 4249 sit,
1123 4184 1178 4239 in
1236 4185 1304 4240 iis
1361 4201 1485 4257 quae
1518 4186 1572 4240 in
1634 4192 1903 4257 potestate
1963 4194 2152 4241 nostra

2254 4185 2451 4240 πάντα
2473 4182 2788 4253 στέγομεν,
2829 4182 2930 4236 ἵνα
2950 4180 3039 4251 μὴ
3076 4178 3349 4250 ἐγκοπήν
3372 4195 3503 4232 τινα
3527 4175 3705 4244 δῶμεν
3730 4168 3795 4234 τῷ

567 4277 745 4348 posita
795 4284 944 4341 sunt,
992 4277 1146 4332 fratri
1206 4292 1330 4332 esse
1385 4278 1633 4349 exemplo
1671 4280 1837 4343 malo,
1890 4278 2150 4351 quidnam

2254 4275 2599 4346 Εἰνιιγγελίῳ
2627 4274 2734 4328 τοῦ
2765 4273 3044 4342 Χριστοῦ.
3072 4270 3230 4325 Οὕτω
3250 4271 3311 4325 δὲ
3344 4267 3570 4342 φοϐεροῦ
3594 4262 3796 4333 δειχθέν-

566 4368 741 4439 possit
775 4370 899 4439 quis
945 4367 1014 4423 de
1064 4368 1133 4424 iis
1164 4369 1368 4437 dicere,
1399 4369 1494 4441 qui
1540 4370 1706 4425 vetita
1757 4369 2009 4428 faciendo
2058 4379 2153 4425 aut

2253 4386 2343 4432 τος
2373 4367 2465 4421 τοῦ
2506 4367 2601 4420 ἐπὶ
2634 4367 2747 4430 τοῖς
2792 4366 2849 4418 ἐν
2882 4363 3103 4434 ἐξουσίᾳ
3141 4363 3420 4434 κειμένοις
3460 4355 3794 4419 σκανδαλίζειν

565 4461 838 4532 loquendo
882 4461 1017 4516 dant
1074 4461 1429 4517 scandalum?
1472 4469 1527 4517 et
1569 4463 1828 4527 maxime,
1877 4479 2002 4517 cum
2054 4473 2148 4517 aut

2189 4489 2225 4543 υ
2254 4464 2344 4517 τὸν
2380 4461 2629 4531 ἀδελφὸν,
2662 4462 2716 4513 τί
2750 4457 2815 4513 ἄν
2846 4476 2933 4523 τις
2961 4457 3104 4512 εἴποι
3132 4459 3262 4529 περὶ
3294 4458 3406 4512 τῶν
3430 4460 3486 4511 ὲν
3514 4454 3588 4528 τῷ
3622 4452 3687 4506 τὰ
3709 4452 3794 4543 ἀπῇ

565 4555 792 4610 scientia
815 4554 1021 4624 majore
1051 4555 1313 4625 praeditus
1339 4570 1463 4610 esse
1484 4556 1701 4610 videtur
1730 4557 1821 4626 qui
1864 4563 1949 4611 est
1970 4555 2145 4611 oll'en-

2189 4542 2207 4543 ”
2259 4556 2598 4629 ηγορευμένα
2650 4556 2822 4607 ποιεῖν
2880 4552 2915 4625 ἢ
2964 4553 3146 4621 λέγειν
3190 4549 3669 4615 σκανδαλιζόντωνς
3718 4542 3794 4597 καὶ

567 4645 728 4709 sioni,
761 4652 854 4699 aut
886 4646 1244 4703 constituitur
1272 4646 1327 4700 in
1359 4646 1545 4717 aliquo
1568 4646 1738 4717 gradu
1766 4649 2097 4703 sacerdotali
2127 4668 2142 4704 :

2258 4649 2494 4720 μάλιστα
2519 4648 2647 4701 ὅταν
2675 4647 2709 4717 ἦ
2734 4643 2937 4715 γνῶσιν
2975 4644 3116 4715 ἔχων
3146 4641 3540 4714 περισσοτέραν
3566 4638 3794 4709 φαίνηται

565 4736 811 4806 quicum
846 4736 1041 4791 debeat
1072 4736 1197 4791 aliis
1240 4751 1364 4793 esse
1394 4738 1726 4807 praepositus
1771 4740 1919 4795 velut
1955 4741 2144 4810 regula

2253 4740 2281 4792 ὁ
2305 4736 2697 4801 σκανδαλίζων,
2721 4736 2754 4807 ἢ
2786 4738 2843 4790 ὲν
2871 4733 3063 4807 βαθμῷ
3085 4732 3407 4805 ἐξετάζηται
3434 4729 3677 4803 ἱερατικιρ
3693 4746 3704 4757 ·
3727 4726 3792 4787 ὃς.

564 4838 619 4882 rt
647 4828 949 4899 exemplar,
981 4828 1024 4882 si
1048 4828 1132 4883 vel
1161 4828 1448 4883 minimum
1471 4828 1602 4899 quid
1628 4831 1931 4900 neglexerit
1954 4847 2146 4886 eorum

2255 4830 2445 4901 ὥσπερ
2495 4827 2676 4884 κανὼν
2732 4830 2828 4883 καὶ
2868 4828 3040 4892 τύπος
3076 4828 3311 4899 ὀφείλων
3350 4823 3661 4898 προκεῖσθαι
3702 4821 3796 4881 τοῖς

564 4936 685 4990 quae
722 4921 927 4991 scripta
955 4928 1104 4987 sunt,
1145 4927 1239 4976 aut
1268 4921 1462 4978 fecerit
1504 4922 1851 4992 prohibitum
1879 4922 2142 4992 quiddam

2255 4924 2455 4989 ἄλλοις,
2488 4924 2594 4978 κᾶν
2642 4922 2816 4995 βραχύ
2859 4940 2911 4977 τι
2942 4922 3143 4994 παρίδῃ
3189 4921 3301 4975 τῶν
3337 4910 3793 4991 γεγραμμένων,ῆ

568 5023 659 5068 aut
692 5013 897 5085 aliquid
928 5014 1074 5085 quod
1105 5024 1433 5085 praeceptum
1466 5016 1538 5070 sit
1595 5016 1866 5080 omiserit,
1904 5024 2002 5070 aut
2034 5031 2148 5071 uno

2255 5016 2471 5087 πράξας
2498 5016 2562 5071 τὸ
2590 5014 2997 5087 κεκωλυμένον,
3020 5014 3055 5086 ἢ
3080 5011 3312 5067 ἐλλιπὼν
3332 5012 3393 5066 τὸ
3421 5002 3796 5083 προστεταγμέ-

641 5152 688 5186 "
729 5151 920 5223 Matth.
956 5170 1046 5216 xv,
1088 5154 1279 5218 12-14,
1355 5156 1401 5187 ⁷⁸
1442 5153 1633 5209 Matth.
1671 5171 1821 5216 rvit.
1855 5155 1959 5219 25,
1994 5156 2088 5211 26.
2163 5157 2206 5189 τι

2193 5158 2206 5189 ¹
2248 5156 2267 5210 1
2298 5157 2428 5213 Cor.
2463 5174 2584 5223 vui,
2619 5156 2706 5212 15.
2747 5157 2792 5188 ⁷³
2831 5153 2989 5208 Rom.
3039 5169 3153 5214 xw,
3188 5150 3277 5223 2|.
3357 5152 3405 5185 "
3441 5147 3628 5223 Matth.
3659 5156 3791 5201 svnt,

566 5222 655 5280 10.
729 5224 777 5254 ⁷⁵
815 5221 976 5279 Rom.
1014 5241 1126 5287 xw,
1160 5228 1246 5279 l5.
1320 5227 1367 5258 "
1407 5225 1426 5277 l
1466 5226 1595 5281 Cor.
1629 5242 1762 5290 vui,
1802 5228 1891 5291 10,
1932 5227 2014 5280 ll.
2093 5227 2137 5258 ⁷⁵

1932 5227 2014 5280 ll.
2093 5227 2137 5258 ⁷⁵
2176 5227 2306 5283 ibid.
2348 5229 2435 5291 12,
2475 5221 2575 5283 15.
2636 5227 2682 5258 ⁷⁷
2723 5224 2743 5277 1
2776 5224 2903 5279 Cor.
2941 5240 3029 5293 Ix,
3065 5223 3119 5278 6.
3194 5222 3240 5255 "
3280 5224 3415 5280 ibid.
3453 5221 3535 5275 12.

637 5353 715 5428 (5)
744 5354 911 5435 Ιξόἰιί,
942 5356 1051 5435 τῷν
1086 5357 1192 5409 ὑπὸ
1223 5357 1317 5411 τοῦ
1338 5359 1569 5430 Κυρίου.
1605 5358 1829 5429 Antiqui
1872 5366 1985 5413 tres
2020 5359 2142 5413 libri

2326 5357 2401 5429 (9)
2426 5358 2569 5435 Emti
2594 5363 2648 5435 et
2667 5358 2801 5425 deg.
2838 5312 3032 5409 tertius
3073 5354 3390 5435 amittitur,
3414 5352 3563 5435 perit.
3586 5346 3679 5435 Alii
3700 5344 3791 5435 duo

565 5425 823 5497 "5’V_:“°_5~
861 5429 1083 5497 "eclills-
1431 5425 1442 5430 “
1751 5425 1767 5429 ⁷
2254 5425 2391 5484 mss.
2426 5428 2651 5497 perinde
2673 5435 2732 5480 ut
2766 5434 2945 5480 textus
2970 5439 3149 5488 sacer,
3175 5425 3263 5480 cui
3288 5425 3504 5496 vulgata
3525 5426 3790 5477 consentit.

639 5494 714 5564 (6)
743 5495 922 5565 Codex
964 5496 1126 5553 Voss.
1158 5497 1250 5551 τὸν
1273 5498 1570 5555 ἀναϐάντα.

1187 5497 1250 5550 ὸν
1273 5498 1570 5555 ἀναϐάντα.
2253 5494 2555 5559 ἀπολεῖται,
2584 5497 2792 5565 peribit.

741 5564 874 5639 (leg.
911 5568 1106 5639 tertius
1148 5568 1242 5639 ἐπὶ
1278 5568 1505 5633 τούτοις.
1868 5638 1871 5639 ν

2327 5571 2439 5639 (10)
2468 5570 2546 5622 ita
2576 5559 2758 5639 Vossii
2787 5567 2959 5639 codex
2984 5574 3039 5621 et
3060 5566 3150 5620 alii
3171 5573 3315 5639 tres.
3347 5561 3465 5619 Vox
3491 5559 3785 5639 ngcvoftaav

638 5628 948 5712 (8’)_Codes_
980 5628 1497 5712 Colb._ii_r;69~eo_)id§
1565 5639 1799 5712 Παῦᾈος.
1851 5638 2144 5712 Aliquanto

2254 5628 2492 5712 deest'in
2540 5638 2794 5712 vulgatis.
2823 5637 2934 5695 Nec
2969 5639 3044 5692 ita
3073 5637 3243 5692 multo
3271 5642 3395 5706 post
3443 5632 3605 5690 codex
3652 5628 3768 5685 Col-b

568 5704 836 5777 poStReg.
865 5707 1077 5776 primus
1114 5707 1192 5779 τῷ
1216 5708 1429 5781 ἀδελφῷ
1453 5710 1533 5772 είς
1553 5708 1862 5764 σκάνδαλον.
1955 5704 1971 5712 ’

1066 5724 1077 5762 i
1114 5707 1192 5779 τῷ
1216 5708 1429 5781 ἀδελφῷ
1453 5710 1533 5772 είς
1553 5708 1862 5764 σκάνδαλον.
1955 5704 1971 5712 ’
2259 5711 2334 5783 μὴ
2371 5708 2529 5780 μόνος
2550 5704 2671 5777 uti}.
