4064 6238
486 305 624 361 1127

1768 297 1829 352 S.
1868 295 1953 351 BA
1964 294 2115 350 SlLll
2154 291 2371 349 MAG-Nl

3619 299 3757 354 1128

483 437 632 478 team
661 418 847 476 cadent
875 416 940 472 “.
972 414 1037 470 Et
1077 418 1247 471 multa
1292 415 1674 486 hujuscemodi
1708 413 1912 486 poterit
1943 411 2071 483 quis

2178 408 2273 463 καὶ
2315 409 2376 461 ὲν
2421 410 2537 472 τοῖς
2585 406 2961 476 Εὺατγελίοις,
2989 406 3084 463 καὶ
3119 407 3271 480 παρὰ
3321 406 3401 479 τῷ
3450 408 3762 482 ’Δποστόλῳ

486 514 733 568 invenire
766 521 880 563 tum
915 511 968 563 in
1006 509 1338 581 Evangeliis,
1380 518 1495 563 tum
1533 508 1677 579 apud
1720 506 2067 577 Apostolum.

485 609 624 664 Cum
652 621 783 662 vero
813 605 885 660 ob
925 620 989 658 ea
1031 619 1152 673 qua:
1204 602 1286 658 in
1321 609 1597 673 potestate
1646 608 1838 655 nostra
1893 600 2071 670 posita

488 694 947 761 sunt,offenditur
980 697 1128 766 quis,
1164 704 1260 749 aut
1302 693 1623 749 scandalum
1660 693 1885 763 patitur,
1941 699 2074 744 tunc

487 789 798 846 revocanda
825 795 957 846 sunt
992 788 1048 841 in
1087 785 1416 841 memoriam
1462 784 1581 839 haec
1608 782 1828 838 Domini
1858 781 1924 836 ad
1971 779 2073 835 Pe-

487 891 635 938 trum
664 882 852 945 verba,
885 880 1108 951 quando
1137 879 1276 933 dixit
1302 897 1315 932 :
1349 876 1491 947 Ergo
1518 877 1669 931 liberi
1691 886 1813 931 sunt
1837 875 1975 945 filii;
2015 882 2074 926 ut

489 986 662 1028 autem
686 991 787 1027 non
810 971 1230 1027 scandalizemus
1260 986 1370 1032 eos,
1394 968 1657 1037 profectus
1679 968 1748 1022 ad
1772 983 1916 1021 mare
1948 967 2073 1018 mit-

491 1076 541 1120 te
561 1066 775 1117 hamum
806 1079 825 1118 :
865 1072 913 1116 et
959 1079 1078 1115 eum.
1130 1062 1323 1130 piscem
1362 1062 1450 1130 qui
1500 1062 1704 1127 primus
1754 1056 2071 1121 ascenderit,

491 1156 657 1210 tolle:
680 1164 729 1207 et
758 1165 935 1222 aperto
957 1168 1044 1205 ore
1066 1151 1204 1220 ejus,
1236 1151 1465 1205 invenies
1497 1161 1783 1209 staterem;
1811 1147 1962 1200 illum
1990 1162 2074 1198 su-

490 1264 657 1312 mens,
686 1246 759 1298 da
785 1246 859 1299 eis
880 1261 976 1315 pro
1000 1261 1079 1297 me
1101 1252 1150 1297 et
1195 1253 1244 1296 te
1270 1243 1341 1304 7°,
1369 1244 1497 1297 item
1533 1257 1656 1312 quae
1694 1241 1761 1293 ab
1806 1239 2071 1308 Apostoio

490 1341 557 1395 ad
591 1339 908 1395 Corinthios
928 1338 1134 1408 scripta
1170 1347 1297 1392 sunt
1326 1336 1412 1391 bis
1449 1336 1634 1390 verbis
1666 1354 1678 1388 :
1740 1331 1864 1387 Non
1917 1348 2073 1384 man-

488 1433 693 1487 ducabo
723 1447 933 1486 carnem
958 1432 1011 1484 in
1034 1440 1313 1492 wternum,
1347 1447 1409 1484 ne
1449 1429 1671 1499 fratrem
1704 1444 1875 1482 meum
1911 1442 2041 1480 scan
2061 1452 2075 1465 -

493 1526 723 1580 dalizem
752 1526 828 1591 7';
864 1537 928 1577 ac
960 1538 1158 1578 rursus
1192 1540 1204 1575 :
1252 1521 1462 1576 Bonum
1496 1531 1573 1576 est
1612 1538 1715 1573 non
1751 1517 2073 1573 manducare

488 1633 723 1679 carnem,
749 1625 798 1670 et
828 1632 931 1669 non
972 1614 1145 1668 bibere
1176 1615 1376 1677 vinum,
1431 1631 1592 1685 neque
1644 1614 1698 1666 in
1750 1629 1852 1683 quo
1904 1612 2074 1682 frater

488 1718 612 1763 tuus
655 1706 943 1778 offenditur
968 1746 983 1770 ,
1016 1714 1111 1760 aut
1164 1705 1590 1765 scandalizatur,
1629 1703 1722 1757 au’t
1762 1705 2075 1773 inﬁrmatur

2171 502 2324 575 εὖροι
2354 519 2440 565 τις
2478 503 2567 557 ἄν.
2601 502 2770 555 Ὅταν
2800 501 2857 555 δὲ
2886 502 2980 555 ἐπὶ
3013 503 3128 566 τοῖς
3163 504 3222 555 ἐν
3266 501 3485 574 ἐξουσίᾳ
3514 504 3763 576 ἡμετέρᾳ

2173 593 2449 665 κειμένοις
2486 593 2809 667 προσκόπτῃ
2839 611 2946 659 τις,
2977 593 3011 666 ἢ
3055 594 3497 665 σκανδαλίζηται,
3524 597 3605 659 είς
3629 595 3767 649 ἀνά-

2176 705 2373 759 μνησιν
2404 686 2580 741 ἐλθεῖν
2605 687 2689 740 δεῖ
2727 687 2851 739 τότε
2882 686 2991 740 τῶν
3022 684 3115 739 τοῦ
3146 686 3354 758 Κυρίου
3381 684 3458 756 (5)
3490 686 3627 759 πρὸς
3670 687 3766 739 τὸν

2161 780 2381 852 ’Πέτρον
2404 779 2685 851 ῥημάτων,
2715 778 2961 841 εἰπόντος
2980 794 2994 807 ·
3018 779 3156 845 Ἆρα
3181 794 3248 847 γε
3266 778 3577 845 ἐλεύθεροί
3603 781 3767 832 εἰσιν

2173 874 2227 925 οὶ
2249 872 2368 926 υἱοί
2380 886 2400 902 ‘
2429 872 2532 925 ἵνα
2551 870 2620 924 δὲ
2644 868 2731 940 μὴ
2759 869 3269 938 σκανδαλίσωμεν
3288 869 3532 936 αὐτοὺς,
3551 886 3766 939 πορευ·

2173 962 2295 1030 θεὶς
2322 965 2410 1029 εὶς
2431 962 2549 1031 τὴν
2577 961 2922 1027 θάλασσαν,
2956 960 3120 1025 ,βάλε
3145 961 3488 1032 ἄγκιστρον,
3520 962 3621 1017 καὶ
3653 961 3763 1016 τὸν

2171 1057 2574 1110 ἀναϐαίνοντα
2616 1054 2693 1126 (6)
2729 1053 2966 1121 πρῶτον
3018 1044 3194 1121 ἰχθὺν
3242 1048 3419 1124 ἆρονε
3461 1055 3563 1110 καὶ
3592 1055 3763 1109 ἀνοί-

2173 1147 2286 1212 ξας
2312 1145 2377 1200 τὸ
2402 1149 2597 1216 στόμα
2628 1145 2839 1206 αὐτοῦ,
2873 1144 3153 1212 εὑρήσεις
3189 1145 3462 1214 στατῆρα
3480 1162 3494 1176 ο
3519 1145 3764 1199 ἐκεῖνον

2172 1241 2395 1303 λαϐὼν,
2444 1240 2551 1305 δὸς
2580 1238 2785 1305 αὐτοῖς
2829 1238 2965 1293 ἀντὶ
2994 1238 3141 1306 ἐμοῦ
3184 1239 3284 1292 καὶ
3326 1239 3474 1292 σοῦ·
3510 1239 3606 1291 καὶ
3650 1236 3764 1290 τῶν

2172 1334 2268 1387 τοῦ
2310 1334 2635 1387 Ἀποστόλου
2667 1332 2804 1404 πρὸς
2836 1331 3161 1403 Κορινθίους
3194 1331 3557 1402 γραμμάτων,
3589 1332 3647 1383 ὲν
3678 1324 3764 1393 οἷς

2175 1441 2339 1493 φησιν
2360 1441 2373 1453 ⁸
2410 1426 2492 1477 Οὐ
2518 1423 2605 1492 μὴ
2649 1422 2816 1492 φάγω
2859 1420 3002 1490 κρέα
3036 1423 3124 1488 εἰς
3155 1420 3263 1474 τὸν
3299 1420 3503 1486 αίῶνα,
3537 1422 3640 1474 ἵνα
3670 1420 3762 1491 μὴ

2175 1515 2282 1568 τὸν
2307 1514 2577 1584 ἀδελφόν
2599 1532 2718 1584 μου
2744 1512 3136 1568 σκανδαλίσω
3157 1530 3170 1544 ·
3203 1512 3298 1567 καὶ
3331 1512 3526 1566 πάλινο
3555 1515 3766 1567 Καλὸν

2174 1606 2241 1660 τὸ
2261 1606 2349 1677 μὴ
2375 1606 2589 1677 φαγεῖν
2617 1607 2781 1674 κρέα,
2808 1604 2968 1675 μηδὲ
3007 1603 3166 1658 πιεῖν
3195 1600 3384 1666 οἶνον.
3415 1604 3573 1674 μηδὲ
3610 1605 3681 1659 ὲν
3715 1598 3769 1671 ᾧ

2177 1703 2211 1755 ὁ
2251 1700 2515 1770 ἀδελφός
2549 1713 2667 1753 σου
2711 1698 3100 1765 προσκόπτει,
3138 1697 3175 1765 ἢ
3208 1696 3686 1761 σκανδαλίζεται,
3724 1700 3764 1769 ἣ

487 1798 557 1856 τ’.
591 1797 764 1865 Quam
800 1804 983 1851 autem
1012 1794 1371 1850 metuendum
1412 1794 1484 1848 sit
1510 1794 1565 1848 in
1600 1794 1690 1857 iis,
1739 1808 1860 1863 qum
1886 1793 2077 1847 viden-

2178 1792 2439 1848 ἀσθενεῖ.
2457 1793 2645 1854 Ὅπως
2672 1790 2729 1844 δέ
2759 1792 2876 1843 ἐστι
2905 1789 3134 1860 φοϐερὸν
3159 1789 3220 1842 τὸ
3257 1790 3350 1842 ἐπὶ
3383 1793 3494 1854 τοῖς
3517 1791 3576 1844 ἐν
3603 1791 3762 1858 ἐξου-

488 1895 579 1941 ῑυι·
608 1886 712 1941 sila
735 1899 858 1941 esse
887 1885 943 1938 in
972 1890 1252 1954 potestate
1279 1890 1490 1945 nostra,
1523 1878 1810 1952 aspernari
1845 1881 2073 1937 fratrem

489 1973 583 2044 qui
615 1974 686 2028 ob
730 1973 847 2027 haec
880 1972 1142 2028 seandalo
1172 1972 1432 2035 afficitur,
1466 1971 1708 2027 ostendit
1742 1980 2077 2043 praeceptum

490 2064 729 2129 Domini,
766 2064 861 2135 qui
902 2065 959 2119 in
1011 2064 1335 2119 universum
1385 2063 1641 2134 prohibet
1692 2062 1863 2135 438
1915 2078 2077 2119 omne

494 2156 737 2213 scandali
786 2172 982 2227 genus,
1015 2171 1079 2210 ac
1109 2156 1246 2211 dicit
1290 2156 1337 2187 ⁷³
1365 2175 1378 2210 :
1430 2154 1612 2210 Videte
1640 2173 1702 2210 ne
1729 2158 2077 2211 contemnatis

489 2265 654 2303 unum
682 2264 747 2302 ea:
774 2248 855 2302 his
892 2248 1103 2317 pusillis
1136 2262 1154 2300 :
1193 2247 1312 2301 dico
1343 2248 1483 2301 enim
1514 2246 1682 2311 vobis,
1733 2249 1862 2319 quia
1906 2248 2080 2318 angeli

488 2358 671 2395 eorum
693 2357 895 2410 semper
918 2340 1091 2393 vident
1116 2339 1312 2409 faciem
1338 2337 1521 2392 Patris
1568 2338 1690 2402 mei,
1720 2340 1813 2409 qui
1843 2339 1900 2392 in
1935 2337 2078 2393 caelis

488 2444 591 2487 est.
631 2432 773 2498 Quin
814 2440 868 2487 et
906 2431 1049 2486 idem
1075 2439 1310 2486 testatur
1338 2431 1660 2501 Apostolus,
1712 2431 1810 2501 qui
1854 2431 2078 2502 quidem

489 2525 654 2579 modo
682 2523 919 2578 dicit“:
958 2521 1061 2577 Sed
1105 2522 1202 2576 Itoc
1252 2521 1495 2591 jadicate
1541 2522 1735 2591 magis,
1776 2538 1839 2575 ne
1868 2522 2078 2591 ponatis

489 2617 866 2689 aﬂ'endirulum
891 2616 1080 2692 fratri,
1114 2615 1193 2669 uel
1230 2614 1546 2668 scandalum
1574 2630 1592 2667 :
1624 2614 1786 2668 modo
1817 2628 1945 2668 vero
1978 2613 2082 2668 hoc

489 2710 748 2765 delictqu
791 2705 1175 2762 vehementius
1202 2703 1487 2759 interdicit
1517 2704 1813 2758 verborum
1849 2717 2081 2773 appara-

491 2811 549 2856 tu
600 2799 878 2863 uberiore,
945 2799 1039 2853 ubi
1089 2799 1208 2852 ait:
1252 2796 1314 2851 Si
1351 2797 1470 2867 quis
1513 2797 1653 2851 enim
1677 2796 1865 2850 viderit
1894 2805 1960 2859 te,
1991 2796 2081 2865 qui

490 2889 649 2944 habes
678 2890 974 2955 scientiam,
1002 2889 1059 2942 in
1095 2888 1260 2942 idolio
1294 2888 1702 2953 recumbentem,
1743 2904 1913 2942 nonne
1955 2903 2082 2942 con-

490 2983 715 3036 scientia
747 2981 885 3051 ejus,
909 2982 1001 3051 qui
1023 2982 1270 3046 inﬁrmus
1294 2991 1397 3046 est,
1426 2980 1786 3052 aediﬁcabitur
1819 2980 1888 3034 ad
1925 2997 2081 3034 man-

490 3074 792 3127 ducandum
823 3073 1160 3144 idolotltyta?
1193 3071 1263 3127 Et
1310 3072 1502 3143 peribit
1542 3074 1790 3143 inﬁrmus
1827 3073 1997 3143 frater
2025 3073 2079 3127 in

489 3183 584 3221 sua
614 3168 854 3228 scientia,
882 3177 1095 3235 propter
1146 3182 1299 3237 quem
1349 3165 1594 3221 Christus
1631 3176 1873 3221 mortuus
1915 3167 2074 3220 est”.
2103 3149 2149 3206 (ἶ

490 3257 701 3326 Quibus
738 3258 1028 3329 adjungit:
1070 3257 1159 3313 Sic
1218 3267 1394 3312 autent
1444 3269 1718 3327 peccantes
1751 3260 1806 3313 in
1856 3259 2076 3329 fratres,

487 3360 539 3407 et
564 3351 912 3422 percutientes
944 3349 1323 3404 conscientiam
1344 3366 1528 3405 eorum
1549 3351 1842 3420 infirmam,
1858 3353 1914 3405 in
1932 3350 2082 3407 Chri-

488 3455 632 3500 stum
656 3444 906 3514 peccatis.
956 3443 1313 3514 Quapmpter,
1344 3445 1392 3498 si
1426 3460 1549 3498 esca
1585 3443 1922 3498 scandalizat
1967 3444 2082 3512 fra-

489 3544 623 3589 trem
656 3551 852 3597 meum,
909 3551 1013 3589 non
1065 3533 1399 3587 manducabo
1451 3551 1666 3589 carnem
1709 3536 1765 3588 in
1799 3544 2077 3600 internum,

452 3665 456 3668 -
488 3644 553 3683 ne
604 3627 829 3698 fratrem
884 3642 1059 3681 meum
1117 3627 1482 3681 scandalizem
1514 3628 1583 3679 ⁷⁸.
1619 3626 1685 3681 Ει
1730 3628 1837 3682 alio
1868 3628 1924 3682 in
1958 3628 2081 3683 loco

490 3728 783 3791 postquam
820 3719 996 3774 dixit:
1032 3719 1115 3773 An
1136 3735 1226 3790 ego
1249 3719 1396 3774 solus
1444 3729 1493 3773 et
1525 3718 1806 3774 Barnabas
1839 3737 1941 3775 non
1984 3720 2082 3774 ha-

490 3811 668 3866 bemus
687 3820 998 3880 potestatcm
1020 3811 1116 3865 hoc
1148 3810 1405 3882 operandi
1434 3812 1509 3865 7"!
1537 3813 1771 3868 subinde
1796 3813 2075 3884 adjungit:

491 3901 597 3961 Sed
623 3920 727 3959 non
751 3905 836 3958 usi
865 3920 1050 3958 sumus
1079 3903 1177 3959 hac
1209 3913 1489 3971 potestate,
1521 3904 1609 3958 sed
1639 3907 1819 3958 omnia
1851 3906 2082 3960 sustine-

492 4011 632 4060 mus,
680 4011 744 4049 ne
775 3993 913 4066 quod
956 3993 1334 4065 offendiculum
1374 3995 1558 4049 demus
1604 3995 1890 4066 Evangelia
1920 3994 2079 4052 Chri-

492 4088 566 4143 sti
586 4089 653 4144 ⁷⁸.
689 4087 983 4153 Caeterum,
1043 4105 1167 4143 cum
1203 4105 1318 4146 rem
1356 4089 1431 4144 ita
1469 4090 1800 4145 horrendam
1834 4106 1958 4146 esse
1986 4092 2081 4145 de-

2180 1885 2270 1957 σίᾳ
2302 1883 2516 1938 κεῖσθαι
2549 1881 2769 1935 δοκοῦσι
2793 1882 3057 1953 περιορᾷν
3087 1881 3179 1934 τὸν
3210 1881 3436 1952 ἀδελφὸν
3470 1882 3767 1936 σκανδαλι-

2178 1977 2404 2048 ζόμενον
2431 1977 2490 2029 ἐν
2541 1974 2751 2037 τούτοις
2781 1974 2881 2046 (7),
2915 1973 3157 2028 δείκνυσι
3193 1974 3292 2045 μὲν
3340 1978 3373 2045 ἡ
3405 1974 3501 2027 τοῦ
3550 1976 3764 2046 Κυρίου

2179 2068 2559 2141 παραγγελία,
2607 2067 2840 2122 καθόλου
2890 2067 3070 2122 πάντα
3117 2067 3515 2140 σκανδαλισμοῦ
3560 2068 3770 2140 τρόπον

2177 2162 2621 2236 ἀπαγορεύοντος
2643 2202 2659 2227 ,
2711 2160 2808 2215 καὶ
2858 2159 3139 2229 λέγοντος·
3198 2160 3406 2231 Ὁρᾶτε
3447 2161 3535 2231 μὴ
3582 2178 3767 2216 κατα-

2177 2253 2526 2324 φρονήσητε
2567 2251 2708 2318 ἐνὸς
2750 2250 2872 2304 τῶν
2894 2250 3125 2321 μικρῶν
3157 2254 3413 2306 τούτων’
3458 2251 3615 2322 λέγω
3650 2252 3768 2323 γὰρ

2176 2346 2340 2416 ὑμῖν,
2380 2345 2469 2400 ὅτι
2503 2349 2557 2399 οὶ
2596 2344 2841 2416 ἄγγελοι
2872 2342 3071 2399 αὐτῶν
3104 2344 3428 2411 διαπαντὸς
3453 2346 3770 2412 βλέπουσι

2177 2439 2244 2493 τὸ
2277 2439 2604 2507 πρόσωπον
2636 2436 2743 2491 τοῦ
2781 2438 3014 2505 Πατρός
3031 2455 3170 2507 μου,
3211 2437 3317 2491 τοῦ
3345 2437 3416 2490 ἐν
3462 2437 3765 2505 οὐρανοῖς.
3798 2420 3805 2425 “

2177 2528 2465 2599 Μαρτυρεῖ
2491 2525 2549 2581 δὲ
2591 2526 2685 2579 καὶ
2710 2526 2739 2579 ὁ
2787 2526 3112 2590 Ἀπόστολος
3140 2526 3217 2598 (8)
3249 2526 3427 2597 λέγων
3460 2528 3591 2582 ποτὲ
3625 2529 3729 2599 μέν
3748 2543 3767 2558 ο

2191 2617 2368 2674 Ἀλλὰ
2385 2617 2561 2672 τοῦτο
2583 2618 2823 2686 κρίνατε
2845 2616 3106 2687 μᾶλλον,
3132 2619 3199 2672 τὸ
3220 2618 3307 2688 μὴ
3332 2619 3554 2674 τιθέναι
3575 2622 3769 2688 πρόσ-

2179 2727 2374 2780 κομμα
2438 2709 2521 2775 τῷ
2569 2710 2811 2781 ἀδελφῷ
2852 2709 2891 2781 ἢ
2939 2710 3328 2766 σκάνδαλονο
3379 2713 3509 2766 ποτὲ
3564 2712 3621 2766 δὲ
3672 2712 3771 2767 διὰ

2179 2804 2580 2877 περισσοτέρας
2609 2803 2957 2874 κατασκευῆς
2996 2804 3350 2876 σφοδρότερον
3399 2804 3768 2875 ἀπαγορεύων

2178 2896 2238 2949 τὸ
2271 2895 2495 2961 ἄτοπον,
2524 2894 2592 2948 δι’
2626 2886 2701 2948 ὧν
2736 2910 2928 2966 φησιν·
2975 2894 3118 2949 Ἐὰν
3146 2895 3256 2966 γάρ
3286 2912 3376 2963 τις
3406 2895 3504 2963 ιδῃ
3534 2894 3630 2959 σὲ,
3656 2895 3769 2949 τὸν

2178 2986 2400 3056 ἔχοντα
2435 2985 2684 3057 γνῶσιν,
2718 2987 2789 3040 ἐν
2821 2984 3100 3052 εὶδωλείῳ
3129 2986 3589 3054 κατακείμενον,
3626 2984 3770 3053 οὐχὶ

2182 3079 2219 3146 ἡ
2270 3078 2628 3147 συνείδησις
2669 3077 2856 3133 αὐτοῦ
2898 3077 3197 3142 ἀσθενοῦς
3234 3075 3409 3142 ὄντος
3450 3075 3772 3144 οἰκοδομη-

2181 3169 2427 3237 θήσεται
2463 3174 2550 3238 sit;
2577 3171 2642 3225 τὸ
2686 3170 2760 3226 τὰ
2786 3169 3147 3224 εἰδωλόθυτα
3183 3169 3450 3232 ἐσθίειν;
3482 3167 3585 3223 καὶ
3613 3168 3769 3222 ἀπο-

2180 3262 2370 3317 λεῖται
2394 3262 2468 3334 (9)
2508 3266 2540 3317 ό
2575 3261 2850 3317 ἀσθενῶν
2869 3260 3133 3331 ἀδελφὸς
3170 3259 3269 3314 ἐπὶ
3302 3258 3376 3328 τῇ
3406 3257 3496 3328 σῇ
3521 3258 3767 3325 γνώσει,

2181 3356 2255 3410 δι’
2290 3356 2362 3411 ὃν
2390 3357 2647 3426 Χριστός
2669 3357 2991 3412 ἀπέθανεν.
3025 3349 3119 3418 Οἷς
3159 3353 3441 3425 ἐπιφέρει*
3497 3352 3660 3406 Οὕτω
3696 3351 3771 3405 δὲ

2180 3445 2627 3517 ἁμαρτάνοντες
2668 3450 2756 3512 είς
2779 3446 2921 3513 τοὺς
2948 3442 3274 3514 ἀδελφοὺς,
3309 3443 3412 3497 καὶ
3437 3444 3771 3511 τύπτοντες

2180 3539 2380 3594 αὐτῶν
2410 3538 2529 3608 τὴν
2555 3537 2918 3606 συνείδησιν
2945 3535 3334 3592 ἀσθενοῦσαν
3360 3534 3493 3608 (10),
3524 3538 3609 3602 εις
3635 3538 3773 3603 Χρι-

2178 3633 2333 3687 στὸν
2367 3629 2757 3702 ἁμαρτάνετε.
2803 3630 3014 3699 Διόπερ
3040 3631 3093 3683 εί
3131 3626 3345 3697 ,βρῶμα
3382 3624 3771 3688 σκανδαλίζει

2181 3725 2289 3779 τὸν
2316 3724 2587 3794 ἀδελφόν
2606 3742 2748 3794 μου,
2769 3724 2843 3777 οὐ
2863 3721 2951 3793 μὴ
2980 3721 3146 3792 φάγω
3162 3721 3305 3790 κρέα
3322 3723 3410 3785 εὶς
3428 3719 3533 3774 τὸν
3556 3719 3767 3783 αἰῶνα,

2181 3819 2284 3872 ἵνα
2310 3816 2395 3887 μὴ
2422 3816 2532 3870 τὸν
2558 3814 2826 3884 ἀδελφόν
2865 3831 2986 3885 μου
3022 3812 3435 3867 σκανδαλίσω.
3460 3812 3572 3865 Καὶ
3603 3810 3769 3865 dua-

2182 3909 2301 3980 χοῦ,
2326 3907 2494 3961 εἰπών
2515 3924 2528 3937 ·
2556 3908 2635 3962 Ἦ
2654 3907 2843 3977 μόνος
2869 3904 2984 3975 ἐγὼ
3012 3904 3110 3958 καὶ
3141 3902 3453 3973 Βαρνάϐας
3478 3905 3594 3957 οὐκ
3630 3903 3770 3972 ἐχορ

2176 4019 2291 4073 μεν
2318 4001 2612 4065 ἐξουσίαν
2643 3999 2748 4053 τοῦ
2775 3997 2861 4068 μὴ
2905 3995 3247 4067 ἐργάζεσθαι
3267 4010 3289 4060 ;
3310 3994 3459 4073 Δι-ἐξῆς
3488 3993 3763 4062 ἐπιλέγει·

2195 4094 2347 4149 Ἀλλ’
2383 4094 2493 4146 οὐκ
2530 4089 2911 4159 ἐχρησάμεθα
2952 4085 3031 4156 τῇ
3067 4070 3320 4154 ἐξουσία
3351 4087 3561 4154 ταύτῃ,
3602 4085 3770 4140 ἀλλὰ

494 4189 860 4237 monstratum
901 4182 996 4246 sit,
1051 4181 1106 4236 iu
1165 4181 1232 4237 iis
1289 4199 1412 4254 quae
1446 4183 1501 4237 in
1562 4190 1831 4253 potestate
1891 4191 2077 4238 nostra

2182 4183 2380 4238 πάντα
2402 4181 2715 4251 στέγομεν,
2758 4180 2859 4235 ἵνα
2879 4178 2966 4250 μὴ
3004 4176 3273 4249 ἐγκοπήν
3297 4194 3430 4231 τινα
3455 4176 3651 4247 δῶμεν
3679 4178 3767 4243 τῷ

496 4273 673 4344 posita
723 4280 872 4338 sunt,
920 4272 1074 4328 fratri
1133 4289 1258 4329 esse
1313 4275 1561 4346 exemplo
1599 4277 1764 4340 malo,
1818 4276 2077 4348 quidnam

2182 4274 2526 4344 Εὐιιγγελίῳ
2555 4272 2662 4326 τοῦ
2693 4271 2973 4340 Χριστοῦ.
3000 4269 3158 4324 Οὕτω
3179 4270 3236 4324 δὲ
3269 4268 3501 4341 φοϐεροῦ
3527 4269 3768 4339 δειχθέν-

494 4364 669 4435 possit
702 4366 827 4435 quis
873 4364 942 4420 de
992 4365 1061 4421 iis
1092 4365 1296 4434 dicere,
1326 4367 1422 4437 qui
1468 4368 1634 4422 vetita
1684 4367 1937 4425 faciendo
1986 4377 2077 4423 aut

2182 4385 2271 4429 τος
2302 4365 2393 4420 τοῦ
2434 4365 2529 4418 ἐπὶ
2562 4365 2674 4428 τοῖς
2720 4365 2778 4417 ὲν
2810 4362 3030 4433 ἐξουσία
3069 4363 3346 4433 κειμένοις
3386 4361 3765 4426 σκανδαλίζειν

493 4457 765 4528 loquendo
810 4457 945 4512 dant
1002 4459 1357 4514 scandalum?
1399 4467 1454 4514 et
1496 4460 1755 4525 maxime,
1804 4477 1929 4514 cum
1982 4470 2076 4515 aut

2182 4462 2272 4514 τὸν
2308 4458 2557 4529 ἀδελφὸν,
2590 4460 2644 4513 τί
2678 4455 2743 4512 ἄν
2774 4475 2861 4522 τις
2890 4456 3032 4512 εἴποι
3060 4458 3189 4529 περὶ
3221 4457 3332 4512 τῶν
3356 4459 3413 4510 ὲν
3442 4457 3522 4529 τῷ
3559 4456 3631 4510 τὰ
3658 4458 3767 4511 ἀπ-

492 4552 720 4606 scientia
743 4551 949 4621 majore
979 4551 1240 4621 praeditus
1267 4567 1390 4607 esse
1411 4553 1628 4608 videtur
1657 4554 1749 4624 qui
1791 4561 1876 4609 est
1898 4553 2072 4609 offen-

495 4642 656 4705 sioni,
689 4648 782 4696 aut
813 4642 1171 4699 constituitur
1200 4643 1254 4697 in
1287 4643 1472 4714 aliquo
1495 4643 1665 4714 gradu
1693 4646 2024 4701 sacerdotali
2054 4666 2069 4702 ι

492 4732 585 4803 qui
613 4748 739 4787 cum
773 4731 968 4788 debeat
1000 4733 1124 4789 aliis
1167 4748 1292 4789 esse
1321 4735 1653 4804 praepositus
1698 4737 1846 4791 velut
1882 4738 2072 4808 regula

492 4834 546 4878 ct
574 4825 877 4895 exemplar,
907 4824 952 4879 si
975 4824 1059 4879 vel
1088 4824 1376 4879 minimum
1398 4825 1529 4896 quid
1556 4828 1858 4897 neglexerit
1881 4845 2072 4883 eorum

491 4932 612 4987 qua:
648 4917 854 4987 scripta
881 4924 1030 4983 sunt,
1072 4924 1166 4973 aut
1194 4917 1389 4975 fecerit
1430 4919 1777 4989 prohibitum
1806 4919 2069 4990 quiddam

495 5019 586 5064 aut
619 5009 823 5082 aliquid
854 5011 1001 5082 quod
1032 5021 1360 5081 praeceptum
1393 5013 1465 5067 sit
1521 5014 1792 5078 omiserit,
1832 5022 1929 5068 aut
1962 5029 2076 5069 uno

2187 4553 2526 4627 ηγορευμένα
2577 4555 2751 4607 ποιεῖν
2808 4552 2843 4624 ἢ
2893 4552 3073 4621 λέγειν
3118 4550 3612 4617 σκανδαλιζόντων;
3669 4553 3767 4605 καὶ

2185 4647 2421 4718 μάλιστα
2447 4646 2575 4699 ὅταν
2603 4645 2637 4716 ἦ
2662 4641 2865 4713 γνῶσιν
2903 4643 3044 4714 έχων
3074 4642 3470 4714 περισσοτέραν
3498 4643 3767 4713 φαίνηται

2180 4739 2209 4790 ὁ
2232 4735 2624 4799 σκανδαλίζων,
2649 4735 2682 4806 ἢ
2713 4737 2771 4788 ὲν
2799 4732 2991 4806 βαθμῷ
3012 4731 3334 4804 ἐξετάζηται
3362 4734 3621 4806 ἱερατικῷ
3639 4754 3653 4765 ·
3679 4736 3765 4799 ὃς.

2182 4828 2372 4900 ὥσπερ
2422 4826 2604 4883 κανὼν
2660 4829 2756 4882 καὶ
2795 4827 2968 4890 τύπος
3004 4828 3238 4898 ὀφείλων
3277 4827 3604 4898 προκεῖσθαι
3651 4834 3769 4895 τοῖς

2182 4922 2382 4988 ἄλλοις,
2414 4923 2520 4978 κᾶν
2569 4921 2743 4993 βραχύ
2787 4939 2838 4975 τι
2869 4921 3070 4993 παρίδῃ
3117 4920 3228 4974 τῶν
3265 4921 3698 4993 γεγραμμένων,
3732 4924 3767 4994 ῆ

2182 5014 2398 5087 πράξας
2425 5016 2488 5069 τὸ
2517 5013 2925 5085 κεκωλυμένον,
2948 5013 2983 5086 ἢ
3008 5011 3240 5067 enim
3259 5012 3321 5066 τὸ
3348 5014 3771 5085 προστεταγμέ-

567 5148 614 5182 ⁸⁹
657 5148 846 5222 Matth.
882 5166 972 5213 xv,
1014 5150 1206 5215 12-14,
1281 5152 1328 5183 ⁷ο
1368 5150 1559 5207 Matth.
1597 5166 1709 5207 xvn
1733 5193 1748 5214 ,
1782 5152 1886 5217 25,
1921 5153 2016 5210 26.

2178 5154 2194 5208 Ι
2225 5155 2354 5212 Cor.
2389 5172 2510 5222 vnt,
2545 5155 2634 5210 15.
2675 5156 2719 5187 ⁷²
2759 5152 2917 5207 Rom.
2966 5168 3081 5214 xw.
3116 5150 3206 5208 21.
3285 5153 3333 5187 ’³
3370 5149 3568 5206 Matth.
3603 5168 3764 5219 xvm,

493 5218 581 5276 10.
655 5221 703 5251 ⁷⁸
740 5218 903 5275 Rom.
940 5237 1053 5283 xlv,
1086 5224 1172 5277 15.
1246 5224 1293 5255 ’⁸
1334 5223 1352 5275 l
1393 5224 1522 5279 Cor.
1556 5240 1689 5288 Vlll,
1728 5226 1817 5289 10,
1859 5225 1941 5279 li.
2019 5225 2063 5256 ⁷⁸

2181 5227 2232 5281 d.
2274 5228 2362 5289 12,
2401 5218 2505 5282 15(
2563 5226 2608 5257 ⁷⁷
2651 5223 2670 5276 Ι
2703 5223 2830 5278 Cor.
2868 5239 2956 5292 lx,
2992 5222 3046 5277 6.
3121 5222 3168 5255 ⁷⁸
3208 5224 3343 5280 ibid.
3382 5223 3468 5279 12.

532 5350 641 5436 ..(5)
670 5351 837 5432 E_diti,
868 5352 977 5436 τῶν
1012 5354 1118 5407 ὑπὸ
1149 5354 1243 5408 τοῦ
1264 5356 1495 5428 Κυρίου.
1532 5356 1756 5427 Antiqui
1797 5364 1910 5412 tres
1946 5358 2068 5412 libri

491 5433 598 5475 τῶν
634 5440 750 5485 του,
786 5433 1009 5477 rectius.

566 5491 640 5560 t6)
670 5491 849 5546 Codex
890 5492 1052 5549 Voss.
1084 5495 1175 5547 τὸν
1199 5495 1495 5553 ἀναϐάντα.

566 5562 644 5633 (7)
667 5560 799 5633 Reg.
838 5565 1031 5620 tertius
1073 5566 1167 5619 ἐπὶ
1204 5565 1430 5630 τούτοις.

564 5632 874 5710 (8‘)_Codex_
907 5633 1424 5710 Colb._:itigécco_).6g_
1491 5636 1725 5710 Παῦλος.
1776 5636 2070 5710 Aliquanto

495 5694 761 5773 postReg.
791 5703 1003 5773 primus
1040 5704 1117 5776 τῷ
1142 5704 1355 5777 ἀδελφῷ
1379 5694 1458 5770 si;
1478 5694 1788 5763 σκάνδαλον.

2838 5312 2879 5349 9

2253 5356 2328 5427 (9)
2352 5357 2494 5411 Emit
2519 5362 2575 5427 et
2594 5357 2728 5425 Reg.
2764 5354 2960 5408 tertius
3001 5353 3318 5427 ἀπόλλυται,
3344 5355 3499 5425 perit.
3523 5354 3628 5409 Alii
3653 5356 3767 5412 duo

2180 5425 2317 5499 mss.
2352 5426 2577 5496 perinde
2600 5434 2676 5499 ut
2694 5433 2872 5479 textus
2898 5438 3077 5487 sacer,
3103 5425 3193 5479 cui
3217 5427 3436 5499 vulgata
3458 5432 3763 5491 consentit,

2179 5497 2481 5559 ἀπολεῖται,
2511 5496 2721 5565 peribit.

2253 5569 2365 5639 (10)
2394 5569 2472 5621 Ita
2502 5563 2685 5639 Vossii
2714 5567 2966 5639 codexet
2987 5565 3077 5619 alii
3098 5572 3243 5639 tres.
3277 5563 3398 5621 Vox
3423 5566 3761 5639 ἀσθενοῦσαν

2179 5636 2418 5693 ἀθεειὶιι
2466 5636 2860 5707 vulgatisNec
2896 5638 2971 5692 ita
3000 5636 3171 5691 multo
3200 5644 3324 5707 post
3373 5637 3548 5695 codex
3601 5639 3739 5698 Colb

2185 5710 2260 5781 μὴ
2296 5707 2455 5779 μόνος
2477 5710 2599 5776 ἐγώ.
