4064 6238
420 384 557 444 H57

1483 383 1789 442 REGULE
1830 379 2128 438 BREVEUS
2166 383 2571 448 TRACTATE.

3542 391 3674 448 H38

423 506 810 580 ματισάμενος,
835 513 927 562 καὶ
945 507 1120 566 τοῦτο.
1162 509 1349 581 ὥσπερ
1386 509 1596 581 δέλεαρ,
1622 511 1726 564 τινὶ
1757 507 1998 580 προθεὶς,

2125 521 2252 560 )ono
2280 507 2516 577 quodam
2557 509 2837 573 simulato,
2879 523 3053 579 eoque
3093 509 3256 564 alicui
3291 510 3463 564 instar
3495 509 3676 564 illece—

423 599 485 654 δι’
519 596 684 651 αὑτοῦ
711 597 780 653 τὰ
802 599 898 670 τῆς
940 599 1228 669 ἐπιϐουλῆς
1258 589 1661 674 κατεργὰσῆται

974 715 1306 773 ΕΡΩΤΗΣΙΣ
1338 723 1463 774 UH'.

740 812 1072 881 Ἐφευρεταὶ
1103 813 1303 867 κακῶν
1329 817 1487 882 τίνες
1515 817 1691 870 εἰσιν.

1026 930 1415 985 ΑῙΙΟΚΡΙΣΙΣ.

498 1023 561 1074 Οἱ
617 1020 769 1092 παρά
831 1020 900 1073 τὰ
963 1020 1164 1091 συνήθη
1206 1023 1319 1084 τοῖς
1356 1021 1570 1084 πολλοῖς
1609 1023 1705 1076 καὶ
1750 1021 2003 1094 γνώριμα

431 1115 574 1168 κακὰ
627 1113 760 1167 ἄλλα
799 1112 920 1166 τινὰ
981 1112 1461 1184 προσεπινοοῦντες
1523 1115 1617 1168 καὶ
1661 1113 2003 1187 ἐξευρίσκον-

430 1221 520 1267 τες
555 1203 684 1274 (ιο).

979 1318 1313 1371 ΕΡΩΤΗΣΙΣ
1342 1319 1461 1372 ΟΘ’.

445 1409 585 1480 Ἐᾴν
637 1425 727 1474 τις
775 1408 1050 1480 συνεχῶς
1092 1410 1308 1463 ἑαυτοῦ
1369 1411 1836 1480 ἐπιλαμϐάνηται
1872 1412 2005 1480 (4i),

502 1478 894 1605 grtaqu-npéc
910 1481 1308 1549 προσφέρεται
1324 1481 1404 1546 τῷ
1428 1478 1687 1552 ἀδελφῷ,
1705 1478 1830 1550 πῶς
1851 1478 2008 1552 διορ-

539 1568 581 1601 ω
620 1566 849 1618 τίσεται.

1023 1644 1411 1699 ΑΠΟΚΡΙΣΙΣ.

549 1735 578 1787 ὸ
605 1735 700 1805 μὲν
725 1736 957 1806 πρᾶγμα
1013 1736 1321 1806 συμϐαίνει,
1347 1739 1422 1802 ὼς
1452 1738 1511 1803 ἐξ
1547 1740 1711 1795 αὑτοῦ
1740 1741 1849 1811 (42)
1889 1757 2010 1794 στο-

2101 597 2214 653 brae
2245 599 2480 669 objecto,
2520 601 2666 655 illius
2695 616 2798 670 ope
2822 602 3044 656 molitur
3073 601 3324 657 insidias.

2460 712 2984 770 INTERROGATIO
3022 713 3300 768 LXXVIII.

2457 805 2760 860 Inventores
2795 809 3058 860 malorum
3091 809 3182 871 qui
3202 809 3305 860 sint

2692 917 3098 975 RESPONSIO.

2181 1023 2306 1090 Qui,
2339 1031 2536 1094 praeter
2561 1040 2624 1078 ea
2668 1040 2788 1094 qua:
2819 1024 3097 1094 plerisque
3129 1023 3421 1078 familiaria
3460 1040 3523 1079 ac
3553 1034 3680 1078 nota

2107 1123 2237 1171 sunt
2292 1116 2457 1180 mala,
2511 1115 2758 1171 ouaadam
2804 1115 2981 1170 adhuc
3032 1115 3139 1168 alia
3190 1115 3614 1168 comminiscunt

2109 1208 2520 1277 inveniuntque.
3471 1184 3475 1196 ’

2410 1320 2571 1393 443
2598 1317 3116 1374 iNTERROGATlO
3155 1315 3383 1374 LXXIX.

2112 1412 2172 1469 Si
2211 1414 2328 1485 quis
2366 1414 2580 1485 assidue
2613 1413 2838 1480 seipsum
2886 1422 3124 1485 accusat,
3164 1409 3302 1485 quod
3341 1423 3521 1476 aspere
3571 1415 3685 1459 tra-

2393 1493 2492 1538 ctet
2522 1484 2765 1553 fratrem,
2796 1481 3055 1552 quomodo
3093 1482 3401 1550 corrigetur.

2693 1655 3081 1713 RESPONSIO

2201 1754 2312 1810 Res
2344 1752 2561 1824 quidem
2607 1751 2732 1818 ista,
2781 1758 3046 1822 quantum
3088 1766 3154 1804 ex
3187 1763 3248 1804 ea
3291 1748 3564 1818 conjecto,
3596 1763 3689 1802 ve-

438 1826 693 1896 χάζομαι,
725 1827 758 1897 ῆ
780 1828 887 1880 ἀπὸ
908 1829 1252 1898 φρονήματος
1287 1832 1556 1902 ὑπεροχὴν
1581 1833 2012 1903 φανταζομένου,

2125 1846 2200 1900 nit
2243 1845 2326 1900 vel
2371 1845 2440 1900 ab
2480 1844 2664 1898 animo
2708 1843 2969 1897 eximium
3005 1840 3210 1911 aliquid
3257 1841 3324 1895 de
3371 1855 3430 1895 se
3469 1839 3692 1909 excogi-

438 1917 472 1987 ἢ
524 1917 630 1971 ἀπὸ
668 1917 843 1988 λύπης
892 1919 990 1990 τῆς
1049 1919 1141 1973 ἐπὶ
1186 1920 1525 1991 ἐλαττώμασι
1569 1923 1676 1976 τῶν
1715 1922 2012 1994 κατορθοῦν

438 2011 778 2080 ὀφειλόντων.
825 2012 898 2064 Τὸ
954 2011 1062 2083 γὰρ
1125 2013 1184 2078 ἐξ
1233 2013 1438 2081 ἀγαθοῦ
1479 2031 1620 2078 τινος
1669 2014 2014 2077 ὲλπισθέντος

441 2102 683 2156 ἐναντίον
731 2103 823 2155 καὶ
869 2103 1110 2174 λυπηρὸν
1160 2105 1475 2176 ἀπαντῆσαν
1525 2105 1618 2158 καὶ
1663 2105 2014 2177 σφοδρότερόν

441 2211 558 2258 πως
621 2195 721 2266 τῆς
763 2195 941 2266 ψυχῆς
992 2197 1350 2250 καθάπτεται.
1417 2198 1762 2267 Ἐπιμελείας
1805 2198 1861 2250 δὲ
1905 2198 2012 2267 (4.3)

440 2287 598 2358 χρεία
629 2289 1043 2359 περισσοτέρας,
1077 2290 1182 2354 ἵνα,
1214 2293 1261 2342 εἰ
1289 2289 1386 2360 μὲν
1409 2289 1470 2342 τὸ
1499 2289 1712 2360 πρῶτον
1735 2289 2018 2360 εἶη,κολά-

444 2395 624 2449 σωμεν
660 2380 760 2449 τῆς
787 2381 1161 2451 ὑπερηφανίας
1184 2382 1245 2434 τὸ
1271 2381 1462 2444 πάθος,
1493 2383 1540 2434 εἰ
1578 2382 1635 2435 δὲ
1656 2383 1716 2436 τὸ
1741 2382 2012 2452 δεύτερον,

443 2472 549 2543 πρὸ
594 2471 694 2542 τῆς
725 2474 1144 2542 ἀγανακτήσεως
1179 2475 1235 2526 ἐν
1265 2472 1608 2545 παρακλήσει
1645 2474 1740 2526 καὶ
1766 2473 2017 2542 νουθεσίᾳ

443 2569 540 2641 τὴν
558 2569 956 2639 εὐσπλαγχνίαν
977 2570 1387 2642 ὲπιδειξώμεθα.
1432 2572 1555 2624 Ἐὰν
1571 2570 1625 2623 δὲ
1653 2571 1759 2640 ἄρα
1775 2572 1803 2622 ὁ
1819 2569 2017 2640 τρόπος

445 2657 593 2727 οὗτος
619 2663 718 2733 τῆς
776 2662 1069 2734 θεραπείας
1115 2663 1472 2735 ἀνενέργητος
1504 2664 1644 2732 φανῇ
1678 2662 1762 2714 διὰ
1792 2661 1892 2731 τὴν
1925 2660 2016 2713 τοῦ

446 2756 800 2828 ὑποκειμένου
839 2755 1042 2820 πάθους
1083 2757 1277 2809 κακίαν
1308 2757 1428 2810 τότε
1471 2755 1654 2808 λοιπὸν
1685 2755 1776 2806 καὶ
1803 2757 1866 2824 τῇ
1891 2770 2020 2822 σφο-

445 2848 662 2919 δρότητι
699 2849 800 2919 τῆς
866 2852 1290 2921 ἀγανακτήσεως
1331 2849 1468 2920 μετὰ
1536 2849 1876 2918 συμπαθείας
1934 2849 2018 2900 ἐπ’

447 2940 680 3012 ὠφελείᾳ
708 2941 818 3010 (44)
849 2943 942 2994 καὶ
970 2943 1248 3014 διορθώσει
1267 2941 1362 2996 τοῦ
1394 2943 1813 3012 ἁμαρτήσαντος
1838 2939 2020 2992 εὐκαί-

452 3048 558 3104 ρως
588 3033 683 3087 καὶ
710 3033 848 3104 μετὰ
885 3033 1042 3102 λόγου
1071 3035 1422 3106 χρησώμεθα.

1007 3213 1340 3265 ΕΡΩΤΗΣΙΣ
1378 3214 1456 3269 II'.

451 3303 644 3357 Πόθεν
666 3305 982 3372 συμϐαίνει
1015 3304 1078 3356 τὸ
1105 3303 1308 3374 ὥσπερ
1331 3304 1406 3373 τῇ
1436 3305 1671 3374 διανοίᾳ
1693 3307 2026 3360 ἐπιλείπειν

519 3375 850 3445 λογισμοὺς
874 3375 1135 3441 ἀγαθοὺς
1166 3376 1263 3429 καὶ
1299 3379 1594 3445 μερίμνας
1639 3379 2025 3444 ἀρεσκούσας

522 3444 602 3510 τῷ
639 3444 780 3510 Θεῷ,
812 3446 909 3498 καὶ
939 3446 1084 3511 πῶς,
1110 3447 1210 3498 ἵνα
1242 3447 1328 3515 μὴ
1363 3444 1538 3500 τοῦτο
1568 3445 1914 3518 πάσχωμεν.

1040 3563 1430 3617 ΑΠΟΚΡΙΣΙΣ.

526 3650 631 3704 Τοῦ
665 3653 828 3705 Δαδιο
883 3654 1152 3718 εἰπόντος,
1216 3654 1580 3718 Ἐνύσταξεν
1623 3656 1661 3722 ἡ
1707 3655 1876 3724 ψυχή
1906 3675 2026 3726 μου

453 3740 572 3796 ἀπὸ
601 3741 874 3809 ἀκηδίας,
928 3743 1168 3814 εὔδηλον,
1217 3746 1299 3798 ὅτι
1332 3746 1393 3798 τὸ
1422 3745 1660 3799 τοιοῦτον
1694 3747 1801 3800 ἀπὸ
1828 3764 2027 3800 νυστα-

455 3833 597 3902 γμοῦ
619 3834 716 3905 τῆς
733 3835 910 3906 ψυχῆς
941 3836 1034 3888 καὶ
1079 3837 1435 3907 ἀναισθησίας
1471 3839 1778 3907 συμϐαίνει.
1817 3841 2026 3911 Γρηγο-

461 3926 626 3998 ροῦσῃ
658 3928 766 3997 γὰρ
799 3931 863 4000 τῇ
897 3928 1039 4001 ψυχῇ
1081 3931 1173 3982 καὶ
1205 3932 1448 4004 νηφούσῃ
1474 3933 1594 4000 οὐχὶ
1637 3933 1877 4004 μέριμνα
1910 3933 2028 4003 Θεῷ

457 4018 765 4090 ἀρέσκουσα
794 4021 887 4074 καὶ
923 4020 1180 4092 λογισμὸς
1217 4023 1419 4090 ἀγαθὸς
1453 4023 1738 4088 ἐπιλείπει,
1770 4025 1884 4077 ἀλλ’
1904 4027 2030 4077 ἐαυ-

457 4105 554 4175 τὴν
601 4106 813 4171 τούτοις
848 4108 957 4177 (ίὸ)
989 4111 1378 4165 ὲτι;λείπουσαν
1423 4113 1730 4166 ἐπιϐλέπει.
1766 4116 1828 4166 Εἰ
1867 4115 1973 4186 γὰρ
2002 4119 2030 4169 ὁ

459 4193 551 4246 τοῦ
581 4194 826 4266 σώματος
848 4197 1124 4268 ὀφθαλμὸς
1156 4200 1279 4252 οὔτε
1306 4203 1467 4272 ἀρκεῖ
1493 4202 1604 4274 (46)
1631 4203 1766 4273 πρὸς
1797 4203 2030 4276 θεωρίαν

460 4285 555 4338 καὶ
594 4286 790 4355 ὀλίγων
820 4289 983 4341 τινῶν
1029 4290 1121 4343 τοῦ
1164 4291 1298 4344 Θεοῦ
1347 4293 1868 4366 δημιουργημάτων,
1905 4295 2030 4349 οὔτε

460 4375 604 4442 ἆπαξ
637 4395 689 4430 τι
715 4379 1048 4450 θεασάμενος
1091 4384 1252 4454 κόρον
1285 4385 1462 4455 ἔσχεν,
1510 4386 1647 4439 ἀλλὰ
1699 4388 1794 4441 καὶ
1846 4389 1933 4442 ἀεὶ
1970 4389 2032 4442 τὸ

459 4469 590 4523 αὐτὸ
609 4470 846 4542 θεωρῶν,
890 4474 951 4526 οὐ
990 4474 1222 4528 παύεται
1256 4477 1405 4548 ὅμως
1459 4477 1553 4531 τοῦ
1591 4479 1846 4550 βλέπειν·
1880 4481 2030 4554 πόσῳ

463 4563 660 4632 μᾶλλον
693 4566 721 4617 ὁ
748 4565 847 4635 τῆς
877 4566 1056 4636 ψυχῆς
1084 4567 1377 4638 ὀφθαλμὸς,
1402 4569 1496 4623 ἐὰν
1528 4568 1903 4646 ἐγρηγορὼςῇ
1937 4575 2030 4627 καὶ

461 4658 667 4726 νήφων,
700 4657 797 4711 οὐκ
818 4659 1040 4730 ἐξαρκεῖ
1060 4661 1195 4730 πρὸς
1225 4661 1458 4732 θεωρίαν
1479 4663 1586 4716 τῶν
1619 4663 1709 4716 τοῦ
1744 4665 1878 4718 Θεοῦ
1903 4666 2034 4721 θαυ-

465 4748 674 4817 μασίων
703 4751 796 4802 καὶ
824 4753 1140 4821 κριμάτων;
1170 4753 1244 4806 Τὰ
1274 4755 1524 4822 κρίματα
1545 4757 1652 4827 γάρ
1669 4773 1805 4822 σου,
1844 4761 2030 4831 φησιν,

460 4841 734 4908 ἄϐυσσος
786 4845 1008 4908 πολλή·
1041 4847 1134 4898 καὶ
1191 4847 1448 4917 ἀλλαχοῦ·
1495 4851 1949 4921 Ἐθαυμαστώθη
1993 4856 2031 4923 ἡ

462 4930 689 5000 γνῶσίς
723 4950 840 4987 σου
869 4935 935 4997 ἐξ
965 4936 1131 5001 ἐμοῦο
1173 4939 1556 5009 ἐκραταιώθη,
1595 4945 1665 4995 οὐ
1723 4943 1810 5012 μὴ
1851 4944 2036 4999 δύνω-

461 5038 562 5091 μαι
595 5025 745 5091 πρὸς
782 5025 994 5093 αὑτήν·
1039 5029 1128 5080 καὶ
1154 5029 1323 5082 πολλά
1355 5032 1596 5086 τοιαῦτα.
1643 5035 1706 5088 Ei
1739 5035 1794 5088 δὲ
1833 5035 2034 5089 ὲπιλείο

2060 4526 2106 4583 D

2114 1944 2286 2000 tante,
2326 1942 2421 1988 aut
2453 1949 2484 1988 a
2525 1933 2752 1989 tristitia
2799 1949 2866 1988 ex
2917 1932 3133 1988 delictis
3161 1946 3371 1996 eorum,
3418 1931 3511 2001 qui
3542 1938 3692 1986 recte

2116 2039 2279 2095 agere
2327 2023 2607 2085 deberent,
2645 2029 2826 2077 ortum
2877 2022 3129 2076 habente.
3176 2020 3311 2076 Cum
3359 2021 3504 2074 enim
3547 2021 3692 2074 bono

2117 2117 2300 2187 aliquo
2335 2122 2670 2184 exspectato,
2717 2113 3054 2168 contrarium
3101 2111 3360 2184 quiddam
3410 2120 3466 2167 et
3515 2112 3690 2169 mole-

2116 2215 2261 2265 stum
2305 2207 2526 2287 accidit,
2557 2214 2670 2259 tum
2699 2206 2752 2260 id
2776 2205 3152 2260 vehementius
3185 2204 3378 2259 nescio
3417 2188 3713 2273 quomodo.

2117 2299 2363 2353 animum
2398 2298 2663 2368 percellit.
2700 2296 2844 2350 Cura
2877 2303 3058 2350 autem
3090 2310 3228 2364 opus
3257 2303 3341 2350 est
3373 2294 3601 2364 majore,
3630 2303 3692 2348 ut

2119 2391 2167 2446 si
2203 2390 2422 2460 quidem
2454 2390 2687 2459 primum
2724 2386 2886 2441 fuerit
2913 2387 3184 2456 superbia:
3209 2387 3424 2450 vilium,
3456 2385 3509 2438 id
3536 2399 3694 2441 coer-

2117 2500 2379 2550 ceamus;
2431 2483 2518 2538 sin
2573 2479 2900 2544 secundum,
2937 2485 3226 2548 antequam
3258 2478 3325 2532 ad
3367 2475 3695 2548 indignatio.

2119 2595 2239 2635 nem
2301 2577 2591 2639 veniatur,
2642 2573 3076 2629 misericordiam
3138 2570 3482 2626 exhortando
3531 2578 3694 2640 atque

2119 2665 2657 2724 commonefaciendo
2707 2663 3086 2719 ostendamus.
3132 2660 3290 2727 Quod
3340 2659 3389 2716 si
3432 2661 3546 2715 haac
3588 2675 3697 2714 me-

2121 2758 2286 2814 dendi
2327 2758 2468 2811 ratio
2507 2757 2756 2811 ineﬂicax
2803 2753 3119 2824 apparuerit
3162 2759 3384 2822 propter
3404 2751 3697 2807 insidentis

2120 2852 2238 2905 vitii
2287 2852 2636 2921 pravitatem,
2682 2855 2798 2900 tum
2841 2845 3061 2901 demum
3110 2843 3504 2915 indignationis
3533 2843 3698 2898 vehe-

2120 2946 2381 3001 mentiam
2427 2958 2534 2998 una
2596 2957 2720 2996 cum
2777 2938 3252 2993 commiseratione
3299 2936 3367 2990 ad
3421 2934 3698 3006 peccantis

2122 3040 2410 3093 utilitatem
2433 3033 2980 3101 emendationemque
2995 3037 3303 3099 opoortune
3325 3042 3389 3081 ac
3406 3027 3530 3094 iure
3547 3025 3700 3082 adhi-

2122 3130 2424 3186 buerimus.

2519 3214 3041 3271 INTERROGATIO
3075 3211 3286 3268 LXXX.

2131 3314 2280 3368 Unde
2308 3314 2390 3383 ﬁt,
2420 3321 2478 3365 at
2505 3311 2846 3383 cogitationes
2865 3308 3035 3383 Abana’
3062 3303 3547 3371 sollicitudinesque
3569 3298 3702 3383 pce

2195 3377 2407 3455 placita:
2439 3377 2675 3455 mentem
2716 3379 2876 3434 veluti
2918 3377 3167 3447 deﬁciant
3199 3393 3216 3429 :
3248 3385 3297 3428 et
3345 3389 3452 3444 qua
3495 3377 3701 3427 ratione

2198 3453 2308 3526 ﬁet,
2344 3463 2398 3506 ut
2429 3453 2481 3505 id
2512 3467 2788 3505 caveamus

2730 3557 3116 3615 RESPONSIO

2197 3659 2332 3713 Cum
2392 3655 2563 3709 David
2617 3653 2877 3708 dixerit‘
2927 3671 2938 3704 :
2998 3649 3316 3704 Dormitavit
3360 3649 3542 3703 anima
3583 3663 3702 3705 mea

2126 3765 2238 3819 prae
2288 3745 2466 3810 twdio,
2515 3745 2864 3816 perspicuum
2900 3751 2985 3796 est
3034 3739 3346 3810 hujusmodi
3394 3739 3586 3793 vitium
3631 3754 3696 3793 ex

2129 3840 2296 3894 animi
2349 3852 2546 3908 sopore
2579 3851 2644 3890 ac
2698 3841 2924 3904 stupore
2981 3832 3203 3887 exoriri.
3259 3828 3538 3899 Siquidem
3584 3829 3698 3882 ani-

2129 3948 2276 3987 mum
2310 3931 2628 4001 vigilantem
2658 3935 2713 3983 et
2758 3926 3003 3981 sobrium
3057 3921 3372 3978 sollicitudo
3407 3920 3519 3976 Deo
3548 3928 3705 3991 grata

2129 4035 2184 4082 et
2208 4028 2352 4082 bona
2401 4023 2662 4094 cogitatio
2706 4033 3052 4090 nequaquam
3087 4017 3273 4072 deficit
3309 4034 3323 4072 :
3354 4018 3487 4086 quin
3517 4014 3703 4084 potius

2131 4119 2213 4175 eis
2247 4118 2606 4187 semetipsum
2627 4115 2821 4170 deesse
2838 4111 3002 4167 videt.
3027 4110 3186 4176 Nam,
3214 4109 3260 4166 si
3295 4109 3543 4179 corporis
3571 4123 3705 4163 ocu—

2132 4212 2219 4266 lus
2255 4226 2433 4279 neque
2475 4209 2612 4263 satis
2641 4211 2728 4261 est
2766 4205 2833 4260 ad
2878 4199 3303 4271 contemplanda
3332 4200 3497 4254 etiam
3531 4211 3704 4268 pauca

2131 4303 2378 4374 quaedam
2426 4299 2520 4355 Dei
2549 4297 2793 4369 opiiicia,
2828 4311 3005 4365 neque
3031 4295 3075 4348 si
3104 4293 3235 4363 quid
3275 4291 3444 4347 semel
3484 4291 3707 4358 conspi-

2134 4403 2293 4449 catus
2327 4393 2420 4457 sit,
2461 4391 2787 4454 exsatiatur,
2826 4388 2919 4444 sed
2947 4386 3164 4440 etiamsi
3198 4399 3418 4454 semper
3446 4383 3588 4438 idem
3619 4381 3706 4435 vi-

2133 4485 2290 4550 deat,
2333 4495 2515 4539 tamen
2564 4483 2812 4552 aspicere
2856 4495 2965 4534 non
3016 4478 3237 4540 desinit,
3283 4487 3489 4547 quanto
3534 4476 3707 4544 magis

2138 4578 2334 4631 animae
2378 4576 2595 4638 oculus,
2647 4575 2691 4630 si
2723 4574 2954 4644 vigilans
2998 4571 3068 4626 sit.
3093 4579 3146 4625 et
3170 4568 3606 4639 expergefactus,
3639 4568 3706 4622 ad

2139 4669 2234 4723 Dei
2259 4669 2551 4730 mirabilia,
2576 4675 2630 4722 et
2654 4666 2720 4719 ad
2752 4667 2900 4720 illius
2918 4663 3122 4734 judicia
3156 4659 3486 4731 Speculanda
3510 4673 3711 4728 nequa-

2134 4775 2298 4830 quam
2351 4759 2574 4814 sufiicit.
2628 4756 2845 4810 Iudicia
2885 4757 3053 4818 enim,
3099 4753 3296 4820 inquit,
3355 4761 3445 4804 tua
3487 4749 3709 4820 abyssus

2136 4850 2309 4904 multa
2362 4851 2383 4882 ³
2427 4868 2443 4914 ;
2504 4858 2558 4903 ct
2608 4850 2716 4902 alio
2769 4849 2825 4902 in
2873 4847 2995 4902 loco
3047 4865 3060 4900 :
3119 4842 3385 4897 Mirabilis
3435 4841 3580 4911 facta
3631 4850 3710 4894 est

2136 4946 2360 4999 scientia
2396 4954 2488 4998 tua
2530 4959 2594 4998 ea:
2643 4959 2722 4996 me
2763 4960 2780 4997 :
2821 4940 3122 5009 confortata
3157 4947 3255 5002 est,
3289 4954 3388 4991 non
3418 4946 3597 5005 potero
3642 4936 3710 4989 ad

2137 5052 2255 5090 eam
2295 5037 2351 5102 “;
2385 5045 2440 5089 et
2480 5034 2654 5089 multa
2686 5031 3088 5102 hujuscemodi.
3126 5028 3280 5096 Quod
3312 5030 3357 5083 si
3385 5028 3567 5083 deﬁcit
3596 5029 3714 5082 ani-

531 5180 552 5210 ¹
593 5179 738 5234 Psal.
771 5195 972 5246 vant,
1009 5183 1099 5237 28.
1177 5183 1197 5214 ³
1234 5182 1378 5240 Psal.
1413 5201 1576 5249 xxxv,
1613 5188 1662 5242 7.
1737 5188 1757 5220 ‘
1785 5188 1929 5245 Psal.
1965 5207 2242 5254 cxxxvm,
2280 5193 2331 5246 6.

682 5333 904 5416 antiqui
955 5335 1066 5391 duo
1103 5337 1360 5416 li'briuai
1388 5339 1832 5416 ¹ἐξευρίσκοντες.
1881 5345 2023 5400 Alius

2140 5346 2474 5416 ὐπαντῆσαν,
2510 5345 2603 5397 καὶ
2627 5344 2777 5412 σφοδ.

464 5405 556 5480 και
623 5403 1083 5480 πεξευρίσκοντες.
1108 5407 1258 5480 ῨΕάἰνιί
1274 5403 1643 5480 εὑρίσκοντες.

536 5473 645 5542 (4i)
689 5473 918 5550 Veteres
966 5488 1078 5532 tres
1107 5478 1228 5531 libri
1273 5473 1638 5550 λαμϐάνηται.
1685 5481 1876 5535 Statim
1911 5485 2031 5537 vnlo

465 5553 603 5615 gata:
631 5554 744 5599 tres
791 5547 1143 5622 editioneset
1181 5550 1290 5602 duo
1319 5547 1614 5622 mssa;
1660 5551 2032 5622 διορθώσεται,

798 5614 931 5686 Reg.
1001 5621 1208 5687 primus
1261 5626 1315 5674 et
1370 5620 1522 5676 Colb.
1578 5614 2034 5692 διορθωθήσεται,

540 5754 650 5834 (4:!)
691 5754 1054 5834 Σίνις-θειόυο
1094 5758 1220 5834 libri
1260 5756 1318 5834 eg
1351 5759 1608 5830 ἐμαυτοῦ.
1642 5759 2035 5834 Reg._primus

471 5822 530 5887 ἐξ
550 5824 762 5878 ἑαυτοῦ.
790 5823 898 5881 Nec
920 5828 990 5881 ita
1019 5830 1188 5884 multo
1213 5829 1352 5884 infra
1380 5822 1520 5886 uirus
1543 5849 1645 5888 ms.
1675 5822 1768 5885 xit
1793 5822 2032 5897 λυπηρὸν

2213 5408 2482 5486 (45)’Βθεζ.
2510 5408 2721 5486 primus
2740 5423 2792 5467 et
2813 5411 2972 5486 Voss.
2990 5413 3323 5486 _é1ttg._s).eiag
3348 5408 3460 5486 οὖν.

2213 5481 2324 5556 (44)
2368 5481 2660 5556 Editi’xat
2690 5482 3058 5556 ἐπ’ὠιρελείᾳ.
3109 5482 3311 5538 Vocula
3345 5482 3438 5536 καί
3483 5482 3537 5537 in
3589 5481 3712 5536 aliis

2137 5554 2312 5610 tribus
2347 5571 2479 5608 mss.
2516 5569 2622 5608 non
2650 5554 2864 5624 legitur.

2212 5626 2322 5710 (45)
2349 5625 2481 5696 Reg.
2522 5622 2720 5681 tertius
2743 5633 2797 5678 et
2820 5624 2948 5679 editi
2989 5622 3268 5687 τοιούτοις.
3297 5623 3402 5677 Alii
3433 5623 3542 5678 duo
3573 5637 3710 5679 mss.

2150 5714 2499 5837 'Oiiilfizdiu
2530 5766 2798 5837 ἀρκεῖται·
2833 5764 2898 5818 Αί
2926 5779 3060 5818 "‘SS'
3092 5773 3205 5818 “es
3228 5764 3408 5836 ἀρκει
