4064 6238
383 334 514 389 1139

1691 334 1748 390 S.
1790 332 2031 387 BASILII
2071 334 2286 391 MAGNI

3490 335 3628 391 1140

380 462 521 499 mam
551 448 817 517 cogitatio
850 447 1014 512 bona,
1054 448 1300 518 profecto
1335 448 1515 502 adhuc
1561 448 1745 503 deﬁcit
1780 450 1943 519 ipsam

2062 468 2151 504 πει
2182 454 2246 522 τῇ
2270 451 2415 538 ψυχῇ
2440 451 2697 522 λογισμὸς
2731 447 2950 518 ἀγαθὸς,
2984 446 3223 519 δηλονότι
3251 446 3331 500 ἔτι
3364 445 3476 517 (47)
3508 449 3629 501 ἐπι-

379 538 708 592 illuminatio
744 559 755 593 :
793 555 900 594 non
929 539 1074 609 quod
1106 540 1322 595 deﬁciat
1353 541 1499 610 quod
1530 540 1821 607 illuminat,
1854 540 1947 595 sed

379 626 520 698 quod
543 628 805 685 dormitet
831 631 976 690 quod
1009 632 1306 686 illuminari
1332 632 1509 687 debet.

645 828 806 901 m
872 829 1387 885 INTERROGA'HO
1442 830 1675 885 LXXXI.

380 915 724 993 Si‘piiusunt
771 924 1047 990 a'qualiter
1092 922 1405 991 objurgandi
1443 933 1597 993 atque
1638 924 1805 992 quivis
1851 923 1949 976 alii

448 990 805 1058 indi/ferentes
845 994 1056 1060 quando
1086 995 1139 1047 in
1174 990 1352 1047 eodem
1383 990 1589 1047 utrique
1615 990 1825 1048 accrate
1854 993 1949 1047 de-

446 1060 671 1127 pre/tend
678 1072 859 1114 untur.

962 1174 1229 1231 RESPON
1238 1174 1363 1231 SIO.

451 1263 510 1319 Si
541 1280 946 1335 respexerimus
973 1267 1043 1322 ad
1068 1269 1310 1321 animum
1343 1268 1624 1338 peccantis
1648 1274 1702 1323 et
1728 1268 1796 1322 ad
1828 1282 1948 1323 mo-

378 1355 507 1411 dum
557 1360 790 1428 peccati,
843 1374 1241 1430 cognoscemus
1281 1360 1444 1413 etiam
1497 1360 1716 1414 modum
1769 1360 1950 1415 incre-

379 1450 559 1517 pandi.
592 1449 752 1517 Nam,
786 1451 1002 1507 etiamsi
1044 1452 1186 1507 idem
1226 1460 1509 1522 peccatum
1543 1468 1668 1509 esse
1701 1453 1950 1509 videatur

378 1549 489 1594 tum
535 1542 777 1597 hominis
830 1542 1205 1599 indiﬂ‘erenter
1254 1560 1313 1599 se
1366 1546 1629 1613 gerentis,
1676 1553 1791 1599 tum
1834 1545 1947 1615 pii,

377 1641 557 1688 tamen
604 1635 747 1689 inter
794 1643 1090 1706 utrumque
1154 1637 1442 1692 intercedit
1484 1637 1779 1692 discrimen
1837 1653 1946 1692 non

377 1723 671 1780 mediocre.
711 1725 843 1782 Pius
882 1727 1052 1793 enim,
1086 1743 1209 1781 cum
1237 1730 1359 1798 pius
1402 1729 1475 1785 sit
1521 1730 1842 1799 laboretque
1870 1730 1947 1784 si-

2055 540 2232 594 λείπει
2267 537 2403 613 αὐτῇ
2438 542 2734 613 φωτισμός·
2782 542 2842 594 οὐ
2895 541 3045 613 παρά
3102 540 3162 593 τὸ
3214 539 3511 593 ἐπιλείπειν
3566 537 3628 592 τὸ

2066 633 2323 702 φωτίζον,
2374 633 2508 687 ἀλλὰ
2563 632 2715 705 παρά
2758 633 2820 685 τὸ
2878 633 3159 698 νυστάζειν
3188 632 3249 685 τὸ
3291 630 3626 701 φωτισθῑπναι

2049 722 2280 790 ὀφεῖλον.

2587 838 2919 891 ΕΡΩΤΗΣΙΣ
2949 839 3072 891 IIA'.

2055 932 2123 984 El
2159 929 2277 998 χρὴ
2312 930 2458 995 ἴσως
2503 929 2784 999 ἐπιτιμᾷν
2839 929 2964 996 τοῖς
3014 929 3295 999 εὐλαϐἐσι
3348 927 3626 999 καὶτοῖς

2120 1000 2469 1068 ἀδιαφόροις
2500 1000 2636 1071 (48),
2662 998 2807 1053 ὅταν
2844 1002 2914 1053 ἐν
2942 999 3020 1066 τῷ
3060 998 3219 1065 αὐτῷ
3259 998 3627 1070 ἁμαρτήματι

2120 1071 2515 1139 εὐρίσκωνται
2548 1072 2885 1140 ἀμφότεροι.

2635 1179 3005 1232 ΑΠΟΚΡΙΣΙΣ

2135 1270 2261 1323 Ἐὰν
2279 1271 2560 1342 ἀπίδωμεν
2586 1272 2666 1335 είς
2689 1270 2791 1342 τὴν
2811 1270 3048 1324 διάθεσιν
3080 1268 3173 1323 τοῦ
3219 1271 3624 1341 ἁμαρτάνοντος

2054 1363 2149 1415 καὶ
2181 1362 2273 1416 τὸν
2296 1363 2623 1435 τρόπονοτοῦ
2647 1364 3061 1433 ἁμαρτήματος,
3081 1362 3397 1432 γνωσόμεθα
3420 1363 3513 1415 κα).
3532 1361 3625 1414 τὸν

2047 1456 2249 1525 τρόπον
2277 1457 2375 1527 τῆς
2409 1456 2797 1526 ἐπιτιμήσεως.
2830 1453 2951 1507 Κᾶν
2972 1454 3080 1527 γὰρ
3095 1454 3155 1507 τὸ
3176 1454 3307 1508 αὐτὸ
3322 1455 3624 1526 ἁμάρτημα

2051 1543 2192 1601 εἶναι
2220 1548 2350 1618 δοκῇ
2378 1548 2441 1599 τό
2468 1563 2525 1600 τε
2555 1546 2647 1599 τοῦ
2678 1546 2971 1617 ἀδιαφόρου
3002 1545 3095 1598 καὶ
3122 1545 3183 1597 τὸ
3220 1544 3313 1598 τοῦ
3339 1544 3621 1608 εὐλαϐοῦς,

2049 1640 2187 1693 ἀλλά
2217 1639 2387 1711 πολλὴ
2444 1638 2646 1710 μεταξὺ
2693 1637 2873 1691 αὐτῶν
2928 1641 2960 1709 ἡ
2997 1638 3247 1709 διαφορά.
3285 1638 3344 1690 Ὀ
3388 1638 3485 1708 μὲν
3513 1637 3624 1707 γὰρ

2052 1729 2308 1799 εὐλαϐὴς,
2352 1728 2583 1799 εὐλαϐὴς
2618 1727 2692 1780 ὢν
2720 1726 2968 1795 ἀγωνιῶν
2991 1743 3049 1779 τε
3101 1726 3215 1797 ἅμα
3241 1726 3332 1779 καὶ
3360 1724 3625 1794 ἀγωνιζό-

376 1817 488 1870 mul
528 1831 591 1872 ac
622 1818 920 1872 contendat
957 1790 1272 1888 utvplacea-t
1324 1820 1454 1887 Deo,
1500 1835 1633 1877 casu
1670 1790 1851 1891 aliquo
1892 1829 1943 1875 et

2056 1838 2217 1893 μενος
2337 1821 2390 1891 ρὶ
2416 1821 2514 1890 τῆς
2541 1790 2677 1891 πρὸς
2705 1790 2838 1872 Θεὸν
2863 1818 2973 1890 (<59)
3015 1790 3444 1890 εὐαρεστήσεως,
3480 1817 3624 1871 κατὰ

376 1909 488 1962 lere
537 1909 696 1977 quasi
749 1910 955 1965 invitus
1008 1911 1282 1966 aberravit
1340 1920 1394 1967 et
1444 1912 1630 1981 lapsus
1679 1923 1802 1980 est;
1852 1914 1947 1983 qui

374 2018 502 2057 vero
527 2004 666 2073 gerit
697 2018 757 2059 se
777 2004 1170 2069 indiderenter,
1194 2005 1400 2058 nullam
1430 2021 1607 2075 neque
1633 2005 1719 2060 sui
1748 2006 1943 2075 ipsius,

375 2110 549 2164 neque
576 2094 671 2149 Dei
704 2096 972 2151 rationem
1005 2097 1237 2160 habens,
1275 2105 1441 2167 atque
1473 2098 1554 2152 vel
1579 2098 1702 2167 ipso
1726 2097 1948 2153 nomine

374 2181 427 2242 i'd
474 2188 772 2252 indicante,
812 2190 1023 2243 nullum
1060 2189 1356 2245 discrimen
1403 2204 1615 2261 ponens
1658 2200 1946 2260 peccatum

373 2278 515 2332 inter
548 2287 604 2332 et
646 2279 941 2344 virtutem,
980 2280 1273 2351 praecipuis
1332 2296 1397 2335 ac
1446 2283 1756 2353 ingentibus
1787 2283 1947 2338 malis

371 2379 619 2440 aegrotat,
650 2370 899 2426 videlicet
939 2370 1087 2441 quod
1138 2381 1232 2425 aut
1274 2369 1442 2427 Deum
1485 2383 1827 2443 aspernetur,
1853 2381 1947 2430 aut

372 2459 538 2516 Deum
592 2476 715 2517 esse
764 2478 873 2516 non
918 2464 1125 2517 credat.
1174 2462 1301 2518 Haec
1343 2464 1490 2520 enim
1533 2464 1643 2521 duo
1682 2467 1737 2521 in
1781 2481 1946 2522 causa

370 2561 519 2618 sunt,
577 2567 679 2608 cur
724 2562 914 2625 peccet
969 2556 1177 2619 anima,
1227 2564 1287 2609 ut
1343 2564 1580 2612 testatur
1635 2556 1944 2628 Scriptura,

368 2660 492 2700 cum
526 2662 674 2702 nunc
705 2648 927 2718 quid‘em
967 2649 1042 2702 ait
1076 2666 1089 2701 :
1119 2648 1269 2703 Dixit
1299 2650 1549 2718 injustas,
1582 2660 1639 2703 ut
1671 2650 1946 2722 delinquat

367 2738 422 2792 in
452 2740 764 2806 semetipso;
807 2756 908 2792 non
942 2748 1021 2793 est
1054 2740 1212 2794 timor
1236 2740 1334 2795 Dei
1375 2749 1495 2794 ante
1525 2744 1704 2795 oculos
1731 2741 1845 2809 eius
1876 2742 1897 2773 ⁸
1927 2758 1942 2807 ;

367 2844 518 2884 nunc
561 2843 694 2884 vero
729 2848 745 2886 :
787 2830 937 2884 Dixit
960 2831 1212 2900 insipiens
1259 2831 1316 2883 in
1359 2830 1516 2885 corde
1562 2847 1680 2893 suo,
1713 2827 1834 2884 Non
1867 2840 1945 2885 est

366 2920 508 2975 Deus
556 2936 576 2974 :
617 2923 852 2992 corrupti
883 2933 1005 2976 sunt
1036 2931 1087 2976 et
1126 2922 1502 2977 abominabiles
1551 2922 1684 2991 {acti
1722 2932 1844 2977 sunt
1888 2924 1944 2976 in

366 3012 561 3068 studiis
611 3016 653 3068 °.
705 3004 896 3086 itaque
954 3023 1051 3069 aut
1121 3016 1488 3086 contempsit,
1545 3023 1943 3086 proptereaque

2055 1914 2380 1983 περίστασίν
2408 1929 2531 1965 τινα
2564 1913 2655 1964 καὶ
2698 1911 2883 1981 σχεδὸν
2929 1910 3005 1974 ὡς
3035 1910 3135 1962 οὐκ
3187 1908 3376 1980 ἤθελεν
3413 1908 3619 1979 ἐσφάλη

2049 2009 2145 2060 καὶ
2163 2004 2411 2059 ὤλισθεν·
2454 2006 2483 2057 ὁ
2514 2005 2570 2058 δὲ
2587 2004 2899 2075 ἀδιάφορος,
2926 2003 3115 2056 οὐδένα
3147 2003 3303 2069 λόγον
3328 2003 3446 2056 οὐδὲ
3498 2005 3624 2055 ἐαυ-

2048 2100 2143 2153 τοῦ
2171 2099 2292 2153 οὐδὲ
2324 2098 2416 2152 τοῦ
2452 2098 2587 2151 Θεοῦ
2623 2097 2965 2168 ποιούμενος,
3001 2096 3095 2149 καὶ
3139 2094 3392 2166 οὐδεμίαν
3436 2095 3623 2161 διαφο-

2051 2173 2152 2263 ρὰν
2173 2190 2267 2244 τοῦ
2295 2208 2354 2243 τε
2384 2190 2718 2262 ἁμαρτάνειν
2751 2190 2843 2242 καὶ
2871 2187 2963 2241 τοῦ
2990 2185 3288 2258 κατορθοῦν
3319 2184 3622 2255 τιθέμενος,

2046 2286 2122 2347 ὼς
2150 2286 2282 2337 αὐτὸ
2301 2284 2451 2355 δηλοῖ
2476 2283 2537 2335 τὸ
2552 2282 2741 2352 ὄνομα,
2768 2280 2838 2334 τά
2873 2278 3064 2352 πρῶτα
3098 2279 3191 2331 καὶ
3229 2277 3439 2347 μεγάλα
3476 2274 3625 2331 κακὰ

2047 2379 2210 2431 νοσεῖ·
2247 2376 2279 2445 ἢ
2316 2373 2719 2445 καταφρόνησιν
2752 2370 2907 2435 Θεοῦ,
2955 2370 2988 2441 ἢ
3033 2369 3287 2423 ἀπιστίαν
3344 2366 3438 2420 τοῦ
3480 2362 3622 2419 εἶναι

2047 2468 2201 2522 Θεόν.
2232 2465 2335 2519 Δύο
2355 2465 2463 2535 γὰρ
2489 2463 2663 2517 ταῦτα
2699 2464 2845 2516 αἴτια
2869 2464 2935 2532 τῇ
2968 2460 3112 2531 ψυχῇ
3144 2460 3238 2513 τοῦ
3289 2460 3499 2528 ἀμαρτέ
3510 2474 3622 2513 νειν

2047 2559 2278 2628 γίνεται,
2304 2556 2380 2619 ὡς
2406 2558 2438 2627 ὴ
2473 2554 2663 2627 Γραφὴ
2730 2555 2996 2624 μαρτυρεῖ
3046 2552 3278 2620 λέγουσα
3320 2548 3448 2601 ποτὲ
3478 2547 3575 2617 μέν
3604 2563 3618 2575 ·

2047 2651 2242 2719 Φησὶν
2262 2653 2295 2704 ό
2312 2648 2656 2718 παράνομος
2681 2647 2785 2699 τοῦ
2802 2643 3162 2714 ἁμαρτάνειν
3185 2645 3254 2696 ἐν
3268 2641 3460 2706 ἑαυτῷ
3477 2658 3490 2669 ·
3510 2640 3622 2693 οὐκ

2045 2747 2176 2799 ἐστι
2205 2744 2392 2811 φόϐος
2413 2738 2561 2794 Θεοῦ
2590 2738 2879 2794 ἀπέναντι
2901 2736 3018 2790 τῶν
3049 2733 3371 2805 ὀφθαλμῶν
3411 2731 3618 2786 αὑτοῦ·

2046 2838 2178 2891 ποτὲ
2206 2836 2286 2889 δέ·
2316 2835 2503 2888 Εἶπεν
2529 2831 2732 2901 ἄφρων
2757 2830 2827 2883 ἐν
2854 2828 3067 2898 καρδίᾳ
3095 2827 3280 2881 αὐτοῦ
3300 2845 3311 2856 ·
3343 2828 3467 2879 Οὐκ
3490 2825 3623 2878 ἐστι

2048 2931 2213 2995 Θεός·
2232 2926 2640 2996 διεφθάρησαν
2660 2925 2757 2978 καὶ
2777 2919 3309 2989 ἑϐδελύχθησανὲν
3321 2917 3625 2984 ἐπιτηδεύ-

2039 3040 2250 3095 μασιν.
2272 3023 2434 3075 Ὢστε
2451 3021 2485 3091 ἢ
2502 3016 2981 3088 καταπεφρόνηκε,
2996 3012 3187 3067 καὶδιά
3200 3011 3355 3064 τοῦτο
3383 3009 3624 3081 ἁμαρτά-

369 3114 579 3173 peccat,
614 3115 708 3160 aut
735 3106 1008 3160 inliciatur
1048 3104 1219 3160 Deum
1256 3107 1433 3178 ipsum
1458 3122 1603 3173 esse,
1629 3114 1683 3161 et
1716 3121 1835 3162 eam
1874 3106 1943 3162 ob

2049 3133 2148 3178 νει,
2169 3114 2203 3185 ἢ
2223 3113 2353 3167 αὐτὸ
2377 3113 2438 3165 τὸ
2452 3108 2590 3164 εἶναι
2605 3110 2695 3162 τὸν
2709 3108 2841 3162 Θεὸν
2873 3107 3138 3178 ἀρνεῖται,
3159 3103 3253 3155 καὶ
3275 3101 3364 3154 διὰ
3379 3100 3535 3153 τοῦτο
3563 3101 3621 3150 ἐν

368 3211 596 3252 causam
640 3198 697 3252 in
752 3198 948 3254 studiis
1006 3200 1398 3269 corrumpitur,
1444 3199 1664 3255 tametsi
1729 3199 1945 3255 videtur

368 3288 639 3345 conﬁteri.
688 3287 1023 3359 Conﬁtentur
1044 3292 1207 3355 enim,
1242 3291 1451 3361 inquit,
1485 3307 1541 3345 se
1572 3307 1724 3345 nosse
1753 3289 1940 3357 Deum,

370 3380 530 3449 factis
569 3390 747 3435 autem
791 3391 982 3453 negant
1033 3384 1075 3439 ".
1124 3384 1257 3450 Quae
1298 3398 1423 3438 cum
1470 3383 1544 3437 ita
1587 3398 1645 3439 se
1686 3365 1941 3448 habeant,

368 3474 533 3528 etiam
567 3475 895 3547 objurgandi
926 3476 1147 3531 modum
1196 3491 1325 3546 erga
1360 3491 1457 3531 eos
1500 3476 1594 3546 qui
1625 3482 1754 3530 sunt
1795 3475 1944 3545 ejus-

368 3566 517 3621 modi
583 3567 858 3624 diveisum
920 3585 1044 3625 esse
1095 3578 1350 3640 oportere
1400 3576 1548 3639 puto.
1606 3567 1736 3624 Pius
1796 3569 1941 3624 enim

367 3660 525 3729 quasi
556 3661 714 3715 locali
747 3662 984 3730 quodam
1016 3661 1270 3732 praesidio
1304 3660 1529 3732 indiget,
1562 3669 1615 3716 et
1651 3660 1707 3714 in
1735 3661 1852 3730 ipsa
1884 3676 1943 3716 re

367 3754 423 3805 in
486 3766 593 3821 qua
654 3752 902 3816 oﬂ‘cndit,
963 3752 1123 3808 debet
1184 3753 1618 3823 objurgationem
1670 3751 1939 3817 sulIerre;

370 3844 686 3901 indilIerens
724 3861 874 3909 vero,
906 3860 1033 3899 cum
1072 3852 1246 3900 totum
1280 3845 1444 3901 simul
1495 3844 1802 3914 corruperit
1830 3844 1945 3897 ani-

366 3950 471 3989 ma:
500 3936 724 4001 bonum,
753 3944 1089 4007 aagrotetque
1130 3937 1265 4007 ipsis
1299 3937 1734 4009 generalioribus
1757 3936 1938 3999 malis,

367 4036 464 4080 aut
497 4035 761 4099 tanquam
809 4035 1179 4097 contemptor,
1228 4030 1307 4083 uti
1357 4028 1471 4098 jam
1519 4029 1653 4092 dixi,
1683 4036 1777 4082 aut
1817 4036 1942 4081 tan-

368 4131 533 4186 quam
575 4117 914 4182 incredulus,
964 4127 1017 4172 ct
1054 4118 1250 4189 lugeri,
1299 4126 1354 4173 et
1389 4120 1693 4184 admoneri,
1735 4126 1789 4174 et
1845 4120 1943 4173 ob-

364 4208 576 4277 jurgari
638 4208 836 4273 debet,
886 4208 1066 4279 quoad
1115 4210 1167 4264 ei
1215 4211 1531 4279 persuaderi
1576 4211 1786 4280 possit,
1849 4217 1943 4265 aut

372 4297 544 4353 Deum
578 4314 700 4355 esse
739 4299 949 4369 justum
970 4299 1233 4365 iudicem,
1261 4310 1312 4356 et
1336 4302 1409 4355 ita
1451 4310 1818 4376 expavescat;
1850 4310 1942 4356 aut

369 4390 426 4444 in
480 4390 822 4458 universum,
880 4391 1048 4448 Deum
1096 4408 1249 4457 esse,
1310 4394 1500 4463 sicque
1546 4402 1937 4463 perterreatur.

366 4485 545 4554 Atque
577 4485 740 4539 etiam
787 4484 842 4539 id
877 4486 1022 4541 scire
1064 4501 1245 4554 operm
1290 4487 1526 4556 pretium
1571 4495 1678 4553 est,
1725 4488 1934 4543 coutin-

367 4591 496 4647 gere
536 4590 680 4646 sape
725 4576 940 4646 piorum
982 4577 1201 4643 delicta,
1242 4578 1427 4633 divina
1473 4579 1814 4648 providentia
1863 4581 1938 4633 ita

365 4670 722 4740 dispensante
751 4672 818 4725 ad
843 4686 1033 4725 eorum
1065 4672 1355 4727 utilitatem
1401 4691 1413 4726 :
1457 4670 1603 4728 Deus
1649 4673 1793 4727 cnim
1832 4674 1939 4727 labi

365 4777 460 4817 eos
524 4763 820 4833 aliquando
878 4765 1167 4833 permittit,
1217 4765 1285 4819 ad
1345 4765 1645 4819 sanandam
1699 4767 1939 4836 priorem

365 4855 656 4920 quamdam
696 4855 863 4909 animi
892 4855 1208 4919 elationem,
1245 4857 1405 4925 quale
1427 4864 1511 4911 est
1539 4856 1685 4927 quod
1719 4873 1749 4912 a
1778 4857 1940 4913 Petro

365 4946 572 4999 dictum
609 4946 729 5009 fuit,
758 4955 811 5002 et
839 4948 893 5001 in
923 4961 989 5002 eo
1020 4948 1379 5017 ipso-obtigit.

434 5106 454 5134 ⁸
496 5104 642 5156 Psal.
680 5120 845 5167 xxxv,
888 5105 936 5156 1.
1017 5104 1036 5133 ⁸
1076 5103 1221 5159 Psal.
1260 5119 1382 5165 ml,
1423 5105 1479 5158 l.
1549 5106 1569 5136 "
1611 5104 1718 5158 Tit.
1756 5122 1809 5168 ι,
1848 5105 1933 5159 16.

436 5258 550 5326 (ΙιἹ)
581 5259 804 5327 Antiqui
828 5259 937 5312 duo
967 5258 1089 5312 libri
1123 5257 1282 5329 δῆλον
1320 5259 1421 5312 ὅτι.

434 5330 548 5402 (48)
582 5329 853 5402 Interpres
890 5328 1217 5402 vetuscurn
1243 5329 1395 5402 illud,
1444 5330 1537 5402 καὶ
1566 5331 1681 5384 τοῖς
1714 5328 1937 5396 ἀδιαφό-

369 5398 505 5473 ροιςἐ
535 5400 833 5473 itavertit,
868 5398 1166 5473 etqttilibet
1183 5398 1246 5452 de
1270 5400 1447 5473 uulgo,
1481 5400 1637 5468 longe
1669 5409 1939 5473 a_senten-

366 5468 439 5526 iia
477 5471 660 5525 Basilii
696 5468 989 5524 aberravit.
1027 5468 1168 5533 Quid
1196 5471 1339 5522 enim
1383 5476 1526 5524 vetat
1560 5468 1807 5523 eumdem
1843 5471 1940 5522 ho—

367 5544 565 5595 minem
588 5556 710 5594 esse
729 5541 999 5609 plebeium
1027 5539 1187 5593 simul
1220 5547 1273 5593 et
1299 5539 1447 5608 pium
1467 5540 1489 5591 ?
1506 5540 1647 5609 Ergo
1667 5555 1769 5591 vox
1798 5539 1943 5592 ἀδιά-

369 5628 553 5678 φορος,
586 5622 642 5662 ιιι
682 5611 838 5673 solet,
878 5608 1040 5663 debet
1070 5610 1177 5662 hoc
1224 5610 1345 5663 loco
1396 5609 1569 5678 accipi
1590 5608 1701 5677 pro
1731 5609 1939 5678 indi/Te-

369 5691 528 5737 rente.
555 5681 641 5732 cui
672 5695 801 5733 cura
838 5695 945 5733 non
971 5691 1073 5741 ρει,
1107 5679 1244 5733 bene
1276 5695 1341 5733 an
1379 5680 1517 5734 male
1546 5688 1689 5749 agat.

439 5750 548 5821 (49)
586 5749 716 5819 licg.
758 5751 961 5821 primus
996 5750 1074 5810 είς
1111 5749 1264 5803 Θεόν.

2046 3210 2158 3271 τοῖς
2180 3203 2573 3276 ἐπιτηδεύμασι
2607 3199 2997 3271 διαφθείρεται,
3023 3196 3129 3250 κᾶν
3163 3194 3440 3266 ὁμολογεῖν
3466 3192 3618 3263 δοκῇ.

2048 3297 2200 3352 Θεὸν
2214 3297 2346 3366 γὰρ,
2374 3297 2537 3365 φησὶν
2552 3294 2685 3366 (50),
2706 3290 3099 3362 ὁμολογοῦσιν
3127 3286 3365 3350 εἰδέναι,
3398 3283 3525 3351 τοῖς
3552 3282 3623 3336 δὲ

2044 3391 2240 3461 ἔργοις
2258 3390 2601 3459 ἀρνοῦνται.
2625 3382 2726 3440 Ὧν
2742 3385 2912 3448 οὕτως
2929 3383 3180 3454 ἐχόντων,
3194 3381 3288 3434 κα)⁵
3308 3379 3398 3432 τὸν
3419 3378 3622 3449 τρόπον

2044 3483 2144 3554 τῆς
2158 3483 2528 3553 ἐπιτιμήσεως
2546 3478 2832 3549 λογίζομαι
2862 3472 3000 3529 εἶναι
3015 3475 3122 3527 δεῖν
3134 3473 3226 3526 ἐπὶ
3244 3472 3351 3524 τῶν
3367 3469 3620 3522 τοιούτοιν

2044 3573 2321 3643 διάφορον.
2367 3570 2424 3622 '0
2459 3570 2556 3641 μὲν
2590 3568 2698 3638 γάρ
2731 3565 2962 3636 εὐλαϐὴς
2994 3562 3155 3617 οἱονεὶ
3207 3558 3430 3614 τοπικοῦ
3474 3574 3621 3619 τινος

2045 3664 2237 3736 χρῄζει
2259 3662 2352 3716 τοῦ
2383 3660 2748 3733 βοηθήματος,
2784 3658 2880 3712 καὶ
2931 3657 3060 3728 περὶ
3107 3653 3239 3707 αὐτὸ
3274 3652 3335 3705 τὸ
3363 3653 3620 3722 πρᾶγμα,

2045 3758 2124 3819 είς
2150 3755 2177 3807 ὃ
2199 3753 2431 3824 ἐσφάλη,
2466 3752 2563 3823 τὴν
2590 3749 2906 3820 ἐπιτίμησιν
2933 3745 3229 3815 ὑποστῆναι
3250 3742 3473 3812 ὀφείλει·
3506 3741 3534 3792 ό
3560 3739 3621 3792 δὲ

2045 3846 2358 3916 ἀδιάφορος,
2414 3844 2533 3897 ὅλον
2571 3842 2706 3914 ὁμοῦ
2761 3841 2822 3894 τὸ
2868 3838 3046 3910 ψυχῆς
3092 3836 3254 3890 καλὸν
3282 3833 3617 3903 διαφθείρας,

2046 3940 2139 3992 καὶ
2162 3936 2302 3991 αὐτά
2326 3936 2397 3991 τὰ
2447 3936 2556 3988 τῶν
2586 3934 2773 3988 κακῶν
2801 3928 3206 3999 καθολικώτερα
3257 3928 3449 3989 νοσῶν,
3476 3926 3509 3997 ἣ
3541 3924 3619 3987 ὡς

2047 4007 2691 4098 καταφρονητὴς-,ὣσπερ
2723 4020 2873 4077 εἷπον
2909 4022 3042 4091 (51),
3070 4020 3101 4089 ἢ
3134 4022 3208 4083 ὠς
3246 4020 3492 4081 ἄπιστος,
3522 4017 3620 4070 καὶ

2047 4119 2387 4185 πενθεῖσθαι,
2423 4118 2518 4172 καὶ
2542 4115 2933 4179 νουθετεῖσθαι,
2958 4112 3053 4167 καὶ
3087 4109 3440 4181 ἐπιτιμᾶσθαι
3470 4108 3621 4176 ὀφεί-

2045 4213 2148 4277 λει,
2178 4212 2370 4282 μέχρις
2411 4209 2478 4263 ἂν
2503 4207 2986 4280 πληροφορηθῆναι
3028 4202 3307 4275 δυνηθῇ,ἢ
3339 4202 3420 4255 ὅτι
3439 4202 3467 4253 ὁ
3489 4199 3624 4263 Θεὸς

2047 4285 2237 4378 κριτῆς
2271 4303 2499 4366 δίκαιος,
2544 4301 2639 4353 καὶ
2677 4297 2886 4370 φοϐηθῇ
2910 4339 2925 4362 ,
2956 4297 2989 4369 ἢ
3020 4297 3101 4350 ὅτι
3139 4295 3273 4358 ὅλως
3312 4294 3426 4346 ἐστι
3464 4291 3620 4354 Θεὸς,

2049 4400 2145 4452 καὶ
2175 4396 2523 4466 καταπλαγῇ.
2551 4396 2788 4448 Κάκεῖνο
2810 4393 2866 4445 δὲ
2893 4391 3088 4444 εἰδέναι
3110 4390 3236 4462 χρὴ,
3264 4389 3347 4441 ὅτι
3379 4386 3447 4440 τὰ
3472 4385 3621 4439 ἐλατ-

1975 4466 2019 4521 D
2048 4490 2277 4561 τώματα
2309 4489 2416 4542 τῶν
2452 4485 2695 4541 εὐλαδῶν
2734 4484 2942 4554 γίνεται
2976 4481 3233 4544 πολλάκις
3269 4480 3363 4534 καὶ
3394 4478 3513 4532 κατ’
3538 4478 3619 4529 oi»

2050 4584 2307 4655 κονομίαν
2338 4581 2475 4653 πρὸς
2500 4579 2560 4633 τὸ
2585 4578 2890 4649 συμφέρον·
2926 4575 3018 4629 τοῦ
3052 4574 3186 4628 Θεοῦ
3218 4569 3621 4643 συγχωροῦντος

2050 4678 2221 4729 ἐνίοτε
2255 4673 2533 4743 ὀλισθῆσαι
2578 4674 2657 4735 είς
2711 4668 3003 4741 θεραπείαν
3031 4668 3139 4738 (59)
3176 4667 3457 4736 ἐπάρσεως
3490 4679 3622 4733 προ-

2050 4767 2342 4839 λαϐούσης,
2377 4762 2489 4820 οἷόν
2528 4767 2646 4818 ἐστι
2699 4764 2759 4817 τὸ
2804 4765 2908 4817 ὑπὸ
2941 4760 3031 4815 τοῦ
3065 4760 3271 4832 Πέτρου
3309 4757 3617 4829 εἰρημένον,

2051 4863 2144 4915 καὶ
2171 4860 2257 4912 ἐπ’
2284 4859 2447 4914 αὑτοῦ
2476 4857 2859 4928 γεγενημένον.

2115 5258 2225 5329 (50)
2260 5257 2418 5321 Illud,
2459 5255 2642 5327 φησίν,
2676 5252 2918 5308 additum
2958 5259 3041 5305 cst
3066 5266 3129 5304 ex
3170 5247 3382 5303 duobus
3413 5247 3619 5302 codici-

2043 5329 2166 5383 bus.

2117 5400 2229 5469 (Si)
2262 5393 2776 5469 Vcteresiduo‘libri
2813 5392 3243 5469 καταφρονητὴς,
3273 5391 3409 5461 ὅπερ
3442 5385 3613 5469 εἷπον.

2046 5459 2222 5523 Paulo
2251 5476 2373 5538 post
2402 5468 2571 5520 codex
2605 5464 2759 5519 Coll).
2807 5466 2895 5517 καὶ
2930 5459 3221 5524 πιστεύσας
3265 5459 3613 5529 καταπλαγῇ,

2046 5551 2095 5593 et
2127 5541 2339 5593 credens
2371 5545 2737 5606 pcrlerreatur.

2118 5610 2230 5677 (52)
2277 5597 2505 5663 Codices
2542 5607 2666 5677 duo
2690 5613 2888 5677 praeter
2920 5602 3079 5677 V_oss.
3125 5601 3260 5673 πρὸς
3297 5597 3614 5671 θεραπείαν.

2047 5673 2169 5735 Mox
2200 5678 2330 5750 Reg.
2359 5679 2565 5749 primus
2590 5676 2680 5729 καὶ
2711 5676 2796 5727 ἐπ’
2824 5673 2989 5743 αὐτῷ.
