4064 6238
382 336 521 390 1149

1447 330 1747 388 ΒΕΟΠΙΑΕ
1782 325 2080 383 BREVIUS
2114 325 2546 382 TRACTATIEI

3501 320 3638 379 “50

379 451 694 517 αναγκαῖον,
735 447 815 512 εἷς
852 465 910 501 τε
947 448 1320 521 πληροφορίαν
1356 448 1467 519 ('81)
1502 449 1600 517 τῆς
1628 446 1946 508 θεοσεϐείας,

2072 442 2258 499 divina
2301 442 2597 513 Scriptura
2629 440 2822 503 edisci,
2853 450 2908 496 et
2943 448 3002 494 ιιι
3034 439 3345 511 perﬁciatur
3360 440 3553 512 pictas,
3581 450 3639 498 et

378 545 471 597 καὶ
500 542 640 611 ὑπὲρ
672 540 766 594 τοῦ
796 541 871 612 μὴ
899 542 1329 612 πῳσεθισθῆναι
1365 541 1735 613 ἀνθρωπίναις
1780 555 1959 608 παρα-

375 635 613 689 δόσεσιν.

924 744 1259 798 urorum:
1308 747 1438 811 ιισι.

2070 542 2131 590 ut
2155 535 2412 590 humanis
2455 533 2847 588 traditionibus
2876 548 2983 586 non
3015 539 3313 587 assuescat.

2493 731 3004 786 INTERROGATIO
3029 730 3166 786 XCV

378 837 452 890 El
483 834 661 887 παντὶ
686 832 766 898 τῷ
786 834 1149 902 ,ϐουλομένῳ
1171 832 1513 899 ἐπιτρέπειν
1534 831 1630 884 δεῖ
1654 828 1946 902 γράμματι]

2072 822 2332 895 Nunquid
2370 824 2583 902 cuilibet
2621 826 2810 879 volenti
2832 824 3233 902 permittendum
3264 824 3355 889 sit,
3384 829 3440 875 ut
3463 820 3637 875 discut
3706 820 3709 825 λ

456 904 804 975 μανθάνειν,
838 906 877 973 ἣ
905 901 1337 973 ἀναγνώσμασι
1378 904 1490 973 (8'2)
1527 901 1870 970 προσέχειν.

968 1015 1366 1069 ΑΠΟΚΡῘΣῙΣ.

449 1108 555 1161 Τοῦ
603 1107 929 1160 Ἀποστόλου
964 1106 1239 1175 λέγοντος,
1277 1106 1411 1158 Ἵνα
1432 1102 1519 1173 μὴ
1551 1103 1589 1156 ἂ
1613 1102 1691 1156 ἂν
1723 1102 1954 1168 θέλητε,

2478 896 2703 952 litteras.
2741 907 2831 947 aut
2861 896 3067 948 lectioni
3086 905 3227 948 vacet

2646 1003 3033 1060 RESPONSIO

2134 1092 2278 1147 Cum
2323 1093 2625 1164 Apostolus
2658 1095 2806 1150 dicat
2840 1093 2931 1151 :Ut
2963 1111 3069 1149 non
3107 1110 3423 1165 quacunque
3453 1094 3636 1160 vultis,

378 1200 565 1253 ταῦτα
606 1197 833 1267 ποιῆτε,
877 1201 934 1251 ὲν
962 1199 1125 1251 παντὶ
1155 1197 1441 1267 πράγματι
1469 1195 1531 1249 τὸ
1564 1194 1707 1249 κατά
1740 1194 1946 1264 θέλησιν.

2060 1184 2158 1239 illa
2202 1186 2507 1253 faciatis",
2535 1185 2798 1258 quidquid
2835 1186 2891 1241 in
2917 1201 3244 1256 unaquaque
3277 1200 3334 1240 re
3379 1185 3635 1255 deligitur

382 1292 518 1344 ἰδίαν
554 1289 768 1359 αἱρετὸν
806 1288 1125 1359 ἐπιτρέπειν
1172 1290 1279 1340 τινὶ
1334 1287 1596 1359 βλαϐερόν
1648 1289 1796 1339 ἐστι’
1850 1287 1956 1339 πᾶν

377 1381 435 1435 δὲ
466 1382 527 1434 τὸ
557 1380 662 1433 ὑπὸ
695 1380 804 1433 τῶν
834 1379 1192 1450 προεστώτων
1228 1381 1618 1451 ἑγκεκριμένον
1664 1377 1956 1448 καταδέχε-

380 1473 504 1525 σθαι
538 1472 666 1542 χρὴ,
723 1470 825 1524 κᾶν
873 1470 1169 1542 ἀϐούλητον
1334 1472 1408 1525 Τὸ
1450 1472 1507 1525 δὲ
1556 1470 1807 1542 ἔγκλημα
1856 1471 1955 1540 τῆς

375 1564 632 1626 ἀπιστίας
662 1563 759 1617 καὶ
802 1562 977 1633 τούτῳ
1010 1563 1261 1634 ἁρμόζει,
1292 1562 1387 1615 τοῦ
1422 1563 1627 1635 Κυρίου
1674 1561 1917 1623 εἰπόντος
1940 1576 1952 1589 ·

2058 1290 2122 1330 ex
2158 1279 2387 1347 propria
2422 1279 2730 1343 voluntate,
2760 1279 2813 1334 id
2849 1278 3085 1348 cuipiam
3105 1278 3419 1347 permittere
3445 1277 3635 1330 exitio.

2059 1385 2181 1423 sum
2217 1378 2301 1424 est
2348 1388 2362 1425 :
2406 1371 2680 1441 quidquid
2730 1386 2862 1426 vero
2916 1371 3187 1441 praefectis
3226 1369 3636 1439 comprobatur,

2060 1463 2275 1516 tametsi
2300 1471 2579 1533 repugnat
2604 1462 2893 1529 voluntati,
2923 1463 2976 1517 id
3003 1462 3257 1535 amplecti
3294 1476 3475 1532 operae
3507 1477 3633 1531 pre-

2057 1555 2192 1607 tium
2221 1563 2324 1609 est.
2374 1554 2645 1609 Cmterum
2683 1554 2813 1609 huic
2841 1555 3005 1609 etiam
3042 1555 3303 1624 competit
3340 1552 3631 1608 increduli-

377 1657 632 1710 Γίνεσθε
666 1655 917 1725 ἕτοιμοιο
963 1655 1072 1721 ὅτι,
1191 1654 1311 1723 ὥρᾳ
1355 1658 1427 1709 οὐ
1468 1654 1717 1719 δοκεῖτε,
1750 1655 1782 1707 ὸ
1826 1652 1946 1719 Υἱὸς

2056 1647 2184 1702 tatis
2208 1647 2439 1712 crimen,
2461 1662 2589 1703 cum
2619 1647 2889 1703 Dominus
2920 1648 3119 1703 dixerit
3153 1667 3167 1703 :
3204 1647 3385 1702 Estote
3420 1645 3632 1714 parati;

378 1743 484 1799 τοῦ
510 1742 823 1812 ἀνθρώπου
856 1742 1111 1813 ἔρχεται.
1162 1745 1399 1816 Φανερὺς
1436 1745 1546 1817 γάρ
1573 1747 1690 1798 ἐστι
1728 1743 1953 1815 χρόνους

376 1835 522 1909 ζωῆς
554 1835 732 1907 ἑαυτῷ
763 1836 1118 1907 ὑπογράφων.

916 2032 1253 2085 ιιΡΩΤΗΣΙΣ
1298 2032 1409 2099 ιιῑι.

387 2122 523 2175 Ἐὰν
739 2119 991 2192 τιςν(85),
1025 2121 1188 2192 Θέλω
1217 2121 1355 2188 παρ’
1384 2119 1529 2190 ὑμῖν
1573 2120 1784 2192 ὀλίγον
1813 2118 1953 2187 χρό-

441 2208 554 2246 νον
573 2190 979 2261 ὠφεληθῆναι,
1007 2195 1058 2246 εί
1083 2191 1179 2245 δεῖ
1201 2193 1388 2245 αὐτὸν
1420 2190 1880 2260 προσδέχεσθαι.

960 2304 1332 2357 ΔΠΟΚΡΙΣΙΣ

442 2396 549 2451 Τοῦ
575 2398 783 2470 Κυρίου
817 2398 1084 2462 εἰπόντος,
1126 2397 1236 2451 Τὸν
1262 2398 1591 2466 ἐρχόμενον
1615 2393 1764 2461 πρὸς
1778 2391 1856 2463 μὲ
1879 2394 1951 2447 οὺ

365 2486 452 2558 μὴ
478 2487 709 2542 ἐκϐάλω
730 2487 865 2553 ἔξω,
894 2491 989 2542 καὶ
1009 2488 1103 2542 τοῦ
1151 2489 1473 2541 Ἀποστόλου
1505 2485 1912 2557 διηγησαμένου
1934 2502 1946 2515 ·

370 2577 474 2631 Διὰ
490 2575 559 2630 δὲ
580 2577 720 2642 τοὺς
740 2578 1179 2647 παρεισάκτους
1222 2577 1704 2646 ψευδαδέλφους,
1734 2578 1951 2642 οἵτινες

368 2666 782 2735 παρεισῆλθον
871 2667 1336 2737 κατασκοπῆσαι
1407 2668 1523 2735 τὴν
1598 2667 1951 2734 ἐλευθερίαν

369 2759 559 2831 ἡμῶν,
592 2759 674 2829 ἣν
724 2760 945 2832 ἔχομεν
985 2762 1055 2815 ἐν
1099 2760 1330 2830 Χριστῷ
1385 2759 1603 2828 Ἰησοῦ,
1650 2760 1751 2812 ἵνα
1792 2757 1949 2829 ἡμᾶς

371 2856 941 2912 καταδουλώσωνται
965 2875 979 2889 ·
1025 2854 1118 2925 οἷς
1152 2857 1294 2911 οὐδὲ
1339 2857 1489 2924 πρὸς
1515 2856 1677 2925 ὤραν
1702 2855 1949 2925 εἴξαμεν

370 2941 446 3011 τῇ
471 2942 764 3014 ὑποταγῇ,
796 2946 896 2997 ἵνα
928 2946 967 3013 ἡ
1002 2943 1251 3010 ἀλήθεια
1286 2944 1392 2996 τοῦ
1422 2944 1794 3013 Etiam-allen)
1823 2943 1949 2995 δια-

364 3034 519 3103 μένῃ
561 3035 711 3103 πρὸς
741 3036 919 3106 ὑμᾶς,
974 3038 1275 3107 συγχωρεῖν
1310 3035 1408 3105 μὲν
1440 3035 1588 3107 αὑτῷ
1619 3035 1717 3105 τὴν
1742 3034 1945 3087 εἴσοδον

2056 1741 2201 1808 quia,
2231 1755 2335 1809 qua
2377 1738 2510 1793 hora
2557 1755 2661 1793 non
2692 1740 2917 1810 putatis,
2946 1738 3121 1792 Filius
3146 1739 3371 1792 hominis
3396 1737 3630 1792 veniet“.

2057 1829 2408 1899 Compertum
2441 1839 2528 1887 est
2548 1832 2697 1887 enim
2729 1833 2897 1887 istum
2924 1831 3048 1886 vita:
3068 1830 3480 1886 diuturnitatem
3516 1844 3632 1885 mo-

2058 1939 2286 1994 ramque
2317 1924 2425 1979 sibi
2464 1939 2791 1996 proponere.

2456 2035 2990 2092 INTERROGATIO
3043 2034 3242 2091 XCVII.

2076 2128 2137 2184 Si
2177 2145 2296 2200 quis
2328 2138 2456 2182 amt
2478 2145 2496 2182 :
2534 2128 2663 2183 Volo’
2695 2128 2765 2182 ad
2792 2128 3052 2182 modicum
3072 2138 3270 2198 tempus
3293 2137 3462 2183 vestra
3476 2144 3632 2183 ooera

2366 2201 2643 2270 proﬁcere,
2698 2201 2809 2253 isne
2838 2199 3194 2253 admittendus
3223 2210 3317 2256 est.

2614 2310 2887 2366 RESPON
2896 2312 3020 2367 SlO.

2122 2400 2260 2455 Cum
2294 2400 2560 2458 Dominus
2584 2403 2808 2466 dixerit,
2835 2403 2971 2457 Eum
2998 2405 3088 2475 qui
3122 2405 3256 2457 venit
3287 2403 3357 2458 ad
3392 2421 3490 2467 me,
3527 2421 3629 2461 non

2051 2491 2263 2560 ejiciam
2293 2492 2514 2562 foras",
2545 2494 2847 2573 Apostolus
2886 2512 3016 2549 vero
3057 2496 3130 2549 ita
3174 2497 3393 2551 locutus
3445 2495 3629 2563 fuerit,

2053 2582 2156 2637 Sed
2187 2595 2399 2653 propter
2437 2586 2869 2640 subintroductos
2914 2586 3079 2655 falsos
3123 2587 3341 2656 fratres,
3377 2590 3468 2659 qui
3506 2588 3629 2643 sub-

2051 2674 2372 2728 introierunt
2394 2675 2675 2745 explorare
2699 2676 2994 2730 libertatem
3032 2687 3292 2743 nostram,
3333 2694 3492 2748 quam
3530 2680 3631 2734 Iza-

2052 2759 2230 2820 beinus
2260 2766 2317 2819 in
2354 2764 2568 2821 Christo
2596 2765 2748 2831 Iesu,
2796 2776 2853 2820 ut
2896 2784 2991 2822 nos
3038 2769 3093 2822 in
3142 2770 3440 2824 servitutem
3483 2771 3631 2825 redi-

2047 2866 2276 2925 gerent:
2316 2858 2503 2926 quibus
2554 2874 2714 2928 neque
2771 2858 2840 2912 ad
2898 2860 3084 2914 horam
3147 2861 3400 2916 cessimus
3455 2862 3629 2930 subie-

2048 2946 2237 3012 ctione,
2278 2954 2336 2998 ut
2372 2948 2565 3001 veritas
2604 2947 2879 3018 Evangelii
2920 2959 3225 3018 permaneat
3262 2950 3402 3020 apud
3436 2969 3524 3007 vos
3557 2953 3625 3016 ’⁸,

2048 3052 2148 3106 par
2191 3037 2410 3107 quidem
2457 3036 2622 3092 fuerit
2670 3054 2953 3094 accessum
3007 3042 3109 3110 ipsi
3144 3041 3467 3108 concedere,
3511 3050 3625 3097 tum

372 3124 684 3191 ἀκόλουθον,
745 3127 838 3179 καὶ
882 3125 971 3179 διὰ
1024 3125 1086 3178 τὸ
1134 3124 1432 3195 ἀμφίϐολον
1479 3125 1578 3195 τῆς
1631 3124 1939 3186 ἐκϐάσεως·

2051 3129 2195 3201 quod
2226 3137 2456 3186 eventus
2481 3131 2726 3186 incertus
2755 3141 2839 3186 est
2869 3151 2880 3185 :
2918 3132 2964 3186 si
2994 3133 3219 3202 quideni‘
3246 3150 3626 3203 saepenumero

371 3219 630 3284 πολλάκις
658 3219 769 3290 γὰρ
814 3218 1117 3292 ὠφεληθεὶς
1151 3218 1261 3289 (84)
1320 3220 1385 3271 ὲκ
1424 3217 1517 3271 τοῦ
1559 3218 1774 3289 χρόνου,
1814 3215 1947 3270 καθ-

370 3311 516 3380 άπαξ
546 3312 625 3385 τῷ
659 3312 759 3384 βίῳ
786 3312 1303 3383 εὑαρεστηθήσεται,
1332 3312 1408 3375 ὼς
1431 3311 1690 3373 πολλάκις
1722 3309 1913 3379 γέγονε
1932 3326 1946 3340 ⁸

371 3403 467 3458 καὶ
497 3405 577 3468 εἰς
606 3404 914 3476 φανέρωσιν
936 3403 994 3457 δὲ
1021 3403 1121 3474 τῆς
1155 3404 1212 3457 ὲν
1243 3405 1374 3473 ἡμῖν
1399 3403 1705 3473 ἀκριϐείας,
1737 3402 1949 3455 ἀλλοιο-

368 3498 532 3568 τέρας
560 3498 691 3561 ἴσως
715 3496 843 3568 περὶ
872 3496 1031 3567 ἡμῶν
1061 3494 1158 3558 τὰς
1204 3494 1439 3564 ὑποψίας
1464 3494 1638 3565 ἔχοντι
1675 3495 1807 3565 (85).
1838 3494 1949 3565 Τὴν

367 3589 425 3641 δὲ
452 3588 736 3661 ἀκρίϐειαν
766 3586 1196 3659 ἐπιμελεστέραν
1225 3586 1320 3639 καὶ
1352 3586 1439 3639 ἐπ’
1474 3584 1622 3656 αὑτῴ
1652 3584 1947 3654 φυλάσσειν

368 3681 683 3749 ἀναγκαῖον,
720 3680 807 3734 ἵνα
838 3680 874 3751 ἦ
904 3697 965 3732 τε
1004 3678 1228 3750 ἀλήθεια
1263 3676 1572 3749 φανερωθῇ,
1617 3676 1713 3730 καὶ
1770 3678 1802 3747 ὴ
1841 3678 1947 3729 ὑπ-

367 3770 496 3841 οψία
520 3772 700 3842 πάσης
727 3770 1047 3843 ἀδιαφορίας
1078 3770 1359 3842 ἀναιρεθῇ.
1398 3770 1553 3822 Οὕτω
1578 3768 1687 3840 γὰρ
1704 3771 1863 3841 ἡμεῖς
1886 3785 1946 3821 τε

367 3863 446 3935 τῷ
469 3862 588 3934 Θεῷ
618 3864 1079 3935 εὐαρεστήσομεν,
1110 3862 1415 3932 κάκεῖνοςῆ
1449 3861 1882 3933 ὠφεληθήσεται,
1911 3861 1944 3932 ἢ

368 3953 775 4026 ἐλεγχθήσεται.

908 4066 1246 4119 ΕΡΩΤΗΣῘΣ
1287 4068 1407 4132 ῌΡ.

364 4159 645 4214 Ποταπὸν
687 4161 962 4227 φρόνημα
996 4160 1222 4227 ὀφείλει
1249 4160 1415 4226 ἐχειν
1460 4162 1493 4212 ὁ
1532 4157 1838 4225 προεστὼς
1876 4156 1946 4211 ἐν

662 4227 754 4296 οἷς
779 4229 1114 4295 ἐπιτάσσει,
1158 4230 1197 4296 ἢ
1235 4227 1640 4282 διατάσσεται.

957 4345 1346 4397 ΑΠΟΚΡΙΣΙΣ.

2058 3221 2296 3278 utilitate
2331 3238 2428 3293 per
2459 3223 2679 3293 aliquod
2726 3234 2940 3295 tempus
2989 3233 3263 3294 percepta,
3296 3226 3409 3295 jam
3435 3227 3628 3281 lubens

2053 3313 2190 3368 illud
2239 3314 2367 3369 vitae
2404 3314 2718 3370 institutum
2770 3316 2997 3369 omnino
3035 3317 3417 3386 amplectetur,
3479 3319 3628 3388 quod

2051 3418 2162 3458 non
2188 3418 2317 3458 raro
2356 3402 2563 3459 factum
2596 3414 2682 3460 est
2719 3422 2733 3457 :
2767 3411 2880 3458 tum
2931 3413 2990 3459 ut
3020 3406 3136 3476 ipse
3174 3415 3443 3461 servatam
3482 3406 3627 3477 apud

2052 3510 2156 3551 nos
2206 3496 2552 3566 disciplinam
2609 3504 2952 3568 perspectam
2999 3498 3214 3562 habeat,
3259 3499 3351 3568 qui
3392 3499 3628 3554 fortasse

2051 3587 2119 3643 de
2151 3588 2315 3643 nobis
2346 3588 2505 3659 longe
2534 3589 2641 3642 alia
2665 3576 3080 3660 suspicabatur.
3103 3590 3373 3645 Caeterum
3397 3606 3628 3647 necesse

2061 3686 2148 3733 est
2177 3679 2342 3732 etiam
2378 3694 2564 3733 coram
2610 3680 2730 3751 ipso
2758 3681 2965 3735 servari
3006 3683 3334 3735 exactiorem
3381 3680 3626 3750 discipli-

2049 3784 2198 3833 nam,
2254 3780 2315 3824 ut
2347 3779 2403 3826 et
2456 3771 2733 3827 elucescat
2784 3774 3009 3837 veritas,
3053 3783 3109 3828 et
3152 3772 3401 3842 cujusvis
3448 3774 3626 3842 negli-

2049 3863 2244 3929 gentiae
2271 3860 2495 3914 tollatur
2537 3860 2803 3930 suspicio.
2846 3859 2922 3913 lta
2955 3862 3100 3916 enim
3130 3869 3181 3915 et
3219 3876 3321 3915 nos
3361 3859 3471 3914 Deo
3507 3860 3625 3929 pla-

2049 3949 2316 4014 cebimus,
2330 3950 2487 4005 etille
2501 3958 2595 4004 aut
2610 3950 3114 4019 capietutilitatem,
3131 3958 3225 4004 aut
3239 3950 3620 4021 redarguetur.

2363 4061 2527 4133 450
2554 4062 3069 4119 INTERROGATIO
3112 4063 3342 4121 XCVIII.

2049 4156 2274 4221 Qualem
2304 4160 2540 4211 animum
2564 4158 2748 4211 habere
2776 4159 2958 4210 debent
2998 4158 3275 4226 prwfectus
3319 4159 3373 4211 in
3406 4159 3473 4212 iis
3506 4174 3624 4230 qua:

2510 4230 2772 4298 prwctpit,
2808 4230 2884 4282 vel
2904 4230 3177 4281 constituit

2639 4342 3042 4400 liESPONSlO.

432 4455 575 4527 Πρὸς
610 4457 709 4527 μὲν
742 4456 833 4510 τὸν
857 4456 989 4509 Θεὸν
1023 4456 1099 4519 ὡς
1130 4457 1409 4528 ὑπηρέτης
1440 4456 1699 4528 Χριστοῦ,
1731 4456 1826 4509 καὶ
1857 4457 1935 4509 ol-

2118 4458 2257 4530 Erga
2291 4458 2459 4514 Deum
2481 4459 2703 4530 quidem
2726 4460 2875 4514 velut
2903 4460 3151 4513 minister
3169 4457 3447 4524 Christi”,
3464 4465 3517 4512 et
3538 4457 3618 4512 di-

364 4547 589 4617 κονόμος
625 4546 934 4619 μυστηρίων
984 4546 1150 4613 Θεοῦ,
1208 4548 1541 4618 φοϐούμενος
1598 4552 1670 4618 μή
1705 4565 1757 4599 τι
1788 4546 1942 4618 παρὰ

360 4636 423 4690 τὸ
450 4637 659 4710 θέλημα
680 4638 774 4691 τοῦ
803 4637 937 4692 Θεοῦ
969 4638 1031 4691 τὸ
1061 4641 1119 4691 ἐν
1148 4641 1267 4703 ταῖς
1307 4641 1343 4691 Γ
1350 4643 1549 4710 ραφαῖς
1576 4639 1941 4711 ὁμολογούμε-

361 4749 450 4785 νον
478 4732 510 4803 ἢ
546 4732 695 4806 εἴπῃ,
742 4732 775 4804 ἢ
804 4731 1049 4803 τυπώσῃ,
1080 4733 1173 4785 καὶ
1203 4734 1400 4804 εὑρεθῇ
1439 4735 1821 4806 ψευδόμαρτυς
1844 4736 1937 4789 τοῦ

360 4823 517 4884 Θεοῦ,
552 4825 586 4894 ἢ
618 4824 913 4895 ἱερόσυλος,
944 4825 1002 4877 ὲν
1048 4824 1126 4894 τῷ
1148 4824 1190 4896 ἢ
1221 4826 1534 4893 ἐπεισάγειν
1577 4843 1629 4877 τι
1661 4825 1939 4897 ἀλλότριον

358 4917 455 4986 τῆς
484 4916 579 4969 τοῦ
628 4917 834 4988 Κυρίου
865 4916 1243 4981 διδασκαλίας,
1290 4919 1323 4987 ἢ
1378 4919 1713 4990 παραλεῖφαι
1745 4938 1798 4973 τι
1830 4921 1939 4974 τῶν

2045 4561 2334 4622 spensator
2368 4551 2758 4621 mysteriorum
2787 4550 2903 4615 Dei,
2935 4551 3134 4604 timens
3162 4564 3230 4603 ne
3261 4548 3392 4619 quid
3424 4557 3618 4620 praeter

2042 4644 2380 4699 voluntatem
2413 4642 2509 4697 Dei
2548 4642 2602 4697 in
2638 4642 2942 4713 Scripturis
2988 4649 3239 4695 testatam
3295 4648 3391 4694 aut
3447 4639 3614 4701 dicat,

2043 4744 2137 4790 aut
2170 4736 2445 4799 instituat,
2480 4744 2533 4789 et
2563 4735 2873 4788 inveniatur
2898 4731 3069 4787 falsus
3088 4731 3245 4786 testis
3272 4728 3391 4796 Dei,
3414 4738 3506 4783 aut
3527 4744 3618 4783 sa-

2042 4827 2302 4897 crilegus,
2338 4826 2491 4896 quod
2525 4833 2621 4879 aut
2658 4824 2972 4879 introducat
3004 4822 3286 4894 quidpiam
3321 4837 3352 4875 a
3400 4820 3614 4875 Domini

2042 4920 2295 4977 doctrina
2343 4920 2605 4983 alienum,
2649 4928 2745 4973 aut
2783 4916 2988 4987 aliquid
3020 4915 3131 4970 Deo
3161 4922 3378 4986 gratum
3418 4921 3472 4970 et
3519 4927 3614 4968 ac-

427 5071 474 5102 “
511 5068 687 5125 Galat.
724 5086 793 5135 v,
833 5071 921 5128 17.
999 5072 1045 5103 ’⁸
1083 5069 1216 5126 Luc.
1256 5088 1363 5137 χιι,
1399 5071 1489 5127 40.
1567 5052 1613 5105 ’1
1651 5072 1810 5128 Joan.
1848 5091 1933 5140 v1,

2051 5116 2057 5127 .
2134 5077 2180 5108 ’⁸
2220 5074 2340 5131 Gal.
2381 5092 2457 5142 ιι,
2494 5076 2550 5141 4,
2586 5075 2639 5129 5.
2716 5074 2761 5107 ²⁹
2801 5072 2819 5126 l
2853 5072 2982 5128 Cor.
3026 5087 3098 5138 Iv,
3128 5071 3180 5128 1.

428 5227 545 5299 (81)
576 5225 799 5283 Veteres
834 5226 944 5282 duo
981 5227 1123 5299 libri;
1144 5227 1442 5296 ἀναγκαῖόν
1472 5229 1586 5280 ἐστι
1622 5227 1758 5299 πρὸς
1795 5229 1934 5299 πλη-

357 5296 617 5370 ροφορίαν
648 5314 662 5327 ·
698 5299 843 5367 quod
887 5296 1250 5353 Combeﬁsius
1296 5299 1369 5351 ita
1415 5296 1823 5368 interpretatur,
1863 5296 1934 5353 ad

357 5377 554 5421 certam
584 5368 793 5422 pietatis
826 5370 1084 5422 reaulam.

356 5383 554 5421 certam
584 5383 793 5421 metatis
826 5383 1084 5421 reautam.

428 5386 554 5420 nam
620 5386 793 5421 remus
826 5386 1084 5438 regulam.

428 5436 540 5508 (82)
582 5386 716 5505 ἔζεε.
747 5439 956 5506 primus
990 5437 1293 5508 μανθάνειν
1311 5436 1410 5508 καὶ
1432 5437 1590 5504 ἁναγ.
1628 5435 1749 5491 Mox
1787 5437 1929 5492 idem

358 5504 461 5560 ms.
503 5504 628 5561 eum
670 5504 825 5563 Colb.
876 5504 1074 5562 καΥὲν
1132 5506 1314 5561 παντί.
1380 5504 1594 5562 Rursus
1634 5508 1776 5562 idem
1819 5523 1925 5563 ms.

361 5577 490 5650 Reg.
523 5577 659 5631 ἰδίαν
695 5577 855 5649 ἔργον
891 5578 1208 5650 ἐπιτρέπειν
1243 5596 1295 5650 τι
1325 5577 1585 5650 βλαϐερόν
1610 5579 1748 5633 ἐστι.
1781 5577 1926 5633 Sub-

357 5646 658 5719 indehunus
692 5646 795 5719 nis.
833 5646 1225 5719 καταδέχεσθαι
1257 5646 1353 5700 δεῖ.

430 5716 538 5788 (85)
571 5717 714 5773 Editi
750 5727 801 5775 ct
837 5736 978 5775 unus
1023 5716 1125 5774 ius.
1184 5720 1306 5771 Ἐὰν
1337 5718 1468 5789 λέγῃ
1515 5735 1619 5783 τις,
1668 5718 1770 5772 ὃτι.
1816 5716 1922 5771 Vo-

2041 5246 2162 5285 cem
2197 5229 2444 5283 ultimam
2489 5229 2615 5281 hinc
2655 5226 2875 5288 sustuli,
2926 5225 3164 5296 antiquis
3203 5225 3419 5296 duobus
3460 5225 3615 5296 libris

2044 5301 2382 5355 auctoribus.
2407 5298 2558 5351 llaud
2590 5300 2747 5366 longe
2775 5299 2883 5350 duo
2911 5313 3042 5351 mss.
3060 5295 3115 5348 εἰ
3139 5296 3219 5348 δεῖ
3238 5295 3402 5349 αὑτοῦ
3429 5295 3617 5350 ἀνένε-

2045 5369 2191 5434 σϐαι,
2228 5388 2294 5422 an
2328 5368 2629 5422 tolerandas
2662 5369 2751 5420 sit.

2112 5431 2223 5509 (84)
2261 5440 2442 5493 Codex
2490 5437 2647 5509 ροιι).
2690 5436 2765 5509 ὡς
2810 5434 3074 5509 πολλάκις
3117 5433 3434 5506 ὠφεληθείς.
3486 5431 3610 5489 Mox

2038 5505 2149 5564 duo
2180 5505 2312 5564 mss.
2336 5524 2460 5562 cum
2490 5505 2649 5561 Voss.
2678 5507 2772 5559 καὶ
2805 5505 2953 5569 ama
2976 5505 3073 5575 τῷ.

2110 5581 2237 5652 (85,),
2262 5579 2485 5652 Antiqui
2541 5586 2654 5631 tres
2710 5576 2832 5632 libri
2893 5573 3126 5646 ἔχοντος.
3186 5573 3389 5631 Ibidem
3438 5573 3613 5631 codex

2037 5640 2546 5718 νοέε.’ὲπιμελέστε
2556 5662 2667 5719 ρον.
