4064 6238
409 255 549 316 “5°
828 350 1349 411 INTERROGATIO
1380 351 1565 409 CXIV.

407 477 542 532 Cum
575 471 828 528 Dominus
856 469 1127 538 prazcipiat
1158 468 1203 500 ⁸¹
1230 487 1244 523 :
1278 485 1297 519 ι
1336 465 1399 522 Si
1420 466 1623 538 quis_te
1654 463 1884 538 adegerit
1918 462 1987 518 ad

476 544 789 601 milliarium
834 534 1026 605 unum,
1057 538 1186 592 uade
1234 553 1353 590 cum
1401 538 1495 590 illo
1529 534 1669 592 duo:
1710 556 1727 586 ι
1760 534 1990 603 itemque

477 617 764 683 Apostolus
792 611 1002 683 doceat,
1034 619 1090 663 ut
1121 608 1342 683 subjecti
1375 608 1541 660 simus
1580 606 1725 683 alter
1747 606 1903 658 alteri
1935 606 1990 683 in

481 674 665 741 timore
693 680 894 736 Christi
914 681 981 734 ⁸³.
1012 696 1139 731 num
1173 674 1343 732 cuivis
1377 687 1426 731 et
1456 675 1673 747 quodvis
1708 674 1992 745 imperanti

479 754 820 812 obedientium
849 751 942 805 sit.

1002 880 1392 937 RESPONSIO

480 999 870 1070 Imperat-tium
905 996 1213 1052 dim-rentia
1249 993 1579 1049 obedienlim
1608 1007 1799 1047 eorum
1862 990 1993 1061 qui-

410 1092 514 1147 bus
576 1092 903 1160 imperatur,
961 1089 1098 1143 nihil
1148 1087 1363 1142 oﬂicere
1404 1086 1605 1152 debet;
1642 1088 1818 1154 neque
1846 1082 1993 1138 enim

414 1185 591 1238 Moses
621 1181 815 1236 Jollior
848 1190 1058 1236 rectum
1092 1180 1198 1234 sibi
1234 1178 1529 1233 consilium
1555 1176 1776 1230 dantem
1806 1190 1995 1244 asper-

411 1284 575 1329 natus
594 1282 678 1328 est
701 1274 766 1325 5*.
796 1271 929 1325 Cum
963 1281 1143 1325 autem
1187 1284 1400 1330 eorum,
1430 1283 1553 1337 qua:
1576 1267 1857 1336 jubentur,
1888 1265 1996 1320 exi-

412 1376 578 1431 guum
618 1375 727 1413 non
763 1360 833 1413 sit
869 1358 1164 1413 discrimen:
1189 1357 1315 1428 (alia
1340 1356 1608 1426 siquidem
1636 1356 1997 1409 advers:nntur

413 1452 673 1506 mandato
731 1451 966 1514 Domini,
1017 1457 1110 1504 aut
1163 1456 1526 1519 corrumpunt
1575 1448 1729 1511 illud,
1764 1455 1858 1501 aut
1913 1464 1993 1512 re,

414 1557 535 1612 quae
587 1541 859 1611 prohibita
916 1543 1008 1605 sit,
1055 1541 1313 1603 admista,
1350 1541 1528 1610 ipsum
1579 1539 1766 1595 multis
1817 1540 1996 1596 modis

415 1634 782 1703 coinquinant
811 1652 825 1687 :
861 1634 968 1686 alia
1001 1632 1338 1686 conveniunt
1372 1646 1498 1685 cum
1536 1630 1827 1684 mandato:
1865 1631 1993 1692 alia,

414 1724 631 1780 etiamsi
690 1735 875 1794 aperte
923 1739 1048 1777 cmn
1084 1739 1150 1778 eo
1185 1739 1292 1777 non
1341 1722 1692 1788 conveniant,
1736 1721 1996 1790 adjuvant
2026 1737 2069 1791 Β
2096 1715 2189 1781 δὲ,

418 1824 622 1875 tamen.
656 1830 720 1870 ac
735 1816 901 1870 veluti
930 1814 1263 1869 adminicula
1280 1814 1527 1884 quaedam
1548 1813 1788 1868 mandati
1813 1815 1988 1882 sunt),

416 1920 646 1962 necesse
667 1914 751 1959 est
777 1902 1095 1958 meminisse
1121 1902 1390 1971 Apostoli,
1424 1902 1517 1970 qui
1546 1901 1679 1954 dicit
1710 1919 1723 1954 :
1772 1899 1996 1968 Prophe-

418 1997 523 2050 tias
564 1996 730 2049 nolite
754 2008 1041 2062 spernere:
1082 1993 1259 2045 omnia
1299 2000 1473 2045 autem
1519 1991 1819 2058 probantes,
1856 1988 1994 2059 quod

417 2086 611 2141 bonum
655 2095 732 2140 est
782 2095 946 2139 tenete
975 2100 993 2137 :
1049 2087 1113 2137 ab
1169 2084 1315 2137 omni
1366 2088 1530 2151 specie
1561 2083 1704 2135 mala
1740 2082 1996 2135 abstinete

415 2193 506 2231 vos
539 2177 583 2207 ⁵⁸
613 2192 628 2241 ;
656 2190 720 2229 ac
763 2190 958 2229 rursus
989 2192 1002 2227 :
1034 2173 1277 2227 Consilia
1310 2174 1659 2234 destruentes,
1699 2181 1749 2224 et
1792 2186 1996 2224 onmem

418 2267 757 2322 altitudinem
799 2265 1135 2321 extollentem
1168 2282 1224 2319 se
1269 2264 1517 2320 adversus
1560 2264 1834 2319 scientiam
1875 2262 1994 2327 Dei,

417 2360 553 2415 etin
586 2360 946 2428 captivitatem
996 2359 1284 2429 redigentes
1336 2374 1542 2412 omnem
1586 2356 1905 2410 intellectura
1944 2356 1998 2408 in

420 2444 726 2511 obsequium
759 2444 1048 2499 Christi“.
1108 2443 1291 2510 Quare
1330 2445 1376 2498 si
1417 2441 1548 2512 quid
1592 2443 1740 2512 quod
1773 2440 1999 2495 omnino

420 2539 693 2593 cohaereat
735 2553 858 2592 cum
907 2538 1164 2592 mandato
1211 2536 1450 2599 Domini,
1487 2545 1580 2589 aut
1608 2536 1658 2588 ei
1702 2533 1997 2599 conducat,

421 2632 583 2686 nobis
633 2630 979 2701 praecipitur,
1011 2630 1174 2702 455
1210 2630 1264 2684 id
1298 2636 1559 2699 tanquam
1606 2626 1701 2681 Dei
1746 2627 2000 2679 volunta-

422 2729 533 2778 tem
568 2722 870 2777 studiosius
915 2721 1341 2791 diligentiusque
1388 2722 1671 2789 suscipere
1714 2719 2000 2779 debemus,

423 2824 786 2887 exsequentes
823 2817 968 2887 quod
1000 2817 1207 2871 dictum
1240 2824 1324 2871 est
1355 2835 1367 2869 :
1404 2814 1713 2870 Obedientes
1759 2814 1893 2867 alter
1921 2813 2004 2865 al-

428 2910 528 2962 teri
578 2910 632 2962 in
681 2908 938 2962 cltaritate
968 2908 1167 2962 Christi
1193 2909 1260 2962 '7.
1296 2907 1430 2960 Cum
1464 2922 1595 2961 vero
1626 2905 1829 2976 aliquid
1859 2906 2005 2976 quod

426 3001 762 3056 contrarium
798 3001 870 3055 sit
897 3000 1157 3054 mandato
1188 2999 1429 3064 Domini,
1468 3010 1561 3054 aut
1588 3000 1637 3053 id
1664 3008 2002 3069 corrumpat,

1709 241 1765 297 Β.
1807 238 2051 297 BASILII
2091 235 2315 297 MAGNI

3526 228 3669 293 “60

2584 341 2916 399 ΕΡΩΤΗΣῘΣ
2948 344 3093 398 ΡῐΔ’.

2100 456 2211 512 Τοῦ
2238 457 2459 529 Κυρίου
2491 455 2989 529 προστάσσοντος
3010 499 3024 523 ,
3057 475 3076 529 ι
3115 454 3375 529 Ἔάνᾼτίς
3397 471 3472 512 σε
3494 459 3676 529 ἀγγα-

2156 527 2349 596 ρεὺσῃ
2377 528 2587 595 μίλιον
2614 526 2704 589 ἓν,
2734 526 2925 596 ὕπατε
2947 527 3075 596 μετ’
3108 526 3296 581 αὐτοῦ
3327 527 3437 581 δύο
3461 546 3474 559 ·
3513 526 3671 583 {real

2161 597 2265 651 τοῦ
2329 597 2701 649 Ἀποστόλου
2740 596 3155 662 διδάσκοντος,
3206 598 3674 654 ὑποτάσσεσθαι

2160 665 2455 731 ἀλλήλοις
2486 667 2556 720 ἐν
2583 667 2745 733 φόϐῳ
2765 666 3045 730 Χριστοῦ,
3078 671 3129 721 εὶ
3177 667 3269 721 δεῖ
3303 670 3607 724 παντὶκαὶ
3636 669 3676 722 ὅ

2162 755 2215 790 τι
2248 736 2471 802 δήποτε
2511 736 2623 807 (15)
2654 736 3047 790 ἐπιτᾶο-σοντι
3071 740 3423 793 ὑπακούειν.

2668 873 3065 925 ΑΠΟΚΡΙΣΙΣ.

2172 983 2282 1037 Γῶν
2343 984 2442 1055 μὲν
2474 986 2879 1039 ὲπιτασσόντων
2917 987 2950 1057 ἡ
2986 986 3219 1059 διαφορὰ
3260 987 3415 1041 οὐδὲν
3462 989 3679 1059 ὀφείλει

2091 1075 2503 1147 παραϐλάπτειν
2560 1076 2659 1147 τὴν
2719 1074 2965 1147 ὑπακοὴν
3021 1076 3130 1129 τῶν
3179 1078 3624 1149 ὲπιτασσομὲνων
3655 1096 3673 1110 ο

2091 1165 2212 1220 οὔτε
2255 1167 2364 1238 γὰρ
2388 1167 2595 1237 Μωσῆς
2630 1169 2945 1238 παρήκουσε
2981 1168 3076 1221 τοῦ
3125 1167 3294 1239 ἸοΘὺρ
3323 1170 3504 1238 ἀγαθὰ
3531 1188 3681 1242 συμ-

2094 1257 2515 1320 ϐουλεύσαντοςο
2563 1258 2673 1311 τῶν
2705 1258 2761 1310 δὲ
2799 1259 3241 1330 ἐπιτεταγμένων
3278 1261 3539 1335 διαφορᾶς
3570 1264 3678 1316 οὐκ

2093 1349 2279 1420 ὀλίγης
2335 1347 2503 1418 οὔσης
2576 1348 2674 1418 (τὰ
2735 1349 2834 1419 μὲν
2896 1350 3004 1420 γὰρ
3050 1352 3309 1415 ἐναντίως
3367 1354 3480 1422 ἔχει
3536 1353 3681 1425 πρὸς

2093 1441 2190 1512 τὴν
2223 1440 2439 1511 ἐντολὴν
2493 1440 2587 1494 τοῦ
2618 1441 2821 1513 Κυρίου
2868 1442 3003 1508 (16),
3051 1443 3169 1514 ἢτοι
3228 1444 3681 1516 παραφθείροντα

2096 1533 2266 1602 αὐτὴν
2301 1572 2316 1595 ,
2362 1532 2394 1603 ἢ
2451 1532 2744 1602 μολύνοντα
2807 1533 3091 1604 πολλαχῶς
3139 1536 3385 1608 ἐπιμιξίᾳ
3425 1538 3520 1590 τοῦ
3577 1555 3680 1592 κε·-

2097 1623 2412 1694 κωλυμένου
2438 1641 2451 1654 ·
2501 1623 2569 1677 τὰ
2621 1624 2678 1677 δὲ
2748 1626 3109 1696 συνεμπίπτει
3176 1630 3245 1699 τῇ
3299 1630 3530 1701 ἐντολῇ·
3604 1630 3684 1685 τὰ

2242 1716 2343 1770 κᾶν
2388 1714 2462 1786 μὴ
2496 1716 2841 1788 συνεμπίπτῃ
2889 1718 3029 1771 κατὰ
3080 1718 3140 1772 τὸ
3197 1721 3494 1793 προφανὲς,
3535 1723 3681 1777 ἀλλὰ

2096 1807 2493 1879 συμϐάλλεται,
2542 1808 2639 1861 καὶ
2687 1810 2853 1862 οἱονεὶ
2905 1808 3127 1881 βοήθειά
3153 1811 3238 1875 τίς
3293 1814 3408 1865 ἐστι
3453 1814 3558 1884 τῆς
3584 1817 3679 1868 ὲν-

2093 1900 2308 1971 τολῆς),
2362 1901 2659 1969 ἀναγκαῖον
2695 1902 2804 1973 (l7)
2842 1904 3154 1975 μεμνῆσθαι
3201 1905 3297 1958 τοῦ
3342 1908 3680 1962 Ἀποστόλου

2094 1988 2371 2053 εἰπόντος·
2447 1992 2822 2059 Προφητείας
2880 1992 2967 2063 μὴ
3022 1994 3430 2059 ἐξουθενεῖτεο
3478 1998 3685 2053 πάντα

2096 2078 2164 2133 δὲ
2216 2079 2647 2150 δοκιμάζοντες,
2680 2080 2746 2134 τὸ
2779 2083 2970 2136 καλὸν
3009 2085 3288 2154 κατέχετε
3312 2101 3326 2115 ’
3357 2085 3478 2140 ἀπὸ
3524 2101 3685 2140 παν-

2096 2171 2198 2237 τός
2240 2171 2440 2237 εἴδους
2481 2174 2748 2242 πονηροῦ
2781 2174 2891 2245 (18)
2941 2175 3275 2246 ἀπέχεσθεο
3324 2179 3420 2231 καὶ
3473 2178 3679 2233 πάλινι

2096 2265 2436 2334 Λογισμοὺς
2464 2266 2908 2334 καθαιροῦντες,
2960 2269 3058 2323 καὶ
3106 2268 3229 2324 πᾶν
3269 2271 3486 2340 ὕψωμα
3520 2273 3686 2326 ἐπαι-

2090 2357 2352 2424 ρόμενον
2380 2357 2532 2411 κατὰ
2567 2358 2679 2426 τῆς
2733 2358 3006 2427 γνώσεως
3047 2362 3153 2415 τοῦ
3182 2363 3348 2426 Θεοῦ,
3401 2362 3500 2417 καί
3550 2366 3686 2432 αἰχ-

2094 2446 2524 2515 μαλωτίζοντες
2571 2449 2695 2505 πᾶν
2731 2452 2925 2521 νόημα
2968 2455 3055 2518 είς
3095 2452 3211 2521 τὴν
3242 2454 3525 2524 ὑπακοὴν
3572 2456 3684 2510 τοῦ

2100 2537 2377 2603 Χριστοῦ.
2438 2538 2600 2592 Ὥστε
2673 2539 2739 2594 ἂν
2792 2541 2891 2609 μέν
2945 2558 2998 2594 τι
3060 2546 3427 2612 συνεμπῖπτον
3471 2547 3537 2615 τῇ
3592 2547 3687 2599 ὲν-

2101 2628 2227 2699 τολῇ
2260 2627 2354 2680 τοῦ
2399 2630 2604 2700 Κυρίου
2632 2670 2647 2694 ,
2704 2631 2737 2701 ἢ
2784 2631 3223 2703 συμϐαλλόμενον
3272 2635 3685 2706 ἐπι-ταχθῶμεν,

2103 2717 2179 2780 ὡς
2238 2719 2331 2771 τοῦ
2383 2719 2519 2771 Θεοῦ
2571 2720 2783 2792 θέλημα
2824 2724 3235 2796 σπουδαιότερον
3287 2727 3380 2779 καὶ
3425 2727 3687 2798 ἐπιμελέ-

2107 2827 2293 2885 στερον
2343 2814 2736 2885 καταδέχεσθαι
2785 2817 2889 2889 χρὴ
2927 2858 2942 2883 ,
3010 2819 3351 2892 πληροῦντας
3393 2821 3456 2875 τὸ
3531 2823 3687 2893 εἰρη-

2109 2904 2268 2974 μένον
2289 2922 2303 2935 ο
2352 2907 2723 2976 Ἀνεχόμενοι
2747 2909 3037 2976 ἀλλήλων
3062 2913 3132 2966 ἐν
3154 2911 3354 2984 ἀγάπῃ
3381 2916 3644 2982 Χριστοῦ
3669 2929 3684 2942 '

2107 2995 2236 3049 ὅταν
2267 2995 2323 3049 δέ
2349 3014 2400 3049 τι
2444 2999 2686 3052 ἐναντίον
2724 3002 2788 3071 τῇ
2840 3000 2934 3053 τοῦ
2981 3002 3187 3072 Κυρίου
3234 3004 3419 3075 ἐντολῇ
3447 3045 3463 3068 ,
3500 3022 3687 3077 παρα-

428 3101 524 3146 aut
556 3091 829 3161 inquinet,
864 3091 1025 3145 nobis
1073 3091 1143 3145 ab
1195 3093 1381 3160 aliquo
1434 3100 1764 3161 prazceptum
1819 3091 2002 3155 fuerit,

2110 3085 2329 3157 φθεῖρον
2356 3088 2388 3158 ἢ
2446 3088 2671 3158 μολῦνον
2706 3090 2874 3162 αὐτὴν
2903 3092 3284 3164 ἐπιταχθῶμεν
3330 3094 3481 3166 παρὰ
3513 3113 3686 3161 τινος,

425 3187 559 3235 tunc
587 3189 893 3250 Opportune
911 3180 1156 3237 dicemus
1184 3200 1197 3234 :
1233 3180 1455 3235 Obedire
1476 3190 1679 3251 oportet
1705 3180 1814 3235 Deo
1840 3182 2007 3252 magis

426 3287 584 3344 quam
613 3270 910 3324 hominibus
931 3271 977 3302 ⁸⁸
1006 3290 1019 3325 :
1051 3287 1318 3327 memores
1344 3270 1578 3336 Domini,
1610 3272 1700 3342 qui
1728 3271 1802 3325 ait
1839 3291 1852 3326 :
1876 3272 2011 3327 Alie-

428 3380 556 3418 num
607 3373 785 3416 autem
842 3379 945 3417 non
992 3371 1291 3432 sequentur,
1324 3363 1414 3417 sed
1443 3363 1642 3434 fugient
1682 3361 1745 3416 ab
1777 3380 1856 3428 eo,
1887 3364 2012 3432 quia

429 3472 534 3510 non
553 3465 801 3509 noverunt
840 3472 1012 3510 vocem
1037 3455 1330 3510 alienorum
1375 3456 1454 3523 3’;
1491 3467 1544 3510 et
1576 3456 1817 3525 Apostoli
1847 3457 2011 3511 etiam

432 3549 526 3620 qui
571 3549 885 3603 securitatis
934 3557 1136 3603 nostrae
1184 3549 1357 3619 gratia
1391 3563 1566 3602 ausus
1599 3558 1684 3602 est
1731 3549 1815 3602 vel
1864 3549 2013 3618 ipsos

431 3644 654 3714 angelos
691 3643 1060 3714 perstringere
1094 3641 1179 3695 his
1210 3641 1393 3695 verbis
1421 3658 1434 3695 :
1468 3635 1702 3693 Etiamsi
1746 3657 1840 3694 nos
1889 3641 2010 3709 ipsi,

431 3744 525 3789 aut
559 3736 774 3804 angelus
814 3733 877 3785 de
923 3732 1052 3786 caelo
1098 3731 1415 3801 evangelizet
1460 3731 1603 3785 vobis
1654 3741 2011 3800 prazterquam

430 3827 568 3899 quod
618 3825 1088 3895 evangelizavimns
1140 3824 1306 3886 vobis,
1374 3823 1655 3877 anathema
1691 3823 1762 3875 sit
1808 3822 1875 3875 ⁸ο.
1933 3820 2010 3874 Ex

433 3916 632 3987 quibus
696 3916 831 3969 illud
885 3915 1167 3979 docemur,
1219 3914 1366 3983 quod
1420 3914 1549 3967 licet
1605 3912 2014 3967 necessitudine

435 4007 670 4063 maxima
698 4023 799 4062 nos
836 4008 1084 4076 attingat,
1116 4014 1169 4060 et
1197 4006 1371 4075 gloria
1409 4012 1607 4074 praeter
1647 4003 1870 4057 modum
1910 4019 2011 4058 ex-

433 4100 734 4169 cellat,qui
768 4106 932 4163 vetat,
965 4097 1111 4166 quod
1158 4114 1188 4151 a
1238 4097 1470 4150 Domino
1522 4095 1850 4165 imperatum
1904 4106 2011 4159 est,

436 4198 531 4243 aut
557 4197 748 4242 contra
798 4187 945 4258 quod
986 4187 1077 4242 ille
1110 4187 1370 4259 uetuerit.
1432 4185 1740 4239 faciendum
1786 4184 2015 4239 suadeat

438 4278 488 4333 is
536 4277 710 4331 cuivis
769 4275 1057 4329 Dominum
1115 4276 1368 4344 diligenti
1425 4276 1722 4347 fugiendus
1779 4286 1865 4332 est
1921 4285 2015 4330 aut

434 4368 603 4423 etiam
636 4366 1004 4422 exsecrationi
1034 4366 1345 4420 habendus.

508 4644 556 4719 ’ξ
593 4646 786 4703 Matth.
822 4648 987 4710 ιιι.
1064 4649 1111 4681 ⁸³
1152 4648 1349 4719 Ephes.
1386 4664 1440 4711 ν.
1472 4648 1564 4703 ‘21.
1639 4650 1686 4683 "
1724 4647 1897 4705 Exod.
1934 4665 2103 4713 xvm,
2142 4650 2230 4707 19.

441 4710 486 4741 ⁵⁷
528 4718 726 4790 bphes.
765 4735 835 4784 Iv,
869 4720 924 4773 2.
999 4719 1047 4751 ⁸⁸
1085 4710 1212 4778 Act:
1253 4735 1302 4786 ν,
1335 4710 1435 4774 29.
1500 4720 1546 4751 ⁸⁸
1587 4719 1745 4775 Joan.
1782 4737 1833 4788 ν,
1871 4721 1959 4776 i0.

2122 4721 2300 4777 Galat.
2341 4738 2357 4776 ι
2378 4763 2393 4787 ,
2431 4722 2484 4777 8.

512 4929 624 5000 (15)
658 4930 825 5005 Ειιίιί-
846 4938 901 4986 et
946 4947 1080 4987 mss.
1126 4931 1333 5005 aliquot
1380 4932 1788 5005 οἱᾳδηποτεοῦν,
1848 4935 2009 4988 cuivis

441 5001 764 5074 imperanti,
793 5000 934 5074 εἶρε.
972 5004 1181 5074 primus
1210 5000 1456 5074 ᾠδήποτε
1501 5000 1647 5059 ε’πιτ.
1690 5020 1853 5060 sensu
1901 5019 2009 5058 non

441 5070 720 5146 dissimili,
742 5072 807 5126 At
838 5070 1010 5146 codex
1039 5073 1195 5146 (ξριι).
1290 5070 1340 5126 τι
1368 5074 1566 5144 δήποτε
1602 5078 1770 5145 intr,
1803 5074 2008 5146 quidris

441 5142 720 5212 imperanti
743 5156 761 5194 :
792 5143 939 5212 quod
970 5143 1166 5196 tnelius
1192 5142 1480 5197 videtur‘et
1505 5142 1704 5198 verius;

512 5210 624 5280 (16)
657 5208 826 5283 linus
861 5227 962 5265 ms.
994 5213 1232 5283 ἐντολὴν
1283 5213 1376 5266 τοῦ
1424 5214 1582 5269 Θεοῦ.
1640 5214 1841 5270 Ibidem
1897 5212 2009 5267 duo

442 5280 767 5354 ωεεζτᾲ-δέ
796 5284 942 5336 ἐστιν
975 5281 1093 5354 ἦτοι
1131 5280 1587 5354 ἰ’-,αραιρθείρΟντα.

541 5352 626 5422 l7)
662 5349 885 5422 Yetercs
915 5349 1024 5407 duo
1056 5353 1178 5407 libri
1210 5349 1511 5422 ἆναγκοὶῐον
1539 5350 1653 5409 οὖν.

541 5421 630 5491 18)
660 5420 901 5492 Vulgata:
924 5429 1037 5492 tres
1061 5420 1339 5478 editiones
1360 5435 1411 5478 ct
1439 5440 1584 5480 unus
1615 5440 1717 5478 ms.
1742 5424 1850 5477 ἀπὸ
1874 5441 2012 5478 παν-

440 5488 537 5555 τὸᾲ
566 5488 727 5562 ἔργον
757 5488 1017 5564 πονηροῦ,
1054 5493 1118 5546 ab
1149 5495 1294 5548 omni
1339 5509 1491 5563 opere
1535 5499 1696 5552 malo.
1746 5496 1853 5550 Alii
1897 5505 2010 5551 tres

2111 3177 2299 3246 καιρὸς
2351 3179 2522 3231 εἰπεῖν
2570 3179 2724 3233 τότε·
2756 3183 3103 3251 Πειθαρχεῖν
3139 3183 3234 3238 δεῖ
3285 3183 3406 3251 Θεῷ
3442 3185 3686 3255 μᾶλλον

2112 3265 2150 3334 ἣ
2203 3266 2534 3335 ἀνθρώποις
2559 3286 2572 3299 ’
2630 3271 3065 3341 μνημονεύοντας
3114 3273 3207 3326 τοῦ
3254 3276 3460 3347 Κυρίου
3500 3276 3685 3342 λέγον-

2111 3376 2200 3422 τος
2220 3376 2234 3391 ·
2296 3359 2614 3430 Ἀλλοτρίῳ
2641 3361 2709 3415 δὲ
2765 3366 2836 3417 οῠ
2860 3364 2946 3433 μὴ
2985 3366 3486 3436 ἀκολουθήσωσιν
3521 3368 3636 3440 (-19)
3669 3410 3685 3433 ,

2112 3451 2275 3505 ἀλλὰ
2320 3451 2643 3520 φεύξονται
2701 3454 2802 3509 ἀπ’
2828 3456 3035 3520 αὐτοῦ,
3085 3457 3175 3510 ὅτι
3201 3461 3312 3512 οὐκ
3341 3459 3540 3513 οἴδασι
3567 3459 3683 3513 τῶν

2112 3545 2447 3613 ἀλλοτρίων
2480 3546 2594 3614 τὴν
2630 3546 2841 3616 φωνήν
2865 3564 2877 3577 ·
2917 3548 3009 3600 καὶ
3059 3547 3152 3601 τοῦ
3217 3550 3539 3604 Ἀποστὸλου
3569 3553 3676 3605 τολο

2118 3636 2386 3705 μήσαντος
2431 3636 2570 3709 ὑπὲρ
2619 3640 2718 3707 τῆς
2759 3637 3029 3709 ἡμετέρας
3086 3639 3385 3708 ἀσφαλείας
3444 3642 3537 3695 καὶ
3590 3642 3683 3694 a6-

2112 3725 2222 3779 τῶν
2271 3727 2612 3798 καθάψασθαι
2633 3730 2739 3782 τῶν
2791 3729 3038 3798 ἀγγέλων
3086 3730 3154 3783 δι’
3198 3725 3273 3785 ὧν
3332 3750 3503 3803 φησιο
3557 3733 3683 3788 Κᾶν

2113 3819 2284 3888 ἡμεῖς
2311 3820 2499 3883 αὐτοὶ,
2542 3820 2579 3889 ἢ
2621 3821 2871 3890 ἄγγελος
2899 3822 2968 3888 ἐξ
3005 3825 3269 3892 οὐραναῦ
3312 3826 3682 3896 enarrata:-

2116 3925 2206 3961 ται
2247 3909 2406 3978 ὑμῖν,
2440 3911 2575 3980 παρ’
2617 3910 2649 3964 ὃ
2685 3912 3191 3983 εὐηγγελισάμεθα
3230 3914 3393 3983 ὑμῖν,
3424 3916 3683 3986 ἀνάθεμα

2113 3998 2289 4052 ἔστω.
2352 3997 2444 4063 Ἐξ
2487 3995 2561 4054 ὦν
2592 4000 2995 4071 παιδευόμεθα,
3056 4003 3176 4067 ὅτι,
3221 4004 3324 4057 κᾶν
3366 4004 3501 4057 πολὺ
3550 4007 3680 4077 γνή-

2117 4088 2228 4152 σιός
2260 4107 2345 4153 τις
2375 4086 2444 4164 ᾗ,
2481 4092 2582 4144 κᾶν
2612 4092 3060 4164 ὑπερϐαλλόντως
3095 4093 3206 4166 (ἓο)
3239 4095 3448 4163 ἔνδοξος
3498 4099 3526 4150 ὁ
3576 4116 3677 4151 κω·

2115 4182 2255 4235 λύων
2289 4182 2348 4236 τὸ
2402 4184 2506 4235 ὑπὸ
2539 4183 2632 4237 τοῦ
2678 4185 2885 4256 Κυρίου
2921 4189 3398 4259 προστεταγμένον
3422 4229 3437 4254 ,
3472 4191 3504 4261 ἢ
3548 4208 3680 4263 προ-

2113 4272 2329 4343 τρέπων
2357 4275 2532 4326 ποιεῖν
2567 4273 2629 4326 τδ
2657 4274 2750 4326 ὑπ’
2776 4275 2942 4328 αὐτοῦ
2992 4277 3369 4349 κεκωλυμένον
3394 4320 3410 4345 ,
3455 4279 3681 4350 φευκτὸς

2116 4363 2149 4433 ἢ
2205 4365 2298 4417 καὶ
2357 4363 2640 4434 βδελυκτὸς
2692 4366 2894 4433 ὀφείλει
2950 4362 3089 4422 εἶναι
3136 4369 3353 4440 ἑκάστῳ
3400 4371 3508 4424 τῶν
3551 4373 3663 4440 ἀγα

2045 4445 2091 4505 D
2117 4453 2345 4508 πώντων
2380 4455 2472 4537 τὸν
2511 4455 2736 4527 Κύριον.

2335 4652 2382 4685 ⁵⁸
2422 4651 2671 4727 ιΑΤιιεεε.
2711 4672 2764 4720 v,
2796 4657 2990 4712 20—22.
3097 4661 3143 4692 "
3183 4660 3227 4714 ιι
3261 4660 3386 4717 Cor.
3426 4679 3491 4726 ι,
3529 4662 3595 4727 4,
3632 4665 3665 4718 5

2118 4949 2260 5014 mss:
2287 4943 2484 5014 praeter
2519 4935 2677 5014 voss.
2719 4938 2827 4993 ἀπὸ
2857 4941 3059 5004 παντὸς
3091 4941 3267 5004 εἴδους
3312 4941 3575 5014 πονηροῦ,
3622 4943 3679 4997 al

2117 5006 2260 5058 omni
2290 5008 2457 5073 specie
2482 5009 2649 5063 mala.

2117 5144 2129 5157 _
2188 5074 2301 5157 ('19)
2339 5075 2469 5157 Reg.
2511 5082 2708 5157 tertius
2745 5080 3225 5157 ἀκολουθήσουσιν,
3258 5090 3315 5137 et
3356 5081 3431 5134 ita
3464 5098 3681 5157 quoque

2115 5144 2171 5199 iu
2197 5144 2538 5219 Beg._prinio
2563 5151 2827 5219 scriptum
2858 5144 3130 5204 invenitur
3164 5167 3325 5206 manu
3354 5144 3617 5208 secunda:

2190 5215 2301 5286 (‘20)
2337 5215 2699 5293 Yeterchduo
2731 5220 2853 5293 libri
2877 5229 2930 5293 et
2951 5222 3079 5293 editi
3104 5222 3684 5293 καξιὺπερὸαλλόντως.

2118 5282 2249 5355 Reg.
2285 5282 2500 5360 primus
2534 5287 2635 5360 κᾶν
2672 5289 3135 5360 ὑπερϐαλλόντως.
3172 5282 3373 5347 Ibidem
3409 5293 3549 5347 idem
3583 5282 3683 5349 ms.

2115 5357 2430 5434 guilt-Coll);
2462 5358 2689 5434 κωλύων
2714 5357 2910 5434 τιτῶν
2939 5363 3430 5434 προστεταγμένων
3460 5364 3565 5434 ὑπὸ
3593 5362 3680 5434 τοί

2117 5424 2344 5559 fruges,
2402 5427 2457 5499 ἡ.
2496 5426 2618 5485 Mox
2657 5430 2820 5486 iidem
2862 5424 2995 5488 mss:
3046 5424 3445 5504 κεκωλυμένον,
3501 5433 3679 5505 penu.
