4064 6238
394 307 523 363 ιιιςι

728 472 731 479 ,
876 412 1211 469 ΕΡΩΤΗΣΙΣ
1262 412 1406 464 Ρ1Ε’.

579 482 821 593 κχῇὧς
848 505 1173 560 ὑπακούειν
1197 503 1491 570 ἀλλήλοις
1521 502 1653 571 χρή.

970 619 1342 673 ΑΠΟΚΡΙΣΙΣ

467 720 554 783 Ὦς
606 716 821 778 δούλους
847 713 957 785 (21)
992 714 1297 775 δεσπόταις,
1334 710 1473 764 κατὰ
1498 711 1557 762 τὸ
1590 710 1694 763 ὑπὸ
1723 708 1815 761 τοῦ
1850 710 1961 761 Κυ-

389 814 506 883 ρίου
573 805 1043 879 προστεταγμένον
1067 844 1081 867 ,
1134 804 1216 856 ὅτι
1292 803 1353 855 '0
1393 802 1583 855 θέλων
1606 801 1677 854 ἐν
1707 800 1848 869 ὑμῖν
1881 796 1960 853 εἷ-

386 923 485 958 ναι
537 902 724 971 μέγας
767 898 922 952 ἔστω
964 896 1207 950 πάντων
1251 898 1528 964 ἔσχατος,
1564 893 1663 948 καί
1720 891 1961 947 πάντων

385 994 624 1057 δοῦλος.
682 985 778 1053 Οἷς
813 988 1065 1059 ἐπιφέρει
1117 985 1638 1058 δυσωπητικὼτερον
1666 1002 1679 1015 ·
1731 987 1960 1053 ’Ὥσπερ

386 1090 421 1138 ό
455 1084 585 1149 Υἱὸς
637 1082 741 1136 τοῦ
779 1080 1091 1149 ἀνθρώπου
1142 1081 1254 1133 οὐκ
1304 1076 1450 1150 ἦλθε
1499 1077 1956 1147 διακονηθῆναι,

383 1179 547 1231 ἀλλὰ
592 1173 981 1242 διακονῆσαιο
1042 1172 1135 1224 καὶ
1179 1170 1323 1225 κατὰ
1373 1170 1433 1223 τὸ
1480 1171 1585 1223 ὑπὸ
1635 1170 1727 1223 τοῦ
1797 1171 1957 1223 Ἀπο-

388 1267 571 1321 στόλου
597 1266 884 1337 εἰρημένον
915 1263 1026 1334 (22)
1056 1281 1069 1293 ·
1104 1263 1207 1317 Διὰ
1232 1260 1341 1331 τῆς
1372 1261 1609 1334 ἀγάπης
1636 1261 1743 1317 τοῦ
1771 1264 1959 1317 Πνεύ-

378 1377 569 1429 ματος
595 1359 908 1414 δουλεύετε
932 1356 1253 1423 ἀλλήλοις.

892 1449 1225 1502 ΕΡΩΤΗΣΙΣ
1271 1450 1433 1515 PIG'.

382 1544 570 1613 Μέχρι
618 1542 1183 1613 πόσουμύπακούειν
1227 1539 1318 1593 δεῖ
1484 1539 1565 1605 τῷ
1602 1540 1810 1594 κανόνι
1848 1535 1958 1607 τῆς

737 1610 887 1679 πρὸς
920 1611 1069 1664 Θεὸν
1093 1610 1570 1679 εὐαρεστήσεως.

963 1703 1358 1756 ΑΠΟΚΡΙΣΙΣ.

1465 292 1768 349 ΒΕϐυῐιιλΕ
1808 284 2107 348 BREVIUS
2144 286 2553 347 TRACTATAE.

3495 290 3634 346 “63

2482 403 3001 461 INTERROGATIO
3042 400 3208 459 CXV.

2303 499 2579 565 Quomodo
2610 498 2748 551 alter
2776 498 2933 551 alteri
2961 498 3168 553 obedire
3198 497 3403 551 debeat.

2645 610 3049 666 RESPONSIO.

2137 700 2311 759 Veluti
2335 704 2569 758 dominis
2602 704 2765 765 servi,
2793 711 2952 774 prout
2980 718 3009 756 a
3044 703 3271 756 Domino
3307 708 3633 771 prmceptum

2062 803 2146 849 est
2174 816 2185 849 :
2221 796 2323 861 Qui
2354 795 2460 849 vult
2491 796 2628 849 inter
2658 812 2744 848 vos
2783 811 2896 849 esse
2926 812 3166 864 magnus,
3192 795 3260 846 sit
3288 795 3519 848 omnium
3551 794 3635 844 ul-

2064 890 2241 949 timus,
2281 898 2328 941 et
2359 888 2589 941 omnium
2618 903 2796 941 servus
2826 889 2891 941 δι.
2925 885 3138 952 Quibus
3170 887 3280 939 haec
3323 884 3631 939 eflicaciora

2060 988 2114 1034 et
2145 978 2211 1032 ad
2246 978 2682 1047 persuadendum
2708 978 2919 1048 aptiora
2951 977 3198 1047 adjungit
3225 997 3235 1030 :
3276 977 3631 1044 Quemadmo-

2058 1071 2184 1124 dum
2220 1070 2391 1125 Filius
2414 1071 2638 1124 hominis
2668 1087 2771 1124 non
2802 1072 2935 1124 venit
2962 1070 3428 1125 utministraretur
3448 1070 3514 1137 ei,
3543 1067 3634 1123 sed

2060 1173 2118 1215 ut
2151 1164 2477 1216 ministraret
2503 1164 2584 1229 ⁶²;
2616 1162 2743 1215 item
2794 1168 2954 1230 prout
2998 1160 3065 1213 ab
3114 1159 3372 1229 Apostolo
3426 1159 3632 1213 dictum

2059 1259 2143 1307 est
2169 1269 2181 1304 :
2208 1252 2313 1305 Per
2343 1251 2655 1305 charitatem
2680 1248 2910 1317 Spiritus
2934 1249 3121 1302 servile
3154 1247 3369 1299 inrirem
3391 1246 3455 1298 ⁸³.

2472 1444 2989 1501 INTERROGATIO
3027 1444 3212 1501 CXVI.

2058 1538 2141 1592 Ad
2174 1555 2430 1609 quosnam
2471 1541 2721 1594 terminos
2754 1556 2866 1593 sese
2898 1538 3042 1592 debet
3089 1539 3363 1593 extendere
3392 1539 3632 1593 obedien-

2095 1610 2194 1673 tia,
2218 1620 2275 1663 ut
2292 1619 2523 1663 servetur
2540 1625 2808 1670 mensura,
2845 1626 2947 1676 qua
2970 1609 3076 1663 Deo
3093 1611 3297 1677 placere
3313 1612 3571 1678 possimus

2645 1696 3044 1753 RESPONSIO.

468 1797 523 1849 Ὀ
568 1795 885 1860 Ἀπὸστολος
928 1794 1128 1861 ἔδειξε,
1164 1795 1389 1865 προθεὶς
1414 1795 1544 1865 ἡμῖν
1594 1794 1693 1863 τὴν
1731 1793 1823 1847 τοῦ
1850 1794 1955 1847 Κυ-

2130 1787 2245 1843 Hoc
2270 1788 2568 1859 Apostolus
2602 1789 2810 1852 docuit,
2842 1790 3123 1859 proposita
3166 1790 3326 1845 nobis
3371 1790 3632 1846 obedien-

386 1887 502 1955 ρίου
537 1886 817 1957 ὑπακοήν,
848 1885 905 1948 ὃς
946 1886 1206 1955 Ἐγένετο
1260 1884 1531 1954 ὑπήκοος
1574 1882 1750 1953 μέχρι
1778 1882 1955 1937 θανά-

381 1994 512 2039 του,
537 1974 796 2030 θανάτου
818 1975 885 2029 δὲ
913 1976 1179 2043 σταυροῦ
1202 1994 1216 2007 ·
1266 1978 1359 2030 καὶ
1416 1974 1693 2047 προειπών
1720 1991 1731 2004 ·
1773 1974 1955 2030 Τοῦτο

381 2067 714 2134 φρονείσθω
751 2066 821 2119 ἐν
847 2065 1007 2134 ὑμῖν,
1039 2066 1070 2119 ὃ
1092 2067 1190 2119 καὶ
1219 2067 1289 2119 ἐν
1313 2066 1545 2134 Χριστῷ
1582 2067 1800 2135 Ἰησοῦ.

907 2245 1240 2298 ΕΡΩΤΗΣῙΣ
1286 2246 1429 2298 ΡΙΖ¹.

393 2335 457 2388 '0
481 2335 566 2405 μὴ
596 2339 1158 2406 πληροφορούμενος
1180 2339 1249 2391 ὲν
1280 2337 1402 2402 τοῖς
1422 2341 1548 2392 καθ’
1563 2337 1790 2407 ἡμέραν
1806 2340 1955 2407 πρὸς

454 2408 990 2479 τὴν-προκειμένην
1021 2408 1281 2479 simam»
1311 2408 1690 2479 ἐπιτάγμασι,
1733 2407 1954 2479 τέχνην

454 2477 522 2528 δὲ
567 2476 677 2546 (25)
705 2478 918 2546 μαθεῖν
946 2476 1250 2545 ἐπιζητῶν,
1311 2476 1720 2542 ποῖον⁷⁷πάθος
1761 2476 1950 2543 νοσεῖ,

456 2546 553 2599 καὶ
590 2549 643 2600 εί
668 2547 781 2616 χρὴ
812 2548 997 2601 αὐτοῦ
1044 2548 1385 2616 ἀνέχεσθαι,

981 2640 1369 2693 ΑΠΟΚΡΙΣΙΣ.

468 2727 524 2780 '0
555 2726 792 2790 τοιοῦτος
829 2728 921 2780 καὶ
956 2728 1193 2799 αὐθάδης
1223 2771 1237 2794 ,
1285 2730 1379 2782 καὶ
1422 2730 1753 2802 αὺτάρεσκᾶς
1794 2733 1909 2784 ἐστι
1934 2774 1947 2795 ,

386 2824 480 2876 καὶ
514 2823 740 2885 ἄπιστος
765 2839 780 2853 '
814 2823 893 2875 ὅτι
917 2823 1016 2875 οὐκ
1054 2822 1293 2896 ἐφοϐήθη
1326 2825 1387 2876 τὸ
1429 2826 1598 2896 κρῖμα
1625 2824 1716 2877 τοῦ
1744 2824 1947 2895 Κυρίου

388 2915 630 2976 εἰπόντος
652 2930 665 2943 ο
697 2916 948 2968 Γίνεσθε
972 2914 1209 2983 ἕτοιμοι,
1253 2914 1341 2967 ὅτι
1377 2908 1418 2984 ᾗ
1446 2913 1567 2982 ὥρᾳ
1595 2917 1666 2969 οὐ
1699 2913 1949 2977 δοκεῖτε,

387 3010 422 3058 ό
468 3005 598 3071 Υίὸς
623 3005 730 3059 τοῦ
781 3004 1094 3072 ἀνθρώπου
1134 3004 1389 3073 ἔρχεται.
1420 3004 1481 3055 Et
1510 3003 1617 3074 γὰρ
1651 3003 1773 3056 καθ’
1816 3004 1953 3075 ήμὲο

386 3113 486 3167 ραν
552 3098 645 3151 καὶ
710 3096 833 3150 καθ’
887 3096 1038 3167 ὥραν
1089 3096 1364 3167 προσδοκᾷ
1420 3112 1503 3159 τις
1561 3096 1652 3148 τὸν
1708 3096 1947 3167 Κύριον,

2061 1880 2139 1934 tia
2177 1879 2410 1947 Domini,
2438 1881 2531 1952 qui
2566 1879 2767 1936 Factus
2793 1890 2871 1936 est
2903 1881 3144 1936 obediens
3176 1898 3337 1951 usque
3382 1882 3451 1935 ad
3491 1900 3631 1935 mor-

2063 1982 2185 2034 tem,
2241 1982 2461 2026 mortem
2518 1981 2693 2026 autem
2757 1974 2928 2026 crucis
2986 1972 3069 2025 ’δε
3129 1973 3260 2041 quin
3317 1981 3372 2027 et
3417 1973 3631 2027 dixerat

2062 2068 2255 2115 antea:
2288 2059 2402 2113 Hoc
2442 2062 2630 2117 sentite
2670 2063 2728 2116 in
2780 2062 2945 2127 vobis,
3003 2063 3144 2133 quod
3204 2072 3252 2115 et
3303 2064 3357 2116 in
3420 2063 3630 2118 Christo

2058 2150 2189 2205 Jesu
2213 2153 2278 2205 “.

2468 2242 2984 2299 INTERROGATIO
3012 2243 3220 2300 CXVII.

2063 2330 2167 2395 Qui
2192 2347 2298 2385 non
2330 2334 2616 2386 assentitur
2641 2334 2708 2405 iis
2733 2350 2853 2405 quis
2879 2335 2982 2388 sibi
3000 2336 3233 2405 quotidie
3254 2335 3626 2403 injunguntur,

2128 2412 2185 2454 ut
2208 2405 2535 2472 propositum
2564 2404 2832 2472 quoddam
2857 2404 3168 2458 mandatum
3194 2406 3461 2473 conﬁciat,
3491 2406 3631 2470 cupit

2130 2488 2255 2545 vero
2277 2482 2445 2545 artem
2468 2475 2717 2545 ediscere,
2750 2476 2897 2545 quali
2928 2474 3109 2528 morbo
3142 2474 3345 2528 laboret
3398 2486 3448 2529 et
3490 2491 3623 2527 nun-

2130 2541 2255 2611 quid
2279 2543 2461 2597 debeat
2485 2543 2725 2599 tolerari.

2642 2635 3047 2692 RESPONSIO.

2130 2725 2232 2792 Qui
2262 2735 2347 2782 est
2403 2728 2740 2797 hujusmodi,
2769 2731 2815 2785 is
2854 2737 2908 2785 et
2942 2739 3261 2795 contumax,
3291 2738 3345 2785 et
3379 2731 3627 2786 sibimet—

2058 2819 2162 2888 ipsi
2215 2820 2460 2889 placens,
2492 2828 2546 2874 et
2570 2822 2883 2877 incredulus
2909 2831 2991 2877 est
3018 2822 3495 2892 :quandoquidem
3520 2838 3631 2878 non

2062 2912 2237 2965 timuit
2273 2912 2540 2981 judicium
2575 2912 2812 2978 Domini,
2838 2914 2932 2984 qui
2965 2914 3107 2969 dixit
3138 2934 3151 2969 :
3205 2914 3385 2969 Estote
3414 2918 3629 2985 parati:

2056 3005 2181 3073 quia
2212 3020 2318 3075 qua
2349 3006 2481 3060 hora
2513 3023 2614 3060 non
2641 3008 2861 3075 putatis,
2903 3006 2950 3059 F
2954 3007 3078 3060 ilius
3116 3006 3338 3062 hominis
3372 3010 3534 3062 veniet
3564 3009 3630 3063 “.

2059 3095 2119 3153 Si
2147 3098 2272 3169 quis
2303 3100 2447 3155 enim
2476 3099 2671 3154 diebus
2711 3097 2877 3170 556
2906 3098 3138 3169 singulis
3189 3108 3244 3156 et
3272 3100 3464 3170 quavis
3498 3101 3632 3155 liora

384 3147 1392 3259 Ῠτὴννισή-μεροναργδς
1429 3147 1503 3256 pi;
1539 3147 1823 3258 παρέλθῃι,
1864 3147 1955 3239 κα)

2060 3147 2119 3153 τ-
2151 3147 2270 3169 τ---
2307 3147 2447 3155 ---.-_
2481 3147 2669 3154 --η--
2711 3147 2877 3170 ...σν
2907 3147 3136 3169 ,ψη-π-
3194 3147 3242 3156 --
3273 3147 3463 3170 ..μ-..ν
3498 3147 3632 3155 -.-._

2059 3190 2346 3246 Dominum
2378 3198 2682 3261 exspectet,
2726 3192 2773 3246 is
2805 3191 3040 3246 sollicito
3060 3192 3243 3245 animo
3262 3201 3363 3256 est,
3390 3207 3459 3248 ne
3487 3192 3632 3247 diem

384 3279 543 3332 πλέον
580 3279 731 3333 οὐδὲν
785 3278 1205 3350 περιεργάζεται
1230 3317 1243 3330 .
1296 3278 1359 3330 El
1404 3277 1460 3331 δὲ
1496 3277 1809 3349 ἐπιταχθείη
1850 3296 1954 3349 μα-

384 3365 498 3419 θεῖν
546 3367 768 3437 τέχνην,
815 3368 872 3419 ὲν
926 3370 993 3438 τῇ
1045 3368 1254 3438 ὑπακοῇ
1313 3366 1482 3436 ἐχέτω
1537 3365 1599 3419 τὸ
1638 3368 1827 3435 κέρδος
1857 3369 1955 3438 τῆς

378 3459 521 3530 πρὸς
568 3459 698 3513 Θεὸν
750 3460 1199 3533 εὐαρεστήσεως,

386 3568 468 3605 σει
500 3552 558 3604 τὸ
588 3554 781 3623 κρῐιια.

1249 3460 1340 3513 καὶ
1393 3460 1468 3530 μὴ
1512 3461 1567 3511 ὲν
1612 3463 1675 3530 τῇ
1725 3461 1955 3533 ὑπερθέ-

892 3670 1224 3723 ΕΡΩΤΗΣῘΣ
1267 3670 1333 3723 PI
1337 3671 1419 3725 H'.

396 3762 459 3814 Ὀ
487 3760 819 3833 σπουδαῖος
844 3764 930 3827 εὶς
974 3761 1096 3833 τὴνΔ
1119 3762 1400 3833 ἐντολὴν,
1446 3761 1546 3817 καὶ
1572 3762 1956 3833 ἐργαζόμενος

456 3834 567 3899 οὐχ
595 3831 626 3884 ὃ
652 3828 1057 3897 ἐπιτάσσεται,
1088 3828 1238 3887 ’ἀλλ’
1280 3828 1335 3885 δ’
1364 3828 1545 3900 αὐτὸς
1574 3828 1751 3897 θέλει,
1771 3828 1958 3887 ’ποῖον

454 3902 670 3971 μισθὸν
698 3901 841 3969 ἔχει.

978 3993 1365 4046 ΑΠΟΚΡῙΣΙΣ.

454 4086 873 4157 Αὖταρεσκείας.
907 4085 1015 4139 Τοῦ
1045 4087 1100 4140 δὲ
1139 4088 1461 4141 Ἀποστόλου
1491 4087 1737 4156 λέγοντος
1756 4104 1769 4116 ·
1793 4088 1958 4141 Ἕκα-

383 4194 530 4243 στος
588 4178 756 4247 ήμῶν
799 4178 910 4249 (24)
965 4176 1045 4243 τῷ
1098 4180 1365 4248 πλησίον
1408 4179 1709 4248 ἀρεσκέτω
1742 4182 1826 4247 είς
1887 4180 1954 4235 τὸ

358 4254 624 4333 ⁶ἀγαθὸν,
672 4268 821 4336 πρὸς
861 4267 1203 4337 οἰκοδομὴν,
1251 4268 1345 4323 καὶ
1385 4269 1785 4340 περισσοτέρως
1832 4269 1955 4323 δυσ-

382 4358 656 4422 ωποῦντος
702 4359 761 4410 ὲν
800 4357 877 4428 τῷ
922 4361 1236 4427 ἐπενεγκεῖν
1267 4358 1396 4429 (25),
1426 4359 1535 4413 Καὶ
1566 4358 1673 4427 γὰρ
1699 4358 1880 4424 αὐτὸς
1924 4362 1956 4411 ὀ
1996 4352 1999 4355 ’

381 4452 633 4516 Χριστὸς
669 4451 781 4520 οὐχ
826 4449 1017 4515 ἑαυτῷ
1052 4450 1254 4519 ἤρεσε,
1294 4450 1581 4523 γνωρίζειν
1624 4450 1825 4519 ὀφείλει
1863 4450 1955 4502 τὸν

382 4541 572 4595 ἑαυτοῦ
605 4542 843 4595 κίνδυνον
876 4544 903 4594 ὁ
943 4542 1277 4613 αὐτάρεσκος
1297 4558 1309 4570 ·
1343 4542 1623 4611 ἐλέγχεται
1648 4541 1704 4595 δὲ
1737 4543 1765 4595 ὁ
1792 4542 1952 4604 αὐτὸς

382 4633 475 4686 καὶ
504 4633 887 4687 ἀνυπότακτορ.

904 4747 1238 4800 ΕΡΩΤΗΣΙΣ
1272 4746 1419 4801 ΡΙΘν.

380 4841 446 4893 ΕΖ
496 4839 735 4903 ἔξεστιν
760 4837 993 4905 ἑκάστῳ
1030 4836 1438 4907 παραιτεῖσθαι
1474 4838 1541 4891 τὸ
1576 4838 1945 4908 ἐγχειρισθὲν

716 4910 912 4978 ἔργον,
940 4908 1039 4962 καὶ
1064 4908 1217 4962 ἄλλο
1251 4908 1564 4976 ἐπιζητεῖν.

971 4999 1360 5054 ΑΠΟΚΡΙΣΙΣ.

448 5087 561 5158 Τῆς
622 5089 898 5159 ὑπακοῆς,
939 5088 1120 5153 καθὼς
1180 5089 1535 5161 προείρηται.
1589 5089 1749 5162 μέχρι
1792 5091 1956 5145 θανά-

448 5247 488 5276 ⁶¹
531 5245 697 5300 Marc.
734 5262 802 5306 x.
837 5247 926 5302 44.
1034 5246 1077 5277 ⁶²
1115 5245 1244 5303 ibid.
1280 5246 1370 5302 45.

1477 5248 1521 5279 ⁸³
1558 5246 1735 5303 Galat.
1772 5264 1825 5313 ν,
1865 5248 1951 5302 15.

377 5317 421 5346 ⁸⁷
462 5314 620 5370 Rom.
652 5332 742 5382 xv,
776 5317 829 5373 2.
906 5317 953 5349 ⁸⁸
989 5315 1122 5371 ibid.
1158 5317 1211 5373 '5.

448 5433 559 5505 (21)
593 5432 737 5506 Editi
760 5434 833 5506 ᾡς
852 5433 1057 5506 δοῦλος.
1089 5437 1219 5506 Reg.
1253 5434 1464 5505 primus
1485 5432 1561 5497 ὡς
1587 5431 1795 5486 δοῦλον.
1830 5430 1934 5486 Alii

376 5503 483 5557 duo
517 5503 647 5559 mss.
675 5505 750 5568 ὡς
777 5504 1010 5567 δούλους.

450 5574 559 5644 (22)
592 5575 775 5646 Codex
803 5574 958 5629 Colb.
992 5575 1095 5628 ὑπὸ
1123 5574 1455 5646 τοῦ-ῌαὺλου
1483 5570 1789 5646 εἰρημένον.

377 5643 583 5712 quanto
609 5643 751 5698 infra
775 5646 883 5699 duo
910 5660 1043 5699 mss.
1069 5660 1191 5699 cum
1217 5643 1379 5701 Voss.
1408 5648 1437 5698 ὁ
1483 5643 1803 5708 Ἀ’πόστολος
1834 5643 1942 5698 ἐδί-

376 5713 522 5778 δαξε.
553 5713 687 5770 lbid.
720 5712 877 5770 Voss.
914 5722 968 5768 et
988 5713 1146 5770 Colb.
1180 5716 1436 5786 προσθεὶς
1464 5716 1617 5786 ἡμῖν.

662 5809 927 5871 ΡΑτιιοι..
961 5808 1077 5870 Gn.
1110 5808 1349 5871 XXXI.

2056 3281 2379 3337 hodiernum
2459 3281 2670 3336 otiosus
2721 3288 3036 3351 praetereat,
3091 3281 3334 3352 nihilque
3400 3284 3632 3353 amplius

2057 3382 2231 3428 curat.
2265 3373 2422 3440 Quod
2479 3373 2523 3429 si
2568 3375 2766 3445 jussus
2810 3373 2979 3430 fuerit
3028 3384 3201 3429 artem
3248 3375 3517 3439 ediscere,
3564 3392 3630 3430 ex

2058 3463 2371 3519 obedientia
2402 3464 2455 3520 id
2507 3465 2721 3519 lucrum
2753 3465 2976 3528 referat,
3010 3472 3069 3517 ut
3098 3463 3311 3533 placeat
3341 3463 3472 3528 Deo,
3523 3479 3632 3519 non

2056 3562 2234 3609 autem
2270 3554 2665 3609 condemnetur
2693 3554 2762 3609 ob
2792 3554 3362 3623 procrastinationem.

2441 3665 2959 3722 INTERROGATIO
3001 3664 3236 3720 CXVIII.

2059 3758 2162 3824 Qui
2218 3768 2464 3813 strenuus
2496 3768 2574 3812 est
2605 3760 2661 3812 in
2690 3758 2948 3813 mandato
2979 3756 3324 3826 conﬁciendo,
3379 3756 3470 3809 sed
3501 3755 3630 3824 facit

2123 3830 2261 3899 quod
2287 3828 2392 3881 sibi
2431 3845 2535 3899 non
2565 3830 2889 3899 prtccipitur,
2930 3829 3022 3882 sed
3048 3826 3185 3899 quod
3212 3827 3321 3893 ipse
3343 3827 3471 3891 vult,
3501 3843 3636 3897 quu—

2129 3897 2226 3951 lem
2256 3897 2538 3953 mercedem
2570 3898 2747 3953 habet.

2637 3988 3046 4045 RESPONSIO.

2134 4081 2285 4136 Illius
2331 4082 2423 4150 qui
2485 4083 2590 4137 tibi
2648 4082 2847 4152 placet.
2901 4080 3039 4135 Cum
3106 4091 3283 4136 autem
3338 4079 3634 4149 Apostolus

2057 4173 2202 4228 dicat
2237 4193 2250 4229 :
2290 4175 2651 4244 Unusquisque
2682 4184 2923 4226 nostrum
2958 4175 3199 4241 proximo
3228 4188 3321 4227 suo
3352 4172 3557 4240 placeat
3580 4173 3637 4224 in

2059 4265 2269 4329 bonum,
2299 4266 2366 4319 ad
2397 4266 2805 4335 cediﬁcationem
2842 4266 2907 4333 ετ,
2964 4265 3246 4336 magisque
3292 4280 3392 4320 nos
3442 4265 3634 4320 invitet

2058 4356 2143 4413 his
2176 4374 2297 4427 quae
2346 4358 2625 4428 subjungit
2678 4359 2901 4413 verbis:
2966 4355 3110 4410 Nam
3162 4364 3212 4411 et
3243 4358 3349 4425 ipse
3393 4356 3635 4413 Christus

2060 4466 2163 4503 non
2186 4451 2284 4503 sibi
2309 4450 2613 4520 placuit“;
2652 4450 2947 4505 imminens
2978 4450 3081 4504 sibi
3117 4450 3423 4520 periculum
3474 4466 3637 4505 nosse

2061 4541 2239 4606 debet,
2275 4542 2366 4611 qui
2407 4544 2583 4613 placet
2627 4543 2987 4612 sibimetipsi;
3024 4545 3154 4612 quin
3178 4544 3341 4598 etiam
3380 4544 3468 4597 ille
3495 4543 3637 4597 idem

2060 4641 2353 4688 contumax
2376 4649 2496 4689 esse
2516 4643 2568 4688 et
2601 4634 2965 4689 intractabilis
2998 4634 3363 4688 convincitur.

2474 4743 2996 4800 INTERROGATIO
3026 4744 3213 4800 CXIX.

2051 4838 2132 4890 An
2164 4838 2314 4892 liceat
2362 4840 2641 4908 unicuique
2671 4840 3000 4908 assignatum
3036 4837 3140 4890 sibi
3177 4854 3305 4891 avus
3350 4852 3633 4900 recusare,

2607 4919 2655 4961 et
2704 4908 2853 4961 aliud
2888 4922 3078 4971 petere.
3185 4950 3191 4959 .

2644 4998 2909 5055 RESPON
2920 4998 3047 5053 SlO.

2128 5090 2263 5147 Cum
2318 5092 2651 5157 obedientia,
2701 5092 2846 5147 sicut
2874 5092 2989 5161 jam
3028 5091 3232 5145 dictum
3292 5092 3639 5147 est.‘limites

2065 5246 2109 5278 σι
2145 5245 2381 5317 Philipp.
2432 5262 2501 5313 ιι,
2537 5246 2590 5301 8.
2712 5247 2756 5277 σε
2797 5245 2927 5300 ibid.
2966 5245 3020 5298 5.
3141 5247 3184 5279 σε
3227 5246 3360 5300 Luc.
3397 5264 3515 5312 xu,
3547 5248 3636 5301 to.

2121 5431 2235 5513 (23)
2268 5428 2475 5485 Vocula
2510 5431 2568 5484 δέ
2605 5430 2791 5487 addita
2824 5441 2909 5488 est
2948 5448 3016 5488 ex
3048 5434 3294 5504 antiquis
3321 5432 3538 5490 duobus
3571 5435 3640 5488 li-

2050 5502 2233 5645 brat)
2267 5568 2407 5645 editi
2436 5570 2669 5635 ἕκαστος
2698 5528 2871 5645 ὑμῶν.
2892 5572 2966 5645 At
2998 5589 3132 5630 mss.
3164 5572 3272 5628 duo
3304 5573 3488 5645 ἡμῶν.

2121 5591 2233 5640 (24)
2268 5591 2407 5623 Μιιιι
2439 5591 2669 5635 εκαστος
2698 5591 2871 5643 υμων.
2892 5591 2966 5626 Al
2998 5591 3132 5630 mss.
3164 5591 3272 5628 (1υο
3304 5591 3340 5645 η
3439 5591 3488 5628 ν.

2120 5637 2493 5727 (25).)ίειοτεε
2515 5651 2753 5714 quatuor
2785 5643 2912 5701 libri
2957 5646 3292 5713 ἐπενεγκεῖν.
3340 5591 3482 5700 ἕδῖιί
3531 5645 3638 5701 ὕπ-

2048 5728 2319 5780 ενεγκειν.

3321 5809 3401 5869 37
