4064 6238
467 260 599 313 MSS

1791 249 1830 304 S
1888 249 1970 303 BA
1979 246 2130 304 SlLll
2171 246 2383 302 MAGNI

3563 241 3700 295 ΗΜ

463 393 592 432 suos
637 375 702 428 ad
751 383 981 429 mortem
1023 387 1196 442 usque
1231 372 1509 437 extendat,
1547 370 1786 426 delatum
1831 386 2031 425 munus

2135 386 2225 422 του
2255 367 2483 437 ἐχούσης
2514 365 2572 416 τὸ
2596 363 2791 434 μέτρον
2820 359 2954 432 (26),
2984 361 3012 414 ὁ
3041 360 3100 412 τὸ
3141 356 3475 429 ὲγχειρισθὲν
3510 375 3706 429 παραια

461 469 555 536 qui
595 474 833 528 recusat,
875 474 930 519 et
977 465 1203 534 requirit
1237 465 1402 527 aliud,
1428 465 1664 533 primum
1707 464 1874 518 violat
1902 464 2032 518 obe-

463 559 740 623 dientiam,
788 566 842 611 et
865 564 1051 625 aperte
1085 556 1326 610 declarat
1375 572 1434 611 se
1478 556 1699 610 minime
1733 555 2033 624 abnegasse

464 652 817 717 semetipsum
845 666 857 702 :
909 647 1103 702 deinde
1135 648 1298 701 etiam
1335 648 1564 700 aliorum
1601 646 1838 716 plurium
1862 647 2030 699 malo-

463 755 583 793 rum
616 751 725 792 tum
777 739 902 801 sibi,
938 748 1048 792 tum
1086 741 1297 794 caeteris
1333 747 1524 792 auctor
1565 740 1800 793 exsistit.
1839 738 2032 806 Aperit

462 831 604 885 enim
641 833 917 901 plerisque
945 832 1170 900 januam
1199 828 1669 896 contradictionis,
1702 846 1765 883 ac
1792 831 2030 900 seipsum

463 925 529 976 ad
560 924 701 978 hanc
753 923 1062 978 assuefacit.
1101 924 1166 978 Et
1213 925 1467 993 quoniam
1494 939 1601 977 non
1653 930 1832 993 potest
1862 938 2023 977 unus-

463 1017 698 1085 quisque
718 1015 967 1082 judicare
990 1017 1122 1086 quid
1155 1017 1427 1070 conducat
1450 1017 1577 1080 sibi,
1605 1031 1711 1069 non
1737 1031 1864 1069 raro
1892 1030 2031 1085 opus

463 1106 564 1160 sibi
602 1107 822 1160 noxium
858 1106 1052 1176 diligit.
1082 1107 1160 1160 Ad
1188 1107 1300 1160 haec
1328 1123 1523 1177 pravas
1559 1106 1820 1160 fratribus
1853 1106 2033 1175 suspi-

464 1196 652 1249 ciones
677 1207 874 1258 movet,
905 1204 1160 1265 tanquam
1183 1196 1228 1249 si
1260 1195 1408 1264 operi
1433 1195 1578 1264 quod
1611 1195 1863 1264 requirit,
1890 1197 2034 1250 esset

464 1285 638 1356 magis
675 1285 942 1350 addictus,
977 1301 1140 1355 quam
1175 1285 1242 1338 iis
1278 1285 1605 1354 quibuscum
1663 1287 1882 1355 operari
1931 1302 2026 1340 ne-

465 1392 618 1431 cesse
650 1384 754 1431 est.
789 1376 985 1442 Quare,
1022 1391 1130 1429 uno
1163 1375 1352 1438 verbo,
1399 1375 1690 1445 imperium
1727 1376 2032 1430 detrectare

465 1469 760 1522 multorum
797 1483 860 1522 ac
885 1469 1188 1537 ingentium
1222 1469 1491 1522 malorum
1524 1467 1678 1521 radix
1714 1475 1820 1522 est.
1875 1467 2032 1533 Quod

465 1561 510 1612 si
543 1561 722 1615 inesse
760 1560 864 1614 sibi
913 1560 1180 1613 rationem
1219 1560 1457 1629 aliquam
1503 1560 1686 1629 operis
1741 1558 2031 1613 recusandi

463 1659 634 1719 putet,
672 1651 913 1706 declaret
953 1651 1098 1704 illam
1140 1650 1434 1720 praefectis,
1463 1650 1628 1721 idque
1668 1651 1802 1721 ipsis
1830 1666 2032 1720 expen-

461 1743 698 1798 dendum
721 1745 1014 1799 relinquat.

887 1854 1405 1911 INTERROGATIO
1439 1854 1605 1911 CXX.

463 1972 546 2025 An
587 1972 852 2026 conveniat
903 1973 1081 2043 aliqua
1131 1971 1295 2034 abire,
1332 1970 1679 2043 moderatore
1731 1987 1836 2024 non
1883 1971 2030 2024 orius

1043 2042 1478 2110 commonefacto.

1045 2154 1447 2211 RESPONSIO.

531 2244 668 2301 Cum
701 2244 965 2301 Dominus
995 2243 1145 2299 dicat
1175 2263 1189 2299 :
1219 2243 1398 2314 Neque
1423 2260 1562 2298 enim
1598 2261 1630 2297 a
1662 2242 1857 2311 meipso
1893 2244 2029 2309 veni,

463 2335 553 2391 sed
586 2335 675 2390 ille
701 2353 782 2390 me
813 2337 957 2390 misit
977 2335 1044 2400 ",
1079 2343 1288 2405 quanto
1311 2335 1482 2404 magis
1514 2334 1894 2404 unusquisque
1932 2347 2034 2388 no-

465 2438 642 2484 strum
677 2444 789 2484 non
822 2429 984 2484 debet
1028 2427 1241 2498 sibiipsi
1291 2428 1426 2481 illud
1462 2427 1821 2497 permittere?
1851 2427 2035 2481 Enim-

463 2535 593 2575 vero
625 2520 676 2574 id
719 2521 809 2590 qui
851 2520 954 2574 sibi
1001 2519 1264 2590 indulget,
1309 2519 1461 2573 clare
1493 2518 1735 2572 ostendit
1781 2517 2033 2571 laborare

465 2629 524 2672 se
557 2614 750 2669 morbo
780 2613 1069 2683 superbiae,
1116 2626 1285 2681 seque
1333 2625 1455 2664 esse
1489 2610 1784 2664 obnoxium
1823 2608 2034 2678 judicio

465 2703 702 2768 Domini,
739 2703 830 2772 qui
859 2701 1038 2756 dixit:
1075 2699 1227 2766 Quod
1243 2697 1543 2752 hominibus
1581 2697 1751 2750 altum
1781 2706 1880 2763 est,
1913 2696 2034 2750 abo-

465 2800 685 2853 minatio
723 2807 799 2852 est
842 2808 963 2851 ante
999 2795 1250 2850 Deum".
1283 2793 1349 2845 Et
1382 2794 1437 2846 in
1485 2807 1699 2846 summa
1733 2791 2032 2862 quidquam

465 2895 569 2951 sibi
605 2895 940 2965 permittere,
965 2891 1018 2946 id
1045 2891 1181 2945 vitio
1208 2889 1390 2943 datur.

617 2983 622 2986 ’
779 3003 939 3076 457
971 2999 1488 3057 INTERROGATIO
1529 3000 1715 3055 cxxr.

734 3098 812 3150 An
848 3096 1000 3150 liceat
1033 3096 1277 3166 graviora
1310 3111 1463 3164 opera
1496 3110 1758 3148 recusare.

1046 3269 1454 3326 RESPONSIO.

539 3383 641 3452 Qui.
676 3400 796 3441 vere
840 3396 892 3441 et
920 3387 1133 3441 sincere
1167 3384 1336 3441 Deum
1379 3384 1580 3458 diligit,
1627 3392 1682 3442 et
1720 3393 2042 3442 constanter

469 3493 534 3531 ac
562 3483 716 3533 certo
741 3485 1025 3548 exspectat
1052 3477 1466 3532 retribuendam
1509 3493 1539 3532 a
1569 3477 1802 3534 Domino
1828 3494 2039 3536 merce-

469 3570 616 3634 dem,
659 3583 999 3642 nequaquam
1041 3571 1408 3638 praesentibus
1455 3579 1749 3628 contentus
1784 3580 1891 3638 est,
1944 3574 2037 3628 sed

471 3674 687 3729 semper
717 3660 952 3731 aliquam
985 3661 1216 3730 requirit
1256 3661 1654 3728 accessionem,
1681 3670 1737 3717 et
1777 3663 2038 3733 quiddam

469 3751 705 3820 amplius
731 3759 973 3822 exoptat.
1015 3751 1081 3805 Et
1119 3753 1340 3809 tametsi
1373 3768 1540 3822 supra
1582 3753 1727 3809 vires
1758 3754 2038 3824 quidpiam

468 3840 680 3897 ellicere
717 3842 954 3908 videtur,
994 3857 1101 3898 non
1141 3852 1324 3899 tamen
1366 3851 1453 3899 est
1484 3860 1738 3906 securus,
1780 3854 2039 3915 tanquam

469 3933 564 4002 qui
607 3948 923 3988 mensuram
964 3934 1309 4004 impleverit;
1349 3937 1480 4006 quin
1506 3939 1688 4006 potius
1716 3938 2044 3992 sollicitudi-

471 4039 596 4078 nem
625 4024 903 4079 assiduam
931 4025 1159 4094 patitur,
1202 4027 1351 4080 velut
1380 4028 1473 4095 qui
1514 4029 1673 4096 longe
1704 4030 1848 4084 absit
1888 4045 1918 4083 a
1950 4029 2042 4084 de-

405 4166 408 4168 ,
472 4115 585 4168 hita
620 4115 972 4184 perfectione,
1009 4115 1238 4169 audiens
1272 4113 1563 4169 Dominum
1614 4116 1690 4170 ita
1723 4118 2043 4188 praecipien-

2134 458 2425 528 τοὺμενος,
2486 454 2580 508 καὶ
2632 453 2758 506 ἄλλο
2802 449 3073 520 ἐπιζητῶν
3100 488 3114 512 ,
3182 448 3397 520 πρῶτον
3451 447 3549 517 μὲν
3606 449 3703 517 τὴν

2135 549 2380 619 ὑπακοὴν
2418 544 2749 616 διαφθείρει,
2793 545 2886 596 καὶ
2927 541 3156 612 φανερός
3184 541 3300 593 ἐστι
3339 538 3413 610 μὴ
3459 539 3705 609 ἀρνησά-

2135 657 2294 711 μενος
2345 638 2532 692 ἑαυτόν
2559 652 2573 665 °
2622 636 2810 688 ἔπειτα
2842 633 2935 686 κα)¹
2969 634 3169 703 ἑτέρων
3211 631 3395 684 κακῶν
3443 630 3706 682 πλειόνων

2133 730 2309 800 ἑαυτῷ
2336 747 2396 782 τε
2437 729 2530 782 καὶ
2563 729 2674 790 τοῖς
2721 725 2923 787 λοιποῖς
2965 723 3140 788 αἴτιος
3184 723 3410 791 γίνεται.
3462 721 3572 773 Kal
3598 721 3706 791 γὰρ

2133 823 2299 894 θύραν
2355 821 2662 888 ἀντιλογίας
2727 821 2838 880 τοῖς
2891 815 3108 878 πολλοῖς
3159 815 3362 882 ἀνοίγει
3403 813 3547 880 (27),
3612 814 3710 866 καὶ

2133 915 2320 969 ἑαυτὸν
2370 913 2504 984 πρὸς
2542 912 2744 981 ταύτην
2790 908 2978 973 ἐθίζει.
3040 909 3147 960 Kal
3200 907 3321 959 ἐπεὶ
3358 907 3431 977 μὴ
3480 905 3710 958 δύναται

2131 1002 2359 1063 ἕκαστος
2398 1000 2712 1070 δοκιμάζειν
2755 997 2814 1050 τὸ
2847 997 3156 1067 συμφέρον,
3192 996 3473 1064 ἐκλέγεται
3504 996 3709 1049 πολλὰ·

2132 1113 2218 1158 κις
2251 1095 2309 1147 τὸ
2346 1093 2604 1165 βλαϐερὸν
2647 1091 2821 1161 ἐαυτῷ
2873 1091 3056 1161 ἔργον.
3091 1092 3196 1143 Kal
3238 1091 3491 1153 ὑπονοίας
3524 1090 3580 1142 δὲ
3609 1106 3710 1142 πο-

2131 1187 2303 1257 νηρὰς
2332 1188 2551 1255 ἐμποιεῖ
2574 1187 2686 1246 τοῖς
2718 1183 2966 1250 ἀδελφοῖς
2985 1222 3000 1247 ,
3037 1182 3112 1244 ὡς
3141 1179 3528 1252 προπεπονθὼς
3627 1177 3713 1248 τῷ

2132 1276 2277 1348 ἔργῳ
2295 1276 2406 1347 (28)
2425 1277 2562 1346 ὅπερ
2581 1273 2847 1342 ἐπιζητεῖ,
2867 1272 2899 1341 ἦ
2917 1267 2996 1335 οἷς
3023 1271 3446 1341 συνεργάζεσθαι
3470 1272 3710 1342 ἀνάγκη.

2133 1368 2296 1420 Ὥστε
2356 1367 2585 1420 καθόλου
2614 1366 2675 1418 τὸ
2707 1367 2780 1436 μὴ
2816 1365 3114 1418 ὑπακούειν
3148 1363 3356 1416 πολλῶν
3396 1363 3490 1416 καὶ
3533 1365 3711 1433 μεγὰο

2131 1460 2237 1513 λων
2277 1459 2462 1513 κακῶν
2502 1461 2617 1511 ἐστι
2651 1458 2794 1528 ῥίζα.
2852 1457 2914 1509 El
2955 1456 3010 1509 δέ
3055 1473 3177 1510 τινα
3231 1455 3388 1523 λόγον
3427 1455 3572 1525 ἔχειν
3623 1471 3712 1508 νοο

2136 1551 2282 1624 μίξει
2308 1553 2410 1622 τῆς
2441 1553 2823 1621 παραιτήσεως
2851 1549 2946 1603 τοῦ
2982 1549 3144 1623 ἔργου
3172 1589 3186 1611 ,
3236 1547 3552 1619 φαειεροὺτω
3593 1548 3714 1600 τοῦ·

2133 1664 2222 1698 τον
2252 1647 2364 1707 τοῖς
2393 1642 2730 1715 προεστῶσι,
2772 1643 2865 1697 καὶ
2902 1640 3359 1711 καταλιμπανέτω
3385 1641 3451 1709 τῇ
3487 1638 3715 1692 ἐκείνων

2063 1730 2107 1784 Β
2135 1737 2447 1807 δοκιμασίᾳ.

2661 1847 2994 1902 ΕΡΩΤΗΣΙΣ
3049 1846 3175 1900 ΡΚ’.

2137 1968 2207 2020 El
2235 1964 2324 2018 δεῖ
2347 1963 2582 2018 ἀπιέναι
2624 1973 2742 2017 που
2780 1962 2957 2041 χωρὶς
2987 1959 3385 2030 ὑπομνήσεως
3427 1961 3534 2015 τοῦ
3566 1977 3715 2028 προ-

2779 2047 3058 2098 εστωτος.

2729 2147 3116 2201 ΑΠΟΚΡΙΣΙΣ.

2209 2240 2313 2294 Τοῦ
2346 2240 2551 2312 Κυρίου
2577 2240 2824 2308 λέγοντος
2840 2256 2851 2268 ·
2877 2237 3028 2292 Οὐδὲ
3060 2239 3168 2308 γὰρ
3195 2238 3303 2307 (9.9)
3329 2237 3431 2292 ἀπ’
3453 2236 3718 2306 ἐμαυτοῦ

2137 2331 2426 2400 ἐλήλυθα,
2464 2331 2602 2386 ἀλλ’
2629 2332 2859 2396 ἐκεῖνός
2881 2347 2958 2399 με
2996 2329 3345 2384 ἀπέστειλε·
3382 2329 3534 2398 πόσῳ
3574 2329 3716 2398 μᾶλ-

2137 2425 2229 2478 λον
2274 2425 2501 2488 ἕκαστος
2557 2423 2711 2494 ἡμῶν
2757 2423 2934 2493 ἐαυτῷ
2983 2423 3294 2493 ἐπιτρέπειν
3334 2423 3434 2475 οὐκ
3477 2423 3718 2490 ὀφείλεις

2152 2519 2210 2571 '0
2248 2518 2355 2589 γὰρ
2390 2516 2567 2587 ἑαυτῷ
2602 2518 2908 2588 ἐπιτρέπων
2957 2517 3114 2586 δῆλός
3156 2519 3301 2569 ἐστιν
3339 2515 3722 2586 ὑψηλοφροσύ-

2139 2627 2237 2682 νην
2269 2609 2459 2673 νοσῶν,
2500 2610 2592 2662 καὶ
2628 2610 2982 2678 ὑποκείμενος
3017 2609 3092 2679 τῷ
3121 2608 3345 2678 κρίματι
3381 2607 3473 2659 τοῦ
3507 2608 3723 2678 Κυρίου

2140 2702 2412 2764 εἰπόντος·
2449 2701 2517 2753 Τὸ
2546 2701 2614 2753 ἐν
2640 2700 2972 2767 ἀνθρώποις
2991 2701 3235 2768 ὑψηλὸν
3267 2699 3582 2768 ,βδέλυγμα
3604 2701 3718 2769 (3t);

2138 2792 2397 2846 ἐνώπιον
2441 2792 2545 2845 τοῦ
2593 2790 2758 2846 Θεοῦ.
2792 2793 2900 2845 Καὶ
2947 2791 3174 2845 καθόλου
3203 2790 3266 2844 τὸ
3298 2792 3474 2862 ἐαυτῷ
3499 2793 3724 2862 ἐπιτρέ-

2143 2901 2263 2937 πειν
2296 2886 2563 2938 ὑπαίτιον.

2654 2999 2987 3053 ΕΡΩΤΗΣῘΣ
3023 3001 3198 3054 PKA'.

2063 3095 2105 3152 C
2139 3093 2207 3144 Ei
2257 3090 2457 3155 ἔξεστι
2501 3092 2612 3160 (51)
2663 3092 3074 3160 παραιτεῖσθαι
3127 3094 3200 3149 τὰ
3246 3093 3552 3163 βαρύτερα
3599 3092 3724 3147 τῶν

2827 3164 3034 3232 ἔργων.

2737 3277 3126 3332 ΑΠΟΚΡΙΣΙΣ.

2221 3386 2280 3442 '0
2308 3390 2527 3458 γνήσιος
2569 3392 2627 3443 ἐν
2675 3393 2741 3462 τῇ
2786 3391 2922 3462 πρὸς
2959 3391 3090 3445 Θεὸν
3123 3391 3333 3463 ἀγάπῃ,
3377 3393 3472 3445 καὶ
3505 3391 3722 3462 βέϐαιος

2141 3479 2199 3532 ἐν
2238 3481 2576 3552 πληροφορίᾳ
2601 3485 2700 3554 τῆς
2729 3483 2880 3554 παρὰ
2913 3482 3004 3536 τοῦ
3038 3483 3243 3556 Κυρίου
3276 3483 3719 3554 μισθαποδοσίας,

2140 3572 2200 3625 οὑ
2235 3576 2348 3635 τοῖς
2383 3574 2690 3644 γινομένοις
2724 3576 2996 3646 ἀρκεῖται,
3027 3576 3112 3629 ἀεὶ
3153 3575 3209 3628 δὲ
3240 3576 3558 3648 προσθήκην
3595 3577 3720 3628 ἐπι-

2141 3664 2314 3734 ζητεῖ,
2361 3665 2578 3718 καὶτοῦ
2626 3666 2868 3731 πλείονος
2903 3667 3174 3738 ὀρέγεται.
3215 3667 3332 3721 Κᾶν
3383 3667 3524 3738 ὑπὲρ
3565 3667 3723 3720 δύνα-

2146 3772 2237 3826 μιν
2271 3755 2382 3825 (52)
2414 3755 2538 3828 δόξῃ
2567 3761 2742 3811 ποιεῖν
2759 3775 2833 3823 τι,
2871 3760 2972 3812 οὑκ
2988 3762 3299 3831 ἁμεριμνεῖ,
3327 3759 3402 3823 ὡς
3423 3759 3720 3830 πληρώσας

2141 3846 2202 3899 τὸ
2231 3847 2427 3920 μέτρον
2447 3865 2459 3878 ·
2490 3850 2697 3920 ἀγωνιᾷ
2725 3850 2782 3902 δὲ
2813 3852 2920 3918 ἀεὶ,
2961 3851 3036 3914 ὡς
3072 3853 3580 3922 ἁπολιμπανόμενος
3623 3853 3722 3906 τοῦ

2143 3939 2279 4010 πρὸς
2330 3939 2524 4004 ἀξίαν,
2585 3941 2678 3993 τοῦ
2735 3943 2942 4014 Κυρίου
2995 3943 3211 3998 ἀκούων
3265 3944 3721 4016 προστάσσοντος,

2142 4031 2222 4083 ὅτι
2258 4031 2442 4084 Ὅταν
2513 4032 2808 4102 ποιήσητε
2871 4038 3066 4088 πάντα
3131 4037 3203 4090 τὰ
3258 4035 3718 4106 διατεταγμένα,

2143 4122 2276 4173 τότε
2306 4122 2510 4190 λέγετε
2529 4139 2543 4152 ο
2567 4123 2781 4180 Δοῦλοι
2813 4126 3040 4194 ἀχρεῖοί
3072 4127 3289 4196 ἐσμεν·
3325 4129 3356 4182 ὃ
3388 4131 3725 4199 ὠφείλομεν

472 4213 620 4258 tem:
651 4203 784 4259 Cum
816 4205 1042 4273 feceritis
1089 4206 1266 4260 omnia
1303 4223 1418 4275 quae
1444 4218 1702 4276 praecepta
1738 4218 1882 4274 sunt,
1934 4219 2034 4264 tum

2145 4209 2416 4280 ποιῆσαι,
2464 4214 2908 4286 πεποιήκαμεν·
2959 4217 3053 4272 τοῦ
3099 4219 3158 4272 δὲ
3204 4221 3547 4288 Ἀποστόλου,
3597 4215 3642 4288 ᾧ
3693 4223 3724 4276 ὁ

471 4296 629 4351 dicite
656 4313 674 4350 :
707 4295 854 4350 Servi
889 4297 1101 4352 inutiles
1140 4315 1319 4352 sumus
1352 4313 1370 4351 :
1401 4298 1540 4368 quod
1592 4298 1908 4356 debebamus
1957 4302 2034 4372 fa-

2145 4305 2348 4375 κόσμος
2383 4307 2712 4380 ὲσταὺρωτο,
2754 4313 2847 4364 καὶ
2885 4311 3047 4376 αὑτὸς
3084 4311 3161 4383 τῷ
3194 4314 3403 4385 κόσμῳ,
3447 4315 3522 4386 μὴ
3563 4317 3725 4369 ἐπαι-

473 4404 605 4453 cere,
652 4387 961 4456 fecimus";
999 4390 1128 4445 item
1170 4405 1294 4445 cum
1343 4391 1498 4445 audit
1546 4390 1898 4461 Apostolum,
1952 4394 2034 4448 cui

2149 4399 2466 4469 σχυνθέντος
2517 4403 2723 4466 εἰπεῖν,
2771 4405 2852 4457 ὅτι
2910 4405 3056 4476 Ἐγὼ
3103 4407 3360 4475 ἐμαυτὸν
3403 4407 3565 4461 οὔπω
3619 4411 3725 4463 λο-

473 4478 711 4533 inundus
743 4478 1039 4535 cruciﬁxus
1067 4489 1204 4545 erat,
1234 4488 1288 4536 et
1317 4481 1432 4552 ipse
1476 4481 1681 4537 mundo
1698 4483 1768 4549 ⁷³,
1800 4485 1894 4552 qui
1927 4484 2034 4539 haec

2147 4491 2372 4563 γίζομαι
2404 4497 2844 4566 κατειληφέναι.
2879 4501 2988 4552 Ἓν
3016 4499 3103 4565 δὲ,
3132 4501 3202 4553 τὰ
3225 4500 3342 4569 μὲν
3375 4503 3566 4557 ὀπίσω
3593 4502 3724 4556 ἐπι-

472 4572 657 4628 dicere
701 4572 908 4628 veritus
941 4587 1050 4628 non
1101 4581 1186 4630 est
1217 4593 1230 4628 :
1259 4574 1368 4646 Ego
1402 4592 1482 4629 me
1526 4575 1758 4630 nondum
1808 4577 2034 4631 arbitror

2148 4588 2614 4655 λανθανόμενος,
2662 4589 2788 4654 τοῖς
2829 4589 2897 4643 δὲ
2935 4590 3275 4660 ἔμπροσθεν
3311 4593 3723 4665 ἐπεκτεινόμε-

472 4662 935 4731 compreltendisae.
965 4663 1137 4719 Unum
1154 4675 1353 4733 autem,
1381 4684 1498 4736 qua:
1517 4667 1728 4740 quidem
1753 4679 1895 4724 retro
1918 4680 2034 4725 sunt

2147 4692 2275 4742 νος,
2331 4676 2485 4730 κατὰ
2532 4679 2772 4734 σκοπὸν
2807 4680 2995 4736 διώκω
3044 4683 3142 4736 ἐπὶ
3184 4683 3252 4737 τὸ
3291 4685 3575 4752 ,ϐραϐεῖον
3611 4662 3724 4755 ἓῆς

474 4757 804 4823 obliviscens,
851 4758 919 4812 ad
968 4776 1030 4813 ea
1063 4777 1180 4814 vero
1220 4777 1335 4831 qum
1374 4771 1497 4815 sunt
1533 4763 1712 4831 priora
1758 4763 2034 4819 extendens

2147 4767 2269 4820 ἅνω
2301 4769 2577 4838 κλήσεως
2624 4772 2731 4827 τοῦ
2785 4775 2932 4829 Θεοῦ
2975 4776 3046 4828 ἐν
3080 4775 3312 4845 Χριστῷ
3350 4778 3559 4848 Ἰησοῦ.
3601 4781 3722 4844 Ὃς.

544 4940 587 4969 ⁸⁸
624 4938 781 4993 Joan.
822 4954 928 5002 vn,
960 4938 1050 4993 28.
1125 4940 1172 4970 "°
1213 4939 1344 4993 Luc.
1382 4955 1508 5004 χιι,
1547 4940 1632 4993 15.
1709 4941 1752 4971 ⁷⁸
1799 4938 1929 4993 Luc.
1969 4956 2034 4993 xv

2151 4942 2237 4995 10.
2315 4943 2359 4974 ⁷²
2399 4941 2520 4997 Gal.
2558 4961 2646 5010 vl,
2685 4945 2773 5000 14.

548 5092 656 5166 (26)
687 5094 745 5147 In
773 5093 953 5150 Vossii
983 5095 1171 5150 codice
1190 5103 1245 5151 et
1270 5097 1325 5150 in
1357 5094 1489 5167 Reg.
1514 5096 1688 5166 primo
1717 5111 1816 5164 pro
1843 5096 2040 5168 μέτρον

475 5165 671 5219 lettitur
703 5166 844 5219 ὅρον.
1692 5177 1696 5183 ’

563 5176 671 5218 ΙῐὶΙΓ
703 5176 844 5218 ὀοον.
1692 5177 1696 5183 ’

495 5180 671 5235 egttur
703 5181 844 5235 opov.
1692 5180 1696 5183 '

549 5235 658 5304 (27)
694 5235 922 5289 Codices
979 5235 1228 5289 nonnulli
1286 5234 1595 5302 ἀντιλογίας
1647 5235 2038 5304 τοῖςνλοιποῖς,

475 5307 703 5376 caeteris.
734 5305 856 5359 Mox
888 5305 997 5360 duo
1026 5320 1158 5360 mss.
1193 5305 1286 5358 καὶ
1320 5305 1508 5376 ἑαυτὸν
1543 5303 1869 5376 προσεθίζει.
1898 5308 2031 5361 Sub-

475 5375 748 5446 indeduo
785 5389 1166 5446 quoqpe_mss.
1198 5375 1755 5446 Exaacogiooxtuaast.

547 5444 658 5515 (28)
695 5443 880 5500 Codex
912 5443 1067 5500 Coll).
1099 5446 1159 5498 τὸ
1199 5446 1375 5514 ἔργον.
1425 5444 1546 5498 Mox
1577 5443 1716 5499 editi
1773 5445 1972 5515 μᾶλλον
2003 5445 2034 5515 ἦ

475 5512 576 5586 οῖς.
604 5514 718 5570 Vox
757 5516 955 5586 μᾶλλον
989 5523 1043 5569 et
1083 5516 1137 5569 in
1177 5512 1354 5570 Vossii
1403 5517 1589 5568 codice
1620 5526 1675 5570 et
1718 5512 1786 5569 in’
1807 5512 2040 5585 quatuor

478 5584 742 5657 aliisAno_n
759 5584 968 5657 legitur

550 5654 660 5726 (29)
689 5653 1076 5728 Βεε.’ρτὶωυε
1120 5655 1250 5710 Οὐδὲ
1277 5655 1380 5727 γὰρ
1420 5656 1547 5724 ἐγώ.
1592 5655 1884 5726 Aliquanto
1918 5665 2042 5726 post

2149 5099 2321 5173 codex
2359 5100 2512 5173 golb.
2545 5103 2772 5166 ἕκαστος
2811 5104 2982 5173 ὑμῶν.

2220 5171 2331 5247 (5Q)
2367 5169 2521 5247 unus
2544 5169 2967 5247 mssp'o‘éko'yaa
2995 5177 3160 5228 ἐστιν.
3197 5174 3398 5231 Ibidem
3439 5174 3571 5247 Reg.
3609 5185 3720 5231 ter-

2148 5239 2272 5315 tius
2288 5240 2514 5315 évt'gmov
2541 5239 2769 5315 Κυρίου.

2214 5309 2489 5391 (ὅτιλῐξες.
2510 5309 3112 5391 p‘riniqseiégsari-cwc.
3135 5314 3256 5370 Mox
3279 5316 3419 5371 idem
3443 5332 3543 5372 ms.
3570 5317 3724 5389 παρὰ

2146 5381 2397 5452 70579-5013
2435 5381 2873 5452 μισθαποδοσίας.

2219 5449 2496 5528 (ᾇὲῌὶος.
2529 5455 2738 5528 primus
2776 5455 3000 5524 δύναμιν
3032 5455 3157 5528 δόξῃ
3190 5457 3251 5509 τὸ
3281 5456 3438 5526 ἔργον
3459 5473 3471 5486 ·
3511 5458 3719 5528 ἀγωνιᾷ

2147 5519 2204 5599 δὲ
2228 5519 2864 5599 ῶςᾲπολῳξπανρμενος.
2899 5519 3003 5581 etc.
3053 5519 3500 5599 Aliquanto'post
3544 5519 3720 5582 eodei

2149 5589 2306 5646 Colb.
2337 5589 2732 5664 διατεταγμένα
2761 5596 2910 5665 ὑμῖν.
