  <div class='ocr_page' id='page_1' title='image "/cluster/home/n/w/nwhite01/storage/ocr_20150623/31/mdp.39015012934363/596.png"; bbox 0 0 4064 6238; ppageno 0'>
   <div class='ocr_carea' id='block_1_1' title="bbox 366 303 504 357">
    <p class='ocr_par' dir='ltr' id='par_1_1' title="bbox 366 303 504 357">
     <span class='ocr_line' id='line_1_1' title="bbox 366 303 504 357; baseline -0.007 0"><span class='ocrx_word' id='word_1_1' title='bbox 366 303 504 357; x_wconf 77' lang='grc'><strong>1165</strong></span> 
     </span>
    </p>
   </div>
   <div class='ocr_carea' id='block_1_2' title="bbox 1458 293 2568 352">
    <p class='ocr_par' dir='ltr' id='par_1_2' title="bbox 1458 293 2568 352">
     <span class='ocr_line' id='line_1_2' title="bbox 1458 293 2568 352; baseline -0.002 -2"><span class='ocrx_word' id='word_1_2' title='bbox 1458 294 1760 352; x_wconf 60' lang='grc' dir='ltr'><strong>ιὶίἐϐυἰιηῖἰ</strong></span> <span class='ocrx_word' id='word_1_3' title='bbox 1804 293 2102 350; x_wconf 71' lang='lat' dir='ltr'><strong>BIIEVIUS</strong></span> <span class='ocrx_word' id='word_1_4' title='bbox 2144 294 2568 350; x_wconf 67' lang='lat' dir='ltr'><strong>TRACTAT/E.</strong></span> 
     </span>
    </p>
   </div>
   <div class='ocr_carea' id='block_1_3' title="bbox 3488 294 3623 351">
    <p class='ocr_par' dir='ltr' id='par_1_3' title="bbox 3488 294 3623 351">
     <span class='ocr_line' id='line_1_3' title="bbox 3488 294 3623 351; baseline 0 -2"><span class='ocrx_word' id='word_1_5' title='bbox 3488 294 3623 351; x_wconf 80' lang='grc'><strong>1166</strong></span> 
     </span>
    </p>
   </div>
   <div class='ocr_carea' id='block_1_4' title="bbox 360 408 1959 480">
    <p class='ocr_par' dir='ltr' id='par_1_4' title="bbox 360 410 1945 480">
     <span class='ocr_line' id='line_1_4' title="bbox 360 410 1945 480; baseline -0.006 -8"><span class='ocrx_word' id='word_1_6' title='bbox 360 415 540 472; x_wconf 83' lang='grc' dir='ltr'>καίτοι</span> <span class='ocrx_word' id='word_1_7' title='bbox 585 410 832 475; x_wconf 76' lang='grc' dir='ltr'><strong>ἐξουσίαν</strong></span> <span class='ocrx_word' id='word_1_8' title='bbox 875 410 1035 480; x_wconf 80' lang='grc' dir='ltr'>ἔχων,</span> <span class='ocrx_word' id='word_1_9' title='bbox 1068 410 1129 464; x_wconf 86' lang='grc' dir='ltr'>τὺ</span> <span class='ocrx_word' id='word_1_10' title='bbox 1173 410 1499 478; x_wconf 79' lang='grc' dir='ltr'>Εὑαγγέλιον</span> <span class='ocrx_word' id='word_1_11' title='bbox 1544 410 1945 479; x_wconf 80' lang='grc' dir='ltr'><strong>καταγγέλλων,</strong></span> 
     </span>
    </p>
   </div>
   <div class='ocr_carea' id='block_1_5' title="bbox 2060 408 3630 480">
    <p class='ocr_par' dir='ltr' id='par_1_5' title="bbox 2060 408 3630 479">
     <span class='ocr_line' id='line_1_5' title="bbox 2060 408 3630 479; baseline 0.003 -17"><span class='ocrx_word' id='word_1_12' title='bbox 2060 410 2332 477; x_wconf 89' lang='lat' dir='ltr'><strong>meipsum,</strong></span> <span class='ocrx_word' id='word_1_13' title='bbox 2363 410 2431 462; x_wconf 85' lang='lat' dir='ltr'><strong>ad</strong></span> <span class='ocrx_word' id='word_1_14' title='bbox 2465 409 2787 463; x_wconf 85' lang='lat' dir='ltr'><strong>destinatum</strong></span> <span class='ocrx_word' id='word_1_15' title='bbox 2820 423 3123 479; x_wconf 88' lang='lat' dir='ltr'><strong>persequor,</strong></span> <span class='ocrx_word' id='word_1_16' title='bbox 3158 408 3228 463; x_wconf 81' lang='lat' dir='ltr'><strong>ad</strong></span> <span class='ocrx_word' id='word_1_17' title='bbox 3264 410 3502 466; x_wconf 83' lang='lat' dir='ltr'><strong>bravium</strong></span> <span class='ocrx_word' id='word_1_18' title='bbox 3538 430 3630 467; x_wconf 75' lang='lat' dir='ltr'><strong>su-</strong></span> 
     </span>
    </p>
   </div>
   <div class='ocr_carea' id='block_1_6' title="bbox 362 502 1941 572">
    <p class='ocr_par' dir='ltr' id='par_1_6' title="bbox 362 502 1941 572">
     <span class='ocr_line' id='line_1_6' title="bbox 362 502 1941 572; baseline -0.004 -13"><span class='ocrx_word' id='word_1_19' title='bbox 362 507 429 559; x_wconf 79' lang='grc' dir='ltr'>ὲκ</span> <span class='ocrx_word' id='word_1_20' title='bbox 452 502 542 557; x_wconf 83' lang='grc' dir='ltr'>τοῦ</span> <span class='ocrx_word' id='word_1_21' title='bbox 574 503 903 571; x_wconf 85' lang='grc' dir='ltr'>Εὑαγγελίου</span> <span class='ocrx_word' id='word_1_22' title='bbox 941 502 1059 572; x_wconf 79' lang='grc' dir='ltr'><strong>ζῇν.</strong></span> <span class='ocrx_word' id='word_1_23' title='bbox 1092 503 1184 553; x_wconf 88' lang='grc' dir='ltr'><strong>Ἐν</strong></span> <span class='ocrx_word' id='word_1_24' title='bbox 1210 503 1373 565; x_wconf 85' lang='grc' dir='ltr'>κόπῳ</span> <span class='ocrx_word' id='word_1_25' title='bbox 1400 502 1498 554; x_wconf 85' lang='grc' dir='ltr'>καὶ</span> <span class='ocrx_word' id='word_1_26' title='bbox 1542 504 1765 571; x_wconf 84' lang='grc' dir='ltr'><strong>μόχθῳ,</strong></span> <span class='ocrx_word' id='word_1_27' title='bbox 1789 502 1941 572; x_wconf 64' lang='grc' dir='ltr'>φησι,</span> 
     </span>
    </p>
   </div>
   <div class='ocr_carea' id='block_1_7' title="bbox 360 594 1949 665">
    <p class='ocr_par' dir='ltr' id='par_1_7' title="bbox 360 594 1949 665">
     <span class='ocr_line' id='line_1_7' title="bbox 360 594 1949 665; baseline -0.003 -14"><span class='ocrx_word' id='word_1_28' title='bbox 360 596 583 662; x_wconf 73' lang='grc' dir='ltr'>νυκτός</span> <span class='ocrx_word' id='word_1_29' title='bbox 614 598 711 649; x_wconf 77' lang='grc' dir='ltr'>καὶ</span> <span class='ocrx_word' id='word_1_30' title='bbox 741 596 965 665; x_wconf 76' lang='grc' dir='ltr'>ἡμέρας</span> <span class='ocrx_word' id='word_1_31' title='bbox 1006 594 1395 664; x_wconf 76' lang='grc' dir='ltr'>ἐργαζόμενοι,</span> <span class='ocrx_word' id='word_1_32' title='bbox 1427 598 1539 665; x_wconf 78' lang='grc' dir='ltr'><strong>οὐχ</strong></span> <span class='ocrx_word' id='word_1_33' title='bbox 1572 596 1681 664; x_wconf 77' lang='grc'><strong>(55)</strong></span> <span class='ocrx_word' id='word_1_34' title='bbox 1712 594 1799 647; x_wconf 80' lang='grc' dir='ltr'>ὅτι</span> <span class='ocrx_word' id='word_1_35' title='bbox 1839 597 1949 647; x_wconf 80' lang='grc' dir='ltr'>οὐκ</span> 
     </span>
    </p>
   </div>
   <div class='ocr_carea' id='block_1_8' title="bbox 359 684 1951 757">
    <p class='ocr_par' dir='ltr' id='par_1_8' title="bbox 359 684 1951 757">
     <span class='ocr_line' id='line_1_8' title="bbox 359 684 1951 757; baseline -0.003 -14"><span class='ocrx_word' id='word_1_36' title='bbox 359 688 583 757; x_wconf 68' lang='grc' dir='ltr'>ἔχομεν</span> <span class='ocrx_word' id='word_1_37' title='bbox 606 686 919 750; x_wconf 80' lang='grc' dir='ltr'>ἐξουσίαν,</span> <span class='ocrx_word' id='word_1_38' title='bbox 954 687 1093 740; x_wconf 82' lang='grc' dir='ltr'>ἀλλ’</span> <span class='ocrx_word' id='word_1_39' title='bbox 1122 688 1221 739; x_wconf 85' lang='grc' dir='ltr'><strong>ἵνα</strong></span> <span class='ocrx_word' id='word_1_40' title='bbox 1249 686 1499 753; x_wconf 83' lang='grc' dir='ltr'>ἑαυτοὺς</span> <span class='ocrx_word' id='word_1_41' title='bbox 1532 688 1723 739; x_wconf 87' lang='grc' dir='ltr'>τύπον</span> <span class='ocrx_word' id='word_1_42' title='bbox 1755 684 1951 754; x_wconf 79' lang='grc' dir='ltr'>δῶμεν</span> 
     </span>
    </p>
   </div>
   <div class='ocr_carea' id='block_1_9' title="bbox 365 774 1951 850">
    <p class='ocr_par' dir='ltr' id='par_1_9' title="bbox 365 774 1951 850">
     <span class='ocr_line' id='line_1_9' title="bbox 365 774 1951 850; baseline -0.003 -17"><span class='ocrx_word' id='word_1_43' title='bbox 365 782 508 850; x_wconf 79' lang='grc' dir='ltr'>ὑμῖν</span> <span class='ocrx_word' id='word_1_44' title='bbox 534 784 621 847; x_wconf 88' lang='grc' dir='ltr'><strong>είς</strong></span> <span class='ocrx_word' id='word_1_45' title='bbox 652 782 717 833; x_wconf 86' lang='grc' dir='ltr'>τὸ</span> <span class='ocrx_word' id='word_1_46' title='bbox 757 781 1063 849; x_wconf 80' lang='grc' dir='ltr'>μιμεῖσθαι</span> <span class='ocrx_word' id='word_1_47' title='bbox 1095 780 1271 849; x_wconf 78' lang='grc' dir='ltr'>ἡμᾶς.</span> <span class='ocrx_word' id='word_1_48' title='bbox 1324 781 1419 842; x_wconf 79' lang='grc' dir='ltr'><strong>Τίς</strong></span> <span class='ocrx_word' id='word_1_49' title='bbox 1459 774 1551 833; x_wconf 79' lang='grc' dir='ltr'><strong>οὖν</strong></span> <span class='ocrx_word' id='word_1_50' title='bbox 1583 778 1760 841; x_wconf 69' lang='grc' dir='ltr'>οὕτως</span> <span class='ocrx_word' id='word_1_51' title='bbox 1798 779 1951 830; x_wconf 87' lang='grc' dir='ltr'>ἀναί-</span> 
     </span>
    </p>
   </div>
   <div class='ocr_carea' id='block_1_10' title="bbox 369 870 1948 945">
    <p class='ocr_par' dir='ltr' id='par_1_10' title="bbox 369 870 1948 945">
     <span class='ocr_line' id='line_1_10' title="bbox 369 870 1948 945; baseline -0.004 -19"><span class='ocrx_word' id='word_1_52' title='bbox 369 874 564 945; x_wconf 87' lang='grc' dir='ltr'>σθητος</span> <span class='ocrx_word' id='word_1_53' title='bbox 603 872 698 926; x_wconf 70' lang='grc' dir='ltr'><strong>καὶ</strong></span> <span class='ocrx_word' id='word_1_54' title='bbox 741 872 986 935; x_wconf 84' lang='grc' dir='ltr'>ἄπιστος,</span> <span class='ocrx_word' id='word_1_55' title='bbox 1023 872 1099 934; x_wconf 81' lang='grc' dir='ltr'>ὡς</span> <span class='ocrx_word' id='word_1_56' title='bbox 1150 871 1487 942; x_wconf 76' lang='grc' dir='ltr'>ἀρκεσθῆναί</span> <span class='ocrx_word' id='word_1_57' title='bbox 1521 882 1652 922; x_wconf 71' lang='grc' dir='ltr'>ποτε</span> <span class='ocrx_word' id='word_1_58' title='bbox 1685 872 1798 933; x_wconf 86' lang='grc' dir='ltr'>τοῖς</span> <span class='ocrx_word' id='word_1_59' title='bbox 1849 870 1948 940; x_wconf 69' lang='grc' dir='ltr'><strong>ἤδη</strong></span> 
     </span>
    </p>
   </div>
   <div class='ocr_carea' id='block_1_11' title="bbox 368 962 1948 1038">
    <p class='ocr_par' dir='ltr' id='par_1_11' title="bbox 368 962 1948 1038">
     <span class='ocr_line' id='line_1_11' title="bbox 368 962 1948 1038; baseline -0.003 -20"><span class='ocrx_word' id='word_1_60' title='bbox 368 967 699 1037; x_wconf 80' lang='grc' dir='ltr'><strong>γενομένοις,</strong></span> <span class='ocrx_word' id='word_1_61' title='bbox 742 966 774 1037; x_wconf 78' lang='grc' dir='ltr'>ἢ</span> <span class='ocrx_word' id='word_1_62' title='bbox 831 964 1275 1038; x_wconf 80' lang='grc' dir='ltr'>παραιτήσασθαί</span> <span class='ocrx_word' id='word_1_63' title='bbox 1323 982 1376 1017; x_wconf 88' lang='grc' dir='ltr'><strong>τι</strong></span> <span class='ocrx_word' id='word_1_64' title='bbox 1434 964 1509 1027; x_wconf 85' lang='grc' dir='ltr'>ὡς</span> <span class='ocrx_word' id='word_1_65' title='bbox 1556 962 1874 1033; x_wconf 82' lang='grc' dir='ltr'>βαρύτερον,</span> <span class='ocrx_word' id='word_1_66' title='bbox 1917 963 1948 1033; x_wconf 86' lang='grc' dir='ltr'><strong>ῆ</strong></span> 
     </span>
    </p>
   </div>
   <div class='ocr_carea' id='block_1_12' title="bbox 364 1057 659 1123">
    <p class='ocr_par' dir='ltr' id='par_1_12' title="bbox 364 1057 659 1123">
     <span class='ocr_line' id='line_1_12' title="bbox 364 1057 659 1123; baseline -0.007 -10"><span class='ocrx_word' id='word_1_67' title='bbox 364 1057 612 1121; x_wconf 75' lang='grc' dir='ltr'><strong>κοπῶδες</strong></span> <span class='ocrx_word' id='word_1_68' title='bbox 645 1075 659 1123; x_wconf 89' lang='grc'>;</span> 
     </span>
    </p>
   </div>
   <div class='ocr_carea' id='block_1_13' title="bbox 884 1254 1423 1308">
    <p class='ocr_par' dir='ltr' id='par_1_13' title="bbox 884 1254 1423 1308">
     <span class='ocr_line' id='line_1_13' title="bbox 884 1254 1423 1308; baseline -0.004 -1"><span class='ocrx_word' id='word_1_69' title='bbox 884 1254 1216 1308; x_wconf 81' lang='grc' dir='ltr'><strong>ΕΡΩΤΗΣῙΣ</strong></span> <span class='ocrx_word' id='word_1_70' title='bbox 1251 1256 1423 1307; x_wconf 85' lang='lat' dir='ltr'><strong>PKB&#39;.</strong></span> 
     </span>
    </p>
   </div>
   <div class='ocr_carea' id='block_1_14' title="bbox 381 1341 1949 1416">
    <p class='ocr_par' dir='ltr' id='par_1_14' title="bbox 381 1341 1949 1416">
     <span class='ocr_line' id='line_1_14' title="bbox 381 1341 1949 1416; baseline -0.017 2"><span class='ocrx_word' id='word_1_71' title='bbox 381 1349 517 1402; x_wconf 73' lang='grc' dir='ltr'><strong>Ἐάν</strong></span> <span class='ocrx_word' id='word_1_72' title='bbox 543 1366 650 1413; x_wconf 71' lang='grc' dir='ltr'><strong>τις,</strong></span> <span class='ocrx_word' id='word_1_73' title='bbox 700 1349 1059 1416; x_wconf 64' lang='grc' dir='ltr'>ἐπιτιμηθεὶς</span> <span class='ocrx_word' id='word_1_74' title='bbox 1096 1348 1378 1415; x_wconf 69' lang='grc' dir='ltr'>εὐλογίαν</span> <span class='ocrx_word' id='word_1_75' title='bbox 1401 1345 1486 1415; x_wconf 80' lang='grc' dir='ltr'>μὴ</span> <span class='ocrx_word' id='word_1_76' title='bbox 1519 1341 1746 1416; x_wconf 61' lang='grc' dir='ltr'>λαβεῖν,</span> <span class='ocrx_word' id='word_1_77' title='bbox 1782 1341 1949 1416; x_wconf 72' lang='grc' dir='ltr'>λέγῃ,</span> 
     </span>
    </p>
   </div>
   <div class='ocr_carea' id='block_1_15' title="bbox 440 1413 1955 1487">
    <p class='ocr_par' dir='ltr' id='par_1_15' title="bbox 440 1413 1955 1487">
     <span class='ocr_line' id='line_1_15' title="bbox 440 1413 1955 1487; baseline -0.006 -15"><span class='ocrx_word' id='word_1_78' title='bbox 440 1421 549 1481; x_wconf 83' lang='grc' dir='ltr'>ὅτι,</span> <span class='ocrx_word' id='word_1_79' title='bbox 587 1439 604 1469; x_wconf 80' lang='grc' dir='ltr'><strong>ι</strong></span> <span class='ocrx_word' id='word_1_80' title='bbox 655 1418 788 1471; x_wconf 85' lang='grc' dir='ltr'><strong>Ἐὰν</strong></span> <span class='ocrx_word' id='word_1_81' title='bbox 812 1413 897 1485; x_wconf 61' lang='grc' dir='ltr'>μὴ</span> <span class='ocrx_word' id='word_1_82' title='bbox 923 1413 1089 1471; x_wconf 73' lang='grc' dir='ltr'>λάϐω</span> <span class='ocrx_word' id='word_1_83' title='bbox 1122 1413 1425 1487; x_wconf 72' lang='grc' dir='ltr'>εὐλογίαν,</span> <span class='ocrx_word' id='word_1_84' title='bbox 1459 1417 1569 1468; x_wconf 83' lang='grc' dir='ltr'>οὐκ</span> <span class='ocrx_word' id='word_1_85' title='bbox 1598 1413 1808 1465; x_wconf 79' lang='grc' dir='ltr'>ἐσθίω·</span> <span class='ocrx_word' id='word_1_86' title='bbox 1854 1432 1871 1461; x_wconf 74' lang='grc' dir='ltr'><strong>ι</strong></span> <span class='ocrx_word' id='word_1_87' title='bbox 1903 1415 1955 1463; x_wconf 86' lang='grc' dir='ltr'><strong>εί</strong></span> 
     </span>
    </p>
   </div>
   <div class='ocr_carea' id='block_1_16' title="bbox 439 1488 1121 1557">
    <p class='ocr_par' dir='ltr' id='par_1_16' title="bbox 439 1488 1121 1557">
     <span class='ocr_line' id='line_1_16' title="bbox 439 1488 1121 1557; baseline -0.003 -15"><span class='ocrx_word' id='word_1_88' title='bbox 439 1490 534 1543; x_wconf 82' lang='grc' dir='ltr'><strong>δεῖ</strong></span> <span class='ocrx_word' id='word_1_89' title='bbox 563 1490 750 1543; x_wconf 82' lang='grc' dir='ltr'>αὑτοῦ</span> <span class='ocrx_word' id='word_1_90' title='bbox 780 1488 1121 1557; x_wconf 78' lang='grc' dir='ltr'>ἀνέχεσθαι.</span> 
     </span>
    </p>
   </div>
   <div class='ocr_carea' id='block_1_17' title="bbox 969 1602 1357 1657">
    <p class='ocr_par' dir='ltr' id='par_1_17' title="bbox 969 1602 1357 1657">
     <span class='ocr_line' id='line_1_17' title="bbox 969 1602 1357 1657; baseline 0 -3"><span class='ocrx_word' id='word_1_91' title='bbox 969 1602 1357 1657; x_wconf 80' lang='grc' dir='ltr'><strong>ΑΠΟΚΡῙΣΙΣ.</strong></span> 
     </span>
    </p>
   </div>
   <div class='ocr_carea' id='block_1_18' title="bbox 440 1687 1953 1762">
    <p class='ocr_par' dir='ltr' id='par_1_18' title="bbox 440 1687 1953 1762">
     <span class='ocr_line' id='line_1_18' title="bbox 440 1687 1953 1762; baseline -0.004 -17"><span class='ocrx_word' id='word_1_92' title='bbox 440 1694 503 1745; x_wconf 82' lang='lat' dir='ltr'><strong>Ei</strong></span> <span class='ocrx_word' id='word_1_93' title='bbox 536 1693 634 1762; x_wconf 82' lang='grc' dir='ltr'><strong>μὲν</strong></span> <span class='ocrx_word' id='word_1_94' title='bbox 661 1692 915 1745; x_wconf 81' lang='grc' dir='ltr'>τοσούτου</span> <span class='ocrx_word' id='word_1_95' title='bbox 957 1692 1232 1762; x_wconf 76' lang='grc' dir='ltr'>ἐπιτιμίου</span> <span class='ocrx_word' id='word_1_96' title='bbox 1283 1692 1430 1758; x_wconf 81' lang='grc' dir='ltr'>ἄξιον</span> <span class='ocrx_word' id='word_1_97' title='bbox 1477 1691 1538 1745; x_wconf 84' lang='grc' dir='ltr'><strong>τὸ</strong></span> <span class='ocrx_word' id='word_1_98' title='bbox 1578 1694 1848 1762; x_wconf 79' lang='grc' dir='ltr'><strong>πταῖσμα,</strong></span> <span class='ocrx_word' id='word_1_99' title='bbox 1878 1687 1953 1749; x_wconf 84' lang='grc' dir='ltr'>ὡς</span> 
     </span>
    </p>
   </div>
   <div class='ocr_carea' id='block_1_19' title="bbox 2053 496 3629 569">
    <p class='ocr_par' dir='ltr' id='par_1_19' title="bbox 2053 496 3629 569">
     <span class='ocr_line' id='line_1_19' title="bbox 2053 496 3629 569; baseline 0.004 -18"><span class='ocrx_word' id='word_1_100' title='bbox 2053 514 2226 567; x_wconf 72' lang='lat' dir='ltr'><strong>perna:</strong></span> <span class='ocrx_word' id='word_1_101' title='bbox 2246 500 2533 552; x_wconf 86' lang='lat' dir='ltr'><strong>vocationis</strong></span> <span class='ocrx_word' id='word_1_102' title='bbox 2558 496 2657 551; x_wconf 88' lang='lat' dir='ltr'><strong>Dei</strong></span> <span class='ocrx_word' id='word_1_103' title='bbox 2682 499 2738 551; x_wconf 90' lang='lat' dir='ltr'><strong><em>in</em></strong></span> <span class='ocrx_word' id='word_1_104' title='bbox 2758 496 2966 552; x_wconf 77' lang='lat' dir='ltr'><strong>Christo</strong></span> <span class='ocrx_word' id='word_1_105' title='bbox 2988 498 3118 552; x_wconf 74' lang='lat' dir='ltr'><strong>Iesu</strong></span> <span class='ocrx_word' id='word_1_106' title='bbox 3133 500 3199 553; x_wconf 84' lang='grc'><strong>⁷³.</strong></span> <span class='ocrx_word' id='word_1_107' title='bbox 3226 499 3330 566; x_wconf 82' lang='lat' dir='ltr'><strong>Qui</strong></span> <span class='ocrx_word' id='word_1_108' title='bbox 3352 515 3477 556; x_wconf 90' lang='lat' dir='ltr'><strong>cum</strong></span> <span class='ocrx_word' id='word_1_109' title='bbox 3500 503 3629 569; x_wconf 85' lang='lat' dir='ltr'><strong>sibi,</strong></span> 
     </span>
    </p>
   </div>
   <div class='ocr_carea' id='block_1_20' title="bbox 2052 591 3633 665">
    <p class='ocr_par' dir='ltr' id='par_1_20' title="bbox 2052 591 3633 665">
     <span class='ocr_line' id='line_1_20' title="bbox 2052 591 3633 665; baseline 0.003 -19"><span class='ocrx_word' id='word_1_110' title='bbox 2052 600 2238 661; x_wconf 87' lang='lat' dir='ltr'><strong>utpote</strong></span> <span class='ocrx_word' id='word_1_111' title='bbox 2279 591 2636 660; x_wconf 85' lang='lat' dir='ltr'><strong>Evangelium</strong></span> <span class='ocrx_word' id='word_1_112' title='bbox 2688 592 3061 653; x_wconf 75' lang='lat' dir='ltr'><strong>annuntianti,</strong></span> <span class='ocrx_word' id='word_1_113' title='bbox 3112 608 3177 647; x_wconf 84' lang='lat' dir='ltr'><strong>ex</strong></span> <span class='ocrx_word' id='word_1_114' title='bbox 3212 592 3513 665; x_wconf 85' lang='lat' dir='ltr'><strong>Evangelio</strong></span> <span class='ocrx_word' id='word_1_115' title='bbox 3553 599 3633 651; x_wconf 85' lang='lat' dir='ltr'><strong>vi-</strong></span> 
     </span>
    </p>
   </div>
   <div class='ocr_carea' id='block_1_21' title="bbox 2051 685 3632 759">
    <p class='ocr_par' dir='ltr' id='par_1_21' title="bbox 2051 685 3632 759">
     <span class='ocr_line' id='line_1_21' title="bbox 2051 685 3632 759; baseline 0.001 -18"><span class='ocrx_word' id='word_1_116' title='bbox 2051 703 2178 742; x_wconf 84' lang='lat' dir='ltr'><strong>vere</strong></span> <span class='ocrx_word' id='word_1_117' title='bbox 2207 688 2484 751; x_wconf 73' lang='lat' dir='ltr'><strong>liceret“,</strong></span> <span class='ocrx_word' id='word_1_118' title='bbox 2518 687 2593 739; x_wconf 84' lang='lat' dir='ltr'><strong>ait</strong></span> <span class='ocrx_word' id='word_1_119' title='bbox 2619 705 2631 739; x_wconf 92' lang='lat'><strong>:</strong></span> <span class='ocrx_word' id='word_1_120' title='bbox 2668 685 2735 739; x_wconf 88' lang='lat' dir='ltr'>In</span> <span class='ocrx_word' id='word_1_121' title='bbox 2768 686 2947 740; x_wconf 84' lang='lat' dir='ltr'><strong>labore</strong></span> <span class='ocrx_word' id='word_1_122' title='bbox 2976 697 3024 741; x_wconf 89' lang='lat' dir='ltr'><strong>et</strong></span> <span class='ocrx_word' id='word_1_123' title='bbox 3048 689 3385 759; x_wconf 76' lang='lat' dir='ltr'><strong>fatigatione,</strong></span> <span class='ocrx_word' id='word_1_124' title='bbox 3414 701 3563 745; x_wconf 90' lang='lat' dir='ltr'><strong>nocte</strong></span> <span class='ocrx_word' id='word_1_125' title='bbox 3582 702 3632 745; x_wconf 88' lang='lat' dir='ltr'><strong><em>et</em></strong></span> 
     </span>
    </p>
   </div>
   <div class='ocr_carea' id='block_1_22' title="bbox 2052 778 3629 850">
    <p class='ocr_par' dir='ltr' id='par_1_22' title="bbox 2052 778 3629 850">
     <span class='ocr_line' id='line_1_22' title="bbox 2052 778 3629 850; baseline 0.004 -19"><span class='ocrx_word' id='word_1_126' title='bbox 2052 779 2135 833; x_wconf 87' lang='lat' dir='ltr'><strong>die</strong></span> <span class='ocrx_word' id='word_1_127' title='bbox 2172 788 2471 847; x_wconf 88' lang='lat' dir='ltr'><strong>nperantes,</strong></span> <span class='ocrx_word' id='word_1_128' title='bbox 2502 795 2605 830; x_wconf 92' lang='lat' dir='ltr'><strong>non</strong></span> <span class='ocrx_word' id='word_1_129' title='bbox 2641 778 2779 848; x_wconf 83' lang='lat' dir='ltr'><strong>quod</strong></span> <span class='ocrx_word' id='word_1_130' title='bbox 2826 796 2928 833; x_wconf 84' lang='lat' dir='ltr'><strong>non</strong></span> <span class='ocrx_word' id='word_1_131' title='bbox 2968 780 3256 835; x_wconf 81' lang='lat' dir='ltr'><strong>habeamus</strong></span> <span class='ocrx_word' id='word_1_132' title='bbox 3294 792 3629 850; x_wconf 86' lang='lat' dir='ltr'><strong>potestatem,</strong></span> 
     </span>
    </p>
   </div>
   <div class='ocr_carea' id='block_1_23' title="bbox 2052 868 3631 936">
    <p class='ocr_par' dir='ltr' id='par_1_23' title="bbox 2052 868 3631 936">
     <span class='ocr_line' id='line_1_23' title="bbox 2052 868 3631 936; baseline 0.004 -15"><span class='ocrx_word' id='word_1_133' title='bbox 2052 869 2140 921; x_wconf 87' lang='lat' dir='ltr'><strong>sed</strong></span> <span class='ocrx_word' id='word_1_134' title='bbox 2167 878 2224 920; x_wconf 88' lang='lat' dir='ltr'><strong>ut</strong></span> <span class='ocrx_word' id='word_1_135' title='bbox 2268 885 2361 922; x_wconf 89' lang='lat' dir='ltr'><strong>nos</strong></span> <span class='ocrx_word' id='word_1_136' title='bbox 2406 868 2546 936; x_wconf 87' lang='lat' dir='ltr'><strong>ipsos</strong></span> <span class='ocrx_word' id='word_1_137' title='bbox 2570 868 2799 935; x_wconf 75' lang='lat' dir='ltr'><strong>formam</strong></span> <span class='ocrx_word' id='word_1_138' title='bbox 2829 869 3011 922; x_wconf 88' lang='lat' dir='ltr'><strong>demus</strong></span> <span class='ocrx_word' id='word_1_139' title='bbox 3037 872 3179 925; x_wconf 78' lang='lat' dir='ltr'><strong>vobis</strong></span> <span class='ocrx_word' id='word_1_140' title='bbox 3214 873 3280 924; x_wconf 88' lang='lat' dir='ltr'><strong>ad</strong></span> <span class='ocrx_word' id='word_1_141' title='bbox 3313 873 3631 928; x_wconf 88' lang='lat' dir='ltr'><strong>imitandum</strong></span> 
     </span>
    </p>
   </div>
   <div class='ocr_carea' id='block_1_24' title="bbox 2053 951 3628 1024">
    <p class='ocr_par' dir='ltr' id='par_1_24' title="bbox 2053 951 3628 1024">
     <span class='ocr_line' id='line_1_24' title="bbox 2053 951 3628 1024; baseline 0.005 -18"><span class='ocrx_word' id='word_1_142' title='bbox 2053 969 2146 1006; x_wconf 87' lang='lat' dir='ltr'><strong>nos</strong></span> <span class='ocrx_word' id='word_1_143' title='bbox 2164 954 2230 1005; x_wconf 82' lang='grc'><strong>⁷⁵.</strong></span> <span class='ocrx_word' id='word_1_144' title='bbox 2265 951 2401 1018; x_wconf 87' lang='lat' dir='ltr'><strong>Quis</strong></span> <span class='ocrx_word' id='word_1_145' title='bbox 2434 952 2601 1023; x_wconf 87' lang='lat' dir='ltr'><strong>igitur</strong></span> <span class='ocrx_word' id='word_1_146' title='bbox 2643 952 2780 1007; x_wconf 86' lang='lat' dir='ltr'><strong>adeo</strong></span> <span class='ocrx_word' id='word_1_147' title='bbox 2807 955 3062 1023; x_wconf 87' lang='lat' dir='ltr'><strong>stupidus</strong></span> <span class='ocrx_word' id='word_1_148' title='bbox 3094 965 3256 1010; x_wconf 83' lang='lat' dir='ltr'><strong>estet</strong></span> <span class='ocrx_word' id='word_1_149' title='bbox 3289 957 3628 1024; x_wconf 85' lang='lat' dir='ltr'><strong>incredulus,</strong></span> 
     </span>
    </p>
   </div>
   <div class='ocr_carea' id='block_1_25' title="bbox 2053 1045 3630 1122">
    <p class='ocr_par' dir='ltr' id='par_1_25' title="bbox 2053 1045 3630 1122">
     <span class='ocr_line' id='line_1_25' title="bbox 2053 1045 3630 1122; baseline 0.005 -23"><span class='ocrx_word' id='word_1_150' title='bbox 2053 1053 2113 1099; x_wconf 92' lang='lat' dir='ltr'><strong>ut</strong></span> <span class='ocrx_word' id='word_1_151' title='bbox 2139 1046 2205 1099; x_wconf 91' lang='lat' dir='ltr'><strong>iis</strong></span> <span class='ocrx_word' id='word_1_152' title='bbox 2245 1061 2367 1115; x_wconf 77' lang='lat' dir='ltr'><strong>quae</strong></span> <span class='ocrx_word' id='word_1_153' title='bbox 2399 1045 2609 1110; x_wconf 83' lang='lat' dir='ltr'><strong>fecerit,</strong></span> <span class='ocrx_word' id='word_1_154' title='bbox 2640 1062 2882 1115; x_wconf 84' lang='lat' dir='ltr'><strong>unquam</strong></span> <span class='ocrx_word' id='word_1_155' title='bbox 2919 1049 3255 1117; x_wconf 86' lang='lat' dir='ltr'><strong>acquiescat,</strong></span> <span class='ocrx_word' id='word_1_156' title='bbox 3289 1060 3381 1105; x_wconf 93' lang='lat' dir='ltr'><strong>aut</strong></span> <span class='ocrx_word' id='word_1_157' title='bbox 3426 1052 3630 1122; x_wconf 88' lang='lat' dir='ltr'><strong>aliquid</strong></span> 
     </span>
    </p>
   </div>
   <div class='ocr_carea' id='block_1_26' title="bbox 2054 1136 3281 1205">
    <p class='ocr_par' dir='ltr' id='par_1_26' title="bbox 2054 1136 3281 1205">
     <span class='ocr_line' id='line_1_26' title="bbox 2054 1136 3281 1205; baseline 0.002 -15"><span class='ocrx_word' id='word_1_158' title='bbox 2054 1136 2201 1190; x_wconf 92' lang='lat' dir='ltr'><strong>velut</strong></span> <span class='ocrx_word' id='word_1_159' title='bbox 2234 1140 2454 1205; x_wconf 81' lang='lat' dir='ltr'><strong>gravius</strong></span> <span class='ocrx_word' id='word_1_160' title='bbox 2488 1144 2582 1190; x_wconf 91' lang='lat' dir='ltr'><strong>aut</strong></span> <span class='ocrx_word' id='word_1_161' title='bbox 2614 1137 2947 1193; x_wconf 84' lang='lat' dir='ltr'><strong>laboriosius</strong></span> <span class='ocrx_word' id='word_1_162' title='bbox 2977 1139 3281 1196; x_wconf 81' lang='lat' dir='ltr'><strong>detrectet?</strong></span> 
     </span>
    </p>
   </div>
   <div class='ocr_carea' id='block_1_27' title="bbox 2454 1249 3221 1312">
    <p class='ocr_par' dir='ltr' id='par_1_27' title="bbox 2454 1249 3221 1312">
     <span class='ocr_line' id='line_1_27' title="bbox 2454 1249 3221 1312; baseline 0.012 -9"><span class='ocrx_word' id='word_1_163' title='bbox 2454 1249 2975 1308; x_wconf 70' lang='lat' dir='ltr'><strong>INTERROGATIO</strong></span> <span class='ocrx_word' id='word_1_164' title='bbox 3015 1254 3221 1312; x_wconf 76' lang='lat' dir='ltr'><strong>CXXII.</strong></span> 
     </span>
    </p>
   </div>
   <div class='ocr_carea' id='block_1_28' title="bbox 2056 1340 3633 1414">
    <p class='ocr_par' dir='ltr' id='par_1_28' title="bbox 2056 1340 3633 1414">
     <span class='ocr_line' id='line_1_28' title="bbox 2056 1340 3633 1414; baseline 0.006 -18"><span class='ocrx_word' id='word_1_165' title='bbox 2056 1340 2304 1414; x_wconf 12' lang='lat' dir='ltr'><strong>Cuigha&#39;c</strong></span> <span class='ocrx_word' id='word_1_166' title='bbox 2351 1344 2518 1396; x_wconf 84' lang='lat' dir='ltr'><strong>multa</strong></span> <span class='ocrx_word' id='word_1_167' title='bbox 2549 1345 2787 1413; x_wconf 85' lang='lat' dir='ltr'><strong>irrogata</strong></span> <span class='ocrx_word' id='word_1_168' title='bbox 2811 1347 2931 1414; x_wconf 82' lang='lat' dir='ltr'><strong>fuit,</strong></span> <span class='ocrx_word' id='word_1_169' title='bbox 2972 1349 3220 1401; x_wconf 77' lang='lat' dir='ltr'><strong>nimirum</strong></span> <span class='ocrx_word' id='word_1_170' title='bbox 3259 1360 3311 1401; x_wconf 87' lang='lat' dir='ltr'><strong>ut</strong></span> <span class='ocrx_word' id='word_1_171' title='bbox 3354 1368 3453 1403; x_wconf 88' lang='lat' dir='ltr'><strong>non</strong></span> <span class='ocrx_word' id='word_1_172' title='bbox 3495 1352 3633 1405; x_wconf 61' lang='lat' dir='ltr'><strong>acria</strong></span> 
     </span>
    </p>
   </div>
   <div class='ocr_carea' id='block_1_29' title="bbox 2122 1412 3635 1489">
    <p class='ocr_par' dir='ltr' id='par_1_29' title="bbox 2122 1412 3635 1489">
     <span class='ocr_line' id='line_1_29' title="bbox 2122 1412 3635 1489; baseline 0.009 -26"><span class='ocrx_word' id='word_1_173' title='bbox 2122 1412 2692 1489; x_wconf 60' lang='lat' dir='ltr'><strong>piatbenedictioneni,</strong></span> <span class='ocrx_word' id='word_1_174' title='bbox 2718 1417 2766 1489; x_wconf 81' lang='lat' dir='ltr'><strong><em>si</em></strong></span> <span class='ocrx_word' id='word_1_175' title='bbox 2791 1412 2837 1468; x_wconf 85' lang='lat' dir='ltr'><strong><em>is</em></strong></span> <span class='ocrx_word' id='word_1_176' title='bbox 2864 1417 3008 1469; x_wconf 80' lang='lat' dir='ltr'><strong><em>dicat</em></strong></span> <span class='ocrx_word' id='word_1_177' title='bbox 3038 1435 3055 1470; x_wconf 91' lang='lat'><strong><em>:</em></strong></span> <span class='ocrx_word' id='word_1_178' title='bbox 3081 1437 3098 1469; x_wconf 78' lang='grc' dir='ltr'><strong>ι</strong></span> <span class='ocrx_word' id='word_1_179' title='bbox 3131 1418 3252 1471; x_wconf 85' lang='lat' dir='ltr'><strong><em>Nisi</em></strong></span> <span class='ocrx_word' id='word_1_180' title='bbox 3279 1436 3522 1489; x_wconf 85' lang='lat' dir='ltr'><strong>accepero</strong></span> <span class='ocrx_word' id='word_1_181' title='bbox 3548 1424 3635 1476; x_wconf 84' lang='lat' dir='ltr'><strong>be-</strong></span> 
     </span>
    </p>
   </div>
   <div class='ocr_carea' id='block_1_30' title="bbox 2133 1482 3517 1557">
    <p class='ocr_par' dir='ltr' id='par_1_30' title="bbox 2133 1482 3517 1557">
     <span class='ocr_line' id='line_1_30' title="bbox 2133 1482 3517 1557; baseline 0.007 -23"><span class='ocrx_word' id='word_1_182' title='bbox 2133 1482 2499 1545; x_wconf 87' lang='lat' dir='ltr'><strong>nedictionem,</strong></span> <span class='ocrx_word' id='word_1_183' title='bbox 2534 1502 2636 1538; x_wconf 89' lang='lat' dir='ltr'><strong>non</strong></span> <span class='ocrx_word' id='word_1_184' title='bbox 2664 1485 2796 1549; x_wconf 88' lang='lat' dir='ltr'><strong>edo;</strong></span> <span class='ocrx_word' id='word_1_185' title='bbox 2834 1506 2850 1535; x_wconf 79' lang='grc' dir='ltr'><strong>ι</strong></span> <span class='ocrx_word' id='word_1_186' title='bbox 2883 1489 3119 1557; x_wconf 83' lang='lat' dir='ltr'><strong>nunquid</strong></span> <span class='ocrx_word' id='word_1_187' title='bbox 3150 1482 3517 1557; x_wconf 38' lang='lat' dir='ltr'><strong>ferendus-sit.</strong></span> 
     </span>
    </p>
   </div>
   <div class='ocr_carea' id='block_1_31' title="bbox 2639 1598 3045 1656">
    <p class='ocr_par' dir='ltr' id='par_1_31' title="bbox 2639 1598 3045 1656">
     <span class='ocr_line' id='line_1_31' title="bbox 2639 1598 3045 1656; baseline 0.01 -6"><span class='ocrx_word' id='word_1_188' title='bbox 2639 1598 3045 1656; x_wconf 63' lang='lat' dir='ltr'><strong>RESPONSIO.</strong></span> 
     </span>
    </p>
   </div>
   <div class='ocr_carea' id='block_1_32' title="bbox 2127 1690 3635 1766">
    <p class='ocr_par' dir='ltr' id='par_1_32' title="bbox 2127 1690 3635 1766">
     <span class='ocr_line' id='line_1_32' title="bbox 2127 1690 3635 1766; baseline 0.007 -23"><span class='ocrx_word' id='word_1_189' title='bbox 2127 1690 2289 1743; x_wconf 88' lang='lat' dir='ltr'><strong>Certe</strong></span> <span class='ocrx_word' id='word_1_190' title='bbox 2322 1706 2409 1763; x_wconf 86' lang='lat' dir='ltr'><strong>_an</strong></span> <span class='ocrx_word' id='word_1_191' title='bbox 2447 1702 2731 1762; x_wconf 74' lang='lat' dir='ltr'><strong>peccaturo</strong></span> <span class='ocrx_word' id='word_1_192' title='bbox 2780 1703 2929 1747; x_wconf 87' lang='lat' dir='ltr'><strong>tanta</strong></span> <span class='ocrx_word' id='word_1_193' title='bbox 2974 1697 3143 1750; x_wconf 79' lang='lat' dir='ltr'><strong>multa</strong></span> <span class='ocrx_word' id='word_1_194' title='bbox 3189 1696 3413 1766; x_wconf 88' lang='lat' dir='ltr'><strong>dignum</strong></span> <span class='ocrx_word' id='word_1_195' title='bbox 3453 1706 3545 1762; x_wconf 73' lang='lat' dir='ltr'><strong>snt,</strong></span> <span class='ocrx_word' id='word_1_196' title='bbox 3576 1708 3635 1753; x_wconf 86' lang='lat' dir='ltr'><strong>ut</strong></span> 
     </span>
    </p>
   </div>
   <div class='ocr_carea' id='block_1_33' title="bbox 370 1770 1959 1859">
    <p class='ocr_par' dir='ltr' id='par_1_33' title="bbox 370 1782 1957 1855">
     <span class='ocr_line' id='line_1_33' title="bbox 370 1782 1957 1855; baseline -0.007 -15"><span class='ocrx_word' id='word_1_197' title='bbox 370 1788 465 1840; x_wconf 73' lang='grc' dir='ltr'><strong>καὶ</strong></span> <span class='ocrx_word' id='word_1_198' title='bbox 508 1785 601 1839; x_wconf 83' lang='grc' dir='ltr'>τοῦ</span> <span class='ocrx_word' id='word_1_199' title='bbox 638 1788 829 1853; x_wconf 78' lang='grc' dir='ltr'>φαγεῖν</span> <span class='ocrx_word' id='word_1_200' title='bbox 875 1784 1202 1855; x_wconf 80' lang='grc' dir='ltr'>κωλυθῆναι,</span> <span class='ocrx_word' id='word_1_201' title='bbox 1230 1785 1259 1835; x_wconf 88' lang='grc' dir='ltr'><strong>ό</strong></span> <span class='ocrx_word' id='word_1_202' title='bbox 1294 1785 1627 1854; x_wconf 79' lang='grc' dir='ltr'>ἐπιτιμήσας</span> <span class='ocrx_word' id='word_1_203' title='bbox 1673 1782 1957 1853; x_wconf 81' lang='grc' dir='ltr'>δοκιμάσει</span> 
     </span>
    </p>
   </div>
   <div class='ocr_carea' id='block_1_34' title="bbox 2060 1770 3637 1859">
    <p class='ocr_par' dir='ltr' id='par_1_34' title="bbox 2061 1784 3637 1859">
     <span class='ocr_line' id='line_1_34' title="bbox 2061 1784 3637 1859; baseline 0.006 -24"><span class='ocrx_word' id='word_1_204' title='bbox 2061 1784 2185 1851; x_wconf 85' lang='lat' dir='ltr'><strong>quis</strong></span> <span class='ocrx_word' id='word_1_205' title='bbox 2227 1795 2481 1837; x_wconf 80' lang='lat' dir='ltr'><strong>arceatur</strong></span> <span class='ocrx_word' id='word_1_206' title='bbox 2517 1800 2546 1837; x_wconf 93' lang='lat' dir='ltr'><strong>a</strong></span> <span class='ocrx_word' id='word_1_207' title='bbox 2582 1785 2851 1839; x_wconf 89' lang='lat' dir='ltr'><strong>sumendo</strong></span> <span class='ocrx_word' id='word_1_208' title='bbox 2897 1788 3042 1853; x_wconf 90' lang='lat' dir='ltr'><strong>cibo,</strong></span> <span class='ocrx_word' id='word_1_209' title='bbox 3085 1803 3315 1858; x_wconf 80' lang='lat' dir='ltr'><strong>prorsus</strong></span> <span class='ocrx_word' id='word_1_210' title='bbox 3366 1790 3637 1859; x_wconf 69' lang='lat' dir='ltr'><strong>judicabit</strong></span> 
     </span>
    </p>
   </div>
   <div class='ocr_carea' id='block_1_35' title="bbox 372 1872 1949 1951">
    <p class='ocr_par' dir='ltr' id='par_1_35' title="bbox 372 1872 1949 1951">
     <span class='ocr_line' id='line_1_35' title="bbox 372 1872 1949 1951; baseline -0.003 -21"><span class='ocrx_word' id='word_1_211' title='bbox 372 1879 587 1951; x_wconf 79' lang='grc' dir='ltr'>πάντως</span> <span class='ocrx_word' id='word_1_212' title='bbox 608 1894 621 1907; x_wconf 73' lang='grc' dir='ltr'><strong>ο</strong></span> <span class='ocrx_word' id='word_1_213' title='bbox 654 1877 702 1930; x_wconf 87' lang='grc' dir='ltr'><strong>εί</strong></span> <span class='ocrx_word' id='word_1_214' title='bbox 738 1877 795 1930; x_wconf 85' lang='grc' dir='ltr'><strong>δὲ</strong></span> <span class='ocrx_word' id='word_1_215' title='bbox 827 1877 993 1947; x_wconf 80' lang='grc' dir='ltr'>μόνης</span> <span class='ocrx_word' id='word_1_216' title='bbox 1020 1877 1117 1944; x_wconf 78' lang='grc' dir='ltr'>τῆς</span> <span class='ocrx_word' id='word_1_217' title='bbox 1160 1875 1409 1943; x_wconf 78' lang='grc' dir='ltr'>εὐλογίας</span> <span class='ocrx_word' id='word_1_218' title='bbox 1440 1875 1654 1940; x_wconf 79' lang='grc' dir='ltr'>ἀνάξιός</span> <span class='ocrx_word' id='word_1_219' title='bbox 1690 1892 1773 1937; x_wconf 86' lang='grc' dir='ltr'><strong>τις</strong></span> <span class='ocrx_word' id='word_1_220' title='bbox 1800 1872 1949 1945; x_wconf 76' lang='grc' dir='ltr'>ἐκρί-</span> 
     </span>
    </p>
   </div>
   <div class='ocr_carea' id='block_1_36' title="bbox 369 1968 1949 2041">
    <p class='ocr_par' dir='ltr' id='par_1_36' title="bbox 369 1968 1949 2041">
     <span class='ocr_line' id='line_1_36' title="bbox 369 1968 1949 2041; baseline -0.003 -18"><span class='ocrx_word' id='word_1_221' title='bbox 369 1969 459 2041; x_wconf 79' lang='grc' dir='ltr'>θη,</span> <span class='ocrx_word' id='word_1_222' title='bbox 494 1968 865 2041; x_wconf 71' lang='grc' dir='ltr'>συγχωρηθεὶς</span> <span class='ocrx_word' id='word_1_223' title='bbox 903 1969 960 2021; x_wconf 79' lang='grc' dir='ltr'>δὲ</span> <span class='ocrx_word' id='word_1_224' title='bbox 1000 1970 1192 2037; x_wconf 70' lang='grc' dir='ltr'>φαγεῖν</span> <span class='ocrx_word' id='word_1_225' title='bbox 1233 1968 1333 2020; x_wconf 75' lang='grc' dir='ltr'><strong>οὐκ</strong></span> <span class='ocrx_word' id='word_1_226' title='bbox 1372 1968 1646 2039; x_wconf 80' lang='grc' dir='ltr'>ἀνέχεται,</span> <span class='ocrx_word' id='word_1_227' title='bbox 1679 1968 1754 2030; x_wconf 84' lang='grc' dir='ltr'><strong>ὡς</strong></span> <span class='ocrx_word' id='word_1_228' title='bbox 1793 1968 1949 2020; x_wconf 85' lang='grc' dir='ltr'>ἀπει-</span> 
     </span>
    </p>
   </div>
   <div class='ocr_carea' id='block_1_37' title="bbox 369 2058 1950 2132">
    <p class='ocr_par' dir='ltr' id='par_1_37' title="bbox 369 2058 1950 2132">
     <span class='ocr_line' id='line_1_37' title="bbox 369 2058 1950 2132; baseline -0.002 -19"><span class='ocrx_word' id='word_1_229' title='bbox 369 2060 469 2132; x_wconf 84' lang='grc' dir='ltr'>θὴς</span> <span class='ocrx_word' id='word_1_230' title='bbox 506 2063 565 2114; x_wconf 84' lang='grc' dir='ltr'><strong>ὲν</strong></span> <span class='ocrx_word' id='word_1_231' title='bbox 610 2060 806 2131; x_wconf 82' lang='grc' dir='ltr'>τούτῳ,</span> <span class='ocrx_word' id='word_1_232' title='bbox 853 2061 947 2112; x_wconf 74' lang='grc' dir='ltr'>καὶ</span> <span class='ocrx_word' id='word_1_233' title='bbox 996 2058 1295 2129; x_wconf 77' lang='grc' dir='ltr'>φιλόνεικος</span> <span class='ocrx_word' id='word_1_234' title='bbox 1336 2058 1634 2130; x_wconf 78' lang='grc' dir='ltr'>κρινέσθω·</span> <span class='ocrx_word' id='word_1_235' title='bbox 1678 2058 1794 2129; x_wconf 80' lang='grc' dir='ltr'><strong>ἃμα</strong></span> <span class='ocrx_word' id='word_1_236' title='bbox 1855 2058 1950 2111; x_wconf 80' lang='grc' dir='ltr'>καὶ</span> 
     </span>
    </p>
   </div>
   <div class='ocr_carea' id='block_1_38' title="bbox 368 2150 1949 2223">
    <p class='ocr_par' dir='ltr' id='par_1_38' title="bbox 368 2150 1949 2223">
     <span class='ocr_line' id='line_1_38' title="bbox 368 2150 1949 2223; baseline -0.004 -16"><span class='ocrx_word' id='word_1_237' title='bbox 368 2153 559 2207; x_wconf 74' lang='grc' dir='ltr'>ἑαυτὸν</span> <span class='ocrx_word' id='word_1_238' title='bbox 607 2150 887 2223; x_wconf 70' lang='grc' dir='ltr'>γνωρίζων</span> <span class='ocrx_word' id='word_1_239' title='bbox 938 2152 1032 2205; x_wconf 73' lang='grc' dir='ltr'><strong>καὶ</strong></span> <span class='ocrx_word' id='word_1_240' title='bbox 1064 2152 1461 2219; x_wconf 81' lang='grc' dir='ltr'>ἐπιγινώσκων,</span> <span class='ocrx_word' id='word_1_241' title='bbox 1512 2152 1591 2203; x_wconf 78' lang='grc' dir='ltr'><strong>ὅτι</strong></span> <span class='ocrx_word' id='word_1_242' title='bbox 1625 2150 1746 2220; x_wconf 78' lang='grc' dir='ltr'>οὐχὶ</span> <span class='ocrx_word' id='word_1_243' title='bbox 1785 2150 1949 2221; x_wconf 89' lang='grc' dir='ltr'>θερα-</span> 
     </span>
    </p>
   </div>
   <div class='ocr_carea' id='block_1_39' title="bbox 372 2243 1952 2315">
    <p class='ocr_par' dir='ltr' id='par_1_39' title="bbox 372 2243 1952 2315">
     <span class='ocr_line' id='line_1_39' title="bbox 372 2243 1952 2315; baseline -0.003 -15"><span class='ocrx_word' id='word_1_244' title='bbox 372 2246 527 2301; x_wconf 76' lang='grc' dir='ltr'>πεύει</span> <span class='ocrx_word' id='word_1_245' title='bbox 570 2246 759 2298; x_wconf 78' lang='grc' dir='ltr'>ἑαυτὸν</span> <span class='ocrx_word' id='word_1_246' title='bbox 800 2246 955 2297; x_wconf 72' lang='grc' dir='ltr'>τοῦτο</span> <span class='ocrx_word' id='word_1_247' title='bbox 997 2244 1290 2315; x_wconf 77' lang='grc' dir='ltr'>ἐπιζητῶν,</span> <span class='ocrx_word' id='word_1_248' title='bbox 1334 2244 1467 2298; x_wconf 85' lang='grc' dir='ltr'><strong>ἀλλά</strong></span> <span class='ocrx_word' id='word_1_249' title='bbox 1503 2244 1612 2314; x_wconf 72' lang='grc'>(54)</span> <span class='ocrx_word' id='word_1_250' title='bbox 1645 2243 1952 2313; x_wconf 79' lang='grc' dir='ltr'>ἁμάρτημα</span> 
     </span>
    </p>
   </div>
   <div class='ocr_carea' id='block_1_40' title="bbox 368 2337 1040 2410">
    <p class='ocr_par' dir='ltr' id='par_1_40' title="bbox 368 2337 1040 2410">
     <span class='ocr_line' id='line_1_40' title="bbox 368 2337 1040 2410; baseline -0.01 -14"><span class='ocrx_word' id='word_1_251' title='bbox 368 2340 728 2410; x_wconf 79' lang='grc' dir='ltr'>ἁμαρτήματι</span> <span class='ocrx_word' id='word_1_252' title='bbox 762 2337 1040 2389; x_wconf 82' lang='grc' dir='ltr'>συνάπτει.</span> 
     </span>
    </p>
   </div>
   <div class='ocr_carea' id='block_1_41' title="bbox 896 2509 1435 2563">
    <p class='ocr_par' dir='ltr' id='par_1_41' title="bbox 896 2509 1435 2563">
     <span class='ocr_line' id='line_1_41' title="bbox 896 2509 1435 2563; baseline -0.004 0"><span class='ocrx_word' id='word_1_253' title='bbox 896 2510 1229 2563; x_wconf 84' lang='grc' dir='ltr'><strong>ΕΡΩΤΗΣΙΣ</strong></span> <span class='ocrx_word' id='word_1_254' title='bbox 1261 2509 1435 2562; x_wconf 83' lang='grc' dir='ltr'><strong>ΡΚΓ’.</strong></span> 
     </span>
    </p>
   </div>
   <div class='ocr_carea' id='block_1_42' title="bbox 386 2566 1952 2671">
    <p class='ocr_par' dir='ltr' id='par_1_42' title="bbox 386 2566 1952 2671">
     <span class='ocr_line' id='line_1_42' title="bbox 386 2566 1952 2671; baseline -0.003 -13"><span class='ocrx_word' id='word_1_255' title='bbox 386 2605 522 2660; x_wconf 80' lang='grc' dir='ltr'><strong>Ἐάν</strong></span> <span class='ocrx_word' id='word_1_256' title='bbox 576 2566 969 2671; x_wconf 62' lang='grc' dir='ltr'>τις-λυπῆται</span> <span class='ocrx_word' id='word_1_257' title='bbox 1014 2602 1099 2671; x_wconf 83' lang='grc' dir='ltr'><strong>μὴ</strong></span> <span class='ocrx_word' id='word_1_258' title='bbox 1146 2602 1607 2670; x_wconf 59' lang='grc' dir='ltr'>ἐπιτρεπόμνος</span> <span class='ocrx_word' id='word_1_259' title='bbox 1651 2601 1864 2665; x_wconf 84' lang='grc' dir='ltr'>ποιεῖν,</span> <span class='ocrx_word' id='word_1_260' title='bbox 1918 2601 1952 2655; x_wconf 87' lang='grc' dir='ltr'><strong>ὃ</strong></span> 
     </span>
    </p>
   </div>
   <div class='ocr_carea' id='block_1_43' title="bbox 440 2671 1952 2745">
    <p class='ocr_par' dir='ltr' id='par_1_43' title="bbox 440 2671 1952 2745">
     <span class='ocr_line' id='line_1_43' title="bbox 440 2671 1952 2745; baseline -0.005 -16"><span class='ocrx_word' id='word_1_261' title='bbox 440 2676 527 2745; x_wconf 81' lang='grc' dir='ltr'>μὴ</span> <span class='ocrx_word' id='word_1_262' title='bbox 562 2675 809 2730; x_wconf 80' lang='grc' dir='ltr'>δύναται</span> <span class='ocrx_word' id='word_1_263' title='bbox 853 2675 1203 2741; x_wconf 80' lang='grc' dir='ltr'>ἐπιτηδείως</span> <span class='ocrx_word' id='word_1_264' title='bbox 1246 2672 1457 2737; x_wconf 82' lang='grc' dir='ltr'>ποιεῖν,</span> <span class='ocrx_word' id='word_1_265' title='bbox 1502 2674 1555 2725; x_wconf 89' lang='grc' dir='ltr'>εὶ</span> <span class='ocrx_word' id='word_1_266' title='bbox 1599 2671 1716 2740; x_wconf 80' lang='grc' dir='ltr'><strong>χρὴ</strong></span> <span class='ocrx_word' id='word_1_267' title='bbox 1765 2672 1952 2726; x_wconf 84' lang='grc' dir='ltr'>αὑτοῦ</span> 
     </span>
    </p>
   </div>
   <div class='ocr_carea' id='block_1_44' title="bbox 447 2745 788 2814">
    <p class='ocr_par' dir='ltr' id='par_1_44' title="bbox 447 2745 788 2814">
     <span class='ocr_line' id='line_1_44' title="bbox 447 2745 788 2814; baseline -0.006 -15"><span class='ocrx_word' id='word_1_268' title='bbox 447 2745 788 2814; x_wconf 81' lang='grc' dir='ltr'>ἀνέχεσθαι.</span> 
     </span>
    </p>
   </div>
   <div class='ocr_carea' id='block_1_45' title="bbox 963 2835 1537 2917">
    <p class='ocr_par' dir='ltr' id='par_1_45' title="bbox 963 2835 1537 2917">
     <span class='ocr_line' id='line_1_45' title="bbox 963 2835 1537 2917; baseline 0.002 -29"><span class='ocrx_word' id='word_1_269' title='bbox 963 2835 1353 2888; x_wconf 82' lang='grc' dir='ltr'><strong>ΑΠΟΚΡΙΣΙΣ.</strong></span> <span class='ocrx_word' id='word_1_270' title='bbox 1532 2912 1537 2917; x_wconf 92' lang='lat'><em>_</em></span> 
     </span>
    </p>
   </div>
   <div class='ocr_carea' id='block_1_46' title="bbox 446 2921 1955 3000">
    <p class='ocr_par' dir='ltr' id='par_1_46' title="bbox 446 2921 1955 3000">
     <span class='ocr_line' id='line_1_46' title="bbox 446 2921 1955 3000; baseline -0.005 -19"><span class='ocrx_word' id='word_1_271' title='bbox 446 2928 579 3000; x_wconf 75' lang='grc' dir='ltr'>Περὶ</span> <span class='ocrx_word' id='word_1_272' title='bbox 628 2928 817 2981; x_wconf 86' lang='grc' dir='ltr'>τούτου</span> <span class='ocrx_word' id='word_1_273' title='bbox 869 2929 1084 2999; x_wconf 76' lang='grc' dir='ltr'>εἴρηται</span> <span class='ocrx_word' id='word_1_274' title='bbox 1128 2925 1395 2998; x_wconf 80' lang='grc' dir='ltr'>πολλαχοῦ</span> <span class='ocrx_word' id='word_1_275' title='bbox 1421 2966 1435 2992; x_wconf 96' lang='grc'><strong>,</strong></span> <span class='ocrx_word' id='word_1_276' title='bbox 1476 2926 1558 2978; x_wconf 84' lang='grc' dir='ltr'>ὅτι</span> <span class='ocrx_word' id='word_1_277' title='bbox 1610 2923 1837 2978; x_wconf 82' lang='grc' dir='ltr'>καθόλου</span> <span class='ocrx_word' id='word_1_278' title='bbox 1877 2921 1955 2987; x_wconf 80' lang='grc' dir='ltr'>τῷ</span> 
     </span>
    </p>
   </div>
   <div class='ocr_carea' id='block_1_47' title="bbox 378 3015 1954 3101">
    <p class='ocr_par' dir='ltr' id='par_1_47' title="bbox 378 3015 1954 3101">
     <span class='ocr_line' id='line_1_47' title="bbox 378 3015 1954 3101; baseline -0.004 -26"><span class='ocrx_word' id='word_1_279' title='bbox 378 3022 640 3093; x_wconf 72' lang='grc' dir='ltr'>θελήματι</span> <span class='ocrx_word' id='word_1_280' title='bbox 696 3020 774 3091; x_wconf 82' lang='grc' dir='ltr'>τῷ</span> <span class='ocrx_word' id='word_1_281' title='bbox 824 3021 943 3101; x_wconf 13' lang='grc' dir='ltr'>ίδίῳη</span> <span class='ocrx_word' id='word_1_282' title='bbox 988 3021 1309 3093; x_wconf 81' lang='grc' dir='ltr'>κεχρῆσθαι,</span> <span class='ocrx_word' id='word_1_283' title='bbox 1339 3021 1373 3091; x_wconf 79' lang='grc' dir='ltr'>ἢ</span> <span class='ocrx_word' id='word_1_284' title='bbox 1424 3019 1764 3091; x_wconf 83' lang='grc' dir='ltr'>ἐπιτρέπειν,</span> <span class='ocrx_word' id='word_1_285' title='bbox 1804 3015 1954 3087; x_wconf 84' lang='grc' dir='ltr'><strong>παρά</strong></span> 
     </span>
    </p>
   </div>
   <div class='ocr_carea' id='block_1_48' title="bbox 2056 1873 3636 1951">
    <p class='ocr_par' dir='ltr' id='par_1_48' title="bbox 2056 1873 3636 1951">
     <span class='ocr_line' id='line_1_48' title="bbox 2056 1873 3636 1951; baseline 0.008 -26"><span class='ocrx_word' id='word_1_286' title='bbox 2056 1873 2149 1943; x_wconf 88' lang='lat' dir='ltr'><strong>qui</strong></span> <span class='ocrx_word' id='word_1_287' title='bbox 2185 1888 2403 1943; x_wconf 63' lang='lat' dir='ltr'><strong>poenam</strong></span> <span class='ocrx_word' id='word_1_288' title='bbox 2449 1875 2591 1929; x_wconf 91' lang='lat' dir='ltr'><strong>hanc</strong></span> <span class='ocrx_word' id='word_1_289' title='bbox 2637 1876 2917 1946; x_wconf 82' lang='lat' dir='ltr'><strong>irrogavit.</strong></span> <span class='ocrx_word' id='word_1_290' title='bbox 2953 1877 3108 1944; x_wconf 88' lang='lat' dir='ltr'><strong>Quod</strong></span> <span class='ocrx_word' id='word_1_291' title='bbox 3150 1880 3196 1935; x_wconf 83' lang='lat' dir='ltr'><strong>si</strong></span> <span class='ocrx_word' id='word_1_292' title='bbox 3232 1881 3504 1951; x_wconf 77' lang='lat' dir='ltr'><strong>quispiam</strong></span> <span class='ocrx_word' id='word_1_293' title='bbox 3537 1884 3636 1937; x_wconf 91' lang='lat' dir='ltr'><strong>ha-</strong></span> 
     </span>
    </p>
   </div>
   <div class='ocr_carea' id='block_1_49' title="bbox 2056 1966 3636 2042">
    <p class='ocr_par' dir='ltr' id='par_1_49' title="bbox 2056 1966 3636 2042">
     <span class='ocr_line' id='line_1_49' title="bbox 2056 1966 3636 2042; baseline 0.008 -24"><span class='ocrx_word' id='word_1_294' title='bbox 2056 1966 2204 2021; x_wconf 88' lang='lat' dir='ltr'><strong>bitus</strong></span> <span class='ocrx_word' id='word_1_295' title='bbox 2248 1966 2413 2022; x_wconf 81' lang='lat' dir='ltr'><strong>fuerit</strong></span> <span class='ocrx_word' id='word_1_296' title='bbox 2445 1968 2829 2023; x_wconf 89' lang='lat' dir='ltr'><strong>benedictione</strong></span> <span class='ocrx_word' id='word_1_297' title='bbox 2875 1971 2993 2025; x_wconf 87' lang='lat' dir='ltr'><strong>sola</strong></span> <span class='ocrx_word' id='word_1_298' title='bbox 3035 1972 3316 2042; x_wconf 83' lang='lat' dir='ltr'><strong>indignus,</strong></span> <span class='ocrx_word' id='word_1_299' title='bbox 3358 1984 3410 2029; x_wconf 91' lang='lat' dir='ltr'><strong>et</strong></span> <span class='ocrx_word' id='word_1_300' title='bbox 3439 1976 3636 2030; x_wconf 87' lang='lat' dir='ltr'><strong>edendi</strong></span> 
     </span>
    </p>
   </div>
   <div class='ocr_carea' id='block_1_50' title="bbox 2058 2057 3635 2137">
    <p class='ocr_par' dir='ltr' id='par_1_50' title="bbox 2058 2057 3635 2137">
     <span class='ocr_line' id='line_1_50' title="bbox 2058 2057 3635 2137; baseline 0.006 -26"><span class='ocrx_word' id='word_1_301' title='bbox 2058 2057 2318 2115; x_wconf 80' lang='lat' dir='ltr'><strong>facultate</strong></span> <span class='ocrx_word' id='word_1_302' title='bbox 2347 2061 2398 2116; x_wconf 90' lang='lat' dir='ltr'><strong>ei</strong></span> <span class='ocrx_word' id='word_1_303' title='bbox 2426 2062 2575 2126; x_wconf 87' lang='lat' dir='ltr'><strong>data,</strong></span> <span class='ocrx_word' id='word_1_304' title='bbox 2612 2062 2774 2116; x_wconf 88' lang='lat' dir='ltr'><strong>edere</strong></span> <span class='ocrx_word' id='word_1_305' title='bbox 2811 2070 2992 2118; x_wconf 87' lang='lat' dir='ltr'><strong>tamen</strong></span> <span class='ocrx_word' id='word_1_306' title='bbox 3024 2074 3263 2128; x_wconf 87' lang='lat' dir='ltr'><strong>recuset,</strong></span> <span class='ocrx_word' id='word_1_307' title='bbox 3294 2066 3340 2120; x_wconf 90' lang='lat' dir='ltr'><strong>is</strong></span> <span class='ocrx_word' id='word_1_308' title='bbox 3372 2075 3635 2137; x_wconf 86' lang='lat' dir='ltr'><strong>tanquam</strong></span> 
     </span>
    </p>
   </div>
   <div class='ocr_carea' id='block_1_51' title="bbox 2058 2155 3637 2232">
    <p class='ocr_par' dir='ltr' id='par_1_51' title="bbox 2058 2155 3637 2232">
     <span class='ocr_line' id='line_1_51' title="bbox 2058 2155 3637 2232; baseline 0.007 -27"><span class='ocrx_word' id='word_1_309' title='bbox 2058 2161 2355 2207; x_wconf 81' lang='lat' dir='ltr'><strong>contumax</strong></span> <span class='ocrx_word' id='word_1_310' title='bbox 2420 2156 2475 2209; x_wconf 89' lang='lat' dir='ltr'><strong>in</strong></span> <span class='ocrx_word' id='word_1_311' title='bbox 2530 2155 2635 2209; x_wconf 91' lang='lat' dir='ltr'><strong>hoc</strong></span> <span class='ocrx_word' id='word_1_312' title='bbox 2686 2164 2740 2211; x_wconf 88' lang='lat' dir='ltr'><strong>et</strong></span> <span class='ocrx_word' id='word_1_313' title='bbox 2800 2158 3056 2226; x_wconf 81' lang='lat' dir='ltr'><strong>pervicax</strong></span> <span class='ocrx_word' id='word_1_314' title='bbox 3097 2159 3395 2227; x_wconf 87' lang='lat' dir='ltr'><strong>judicetur.</strong></span> <span class='ocrx_word' id='word_1_315' title='bbox 3458 2160 3637 2232; x_wconf 83' lang='lat' dir='ltr'><strong>Atque</strong></span> 
     </span>
    </p>
   </div>
   <div class='ocr_carea' id='block_1_52' title="bbox 2057 2244 3636 2319">
    <p class='ocr_par' dir='ltr' id='par_1_52' title="bbox 2057 2244 3636 2319">
     <span class='ocr_line' id='line_1_52' title="bbox 2057 2244 3636 2319; baseline 0.006 -21"><span class='ocrx_word' id='word_1_316' title='bbox 2057 2244 2222 2298; x_wconf 83' lang='lat' dir='ltr'><strong>etiam</strong></span> <span class='ocrx_word' id='word_1_317' title='bbox 2278 2245 2491 2299; x_wconf 86' lang='lat' dir='ltr'><strong>noverit</strong></span> <span class='ocrx_word' id='word_1_318' title='bbox 2542 2246 2937 2316; x_wconf 89' lang='lat' dir='ltr'><strong>semetipsum,</strong></span> <span class='ocrx_word' id='word_1_319' title='bbox 2980 2248 3356 2319; x_wconf 83' lang='lat' dir='ltr'><strong>intelligatque</strong></span> <span class='ocrx_word' id='word_1_320' title='bbox 3400 2266 3460 2306; x_wconf 94' lang='lat' dir='ltr'><strong>se</strong></span> <span class='ocrx_word' id='word_1_321' title='bbox 3508 2252 3636 2315; x_wconf 85' lang='lat' dir='ltr'><strong>sibi,</strong></span> 
     </span>
    </p>
   </div>
   <div class='ocr_carea' id='block_1_53' title="bbox 2059 2332 3638 2409">
    <p class='ocr_par' dir='ltr' id='par_1_53' title="bbox 2059 2332 3638 2409">
     <span class='ocr_line' id='line_1_53' title="bbox 2059 2332 3638 2409; baseline 0.004 -22"><span class='ocrx_word' id='word_1_322' title='bbox 2059 2332 2188 2387; x_wconf 92' lang='lat' dir='ltr'><strong>dum</strong></span> <span class='ocrx_word' id='word_1_323' title='bbox 2225 2333 2329 2387; x_wconf 90' lang='lat' dir='ltr'><strong>hoc</strong></span> <span class='ocrx_word' id='word_1_324' title='bbox 2360 2333 2541 2390; x_wconf 83' lang='lat' dir='ltr'><strong>facere</strong></span> <span class='ocrx_word' id='word_1_325' title='bbox 2587 2336 2758 2404; x_wconf 90' lang='lat' dir='ltr'><strong>cupit,</strong></span> <span class='ocrx_word' id='word_1_326' title='bbox 2797 2352 2905 2391; x_wconf 90' lang='lat' dir='ltr'><strong>non</strong></span> <span class='ocrx_word' id='word_1_327' title='bbox 2956 2338 3185 2403; x_wconf 88' lang='lat' dir='ltr'><strong>mederi,</strong></span> <span class='ocrx_word' id='word_1_328' title='bbox 3218 2339 3313 2393; x_wconf 92' lang='lat' dir='ltr'><strong>sed</strong></span> <span class='ocrx_word' id='word_1_329' title='bbox 3351 2348 3638 2409; x_wconf 88' lang='lat' dir='ltr'><strong>peccatum</strong></span> 
     </span>
    </p>
   </div>
   <div class='ocr_carea' id='block_1_54' title="bbox 2060 2424 2637 2494">
    <p class='ocr_par' dir='ltr' id='par_1_54' title="bbox 2060 2424 2637 2494">
     <span class='ocr_line' id='line_1_54' title="bbox 2060 2424 2637 2494; baseline 0.007 -18"><span class='ocrx_word' id='word_1_330' title='bbox 2060 2433 2286 2493; x_wconf 86' lang='lat' dir='ltr'><strong>peccato</strong></span> <span class='ocrx_word' id='word_1_331' title='bbox 2321 2424 2637 2494; x_wconf 85' lang='lat' dir='ltr'><strong>adjungere.</strong></span> 
     </span>
    </p>
   </div>
   <div class='ocr_carea' id='block_1_55' title="bbox 2450 2513 3242 2573">
    <p class='ocr_par' dir='ltr' id='par_1_55' title="bbox 2450 2513 3242 2573">
     <span class='ocr_line' id='line_1_55' title="bbox 2450 2513 3242 2573; baseline -0.001 -7"><span class='ocrx_word' id='word_1_332' title='bbox 2450 2513 2974 2571; x_wconf 81' lang='lat' dir='ltr'><strong>INTERROGATIO</strong></span> <span class='ocrx_word' id='word_1_333' title='bbox 3010 2517 3242 2573; x_wconf 80' lang='lat' dir='ltr'><strong>CXXIII.</strong></span> 
     </span>
    </p>
   </div>
   <div class='ocr_carea' id='block_1_56' title="bbox 2061 2603 3640 2683">
    <p class='ocr_par' dir='ltr' id='par_1_56' title="bbox 2061 2603 3640 2683">
     <span class='ocr_line' id='line_1_56' title="bbox 2061 2603 3640 2683; baseline 0.004 -23"><span class='ocrx_word' id='word_1_334' title='bbox 2061 2603 2121 2660; x_wconf 89' lang='lat' dir='ltr'><strong><em>Si</em></strong></span> <span class='ocrx_word' id='word_1_335' title='bbox 2156 2605 2275 2675; x_wconf 91' lang='lat' dir='ltr'><strong>quis</strong></span> <span class='ocrx_word' id='word_1_336' title='bbox 2318 2621 2453 2683; x_wconf 70' lang='lat' dir='ltr'><strong>(egre</strong></span> <span class='ocrx_word' id='word_1_337' title='bbox 2485 2606 2624 2675; x_wconf 80' lang='lat' dir='ltr'><strong>ferat</strong></span> <span class='ocrx_word' id='word_1_338' title='bbox 2663 2624 2766 2661; x_wconf 90' lang='lat' dir='ltr'><strong>non</strong></span> <span class='ocrx_word' id='word_1_339' title='bbox 2800 2610 3033 2683; x_wconf 73' lang='lat' dir='ltr'><strong>permitti</strong></span> <span class='ocrx_word' id='word_1_340' title='bbox 3077 2610 3198 2683; x_wconf 84' lang='lat' dir='ltr'><strong>sibi,</strong></span> <span class='ocrx_word' id='word_1_341' title='bbox 3240 2610 3493 2683; x_wconf 68' lang='lat' dir='ltr'><strong>utfaciat</strong></span> <span class='ocrx_word' id='word_1_342' title='bbox 3523 2628 3640 2683; x_wconf 72' lang='lat' dir='ltr'><strong>qua</strong></span> 
     </span>
    </p>
   </div>
   <div class='ocr_carea' id='block_1_57' title="bbox 2202 2622 3499 2745">
    <p class='ocr_par' dir='ltr' id='par_1_57' title="bbox 2202 2622 3499 2745">
     <span class='ocr_line' id='line_1_57' title="bbox 2202 2622 3493 2679; baseline 0.006 -22"><span class='ocrx_word' id='word_1_343' title='bbox 2202 2622 2275 2659; x_wconf 75' lang='lat' dir='ltr'><strong>uis</strong></span> <span class='ocrx_word' id='word_1_344' title='bbox 2318 2622 2363 2659; x_wconf 77' lang='grc' dir='ltr'>α’</span> <span class='ocrx_word' id='word_1_345' title='bbox 2398 2622 2453 2659; x_wconf 85' lang='lat' dir='ltr'><strong>re</strong></span> <span class='ocrx_word' id='word_1_346' title='bbox 2485 2622 2624 2675; x_wconf 65' lang='lat' dir='ltr'><strong>[erat</strong></span> <span class='ocrx_word' id='word_1_347' title='bbox 2663 2624 2766 2661; x_wconf 90' lang='lat' dir='ltr'><strong>non</strong></span> <span class='ocrx_word' id='word_1_348' title='bbox 2800 2622 3031 2676; x_wconf 74' lang='lat' dir='ltr'><strong>permitti</strong></span> <span class='ocrx_word' id='word_1_349' title='bbox 3077 2622 3198 2676; x_wconf 81' lang='lat' dir='ltr'><strong>sun,</strong></span> <span class='ocrx_word' id='word_1_350' title='bbox 3240 2622 3296 2663; x_wconf 89' lang='lat' dir='ltr'><strong>ut</strong></span> <span class='ocrx_word' id='word_1_351' title='bbox 3326 2622 3493 2679; x_wconf 71' lang='lat' dir='ltr'><strong>Iactat</strong></span> 
     </span>
     <span class='ocr_line' id='line_1_58' title="bbox 2202 2622 3499 2745; baseline 0.007 -18"><span class='ocrx_word' id='word_1_352' title='bbox 2202 2685 2322 2743; x_wconf 87' lang='lat' dir='ltr'><strong>apte</strong></span> <span class='ocrx_word' id='word_1_353' title='bbox 2349 2622 2523 2744; x_wconf 47' lang='lat' dir='ltr'><strong>[limere</strong></span> <span class='ocrx_word' id='word_1_354' title='bbox 2562 2694 2664 2732; x_wconf 91' lang='lat' dir='ltr'><strong>non</strong></span> <span class='ocrx_word' id='word_1_355' title='bbox 2684 2689 2877 2745; x_wconf 86' lang='lat' dir='ltr'><strong>potest,</strong></span> <span class='ocrx_word' id='word_1_356' title='bbox 2923 2681 3035 2734; x_wconf 84' lang='lat' dir='ltr'><strong><em>isne</em></strong></span> <span class='ocrx_word' id='word_1_357' title='bbox 3068 2681 3372 2735; x_wconf 82' lang='lat' dir='ltr'><strong>tolerandas</strong></span> <span class='ocrx_word' id='word_1_358' title='bbox 3400 2692 3499 2736; x_wconf 90' lang='lat' dir='ltr'><strong>est.</strong></span> 
     </span>
    </p>
   </div>
   <div class='ocr_carea' id='block_1_58' title="bbox 2646 2834 3053 2893">
    <p class='ocr_par' dir='ltr' id='par_1_58' title="bbox 2646 2834 3053 2893">
     <span class='ocr_line' id='line_1_59' title="bbox 2646 2834 3053 2893; baseline 0.012 -6"><span class='ocrx_word' id='word_1_359' title='bbox 2646 2834 3053 2893; x_wconf 84' lang='lat' dir='ltr'><strong>RESPONSIO.</strong></span> 
     </span>
    </p>
   </div>
   <div class='ocr_carea' id='block_1_59' title="bbox 2128 2923 3642 3007">
    <p class='ocr_par' dir='ltr' id='par_1_59' title="bbox 2128 2923 3642 3007">
     <span class='ocr_line' id='line_1_60' title="bbox 2128 2923 3642 3007; baseline 0.011 -30"><span class='ocrx_word' id='word_1_360' title='bbox 2128 2923 2205 2981; x_wconf 88' lang='lat' dir='ltr'><strong>De</strong></span> <span class='ocrx_word' id='word_1_361' title='bbox 2235 2925 2338 2980; x_wconf 91' lang='lat' dir='ltr'><strong>hac</strong></span> <span class='ocrx_word' id='word_1_362' title='bbox 2368 2942 2428 2983; x_wconf 89' lang='lat' dir='ltr'><strong>re</strong></span> <span class='ocrx_word' id='word_1_363' title='bbox 2457 2928 2667 2983; x_wconf 90' lang='lat' dir='ltr'><strong>dictum</strong></span> <span class='ocrx_word' id='word_1_364' title='bbox 2709 2938 2793 2984; x_wconf 91' lang='lat' dir='ltr'><strong>est</strong></span> <span class='ocrx_word' id='word_1_365' title='bbox 2824 2931 3103 3002; x_wconf 89' lang='lat' dir='ltr'><strong>plerisque</strong></span> <span class='ocrx_word' id='word_1_366' title='bbox 3134 2934 3191 2988; x_wconf 88' lang='lat' dir='ltr'><strong>in</strong></span> <span class='ocrx_word' id='word_1_367' title='bbox 3213 2934 3370 2999; x_wconf 86' lang='lat' dir='ltr'><strong>locis,</strong></span> <span class='ocrx_word' id='word_1_368' title='bbox 3405 2938 3551 3007; x_wconf 91' lang='lat' dir='ltr'><strong>quod</strong></span> <span class='ocrx_word' id='word_1_369' title='bbox 3586 2938 3642 2993; x_wconf 90' lang='lat' dir='ltr'><strong>in</strong></span> 
     </span>
    </p>
   </div>
   <div class='ocr_carea' id='block_1_60' title="bbox 2063 3020 3643 3097">
    <p class='ocr_par' dir='ltr' id='par_1_60' title="bbox 2063 3020 3643 3097">
     <span class='ocr_line' id='line_1_61' title="bbox 2063 3020 3643 3097; baseline 0.006 -24"><span class='ocrx_word' id='word_1_370' title='bbox 2063 3020 2386 3075; x_wconf 87' lang='lat' dir='ltr'><strong>universum</strong></span> <span class='ocrx_word' id='word_1_371' title='bbox 2415 3022 2637 3092; x_wconf 85' lang='lat' dir='ltr'><strong>propria</strong></span> <span class='ocrx_word' id='word_1_372' title='bbox 2680 3023 2964 3079; x_wconf 85' lang='lat' dir='ltr'><strong>voluntate</strong></span> <span class='ocrx_word' id='word_1_373' title='bbox 3001 3026 3103 3089; x_wconf 92' lang='lat' dir='ltr'><strong>uti,</strong></span> <span class='ocrx_word' id='word_1_374' title='bbox 3144 3036 3239 3079; x_wconf 88' lang='lat' dir='ltr'><strong>aut</strong></span> <span class='ocrx_word' id='word_1_375' title='bbox 3273 3042 3372 3097; x_wconf 90' lang='lat' dir='ltr'><strong>pro</strong></span> <span class='ocrx_word' id='word_1_376' title='bbox 3414 3028 3643 3083; x_wconf 88' lang='lat' dir='ltr'><strong>arbitrio</strong></span> 
     </span>
    </p>
   </div>
   <div class='ocr_carea' id='block_1_61' title="bbox 376 3109 1959 3191">
    <p class='ocr_par' dir='ltr' id='par_1_61' title="bbox 376 3109 1955 3186">
     <span class='ocr_line' id='line_1_62' title="bbox 376 3109 1955 3186; baseline -0.004 -19"><span class='ocrx_word' id='word_1_377' title='bbox 376 3115 470 3167; x_wconf 83' lang='grc' dir='ltr'><strong>τὸν</strong></span> <span class='ocrx_word' id='word_1_378' title='bbox 496 3114 623 3184; x_wconf 79' lang='grc' dir='ltr'>ὑγιῆ</span> <span class='ocrx_word' id='word_1_379' title='bbox 649 3116 764 3167; x_wconf 77' lang='grc' dir='ltr'>ἐστι</span> <span class='ocrx_word' id='word_1_380' title='bbox 798 3113 954 3183; x_wconf 87' lang='grc' dir='ltr'>λόγον</span> <span class='ocrx_word' id='word_1_381' title='bbox 972 3132 984 3145; x_wconf 74' lang='grc' dir='ltr'><strong><em>ο</em></strong></span> <span class='ocrx_word' id='word_1_382' title='bbox 1018 3116 1112 3167; x_wconf 82' lang='grc' dir='ltr'>καὶ</span> <span class='ocrx_word' id='word_1_383' title='bbox 1142 3117 1208 3186; x_wconf 83' lang='grc' dir='ltr'>τῇ</span> <span class='ocrx_word' id='word_1_384' title='bbox 1238 3112 1531 3184; x_wconf 83' lang='grc' dir='ltr'>δοκιμασίᾳ</span> <span class='ocrx_word' id='word_1_385' title='bbox 1562 3111 1670 3164; x_wconf 84' lang='grc' dir='ltr'>τῶν</span> <span class='ocrx_word' id='word_1_386' title='bbox 1696 3109 1955 3165; x_wconf 90' lang='grc' dir='ltr'>πλειόνων</span> 
     </span>
    </p>
   </div>
   <div class='ocr_carea' id='block_1_62' title="bbox 2060 3109 3643 3191">
    <p class='ocr_par' dir='ltr' id='par_1_62' title="bbox 2063 3114 3643 3191">
     <span class='ocr_line' id='line_1_63' title="bbox 2063 3114 3643 3191; baseline 0.006 -25"><span class='ocrx_word' id='word_1_387' title='bbox 2063 3127 2245 3183; x_wconf 86' lang='lat' dir='ltr'><strong>agere,</strong></span> <span class='ocrx_word' id='word_1_388' title='bbox 2277 3114 2519 3169; x_wconf 90' lang='lat' dir='ltr'><strong>alienum</strong></span> <span class='ocrx_word' id='word_1_389' title='bbox 2549 3114 2621 3169; x_wconf 89' lang='lat' dir='ltr'><strong>sit</strong></span> <span class='ocrx_word' id='word_1_390' title='bbox 2654 3129 2687 3168; x_wconf 90' lang='lat' dir='ltr'><strong>a</strong></span> <span class='ocrx_word' id='word_1_391' title='bbox 2717 3124 2869 3171; x_wconf 83' lang='lat' dir='ltr'><strong>recta</strong></span> <span class='ocrx_word' id='word_1_392' title='bbox 2903 3119 3118 3173; x_wconf 87' lang='lat' dir='ltr'><strong>ratione</strong></span> <span class='ocrx_word' id='word_1_393' title='bbox 3159 3136 3173 3171; x_wconf 89' lang='lat'><strong>:</strong></span> <span class='ocrx_word' id='word_1_394' title='bbox 3201 3119 3460 3189; x_wconf 87' lang='lat' dir='ltr'><strong>itemque,</strong></span> <span class='ocrx_word' id='word_1_395' title='bbox 3496 3123 3643 3191; x_wconf 90' lang='lat' dir='ltr'><strong>quod</strong></span> 
     </span>
    </p>
   </div>
   <div class='ocr_carea' id='block_1_63' title="bbox 382 3202 1959 3280">
    <p class='ocr_par' dir='ltr' id='par_1_63' title="bbox 382 3202 1957 3280">
     <span class='ocr_line' id='line_1_64' title="bbox 382 3202 1957 3280; baseline -0.003 -21"><span class='ocrx_word' id='word_1_396' title='bbox 382 3206 458 3280; x_wconf 85' lang='grc' dir='ltr'>μὴ</span> <span class='ocrx_word' id='word_1_397' title='bbox 500 3206 903 3261; x_wconf 79' lang='grc' dir='ltr'>ὑποτάσσεσθαι</span> <span class='ocrx_word' id='word_1_398' title='bbox 924 3207 1211 3269; x_wconf 88' lang='grc' dir='ltr'>ἀπειθείας</span> <span class='ocrx_word' id='word_1_399' title='bbox 1235 3206 1329 3261; x_wconf 77' lang='grc' dir='ltr'><strong>καὶ</strong></span> <span class='ocrx_word' id='word_1_400' title='bbox 1369 3204 1676 3273; x_wconf 84' lang='grc' dir='ltr'>ἀντιλογίας</span> <span class='ocrx_word' id='word_1_401' title='bbox 1710 3202 1821 3273; x_wconf 73' lang='grc' dir='ltr'>ἔχει</span> <span class='ocrx_word' id='word_1_402' title='bbox 1866 3202 1957 3255; x_wconf 86' lang='grc' dir='ltr'><strong>τὸν</strong></span> 
     </span>
    </p>
   </div>
   <div class='ocr_carea' id='block_1_64' title="bbox 2060 3202 3643 3280">
    <p class='ocr_par' dir='ltr' id='par_1_64' title="bbox 2060 3204 3643 3278">
     <span class='ocr_line' id='line_1_65' title="bbox 2060 3204 3643 3278; baseline 0.005 -20"><span class='ocrx_word' id='word_1_403' title='bbox 2060 3204 2301 3275; x_wconf 88' lang='lat' dir='ltr'><strong>plurium</strong></span> <span class='ocrx_word' id='word_1_404' title='bbox 2329 3205 2540 3275; x_wconf 89' lang='lat' dir='ltr'><strong>judicio</strong></span> <span class='ocrx_word' id='word_1_405' title='bbox 2568 3205 2736 3278; x_wconf 65' lang='grc'><strong>458</strong></span> <span class='ocrx_word' id='word_1_406' title='bbox 2768 3222 2881 3261; x_wconf 88' lang='lat' dir='ltr'><strong>non</strong></span> <span class='ocrx_word' id='word_1_407' title='bbox 2915 3221 3129 3278; x_wconf 90' lang='lat' dir='ltr'><strong>parere,</strong></span> <span class='ocrx_word' id='word_1_408' title='bbox 3164 3216 3249 3265; x_wconf 87' lang='lat' dir='ltr'><strong>est</strong></span> <span class='ocrx_word' id='word_1_409' title='bbox 3285 3210 3643 3266; x_wconf 63' lang='lat' dir='ltr'><strong>contumacia</strong></span> 
     </span>
    </p>
   </div>
   <div class='ocr_carea' id='block_1_65' title="bbox 379 3298 722 3353">
    <p class='ocr_par' dir='ltr' id='par_1_65' title="bbox 379 3298 722 3353">
     <span class='ocr_line' id='line_1_66' title="bbox 379 3298 722 3353; baseline -0.009 0"><span class='ocrx_word' id='word_1_410' title='bbox 379 3298 641 3353; x_wconf 82' lang='grc' dir='ltr'>κίνδυνον.</span> <span class='ocrx_word' id='word_1_411' title='bbox 714 3329 722 3344; x_wconf 82' lang='grc' dir='ltr'><strong>ι</strong></span> 
     </span>
    </p>
   </div>
   <div class='ocr_carea' id='block_1_66' title="bbox 899 3411 1437 3465">
    <p class='ocr_par' dir='ltr' id='par_1_66' title="bbox 899 3411 1437 3465">
     <span class='ocr_line' id='line_1_67' title="bbox 899 3411 1437 3465; baseline 0 -2"><span class='ocrx_word' id='word_1_412' title='bbox 899 3411 1229 3464; x_wconf 82' lang='grc' dir='ltr'><strong>ΕΡΩΤΗΣΙΣ</strong></span> <span class='ocrx_word' id='word_1_413' title='bbox 1265 3412 1437 3465; x_wconf 83' lang='grc' dir='ltr'><strong>ΡΚΔ’.</strong></span> 
     </span>
    </p>
   </div>
   <div class='ocr_carea' id='block_1_67' title="bbox 376 3500 1963 3572">
    <p class='ocr_par' dir='ltr' id='par_1_67' title="bbox 376 3500 1963 3572">
     <span class='ocr_line' id='line_1_68' title="bbox 376 3500 1963 3572; baseline 0.001 -17"><span class='ocrx_word' id='word_1_414' title='bbox 376 3502 419 3555; x_wconf 82' lang='grc' dir='ltr'>Ε</span> <span class='ocrx_word' id='word_1_415' title='bbox 426 3505 443 3556; x_wconf 88' lang='grc' dir='ltr'><strong>ί</strong></span> <span class='ocrx_word' id='word_1_416' title='bbox 473 3501 563 3555; x_wconf 83' lang='grc' dir='ltr'><strong>δεῖ</strong></span> <span class='ocrx_word' id='word_1_417' title='bbox 579 3503 728 3572; x_wconf 82' lang='grc' dir='ltr'>μετὰ</span> <span class='ocrx_word' id='word_1_418' title='bbox 751 3501 1058 3572; x_wconf 82' lang='grc' dir='ltr'>αἱρετικῶν</span> <span class='ocrx_word' id='word_1_419' title='bbox 1089 3502 1123 3571; x_wconf 84' lang='grc' dir='ltr'>ἢ</span> <span class='ocrx_word' id='word_1_420' title='bbox 1159 3500 1471 3571; x_wconf 75' lang='grc' dir='ltr'><strong>Ἐλλήνων</strong></span> <span class='ocrx_word' id='word_1_421' title='bbox 1498 3501 1607 3571; x_wconf 76' lang='grc'>(55)</span> <span class='ocrx_word' id='word_1_422' title='bbox 1639 3503 1791 3557; x_wconf 86' lang='grc' dir='ltr'>κατὰ</span> <span class='ocrx_word' id='word_1_423' title='bbox 1815 3517 1963 3557; x_wconf 91' lang='grc' dir='ltr'>συν-</span> 
     </span>
    </p>
   </div>
   <div class='ocr_carea' id='block_1_68' title="bbox 453 3571 1960 3642">
    <p class='ocr_par' dir='ltr' id='par_1_68' title="bbox 453 3571 1960 3642">
     <span class='ocr_line' id='line_1_69' title="bbox 453 3571 1960 3642; baseline 0 -17"><span class='ocrx_word' id='word_1_424' title='bbox 453 3573 669 3642; x_wconf 80' lang='grc' dir='ltr'>τυχίαν</span> <span class='ocrx_word' id='word_1_425' title='bbox 703 3571 1019 3639; x_wconf 76' lang='grc' dir='ltr'>εὑρεθέντα</span> <span class='ocrx_word' id='word_1_426' title='bbox 1065 3588 1204 3637; x_wconf 90' lang='grc' dir='ltr'>που,</span> <span class='ocrx_word' id='word_1_427' title='bbox 1246 3572 1285 3641; x_wconf 79' lang='grc' dir='ltr'>ἢ</span> <span class='ocrx_word' id='word_1_428' title='bbox 1340 3574 1687 3628; x_wconf 79' lang='grc' dir='ltr'>συνεσθίειν</span> <span class='ocrx_word' id='word_1_429' title='bbox 1735 3574 1960 3640; x_wconf 83' lang='grc' dir='ltr'>αὐτοῖς,</span> 
     </span>
    </p>
   </div>
   <div class='ocr_carea' id='block_1_69' title="bbox 450 3642 1163 3712">
    <p class='ocr_par' dir='ltr' id='par_1_69' title="bbox 450 3642 1163 3712">
     <span class='ocr_line' id='line_1_70' title="bbox 450 3642 1163 3712; baseline -0.001 -15"><span class='ocrx_word' id='word_1_430' title='bbox 450 3643 489 3712; x_wconf 80' lang='grc' dir='ltr'><strong>ᾗ</strong></span> <span class='ocrx_word' id='word_1_431' title='bbox 523 3642 892 3703; x_wconf 80' lang='grc' dir='ltr'>ἀσπάζεσθαι</span> <span class='ocrx_word' id='word_1_432' title='bbox 922 3645 1163 3709; x_wconf 87' lang='grc' dir='ltr'>αὐτούς.</span> 
     </span>
    </p>
   </div>
   <div class='ocr_carea' id='block_1_70' title="bbox 974 3754 1361 3808">
    <p class='ocr_par' dir='ltr' id='par_1_70' title="bbox 974 3754 1361 3808">
     <span class='ocr_line' id='line_1_71' title="bbox 974 3754 1361 3808; baseline -0.003 0"><span class='ocrx_word' id='word_1_433' title='bbox 974 3754 1361 3808; x_wconf 83' lang='grc' dir='ltr'><strong>ΑΠΟΚΡΙΣΙΣ.</strong></span> 
     </span>
    </p>
   </div>
   <div class='ocr_carea' id='block_1_71' title="bbox 452 3839 2045 3919">
    <p class='ocr_par' dir='ltr' id='par_1_71' title="bbox 452 3839 2045 3919">
     <span class='ocr_line' id='line_1_72' title="bbox 452 3839 2045 3919; baseline 0.003 -19"><span class='ocrx_word' id='word_1_434' title='bbox 452 3848 555 3901; x_wconf 83' lang='grc' dir='ltr'>Τὸν</span> <span class='ocrx_word' id='word_1_435' title='bbox 609 3847 707 3917; x_wconf 80' lang='grc' dir='ltr'>μὲν</span> <span class='ocrx_word' id='word_1_436' title='bbox 761 3847 1053 3917; x_wconf 83' lang='grc' dir='ltr'>ἀσπασμὸν</span> <span class='ocrx_word' id='word_1_437' title='bbox 1109 3846 1298 3903; x_wconf 78' lang='grc' dir='ltr'>τοῦτον</span> <span class='ocrx_word' id='word_1_438' title='bbox 1340 3848 1580 3919; x_wconf 88' lang='grc' dir='ltr'>δηλονότι</span> <span class='ocrx_word' id='word_1_439' title='bbox 1637 3848 1727 3903; x_wconf 87' lang='grc' dir='ltr'><strong>τὸν</strong></span> <span class='ocrx_word' id='word_1_440' title='bbox 1789 3851 1965 3905; x_wconf 86' lang='grc' dir='ltr'>κοινὸν</span> <span class='ocrx_word' id='word_1_441' title='bbox 2040 3839 2045 3843; x_wconf 48' lang='grc'><strong>’</strong></span> 
     </span>
    </p>
   </div>
   <div class='ocr_carea' id='block_1_72' title="bbox 382 3937 1967 4008">
    <p class='ocr_par' dir='ltr' id='par_1_72' title="bbox 382 3937 1967 4008">
     <span class='ocr_line' id='line_1_73' title="bbox 382 3937 1967 4008; baseline 0.002 -18"><span class='ocrx_word' id='word_1_442' title='bbox 382 3937 470 3990; x_wconf 74' lang='grc' dir='ltr'><strong>ἐπ’</strong></span> <span class='ocrx_word' id='word_1_443' title='bbox 513 3937 724 4000; x_wconf 74' lang='grc' dir='ltr'>οὐδενὸς</span> <span class='ocrx_word' id='word_1_444' title='bbox 772 3937 801 3989; x_wconf 88' lang='grc' dir='ltr'>ὁ</span> <span class='ocrx_word' id='word_1_445' title='bbox 862 3938 1066 4007; x_wconf 85' lang='grc' dir='ltr'>Κύριος</span> <span class='ocrx_word' id='word_1_446' title='bbox 1119 3937 1521 4008; x_wconf 85' lang='grc' dir='ltr'>ἀπηγόρευσεν,</span> <span class='ocrx_word' id='word_1_447' title='bbox 1563 3938 1763 3991; x_wconf 77' lang='grc' dir='ltr'>εἰπών’</span> <span class='ocrx_word' id='word_1_448' title='bbox 1834 3940 1967 3994; x_wconf 80' lang='grc' dir='ltr'><strong>Ἐὰν</strong></span> 
     </span>
    </p>
   </div>
   <div class='ocr_carea' id='block_1_73' title="bbox 383 4028 1969 4100">
    <p class='ocr_par' dir='ltr' id='par_1_73' title="bbox 383 4028 1969 4100">
     <span class='ocr_line' id='line_1_74' title="bbox 383 4028 1969 4100; baseline 0.002 -18"><span class='ocrx_word' id='word_1_449' title='bbox 383 4028 748 4096; x_wconf 78' lang='grc' dir='ltr'>ἀσπάσησθε</span> <span class='ocrx_word' id='word_1_450' title='bbox 786 4028 927 4094; x_wconf 85' lang='grc' dir='ltr'>τοὺς</span> <span class='ocrx_word' id='word_1_451' title='bbox 959 4030 1177 4097; x_wconf 69' lang='grc' dir='ltr'>φίλους</span> <span class='ocrx_word' id='word_1_452' title='bbox 1212 4029 1380 4100; x_wconf 83' lang='grc' dir='ltr'>ὑμῶν</span> <span class='ocrx_word' id='word_1_453' title='bbox 1411 4032 1624 4098; x_wconf 82' lang='grc' dir='ltr'>μόνον,</span> <span class='ocrx_word' id='word_1_454' title='bbox 1670 4032 1728 4084; x_wconf 88' lang='grc' dir='ltr'><strong>τί</strong></span> <span class='ocrx_word' id='word_1_455' title='bbox 1765 4036 1969 4099; x_wconf 53' lang='grc' dir='ltr'>περισ-</span> 
     </span>
    </p>
   </div>
   <div class='ocr_carea' id='block_1_74' title="bbox 385 4119 1968 4189">
    <p class='ocr_par' dir='ltr' id='par_1_74' title="bbox 385 4119 1968 4189">
     <span class='ocr_line' id='line_1_75' title="bbox 385 4119 1968 4189; baseline 0.005 -17"><span class='ocrx_word' id='word_1_456' title='bbox 385 4120 502 4173; x_wconf 83' lang='grc' dir='ltr'>σὸν</span> <span class='ocrx_word' id='word_1_457' title='bbox 550 4119 801 4183; x_wconf 85' lang='grc' dir='ltr'>ποιεῖτε;</span> <span class='ocrx_word' id='word_1_458' title='bbox 851 4120 997 4189; x_wconf 81' lang='grc' dir='ltr'><strong>Οὐχί</strong></span> <span class='ocrx_word' id='word_1_459' title='bbox 1045 4121 1142 4174; x_wconf 81' lang='grc' dir='ltr'>καὶ</span> <span class='ocrx_word' id='word_1_460' title='bbox 1189 4125 1241 4175; x_wconf 90' lang='grc' dir='ltr'>οἱ</span> <span class='ocrx_word' id='word_1_461' title='bbox 1284 4122 1507 4175; x_wconf 80' lang='grc' dir='ltr'>ἐθνικοί</span> <span class='ocrx_word' id='word_1_462' title='bbox 1559 4123 1712 4176; x_wconf 83' lang='grc' dir='ltr'>οὕτω</span> <span class='ocrx_word' id='word_1_463' title='bbox 1765 4125 1968 4180; x_wconf 87' lang='grc' dir='ltr'>ποιοῦ-</span> 
     </span>
    </p>
   </div>
   <div class='ocr_carea' id='block_1_75' title="bbox 385 4216 1969 4289">
    <p class='ocr_par' dir='ltr' id='par_1_75' title="bbox 385 4216 1969 4289">
     <span class='ocr_line' id='line_1_76' title="bbox 385 4216 1969 4289; baseline 0.001 -21"><span class='ocrx_word' id='word_1_464' title='bbox 385 4233 491 4268; x_wconf 88' lang='grc' dir='ltr'><strong>σιν</strong></span> <span class='ocrx_word' id='word_1_465' title='bbox 521 4216 667 4286; x_wconf 79' lang='lat'>(56);</span> <span class='ocrx_word' id='word_1_466' title='bbox 702 4218 830 4288; x_wconf 72' lang='grc' dir='ltr'>περ).</span> <span class='ocrx_word' id='word_1_467' title='bbox 878 4216 935 4269; x_wconf 79' lang='grc' dir='ltr'>δὲ</span> <span class='ocrx_word' id='word_1_468' title='bbox 962 4216 1053 4269; x_wconf 81' lang='grc' dir='ltr'><strong>τοῦ</strong></span> <span class='ocrx_word' id='word_1_469' title='bbox 1098 4217 1399 4272; x_wconf 78' lang='grc' dir='ltr'>συνεσθίειν</span> <span class='ocrx_word' id='word_1_470' title='bbox 1449 4217 1646 4289; x_wconf 75' lang='grc' dir='ltr'>ἔχομεν</span> <span class='ocrx_word' id='word_1_471' title='bbox 1688 4234 1969 4289; x_wconf 85' lang='grc' dir='ltr'>παραγγε-</span> 
     </span>
    </p>
   </div>
   <div class='ocr_carea' id='block_1_76' title="bbox 2059 3295 3039 3366">
    <p class='ocr_par' dir='ltr' id='par_1_76' title="bbox 2059 3295 3039 3366">
     <span class='ocr_line' id='line_1_77' title="bbox 2059 3295 3039 3366; baseline 0.005 -18"><span class='ocrx_word' id='word_1_472' title='bbox 2059 3304 2115 3349; x_wconf 89' lang='lat' dir='ltr'><strong>et</strong></span> <span class='ocrx_word' id='word_1_473' title='bbox 2136 3295 2508 3350; x_wconf 86' lang='lat' dir='ltr'><strong>contentionis</strong></span> <span class='ocrx_word' id='word_1_474' title='bbox 2533 3297 2837 3366; x_wconf 90' lang='lat' dir='ltr'><strong>periculum</strong></span> <span class='ocrx_word' id='word_1_475' title='bbox 2866 3298 3039 3353; x_wconf 89' lang='lat' dir='ltr'><strong>adire.</strong></span> 
     </span>
    </p>
   </div>
   <div class='ocr_carea' id='block_1_77' title="bbox 2465 3405 3255 3466">
    <p class='ocr_par' dir='ltr' id='par_1_77' title="bbox 2465 3405 3255 3466">
     <span class='ocr_line' id='line_1_78' title="bbox 2465 3405 3255 3466; baseline 0.006 -5"><span class='ocrx_word' id='word_1_476' title='bbox 2465 3405 2983 3464; x_wconf 81' lang='lat' dir='ltr'><strong>INTERROGATIO</strong></span> <span class='ocrx_word' id='word_1_477' title='bbox 3021 3410 3255 3466; x_wconf 80' lang='lat' dir='ltr'><strong>CXXIV.</strong></span> 
     </span>
    </p>
   </div>
   <div class='ocr_carea' id='block_1_78' title="bbox 2064 3498 3644 3570">
    <p class='ocr_par' dir='ltr' id='par_1_78' title="bbox 2064 3498 3644 3570">
     <span class='ocr_line' id='line_1_79' title="bbox 2064 3498 3644 3570; baseline 0.003 -16"><span class='ocrx_word' id='word_1_478' title='bbox 2064 3498 2124 3554; x_wconf 86' lang='lat' dir='ltr'><strong>Si</strong></span> <span class='ocrx_word' id='word_1_479' title='bbox 2151 3500 2364 3570; x_wconf 79' lang='lat' dir='ltr'><strong>quando</strong></span> <span class='ocrx_word' id='word_1_480' title='bbox 2396 3500 2532 3568; x_wconf 77' lang='lat' dir='ltr'><strong>forte</strong></span> <span class='ocrx_word' id='word_1_481' title='bbox 2572 3501 2819 3554; x_wconf 88' lang='lat' dir='ltr'><strong>inciderit</strong></span> <span class='ocrx_word' id='word_1_482' title='bbox 2852 3503 3117 3570; x_wconf 87' lang='lat' dir='ltr'><strong>quispiam</strong></span> <span class='ocrx_word' id='word_1_483' title='bbox 3160 3504 3215 3555; x_wconf 87' lang='lat' dir='ltr'><strong><em>in</em></strong></span> <span class='ocrx_word' id='word_1_484' title='bbox 3249 3503 3523 3559; x_wconf 65' lang='lat' dir='ltr'><strong>haereticos</strong></span> <span class='ocrx_word' id='word_1_485' title='bbox 3554 3517 3644 3559; x_wconf 85' lang='lat' dir='ltr'><strong>aut</strong></span> 
     </span>
    </p>
   </div>
   <div class='ocr_carea' id='block_1_79' title="bbox 2136 3570 3642 3644">
    <p class='ocr_par' dir='ltr' id='par_1_79' title="bbox 2136 3570 3642 3644">
     <span class='ocr_line' id='line_1_80' title="bbox 2136 3570 3642 3644; baseline 0.005 -22"><span class='ocrx_word' id='word_1_486' title='bbox 2136 3570 2189 3622; x_wconf 86' lang='lat' dir='ltr'><strong>in</strong></span> <span class='ocrx_word' id='word_1_487' title='bbox 2222 3571 2464 3644; x_wconf 84' lang='lat' dir='ltr'><strong>gentiles,</strong></span> <span class='ocrx_word' id='word_1_488' title='bbox 2499 3587 2568 3624; x_wconf 91' lang='lat' dir='ltr'><strong><em>an</em></strong></span> <span class='ocrx_word' id='word_1_489' title='bbox 2596 3572 2641 3623; x_wconf 91' lang='lat' dir='ltr'><strong>is</strong></span> <span class='ocrx_word' id='word_1_490' title='bbox 2674 3571 2858 3644; x_wconf 75' lang='lat' dir='ltr'><strong>debeat</strong></span> <span class='ocrx_word' id='word_1_491' title='bbox 2900 3582 2992 3625; x_wconf 88' lang='lat' dir='ltr'><strong>aut</strong></span> <span class='ocrx_word' id='word_1_492' title='bbox 3033 3589 3151 3627; x_wconf 89' lang='lat' dir='ltr'><strong>cum</strong></span> <span class='ocrx_word' id='word_1_493' title='bbox 3185 3575 3315 3644; x_wconf 85' lang='lat' dir='ltr'><strong><em>ipsis</em></strong></span> <span class='ocrx_word' id='word_1_494' title='bbox 3352 3578 3525 3628; x_wconf 83' lang='lat' dir='ltr'><strong>cibum</strong></span> <span class='ocrx_word' id='word_1_495' title='bbox 3557 3592 3642 3629; x_wconf 86' lang='lat' dir='ltr'><strong>ca-</strong></span> 
     </span>
    </p>
   </div>
   <div class='ocr_carea' id='block_1_80' title="bbox 2132 3641 2859 3710">
    <p class='ocr_par' dir='ltr' id='par_1_80' title="bbox 2132 3641 2859 3710">
     <span class='ocr_line' id='line_1_81' title="bbox 2132 3641 2859 3710; baseline 0.003 -17"><span class='ocrx_word' id='word_1_496' title='bbox 2132 3656 2274 3707; x_wconf 90' lang='lat' dir='ltr'><strong>pere,</strong></span> <span class='ocrx_word' id='word_1_497' title='bbox 2307 3650 2400 3693; x_wconf 90' lang='lat' dir='ltr'><strong>aut</strong></span> <span class='ocrx_word' id='word_1_498' title='bbox 2430 3641 2572 3710; x_wconf 86' lang='lat' dir='ltr'><strong>ipsos</strong></span> <span class='ocrx_word' id='word_1_499' title='bbox 2600 3642 2859 3695; x_wconf 87' lang='lat' dir='ltr'><strong>salutare.</strong></span> 
     </span>
    </p>
   </div>
   <div class='ocr_carea' id='block_1_81' title="bbox 2644 3754 3056 3811">
    <p class='ocr_par' dir='ltr' id='par_1_81' title="bbox 2644 3754 3056 3811">
     <span class='ocr_line' id='line_1_82' title="bbox 2644 3754 3056 3811; baseline 0 -2"><span class='ocrx_word' id='word_1_500' title='bbox 2644 3754 3056 3811; x_wconf 73' lang='lat' dir='ltr'><strong>RESPONSIO.</strong></span> 
     </span>
    </p>
   </div>
   <div class='ocr_carea' id='block_1_82' title="bbox 2140 3844 3647 3915">
    <p class='ocr_par' dir='ltr' id='par_1_82' title="bbox 2140 3844 3647 3915">
     <span class='ocr_line' id='line_1_83' title="bbox 2140 3844 3647 3915; baseline 0.001 -17"><span class='ocrx_word' id='word_1_501' title='bbox 2140 3844 2538 3899; x_wconf 87' lang='lat' dir='ltr'><strong>Salutationem</strong></span> <span class='ocrx_word' id='word_1_502' title='bbox 2568 3846 2811 3915; x_wconf 90' lang='lat' dir='ltr'><strong>quidem,</strong></span> <span class='ocrx_word' id='word_1_503' title='bbox 2846 3848 2892 3901; x_wconf 85' lang='lat' dir='ltr'><strong>si</strong></span> <span class='ocrx_word' id='word_1_504' title='bbox 2920 3847 3171 3901; x_wconf 87' lang='lat' dir='ltr'><strong>videlicet</strong></span> <span class='ocrx_word' id='word_1_505' title='bbox 3210 3850 3519 3903; x_wconf 89' lang='lat' dir='ltr'><strong>communis</strong></span> <span class='ocrx_word' id='word_1_506' title='bbox 3552 3848 3647 3901; x_wconf 84' lang='lat' dir='ltr'><strong>illa</strong></span> 
     </span>
    </p>
   </div>
   <div class='ocr_carea' id='block_1_83' title="bbox 2067 3936 3648 4007">
    <p class='ocr_par' dir='ltr' id='par_1_83' title="bbox 2067 3936 3648 4007">
     <span class='ocr_line' id='line_1_84' title="bbox 2067 3936 3648 4007; baseline 0.003 -16"><span class='ocrx_word' id='word_1_507' title='bbox 2067 3936 2141 3991; x_wconf 89' lang='lat' dir='ltr'><strong>sit</strong></span> <span class='ocrx_word' id='word_1_508' title='bbox 2184 3945 2238 3991; x_wconf 90' lang='lat' dir='ltr'><strong>et</strong></span> <span class='ocrx_word' id='word_1_509' title='bbox 2270 3937 2535 4007; x_wconf 87' lang='lat' dir='ltr'><strong>vulgaris,</strong></span> <span class='ocrx_word' id='word_1_510' title='bbox 2584 3938 2737 3992; x_wconf 91' lang='lat' dir='ltr'><strong>nullo</strong></span> <span class='ocrx_word' id='word_1_511' title='bbox 2767 3938 2929 3992; x_wconf 91' lang='lat' dir='ltr'><strong>modo</strong></span> <span class='ocrx_word' id='word_1_512' title='bbox 2976 3941 3147 3993; x_wconf 87' lang='lat' dir='ltr'><strong>vetuit</strong></span> <span class='ocrx_word' id='word_1_513' title='bbox 3187 3938 3473 4003; x_wconf 87' lang='lat' dir='ltr'><strong>Dominus,</strong></span> <span class='ocrx_word' id='word_1_514' title='bbox 3522 3954 3648 3995; x_wconf 89' lang='lat' dir='ltr'><strong>cum</strong></span> 
     </span>
    </p>
   </div>
   <div class='ocr_carea' id='block_1_84' title="bbox 2068 4028 3648 4101">
    <p class='ocr_par' dir='ltr' id='par_1_84' title="bbox 2068 4028 3648 4101">
     <span class='ocr_line' id='line_1_85' title="bbox 2068 4028 3648 4101; baseline 0.002 -19"><span class='ocrx_word' id='word_1_515' title='bbox 2068 4028 2267 4083; x_wconf 81' lang='lat' dir='ltr'><strong>dixerit</strong></span> <span class='ocrx_word' id='word_1_516' title='bbox 2293 4049 2307 4083; x_wconf 88' lang='lat'><strong>:</strong></span> <span class='ocrx_word' id='word_1_517' title='bbox 2338 4028 2399 4085; x_wconf 88' lang='lat' dir='ltr'><strong>Si</strong></span> <span class='ocrx_word' id='word_1_518' title='bbox 2426 4030 2787 4084; x_wconf 88' lang='lat' dir='ltr'><strong>salutaveritis</strong></span> <span class='ocrx_word' id='word_1_519' title='bbox 2819 4032 3018 4095; x_wconf 82' lang='lat' dir='ltr'><strong>amicos</strong></span> <span class='ocrx_word' id='word_1_520' title='bbox 3041 4039 3236 4084; x_wconf 87' lang='lat' dir='ltr'><strong>vestros</strong></span> <span class='ocrx_word' id='word_1_521' title='bbox 3270 4040 3498 4094; x_wconf 88' lang='lat' dir='ltr'><strong>tantum,</strong></span> <span class='ocrx_word' id='word_1_522' title='bbox 3522 4033 3648 4101; x_wconf 83' lang='lat' dir='ltr'><strong>quid</strong></span> 
     </span>
    </p>
   </div>
   <div class='ocr_carea' id='block_1_85' title="bbox 2070 4123 3649 4194">
    <p class='ocr_par' dir='ltr' id='par_1_85' title="bbox 2070 4123 3649 4194">
     <span class='ocr_line' id='line_1_86' title="bbox 2070 4123 3649 4194; baseline 0.003 -18"><span class='ocrx_word' id='word_1_523' title='bbox 2070 4124 2297 4192; x_wconf 86' lang='lat' dir='ltr'><strong>amplius</strong></span> <span class='ocrx_word' id='word_1_524' title='bbox 2326 4125 2505 4192; x_wconf 78' lang='lat' dir='ltr'><strong>facitis</strong></span> <span class='ocrx_word' id='word_1_525' title='bbox 2524 4123 2742 4179; x_wconf 81' lang='lat' dir='ltr'><strong>?Nonne</strong></span> <span class='ocrx_word' id='word_1_526' title='bbox 2766 4134 2816 4177; x_wconf 89' lang='lat' dir='ltr'><strong><em>et</em></strong></span> <span class='ocrx_word' id='word_1_527' title='bbox 2843 4124 3037 4177; x_wconf 82' lang='lat' dir='ltr'><strong>ethnici</strong></span> <span class='ocrx_word' id='word_1_528' title='bbox 3063 4126 3138 4179; x_wconf 85' lang='lat' dir='ltr'><strong>sic</strong></span> <span class='ocrx_word' id='word_1_529' title='bbox 3162 4126 3366 4194; x_wconf 80' lang='lat' dir='ltr'><strong>faciunt</strong></span> <span class='ocrx_word' id='word_1_530' title='bbox 3390 4126 3437 4156; x_wconf 78' lang='lat'>”</span> <span class='ocrx_word' id='word_1_531' title='bbox 3454 4126 3476 4178; x_wconf 88' lang='lat'><strong>?</strong></span> <span class='ocrx_word' id='word_1_532' title='bbox 3493 4124 3649 4191; x_wconf 88' lang='lat' dir='ltr'><strong>Quod</strong></span> 
     </span>
    </p>
   </div>
   <div class='ocr_carea' id='block_1_86' title="bbox 2068 4216 3651 4289">
    <p class='ocr_par' dir='ltr' id='par_1_86' title="bbox 2068 4216 3651 4289">
     <span class='ocr_line' id='line_1_87' title="bbox 2068 4216 3651 4289; baseline 0.001 -20"><span class='ocrx_word' id='word_1_533' title='bbox 2068 4232 2202 4270; x_wconf 90' lang='lat' dir='ltr'><strong>vero</strong></span> <span class='ocrx_word' id='word_1_534' title='bbox 2239 4216 2308 4270; x_wconf 92' lang='lat' dir='ltr'><strong>ad</strong></span> <span class='ocrx_word' id='word_1_535' title='bbox 2355 4218 2541 4273; x_wconf 89' lang='lat' dir='ltr'><strong>cibum</strong></span> <span class='ocrx_word' id='word_1_536' title='bbox 2592 4233 2701 4271; x_wconf 90' lang='lat' dir='ltr'><strong>una</strong></span> <span class='ocrx_word' id='word_1_537' title='bbox 2741 4217 3069 4289; x_wconf 85' lang='lat' dir='ltr'><strong>capiendum</strong></span> <span class='ocrx_word' id='word_1_538' title='bbox 3114 4219 3328 4285; x_wconf 87' lang='lat' dir='ltr'><strong>attinet,</strong></span> <span class='ocrx_word' id='word_1_539' title='bbox 3381 4218 3651 4275; x_wconf 78' lang='lat' dir='ltr'><strong>habemus</strong></span> 
     </span>
    </p>
   </div>
   <div class='ocr_carea' id='block_1_87' title="bbox 362 4306 1959 4381">
    <p class='ocr_par' dir='ltr' id='par_1_87' title="bbox 362 4306 1959 4380">
     <span class='ocr_line' id='line_1_88' title="bbox 362 4306 1959 4380; baseline 0.001 -21"><span class='ocrx_word' id='word_1_540' title='bbox 362 4306 505 4379; x_wconf 4' lang='grc' dir='ltr'>,λίαν</span> <span class='ocrx_word' id='word_1_541' title='bbox 544 4306 635 4360; x_wconf 79' lang='grc' dir='ltr'>τοῦ</span> <span class='ocrx_word' id='word_1_542' title='bbox 680 4307 1003 4361; x_wconf 83' lang='grc' dir='ltr'>Ἀποστόλου</span> <span class='ocrx_word' id='word_1_543' title='bbox 1030 4348 1044 4371; x_wconf 93' lang='grc'><strong>,</strong></span> <span class='ocrx_word' id='word_1_544' title='bbox 1080 4309 1173 4361; x_wconf 79' lang='grc' dir='ltr'>ἐπὶ</span> <span class='ocrx_word' id='word_1_545' title='bbox 1216 4308 1377 4362; x_wconf 89' lang='grc' dir='ltr'>τίνων</span> <span class='ocrx_word' id='word_1_546' title='bbox 1424 4309 1529 4380; x_wconf 84' lang='grc' dir='ltr'><strong>χρὴ</strong></span> <span class='ocrx_word' id='word_1_547' title='bbox 1582 4309 1959 4380; x_wconf 79' lang='grc' dir='ltr'>παραιτεῖσθαι</span> 
     </span>
    </p>
   </div>
   <div class='ocr_carea' id='block_1_88' title="bbox 2060 4306 3653 4381">
    <p class='ocr_par' dir='ltr' id='par_1_88' title="bbox 2072 4310 3653 4381">
     <span class='ocr_line' id='line_1_89' title="bbox 2072 4310 3653 4381; baseline 0.001 -18"><span class='ocrx_word' id='word_1_548' title='bbox 2072 4318 2400 4379; x_wconf 71' lang='lat' dir='ltr'><strong>praeceptum</strong></span> <span class='ocrx_word' id='word_1_549' title='bbox 2432 4310 2679 4381; x_wconf 87' lang='lat' dir='ltr'><strong>Apostoli</strong></span> <span class='ocrx_word' id='word_1_550' title='bbox 2707 4350 2721 4374; x_wconf 95' lang='lat'><strong>,</strong></span> <span class='ocrx_word' id='word_1_551' title='bbox 2756 4327 2867 4381; x_wconf 87' lang='lat' dir='ltr'><strong>quo</strong></span> <span class='ocrx_word' id='word_1_552' title='bbox 2909 4310 3172 4365; x_wconf 87' lang='lat' dir='ltr'><strong>docemur</strong></span> <span class='ocrx_word' id='word_1_553' title='bbox 3208 4311 3262 4365; x_wconf 93' lang='lat' dir='ltr'><strong>in</strong></span> <span class='ocrx_word' id='word_1_554' title='bbox 3315 4312 3515 4381; x_wconf 89' lang='lat' dir='ltr'><strong>quibus</strong></span> <span class='ocrx_word' id='word_1_555' title='bbox 3546 4312 3653 4365; x_wconf 87' lang='lat' dir='ltr'><strong>hoc</strong></span> 
     </span>
    </p>
   </div>
   <div class='ocr_carea' id='block_1_89' title="bbox 387 4400 1959 4473">
    <p class='ocr_par' dir='ltr' id='par_1_89' title="bbox 387 4400 1959 4473">
     <span class='ocr_line' id='line_1_90' title="bbox 387 4400 1959 4473; baseline 0.002 -21"><span class='ocrx_word' id='word_1_556' title='bbox 387 4400 561 4465; x_wconf 77' lang='grc' dir='ltr'>τοῦτο,</span> <span class='ocrx_word' id='word_1_557' title='bbox 592 4401 833 4464; x_wconf 83' lang='grc' dir='ltr'>εἰπόντος</span> <span class='ocrx_word' id='word_1_558' title='bbox 852 4417 865 4430; x_wconf 79' lang='grc'>⁶</span> <span class='ocrx_word' id='word_1_559' title='bbox 898 4404 1173 4470; x_wconf 73' lang='grc' dir='ltr'>Ἔγραψα</span> <span class='ocrx_word' id='word_1_560' title='bbox 1198 4403 1341 4473; x_wconf 83' lang='grc' dir='ltr'>ὑμῖν</span> <span class='ocrx_word' id='word_1_561' title='bbox 1364 4404 1435 4457; x_wconf 83' lang='grc' dir='ltr'>ἐν</span> <span class='ocrx_word' id='word_1_562' title='bbox 1462 4401 1539 4471; x_wconf 76' lang='grc' dir='ltr'>τῇ</span> <span class='ocrx_word' id='word_1_563' title='bbox 1562 4401 1856 4470; x_wconf 81' lang='grc' dir='ltr'>ἐπιστολῇ</span> <span class='ocrx_word' id='word_1_564' title='bbox 1883 4402 1959 4471; x_wconf 74' lang='grc' dir='ltr'>μὴ</span> 
     </span>
    </p>
   </div>
   <div class='ocr_carea' id='block_1_90' title="bbox 2060 4400 3651 4473">
    <p class='ocr_par' dir='ltr' id='par_1_90' title="bbox 2073 4402 3651 4473">
     <span class='ocr_line' id='line_1_91' title="bbox 2073 4402 3651 4473; baseline 0.001 -20"><span class='ocrx_word' id='word_1_565' title='bbox 2073 4402 2230 4456; x_wconf 82' lang='lat' dir='ltr'><strong>vitari</strong></span> <span class='ocrx_word' id='word_1_566' title='bbox 2259 4402 2473 4468; x_wconf 86' lang='lat' dir='ltr'><strong>debeat,</strong></span> <span class='ocrx_word' id='word_1_567' title='bbox 2501 4403 2574 4456; x_wconf 88' lang='lat' dir='ltr'><strong>ita</strong></span> <span class='ocrx_word' id='word_1_568' title='bbox 2604 4403 2878 4473; x_wconf 89' lang='lat' dir='ltr'><strong>loquentis</strong></span> <span class='ocrx_word' id='word_1_569' title='bbox 2905 4423 2917 4457; x_wconf 90' lang='lat'>:</span> <span class='ocrx_word' id='word_1_570' title='bbox 2941 4402 3143 4472; x_wconf 87' lang='lat' dir='ltr'><strong>Scripsi</strong></span> <span class='ocrx_word' id='word_1_571' title='bbox 3165 4404 3305 4457; x_wconf 76' lang='lat' dir='ltr'><strong>vobis</strong></span> <span class='ocrx_word' id='word_1_572' title='bbox 3329 4404 3382 4457; x_wconf 89' lang='lat' dir='ltr'><strong>in</strong></span> <span class='ocrx_word' id='word_1_573' title='bbox 3406 4404 3651 4472; x_wconf 84' lang='lat' dir='ltr'><strong>epistola,</strong></span> 
     </span>
    </p>
   </div>
   <div class='ocr_carea' id='block_1_91' title="bbox 360 4470 1959 4565">
    <p class='ocr_par' dir='ltr' id='par_1_91' title="bbox 360 4470 1959 4565">
     <span class='ocr_line' id='line_1_92' title="bbox 360 4470 1959 4565; baseline -0.001 -19"><span class='ocrx_word' id='word_1_574' title='bbox 360 4470 949 4564; x_wconf 74' lang='grc' dir='ltr'>συναναμίγνυσθαι</span> <span class='ocrx_word' id='word_1_575' title='bbox 986 4495 1094 4565; x_wconf 83' lang='grc'>(57)</span> <span class='ocrx_word' id='word_1_576' title='bbox 1144 4470 1408 4563; x_wconf 69' lang='grc' dir='ltr'>πόρνοις,</span> <span class='ocrx_word' id='word_1_577' title='bbox 1457 4470 1555 4549; x_wconf 78' lang='grc' dir='ltr'><strong>καί</strong></span> <span class='ocrx_word' id='word_1_578' title='bbox 1613 4496 1685 4548; x_wconf 86' lang='grc' dir='ltr'>οὐ</span> <span class='ocrx_word' id='word_1_579' title='bbox 1732 4493 1959 4557; x_wconf 77' lang='grc' dir='ltr'>πάντως</span> 
     </span>
    </p>
   </div>
   <div class='ocr_carea' id='block_1_92' title="bbox 2060 4470 3652 4565">
    <p class='ocr_par' dir='ltr' id='par_1_92' title="bbox 2076 4494 3652 4564">
     <span class='ocr_line' id='line_1_93' title="bbox 2076 4494 3652 4564; baseline 0 -19"><span class='ocrx_word' id='word_1_580' title='bbox 2076 4510 2136 4547; x_wconf 91' lang='lat' dir='ltr'><strong><em>ne</em></strong></span> <span class='ocrx_word' id='word_1_581' title='bbox 2169 4494 2639 4547; x_wconf 86' lang='lat' dir='ltr'><strong>commisceremini</strong></span> <span class='ocrx_word' id='word_1_582' title='bbox 2665 4511 2785 4548; x_wconf 90' lang='lat' dir='ltr'><strong>cum</strong></span> <span class='ocrx_word' id='word_1_583' title='bbox 2823 4495 3154 4564; x_wconf 79' lang='lat' dir='ltr'><strong>fornicariis,</strong></span> <span class='ocrx_word' id='word_1_584' title='bbox 3197 4512 3258 4549; x_wconf 89' lang='lat' dir='ltr'><strong>ac</strong></span> <span class='ocrx_word' id='word_1_585' title='bbox 3291 4512 3393 4548; x_wconf 88' lang='lat' dir='ltr'><strong>non</strong></span> <span class='ocrx_word' id='word_1_586' title='bbox 3440 4496 3652 4549; x_wconf 84' lang='lat' dir='ltr'><strong>omnino</strong></span> 
     </span>
    </p>
   </div>
   <div class='ocr_carea' id='block_1_93' title="bbox 389 4586 1959 4657">
    <p class='ocr_par' dir='ltr' id='par_1_93' title="bbox 389 4586 1959 4657">
     <span class='ocr_line' id='line_1_94' title="bbox 389 4586 1959 4657; baseline 0.001 -20"><span class='ocrx_word' id='word_1_587' title='bbox 389 4586 513 4652; x_wconf 85' lang='grc' dir='ltr'>τοῖς</span> <span class='ocrx_word' id='word_1_588' title='bbox 535 4587 777 4654; x_wconf 79' lang='grc' dir='ltr'>πόρνοις</span> <span class='ocrx_word' id='word_1_589' title='bbox 807 4588 911 4640; x_wconf 84' lang='grc' dir='ltr'>τοῦ</span> <span class='ocrx_word' id='word_1_590' title='bbox 946 4589 1179 4657; x_wconf 84' lang='grc' dir='ltr'>κόσμου</span> <span class='ocrx_word' id='word_1_591' title='bbox 1218 4590 1452 4652; x_wconf 83' lang='grc' dir='ltr'>τούτου,</span> <span class='ocrx_word' id='word_1_592' title='bbox 1486 4588 1524 4657; x_wconf 80' lang='grc' dir='ltr'><em>ἣ</em></span> <span class='ocrx_word' id='word_1_593' title='bbox 1559 4587 1959 4651; x_wconf 78' lang='grc' dir='ltr'>πλεονέκταις,</span> 
     </span>
    </p>
   </div>
   <div class='ocr_carea' id='block_1_94' title="bbox 2060 4586 3655 4657">
    <p class='ocr_par' dir='ltr' id='par_1_94' title="bbox 2076 4586 3655 4656">
     <span class='ocr_line' id='line_1_95' title="bbox 2076 4586 3655 4656; baseline 0.001 -19"><span class='ocrx_word' id='word_1_594' title='bbox 2076 4601 2195 4637; x_wconf 81' lang='lat' dir='ltr'><strong>cum</strong></span> <span class='ocrx_word' id='word_1_595' title='bbox 2224 4586 2531 4653; x_wconf 81' lang='lat' dir='ltr'><strong>fornicariis</strong></span> <span class='ocrx_word' id='word_1_596' title='bbox 2563 4586 2722 4656; x_wconf 85' lang='lat' dir='ltr'><strong><em>hujus</em></strong></span> <span class='ocrx_word' id='word_1_597' title='bbox 2758 4588 2964 4652; x_wconf 86' lang='lat' dir='ltr'><strong>mundi,</strong></span> <span class='ocrx_word' id='word_1_598' title='bbox 3010 4598 3101 4640; x_wconf 88' lang='lat' dir='ltr'><strong>aut</strong></span> <span class='ocrx_word' id='word_1_599' title='bbox 3145 4604 3263 4640; x_wconf 89' lang='lat' dir='ltr'><strong>cum</strong></span> <span class='ocrx_word' id='word_1_600' title='bbox 3315 4588 3512 4649; x_wconf 89' lang='lat' dir='ltr'><strong>avaris,</strong></span> <span class='ocrx_word' id='word_1_601' title='bbox 3561 4598 3655 4639; x_wconf 81' lang='lat' dir='ltr'><strong>aut</strong></span> 
     </span>
    </p>
   </div>
   <div class='ocr_carea' id='block_1_95' title="bbox 390 4676 1959 4748">
    <p class='ocr_par' dir='ltr' id='par_1_95' title="bbox 390 4676 1959 4748">
     <span class='ocr_line' id='line_1_96' title="bbox 390 4676 1959 4748; baseline -0.001 -18"><span class='ocrx_word' id='word_1_602' title='bbox 390 4677 428 4745; x_wconf 77' lang='grc' dir='ltr'><strong>ἢ</strong></span> <span class='ocrx_word' id='word_1_603' title='bbox 458 4677 736 4747; x_wconf 79' lang='grc' dir='ltr'>ἅρπαξιν,</span> <span class='ocrx_word' id='word_1_604' title='bbox 768 4678 805 4746; x_wconf 81' lang='grc' dir='ltr'><em>ἣ</em></span> <span class='ocrx_word' id='word_1_605' title='bbox 838 4678 1295 4748; x_wconf 73' lang='grc' dir='ltr'>εἰδωλολάτραις</span> <span class='ocrx_word' id='word_1_606' title='bbox 1314 4698 1328 4712; x_wconf 71' lang='grc' dir='ltr'><strong>ο</strong></span> <span class='ocrx_word' id='word_1_607' title='bbox 1379 4680 1509 4733; x_wconf 77' lang='grc' dir='ltr'>ἐπεὶ</span> <span class='ocrx_word' id='word_1_608' title='bbox 1551 4680 1819 4747; x_wconf 70' lang='grc' dir='ltr'>ὀφείλετε</span> <span class='ocrx_word' id='word_1_609' title='bbox 1860 4676 1959 4747; x_wconf 74' lang='grc' dir='ltr'>ἄρα</span> 
     </span>
    </p>
   </div>
   <div class='ocr_carea' id='block_1_96' title="bbox 2060 4676 3652 4748">
    <p class='ocr_par' dir='ltr' id='par_1_96' title="bbox 2076 4678 3652 4747">
     <span class='ocr_line' id='line_1_97' title="bbox 2076 4678 3652 4747; baseline 0.001 -18"><span class='ocrx_word' id='word_1_610' title='bbox 2076 4694 2193 4731; x_wconf 87' lang='lat' dir='ltr'><strong>cum</strong></span> <span class='ocrx_word' id='word_1_611' title='bbox 2240 4678 2558 4747; x_wconf 87' lang='lat' dir='ltr'><strong>rapacibus,</strong></span> <span class='ocrx_word' id='word_1_612' title='bbox 2609 4689 2703 4732; x_wconf 90' lang='lat' dir='ltr'><strong>aut</strong></span> <span class='ocrx_word' id='word_1_613' title='bbox 2741 4678 3006 4732; x_wconf 85' lang='lat' dir='ltr'><strong>idolorum</strong></span> <span class='ocrx_word' id='word_1_614' title='bbox 3043 4678 3334 4733; x_wconf 78' lang='lat' dir='ltr'><strong>cultoribus</strong></span> <span class='ocrx_word' id='word_1_615' title='bbox 3366 4693 3383 4729; x_wconf 90' lang='lat'><strong><em>:</em></strong></span> <span class='ocrx_word' id='word_1_616' title='bbox 3416 4678 3652 4745; x_wconf 89' lang='lat' dir='ltr'><strong>alioquin</strong></span> 
     </span>
    </p>
   </div>
   <div class='ocr_carea' id='block_1_97' title="bbox 389 4768 1959 4843">
    <p class='ocr_par' dir='ltr' id='par_1_97' title="bbox 389 4771 1959 4843">
     <span class='ocr_line' id='line_1_98' title="bbox 389 4771 1959 4843; baseline -0.001 -17"><span class='ocrx_word' id='word_1_617' title='bbox 389 4773 458 4826; x_wconf 80' lang='grc' dir='ltr'>ἐκ</span> <span class='ocrx_word' id='word_1_618' title='bbox 484 4772 589 4827; x_wconf 86' lang='grc' dir='ltr'>τοῦ</span> <span class='ocrx_word' id='word_1_619' title='bbox 620 4775 851 4842; x_wconf 84' lang='grc' dir='ltr'>κόσμου</span> <span class='ocrx_word' id='word_1_620' title='bbox 876 4771 1161 4836; x_wconf 78' lang='grc' dir='ltr'>ἐξελθεῖν.</span> <span class='ocrx_word' id='word_1_621' title='bbox 1190 4774 1321 4827; x_wconf 88' lang='grc' dir='ltr'><strong>Νῦν</strong></span> <span class='ocrx_word' id='word_1_622' title='bbox 1349 4772 1418 4825; x_wconf 84' lang='grc' dir='ltr'><strong>δὲ</strong></span> <span class='ocrx_word' id='word_1_623' title='bbox 1449 4772 1683 4843; x_wconf 65' lang='grc' dir='ltr'>ἔγραψα</span> <span class='ocrx_word' id='word_1_624' title='bbox 1724 4772 1866 4842; x_wconf 82' lang='grc' dir='ltr'>ὑμῖν</span> <span class='ocrx_word' id='word_1_625' title='bbox 1885 4772 1959 4841; x_wconf 70' lang='grc' dir='ltr'>μὴ</span> 
     </span>
    </p>
   </div>
   <div class='ocr_carea' id='block_1_98' title="bbox 2060 4768 3653 4843">
    <p class='ocr_par' dir='ltr' id='par_1_98' title="bbox 2074 4768 3653 4839">
     <span class='ocr_line' id='line_1_99' title="bbox 2074 4768 3653 4839; baseline -0.003 -18"><span class='ocrx_word' id='word_1_626' title='bbox 2074 4769 2328 4823; x_wconf 85' lang='lat' dir='ltr'><strong>deberetis</strong></span> <span class='ocrx_word' id='word_1_627' title='bbox 2373 4771 2551 4839; x_wconf 85' lang='lat' dir='ltr'><strong>utique</strong></span> <span class='ocrx_word' id='word_1_628' title='bbox 2577 4769 2639 4823; x_wconf 85' lang='lat' dir='ltr'><strong>de</strong></span> <span class='ocrx_word' id='word_1_629' title='bbox 2671 4773 2768 4824; x_wconf 80' lang='lat' dir='ltr'><strong>hoc</strong></span> <span class='ocrx_word' id='word_1_630' title='bbox 2797 4770 2993 4824; x_wconf 79' lang='lat' dir='ltr'><strong>mundo</strong></span> <span class='ocrx_word' id='word_1_631' title='bbox 3030 4770 3242 4823; x_wconf 75' lang='lat' dir='ltr'><strong>exiisse.</strong></span> <span class='ocrx_word' id='word_1_632' title='bbox 3292 4768 3445 4820; x_wconf 81' lang='lat' dir='ltr'><strong>Nunc</strong></span> <span class='ocrx_word' id='word_1_633' title='bbox 3476 4778 3653 4821; x_wconf 86' lang='lat' dir='ltr'><strong>autem</strong></span> 
     </span>
    </p>
   </div>
   <div class='ocr_carea' id='block_1_99' title="bbox 393 4857 1959 4935">
    <p class='ocr_par' dir='ltr' id='par_1_99' title="bbox 393 4863 1959 4935">
     <span class='ocr_line' id='line_1_100' title="bbox 393 4863 1959 4935; baseline -0.002 -16"><span class='ocrx_word' id='word_1_634' title='bbox 393 4865 953 4933; x_wconf 75' lang='grc' dir='ltr'>συναναμίγνυσθαι</span> <span class='ocrx_word' id='word_1_635' title='bbox 983 4864 1113 4935; x_wconf 81' lang='grc'><strong>(58).</strong></span> <span class='ocrx_word' id='word_1_636' title='bbox 1163 4864 1299 4917; x_wconf 82' lang='grc' dir='ltr'><strong>Ἐάν</strong></span> <span class='ocrx_word' id='word_1_637' title='bbox 1325 4882 1414 4930; x_wconf 87' lang='grc' dir='ltr'><strong>τις</strong></span> <span class='ocrx_word' id='word_1_638' title='bbox 1466 4863 1729 4933; x_wconf 75' lang='grc' dir='ltr'>ἀδελφὸς</span> <span class='ocrx_word' id='word_1_639' title='bbox 1761 4865 1959 4932; x_wconf 74' lang='grc' dir='ltr'>όνομα</span> 
     </span>
    </p>
   </div>
   <div class='ocr_carea' id='block_1_100' title="bbox 2060 4857 3653 4935">
    <p class='ocr_par' dir='ltr' id='par_1_100' title="bbox 2075 4857 3653 4929">
     <span class='ocr_line' id='line_1_101' title="bbox 2075 4857 3653 4929; baseline -0.003 -14"><span class='ocrx_word' id='word_1_640' title='bbox 2075 4862 2264 4929; x_wconf 85' lang='lat' dir='ltr'><strong>scripsi</strong></span> <span class='ocrx_word' id='word_1_641' title='bbox 2300 4861 2468 4929; x_wconf 75' lang='lat' dir='ltr'><strong>nobis,</strong></span> <span class='ocrx_word' id='word_1_642' title='bbox 2509 4870 2568 4914; x_wconf 90' lang='lat' dir='ltr'><strong>ut</strong></span> <span class='ocrx_word' id='word_1_643' title='bbox 2600 4877 2663 4915; x_wconf 90' lang='lat' dir='ltr'><strong><em>ne</em></strong></span> <span class='ocrx_word' id='word_1_644' title='bbox 2705 4860 3171 4915; x_wconf 87' lang='lat' dir='ltr'><strong>commisceamini.</strong></span> <span class='ocrx_word' id='word_1_645' title='bbox 3216 4857 3275 4912; x_wconf 89' lang='lat' dir='ltr'><strong><em>Si</em></strong></span> <span class='ocrx_word' id='word_1_646' title='bbox 3317 4858 3533 4928; x_wconf 86' lang='lat' dir='ltr'><strong>aliquis,</strong></span> <span class='ocrx_word' id='word_1_647' title='bbox 3564 4861 3653 4929; x_wconf 85' lang='lat' dir='ltr'><strong>qui</strong></span> 
     </span>
    </p>
   </div>
   <div class='ocr_carea' id='block_1_101' title="bbox 395 4952 1959 5028">
    <p class='ocr_par' dir='ltr' id='par_1_101' title="bbox 395 4956 1959 5028">
     <span class='ocr_line' id='line_1_102' title="bbox 395 4956 1959 5028; baseline -0.001 -17"><span class='ocrx_word' id='word_1_648' title='bbox 395 4956 653 5028; x_wconf 77' lang='grc' dir='ltr'>ζόμενος,</span> <span class='ocrx_word' id='word_1_649' title='bbox 692 4959 731 5026; x_wconf 83' lang='grc' dir='ltr'>ἢ</span> <span class='ocrx_word' id='word_1_650' title='bbox 780 4959 1022 5027; x_wconf 86' lang='grc' dir='ltr'>πόρνος,</span> <span class='ocrx_word' id='word_1_651' title='bbox 1070 4957 1109 5025; x_wconf 83' lang='grc' dir='ltr'><strong><em>ἣ</em></strong></span> <span class='ocrx_word' id='word_1_652' title='bbox 1151 4957 1540 5025; x_wconf 74' lang='grc' dir='ltr'>πλεονέκτης,</span> <span class='ocrx_word' id='word_1_653' title='bbox 1579 4957 1618 5025; x_wconf 82' lang='grc' dir='ltr'><em>ἢ</em></span> <span class='ocrx_word' id='word_1_654' title='bbox 1656 4956 1959 5011; x_wconf 73' lang='grc' dir='ltr'>εἰδωλολά-</span> 
     </span>
    </p>
   </div>
   <div class='ocr_carea' id='block_1_102' title="bbox 2060 4952 3658 5028">
    <p class='ocr_par' dir='ltr' id='par_1_102' title="bbox 2077 4952 3658 5022">
     <span class='ocr_line' id='line_1_103' title="bbox 2077 4952 3658 5022; baseline 0 -18"><span class='ocrx_word' id='word_1_655' title='bbox 2077 4954 2245 5022; x_wconf 83' lang='lat' dir='ltr'><strong>frater</strong></span> <span class='ocrx_word' id='word_1_656' title='bbox 2276 4954 2606 5017; x_wconf 89' lang='lat' dir='ltr'><strong>nominatur,</strong></span> <span class='ocrx_word' id='word_1_657' title='bbox 2634 4962 2711 5005; x_wconf 90' lang='lat' dir='ltr'><strong><em>est</em></strong></span> <span class='ocrx_word' id='word_1_658' title='bbox 2736 4961 2827 5006; x_wconf 91' lang='lat' dir='ltr'><strong>aut</strong></span> <span class='ocrx_word' id='word_1_659' title='bbox 2860 4952 3174 5019; x_wconf 76' lang='lat' dir='ltr'><strong>fornicator,</strong></span> <span class='ocrx_word' id='word_1_660' title='bbox 3206 4960 3296 5003; x_wconf 88' lang='lat' dir='ltr'><strong>aut</strong></span> <span class='ocrx_word' id='word_1_661' title='bbox 3320 4968 3533 5015; x_wconf 86' lang='lat' dir='ltr'><strong>avarus,</strong></span> <span class='ocrx_word' id='word_1_662' title='bbox 3565 4964 3658 5004; x_wconf 89' lang='lat' dir='ltr'><strong>aut</strong></span> 
     </span>
    </p>
   </div>
   <div class='ocr_carea' id='block_1_103' title="bbox 463 5108 1959 5186">
    <p class='ocr_par' dir='ltr' id='par_1_103' title="bbox 463 5111 1957 5186">
     <span class='ocr_line' id='line_1_104' title="bbox 463 5111 1957 5186; baseline -0.001 -19"><span class='ocrx_word' id='word_1_663' title='bbox 463 5115 509 5146; x_wconf 83' lang='grc'>⁷³</span> <span class='ocrx_word' id='word_1_664' title='bbox 546 5112 778 5186; x_wconf 86' lang='lat' dir='ltr'><strong>Philipp.</strong></span> <span class='ocrx_word' id='word_1_665' title='bbox 819 5132 914 5180; x_wconf 85' lang='grc' dir='ltr'>ιιι,</span> <span class='ocrx_word' id='word_1_666' title='bbox 953 5112 1054 5183; x_wconf 78' lang='grc'><strong>15,</strong></span> <span class='ocrx_word' id='word_1_667' title='bbox 1092 5114 1179 5170; x_wconf 71' lang='grc'><strong>14.</strong></span> <span class='ocrx_word' id='word_1_668' title='bbox 1256 5114 1301 5149; x_wconf 72' lang='grc'><strong>⁷⁸</strong></span> <span class='ocrx_word' id='word_1_669' title='bbox 1342 5111 1362 5165; x_wconf 92' lang='lat' dir='ltr'><strong>I</strong></span> <span class='ocrx_word' id='word_1_670' title='bbox 1396 5112 1523 5168; x_wconf 80' lang='lat' dir='ltr'><strong>Cor.</strong></span> <span class='ocrx_word' id='word_1_671' title='bbox 1564 5129 1652 5179; x_wconf 84' lang='lat' dir='ltr'><strong>Ix,</strong></span> <span class='ocrx_word' id='word_1_672' title='bbox 1688 5114 1775 5167; x_wconf 77' lang='lat' dir='ltr'><strong>H.</strong></span> <span class='ocrx_word' id='word_1_673' title='bbox 1851 5113 1899 5143; x_wconf 83' lang='grc'><strong>⁷⁸</strong></span> <span class='ocrx_word' id='word_1_674' title='bbox 1940 5112 1957 5166; x_wconf 94' lang='grc'><strong>1</strong></span> 
     </span>
    </p>
   </div>
   <div class='ocr_carea' id='block_1_104' title="bbox 2060 5108 3121 5186">
    <p class='ocr_par' dir='ltr' id='par_1_104' title="bbox 2067 5108 3121 5176">
     <span class='ocr_line' id='line_1_105' title="bbox 2067 5108 3121 5176; baseline -0.001 -10"><span class='ocrx_word' id='word_1_675' title='bbox 2067 5112 2209 5167; x_wconf 90' lang='lat' dir='ltr'><strong>bess.</strong></span> <span class='ocrx_word' id='word_1_676' title='bbox 2252 5127 2349 5176; x_wconf 90' lang='grc' dir='ltr'>ιιι,</span> <span class='ocrx_word' id='word_1_677' title='bbox 2387 5113 2455 5176; x_wconf 91' lang='grc'>8,</span> <span class='ocrx_word' id='word_1_678' title='bbox 2489 5110 2542 5165; x_wconf 90' lang='grc'><strong>9.</strong></span> <span class='ocrx_word' id='word_1_679' title='bbox 2625 5110 2671 5141; x_wconf 77' lang='grc'>’⁸</span> <span class='ocrx_word' id='word_1_680' title='bbox 2716 5108 2906 5163; x_wconf 86' lang='lat' dir='ltr'><strong>Matth.</strong></span> <span class='ocrx_word' id='word_1_681' title='bbox 2947 5128 2998 5173; x_wconf 75' lang='grc' dir='ltr'><strong>ν,</strong></span> <span class='ocrx_word' id='word_1_682' title='bbox 3033 5112 3121 5166; x_wconf 76' lang='grc'><strong>47.</strong></span> 
     </span>
    </p>
   </div>
   <div class='ocr_carea' id='block_1_105' title="bbox 472 5255 1971 5330">
    <p class='ocr_par' dir='ltr' id='par_1_105' title="bbox 472 5255 1971 5330">
     <span class='ocr_line' id='line_1_106' title="bbox 472 5255 1971 5330; baseline 0.001 -21"><span class='ocrx_word' id='word_1_683' title='bbox 472 5258 580 5330; x_wconf 64' lang='grc'>(55)</span> <span class='ocrx_word' id='word_1_684' title='bbox 614 5255 804 5330; x_wconf 12' lang='lat' dir='ltr'><strong>Codex,</strong></span> <span class='ocrx_word' id='word_1_685' title='bbox 826 5258 980 5314; x_wconf 78' lang='lat' dir='ltr'><strong>Colb.</strong></span> <span class='ocrx_word' id='word_1_686' title='bbox 1008 5257 1538 5330; x_wconf 38' lang='grc' dir='ltr'>ἐργαζόμενοι-τερος</span> <span class='ocrx_word' id='word_1_687' title='bbox 1581 5257 1639 5308; x_wconf 86' lang='grc' dir='ltr'>τὸ</span> <span class='ocrx_word' id='word_1_688' title='bbox 1678 5258 1751 5327; x_wconf 84' lang='grc' dir='ltr'>μὴ</span> <span class='ocrx_word' id='word_1_689' title='bbox 1783 5257 1971 5330; x_wconf 57' lang='grc' dir='ltr'><strong>ὲτξιὸα-</strong></span> 
     </span>
    </p>
   </div>
   <div class='ocr_carea' id='block_1_106' title="bbox 400 5326 1966 5399">
    <p class='ocr_par' dir='ltr' id='par_1_106' title="bbox 400 5326 1966 5399">
     <span class='ocr_line' id='line_1_107' title="bbox 400 5326 1966 5399; baseline -0.002 -17"><span class='ocrx_word' id='word_1_690' title='bbox 400 5327 561 5399; x_wconf 75' lang='grc' dir='ltr'>ρῆσαί</span> <span class='ocrx_word' id='word_1_691' title='bbox 588 5343 734 5399; x_wconf 67' lang='grc' dir='ltr'>τινα,</span> <span class='ocrx_word' id='word_1_692' title='bbox 759 5329 877 5398; x_wconf 84' lang='grc' dir='ltr'>οὐχ.</span> <span class='ocrx_word' id='word_1_693' title='bbox 904 5326 1200 5399; x_wconf 83' lang='lat' dir='ltr'><strong>Aliquanto</strong></span> <span class='ocrx_word' id='word_1_694' title='bbox 1216 5326 1347 5398; x_wconf 80' lang='lat' dir='ltr'><strong>post</strong></span> <span class='ocrx_word' id='word_1_695' title='bbox 1374 5326 1517 5381; x_wconf 84' lang='lat' dir='ltr'><strong>idem</strong></span> <span class='ocrx_word' id='word_1_696' title='bbox 1542 5341 1648 5381; x_wconf 90' lang='lat' dir='ltr'><strong>ms.</strong></span> <span class='ocrx_word' id='word_1_697' title='bbox 1675 5326 1798 5381; x_wconf 86' lang='lat' dir='ltr'><strong>cum</strong></span> <span class='ocrx_word' id='word_1_698' title='bbox 1833 5326 1966 5398; x_wconf 76' lang='lat' dir='ltr'><strong>Reg.</strong></span> 
     </span>
    </p>
   </div>
   <div class='ocr_carea' id='block_1_107' title="bbox 400 5395 1309 5469">
    <p class='ocr_par' dir='ltr' id='par_1_107' title="bbox 400 5395 1309 5469">
     <span class='ocr_line' id='line_1_108' title="bbox 400 5395 1309 5469; baseline 0.002 -20"><span class='ocrx_word' id='word_1_699' title='bbox 400 5395 571 5469; x_wconf 79' lang='lat' dir='ltr'><strong>primo</strong></span> <span class='ocrx_word' id='word_1_700' title='bbox 604 5395 899 5469; x_wconf 62' lang='lat' dir='ltr'><strong>Eapbtepov</strong></span> <span class='ocrx_word' id='word_1_701' title='bbox 927 5395 1027 5453; x_wconf 70' lang='grc' dir='ltr'>καῖ</span> <span class='ocrx_word' id='word_1_702' title='bbox 1049 5395 1309 5462; x_wconf 75' lang='grc' dir='ltr'>κοπῶδες.</span> 
     </span>
    </p>
   </div>
   <div class='ocr_carea' id='block_1_108' title="bbox 470 5466 1967 5539">
    <p class='ocr_par' dir='ltr' id='par_1_108' title="bbox 470 5466 1967 5539">
     <span class='ocr_line' id='line_1_109' title="bbox 470 5466 1967 5539; baseline -0.001 -18"><span class='ocrx_word' id='word_1_703' title='bbox 470 5466 839 5539; x_wconf 13' lang='grc' dir='ltr'>(διιξίνειετρε</span> <span class='ocrx_word' id='word_1_704' title='bbox 870 5470 980 5524; x_wconf 87' lang='lat' dir='ltr'><strong>duo</strong></span> <span class='ocrx_word' id='word_1_705' title='bbox 1021 5470 1145 5524; x_wconf 91' lang='lat' dir='ltr'><strong>libri</strong></span> <span class='ocrx_word' id='word_1_706' title='bbox 1180 5490 1193 5524; x_wconf 88' lang='lat'><strong>:</strong></span> <span class='ocrx_word' id='word_1_707' title='bbox 1224 5470 1305 5521; x_wconf 85' lang='grc' dir='ltr'><strong>ὅτι</strong></span> <span class='ocrx_word' id='word_1_708' title='bbox 1326 5468 1453 5539; x_wconf 79' lang='grc' dir='ltr'>οὐχὶ</span> <span class='ocrx_word' id='word_1_709' title='bbox 1492 5466 1967 5539; x_wconf 14' lang='grc' dir='ltr'>θεραπεύωνίὲαυ-</span> 
     </span>
    </p>
   </div>
   <div class='ocr_carea' id='block_1_109' title="bbox 2078 5254 3655 5327">
    <p class='ocr_par' dir='ltr' id='par_1_109' title="bbox 2078 5254 3655 5327">
     <span class='ocr_line' id='line_1_110' title="bbox 2078 5254 3655 5327; baseline 0.001 -18"><span class='ocrx_word' id='word_1_710' title='bbox 2078 5257 2187 5326; x_wconf 89' lang='lat' dir='ltr'><strong>eipi</strong></span> <span class='ocrx_word' id='word_1_711' title='bbox 2216 5256 2283 5310; x_wconf 82' lang='lat' dir='ltr'><strong>ad</strong></span> <span class='ocrx_word' id='word_1_712' title='bbox 2334 5256 2621 5310; x_wconf 89' lang='lat' dir='ltr'><strong>arbitrium</strong></span> <span class='ocrx_word' id='word_1_713' title='bbox 2672 5262 2765 5307; x_wconf 90' lang='lat' dir='ltr'><strong>aut</strong></span> <span class='ocrx_word' id='word_1_714' title='bbox 2784 5269 2909 5327; x_wconf 10' lang='lat' dir='ltr'><strong>pro;</strong></span> <span class='ocrx_word' id='word_1_715' title='bbox 2944 5254 3179 5327; x_wconf 84' lang='lat' dir='ltr'><strong>simplici</strong></span> <span class='ocrx_word' id='word_1_716' title='bbox 3235 5258 3655 5327; x_wconf 65' lang='lat' dir='ltr'><strong>praepositorum</strong></span> 
     </span>
    </p>
   </div>
   <div class='ocr_carea' id='block_1_110' title="bbox 2080 5323 3151 5393">
    <p class='ocr_par' dir='ltr' id='par_1_110' title="bbox 2080 5323 3151 5393">
     <span class='ocr_line' id='line_1_111' title="bbox 2080 5323 3151 5393; baseline -0.004 -11"><span class='ocrx_word' id='word_1_717' title='bbox 2080 5323 2482 5386; x_wconf 77' lang='lat' dir='ltr'><strong>benedictione,</strong></span> <span class='ocrx_word' id='word_1_718' title='bbox 2518 5334 2612 5378; x_wconf 86' lang='lat' dir='ltr'><strong>aut</strong></span> <span class='ocrx_word' id='word_1_719' title='bbox 2647 5338 2746 5393; x_wconf 88' lang='lat' dir='ltr'><strong>pro</strong></span> <span class='ocrx_word' id='word_1_720' title='bbox 2782 5323 3151 5393; x_wconf 67' lang='lat' dir='ltr'><strong>Eucharistia.</strong></span> 
     </span>
    </p>
   </div>
   <div class='ocr_carea' id='block_1_111' title="bbox 2148 5392 3658 5467">
    <p class='ocr_par' dir='ltr' id='par_1_111' title="bbox 2148 5392 3658 5467">
     <span class='ocr_line' id='line_1_112' title="bbox 2148 5392 3658 5467; baseline 0 -18"><span class='ocrx_word' id='word_1_721' title='bbox 2148 5398 2261 5463; x_wconf 78' lang='lat'>(35)</span> <span class='ocrx_word' id='word_1_722' title='bbox 2292 5397 2422 5466; x_wconf 82' lang='lat' dir='ltr'><strong>Reg.</strong></span> <span class='ocrx_word' id='word_1_723' title='bbox 2450 5392 2935 5467; x_wconf 15' lang='lat' dir='ltr'><strong>primuset‘Colb.</strong></span> <span class='ocrx_word' id='word_1_724' title='bbox 2956 5396 3265 5467; x_wconf 64' lang='grc' dir='ltr'><strong>Δαἱρετικῶν</strong></span> <span class='ocrx_word' id='word_1_725' title='bbox 3296 5397 3326 5466; x_wconf 74' lang='grc' dir='ltr'>ἢ</span> <span class='ocrx_word' id='word_1_726' title='bbox 3361 5397 3503 5467; x_wconf 83' lang='grc' dir='ltr'><strong>μετά</strong></span> <span class='ocrx_word' id='word_1_727' title='bbox 3542 5399 3658 5452; x_wconf 78' lang='grc' dir='ltr'><strong>Ἑλ·-</strong></span> 
     </span>
    </p>
   </div>
   <div class='ocr_carea' id='block_1_112' title="bbox 2076 5464 3657 5538">
    <p class='ocr_par' dir='ltr' id='par_1_112' title="bbox 2076 5464 3657 5538">
     <span class='ocr_line' id='line_1_113' title="bbox 2076 5464 3657 5538; baseline 0.001 -19"><span class='ocrx_word' id='word_1_728' title='bbox 2076 5467 2305 5538; x_wconf 85' lang='grc' dir='ltr'>λήνωνῆ</span> <span class='ocrx_word' id='word_1_729' title='bbox 2351 5464 2639 5519; x_wconf 78' lang='grc' dir='ltr'>Ἰουδαίων.</span> <span class='ocrx_word' id='word_1_730' title='bbox 2673 5464 2811 5517; x_wconf 86' lang='lat' dir='ltr'><strong>Edili</strong></span> <span class='ocrx_word' id='word_1_731' title='bbox 2842 5474 2895 5517; x_wconf 83' lang='lat' dir='ltr'><strong>et</strong></span> <span class='ocrx_word' id='word_1_732' title='bbox 2920 5464 3009 5517; x_wconf 87' lang='lat' dir='ltr'><strong>alii</strong></span> <span class='ocrx_word' id='word_1_733' title='bbox 3039 5464 3149 5518; x_wconf 93' lang='lat' dir='ltr'><strong>duo</strong></span> <span class='ocrx_word' id='word_1_734' title='bbox 3181 5464 3325 5521; x_wconf 48' lang='lat' dir='ltr'><strong>mss!</strong></span> <span class='ocrx_word' id='word_1_735' title='bbox 3351 5464 3411 5522; x_wconf 86' lang='lat' dir='ltr'><strong>ut</strong></span> <span class='ocrx_word' id='word_1_736' title='bbox 3441 5470 3495 5522; x_wconf 88' lang='lat' dir='ltr'><strong>in</strong></span> <span class='ocrx_word' id='word_1_737' title='bbox 3526 5486 3543 5521; x_wconf 76' lang='grc' dir='ltr'><strong>ι</strong></span> <span class='ocrx_word' id='word_1_738' title='bbox 3566 5485 3657 5523; x_wconf 80' lang='lat' dir='ltr'><strong>)n-</strong></span> 
     </span>
    </p>
   </div>
   <div class='ocr_carea' id='block_1_113' title="bbox 399 5537 1959 5614">
    <p class='ocr_par' dir='ltr' id='par_1_113' title="bbox 399 5537 1959 5614">
     <span class='ocr_line' id='line_1_114' title="bbox 399 5537 1959 5614; baseline 0.004 -26"><span class='ocrx_word' id='word_1_739' title='bbox 399 5537 489 5614; x_wconf 70' lang='grc' dir='ltr'><strong>τὸν</strong></span> <span class='ocrx_word' id='word_1_740' title='bbox 514 5537 672 5614; x_wconf 60' lang='grc' dir='ltr'><strong>⁸τοῦτο</strong></span> <span class='ocrx_word' id='word_1_741' title='bbox 701 5539 966 5614; x_wconf 39' lang='grc' dir='ltr'>ὲ-πιζητεξ</span> <span class='ocrx_word' id='word_1_742' title='bbox 1002 5540 1136 5614; x_wconf 77' lang='grc' dir='ltr'>ἀλλὰ</span> <span class='ocrx_word' id='word_1_743' title='bbox 1171 5540 1282 5592; x_wconf 89' lang='grc' dir='ltr'>καί.</span> <span class='ocrx_word' id='word_1_744' title='bbox 1317 5537 1566 5614; x_wconf 42' lang='lat' dir='ltr'><strong>Subinde:</strong></span> <span class='ocrx_word' id='word_1_745' title='bbox 1592 5538 1760 5614; x_wconf 81' lang='lat' dir='ltr'><strong>codex</strong></span> <span class='ocrx_word' id='word_1_746' title='bbox 1806 5538 1959 5594; x_wconf 86' lang='lat' dir='ltr'><strong>Colb.</strong></span> 
     </span>
    </p>
   </div>
   <div class='ocr_carea' id='block_1_114' title="bbox 2060 5537 2809 5614">
    <p class='ocr_par' dir='ltr' id='par_1_114' title="bbox 2077 5537 2809 5614">
     <span class='ocr_line' id='line_1_115' title="bbox 2077 5537 2809 5614; baseline 0 0"><span class='ocrx_word' id='word_1_747' title='bbox 2077 5546 2249 5614; x_wconf 43' lang='lat'><strong>“339&#39;:</strong></span> <span class='ocrx_word' id='word_1_748' title='bbox 2298 5537 2317 5614; x_wconf 11' lang='grc' dir='ltr'><strong>ν.</strong></span> <span class='ocrx_word' id='word_1_749' title='bbox 2404 5607 2414 5614; x_wconf 88' lang='grc'><strong>.</strong></span> <span class='ocrx_word' id='word_1_750' title='bbox 2499 5608 2511 5614; x_wconf 94' lang='grc'><strong>-</strong></span> <span class='ocrx_word' id='word_1_751' title='bbox 2564 5606 2576 5614; x_wconf 94' lang='grc'>.</span> <span class='ocrx_word' id='word_1_752' title='bbox 2798 5604 2809 5614; x_wconf 96' lang='grc'><strong><em>.</em></strong></span> 
     </span>
    </p>
   </div>
   <div class='ocr_carea' id='block_1_115' title="bbox 285 5604 1959 5679">
    <p class='ocr_par' dir='ltr' id='par_1_115' title="bbox 285 5604 1959 5679">
     <span class='ocr_line' id='line_1_116' title="bbox 285 5604 1959 5679; baseline 0.004 -22"><span class='ocrx_word' id='word_1_753' title='bbox 285 5651 291 5657; x_wconf 89' lang='grc'><em>.</em></span> <span class='ocrx_word' id='word_1_754' title='bbox 402 5608 494 5679; x_wconf 62' lang='grc' dir='ltr'>ἐπὶ</span> <span class='ocrx_word' id='word_1_755' title='bbox 524 5604 901 5679; x_wconf 77' lang='grc' dir='ltr'>ἁμαρτήματι.</span> <span class='ocrx_word' id='word_1_756' title='bbox 928 5609 1110 5675; x_wconf 62' lang='lat' dir='ltr'><strong>Quaeri</strong></span> <span class='ocrx_word' id='word_1_757' title='bbox 1162 5617 1342 5679; x_wconf 88' lang='lat' dir='ltr'><strong>potest</strong></span> <span class='ocrx_word' id='word_1_758' title='bbox 1382 5608 1514 5679; x_wconf 86' lang='lat' dir='ltr'><strong>quid</strong></span> <span class='ocrx_word' id='word_1_759' title='bbox 1554 5608 1657 5661; x_wconf 91' lang='lat' dir='ltr'><strong>hoc</strong></span> <span class='ocrx_word' id='word_1_760' title='bbox 1709 5610 1830 5662; x_wconf 78' lang='lat' dir='ltr'><strong>loco</strong></span> <span class='ocrx_word' id='word_1_761' title='bbox 1861 5626 1959 5663; x_wconf 82' lang='lat' dir='ltr'><strong>vox</strong></span> 
     </span>
    </p>
   </div>
   <div class='ocr_carea' id='block_1_116' title="bbox 2060 5604 3512 5679">
    <p class='ocr_par' dir='ltr' id='par_1_116' title="bbox 2148 5604 3512 5679">
     <span class='ocr_line' id='line_1_117' title="bbox 2148 5604 3512 5679; baseline 0.002 -20"><span class='ocrx_word' id='word_1_762' title='bbox 2148 5607 2258 5679; x_wconf 76' lang='grc'>(56)</span> <span class='ocrx_word' id='word_1_763' title='bbox 2293 5606 2654 5679; x_wconf 35' lang='lat' dir='ltr'><strong>AntiquiAduo</strong></span> <span class='ocrx_word' id='word_1_764' title='bbox 2690 5604 2809 5679; x_wconf 84' lang='lat' dir='ltr'><strong>libri</strong></span> <span class='ocrx_word' id='word_1_765' title='bbox 2852 5604 3243 5679; x_wconf 66' lang='grc' dir='ltr'>ὲθνικοὶτοῦτσ</span> <span class='ocrx_word' id='word_1_766' title='bbox 3279 5609 3512 5663; x_wconf 81' lang='grc' dir='ltr'>ποιοῦσι.</span> 
     </span>
    </p>
   </div>
   <div class='ocr_carea' id='block_1_117' title="bbox 404 5674 1959 5745">
    <p class='ocr_par' dir='ltr' id='par_1_117' title="bbox 404 5674 1959 5745">
     <span class='ocr_line' id='line_1_118' title="bbox 404 5674 1959 5745; baseline 0.006 -19"><span class='ocrx_word' id='word_1_767' title='bbox 404 5674 621 5745; x_wconf 80' lang='grc' dir='ltr'>εὐλογία</span> <span class='ocrx_word' id='word_1_768' title='bbox 647 5674 917 5745; x_wconf 65' lang='lat' dir='ltr'><strong>Signiﬁcet</strong></span> <span class='ocrx_word' id='word_1_769' title='bbox 944 5674 967 5735; x_wconf 19' lang='lat'><strong>:7</strong></span> <span class='ocrx_word' id='word_1_770' title='bbox 988 5680 1108 5743; x_wconf 86' lang='lat' dir='ltr'><strong>sed,</strong></span> <span class='ocrx_word' id='word_1_771' title='bbox 1131 5674 1191 5733; x_wconf 79' lang='lat' dir='ltr'><strong>ut</strong></span> <span class='ocrx_word' id='word_1_772' title='bbox 1207 5674 1415 5733; x_wconf 53' lang='lat' dir='ltr'><strong>verum&#39;</strong></span> <span class='ocrx_word' id='word_1_773' title='bbox 1433 5677 1622 5741; x_wconf 82' lang='lat' dir='ltr'><strong>fatear,</strong></span> <span class='ocrx_word' id='word_1_774' title='bbox 1642 5680 1775 5733; x_wconf 88' lang='lat' dir='ltr'><strong>nihil</strong></span> <span class='ocrx_word' id='word_1_775' title='bbox 1808 5695 1871 5734; x_wconf 87' lang='lat' dir='ltr'><strong>ea</strong></span> <span class='ocrx_word' id='word_1_776' title='bbox 1901 5679 1959 5735; x_wconf 76' lang='lat' dir='ltr'><strong>de</strong></span> 
     </span>
    </p>
   </div>
   <div class='ocr_carea' id='block_1_118' title="bbox 2060 5674 3303 5745">
    <p class='ocr_par' dir='ltr' id='par_1_118' title="bbox 2150 5674 3303 5745">
     <span class='ocr_line' id='line_1_119' title="bbox 2150 5674 3303 5745; baseline 0.001 -14"><span class='ocrx_word' id='word_1_777' title='bbox 2150 5674 2264 5745; x_wconf 77' lang='grc'>(57)</span> <span class='ocrx_word' id='word_1_778' title='bbox 2294 5674 2476 5731; x_wconf 79' lang='lat' dir='ltr'><strong>Codex</strong></span> <span class='ocrx_word' id='word_1_779' title='bbox 2509 5675 2668 5730; x_wconf 84' lang='lat' dir='ltr'><strong>Coll).</strong></span> <span class='ocrx_word' id='word_1_780' title='bbox 2707 5676 2779 5744; x_wconf 89' lang='grc' dir='ltr'>μὴ</span> <span class='ocrx_word' id='word_1_781' title='bbox 2804 5674 3303 5745; x_wconf 16' lang='grc' dir='ltr'>ᾲσυναναμίγνυσθε.</span> 
     </span>
    </p>
   </div>
   <div class='ocr_carea' id='block_1_119' title="bbox 405 5682 1959 5821">
    <p class='ocr_par' dir='ltr' id='par_1_119' title="bbox 405 5682 1959 5821">
     <span class='ocr_line' id='line_1_120' title="bbox 405 5682 1959 5805; baseline 0.006 -79"><span class='ocrx_word' id='word_1_782' title='bbox 405 5682 621 5745; x_wconf 78' lang='grc' dir='ltr'>εὐλογία</span> <span class='ocrx_word' id='word_1_783' title='bbox 647 5682 917 5805; x_wconf 61' lang='lat' dir='ltr'><strong>siﬁpiﬁcet</strong></span> <span class='ocrx_word' id='word_1_784' title='bbox 944 5699 956 5735; x_wconf 94' lang='lat'><strong>:</strong></span> <span class='ocrx_word' id='word_1_785' title='bbox 988 5682 1108 5743; x_wconf 86' lang='lat' dir='ltr'><strong>sed,</strong></span> <span class='ocrx_word' id='word_1_786' title='bbox 1131 5692 1394 5733; x_wconf 89' lang='lat' dir='ltr'><strong>utverum</strong></span> <span class='ocrx_word' id='word_1_787' title='bbox 1433 5682 1622 5741; x_wconf 81' lang='lat' dir='ltr'><strong>fatear,</strong></span> <span class='ocrx_word' id='word_1_788' title='bbox 1642 5682 1775 5760; x_wconf 73' lang='lat' dir='ltr'><strong>nihil</strong></span> <span class='ocrx_word' id='word_1_789' title='bbox 1808 5695 1871 5734; x_wconf 87' lang='lat' dir='ltr'><strong>ea</strong></span> <span class='ocrx_word' id='word_1_790' title='bbox 1901 5682 1959 5735; x_wconf 76' lang='lat' dir='ltr'><strong>de</strong></span> 
     </span>
     <span class='ocr_line' id='line_1_121' title="bbox 405 5748 1959 5821; baseline 0.003 -21"><span class='ocrx_word' id='word_1_791' title='bbox 405 5763 464 5802; x_wconf 89' lang='lat' dir='ltr'><strong>re</strong></span> <span class='ocrx_word' id='word_1_792' title='bbox 487 5756 637 5804; x_wconf 88' lang='lat' dir='ltr'><strong>certo</strong></span> <span class='ocrx_word' id='word_1_793' title='bbox 663 5764 693 5804; x_wconf 89' lang='lat' dir='ltr'><strong>a</strong></span> <span class='ocrx_word' id='word_1_794' title='bbox 733 5750 918 5807; x_wconf 86' lang='lat' dir='ltr'><strong>&#39;rmari</strong></span> <span class='ocrx_word' id='word_1_795' title='bbox 960 5765 1122 5821; x_wconf 90' lang='lat' dir='ltr'><strong>posse</strong></span> <span class='ocrx_word' id='word_1_796' title='bbox 1164 5749 1417 5805; x_wconf 85' lang='lat' dir='ltr'><strong>arbitror.</strong></span> <span class='ocrx_word' id='word_1_797' title='bbox 1446 5748 1631 5804; x_wconf 89' lang='lat' dir='ltr'><strong>Potest</strong></span> <span class='ocrx_word' id='word_1_798' title='bbox 1688 5756 1855 5821; x_wconf 72' lang='lat' dir='ltr'><strong>igitur</strong></span> <span class='ocrx_word' id='word_1_799' title='bbox 1880 5765 1959 5805; x_wconf 88' lang='lat' dir='ltr'><strong>ac-</strong></span> 
     </span>
    </p>
   </div>
   <div class='ocr_carea' id='block_1_120' title="bbox 2060 5682 3580 5821">
    <p class='ocr_par' dir='ltr' id='par_1_120' title="bbox 2150 5682 3580 5821">
     <span class='ocr_line' id='line_1_122' title="bbox 2150 5682 3303 5747; baseline 0.001 -16"><span class='ocrx_word' id='word_1_800' title='bbox 2150 5682 2242 5747; x_wconf 75' lang='grc'>(57</span> <span class='ocrx_word' id='word_1_801' title='bbox 2294 5682 2476 5731; x_wconf 79' lang='lat' dir='ltr'><strong>Codex</strong></span> <span class='ocrx_word' id='word_1_802' title='bbox 2509 5682 2668 5730; x_wconf 79' lang='lat' dir='ltr'><strong>Coll).</strong></span> <span class='ocrx_word' id='word_1_803' title='bbox 2707 5682 2779 5744; x_wconf 89' lang='grc' dir='ltr'>μὴ</span> <span class='ocrx_word' id='word_1_804' title='bbox 2812 5682 3303 5742; x_wconf 84' lang='grc' dir='ltr'>συναναμίγνυσθε.</span> 
     </span>
     <span class='ocr_line' id='line_1_123' title="bbox 2150 5682 3580 5821; baseline 0.001 -20"><span class='ocrx_word' id='word_1_805' title='bbox 2150 5682 2264 5820; x_wconf 61' lang='lat'>(58)</span> <span class='ocrx_word' id='word_1_806' title='bbox 2293 5746 2426 5819; x_wconf 79' lang='lat' dir='ltr'><strong>Reg.</strong></span> <span class='ocrx_word' id='word_1_807' title='bbox 2459 5748 2671 5814; x_wconf 89' lang='lat' dir='ltr'><strong>primus</strong></span> <span class='ocrx_word' id='word_1_808' title='bbox 2705 5754 2759 5801; x_wconf 88' lang='lat' dir='ltr'><strong>et</strong></span> <span class='ocrx_word' id='word_1_809' title='bbox 2788 5743 2941 5800; x_wconf 88' lang='lat' dir='ltr'><strong>Colb.</strong></span> <span class='ocrx_word' id='word_1_810' title='bbox 2983 5746 3055 5815; x_wconf 80' lang='grc' dir='ltr'><strong>μὴ</strong></span> <span class='ocrx_word' id='word_1_811' title='bbox 3090 5750 3580 5821; x_wconf 83' lang='grc' dir='ltr'>συναναμίγνυσθε.</span> 
     </span>
    </p>
   </div>
  </div>
