4064 6238
463 275 484 324 i
503 274 597 326 162
1797 271 1857 328 S.
1898 271 1982 326 BA
1991 270 2068 325 SII

2106 271 2140 324 ll
2184 270 2398 327 MAGNI
3570 269 3711 326 “63

461 391 618 444 idolis
647 394 898 461 serviens,
933 404 1024 448 aut
1052 393 1360 457 maledicus,
1393 404 1484 447 aut
1517 393 1774 456 ebriosus,
1817 404 1908 446 aut
1933 410 2024 445 ra-
2057 428 2066 453 λ

2127 409 2291 460 τρης,
2333 393 2371 459 ἣ
2416 391 2707 458 λοίδορος,
2755 390 2792 458 ἣ
2838 390 3124 460 μέθυσος,
3161 389 3198 457 ἤ
3235 388 3452 456 ἅρπαξ,
3485 387 3567 453 τῷ
3597 405 3709 444 τοι·

459 494 566 546 paa:
589 495 608 533 :
627 497 746 534 cum
766 482 1030 550 ejusmodi
1055 502 1115 538 ne
1136 485 1306 537 cibum
1340 481 1547 554 quidem
1583 483 1808 552 capiatis
1831 483 1902 537 ".

1263 501 1306 536 m
1340 481 1547 554 quidem
1583 483 1808 552 capiatis
1831 483 1902 537 ".
2137 485 2290 546 ούτῳ
2320 481 2474 551 μηδὲ
2505 482 2868 535 συνεσθίειν.

867 595 1381 652 INTERROGATIO
1419 596 1633 653 CXXV.

1626 637 1633 650 .
2691 593 3023 645 ΕΡΩΤΗΣῙΣ
3059 590 3231 645 ΡΚΕ’.

464 688 562 740 Cui
592 705 779 743 munus
806 690 1020 759 aliquod
1048 691 1302 744 creditum
1330 701 1430 753 est,
1463 701 1510 743 ct
1534 690 1736 744 nemine
1762 687 2031 740 admonito

2141 687 2249 740 Τὸν
2275 686 2710 759 πιστευόμενον
2733 683 2928 759 ἔργον.
2961 684 3061 759 {cat
3119 682 3405 759 ποιοῆντά
3441 699 3506 759 τε
3534 683 3712 759 χωρξς

534 761 662 826 facit
683 751 1096 830 aliquid'prceter
1131 761 1184 814 id
1212 761 1349 830 quod
1384 751 1431 814 ei
1461 761 1755 828 injunctum
1784 759 1908 830 fuit,
1937 766 2031 830 aut

2210 751 2603 830 ὑπομνήσεως
2641 751 2817 830 παρὰ
2840 754 2902 830 τῷ
2953 753 3428 830 δια-τεταγμένη,
3453 752 3514 830 [ἢ
3560 751 3715 830 ὑπὲρ

533 821 676 884 ultra
719 821 878 898 quam
905 821 1024 900 'ipsi
1069 821 1436 900 praescriptum
1479 821 1580 894 est,
1625 831 1737 883 isne
1784 821 1934 881 debet
1978 828 2031 878 id

2205 826 2271 900 τὸ
2318 821 2777 893 διατεταγμένον
2826 821 2985 888 αὐτῷ
3018 825 3164 893 (³59),
3196 821 3272 876 “ει
3318 822 3414 876 δεῖ
3443 821 3611 892 ἔχειν
3647 821 3717 874 τὸ

533 896 990 955 ιηαηιιενειὶηενε.
1069 896 1078 900 ’
1290 896 1299 900 ’

795 896 990 955 rtinere.
1069 896 1078 900 ’
1290 896 1299 900 ’
2203 896 2400 964 ἔργον.

1041 1009 1449 1067 RESPONSIO.

2759 1007 3143 1062 ΑΠΟΚΡΙΣΙΣ.

533 1105 748 1176 Aliquid
785 1105 1111 1174 sibimetipsi
1153 1119 1434 1159 assumere
1475 1104 1530 1157 in
1577 1103 1890 1156 universum
1920 1099 2034 1154 dis-

2204 1103 2279 1154 Τὸ
2321 1101 2419 1171 μὲν
2446 1099 2624 1170 ἑαυτῷ
2652 1099 2949 1170 Ααμὸἁνειν
2980 1098 3209 1151 καθόλου
3239 1098 3542 1170 απαρέσκει
3569 1095 3713 1166 Θεῷ·

463 1196 628 1266 plicet
653 1195 761 1250 Deo
793 1210 1012 1264 :neque
1050 1193 1104 1248 id
1147 1193 1424 1257 convenit,
1479 1208 1658 1262 neque
1709 1191 1928 1261 expedit
1965 1191 2034 1244 iis

2134 1193 2229 1246 καὶ
2274 1191 2403 1247 οὔτε
2453 1193 2674 1264 πρέπει,
2727 1189 2851 1244 οὕτε
2883 1190 3150 1262 συμφέρει
3199 1194 3310 1254 τοῖς
3355 1189 3718 1244 ἐσπουδακόσι

463 1287 660 1356 quibus
690 1286 969 1341 vinculum
1011 1284 1401 1340 conservandus
1431 1285 1581 1352 pacis
1612 1284 1666 1337 in
1702 1282 1883 1336 studio
1926 1289 2030 1338 est.

2132 1285 2224 1338 τὸν
2265 1283 2558 1354 σύνδεσμον
2619 1283 2722 1353 τῆς
2766 1283 2987 1355 εἰρήνης
3031 1282 3356 1353 φυλάσσεινο
3398 1282 3446 1335 εἰ
3492 1281 3550 1334 δὲ
3589 1283 3716 1334 ὲπι-

462 1378 617 1444 Quod
650 1377 697 1433 si
723 1377 1156 1447 perseveraverit
1186 1376 1242 1430 in
1265 1391 1365 1432 sua
1400 1377 1699 1446 protervis,
1725 1382 1948 1446 praestat
1979 1373 2031 1428 id

2136 1374 2287 1444 μένοι
2328 1374 2826 1446 προπετευόμενος,
2878 1374 3146 1445 συμφέρει
3201 1373 3434 1444 ἀρθῆναι
3475 1372 3572 1426 ἀπ’
3617 1373 3719 1426 αὑ-

462 1469 621 1524 otiicii
647 1468 718 1523 ab
754 1469 872 1537 ipso
902 1466 1127 1522 auferri.
1163 1466 1284 1522 Non
1312 1467 1458 1522 enim
1487 1476 1668 1522 servat
1699 1472 2030 1536 praeceptum

2132 1465 2224 1519 τοῦ
2261 1466 2372 1534 (40)
2407 1467 2467 1520 τὸ
2503 1466 2681 1535 ἔργον.
2723 1466 2798 1518 Οὐ
2827 1465 2935 1536 γὰρ
2967 1464 3230 1533 φυλάσσει
3281 1463 3343 1516 τὸ
3383 1463 3717 1534 πρόσταγμα

462 1562 580 1629 ejus
601 1560 694 1630 qui
720 1560 856 1613 dixit
887 1577 900 1612 :
932 1557 1302 1629 Unusquisque
1328 1559 1384 1610 in
1408 1574 1510 1628 quo
1541 1567 1756 1613 vocatus
1786 1565 1886 1620 est,
1919 1556 2033 1626 fra-

2133 1557 2225 1611 τοῦ
2254 1558 2525 1620 εἰπόντος·
2567 1558 2858 1622 Ἕκαστος
2879 1559 2949 1610 ἐν
2979 1549 3027 1622 ᾧ
3066 1555 3312 1622 ἐκλήθη,
3344 1554 3616 1622 ἀδελφοὶ,
3644 1555 3718 1606 ἐν

462 1665 588 1716 tres,
613 1652 665 1705 in
686 1650 780 1705 hoc
797 1650 1193 1720 permaneat";
1231 1659 1285 1704 et
1314 1650 1459 1719 quod
1490 1650 1558 1704 ad
1579 1647 2030 1704 commovendum

2131 1651 2320 1713 τούτῳ
2338 1648 2562 1718 μενέτω
2579 1666 2591 1679 ·
2617 1650 2709 1702 καὶ
2740 1650 2818 1702 ἔτι
2843 1648 3337 1720 ὲντρεπτικώτερον
3356 1663 3369 1675 ·
3407 1647 3502 1711 Μὴ
3535 1649 3717 1714 ὑπερ-

461 1745 633 1815 uiagis
667 1744 832 1806 valet,
869 1742 1019 1796 addit
1050 1761 1063 1796 :
1097 1739 1221 1794 Non
1268 1742 1386 1808 plus
1433 1755 1616 1808 sapere
1646 1756 1804 1809 quam
1832 1745 2032 1806 oportet
2063 1774 2066 1826 λ

2133 1739 2398 1808 φρονεῖν,
2437 1740 2572 1808 παρ’
2600 1740 2631 1793 δ
2681 1739 2776 1794 δεῖ
2815 1739 3079 1809 φρονεῖν,
3123 1739 3284 1793 ἀλλὰ
3334 1735 3579 1807 φρονεῖν
3627 1738 3716 1801 εις

461 1853 660 1904 sapere,
708 1835 796 1889 sed
836 1849 1018 1902 sapere
1051 1832 1120 1886 ad
1171 1832 1549 1887 sobrietatem:
1577 1831 1855 1900 unicuique
1895 1831 2031 1883 sicut

2131 1831 2199 1884 τὸ
2228 1831 2584 1900 σωφρονεῖν,
2616 1830 2849 1894 ἑκάστῳ
2873 1831 2953 1896 ὡς
2981 1833 3013 1884 ό
3044 1830 3189 1896 Θεὸς
3225 1827 3461 1898 ἐμέρισε
3493 1827 3720 1898 μέτρον

463 1930 601 1983 Deus
635 1927 810 1982 divisit
835 1943 1136 1981 mensuram
1162 1924 1286 1995 ﬁdei
1309 1925 1375 1979 7’.

808 1941 810 1974 ι
835 1943 1136 1981 mensuram
1162 1924 1286 1995 ﬁdei
1309 1925 1375 1979 7’.
2134 1923 2413 1990 πίστεως.

861 2034 1380 2094 INTERROGATIO
1419 2033 1652 2090 CXXVI.

1583 2033 1652 2089 VI.
2637 2036 2972 2090 ΕΡΩΤΗΣΙΣ
3000 2036 3188 2091 PKC”.

461 2131 579 2196 Qua
613 2129 817 2182 ratione
841 2129 956 2197 quis
981 2145 1085 2183 non
1107 2128 1347 2182 vincatur
1365 2143 1398 2180 a
1419 2126 1684 2196 voluptate
1711 2125 2027 2181 eduliorum.

2129 2128 2260 2194 Πῶς
2290 2128 2368 2183 ἄν
2399 2145 2488 2195 τις
2516 2127 2744 2198 ἡττηθῇ
2773 2127 2884 2196 τῆς
2913 2128 2983 2181 ἐν
3013 2125 3288 2196 ,βρώμασι
3331 2125 3711 2195 φιληδονίας.

1039 2237 1440 2294 RESPONSIO.

2726 2240 3112 2293 ΑΠΟΚΡΙΣῙΣ.

529 2333 733 2406 Nempe
757 2336 801 2388 si
839 2333 1094 2387 utilitatis
1122 2332 1390 2387 rationem
1419 2345 1633 2403 semper
1661 2333 1866 2389 habere
1888 2331 2032 2404 apud

2199 2334 2406 2406 Κρίνας
2455 2334 2545 2387 τὸν
2590 2334 2748 2403 λόγον
2800 2333 2896 2386 τοῦ
2935 2333 3332 2404 συμφέροντος,
3379 2332 3574 2403 ὁδηγὸν
3616 2332 3714 2385 καὶ

461 2443 518 2482 se
548 2427 801 2481 statuerit
830 2424 1022 2479 ducem
1057 2439 1121 2478 ac
1159 2425 1475 2494 magistram
1524 2440 1736 2490 eorum,
1771 2440 1895 2496 qua:
1929 2441 2030 2496 pro

2129 2425 2446 2481 διδάσκαλον
2472 2427 2616 2496 ἔχειν
2642 2427 2730 2480 ἀεὶ
2759 2426 2867 2479 τῶν
2887 2429 2967 2488 εἰς
2997 2426 3097 2497 τὴν
3124 2427 3323 2498 χρῆσιν
3355 2425 3715 2498 παραλαμεῖιι.⁴

461 2532 563 2571 usu
593 2522 970 2578 assumuntur,
1001 2515 1114 2568 sive
1138 2513 1328 2568 suavia
1351 2511 1575 2578 fuerint,
1607 2514 1722 2570 sive
1754 2513 2025 2572 insuavia.

1754 2513 2025 2572 insuavia.
2129 2517 2387 2588 νομένων,
2421 2519 2530 2571 εἴτε
2564 2518 2697 2589 ἡδέα
2734 2518 2844 2571 εἴτε
2875 2517 3015 2588 ἀηδῆ
3049 2518 3223 2571 ταῦτα
3257 2519 3341 2590 εἴη

923 2626 1440 2683 INTERROGATIO
1481 2627 1720 2684 CXXVII
2646 2615 2983 2681 ΕΡΩἿἪΣῘΣ
3019 2629 3189 2682 ΡΚΖΙ.

460 2721 652 2777 Dicunt
681 2722 895 2791 quidam
924 2720 1038 2789 ﬁeri
1064 2736 1166 2772 non
1202 2735 1372 2788 posse,
1399 2720 1526 2788 quin
1555 2719 1708 2774 homo
1739 2720 2026 2776 irascatur.

2129 2714 2389 2786 Λέγουσι
2409 2732 2588 2782 τινες,
2623 2715 2713 2768 ὅτι
2741 2715 3041 2840 ἓδιὲνατόν
3068 2717 3201 2771 ἐστι
3245 2715 3332 2787 μὴ
3363 2716 3715 2788 ὀργισθῆναι

2786 2803 2824 2840 ν
2852 2801 3080 2854 ρωπον.

1035 2895 1437 2950 ΒΕΒΡΟΝΞΙΟ.
2726 2898 3114 2953 ΔΠΟΚΡΙΣΙΣ.

529 2989 650 3045 Non
691 2989 950 3044 continuo
985 2989 1030 3043 si
1074 2989 1187 3044 fieri
1235 2997 1411 3058 potest
1450 2997 1510 3044 ut
1553 2990 1710 3045 miles
1756 2989 2030 3045 irascatur

2199 2990 2262 3042 Ei
2299 2989 2522 3042 δυνατόν
2553 2991 2668 3043 ἐστι
2706 2989 2784 3060 τῷ
2825 2992 3132 3065 στρατιώτῃ
3169 2992 3229 3045 ὲν
3259 2991 3413 3063 ὂψεσι
3446 2991 3715 3062 βασιλέως

460 3083 514 3139 in
572 3081 746 3136 oculis
803 3082 968 3150 regis,
1025 3081 1225 3134 rationi
1270 3089 1703 3136 consentaneum
1747 3088 1833 3138 est
1877 3084 2065 3179 quod‘

2130 3084 2487 3158 ὀργισθῆναι,
2543 3086 2664 3140 οὐδὲ
2721 3085 2865 3140 οὕτω
2922 3087 3080 3156 λόγον
3126 3088 3240 3158 ἔχει
3289 3089 3348 3141 τὸ
3394 3088 3709 3159 λεγόμενον.

458 3173 678 3229 dicitur.
704 3170 914 3225 Etenim
947 3171 993 3225 si
1024 3169 1282 3233 hominis,
1323 3171 1416 3240 qui
1447 3171 1744 3226 secundum
1771 3181 2024 3228 naturam
2055 3169 2063 3178 ’

2126 3176 2188 3228 ΕΞ
2224 3175 2331 3246 γὰρ
2365 3173 2650 3246 ἀνθρώπου
2700 3175 2820 3245 ὄψις
2856 3177 3099 3248 ἰσοτίμου
3135 3177 3274 3232 κατὰ
3305 3177 3404 3248 τὴν
3431 3178 3596 3246 φύσιν
3623 3176 3716 3230 διὰ

459 3261 683 3332 aequalis
720 3266 840 3323 est,
879 3268 1133 3329 aspectus
1179 3259 1233 3313 id
1279 3260 1469 3315 vitium
1513 3271 1764 3317 coerceat
1805 3271 2026 3333 propter

2125 3267 2223 3338 τὴν
2276 3269 2545 3339 ὑπεροχὴν
2581 3267 2672 3321 τοῦ
2701 3268 2810 3339 (41)
2835 3269 3138 3341 ἀξιώματος
3165 3270 3402 3323 ἐκώλυσε
3427 3269 3488 3323 τὸ
3516 3269 3711 3333 πάθος,

459 3352 742 3424 dignitatis
777 3352 1172 3422 praestantiam,
1198 3360 1404 3421 quanto
1443 3354 1616 3423 magis
1655 3354 1796 3409 idem
1830 3356 2025 3411 vitabi-

2128 3362 2278 3431 πόσῳ
2306 3362 2523 3431 μᾶλλον,
2557 3362 2648 3415 ἐὰν
2683 3363 3078 3435 πληροφορηθῇ
3118 3381 3200 3427 τις
3240 3363 3371 3416 Θεὸν
3421 3363 3568 3433 ἔχειν
3607 3364 3711 3415 ὲιτ·

457 3457 546 3498 tur
583 3445 628 3499 si
657 3445 744 3498 cui
771 3445 841 3498 sit
862 3458 1200 3514 persuasum,
1232 3459 1291 3498 se
1325 3451 1571 3498 motuum
1603 3461 1831 3500 suorum
1854 3445 2023 3501 Deum

2126 3453 2298 3522 όπτην
2347 3453 2456 3506 τῶν
2513 3453 2658 3508 ἰδίων
2723 3456 3073 3526 κινημάτων;
3131 3454 3272 3509 Πολὺ
3320 3455 3426 3526 γὰρ
3477 3455 3637 3509 πλέον
3681 3457 3711 3508 ὁ

458 3538 822 3606 inspectorem
871 3537 1110 3591 habere?
1163 3535 1305 3591 Deus
1351 3537 1534 3602 enim,
1589 3539 1684 3609 qui
1741 3546 2026 3596 scrutatur

2126 3544 2278 3608 Θεὸς,
2305 3545 2332 3596 ὁ
2363 3544 2567 3607 ὲτόιζων
2605 3544 2832 3615 καρδίας
2876 3545 2970 3600 καὶ
3015 3547 3267 3618 νεφροὺς,
3302 3546 3488 3616 βλέπει
3515 3547 3585 3600 τὰ
3621 3565 3709 3599 λι-

457 3627 623 3680 corda
668 3635 722 3682 et
765 3641 944 3692 renes,
991 3627 1160 3680 multo
1208 3627 1382 3697 magis
1415 3628 1564 3682 videt
1607 3629 1779 3685 animi
1819 3640 2022 3698 motus,

2001 3668 2022 3698 ι,
2128 3635 2344 3706 νήματα
2372 3639 2468 3708 τῆς
2493 3637 2692 3708 ψυχῆς,
2718 3639 2750 3710 ἢ
2783 3638 3066 3709 ἄνθρωπος
3091 3639 3160 3693 τὰ
3184 3642 3265 3703 εἰς
3297 3640 3606 3710 πρόσωπον.

451 3731 619 3786 quam
648 3718 808 3772 homo
829 3731 950 3787 quae
973 3716 1150 3771 oculis
1179 3716 1571 3786 subjiciuntur.

816 3826 1331 3882 INTERROGATIO
1377 3826 1660 3882 CXXVIII.

1597 3826 1660 3882 Il.
2644 3833 2978 3888 ΕΡΩἸῊΣΙΣ
3015 3836 3198 3891 PKH’.

453 3941 595 4022 Cum
627 3943 740 4022 quis
789 3941 894 3994 vult
927 3941 1242 4022 abstinentia
1274 3957 1448 4022 supra
1492 3942 1624 4022 vires
1674 3946 1754 3996 uti
1780 3983 1794 4006 ,
1817 3945 1924 4022 Aita
1973 3955 2030 4022 ut

2135 3943 2220 4010 Τῷ
2236 3943 2468 4022 θέλοντι
2487 3947 2945 4022 ἐγκρατεύεσθαι
2965 3950 3118 4017 ὑπὲρ
3134 3951 3408 4020 δύναμιν,
3430 3951 3590 4007 ὥστε
3609 3953 3707 4006 καὶ

526 4010 770 4097 ειὶαὲημὶη
801 4010 1055 4097 mandato
1078 4010 1215 4092 quod
1237 4011 1340 4093 sibi
1370 4015 1681 4097 proponitur
1699 4015 2028 4083 conﬁciendo

2197 4016 2298 4097 sic;
2314 4015 2429 4082 τὴν
2461 4010 2858 4097 προπιειμένην
2892 4010 3154 4088 ἐντολῆν
3183 4010 3620 4092 ἐμέοδίζεσθαι,
3653 4026 3709 4077 ei

526 4082 864 4150 impediatur,
890 4079 1011 4133 idne
1039 4081 1142 4148 ipsi
1167 4082 1576 4149 permittendum
1603 4092 1705 4136 est.
1802 4079 1810 4083 ’

1078 4081 1142 4133 isi
1167 4082 1576 4149 permittendum
1603 4092 1705 4136 est.
1802 4079 1810 4083 ’
2201 4079 2298 4137 δεῖ
2331 4079 2683 4154 συγχωρεῖνξ

1042 4187 1446 4245 RESPONSIO.

2724 4201 3113 4256 ΛΠΟΚΡΙΣΙΣ.

527 4301 767 4367 Quaestio
808 4301 922 4354 hzec
970 4313 1079 4354 non
1110 4300 1245 4354 mihi
1296 4301 1400 4355 rite
1457 4302 1740 4371 proposita
1791 4302 2024 4358 videtur.

2201 4307 2274 4360 Τὸ
2311 4308 2571 4381 ἐρώτημα
2615 4312 2675 4364 οὐ
2723 4313 2928 4385 κυρίως
2974 4316 3222 4383 φαίνεταί
3273 4335 3362 4389 μοι
3405 4323 3710 4392 πεποιημέ-

459 4389 800 4443 Abstinentia
841 4388 984 4441 enim
1014 4403 1124 4442 non
1166 4389 1270 4444 sita
1300 4396 1384 4444 est
1415 4389 1472 4443 in
1511 4391 1760 4445 ciborum
1792 4393 1929 4447 nihil
1961 4391 2030 4446 ad

2132 4416 2240 4453 νον.
2293 4401 2358 4453 Ἦ
2385 4401 2493 4472 γὰρ
2532 4402 2825 4475 ἐγκράτεια
2857 4408 2956 4460 οὐκ
2989 4411 3046 4461 ἐν
3090 4388 3284 4482 ἀποχῇῖ
3311 4411 3520 4481 ἀλόγων
3563 4388 3709 4483 βρω-

458 4495 572 4534 rem
612 4480 996 4548 pertinentium
1044 4479 1350 4542 amotione,
1405 4496 1469 4535 ex
1525 4495 1632 4550 qua
1670 4472 2063 4554 consequitur}

2100 4485 2104 4515 ’
2133 4493 2318 4563 μάτων
2343 4471 2668 4564 (ἂὲγὲστὶν,
2709 4497 2768 4548 ὲν
2876 4499 3160 4570 συμϐαίνει
3193 4471 3375 4572 nmen?)
3407 4471 3499 4557 τοῦ
3544 4471 3705 4558 ’Κπο-

457 4585 688 4642 ea,quae
727 4571 796 4624 ab
839 4571 1098 4641 Apostolo
1135 4570 1480 4642 redarguitur
1527 4572 1608 4639 ⁸ο,
1665 4573 2023 4630 immoderata

2133 4582 2319 4636 στόλου
2369 4570 2821 4658 κατηγορουμένή
2869 4590 3087 4659 ὰφειδία
3140 4570 3390 4663 σώματος
3415 4633 3429 4657 ,
3483 4595 3595 4648 ἀλλ’
3647 4597 3709 4648 ὲν

457 4663 702 4734 corporis
732 4662 1040 4726 aiﬁictatio,
1085 4662 1182 4718 sed
1228 4663 1285 4718 in
1326 4663 1568 4735 perfecto
1593 4680 1622 4719 a
1653 4665 1891 4735 pmpriis
1930 4682 2026 4722 vo-

2127 4669 2310 4742 τελεεᾳ
2342 4672 2682 4746 ἀναχωρήσει
2725 4675 2832 4728 τῶν
2873 4678 3018 4733 ἰδίων
3063 4662 3399 4752 Θεληρζάτων.
3445 4683 3608 4738 Ὅσον
3646 4684 3707 4737 δὲ

457 4755 759 4810 luntatibus
790 4769 1032 4810 secessu.
1065 4754 1237 4821 Quam
1278 4763 1458 4811 autem
1490 4758 1858 4827 periculosum
1888 4758 1962 4813 sit
1994 4773 2024 4813 a

2130 4760 2241 4831 ἔχει
2288 4761 2532 4817 κίνδυνον
2575 4765 2662 4819 διὰ
2693 4769 2756 4819 τὸ
2799 4768 2926 4822 ῐδιον
2963 4770 3172 4842 θέλημα
3221 4776 3322 4844 τῆς
3351 4774 3571 4844 ἐντολῆς
3610 4775 3707 4828 τοῦ

456 4845 713 4902 mandato
739 4845 952 4901 Domini
990 4847 1242 4903 excidere
1259 4847 1331 4902 ob
1363 4849 1643 4919 propriam
1663 4849 2021 4914 voluntatem,

2132 4853 2337 4924 Κυρίου
2377 4857 2660 4923 ἐκπεσεῖν,
2695 4859 2852 4931 δῆλον
2885 4863 2950 4916 ὲκ
2983 4863 3089 4917 τῶν
3125 4865 3230 4917 ὑπὸ
3267 4864 3362 4918 τοῦ
3390 4865 3498 4935 (45)
3542 4867 3706 4920 Ἀπο·

456 4954 525 4992 ex
575 4937 817 5008 Apostoli
864 4939 1040 4994 verbis
1094 4939 1304 5010 liquet,
1346 4940 1438 4994 ubi
1492 4940 1568 4994 ait
1601 4941 1692 4994 δίε
1746 4939 2024 4997 Facientes

2133 4945 2320 4998 στόλου
2372 4949 2680 5020 εἰρημένων
2701 4992 2715 5015 ,
2759 4955 3006 5018 εἰπόντος
3029 4973 3041 4985 ·
3091 4957 3408 5025 Ποιοῦντες
3435 4960 3506 5012 τὰ
3531 4959 3707 5025 θελή-

456 5030 747 5083 voluntates
794 5031 994 5098 carnis,
1017 5040 1065 5084 et
1100 5032 1496 5101 cogitationum,
1520 5041 1568 5085 et
1593 5049 1803 5086 eramus
1830 5043 2026 5088 natura

2127 5054 2286 5105 ματα
2330 5038 2440 5107 τῆς
2487 5041 2711 5111 σαρκὸς
2763 5045 2859 5098 καὶ
2911 5045 3029 5098 τῶν
3065 5046 3378 5116 διανοιῶν,
3413 5049 3513 5102 καὶ
3556 5047 3710 5123 ἦμεν

457 5123 559 5190 ﬁlii
583 5124 695 5175 ἔναυ.
1678 5181 1683 5188 ,
2135 5128 2316 5184 τέκνα
2350 5133 2527 5200 φύσει
2579 5135 2780 5204 ὀργῆς.

526 5278 568 5307 ⁷⁷
613 5276 626 5328 l
664 5277 788 5331 Cor.
825 5294 878 5341 v,
913 5277 1065 5334 9-H.
1140 5281 1186 5310 ⁷⁸
1220 5277 1240 5332 l
1271 5281 1396 5337 Cor.
1436 5297 1542 5344 vn,
1573 5281 1666 5336 24.
1741 5281 1786 5313 ⁷⁹
1828 5279 1984 5337 Rom.
2022 5298 2131 5350 xu,

1782 5287 1786 5308 ’
1828 5279 1984 5337 Rom.
2022 5298 2140 5350 xu,
2177 5287 2230 5341 3.
2306 5287 2352 5319 ⁸ο
2392 5286 2604 5347 Coloss.
2644 5308 2703 5357 ιι,
2738 5293 2827 5348 23.
2902 5291 2945 5322 "
2988 5292 3189 5367 Ephes.
3225 5312 3300 5366 ιι,
3335 5299 3387 5354 5.

528 5439 616 5504 ('59
673 5438 764 5494 Sic
797 5440 1004 5508 antiqui
1036 5439 1146 5494 duo
1180 5441 1324 5495 libri.
1365 5440 1506 5495 Editi
1542 5441 1690 5494 αὑτό.

529 5442 641 5582 (4ος
675 5509 856 5582 Codex
881 5511 1033 5582 (Sull).
1067 5511 1298 5582 ἀρθῆναι
1319 5512 1412 5564 ἀπ’
1440 5511 1626 5566 αὑτοῦ.
1660 5511 1769 5565 Alii
1799 5511 2019 5582 quidam
2130 5533 2133 5569 ἲ

2193 5446 2701 5569 δὲξλϐοωῢοῐίεἰυε
2720 5454 2874 5533 illud,
2905 5456 3075 5526 ἄλογα
3101 5458 3387 5530 βρώματα,
3423 5460 3495 5515 ita
3516 5458 3709 5516 Latine

2130 5531 2190 5570 re
2233 5517 2390 5577 didit.
2425 5531 2614 5575 terreni
2653 5522 2778 5578 cibi.

458 5579 832 5668 tussi-"etnediti
862 5579 1094 5662 ἀρθῆναι
1114 5579 1306 5668 agros.
1354 5651 1422 5668 Μ
1503 5651 1516 5668 ἱ
1559 5653 1572 5668 ι
1704 5651 1716 5668 ν
1815 5579 1833 5582 “
1911 5651 1936 5662 η

1704 5651 1716 5668 ,
1815 5579 1833 5582 _
1911 5651 1936 5662 ,
2199 5587 2312 5659 (45)
2347 5587 2478 5661 Reg.
2521 5593 2731 5662 primus
2757 5597 2823 5650 ὲκ
2856 5595 2965 5650 τῶν
2992 5598 3143 5668 παρὰ
3163 5598 3280 5657 τοῦ.

530 5649 642 5720 (41)
671 5647 802 5720 Reg.
836 5647 1047 5721 primus
1075 5659 1124 5705 et
1157 5651 1310 5706 Colb.
1349 5651 1435 5705 διὰ
1468 5651 1527 5704 τὸ
1551 5651 1814 5723 ὑπερέχον
1844 5651 1962 5707 τοῦ.
