4064 6238
490 396 618 450 1171

1859 404 1914 458 S.
1956 401 2195 456 BASlLll
2237 396 2451 453 MAGNI

3597 400 3739 453 “72
3782 359 3796 366 -

489 519 582 565 aut
614 511 776 564 noxia
807 519 899 566 aut
931 513 1237 582 expedienti
1265 514 1536 584 judicium
1561 516 1675 578 sibi
1701 517 2049 585 permittere:

2155 510 2383 582 τρέπειν
2433 507 2532 578 τὴν
2579 505 2902 574 δοκιμασίαν
2946 504 3173 567 ἕκαστος
3205 505 3436 574 ὀφείλει·
3483 507 3620 560 ἀλλὰ
3653 510 3736 582 τῷ

487 603 583 656 sed
617 603 673 657 id
700 597 1050 658 deferendum
1085 613 1169 661 est
1196 606 1267 671 ei,
1303 607 1464 676 cujus
1494 623 1696 663 munus
1726 616 1810 664 est
1850 610 1918 663 de
1955 624 2054 664 cu-

481 694 682 762 jusque
731 694 962 749 utilitate
1015 695 1306 764 judicare:
1347 699 1442 768 qui
1498 701 1769 771 praecipue
1814 703 2055 772 inquirat

485 787 682 841 animae
706 788 1156 850 emolumentum.
1189 791 1378 862 sicque
1413 794 1654 848 secundo
1685 795 1806 851 loco
1838 811 1900 849 ea
1935 812 2054 866 quae

486 881 553 932 ad
585 880 836 950 corporis
875 884 1264 938 necessitatem
1311 885 1619 954 pertinent,
1674 887 2055 943 subministret

482 971 636 1039 juxta
666 971 756 1026 Dei
789 973 1148 1027 voluntatem.

853 1084 1367 1143 INTERROGATIO
1404 1088 1688 1145 CXXXIII.

697 1198 758 1253 Si
784 1215 899 1253 vero
932 1201 994 1254 ob
1024 1202 1195 1255 cibum
1230 1205 1391 1256 etiam
1415 1209 1838 1259 murmuraverit.

1069 1313 1469 1372 RESPONSIO.

557 1424 758 1482 Eorum
787 1426 878 1496 qui
911 1426 965 1480 in
983 1427 1201 1482 deserto
1217 1436 1626 1500 murmuravere
1642 1431 1705 1497 ⁸³,
1725 1430 1930 1500 judicio
1958 1433 2054 1487 ob-

484 1517 682 1577 noxius
708 1524 809 1572 est.
837 1517 927 1571 Ait
948 1497 1406 1589 enimApos'tolus
1433 1541 1446 1575 :
1485 1519 1662 1592 Neque
1691 1497 2050 1590 niui-muralis,

481 1608 617 1662 sicut
645 1608 862 1679 quidam
885 1625 1066 1664 eorum
1099 1622 1578 1678 murmuraverunt,
1609 1624 1658 1668 et
1692 1617 1954 1684 perierunt
1987 1619 2051 1670 ab

480 1701 885 1756 exterminatore
912 1703 978 1756 9°.

829 1805 1347 1866 INTERROGATIO
1408 1811 1695 1867 CXXXIV.

482 1919 549 1978 Si
584 1922 755 1982 iratus
785 1922 1049 1992 quispiam
1080 1925 1281 1994 aliquid
1323 1941 1504 1980 eorum
1529 1967 1543 1987 ,
1585 1944 1701 1996 qua:
1755 1933 2050 1986 necessaria

934 2002 1077 2057 sunt,
1111 1997 1343 2065 accipere
1377 2006 1596 2052 recuset.

1067 2108 1473 2170 RESPONSlO.

547 2221 650 2287 Qui
685 2222 955 2292 ejusmodi
988 2234 1095 2292 est,
1124 2227 1342 2284 etiamsi
1367 2235 1581 2299 poscat,
1615 2230 1815 2302 dignus
1841 2240 1925 2289 est
1952 2233 2047 2305 qui

476 2329 586 2368 non
623 2314 898 2385 impetret,
923 2318 1104 2388 quoad
1133 2321 1326 2378 vitium
1375 2322 1532 2387 illud,
1562 2325 1674 2378 imo
1704 2325 1884 2394 potius
1915 2326 2048 2381 vitia

477 2404 569 2460 illa
602 2418 793 2465 sanata
823 2412 1299 2480 essepraepositus
1325 2412 1678 2482 judicaverit.

629 2572 637 2581 .
745 2518 904 2591 461
954 2519 1474 2580 INTERROGATIO
1513 2523 1774 2580 CXXXV.

477 2630 558 2683 Αη
591 2633 1214 2712 conveniatquempiam,
1259 2635 1438 2712 labare
1469 2637 1851 2708 defatigatum,
1893 2643 2048 2712 quid-

755 2719 911 2772 quam
932 2707 1192 2762 consuetis
1222 2708 1447 2774 amplius
1469 2707 1763 2776 exposcere.

1059 2817 1466 2875 RESPONSIO.
1561 2819 1568 2828 ’

546 2922 603 2977 Si
641 2923 881 2979 laborem
913 2927 1149 2997 suscipit
1175 2928 1247 2984 ob
1263 2931 1673 2988 retribuendam
1700 2950 1731 2988 a
1763 2935 1872 2997 Deo
1904 2951 2047 2990 mer-

476 3013 687 3075 cedem.
721 3013 847 3069 hinc
876 3016 1079 3073 laboris
1113 3020 1195 3074 sui
1245 3035 1490 3090 quaarere
1533 3039 1640 3079 non
1689 3025 1848 3080 debet
1902 3028 2048 3082 leva-

479 3111 756 3171 mentum,
818 3105 918 3161 sed
971 3109 1324 3180 semetipsum
1375 3113 1445 3166 ad
1501 3113 1711 3170 Domini
1762 3119 2042 3186 praamium

2079 1863 2128 1924 B

2157 597 2567 668 ὲπιτεταγμένῳ
2591 595 2902 665 δοκιμάζειν
2931 593 2989 647 τὸ
3013 594 3224 663 ἑκάστῳ
3253 593 3507 664 χρειῶδες
3535 635 3550 658 ,
3590 613 3732 665 προ-

2155 690 2478 762 ηγουμένως
2530 687 2594 740 τὸ
2635 685 2824 754 ὄφελος
2873 684 2973 754 τῆς
3015 685 3192 754 ψυχῆς
3221 685 3561 756 ἐπιζητοῦντι
3586 725 3601 747 ,
3636 688 3735 739 καὶ

2153 782 2295 841 οὕτω
2347 779 2585 850 δευτέρῳ
2626 777 2769 846 λόγῳ
2805 776 2871 828 τὰ
2902 775 3037 846 πρὸς
3072 775 3168 842 τὴν
3192 776 3380 846 χρείαν
3415 775 3508 829 τοῦ
3539 777 3733 848 σώμα-

2152 889 2243 934 τος
2267 868 2638 940 οἰκονομοῦντι
2668 867 2802 938 πρὸς
2825 865 2886 917 τὸ
2915 864 3125 936 θέλημα
3149 864 3242 917 τοῦ
3268 864 3424 919 Θεοῦ.

2681 1071 2968 1125 ΕΡΩΤΗΣΙ
2974 1071 3012 1121 Σ
3043 1069 3208 1124 ΡΛΙἻ.

2433 1187 2566 1244 Ἐὰν
2594 1187 2663 1239 δὲ
2696 1184 2795 1239 καὶ
2823 1183 3088 1253 γογγύσῃ
3121 1181 3216 1236 διὰ
3239 1180 3464 1250 βρῶμα.

2726 1290 3128 1349 ἈΠΟΚΡΙΣΙΣ.

2224 1435 2294 1487 Τὸ
2326 1437 2499 1506 κρῖμα
2542 1432 2648 1486 τῶν
2698 1433 2757 1486 ἐν
2807 1433 2872 1500 τῇ
2919 1430 3110 1504 ἐρήμῳ
3159 1426 3543 1496 γογγυσάντων
3588 1425 3730 1498 ἔχει.

2153 1527 2312 1594 Λέγει
2341 1525 2448 1596 γὰρ
2490 1526 2518 1578 ὁ
2561 1521 2882 1584 Ἀπόστολος
2905 1538 2917 1552 ’
2953 1519 3118 1588 Μηδὲ
3155 1517 3493 1590 γογγύζετε,
3531 1517 3734 1582 καθώς

2151 1633 2310 1682 τινες
2336 1615 2534 1669 αὐτῶν
2570 1614 2909 1685 ἐγόγγυσαν
2939 1652 2952 1676 ,
2993 1610 3090 1664 καὶ
3123 1609 3434 1663 ἀπώλοντο
3461 1609 3581 1663 ὑπὸ
3619 1608 3733 1661 τοῦ

2152 1707 2532 1780 ὀλοθρευτοῦ.

2660 1815 2995 1870 ΕΡΩΤΗΣΙΣ
3030 1815 3194 1867 ΡΛΔ’.

2167 1930 2308 1983 Ἐάν
2356 1947 2446 1993 τις
2497 1928 2816 1998 ὀργισθεὶς-η
2838 1925 3202 1998 ,παραιτῆται
3255 1924 3460 1978 λαϐεῖν
3506 1941 3560 1976 τι
3607 1923 3735 1977 τῶν

2587 1997 2736 2065 πρὸς
2768 1997 2876 2067 (50)
2910 1994 3024 2062 τὴν
3055 1995 3279 2062 χρείαν.

2729 2106 3120 2161 ΑΠΟΚΡΙΣΙΣ.

2228 2226 2288 2280 '0
2314 2224 2555 2288 τοιοῦτος
2584 2223 2733 2288 ἄξιός
2762 2223 2879 2275 ἐστι
2897 2261 2914 2288 ,
2943 2220 3044 2275 κᾶν
3079 2219 3215 2291 ζητῇ
3233 2260 3246 2281 ,
3288 2219 3360 2290 μὴ
3381 2217 3587 2280 λαϐεῖν,
3619 2216 3736 2280 ἕως

2147 2317 2242 2372 ἐὰν
2273 2316 2546 2389 δοκιμάσῃ
2573 2318 2601 2369 ὁ
2628 2313 2929 2387 προεστὼς,
2954 2314 3037 2366 ὅτι
3067 2310 3410 2382 ἐθεραπεύθη
3441 2310 3502 2363 τὸ
3529 2309 3724 2373 πάθος,

2150 2411 2351 2483 μᾶλλον
2371 2410 2427 2463 δὲ
2455 2409 2526 2462 τὰ
2552 2407 2719 2478 πάθη.

2604 2589 2610 2594 ι
2663 2519 3000 2573 urorum:
3040 2518 3209 2572 PAE'.

2144 2637 2212 2688 Ei
2262 2633 2380 2703 χρὴ
2415 2633 2525 2688 τὸν
2569 2631 2876 2703 κάμνοντα
2914 2629 3100 2703 αὐτόν
3138 2626 3486 2703 ἐπιζητῆσαι
3535 2626 3729 2680 πλέον

2582 2698 2777 2770 τίτῆς
2809 2699 3136 2768 συνηθείας
3166 2698 3300 2768 (51).

2738 2811 3128 2866 ΑΠΟΚΡΙΣΙΣ.

2218 2924 2282 2976 Εἰ
2311 2923 2494 2976 ἕνεκεν
2523 2923 2618 2994 τῆς
2667 2923 2819 2996 παρὰ
2851 2921 2942 2976 τοῦ
2981 2921 3116 2974 Θεοῦ
3171 2919 3591 2991 μισθαποδοσίας
3632 2919 3729 2972 τὸν

2145 3016 2389 3087 κάματον
2419 3016 2735 3086 ἀναδέχεται
2761 3057 2776 3080 ,
2811 3016 2911 3068 οὐκ
2959 3011 3209 3067 ἐντεῦθεν
3257 3012 3537 3084 ἐπιζητεῖν
3570 3011 3726 3080 ὀφεί-

2145 3103 2225 3156 λει
2266 3105 2366 3175 τὴν
2402 3104 2756 3176 παραμυθίαν
2789 3103 2882 3156 τοῦ
2936 3103 3104 3156 κόπου
3126 3141 3140 3166 ,
3171 3103 3306 3155 ἀλλὰ
3337 3101 3474 3173 πρὸς
3499 3101 3598 3171 τὴν
3626 3099 3728 3154 τοῦ

477 3210 762 3265 apparare,
793 3197 936 3252 haud
969 3200 1229 3268 ignorans
1261 3219 1322 3258 se
1346 3211 1403 3258 ut
1440 3221 1543 3274 pro
1575 3207 1760 3263 labore
1793 3225 2046 3266 remune—

2145 3197 2350 3267 Κυρίου
2407 3197 2832 3268 μισθαποδοσίαν
2876 3197 3070 3250 ἑαυτὸν
3116 3195 3496 3266 καταρτίζειψ
3540 3191 3724 3258 εἰδὼς,

475 3287 743 3342 rationem
765 3328 780 3352 ,
828 3289 908 3364 vita
941 3305 1159 3369 quoque
1197 3309 1297 3362 pro
1327 3297 1578 3366 angustia
1614 3301 2049 3357 consolationem

477 3395 504 3432 ιι
541 3377 774 3438 Domino
825 3393 1271 3440 consecuturum.
1308 3385 1402 3442 llle
1431 3397 1610 3444 autem
1644 3392 1803 3460 cujus
1834 3408 1896 3447 ea
1925 3409 2052 3463 pro-

475 3469 657 3525 vincia
684 3479 800 3537 est,
841 3481 901 3528 ut
929 3475 1150 3545 impleat
1185 3477 1358 3534 illud:
1419 3479 1758 3536 Dividebalur
1792 3486 2012 3552 singulis
2033 3529 2048 3553 ,

473 3571 628 3628 prout
674 3564 859 3633 cuique
909 3580 1037 3633 opus
1089 3577 1205 3621 erat
1234 3569 1315 3636 91';
1358 3571 1519 3626 debet
1554 3576 1867 3629 necessario
1899 3578 2049 3630 labo-

473 3659 686 3706 rantem
719 3669 992 3728 quemque
1019 3672 1374 3728 cognoscere,
1397 3668 1452 3716 et
1479 3671 1539 3716 ut
1569 3679 1665 3733 par
1692 3673 1798 3732 est,
1831 3681 2045 3723 curare.

840 3938 1358 3996 INTERROGATIO
1395 3941 1680 3999 CXXXVI.

480 4050 559 4106 An
591 4053 894 4125 necessesit
935 4069 1111 4125 omnes
1156 4054 1224 4106 ad
1258 4054 1443 4109 horam
1490 4057 1700 4125 prandii
1738 4059 2044 4119 convenire:

548 4128 599 4173 et
634 4121 723 4199 qui
754 4121 1002 4199 abfuerit,
1049 4125 1344 4199 veneritque
1391 4121 1518 4199 post
1562 4129 1844 4196 prandium
1870 4169 1885 4194 ,
1916 4146 2046 4199 quo-

551 4193 704 4242 modo
741 4193 887 4252 nobis
926 4209 1042 4244 cum
1085 4210 1142 4246 eo
1177 4193 1435 4264 agendum
1471 4197 1560 4250 sit.

1058 4307 1461 4365 RESPONSIO.

543 4415 600 4468 Si
637 4414 872 4469 abfuerit
903 4416 1120 4486 quidem
1158 4421 1228 4474 ob
1263 4421 1370 4476 loci
1398 4430 1492 4476 aut
1516 4424 1702 4493 operis
1741 4427 2042 4481 necessita-

2150 3291 2261 3356 ὅτι,
2287 3290 2363 3354 ὡς
2393 3290 2492 3361 τῆς
2522 3291 2661 3362 ὑπὲρ
2693 3290 2786 3343 τοῦ
2823 3290 2993 3343 κόπου
3025 3289 3260 3362 ἀμοιϐῆς
3280 3328 3295 3348 ,
3327 3287 3468 3340 οὕτω
3500 3287 3593 3340 καὶ
3619 3285 3727 3355 τῆς

2151 3381 2549 3453 παρακλήσεως
2587 3382 2725 3459 ὑπὲρ
2758 3383 2854 3452 τῆς
2890 3381 3248 3451 στενοχωρίας
3275 3379 3423 3448 παρὰ
3461 3376 3555 3430 τοῦ
3603 3376 3728 3445 φιλ-

2099 3497 2105 3501 -
2151 3471 2437 3544 ανθρώπου
2487 3470 2622 3525 Θεοῦ
2669 3471 3158 3542 καταξιωθήσεται.
3211 3470 3268 3520 '0
3312 3468 3494 3539 μέντοι
3541 3469 3726 3519 ἐπιτε-

2148 3563 2418 3634 ταγμένος
2456 3564 2630 3616 ποιεῖν
2659 3562 2749 3626 τὸ,
2791 3560 3087 3616 Διεδίδοτο
3118 3558 3383 3623 ἑκάστῳ.
3410 3558 3614 3611 καθότι
3645 3557 3726 3608 ἄν

2147 3674 2238 3723 τις
2266 3657 2472 3726 χρείαν
2500 3652 2664 3724 εἶχεν
2685 3655 2794 3726 (52)
2815 3698 2829 3722 ,
2866 3655 3178 3722 ἀναγκαίως
3203 3652 3404 3722 ὀφείλει
3436 3649 3724 3722 γνωρίζειν

2147 3748 2375 3800 ἕκαστον
2411 3747 2519 3801 τῶν
2562 3746 2876 3801 κοπιώντων
2903 3789 2917 3811 ,
2971 3745 3065 3799 καὶ
3107 3744 3429 3816 θεραπεύειν
3478 3744 3618 3796 κατὰ
3662 3743 3726 3796 τὸ

2148 3839 2443 3911 προσῆκον.

2650 3950 2983 4003 ΕΡΩΤΗΣΙΣ
3028 3948 3189 4015 FACT
3198 3987 3211 4002 .

2146 4065 2215 4117 El
2269 4063 2594 4131 ἀναγκαῖον
2632 4062 2862 4129 πάντας
2909 4061 3278 4131 συνάγεσθαι
3322 4059 3397 4126 τῇ
3437 4057 3556 4125 ὥρᾳ
3604 4056 3718 4131 (53)

2213 4132 2320 4186 τοῦ
2351 4134 2602 4201 ἀρίστου
2623 4174 2636 4198 ,
2686 4132 2786 4186 καί
2835 4133 2943 4186 τὸν
2980 4132 3579 4201 ἀπολιμπανόμενον,

2210 4204 2360 4271 μετὰ
2389 4199 2453 4255 τὸ
2483 4203 2730 4272 ἄριστον
2776 4204 3104 4271 ἐρχόμενον
3141 4201 3265 4267 πῶς
3307 4199 3716 4268 παρέλθωμεν.

2734 4313 3119 4368 ΑΠΟΚΡΙΣΙΣ.

2238 4425 2300 4477 Εἰ
2333 4426 2433 4494 μὲν
2458 4427 2599 4478 κατὰ
2626 4427 2870 4498 ἀνάγκην
2903 4425 2998 4479 τοῦ
3031 4427 3198 4479 τόπου
3227 4425 3258 4496 ἧ
3290 4423 3384 4477 τοῦ
3415 4422 3577 4494 ἔργου
3608 4423 3718 4476 ἁπ-

469 4516 599 4570 tem,
633 4513 888 4576 tanquam
941 4512 1035 4579 qui
1093 4521 1273 4567 servet
1327 4524 1658 4585 prmeeptum
1716 4518 1892 4582 illius,
1946 4521 2038 4589 qui

2145 4517 2383 4587 ελείφθη,
2413 4519 2488 4582 ὡς
2519 4519 2805 4590 φυλάσσων
2837 4520 2896 4572 τὸ
2927 4518 3296 4590 παράγγελμα
3316 4517 3409 4570 τοῦ
3445 4516 3712 4578 εἰπόντος·

469 4597 647 4652 dixit:
679 4596 1044 4672 Unusquisque
1068 4642 1083 4667 ,
1128 4604 1183 4656 in
1212 4621 1313 4674 quo
1344 4615 1559 4660 vocatus
1592 4615 1690 4671 est,
1721 4608 1918 4674 fratres
1941 4653 1954 4674 ,
1982 4612 2038 4664 in

470 4688 566 4741 hoc
597 4699 807 4742 maneat
834 4691 915 4754 °’;
965 4693 1216 4747 examine
1263 4695 1549 4763 prmmisso
1603 4697 1851 4768 ignoscet
1885 4713 2036 4752 com-

467 4778 649 4834 munis
675 4777 980 4850 disciplinaa
1022 4783 1334 4853 inspector:
1367 4786 1451 4840 sin
1481 4802 1602 4841 cum
1652 4787 1813 4842 simul
1843 4803 2038 4843 occur-

467 4884 588 4925 rere
615 4873 918 4940 potuisset,
959 4889 1069 4928 non
1096 4874 1388 4941 festinavit,
1414 4878 1574 4948 culpa
1603 4879 1832 4950 hujusce
1865 4882 2036 4952 negli-
2081 4883 2094 4896 '

465 4959 660 5032 gentia:
692 4963 906 5031 cognita
929 5002 948 5026 ,
997 4980 1170 5034 usque
1217 4966 1285 5020 ad
1339 4970 1693 5026 constitutam
1725 4971 1914 5033 horam
1946 4989 2035 5028 se-

467 5052 682 5118 quentis
701 5051 808 5106 diei
838 5063 1054 5109 maneat
1076 5055 1319 5124 jejunus.

537 5205 582 5237 ⁸⁹
620 5204 782 5261 Num.
822 5225 911 5274 xl,
949 5211 999 5264 1.
1077 5212 1121 5242 ⁰⁰
1161 5210 1181 5264 1
1215 5210 1342 5267 Cor.
1381 5230 1447 5279 x,
1493 5213 1579 5270 10,
1653 5193 1696 5250 ’.ί
1740 5215 1862 5270 Act.
1902 5233 1974 5280 Iv,
2013 5216 2102 5271 55.

671 5362 776 5440 _Sie
813 5380 948 5440 mss.
976 5368 1243 5440 nonnulli.
1281 5367 1420 5440 Editi
1447 5369 1632 5423 λαϐεῖν
1661 5369 1734 5429 τάΔ
1759 5369 1914 5440 πρός.

536 5433 804 5510 (SiReg.
827 5435 1034 5510 primus
1053 5436 1328 5510 ἐπιζητεῖν
1355 5439 1573 5494 πλείονα.
1593 5441 1712 5510 τῆς.
1746 5433 2036 5510 Aliquanto

466 5514 587 5580 post
611 5504 890 5580 idemgms.
925 5506 1015 5580 τὸν
1049 5504 1292 5578 κάματον
1329 5509 1600 5580 ἀνέχεται,
1644 5504 1874 5566 laborent
1917 5526 2036 5577 per-

468 5573 807 5646 (ert._Le§tio
835 5575 1062 5646 optima.

541 5643 651 5719 (δῇ)
689 5642 780 5719 Sic
805 5642 1014 5719 antiqui
1045 5653 1157 5704 tres
1184 5648 1332 5704 libri.
1366 5648 1523 5715 lllud,
1557 5649 1620 5704 ἄν
1646 5669 1748 5715 τις,
1789 5651 1842 5705 in
1874 5649 2034 5706 editis

471 5711 1014 5793 de§§gergbatur.::
1072 5786 1086 5793 _
1194 5790 1215 5793 μ
1265 5788 1287 5793 ῃ
1423 5789 1454 5793 _
1511 5711 1551 5793 Ἀ
1711 5711 1798 5793 ”ῌ

541 5782 654 5855 (55)
682 5784 863 5840 Codex
887 5784 1043 5840 Colb.
1070 5786 1128 5840 ἐν
1154 5790 1219 5858 τῇ
1255 5788 1391 5862 ὥρᾳ.
1423 5789 1590 5846 Paulo
1617 5798 1736 5864 post
1765 5788 1894 5862 Reg.
1921 5785 2032 5861 pri4

2096 5433 2100 5438 _
2139 5385 2262 5426 mils
2277 5373 2450 5442 τόπου
2482 5373 2514 5442 ἢ

2144 4609 2441 4675 Ἕκαστος
2471 4652 2484 4674 ,
2533 4611 2602 4664 ὲν
2651 4604 2700 4677 ᾧ
2749 4611 3012 4679 ἐκλήθη,
3069 4609 3361 4678 ἀδελφοὶ,
3405 4609 3474 4660 ἐν
3525 4609 3718 4674 τούτῳ

2136 4698 2362 4767 μενέτω
2389 4717 2400 4728 ·
2451 4702 2478 4752 ό
2524 4701 2623 4770 τῆς
2669 4700 2855 4770 κοινῆς
2890 4698 3140 4766 εὐταξίας
3174 4697 3365 4767 ἔφορος
3410 4696 3714 4766 δοκιμάσας

2145 4789 2554 4859 συγγνώσεται·
2619 4793 2666 4844 εἰ
2725 4791 2781 4844 δὲ
2840 4791 3137 4861 δυνάμενος
3193 4789 3507 4859 συμφθάσαι
3543 4828 3557 4849 ,
3613 4789 3716 4840 οὐκ

2143 4880 2440 4933 ἐσπούδασε
2467 4881 2577 4953 (54)
2605 4921 2618 4944 ,
2651 4881 2918 4951 γνωρίσας
2942 4881 3002 4933 τὸ
3035 4879 3283 4950 ἔγκλημα
3307 4879 3404 4945 τῆς
3430 4877 3711 4947 ἀμελείας.

2141 4972 2328 5036 ἄσιτος
2364 4973 2599 5043 μεινάτω
2630 4973 2794 5043 μέχρι
2828 4972 2926 5043 τῆς
2957 4970 3346 5046 τετυπωμένηης
3377 4969 3526 5040 ὥρας
3552 4969 3611 5027 ὲν
3644 4970 3712 5039 τῇ

2141 5064 2389 5134 ἐπιούσῃ.

2178 5220 2222 5250 ⁹²
2263 5217 2284 5271 l
2316 5217 2444 5274 Cor.
2478 5235 2589 5286 vn,
2626 5219 2716 5276 24.

2546 5373 2639 5426 τοῦ
2683 5372 3034 5443 καιροῦ,ίοεὶ
3061 5381 3152 5426 aut
3191 5374 3434 5438 temporis
3483 5376 3709 5429 necessi-

2137 5449 2243 5522 tas.
2276 5441 2478 5518 Ibidem
2510 5443 2628 5498 Col.
2663 5441 2985 5514 ἀπελείφθη,
3009 5446 3036 5497 ὁ
3062 5443 3159 5512 τῆς
3178 5444 3386 5514 κοινῆς,
3418 5453 3549 5510 etc.,
3583 5445 3711 5500 bre-

2138 5527 2320 5652 Ἦιξέίί)
2352 5581 2492 5636 Editi
2522 5589 2574 5638 et
2607 5598 2747 5637 unus
2777 5599 2878 5637 ms.
2917 5583 3009 5635 καὶ
3031 5583 3130 5636 οὐκ
3155 5583 3470 5640 ἐσπούδασε.
3499 5583 3706 5637 Vocula

2143 5653 2236 5704 καί
2270 5653 2323 5705 ἱη
2356 5653 2479 5707 aliis
2505 5653 2720 5706 duobus
2749 5670 2879 5708 mss.
2918 5667 3023 5706 non
3055 5654 3269 5722 legitur,
3304 5670 3402 5709 nec
3434 5655 3566 5708 mihi
3603 5653 3704 5706 du-

2139 5721 2292 5842 1)ξοῐῖ
2319 5731 2418 5804 est_
2437 5724 2567 5791 quin
2597 5725 2789 5781 melius
2831 5722 2987 5778 absit.
3028 5721 3148 5779 Mox
3177 5725 3348 5782 codex
3379 5725 3529 5782 Colb.
3554 5722 3703 5795 ὥρας

2138 5809 2236 5865 της
2302 5809 2547 5864 πιουσης.

2324 5827 2454 5845 ιιινυυ
2470 5827 2547 5864 Ιὶδι

3439 5923 3490 5932 ...ο
