4064 6238
353 361 495 418 “75

861 470 1194 526 ΕΡΩΤΗΣΙΣ
1238 466 1399 522 ΡΛΖ’.

355 573 425 624 Et
458 570 648 621 καλόν
686 565 815 618 ἐστι
853 563 917 616 τὸ
955 562 1146 630 κρῖναι
1172 563 1270 614 ἐπι
1318 558 1589 630 τοσόνδε,
1631 560 1682 630 εὶ
1721 558 1921 630 τύχοι,

423 639 648 706 χρόνον
669 625 1045 701 ἀποσχέσθαι
1077 630 1254 684 τοῦδέ
1279 646 1444 696 τινος
1471 629 1579 683 τοῦ
1615 625 1924 696 ,βρώματος

425 705 463 775 ἢ
499 705 606 761 τοῦ
648 706 934 773 πόματος.

961 808 1351 866 ΑΠΟΚΡΙΣΙΣ.

425 899 532 953 Τοῦ
577 900 782 970 Κυρίου
817 897 1082 961 εἰπόντος,
1113 899 1236 964 Οὐχ
1277 897 1378 948 ἵνα
1415 895 1562 949 ποιῶ
1597 895 1664 948 τὸ
1701 894 1926 962 θέλημα

354 991 422 1046 τὸ
451 992 616 1061 ἐμὸν,
645 988 804 1044 ἀλλὰ
834 987 900 1041 τὸ
933 987 1159 1056 θέλημα
1181 987 1285 1041 τοῦ
1310 986 1419 1057 (55)
1443 986 1792 1056 πέμψαντός
1825 1000 1922 1052 με,

357 1085 505 1138 πᾶσα
533 1081 712 1153 κρίσις
745 1079 875 1132 ίδίου
910 1079 1212 1149 Θελήματος
1254 1078 1579 1148 ἐπισφαλής.
1625 1077 1804 1147 Ὅπερ
1849 1077 1925 1128 εί-

353 1173 459 1238 δὼς
491 1177 519 1227 ὁ
555 1173 716 1225 Δαεῆδ
746 1171 960 1239 ἔλεγεν·
1002 1171 1248 1238 Ὤμοσα,
1278 1167 1377 1221 καὶ
1415 1169 1648 1235 ἐστησα
1671 1166 1778 1220 τοῦ
1811 1184 1925 1235 φυ-

354 1264 655 1329 λάξασθαι
700 1261 772 1315 τὰ
823 1260 1074 1330 κρίματα
1118 1259 1229 1328 τῆς
1264 1259 1654 1326 δικαιοσύνης
1695 1273 1833 1323 σου,
1863 1259 1923 1312 οὐ

353 1355 424 1408 τὰ
453 1357 478 1408 ὲ
486 1353 562 1426 μὰ
597 1351 902 1423 θελήματα.

862 1463 1195 1518 ΕΡΩΤΗΣΙΣ
1241 1463 1416 1516 ΡΛΗ¹.

348 1561 421 1612 El
449 1557 568 1628 χρὴ
604 1556 1030 1628 ἐπιτρέπεσθαι
1071 1555 1140 1608 ἐν
1178 1554 1558 1628 ᾀδεδλφότητίῌ
1580 1569 1712 1607 τινα
1741 1551 1928 1628 πᾷέοις

425 1621 780 1681 ianuam»
809 1627 1128 1694 νηστεύειν
1180 1624 1219 1694 ἢ
1263 1621 1611 1694 ἀγρυπνεῖν,
1669 1623 1819 1676 κατὰ
1861 1621 1926 1675 τὸ

426 1699 487 1752 ιδ
491 1717 583 1752 ιον
614 1697 860 1767 θέλημα.

949 1806 1340 1860 ΑΠΟΚΡῙΣΙΣ.

426 1899 469 1950 Τ
472 1897 531 1951 οὗ
579 1898 784 1968 Κυρίου
819 1897 1083 1960 εἰπόντος,
1139 1896 1221 1949 ὅτι
1269 1896 1654 1964 Καταόέϐηκα
1698 1895 1767 1948 ἐκ
1817 1893 1923 1948 τοῦ

354 1977 633 2057 οὐρανοῦ,
664 1990 775 2058 οὐχ
805 1989 905 2042 ἵνα
935 1986 1083 2040 ποιῶ
1108 1985 1174 2039 τὸ
1205 1986 1435 2055 θέλημα
1462 1986 1530 2039 τὸ
1559 1985 1727 2056 ἐμὸν,
1766 1985 1926 2039 ἀλλὰ

354 2080 422 2132 τὸ
465 2078 693 2149 θέλημα
728 2078 833 2132 τοῦ
866 2078 1217 2148 πέμψαντός
1243 2093 1321 2145 με
1348 2078 1598 2146 Πατρὸς,
1639 2078 1747 2131 πᾶν
1791 2079 1926 2146 ὅπερ

355 2172 420 2225 ἄν
449 2188 532 2234 τις
565 2171 708 2224 κατὰ
753 2172 812 2224 τὸ
857 2172 985 2224 ἴδιον
1025 2170 1234 2242 Θέλημα
1285 2173 1432 2241 ποιῇ,
1493 2168 1645 2222 τοῦτο
1683 2166 1778 2221 τοῦ
1830 2168 1927 2238 μὲν

357 2261 636 2326 ποιοῦντός
665 2265 812 2316 ἐστιν
843 2261 992 2326 ἴδιον,
1023 2263 1123 2333 τῆς
1166 2263 1224 2316 δὲ
1259 2260 1567 2322 θεοσεϐείας
1605 2259 1885 2330 ἀλλότριον
1910 2275 1921 2287 ·

358 2352 451 2405 καὶ
484 2351 647 2421 φόϐος
682 2353 890 2422 μήποτε
924 2351 1130 2422 ἀκούσῃ
1165 2350 1314 2422 παρὰ
1344 2350 1456 2421 (56)
1493 2348 1588 2401 τοῦ
1632 2347 1768 2401 Θεοῦ
1801 2347 1928 2417 περὶ

357 2437 418 2495 οὗ
442 2443 587 2496 δοκεῖ
601 2447 792 2508 ποιεῖν,
809 2442 965 2512 Πρὸς
983 2443 1056 2497 σὲ
1069 2444 1105 2510 ἡ
1122 2440 1478 2511 ἀποστροφὴ
1496 2439 1704 2503 αὐτοῦ,
1733 2437 1929 2492 καὶσὺ

358 2533 558 2604 ἄρξεις
581 2535 786 2590 αὐτοῦ.
815 2535 924 2588 Καὶ
948 2535 1008 2588 τὸ
1033 2537 1091 2588 ὲν
1127 2534 1410 2605 συγκρίσει
1439 2532 1494 2585 δὲ
1524 2532 1631 2584 τῶν
1665 2530 1838 2584 ἄλλων
1870 2529 1930 2582 τὸ

361 2627 521 2679 πλέον
551 2627 744 2690 θέλειν,
782 2629 875 2680 καὶ
908 2631 965 2680 ὲν
999 2629 1185 2691 αὐτοῖς
1227 2629 1339 2690 τοῖς
1367 2626 1572 2690 καλοῖς,
1599 2623 1931 2694 φιλονεικίας

363 2715 528 2780 πάθος
555 2717 699 2769 ἐστὶν
721 2718 826 2770 ἀπὸ
855 2717 1154 2784 κενοδοξίας
1183 2716 1474 2787 συμϐαῖνον
1498 2733 1511 2745 ·
1534 2717 1670 2784 ὅπερ
1704 2717 1731 2767 ὁ
1774 2714 1931 2766 Ἀπό-

363 2806 544 2870 στολος
569 2809 1016 2880 ἀπηγορευμένον
1055 2809 1267 2873 δεικνὺς
1305 2825 1468 2880 φησιν
1513 2807 1622 2877 (57)
1649 2825 1660 2836 ·
1704 2809 1787 2860 Οὐ
1823 2805 1932 2874 γὰρ

361 2899 669 2970 τολμῶμεν
691 2902 950 2970 ἐγκρῖναι
976 2901 1012 2969 ἢ
1047 2900 1360 2970 συγκρῖναι
1388 2899 1639 2964 ἑαυτούς
1673 2914 1791 2951 τισι
1818 2894 1934 2949 τῶν

361 2992 613 3058 ἑαυτοὺς
662 2995 1173 3047 συνιστανόντων.
1224 2993 1425 3063 Διόπερ
1471 2990 1774 3062 ἀφεμένους
1825 2987 1934 3040 τῶν

366 3082 511 3136 ἰδίων
546 3083 887 3153 θελημάτων,
938 3081 1153 3135 καὶτοῦ
1189 3082 1361 3136 θέλειν
1404 3081 1578 3134 δοκεῖν
1621 3080 1761 3150 ὑπὲρ
1809 3082 1933 3142 τοὺς

361 3173 582 3238 λοιποὺς
610 3173 720 3244 (58)
747 3177 920 3227 ποιεῖν
950 3192 1002 3227 τι
1022 3216 1035 3239 ,
1062 3175 1342 3229 πείθεσθαι
1379 3173 1456 3244 τῷ
1499 3172 1804 3243 Ἀποστόλῳ
1823 3171 1926 3243 χρὴ
1954 3175 1995 3233 C

364 3264 715 3336 παραινοῦντι
744 3267 836 3318 καὶ
856 3266 1066 3334 λέγοντι
1088 3283 1101 3296 ⁸
1131 3266 1266 3319 Εἴτε
1290 3267 1540 3330 ἐσθίετε,
1561 3264 1680 3318 εἴτε
1707 3264 1929 3328 πίνετε,

364 3352 485 3408 sits
512 3373 568 3410 τι
611 3357 859 3420 ποιεῖτε,
908 3357 1102 3412 πάντα
1147 3361 1232 3423 εὶς
1271 3358 1458 3422 δόξαν
1501 3357 1646 3410 Θεοῦ
1696 3354 1930 3408 ποιεῖτε.

365 3446 663 3501 Φιλονεικία
710 3449 835 3521 γὰρ,
890 3450 984 3501 καὶ
1035 3450 1341 3516 κενοδοξία,
1397 3451 1489 3503 καὶ
1548 3451 1934 3518 αὐταρέσκεια,

369 3539 649 3602 παντελῶς
695 3539 950 3610 ἀλλότρια
993 3539 1100 3592 τῶν
1142 3539 1231 3592 τὸν
1282 3539 1441 3592 καλὸν
1475 3539 1661 3608 ἀγῶνα
1695 3539 1939 3607 νομίμως

371 3631 804 3701 ἀγωνιζομένων.
829 3632 919 3684 Διό
941 3649 1071 3701 φησι
1100 3633 1230 3685 ποτὲ
1258 3634 1375 3702 μὲν,
1394 3635 1450 3685 Μ
1455 3631 1489 3699 ἡ
1514 3629 1808 3700 γενώμεθα
1828 3630 1940 3698 (59)

369 3721 677 3786 κενόδοξοι
701 3739 712 3750 ·
749 3723 878 3776 ποτὲ
907 3723 981 3786 δὲ,
1005 3722 1077 3776 Εἴ
1092 3740 1182 3788 τις
1203 3722 1372 3776 δοκεῖ
1399 3725 1739 3792 φιλόνεικος
1768 3717 1943 3784 εἶναι,

373 3815 543 3886 ἡμεῖς
578 3817 850 3882 τοιαύτην
893 3814 1221 3880 συνήθειαν
1252 3817 1363 3868 οὑκ
1407 3814 1646 3882 ἔχομεν,
1697 3812 1838 3866 οὐδὲ
1888 3815 1946 3866 αἱ

386 3909 733 3975 Ἐκκλησίαι
787 3905 892 3960 τοῦ
950 3895 1128 3961 Θεοῦ’
1178 3909 1272 3965 καὶ
1328 3906 1539 3967 ἄλλοτε,
1601 3907 1951 3975 Ὀφείλομεν

375 3997 546 4066 ¹ἡμεῖς
567 3996 652 4066 μὴ
674 3995 908 4062 ἑαυτοῖς
939 3997 1251 4065 ἀρέσκειν’
1284 3990 1364 4059 οἷς
1393 3996 1642 4066 ἐπιφέρει
1672 3996 1954 4064 ὲντρεπτι-

379 4085 647 4159 κώτερον·
684 4087 790 4140 Καὶ
825 4087 933 4156 γὰρ
978 4090 1010 4140 ό
1042 4088 1293 4156 Χριστὸς
1326 4088 1442 4154 οὐχ
1485 4082 1677 4149 ἐαυτῷ
1708 4083 1949 4151 ἤρεσεν.

381 4176 442 4231 Ei
463 4177 616 4241 δέτις
643 4178 811 4231 οἴεται
844 4177 1066 4248 χρῄζειν
1089 4178 1181 4231 τοῦ
1210 4178 1452 4239 πλείονος
1487 4178 1595 4230 εἴτε
1631 4177 1687 4228 ὲν
1706 4174 1952 4246 νηστείᾳ,

383 4269 490 4326 εἴτε
513 4271 570 4322 έν
586 4269 879 4341 ἀγρυπνίᾳ,
898 4271 1005 4323 εἴτε
1023 4272 1077 4322 ἐν
1099 4269 1340 4340 ᾡδήποτε
1361 4268 1503 4339 ἄλλῳ
1525 4267 1656 4338 (60),
1692 4265 1958 4320 ἀποκαλυ-

384 4361 566 4413 πτέτω
589 4364 698 4423 τοῖς
715 4362 812 4431 τὴν
833 4361 1014 4431 κοινὴν
1045 4361 1359 4431 ἐπιμέλειαν
1378 4359 1830 4430 πεπιστευμένοις
1860 4359 1958 4427 τὴν

389 4452 642 4506 ὑπόθεσιν
683 4452 955 4523 αὑτὴν,δι’
985 4453 1050 4523 ῆν
1076 4451 1283 4522 νομίζει
1311 4452 1406 4505 τοῦ
1427 4451 1673 4513 πλείονος
1701 4448 1922 4520 χρῄζειν
1942 4467 1954 4480 ·

389 4543 482 4594 καὶ
502 4542 563 4595 τὸ
589 4543 718 4613 παρ’
746 4541 924 4595 αὐτῶν
953 4541 1278 4612 δοκιμασθὲν
1309 4540 1795 4614 παραφυλαττέτω.
1823 4541 1960 4593 Πολ-

1477 350 1782 410 REGULE
1835 348 2132 406 BREVIUS
2173 348 2580 404 TRACTATE.

1947 472 1994 528 A

3461 349 3590 406 H74

2387 461 2898 519 INTERROGATIO
2942 459 3246 517 CXXXVII.

2027 559 2282 632 Nunquid
2327 569 2523 614 rectum
2569 559 2637 612 sit
2669 557 2783 632 hoc,
2814 558 3116 632 ut_aliquis,
3155 553 3374 621 exempli
3410 569 3593 614 causa,

2093 633 2146 684 in
2169 626 2367 685 'animo
2394 639 2597 683 statuat
2628 645 2682 680 se
2713 629 2780 680 ad
2813 627 3012 695 aliquid
3051 635 3248 680 certum
3294 635 3492 691 tempus
3528 626 3593 676 ab

2094 702 2271 772 aliquo
2307 701 2419 755 cibo
2450 709 2542 752 aut
2573 706 2700 767 potu
2721 697 3001 752 abstinere.

2588 784 2994 842 RESPONSIO.

2093 883 2230 938 Cum
2261 881 2525 937 Dominus
2558 880 2762 935 dixerit
2808 897 2820 931 :
2858 875 2979 930 Non
3024 884 3081 928 ut
3117 874 3311 942 faciam
3350 872 3592 926 volunta-

2026 985 2127 1029 tem
2180 990 2369 1036 meam,
2409 973 2498 1027 sed
2551 971 2871 1024 voluntatem
2924 967 3038 1036 ejus
3075 966 3165 1036 qui
3209 965 3355 1019 misit
3406 979 3485 1016 me
3523 963 3590 1025 ³³,

2024 1083 2184 1122 omne
2220 1066 2490 1136 judicium
2543 1063 2837 1116 voluntatis
2887 1060 3122 1130 prOprite
3179 1056 3432 1128 periculo
3478 1070 3589 1109 non

2024 1168 2200 1215 vacat.
2245 1159 2418 1226 Cujus
2452 1158 2529 1212 rei
2565 1157 2788 1226 ignarus
2834 1154 3000 1208 David
3042 1152 3221 1205 aiebat
3254 1170 3264 1203 :
3297 1147 3505 1210 Juravi,
3539 1155 3591 1198 et

2024 1253 2190 1306 statui
2220 1249 2484 1305 custodire
2502 1247 2708 1319 judicia
2732 1246 2959 1317 justitiw
2985 1253 3087 1297 tuae
3110 1242 3179 1309 9‘,
3207 1256 3314 1295 non
3338 1240 3592 1294 volunta-

2024 1355 2106 1402 tes
2132 1360 2299 1400 meas.

2360 1450 2879 1511 INTERROGATIO
2923 1444 3252 1504 CXXXVIII.

2025 1554 2107 1607 Au
2133 1553 2189 1606 in
2228 1551 2458 1619 fratrum
2493 1555 2746 1619 conventu
2789 1543 3019 1612 cuipiam
3052 1539 3284 1619 permitti
3327 1535 3509 1591 debeat
3537 1544 3590 1586 ut

2096 1611 2375 1744 pltltsquam
2432 1619 2607 1673 ueteri
2651 1611 2885 1684 jejuuet,’
2923 1620 3014 1666 aut
3055 1611 3228 1681 vigilet
3275 1623 3340 1661 ex
3377 1621 3592 1676 pravi-ta

2096 1709 2155 1746 vo
2185 1699 2384 1744 untate.

2612 1773 2879 1829 BESPON
2889 1771 3018 1829 SIO.

2099 1875 2236 1930 Cum
2268 1871 2534 1927 Dominus
2565 1868 2765 1923 dixerit
2801 1886 2814 1920 :
2850 1861 3108 1918 Descendi
3139 1861 3201 1914 de
3239 1860 3366 1914 ctelo
3396 1875 3498 1912 non
3536 1864 3595 1909 ut

2033 1965 2226 2034 faciam
2264 1964 2592 2016 voluntatem
2639 1973 2830 2019 meam,
2875 1954 2964 2008 sed
3001 1953 3320 2006 voluntatem
3359 1949 3471 2018 ejus
3508 1947 3597 2016 qui

2031 2058 2178 2111 misit
2204 2072 2308 2120 me,
2328 2053 2507 2107 Patris
2542 2051 2609 2115 ”,
2637 2047 2900 2120 quidquid
2925 2048 3046 2117 quis
3074 2045 3257 2100 fecerit
3293 2059 3356 2097 ex
3379 2040 3596 2112 propria

2029 2151 2327 2212 voluntate,
2362 2147 2413 2201 id
2442 2160 2566 2199 cum
2593 2143 2841 2197 facientis
2869 2141 3030 2213 462
3063 2141 3131 2194 sit
3159 2137 3459 2208 proprium,
3478 2133 3602 2186 alie-

2033 2257 2164 2298 num
2194 2249 2279 2295 est
2307 2254 2336 2291 a
2370 2237 2570 2308 pietate
2620 2253 2633 2288 :
2669 2241 2724 2288 et
2767 2230 3116 2287 metuendum
3144 2216 3258 2290 est,
3279 2241 3348 2280 ne
3383 2222 3599 2294 quando

2033 2336 2102 2390 de
2141 2347 2227 2398 eo,
2261 2329 2408 2402 quod
2441 2328 2622 2382 facere
2668 2323 2900 2385 videtur,
2943 2338 2973 2376 a
3005 2321 3115 2376 Deo
3161 2318 3343 2373 audiat
3385 2337 3396 2371 :
3440 2315 3520 2368 Ad
3553 2327 3600 2367 te

2036 2425 2302 2479 conversio
2349 2421 2498 2474 illius
2536 2427 2586 2473 et
2645 2426 2701 2470 tu
2747 2413 3102 2470 dominaberis
3144 2411 3288 2464 illius
3337 2409 3403 2462 ³⁸.
3457 2406 3599 2472 Quin

2035 2525 2089 2572 et
2120 2518 2174 2570 in
2208 2514 2343 2586 ipsis
2373 2513 2538 2568 etiam
2570 2509 2732 2564 bonis
2756 2505 2958 2577 aliquid
2988 2503 3221 2574 amplius
3251 2515 3360 2570 prae
3392 2498 3601 2552 caeteris

2037 2609 2194 2670 velle,
2234 2602 2605 2660 contentionis
2638 2599 2831 2654 vitium
2867 2607 2971 2659 est,
3003 2611 3033 2649 a
3067 2609 3205 2647 vana
3235 2593 3401 2662 gloria
3427 2581 3603 2659 proti-

2037 2701 2254 2755 ciscens
2301 2716 2314 2750 :
2359 2695 2504 2766 quod
2552 2692 2779 2748 vetitum
2827 2704 2948 2744 esse
2985 2685 3277 2743 ostendens
3313 2681 3603 2751 Apostolus

2039 2790 2115 2843 ait
2145 2806 2159 2841 :
2195 2784 2317 2839 Non
2341 2785 2480 2838 enim
2507 2781 2759 2836 audemus
2791 2780 3021 2832 inserere
3052 2785 3144 2828 aut
3174 2785 3480 2841 comparare
3511 2785 3602 2820 nos

2039 2879 2394 2954 quibusdam,
2450 2877 2540 2948 qui
2619 2875 2814 2940 seipsos
2878 2867 3244 2923 commendant
3309 2865 3376 2917 ⁸⁷.
3427 2861 3607 2927 Quare

2043 2975 2248 3031 relictis
2282 2970 2525 3044 propriis
2552 2965 2929 3022 voluntatibus
2950 3003 2964 3024 ,
2988 2973 3162 3029 eoque
3193 2967 3250 3012 ut
3278 2955 3450 3010 videri
3483 2953 3610 3007 veli-

2044 3082 2169 3122 mus
2224 3062 2432 3134 aliquid
2504 3057 2859 3115 excellentius
2932 3051 3112 3107 facere
3167 3062 3330 3119 quam
3394 3044 3607 3113 reliqui,

2049 3171 2240 3228 parere
2275 3155 2538 3210 debemus
2579 3149 2844 3220 Apostolo
2882 3140 3194 3199 admonenti
3236 3153 3299 3192 ac
3346 3135 3546 3190 dicenti
3593 3155 3609 3194 ;

2034 3250 2153 3307 Sive
2186 3245 2542 3310 manducatis,
2578 3244 2682 3297 sive
2727 3239 2924 3304 bibitis,
2954 3237 3058 3290 sive
3095 3230 3221 3304 quid
3270 3229 3468 3300 facitis,
3509 3241 3616 3279 om-

2036 3343 2127 3396 nia
2172 3342 2225 3394 in
2260 3339 2485 3410 gloriam
2531 3335 2622 3387 Dei
2672 3332 2828 3396 facile
2858 3330 2926 3383 ⁸⁸.
2977 3323 3322 3380 Contendere
3365 3320 3531 3380 enim,
3561 3323 3616 3371 ct.

2038 3433 2218 3490 eﬂ'erri
2254 3430 2403 3484 inani
2454 3427 2647 3498 gloria,
2684 3441 2748 3478 ac
2796 3422 2902 3476 sibi
2935 3420 3170 3490 placere,
3207 3430 3298 3469 res
3336 3421 3464 3467 sunt
3501 3425 3618 3462 om-

2039 3526 2190 3580 mino
2222 3523 2411 3577 alienae
2457 3522 2524 3572 ab
2569 3518 2637 3571 iis
2678 3516 2770 3585 qui
2814 3514 3020 3568 bonum
3064 3515 3342 3562 certamen
3382 3501 3618 3571 legitime

2042 3619 2348 3672 decertant.
2403 3612 2768 3682 Quapropter,
2832 3606 2942 3666 ait,
2994 3601 3153 3655 modo
3194 3595 3459 3667 quidem:
3493 3590 3618 3643 Non

2044 3711 2327 3780 efﬁciamur
2364 3704 2540 3759 inanis
2582 3701 2767 3772 gloria:
2811 3694 2988 3764 cupidi
3015 3696 3059 3726 "
3109 3711 3122 3748 :
3155 3689 3318 3744 modo
3347 3698 3476 3740 vero
3511 3699 3524 3734 :
3558 3680 3620 3736 Si

2046 3803 2161 3873 quis
2193 3798 2397 3853 videtur
2439 3793 2795 3848 contentiosus
2839 3804 2970 3851 esse,
3004 3802 3096 3839 nos
3145 3785 3304 3836 talem
3336 3784 3618 3832 consuetu-

2049 3895 2222 3948 dinem
2266 3907 2370 3944 non
2422 3886 2690 3948 habemus,
2741 3897 2901 3952 neque
2946 3877 3198 3932 Ecclesia:
3239 3873 3334 3926 Dei
3383 3873 3397 3901 ⁸
3437 3889 3448 3922 :
3492 3868 3620 3920 item

2052 3987 2108 4039 in
2149 3983 2254 4038 alio
2303 3981 2426 4034 loco
2470 3996 2482 4031 :
2530 3975 2785 4028 Debemus
2815 3987 2910 4024 nos
2950 3985 3054 4022 non
3093 3959 3471 4024 nobismetipsis
3508 3955 3623 4023 pla-

2055 4095 2167 4133 cere
2204 4078 2224 4106 ⁸
2260 4093 2275 4130 ι
2313 4071 2516 4143 quibus
2561 4068 2675 4120 haec
2718 4064 2785 4117 ad
2825 4056 3276 4116 commovendum
3317 4049 3624 4106 eiﬁcaciora

2057 4166 2309 4238 adjungit
2332 4137 2359 4216 ἰ
2395 4160 2603 4215 Etenim
2634 4155 2877 4210 Christus
2914 4167 3017 4205 non
3041 4148 3141 4202 sibi
3170 4145 3367 4216 placuit
3397 4143 3438 4195 ³.
3469 4137 3626 4205 Quod

2059 4233 2435 4331 si'quispiam
2491 4250 2768 4308 existimat
2810 4262 2949 4317 opus
2997 4242 3099 4297 sibi
3151 4255 3273 4295 esse
3333 4233 3647 4305 asperitate-

2061 4357 2287 4426 rnajore,
2336 4353 2450 4406 sive
2499 4348 2552 4401 in
2599 4342 2849 4414 jejuniis,
2895 4340 3010 4393 sive
3052 4337 3112 4390 in
3150 4331 3372 4402 vigiliis,
3420 4329 3534 4382 sive
3572 4326 3646 4379 in.

2064 4415 2390 4514 quacunque
2427 4437 2531 4490 alia
2564 4450 2644 4499 re,
2688 4429 2982 4502 patefaciat
3015 4425 3096 4478 rei
3125 4417 3401 4476 communi
3439 4415 3631 4486 praefe-

2065 4535 2168 4589 ctis
2214 4532 2357 4585 hanc
2410 4530 2583 4598 ipsam
2629 4525 2933 4582 rationem,
2990 4516 3060 4572 ob
3114 4527 3302 4583 quam-
3338 4507 3631 4578 asperitate

389 4633 546 4698 λάκις
573 4595 681 4706 γὰρ
713 4635 885 4707 ἑτέρῳ
937 4595 1134 4705 μᾶλλον
1167 4634 1353 4705 τρόπῳ
1383 4595 1442 4686 τὸ
1476 4595 1665 4687 ⁸ἱκανὸν
1695 4635 1761 4704 τῇ
1808 4631 1938 4704 χρείι

2063 4625 2259 4696 majori
2310 4595 2557 4690 indi—gere
2596 4631 2656 4672 se
2701 4615 3000 4669 arbitratur
3048 4624 3062 4662 :
3098 4604 3244 4675 quod
3287 4610 3466 4654 autem
3499 4595 3631 4664 ipsis

391 4727 644 4795 γενέσθαι
674 4726 782 4796 (61)
817 4727 1020 4795 δεήσει.

2064 4684 2356 4787 probatum
2389 4684 2575 4772 iuverit,
2615 4706 2892 4760 observet.
2930 4698 3085 4767 Saepe
3112 4694 3256 4748 enim
3301 4691 3408 4768 alio
3453 4684 3635 4755 potius

2067 4806 2228 4861 modo
2253 4799 2569 4857 necessitati
2602 4797 2776 4866 ipsius
2809 4789 3097 4847 consulere
3126 4781 3413 4853 oportebit.

464 4973 513 5006 ’³
551 4969 710 5024 Joan.
749 4987 835 5032 νι,
870 4971 958 5025 58.
1034 4971 1081 5003 ⁸⁵
1121 4969 1263 5025 Psal.
1301 4985 1499 5034 cxvut,
1537 4972 1659 5027 106.
1737 4971 1783 5003 ⁸³
1821 4968 1938 5022 Joal

2043 4983 2100 5028 ‘I,
2136 4966 2225 5021 58.
2303 4960 2642 5034 "hGean,
2683 4953 2768 5006 i6.
2843 4943 3191 5005 "IICor.x,
3231 4939 3310 4994 I2.
3389 4935 3474 4988 “l
3508 4936 3632 4990 Cor.

397 5060 468 5106 ι,
508 5041 598 5096 51.
672 5042 716 5072 ’⁵
757 5040 932 5094 Galat.
970 5057 1022 5104 ν,
1063 5039 1154 5094 26.
1233 5042 1248 5070 ¹
1293 5038 1310 5091 I
1344 5041 1471 5095 Cor.
1512 5057 1604 5106 xl,
1648 5042 1732 5094 16.

1811 5042 1830 5070 ι
1872 5039 2030 5093 nom.
2068 5026 2157 5103 xv,
2197 5035 2247 5089 ι.
2291 5034 2311 5065 ³
2351 5026 2482 5085 ibid.
2521 5030 2573 5081 5.

471 5205 582 5286 (ξξὸ)
619 5204 841 5286 Antiqui
872 5204 1310 5286 tres‘libriﬁtiu‘z
1343 5205 1410 5286 τδ
1432 5204 1643 5286 θέλημα
1677 5203 1792 5256 τοῦ.
1825 5202 1938 5256 Edil

2073 5213 2206 5251 mss.
2239 5190 2542 5262 γενώμεθα.
2591 5186 2880 5252 Aliquanto
2932 5184 3056 5247 post
3099 5173 3228 5228 editi
3273 5177 3325 5226 et
3353 5169 3460 5254 du?
3505 5180 3636 5220 mss.

2079 5261 2152 5286 ,‘r-
2201 5264 2434 5286 g__\_v_.-.
2520 5257 2612 5286 Αιίς
2670 5253 2778 5286 Am.
2834 5265 2947 5286 ωας
3032 5259 3153 5286 num
3204 5239 3360 5286 Vnsg.
3405 5255 3485 5286 05c
3518 5239 3636 5286 ἐπι-

494 5239 562 5260 υυ
619 5239 742 5259 η...-
788 5239 841 5259 υ.
873 5239 982 5259 ..ιο
1014 5239 1140 5259 ην..
1175 5239 1310 5258 νυνι..
1354 5239 1404 5258 ιν
1433 5239 1545 5258 νς...
1609 5239 1643 5258 υ.
1686 5239 1792 5256 ων.
1827 5239 1938 5256 ιη...

403 5239 626 5344 et‘l’te’g.
673 5239 865 5330 ter‘tiius
908 5273 1043 5345 ἀλλὰ
1074 5273 1187 5345 τοῦ.
1226 5275 1336 5329 Nec
1378 5280 1452 5330 ita
1492 5239 1662 5330 miilto
1699 5283 1820 5345 post
1858 5281 1938 5325 tre

2072 5239 2614 5345 Sig'ééli'éQ‘EEJXui
2670 5239 2778 5308 duo
2834 5239 2966 5304 mss.
3032 5259 3154 5299 cum
3204 5239 3360 5296 Voss.
3405 5239 3485 5299 οἷς
3518 5239 3639 5288 ὲπιη

405 5346 666 5415 mss,th
697 5345 900 5414 έστησα
924 5344 1041 5415 τοῦ.
1075 5344 1216 5397 Editi
1244 5346 1337 5397 καὶ
1367 5346 1592 5415 ἕστηκα.

384 5457 393 5494 ε
615 5413 845 5494 ‘I'Jegitur
871 5413 1065 5494 audin
1100 5415 1329 5494 duobus.
1354 5413 1497 5494 mss;—
1518 5430 1614 5494 pro
1644 5413 1810 5494 παρέξ.

627 5552 762 5626 Beg.
793 5555 1002 5626 primus
1037 5553 1318 5626 τολμῷμεν
1351 5557 1529 5626 κρῖναι
1567 5555 1619 5624 ἡ.

411 5621 766 5748 ποξῗὲὲὶεὲ.
793 5621 1026 5694 ‘primus
1070 5621 1144 5677 et'
1173 5621 1327 5704 com,
1362 5621 1415 5679 et
1458 5621 1614 5679 Voss.
1668 5623 1804 5693 ὑπὲρ
1854 5621 1976 5682 τοὺς

576 5709 658 5755 υς.

477 5415 587 5552 (56)
627 5415 845 5485 Legitur
871 5415 978 5466 ἀπό
1010 5415 1065 5467 in
1100 5415 1316 5494 duobus
1354 5431 1486 5470 mss.
1518 5430 1614 5483 pro
1644 5415 1810 5483 παρά.

477 5484 562 5554 (5'1
615 5482 836 5554 Yeteres
855 5485 964 5538 duo
991 5484 1114 5554 libri
1138 5499 1260 5538 cum
1286 5483 1444 5540 Voss.
1469 5485 1707 5538 δείκνυσι
1727 5483 1970 5551 φάσκων.

2090 5351 2248 5388 οεοει.

2074 5353 2248 5404 φερει.
3600 5374 3610 5384 _

2148 5406 2258 5473 (60)
2303 5405 2435 5469 Reg.
2472 5397 2679 5473 primus
2724 5392 2831 5473 εἴτε
2879 5375 3644 5473 ένῗᾶλλωῌρίιρδήτξοῖε.

2076 5448 2283 5544 (λυξινιῆί)
2303 5448 2446 5541 ’ρἱἓὶ
2473 5448 2596 5544 Γ(1119
2625 5477 2757 5516 mss.
2796 5456 3056 5544 P‘nébaaw
3081 5448 3318 5544 ’ἑαυτήνέ
3348 5448 3468 5544 glori
3499 5459 3644 5499 unus

2369 5520 2530 5592 Voss.
2563 5528 2886 5602 δοκιμασθὲν
2921 5520 3443 5602 παραφυλασ-Ξέσρω.

2156 5586 2646 5683 ῑδῖῑῑίειέὲξὲαυο
2679 5586 2797 5683 tum
2828 5586 3021 5683 ριεεεεειί
3229 5586 3646 5683 seseese

2083 5655 2576 5752 ινῖτὲίρψᾝὲιῆὡ
2612 5655 2794 5742 ερόπῳ
2829 5655 2898 5720 ’τὸ
2939 5666 3116 5720 ἱκανὸν
3148 5663 3245 5732 τῆς
3275 5659 3459 5732 χρείας
3492 5655 3664 5725 γενήα.

486 5762 594 5832 (59)
637 5762 778 5818 Editi
830 5771 884 5818 et
928 5780 1067 5820 unus
1123 5782 1223 5821 ms.
1260 5765 1332 5837 μὴ
1369 5763 1663 5836 γινώμεθα.
1712 5762 1814 5816 Alii
1864 5767 1975 5813 tres
2083 5769 2253 5806 σεται.
