4064 6238
398 285 536 342 H75

762 399 1286 460 lNTERROGATlO
1304 403 1588 460 CXXXIX.

395 517 560 588 Aucta
578 515 806 584 jejunio,
839 517 1106 572 evadimus
1139 518 1206 571 ad
1236 516 1470 574 laborem
1509 519 1804 574 debiliores.
1831 521 1970 588 Quid

468 586 631 655 igitur
661 588 828 656 magis
860 588 1004 656 facto
1037 604 1164 656 opus
1191 598 1300 642 est:
1333 589 1695 644 rescinderem
1735 586 1969 644 laborem

464 666 673 778 prgpter
709 657 999 726 jejunium,
1044 676 1114 714 an
1154 659 1412 730 negligere
1451 660 1717 728 jejunium
1762 673 1970 730 propter

488 743 521 779 a
557 742 723 784 orem.

983 862 1388 920 RESPONSIO.

465 975 654 1046 Operae
699 979 934 1046 pretium
970 984 1057 1034 est
1091 977 1366 1048 jejunare,
1398 987 1452 1034 et
1484 978 1645 1034 edere
1673 979 1832 1046 juxta
1875 995 1971 1034 ac-

393 1070 796 1124 commodatam
822 1071 1010 1140 pietati
1045 1073 1356 1138 rationem;
1403 1077 1464 1125 ut
1504 1086 1629 1125 cum
1675 1071 1968 1126 conficien-

394 1161 524 1215 dum
554 1160 716 1216 fuerit
737 1159 838 1218 Dei
866 1162 1180 1217 mandatum
1205 1179 1302 1232 per
1321 1161 1615 1232 jejunium,
1631 1162 1964 1232 jejunemus,

396 1266 461 1304 ac
499 1252 616 1308 vice
663 1268 842 1315 versa.
874 1270 998 1310 cum
1041 1255 1138 1310 Dei
1186 1255 1505 1310 mandatum
1550 1256 1732 1310 cibum
1764 1271 1966 1326 corpus

395 1345 839 1401 corroborantem
890 1348 1076 1418 exigit,
1116 1348 1490 1414 comedamus,
1538 1364 1648 1404 non
1705 1357 1964 1421 tanquam

396 1435 702 1502 helluones,
756 1437 851 1494 sed
906 1447 967 1493 ut
1018 1438 1255 1510 operarii
1307 1437 1423 1494 Dei.
1484 1438 1825 1495 Servandum
1881 1449 1967 1496 est

393 1527 538 1580 enim
567 1529 713 1598 quod
743 1529 949 1585 dictum
979 1539 1061 1586 est
1099 1531 1168 1587 ab
1189 1529 1453 1602 Apostolo
1484 1546 1500 1584 :
1529 1530 1648 1586 Sive
1685 1532 1966 1586 manduca-

397 1619 482 1681 tis,
520 1620 624 1674 sive
660 1621 862 1688 bibitis,
906 1623 1011 1677 sive
1048 1622 1174 1693 quid
1208 1623 1410 1692 facitis,
1445 1624 1623 1678 omnia
1655 1625 1713 1678 in
1737 1623 1964 1694 gloriam

392 1707 492 1762 Dei
523 1709 682 1778 facile
718 1712 758 1764 ⁸.

813 1847 1333 1906 INTERROGATIO
1383 1849 1543 1906 CXL.

393 1961 454 2017 Si
481 1965 595 2032 quis
627 1974 920 2033 temperans
954 1981 1056 2019 non
1086 1965 1248 2033 fuerit
1289 1965 1343 2018 in
1385 1967 1558 2020 noxiis
1585 1965 1714 2020 cibis
1742 1966 1967 2035 capien—

462 2035 569 2098 dis,
610 2037 716 2088 imo
759 2052 876 2089 vero
910 2037 976 2088 iis
1009 2035 1214 2090 abunde
1243 2037 1464 2102 sumptis
1493 2035 1695 2089 incidat
1725 2036 1780 2090 in
1819 2053 1962 2090 mor-

463 2104 606 2169 bum,
639 2105 874 2175 nunquid
903 2106 1016 2174 ejus
1043 2121 1173 2158 cura
1209 2106 1544 2166 suscipienda
1573 2108 1663 2160 sit.

966 2300 1236 2358 RESPON
1245 2301 1377 2358 SlO.

465 2410 894 2483 latemperantia
939 2416 1288 2472 manifestam
1350 2415 1571 2488 praefert
1618 2417 1964 2487 nequitiam;

395 2508 560 2572 atque
584 2501 642 2557 in
663 2503 856 2573 primis
883 2504 950 2560 de
976 2505 1080 2562 hoc
1106 2507 1240 2562 vitio
1271 2508 1567 2563 sollicitum
1590 2523 1713 2564 esse
1741 2523 1968 2564 necesse

394 2599 499 2656 est,
519 2599 580 2647 ut
604 2594 901 2650 remedium
920 2595 1081 2671 E63
1110 2599 1159 2654 ei
1178 2598 1452 2654 efferatur.
1473 2598 1685 2654 Etenim
1699 2601 1966 2670 benignus

395 2683 563 2751 Deus,
597 2695 864 2757 quantum
893 2690 1096 2745 malum
1123 2691 1518 2748 incontinentia
1550 2692 1642 2760 sit,
1674 2693 1966 2748 ostendere

402 2793 526 2831 cum
556 2779 739 2844 vellet,
768 2779 1007 2836 animam
1043 2796 1186 2850 saepe
1215 2782 1270 2836 in
1313 2782 1379 2837 iis
1405 2782 1566 2837 etiam
1601 2797 1722 2852 qua:
1747 2781 1963 2852 corpori

395 2878 614 2936 nocent,
660 2872 717 2926 in
759 2873 950 2927 vitium
988 2873 1416 2944 intemperantiae
1461 2875 1569 2929 labi
1621 2875 1891 2946 permisit,
1918 2875 1965 2929 si

399 2960 540 3014 forte
589 2971 775 3030 posset
813 2978 912 3033 per
957 2965 1300 3033 corporalem
1345 2965 1618 3030 morbum,
1670 2965 1832 3036 quem
1882 2965 1967 3018 in-

395 3052 771 3122 temperantiae
815 3069 982 3110 causa
1025 3055 1352 3126 perferebat,
1398 3051 1557 3113 suum
1595 3059 1768 3128 ipsius
1797 3058 1967 3114 detri-

1989 1761 2039 1822 Β

1769 289 1826 344 S.
1870 288 1968 344 BA:

2072 289 2114 344 ll
2155 289 2372 348 MAGNI
3503 300 3644 354 H76

2609 415 2941 468 ΕΡΩΤΗΣΙΣ
2976 415 3143 471 PAO’.

2081 524 2194 594 Τῆς
2230 527 2524 604 Δνηστείας
2559 529 3036 604 ἐπιτεινομέτης,
3081 532 3423 604 ἀτονώτεροι
3480 540 3642 604 γινό-

2137 599 2289 674 μεθα
2306 599 2408 674 ‘el‘g
2450 598 2514 650 τὸ
2801 598 3017 674 Τιμοῦν
3071 603 3186 670 χρὴ
3227 598 3468 674 μᾶλλον
3487 598 3638 673 ’(62³⁸

2141 666 2474 745 ἐμποδίζειν
2509 666 2591 733 τῷ
2605 669 2783 745 Δέργῳ-
2804 669 2901 745 διὰ
2931 671 3045 739 τὴν
3071 666 3379 740 ἶηάτείαν,
3424 677 3461 743 ἢ
3494 666 3644 744 ἐταρ-

2140 737 2290 805 ορᾷν
2322 738 2567 802 ἐκείνην
2595 737 2702 793 διὰ
2723 741 2790 794 τὸ
2831 737 3026 810 ἔργον.

2675 877 3060 942 ΑΠΟΚΡΙΣΙΣ.

2139 986 2249 1038 Καὶ
2285 985 2382 1056 τὴν
2415 988 2690 1058 νηστείαν,
2730 989 2826 1043 καὶ
2874 990 2937 1042 τὸ
2969 993 3161 1059 φαγεῖν
3193 991 3332 1062 μετὰ
3361 993 3520 1061 λόγου
3547 993 3644 1046 τοῦ

2067 1071 2268 1124 οίκείου
2301 1073 2399 1143 τῆς
2433 1072 2740 1138 θεοσεϐείας
2777 1073 2887 1144 (63)
2930 1076 3453 1147 παραλαμβάνεσθαι
3485 1080 3592 1150 χρή
3624 1097 3641 1109 ⁸

2069 1165 2178 1229 ἵνα,
2211 1165 2339 1218 ὅταν
2381 1166 2478 1236 μὲν
2520 1165 2738 1239 ἐντολὴν
2763 1166 2897 1220 Θεοῦ
2943 1167 3030 1222 διὰ
3067 1169 3322 1238 νηστείας
3367 1171 3647 1240 κατορθω-

2068 1256 2227 1326 θῆναι
2277 1256 2406 1321 δέοι,
2442 1257 2864 1329 νηστεύσωμεν⁶
2905 1260 3032 1312 ὅταν
3076 1259 3132 1312 δὲ
3183 1259 3341 1313 πάλιν
3371 1261 3404 1329 ἡ
3450 1261 3643 1330 ἐντολὴ

2065 1345 2159 1402 τοῦ
2189 1346 2326 1400 Θεοῦ
2377 1347 2578 1418 βρῶσιν
2625 1349 2886 1426 ὲπιζητοῖν
2915 1350 3315 1421 ἐνδυναμοῧσαν
3356 1351 3419 1403 τὸ
3457 1351 3642 1422 σῶμα,

2067 1437 2350 1508 φάγωμεν,
2396 1438 2494 1508 οὐχ
2545 1439 2620 1502 ὡς
2667 1439 3092 1510 γαστρίμαργοι,
3136 1440 3248 1494 ἀλλ’
3293 1441 3368 1504 ὼς
3414 1443 3646 1513 ἐργάται

2066 1528 2222 1584 Θεοῦ.
2274 1530 2727 1603 Φυλάσσεινηγάρ
2777 1531 2882 1603 χρὴ
2929 1533 2989 1584 τὸ
3028 1532 3134 1585 ὑπὸ
3181 1531 3275 1584 τοῦ
3321 1534 3644 1585 Ἀποστόλου

2066 1621 2386 1692 είρημένον·
2413 1622 2548 1675 Εἴτε
2577 1625 2824 1686 ἐσθίετε,
2847 1623 2966 1676 εἴτε
2997 1624 3216 1687 πίνετε,
3243 1622 3360 1676 εἴτε
3386 1641 3439 1676 τι
3463 1625 3647 1676 ποιεῖ-

2067 1727 2151 1778 τε,
2185 1711 2381 1766 πάντα
2412 1715 2498 1778 είς
2531 1712 2720 1778 δόξαν
2759 1713 2907 1768 Θεοῦ
2934 1713 3171 1768 ποιεῖτε.

2604 1847 2940 1902 ΕΡΩἹἮΣΙΣ
2983 1850 3116 1901 PM'.

2085 1959 2220 2014 Ἐάν
2257 1977 2347 2026 τις
2376 1960 2462 2029 μὴ
2510 1961 2931 2030 ἐγκρατεύηται
2964 1961 3094 2028 περὶ
3126 1960 3199 2014 τὰ
3218 1960 3486 2030 ,βλαϐερὰ
3525 1959 3640 2012 τῶν

2134 2029 2483 2099 βρωμάτων,
2527 2029 2996 2099 μεταλαμϐάνων
3036 2030 3103 2083 δὲ
3143 2029 3414 2099 ἀφειδῶς,
3450 2032 3648 2081 κακώ-

2140 2118 2237 2226 σὲι
2268 2101 2586 2241 aggredi),
2616 2103 2669 2154 εὶ
2713 2099 2828 2170 χρὴ
2868 2101 3052 2154 αὐτοῦ
3084 2100 3428 2171 ἐπιμέλειαν
3457 2099 3644 2153 ποιεῖ-

2141 2186 2184 2225 σ
2221 2189 2280 2225 αι
2431 2213 2445 2227 .

2664 2298 3050 2355 ΔΠΟΚΡΙΣΙΣ.

2154 2415 2217 2466 Ἦ
2259 2417 2354 2485 μὲν
2391 2412 2631 2484 ἀκρασία
2672 2412 2938 2485 πρόδηλον
2976 2412 3086 2484 ἔχει
3117 2414 3214 2484 τὴν
3269 2412 3465 2466 κακίαν
3487 2428 3499 2441 ·
3547 2431 3652 2465 και

2072 2507 2261 2560 τούτου
2287 2505 2380 2559 τοῦ
2426 2505 2630 2568 πάθους
2663 2507 3087 2577 προηγουμένως
3129 2505 3431 2576 φροντίζειν
3477 2506 3652 2572 ἀναγ-

2073 2603 2243 2661 καῖον,
2271 2600 2417 2662 ὅπως
2442 2597 2770 2670 θεραπευθῇ.
2809 2596 3096 2666 Βουληθεὶς
3128 2597 3236 2669 γάρ
3267 2597 3436 2662 δεῖξαι
3467 2598 3495 2649 ό
3527 2598 3653 2666 φιλ-

2073 2687 2356 2761 άνθρωπος
2397 2687 2561 2753 Θεὸς,
2607 2687 2790 2758 ἡλίκον
2851 2686 3019 2740 κακόν
3060 2690 3175 2739 ἐστι
3215 2687 3276 2740 τὸ
3323 2685 3399 2758 μὴ
3447 2687 3655 2756 ἐγκρα-

2074 2778 2345 2840 τεύεσθαι,
2394 2779 2570 2849 ἀφῆκε
2619 2776 2878 2840 πολλάκις
2922 2778 3020 2847 τὴν
3064 2776 3240 2846 ψυχὴν
3289 2778 3382 2829 καὶ
3416 2776 3652 2829 ἐπὶτῶν

2070 2869 2130 2922 τὸ
2162 2870 2321 2939 σῶμα
2353 2868 2697 2938 βλαπτόντων
2726 2867 3024 2937 κεχρῆσθαι
3053 2867 3131 2938 τῷ
3163 2865 3324 2920 πάθει
3353 2867 3452 2937 τῆς
3475 2868 3655 2938 ἀκρα-

2073 2959 2214 3024 σίας,
2249 2957 2342 3012 ἐάν
2373 2960 2479 3028 ἄρα
2508 2957 2706 3029 δυνηθῇ
2752 2956 2841 3010 διὰ
2873 2957 2970 3027 τῆς
2997 2955 3292 3019 κακώσεως
3337 2957 3436 3028 τῆς
3464 2974 3657 3028 σωμα-

2070 3046 2248 3116 τικῆς,
2293 3047 2357 3116 ἣν
2402 3047 2466 3097 ἐκ
2505 3046 2604 3116 τῆς
2649 3045 2917 3114 ἀκρασίας
2957 3046 3238 3116 ὑπομένει,
3280 3047 3359 3109 είς
3398 3046 3655 3117 αἴσθησιν

398 3151 643 3200 mentum
688 3161 876 3213 nosse,
925 3156 980 3204 et
1022 3149 1220 3204 adduci
1251 3150 1316 3205 ad
1348 3151 1674 3207 servandam
1710 3152 1768 3206 in
1799 3153 1968 3209 omni-

2072 3136 2243 3189 ἐλθεῖν
2275 3138 2373 3208 τῆς
2403 3137 2538 3200 ίδίας
2560 3136 2785 3208 βλάϐης,
2818 3138 2909 3190 καὶ
2935 3137 3264 3210 όδηγηθῆναι
3300 3140 3435 3210 πρὸς
3461 3138 3559 3210 τὴν
3589 3142 3652 3194 ἐν

402 3233 508 3290 laus
544 3240 978 3309 temperantiam.
1016 3241 1285 3298 Cancrum
1325 3258 1514 3298 curam
1557 3245 1804 3313 corporis
1839 3260 1967 3315 erga

400 3342 494 3381 eos
550 3329 645 3398 qui
714 3329 785 3385 ob
861 3332 1343 3404 intemperantiam
1411 3334 1555 3390 male
1630 3335 1966 3402 afﬁciuntur,

400 3433 594 3488 gerere
616 3421 836 3492 quidem
885 3424 994 3480 cito
1023 3427 1226 3482 rationi
1264 3434 1318 3482 et
1345 3426 1666 3498 benignitati
1694 3429 1968 3496 convenit,

397 3523 512 3565 non
559 3518 744 3567 tamen
799 3513 919 3571 sine
970 3515 1082 3571 ullo
1140 3516 1412 3582 examine,
1462 3517 1558 3573 sed
1601 3519 1854 3586 sollicite,
1901 3535 1970 3574 ne

399 3598 541 3658 forte
569 3616 801 3673 corpore
836 3606 1082 3662 curando
1124 3608 1360 3662 animam
1395 3608 1769 3678 relinquamus
1816 3610 1970 3664 incu-

400 3699 596 3747 ratam.
639 3693 1005 3763 Quamobrem
1036 3697 1082 3752 si
1109 3699 1233 3768 quis
1264 3701 1575 3770 quempiam
1610 3700 1685 3753 ita
1713 3699 1968 3756 affectum

399 3783 782 3853 conspexerit,
834 3793 894 3840 ut
939 3802 1037 3857 per
1085 3788 1336 3859 corporis
1396 3790 1736 3846 curationem
1801 3791 1971 3861 probe

402 3873 653 3932 eruditus
699 3877 792 3944 sit,
834 3878 1185 3949 animamque
1229 3880 1379 3936 vitiis
1421 3883 1656 3952 propriis
1702 3883 1968 3938 irretilam

399 3976 574 4033 curet,
606 3967 913 4024 adhibenda
951 3977 1035 4025 est
1073 3970 1174 4040 ipsi
1210 3973 1514 4042 corporalis
1545 3989 1698 4028 cura.
1737 3973 1894 4040 Quod
1923 3975 1970 4028 si

400 4057 458 4112 in
487 4059 730 4114 curando
758 4075 987 4130 corpore
1013 4071 1366 4119 contemnere
1399 4064 1636 4118 animam
1668 4065 1971 4137 deprehen-

401 4149 585 4213 datur,
638 4151 1005 4219 praestabilius
1044 4161 1149 4218 est,
1188 4155 1282 4224 qui
1312 4154 1580 4226 ejusmodi
1615 4165 1722 4221 est,
1753 4173 1878 4212 eum
1914 4158 1971 4211 in

401 4240 687 4294 doloribus
729 4241 822 4308 iis,
867 4258 1006 4312 quos
1032 4245 1103 4298 ob
1151 4261 1306 4301 suam
1352 4247 1828 4318 intemperantiam
1854 4249 1972 4304 suf-

401 4330 527 4395 fert,
573 4332 900 4404 derelinqui,
945 4336 990 4391 si
1047 4337 1186 4392 forte
1250 4341 1514 4410 temporis
1564 4355 1856 4411 progressu
1903 4340 1971 4394 ad

399 4420 488 4475 sui
519 4420 694 4491 ipsius
732 4432 786 4479 et
817 4428 1005 4481 aeterni
1053 4429 1305 4499 supplicii
1338 4431 1587 4484 notitiam
1625 4432 1968 4502 perveniens,

2069 3232 2236 3283 πᾶσιν
2271 3230 2617 3300 ἐγκράτειαν.
2644 3229 2756 3298 Τὴν
2795 3228 2851 3280 δὲ
2895 3228 3214 3298 ἐπιμέλειαν
3257 3229 3351 3283 τοῦ
3398 3229 3653 3300 σώματος

2069 3325 2162 3376 ἐπὶ⁸
2212 3323 2321 3375 τῶν
2367 3320 2427 3388 ἐξ
2462 3324 2732 3393 ἀκρασίας
2785 3320 3171 3391 βλαπτομένων
3221 3321 3489 3375 ποιεῖσθαι
3548 3323 3654 3393 μὲν

2069 3417 2208 3485 τάχα
2255 3414 2472 3484 εὔλογον
2523 3415 2618 3468 καὶ
2663 3415 2990 3487 χρηστότητι
3049 3414 3278 3486 πρέπον,
3325 3414 3425 3467 οὐκ
3467 3414 3654 3468 ἀδοκι-

2073 3508 2294 3577 μάστως
2334 3507 2411 3573 δὲ,
2442 3507 2579 3561 ἀλλὰ
2609 3507 3042 3579 πεφροντικότας
3081 3506 3217 3577 (65),
3263 3507 3456 3577 μήπως
3481 3507 3540 3558 ἐν
3579 3511 3650 3578 τῇ

2068 3600 2163 3653 τοῦ
2192 3601 2442 3671 σώματος
2483 3601 2751 3672 θεραπεία
2787 3599 2885 3671 τὴν
2923 3599 3103 3672 ψυχὴν
3144 3599 3514 3670 ἀθεράπευτον
3554 3617 3654 3651 κα-

2070 3693 2385 3764 ταλίπωμεν
2417 3693 2548 3764 (66).
2590 3694 2774 3758 Ὥστε,
2809 3691 2905 3746 ἐὰν
2935 3693 3033 3762 μὲν
3067 3692 3225 3765 ἐπίδῃ
3252 3709 3334 3754 τις
3354 3690 3445 3744 τὸν
3476 3690 3653 3743 τοιοῦ-

2069 3803 2161 3838 τον
2208 3787 2272 3838 ἐκ
2320 3785 2417 3854 τῆς
2457 3784 2551 3838 τοῦ
2604 3783 2856 3854 σώματος
2908 3782 3205 3854 θεραπείας
3263 3783 3651 3854 παιδευόμενον

2071 3878 2428 3948 εὐγνωμόνως
2461 3877 2591 3947 (67),
2630 3876 2849 3946 καὶτῆς
2891 3875 3070 3946 ψυχῆς
3112 3877 3168 3929 ἐν
3199 3877 3308 3938 τοῖς
3352 3875 3499 3938 ἰδίοις
3540 3876 3646 3928 πά-

2073 3973 2220 4026 θεσιν
2256 3971 2654 4040 ἐπιμελεῖσθαι,
2699 3971 2995 4041 προσάγειν
3020 3967 3166 4039 αὐτῷ
3193 3967 3289 4038 τὴν
3333 3967 3651 4038 σωματικὴν

2071 4059 2389 4133 ἐπιμέλειαν
2409 4079 2421 4091 ·
2459 4060 2553 4114 ἐὰν
2577 4059 2658 4123 δὲ,
2690 4061 2789 4132 τὴν
2831 4057 2923 4113 τοῦ
2949 4057 3205 4130 σώματος
3231 4057 3524 4130 θεραπείαν
3562 4058 3651 4110 δε-

2073 4155 2320 4226 χόμενος,
2353 4152 2641 4222 ἐλέγχηται
2672 4151 2770 4222 τῆς
2799 4151 2978 4221 ψυχῆς
3019 4150 3394 4223 καταφρονῶν,
3441 4150 3649 4221 βέλτιόν

2073 4246 2188 4298 ἐστι
2229 4244 2318 4298 τὸν
2349 4243 2589 4296 τοιοῦτον
2634 4242 2964 4313 ἐναφεθῆναι
2999 4241 3116 4310 (68)
3148 4246 3268 4306 ταῖς
3317 4243 3550 4310 ὀδύναις,
3581 4243 3649 4308 ἃς

2073 4337 2138 4389 ἐκ
2184 4335 2284 4406 τῆς
2316 4334 2449 4400 ἰδίας
2494 4334 2762 4405 ἀκρασίας
2807 4332 3117 4404 ὑφίσταται,
3147 4332 3240 4386 ἐὰν
3287 4333 3394 4405 ἄρα
3437 4333 3643 4404 δυνηθῇ

2076 4424 2152 4495 τῷ
2205 4425 2381 4496 χρόνῳ
2441 4426 2520 4489 είς
2551 4423 2900 4495 συναίσθησιν
2945 4423 3115 4477 ἐλθὼν
3166 4423 3359 4477 ἑαυτοῦ
3402 4423 3498 4477 καὶ
3549 4426 3651 4494 τῆς

398 4515 577 4582 possit
612 4516 810 4571 anima:
853 4519 1075 4574 sanitati
1112 4523 1416 4592 providere.
1449 4521 1587 4576 Dum
1610 4523 1746 4577 enim
1763 4522 1968 4592 judica-

2077 4515 2296 4570 αἰωνίου
2348 4517 2654 4581 κολάσεως,
2706 4515 2959 4587 φροντίδα
3014 4516 3302 4571 άναλαὸεῖν
3354 4517 3452 4588 τῆς
3508 4519 3650 4571 κατὰ

399 4621 538 4671 mur,
572 4623 605 4660 a
639 4606 864 4663 Domino
895 4611 1232 4678 corripimur,
1264 4622 1320 4668 ut
1353 4630 1456 4666 non
1491 4631 1610 4669 cum
1639 4614 1733 4668 hoc
1771 4612 1966 4666 mundo

399 4697 711 4751 damnemur
740 4701 782 4754 ⁵.

473 4939 712 4996 ⁸⁵1001⁸.
748 4958 814 5008 x,
851 4943 939 4995 51.
1017 4945 1035 4974 ⁵
1079 4942 1255 4998 lCor.
1295 4959 1386 5011 ιιι,
1421 4942 1512 5000 32.
1603 4969 1610 4973 ·

617 5122 810 5197 ςέοίὶες
841 5123 997 5179 Colb.
1031 5125 1095 5179 Τί
1133 5120 1226 5197 οὖν
1259 5126 1364 5197 χρὴ
1395 5129 1568 5180 ποιεῖν
1606 5124 1826 5197 μᾶλλον.

617 5189 774 5266 [Inus
811 5210 914 5266 ms.
939 5197 1138 5266 οἰκείου
1162 5189 1586 5266 τῆςὲὺσεὸείας.

475 5261 589 5334 (64)
622 5261 806 5320 Codex
833 5263 1006 5338 Δβοῆς».
1058 5266 1165 5338 χρὴ
1205 5261 1368 5320 αὑτοῦ
1417 5266 1828 5338 ἐπιμελεῖσθαι.
1856 5265 1971 5320 Ali-

405 5341 614 5407 q_uan_to
638 5335 916 5407 postqediti
946 5344 1000 5390 et
1041 5335 1184 5392 unus
1223 5352 1328 5407 ms.
1366 5339 1458 5391 ἐπὶ
1489 5335 1598 5390 τῶν
1631 5336 1972 5407 βλαπτόντων

407 5403 468 5458 τὸ
495 5403 824 5478 σῶμαηΑΠί
871 5405 982 5461 duo
1018 5423 1152 5463 mss.
1193 5406 1286 5461 ἐπὶ
1316 5407 1424 5462 τῶν
1445 5407 1505 5462 τὸ
1526 5403 1684 5478 σῶμα
1717 5407 1974 5477 βλαπτόνσ

407 5491 536 5536 των.
569 5475 794 5532 rectius.

479 5543 797 5623 (65).Editio
824 5545 998 5623 Paris.
1023 5546 1169 5623 and
1186 5548 1638 5623 πεφροντικότως,
1660 5563 1968 5618 operarum,

409 5620 469 5668 ut
519 5617 736 5684 opinor,
785 5618 1096 5673 oscitantis.
1145 5617 1277 5675 Aliae
1305 5617 1448 5674 ‘dua:
1491 5617 1756 5676 editiones
1781 5625 1834 5674 et
1861 5629 1971 5674 tres

408 5698 543 5742 mss.
569 5688 1013 5760 πεφροντικότας.

2071 4605 2247 4676 ψυχὴν
2342 4606 2546 4674 ὑγείας.
2642 4607 2984 4676 Κρινόμενοι
3063 4607 3173 4676 γὰρ
3248 4607 3365 4662 ὑπὸ
3423 4606 3651 4676 Κυρίου

2077 4696 2490 4767 παιδευόμεθα,
2546 4699 2646 4751 ἵνα
2696 4698 2784 4767 μὴ
2829 4699 2953 4752 σὺν·
3003 4698 3083 4764 τῷ
3135 4700 3339 4769 κόσμῳ
3376 4715 3653 4768 κατακρι-

2078 4788 2284 4861 θῶμεν.

2167 5123 2261 5192 ξ66)
2294 5120 2462 5178 Vetus
2510 5121 2646 5177 liber
2682 5119 2841 5192 Voss.
2874 5120 3292 5192 καταλείπωσιν.

2173 5193 2262 5262 67)
2299 5195 2354 5246 In
2395 5193 2678 5263 impressis
2712 5191 2866 5246 libris
2898 5191 3076 5263 posita
3118 5192 3328 5262 virgula
3367 5200 3492 5263 erat
3526 5201 3649 5263 ante

2078 5261 2267 5319 vocem
2301 5261 2658 5333 εὐγνωμόνως
2688 5280 2706 5315 :-
2726 5277 2848 5330 quae
2872 5261 3023 5333 mala
3051 5261 3419 5332 interpunctio
3450 5262 3648 5333 malam

2080 5329 2581 5403 interpretationem
2624 5329 2929 5401 pepererat.
2963 5329 3259 5403 _Yirgulam
3311 5341 3491 5403 autem
3529 5332 3650 5384 loco

2081 5400 2372 5468 movimus,
2421 5418 2532 5458 non
2575 5400 2892 5471 conjectura
2947 5400 3124 5463 ducti.
3168 5403 3264 5457 sed
3311 5401 3467 5456 ﬁdem
3502 5408 3652 5455 vete-

2081 5489 2205 5529 rum
2243 5473 2506 5529 librorum
2559 5472 2751 5529 secuti.
2802 5471 2922 5526 Mox
2981 5487 3123 5528 unus
3171 5487 3275 5530 ms.
3333 5471 3652 5541 ἐπιμέλειαν

2078 5544 2265 5683 “bim
2301 5612 2484 5668 Codex
2518 5611 2677 5683 Voss.
2705 5611 2943 5683 τοιοῦτον
2978 5610 3278 5682 ἐναφιέναί’
3320 5611 3492 5668 Paulo
3527 5618 3652 5683 po“

2079 5682 2222 5743 idem
2261 5699 2357 5739 ms.
2393 5682 2736 5756 συναίσθησιν
2758 5682 2950 5738 ἐλθεῖν.
