4064 6238
342 384 470 440 “Si

1467 389 1769 446 REGULE
1810 392 2112 448 BHEVIUS
2152 392 2574 450 ΤΒΛΟΤΑΤᾸΞ.

3403 466 3409 477 ι
3461 395 3602 451 use

338 495 539 566 πολλῆς
571 496 948 567 περισκέψεως
980 497 1369 569 δοκιμάζεσθαι
1403 502 1539 572 πρὸς
1591 503 1646 555 τί
1691 503 1920 566 ἕκαστος

2025 504 2262 558 dendum
2291 513 2374 558 est
2410 515 2592 558 autem
2621 504 3106 574 circumspectius,
3137 504 3202 560 ad
3223 503 3355 575 quid
3369 505 3601 574 quisque

338 588 662 658 ἐπιτηδείως
689 587 822 658 ἔχει,
851 589 944 642 καὶ
976 589 1148 654 οὕτως
1185 593 1585 664 ἐγχειρίζεσθαι
1613 596 1790 648 ὁτιοῦν
1832 596 1918 666 ἕρ-

337 697 433 747 γον
463 679 599 748 (80)·
633 679 718 732 ἵνα
760 681 896 751 μήτε
932 681 982 732 οἱ
1025 683 1418 753 ἐγχειρίζοντες
1452 685 1512 737 τὸ
1559 685 1634 756 μὴ
1683 687 1919 758 ἁρμόζον

336 773 443 824 τινὶ
471 770 870 840 κατακριθῶσιν
899 772 975 835 ὡς
1010 775 1170 827 κακοὶ
1203 776 1477 846 οἰκονόμοι
1504 776 1610 829 τῶν
1640 795 1699 830 τε
1731 779 1918 849 ψυχῶν

338 857 432 908 καὶ
485 856 594 909 τῶν
646 857 874 910 ἐντολῶν
936 859 1028 912 τοῦ
1087 861 1329 932 Κυρίου,
1385 865 1522 935 μήτε
1579 867 1627 918 οἱ
1684 867 1922 940 ἐγχειρι-

339 947 554 1017 ζόμενοι
630 948 900 1019 πρόφασιν
971 952 1248 1023 ἁμαρτίας
1321 956 1570 1009 ἐντεῦθεν
1644 959 1918 1030 εὑρίσκειν

338 1037 580 1104 δόξωσιν.

879 1154 1214 1208 ΕΡΩἹῊΣΙΣ
1247 1158 1374 1208 PN'.

350 1238 493 1293 Ἐὰν
527 1240 595 1293 δὲ
629 1243 941 1312 ἀμελήσας
979 1245 1066 1318 μὴ
1118 1246 1201 1312 δῷ
1253 1246 1333 1311 τῷ
1361 1247 1601 1317 ἀδελφῷ
1648 1252 1720 1303 τὰ
1769 1250 1919 1318 πρὸς

938 1315 1053 1384 τὴν
1088 1319 1318 1385 χρείαν.

921 1427 1318 1482 ΑΠΟΚΡΙΣΙΣ.

410 1513 578 1567 Τοῦτο
608 1515 668 1568 τὸ
709 1519 882 1588 κρῖμα
932 1518 1165 1589 φανερὸν
1204 1520 1268 1572 ἐκ
1305 1519 1414 1572 τῶν
1445 1519 1538 1572 τοῦ
1580 1519 1784 1591 Κυρίου
1822 1522 1919 1591 ρη-

341 1605 547 1674 μάτων,
585 1607 831 1672 εἰπόντος
854 1625 867 1638 ·
902 1609 1281 1676 Πορεύσεσθε
1313 1611 1415 1663 ἀπ’
1445 1610 1592 1678 ἐμοῦ
1612 1650 1626 1673 ,
1675 1613 1729 1662 οἱ
1777 1627 1917 1662 κατ-

336 1698 640 1765 ηραμένοι,
671 1702 758 1764 εις
781 1699 846 1753 τὸ
869 1700 988 1767 πῦρ
1015 1698 1079 1752 τὸ
1102 1699 1362 1766 αἰώνιον,
1385 1699 1452 1753 τὸ
1475 1698 1918 1769 ’ἡτοιμασμένον

337 1784 419 1850 τῷ
445 1785 718 1856 διαϐόλῳ,
742 1791 842 1843 καὶ
874 1789 998 1856 τοῖς
1023 1790 1301 1860 ἀγγέλοις
1333 1791 1542 1845 αὐτοῦ.
1590 1790 1917 1844 Ἐπείνασα

339 1878 468 1946 γὰρ,
503 1880 600 1932 καὶ
646 1883 756 1934 οὐκ
798 1880 1055 1936 ἐδώκατέ
1071 1857 1185 1951 ⁷μοι
1223 1883 1462 1953 φαγεῖνο
1495 1883 1782 1951 ἐδίψησα,
1821 1883 1918 1935 καὶ
1948 1857 1993 1912 Β

337 1973 406 2026 τὰ
433 1972 592 2042 ἑξῆς·
640 1975 734 2026 καὶ
766 1975 849 2027 ὅτι
889 1975 1352 2044 Ἐπικατάρατος
1387 1972 1505 2041 πᾶς
1543 1977 1575 2027 ὁ
1610 1973 1797 2027 ποιῶν
1843 1972 1917 2026 τὰ

335 2067 480 2136 ἔργα
515 2067 664 2136 Kvpl
666 2085 738 2121 ου
771 2067 1026 2137 ἀμελῶς.

846 2180 1186 2235 ΕΡΩΤΗΣῙΣ
1219 2181 1315 2235 PN
1318 2183 1398 2236 A'.

335 2273 407 2327 El
435 2271 637 2338 ἔξεστι
676 2272 757 2338 τῷ
785 2274 1187 2398 ὑπηρετὲἓέτε
1221 2272 1373 2342 μετά
1405 2271 1612 2341 φωνῆς
1647 2268 1918 2340 μείζονος

1128 2361 1240 2396 ειν.

1128 2361 1240 2396 ειν.

929 2437 1321 2490 ΑΠΟΚΡΙΣΙΣ.
1383 2455 1387 2462 ε

406 2527 521 2596 Τῆς
550 2528 734 2598 φωνῆς
776 2527 839 2581 τὸ
878 2528 1076 2600 μέτρον
1103 2526 1274 2601 ὁρίζει
1302 2531 1334 2598 ἡ
1375 2527 1532 2599 χρεία
1558 2525 1667 2580 τῶν
1693 2525 1922 2580 ἀκουόν-

335 2634 463 2673 των.
496 2618 706 2673 Οὐκοῦν
756 2619 852 2673 ἐὰν
893 2619 990 2691 μὲν
1021 2619 1256 2673 ἐλάττων
1291 2614 1350 2692 ᾖ,
1380 2619 1455 2682 ὡς
1486 2618 1919 2690 νωθροτέρα.ὲγ-

337 2709 438 2779 γὺς
487 2712 604 2764 ἐστι
644 2711 1000 2784 ψιθυρισμοῦ,
1035 2711 1130 2764 καὶ
1165 2710 1566 2779 καταγνώσεως
1609 2709 1768 2776 ἀξίω
1821 2709 1918 2762 ἐὰν

335 2803 392 2856 δὲ
435 2805 574 2876 ὑπὲρ
617 2804 716 2874 τὴν
759 2804 968 2874 χρείαν,
1019 2802 1316 2874 δυναμένου
1365 2801 1460 2854 τοῦ
1505 2800 1794 2863 ἀκούοντος
1825 2801 1917 2853 καὶ

335 2892 518 2965 ἠρέμα
563 2893 853 2957 λαλοῦντος
899 2893 1150 2956 ἀκοῦσαι,
1183 2894 1398 2964 κραυγὴ
1445 2893 1653 2961 γίνεται
1697 2894 1729 2956 ἠ
1781 2908 1916 2943 κατ-

339 2983 655 3054 εγνωσμένη
681 3001 694 3014 ·
723 2983 878 3048 ἐκτὸς
905 2985 953 3034 εί
991 2986 1062 3053 μή
1099 2999 1198 3034 που
1229 2983 1291 3034 τὸ
1320 2980 1529 3052 νωθρὸν
1570 2979 1662 3033 τοῦ
1694 2978 1918 3032 ἀκούον-

337 3093 428 3140 τος
464 3079 542 3140 είς
571 3077 816 3148 ἀνάγκην
861 3077 1008 3145 ἡμᾶς
1037 3075 1233 3144 ἀγάγοι
1268 3075 1378 3146 (81)
1417 3077 1484 3144 τῇ
1533 3074 1748 3144 κραυγῇ
1780 3072 1917 3143 Χρή·

2023 595 2257 650 idoneus
2287 595 2379 661 sit,
2418 597 2607 666 sicque
2642 596 3099 651 committendum
3142 613 3340 652 munus
3383 597 3598 668 quodli-

2021 686 2135 748 bet,
2163 695 2224 740 ut
2258 687 2296 740 ii
2328 687 2420 756 qui
2447 688 2687 758 cuipiam
2718 688 3231 758 committuntquod
3263 689 3311 743 ei
3341 705 3449 743 non
3467 704 3601 744 con-

2019 780 2187 842 venit,
2220 795 2568 849 nequaquam
2598 780 2767 834 veluti
2799 780 2928 833 mali
2956 786 3011 835 et
3037 781 3345 834 animarum
3369 788 3423 835 et
3447 796 3602 835 man-

2019 866 2274 926 datorum
2311 871 2528 926 Domini
2563 871 2980 941 dispensatores
3011 871 3462 934 condemnentur,
3497 886 3601 926 nec

2019 964 2056 1017 ii
2114 979 2336 1034 quoque
2379 965 2582 1034 quibus
2628 979 2830 1018 munus
2864 963 3250 1026 committitur,
3302 963 3599 1018 excusandi

2020 1057 2228 1126 peccati
2261 1056 2530 1111 rationem
2566 1056 2697 1109 hinc
2732 1055 2982 1109 invenire
3014 1053 3325 1110 videantur.

2478 1163 3004 1221 INTERROGATIO
3033 1163 3139 1219 CL.

2080 1257 2140 1311 Si
2168 1272 2231 1310 ea:
2267 1257 2589 1327 negligentia
2632 1273 2736 1309 non
2770 1255 2976 1309 dederit
3019 1254 3180 1323 fratri
3225 1253 3542 1308 necessaria.

2627 1429 3032 1486 RESPONSIO.

2091 1525 2206 1579 Hoc
2227 1525 2501 1594 judicium
2545 1523 2896 1580 manifestum
2925 1533 3008 1577 est
3036 1539 3103 1578 ex
3136 1523 3319 1576 verbis
3360 1519 3597 1587 Domini,

2013 1618 2110 1688 qui
2147 1617 2323 1671 dixit:
2351 1615 2616 1670 Discedite
2656 1633 2688 1668 a
2728 1633 2828 1679 me,
2862 1613 3150 1678 maledicti,
3177 1614 3230 1666 in
3261 1614 3427 1682 ignem
3450 1622 3601 1666 teter-

2017 1726 2166 1773 num,
2187 1710 2276 1780 qui
2291 1697 2512 1778 paratus
2543 1718 2619 1762 est
2650 1707 2886 1773 diabolo,
2915 1715 2965 1760 et
2992 1705 3193 1774 angelis
3223 1704 3359 1773 ejus.
3385 1703 3598 1757 Esurivi

2017 1803 2180 1865 enim,
2213 1809 2262 1855 et
2291 1817 2397 1854 non
2428 1799 2649 1854 dedistis
2677 1798 2809 1852 mihi
2831 1796 3165 1851 manducare
3192 1811 3209 1849 :
3233 1796 3395 1857 sitivi,
3424 1806 3472 1849 et
3496 1811 3598 1848 non

2021 1880 2240 1948 dedistis
2263 1893 2390 1946 mihi
2417 1900 2598 1962 potum
2619 1890 2685 1955 ¹³,
2713 1897 2821 1946 etc.
2858 1888 2992 1944 Item
3031 1903 3099 1942 ex
3127 1887 3214 1942 his
3239 1887 3400 1940 dictis
3434 1905 3447 1939 :
3483 1883 3604 1937 Ma-

2023 1986 2244 2041 ledictus
2267 1986 2436 2039 omnis
2477 1985 2567 2054 qui
2595 1984 2724 2053 facit
2762 1998 2922 2052 opera
2960 1980 3169 2036 Domini
3199 1979 3513 2050 negligenter
3535 1976 3600 2030 l‘.

2371 2179 2538 2252 466
2568 2178 3087 2236 INTERROGATIO
3113 2179 3244 2235 CLI.

2223 2274 2305 2326 An
2325 2275 2654 2328 ministranti
2683 2274 2837 2328 liceat
2865 2290 2984 2327 voce
3023 2274 3210 2328 altiore
3251 2272 3413 2342 loqui.

2603 2449 2874 2506 RESPON
2885 2449 3010 2506 SlO.

2094 2539 2261 2596 Vocis
2310 2539 2532 2595 modum
2587 2540 2823 2611 praeﬂuit
2875 2541 3214 2596 audientium
3263 2541 3592 2595 necessitas.

2024 2634 2207 2701 Quare
2234 2648 2298 2688 ea
2330 2634 2377 2687 si
2415 2634 2489 2688 sit
2515 2633 2867 2697 submissior,
2896 2640 3158 2702 tanquam
3195 2631 3506 2703 languidior
3533 2630 3604 2686 ad

2025 2739 2314 2782 susurrum
2357 2739 2526 2794 prOpe
2562 2724 2794 2789 accedit,
2845 2732 3010 2794 atque
3055 2722 3438 2794 redarguenda
3483 2734 3600 2788 est;

2026 2812 2112 2868 sin
2167 2821 2347 2869 autem
2375 2816 2539 2870 altior
2573 2817 2643 2870 sit
2671 2818 2811 2872 citra
2849 2817 3254 2880 necessitatem,
3299 2831 3422 2870 cum
3453 2817 3606 2871 scili-

2026 2911 2113 2957 cet
2135 2904 2181 2958 is
2215 2905 2309 2974 qui
2335 2905 2508 2969 audit,
2533 2906 2700 2960 etiam
2727 2907 3062 2962 submissius
3085 2907 3391 2976 loquentem
3420 2914 3604 2975 posset

2026 2997 2238 3065 audire,
2282 3009 2414 3053 tunc
2458 3001 2504 3054 is
2537 3001 2630 3069 qui
2665 2999 2956 3054 damnatus
2993 3007 3096 3066 est,
3129 3002 3337 3053 clamor
3362 3000 3401 3029 ¹⁵
3437 2998 3604 3051 eﬂici-

2026 3096 2134 3156 tur,
2169 3090 2278 3144 nisi
2309 3090 2584 3145 audientis
2624 3091 2854 3160 languor
2883 3107 2946 3145 eo
2978 3090 3324 3145 necessitatis
3367 3104 3468 3144 nos
3509 3089 3603 3141 ad-

341 3170 555 3232 σασΘαι,
588 3171 681 3224 καὶ
719 3169 910 3239 ὥσπερ
944 3169 1004 3233 ἐξ
1033 3169 1200 3221 ὕπνου
1229 3168 1414 3221 τοῦτον
1442 3167 1721 3239 διεγεῖραι.
1750 3167 1919 3219 Τοῦτο

2025 3182 2213 3245 ducat,
2267 3190 2327 3235 ut
2362 3183 2604 3238 clamore
2646 3193 2888 3246 utamur,
2935 3184 3128 3253 sicque
3161 3198 3286 3237 cum
3324 3182 3490 3236 veluti
3535 3197 3603 3236 cx

338 3259 445 3331 γὰρ
476 3261 568 3313 καὶ
608 3261 637 3312 ὁ
685 3259 891 3331 Κύριος
940 3261 1174 3330 ποιήσας
1222 3261 1535 3330 ἱστορεῖται,
1583 3258 1658 3321 ὥς
1691 3275 1853 3328 φησιν
1893 3261 1920 3311 ὁ

2027 3289 2221 3328 somno
2276 3274 2604 3330 excitemus.
2650 3274 2765 3330 Hoc
2802 3275 2947 3330 enim
2986 3283 3039 3330 et
3093 3273 3356 3328 Dominus
3406 3272 3605 3328 fecisse

338 3351 762 3422 εὐαγγελιστής·
809 3351 1040 3418 Ἰησοῦς
1073 3351 1140 3404 δὲ
1175 3351 1415 3419 ἔπραξε,
1457 3351 1555 3404 καὶ
1589 3347 1790 3403 εἶπεν·
1859 3351 1920 3402 '0

2022 3373 2378 3428 memoratur,
2415 3369 2560 3420 velut
2587 3368 2663 3420 ait
2686 3369 3022 3438 evangelista
3060 3388 3073 3422 :
3113 3365 3270 3421 Jesus
3299 3377 3473 3421 autem
3491 3368 3605 3421 cla-

337 3443 640 3496 πιστεύων
672 3446 759 3509 εὶς
790 3442 895 3512 ἐμὲ
935 3445 1008 3496 οὐ
1059 3444 1330 3496 πιστεύει
1370 3443 1458 3508 είς
1491 3441 1616 3512 ἐμὲ,
1653 3443 1789 3496 ἀλλ’
1833 3444 1922 3507 εἰς

2023 3458 2206 3520 ηιαυὶι,
2251 3467 2300 3511 et
2327 3459 2505 3512 dixit:
2544 3459 2647 3524 Qui
2681 3459 2847 3512 credit
2873 3462 2926 3512 in
2951 3477 3053 3524 me,
3088 3477 3190 3512 non
3209 3460 3373 3513 credit
3412 3461 3464 3513 in
3503 3476 3602 3526 me,

341 3531 447 3586 τὸν
473 3533 795 3603 πέμψαντά
817 3551 914 3603 με.

2022 3548 2111 3599 sed
2142 3549 2195 3599 in
2218 3564 2336 3601 eum
2369 3550 2457 3618 qui
2484 3548 2628 3601 misit
2659 3565 2738 3601 me
2763 3551 2831 3601 ”.

852 3647 1188 3700 ΕΡΩΤΗΣΙΣ
1235 3647 1407 3702 PNB'.

2458 3658 2981 3714 INTERROGATIO
3011 3659 3167 3716 CLII.

355 3733 497 3789 Ἐάν
531 3733 639 3821 τις,
672 3738 788 3821 τὴν
813 3739 880 3817 ἐξ
911 3741 1233 3821 ἐφημερίας
1249 3740 1601 3821 ,ὑπηρεσίαν
1629 3738 1795 3821 ἐπίτεξ)
1809 3758 1922 3821 μᾳ-

2023 3749 2084 3805 Si
2114 3752 2230 3820 quis
2264 3753 2368 3805 vice
2398 3769 2495 3805 sua
2521 3752 2644 3804 dum
2679 3753 2869 3805 culinae
2891 3751 2983 3804 dat
3009 3768 3240 3821 operam,
3269 3768 3434 3820 supra
3465 3752 3601 3806 uires

412 3810 648 3878 τειρείῳγ
679 3809 946 3876 πληρῶν,
989 3811 1140 3878 ὑπὲρ
1190 3810 1449 3878 δύναμιν
1481 3809 1637 3878 κάμῃ
1679 3811 1812 3878 (8‘2),
1841 3810 1922 3874 ὡς

413 3877 834 3950 ἐμποδίζεσθαι
886 3881 1074 3933 αὐτὸν
1104 3877 1220 3934 επὶ
1258 3877 1488 3950 ἡμέρας,
1528 3877 1630 3946 είς
1658 3877 1725 3934 τὸ
1771 3877 1923 3934 κατὰ

411 3947 741 4019 συνήθειαν
805 3949 1012 4019 ἔργον,
1075 3953 1128 4002 εί
1178 3947 1495 4017 δεῖαύτῷ
1569 3950 1922 4005 ἐπιτάσσειν

413 4017 528 4086 τὴν
560 4020 842 4088 τοιαύτην
885 4017 1245 4087 ὑπηρεσίαν.

933 4111 1324 4164 ΑΠΟΚΡΙΣΙΣ,

414 4198 670 4271 Εἴρηται,
709 4203 791 4255 ὅτι
824 4203 905 4255 δεῖ
930 4203 1021 4255 τὸν
1069 4203 1549 4274 ἐγκεχειρισμένον
1581 4204 1680 4275 τὴν
1714 4205 1922 4258 οἰκονο-

347 4289 476 4360 μίαν
503 4292 610 4344 τῶν
658 4292 834 4364 ἔργων
867 4294 1280 4364 ὲστοχασμὲνως
1312 4296 1410 4366 τῆς
1456 4312 1514 4348 τε
1549 4297 1922 4367 ἐπιτηδειότη-

340 4397 436 4446 τος
485 4384 579 4437 καὶ
621 4384 722 4454 τῆς
769 4384 1051 4456 δυνάμεως
1088 4386 1181 4438 τοῦ
1212 4386 1579 4457 ἐργαζομένου
1612 4386 1817 4440 τυποῦν
1854 4387 1923 4440 τὰ

344 4472 715 4543 ἐπιτάγματα,
756 4475 830 4548 μὴ
869 4477 1074 4548 ἀκούσῃ
1097 4497 1108 4508 ·
1155 4478 1219 4531 '0
1250 4477 1548 4532 πλάσσων
1595 4480 1789 4531 κόπον
1822 4479 1919 4532 ἐπὶ

2088 3821 2312 3884 laboret,
2369 3821 2499 3875 adeo
2536 3831 2590 3874 ut
2617 3838 2708 3888 per
2733 3823 2841 3876 dies
2864 3823 3062 3892 aliquot
3097 3840 3128 3874 a
3151 3824 3306 3876 solito
3325 3837 3473 3890 opere
3505 3822 3603 3874 im-

2092 3892 2364 3960 pediatur,
2403 3893 2638 3961 nunquid
2664 3897 2935 3946 conveniat
2969 3894 3167 3960 imponi
3197 3893 3316 3946 huic
3345 3892 3609 3962 ejusmodi.

2095 3978 2306 4017 munus.

2611 4114 3012 4172 RESPONSIO.

2095 4207 2306 4262 Dictum
2336 4215 2418 4260 est
2453 4215 2726 4276 oportere.
2761 4213 2818 4259 ut
2862 4207 2950 4260 cui
2989 4221 3220 4277 operum
3266 4206 3606 4278 dispensatio

2024 4300 2266 4371 delegata
2295 4309 2397 4363 est,
2432 4300 2477 4354 is
2508 4300 2661 4368 prius
2705 4299 3010 4353 babilitatis
3040 4307 3096 4354 et
3122 4298 3316 4354 virium
3354 4299 3609 4354 laboran-

2026 4399 2095 4453 tis
2115 4395 2299 4450 habila
2319 4393 2552 4457 ratione,
2573 4390 2828 4445 mandata
2865 4407 2963 4446 sua
2986 4391 3207 4462 dirigat,
3233 4402 3291 4445 ut
3322 4407 3390 4446 ne
3423 4393 3609 4446 audiat

2023 4486 2158 4542 illud
2197 4505 2210 4539 :
2245 4484 2350 4551 Qui
2375 4484 2532 4552 ﬁngis
2563 4481 2798 4536 laborem
2837 4483 2894 4535 in
2937 4493 3257 4552 prwceptum
3280 4482 3343 4536 ιτ.
3378 4481 3608 4536 Verum-

346 4564 700 4634 πρόσταγμα
729 4566 884 4638 ’(85).
922 4570 994 4622 Οὐ
1055 4569 1145 4623 τὸν
1196 4569 1444 4640 μέντοιγε
1497 4570 1921 4640 ἐπιτεταγμένον

2030 4591 2208 4633 tamen
2229 4575 2494 4646 refragari
2519 4591 2627 4628 non
2646 4573 2824 4640 debet,
2843 4574 2931 4628 cui
2951 4574 3136 4627 datum
3149 4581 3234 4629 est
3251 4577 3563 4628 mandatum
3589 4589 3604 4627 :

345 4654 454 4726 χρὴ
501 4655 831 4726 ἀντιλέγειν·
871 4660 903 4729 ἡ
943 4659 1052 4730 γὰρ
1082 4661 1298 4730 ὑπακοὴ
1340 4662 1501 4732 μέχρι
1546 4660 1778 4714 θανάτου
1811 4660 1922 4731 ἔχει

2031 4668 2480 4742 quandoquidem
2527 4666 2836 4721 obedientia
2868 4664 2936 4719 ad
2970 4674 3203 4721 mortem
3247 4681 3420 4735 usque
3459 4665 3608 4718 limi-

345 4747 438 4800 τὸν
467 4749 612 4819 ὅρον.
1043 4825 1048 4830 1

860 4843 1192 4895 ΕΡΩΤΗΣΙΣ
1245 4845 1416 4898 ΡΝΓ¹.

360 4933 431 4988 Ἦ
455 4934 528 4988 τὰ
553 4934 682 5012 ἔρια
712 4936 1104 5012 πιστῳθεῖσα
1143 4936 1704 5012 πῶς-ὀφείλει-αὑτὰ
1740 4939 1925 5009 ἔχειν,

574 5005 700 5070 πῶς
735 5005 1060 5075 προσέχειν
1091 5007 1221 5072 ταῖς
1261 5006 1692 5079 ἐργαζομέναις.

946 5185 1339 5239 ΔΠΟΚΡΙΣΙΣ.

423 5272 504 5328 Τὰ
542 5272 639 5343 μὲν
682 5272 806 5344 ἔρια
846 5274 924 5338 ὡς
986 5275 1455 5346 παρακαταθήκην
1516 5271 1652 5325 Θεοῦ
1711 5287 1933 5324 πιστευ-

431 5389 474 5420 ¹³
506 5387 694 5442 Matth.
725 5405 855 5453 xxv,
889 5389 979 5456 41,
1013 5390 1104 5444 42.
1183 5389 1228 5421 ιδ
1255 5387 1456 5445 Jerem.
1499 5403 1688 5454 vam,
1733 5386 1820 5442 10.
1899 5387 1914 5417 ¹

2022 5385 2170 5457 pbes.
2211 5400 2284 5448 Iv,
2319 5383 2408 5437 51.

427 5505 539 5582 (89)
604 5505 734 5582 Reg.
793 5507 1003 5582 primus
1056 5510 1150 5562 ml.
1204 5508 1376 5582 οὕτως
1423 5507 1835 5582 ἐγχειρίζεσθαι-
1872 5509 1933 5560 τὸ

2031 4775 2114 4820 tes
2141 4778 2271 4818 suos
2297 4759 2562 4818 extendit.
2993 4812 3000 4820 I

2464 4848 2982 4906 INTERROGATIO
3009 4847 3184 4905 CLIII.

2037 4947 2312 5016 Quomodo
2341 4963 2422 5010 ea,
2445 4942 3268 5016 cuilance_fuerutttconcreditae,
3291 4939 3387 4994 has
3425 4939 3609 4994 debeat

2104 5034 2332 5081 servare,
2375 5026 2426 5070 et
2462 5013 2722 5086 quomodo
2758 5012 2941 5067 debeat
2982 5014 3047 5066 iis
3070 5029 3185 5083 quw
3205 5021 3486 5080 operantur
3527 5023 3614 5063 at-

2109 5089 2333 5143 tendere.

2627 5173 3026 5230 RESPONSIO.

2113 5267 2308 5325 Servet
2338 5269 2513 5333 lanas,
2553 5276 2812 5336 tanquam
2872 5279 2995 5334 quae
3048 5261 3214 5318 fuerit
3251 5263 3613 5318 custodiendo

2489 5381 2532 5412 ’⁸
2563 5378 2722 5434 Joan.
2760 5394 2856 5444 xu,
2891 5377 2982 5432 44.
3061 5378 3101 5408 ¹⁷
3138 5376 3281 5431 Psal.
3317 5393 3472 5442 xcm,
3503 5377 3597 5433 9.0.

2112 5504 2224 5585 (82)
2265 5501 2488 5585 Veteres
2512 5499 2620 5585 duo
2634 5499 2766 5585 libri
2798 5515 2922 5578 cum
2961 5496 3381 5585 νοεε.“δύειαμιν
3405 5498 3612 5585 καμνῃ.

358 5566 596 5655 ἁρμόζον
621 5566 766 5655 φιῦιδ
795 5566 888 5631 ἶνα
917 5579 991 5650 μὴ
1019 5566 1392 5655 κατακριθῶσι
1411 5566 1555 5655 μῆίξε
1581 5566 1922 5655 διὀἰκονόμοι

2041 5566 2152 5655 Nec
2187 5566 2260 5627 iia
2291 5573 2612 5655 multo‘post
2633 5570 2764 5655 R'eg.
2801 5569 3011 5640 primus
3039 5577 3093 5623 et
3118 5566 3274 5624 Voss.
3293 5566 3617 5624 ’ἐπιτάσσειν

359 5641 469 5698 τῶν
517 5665 578 5701 τε
605 5647 813 5720 ψυχῶν,
846 5641 991 5718 ειό.,’
1031 5641 1250 5705 brevius
1298 5641 1538 5721 quidem,
1583 5652 1677 5706 sed
1714 5664 1822 5705 non
1844 5641 1922 5705 "ita

2041 5642 2424 5721 TﬁVA'iQtaé‘tnv-
2439 5641 2770 5721 οἰκονομίαν.

359 5727 542 5859 reﬁgi.)
575 5788 706 5862 Reg.
745 5791 953 5864 primus
982 5798 1034 5845 et
1062 5789 1215 5846 Colb.
1249 5791 1392 5862 ἡμᾶς
1418 5791 1618 5866 ἀγάγῃ.

2113 5714 2226 5784 (85)
2286 5707 2448 5784 Εὰἷιί,
2479 5707 2688 5784 (ξι-,ᾳρρ
2738 5708 3011 5784 πιδεηὲςπὶ
3067 5707 3411 5784 πρόσταγμα.
3445 5708 3516 5765 At
3556 5709 3616 5767 in

2043 5778 2274 5844 Coleet
2313 5783 2455 5856 apud
2490 5780 2633 5838 LXX
2663 5781 2858 5854 legitur
2881 5779 2972 5833 ἐπὶ
3000 5778 3402 5850 προστάγματι..
