4064 6238
456 363 595 421 1135

1869 359 1926 415 S.
1971 359 2215 416 BASlLll
2251 363 2462 417 MAGNI

3577 365 3717 423 1186

455 477 552 534 Dei
588 477 838 547 deposito
869 474 1162 547 praelecta;
1202 475 1497 545 unicuique
1529 481 1712 526 autem
1765 472 1942 525 sorori
1974 471 2035 525 ci-

2148 473 2336 527 θεῖσα·
2391 475 2741 543 ἀφιλονείκως
2785 481 2842 528 οε
2890 476 2983 530 καὶ
3028 477 3546 549 ἀπροσωπολήπτως
3587 483 3717 535 ἑκά-

454 580 539 628 tra
574 570 736 636 ullam
760 569 1200 634 contentionem,
1248 568 1528 636 ullamque
1560 579 1920 634 personarum
1961 576 2040 614 ra-

453 667 660 722 tionem
692 677 833 734 opus
861 661 1146 732 proprium
1179 661 1509 730 assignabit,
1542 666 1704 728 atque
1727 654 2036 711 distribuet.

871 774 1397 831 INTERROGATIO
1433 771 1613 828 CLIV.

454 869 515 926 Si
536 870 672 939 forte
693 868 907 940 quando
930 870 1088 936 pauci
1139 877 1260 922 sunt
1301 868 1523 940 fratres,
1537 875 1585 919 et
1611 863 1900 940 inserviunt
1921 859 2041 925 plu-

525 937 667 994 ribus
707 937 1002 998 sororibus,
1043 957 1104 993 eo
1131 940 1458 1011 necessitatis
1491 937 1790 1011 deveniunt,
1833 940 2038 1011 ut‘ase

525 1011 743 1064 invicem
790 1019 1123 1079 separentur.
1156 1021 1334 1078 utpote
1365 1008 1432 1062 ad
1457 1009 1660 1078 agenda
1682 1018 1834 1071 opera
1860 999 2036 1065 divisi,

521 1080 646 1135 idne
675 1080 913 1150 periculo
944 1092 1094 1134 vacat
1112 1083 1137 1135 ?

1058 1251 1461 1309 RESPONSIO.

523 1351 579 1406 Si
604 1367 736 1408 cura
771 1353 885 1407 hzec
928 1369 957 1406 a
990 1351 1207 1407 DOmini
1255 1351 1513 1404 mandato
1554 1342 1753 1414 accipit
1789 1337 2040 1394 testimo-

452 1445 625 1507 nium,
657 1453 710 1499 et
735 1444 1037 1499 secundum
1069 1442 1238 1498 Deum
1268 1441 1624 1512 impenditur,
1650 1433 1883 1506 quilibet
1908 1443 2039 1498 ope-

450 1537 689 1588 rantium
738 1537 792 1589 in
827 1552 927 1594 suo
967 1551 1133 1605 opere
1161 1536 1340 1605 placet
1372 1533 1502 1586 Deo.
1559 1533 1805 1600 Ipsorum
1858 1532 2038 1576 autem

451 1626 768 1694 conjunctio
795 1628 937 1682 inter
957 1643 1015 1682 se
1045 1627 1206 1699 467
1233 1628 1286 1680 in
1312 1641 1376 1681 eo
1409 1625 1586 1694 posita
1614 1627 1718 1682 est,
1762 1616 1806 1671 si
1848 1623 2040 1699 omnes

451 1718 737 1773 unanimes
767 1721 896 1782 sint,
933 1697 1233 1773 sentientes
1272 1717 1436 1781 idem,
1466 1713 1758 1782 implentes
1792 1701 1941 1776 quod
1971 1697 2040 1751 ab

451 1810 710 1880 Apostolo
763 1810 972 1864 dictum
1029 1819 1113 1865 est
1158 1829 1170 1862 :
1215 1807 1358 1860 Nam
1392 1817 1438 1860 et
1488 1807 1534 1860 si
1580 1817 1794 1870 corpore
1850 1797 2038 1851 absens

449 1901 699 1966 sum,sed
738 1902 929 1972 spiritu
970 1904 1236 1957 vobiscum
1260 1900 1459 1955 sum“.

877 2091 1397 2148 INTERROGATIO
1427 2090 1580 2150 CLV.

452 2186 889 2258 Quandoquidem
947 2203 1042 2241 nos
1095 2186 1184 2256 qui
1228 2187 1282 2239 in
1329 2184 1558 2253 hospitio
1579 2181 1819 2258 inﬁrmis
1867 2181 2036 2258 inser-

518 2250 710 2320 rirnus;
753 2259 1030 2312 edocemur
1078 2250 1154 2309 ita
1199 2250 1707 2324 operam—praebere,
1734 2252 1887 2323 quasi
1930 2250 2036 2324 Dof

518 2329 646 2382 mini
677 2329 935 2396 fratribus
971 2322 1263 2382 serviamus
1296 2344 1313 2379 :
1338 2327 1384 2378 si
1427 2322 1551 2378 talis
1583 2341 1687 2377 non
1732 2322 1891 2390 fuerit
1945 2322 2032 2374 cui

518 2400 892 2465 ministratur,
937 2399 1198 2468 quomodo
1232 2397 1387 2451 illum
1423 2397 1668 2449 debemus
1717 2408 1918 2446 curare.

1039 2572 1444 2630 RESPONSIO.

515 2664 652 2720 Cum
707 2665 969 2719 Dominus
1004 2665 1203 2720 dixerit
1241 2685 1254 2720 :
1317 2665 1627 2736 Quicunque
1657 2662 1796 2716 enim
1853 2661 2034 2719 fecerit

447 2756 764 2812 voluntatem
798 2757 981 2811 Patris
1015 2758 1136 2822 mei,
1175 2757 1264 2827 qui
1323 2758 1376 2810 in
1433 2756 1578 2809 caelis
1626 2764 1724 2817 est,
1759 2753 1843 2806 hic
1888 2768 2032 2806 meus

445 2849 635 2918 frater,
687 2858 734 2902 et
791 2865 966 2910 soror,
998 2857 1046 2901 et
1101 2856 1274 2902 mater
1313 2856 1391 2900 est
1415 2847 1476 2911 ¹⁹,
1527 2845 1572 2901 si
1604 2847 1730 2915 quis
1759 2842 2034 2914 ejusmodi

447 2954 555 2993 non
586 2939 769 3001 fuerit,
825 2939 920 2994 sed
957 2947 1212 3008 peccator
1246 2953 1369 2992 esse
1402 2936 1878 3004 deprehendatur,
1925 2933 2030 2987 sit-

442 3044 552 3100 que
581 3029 780 3100 dignus
829 3029 1101 3084 sententia
1137 3029 1231 3082 illa
1271 3047 1284 3082 :
1322 3026 1508 3082 Omnis
1534 3028 1624 3097 qui
1672 3026 1801 3095 facit
1842 3040 2030 3094 pecca-

448 3131 579 3184 tum,
615 3137 791 3175 servus
849 3131 927 3175 est
957 3121 1161 3190 peccati
1192 3120 1262 3184 ’°,
1297 3119 1537 3190 primum
1577 3119 1797 3188 quidem
1827 3118 2028 3172 cohor-

2143 583 2243 638 στῃ
2290 567 2490 638 ἀδελφῇ
2543 567 2602 620 τὸ
2652 569 2848 620 οἰκεῖον
2886 567 3046 640 ἔργον
3087 568 3332 622 τυποῦσα
3381 572 3474 624 καὶ
3515 575 3720 627 οἰκονο-

2143 659 2318 712 ιιοῦσα
2353 659 2487 730 (84).
2560 710 2568 717 .

2651 754 2986 807 ΕΡΩΤΗΣΙΣ
3028 754 3196 806 ΡΝΔ’.

2152 844 2293 897 Ἐὰν
2316 843 2518 915 συμϐῇ
2552 845 2795 914 ὀλίγους
2822 845 3001 911 ὄντας
3037 844 3360 915 ἀδελφοὺς,
3385 847 3484 899 καί
3513 848 3719 900 πλείο-

2209 931 2313 968 σιν
2353 913 3282 984 ἀδελφαῖςἐξυπηρετουμένοὺς,
3313 920 3400 982 είς
3444 917 3722 985 ἀνάγκην

2205 985 2520 1056 ἐμπίπτειν
2573 986 2679 1040 τοῦ
2712 986 3054 1040 διίστασθαι
3094 987 3196 1039 ἀπ’
3241 985 3532 1052 ἀλλήλων
3579 987 3716 1056 (85),

2204 1053 2719 1134 (Stapfpté'oyérovc
2747 1055 2894 1125 πρὸς
2919 1058 2990 1110 τὰ
3014 1057 3180 1127 ἔργα,
3215 1059 3268 1111 εί
3297 1053 3629 1112 ἀκινδυνον
3648 1053 3718 1111 τὸ

2205 1141 2493 1180 τοιουτον.

2729 1239 3120 1295 ΔΠΟΚΡΙΣῙΣ.

2206 1331 2270 1384 Εἰ
2305 1333 2338 1402 ἡ
2377 1333 2598 1402 φροντὶς
2628 1333 2731 1386 ὑπὸ
2763 1332 2863 1403 τῆς
2901 1333 3119 1403 ἐντολῆς
3161 1331 3254 1386 τοῦ
3279 1332 3483 1403 Κυρίου
3510 1349 3722 1402 μαρτυ-

2141 1423 2332 1492 ρεῖται,
2368 1423 2463 1475 καὶ
2493 1422 2632 1476 κατὰ
2671 1424 2804 1478 Θεὸν
2858 1427 3191 1489 ὲκπονείται,
3223 1424 3438 1495 ἑκάστῳ
3479 1423 3578 1494 μὲν
3609 1423 3722 1476 τῶν

2138 1512 2522 1585 ἐργαζομένων
2552 1519 2609 1570 ὲν
2639 1517 2716 1586 τῷ
2749 1517 2864 1588 ίδίῳ
2912 1517 3058 1588 ἔργῳ
3104 1519 3138 1588 ἡ
3169 1517 3305 1590 πρὸς
3346 1518 3478 1571 Θεὸν
3531 1517 3724 1586 εὐαρέ-

2141 1621 2327 1674 στησις
2365 1607 2722 1680 κατορθοῦται
2747 1628 2760 1640 ·
2797 1611 2829 1681 ἡ
2863 1609 2918 1662 δὲ
2955 1609 3144 1680 ἑνότης
3180 1608 3360 1662 αὐτῶν
3391 1608 3526 1681 πρὸς
3553 1608 3722 1679 ἀλλή-

2139 1695 2284 1760 λους,
2319 1699 2377 1750 ἐν
2423 1697 2502 1769 τῷ
2538 1697 2676 1754 εἶναι
2719 1701 2914 1765 αὐτοὺς
2954 1703 3080 1765 τοὺς
3122 1702 3332 1765 πάντας
3376 1700 3720 1772 συμψύχουςν

2136 1787 2198 1841 τὸ
2229 1783 2288 1842 ἒν
2330 1791 2682 1861 φρονοῦντας,
2714 1793 3056 1864 πληροῦντας
3089 1793 3151 1845 τὸ
3188 1794 3291 1848 ὑπὸ
3321 1793 3414 1847 τοῦ
3467 1795 3727 1846 Ἀποστό-

2064 1853 2108 1914 Β
2136 1880 2229 1932 λου
2261 1853 2548 1952 εἰρημένον
2569 1901 2581 1915 ·
2715 1853 2949 1953 reﬁxa:
2978 1853 3054 1952 τῆ
3089 1883 3268 1954 σαρκὶ
3299 1885 3516 1954 ἄπειμι,
3555 1884 3723 1940 ἀλλὰ

2132 1971 2214 2038 τῷ
2241 1976 2532 2046 πνεύματι
2567 1977 2689 2030 σὺν
2715 1977 2858 2047 ὑμῖν
2901 1979 3019 2046 εἰμι
3050 1977 3181 2049 (86).

2648 2092 2986 2144 ΕΡΩΤΗΣΙΣ
3018 2092 3190 2145 ΡΝΕ’.

2148 2182 2391 2254 Ἐπειδὴ
2419 2182 2824 2251 διδασκόμεθα
2843 2187 2899 2236 οἱ
2922 2185 3364 2254 ὑπηρετοῦντες
3389 2185 3513 2252 τοῖς
3538 2186 3609 2238 ἐν
3637 2183 3721 2250 τῷ

2206 2252 2564 2323 ξενοδοχείῳ
2613 2254 2942 2322 ἀρῤώστοις
2975 2252 3128 2322 μετὰ
3179 2258 3458 2322 τοιαύτης
3517 2254 3718 2309 διαϐάς

2203 2337 2360 2389 σεως
2437 2324 2776 2391 ὑπηρετεῖν,
2845 2325 2924 2394 ὡς
2993 2326 3279 2394 ᾀδελφοῖς
3328 2327 3438 2380 τοῦ
3493 2325 3719 2392 Κυρίου

2203 2396 2288 2445 ὑπ
2322 2394 2698 2466 ηρετοῇντες,
2729 2396 2836 2448 ἐὰν
2858 2393 2942 2464 μὴ
2974 2391 3016 2466 ᾖ
3045 2391 3355 2466 amoene
3384 2391 3721 2466 ὑπηρετού-

2198 2480 2402 2532 μενος,
2439 2462 2563 2529 πῶς
2589 2462 2911 2536 ὀφείλομεν
2937 2462 3098 2531 αὖτῷ
3125 2468 3450 2536 προσέχειν
3473 2465 3607 2537 (87).

2724 2582 3120 2639 ΑΠΟΚΡῙΣΙΣ.

2206 2672 2313 2725 Τοῦ
2339 2673 2545 2745 Κυρίου
2576 2674 2851 2737 εἰπόντος·
2882 2676 2986 2740 Ὃς
3020 2673 3129 2743 γὰρ
3155 2674 3232 2728 ἂν
3257 2673 3486 2742 ποιήσῃ
3517 2674 3585 2728 τὸ
3617 2675 3718 2729 θέ-

2134 2765 2297 2832 λημα
2348 2763 2456 2817 τοῦ
2495 2763 2726 2830 Πατρός
2778 2781 2898 2832 μου
2947 2763 3052 2817 τοῦ
3084 2763 3154 2817 ἐν
3191 2762 3490 2830 οὐρανοῖς,
3537 2758 3723 2829 οὗτός

2130 2871 2248 2924 μου
2269 2853 2555 2924 ἀδελφὸς,
2588 2855 2686 2908 καὶ
2721 2854 2978 2925 ἀδελφὴ,
3010 2857 3105 2912 καί
3133 2855 3331 2925 μήτηρ
3359 2856 3492 2908 ἐστι
3514 2871 3525 2882 °
3558 2857 3608 2907 εί
3644 2855 3722 2927 μὴ

2135 2946 2248 2999 ἐστι
2287 2964 2372 3010 τις
2405 2947 2670 3014 τοιοῦτος,
2698 2949 3031 3022 ἁμαρτάνων
3053 2949 3110 3002 δὲ
3139 2948 3420 3019 ἐλέγχεται
3445 2947 3596 3013 ἄξιος
3643 2946 3721 3001 ὢν

2133 3040 2232 3111 τῆς
2279 3040 2608 3109 ἀποφάσεως
2641 3042 2886 3111 ἐκείνης,
2922 3043 3005 3096 ὅτι
3058 3041 3120 3094 ’0
3161 3039 3349 3094 ποιῶν
3379 3041 3494 3108 τὴν
3532 3043 3725 3110 ἀμαρο

2133 3131 2267 3182 τίαν
2293 3129 2510 3197 δοῦλός
2532 3132 2664 3185 ἐστι
2694 3131 2806 3200 τῆς
2834 3131 3125 3200 ἁμαρτίας
3145 3149 3158 3161 ·
3185 3131 3401 3203 πρῶτον
3422 3131 3521 3202 μὲν
3541 3147 3726 3201 παρα-

446 3212 652 3266 latione
674 3221 837 3281 atque
868 3213 1243 3267 admonitione
1270 3211 1508 3282 praefecti
1543 3212 1768 3282 indiget.
1823 3210 1929 3266 Sed
1980 3213 2028 3268 si

2138 3221 2380 3292 κλήσεως
2419 3193 2612 3292 χρῇζει
2653 3193 3077 3285 καὶ-νουθεσίας
3100 3193 3540 3294 ⁷(88)’παρὰ“τοῦ
3580 3193 3721 3292 προ-

447 3309 877 3376 perseveraverit
917 3306 970 3360 in
1007 3305 1197 3360 iisdem
1245 3307 1408 3369 vitiis,
1441 3307 1791 3375 perspicuum
1825 3315 1908 3360 est
1934 3307 2032 3360 ad-

445 3414 667 3454 versum
710 3400 892 3468 ipsum
930 3398 1204 3468 judicium
1259 3400 1505 3470 ejusdem
1544 3399 1780 3462 Domini,
1815 3400 1907 3469 qui
1960 3400 2034 3454 ita

445 3491 770 3561 subjungit:
807 3490 1002 3546 Servus
1061 3501 1240 3545 autem
1308 3509 1413 3546 non
1473 3501 1646 3546 manet
1688 3493 1743 3545 in
1774 3493 1929 3546 domo
1949 3493 2030 3558 ἰ,

447 3582 687 3653 itemque
741 3584 1011 3652 Apostoli,
1065 3585 1142 3638 ita
1185 3585 1558 3654 praecipientis
1604 3601 1620 3637 :
1655 3585 1876 3653 Auferte
1919 3602 2035 3637 ma-

448 3673 558 3726 lum
587 3688 653 3728 ex
704 3673 1065 3742 vobisipsis”.
1104 3674 1195 3728 Sic
1227 3676 1374 3730 enim
1436 3676 1623 3731 nullus
1672 3676 2035 3730 ministranti-

449 3765 552 3820 bus
605 3765 769 3821 inerit
803 3767 1094 3821 liaesitandi
1137 3767 1314 3832 locus,
1365 3782 1667 3839 omnesque
1705 3767 2033 3823 ouibuscum

451 3857 700 3929 degebat,
737 3859 843 3913 tuti
873 3872 1037 3914 erunt
1062 3866 1116 3914 et
1146 3857 1351 3913 securi.

906 3969 1428 4027 lNTEllliOGATlO
1454 3969 1644 4026 CLVI.

452 4081 711 4153 Nunquid
760 4083 804 4136 is
847 4084 932 4136 cui
993 4083 1230 4146 cellarii,
1277 4095 1367 4136 aut
1405 4085 1622 4137 alterius
1659 4084 1734 4136 rei
1775 4083 2036 4152 ejusmodi

521 4168 651 4208 cura
680 4153 886 4205 tradita
913 4163 1014 4217 est,
1060 4153 1246 4207 debeat
1284 4170 1486 4223 semper
1511 4155 1661 4207 illius
1709 4171 1891 4208 curam
1938 4155 2034 4208 ha-

523 4223 662 4288 bere,
687 4233 780 4276 aut
813 4224 1127 4292 permutari.

1051 4335 1464 4391 RESPONSIO.

523 4451 581 4506 Si
638 4451 774 4506 recti
835 4451 1045 4507 ordinis
1089 4451 1378 4508 scientiam
1428 4459 1483 4506 et
1521 4451 1723 4522 regulae
1754 4451 2036 4523 integrita-

2135 3311 2391 3375 εστῶτος.
2438 3313 2560 3366 Ἐὰν
2589 3312 2645 3366 δέ
2678 3313 2912 3385 ἐπιμένῃ
2933 3316 3045 3374 τοῖς
3071 3313 3274 3376 αὐτοῖς,
3307 3313 3541 3384 φανερόν
3569 3313 3721 3365 ἐστιν

2134 3403 2220 3455 ἐπ’
2248 3403 2397 3472 αὐτῷ
2417 3405 2478 3456 τὸ
2503 3407 2677 3477 κρῖμα
2709 3404 2804 3457 τοῦ
2837 3403 3001 3458 αὐτοῦ
3024 3403 3228 3474 Κυρίου
3258 3405 3557 3471 ἐπάγοντος
3581 3403 3718 3474 (89),

2146 3496 2210 3548 '0
2241 3495 2310 3548 δὲ
2335 3496 2559 3563 δοῦλος
2591 3499 2662 3550 οὐ
2689 3497 2859 3566 μένει
2901 3497 2970 3548 ὲν
2992 3495 3066 3564 τῇ
3093 3496 3268 3562 οἰκίᾳ,
3292 3497 3386 3548 καὶ
3417 3494 3511 3547 τοῦ
3554 3497 3718 3548 Ἀπο-

2137 3585 2324 3637 στόλου
2356 3585 2860 3657 παραγγείλαντοςο
2905 3585 3191 3654 Ἐξάρατε
3226 3585 3333 3638 τὸν
3353 3586 3621 3654 πονηρὸν
3646 3585 3721 3646 ἐξ

2135 3676 2303 3746 ὑμῶν
2331 3676 2550 3732 αὐτῶν.
2575 3677 2733 3730 Οὕτω
2760 3678 2868 3748 γὰρ
2891 3681 3004 3742 τοῖς
3023 3696 3083 3730 τε
3115 3675 3460 3749 ὑπηρετοῦσι
3477 3677 3538 3729 τὸ
3566 3677 3722 3732 ἀδιά-

2137 3789 2324 3843 κριτον
2353 3777 2446 3826 καὶ
2473 3775 2587 3836 τοῖς
2621 3771 2825 3838 συζῶσι
2861 3773 2999 3825 πᾶσι
3029 3773 3089 3824 τὸ
3121 3771 3362 3840 ἀσφαλὲς
3392 3771 3646 3841 ὑπάρξει.

2646 3975 2978 4028 ΕΡΩΤΗΣιΣ
3013 3976 3202 4043 PNG”.

2141 4089 2254 4143 Τὸν
2291 4089 2780 4158 πεπιστευμένον
2797 4089 3088 4158 φροντίδα
3130 4090 3260 4157 ἤτοι
3302 4092 3648 4158 κελλαρίου.
3679 4093 3719 4158 ἢ

2206 4158 2417 4231 ἄλλου,
2434 4160 2598 4231 τινὸς
2624 4161 2916 4231 τοιούτου,
2940 4163 2989 4212 εὶ
3012 4160 3107 4214 δεῖ
3131 4159 3386 4217 πάντοτε
3412 4163 3577 4231 ἔχειν
3604 4164 3723 4230 τὴν

2205 4229 2516 4298 φροντίδα,
2543 4229 2580 4298 ἢ
2617 4229 2716 4282 καί
2745 4231 3261 4285 ἐναλλάσσεσθαι.

2726 4345 3119 4400 ΑΠΟΚΡΙΣῘΣ.

2211 4457 2274 4510 Εἰ
2300 4456 2399 4527 τὴν
2426 4457 2736 4527 ἐπιστήμην
2761 4457 2861 4526 τῆς
2884 4456 3157 4523 εὐταξίας,
3185 4457 3280 4509 καὶ
3302 4456 3400 4527 τὴν
3431 4454 3723 4526 ἀκρίϐειαν

454 4553 563 4600 tem
614 4553 820 4611 servat,
869 4560 1344 4617 supervacaneum
1390 4545 1538 4600 hunc
1580 4546 1917 4614 permutari,
1951 4547 2034 4601 vel

2141 4549 2234 4602 τοῦ
2265 4549 2488 4612 κανόνος
2527 4548 2813 4618 φυλάσσει,
2847 4547 2909 4600 τὸ
2938 4547 3362 4602 ἐναλλάσσεσθαι
3397 4547 3494 4618 μὲν
3526 4563 3723 4617 περισ-

454 4641 638 4710 potius
672 4655 836 4710 grave
865 4647 950 4695 est
979 4649 1033 4694 et
1065 4637 1304 4694 dillicile.
1353 4637 1562 4693 Habeat
1598 4649 1782 4694 autem
1810 4656 2036 4696 necesse

453 4740 540 4789 est
586 4734 856 4789 asseclam
918 4733 1179 4804 aliquem,
1226 4733 1318 4802 qui
1361 4733 1626 4804 paulatim
1675 4732 1744 4786 ad
1779 4733 1834 4788 id
1879 4734 2034 4788 insti-

455 4834 641 4880 tuatur
672 4826 940 4889 muneris,
974 4835 1032 4880 ut
1060 4841 1127 4880 ne
1162 4828 1492 4882 necessitate
1524 4841 1901 4882 successorem
1939 4843 2036 4897 po-

455 4919 716 4984 stulante,
763 4920 808 4974 si
840 4920 928 4974 hic
961 4920 1203 4984 deesset,
1254 4921 1642 4990 perturbemur
1677 4945 1686 4977 :
1738 4923 1846 4979 imo
1872 4925 2036 4978 etiam

456 5025 522 5064 ne
555 5024 699 5080 sarpe
732 5011 969 5080 aliquem
1004 5011 1251 5080 ineptum
1306 5011 1434 5066 huic
1455 5012 1607 5081 operi
1641 5011 1914 5082 praeﬁcere
1944 5028 2036 5067 co-

2145 4643 2259 4708 σὸν,
2297 4642 2496 4712 μᾶλλον
2548 4641 2606 4694 δὲ
2639 4639 2896 4695 δύσκολον
2930 4642 3024 4694 καὶ
3060 4641 3446 4712 δυσπόριστον·
3491 4640 3634 4712 ἔχειν
3663 4641 3726 4694 δέ

2141 4750 2263 4786 τινα
2310 4731 2821 4804 παρακολουθοῦντα
2869 4732 3204 4798 ἀναγκαῖον,
3251 4730 3533 4800 ὀφείλοντα
3580 4731 3728 4784 κατὰ

2146 4826 2310 4898 μέρος
2344 4826 2481 4898 πρὸς
2518 4825 2616 4894 τὴν
2665 4824 2920 4896 φροντίδα
2952 4824 3284 4876 τυποῦσθαιο
3340 4824 3426 4876 ἶνα
3460 4823 3556 4894 μὴ,
3593 4825 3726 4877 ὅταν

2145 4922 2178 4992 ἠ
2219 4921 2377 4991 χρεία
2401 4916 2634 4989 ἐπιζητῇ
2673 4917 2765 4970 τὸν
2791 4913 3185 4986 διαδεξόμενον,
3210 4917 3267 4968 ἐν
3299 4915 3502 4988 ἀπορίᾳ
3529 4915 3725 4968 τούτου

2147 5013 2465 5085 εὐρεθέντες
2505 5009 2940 5082 ταρασσώμεθα·
2972 5008 3232 5071 πολλάκις
3271 5007 3327 5060 δὲ
3373 5008 3468 5062 καὶ
3501 5007 3593 5061 τὸν
3621 5009 3724 5060 οὐκ

528 5167 571 5197 ³³
599 5165 810 5221 Coloss.
860 5183 917 5230 ιι,
952 5167 1004 5223 5.
1083 5167 1126 5198 ¹⁹
1169 5166 1358 5223 Matth.
1393 5184 1492 5233 xu,
1531 5169 1619 5222 50.
1700 5170 1744 5200 ²⁰
1782 5167 1940 5223 Joan.
1974 5185 2035 5222 vn

2138 5170 2209 5222 54.
2289 5171 2332 5200 ’ί
2377 5167 2508 5223 ibid.
2542 5168 2630 5222 55.
2703 5169 2748 5199 "
2778 5165 2798 5219 l
2829 5164 2956 5222 Cor.
2999 5183 3055 5230 v,
3092 5166 3179 5220 15.

454 5399 482 5451 δ
513 5327 636 5451 <:84)
678 5324 813 5399 Reg.
853 5327 1065 5398 primus
1119 5327 1272 5383 solus
1315 5327 1411 5380 xui.
1452 5322 1812 5397 οἰκονομοῦσα
1848 5323 2037 5376 διδότω

485 5417 507 5451 ε
544 5415 701 5451 ντωε.

485 5401 701 5462 εόντως.

527 5468 900 5539 (85ιΔιιιίιιιιί
942 5468 1049 5522 duo
1096 5467 1220 5522 libri
1267 5467 1560 5539 ἐμπίπτειν
1596 5465 1690 5519 τοῦ
1738 5463 2038 5518 διασπάσα-

458 5537 599 5594 σθαι.
629 5538 812 5595 Codex
830 5537 997 5596 ’Voss.
1020 5537 1368 5593 διασπᾶσθαι.

551 5609 641 5678 86)
672 5608 843 5678 Vetus
873 5610 1011 5664 liber
1048 5609 1204 5665 Colb.
1243 5607 1514 5678 πνεύματι
1545 5607 1778 5678 σῦ-νειμι.

553 5671 643 5748 87)
680 5677 814 5752 Reg.
833 5682 1071 5762 primus
1092 5679 1186 5733 ἐὰν
1224 5679 1308 5762 μὴ.
1331 5671 1559 5762 τοιοῦτοι
1591 5671 1724 5762 {ratio
1753 5676 1800 5728 οἱ
1829 5675 2036 5762 ὑπηρε-

459 5747 733 5821 τούμενοι,
767 5747 896 5816 ῖπῶς
930 5747 1435 5822 ὁφείλομενίαῦτοῖς
1475 5747 1785 5819 προσέχειν,
1830 5757 1884 5803 et
1928 5747 2036 5804 "ita

2143 5337 2364 5392 quoque
2385 5322 2457 5394 in
2479 5321 2800 5376 Colbertino
2833 5321 3054 5394 legitur,
3092 5319 3202 5374 nisi
3233 5319 3378 5392 quod
3411 5334 3510 5391 pro
3537 5318 3725 5383 αὐτοῖς

2149 5393 2769 5534 Μέὶὲἕῖἒῧῗᾶοἶξτορῶτον
2796 5462 2907 5585 εὲν
2932 5461 3124 5534 χρῄζει
3163 5459 3464 5524 νουθεσίας.
3496 5457 3726 5517 Veteres

2149 5541 2385 5585 nuatnor
2411 5533 2538 5585 libri
2567 5542 2763 5585 nraater
2844 5549 2956 5585 oss.
2995 5535 3088 5585 ita.
3123 5539 3181 5585 ut
3210 5531 3506 5585 edidimus.

2146 5531 2395 5605 quatuor
2411 5533 2538 5588 libri
2567 5531 2763 5605 praeter
2796 5531 3181 5605 VossiitaLut
3205 5531 3506 5605 edidimus.

2219 5603 2331 5673 (89)
2350 5601 2498 5686 βεδε.
2522 5596 2725 5686 tertius
2746 5603 2838 5658 τοῦ
2873 5603 3037 5658 αὑτοῦ
3063 5601 3289 5686 Κυρίου
3308 5601 3575 5686 λέγοντος.
3610 5596 3726 5655 Nec

2146 5671 2233 5727 ita
2255 5671 2429 5727 multo
2454 5671 2600 5732 infra
2621 5675 2732 5732 duo
2752 5690 2884 5732 mss.
2908 5689 3032 5732 cum
3063 5671 3225 5730 Voss.
3245 5672 3566 5728 ’Δποστόλου
3590 5687 3726 5741 παρ·

2146 5743 2517 5814 αγγέλλοντος.
