4064 6238
335 295 473 350 H85

1462 295 1765 353 REGULE
1804 297 2101 353 BREVIUS
2141 298 2556 354 TRACTATAE.

3448 309 3589 363 “86

332 410 652 480 ἐπιτηδείως
697 408 886 480 ἔχοντα
926 410 1194 482 παράγειν
1242 413 1322 475 εἰς
1369 411 1430 464 τὸ
1470 411 1629 483 ἔργον
1667 415 1901 481 ἀναγκα-

2012 431 2243 485 gamur:
2280 414 2424 469 unde
2455 414 2514 468 ﬁt
2542 413 2880 481 necessario,
2918 422 2980 471 ut
3016 426 3407 488 corrumpatur
3456 421 3598 475 inte-

334 503 587 575 ζώμεθα·
643 501 784 555 ὥστε
836 502 1156 573 συμϐαίνειν
1203 502 1263 567 ἐξ
1310 504 1555 573 ἀνάγκης
1610 504 1761 576 παρὰ
1807 506 1905 575 τὴν

2015 509 2185 578 gritas
2217 507 2289 561 ob
2318 506 2439 575 ejus
2483 506 2838 577 imperitiam,
2871 516 3131 578 rectaque
3164 507 3456 579 disciplina
3482 509 3598 567 dis-

331 596 523 650 τούτου
551 595 805 665 ἀπειρίαν
828 595 928 664 τήν
952 611 1013 645 τε
1043 594 1331 665 ἀκρίϐειαν
1354 595 1784 667 διαφθείρεσθαι,
1814 599 1907 650 καὶ
2014 600 2276 655 solvatur.

330 688 431 760 τὴν
461 687 598 741 κατά
629 686 785 755 λόγον
812 685 1063 751 εὐταξίαν
1092 687 1428 742 διαλύεσθαι.

852 798 1188 850 ΕΡΩΤΗΣΙΣ
1225 798 1317 850 ΡΝ
1322 799 1393 853 Z'.

334 910 580 993 Ποταπῇ
616 909 893 993 ,διαθέσει
909 910 1135 993 exstas;
1168 928 1259 993 fine
1302 909 1730 993 5091.81.3“3‘159
1762 910 1902 976 Θεῷ,

475 983 573 1035 καὶ
605 981 761 1045 ὅλως
786 982 823 1049 ή
858 980 1128 1045 διάθεσις
1164 981 1313 1047 αὕτη
1348 982 1405 1033 τί
1429 982 1600 1034 ἐστιν
1623 982 1756 1051 (90).

920 1094 1309 1148 ΑΠΟΚΡΙΣΙΣ.

404 1207 650 1262 Διὰθεσιν
671 1204 880 1274 ἀγαθὴν
902 1204 1035 1275 ἡγοῦ
1044 1222 1141 1274 μαι
1170 1201 1305 1257 εἶναι
1328 1206 1625 1276 ἐπιθυμίαν
1647 1207 1744 1277 τῆς
1769 1210 1904 1280 πρὸς

333 1301 465 1355 Θεὸν
511 1298 921 1369 εὐαρεστήσεως
970 1295 1235 1367 σφοδρὰν,
1287 1298 1381 1350 καὶ
1431 1299 1757 1370 ἀκόρεστον,
1811 1301 1905 1354 καὶ

333 1395 665 1463 πεπηγυῖαν,
692 1391 785 1442 καὶ
813 1388 1166 1459 ἀμετάθετον.
1194 1389 1568 1461 Κατορθοῦται
1598 1392 1655 1444 δὲ
1684 1392 1823 1462 αὕτη
1848 1396 1902 1446 ὲν

334 1484 536 1557 θεωρίᾳ
568 1484 757 1552 συνετῇ
788 1482 882 1533 καὶ
922 1481 1158 1551 διηνεκεῖ
1210 1481 1306 1550 τῆς
1339 1482 1757 1559 μεγαλειότητος
1789 1485 1901 1551 (91)

331 1576 439 1630 τῶν
477 1575 642 1637 δοξῶν
676 1571 768 1625 τοῦ
820 1571 976 1632 Θεοῦ.
1028 1570 1305 1640 λογισμοῖς
1344 1589 1403 1624 τε
1449 1570 1756 1643 εὐγνώμοσι
1812 1574 1904 1627 καὶ

334 1668 657 1735 ἀδιαλείπτῳ
695 1667 881 1735 μνήμῃ
905 1664 1008 1715 τῶν
1044 1663 1398 1732 ὑπαρξάντων
1424 1666 1554 1735 ἡμῖν
1593 1667 1743 1736 παρά
1766 1665 1901 1719 Θεοῦ

2415 816 2933 872 INTERROGATIO
2987 817 3189 873 CLVII.

2015 928 2129 994 Quo
2162 928 2350 995 affectu
2400 931 2580 983 debeat
2616 934 2730 1000 quis
2773 933 2966 985 servire
3008 932 3113 984 Deo
3147 946 3167 984 :
3196 944 3245 986 et
3290 950 3343 985 ιη
3379 934 3589 987 univer-

2398 1017 2535 1064 sum,
2580 1002 2706 1070 quid
2749 1004 2814 1055 sit
2854 1002 2937 1053 hic
2962 1003 3202 1070 a/fectus.

2606 1112 3013 1168 RESPUNSIO.

2081 1224 2289 1279 Bonum
2325 1226 2580 1282 aﬁectum
2612 1238 2746 1298 puto
2770 1244 2893 1284 esse
2930 1230 3221 1285 vehemens
3250 1228 3586 1284 desiderium

2011 1319 2259 1387 placendi
2316 1318 2462 1375 Deo:
2503 1320 2651 1389 quod
2690 1323 2760 1376 sit
2794 1330 2846 1373 et
2879 1321 3213 1385 insatiabile,
3251 1329 3305 1376 et
3344 1321 3586 1383 ﬁrmum,

2008 1419 2064 1464 et
2113 1413 2473 1466 immutabile.
2512 1411 2875 1483 Comparatur
2933 1424 3113 1467 autem
3156 1415 3247 1468 hic
3305 1414 3493 1469 solerti
3534 1420 3589 1469 et

2012 1502 2237 1556 assidua
2271 1506 2729 1573 contemplatione
2755 1506 3057 1575 majestatis
3080 1506 3265 1576 gloria:
3286 1506 3401 1572 Dei,
3429 1506 3591 1561 item-

2008 1608 2115 1662 que
2143 1596 2565 1663 cogitationibus
2588 1612 2656 1650 ενι
2686 1606 2840 1667 grato
2871 1599 3051 1651 animo
3082 1598 3586 1667 proﬁciscentibus,

2008 1685 2174 1756 468
2200 1700 2261 1739 ac
2302 1686 2561 1741 continua
2604 1688 2981 1743 recordatione
3008 1704 3394 1744 cnncessorum
3429 1689 3589 1747 nobis

333 1759 571 1829 ἀγαθῶν.
609 1759 726 1825 Ἀφ’
752 1752 825 1809 ὧν
852 1755 1123 1823 ἐγγίνεται
1152 1758 1215 1825 τῇ
1246 1755 1389 1825 ψυχῇ
1420 1756 1478 1809 τό
1500 1772 1513 1785 ·
1553 1756 1901 1825 Ἀγαπήσεις

2021 1791 2051 1829 a
2083 1776 2189 1831 Deo
2216 1778 2502 1832 bonorum.
2538 1777 2613 1830 Ex
2649 1780 2850 1848 quibus
2874 1781 3067 1834 animae
3092 1782 3583 1836 innasciturillud:

334 1855 551 1921 Κύριον
586 1852 693 1905 τὸν
726 1853 873 1904 Θεῶν
896 1864 1012 1904 σου
1054 1850 1123 1915 ἐξ
1158 1850 1305 1917 ὅλης
1343 1850 1453 1918 τῆς
1479 1853 1729 1919 καρδίας
1764 1870 1900 1917 σου,

335 1947 427 2000 καὶ
472 1945 541 2009 ἐξ
582 1944 729 2011 ὅλης
774 1940 883 2008 τῆς
924 1944 1139 2011 ἰσχύος
1183 1960 1319 2005 σου,
1374 1944 1473 1995 καὶ
1506 1944 1573 2007 ἐξ
1623 1943 1768 2010 ὅλης
1796 1944 1904 2013 τῆς

334 2038 597 2099 διανοίας
629 2052 768 2097 σου,
799 2034 941 2086 κατά
967 2034 1057 2087 τὸν
1099 2034 1319 2086 εἰπόντα
1342 2052 1355 2063 ·
1393 2038 1500 2087 Ὃν
1522 2037 1743 2102 τρόπον
1780 2038 1903 2089 ἐπι-

332 2130 504 2185 ποθεῖ
552 2130 590 2195 ἡ
636 2128 861 2196 ἔλαφος
910 2125 1007 2178 ἐπὶ
1067 2126 1173 2191 τὰς
1223 2127 1419 2195 πηγὰς
1472 2126 1589 2180 τῶν
1629 2129 1901 2194 ὑδάτων,

335 2222 519 2287 οὕτως
567 2217 840 2273 ἐπιποθεῖ
883 2218 920 2284 ἡ
978 2216 1146 2286 ψυχή
1185 2236 1303 2285 μου
1337 2218 1485 2285 πρὸς
1520 2219 1614 2282 σὲ,
1666 2223 1697 2273 ό
1738 2222 1899 2286 Θεός.

337 2313 489 2367 Μετὰ
517 2312 767 2382 τοιαύτης
792 2308 884 2365 οὖν
911 2310 1199 2373 διαθέσεως
1232 2310 1501 2363 δουλεύειν
1531 2312 1635 2383 χρὴ
1664 2313 1741 2383 τῷ
1762 2314 1901 2385 Θεῷ,

336 2404 641 2476 πληροῦντα
670 2404 727 2457 τὸ
768 2403 876 2473 (92)
913 2404 1019 2455 ὑπὸ
1048 2403 1141 2454 τοῦ
1195 2404 1519 2456 Ἀποστόλου
1574 2406 1861 2476 εἰρημένον
1886 2424 1899 2437 ·

338 2497 429 2560 Τίς
458 2494 614 2564 ἡμᾶς
646 2495 883 2563 χωρίσει
914 2494 1031 2548 ἀπὸ
1054 2493 1164 2561 τῆς
1198 2493 1434 2563 ἀγάπης
1473 2496 1575 2549 τοῦ
1608 2497 1898 2564 Χριστοῦ;

334 2589 564 2655 Θλίψις,
588 2588 625 2655 ἢ
656 2587 1100 2656 στενοχωρία,ἣ
1137 2587 1407 2657 διωγμὸς,
1438 2590 1475 2656 ἢ
1508 2593 1827 2658 γυμνότης,
1863 2592 1901 2659 ἢ

332 2679 633 2745 κίνδυνος,
660 2680 697 2747 ἣ
723 2678 1021 2748 μάχαιρα;
1048 2679 1142 2731 καὶ
1172 2678 1243 2731 τὰ
1264 2679 1411 2749 ἑξῆς.

832 2815 1165 2868 ΕΡΩΤΗΣῙΣ
1206 2815 1297 2867 ΡΝ
1304 2816 1384 2867 H'.

332 2927 575 2997 Ποταπῇ
601 2927 861 2981 διαθέσει
892 2928 1119 2996 ὀφείλει
1166 2925 1446 2995 δέχεσθαι
1491 2925 1557 2979 τὸ
1603 2927 1900 2996 ἐπιτίμιόν

1062 3016 1169 3063 τις.

930 3110 1306 3162 ΑΠΟΚΡῙΣΙΣ.

402 3226 478 3295 Τῇ
530 3224 814 3296 πρεπούσῃ
847 3222 945 3292 υίῷ
976 3225 1089 3293 (95)
1134 3223 1403 3296 ἀρρώστῳ
1448 3224 1540 3276 καὶ
1594 3223 1897 3292 ἀγωνιῶντι

332 3316 459 3386 περὶ
486 3314 574 3366 τοῦ
600 3315 719 3384 ζῇν,
752 3314 901 3385 παρά
928 3315 1132 3384 πατρὸς
1167 3314 1258 3366 καὶ
1303 3314 1489 3384 ἰατροῦ
1530 3314 1900 3385 θεραπευομέ-

331 3424 428 3475 νῳ.
458 3405 557 3458 κᾶν
590 3406 782 3477 πικρὸς
812 3407 906 3457 καὶ
948 3404 1216 3467 ὲπώδυνος
1324 3408 1351 3459 ὁ
1389 3406 1587 3476 τρόπος
1615 3406 1710 3474 τῆς
1741 3404 1901 3477 θερα-

332 3498 508 3561 πείας,
552 3498 607 3547 ἐν
642 3497 980 3568 πληροφορίᾳ.
1013 3496 1112 3564 τῆς
1157 3512 1215 3547 τε
1266 3497 1483 3565 ἀγάπης
1519 3496 1612 3548 καὶ
1658 3497 1755 3565 τῆς
1800 3496 1901 3565 ἐμ-

332 3588 548 3657 πειρίας
600 3586 692 3639 τοῦ
745 3588 1143 3656 ἐπιτιμῶντος,
1208 3588 1301 3639 καὶ
1371 3590 1427 3640 ἐν
1481 3586 1746 3658 ἐπιθυμίᾳ
1802 3586 1901 3655 τῆς

336 3678 545 3741 ἰάσεως.

853 3815 1189 3868 ΕΡΩΤΗΣΙΣ
1228 3815 1376 3867 ΡΝΘ¹

364 3926 407 3975 ο
434 3924 812 3992 λυπούμενος
835 3925 985 3979 κατά
1006 3926 1111 3979 τοῦ
1136 3924 1596 3994 ἐπιτιμήσαντος
1617 3926 1776 3993 αὺτῷ
1792 3927 1899 3997 (94)

872 3997 1138 4058 ποταπός
1164 3997 1355 4049 ἐστιν.

920 4109 1308 4161 ΑΠΟΚΡΙΣΙΣ.

405 4216 541 4269 Οὔτε
569 4217 658 4269 τὸν
681 4217 920 4270 κίνδυνον
941 4219 1039 4288 τῆς
1059 4219 1333 4289 ἁμαρτίας
1358 4219 1644 4290 ἐγνώρισε,
1678 4221 1773 4273 καὶ
1801 4222 1904 4291 μά-

333 4308 488 4362 λιστα
517 4308 607 4360 τὸν
636 4308 773 4379 πρὸς
803 4308 955 4371 Θεὸν,
983 4307 1103 4361 οὔτε
1146 4311 1205 4363 τὸ
1235 4311 1425 4381 κέρδος
1454 4312 1553 4381 τῆς
1589 4312 1897 4381 μετανοίας,

333 4398 456 4453 οὔτε
490 4401 772 4453 ἐπίστευσε
806 4399 882 4470 τῷ
926 4400 1171 4455 εἰπόντι·
1196 4402 1258 4454 '0
1301 4401 1368 4455 δὲ
1401 4403 1665 4473 ἀγαπῶν,
1705 4404 1903 4473 ἐπιμε-

2007 1868 2205 1939 Diliges
2239 1869 2520 1922 Dominum
2556 1869 2722 1923 Deum
2756 1882 2903 1924 tuum
2957 1888 3020 1925 ea:
3055 1882 3163 1925 toto
3195 1872 3348 1926 corde
3389 1882 3500 1936 tuo,
3533 1882 3584 1925 et

2004 1977 2069 2014 ex
2099 1964 2221 2014 totis
2254 1962 2450 2015 viribus
2490 1964 2619 2026 tuis,
2650 1973 2697 2016 et
2732 1980 2796 2016 ex
2828 1973 2937 2017 tota
2985 1976 3153 2018 mente
3174 1975 3263 2017 tua
3288 1966 3353 2028 ”,
3400 1981 3585 2020 exem-

2005 2056 2094 2123 plo
2129 2055 2273 2109 illius
2304 2056 2395 2123 qui
2427 2056 2563 2109 dixit
2599 2071 2613 2108 :
2660 2056 3117 2121 Quemadmodum
3154 2058 3424 2111 desiderat
3465 2075 3583 2111 cer-

2005 2162 2095 2198 vus
2127 2147 2194 2198 ad
2227 2147 2395 2215 fontes
2424 2164 2682 2216 aquarum
2710 2188 2724 2211 ,
2770 2149 2845 2200 ita
2868 2148 3130 2201 desiderat
3168 2154 3347 2201 anima
3373 2166 3486 2202 mea
3512 2149 3581 2201 ad

2005 2247 2071 2301 te,
2100 2238 2235 2291 Deus
2262 2240 2325 2291 “.
2360 2237 2718 2293 Serviendum
2752 2241 2935 2309 itaque
2981 2240 3091 2294 Deo
3116 2250 3199 2295 est
3234 2242 3334 2294 hoc
3360 2240 3577 2307 aﬁectu,

2004 2331 2075 2383 ita
2123 2342 2182 2383 ut
2244 2331 2538 2398 impleatur
2595 2332 2742 2401 quod
2779 2334 2847 2386 ab
2896 2332 3160 2402 Apostolo
3206 2334 3413 2386 dictum
3456 2339 3574 2388 est:

2004 2424 2133 2489 Quis
2177 2424 2441 2492 separabit
2481 2441 2573 2478 nos
2602 2441 2635 2477 a
2684 2424 2942 2478 charitate
2973 2422 3220 2480 Christi?
3258 2425 3573 2489 Tribulatio,

2002 2534 2069 2569 an
2103 2519 2369 2586 angustia,
2415 2535 2484 2569 an
2519 2521 2830 2585 persecutio,
2875 2534 2945 2569 an
2992 2518 3229 2583 auditas,
3266 2535 3331 2570 au
3372 2518 3579 2585 pericu-

2002 2608 2130 2671 lum,
2167 2626 2234 2661 an
2258 2609 2528 2679 gladius”
2563 2609 2586 2661 ?
2624 2617 2732 2662 etc.

2386 2820 2911 2877 INTERROGATIO
2955 2819 3165 2877 CLVIII

2002 2934 2117 2999 Quo
2158 2934 2335 2988 animo
2387 2935 2572 2989 debeat
2604 2936 2727 3016 quis
2753 2936 3049 3005 irrogatam
3094 2933 3195 2989 sibi
3233 2950 3441 3003 paruam
3484 2944 3573 2989 re-

2680 3022 2866 3073 apere.

2562 3112 2965 3169 RESPONSIO.

2067 3224 2144 3279 Eo
2187 3226 2418 3289 scilicet,
2450 3226 2544 3296 qui
2590 3227 2699 3281 ﬁlio
2758 3225 3017 3280 convenit
3072 3225 3377 3295 aegrotanti,
3414 3233 3468 3280 et
3516 3226 3573 3279 in

2001 3318 2125 3373 vitae
2178 3319 2473 3373 discrimen
2520 3318 2781 3385 adducto,
2835 3335 2960 3373 cum
3010 3334 3040 3391 a_
3079 3326 3231 3387 patre
3280 3328 3333 3372 et
3361 3317 3575 3372 medico

2002 3418 2260 3473 curatur,
2320 3408 2535 3463 etiamsi
2584 3424 2807 3463 amarus
2858 3409 3203 3477 acerbusque
3246 3407 3413 3462 fuerit
3460 3424 3571 3463 me-

2002 3500 2165 3554 dendi
2196 3500 2416 3561 modus,
2448 3515 2571 3553 cum
2606 3500 2657 3553 ei
2687 3514 3012 3569 persuasum
3052 3514 3175 3552 esse
3203 3498 3575 3567 uporteat,di-

2002 3592 2093 3662 ligi
2126 3607 2205 3657 se,
2250 3605 2313 3644 ac
2361 3592 2598 3659 peritum
2630 3606 2752 3645 esse
2799 3590 3230 3659 objurgatorem,
3261 3591 3572 3660 debeatque

2004 3685 2288 3740 sanitatem
2318 3697 2539 3752 cupere.

2426 3813 2942 3870 INTERROGATIO
2973 3815 3149 3870 CLIX.

2176 3926 2281 3992 Qui
2313 3943 2447 3998 wgre
2480 3926 2575 3980 "ert
2606 3926 2962 3994 increpantem
2995 3942 3069 3990 se,
3098 3925 3269 3995 qualis
3316 3934 3413 3980 est.

2566 4098 2974 4155 RESPONSIO.

2077 4212 2260 4282 Neque
2293 4213 2445 4267 novit
2479 4212 2779 4282 periculum
2820 4212 3049 4281 peccati,
3079 4220 3133 4266 et
3172 4212 3406 4266 maxime
3449 4227 3577 4282 erga

2008 4304 2201 4369 Deum,
2235 4321 2413 4375 neque
2448 4306 2877 4361 emolumentum
2914 4305 3270 4374 paenitentiae,
3314 4320 3490 4374 neque
3523 4305 3581 4358 ﬁ-

2008 4398 2129 4452 dem
2160 4398 2349 4452 habuit
2373 4398 2422 4453 ei
2467 4397 2563 4467 qui
2589 4396 2725 4452 dixit
2759 4417 2771 4451 :
2806 4398 2909 4463 Qui
2933 4414 3051 4451 vero
3080 4398 3275 4468 diligit,
3300 4395 3593 4467 diligenter,

336 4490 457 4557 ,ὶῶς
493 4491 756 4545 παιδεύει
775 4508 788 4521 ·
823 4493 919 4545 καὶ
947 4493 1134 4546 ἑαυτὸν
1156 4493 1433 4563 ἀλλότριον
1452 4472 1769 4564 Ῠκατέστησε
1804 4472 1901 4564 τῆς

2006 4491 2230 4559 castigat
2266 4491 2353 4555 ²⁶;
2423 4496 2585 4558 atque
2649 4489 2812 4544 etiam
2873 4488 3229 4558 semetipsum
3292 4488 3578 4543 constituit

334 4587 601 4653 ὠφελείας
639 4586 732 4638 τοῦ
778 4587 1053 4649 εἰπόντος·
1084 4587 1400 4641 Παιδεύσει
1442 4605 1519 4657 με
1560 4588 1789 4653 δίκαιος
1835 4589 1903 4641 ἐν

2010 4582 2243 4635 alienum
2285 4596 2313 4634 a
2358 4589 2567 4650 quaestu
2621 4581 2767 4635 illius
2817 4582 2910 4649 qui
2947 4581 3119 4633 dixit:
3188 4579 3447 4646 Corripiet
3498 4595 3581 4631 me

333 4676 514 4741 ἐλέει,
547 4677 644 4730 καὶ
674 4676 904 4745 ἐλέγξει
945 4695 1040 4746 με.
1081 4678 1189 4731 Καὶ
1219 4678 1528 4743 ὲπιὸλαόῶς
1582 4679 1827 4731 σύνεστιν
1875 4681 1901 4731 ὁ

2006 4673 2179 4741 justus
2212 4675 2266 4726 in
2296 4674 2681 4735 misericordia,
2708 4682 2756 4727 et
2780 4673 3067 4740 increpabit
3097 4689 3176 4725 me
3190 4674 3255 4724 ".
3283 4670 3578 4724 Praeterea-

332 4768 568 4830 τοιοῦτος
602 4769 669 4838 τῇ
718 4767 1068 4839 ἀδελφότητι,
1104 4767 1427 4837 ἀπασχολῶν
1460 4768 1585 4831 τοὺς
1641 4766 1903 4835 ἀγωνιζο-

338 4859 531 4928 μένους
552 4859 684 4929 (95).

2009 4780 2116 4833 que
2149 4766 2243 4834 qui
2291 4764 2600 4833 bujusmodi
2635 4772 2740 4831 est,
2773 4764 2893 4832 ejus
2926 4762 3268 4817 consuetudo
3310 4762 3577 4817 fratribus

2009 4856 2239 4909 exitiosa
2275 4864 2392 4923 est;
2452 4854 2719 4926 siquidem
2762 4870 2858 4909 eos
2896 4870 2925 4908 a
2972 4861 3229 4924 suscepto
3277 4853 3578 4908 certamine

2008 4946 2248 4999 abducit.

408 5099 454 5131 ³³
482 5098 646 5153 Marc.
682 5114 781 5162 xu,
807 5098 897 5154 50.
975 5099 1020 5129 “
1048 5096 1191 5152 Psal.
1228 5114 1341 5165 xu,
1374 5099 1425 5152 1.
1503 5101 1547 5131 ’⁵
1587 5099 1742 5153 Rom.
1772 5062 1894 5165 vui,

2006 5101 2035 5152 ἱ.
2111 5102 2155 5132 ’⁸
2192 5100 2332 5155 Prov
2404 5117 2524 5167 xm,
2559 5102 2653 5157 24.
2735 5104 2779 5134 ’⁷
2812 5101 2958 5158 Psal.
3009 5117 3134 5165 CXL,
3183 5105 3235 5159 5.

404 5258 514 5331 (90)
540 5258 723 5331 _Codex
753 5258 906 5331 Colb.
934 5257 1017 5319 τίς
1033 5257 1213 5331 ἐστιν.

408 5325 517 5400 (91)
540 5328 669 5399 Reg.
702 5330 911 5400 primus
949 5337 1003 5382 et
1033 5326 1191 5400 Voss.
1215 5325 1438 5400 Δθεωρίᾳ
1472 5326 1682 5400 συνέσει
1714 5341 1773 5400 τε
1802 5327 1895 5378 καὶ

336 5394 570 5472 διηνενεῖ
596 5394 788 5472 μῖελέτῃ
836 5401 932 5469 τῆς
975 5394 1547 5472 μεγαλειότητος-,ηραν
1587 5394 1896 5472 intelligen-

338 5466 466 5524 tia'm
493 5480 541 5523 et
571 5466 1297 5521 continuam-meditationem
1331 5466 1646 5533 majestatis.

407 5540 518 5611 (99.)
542 5540 761 5611 Antiqui
781 5539 889 5611 duo
913 5538 1038 5611 libri
1067 5536 1404 5611 πληροῦντας
1424 5536 1504 5591 τό.
1537 5535 1731 5589 Statim
1757 5533 1890 5606 Reg.

338 5606 829 5683 primusﬁtwieec.
856 5609 897 5683 ἢ.
917 5608 1090 5683 λιμὸς,
1110 5607 1144 5676 ἢ
1164 5606 1472 5677 γυμνότης-

408 5680 521 5752 (93)
552 5676 797 5750 νοχυὶᾠ
835 5676 1015 5734 addita
1060 5688 1143 5733 est
1177 5676 1417 5732 ex'mss.
1447 5676 1652 5732 multis.
1688 5676 1889 5731 Ibidem

2006 5254 2136 5325 Reg.
2164 5257 2371 5328 prjmus
2398 5265 2450 5310 ct
2476 5255 2636 5312 Voss.
2672 5258 2801 5327 περὶ
2826 5257 2886 5328 τὸ
2918 5254 3037 5328 ζῇν.

2073 5328 2183 5397 (94)
2212 5326 2319 5380 Pro
2373 5328 2520 5397 αὐτῷ
2568 5326 2765 5397 legitur
2798 5326 3056 5381 αὐτόνἰιι
3090 5327 3329 5397 antiquis
3360 5326 3573 5383 duobus

1998 5396 2171 5451 libris.

2070 5468 2181 5534 (95)
2220 5467 2403 5522 Codex
2426 5466 2579 5520 Colb.
2611 5467 2928 5537 ὲπασχολῶν
2960 5468 3087 5531 τοὺς
3115 5466 3569 5537 ἀγωνιζομένους.

1996 5534 2194 5660 ‘Sttgtim
2219 5538 2361 5593 idem
2387 5552 2487 5593 ms.
2509 5534 3178 5609 ἀδελφοίςάρρωστοῦσιν,
3210 5534 3437 5610 inﬁrmis
3466 5539 3573 5607 fra-

2021 5623 2064 5660 ri
2107 5624 2187 5660 us.

2021 5623 2187 5663 ιἰοιη.
