  <div class='ocr_page' id='page_1' title='image "/cluster/home/n/w/nwhite01/storage/ocr_20150623/31/mdp.39015012934363/608.png"; bbox 0 0 4064 6238; ppageno 0'>
   <div class='ocr_carea' id='block_1_1' title="bbox 354 297 488 356">
    <p class='ocr_par' dir='ltr' id='par_1_1' title="bbox 354 297 488 356">
     <span class='ocr_line' id='line_1_1' title="bbox 354 297 488 356; baseline 0.06 -8"><span class='ocrx_word' id='word_1_1' title='bbox 354 297 488 356; x_wconf 74' lang='grc' dir='ltr'><strong>1ἱ89</strong></span> 
     </span>
    </p>
   </div>
   <div class='ocr_carea' id='block_1_2' title="bbox 1507 301 2610 362">
    <p class='ocr_par' dir='ltr' id='par_1_2' title="bbox 1507 301 2610 362">
     <span class='ocr_line' id='line_1_2' title="bbox 1507 301 2610 362; baseline 0.007 -8"><span class='ocrx_word' id='word_1_2' title='bbox 1507 301 1807 357; x_wconf 66' lang='lat' dir='ltr'><strong>REGUL/E</strong></span> <span class='ocrx_word' id='word_1_3' title='bbox 1849 302 2154 359; x_wconf 82' lang='lat' dir='ltr'><strong>BREVIUS</strong></span> <span class='ocrx_word' id='word_1_4' title='bbox 2192 305 2610 362; x_wconf 63' lang='lat' dir='ltr'><strong>TRACTATIE.</strong></span> 
     </span>
    </p>
   </div>
   <div class='ocr_carea' id='block_1_3' title="bbox 3470 306 3604 360">
    <p class='ocr_par' dir='ltr' id='par_1_3' title="bbox 3470 306 3604 360">
     <span class='ocr_line' id='line_1_3' title="bbox 3470 306 3604 360; baseline -0.022 -1"><span class='ocrx_word' id='word_1_5' title='bbox 3470 309 3490 359; x_wconf 69' lang='grc' dir='ltr'><strong>ί</strong></span> <span class='ocrx_word' id='word_1_6' title='bbox 3511 306 3604 360; x_wconf 67' lang='lat'><strong>190</strong></span> 
     </span>
    </p>
   </div>
   <div class='ocr_carea' id='block_1_4' title="bbox 346 408 1914 489">
    <p class='ocr_par' dir='ltr' id='par_1_4' title="bbox 346 408 1914 482">
     <span class='ocr_line' id='line_1_4' title="bbox 346 408 1914 482; baseline -0.001 -14"><span class='ocrx_word' id='word_1_7' title='bbox 346 411 416 476; x_wconf 81' lang='grc' dir='ltr'><strong>ἐξ</strong></span> <span class='ocrx_word' id='word_1_8' title='bbox 441 411 592 479; x_wconf 81' lang='grc' dir='ltr'><em>ὅλης</em></span> <span class='ocrx_word' id='word_1_9' title='bbox 611 408 722 478; x_wconf 82' lang='grc' dir='ltr'><strong>τῆς</strong></span> <span class='ocrx_word' id='word_1_10' title='bbox 747 410 960 478; x_wconf 79' lang='grc' dir='ltr'><strong>ἰσχύος</strong></span> <span class='ocrx_word' id='word_1_11' title='bbox 981 426 1096 464; x_wconf 91' lang='grc' dir='ltr'><strong>σου</strong></span> <span class='ocrx_word' id='word_1_12' title='bbox 1113 425 1129 440; x_wconf 83' lang='grc'><em>’</em></span> <span class='ocrx_word' id='word_1_13' title='bbox 1149 409 1246 464; x_wconf 81' lang='grc' dir='ltr'>καὶ</span> <span class='ocrx_word' id='word_1_14' title='bbox 1265 410 1510 480; x_wconf 85' lang='grc' dir='ltr'>δευτέρα</span> <span class='ocrx_word' id='word_1_15' title='bbox 1527 414 1699 480; x_wconf 83' lang='grc' dir='ltr'>όμοία</span> <span class='ocrx_word' id='word_1_16' title='bbox 1720 415 1914 482; x_wconf 84' lang='grc' dir='ltr'>ταύτῃ·</span> 
     </span>
    </p>
   </div>
   <div class='ocr_carea' id='block_1_5' title="bbox 2017 408 3603 489">
    <p class='ocr_par' dir='ltr' id='par_1_5' title="bbox 2029 417 3603 489">
     <span class='ocr_line' id='line_1_5' title="bbox 2029 417 3603 489; baseline 0.005 -19"><span class='ocrx_word' id='word_1_17' title='bbox 2029 417 2202 471; x_wconf 88' lang='lat' dir='ltr'><strong>simile</strong></span> <span class='ocrx_word' id='word_1_18' title='bbox 2223 429 2300 471; x_wconf 88' lang='lat' dir='ltr'><strong>est</strong></span> <span class='ocrx_word' id='word_1_19' title='bbox 2330 419 2452 471; x_wconf 83' lang='lat' dir='ltr'><strong>huic</strong></span> <span class='ocrx_word' id='word_1_20' title='bbox 2479 435 2499 471; x_wconf 90' lang='lat'><strong><em>:</em></strong></span> <span class='ocrx_word' id='word_1_21' title='bbox 2539 417 2738 489; x_wconf 75' lang='lat' dir='ltr'><strong><em>Diliges</em></strong></span> <span class='ocrx_word' id='word_1_22' title='bbox 2794 421 3090 488; x_wconf 78' lang='lat' dir='ltr'><strong>proximum</strong></span> <span class='ocrx_word' id='word_1_23' title='bbox 3130 431 3297 482; x_wconf 82' lang='lat' dir='ltr'><strong>tuum,</strong></span> <span class='ocrx_word' id='word_1_24' title='bbox 3340 433 3474 476; x_wconf 69' lang='lat' dir='ltr'><strong>sicut</strong></span> <span class='ocrx_word' id='word_1_25' title='bbox 3531 435 3603 478; x_wconf 90' lang='lat' dir='ltr'><strong>te-</strong></span> 
     </span>
    </p>
   </div>
   <div class='ocr_carea' id='block_1_6' title="bbox 362 501 1925 574">
    <p class='ocr_par' dir='ltr' id='par_1_6' title="bbox 362 501 1925 574">
     <span class='ocr_line' id='line_1_6' title="bbox 362 501 1925 574; baseline 0 -16"><span class='ocrx_word' id='word_1_26' title='bbox 362 501 712 574; x_wconf 63' lang='grc' dir='ltr'>Ἇγταπήσεις</span> <span class='ocrx_word' id='word_1_27' title='bbox 760 502 866 555; x_wconf 81' lang='grc' dir='ltr'><strong>τὸν</strong></span> <span class='ocrx_word' id='word_1_28' title='bbox 910 501 1178 568; x_wconf 78' lang='grc' dir='ltr'>πλησίον</span> <span class='ocrx_word' id='word_1_29' title='bbox 1217 519 1334 556; x_wconf 91' lang='grc' dir='ltr'><strong>σου</strong></span> <span class='ocrx_word' id='word_1_30' title='bbox 1373 504 1454 568; x_wconf 91' lang='grc' dir='ltr'><em>ὠς</em></span> <span class='ocrx_word' id='word_1_31' title='bbox 1498 506 1790 558; x_wconf 75' lang='grc' dir='ltr'>σεαυτόν·</span> <span class='ocrx_word' id='word_1_32' title='bbox 1834 506 1925 558; x_wconf 74' lang='grc' dir='ltr'>καὶ</span> 
     </span>
    </p>
   </div>
   <div class='ocr_carea' id='block_1_7' title="bbox 351 594 1925 669">
    <p class='ocr_par' dir='ltr' id='par_1_7' title="bbox 351 594 1925 669">
     <span class='ocr_line' id='line_1_7' title="bbox 351 594 1925 669; baseline -0.001 -18"><span class='ocrx_word' id='word_1_33' title='bbox 351 595 634 667; x_wconf 74' lang='grc' dir='ltr'>ἐπιθυμῶν</span> <span class='ocrx_word' id='word_1_34' title='bbox 685 594 1073 665; x_wconf 77' lang='grc' dir='ltr'>ἐξομοιωθῆναι</span> <span class='ocrx_word' id='word_1_35' title='bbox 1104 595 1180 664; x_wconf 83' lang='grc' dir='ltr'>τῷ</span> <span class='ocrx_word' id='word_1_36' title='bbox 1216 595 1403 669; x_wconf 83' lang='grc' dir='ltr'>Κυρίῳ</span> <span class='ocrx_word' id='word_1_37' title='bbox 1436 597 1670 650; x_wconf 86' lang='grc' dir='ltr'><strong>εἰπόντι·</strong></span> <span class='ocrx_word' id='word_1_38' title='bbox 1725 597 1925 651; x_wconf 76' lang='grc' dir='ltr'>Ἐντο-</span> 
     </span>
    </p>
   </div>
   <div class='ocr_carea' id='block_1_8' title="bbox 346 687 1920 758">
    <p class='ocr_par' dir='ltr' id='par_1_8' title="bbox 346 687 1920 758">
     <span class='ocr_line' id='line_1_8' title="bbox 346 687 1920 758; baseline 0 -14"><span class='ocrx_word' id='word_1_39' title='bbox 346 689 472 756; x_wconf 77' lang='grc' dir='ltr'><strong>λὴν</strong></span> <span class='ocrx_word' id='word_1_40' title='bbox 498 687 718 755; x_wconf 77' lang='grc' dir='ltr'>καινὴν</span> <span class='ocrx_word' id='word_1_41' title='bbox 748 687 952 757; x_wconf 83' lang='grc' dir='ltr'>δίδωμι</span> <span class='ocrx_word' id='word_1_42' title='bbox 983 688 1143 756; x_wconf 81' lang='grc' dir='ltr'>ὑμῖν,</span> <span class='ocrx_word' id='word_1_43' title='bbox 1175 688 1274 741; x_wconf 82' lang='grc' dir='ltr'><strong>ἵνα</strong></span> <span class='ocrx_word' id='word_1_44' title='bbox 1299 687 1564 758; x_wconf 77' lang='grc' dir='ltr'>ἀγαπᾶτε</span> <span class='ocrx_word' id='word_1_45' title='bbox 1593 689 1920 756; x_wconf 79' lang='grc' dir='ltr'>ἀλλήλους,</span> 
     </span>
    </p>
   </div>
   <div class='ocr_carea' id='block_1_9' title="bbox 351 776 1924 848">
    <p class='ocr_par' dir='ltr' id='par_1_9' title="bbox 351 776 1924 848">
     <span class='ocr_line' id='line_1_9' title="bbox 351 776 1924 848; baseline -0.001 -15"><span class='ocrx_word' id='word_1_46' title='bbox 351 779 545 846; x_wconf 80' lang='grc' dir='ltr'>καθὼς</span> <span class='ocrx_word' id='word_1_47' title='bbox 565 779 679 848; x_wconf 78' lang='grc' dir='ltr'><strong>ἐγὼ</strong></span> <span class='ocrx_word' id='word_1_48' title='bbox 696 777 982 848; x_wconf 76' lang='grc' dir='ltr'>ἠγάπησα</span> <span class='ocrx_word' id='word_1_49' title='bbox 1002 776 1158 846; x_wconf 83' lang='grc' dir='ltr'><strong>ὑμᾶς</strong></span> <span class='ocrx_word' id='word_1_50' title='bbox 1179 797 1189 808; x_wconf 96' lang='grc'><strong>·</strong></span> <span class='ocrx_word' id='word_1_51' title='bbox 1213 778 1293 831; x_wconf 88' lang='grc' dir='ltr'><strong>ἕτι</strong></span> <span class='ocrx_word' id='word_1_52' title='bbox 1314 780 1369 832; x_wconf 82' lang='grc' dir='ltr'><strong>δὲ</strong></span> <span class='ocrx_word' id='word_1_53' title='bbox 1397 782 1490 832; x_wconf 66' lang='grc' dir='ltr'><strong>καὶ</strong></span> <span class='ocrx_word' id='word_1_54' title='bbox 1518 781 1624 833; x_wconf 84' lang='grc' dir='ltr'><strong>ἀπὸ</strong></span> <span class='ocrx_word' id='word_1_55' title='bbox 1649 780 1924 848; x_wconf 78' lang='grc' dir='ltr'><strong>λογισμῶν</strong></span> 
     </span>
    </p>
   </div>
   <div class='ocr_carea' id='block_1_10' title="bbox 349 871 1920 941">
    <p class='ocr_par' dir='ltr' id='par_1_10' title="bbox 349 871 1920 941">
     <span class='ocr_line' id='line_1_10' title="bbox 349 871 1920 941; baseline 0.001 -18"><span class='ocrx_word' id='word_1_56' title='bbox 349 871 643 930; x_wconf 87' lang='grc' dir='ltr'>τοιούτων,</span> <span class='ocrx_word' id='word_1_57' title='bbox 691 872 794 930; x_wconf 83' lang='grc' dir='ltr'>ὅτι,</span> <span class='ocrx_word' id='word_1_58' title='bbox 827 872 874 922; x_wconf 90' lang='grc' dir='ltr'><strong>εί</strong></span> <span class='ocrx_word' id='word_1_59' title='bbox 923 871 1019 940; x_wconf 86' lang='grc' dir='ltr'><strong>μὲν</strong></span> <span class='ocrx_word' id='word_1_60' title='bbox 1065 871 1361 941; x_wconf 76' lang='grc' dir='ltr'>εὐεργέτης</span> <span class='ocrx_word' id='word_1_61' title='bbox 1393 873 1538 924; x_wconf 71' lang='grc' dir='ltr'>ἐστὶν</span> <span class='ocrx_word' id='word_1_62' title='bbox 1587 873 1614 923; x_wconf 99' lang='lat'><strong>6</strong></span> <span class='ocrx_word' id='word_1_63' title='bbox 1661 872 1920 940; x_wconf 66' lang='grc' dir='ltr'>ἀδελφὸς,</span> 
     </span>
    </p>
   </div>
   <div class='ocr_carea' id='block_1_11' title="bbox 351 962 1924 1036">
    <p class='ocr_par' dir='ltr' id='par_1_11' title="bbox 351 962 1924 1036">
     <span class='ocr_line' id='line_1_11' title="bbox 351 962 1924 1036; baseline 0.001 -20"><span class='ocrx_word' id='word_1_64' title='bbox 351 963 732 1034; x_wconf 79' lang='grc' dir='ltr'>χρεωστοῦμεν</span> <span class='ocrx_word' id='word_1_65' title='bbox 764 963 840 1032; x_wconf 85' lang='grc'><strong>(5)</strong></span> <span class='ocrx_word' id='word_1_66' title='bbox 883 962 1032 1033; x_wconf 84' lang='grc' dir='ltr'>αὐτῷ</span> <span class='ocrx_word' id='word_1_67' title='bbox 1057 964 1150 1016; x_wconf 76' lang='grc' dir='ltr'><strong>καὶ</strong></span> <span class='ocrx_word' id='word_1_68' title='bbox 1183 964 1320 1017; x_wconf 75' lang='grc' dir='ltr'>κατὰ</span> <span class='ocrx_word' id='word_1_69' title='bbox 1355 963 1638 1036; x_wconf 82' lang='grc' dir='ltr'>ἄνθρωπον</span> <span class='ocrx_word' id='word_1_70' title='bbox 1666 965 1762 1035; x_wconf 84' lang='grc' dir='ltr'>τὴν</span> <span class='ocrx_word' id='word_1_71' title='bbox 1795 967 1924 1033; x_wconf 82' lang='grc' dir='ltr'>ἁγά-</span> 
     </span>
    </p>
   </div>
   <div class='ocr_carea' id='block_1_12' title="bbox 351 1055 1923 1130">
    <p class='ocr_par' dir='ltr' id='par_1_12' title="bbox 351 1055 1923 1130">
     <span class='ocr_line' id='line_1_12' title="bbox 351 1055 1923 1130; baseline 0 -20"><span class='ocrx_word' id='word_1_72' title='bbox 351 1075 482 1130; x_wconf 83' lang='grc' dir='ltr'>πην,</span> <span class='ocrx_word' id='word_1_73' title='bbox 509 1059 574 1127; x_wconf 85' lang='grc' dir='ltr'>ἢν</span> <span class='ocrx_word' id='word_1_74' title='bbox 593 1057 688 1109; x_wconf 77' lang='grc' dir='ltr'><strong>καὶ</strong></span> <span class='ocrx_word' id='word_1_75' title='bbox 721 1055 980 1127; x_wconf 80' lang='grc' dir='ltr'>’Έλληνες</span> <span class='ocrx_word' id='word_1_76' title='bbox 997 1055 1352 1124; x_wconf 74' lang='grc' dir='ltr'>φυλάσσουσι,</span> <span class='ocrx_word' id='word_1_77' title='bbox 1383 1057 1564 1120; x_wconf 79' lang='grc' dir='ltr'>καθὼς</span> <span class='ocrx_word' id='word_1_78' title='bbox 1582 1058 1639 1109; x_wconf 82' lang='grc' dir='ltr'>ὲν</span> <span class='ocrx_word' id='word_1_79' title='bbox 1654 1057 1732 1127; x_wconf 79' lang='grc' dir='ltr'>τῷ</span> <span class='ocrx_word' id='word_1_80' title='bbox 1749 1058 1923 1126; x_wconf 80' lang='grc' dir='ltr'>Εὐαγ-</span> 
     </span>
    </p>
   </div>
   <div class='ocr_carea' id='block_1_13' title="bbox 348 1147 1923 1220">
    <p class='ocr_par' dir='ltr' id='par_1_13' title="bbox 348 1147 1923 1220">
     <span class='ocr_line' id='line_1_13' title="bbox 348 1147 1923 1220; baseline -0.001 -16"><span class='ocrx_word' id='word_1_81' title='bbox 348 1149 514 1220; x_wconf 84' lang='grc' dir='ltr'>γελίῳ</span> <span class='ocrx_word' id='word_1_82' title='bbox 547 1151 575 1201; x_wconf 92' lang='lat'><strong>6</strong></span> <span class='ocrx_word' id='word_1_83' title='bbox 597 1148 800 1220; x_wconf 81' lang='grc' dir='ltr'>Κύριος</span> <span class='ocrx_word' id='word_1_84' title='bbox 835 1147 984 1218; x_wconf 82' lang='grc' dir='ltr'><strong>δηλοῖ</strong></span> <span class='ocrx_word' id='word_1_85' title='bbox 1017 1148 1218 1216; x_wconf 80' lang='grc' dir='ltr'>λέγων’</span> <span class='ocrx_word' id='word_1_86' title='bbox 1249 1151 1359 1203; x_wconf 76' lang='grc' dir='ltr'><strong>Καὶ</strong></span> <span class='ocrx_word' id='word_1_87' title='bbox 1390 1153 1442 1203; x_wconf 84' lang='grc' dir='ltr'>εὶ</span> <span class='ocrx_word' id='word_1_88' title='bbox 1471 1149 1734 1219; x_wconf 80' lang='grc' dir='ltr'>ἀγαπᾶτε</span> <span class='ocrx_word' id='word_1_89' title='bbox 1780 1150 1923 1216; x_wconf 90' lang='grc' dir='ltr'>τοὺς</span> 
     </span>
    </p>
   </div>
   <div class='ocr_carea' id='block_1_14' title="bbox 350 1237 1922 1309">
    <p class='ocr_par' dir='ltr' id='par_1_14' title="bbox 350 1237 1922 1309">
     <span class='ocr_line' id='line_1_14' title="bbox 350 1237 1922 1309; baseline -0.002 -14"><span class='ocrx_word' id='word_1_90' title='bbox 350 1238 704 1309; x_wconf 73' lang='grc' dir='ltr'>ἀγαπῶντας</span> <span class='ocrx_word' id='word_1_91' title='bbox 723 1237 898 1306; x_wconf 86' lang='grc' dir='ltr'>ὑμᾶς,</span> <span class='ocrx_word' id='word_1_92' title='bbox 916 1239 1056 1292; x_wconf 80' lang='grc' dir='ltr'>ποία</span> <span class='ocrx_word' id='word_1_93' title='bbox 1070 1237 1142 1308; x_wconf 67' lang='grc'><strong>(4)</strong></span> <span class='ocrx_word' id='word_1_94' title='bbox 1163 1240 1303 1307; x_wconf 79' lang='grc' dir='ltr'><strong>ὑμῖν</strong></span> <span class='ocrx_word' id='word_1_95' title='bbox 1321 1238 1491 1306; x_wconf 76' lang='grc' dir='ltr'>χάρις</span> <span class='ocrx_word' id='word_1_96' title='bbox 1508 1239 1671 1301; x_wconf 80' lang='grc' dir='ltr'>ἑστί;</span> <span class='ocrx_word' id='word_1_97' title='bbox 1690 1238 1787 1292; x_wconf 78' lang='grc' dir='ltr'>καὶ</span> <span class='ocrx_word' id='word_1_98' title='bbox 1811 1240 1922 1308; x_wconf 78' lang='grc' dir='ltr'>γὰρ</span> 
     </span>
    </p>
   </div>
   <div class='ocr_carea' id='block_1_15' title="bbox 349 1332 1917 1404">
    <p class='ocr_par' dir='ltr' id='par_1_15' title="bbox 349 1332 1917 1404">
     <span class='ocr_line' id='line_1_15' title="bbox 349 1332 1917 1404; baseline -0.003 -15"><span class='ocrx_word' id='word_1_99' title='bbox 349 1340 404 1389; x_wconf 86' lang='grc' dir='ltr'>οι</span> <span class='ocrx_word' id='word_1_100' title='bbox 427 1335 758 1404; x_wconf 75' lang='grc' dir='ltr'>ἁμαρτωλοί</span> <span class='ocrx_word' id='word_1_101' title='bbox 785 1334 925 1398; x_wconf 87' lang='grc' dir='ltr'>τοὺς</span> <span class='ocrx_word' id='word_1_102' title='bbox 954 1332 1307 1403; x_wconf 70' lang='grc' dir='ltr'>ἀγαπῶντας</span> <span class='ocrx_word' id='word_1_103' title='bbox 1331 1333 1552 1399; x_wconf 79' lang='grc' dir='ltr'>αὐτοὺς</span> <span class='ocrx_word' id='word_1_104' title='bbox 1573 1333 1887 1402; x_wconf 77' lang='grc' dir='ltr'>ἀγαπῶσιν</span> <span class='ocrx_word' id='word_1_105' title='bbox 1904 1350 1917 1362; x_wconf 74' lang='grc' dir='ltr'><strong>ο</strong></span> 
     </span>
    </p>
   </div>
   <div class='ocr_carea' id='block_1_16' title="bbox 348 1425 1921 1496">
    <p class='ocr_par' dir='ltr' id='par_1_16' title="bbox 348 1425 1921 1496">
     <span class='ocr_line' id='line_1_16' title="bbox 348 1425 1921 1496; baseline -0.001 -17"><span class='ocrx_word' id='word_1_106' title='bbox 348 1429 398 1479; x_wconf 77' lang='grc' dir='ltr'>εἰ</span> <span class='ocrx_word' id='word_1_107' title='bbox 429 1426 486 1480; x_wconf 87' lang='grc' dir='ltr'><strong>δὲ</strong></span> <span class='ocrx_word' id='word_1_108' title='bbox 518 1427 810 1489; x_wconf 70' lang='grc' dir='ltr'><strong>κακοποιὸς</strong></span> <span class='ocrx_word' id='word_1_109' title='bbox 831 1443 844 1456; x_wconf 77' lang='grc' dir='ltr'><strong><em>ο</em></strong></span> <span class='ocrx_word' id='word_1_110' title='bbox 885 1428 978 1479; x_wconf 78' lang='grc' dir='ltr'><strong>καὶ</strong></span> <span class='ocrx_word' id='word_1_111' title='bbox 1010 1425 1181 1490; x_wconf 75' lang='grc' dir='ltr'>οὕτως</span> <span class='ocrx_word' id='word_1_112' title='bbox 1211 1427 1270 1480; x_wconf 81' lang='grc' dir='ltr'><strong>οὐ</strong></span> <span class='ocrx_word' id='word_1_113' title='bbox 1324 1427 1480 1496; x_wconf 85' lang='grc' dir='ltr'>μόνον</span> <span class='ocrx_word' id='word_1_114' title='bbox 1511 1425 1599 1478; x_wconf 79' lang='grc' dir='ltr'><strong>διὰ</strong></span> <span class='ocrx_word' id='word_1_115' title='bbox 1637 1426 1733 1496; x_wconf 79' lang='grc' dir='ltr'>τὴν</span> <span class='ocrx_word' id='word_1_116' title='bbox 1773 1427 1921 1478; x_wconf 64' lang='grc' dir='ltr'>ἐντος</span> 
     </span>
    </p>
   </div>
   <div class='ocr_carea' id='block_1_17' title="bbox 346 1515 1918 1587">
    <p class='ocr_par' dir='ltr' id='par_1_17' title="bbox 346 1515 1918 1587">
     <span class='ocr_line' id='line_1_17' title="bbox 346 1515 1918 1587; baseline -0.001 -17"><span class='ocrx_word' id='word_1_117' title='bbox 346 1515 468 1587; x_wconf 83' lang='grc' dir='ltr'>λὴν,</span> <span class='ocrx_word' id='word_1_118' title='bbox 499 1515 633 1568; x_wconf 82' lang='grc' dir='ltr'><strong>ἀλλὰ</strong></span> <span class='ocrx_word' id='word_1_119' title='bbox 661 1516 754 1568; x_wconf 77' lang='grc' dir='ltr'>καὶ</span> <span class='ocrx_word' id='word_1_120' title='bbox 795 1516 870 1577; x_wconf 85' lang='grc' dir='ltr'><em>ὡς</em></span> <span class='ocrx_word' id='word_1_121' title='bbox 909 1515 1016 1567; x_wconf 83' lang='grc' dir='ltr'><strong>τῶν</strong></span> <span class='ocrx_word' id='word_1_122' title='bbox 1061 1516 1324 1584; x_wconf 78' lang='grc' dir='ltr'><strong>μειζόνων</strong></span> <span class='ocrx_word' id='word_1_123' title='bbox 1373 1517 1667 1587; x_wconf 76' lang='grc' dir='ltr'><strong>εὐεργέτην</strong></span> <span class='ocrx_word' id='word_1_124' title='bbox 1702 1517 1918 1586; x_wconf 81' lang='grc' dir='ltr'>ἀγαπᾷν</span> 
     </span>
    </p>
   </div>
   <div class='ocr_carea' id='block_1_18' title="bbox 347 1604 1914 1676">
    <p class='ocr_par' dir='ltr' id='par_1_18' title="bbox 347 1604 1914 1676">
     <span class='ocr_line' id='line_1_18' title="bbox 347 1604 1914 1676; baseline -0.001 -18"><span class='ocrx_word' id='word_1_125' title='bbox 347 1606 658 1676; x_wconf 75' lang='grc' dir='ltr'>ὀφείλομεν·</span> <span class='ocrx_word' id='word_1_126' title='bbox 717 1604 771 1657; x_wconf 79' lang='grc' dir='ltr'>εἴ</span> <span class='ocrx_word' id='word_1_127' title='bbox 815 1621 878 1672; x_wconf 83' lang='grc' dir='ltr'><strong>γε</strong></span> <span class='ocrx_word' id='word_1_128' title='bbox 936 1604 1267 1676; x_wconf 83' lang='grc' dir='ltr'>πιστεύομεν</span> <span class='ocrx_word' id='word_1_129' title='bbox 1310 1605 1388 1676; x_wconf 82' lang='grc' dir='ltr'><strong>τῷ</strong></span> <span class='ocrx_word' id='word_1_130' title='bbox 1435 1605 1623 1675; x_wconf 83' lang='grc' dir='ltr'>Κυρίῳ</span> <span class='ocrx_word' id='word_1_131' title='bbox 1673 1605 1914 1658; x_wconf 83' lang='grc' dir='ltr'><strong>εἰπόντι·</strong></span> 
     </span>
    </p>
   </div>
   <div class='ocr_carea' id='block_1_19' title="bbox 293 1697 1916 1768">
    <p class='ocr_par' dir='ltr' id='par_1_19' title="bbox 293 1697 1916 1768">
     <span class='ocr_line' id='line_1_19' title="bbox 293 1697 1916 1768; baseline -0.001 -16"><span class='ocrx_word' id='word_1_132' title='bbox 293 1719 296 1722; x_wconf 54' lang='grc' dir='ltr'><strong>ί</strong></span> <span class='ocrx_word' id='word_1_133' title='bbox 347 1699 636 1766; x_wconf 82' lang='grc' dir='ltr'>Μακάριοί</span> <span class='ocrx_word' id='word_1_134' title='bbox 669 1698 828 1761; x_wconf 85' lang='grc' dir='ltr'>ἐστε,</span> <span class='ocrx_word' id='word_1_135' title='bbox 871 1697 1016 1750; x_wconf 83' lang='grc' dir='ltr'>ὅταν</span> <span class='ocrx_word' id='word_1_136' title='bbox 1045 1698 1425 1752; x_wconf 77' lang='grc' dir='ltr'><strong>ὀνειδίσωσιν</strong></span> <span class='ocrx_word' id='word_1_137' title='bbox 1454 1697 1628 1768; x_wconf 83' lang='grc' dir='ltr'>ὑμᾶς,</span> <span class='ocrx_word' id='word_1_138' title='bbox 1657 1698 1754 1751; x_wconf 77' lang='grc' dir='ltr'>καὶ</span> <span class='ocrx_word' id='word_1_139' title='bbox 1784 1697 1916 1750; x_wconf 77' lang='grc' dir='ltr'><strong>διώ-</strong></span> 
     </span>
    </p>
   </div>
   <div class='ocr_carea' id='block_1_20' title="bbox 2029 509 3602 577">
    <p class='ocr_par' dir='ltr' id='par_1_20' title="bbox 2029 509 3602 577">
     <span class='ocr_line' id='line_1_20' title="bbox 2029 509 3602 577; baseline 0.008 -18"><span class='ocrx_word' id='word_1_140' title='bbox 2029 509 2198 577; x_wconf 88' lang='lat' dir='ltr'><strong>ipsum</strong></span> <span class='ocrx_word' id='word_1_141' title='bbox 2220 511 2308 563; x_wconf 75' lang='lat' dir='ltr'><strong>&quot;z</strong></span> <span class='ocrx_word' id='word_1_142' title='bbox 2350 520 2463 564; x_wconf 88' lang='lat' dir='ltr'><strong>tum</strong></span> <span class='ocrx_word' id='word_1_143' title='bbox 2497 511 2660 564; x_wconf 89' lang='lat' dir='ltr'><strong>etiam</strong></span> <span class='ocrx_word' id='word_1_144' title='bbox 2727 512 2772 566; x_wconf 87' lang='lat' dir='ltr'><strong>si</strong></span> <span class='ocrx_word' id='word_1_145' title='bbox 2839 513 3057 566; x_wconf 88' lang='lat' dir='ltr'><strong>studeat</strong></span> <span class='ocrx_word' id='word_1_146' title='bbox 3120 514 3350 567; x_wconf 86' lang='lat' dir='ltr'><strong>Domino</strong></span> <span class='ocrx_word' id='word_1_147' title='bbox 3404 517 3602 572; x_wconf 83' lang='lat' dir='ltr'><strong>similis</strong></span> 
     </span>
    </p>
   </div>
   <div class='ocr_carea' id='block_1_21' title="bbox 2027 599 3602 669">
    <p class='ocr_par' dir='ltr' id='par_1_21' title="bbox 2027 599 3602 669">
     <span class='ocr_line' id='line_1_21' title="bbox 2027 599 3602 669; baseline 0.006 -18"><span class='ocrx_word' id='word_1_148' title='bbox 2027 600 2163 663; x_wconf 82' lang='lat' dir='ltr'><strong>ﬁeri,</strong></span> <span class='ocrx_word' id='word_1_149' title='bbox 2205 601 2299 669; x_wconf 85' lang='lat' dir='ltr'><strong>qui</strong></span> <span class='ocrx_word' id='word_1_150' title='bbox 2353 602 2492 655; x_wconf 81' lang='lat' dir='ltr'><strong>dixit</strong></span> <span class='ocrx_word' id='word_1_151' title='bbox 2525 620 2536 655; x_wconf 93' lang='lat'>:</span> <span class='ocrx_word' id='word_1_152' title='bbox 2574 599 2891 654; x_wconf 76' lang='lat' dir='ltr'><strong>Mandatum</strong></span> <span class='ocrx_word' id='word_1_153' title='bbox 2926 619 3112 656; x_wconf 86' lang='lat' dir='ltr'><strong>novum</strong></span> <span class='ocrx_word' id='word_1_154' title='bbox 3143 605 3212 658; x_wconf 91' lang='lat' dir='ltr'><strong>do</strong></span> <span class='ocrx_word' id='word_1_155' title='bbox 3240 606 3402 669; x_wconf 88' lang='lat' dir='ltr'><strong>vobis,</strong></span> <span class='ocrx_word' id='word_1_156' title='bbox 3431 616 3488 660; x_wconf 89' lang='lat' dir='ltr'><strong>ut</strong></span> <span class='ocrx_word' id='word_1_157' title='bbox 3517 608 3602 660; x_wconf 76' lang='lat' dir='ltr'><strong>di-</strong></span> 
     </span>
    </p>
   </div>
   <div class='ocr_carea' id='block_1_22' title="bbox 2026 689 3598 767">
    <p class='ocr_par' dir='ltr' id='par_1_22' title="bbox 2026 689 3598 767">
     <span class='ocr_line' id='line_1_22' title="bbox 2026 689 3598 767; baseline 0.007 -25"><span class='ocrx_word' id='word_1_158' title='bbox 2026 689 2203 759; x_wconf 76' lang='lat' dir='ltr'><strong>ligatis</strong></span> <span class='ocrx_word' id='word_1_159' title='bbox 2232 692 2474 755; x_wconf 78' lang='lat' dir='ltr'><strong>inuicem,</strong></span> <span class='ocrx_word' id='word_1_160' title='bbox 2507 693 2643 744; x_wconf 91' lang='lat' dir='ltr'><strong>sicut</strong></span> <span class='ocrx_word' id='word_1_161' title='bbox 2692 709 2784 762; x_wconf 87' lang='lat' dir='ltr'><strong>ego</strong></span> <span class='ocrx_word' id='word_1_162' title='bbox 2817 692 2982 747; x_wconf 78' lang='lat' dir='ltr'><strong><em>dilexi</em></strong></span> <span class='ocrx_word' id='word_1_163' title='bbox 3031 712 3115 749; x_wconf 77' lang='lat' dir='ltr'><strong><em>vos</em></strong></span> <span class='ocrx_word' id='word_1_164' title='bbox 3139 697 3184 727; x_wconf 82' lang='grc'><em>³³</em></span> <span class='ocrx_word' id='word_1_165' title='bbox 3217 715 3231 762; x_wconf 87' lang='grc'><strong>;</strong></span> <span class='ocrx_word' id='word_1_166' title='bbox 3263 698 3500 767; x_wconf 89' lang='lat' dir='ltr'><strong>denique</strong></span> <span class='ocrx_word' id='word_1_167' title='bbox 3552 701 3598 756; x_wconf 87' lang='lat' dir='ltr'><strong>si</strong></span> 
     </span>
    </p>
   </div>
   <div class='ocr_carea' id='block_1_23' title="bbox 2025 777 3600 847">
    <p class='ocr_par' dir='ltr' id='par_1_23' title="bbox 2025 777 3600 847">
     <span class='ocr_line' id='line_1_23' title="bbox 2025 777 3600 847; baseline 0.008 -19"><span class='ocrx_word' id='word_1_168' title='bbox 2025 792 2211 829; x_wconf 88' lang='lat' dir='ltr'><strong>secum</strong></span> <span class='ocrx_word' id='word_1_169' title='bbox 2249 777 2323 830; x_wconf 90' lang='lat' dir='ltr'><strong>ita</strong></span> <span class='ocrx_word' id='word_1_170' title='bbox 2389 780 2590 847; x_wconf 79' lang='lat' dir='ltr'><strong>cogitet</strong></span> <span class='ocrx_word' id='word_1_171' title='bbox 2623 799 2635 834; x_wconf 91' lang='lat'><strong>:</strong></span> <span class='ocrx_word' id='word_1_172' title='bbox 2701 781 2759 832; x_wconf 86' lang='lat' dir='ltr'><strong>Si</strong></span> <span class='ocrx_word' id='word_1_173' title='bbox 2791 782 2858 836; x_wconf 87' lang='lat' dir='ltr'><strong>de</strong></span> <span class='ocrx_word' id='word_1_174' title='bbox 2891 783 3051 838; x_wconf 89' lang='lat' dir='ltr'><strong>nobis</strong></span> <span class='ocrx_word' id='word_1_175' title='bbox 3082 785 3218 838; x_wconf 78' lang='lat' dir='ltr'><strong>bene</strong></span> <span class='ocrx_word' id='word_1_176' title='bbox 3257 788 3486 842; x_wconf 87' lang='lat' dir='ltr'><strong>meritus</strong></span> <span class='ocrx_word' id='word_1_177' title='bbox 3515 796 3600 843; x_wconf 90' lang='lat' dir='ltr'><strong>est</strong></span> 
     </span>
    </p>
   </div>
   <div class='ocr_carea' id='block_1_24' title="bbox 2025 867 3600 941">
    <p class='ocr_par' dir='ltr' id='par_1_24' title="bbox 2025 867 3600 941">
     <span class='ocr_line' id='line_1_24' title="bbox 2025 867 3600 941; baseline 0.008 -22"><span class='ocrx_word' id='word_1_178' title='bbox 2025 867 2214 929; x_wconf 82' lang='lat' dir='ltr'><strong>frater,</strong></span> <span class='ocrx_word' id='word_1_179' title='bbox 2250 867 2514 925; x_wconf 88' lang='lat' dir='ltr'><strong>debemus</strong></span> <span class='ocrx_word' id='word_1_180' title='bbox 2543 873 2593 924; x_wconf 77' lang='lat' dir='ltr'><strong>ei</strong></span> <span class='ocrx_word' id='word_1_181' title='bbox 2620 873 2703 924; x_wconf 72' lang='lat' dir='ltr'><strong>vel</strong></span> <span class='ocrx_word' id='word_1_182' title='bbox 2737 872 2859 941; x_wconf 89' lang='lat' dir='ltr'><strong>ipso</strong></span> <span class='ocrx_word' id='word_1_183' title='bbox 2892 873 3134 928; x_wconf 85' lang='lat' dir='ltr'><strong>humano</strong></span> <span class='ocrx_word' id='word_1_184' title='bbox 3184 892 3333 931; x_wconf 83' lang='lat' dir='ltr'><strong>more</strong></span> <span class='ocrx_word' id='word_1_185' title='bbox 3359 879 3600 932; x_wconf 79' lang='lat' dir='ltr'><strong>Charita-</strong></span> 
     </span>
    </p>
   </div>
   <div class='ocr_carea' id='block_1_25' title="bbox 2024 959 3599 1038">
    <p class='ocr_par' dir='ltr' id='par_1_25' title="bbox 2024 959 3599 1038">
     <span class='ocr_line' id='line_1_25' title="bbox 2024 959 3599 1038; baseline 0.01 -31"><span class='ocrx_word' id='word_1_186' title='bbox 2024 964 2153 1018; x_wconf 88' lang='lat' dir='ltr'><strong>tem,</strong></span> <span class='ocrx_word' id='word_1_187' title='bbox 2199 972 2362 1025; x_wconf 86' lang='lat' dir='ltr'><strong>quam</strong></span> <span class='ocrx_word' id='word_1_188' title='bbox 2398 959 2562 1012; x_wconf 88' lang='lat' dir='ltr'><strong>etiam</strong></span> <span class='ocrx_word' id='word_1_189' title='bbox 2600 971 2820 1014; x_wconf 84' lang='lat' dir='ltr'><strong>servant</strong></span> <span class='ocrx_word' id='word_1_190' title='bbox 2860 964 3111 1032; x_wconf 71' lang='lat' dir='ltr'><strong>gentiles,</strong></span> <span class='ocrx_word' id='word_1_191' title='bbox 3163 973 3222 1016; x_wconf 91' lang='lat' dir='ltr'><strong>ut</strong></span> <span class='ocrx_word' id='word_1_192' title='bbox 3264 966 3317 1018; x_wconf 92' lang='lat' dir='ltr'><strong>in</strong></span> <span class='ocrx_word' id='word_1_193' title='bbox 3359 966 3599 1038; x_wconf 74' lang='lat' dir='ltr'><strong>Evange-</strong></span> 
     </span>
    </p>
   </div>
   <div class='ocr_carea' id='block_1_26' title="bbox 2023 1046 3595 1127">
    <p class='ocr_par' dir='ltr' id='par_1_26' title="bbox 2023 1046 3595 1127">
     <span class='ocr_line' id='line_1_26' title="bbox 2023 1046 3595 1127; baseline 0.008 -28"><span class='ocrx_word' id='word_1_194' title='bbox 2023 1047 2095 1100; x_wconf 92' lang='lat' dir='ltr'><strong>lio</strong></span> <span class='ocrx_word' id='word_1_195' title='bbox 2131 1046 2392 1103; x_wconf 84' lang='lat' dir='ltr'><strong>Dominus</strong></span> <span class='ocrx_word' id='word_1_196' title='bbox 2450 1051 2696 1104; x_wconf 75' lang='lat' dir='ltr'><strong>declarat</strong></span> <span class='ocrx_word' id='word_1_197' title='bbox 2752 1052 2836 1106; x_wconf 88' lang='lat' dir='ltr'><strong>his</strong></span> <span class='ocrx_word' id='word_1_198' title='bbox 2892 1055 3122 1110; x_wconf 82' lang='lat' dir='ltr'><strong>verbis:</strong></span> <span class='ocrx_word' id='word_1_199' title='bbox 3179 1055 3246 1108; x_wconf 88' lang='lat' dir='ltr'><strong><em>Et</em></strong></span> <span class='ocrx_word' id='word_1_200' title='bbox 3285 1057 3332 1110; x_wconf 87' lang='lat' dir='ltr'><strong>si</strong></span> <span class='ocrx_word' id='word_1_201' title='bbox 3373 1057 3595 1127; x_wconf 77' lang='lat' dir='ltr'><strong>diligitis</strong></span> 
     </span>
    </p>
   </div>
   <div class='ocr_carea' id='block_1_27' title="bbox 2021 1139 3598 1216">
    <p class='ocr_par' dir='ltr' id='par_1_27' title="bbox 2021 1139 3598 1216">
     <span class='ocr_line' id='line_1_27' title="bbox 2021 1139 3598 1216; baseline 0.007 -27"><span class='ocrx_word' id='word_1_202' title='bbox 2021 1153 2107 1190; x_wconf 91' lang='lat' dir='ltr'><strong><em>eos</em></strong></span> <span class='ocrx_word' id='word_1_203' title='bbox 2128 1139 2217 1207; x_wconf 88' lang='lat' dir='ltr'><strong>qui</strong></span> <span class='ocrx_word' id='word_1_204' title='bbox 2248 1155 2334 1192; x_wconf 74' lang='lat' dir='ltr'><strong><em>vos</em></strong></span> <span class='ocrx_word' id='word_1_205' title='bbox 2391 1140 2640 1210; x_wconf 85' lang='lat' dir='ltr'><strong>diligunt,</strong></span> <span class='ocrx_word' id='word_1_206' title='bbox 2669 1159 2785 1212; x_wconf 76' lang='lat' dir='ltr'><strong>qua:</strong></span> <span class='ocrx_word' id='word_1_207' title='bbox 2831 1146 2973 1198; x_wconf 84' lang='lat' dir='ltr'><strong><em>vobis</em></strong></span> <span class='ocrx_word' id='word_1_208' title='bbox 2998 1155 3076 1199; x_wconf 89' lang='lat' dir='ltr'><strong><em>est</em></strong></span> <span class='ocrx_word' id='word_1_209' title='bbox 3127 1148 3348 1216; x_wconf 84' lang='lat' dir='ltr'><strong>gratia?</strong></span> <span class='ocrx_word' id='word_1_210' title='bbox 3375 1164 3500 1200; x_wconf 90' lang='lat' dir='ltr'><strong>nam</strong></span> <span class='ocrx_word' id='word_1_211' title='bbox 3545 1159 3598 1202; x_wconf 86' lang='lat' dir='ltr'><strong>et</strong></span> 
     </span>
    </p>
   </div>
   <div class='ocr_carea' id='block_1_28' title="bbox 2019 1232 3596 1305">
    <p class='ocr_par' dir='ltr' id='par_1_28' title="bbox 2019 1232 3596 1305">
     <span class='ocr_line' id='line_1_28' title="bbox 2019 1232 3596 1305; baseline 0.009 -24"><span class='ocrx_word' id='word_1_212' title='bbox 2019 1241 2315 1297; x_wconf 86' lang='lat' dir='ltr'><strong>peccatores</strong></span> <span class='ocrx_word' id='word_1_213' title='bbox 2349 1232 2623 1302; x_wconf 79' lang='lat' dir='ltr'><strong>diligentes</strong></span> <span class='ocrx_word' id='word_1_214' title='bbox 2655 1251 2709 1287; x_wconf 90' lang='lat' dir='ltr'><strong>se</strong></span> <span class='ocrx_word' id='word_1_215' title='bbox 2747 1236 2977 1305; x_wconf 87' lang='lat' dir='ltr'><strong>diligunt</strong></span> <span class='ocrx_word' id='word_1_216' title='bbox 2997 1237 3079 1302; x_wconf 68' lang='lat'><strong>81*;</strong></span> <span class='ocrx_word' id='word_1_217' title='bbox 3119 1241 3202 1293; x_wconf 87' lang='lat' dir='ltr'><strong>sin</strong></span> <span class='ocrx_word' id='word_1_218' title='bbox 3239 1246 3422 1292; x_wconf 88' lang='lat' dir='ltr'><strong>autem</strong></span> <span class='ocrx_word' id='word_1_219' title='bbox 3453 1240 3596 1295; x_wconf 85' lang='lat' dir='ltr'><strong>male</strong></span> 
     </span>
    </p>
   </div>
   <div class='ocr_carea' id='block_1_29' title="bbox 2021 1323 3599 1398">
    <p class='ocr_par' dir='ltr' id='par_1_29' title="bbox 2021 1323 3599 1398">
     <span class='ocr_line' id='line_1_29' title="bbox 2021 1323 3599 1398; baseline 0.007 -25"><span class='ocrx_word' id='word_1_220' title='bbox 2021 1323 2251 1376; x_wconf 86' lang='lat' dir='ltr'><strong>meritus</strong></span> <span class='ocrx_word' id='word_1_221' title='bbox 2284 1331 2388 1387; x_wconf 87' lang='lat' dir='ltr'><strong>est,</strong></span> <span class='ocrx_word' id='word_1_222' title='bbox 2420 1325 2583 1377; x_wconf 89' lang='lat' dir='ltr'><strong>etiam</strong></span> <span class='ocrx_word' id='word_1_223' title='bbox 2615 1326 2694 1378; x_wconf 89' lang='lat' dir='ltr'><strong>sic</strong></span> <span class='ocrx_word' id='word_1_224' title='bbox 2713 1342 2837 1378; x_wconf 89' lang='lat' dir='ltr'><strong>eum</strong></span> <span class='ocrx_word' id='word_1_225' title='bbox 2865 1341 2972 1380; x_wconf 90' lang='lat' dir='ltr'><strong>non</strong></span> <span class='ocrx_word' id='word_1_226' title='bbox 3000 1329 3161 1380; x_wconf 88' lang='lat' dir='ltr'><strong>modo</strong></span> <span class='ocrx_word' id='word_1_227' title='bbox 3190 1342 3411 1398; x_wconf 79' lang='lat' dir='ltr'><strong>prapter</strong></span> <span class='ocrx_word' id='word_1_228' title='bbox 3439 1345 3599 1384; x_wconf 85' lang='lat' dir='ltr'><strong>man-</strong></span> 
     </span>
    </p>
   </div>
   <div class='ocr_carea' id='block_1_30' title="bbox 2020 1413 3590 1487">
    <p class='ocr_par' dir='ltr' id='par_1_30' title="bbox 2020 1413 3590 1487">
     <span class='ocr_line' id='line_1_30' title="bbox 2020 1413 3590 1487; baseline 0.004 -20"><span class='ocrx_word' id='word_1_229' title='bbox 2020 1413 2232 1477; x_wconf 88' lang='lat' dir='ltr'><strong>datum,</strong></span> <span class='ocrx_word' id='word_1_230' title='bbox 2263 1417 2356 1469; x_wconf 92' lang='lat' dir='ltr'><strong>sed</strong></span> <span class='ocrx_word' id='word_1_231' title='bbox 2389 1418 2552 1470; x_wconf 83' lang='lat' dir='ltr'><strong>etiam</strong></span> <span class='ocrx_word' id='word_1_232' title='bbox 2587 1426 2845 1485; x_wconf 79' lang='lat' dir='ltr'><strong>tanquam</strong></span> <span class='ocrx_word' id='word_1_233' title='bbox 2894 1419 3162 1487; x_wconf 84' lang='lat' dir='ltr'><strong>majorum</strong></span> <span class='ocrx_word' id='word_1_234' title='bbox 3201 1421 3590 1475; x_wconf 82' lang='lat' dir='ltr'><strong>beneﬁciorum</strong></span> 
     </span>
    </p>
   </div>
   <div class='ocr_carea' id='block_1_31' title="bbox 2020 1505 3596 1578">
    <p class='ocr_par' dir='ltr' id='par_1_31' title="bbox 2020 1505 3596 1578">
     <span class='ocr_line' id='line_1_31' title="bbox 2020 1505 3596 1578; baseline 0.006 -20"><span class='ocrx_word' id='word_1_235' title='bbox 2020 1505 2333 1575; x_wconf 82' lang='lat' dir='ltr'><strong>largitorem</strong></span> <span class='ocrx_word' id='word_1_236' title='bbox 2357 1509 2621 1562; x_wconf 85' lang='lat' dir='ltr'><strong>debemus</strong></span> <span class='ocrx_word' id='word_1_237' title='bbox 2645 1509 2900 1578; x_wconf 83' lang='lat' dir='ltr'><strong>diligere;</strong></span> <span class='ocrx_word' id='word_1_238' title='bbox 2945 1511 2992 1565; x_wconf 88' lang='lat' dir='ltr'><strong>si</strong></span> <span class='ocrx_word' id='word_1_239' title='bbox 3024 1511 3188 1565; x_wconf 89' lang='lat' dir='ltr'><strong>modo</strong></span> <span class='ocrx_word' id='word_1_240' title='bbox 3214 1512 3444 1568; x_wconf 89' lang='lat' dir='ltr'><strong>Domino</strong></span> <span class='ocrx_word' id='word_1_241' title='bbox 3476 1529 3596 1568; x_wconf 88' lang='lat' dir='ltr'><strong>cre-</strong></span> 
     </span>
    </p>
   </div>
   <div class='ocr_carea' id='block_1_32' title="bbox 2019 1598 3596 1673">
    <p class='ocr_par' dir='ltr' id='par_1_32' title="bbox 2019 1598 3596 1673">
     <span class='ocr_line' id='line_1_32' title="bbox 2019 1598 3596 1673; baseline 0.004 -21"><span class='ocrx_word' id='word_1_242' title='bbox 2019 1598 2232 1663; x_wconf 86' lang='lat' dir='ltr'><strong>damus,</strong></span> <span class='ocrx_word' id='word_1_243' title='bbox 2286 1601 2379 1668; x_wconf 89' lang='lat' dir='ltr'><strong>qui</strong></span> <span class='ocrx_word' id='word_1_244' title='bbox 2409 1600 2548 1654; x_wconf 80' lang='lat' dir='ltr'><strong>dixit</strong></span> <span class='ocrx_word' id='word_1_245' title='bbox 2581 1616 2594 1650; x_wconf 91' lang='lat'><strong>:</strong></span> <span class='ocrx_word' id='word_1_246' title='bbox 2637 1601 2784 1654; x_wconf 83' lang='lat' dir='ltr'><strong>Beati</strong></span> <span class='ocrx_word' id='word_1_247' title='bbox 2841 1603 2989 1666; x_wconf 81' lang='lat' dir='ltr'><strong><em>estis,</em></strong></span> <span class='ocrx_word' id='word_1_248' title='bbox 3041 1618 3160 1656; x_wconf 91' lang='lat' dir='ltr'><strong>cum</strong></span> <span class='ocrx_word' id='word_1_249' title='bbox 3199 1619 3286 1659; x_wconf 85' lang='lat' dir='ltr'><strong><em>vos</em></strong></span> <span class='ocrx_word' id='word_1_250' title='bbox 3323 1604 3596 1673; x_wconf 73' lang='lat' dir='ltr'><strong>aﬂ&#39;ecerint</strong></span> 
     </span>
    </p>
   </div>
   <div class='ocr_carea' id='block_1_33' title="bbox 2016 1691 3594 1762">
    <p class='ocr_par' dir='ltr' id='par_1_33' title="bbox 2016 1691 3594 1762">
     <span class='ocr_line' id='line_1_33' title="bbox 2016 1691 3594 1762; baseline 0.005 -20"><span class='ocrx_word' id='word_1_251' title='bbox 2016 1691 2246 1758; x_wconf 78' lang='lat' dir='ltr'><strong>probris,</strong></span> <span class='ocrx_word' id='word_1_252' title='bbox 2303 1700 2353 1744; x_wconf 90' lang='lat' dir='ltr'><strong>et</strong></span> <span class='ocrx_word' id='word_1_253' title='bbox 2391 1693 2649 1761; x_wconf 82' lang='lat' dir='ltr'><strong>persecuti</strong></span> <span class='ocrx_word' id='word_1_254' title='bbox 2688 1709 2774 1746; x_wconf 84' lang='lat' dir='ltr'><strong><em>vos</em></strong></span> <span class='ocrx_word' id='word_1_255' title='bbox 2809 1695 3026 1762; x_wconf 79' lang='lat' dir='ltr'><strong>fuerint,</strong></span> <span class='ocrx_word' id='word_1_256' title='bbox 3072 1704 3121 1748; x_wconf 89' lang='lat' dir='ltr'><strong>et</strong></span> <span class='ocrx_word' id='word_1_257' title='bbox 3151 1695 3384 1750; x_wconf 72' lang='lat' dir='ltr'><strong>dixerint</strong></span> <span class='ocrx_word' id='word_1_258' title='bbox 3443 1714 3594 1751; x_wconf 86' lang='lat' dir='ltr'><strong>omne</strong></span> 
     </span>
    </p>
   </div>
   <div class='ocr_carea' id='block_1_34' title="bbox 347 1782 1914 1858">
    <p class='ocr_par' dir='ltr' id='par_1_34' title="bbox 347 1785 1911 1858">
     <span class='ocr_line' id='line_1_34' title="bbox 347 1785 1911 1858; baseline 0 -17"><span class='ocrx_word' id='word_1_259' title='bbox 347 1788 518 1851; x_wconf 76' lang='grc' dir='ltr'>ξωσι,</span> <span class='ocrx_word' id='word_1_260' title='bbox 552 1787 652 1841; x_wconf 83' lang='grc' dir='ltr'>καὶ</span> <span class='ocrx_word' id='word_1_261' title='bbox 677 1787 891 1840; x_wconf 77' lang='grc' dir='ltr'>εἴπωσι</span> <span class='ocrx_word' id='word_1_262' title='bbox 930 1785 1052 1841; x_wconf 81' lang='grc' dir='ltr'><em>πᾶν</em></span> <span class='ocrx_word' id='word_1_263' title='bbox 1089 1788 1357 1855; x_wconf 80' lang='grc' dir='ltr'><strong>πονηρὸν</strong></span> <span class='ocrx_word' id='word_1_264' title='bbox 1373 1788 1539 1858; x_wconf 73' lang='grc' dir='ltr'>ῥῆμα</span> <span class='ocrx_word' id='word_1_265' title='bbox 1571 1791 1698 1843; x_wconf 79' lang='grc' dir='ltr'>καθ’</span> <span class='ocrx_word' id='word_1_266' title='bbox 1726 1789 1911 1858; x_wconf 82' lang='grc' dir='ltr'><strong>ὑμῶν,</strong></span> 
     </span>
    </p>
   </div>
   <div class='ocr_carea' id='block_1_35' title="bbox 2017 1782 3596 1858">
    <p class='ocr_par' dir='ltr' id='par_1_35' title="bbox 2018 1782 3596 1858">
     <span class='ocr_line' id='line_1_35' title="bbox 2018 1782 3596 1858; baseline 0.004 -23"><span class='ocrx_word' id='word_1_267' title='bbox 2018 1782 2224 1835; x_wconf 78' lang='lat' dir='ltr'><strong><em>verbum</em></strong></span> <span class='ocrx_word' id='word_1_268' title='bbox 2281 1785 2482 1836; x_wconf 91' lang='lat' dir='ltr'><strong>malum</strong></span> <span class='ocrx_word' id='word_1_269' title='bbox 2533 1787 2810 1838; x_wconf 87' lang='lat' dir='ltr'><strong>adversum</strong></span> <span class='ocrx_word' id='word_1_270' title='bbox 2855 1802 2964 1850; x_wconf 83' lang='lat' dir='ltr'><strong>vos,</strong></span> <span class='ocrx_word' id='word_1_271' title='bbox 3005 1787 3333 1854; x_wconf 81' lang='lat' dir='ltr'><strong><em>mentientes,</em></strong></span> <span class='ocrx_word' id='word_1_272' title='bbox 3381 1798 3596 1858; x_wconf 77' lang='lat' dir='ltr'><strong>propter</strong></span> 
     </span>
    </p>
   </div>
   <div class='ocr_carea' id='block_1_36' title="bbox 345 1880 1914 1950">
    <p class='ocr_par' dir='ltr' id='par_1_36' title="bbox 345 1880 1914 1950">
     <span class='ocr_line' id='line_1_36' title="bbox 345 1880 1914 1950; baseline 0.001 -16"><span class='ocrx_word' id='word_1_273' title='bbox 345 1880 734 1949; x_wconf 71' lang='grc' dir='ltr'><strong>ψευδόμενοι,</strong></span> <span class='ocrx_word' id='word_1_274' title='bbox 796 1880 1006 1934; x_wconf 78' lang='grc' dir='ltr'>ἕνεκεν</span> <span class='ocrx_word' id='word_1_275' title='bbox 1057 1880 1223 1948; x_wconf 79' lang='grc' dir='ltr'>ἐμοῦ.</span> <span class='ocrx_word' id='word_1_276' title='bbox 1276 1883 1518 1948; x_wconf 78' lang='grc' dir='ltr'>Χαίρετε</span> <span class='ocrx_word' id='word_1_277' title='bbox 1581 1882 1678 1935; x_wconf 79' lang='grc' dir='ltr'>καὶ</span> <span class='ocrx_word' id='word_1_278' title='bbox 1733 1883 1914 1950; x_wconf 77' lang='grc' dir='ltr'>ἀγαλ-</span> 
     </span>
    </p>
   </div>
   <div class='ocr_carea' id='block_1_37' title="bbox 344 1971 1915 2043">
    <p class='ocr_par' dir='ltr' id='par_1_37' title="bbox 344 1971 1915 2043">
     <span class='ocr_line' id='line_1_37' title="bbox 344 1971 1915 2043; baseline 0.003 -17"><span class='ocrx_word' id='word_1_279' title='bbox 344 1971 575 2035; x_wconf 77' lang='grc' dir='ltr'>λιᾶσθε,</span> <span class='ocrx_word' id='word_1_280' title='bbox 607 1972 698 2025; x_wconf 87' lang='grc' dir='ltr'>ὅτι</span> <span class='ocrx_word' id='word_1_281' title='bbox 737 1975 769 2026; x_wconf 83' lang='grc' dir='ltr'><em>ὁ</em></span> <span class='ocrx_word' id='word_1_282' title='bbox 791 1974 1011 2042; x_wconf 82' lang='grc' dir='ltr'><strong>μισθὸς</strong></span> <span class='ocrx_word' id='word_1_283' title='bbox 1038 1974 1206 2043; x_wconf 78' lang='grc' dir='ltr'><strong>ὑμῶν</strong></span> <span class='ocrx_word' id='word_1_284' title='bbox 1237 1975 1430 2041; x_wconf 82' lang='grc' dir='ltr'><em>πολὺς</em></span> <span class='ocrx_word' id='word_1_285' title='bbox 1469 1975 1538 2027; x_wconf 83' lang='grc' dir='ltr'><strong>ἐν</strong></span> <span class='ocrx_word' id='word_1_286' title='bbox 1577 1974 1703 2038; x_wconf 88' lang='grc' dir='ltr'>τοῖς</span> <span class='ocrx_word' id='word_1_287' title='bbox 1741 1975 1915 2041; x_wconf 85' lang='grc' dir='ltr'>οὐρα-</span> 
     </span>
    </p>
   </div>
   <div class='ocr_carea' id='block_1_38' title="bbox 343 2083 490 2130">
    <p class='ocr_par' dir='ltr' id='par_1_38' title="bbox 343 2083 490 2130">
     <span class='ocr_line' id='line_1_38' title="bbox 343 2083 490 2130; baseline -0.007 -13"><span class='ocrx_word' id='word_1_288' title='bbox 343 2083 490 2130; x_wconf 72' lang='grc' dir='ltr'>νοις.</span> 
     </span>
    </p>
   </div>
   <div class='ocr_carea' id='block_1_39' title="bbox 861 2176 1392 2232">
    <p class='ocr_par' dir='ltr' id='par_1_39' title="bbox 861 2176 1392 2232">
     <span class='ocr_line' id='line_1_39' title="bbox 861 2176 1392 2232; baseline 0.008 -4"><span class='ocrx_word' id='word_1_289' title='bbox 861 2176 1196 2231; x_wconf 83' lang='grc' dir='ltr'><strong>ΕΡΩΤΗΣΙΣ</strong></span> <span class='ocrx_word' id='word_1_290' title='bbox 1233 2178 1392 2232; x_wconf 82' lang='grc' dir='ltr'><strong>ΡΞΔ’.</strong></span> 
     </span>
    </p>
   </div>
   <div class='ocr_carea' id='block_1_40' title="bbox 352 2289 1906 2362">
    <p class='ocr_par' dir='ltr' id='par_1_40' title="bbox 352 2289 1906 2362">
     <span class='ocr_line' id='line_1_40' title="bbox 352 2289 1906 2362; baseline 0.001 -18"><span class='ocrx_word' id='word_1_291' title='bbox 352 2289 506 2359; x_wconf 70' lang='grc' dir='ltr'><strong>Τι’(ὃ)</strong></span> <span class='ocrx_word' id='word_1_292' title='bbox 523 2289 656 2343; x_wconf 88' lang='grc' dir='ltr'>ἐστι</span> <span class='ocrx_word' id='word_1_293' title='bbox 695 2289 780 2354; x_wconf 88' lang='grc' dir='ltr'>τὸ,</span> <span class='ocrx_word' id='word_1_294' title='bbox 811 2309 830 2342; x_wconf 75' lang='grc' dir='ltr'><strong>ι</strong></span> <span class='ocrx_word' id='word_1_295' title='bbox 864 2293 958 2358; x_wconf 77' lang='grc' dir='ltr'><strong>Μὴ</strong></span> <span class='ocrx_word' id='word_1_296' title='bbox 997 2308 1247 2360; x_wconf 83' lang='grc' dir='ltr'>κρινετε,</span> <span class='ocrx_word' id='word_1_297' title='bbox 1285 2291 1383 2345; x_wconf 79' lang='grc' dir='ltr'>καὶ</span> <span class='ocrx_word' id='word_1_298' title='bbox 1409 2293 1481 2346; x_wconf 86' lang='grc' dir='ltr'>οὑ</span> <span class='ocrx_word' id='word_1_299' title='bbox 1505 2291 1591 2362; x_wconf 80' lang='grc' dir='ltr'><strong>μὴ</strong></span> <span class='ocrx_word' id='word_1_300' title='bbox 1619 2292 1906 2362; x_wconf 71' lang='grc' dir='ltr'>κριθῆτε.»</span> 
     </span>
    </p>
   </div>
   <div class='ocr_carea' id='block_1_41' title="bbox 926 2464 1315 2516">
    <p class='ocr_par' dir='ltr' id='par_1_41' title="bbox 926 2464 1315 2516">
     <span class='ocr_line' id='line_1_41' title="bbox 926 2464 1315 2516; baseline 0 -1"><span class='ocrx_word' id='word_1_301' title='bbox 926 2464 1315 2516; x_wconf 79' lang='grc' dir='ltr'><strong>ΑΠΟΚΡΙΣΙΣ.</strong></span> 
     </span>
    </p>
   </div>
   <div class='ocr_carea' id='block_1_42' title="bbox 413 2568 1910 2641">
    <p class='ocr_par' dir='ltr' id='par_1_42' title="bbox 413 2568 1910 2641">
     <span class='ocr_line' id='line_1_42' title="bbox 413 2568 1910 2641; baseline 0.003 -20"><span class='ocrx_word' id='word_1_302' title='bbox 413 2568 520 2622; x_wconf 75' lang='grc' dir='ltr'>Τοῦ</span> <span class='ocrx_word' id='word_1_303' title='bbox 554 2569 758 2641; x_wconf 79' lang='grc' dir='ltr'>Κυρίου</span> <span class='ocrx_word' id='word_1_304' title='bbox 787 2569 916 2624; x_wconf 82' lang='grc' dir='ltr'>ποτὲ</span> <span class='ocrx_word' id='word_1_305' title='bbox 955 2571 1051 2640; x_wconf 80' lang='grc' dir='ltr'><strong>μὲν</strong></span> <span class='ocrx_word' id='word_1_306' title='bbox 1089 2571 1359 2639; x_wconf 86' lang='grc' dir='ltr'>λέγοντος,</span> <span class='ocrx_word' id='word_1_307' title='bbox 1387 2569 1482 2639; x_wconf 81' lang='grc' dir='ltr'><strong>Μὴ</strong></span> <span class='ocrx_word' id='word_1_308' title='bbox 1524 2571 1777 2638; x_wconf 79' lang='grc' dir='ltr'><strong>κρίνετε,</strong></span> <span class='ocrx_word' id='word_1_309' title='bbox 1813 2573 1910 2625; x_wconf 77' lang='grc' dir='ltr'>καὶ</span> 
     </span>
    </p>
   </div>
   <div class='ocr_carea' id='block_1_43' title="bbox 343 2665 1911 2737">
    <p class='ocr_par' dir='ltr' id='par_1_43' title="bbox 343 2665 1911 2737">
     <span class='ocr_line' id='line_1_43' title="bbox 343 2665 1911 2737; baseline -0.001 -17"><span class='ocrx_word' id='word_1_310' title='bbox 343 2669 414 2720; x_wconf 87' lang='grc' dir='ltr'>οὐ</span> <span class='ocrx_word' id='word_1_311' title='bbox 437 2665 524 2736; x_wconf 78' lang='grc' dir='ltr'><strong>μὴ</strong></span> <span class='ocrx_word' id='word_1_312' title='bbox 551 2665 812 2735; x_wconf 78' lang='grc' dir='ltr'><strong>κριθῆτε,</strong></span> <span class='ocrx_word' id='word_1_313' title='bbox 850 2667 981 2718; x_wconf 84' lang='grc' dir='ltr'>ποτὲ</span> <span class='ocrx_word' id='word_1_314' title='bbox 1016 2666 1071 2719; x_wconf 83' lang='grc' dir='ltr'><strong>δὲ</strong></span> <span class='ocrx_word' id='word_1_315' title='bbox 1102 2666 1199 2737; x_wconf 80' lang='grc' dir='ltr'><strong>τὴν</strong></span> <span class='ocrx_word' id='word_1_316' title='bbox 1235 2665 1448 2720; x_wconf 87' lang='grc' dir='ltr'>δικαίαν</span> <span class='ocrx_word' id='word_1_317' title='bbox 1480 2665 1659 2736; x_wconf 80' lang='grc' dir='ltr'>κρίσιν</span> <span class='ocrx_word' id='word_1_318' title='bbox 1703 2666 1911 2737; x_wconf 89' lang='grc' dir='ltr'>κρίνειν</span> 
     </span>
    </p>
   </div>
   <div class='ocr_carea' id='block_1_44' title="bbox 345 2758 1909 2830">
    <p class='ocr_par' dir='ltr' id='par_1_44' title="bbox 345 2758 1909 2830">
     <span class='ocr_line' id='line_1_44' title="bbox 345 2758 1909 2830; baseline -0.001 -18"><span class='ocrx_word' id='word_1_319' title='bbox 345 2759 777 2826; x_wconf 81' lang='grc' dir='ltr'>προστάσσοντος</span> <span class='ocrx_word' id='word_1_320' title='bbox 795 2777 808 2790; x_wconf 91' lang='grc'>·</span> <span class='ocrx_word' id='word_1_321' title='bbox 846 2760 966 2829; x_wconf 78' lang='grc' dir='ltr'>οὐχὶ</span> <span class='ocrx_word' id='word_1_322' title='bbox 997 2761 1058 2811; x_wconf 77' lang='grc' dir='ltr'>τὸ</span> <span class='ocrx_word' id='word_1_323' title='bbox 1087 2759 1292 2830; x_wconf 74' lang='grc' dir='ltr'>κρίνειν</span> <span class='ocrx_word' id='word_1_324' title='bbox 1321 2759 1546 2812; x_wconf 82' lang='grc' dir='ltr'>καθόλου</span> <span class='ocrx_word' id='word_1_325' title='bbox 1570 2758 1909 2828; x_wconf 82' lang='grc' dir='ltr'>κωλυόμεθα,</span> 
     </span>
    </p>
   </div>
   <div class='ocr_carea' id='block_1_45' title="bbox 343 2851 1908 2924">
    <p class='ocr_par' dir='ltr' id='par_1_45' title="bbox 343 2851 1908 2924">
     <span class='ocr_line' id='line_1_45' title="bbox 343 2851 1908 2924; baseline -0.003 -17"><span class='ocrx_word' id='word_1_326' title='bbox 343 2853 478 2908; x_wconf 82' lang='grc' dir='ltr'><strong>ἀλλὰ</strong></span> <span class='ocrx_word' id='word_1_327' title='bbox 495 2852 758 2924; x_wconf 82' lang='grc' dir='ltr'>διαφορὰν</span> <span class='ocrx_word' id='word_1_328' title='bbox 785 2852 859 2924; x_wconf 85' lang='grc'><strong>(6)</strong></span> <span class='ocrx_word' id='word_1_329' title='bbox 891 2853 1122 2924; x_wconf 83' lang='grc' dir='ltr'>κρίσεως</span> <span class='ocrx_word' id='word_1_330' title='bbox 1143 2851 1531 2921; x_wconf 84' lang='grc' dir='ltr'>παιδευόμεθα.</span> <span class='ocrx_word' id='word_1_331' title='bbox 1570 2851 1692 2903; x_wconf 75' lang='grc' dir='ltr'><strong>Ἐπὶ</strong></span> <span class='ocrx_word' id='word_1_332' title='bbox 1711 2851 1820 2903; x_wconf 86' lang='grc' dir='ltr'>τίσι</span> <span class='ocrx_word' id='word_1_333' title='bbox 1851 2851 1908 2903; x_wconf 85' lang='grc' dir='ltr'>δὲ</span> 
     </span>
    </p>
   </div>
   <div class='ocr_carea' id='block_1_46' title="bbox 343 2941 1912 3018">
    <p class='ocr_par' dir='ltr' id='par_1_46' title="bbox 343 2941 1912 3018">
     <span class='ocr_line' id='line_1_46' title="bbox 343 2941 1912 3018; baseline -0.004 -19"><span class='ocrx_word' id='word_1_334' title='bbox 343 2947 548 3018; x_wconf 87' lang='grc' dir='ltr'>κρίνειν</span> <span class='ocrx_word' id='word_1_335' title='bbox 593 2947 734 3017; x_wconf 82' lang='grc' dir='ltr'>χρὴ,</span> <span class='ocrx_word' id='word_1_336' title='bbox 790 2947 885 2998; x_wconf 72' lang='grc' dir='ltr'><strong>καὶ</strong></span> <span class='ocrx_word' id='word_1_337' title='bbox 938 2945 1030 2996; x_wconf 75' lang='grc' dir='ltr'>ἐπὶ</span> <span class='ocrx_word' id='word_1_338' title='bbox 1061 2945 1167 2996; x_wconf 85' lang='grc' dir='ltr'>τίσι</span> <span class='ocrx_word' id='word_1_339' title='bbox 1201 2942 1313 3013; x_wconf 85' lang='grc' dir='ltr'><strong>μὴ,</strong></span> <span class='ocrx_word' id='word_1_340' title='bbox 1363 2941 1548 3010; x_wconf 74' lang='grc' dir='ltr'>σαφῶς</span> <span class='ocrx_word' id='word_1_341' title='bbox 1597 2941 1912 3012; x_wconf 83' lang='grc' dir='ltr'>παρέδωκεν</span> 
     </span>
    </p>
   </div>
   <div class='ocr_carea' id='block_1_47' title="bbox 341 3033 1910 3106">
    <p class='ocr_par' dir='ltr' id='par_1_47' title="bbox 341 3033 1910 3106">
     <span class='ocr_line' id='line_1_47' title="bbox 341 3033 1910 3106; baseline -0.004 -17"><span class='ocrx_word' id='word_1_342' title='bbox 341 3039 474 3106; x_wconf 79' lang='grc' dir='ltr'>ἡμῖν</span> <span class='ocrx_word' id='word_1_343' title='bbox 505 3038 532 3089; x_wconf 92' lang='lat'><strong>6</strong></span> <span class='ocrx_word' id='word_1_344' title='bbox 577 3033 923 3097; x_wconf 82' lang='grc' dir='ltr'>Ἀπόστολος·</span> <span class='ocrx_word' id='word_1_345' title='bbox 961 3034 1054 3085; x_wconf 73' lang='grc' dir='ltr'>ἐπὶ</span> <span class='ocrx_word' id='word_1_346' title='bbox 1083 3034 1180 3104; x_wconf 85' lang='grc' dir='ltr'>μὲν</span> <span class='ocrx_word' id='word_1_347' title='bbox 1211 3033 1318 3085; x_wconf 83' lang='grc' dir='ltr'><strong>τῶν</strong></span> <span class='ocrx_word' id='word_1_348' title='bbox 1355 3035 1410 3085; x_wconf 82' lang='grc' dir='ltr'>ὲν</span> <span class='ocrx_word' id='word_1_349' title='bbox 1435 3033 1655 3102; x_wconf 76' lang='grc' dir='ltr'>ἐξουσίᾳ</span> <span class='ocrx_word' id='word_1_350' title='bbox 1683 3033 1910 3084; x_wconf 80' lang='grc' dir='ltr'>ἑκάστου</span> 
     </span>
    </p>
   </div>
   <div class='ocr_carea' id='block_1_48' title="bbox 342 3123 1910 3198">
    <p class='ocr_par' dir='ltr' id='par_1_48' title="bbox 342 3123 1910 3198">
     <span class='ocr_line' id='line_1_48' title="bbox 342 3123 1910 3198; baseline -0.002 -17"><span class='ocrx_word' id='word_1_351' title='bbox 342 3127 611 3198; x_wconf 74' lang='grc' dir='ltr'>κειμένων</span> <span class='ocrx_word' id='word_1_352' title='bbox 635 3165 650 3189; x_wconf 88' lang='grc'><strong>,</strong></span> <span class='ocrx_word' id='word_1_353' title='bbox 685 3126 779 3180; x_wconf 77' lang='grc' dir='ltr'>καὶ</span> <span class='ocrx_word' id='word_1_354' title='bbox 811 3125 916 3178; x_wconf 86' lang='grc' dir='ltr'>ὑπὸ</span> <span class='ocrx_word' id='word_1_355' title='bbox 955 3125 1056 3194; x_wconf 79' lang='grc' dir='ltr'><strong>τῆς</strong></span> <span class='ocrx_word' id='word_1_356' title='bbox 1097 3125 1318 3194; x_wconf 70' lang='grc' dir='ltr'>Γραφῆς</span> <span class='ocrx_word' id='word_1_357' title='bbox 1359 3124 1430 3194; x_wconf 85' lang='grc' dir='ltr'><strong>μὴ</strong></span> <span class='ocrx_word' id='word_1_358' title='bbox 1489 3123 1910 3193; x_wconf 85' lang='grc' dir='ltr'>διεσταλμένων,</span> 
     </span>
    </p>
   </div>
   <div class='ocr_carea' id='block_1_49' title="bbox 343 3215 1914 3286">
    <p class='ocr_par' dir='ltr' id='par_1_49' title="bbox 343 3215 1914 3286">
     <span class='ocr_line' id='line_1_49' title="bbox 343 3215 1914 3286; baseline -0.003 -14"><span class='ocrx_word' id='word_1_359' title='bbox 343 3218 540 3273; x_wconf 81' lang='grc' dir='ltr'>εἰπών’</span> <span class='ocrx_word' id='word_1_360' title='bbox 577 3219 659 3273; x_wconf 89' lang='grc' dir='ltr'><strong>Σὺ</strong></span> <span class='ocrx_word' id='word_1_361' title='bbox 701 3219 768 3272; x_wconf 84' lang='grc' dir='ltr'><strong>δὲ</strong></span> <span class='ocrx_word' id='word_1_362' title='bbox 798 3219 855 3272; x_wconf 91' lang='grc' dir='ltr'><strong>τί</strong></span> <span class='ocrx_word' id='word_1_363' title='bbox 907 3219 1130 3286; x_wconf 80' lang='grc' dir='ltr'>κρίνεις</span> <span class='ocrx_word' id='word_1_364' title='bbox 1176 3218 1282 3269; x_wconf 83' lang='grc' dir='ltr'><strong>τὸν</strong></span> <span class='ocrx_word' id='word_1_365' title='bbox 1323 3215 1588 3284; x_wconf 63' lang='grc' dir='ltr'><strong>ἀδελφόν</strong></span> <span class='ocrx_word' id='word_1_366' title='bbox 1625 3232 1777 3280; x_wconf 91' lang='grc' dir='ltr'>σου;</span> <span class='ocrx_word' id='word_1_367' title='bbox 1820 3215 1914 3269; x_wconf 73' lang='grc' dir='ltr'>καὶ</span> 
     </span>
    </p>
   </div>
   <div class='ocr_carea' id='block_1_50' title="bbox 342 3305 1914 3378">
    <p class='ocr_par' dir='ltr' id='par_1_50' title="bbox 342 3305 1914 3378">
     <span class='ocr_line' id='line_1_50' title="bbox 342 3305 1914 3378; baseline -0.002 -15"><span class='ocrx_word' id='word_1_368' title='bbox 342 3313 502 3365; x_wconf 81' lang='grc' dir='ltr'>πάλιν</span> <span class='ocrx_word' id='word_1_369' title='bbox 523 3330 535 3340; x_wconf 93' lang='grc'><strong>·</strong></span> <span class='ocrx_word' id='word_1_370' title='bbox 582 3310 804 3378; x_wconf 82' lang='grc' dir='ltr'><strong>Μηκέτι</strong></span> <span class='ocrx_word' id='word_1_371' title='bbox 851 3305 964 3364; x_wconf 80' lang='grc' dir='ltr'><strong>οὖν</strong></span> <span class='ocrx_word' id='word_1_372' title='bbox 999 3309 1310 3376; x_wconf 74' lang='grc' dir='ltr'><em>ἀλλήλους</em></span> <span class='ocrx_word' id='word_1_373' title='bbox 1360 3309 1651 3376; x_wconf 74' lang='grc' dir='ltr'>κρίνωμεν</span> <span class='ocrx_word' id='word_1_374' title='bbox 1678 3307 1752 3377; x_wconf 84' lang='lat'>(7)</span> <span class='ocrx_word' id='word_1_375' title='bbox 1773 3323 1786 3337; x_wconf 76' lang='grc' dir='ltr'><strong>ο</strong></span> <span class='ocrx_word' id='word_1_376' title='bbox 1820 3307 1914 3360; x_wconf 74' lang='grc' dir='ltr'>ἐπὶ</span> 
     </span>
    </p>
   </div>
   <div class='ocr_carea' id='block_1_51' title="bbox 338 3397 1915 3476">
    <p class='ocr_par' dir='ltr' id='par_1_51' title="bbox 338 3397 1915 3476">
     <span class='ocr_line' id='line_1_51' title="bbox 338 3397 1915 3476; baseline -0.006 -16"><span class='ocrx_word' id='word_1_377' title='bbox 338 3405 398 3460; x_wconf 79' lang='grc' dir='ltr'><strong>δὲ</strong></span> <span class='ocrx_word' id='word_1_378' title='bbox 429 3405 536 3457; x_wconf 87' lang='grc' dir='ltr'><strong>τῶν</strong></span> <span class='ocrx_word' id='word_1_379' title='bbox 578 3405 997 3476; x_wconf 87' lang='grc' dir='ltr'>ἀπαρεσκόντων</span> <span class='ocrx_word' id='word_1_380' title='bbox 1043 3401 1179 3472; x_wconf 80' lang='grc' dir='ltr'>Θεῷ,</span> <span class='ocrx_word' id='word_1_381' title='bbox 1215 3399 1639 3470; x_wconf 84' lang='grc' dir='ltr'>καταγινώσκων</span> <span class='ocrx_word' id='word_1_382' title='bbox 1685 3397 1794 3452; x_wconf 87' lang='grc' dir='ltr'><strong>τῶν</strong></span> <span class='ocrx_word' id='word_1_383' title='bbox 1840 3397 1915 3469; x_wconf 85' lang='grc' dir='ltr'>μὴ</span> 
     </span>
    </p>
   </div>
   <div class='ocr_carea' id='block_1_52' title="bbox 343 3490 1914 3569">
    <p class='ocr_par' dir='ltr' id='par_1_52' title="bbox 343 3490 1914 3569">
     <span class='ocr_line' id='line_1_52' title="bbox 343 3490 1914 3569; baseline -0.005 -18"><span class='ocrx_word' id='word_1_384' title='bbox 343 3499 659 3569; x_wconf 82' lang='grc' dir='ltr'>κρινόντων,</span> <span class='ocrx_word' id='word_1_385' title='bbox 692 3496 786 3550; x_wconf 76' lang='grc' dir='ltr'>καὶ</span> <span class='ocrx_word' id='word_1_386' title='bbox 821 3496 982 3559; x_wconf 86' lang='grc' dir='ltr'>αὐτὸς</span> <span class='ocrx_word' id='word_1_387' title='bbox 1012 3495 1108 3566; x_wconf 84' lang='grc' dir='ltr'>τὴν</span> <span class='ocrx_word' id='word_1_388' title='bbox 1142 3495 1271 3565; x_wconf 85' lang='grc' dir='ltr'>παρ’</span> <span class='ocrx_word' id='word_1_389' title='bbox 1304 3491 1496 3546; x_wconf 75' lang='grc' dir='ltr'>ἑαυτοῦ</span> <span class='ocrx_word' id='word_1_390' title='bbox 1538 3492 1720 3563; x_wconf 86' lang='grc' dir='ltr'>κρίσιν</span> <span class='ocrx_word' id='word_1_391' title='bbox 1753 3490 1914 3558; x_wconf 78' lang='grc' dir='ltr'>ἐκφέ-</span> 
     </span>
    </p>
   </div>
   <div class='ocr_carea' id='block_1_53' title="bbox 346 3579 1914 3656">
    <p class='ocr_par' dir='ltr' id='par_1_53' title="bbox 346 3579 1914 3656">
     <span class='ocr_line' id='line_1_53' title="bbox 346 3579 1914 3656; baseline -0.005 -15"><span class='ocrx_word' id='word_1_392' title='bbox 346 3606 487 3653; x_wconf 85' lang='grc' dir='ltr'>ρων,</span> <span class='ocrx_word' id='word_1_393' title='bbox 532 3588 598 3640; x_wconf 83' lang='grc' dir='ltr'><strong>δι’</strong></span> <span class='ocrx_word' id='word_1_394' title='bbox 644 3581 719 3639; x_wconf 82' lang='grc' dir='ltr'>ὧν</span> <span class='ocrx_word' id='word_1_395' title='bbox 768 3602 960 3656; x_wconf 80' lang='grc' dir='ltr'>φησιν·</span> <span class='ocrx_word' id='word_1_396' title='bbox 1011 3584 1158 3655; x_wconf 76' lang='grc' dir='ltr'><strong>Ἐγὼ</strong></span> <span class='ocrx_word' id='word_1_397' title='bbox 1199 3584 1316 3653; x_wconf 80' lang='grc' dir='ltr'><strong>μὲν</strong></span> <span class='ocrx_word' id='word_1_398' title='bbox 1345 3583 1452 3654; x_wconf 73' lang='grc' dir='ltr'>γὰρ</span> <span class='ocrx_word' id='word_1_399' title='bbox 1492 3582 1572 3648; x_wconf 87' lang='grc' dir='ltr'><em>ὡς</em></span> <span class='ocrx_word' id='word_1_400' title='bbox 1619 3580 1790 3635; x_wconf 77' lang='grc' dir='ltr'><strong>ἀπὼν</strong></span> <span class='ocrx_word' id='word_1_401' title='bbox 1833 3579 1914 3644; x_wconf 86' lang='grc' dir='ltr'>τῷ</span> 
     </span>
    </p>
   </div>
   <div class='ocr_carea' id='block_1_54' title="bbox 340 3675 1914 3750">
    <p class='ocr_par' dir='ltr' id='par_1_54' title="bbox 340 3675 1914 3750">
     <span class='ocr_line' id='line_1_54' title="bbox 340 3675 1914 3750; baseline -0.006 -14"><span class='ocrx_word' id='word_1_402' title='bbox 340 3679 586 3750; x_wconf 82' lang='grc' dir='ltr'>σώματι,</span> <span class='ocrx_word' id='word_1_403' title='bbox 626 3679 831 3748; x_wconf 82' lang='grc' dir='ltr'>παρὼν</span> <span class='ocrx_word' id='word_1_404' title='bbox 854 3678 922 3732; x_wconf 82' lang='grc' dir='ltr'><strong>δὲ</strong></span> <span class='ocrx_word' id='word_1_405' title='bbox 948 3675 1026 3744; x_wconf 85' lang='grc' dir='ltr'>τῷ</span> <span class='ocrx_word' id='word_1_406' title='bbox 1059 3679 1371 3746; x_wconf 80' lang='grc' dir='ltr'>πνεύματι,</span> <span class='ocrx_word' id='word_1_407' title='bbox 1411 3675 1526 3744; x_wconf 77' lang='grc' dir='ltr'><strong>ἤδη</strong></span> <span class='ocrx_word' id='word_1_408' title='bbox 1562 3675 1804 3744; x_wconf 77' lang='grc' dir='ltr'>κέκρικα</span> <span class='ocrx_word' id='word_1_409' title='bbox 1833 3676 1914 3740; x_wconf 90' lang='grc' dir='ltr'><em>ὼς</em></span> 
     </span>
    </p>
   </div>
   <div class='ocr_carea' id='block_1_55' title="bbox 343 3763 1914 3842">
    <p class='ocr_par' dir='ltr' id='par_1_55' title="bbox 343 3763 1914 3842">
     <span class='ocr_line' id='line_1_55' title="bbox 343 3763 1914 3842; baseline -0.005 -16"><span class='ocrx_word' id='word_1_410' title='bbox 343 3772 550 3842; x_wconf 80' lang='grc' dir='ltr'>παρὼν</span> <span class='ocrx_word' id='word_1_411' title='bbox 600 3771 708 3826; x_wconf 81' lang='grc' dir='ltr'>τόν</span> <span class='ocrx_word' id='word_1_412' title='bbox 751 3772 904 3825; x_wconf 82' lang='grc' dir='ltr'>οὕτω</span> <span class='ocrx_word' id='word_1_413' title='bbox 943 3770 1120 3823; x_wconf 88' lang='grc' dir='ltr'>τοῦτο</span> <span class='ocrx_word' id='word_1_414' title='bbox 1155 3767 1702 3838; x_wconf 77' lang='grc' dir='ltr'>κατεργασάμενον,</span> <span class='ocrx_word' id='word_1_415' title='bbox 1737 3767 1806 3819; x_wconf 82' lang='grc' dir='ltr'><strong>ἐν</strong></span> <span class='ocrx_word' id='word_1_416' title='bbox 1833 3763 1914 3830; x_wconf 84' lang='grc' dir='ltr'>τῷ</span> 
     </span>
    </p>
   </div>
   <div class='ocr_carea' id='block_1_56' title="bbox 343 3856 1915 3932">
    <p class='ocr_par' dir='ltr' id='par_1_56' title="bbox 343 3856 1915 3932">
     <span class='ocr_line' id='line_1_56' title="bbox 343 3856 1915 3932; baseline -0.003 -17"><span class='ocrx_word' id='word_1_417' title='bbox 343 3865 583 3932; x_wconf 80' lang='grc' dir='ltr'>ὀνόματι</span> <span class='ocrx_word' id='word_1_418' title='bbox 615 3861 722 3916; x_wconf 91' lang='grc' dir='ltr'><strong>τοῦ</strong></span> <span class='ocrx_word' id='word_1_419' title='bbox 750 3863 972 3929; x_wconf 84' lang='grc' dir='ltr'>Κυρίου</span> <span class='ocrx_word' id='word_1_420' title='bbox 994 3858 1163 3928; x_wconf 73' lang='grc' dir='ltr'><strong>ἡμῶν</strong></span> <span class='ocrx_word' id='word_1_421' title='bbox 1203 3858 1407 3927; x_wconf 85' lang='grc' dir='ltr'>Ἰησοῦ</span> <span class='ocrx_word' id='word_1_422' title='bbox 1450 3856 1730 3926; x_wconf 87' lang='grc' dir='ltr'>Χριστοῦ,</span> <span class='ocrx_word' id='word_1_423' title='bbox 1767 3873 1915 3910; x_wconf 79' lang='grc' dir='ltr'>συν-</span> 
     </span>
    </p>
   </div>
   <div class='ocr_carea' id='block_1_57' title="bbox 342 3946 1915 4020">
    <p class='ocr_par' dir='ltr' id='par_1_57' title="bbox 342 3946 1915 4020">
     <span class='ocr_line' id='line_1_57' title="bbox 342 3946 1915 4020; baseline -0.002 -16"><span class='ocrx_word' id='word_1_424' title='bbox 342 3950 643 4020; x_wconf 74' lang='grc' dir='ltr'>αχθέντων</span> <span class='ocrx_word' id='word_1_425' title='bbox 681 3949 876 4019; x_wconf 79' lang='grc' dir='ltr'>ὑμῶν,</span> <span class='ocrx_word' id='word_1_426' title='bbox 909 3950 1007 4004; x_wconf 77' lang='grc' dir='ltr'>καὶ</span> <span class='ocrx_word' id='word_1_427' title='bbox 1051 3949 1156 4004; x_wconf 92' lang='grc' dir='ltr'><strong>τοῦ</strong></span> <span class='ocrx_word' id='word_1_428' title='bbox 1194 3948 1339 4018; x_wconf 83' lang='grc' dir='ltr'>ἐμοῦ</span> <span class='ocrx_word' id='word_1_429' title='bbox 1385 3949 1757 4016; x_wconf 82' lang='grc' dir='ltr'>πνεύματος,</span> <span class='ocrx_word' id='word_1_430' title='bbox 1791 3946 1915 4001; x_wconf 83' lang='grc' dir='ltr'><strong>σὺν</strong></span> 
     </span>
    </p>
   </div>
   <div class='ocr_carea' id='block_1_58' title="bbox 342 4038 1914 4113">
    <p class='ocr_par' dir='ltr' id='par_1_58' title="bbox 342 4038 1914 4113">
     <span class='ocr_line' id='line_1_58' title="bbox 342 4038 1914 4113; baseline -0.003 -15"><span class='ocrx_word' id='word_1_431' title='bbox 342 4044 417 4113; x_wconf 79' lang='grc' dir='ltr'>τῇ</span> <span class='ocrx_word' id='word_1_432' title='bbox 445 4041 694 4112; x_wconf 81' lang='grc' dir='ltr'><strong>δυνάμει</strong></span> <span class='ocrx_word' id='word_1_433' title='bbox 739 4041 846 4097; x_wconf 90' lang='grc' dir='ltr'><strong>τοῦ</strong></span> <span class='ocrx_word' id='word_1_434' title='bbox 878 4042 1098 4110; x_wconf 81' lang='grc' dir='ltr'>Κυρίου</span> <span class='ocrx_word' id='word_1_435' title='bbox 1139 4041 1362 4108; x_wconf 85' lang='grc' dir='ltr'>Ἰησοῦ,</span> <span class='ocrx_word' id='word_1_436' title='bbox 1409 4039 1777 4108; x_wconf 81' lang='grc' dir='ltr'>παραδοῦναι</span> <span class='ocrx_word' id='word_1_437' title='bbox 1806 4038 1914 4093; x_wconf 83' lang='grc' dir='ltr'><strong>τὸν</strong></span> 
     </span>
    </p>
   </div>
   <div class='ocr_carea' id='block_1_59' title="bbox 342 4129 1910 4200">
    <p class='ocr_par' dir='ltr' id='par_1_59' title="bbox 342 4129 1910 4200">
     <span class='ocr_line' id='line_1_59' title="bbox 342 4129 1910 4200; baseline -0.004 -12"><span class='ocrx_word' id='word_1_438' title='bbox 342 4134 613 4189; x_wconf 81' lang='grc' dir='ltr'>τοιοῦτον</span> <span class='ocrx_word' id='word_1_439' title='bbox 659 4133 741 4200; x_wconf 86' lang='grc' dir='ltr'>τῷ</span> <span class='ocrx_word' id='word_1_440' title='bbox 786 4130 1024 4198; x_wconf 83' lang='grc' dir='ltr'>Σατανᾷ</span> <span class='ocrx_word' id='word_1_441' title='bbox 1073 4134 1160 4198; x_wconf 86' lang='grc' dir='ltr'>είς</span> <span class='ocrx_word' id='word_1_442' title='bbox 1206 4132 1454 4199; x_wconf 79' lang='grc' dir='ltr'>ὄλεθρον</span> <span class='ocrx_word' id='word_1_443' title='bbox 1502 4129 1613 4198; x_wconf 81' lang='grc' dir='ltr'><strong>τῆς</strong></span> <span class='ocrx_word' id='word_1_444' title='bbox 1649 4130 1910 4197; x_wconf 87' lang='grc' dir='ltr'>σαρκὸς,</span> 
     </span>
    </p>
   </div>
   <div class='ocr_carea' id='block_1_60' title="bbox 343 4219 1912 4292">
    <p class='ocr_par' dir='ltr' id='par_1_60' title="bbox 343 4219 1912 4292">
     <span class='ocr_line' id='line_1_60' title="bbox 343 4219 1912 4292; baseline -0.002 -15"><span class='ocrx_word' id='word_1_445' title='bbox 343 4226 444 4278; x_wconf 80' lang='grc' dir='ltr'><strong>ἵνα</strong></span> <span class='ocrx_word' id='word_1_446' title='bbox 479 4225 545 4278; x_wconf 89' lang='grc' dir='ltr'>τὸ</span> <span class='ocrx_word' id='word_1_447' title='bbox 587 4223 823 4292; x_wconf 79' lang='grc' dir='ltr'>πνεῦμα</span> <span class='ocrx_word' id='word_1_448' title='bbox 854 4220 1024 4290; x_wconf 77' lang='grc' dir='ltr'>σωθῇ</span> <span class='ocrx_word' id='word_1_449' title='bbox 1067 4223 1135 4274; x_wconf 85' lang='grc' dir='ltr'><strong>ἐν</strong></span> <span class='ocrx_word' id='word_1_450' title='bbox 1180 4220 1254 4288; x_wconf 78' lang='grc' dir='ltr'>τῇ</span> <span class='ocrx_word' id='word_1_451' title='bbox 1302 4219 1493 4290; x_wconf 77' lang='grc' dir='ltr'>ἡμέρᾳ</span> <span class='ocrx_word' id='word_1_452' title='bbox 1532 4220 1638 4274; x_wconf 87' lang='grc' dir='ltr'><strong>τοῦ</strong></span> <span class='ocrx_word' id='word_1_453' title='bbox 1688 4220 1912 4287; x_wconf 82' lang='lat' dir='ltr'><strong><em>Kvplov</em></strong></span> 
     </span>
    </p>
   </div>
   <div class='ocr_carea' id='block_1_61' title="bbox 357 4311 1912 4385">
    <p class='ocr_par' dir='ltr' id='par_1_61' title="bbox 357 4311 1912 4385">
     <span class='ocr_line' id='line_1_61' title="bbox 357 4311 1912 4385; baseline -0.006 -14"><span class='ocrx_word' id='word_1_454' title='bbox 357 4317 580 4384; x_wconf 82' lang='grc' dir='ltr'>Ἰησοῦ.</span> <span class='ocrx_word' id='word_1_455' title='bbox 614 4317 777 4369; x_wconf 84' lang='grc' dir='ltr'>Ὥστε</span> <span class='ocrx_word' id='word_1_456' title='bbox 808 4317 856 4368; x_wconf 86' lang='grc' dir='ltr'><strong>εί</strong></span> <span class='ocrx_word' id='word_1_457' title='bbox 892 4315 991 4385; x_wconf 89' lang='grc' dir='ltr'><strong>μέν</strong></span> <span class='ocrx_word' id='word_1_458' title='bbox 1013 4331 1066 4366; x_wconf 90' lang='grc' dir='ltr'><strong>τι</strong></span> <span class='ocrx_word' id='word_1_459' title='bbox 1095 4314 1152 4365; x_wconf 82' lang='grc' dir='ltr'>ὲν</span> <span class='ocrx_word' id='word_1_460' title='bbox 1183 4313 1402 4382; x_wconf 75' lang='grc' dir='ltr'>ἐξουσίᾳ</span> <span class='ocrx_word' id='word_1_461' title='bbox 1433 4311 1676 4382; x_wconf 78' lang='grc' dir='ltr'>ἡμετέρᾳ</span> <span class='ocrx_word' id='word_1_462' title='bbox 1713 4313 1912 4377; x_wconf 84' lang='grc' dir='ltr'>κεῖται,</span> 
     </span>
    </p>
   </div>
   <div class='ocr_carea' id='block_1_62' title="bbox 343 4404 1912 4483">
    <p class='ocr_par' dir='ltr' id='par_1_62' title="bbox 343 4404 1912 4483">
     <span class='ocr_line' id='line_1_62' title="bbox 343 4404 1912 4483; baseline -0.007 -16"><span class='ocrx_word' id='word_1_463' title='bbox 343 4413 378 4483; x_wconf 79' lang='grc' dir='ltr'>ἢ</span> <span class='ocrx_word' id='word_1_464' title='bbox 408 4413 502 4466; x_wconf 76' lang='grc' dir='ltr'><strong>καὶ</strong></span> <span class='ocrx_word' id='word_1_465' title='bbox 549 4411 742 4482; x_wconf 78' lang='grc' dir='ltr'>ἄδηλον</span> <span class='ocrx_word' id='word_1_466' title='bbox 770 4409 1030 4472; x_wconf 84' lang='grc' dir='ltr'><strong>πολλάκις</strong></span> <span class='ocrx_word' id='word_1_467' title='bbox 1083 4408 1252 4471; x_wconf 75' lang='grc' dir='ltr'>ἐστὶν,</span> <span class='ocrx_word' id='word_1_468' title='bbox 1290 4407 1350 4460; x_wconf 82' lang='grc' dir='ltr'><strong>οὐ</strong></span> <span class='ocrx_word' id='word_1_469' title='bbox 1402 4407 1506 4478; x_wconf 80' lang='grc' dir='ltr'>χρὴ</span> <span class='ocrx_word' id='word_1_470' title='bbox 1561 4404 1767 4475; x_wconf 83' lang='grc' dir='ltr'>κρίνειν</span> <span class='ocrx_word' id='word_1_471' title='bbox 1819 4404 1912 4457; x_wconf 75' lang='grc' dir='ltr'><strong>ἐπὶ</strong></span> 
     </span>
    </p>
   </div>
   <div class='ocr_carea' id='block_1_63' title="bbox 2022 1872 3594 1947">
    <p class='ocr_par' dir='ltr' id='par_1_63' title="bbox 2022 1872 3594 1947">
     <span class='ocr_line' id='line_1_63' title="bbox 2022 1872 3594 1947; baseline 0.004 -21"><span class='ocrx_word' id='word_1_472' title='bbox 2022 1890 2121 1927; x_wconf 88' lang='lat' dir='ltr'><strong>me.</strong></span> <span class='ocrx_word' id='word_1_473' title='bbox 2152 1872 2386 1928; x_wconf 83' lang='lat' dir='ltr'><strong>Gaudete</strong></span> <span class='ocrx_word' id='word_1_474' title='bbox 2411 1885 2460 1928; x_wconf 92' lang='lat' dir='ltr'><strong>et</strong></span> <span class='ocrx_word' id='word_1_475' title='bbox 2499 1876 2779 1939; x_wconf 75' lang='lat' dir='ltr'><strong>exsultate,</strong></span> <span class='ocrx_word' id='word_1_476' title='bbox 2803 1879 3050 1947; x_wconf 89' lang='lat' dir='ltr'><strong>quoniam</strong></span> <span class='ocrx_word' id='word_1_477' title='bbox 3077 1894 3268 1932; x_wconf 85' lang='lat' dir='ltr'><strong>merces</strong></span> <span class='ocrx_word' id='word_1_478' title='bbox 3304 1888 3478 1933; x_wconf 80' lang='lat' dir='ltr'><strong><em>vestra</em></strong></span> <span class='ocrx_word' id='word_1_479' title='bbox 3507 1895 3594 1932; x_wconf 85' lang='lat' dir='ltr'><strong>co-</strong></span> 
     </span>
    </p>
   </div>
   <div class='ocr_carea' id='block_1_64' title="bbox 2019 1966 2643 2034">
    <p class='ocr_par' dir='ltr' id='par_1_64' title="bbox 2019 1966 2643 2034">
     <span class='ocr_line' id='line_1_64' title="bbox 2019 1966 2643 2034; baseline -0.002 -15"><span class='ocrx_word' id='word_1_480' title='bbox 2019 1969 2172 2034; x_wconf 90' lang='lat' dir='ltr'><strong>piosa</strong></span> <span class='ocrx_word' id='word_1_481' title='bbox 2195 1976 2269 2019; x_wconf 88' lang='lat' dir='ltr'><strong>est</strong></span> <span class='ocrx_word' id='word_1_482' title='bbox 2312 1968 2366 2018; x_wconf 89' lang='lat' dir='ltr'><strong>in</strong></span> <span class='ocrx_word' id='word_1_483' title='bbox 2412 1967 2555 2020; x_wconf 68' lang='lat' dir='ltr'><strong><em>caelis</em></strong></span> <span class='ocrx_word' id='word_1_484' title='bbox 2579 1966 2643 2018; x_wconf 84' lang='grc'><strong>³⁵.</strong></span> 
     </span>
    </p>
   </div>
   <div class='ocr_carea' id='block_1_65' title="bbox 2316 2167 3292 2240">
    <p class='ocr_par' dir='ltr' id='par_1_65' title="bbox 2316 2167 3292 2240">
     <span class='ocr_line' id='line_1_65' title="bbox 2316 2167 3292 2240; baseline 0.003 -19"><span class='ocrx_word' id='word_1_485' title='bbox 2316 2168 2480 2240; x_wconf 66' lang='grc' dir='ltr'><strong>ωῖο</strong></span> <span class='ocrx_word' id='word_1_486' title='bbox 2516 2167 3028 2224; x_wconf 77' lang='lat' dir='ltr'><strong>INTERROGATIO</strong></span> <span class='ocrx_word' id='word_1_487' title='bbox 3064 2169 3292 2225; x_wconf 80' lang='lat' dir='ltr'><strong>CLXIV.</strong></span> 
     </span>
    </p>
   </div>
   <div class='ocr_carea' id='block_1_66' title="bbox 2092 2280 3521 2352">
    <p class='ocr_par' dir='ltr' id='par_1_66' title="bbox 2092 2280 3521 2352">
     <span class='ocr_line' id='line_1_66' title="bbox 2092 2280 3521 2352; baseline 0.003 -19"><span class='ocrx_word' id='word_1_488' title='bbox 2092 2281 2233 2348; x_wconf 84' lang='lat' dir='ltr'><strong>Quid</strong></span> <span class='ocrx_word' id='word_1_489' title='bbox 2277 2280 2378 2334; x_wconf 86' lang='lat' dir='ltr'><strong><em>sibi</em></strong></span> <span class='ocrx_word' id='word_1_490' title='bbox 2410 2285 2530 2338; x_wconf 71' lang='lat' dir='ltr'><strong><em>velit</em></strong></span> <span class='ocrx_word' id='word_1_491' title='bbox 2561 2284 2694 2336; x_wconf 88' lang='lat' dir='ltr'><strong><em>illud</em></strong></span> <span class='ocrx_word' id='word_1_492' title='bbox 2721 2299 2737 2335; x_wconf 93' lang='lat'><em>:</em></span> <span class='ocrx_word' id='word_1_493' title='bbox 2767 2302 2784 2332; x_wconf 77' lang='grc' dir='ltr'><strong>ι</strong></span> <span class='ocrx_word' id='word_1_494' title='bbox 2819 2282 2998 2336; x_wconf 84' lang='lat' dir='ltr'><strong><em>Nolite</em></strong></span> <span class='ocrx_word' id='word_1_495' title='bbox 3033 2283 3310 2352; x_wconf 82' lang='lat' dir='ltr'><strong>judicare,</strong></span> <span class='ocrx_word' id='word_1_496' title='bbox 3342 2292 3390 2338; x_wconf 88' lang='lat' dir='ltr'><strong>et</strong></span> <span class='ocrx_word' id='word_1_497' title='bbox 3417 2301 3521 2338; x_wconf 86' lang='lat' dir='ltr'><strong><em>non</em></strong></span> 
     </span>
    </p>
   </div>
   <div class='ocr_carea' id='block_1_67' title="bbox 2529 2354 3558 2421">
    <p class='ocr_par' dir='ltr' id='par_1_67' title="bbox 2529 2354 3558 2421">
     <span class='ocr_line' id='line_1_67' title="bbox 2529 2354 3558 2421; baseline -0.002 -15"><span class='ocrx_word' id='word_1_498' title='bbox 2529 2354 2903 2421; x_wconf 87' lang='lat' dir='ltr'><strong>judicabimini</strong></span> <span class='ocrx_word' id='word_1_499' title='bbox 2935 2355 2998 2406; x_wconf 76' lang='grc'><strong>³⁸.</strong></span> <span class='ocrx_word' id='word_1_500' title='bbox 3013 2374 3030 2404; x_wconf 72' lang='grc' dir='ltr'><strong>ι</strong></span> <span class='ocrx_word' id='word_1_501' title='bbox 3554 2361 3558 2366; x_wconf 89' lang='grc'><em>’</em></span> 
     </span>
    </p>
   </div>
   <div class='ocr_carea' id='block_1_68' title="bbox 2605 2465 3006 2521">
    <p class='ocr_par' dir='ltr' id='par_1_68' title="bbox 2605 2465 3006 2521">
     <span class='ocr_line' id='line_1_68' title="bbox 2605 2465 3006 2521; baseline 0.007 -3"><span class='ocrx_word' id='word_1_502' title='bbox 2605 2465 3006 2521; x_wconf 77' lang='lat' dir='ltr'><strong>RESPONSIO.</strong></span> 
     </span>
    </p>
   </div>
   <div class='ocr_carea' id='block_1_69' title="bbox 2089 2577 3588 2650">
    <p class='ocr_par' dir='ltr' id='par_1_69' title="bbox 2089 2577 3588 2650">
     <span class='ocr_line' id='line_1_69' title="bbox 2089 2577 3588 2650; baseline 0.001 -18"><span class='ocrx_word' id='word_1_503' title='bbox 2089 2579 2223 2633; x_wconf 89' lang='lat' dir='ltr'><strong>Cum</strong></span> <span class='ocrx_word' id='word_1_504' title='bbox 2260 2578 2523 2633; x_wconf 89' lang='lat' dir='ltr'><strong>Dominus</strong></span> <span class='ocrx_word' id='word_1_505' title='bbox 2555 2579 2851 2648; x_wconf 79' lang='lat' dir='ltr'><strong>aliquando</strong></span> <span class='ocrx_word' id='word_1_506' title='bbox 2879 2579 3023 2633; x_wconf 84' lang='lat' dir='ltr'><strong>dicat</strong></span> <span class='ocrx_word' id='word_1_507' title='bbox 3055 2598 3067 2633; x_wconf 94' lang='lat'>:</span> <span class='ocrx_word' id='word_1_508' title='bbox 3107 2577 3288 2634; x_wconf 89' lang='lat' dir='ltr'><strong><em>Nolite</em></strong></span> <span class='ocrx_word' id='word_1_509' title='bbox 3307 2579 3588 2650; x_wconf 82' lang='lat' dir='ltr'><strong>judicare,</strong></span> 
     </span>
    </p>
   </div>
   <div class='ocr_carea' id='block_1_70' title="bbox 2018 2669 3592 2740">
    <p class='ocr_par' dir='ltr' id='par_1_70' title="bbox 2018 2669 3592 2740">
     <span class='ocr_line' id='line_1_70' title="bbox 2018 2669 3592 2740; baseline 0 -16"><span class='ocrx_word' id='word_1_510' title='bbox 2018 2680 2068 2724; x_wconf 90' lang='lat' dir='ltr'><strong>et</strong></span> <span class='ocrx_word' id='word_1_511' title='bbox 2111 2688 2211 2722; x_wconf 90' lang='lat' dir='ltr'><strong><em>non</em></strong></span> <span class='ocrx_word' id='word_1_512' title='bbox 2248 2670 2658 2739; x_wconf 85' lang='lat' dir='ltr'><strong>judicabimini,</strong></span> <span class='ocrx_word' id='word_1_513' title='bbox 2692 2669 2988 2739; x_wconf 83' lang='lat' dir='ltr'><strong>aliquando</strong></span> <span class='ocrx_word' id='word_1_514' title='bbox 3031 2686 3161 2726; x_wconf 86' lang='lat' dir='ltr'><strong>vero</strong></span> <span class='ocrx_word' id='word_1_515' title='bbox 3199 2672 3406 2740; x_wconf 89' lang='lat' dir='ltr'><strong>justum</strong></span> <span class='ocrx_word' id='word_1_516' title='bbox 3442 2671 3592 2740; x_wconf 87' lang='lat' dir='ltr'><strong>judi-</strong></span> 
     </span>
    </p>
   </div>
   <div class='ocr_carea' id='block_1_71' title="bbox 2020 2762 3591 2833">
    <p class='ocr_par' dir='ltr' id='par_1_71' title="bbox 2020 2762 3591 2833">
     <span class='ocr_line' id='line_1_71' title="bbox 2020 2762 3591 2833; baseline -0.001 -17"><span class='ocrx_word' id='word_1_517' title='bbox 2020 2765 2162 2817; x_wconf 87' lang='lat' dir='ltr'><strong>cium</strong></span> <span class='ocrx_word' id='word_1_518' title='bbox 2189 2763 2440 2832; x_wconf 88' lang='lat' dir='ltr'><strong>judicare</strong></span> <span class='ocrx_word' id='word_1_519' title='bbox 2474 2763 2754 2833; x_wconf 65' lang='lat' dir='ltr'><strong>prmcipiat</strong></span> <span class='ocrx_word' id='word_1_520' title='bbox 2785 2763 2830 2794; x_wconf 86' lang='grc'>³⁷</span> <span class='ocrx_word' id='word_1_521' title='bbox 2856 2782 2869 2830; x_wconf 90' lang='lat'><strong>;</strong></span> <span class='ocrx_word' id='word_1_522' title='bbox 2903 2779 3012 2817; x_wconf 89' lang='lat' dir='ltr'><strong>non</strong></span> <span class='ocrx_word' id='word_1_523' title='bbox 3043 2778 3205 2818; x_wconf 91' lang='lat' dir='ltr'><strong>omne</strong></span> <span class='ocrx_word' id='word_1_524' title='bbox 3235 2763 3395 2817; x_wconf 87' lang='lat' dir='ltr'><strong>nobis</strong></span> <span class='ocrx_word' id='word_1_525' title='bbox 3423 2762 3591 2816; x_wconf 87' lang='lat' dir='ltr'><strong>inter-</strong></span> 
     </span>
    </p>
   </div>
   <div class='ocr_carea' id='block_1_72' title="bbox 2020 2854 3586 2925">
    <p class='ocr_par' dir='ltr' id='par_1_72' title="bbox 2020 2854 3586 2925">
     <span class='ocr_line' id='line_1_72' title="bbox 2020 2854 3586 2925; baseline -0.003 -14"><span class='ocrx_word' id='word_1_526' title='bbox 2020 2857 2222 2911; x_wconf 83' lang='lat' dir='ltr'><strong>dicitur</strong></span> <span class='ocrx_word' id='word_1_527' title='bbox 2243 2857 2506 2925; x_wconf 88' lang='lat' dir='ltr'><strong>judicium</strong></span> <span class='ocrx_word' id='word_1_528' title='bbox 2529 2896 2544 2922; x_wconf 96' lang='lat'><strong>,</strong></span> <span class='ocrx_word' id='word_1_529' title='bbox 2579 2855 2673 2911; x_wconf 91' lang='lat' dir='ltr'><strong>sed</strong></span> <span class='ocrx_word' id='word_1_530' title='bbox 2703 2854 2897 2924; x_wconf 88' lang='lat' dir='ltr'><strong>judicii</strong></span> <span class='ocrx_word' id='word_1_531' title='bbox 2928 2855 3247 2908; x_wconf 87' lang='lat' dir='ltr'><strong>discrimina</strong></span> <span class='ocrx_word' id='word_1_532' title='bbox 3275 2856 3586 2910; x_wconf 87' lang='lat' dir='ltr'><strong>edocemur.</strong></span> 
     </span>
    </p>
   </div>
   <div class='ocr_carea' id='block_1_73' title="bbox 2021 2947 3590 3018">
    <p class='ocr_par' dir='ltr' id='par_1_73' title="bbox 2021 2947 3590 3018">
     <span class='ocr_line' id='line_1_73' title="bbox 2021 2947 3590 3018; baseline 0.001 -18"><span class='ocrx_word' id='word_1_533' title='bbox 2021 2947 2078 3000; x_wconf 92' lang='lat' dir='ltr'><strong>ln</strong></span> <span class='ocrx_word' id='word_1_534' title='bbox 2123 2948 2324 3017; x_wconf 83' lang='lat' dir='ltr'><strong>quibus</strong></span> <span class='ocrx_word' id='word_1_535' title='bbox 2367 2957 2548 3002; x_wconf 88' lang='lat' dir='ltr'><strong>autem</strong></span> <span class='ocrx_word' id='word_1_536' title='bbox 2590 2947 2841 3018; x_wconf 86' lang='lat' dir='ltr'><strong>judicare</strong></span> <span class='ocrx_word' id='word_1_537' title='bbox 2883 2953 3172 3016; x_wconf 87' lang='lat' dir='ltr'><strong>oporteat,</strong></span> <span class='ocrx_word' id='word_1_538' title='bbox 3206 2947 3344 3002; x_wconf 85' lang='lat' dir='ltr'><strong>etin</strong></span> <span class='ocrx_word' id='word_1_539' title='bbox 3388 2947 3590 3017; x_wconf 83' lang='lat' dir='ltr'><strong>quibus</strong></span> 
     </span>
    </p>
   </div>
   <div class='ocr_carea' id='block_1_74' title="bbox 2020 3035 3586 3108">
    <p class='ocr_par' dir='ltr' id='par_1_74' title="bbox 2020 3035 3586 3108">
     <span class='ocr_line' id='line_1_74' title="bbox 2020 3035 3586 3108; baseline -0.001 -16"><span class='ocrx_word' id='word_1_540' title='bbox 2020 3054 2127 3092; x_wconf 90' lang='lat' dir='ltr'><strong>non</strong></span> <span class='ocrx_word' id='word_1_541' title='bbox 2161 3039 2229 3093; x_wconf 89' lang='lat' dir='ltr'><strong>sit</strong></span> <span class='ocrx_word' id='word_1_542' title='bbox 2256 3037 2618 3108; x_wconf 86' lang='lat' dir='ltr'><strong>judicandum</strong></span> <span class='ocrx_word' id='word_1_543' title='bbox 2641 3078 2654 3101; x_wconf 91' lang='lat'><strong>,</strong></span> <span class='ocrx_word' id='word_1_544' title='bbox 2688 3038 2834 3092; x_wconf 87' lang='lat' dir='ltr'><strong>clare</strong></span> <span class='ocrx_word' id='word_1_545' title='bbox 2863 3037 3105 3092; x_wconf 87' lang='lat' dir='ltr'><strong>ostendit</strong></span> <span class='ocrx_word' id='word_1_546' title='bbox 3151 3036 3309 3092; x_wconf 91' lang='lat' dir='ltr'><strong>nobis</strong></span> <span class='ocrx_word' id='word_1_547' title='bbox 3349 3035 3586 3107; x_wconf 81' lang='lat' dir='ltr'><strong>Aposto-</strong></span> 
     </span>
    </p>
   </div>
   <div class='ocr_carea' id='block_1_75' title="bbox 1943 3130 3587 3206">
    <p class='ocr_par' dir='ltr' id='par_1_75' title="bbox 1943 3130 3587 3206">
     <span class='ocr_line' id='line_1_75' title="bbox 1943 3130 3587 3206; baseline -0.003 -19"><span class='ocrx_word' id='word_1_548' title='bbox 1943 3153 1983 3206; x_wconf 70' lang='grc' dir='ltr'>ε</span> <span class='ocrx_word' id='word_1_549' title='bbox 2019 3134 2139 3198; x_wconf 87' lang='lat' dir='ltr'><strong>lus,</strong></span> <span class='ocrx_word' id='word_1_550' title='bbox 2172 3134 2264 3204; x_wconf 88' lang='lat' dir='ltr'><strong>qui</strong></span> <span class='ocrx_word' id='word_1_551' title='bbox 2299 3134 2366 3187; x_wconf 88' lang='lat' dir='ltr'><strong>de</strong></span> <span class='ocrx_word' id='word_1_552' title='bbox 2398 3133 2482 3186; x_wconf 86' lang='lat' dir='ltr'><strong>his</strong></span> <span class='ocrx_word' id='word_1_553' title='bbox 2515 3132 2736 3203; x_wconf 84' lang='lat' dir='ltr'><strong>quidem</strong></span> <span class='ocrx_word' id='word_1_554' title='bbox 2771 3146 2890 3202; x_wconf 71' lang='lat' dir='ltr'><strong>qua:</strong></span> <span class='ocrx_word' id='word_1_555' title='bbox 2931 3130 2986 3184; x_wconf 93' lang='lat' dir='ltr'><strong>in</strong></span> <span class='ocrx_word' id='word_1_556' title='bbox 3020 3130 3457 3200; x_wconf 86' lang='lat' dir='ltr'><strong>uniuscujusque</strong></span> <span class='ocrx_word' id='word_1_557' title='bbox 3486 3143 3587 3199; x_wconf 86' lang='lat' dir='ltr'><strong>po-</strong></span> 
     </span>
    </p>
   </div>
   <div class='ocr_carea' id='block_1_76' title="bbox 2016 3222 3588 3292">
    <p class='ocr_par' dir='ltr' id='par_1_76' title="bbox 2016 3222 3588 3292">
     <span class='ocr_line' id='line_1_76' title="bbox 2016 3222 3588 3292; baseline -0.003 -11"><span class='ocrx_word' id='word_1_558' title='bbox 2016 3234 2208 3281; x_wconf 85' lang='lat' dir='ltr'><strong>testate</strong></span> <span class='ocrx_word' id='word_1_559' title='bbox 2239 3226 2341 3280; x_wconf 85' lang='lat' dir='ltr'><strong>sita</strong></span> <span class='ocrx_word' id='word_1_560' title='bbox 2374 3231 2532 3289; x_wconf 91' lang='lat' dir='ltr'><strong>sunt,</strong></span> <span class='ocrx_word' id='word_1_561' title='bbox 2578 3238 2682 3279; x_wconf 89' lang='lat' dir='ltr'><strong>nec</strong></span> <span class='ocrx_word' id='word_1_562' title='bbox 2723 3237 2754 3277; x_wconf 90' lang='lat' dir='ltr'><strong>a</strong></span> <span class='ocrx_word' id='word_1_563' title='bbox 2800 3222 3086 3292; x_wconf 87' lang='lat' dir='ltr'><strong>Scriptura</strong></span> <span class='ocrx_word' id='word_1_564' title='bbox 3118 3222 3472 3292; x_wconf 64' lang='lat' dir='ltr'><strong>praescripta,</strong></span> <span class='ocrx_word' id='word_1_565' title='bbox 3506 3222 3588 3276; x_wconf 91' lang='lat' dir='ltr'><strong>sic</strong></span> 
     </span>
    </p>
   </div>
   <div class='ocr_carea' id='block_1_77' title="bbox 2011 3312 3590 3387">
    <p class='ocr_par' dir='ltr' id='par_1_77' title="bbox 2011 3312 3590 3387">
     <span class='ocr_line' id='line_1_77' title="bbox 2011 3312 3590 3387; baseline -0.002 -18"><span class='ocrx_word' id='word_1_566' title='bbox 2011 3315 2286 3387; x_wconf 88' lang='lat' dir='ltr'><strong>loquitur:</strong></span> <span class='ocrx_word' id='word_1_567' title='bbox 2333 3315 2411 3369; x_wconf 88' lang='lat' dir='ltr'><strong>Tu</strong></span> <span class='ocrx_word' id='word_1_568' title='bbox 2453 3325 2628 3368; x_wconf 91' lang='lat' dir='ltr'><strong>autem</strong></span> <span class='ocrx_word' id='word_1_569' title='bbox 2655 3313 2781 3385; x_wconf 89' lang='lat' dir='ltr'><strong>quid</strong></span> <span class='ocrx_word' id='word_1_570' title='bbox 2817 3313 3032 3384; x_wconf 85' lang='lat' dir='ltr'><strong>judicas</strong></span> <span class='ocrx_word' id='word_1_571' title='bbox 3073 3313 3293 3381; x_wconf 80' lang='lat' dir='ltr'><strong>fratrem</strong></span> <span class='ocrx_word' id='word_1_572' title='bbox 3324 3320 3471 3366; x_wconf 90' lang='lat' dir='ltr'><strong>tuum</strong></span> <span class='ocrx_word' id='word_1_573' title='bbox 3500 3312 3590 3366; x_wconf 68' lang='grc' dir='ltr'><strong>ἐἳ</strong></span> 
     </span>
    </p>
   </div>
   <div class='ocr_carea' id='block_1_78' title="bbox 2014 3402 3584 3476">
    <p class='ocr_par' dir='ltr' id='par_1_78' title="bbox 2014 3402 3584 3476">
     <span class='ocr_line' id='line_1_78' title="bbox 2014 3402 3584 3476; baseline -0.003 -16"><span class='ocrx_word' id='word_1_574' title='bbox 2014 3421 2078 3462; x_wconf 89' lang='lat' dir='ltr'><strong>ac</strong></span> <span class='ocrx_word' id='word_1_575' title='bbox 2108 3423 2304 3462; x_wconf 85' lang='lat' dir='ltr'><strong>rursus</strong></span> <span class='ocrx_word' id='word_1_576' title='bbox 2333 3427 2344 3462; x_wconf 95' lang='lat'>:</span> <span class='ocrx_word' id='word_1_577' title='bbox 2379 3404 2503 3460; x_wconf 86' lang='lat' dir='ltr'><strong>Non</strong></span> <span class='ocrx_word' id='word_1_578' title='bbox 2530 3422 2651 3476; x_wconf 88' lang='lat' dir='ltr'><strong><em>ergo</em></strong></span> <span class='ocrx_word' id='word_1_579' title='bbox 2691 3405 2918 3473; x_wconf 82' lang='lat' dir='ltr'><strong>amplius</strong></span> <span class='ocrx_word' id='word_1_580' title='bbox 2955 3404 3170 3457; x_wconf 70' lang='lat' dir='ltr'><strong>invicem</strong></span> <span class='ocrx_word' id='word_1_581' title='bbox 3187 3402 3487 3471; x_wconf 84' lang='lat' dir='ltr'><strong>judicemus</strong></span> <span class='ocrx_word' id='word_1_582' title='bbox 3517 3402 3584 3455; x_wconf 76' lang='lat'><strong>&quot;.</strong></span> 
     </span>
    </p>
   </div>
   <div class='ocr_carea' id='block_1_79' title="bbox 2014 3494 3585 3566">
    <p class='ocr_par' dir='ltr' id='par_1_79' title="bbox 2014 3494 3585 3566">
     <span class='ocr_line' id='line_1_79' title="bbox 2014 3494 3585 3566; baseline -0.003 -16"><span class='ocrx_word' id='word_1_583' title='bbox 2014 3497 2090 3552; x_wconf 87' lang='lat' dir='ltr'><strong>De</strong></span> <span class='ocrx_word' id='word_1_584' title='bbox 2121 3498 2206 3553; x_wconf 89' lang='lat' dir='ltr'><strong>his</strong></span> <span class='ocrx_word' id='word_1_585' title='bbox 2237 3513 2398 3558; x_wconf 81' lang='lat' dir='ltr'><strong>vero,</strong></span> <span class='ocrx_word' id='word_1_586' title='bbox 2432 3513 2554 3566; x_wconf 78' lang='lat' dir='ltr'><strong>quae</strong></span> <span class='ocrx_word' id='word_1_587' title='bbox 2583 3496 2880 3566; x_wconf 89' lang='lat' dir='ltr'><strong>displicent</strong></span> <span class='ocrx_word' id='word_1_588' title='bbox 2915 3494 3052 3558; x_wconf 89' lang='lat' dir='ltr'><strong>Deo,</strong></span> <span class='ocrx_word' id='word_1_589' title='bbox 3084 3496 3161 3548; x_wconf 87' lang='lat' dir='ltr'><strong>ita</strong></span> <span class='ocrx_word' id='word_1_590' title='bbox 3192 3494 3418 3560; x_wconf 89' lang='lat' dir='ltr'><strong>scribit,</strong></span> <span class='ocrx_word' id='word_1_591' title='bbox 3451 3508 3585 3547; x_wconf 87' lang='lat' dir='ltr'><strong>con—</strong></span> 
     </span>
    </p>
   </div>
   <div class='ocr_carea' id='block_1_80' title="bbox 2014 3584 3588 3658">
    <p class='ocr_par' dir='ltr' id='par_1_80' title="bbox 2014 3584 3588 3658">
     <span class='ocr_line' id='line_1_80' title="bbox 2014 3584 3588 3658; baseline -0.003 -15"><span class='ocrx_word' id='word_1_592' title='bbox 2014 3589 2284 3645; x_wconf 88' lang='lat' dir='ltr'><strong>demnans</strong></span> <span class='ocrx_word' id='word_1_593' title='bbox 2313 3603 2409 3641; x_wconf 86' lang='lat' dir='ltr'><strong>eos</strong></span> <span class='ocrx_word' id='word_1_594' title='bbox 2437 3589 2530 3658; x_wconf 91' lang='lat' dir='ltr'><strong>qui</strong></span> <span class='ocrx_word' id='word_1_595' title='bbox 2560 3603 2669 3642; x_wconf 91' lang='lat' dir='ltr'><strong>non</strong></span> <span class='ocrx_word' id='word_1_596' title='bbox 2695 3587 2981 3657; x_wconf 87' lang='lat' dir='ltr'><strong>judicant,</strong></span> <span class='ocrx_word' id='word_1_597' title='bbox 3011 3592 3064 3640; x_wconf 90' lang='lat' dir='ltr'><strong>et</strong></span> <span class='ocrx_word' id='word_1_598' title='bbox 3094 3600 3251 3640; x_wconf 91' lang='lat' dir='ltr'><strong>suum</strong></span> <span class='ocrx_word' id='word_1_599' title='bbox 3287 3585 3459 3654; x_wconf 85' lang='lat' dir='ltr'><strong>ipsius</strong></span> <span class='ocrx_word' id='word_1_600' title='bbox 3497 3584 3588 3654; x_wconf 89' lang='lat' dir='ltr'><strong>ju-</strong></span> 
     </span>
    </p>
   </div>
   <div class='ocr_carea' id='block_1_81' title="bbox 2013 3674 3585 3750">
    <p class='ocr_par' dir='ltr' id='par_1_81' title="bbox 2013 3674 3585 3750">
     <span class='ocr_line' id='line_1_81' title="bbox 2013 3674 3585 3750; baseline -0.004 -16"><span class='ocrx_word' id='word_1_601' title='bbox 2013 3680 2214 3735; x_wconf 88' lang='lat' dir='ltr'><strong>dicium</strong></span> <span class='ocrx_word' id='word_1_602' title='bbox 2250 3681 2532 3750; x_wconf 79' lang='lat' dir='ltr'><strong>proferens</strong></span> <span class='ocrx_word' id='word_1_603' title='bbox 2562 3681 2614 3734; x_wconf 91' lang='lat' dir='ltr'><strong>in</strong></span> <span class='ocrx_word' id='word_1_604' title='bbox 2645 3679 2883 3734; x_wconf 85' lang='lat' dir='ltr'><strong>medium</strong></span> <span class='ocrx_word' id='word_1_605' title='bbox 2907 3717 2922 3742; x_wconf 92' lang='lat'><strong>,</strong></span> <span class='ocrx_word' id='word_1_606' title='bbox 2953 3677 3039 3732; x_wconf 89' lang='lat' dir='ltr'><strong>his</strong></span> <span class='ocrx_word' id='word_1_607' title='bbox 3068 3677 3250 3731; x_wconf 77' lang='lat' dir='ltr'><strong>verbis</strong></span> <span class='ocrx_word' id='word_1_608' title='bbox 3277 3695 3290 3730; x_wconf 91' lang='lat'>:</span> <span class='ocrx_word' id='word_1_609' title='bbox 3322 3674 3434 3746; x_wconf 82' lang='lat' dir='ltr'><strong><em>Ego</em></strong></span> <span class='ocrx_word' id='word_1_610' title='bbox 3464 3676 3585 3746; x_wconf 85' lang='lat' dir='ltr'><strong>qui-</strong></span> 
     </span>
    </p>
   </div>
   <div class='ocr_carea' id='block_1_82' title="bbox 2013 3767 3586 3836">
    <p class='ocr_par' dir='ltr' id='par_1_82' title="bbox 2013 3767 3586 3836">
     <span class='ocr_line' id='line_1_82' title="bbox 2013 3767 3586 3836; baseline -0.001 -16"><span class='ocrx_word' id='word_1_611' title='bbox 2013 3767 2129 3822; x_wconf 88' lang='lat' dir='ltr'><strong>dem</strong></span> <span class='ocrx_word' id='word_1_612' title='bbox 2159 3778 2210 3820; x_wconf 92' lang='lat' dir='ltr'><strong>ut</strong></span> <span class='ocrx_word' id='word_1_613' title='bbox 2243 3767 2427 3821; x_wconf 84' lang='lat' dir='ltr'><strong><em>absens</em></strong></span> <span class='ocrx_word' id='word_1_614' title='bbox 2457 3783 2700 3836; x_wconf 89' lang='lat' dir='ltr'><strong>corpore,</strong></span> <span class='ocrx_word' id='word_1_615' title='bbox 2733 3783 2962 3836; x_wconf 82' lang='lat' dir='ltr'><strong>prwsens</strong></span> <span class='ocrx_word' id='word_1_616' title='bbox 2993 3776 3166 3820; x_wconf 92' lang='lat' dir='ltr'><strong>autem</strong></span> <span class='ocrx_word' id='word_1_617' title='bbox 3207 3767 3397 3836; x_wconf 87' lang='lat' dir='ltr'><strong>spiritu</strong></span> <span class='ocrx_word' id='word_1_618' title='bbox 3417 3806 3431 3830; x_wconf 94' lang='lat'><strong>,</strong></span> <span class='ocrx_word' id='word_1_619' title='bbox 3465 3767 3586 3835; x_wconf 90' lang='lat' dir='ltr'><strong>jam</strong></span> 
     </span>
    </p>
   </div>
   <div class='ocr_carea' id='block_1_83' title="bbox 2003 3857 3588 3929">
    <p class='ocr_par' dir='ltr' id='par_1_83' title="bbox 2003 3857 3588 3929">
     <span class='ocr_line' id='line_1_83' title="bbox 2003 3857 3588 3929; baseline -0.001 -17"><span class='ocrx_word' id='word_1_620' title='bbox 2003 3858 2243 3928; x_wconf 70' lang='lat' dir='ltr'><strong>judicari</strong></span> <span class='ocrx_word' id='word_1_621' title='bbox 2273 3868 2330 3911; x_wconf 89' lang='lat' dir='ltr'><strong>ut</strong></span> <span class='ocrx_word' id='word_1_622' title='bbox 2357 3874 2586 3926; x_wconf 76' lang='lat' dir='ltr'><strong>prtesens</strong></span> <span class='ocrx_word' id='word_1_623' title='bbox 2616 3875 2734 3912; x_wconf 91' lang='lat' dir='ltr'><strong>eum</strong></span> <span class='ocrx_word' id='word_1_624' title='bbox 2762 3860 2852 3929; x_wconf 88' lang='lat' dir='ltr'><strong>qui</strong></span> <span class='ocrx_word' id='word_1_625' title='bbox 2883 3859 2934 3910; x_wconf 89' lang='lat' dir='ltr'><strong>id</strong></span> <span class='ocrx_word' id='word_1_626' title='bbox 2975 3858 3052 3911; x_wconf 84' lang='lat' dir='ltr'><strong>ita</strong></span> <span class='ocrx_word' id='word_1_627' title='bbox 3089 3867 3332 3926; x_wconf 86' lang='lat' dir='ltr'><strong>operatus</strong></span> <span class='ocrx_word' id='word_1_628' title='bbox 3374 3866 3494 3910; x_wconf 85' lang='lat' dir='ltr'><strong><em>est:</em></strong></span> <span class='ocrx_word' id='word_1_629' title='bbox 3529 3857 3588 3910; x_wconf 86' lang='lat' dir='ltr'><strong>in</strong></span> 
     </span>
    </p>
   </div>
   <div class='ocr_carea' id='block_1_84' title="bbox 2013 3946 3588 4018">
    <p class='ocr_par' dir='ltr' id='par_1_84' title="bbox 2013 3946 3588 4018">
     <span class='ocr_line' id='line_1_84' title="bbox 2013 3946 3588 4018; baseline 0 -17"><span class='ocrx_word' id='word_1_630' title='bbox 2013 3951 2223 4002; x_wconf 89' lang='lat' dir='ltr'><strong>nomine</strong></span> <span class='ocrx_word' id='word_1_631' title='bbox 2254 3947 2468 4000; x_wconf 89' lang='lat' dir='ltr'><strong>Domini</strong></span> <span class='ocrx_word' id='word_1_632' title='bbox 2498 3949 2666 4001; x_wconf 88' lang='lat' dir='ltr'><strong>nostri</strong></span> <span class='ocrx_word' id='word_1_633' title='bbox 2707 3946 2837 4001; x_wconf 83' lang='lat' dir='ltr'><strong>Jesu</strong></span> <span class='ocrx_word' id='word_1_634' title='bbox 2869 3946 3103 4011; x_wconf 82' lang='lat' dir='ltr'><strong>Christi,</strong></span> <span class='ocrx_word' id='word_1_635' title='bbox 3145 3948 3470 4018; x_wconf 86' lang='lat' dir='ltr'><strong><em>congregatis</em></strong></span> <span class='ocrx_word' id='word_1_636' title='bbox 3497 3965 3588 4002; x_wconf 84' lang='lat' dir='ltr'><strong>vo-</strong></span> 
     </span>
    </p>
   </div>
   <div class='ocr_carea' id='block_1_85' title="bbox 2014 4037 3584 4109">
    <p class='ocr_par' dir='ltr' id='par_1_85' title="bbox 2014 4037 3584 4109">
     <span class='ocr_line' id='line_1_85' title="bbox 2014 4037 3584 4109; baseline 0 -17"><span class='ocrx_word' id='word_1_637' title='bbox 2014 4039 2126 4103; x_wconf 88' lang='lat' dir='ltr'><strong>bis,</strong></span> <span class='ocrx_word' id='word_1_638' title='bbox 2155 4049 2202 4092; x_wconf 90' lang='lat' dir='ltr'><strong><em>et</em></strong></span> <span class='ocrx_word' id='word_1_639' title='bbox 2230 4057 2341 4093; x_wconf 91' lang='lat' dir='ltr'><strong>meo</strong></span> <span class='ocrx_word' id='word_1_640' title='bbox 2370 4041 2559 4109; x_wconf 89' lang='lat' dir='ltr'><strong>spiritu</strong></span> <span class='ocrx_word' id='word_1_641' title='bbox 2581 4080 2595 4104; x_wconf 91' lang='lat'><strong>,</strong></span> <span class='ocrx_word' id='word_1_642' title='bbox 2628 4056 2745 4092; x_wconf 89' lang='lat' dir='ltr'><strong>cum</strong></span> <span class='ocrx_word' id='word_1_643' title='bbox 2788 4040 2979 4093; x_wconf 81' lang='lat' dir='ltr'><strong>virtute</strong></span> <span class='ocrx_word' id='word_1_644' title='bbox 3018 4038 3233 4092; x_wconf 87' lang='lat' dir='ltr'><strong>Domini</strong></span> <span class='ocrx_word' id='word_1_645' title='bbox 3273 4037 3436 4105; x_wconf 85' lang='lat' dir='ltr'><strong>Jesu,</strong></span> <span class='ocrx_word' id='word_1_646' title='bbox 3467 4049 3584 4092; x_wconf 90' lang='lat' dir='ltr'><strong>tra-</strong></span> 
     </span>
    </p>
   </div>
   <div class='ocr_carea' id='block_1_86' title="bbox 2012 4129 3588 4201">
    <p class='ocr_par' dir='ltr' id='par_1_86' title="bbox 2012 4129 3588 4201">
     <span class='ocr_line' id='line_1_86' title="bbox 2012 4129 3588 4201; baseline 0.001 -19"><span class='ocrx_word' id='word_1_647' title='bbox 2012 4129 2134 4184; x_wconf 89' lang='lat' dir='ltr'><strong>dere</strong></span> <span class='ocrx_word' id='word_1_648' title='bbox 2157 4130 2460 4198; x_wconf 79' lang='lat' dir='ltr'><strong>liujusmodi</strong></span> <span class='ocrx_word' id='word_1_649' title='bbox 2501 4130 2718 4184; x_wconf 79' lang='lat' dir='ltr'><strong><em>Satante</em></strong></span> <span class='ocrx_word' id='word_1_650' title='bbox 2745 4132 2797 4183; x_wconf 89' lang='lat' dir='ltr'><strong>in</strong></span> <span class='ocrx_word' id='word_1_651' title='bbox 2839 4131 3110 4184; x_wconf 89' lang='lat' dir='ltr'><strong>interitum</strong></span> <span class='ocrx_word' id='word_1_652' title='bbox 3153 4131 3330 4184; x_wconf 84' lang='lat' dir='ltr'><strong>carnis</strong></span> <span class='ocrx_word' id='word_1_653' title='bbox 3350 4170 3364 4194; x_wconf 93' lang='lat'><strong>,</strong></span> <span class='ocrx_word' id='word_1_654' title='bbox 3395 4140 3452 4184; x_wconf 92' lang='lat' dir='ltr'><strong><em>ut</em></strong></span> <span class='ocrx_word' id='word_1_655' title='bbox 3476 4131 3588 4201; x_wconf 87' lang='lat' dir='ltr'><strong>spi—</strong></span> 
     </span>
    </p>
   </div>
   <div class='ocr_carea' id='block_1_87' title="bbox 2015 4221 3585 4296">
    <p class='ocr_par' dir='ltr' id='par_1_87' title="bbox 2015 4221 3585 4296">
     <span class='ocr_line' id='line_1_87' title="bbox 2015 4221 3585 4296; baseline 0.003 -20"><span class='ocrx_word' id='word_1_656' title='bbox 2015 4225 2149 4277; x_wconf 89' lang='lat' dir='ltr'><strong><em>ritus</em></strong></span> <span class='ocrx_word' id='word_1_657' title='bbox 2175 4224 2353 4282; x_wconf 84' lang='lat' dir='ltr'><strong><em>salvus</em></strong></span> <span class='ocrx_word' id='word_1_658' title='bbox 2384 4224 2451 4276; x_wconf 89' lang='lat' dir='ltr'><strong><em>sit</em></strong></span> <span class='ocrx_word' id='word_1_659' title='bbox 2482 4225 2536 4276; x_wconf 93' lang='lat' dir='ltr'><strong>in</strong></span> <span class='ocrx_word' id='word_1_660' title='bbox 2565 4224 2648 4277; x_wconf 87' lang='lat' dir='ltr'><strong><em>die</em></strong></span> <span class='ocrx_word' id='word_1_661' title='bbox 2677 4222 2891 4276; x_wconf 89' lang='lat' dir='ltr'><strong>Domini</strong></span> <span class='ocrx_word' id='word_1_662' title='bbox 2914 4221 3044 4277; x_wconf 82' lang='lat' dir='ltr'><strong>Jesu</strong></span> <span class='ocrx_word' id='word_1_663' title='bbox 3070 4224 3136 4279; x_wconf 71' lang='grc'><strong>⁸⁸.</strong></span> <span class='ocrx_word' id='word_1_664' title='bbox 3167 4224 3348 4290; x_wconf 87' lang='lat' dir='ltr'><strong>Quare</strong></span> <span class='ocrx_word' id='word_1_665' title='bbox 3376 4225 3424 4279; x_wconf 89' lang='lat' dir='ltr'><strong>si</strong></span> <span class='ocrx_word' id='word_1_666' title='bbox 3453 4225 3585 4296; x_wconf 88' lang='lat' dir='ltr'><strong>quid</strong></span> 
     </span>
    </p>
   </div>
   <div class='ocr_carea' id='block_1_88' title="bbox 2014 4312 3587 4386">
    <p class='ocr_par' dir='ltr' id='par_1_88' title="bbox 2014 4312 3587 4386">
     <span class='ocr_line' id='line_1_88' title="bbox 2014 4312 3587 4386; baseline 0.003 -20"><span class='ocrx_word' id='word_1_667' title='bbox 2014 4312 2070 4366; x_wconf 92' lang='lat' dir='ltr'><strong>in</strong></span> <span class='ocrx_word' id='word_1_668' title='bbox 2102 4320 2289 4367; x_wconf 87' lang='lat' dir='ltr'><strong>nostra</strong></span> <span class='ocrx_word' id='word_1_669' title='bbox 2325 4320 2593 4381; x_wconf 85' lang='lat' dir='ltr'><strong>potestate</strong></span> <span class='ocrx_word' id='word_1_670' title='bbox 2622 4313 2860 4382; x_wconf 88' lang='lat' dir='ltr'><strong>positum</strong></span> <span class='ocrx_word' id='word_1_671' title='bbox 2892 4313 2999 4377; x_wconf 90' lang='lat' dir='ltr'><strong>sit,</strong></span> <span class='ocrx_word' id='word_1_672' title='bbox 3029 4320 3124 4368; x_wconf 91' lang='lat' dir='ltr'><strong>aut</strong></span> <span class='ocrx_word' id='word_1_673' title='bbox 3152 4316 3316 4368; x_wconf 90' lang='lat' dir='ltr'><strong>etiam</strong></span> <span class='ocrx_word' id='word_1_674' title='bbox 3351 4317 3587 4386; x_wconf 87' lang='lat' dir='ltr'><strong>plerum-</strong></span> 
     </span>
    </p>
   </div>
   <div class='ocr_carea' id='block_1_89' title="bbox 2014 4403 3584 4474">
    <p class='ocr_par' dir='ltr' id='par_1_89' title="bbox 2014 4403 3584 4474">
     <span class='ocr_line' id='line_1_89' title="bbox 2014 4403 3584 4474; baseline 0.001 -15"><span class='ocrx_word' id='word_1_675' title='bbox 2014 4420 2122 4474; x_wconf 90' lang='lat' dir='ltr'><strong>que</strong></span> <span class='ocrx_word' id='word_1_676' title='bbox 2148 4405 2414 4458; x_wconf 89' lang='lat' dir='ltr'><strong>incertum</strong></span> <span class='ocrx_word' id='word_1_677' title='bbox 2447 4403 2554 4467; x_wconf 89' lang='lat' dir='ltr'><strong>sit,</strong></span> <span class='ocrx_word' id='word_1_678' title='bbox 2583 4403 2654 4458; x_wconf 90' lang='lat' dir='ltr'><strong>ob</strong></span> <span class='ocrx_word' id='word_1_679' title='bbox 2680 4403 2783 4458; x_wconf 89' lang='lat' dir='ltr'><strong>hoc</strong></span> <span class='ocrx_word' id='word_1_680' title='bbox 2806 4418 2915 4458; x_wconf 92' lang='lat' dir='ltr'><strong>non</strong></span> <span class='ocrx_word' id='word_1_681' title='bbox 2939 4403 3099 4458; x_wconf 86' lang='lat' dir='ltr'><strong>debet</strong></span> <span class='ocrx_word' id='word_1_682' title='bbox 3127 4404 3294 4459; x_wconf 83' lang='lat' dir='ltr'><strong>frater</strong></span> <span class='ocrx_word' id='word_1_683' title='bbox 3311 4406 3546 4474; x_wconf 90' lang='lat' dir='ltr'><strong>judicari</strong></span> <span class='ocrx_word' id='word_1_684' title='bbox 3567 4447 3584 4472; x_wconf 92' lang='lat'><strong>,</strong></span> 
     </span>
    </p>
   </div>
   <div class='ocr_carea' id='block_1_90' title="bbox 342 4493 1914 4577">
    <p class='ocr_par' dir='ltr' id='par_1_90' title="bbox 342 4497 1911 4577">
     <span class='ocr_line' id='line_1_90' title="bbox 342 4497 1911 4577; baseline -0.006 -18"><span class='ocrx_word' id='word_1_685' title='bbox 342 4506 517 4577; x_wconf 86' lang='grc' dir='ltr'>τούτῳ</span> <span class='ocrx_word' id='word_1_686' title='bbox 546 4503 638 4557; x_wconf 82' lang='grc' dir='ltr'><strong>τὸν</strong></span> <span class='ocrx_word' id='word_1_687' title='bbox 661 4503 736 4574; x_wconf 91' lang='grc'><strong>(8)</strong></span> <span class='ocrx_word' id='word_1_688' title='bbox 765 4501 1015 4571; x_wconf 84' lang='grc' dir='ltr'>ἀδελφὸν,</span> <span class='ocrx_word' id='word_1_689' title='bbox 1045 4501 1186 4554; x_wconf 85' lang='grc' dir='ltr'>κατὰ</span> <span class='ocrx_word' id='word_1_690' title='bbox 1213 4500 1274 4552; x_wconf 80' lang='grc' dir='ltr'><strong>τὸ</strong></span> <span class='ocrx_word' id='word_1_691' title='bbox 1323 4501 1427 4553; x_wconf 85' lang='grc' dir='ltr'>ὑπὸ</span> <span class='ocrx_word' id='word_1_692' title='bbox 1455 4497 1548 4550; x_wconf 79' lang='grc' dir='ltr'><strong>τοῦ</strong></span> <span class='ocrx_word' id='word_1_693' title='bbox 1588 4497 1911 4552; x_wconf 84' lang='grc' dir='ltr'>Ἀποστόλου</span> 
     </span>
    </p>
   </div>
   <div class='ocr_carea' id='block_1_91' title="bbox 2017 4493 3582 4577">
    <p class='ocr_par' dir='ltr' id='par_1_91' title="bbox 2017 4493 3582 4567">
     <span class='ocr_line' id='line_1_91' title="bbox 2017 4493 3582 4567; baseline -0.001 -17"><span class='ocrx_word' id='word_1_694' title='bbox 2017 4497 2166 4567; x_wconf 76' lang='lat' dir='ltr'><strong>iuxta</strong></span> <span class='ocrx_word' id='word_1_695' title='bbox 2200 4496 2251 4549; x_wconf 93' lang='lat' dir='ltr'><strong>id</strong></span> <span class='ocrx_word' id='word_1_696' title='bbox 2289 4495 2434 4565; x_wconf 93' lang='lat' dir='ltr'><strong>quod</strong></span> <span class='ocrx_word' id='word_1_697' title='bbox 2475 4494 2544 4549; x_wconf 87' lang='lat' dir='ltr'><strong>ab</strong></span> <span class='ocrx_word' id='word_1_698' title='bbox 2581 4493 2846 4565; x_wconf 78' lang='lat' dir='ltr'><strong>Apostolo</strong></span> <span class='ocrx_word' id='word_1_699' title='bbox 2887 4493 2954 4549; x_wconf 90' lang='lat' dir='ltr'><strong>de</strong></span> <span class='ocrx_word' id='word_1_700' title='bbox 2994 4496 3060 4550; x_wconf 92' lang='lat' dir='ltr'><strong>iis</strong></span> <span class='ocrx_word' id='word_1_701' title='bbox 3087 4511 3208 4562; x_wconf 66' lang='lat' dir='ltr'><strong>quae</strong></span> <span class='ocrx_word' id='word_1_702' title='bbox 3237 4495 3582 4566; x_wconf 83' lang='lat' dir='ltr'><strong>ignorantur,</strong></span> 
     </span>
    </p>
   </div>
   <div class='ocr_carea' id='block_1_92' title="bbox 224 4589 1909 4670">
    <p class='ocr_par' dir='ltr' id='par_1_92' title="bbox 224 4589 1909 4670">
     <span class='ocr_line' id='line_1_92' title="bbox 224 4589 1909 4670; baseline -0.005 -19"><span class='ocrx_word' id='word_1_703' title='bbox 224 4597 234 4606; x_wconf 68' lang='grc'><em>“</em></span> <span class='ocrx_word' id='word_1_704' title='bbox 344 4599 470 4670; x_wconf 76' lang='grc' dir='ltr'>περὶ</span> <span class='ocrx_word' id='word_1_705' title='bbox 520 4595 626 4649; x_wconf 85' lang='grc' dir='ltr'><strong>τῶν</strong></span> <span class='ocrx_word' id='word_1_706' title='bbox 668 4594 1044 4666; x_wconf 86' lang='grc' dir='ltr'>ἀγνοουμένων</span> <span class='ocrx_word' id='word_1_707' title='bbox 1078 4592 1397 4664; x_wconf 78' lang='grc' dir='ltr'>εἰρημένον·</span> <span class='ocrx_word' id='word_1_708' title='bbox 1436 4591 1616 4645; x_wconf 83' lang='grc' dir='ltr'>Ὥστε</span> <span class='ocrx_word' id='word_1_709' title='bbox 1655 4590 1742 4659; x_wconf 83' lang='grc' dir='ltr'>μὴ</span> <span class='ocrx_word' id='word_1_710' title='bbox 1794 4589 1909 4658; x_wconf 85' lang='grc' dir='ltr'><strong>πρὸ</strong></span> 
     </span>
    </p>
   </div>
   <div class='ocr_carea' id='block_1_93' title="bbox 343 4680 1910 4761">
    <p class='ocr_par' dir='ltr' id='par_1_93' title="bbox 343 4680 1910 4761">
     <span class='ocr_line' id='line_1_93' title="bbox 343 4680 1910 4761; baseline -0.006 -17"><span class='ocrx_word' id='word_1_711' title='bbox 343 4690 550 4761; x_wconf 82' lang='grc' dir='ltr'>καιροῦ</span> <span class='ocrx_word' id='word_1_712' title='bbox 584 4707 640 4742; x_wconf 89' lang='grc' dir='ltr'><strong>τι</strong></span> <span class='ocrx_word' id='word_1_713' title='bbox 663 4689 911 4757; x_wconf 78' lang='grc' dir='ltr'>κρίνετε,</span> <span class='ocrx_word' id='word_1_714' title='bbox 941 4686 1051 4752; x_wconf 84' lang='grc' dir='ltr'><strong>ἓως</strong></span> <span class='ocrx_word' id='word_1_715' title='bbox 1081 4685 1158 4740; x_wconf 81' lang='grc' dir='ltr'><strong>ἂν</strong></span> <span class='ocrx_word' id='word_1_716' title='bbox 1190 4685 1337 4752; x_wconf 72' lang='grc' dir='ltr'><strong>ἔλθῃ</strong></span> <span class='ocrx_word' id='word_1_717' title='bbox 1366 4687 1398 4740; x_wconf 85' lang='grc' dir='ltr'><em>ὁ</em></span> <span class='ocrx_word' id='word_1_718' title='bbox 1435 4685 1668 4754; x_wconf 86' lang='grc' dir='ltr'>Κύριος,</span> <span class='ocrx_word' id='word_1_719' title='bbox 1709 4682 1778 4748; x_wconf 86' lang='grc' dir='ltr'><em>ὂς</em></span> <span class='ocrx_word' id='word_1_720' title='bbox 1812 4680 1910 4735; x_wconf 79' lang='grc' dir='ltr'>καὶ</span> 
     </span>
    </p>
   </div>
   <div class='ocr_carea' id='block_1_94' title="bbox 2015 4586 3585 4658">
    <p class='ocr_par' dir='ltr' id='par_1_94' title="bbox 2015 4586 3585 4658">
     <span class='ocr_line' id='line_1_94' title="bbox 2015 4586 3585 4658; baseline -0.001 -16"><span class='ocrx_word' id='word_1_721' title='bbox 2015 4587 2222 4642; x_wconf 86' lang='lat' dir='ltr'><strong>dictum</strong></span> <span class='ocrx_word' id='word_1_722' title='bbox 2256 4596 2341 4642; x_wconf 89' lang='lat' dir='ltr'><strong>est</strong></span> <span class='ocrx_word' id='word_1_723' title='bbox 2367 4607 2378 4643; x_wconf 92' lang='lat'><strong>:</strong></span> <span class='ocrx_word' id='word_1_724' title='bbox 2415 4586 2604 4658; x_wconf 85' lang='lat' dir='ltr'><strong>Itaque</strong></span> <span class='ocrx_word' id='word_1_725' title='bbox 2634 4587 2796 4641; x_wconf 87' lang='lat' dir='ltr'><strong><em>nolite</em></strong></span> <span class='ocrx_word' id='word_1_726' title='bbox 2826 4599 2945 4639; x_wconf 90' lang='lat' dir='ltr'><strong><em>ante</em></strong></span> <span class='ocrx_word' id='word_1_727' title='bbox 2976 4594 3176 4656; x_wconf 90' lang='lat' dir='ltr'><strong>tempus</strong></span> <span class='ocrx_word' id='word_1_728' title='bbox 3206 4588 3269 4641; x_wconf 86' lang='lat' dir='ltr'><strong>de</strong></span> <span class='ocrx_word' id='word_1_729' title='bbox 3299 4588 3474 4658; x_wconf 86' lang='lat' dir='ltr'><strong>aliquo</strong></span> <span class='ocrx_word' id='word_1_730' title='bbox 3493 4589 3585 4657; x_wconf 52' lang='lat' dir='ltr'><strong>jup</strong></span> 
     </span>
    </p>
   </div>
   <div class='ocr_carea' id='block_1_95' title="bbox 2017 4677 3586 4751">
    <p class='ocr_par' dir='ltr' id='par_1_95' title="bbox 2017 4677 3586 4751">
     <span class='ocr_line' id='line_1_95' title="bbox 2017 4677 3586 4751; baseline 0.001 -18"><span class='ocrx_word' id='word_1_731' title='bbox 2017 4681 2198 4734; x_wconf 88' lang='lat' dir='ltr'><strong>dicare</strong></span> <span class='ocrx_word' id='word_1_732' title='bbox 2219 4718 2235 4744; x_wconf 91' lang='lat'><strong>,</strong></span> <span class='ocrx_word' id='word_1_733' title='bbox 2265 4679 2602 4751; x_wconf 86' lang='lat' dir='ltr'><strong>quoadusque</strong></span> <span class='ocrx_word' id='word_1_734' title='bbox 2639 4681 2810 4735; x_wconf 86' lang='lat' dir='ltr'><strong>veniat</strong></span> <span class='ocrx_word' id='word_1_735' title='bbox 2839 4677 3092 4732; x_wconf 80' lang='lat' dir='ltr'><strong>Dominus</strong></span> <span class='ocrx_word' id='word_1_736' title='bbox 3114 4719 3130 4744; x_wconf 93' lang='lat'><strong>,</strong></span> <span class='ocrx_word' id='word_1_737' title='bbox 3170 4680 3260 4748; x_wconf 92' lang='lat' dir='ltr'><strong>qui</strong></span> <span class='ocrx_word' id='word_1_738' title='bbox 3295 4688 3345 4733; x_wconf 89' lang='lat' dir='ltr'><strong>et</strong></span> <span class='ocrx_word' id='word_1_739' title='bbox 3383 4679 3586 4734; x_wconf 86' lang='lat' dir='ltr'><strong><em>illumi-</em></strong></span> 
     </span>
    </p>
   </div>
   <div class='ocr_carea' id='block_1_96' title="bbox 411 4830 1914 4908">
    <p class='ocr_par' dir='ltr' id='par_1_96' title="bbox 411 4833 1902 4908">
     <span class='ocr_line' id='line_1_96' title="bbox 411 4833 1902 4908; baseline -0.009 -7"><span class='ocrx_word' id='word_1_740' title='bbox 411 4849 455 4880; x_wconf 78' lang='grc'>³³</span> <span class='ocrx_word' id='word_1_741' title='bbox 488 4845 674 4901; x_wconf 81' lang='lat' dir='ltr'><strong>Matth.</strong></span> <span class='ocrx_word' id='word_1_742' title='bbox 703 4859 838 4908; x_wconf 76' lang='lat' dir='ltr'><strong>xm,</strong></span> <span class='ocrx_word' id='word_1_743' title='bbox 868 4841 1057 4899; x_wconf 77' lang='lat'><strong>57—39.</strong></span> <span class='ocrx_word' id='word_1_744' title='bbox 1126 4838 1172 4870; x_wconf 86' lang='grc'>⁸³</span> <span class='ocrx_word' id='word_1_745' title='bbox 1196 4836 1354 4894; x_wconf 85' lang='lat' dir='ltr'><strong>Joan.</strong></span> <span class='ocrx_word' id='word_1_746' title='bbox 1387 4853 1513 4908; x_wconf 3' lang='lat' dir='ltr'><strong>(xui,</strong></span> <span class='ocrx_word' id='word_1_747' title='bbox 1553 4837 1642 4892; x_wconf 73' lang='grc'><strong>54.</strong></span> <span class='ocrx_word' id='word_1_748' title='bbox 1695 4833 1902 4908; x_wconf 71' lang='lat' dir='ltr'><strong>_“_Luc.</strong></span> 
     </span>
    </p>
   </div>
   <div class='ocr_carea' id='block_1_97' title="bbox 2017 4830 3579 4908">
    <p class='ocr_par' dir='ltr' id='par_1_97' title="bbox 2042 4830 3579 4908">
     <span class='ocr_line' id='line_1_97' title="bbox 2042 4830 3579 4908; baseline 0.004 -23"><span class='ocrx_word' id='word_1_749' title='bbox 2042 4833 2130 4908; x_wconf 52' lang='grc' dir='ltr'><strong>ξε.</strong></span> <span class='ocrx_word' id='word_1_750' title='bbox 2191 4832 2235 4864; x_wconf 82' lang='grc'><strong>⁸⁸</strong></span> <span class='ocrx_word' id='word_1_751' title='bbox 2269 4831 2459 4886; x_wconf 88' lang='lat' dir='ltr'><strong>Matth.</strong></span> <span class='ocrx_word' id='word_1_752' title='bbox 2486 4851 2540 4898; x_wconf 82' lang='grc' dir='ltr'><strong>ν,</strong></span> <span class='ocrx_word' id='word_1_753' title='bbox 2573 4831 2658 4899; x_wconf 82' lang='grc' dir='ltr'>Η,</span> <span class='ocrx_word' id='word_1_754' title='bbox 2695 4835 2782 4889; x_wconf 72' lang='grc'><strong>12.</strong></span> <span class='ocrx_word' id='word_1_755' title='bbox 2846 4830 2891 4867; x_wconf 71' lang='grc'><strong>³⁸</strong></span> <span class='ocrx_word' id='word_1_756' title='bbox 2915 4834 3050 4890; x_wconf 90' lang='lat' dir='ltr'><strong>Luc.</strong></span> <span class='ocrx_word' id='word_1_757' title='bbox 3087 4852 3163 4900; x_wconf 78' lang='lat' dir='ltr'><strong>vr,</strong></span> <span class='ocrx_word' id='word_1_758' title='bbox 3197 4837 3284 4891; x_wconf 83' lang='grc'><strong>57.</strong></span> <span class='ocrx_word' id='word_1_759' title='bbox 3350 4836 3391 4868; x_wconf 77' lang='grc'><strong>³⁷</strong></span> <span class='ocrx_word' id='word_1_760' title='bbox 3420 4831 3579 4891; x_wconf 82' lang='lat' dir='ltr'><strong>Joan.</strong></span> 
     </span>
    </p>
   </div>
   <div class='ocr_carea' id='block_1_98' title="bbox 343 4904 2102 4980">
    <p class='ocr_par' dir='ltr' id='par_1_98' title="bbox 343 4904 2102 4980">
     <span class='ocr_line' id='line_1_98' title="bbox 343 4904 2102 4980; baseline -0.01 -7"><span class='ocrx_word' id='word_1_761' title='bbox 343 4937 442 4980; x_wconf 83' lang='lat' dir='ltr'><strong>vn,</strong></span> <span class='ocrx_word' id='word_1_762' title='bbox 472 4919 562 4972; x_wconf 61' lang='grc' dir='ltr'><strong>Ἃ.</strong></span> <span class='ocrx_word' id='word_1_763' title='bbox 637 4917 680 4948; x_wconf 80' lang='grc'><strong>³⁸</strong></span> <span class='ocrx_word' id='word_1_764' title='bbox 707 4904 866 4970; x_wconf 79' lang='lat' dir='ltr'><strong>Rom.</strong></span> <span class='ocrx_word' id='word_1_765' title='bbox 901 4929 1014 4978; x_wconf 79' lang='lat' dir='ltr'><strong>xw,</strong></span> <span class='ocrx_word' id='word_1_766' title='bbox 1045 4909 1133 4965; x_wconf 74' lang='grc'><strong>10.</strong></span> <span class='ocrx_word' id='word_1_767' title='bbox 1211 4909 1254 4941; x_wconf 78' lang='grc'><strong>³⁸</strong></span> <span class='ocrx_word' id='word_1_768' title='bbox 1287 4907 1420 4962; x_wconf 91' lang='lat' dir='ltr'><strong>ibid.</strong></span> <span class='ocrx_word' id='word_1_769' title='bbox 1455 4908 1542 4961; x_wconf 79' lang='grc'><strong>15.</strong></span> <span class='ocrx_word' id='word_1_770' title='bbox 1619 4908 1664 4939; x_wconf 70' lang='grc'><strong>⁸⁸</strong></span> <span class='ocrx_word' id='word_1_771' title='bbox 1693 4905 1712 4958; x_wconf 92' lang='grc' dir='ltr'><strong>ι</strong></span> <span class='ocrx_word' id='word_1_772' title='bbox 1741 4905 1870 4960; x_wconf 84' lang='lat' dir='ltr'><strong>Cor.</strong></span> <span class='ocrx_word' id='word_1_773' title='bbox 1901 4920 1954 4970; x_wconf 74' lang='grc' dir='ltr'><strong>ν,</strong></span> <span class='ocrx_word' id='word_1_774' title='bbox 1982 4904 2102 4958; x_wconf 77' lang='grc'><strong>5-5.</strong></span> 
     </span>
    </p>
   </div>
   <div class='ocr_carea' id='block_1_99' title="bbox 416 5059 1906 5153">
    <p class='ocr_par' dir='ltr' id='par_1_99' title="bbox 416 5059 1906 5153">
     <span class='ocr_line' id='line_1_99' title="bbox 416 5059 1906 5153; baseline -0.011 -24"><span class='ocrx_word' id='word_1_775' title='bbox 416 5076 492 5145; x_wconf 80' lang='lat'>(&#39;5)</span> <span class='ocrx_word' id='word_1_776' title='bbox 521 5073 746 5153; x_wconf 58' lang='lat' dir='ltr'><strong>Veteres</strong></span> <span class='ocrx_word' id='word_1_777' title='bbox 765 5080 994 5142; x_wconf 87' lang='lat' dir='ltr'><strong>quatuor</strong></span> <span class='ocrx_word' id='word_1_778' title='bbox 1017 5068 1141 5125; x_wconf 89' lang='lat' dir='ltr'><strong>libri</strong></span> <span class='ocrx_word' id='word_1_779' title='bbox 1167 5063 1549 5138; x_wconf 82' lang='grc' dir='ltr'>χρεωστοῦμεν</span> <span class='ocrx_word' id='word_1_780' title='bbox 1575 5060 1741 5134; x_wconf 82' lang='grc' dir='ltr'>αὐτῷ.</span> <span class='ocrx_word' id='word_1_781' title='bbox 1761 5059 1906 5113; x_wconf 89' lang='lat' dir='ltr'><strong>Editi</strong></span> 
     </span>
    </p>
   </div>
   <div class='ocr_carea' id='block_1_100' title="bbox 344 5161 1576 5219">
    <p class='ocr_par' dir='ltr' id='par_1_100' title="bbox 344 5161 1576 5219">
     <span class='ocr_line' id='line_1_100' title="bbox 344 5161 1576 5219; baseline -0.002 0"><span class='ocrx_word' id='word_1_782' title='bbox 344 5161 742 5219; x_wconf 56' lang='grc' dir='ltr'><strong>χρεφσῖουμαις</strong></span> <span class='ocrx_word' id='word_1_783' title='bbox 782 5213 795 5219; x_wconf 90' lang='grc'><strong>-</strong></span> <span class='ocrx_word' id='word_1_784' title='bbox 1002 5212 1014 5219; x_wconf 92' lang='grc'>.</span> <span class='ocrx_word' id='word_1_785' title='bbox 1197 5205 1242 5219; x_wconf 82' lang='lat'><strong>..</strong></span> <span class='ocrx_word' id='word_1_786' title='bbox 1397 5205 1411 5219; x_wconf 90' lang='lat'><strong>.</strong></span> <span class='ocrx_word' id='word_1_787' title='bbox 1549 5201 1576 5214; x_wconf 90' lang='grc'><strong>..</strong></span> 
     </span>
    </p>
   </div>
   <div class='ocr_carea' id='block_1_101' title="bbox 419 5201 1903 5288">
    <p class='ocr_par' dir='ltr' id='par_1_101' title="bbox 419 5201 1903 5288">
     <span class='ocr_line' id='line_1_101' title="bbox 419 5201 1903 5288; baseline -0.012 -18"><span class='ocrx_word' id='word_1_788' title='bbox 419 5217 493 5288; x_wconf 73' lang='grc'><strong>(4)</strong></span> <span class='ocrx_word' id='word_1_789' title='bbox 523 5201 741 5288; x_wconf 72' lang='lat' dir='ltr'><strong>Antiqui</strong></span> <span class='ocrx_word' id='word_1_790' title='bbox 766 5213 872 5268; x_wconf 89' lang='lat' dir='ltr'><strong>duo</strong></span> <span class='ocrx_word' id='word_1_791' title='bbox 894 5212 1166 5288; x_wconf 67' lang='lat' dir='ltr'><strong>libricuin</strong></span> <span class='ocrx_word' id='word_1_792' title='bbox 1197 5205 1357 5288; x_wconf 48' lang='lat' dir='ltr'><strong>Vnoss.</strong></span> <span class='ocrx_word' id='word_1_793' title='bbox 1387 5201 1714 5288; x_wconf 61' lang='grc' dir='ltr'>ἀγαπῶντας</span> <span class='ocrx_word' id='word_1_794' title='bbox 1739 5201 1903 5288; x_wconf 51' lang='grc' dir='ltr'>ἧμας,</span> 
     </span>
    </p>
   </div>
   <div class='ocr_carea' id='block_1_102' title="bbox 320 5269 1906 5356">
    <p class='ocr_par' dir='ltr' id='par_1_102' title="bbox 320 5269 1906 5356">
     <span class='ocr_line' id='line_1_102' title="bbox 320 5269 1906 5356; baseline -0.011 -16"><span class='ocrx_word' id='word_1_795' title='bbox 320 5269 687 5356; x_wconf 45' lang='grc' dir='ltr'>ιτίδίμισθὸν</span> <span class='ocrx_word' id='word_1_796' title='bbox 715 5283 897 5354; x_wconf 76' lang='grc' dir='ltr'>ἐχετε;</span> <span class='ocrx_word' id='word_1_797' title='bbox 932 5279 1192 5356; x_wconf 37' lang='grc' dir='ltr'>Καὶ-γᾴρ.</span> <span class='ocrx_word' id='word_1_798' title='bbox 1218 5278 1392 5356; x_wconf 78' lang='lat' dir='ltr'><strong>Quam</strong></span> <span class='ocrx_word' id='word_1_799' title='bbox 1427 5269 1711 5356; x_wconf 77' lang='lat' dir='ltr'><strong>mercedem</strong></span> <span class='ocrx_word' id='word_1_800' title='bbox 1749 5269 1906 5323; x_wconf 84' lang='lat' dir='ltr'><strong><em>habe-</em></strong></span> 
     </span>
    </p>
   </div>
   <div class='ocr_carea' id='block_1_103' title="bbox 317 5349 1631 5424">
    <p class='ocr_par' dir='ltr' id='par_1_103' title="bbox 317 5349 1631 5424">
     <span class='ocr_line' id='line_1_103' title="bbox 317 5349 1631 5424; baseline -0.014 -12"><span class='ocrx_word' id='word_1_801' title='bbox 317 5349 326 5378; x_wconf 48' lang='lat'>&quot;</span> <span class='ocrx_word' id='word_1_802' title='bbox 349 5360 452 5414; x_wconf 79' lang='lat' dir='ltr'><strong>tis?</strong></span> <span class='ocrx_word' id='word_1_803' title='bbox 479 5349 584 5409; x_wconf 59' lang='lat' dir='ltr'><strong>Alii</strong></span> <span class='ocrx_word' id='word_1_804' title='bbox 617 5357 724 5410; x_wconf 90' lang='lat' dir='ltr'><strong>duo</strong></span> <span class='ocrx_word' id='word_1_805' title='bbox 745 5349 884 5424; x_wconf 53' lang='lat' dir='ltr'><strong>&#39;i&#39;nss.</strong></span> <span class='ocrx_word' id='word_1_806' title='bbox 913 5361 968 5408; x_wconf 89' lang='lat' dir='ltr'><strong>et</strong></span> <span class='ocrx_word' id='word_1_807' title='bbox 1001 5349 1228 5424; x_wconf 29' lang='lat' dir='ltr'><strong>editi’ut</strong></span> <span class='ocrx_word' id='word_1_808' title='bbox 1255 5349 1631 5424; x_wconf 41' lang='lat' dir='ltr'><strong>incontentn.‘</strong></span> 
     </span>
    </p>
   </div>
   <div class='ocr_carea' id='block_1_104' title="bbox 345 5409 1904 5561">
    <p class='ocr_par' dir='ltr' id='par_1_104' title="bbox 345 5409 1904 5561">
     <span class='ocr_line' id='line_1_104' title="bbox 351 5409 1900 5550; baseline -0.012 -68"><span class='ocrx_word' id='word_1_809' title='bbox 351 5409 506 5550; x_wconf 43' lang='lat'><strong>“&#39;35)</strong></span> <span class='ocrx_word' id='word_1_810' title='bbox 538 5426 678 5479; x_wconf 87' lang='lat' dir='ltr'><strong>Editi</strong></span> <span class='ocrx_word' id='word_1_811' title='bbox 711 5424 776 5476; x_wconf 81' lang='lat' dir='ltr'><strong>Tt</strong></span> <span class='ocrx_word' id='word_1_812' title='bbox 805 5422 897 5477; x_wconf 81' lang='grc' dir='ltr'>οὖν</span> <span class='ocrx_word' id='word_1_813' title='bbox 929 5425 1064 5476; x_wconf 77' lang='grc' dir='ltr'>ἐστι.</span> <span class='ocrx_word' id='word_1_814' title='bbox 1107 5417 1327 5486; x_wconf 85' lang='lat' dir='ltr'><strong>Antiqui</strong></span> <span class='ocrx_word' id='word_1_815' title='bbox 1359 5425 1470 5469; x_wconf 88' lang='lat' dir='ltr'><strong>tres</strong></span> <span class='ocrx_word' id='word_1_816' title='bbox 1512 5411 1634 5466; x_wconf 90' lang='lat' dir='ltr'><strong>libri</strong></span> <span class='ocrx_word' id='word_1_817' title='bbox 1663 5409 1727 5462; x_wconf 88' lang='lat' dir='ltr'><strong>Tt</strong></span> <span class='ocrx_word' id='word_1_818' title='bbox 1765 5411 1900 5490; x_wconf 65' lang='grc' dir='ltr'>ιεςτι.</span> 
     </span>
     <span class='ocr_line' id='line_1_105' title="bbox 345 5479 1904 5561; baseline -0.013 -10"><span class='ocrx_word' id='word_1_819' title='bbox 345 5496 421 5552; x_wconf 88' lang='lat' dir='ltr'><strong>lbi</strong></span> <span class='ocrx_word' id='word_1_820' title='bbox 462 5512 546 5553; x_wconf 89' lang='lat' dir='ltr'><strong>em</strong></span> <span class='ocrx_word' id='word_1_821' title='bbox 573 5497 743 5550; x_wconf 79' lang='lat' dir='ltr'><strong>codex</strong></span> <span class='ocrx_word' id='word_1_822' title='bbox 776 5495 928 5548; x_wconf 85' lang='lat' dir='ltr'><strong>Colb.</strong></span> <span class='ocrx_word' id='word_1_823' title='bbox 955 5493 1016 5545; x_wconf 79' lang='grc' dir='ltr'><strong>τὸ</strong></span> <span class='ocrx_word' id='word_1_824' title='bbox 1062 5491 1134 5561; x_wconf 85' lang='grc' dir='ltr'><strong>μὴ</strong></span> <span class='ocrx_word' id='word_1_825' title='bbox 1169 5489 1403 5561; x_wconf 76' lang='grc' dir='ltr'>κρίνετε,</span> <span class='ocrx_word' id='word_1_826' title='bbox 1440 5485 1526 5561; x_wconf 81' lang='grc' dir='ltr'>ἵνα</span> <span class='ocrx_word' id='word_1_827' title='bbox 1560 5479 1904 5561; x_wconf 37' lang='grc' dir='ltr'>μὴικριῼητε,</span> 
     </span>
    </p>
   </div>
   <div class='ocr_carea' id='block_1_105' title="bbox 345 5551 1908 5634">
    <p class='ocr_par' dir='ltr' id='par_1_105' title="bbox 345 5551 1908 5634">
     <span class='ocr_line' id='line_1_106' title="bbox 345 5551 1908 5634; baseline -0.011 -12"><span class='ocrx_word' id='word_1_828' title='bbox 345 5551 487 5623; x_wconf 83' lang='lat' dir='ltr'><strong>Illud</strong></span> <span class='ocrx_word' id='word_1_829' title='bbox 528 5574 706 5620; x_wconf 86' lang='lat' dir='ltr'><strong>autem</strong></span> <span class='ocrx_word' id='word_1_830' title='bbox 731 5565 874 5634; x_wconf 87' lang='lat' dir='ltr'><strong>quod</strong></span> <span class='ocrx_word' id='word_1_831' title='bbox 912 5551 1155 5634; x_wconf 75' lang='lat' dir='ltr'><strong>proxime</strong></span> <span class='ocrx_word' id='word_1_832' title='bbox 1191 5551 1443 5634; x_wconf 66' lang='lat' dir='ltr'><strong>sequitur</strong></span> <span class='ocrx_word' id='word_1_833' title='bbox 1470 5555 1529 5634; x_wconf 72' lang='lat' dir='ltr'><strong>in</strong></span> <span class='ocrx_word' id='word_1_834' title='bbox 1548 5551 1809 5634; x_wconf 44' lang='lat' dir='ltr'><strong>qugatis.</strong></span> <span class='ocrx_word' id='word_1_835' title='bbox 1852 5560 1908 5634; x_wconf 76' lang='lat' dir='ltr'><strong>e_t</strong></span> 
     </span>
    </p>
   </div>
   <div class='ocr_carea' id='block_1_106' title="bbox 346 5620 1902 5707">
    <p class='ocr_par' dir='ltr' id='par_1_106' title="bbox 346 5620 1902 5707">
     <span class='ocr_line' id='line_1_107' title="bbox 346 5620 1902 5707; baseline -0.014 -14"><span class='ocrx_word' id='word_1_836' title='bbox 346 5620 406 5693; x_wconf 79' lang='lat' dir='ltr'><strong>in</strong></span> <span class='ocrx_word' id='word_1_837' title='bbox 422 5620 674 5707; x_wconf 74' lang='lat' dir='ltr'><strong>antiquis</strong></span> <span class='ocrx_word' id='word_1_838' title='bbox 707 5620 928 5707; x_wconf 65' lang='lat' dir='ltr'><strong>duobus</strong></span> <span class='ocrx_word' id='word_1_839' title='bbox 948 5633 1132 5707; x_wconf 72' lang='lat' dir='ltr'><strong>libris.</strong></span> <span class='ocrx_word' id='word_1_840' title='bbox 1167 5628 1241 5699; x_wconf 84' lang='grc' dir='ltr'>μὴ</span> <span class='ocrx_word' id='word_1_841' title='bbox 1271 5620 1686 5707; x_wconf 64' lang='grc' dir='ltr'>καταᾷικάζετε,</span> <span class='ocrx_word' id='word_1_842' title='bbox 1724 5620 1817 5673; x_wconf 79' lang='grc' dir='ltr'>καὶ</span> <span class='ocrx_word' id='word_1_843' title='bbox 1842 5622 1902 5707; x_wconf 56' lang='grc' dir='ltr'>ορ</span> 
     </span>
    </p>
   </div>
   <div class='ocr_carea' id='block_1_107' title="bbox 351 5692 1902 5780">
    <p class='ocr_par' dir='ltr' id='par_1_107' title="bbox 351 5692 1902 5780">
     <span class='ocr_line' id='line_1_108' title="bbox 351 5692 1902 5780; baseline -0.011 -17"><span class='ocrx_word' id='word_1_844' title='bbox 451 5692 905 5775; x_wconf 74' lang='grc' dir='ltr'>κατᾶδικασθῆτε,</span> <span class='ocrx_word' id='word_1_845' title='bbox 931 5692 1587 5763; x_wconf 43' lang='lat' dir='ltr'><strong>delendum-censuimus,</strong></span> <span class='ocrx_word' id='word_1_846' title='bbox 1621 5701 1734 5748; x_wconf 89' lang='lat' dir='ltr'><strong>tum</strong></span> <span class='ocrx_word' id='word_1_847' title='bbox 1756 5692 1902 5762; x_wconf 87' lang='lat' dir='ltr'><strong>quod</strong></span> 
     </span>
    </p>
   </div>
   <div class='ocr_carea' id='block_1_108' title="bbox 2009 5057 3581 5130">
    <p class='ocr_par' dir='ltr' id='par_1_108' title="bbox 2009 5057 3581 5130">
     <span class='ocr_line' id='line_1_109' title="bbox 2009 5057 3581 5130; baseline 0.001 -18"><span class='ocrx_word' id='word_1_848' title='bbox 2009 5059 2124 5130; x_wconf 59' lang='lat' dir='ltr'><strong>haec</strong></span> <span class='ocrx_word' id='word_1_849' title='bbox 2155 5059 2317 5114; x_wconf 81' lang='lat' dir='ltr'><strong>verba</strong></span> <span class='ocrx_word' id='word_1_850' title='bbox 2347 5059 2399 5114; x_wconf 91' lang='lat' dir='ltr'><strong>in</strong></span> <span class='ocrx_word' id='word_1_851' title='bbox 2419 5059 2542 5130; x_wconf 68' lang='lat' dir='ltr'><strong>aliis</strong></span> <span class='ocrx_word' id='word_1_852' title='bbox 2562 5058 2890 5130; x_wconf 87' lang='lat' dir='ltr'><strong>quibusdam</strong></span> <span class='ocrx_word' id='word_1_853' title='bbox 2919 5073 3053 5113; x_wconf 89' lang='lat' dir='ltr'><strong>mss.</strong></span> <span class='ocrx_word' id='word_1_854' title='bbox 3075 5057 3276 5122; x_wconf 91' lang='lat' dir='ltr'><strong>desint,</strong></span> <span class='ocrx_word' id='word_1_855' title='bbox 3303 5066 3414 5111; x_wconf 91' lang='lat' dir='ltr'><strong>tum</strong></span> <span class='ocrx_word' id='word_1_856' title='bbox 3435 5059 3581 5128; x_wconf 88' lang='lat' dir='ltr'><strong>quod</strong></span> 
     </span>
    </p>
   </div>
   <div class='ocr_carea' id='block_1_109' title="bbox 2007 5129 2980 5199">
    <p class='ocr_par' dir='ltr' id='par_1_109' title="bbox 2007 5129 2980 5199">
     <span class='ocr_line' id='line_1_110' title="bbox 2007 5129 2980 5199; baseline -0.002 -17"><span class='ocrx_word' id='word_1_857' title='bbox 2007 5129 2075 5184; x_wconf 90' lang='lat' dir='ltr'><strong>de</strong></span> <span class='ocrx_word' id='word_1_858' title='bbox 2115 5130 2250 5198; x_wconf 91' lang='lat' dir='ltr'><strong>ipsis</strong></span> <span class='ocrx_word' id='word_1_859' title='bbox 2288 5130 2342 5184; x_wconf 94' lang='lat' dir='ltr'><strong>in</strong></span> <span class='ocrx_word' id='word_1_860' title='bbox 2372 5130 2475 5185; x_wconf 88' lang='lat' dir='ltr'><strong>hac</strong></span> <span class='ocrx_word' id='word_1_861' title='bbox 2501 5129 2705 5199; x_wconf 77' lang='lat' dir='ltr'><strong>Regula</strong></span> <span class='ocrx_word' id='word_1_862' title='bbox 2736 5129 2980 5199; x_wconf 71' lang='lat' dir='ltr'><strong>sileatur.</strong></span> 
     </span>
    </p>
   </div>
   <div class='ocr_carea' id='block_1_110' title="bbox 2082 5197 3581 5271">
    <p class='ocr_par' dir='ltr' id='par_1_110' title="bbox 2082 5197 3581 5271">
     <span class='ocr_line' id='line_1_111' title="bbox 2082 5197 3581 5271; baseline -0.001 -17"><span class='ocrx_word' id='word_1_863' title='bbox 2082 5197 2160 5271; x_wconf 87' lang='lat'>(6)</span> <span class='ocrx_word' id='word_1_864' title='bbox 2193 5199 2374 5254; x_wconf 86' lang='lat' dir='ltr'><strong>Vossii</strong></span> <span class='ocrx_word' id='word_1_865' title='bbox 2398 5210 2553 5256; x_wconf 86' lang='lat' dir='ltr'><strong>vetus</strong></span> <span class='ocrx_word' id='word_1_866' title='bbox 2584 5197 2794 5271; x_wconf 61' lang='lat' dir='ltr'><strong>liberet</strong></span> <span class='ocrx_word' id='word_1_867' title='bbox 2823 5197 2915 5251; x_wconf 87' lang='lat' dir='ltr'><strong>alii</strong></span> <span class='ocrx_word' id='word_1_868' title='bbox 2949 5198 3059 5271; x_wconf 89' lang='lat' dir='ltr'><strong>duo</strong></span> <span class='ocrx_word' id='word_1_869' title='bbox 3082 5198 3174 5266; x_wconf 89' lang='lat' dir='ltr'><strong>qui</strong></span> <span class='ocrx_word' id='word_1_870' title='bbox 3211 5213 3334 5271; x_wconf 69' lang='lat' dir='ltr'><strong>cum</strong></span> <span class='ocrx_word' id='word_1_871' title='bbox 3359 5213 3581 5271; x_wconf 9' lang='lat' dir='ltr'><strong>eorcon-</strong></span> 
     </span>
    </p>
   </div>
   <div class='ocr_carea' id='block_1_111' title="bbox 2007 5267 3574 5338">
    <p class='ocr_par' dir='ltr' id='par_1_111' title="bbox 2007 5267 3574 5338">
     <span class='ocr_line' id='line_1_112' title="bbox 2007 5267 3574 5338; baseline -0.003 -12"><span class='ocrx_word' id='word_1_872' title='bbox 2007 5267 2210 5326; x_wconf 85' lang='lat' dir='ltr'><strong>sentire</strong></span> <span class='ocrx_word' id='word_1_873' title='bbox 2230 5272 2426 5333; x_wconf 88' lang='lat' dir='ltr'><strong>solent,</strong></span> <span class='ocrx_word' id='word_1_874' title='bbox 2459 5272 2562 5324; x_wconf 88' lang='lat' dir='ltr'><strong>hoc</strong></span> <span class='ocrx_word' id='word_1_875' title='bbox 2592 5276 2698 5333; x_wconf 88' lang='lat' dir='ltr'><strong>est,</strong></span> <span class='ocrx_word' id='word_1_876' title='bbox 2727 5267 2857 5338; x_wconf 68' lang='lat' dir='ltr'><strong>Reg.</strong></span> <span class='ocrx_word' id='word_1_877' title='bbox 2888 5270 3098 5337; x_wconf 89' lang='lat' dir='ltr'><strong>primus</strong></span> <span class='ocrx_word' id='word_1_878' title='bbox 3121 5276 3174 5322; x_wconf 91' lang='lat' dir='ltr'><strong>et</strong></span> <span class='ocrx_word' id='word_1_879' title='bbox 3205 5267 3574 5333; x_wconf 86' lang='lat' dir='ltr'><strong>Colbertinus,</strong></span> 
     </span>
    </p>
   </div>
   <div class='ocr_carea' id='block_1_112' title="bbox 2006 5338 3293 5412">
    <p class='ocr_par' dir='ltr' id='par_1_112' title="bbox 2006 5338 3293 5412">
     <span class='ocr_line' id='line_1_113' title="bbox 2006 5338 3293 5412; baseline -0.002 -18"><span class='ocrx_word' id='word_1_880' title='bbox 2006 5343 2266 5412; x_wconf 75' lang='grc' dir='ltr'>διαφορὰν</span> <span class='ocrx_word' id='word_1_881' title='bbox 2301 5342 2396 5412; x_wconf 86' lang='grc' dir='ltr'><strong>τῆς</strong></span> <span class='ocrx_word' id='word_1_882' title='bbox 2428 5343 2658 5412; x_wconf 83' lang='grc' dir='ltr'>κρίσεως</span> <span class='ocrx_word' id='word_1_883' title='bbox 2691 5339 2885 5412; x_wconf 71' lang='grc' dir='ltr'>είδέναι</span> <span class='ocrx_word' id='word_1_884' title='bbox 2911 5338 3293 5412; x_wconf 72' lang='grc' dir='ltr'>παιδευόμεθα.</span> 
     </span>
    </p>
   </div>
   <div class='ocr_carea' id='block_1_113' title="bbox 2079 5406 3580 5483">
    <p class='ocr_par' dir='ltr' id='par_1_113' title="bbox 2079 5406 3580 5483">
     <span class='ocr_line' id='line_1_114' title="bbox 2079 5406 3580 5483; baseline -0.003 -19"><span class='ocrx_word' id='word_1_885' title='bbox 2079 5406 2328 5483; x_wconf 54' lang='grc' dir='ltr'><strong>(³7)ίΕ(1ἱιί</strong></span> <span class='ocrx_word' id='word_1_886' title='bbox 2353 5406 2618 5483; x_wconf 72' lang='grc' dir='ltr'><strong>’ἀλλήλους</strong></span> <span class='ocrx_word' id='word_1_887' title='bbox 2642 5410 2938 5483; x_wconf 41' lang='grc' dir='ltr'>κρίνομεν,</span> <span class='ocrx_word' id='word_1_888' title='bbox 2954 5408 3102 5483; x_wconf 77' lang='lat' dir='ltr'><strong>Libri</strong></span> <span class='ocrx_word' id='word_1_889' title='bbox 3114 5406 3337 5483; x_wconf 28' lang='grc' dir='ltr'>*ἐσθίει-οε</span> <span class='ocrx_word' id='word_1_890' title='bbox 3379 5406 3549 5478; x_wconf 86' lang='grc' dir='ltr'>κρίνω</span> <span class='ocrx_word' id='word_1_891' title='bbox 3570 5435 3580 5446; x_wconf 88' lang='lat'><strong>-</strong></span> 
     </span>
    </p>
   </div>
   <div class='ocr_carea' id='block_1_114' title="bbox 2012 5478 3579 5555">
    <p class='ocr_par' dir='ltr' id='par_1_114' title="bbox 2012 5478 3579 5555">
     <span class='ocr_line' id='line_1_115' title="bbox 2012 5478 3579 5555; baseline -0.004 -19"><span class='ocrx_word' id='word_1_892' title='bbox 2012 5478 2146 5555; x_wconf 56' lang='lat' dir='ltr'><strong>psi).</strong></span> <span class='ocrx_word' id='word_1_893' title='bbox 2170 5482 2322 5555; x_wconf 85' lang='lat' dir='ltr'><strong>Haud</strong></span> <span class='ocrx_word' id='word_1_894' title='bbox 2348 5478 2504 5555; x_wconf 79' lang='lat' dir='ltr'><strong>longe</strong></span> <span class='ocrx_word' id='word_1_895' title='bbox 2529 5480 2657 5555; x_wconf 69' lang='lat' dir='ltr'><strong>editi</strong></span> <span class='ocrx_word' id='word_1_896' title='bbox 2684 5478 2783 5550; x_wconf 83' lang='grc' dir='ltr'><strong>τὴν</strong></span> <span class='ocrx_word' id='word_1_897' title='bbox 2810 5481 2942 5550; x_wconf 81' lang='grc' dir='ltr'>παρ’</span> <span class='ocrx_word' id='word_1_898' title='bbox 2980 5478 3162 5532; x_wconf 82' lang='grc' dir='ltr'>αὑτοῦ.</span> <span class='ocrx_word' id='word_1_899' title='bbox 3191 5478 3260 5530; x_wconf 84' lang='lat' dir='ltr'><strong>At</strong></span> <span class='ocrx_word' id='word_1_900' title='bbox 3284 5493 3417 5534; x_wconf 90' lang='lat' dir='ltr'><strong>mss.</strong></span> <span class='ocrx_word' id='word_1_901' title='bbox 3443 5492 3579 5548; x_wconf 86' lang='lat' dir='ltr'><strong>qua-</strong></span> 
     </span>
    </p>
   </div>
   <div class='ocr_carea' id='block_1_115' title="bbox 2007 5550 2662 5679">
    <p class='ocr_par' dir='ltr' id='par_1_115' title="bbox 2007 5550 2662 5679">
     <span class='ocr_line' id='line_1_116' title="bbox 2007 5550 2662 5679; baseline -0.011 -70"><span class='ocrx_word' id='word_1_902' title='bbox 2007 5550 2132 5609; x_wconf 79' lang='lat' dir='ltr'><strong>tuor</strong></span> <span class='ocrx_word' id='word_1_903' title='bbox 2161 5554 2258 5679; x_wconf 56' lang='grc' dir='ltr'>τέν</span> <span class='ocrx_word' id='word_1_904' title='bbox 2294 5555 2420 5623; x_wconf 89' lang='grc' dir='ltr'>παρ’</span> <span class='ocrx_word' id='word_1_905' title='bbox 2447 5550 2662 5638; x_wconf 67' lang='grc' dir='ltr'><strong>ἑαυτοῦἒ</strong></span> 
     </span>
     <span class='ocr_line' id='line_1_117' title="bbox 2080 5621 2662 5679; baseline -0.012 0"><span class='ocrx_word' id='word_1_906' title='bbox 2080 5625 2154 5679; x_wconf 75' lang='grc'><strong>(8)</strong></span> <span class='ocrx_word' id='word_1_907' title='bbox 2233 5624 2372 5679; x_wconf 74' lang='lat' dir='ltr'><strong>odex</strong></span> <span class='ocrx_word' id='word_1_908' title='bbox 2399 5621 2555 5679; x_wconf 86' lang='lat' dir='ltr'><strong>Colb.</strong></span> <span class='ocrx_word' id='word_1_909' title='bbox 2583 5623 2662 5675; x_wconf 67' lang='grc' dir='ltr'>ἐπι</span> 
     </span>
    </p>
   </div>
   <div class='ocr_carea' id='block_1_116' title="bbox 2080 5599 3608 5697">
    <p class='ocr_par' dir='ltr' id='par_1_116' title="bbox 2080 5599 3608 5697">
     <span class='ocr_line' id='line_1_118' title="bbox 2080 5599 3608 5697; baseline -0.005 -18"><span class='ocrx_word' id='word_1_910' title='bbox 2080 5599 2154 5697; x_wconf 66' lang='lat' dir='ltr'>(i3)</span> <span class='ocrx_word' id='word_1_911' title='bbox 2172 5599 2673 5679; x_wconf 48' lang='lat' dir='ltr'><strong>&#39;dbdéircéﬁiiééii</strong></span> <span class='ocrx_word' id='word_1_912' title='bbox 2698 5620 2806 5675; x_wconf 84' lang='grc' dir='ltr'><strong>τῶν</strong></span> <span class='ocrx_word' id='word_1_913' title='bbox 2835 5619 3089 5674; x_wconf 85' lang='grc' dir='ltr'>τοιούτων</span> <span class='ocrx_word' id='word_1_914' title='bbox 3110 5621 3220 5674; x_wconf 88' lang='grc' dir='ltr'>τόν.</span> <span class='ocrx_word' id='word_1_915' title='bbox 3594 5599 3608 5636; x_wconf 69' lang='grc'><strong>⁸</strong></span> 
     </span>
    </p>
   </div>
  </div>
