4064 6238
336 301 475 359 1193

844 413 1176 465 ΕΡΩΤΗΣΙΣ
1213 415 1384 466 ΡΞΗ’.

332 527 494 585 Μετὰ
527 523 800 591 ποταπῆς
833 524 1152 591 διαθέσεως
1179 525 1274 594 δεῖ
1308 526 1634 594 λαμβάνειν
1678 527 1906 594 ἱμάτιον

770 595 807 661 ἢ
835 597 1133 664 ὑπόδημα,
1165 592 1293 648 οἷον
1317 592 1397 648 ἃνί

925 709 1317 761 ΑΠΟΚΡῘΣΙΣ.

404 801 467 853 Ei
515 800 614 870 μὲν
659 803 982 873 μικρότερον
1032 801 1064 870 ἢ
1114 799 1297 870 μεῖζον
1350 804 1446 871 τῆς
1494 801 1710 870 ἡλικίας
1756 801 1906 866 ἐστὶ,

335 893 702 964 φανερωσάτω
726 893 822 965 τὴν
854 892 1043 963 χρείαν
1076 891 1214 963 μετὰ
1240 893 1340 963 τῆς
1369 893 1759 964 προσηκούσης
1789 894 1912 945 ὲπι-

335 983 573 1048 εικείας·
608 985 656 1036 εί
697 982 752 1036 δὲ
784 983 912 1054 περὶ
957 981 1232 1046 εὐτελείας
1259 983 1596 1054 διαφέρεται,
1629 983 1661 1054 ἢ
1697 984 1778 1036 ὅτι
1812 984 1910 1037 οὐκ

335 1072 451 1127 ἔστι
501 1074 708 1137 καινὸν,
759 1073 1184 1142 μνημονευσάτω
1227 1071 1322 1124 τοῦ
1374 1073 1580 1144 Κυρίου
1625 1073 1906 1140 λέγοντος’

341 1165 565 1232 Ἄξιος,
621 1165 719 1235 οὐχ
771 1164 954 1228 ἁπλῶς
1001 1167 1141 1227 πᾶς,
1201 1165 1350 1228 ἀλλ’,
1403 1169 1435 1220 ό
1490 1165 1745 1236 ἐργάτης
1802 1164 1911 1232 τῆς

336 1253 560 1325 τροφῆς
596 1254 782 1309 αὑτοῦ
829 1255 959 1308 ἐστι
998 1254 1133 1325 (15).
1166 1256 1276 1309 Καὶ
1323 1256 1516 1310 ἑαυτὸν
1566 1257 1912 1328 ἁνακρινάτω

338 1349 388 1399 εί
434 1346 568 1417 πρὸς
627 1345 783 1412 ἀξίαν
834 1345 942 1399 τῶν
990 1346 1086 1400 τοῦ
1146 1347 1350 1418 Κυρίου
1403 1348 1825 1417 ἐπιταγμάτων,
1877 1348 1912 1414 ἢ

339 1436 678 1505 ἐπαγγελιῶν
701 1475 716 1500 ,
783 1437 1076 1508 εἰργάσατο
1123 1455 1210 1500 τι,
1266 1437 1362 1490 καὶ
1421 1438 1540 1490 τότε
1603 1439 1724 1507 ούχὶ
1785 1437 1913 1490 ἄλλο

337 1530 694 1600 ἐπιζητήσει,
741 1528 879 1582 ἀλλὰ
932 1530 1187 1600 περὶτοῦ
1245 1530 1527 1601 δεδομένου
1584 1531 1909 1598 ἀγωνιάσει,

335 1621 412 1683 ὼς
481 1619 619 1689 ὑπὲρ
667 1617 764 1691 τὴν
818 1618 976 1684 ἀξίαν
1029 1619 1341 1690 λαμϐάνων.
1403 1620 1475 1672 Τὸ
1526 1619 1633 1690 γὰρ
1683 1621 1775 1671 ἐπὶ
1812 1620 1912 1688 τῆς

333 1711 538 1782 τροφῆς
589 1711 873 1780 εἰρημένον
913 1712 1004 1763 ἐπὶ
1051 1712 1253 1775 παντὸς
1287 1712 1608 1783 πράγματος
1648 1711 1742 1764 τοῦ
1778 1712 1912 1779 πρὸς

337 1804 435 1874 τὴν
467 1802 652 1875 χρείαν
695 1803 790 1855 τοῦ
838 1803 1088 1873 σώματος
1135 1804 1322 1874 ὥσπερ
1373 1806 1571 1859 κανόνα
1601 1805 1744 1876 ἔχειν
1775 1806 1874 1862 δεῖ.

853 1935 1186 1989 ΕΡΩΤΗΣΙΣ
1225 1936 1388 1990 ΡΞΘ’.

347 2052 490 2105 Ἐὰν
525 2050 787 2120 ἀδελφὸς
815 2049 1097 2118 νεώτερος
1123 2050 1416 2120 ἐπιταχθῇ
1445 2051 1678 2116 διδάξαι
1711 2071 1766 2107 τι
1806 2056 1911 2108 τὸν

410 2123 811 2188 πρεσϐύτερον
861 2123 985 2172 καθ’
1033 2123 1314 2187 ἠλικίαν,
1355 2123 1481 2187 πῶς
1521 2123 1682 2190 αὐτῷ
1724 2139 1910 2191 προσ-

409 2192 796 2260 ενεχθήσεται
825 2194 958 2261 (Ili).

923 2305 1314 2360 ΑΠΟΚΡΙΣΙΣ.

422 2397 507 2461 Ὦς
540 2397 841 2468 ὑπηρεσίαν
881 2396 1102 2469 πληρῶν
1133 2401 1251 2450 κατ’
1282 2399 1546 2470 ἐπιταγὴν
1583 2401 1676 2454 τοῦ
1711 2402 1910 2453 Asc-:6.

337 2507 432 2544 του
475 2489 606 2542 Θεοῦ
631 2507 643 2519 ·
677 2490 1009 2559 φοϐούμενος
1043 2489 1138 2559 μὲν
1176 2491 1250 2562 μὴ
1289 2492 1538 2564 ὑποπέσῃ
1574 2491 1650 2562 τῷ
1685 2493 1908 2562 κρίματι

334 2579 434 2634 τοῦ
460 2581 700 2645 εἰπόντος
719 2599 731 2612 ο
772 2580 1236 2649 Ἐπικατάρατος
1263 2582 1383 2649 πᾶς
1407 2587 1438 2636 ό
1468 2585 1654 2637 ποιῶν
1676 2586 1746 2637 τὰ
1769 2587 1910 2654 ἔργα

340 2674 562 2742 Κυρίου
597 2672 860 2742 ἀμελῶς·
891 2674 1322 2744 ἀσφαλιζόμενος
1350 2675 1426 2737 δὲ,
1461 2679 1668 2746 μήποτε
1701 2679 1911 2747 τυφλω-

335 2765 457 2827 θεὶς
482 2765 561 2827 είς
587 2765 760 2834 κρῖμα
793 2763 1007 2834 ἐμπέσῃ
1034 2763 1126 2815 τοῦ
1157 2763 1402 2816 διαϐόλου
1426 2764 1558 2834 (17).

877 2879 1208 2932 ΕΡΩἹἩΣΙΣ
1258 2879 1380 2931 PO’.

338 2972 410 3026 El
449 2970 538 3024 δεῖ
584 2970 729 3036 Ζσως
778 2970 1100 3037 προσέχειν
1130 2968 1208 3034 τῷ
1247 2970 1456 3021 πλεῖον
1504 2971 1908 3037 κατορθοῦντι,

868 3041 963 3092 καὶ
999 3040 1078 3104 τῷ
1110 3041 1380 3092 ἔλαττον.

927 3151 1311 3204 ΑΠΟΚΡΙΣΙΣ.

412 3269 588 3339 Ὅπερ
619 3268 710 3320 ἐπὶ
745 3267 844 3335 τῆς
876 3265 1120 3333 ἀφέσεως
1151 3265 1256 3317 τῶν
1305 3266 1714 3335 ἁμαρτημάτων
1743 3267 1771 3318 ὁ
1805 3268 1914 3320 Κύ-

1494 297 1798 354 ΒΕϐυίιᾸε
1839 295 2138 352 BREVIUS
2179 295 2596 354 TIIACTA'I‘E.

3445 305 3582 361 1194

2375 411 2890 469 INTERROGATIO
2931 412 3204 472 CLXVIII.

2011 524 2126 590 Quo
2157 540 2331 575 animo
2376 523 2732 601 uestimentum
2777 535 2868 601 aut
2909 527 3357 601 calceamentum,
3401 534 3584 601 quale-

2209 610 2411 662 cunque
2442 596 2652 648 tandem
2683 598 2842 662 ]‘uerit
2864 637 2878 659 ,
2910 599 3144 667 accipere
3172 610 3393 668 oportet.

2594 708 2996 766 RESPONSIO.

2083 797 2140 852 Si
2175 799 2359 855 minus
2390 809 2485 853 aut
2517 801 2696 870 majus
2725 817 2890 870 quam
2922 817 3021 872 pro
3049 812 3258 858 statura
3285 816 3404 873 est,
3437 807 3582 861 indi-

2011 901 2096 945 cet
2139 891 2520 946 necessitatem
2562 907 2716 946 suam
2761 892 2944 946 debita
2988 908 3112 946 cum
3156 895 3461 951 modestia:
3496 900 3582 952 sin

2012 993 2192 1035 autem
2233 982 2523 1037 dissidium
2561 981 2724 1037 fuerit
2768 983 2835 1038 de
2879 983 3125 1050 vilitate,
3171 987 3257 1039 vel
3295 996 3582 1057 propterea

2012 1073 2156 1142 quod
2183 1088 2294 1127 non
2321 1088 2519 1127 novum
2551 1075 2655 1139 sit,
2699 1076 3020 1130 recordetur
3056 1075 3270 1132 Domini
3311 1077 3581 1135 dicentis:

2010 1165 2216 1235 Dignus
2253 1175 2366 1228 est,
2401 1181 2507 1221 non
2541 1167 2862 1236 simpliciter
2891 1169 3109 1238 quivis,
3149 1169 3242 1224 sed
3263 1209 3278 1233 ,
3313 1172 3584 1238 operarius

2008 1254 2126 1307 cibo
2157 1269 2252 1307 suo
2281 1254 2346 1307 ι’.
2377 1252 2739 1310 Percontetur
2767 1264 2952 1312 autem
2980 1272 3040 1313 se
3074 1258 3223 1328 ipse,
3256 1273 3325 1312 an
3367 1275 3468 1329 pro
3502 1258 3586 1312 di-

2013 1345 2220 1415 gnitate
2263 1344 2648 1400 mandatorum
2695 1345 2947 1414 Domini,
2993 1358 3087 1402 aut
3126 1350 3586 1418 promissionum,

2011 1435 2253 1490 effecerit
2280 1437 2577 1507 quidquam
2599 1478 2613 1500 ,
2640 1447 2694 1491 et
2721 1448 2851 1492 tunc
2878 1455 2986 1493 non
3014 1441 3252 1510 requiret
3279 1441 3457 1506 aliud,
3489 1441 3587 1496 sed

2014 1528 2230 1583 futurus
2258 1539 2345 1584 est
2374 1531 2442 1584 de
2470 1545 2536 1584 eo
2567 1531 2710 1600 quod
2745 1531 2932 1585 datum
2968 1531 3072 1586 fuit
3101 1533 3406 1594 sollicitus,
3437 1534 3586 1587 velut

2012 1620 2104 1688 qui
2135 1619 2276 1672 ultra
2306 1621 2560 1674 meritum
2590 1621 2886 1690 acceperit.
2915 1620 3049 1675 Nam
3081 1622 3227 1693 quod
3259 1623 3464 1676 dictum
3502 1631 3587 1676 est

2014 1712 2081 1766 de
2106 1711 2402 1777 alimento,
2436 1712 2486 1765 id
2520 1712 2575 1764 in
2622 1713 2769 1766 omni
2805 1727 2862 1767 re
2891 1713 2958 1767 ad
2991 1715 3238 1783 corporis
3265 1730 3424 1768 usum
3455 1715 3586 1768 atti-

2014 1812 2178 1858 nente
2209 1806 2328 1858 loco
2360 1804 2560 1874 regula:
2591 1805 2899 1860 habendum
2932 1816 3036 1860 est.

2399 1939 2917 1994 INTERROGATIO
2963 1941 3192 1999 CLXIX.

2014 2047 2074 2099 Si
2103 2048 2258 2115 frater
2284 2048 2465 2120 junior
2480 2050 2735 2117 jubeatur
2757 2050 2956 2120 aliquid
2980 2052 3161 2105 docere
3183 2055 3403 2105 alterunt
3435 2065 3590 2112 ωιαῑο

2151 2119 2482 2186 grandiorem
2505 2159 2518 2181 ,
2545 2122 2803 2185 quomodo
2826 2119 2935 2174 sese
2957 2139 3080 2192 erga
3103 2123 3253 2176 illum
3285 2137 3444 2193 geret.

2599 2301 3001 2358 RESPONSIO.

2083 2391 2244 2449 Velut
2286 2394 2378 2463 qui
2422 2393 2668 2464 fungitur
2707 2396 3047 2461 ministerio,
3089 2413 3152 2451 ex
3183 2398 3438 2453 mandato
3481 2400 3588 2454 Do-

2013 2485 2146 2538 mini
2192 2483 2325 2545 Dei.
2379 2485 2578 2539 timens
2629 2501 2695 2539 ne
2745 2487 2937 2540 subeat
2969 2485 3238 2553 judicium
3285 2490 3462 2550 illius.
3495 2493 3587 2561 qui

2013 2577 2150 2630 dixit
2176 2595 2188 2630 :
2224 2576 2541 2630 Maledictus
2571 2578 2810 2648 quisquis
2841 2579 2969 2646 facit
2996 2593 3152 2646 opera
3187 2579 3398 2634 Domini
3429 2584 3590 2652 negli-

2011 2677 2189 2736 genter
2217 2667 2294 2719 ‘9:
2327 2681 2389 2719 ac
2415 2667 2576 2720 etiam
2607 2683 2808 2722 cavens
2831 2711 2843 2730 ,
2886 2685 2951 2723 ne
2989 2669 3130 2724 forte
3169 2671 3329 2742 472
3373 2674 3589 2732 inﬂatus

2016 2762 2068 2813 in
2099 2759 2301 2814 diaboli
2328 2759 2598 2827 judicium
2627 2760 2832 2812 incidat
2863 2761 2929 2813 ⁵⁸.

2405 2867 2924 2924 INTERROGATIO
2985 2869 3194 2926 CLXX.

2018 2961 2076 3016 Si
2105 2964 2326 3032 (aqualis
2379 2963 2616 3036 habenda
2655 2966 2741 3036 sit,
2773 2964 2910 3036 ratio
2963 2971 3071 3014 tum
3101 2965 3236 3036 ejus.
3275 2967 3364 3033 qui
3400 2968 3588 3036 magis,

2299 3043 2408 3085 tum
2443 3033 2612 3097 illius,
2652 3035 2744 3102 qui
2785 3035 2959 3086 minus
2995 3043 3131 3086 recte
3162 3035 3310 3102 facit.

2601 3147 3002 3205 RESPONSIO.

2091 3259 2247 3326 Quod
2282 3263 2338 3315 in
2400 3261 2777 3316 condonandis
2825 3263 3069 3331 peccatis
3114 3265 3296 3318 sanxit
3333 3263 3595 3319 Dominus

343 3375 456 3429 ριος
493 3358 728 3428 ὡρίσατο
756 3355 925 3409 εἰπών
945 3371 956 3383 ·
1002 3353 1308 3422 Ἀφέωνταί
1346 3358 1404 3407 αἱ
1428 3356 1702 3424 ἁμαρτίαι
1729 3356 1909 3423 αὐτῆς

2019 3355 2104 3409 his
2134 3356 2360 3410 verbis:
2401 3356 2761 3409 Remittuntur
2785 3369 3002 3426 peccata
3055 3358 3170 3426 ejus
3220 3358 3412 3420 nmlta,
3460 3375 3593 3427 quo-

333 3451 402 3525 _al
434 3447 654 3500 πολλαὶ
687 3445 794 3515 (18)
817 3484 831 3508 ,
867 3443 956 3497 ὅτι
994 3443 1272 3512 ἠγάπησε
1301 3447 1459 3498 πολύ
1482 3462 1493 3472 ·
1532 3439 1580 3510 ᾧ
1615 3446 1682 3498 δὲ
1711 3449 1909 3517 ὀλίγον

2018 3450 2162 3501 niam
2182 3448 2370 3502 dilexit
2399 3450 2623 3502 multum
2651 3467 2668 3500 :
2698 3451 2783 3502 cui
2816 3460 2994 3503 autent
3049 3467 3238 3516 parum
3282 3449 3592 3513 dimittitur,

340 3539 573 3606 ἀφίεται
591 3578 606 3602 ,
643 3538 850 3606 ὀλίγον
888 3534 1116 3606 ἀγαπᾲε
1155 3536 1246 3588 καὶ
1279 3536 1415 3607 ὅπερ
1437 3538 1530 3589 ἐπὶ
1555 3537 1662 3590 τῶν
1687 3540 1917 3608 πρεσϐυ-

2015 3552 2202 3604 parum
2231 3538 2403 3607 diligit
2429 3540 2496 3603 ⁵¹;
2533 3540 2770 3605 itemque
2801 3539 2947 3606 quod
2994 3539 3061 3593 de
3094 3539 3427 3608 presbyteris
3449 3541 3595 3607 Apo-

341 3631 514 3700 τέρων
563 3632 592 3682 ὁ
649 3627 962 3690 Ἀπόστολος
1005 3627 1284 3693 διετάξατο
1309 3668 1322 3691 ,
1359 3626 1525 3681 εἰπών
1550 3645 1562 3658 ⁸
1609 3632 1674 3682 Ol
1720 3631 1909 3696 καλῶς

2019 3629 2197 3683 stolus
2227 3627 2533 3689 constituit,
2566 3642 2690 3680 cum
2721 3627 2858 3680 dixit
2892 3645 2905 3680 :
2936 3628 3039 3690 Qui
3069 3627 3192 3680 bene
3219 3638 3451 3694 prwsunt
3477 3644 3596 3694 pre-

339 3719 707 3789 προεστῶτες
728 3721 1116 3787 πρεσϐύτεροι
1145 3719 1367 3787 διπλῆς
1395 3719 1568 3788 τιμῆς
1592 3721 1916 3784 ἀξιούσθω-

339 3827 498 3874 σαν,
527 3810 794 3880 μάλιστα
829 3813 883 3862 οὶ
935 3809 1259 3874 κοπιῶντες
1305 3811 1374 3863 ἐν
1413 3809 1575 3880 λόγῳ
1617 3813 1714 3866 καὶ
1756 3812 1917 3865 διδα-

2018 3720 2232 3789 sbyteri,
2262 3718 2461 3786 duplici
2492 3718 2685 3771 honore
2716 3719 2862 3787 digni
2887 3718 3200 3782 habeantur,
3233 3722 3462 3772 maxime
3503 3722 3593 3788 qui

2019 3810 2268 3865 laborant
2293 3811 2347 3862 in
2380 3809 2536 3864 verbo
2574 3820 2623 3863 et
2665 3809 2909 3862 doctrina
2943 3812 3011 3873 δ’,
3046 3810 3096 3863 id
3126 3825 3252 3880 erga
3281 3827 3470 3866 omnes
3498 3814 3594 3881 qui

340 3904 566 3968 σκαλίςι
587 3943 602 3967 ,
634 3901 788 3954 τοῦτο
827 3902 917 3954 ἐπὶ
951 3903 1166 3955 πάντων
1192 3902 1301 3954 τῶν
1329 3901 1585 3956 τοιούτων
1619 3903 1909 3972 φυλάσσειν

2026 3903 2297 3973 ejusmodi
2334 3911 2484 3966 sunt,
2519 3904 2726 3957 servari
2757 3903 2955 3957 debere
2977 3903 3238 3957 arbitror.

341 3999 476 4070 ήγοῦ
485 4015 579 4068 μαι
606 3997 914 4052 ἀκόλουθον.

861 4109 1193 4162 ΕΡΩἸῊΣΙΣ
1230 4111 1402 4164 POA'.

2424 4099 2939 4155 INTERROGATIO
2972 4099 3202 4155 CLXXI.

353 4223 496 4277 Ἐὰν
525 4219 605 4300 δὲ
628 4219 953 4300 ..ποτῆταιό
1002 4220 1112 4286 (19)
1141 4220 1436 4300 siderum,
1478 4221 1909 4300 προτιμωμένοι

2019 4213 2082 4268 Si
2109 4214 2330 4300 tristitia
2359 4213 2634 4294 afﬁciatur
2663 4214 3059 4300 inferior.Jcttm
3084 4214 3130 4293 is
3159 4213 3246 4279 qui
3282 4213 3448 4300 magis
3478 4213 3594 4279 pius

445 4290 552 4346 τοῦ
581 4290 1012 4357 εὐλιιϐεστέρου
1037 4330 1051 4352 ,
1089 4290 1214 4356 πῶς
1244 4291 1404 4355 αὐτῷ
1432 4290 1811 4360 προσχῶμεν.

931 4423 1320 4478 ΛΠΟΚΡΙΣΙΣ.

425 4537 481 4590 '0
522 4535 757 4598 τοιοῦτος
789 4536 1016 4606 φανερός
1061 4537 1205 4589 ἐστιν
1239 4538 1330 4590 ἐπὶ
1363 4537 1597 4608 πονηρίᾳ
1636 4555 1910 4605 κατεγνω-

345 4629 536 4700 σμένος
581 4627 644 4678 ὲκ
675 4625 772 4695 τῆς
819 4627 875 4678 ὲν
908 4625 984 4696 τῷ
1033 4627 1347 4698 Εὐαγγελίῳ
1384 4627 1729 4699 παραϐολῆς,
1775 4629 1833 4680 ὲν

381 4735 505 4790 ησιν
543 4716 571 4768 ὁ
609 4714 811 4785 Κύριος
852 4715 986 4785 πρὸς
1032 4718 1157 4780 τοὺς
1189 4715 1534 4788 λυπηθέντας
1559 4759 1574 4784 ,
1605 4719 1686 4770 δτι
1720 4717 1790 4769 τὰ
1823 4719 1913 4769 ἴσα

341 4811 523 4871 αὐτοῖς
556 4823 698 4867 τινες
736 4807 1070 4878 ἐτιμήθησαν
1099 4825 1112 4838 ο
1156 4809 1198 4859 Ε
1206 4811 1223 4860 l
1255 4812 1286 4861 ό
1318 4810 1623 4879 ὀφθαλμός
1657 4825 1773 4861 σου
1809 4824 1913 4861 πο-

415 4967 460 4998 “
492 4967 680 5022 Matth.
725 4984 781 5030 ι,
829 4965 916 5020 10.
993 4964 1036 4997 ⁸⁹
1065 4963 1174 5018 Jer.
1230 4979 1419 5026 vam,
1451 4964 1537 5017 I0.
1617 4965 1662 4994 '°
1699 4962 1715 5014 I
1751 4961 1894 5016 Tim.
1937 4977 2020 5022 Ill,
2051 4961 2104 5014 fi.

415 5123 525 5193 (15)
554 5122 689 5193 Illud
721 5123 835 5193 εστι
876 5121 1119 5193 additum
1159 5127 1244 5193 est
1268 5135 1336 5174 ex
1382 5119 1658 5193 veteribus
1680 5119 1908 5193 duobus

345 5188 517 5248 libris;
546 5191 667 5246 Mox
689 5191 818 5246 editi
846 5190 936 5243 τοῦ
961 5190 1118 5243 Θεοῦ.
1147 5191 1216 5241 At
1254 5204 1386 5242 mss.
1414 5189 1522 5242 duo
1549 5188 1643 5241 τοῦ
1679 5189 1904 5257 Κυρίου.

347 5262 479 5332 Reg.
518 5264 721 5332 tertius
738 5261 846 5313 τῶν
868 5261 960 5313 τοῦ
988 5259 1121 5332 Θεοῦ
1151 5259 1378 5332 ἐντολῶν
1406 5259 1910 5332 δαὶμὲπιταγμάτων

346 5328 656 5402 εἰργάσατο.
693 5330 825 5400 Reg.
855 5328 1262 5402 secundusch
1279 5328 1374 5402 τοῦ
1399 5329 1532 5402 Θεοί)
1564 5329 1848 5402 χριμάτων
1875 5329 1907 5398 ἢ

343 5398 707 5472 ἐπαγγελιῶν,
731 5398 824 5472 pro
852 5401 1106 5471 dignitate
1125 5398 1450 5472 judiciorum
1479 5398 1592 5472 Dei.

413 5467 528 5541 (16)
559 5467 740 5526 Codex
773 5467 929 5524 Colb'.
963 5469 1390 5541 προσενεχθῆναι
1429 5470 1525 5522 δεῖ.
1551 5467 1682 5541 4113ξο
1724 5467 1908 5541 regula

343 5542 434 5596 bis
476 5539 531 5596 in
575 5541 705 5611 Reg.
752 5542 928 5610 primo
976 5539 1492 5611 reperiturnPrimo
1548 5539 1672 5611 loco
1715 5539 1905 5611 eodem

344 5613 507 5666 modo
538 5607 859 5666 inscribitur
889 5625 999 5679 quo
1033 5607 1086 5662 in
1123 5607 1300 5664 Vossii
1336 5611 1502 5663 veteri
1554 5610 1714 5671 libro,
1760 5609 1909 5679 ὅπως

344 5681 420 5753 τῷ
442 5681 794 5754 πρεσϐυτέρῳ
834 5678 956 5732 καθ’
986 5679 1200 5748 ἡλικίαν
1228 5679 1648 5750 προσενεχθῆναι
1686 5680 1765 5734 δεῖ
1794 5698 1804 5734 :
1837 5678 1909 5733 ila

662 5777 936 5837 Pumot.
972 5773 1090 5835 Gtt.
1131 5773 1366 5836 XXXI.

2092 4294 2166 4337 est
2197 4283 2298 4337 sibi
2332 4285 2690 4351 anteponitur,
2721 4282 2981 4352 quomodo
3009 4285 3109 4345 ipsi
3138 4283 3491 4336 consulemus.

2609 4415 3009 4471 RESPONSIO.

2092 4527 2196 4596 Qui
2227 4528 2546 4599 hujusmodi
2597 4537 2702 4594 est,
2736 4529 2808 4582 ob
2842 4529 3242 4597 malignitatem
3305 4526 3598 4594 perspicue

2022 4623 2420 4680 condemnatur
2452 4639 2550 4693 per
2603 4621 2880 4691 Evangelii
2908 4621 3249 4690 parabolam.
3289 4619 3343 4673 in
3367 4635 3473 4688 qua
3497 4635 3597 4675 eos

2020 4713 2116 4784 qui
2151 4716 2418 4784 quosdam
2459 4716 2577 4785 pari
2611 4714 2834 4784 praemio
2878 4729 3064 4767 secum
3125 4711 3360 4765 donatos
3425 4712 3597 4767 fuisse

2023 4823 2165 4878 aegre
2190 4809 2449 4871 tulerant,
2475 4809 2549 4861 ita
2593 4807 2854 4861 Damius
2891 4805 3228 4875 alloquitur:
3278 4805 3360 4856 Αη
3411 4807 3592 4858 oculus

2185 4963 2226 4992 “
2272 4961 2402 5015 Luc.
2451 4977 2547 5028 vti,
2578 4961 2667 5014 47.
2742 4962 2790 4990 ⁸²
2825 4961 2840 5012 I
2873 4958 3016 5016 Tim.
3059 4976 3112 5023 v,
3164 4960 3247 5011 I'l.

2011 5131 2142 5170 vero
2179 5117 2233 5170 in
2265 5117 2527 5177 secundo,
2559 5115 2654 5169 ἐὰν
2684 5114 2909 5183 ἀδελφὸς
2938 5113 3202 5184 ἐπιταχθῇ
3237 5113 3503 5184 νεώτερος
3524 5114 3595 5166 δι-

2011 5187 2293 5250 δάξαιτόν,
2310 5195 2415 5240 etc.
2438 5185 2556 5238 Mox
2580 5188 2690 5238 duo
2705 5201 2838 5239 mss.
2865 5201 2988 5238 cum
3015 5183 3592 5253 νοςεδιαὶὲπιταγήν.

2082 5256 2194 5327 (17)
2229 5257 2416 5327 Codex
2438 5255 2832 5327 Colb._ep.rcécn
2862 5254 3294 5327 καὶίπαγίδαὲτοῦ
3321 5253 3590 5327 διαϐόλου.

2083 5324 2197 5396 (18)
2228 5325 2387 5388 Illud,
2412 5328 2466 5378 ai
2495 5325 2708 5385 πολλαί,
2735 5324 2844 5396 non
2879 5324 3405 5396 legituriquidemin
3428 5338 3596 5396 excuf

2012 5391 2132 5450 sus':
2165 5391 2260 5451 sed
2302 5400 2376 5449 ita
2420 5397 2686 5465 scriptum
2732 5391 3040 5465 invenimus
3081 5391 3155 5465 iii
3192 5391 3370 5465 Vossii
3423 5393 3592 5465 veteri

2017 5468 2156 5521 libro
2178 5477 2229 5522 et
2259 5468 2312 5519 in
2344 5466 2466 5518 aliis
2489 5463 2724 5517 duobus.
2756 5464 3050 5534 Aliquanto
3075 5463 3215 5518 infra
3239 5464 3411 5518 codex
3436 5463 3593 5524 Colb.

2016 5538 2110 5590 καὶ
2137 5539 2194 5589 ἐν
2226 5535 2564 5604 διδασκαλίᾳ.

2089 5608 2198 5677 (19)
2231 5605 2453 5662 Veteres
2481 5606 2591 5662 duo
2616 5605 2739 5660 libri
2770 5605 2987 5676 λυπηθῇ
3013 5605 3064 5658 ὁ.

3244 5760 3320 5822 33
