4064 6238
362 375 496 430 “97

861 489 1196 542 ΕΡΩΤΗΣΙΣ
1229 489 1391 542 ΡοΓ’.

354 606 424 660 Ei
476 604 571 660 δεῖ
614 604 683 658 ἐν
732 603 808 673 τῇ
856 603 981 675 ὥρᾳ,
1027 605 1138 674 τῆς
1188 605 1314 658 κατ’
1363 601 1532 658 οἷκον
1582 605 1934 675 ψαλμῳδίας

800 673 1022 729 λαλιάν
1051 673 1184 729 τινα
1207 677 1496 744 γίνεσθαι.

947 787 1335 841 ΔΠΟΚΡΙΣΙΣ.

426 903 502 956 Οὐ
549 902 666 963 δεῖ,
701 901 858 965 ἐκτὸς
903 901 1013 955 τῶν
1060 903 1504 973 πεπιστευμένων
1551 903 1647 974 τὴν
1681 904 1934 972 φροντίδα

357 997 453 1050 καὶ
491 997 591 1066 τὴν
635 995 952 1065 ἐπιμέλειαν
994 996 1092 1067 τῆς
1125 993 1375 1060 εὐταξίας
1398 1037 1412 1060 ,
1449 997 1544 1050 καὶ
1583 996 1683 1066 τῆς
1727 999 1933 1049 οἰκονο-

359 1090 490 1156 μίας
520 1087 628 1141 τῶν
661 1087 837 1158 ἔργων
863 1086 974 1158 (27)
996 1127 1010 1151 ,
1048 1089 1143 1141 καὶ
1188 1088 1345 1141 τοῦτο
1379 1087 1521 1140 κατά
1561 1088 1806 1159 ἀνάγκην
1834 1089 1935 1158 τῆς

354 1179 685 1250 ἐπειγούσης
734 1180 960 1252 χρείαςο
1009 1182 1103 1234 καὶ
1149 1181 1269 1234 οὐδὲ
1319 1181 1442 1234 τότε
1493 1182 1932 1253 ἀπερισκέπτως,

354 1274 472 1327 ἀλλ’
508 1273 918 1344 ὲστοχασμένως
937 1314 952 1338 ,
986 1273 1080 1325 τοῦ
1109 1290 1169 1326 τε
1209 1275 1374 1326 τόπου
1413 1273 1505 1326 καὶ
1533 1274 1632 1345 τῆς
1660 1273 1932 1340 εὐταξίας,

354 1369 453 1437 τῆς
481 1384 540 1419 τε
580 1366 910 1436 σεμνότητος
940 1368 1032 1419 καὶ
1061 1366 1154 1418 τοῦ
1183 1367 1533 1437 ἀπροσκόπου
1557 1384 1570 1396 ’
1615 1369 1726 1431 τοῖς
1757 1366 1936 1429 ἄλλοις

357 1461 524 1511 πᾶσιν
572 1459 848 1525 ἀναγκαία
890 1459 1036 1511 ἐστὶν
1081 1461 1114 1527 ἡ
1150 1461 1349 1529 σιωπή.
1404 1459 1466 1510 Εἰ
1513 1458 1620 1528 γὰρ
1663 1460 1720 1511 ἐν
1758 1458 1935 1530 καιρῷ

353 1550 677 1613 διαλέξεως,
714 1551 807 1603 καὶ
855 1535 913 1603 ἓν
960 1551 1141 1613 αὐτοῖς
1187 1554 1300 1614 τοῖς
1352 1550 1798 1620 ἐπιτεταγμένοις
1842 1551 1934 1604 τὸν

354 1642 512 1709 λόγον
544 1645 643 1712 τῆς
671 1642 1021 1704 διδασκαλίας
1049 1645 1077 1695 ὁ
1106 1642 1319 1712 πρῶτος
1354 1644 1513 1713 σιγᾷν
1545 1642 1931 1714 προτέτακται,

355 1736 451 1789 ἐὰν
505 1734 649 1805 ἄλλῳ
704 1734 1062 1805 ἀποκαλυφθῇ
1097 1774 1110 1798 ,
1169 1734 1319 1804 πόσῳ
1378 1734 1578 1805 μᾶλλον
1639 1735 1697 1787 ὲν
1759 1733 1934 1805 καιρῷ

353 1828 670 1900 ψαλμῳδίας
701 1830 734 1899 ἢ
775 1827 902 1898 σιγὴ
934 1831 1048 1892 τοῖς
1079 1827 1291 1892 πολλοῖς
1325 1829 1597 1897 ἀναγκαία
1620 1829 1733 1900 (‘28)
1761 1847 1776 1895 ;

886 1940 1218 1992 ΕΡΩΤΗΣῙΣ
1249 1942 1409 1994 ΡΟΔ’.

349 2054 490 2120 Πῶς
529 2053 762 2122 δυνηθῇ
799 2072 887 2119 τις
919 2053 1267 2119 ἑνδιαθέτως
1292 2054 1389 2106 καί
1426 2053 1576 2122 μετὰ
1616 2053 1931 2122 ἐπιθυμίας

646 2125 838 2178 ποιεῖν
865 2124 971 2190 τὰς
1000 2125 1252 2189 ἐντολὰς
1278 2125 1383 2177 τοῦ
1408 2125 1646 2191 Κυρίου.

947 2237 1338 2290 ΛΠΟΚΡΙΣΙΣ.

426 2351 584 2404 Κατὰ
615 2350 774 2419 φύσιν
879 2353 1043 2421 πεῖρα
1086 2351 1180 2404 τοῦ
1209 2351 1429 2420 ἦδοντος
1457 2352 1552 2404 καὶ
1575 2351 1930 2420 ὠφελοῦντος,

354 2445 450 2498 καὶ
481 2445 618 2513 αὑτὴ
652 2446 684 2514 ἡ
730 2443 1024 2514 προσδοκία
1053 2443 1148 2496 τοῦ
1193 2444 1434 2496 τοιούτου
1479 2446 1699 2514 ἐμποιεί
1737 2449 1800 2516 τῇ
1835 2446 1934 2514 ψυ-

354 2537 426 2606 χῇ
454 2533 550 2604 τὴν
579 2535 706 2604 περὶ
732 2533 922 2586 τούτου
954 2533 1194 2586 διάθεσίν
1221 2551 1281 2586 τε
1313 2535 1406 2586 καὶ
1438 2535 1755 2605 ἐπιθυμίαν.
1811 2537 1934 2590 Ἐὰν

345 2623 448 2680 σοῦν
473 2645 556 2690 τις
596 2628 799 2698 μισήσῃ
849 2627 940 2678 καὶ
967 2625 1282 2697 βδελύξηται
1308 2627 1408 2697 τὴν
1437 2627 1669 2690 ἀδικίαν,
1708 2629 1800 2681 καὶ
1831 2646 1934 2682 κα-

355 2719 598 2792 θαρεύσῃ
628 2719 806 2790 πάσης
830 2718 1137 2789 ἁμαρτίας,
1168 2719 1260 2787 ἀφ’
1291 2715 1392 2790 ἧς,
1425 2718 1614 2790 ὥσπερ
1643 2720 1750 2772 ἀπὸ
1778 2720 1932 2773 νόσου

353 2812 417 2863 τὸ
451 2811 608 2881 σῶμα
640 2810 752 2876 (29)
803 2811 1001 2880 πάσχει
1047 2810 1145 2882 τὴν
1193 2811 1475 2882 ἁνορεξίαν
1519 2812 1612 2866 καὶ
1657 2811 1755 2883 τὴν
1808 2814 1936 2885 περὶ

353 2903 425 2957 τὰ
457 2901 721 2974 βρώματα
749 2902 972 2971 ἀηδίαν,
1015 2902 1157 2956 οὕτω
1189 2904 1284 2956 καὶ
1321 2905 1354 2974 ἡ
1393 2904 1539 2976 ψυχὴ
1571 2905 1670 2976 τὴν
1709 2907 1837 2976 περὶ
1867 2905 1935 2964 τὰ

344 2993 695 3064 δικαιώματα
726 2995 818 3048 τοῦ
849 2993 984 3047 Θεοῦ
1026 2993 1339 3065 νωθρότητα
1377 2997 1470 3048 καὶ
1510 2997 1770 3067 ὀκνηρίαν
1794 3014 1806 3026 ·
1843 2999 1935 3050 καὶ

348 3087 453 3140 ἐὰν
511 3086 900 3158 πληροφορηθῇ
932 3125 946 3150 ,
1007 3087 1088 3138 ὅτι
1147 3089 1180 3156 ἡ
1245 3088 1431 3158 ἐντολὴ
1489 3088 1581 3140 τοῦ
1639 3087 1773 3140 Θεοῦ
1821 3085 1934 3157 ζωὴ

354 3173 572 3238 αίὼνιός
602 3177 717 3226 ἐστι
746 3214 760 3238 ,
801 3176 896 3228 καὶ⁹
940 3175 1117 3228 πάντα
1146 3175 1216 3228 τὰ
1251 3177 1635 3246 ἐπηγγελμένα
1675 3181 1787 3241 τοῖς
1831 3195 1933 3246 φυ-

351 3267 643 3320 λάσσουσιν
689 3268 858 3338 αὐτὴν
895 3267 1115 3338 ἀληθῆ,
1155 3268 1527 3339 κατορθοῦται.
1561 3269 1710 3339 αὑτῷ
1755 3270 1788 3338 ἡ
1817 3269 1934 3321 διά-

357 3358 506 3422 θεσις
536 3359 627 3412 τοῦ
673 3360 918 3424 εἰπόντος
942 3378 955 3390 ·
1009 3361 1082 3414 Τὰ
1123 3362 1375 3430 κρίματα
1406 3363 1627 3429 Κυρίου
1657 3361 1932 3429 ἀληθινὰ,

355 3451 778 3521 δεδικαιωμένα
796 3451 894 3505 ἐπὶ
917 3451 984 3505 τὸ
1014 3454 1164 3506 αὐτό
1184 3469 1198 3483 ο
1237 3453 1568 3522 ἐπιθυμητὰ
1605 3453 1760 3522 ὑπὲρ
1790 3471 1934 3522 χρυ-

334 3532 499 3597 ’σίον
545 3545 642 3598 καὶ
693 3545 868 3599 λίθον
911 3544 1104 3614 τίμιον
1152 3544 1389 3610 πολὺν,
1443 3546 1541 3599 καὶ
1601 3547 1937 3615 γλυκύτερα

1525 373 1826 429 ΒΕΕΙΣΙΑᾹΞ
1866 370 2167 427 BREVIUS
2207 369 2620 427 TRACTATiE.

1964 496 2013 552 Α

3483 373 3616 428 1198

2412 483 2933 541 INTERROGATIO
2973 484 3229 542 CLXX!"

2042 599 2122 652 An
2170 600 2347 653 deceat
2389 610 2614 722 ιεηιροῖῗ
2666 598 3164 737 ρξαίιιῖοάίιιί,ῇᾳιιιε
3215 601 3268 654 in
3321 604 3478 658 domo
3530 604 3616 674 ﬁt.

2500 687 2557 722 co
2607 685 2966 737 oquiaaiqua
3038 687 3133 723 eri.

2500 685 2760 739 cotloqma
2787 685 2966 736 attqua
2997 685 3133 737 pert.

2636 782 3035 839 RESPONSIO.

2114 894 2234 949 Non
2261 905 2502 965 oportet,
2535 899 2779 968 exceptis
2808 899 2877 953 iis
2911 914 3144 967 quorum
3175 916 3375 957 munus
3406 910 3460 957 et
3482 918 3615 958 cura

2042 987 2461 1058 estdisciplinte
2497 997 2552 1044 et
2603 1005 2830 1060 operum
2881 990 3258 1046 distributioni
3302 994 3614 1064 providere,

2043 1079 2208 1149 idque
2245 1081 2425 1150 aliqua
2448 1096 2508 1136 re
2540 1082 2850 1136 necessaria
2884 1092 3136 1151 urgente;
3184 1091 3237 1138 et
3283 1100 3460 1155 neque
3485 1095 3621 1148 tunc-

2045 1170 2473 1234 inconsiderate,
2508 1171 2602 1226 sed
2631 1172 2816 1226 habita
2854 1175 3069 1229 ratione
3107 1182 3160 1229 et
3189 1176 3312 1242 loci,
3345 1186 3400 1231 et
3445 1179 3620 1234 disci-

2037 1264 2224 1334 plina},
2254 1272 2308 1319 et
2334 1267 2641 1336 gravitatis,
2667 1277 2718 1321 et
2752 1268 3020 1336 scandali,
3045 1271 3191 1340 quod
3224 1272 3385 1326 vitari
3421 1273 3614 1328 debet:

2041 1356 2270 1426 reliquis
2318 1358 2577 1414 omnibus
2631 1362 3007 1416 necessarium
3068 1373 3151 1418 est
3193 1365 3496 1421 silentium.
3559 1368 3618 1424 Si

2042 1448 2187 1502 enim
2224 1448 2348 1519 ipso
2379 1449 2634 1521 loquendi
2667 1459 2933 1524 tempore,
2959 1463 3013 1510 et
3035 1471 3102 1510 ex
3134 1458 3202 1514 iis
3236 1461 3370 1529 ipsis
3417 1465 3618 1533 quibus

2042 1542 2418 1597 concreditum
2443 1552 2526 1598 est
2555 1561 2754 1600 munus
2778 1547 3030 1614 docendi,
3056 1551 3204 1620 prior
3228 1554 3392 1609 silere
3425 1557 3618 1624 jussus

2009 1663 2012 1665 >
2041 1640 2144 1697 est,
2192 1635 2238 1688 si
2269 1635 2360 1689 alii
2386 1636 2676 1690 reveiatum
2707 1637 2869 1706 fuerit
2900 1639 2966 1702 ⁸³,
3001 1652 3209 1710 quanto
3249 1646 3424 1715 magis
3473 1649 3618 1721 psal-

2035 1726 2238 1782 modia:
2291 1736 2534 1798 tempore
2596 1729 2877 1784 silentium
2953 1732 3182 1801 privatis
3244 1742 3617 1796 necessarium

2039 1821 2155 1874 est?

2400 1933 2926 1996 .INTERROGATIO
2957 1941 3240 2000 CLXXIV.

2038 2047 2315 2114 Quomodo
2349 2051 2520 2119 possit
2573 2053 2690 2119 quis
2732 2068 2798 2106 ex
2840 2055 3018 2109 animo
3071 2067 3122 2110 et
3179 2076 3297 2114 cum
3338 2063 3619 2118 alacritate

2456 2120 2668 2174 Domini
2697 2126 2908 2194 exsequi
2931 2128 3204 2183 mandata.

2619 2236 3023 2294 RESPONSIO.

2114 2346 2558 2417 Ex—perimentum
2599 2351 2858 2420 jucunda:
2887 2362 2940 2408 et
2966 2356 3126 2411 “utilis
3158 2359 3258 2425 rei,
3295 2368 3349 2414 et
3379 2362 3495 2431 ipsa
3535 2381 3620 2419 re—

2037 2453 2162 2491 rum
2219 2439 2537 2509 hujusmodi
2581 2446 2922 2512 exspectatio
2987 2448 3230 2503 animum
3291 2455 3621 2511 naturaliter

2040 2539 2222 2584 movet
2257 2531 2325 2585 ad
2384 2532 2440 2586 id
2489 2533 2827 2604 diligendum
2878 2545 2934 2592 et
2984 2542 3509 2612 concupiscendum.
3561 2547 3616 2601 Si

2043 2621 2168 2691 quis
2194 2623 2357 2693 igitur
2391 2624 2518 2678 odio
2540 2625 2792 2681 habuerit
2825 2637 2878 2684 et
2927 2631 3271 2690 abominatus
3303 2634 3466 2692 fuerit
3515 2639 3622 2693 ini-

2032 2714 2306 2782 quitatem
2338 2715 2403 2780 ⁸⁸,
2433 2732 2715 2787 purusque
2772 2719 2936 2776 fuerit
2969 2723 3038 2778 ab
3065 2728 3214 2781 omni
3237 2737 3483 2796 peccato,
3524 2747 3624 2801 per

2043 2806 2210 2874 quod,
2236 2810 2694 2876 quemadmodum
2725 2829 2821 2882 per
2861 2817 3110 2871 morbum
3149 2821 3374 2877 satietas
3396 2825 3501 2878 cibi
3541 2835 3623 2878 at-

2042 2913 2149 2967 que
2177 2899 2460 2955 fastidium
2493 2905 2784 2975 contingit,
2823 2909 2904 2964 sic
2949 2909 3002 2963 in
3047 2911 3231 2967 animo
3274 2915 3438 2970 etiam
3471 2919 3620 2974 circa

2043 2989 2137 3046 Dei
2169 2992 2594 3060 iustiﬁcationes
2623 2999 2885 3068 segnities
2913 3010 2967 3055 et
2986 3001 3203 3072 pigritia
3237 3004 3617 3077 ingeneratum

2044 3083 2090 3135 si
2141 3093 2404 3152 praeterea
2463 3091 2914 3147 constantissime
2964 3094 3258 3151 crediderit
3303 3101 3619 3156 mandatum

2045 3173 2138 3230 Dei
2166 3176 2330 3230 vitam
2382 3185 2640 3234 mternam
2679 3196 2824 3247 esse,
2885 3187 3176 3255 omniaque
3209 3191 3502 3258 promissa,
3552 3193 3620 3248 iis

2040 3267 2133 3336 qui
2170 3267 2224 3322 id
2254 3278 2494 3335 servant,
2523 3279 2670 3325 certa
2694 3288 2816 3329 esse
2845 3282 2898 3329 et
2919 3292 3071 3337 vera,
3096 3278 3142 3332 is
3171 3279 3412 3335 afﬁcitur
3433 3285 3619 3353 perin-

2035 3358 2103 3413 de
2134 3367 2298 3430 atque
2328 3361 2440 3425 ille,
2478 3363 2572 3432 qui
2603 3363 2775 3420 dixit:
2805 3367 3022 3421 Iudicia
3054 3369 3268 3425 Domini
3291 3376 3621 3445 vera,justi-

2037 3450 2200 3517 ﬁcata
2256 3453 2310 3506 in
2359 3453 2634 3522 idipsum:
2689 3455 3067 3514 desiderabilia
3119 3480 3276 3533 super
3329 3484 3520 3522 aurum
3568 3482 3620 3524 et

2038 3541 2262 3610 lapidem
2318 3547 2604 3616 pretiosum
2653 3549 2898 3614 multum,
2940 3562 2992 3605 et
3019 3553 3269 3611 dulciora
3322 3576 3480 3628 super
3514 3562 3620 3617 mel

355 3636 512 3705 ὑπὲρ
551 3637 690 3706 μέλι
738 3637 839 3691 καί
900 3637 1130 3705 κηρίον.
1171 3637 1281 3691 Καὶ
1327 3637 1438 3707 γὰρ
1483 3640 1516 3691 ὁ
1567 3637 1787 3703 δοῦλός
1819 3654 1933 3691 σου

2038 3645 2083 3688 et
2109 3635 2308 3704 favum.
2353 3636 2560 3690 Etenim
2590 3655 2767 3691 seruus
2814 3649 2934 3694 tuus
2963 3645 3193 3698 custodit
3223 3663 3321 3701 ea:
3356 3649 3413 3703 in
3443 3661 3615 3705 custo-

359 3729 667 3800 ςρυλάσσει
698 3730 851 3784 αὺτά
870 3747 885 3761 ο
910 3730 981 3783 ἐνν
1012 3726 1091 3794 τῷ
1118 3730 1464 3799 φυλάσσειν
1495 3731 1647 3784 αὐτὰ
1678 3731 1934 3784 ἀνταπό-

352 3825 530 3890 δοσις
559 3823 782 3890 πολλή.

879 3937 1208 3989 ΕΡΩΤΗΣΙΣ
1259 3937 1425 3988 POE'.

359 4048 492 4115 Πῶς
519 4051 786 4118 φαίνεται
806 4053 837 4102 0'
853 4049 1099 4118 ἀγαπῶν
1129 4050 1235 4102 τὸν
1253 4049 1522 4118 ἀδελφὸν
1553 4049 1699 4101 κατὰ
1721 4047 1936 4114 τὴνὲν-

432 4117 620 4187 τολὴν
662 4121 767 4172 τοῦ
811 4117 1063 4184 Κυρίου·
1114 4120 1213 4174 καὶ
1261 4117 1737 4188 πῶςίέλέτχεται
1784 4121 1816 4170 ό
1849 4117 1933 4186 μὴ

430 4191 618 4255 οὕτως
647 4189 916 4258 ἀγαπῶν.

951 4271 1338 4357 mortium};

429 4418 545 4489 Τῆς
593 4417 812 4488 ἀγάπης
854 4415 1108 4487 ἐξαίρετα
1149 4415 1242 4468 δύο
1291 4416 1461 4468 ταῦτα
1488 4433 1500 4444 ·
1542 4416 1604 4468 τὸ
1650 4415 1938 4498 λυπεῖσθαι

360 4511 460 4582 μὲν
490 4509 584 4563 καὶ
614 4509 853 4578 ἀγωνιᾷν
885 4508 970 4576 ἐφ’
1003 4502 1084 4572 οἷς
1119 4507 1413 4577 βλάπτεται
1446 4510 1473 4561 ὀ
1520 4506 1887 4578 ἀγαπώμενος
1919 4525 1931 4536 ·

2033 3728 2240 3783 diendis
2259 3728 2369 3783 illis
2401 3729 2680 3784 retributio
2710 3733 2878 3784 multa
2915 3733 2981 3788 ⁸³.

2307 3927 2473 4003 474
2500 3929 3020 3990 INTERROGATIO
3076 3935 3332 3993 CLXXV.

2041 4041 2314 4116 Quomon
2335 4052 2535 4116 constet
2564 4043 2783 4112 fratrem
2811 4045 3098 4116 abraliquo
3142 4051 3316 4105 amari
3353 4070 3418 4108 c.1-
3460 4074 3614 4112 man-

2106 4115 2233 4235 zalto
2278 4112 2536 4166 Domini:
2578 4124 2628 4168 et
2675 4115 2937 4184 quomodo
2995 4112 3337 4176 convincatur
3378 4142 3481 4180 non
3540 4131 3617 4184 ita

2149 4199 2344 4235 tmere.

2149 4199 2344 4252 urgere.

2608 4295 3016 4357 RESPONSIO.

2109 4413 2425 4468 Dilectionis
2462 4412 2586 4467 dum
2637 4420 2767 4469 sunt
2809 4414 2966 4471 dotes
2991 4418 3300 4488 praecipuis,
3341 4423 3527 4481 dolere
3560 4436 3616 4481 et

2041 4504 2336 4559 sollicitum
2368 4520 2492 4560 esse
2513 4504 2579 4558 de
2606 4505 2806 4574 quibus
2830 4506 3050 4562 lazditur
3070 4511 3163 4578 qui
3199 4521 3416 4567 amatur
3442 4535 3454 4571 :
3485 4534 3620 4586 gau-

360 4600 571 4669 χαίρειν
602 4600 657 4652 δὲ
700 4601 794 4653 καὶ
834 4597 1191 4667 ἀγωνίζεσθαι
1227 4598 1366 4667 ὑπὲρ
1395 4597 1496 4666 τῆς
1538 4596 1803 4666 ὡφελείας
1837 4598 1933 4650 αὑ-

2041 4595 2168 4650 dere
2184 4604 2372 4649 contra
2411 4603 2464 4649 et
2481 4596 2784 4651 allahorare
2801 4613 2898 4666 pro
2922 4599 3097 4667 ipsius
3123 4605 3444 4658 commodis.
3480 4574 3617 4660 Dea-

358 4693 473 4747 τοῦ.
518 4693 800 4764 Μακάριος
832 4687 924 4745 οῦν
964 4693 993 4744 ὁ
1036 4689 1245 4742 πενθῶν
1291 4689 1384 4741 ἐπὶ
1426 4688 1503 4760 τῷ
1544 4689 1932 4761 ἁμαρτάνοντι,

356 4778 418 4836 οὗ
451 4786 478 4835 ὁ
521 4783 760 4846 κίνδυνος
806 4782 1032 4853 φοϐερός
1061 4799 1074 4812 ο
1129 4781 1222 4834 καὶ
1266 4781 1470 4851 χαίρων
1511 4780 1652 4851 ὑπὲρ
1679 4779 1773 4834 τοῦ
1801 4798 1935 4834 κατ-

355 4874 643 4942 ορθοῦντος
671 4917 684 4938 ,
725 4867 786 4927 06
817 4876 878 4927 τὸ
906 4874 1096 4945 κέρδος
1131 4873 1482 4942 ἀσύγκριτον,
1513 4872 1696 4936 καθὼς
1728 4872 1933 4942 γέγρα-

357 4980 510 5016 πται.
544 4964 832 5034 Μαρτυρεῖ
860 4963 915 5016 δὲ
945 4965 1040 5017 καὶ
1078 4963 1288 5026 Παῦλος
1320 4964 1348 5014 ὁ
1389 4962 1686 5026 ἀπόστολος
1715 4962 1891 5031 λέγων
1919 4979 1930 4990 ·

372 5053 506 5110 Ἐὰν
562 5056 771 5126 πάσχῃ
825 5055 894 5110 ἐν
935 5056 1121 5126 μέλος
1149 5095 1163 5119 ,
1212 5055 1559 5125 συμπάσχει
1617 5053 1812 5108 πάντα
1864 5054 1933 5108 τὰ

351 5150 510 5219 μέλη
534 5192 548 5216 ,
582 5150 722 5204 κατά
754 5150 912 5219 λόγον
939 5148 1158 5210 πάντως
1189 5150 1286 5218 τῆς
1317 5148 1375 5199 ὲν
1408 5145 1630 5217 Χριστῷ
1662 5147 1882 5215 ἀγάπης
1915 5164 1928 5176 '

357 5244 465 5297 Καὶ
491 5244 599 5297 ἐὰν
618 5242 927 5311 δοξάζηται
953 5241 1023 5295 ἐν
1046 5240 1252 5310 μέλος,
1303 5239 1447 5302 κατά
1467 5239 1665 5292 σκοπὸν
1693 5239 1934 5308 δηλονότι

357 5334 455 5405 τῆς
504 5336 637 5406 πρὸς
686 5334 817 5388 Θεὸν
855 5334 1264 5404 εὐαρεστήσεως
1297 5373 1311 5396 ,
1371 5331 1685 5400 συγχαίρει
1735 5330 1932 5385 πάντα

2035 4694 2126 4744 tus
2170 4687 2339 4756 igitur
2372 4687 2628 4757 quisquis
2661 4688 2808 4757 luget
2860 4697 3086 4758 propter
3133 4703 3470 4760 peccantem,
3520 4712 3618 4750 cu-

2033 4782 2124 4848 jus
2151 4779 2454 4849 periculum
2484 4777 2890 4833 formidandum
2922 4787 3043 4835 est:
3077 4782 3314 4853 itemque
3361 4787 3612 4858 quisquis

2038 4870 2108 4924 ob
2137 4878 2285 4925 recte
2326 4869 2613 4925 facientem
2646 4873 2864 4940 gaudet,
2898 4874 3057 4941 cujus
3092 4874 3246 4928 lucro
3274 4878 3408 4931 nihil
3432 4889 3613 4949 potest

2038 4960 2299 5024 conferri,
2326 4962 2468 5016 sicut
2508 4963 2774 5033 scriptum
2809 4972 2915 5018 est.
2965 4965 3109 5030 Quin
3170 4976 3222 5020 et
3277 4968 3408 5023 illud
3451 4973 3615 5026 etiam

2039 5052 2243 5108 Paulus
2290 5056 2575 5123 apostolus
2625 5063 2880 5119 testatur,
2912 5072 3035 5112 cum
3085 5061 3162 5113 ait
3197 5060 3282 5116 ⁶³ε
3320 5059 3380 5115 Si
3413 5066 3604 5132 patitur

2042 5163 2204 5200 unum
2238 5147 2549 5212 membrum,
2581 5150 2975 5216 compatiuntur
3004 5155 3182 5207 omnia
3217 5159 3471 5222 membra,
3501 5178 3613 5216 ser.

2041 5246 2165 5294 vata
2195 5239 2388 5308 utique
2426 5239 2640 5294 ratione
2673 5240 2814 5310 ejus,
2850 5257 2971 5311 quae
3017 5244 3070 5297 in
3093 5243 3315 5302 Christo
3348 5258 3450 5316 est,
3483 5253 3614 5306 clia.

2040 5332 2220 5386 ritatis
2254 5349 2269 5386 :
2312 5330 2379 5384 Et
2410 5333 2457 5386 si
2496 5332 2668 5401 gloria
2721 5333 2960 5402 afﬁcitur
3010 5353 3173 5391 unum
3201 5340 3512 5409 membrum,
3544 5361 3612 5404 ea

429 5489 471 5518 ⁶¹
504 5447 676 5544 lCor.
710 5504 820 5553 ιη,
851 5488 920 5542 50
998 5489 1043 5519 ⁸³
1074 5485 1219 5543 Psal.
1262 5503 1450 5551 cxvm,
1488 5485 1610 5540 165.
1685 5486 1729 5516 ⁸³
1755 5483 1897 5541 Psal.

2043 5503 2099 5552 ll,
2132 5488 2215 5551 10,
2263 5487 2349 5541 12.
2428 5487 2474 5518 6"
2502 5485 2520 5538 Ι
2551 5488 2678 5545 Cor.
2715 5505 2815 5554 xu,
2855 5491 2942 5548 26.

427 5646 541 5717 (27)
565 5646 701 5728 Reg.
725 5648 944 5728 primus
969 5654 1024 5701 et
1051 5645 1228 5728 Voss:
1245 5646 1464 5728 xat1ilv
1484 5645 1795 5728 οἰκονομίαν
1820 5646 1930 5728 τῶν

355 5714 554 5786 ἔργων.
576 5714 680 5772 Alii
709 5714 818 5774 duo
850 5733 983 5773 mss.
1016 5727 1069 5771 et
1098 5717 1230 5772 editi
1260 5717 1355 5771 καὶ
1383 5714 1484 5785 τῆς
1507 5714 1816 5786 οἰκονομίας
1837 5722 1931 5773 καὶ

352 5785 481 5841 τῶν.
517 5786 702 5846 Codex
732 5789 909 5852 Colb.,
939 5803 1099 5858 quem
1135 5790 1436 5858 sequimur,
1463 5785 1773 5860 οἰκονομίας
1796 5789 1922 5844 τῶν.

2038 5646 2307 5728 "eis"?
2333 5663 2482 5728 πιεεο-
2499 5656 2554 5728 et
2587 5648 2748 5728 V0.55-
2769 5651 2875 5728 γῆς
2903 5656 3350 5728 κατεπειγούσης.

2113 5717 2225 5792 (es)
2258 5719 2624 5792 éntiquiduo
2658 5722 2779 5792 libri
2806 5717 3081 5792 ἀναγκαία
3111 5717 3279 5786 ἐστίν.

2108 5788 2220 5862 (29)
2255 5788 2435 5847 Codex
2471 5791 2627 5847 Colb.
2657 5790 2724 5847 τὰ
2752 5788 2976 5866 σώματα
