4064 6238
535 309 676 370 1199

1953 306 2011 362 S.
2053 306 2294 364 BASlLll
2339 307 2553 363 MAG-Nl
3651 310 3770 366 l200

535 429 765 487 consilio
799 426 1055 485 videlicet
1099 426 1356 499 placendi
1389 425 1520 491 Deo,
1559 426 1891 497 congaudent
1935 431 2114 483 omnia

2219 431 2292 485 τὰ
2323 431 2500 501 μέλη.
2564 429 2622 483 Ὀ
2665 428 2721 482 δὲ
2754 428 2829 499 μὴ
2854 428 3023 491 οὕτως
3066 427 3534 499 ωνδιατιθέμενος
3565 438 3773 503 φανερός

541 520 791 577 membra.
828 518 935 587 Qui
971 526 1153 574 autem
1209 534 1320 574 non
1371 520 1446 574 ita
1479 518 1708 576 affectus
1754 530 1859 587 est,
1924 534 2114 590 aperte

536 613 760 667 fratrem
793 626 904 666 non
929 610 1131 680 diligit.

902 723 1425 781 INTERROGATIO
1473 723 1755 780 CLXXVI.

537 820 771 886 Quinam
816 818 931 889 sint
952 819 1156 872 inimici
1188 834 1318 889 quos
1347 818 1562 889 diligere
1596 820 1743 887 jussi
1790 835 2007 885 sumus;
2065 830 2118 875 et

638 888 865 943 uomodo
899 888 1181 958 diligemus
1219 888 1499 943 inimicos:
1542 900 1721 942 utrum
1752 893 2117 946 tantummodo

638 908 865 943 uomoao
899 908 1181 958 autgemus
1219 908 1499 943 inimicos:
1542 908 1721 942 utrum
1752 908 2117 946 tantummodo

604 908 873 1028 zeneﬁciis
921 961 976 1014 in
1007 961 1146 1027 ipsos
1181 958 1533 1025 conferendis,
1566 976 1636 1011 an
1668 961 1834 1013 etiam
1864 962 1978 1025 ipso
2006 964 2119 1016 ani-

603 1032 677 1083 mi
704 1031 943 1100 affectu:
972 1040 1022 1084 et
1045 1031 1282 1099 nunquid
1315 1030 1411 1082 hoc
1445 1030 1565 1098 ﬁeri
1595 1031 1786 1097 possit.

1117 1144 1528 1202 RESPONSIO.

612 1236 827 1291 mimici
859 1237 1144 1306 proprium
1175 1245 1260 1291 est
1302 1251 1526 1301 nocere,
1563 1246 1618 1293 et
1650 1237 1921 1294 insidiari.
1955 1235 2118 1303 Quis-

536 1328 664 1401 quis
704 1329 872 1399 igitur
901 1342 1124 1399 quoquo
1150 1329 1313 1382 modo
1366 1335 1527 1382 nocet
1560 1329 1822 1398 cuipiam,
1860 1328 2117 1383 inimicus

538 1420 801 1491 appellari
823 1428 1002 1491 potest
1025 1439 1037 1472 :
1060 1418 1333 1488 praecipue
1358 1426 1561 1484 autem,
1586 1420 1680 1490 qui
1711 1426 1918 1488 peccat.
1947 1419 2113 1486 Nam,

538 1517 803 1579 quantum
835 1513 891 1564 in
924 1508 1046 1579 ipso
1066 1518 1171 1574 est,
1197 1507 1376 1563 modis
1396 1509 1566 1565 variis
1589 1518 1773 1573 nocet,
1795 1511 1955 1579 eique
1979 1525 2117 1579 quo-

537 1616 663 1655 cum
711 1601 843 1655 vivit
900 1608 995 1654 aut
1038 1599 1496 1655 consuetudinem
1551 1600 1737 1661 habet,
1800 1600 2111 1657 insidiatur.

537 1690 807 1758 Quoniam
834 1700 1015 1746 autem
1045 1704 1111 1744 ex
1141 1703 1373 1760 corpore
1400 1697 1455 1744 et
1480 1692 1663 1744 anima
1686 1698 1904 1746 constat
1928 1683 2145 1757 homo,‘

2217 525 2333 576 ἐστι
2365 522 2437 576 αὴ
2469 522 2698 592 ἀγαπῶν
2728 520 2841 594 (50)
2879 521 2970 576 τὸν
2997 521 3244 591 ἀδελφόν.

2716 716 3051 770 armum:
3072 720 3080 783 μ
3100 717 3282 783 Poq'.

2222 810 2384 877 Τίνες
2410 808 2568 864 εἰσὶν
2597 812 2652 862 οἱ
2688 809 2887 879 ἐχθροὶ
2914 847 2930 873 ,
2967 808 3073 874 οὓς
3117 807 3360 876 ἀγαπᾷν
3392 805 3778 878 προσετάχθη-

2280 897 2427 951 per“
2458 879 2709 951 καὶπῶς
2736 879 3131 951 ἀγαπήσομεν
3163 879 3311 951 τοὺς
3327 879 3630 951 λέχθρούςζ
3667 880 3779 951 ταῖς

2291 948 2377 1016 εὶς
2406 950 2628 1016 αὐτοὺς
2652 948 3022 1020 εὐεργεσίαις
3047 950 3238 1020 μόνον
3260 948 3373 1020 (ξι)
3406 988 3421 1011 ,
3452 949 3491 1018 ἢ
3528 948 3624 1004 καὶ
3643 948 3777 1019 αὐτῇ

2292 1021 2366 1091 τῇ
2388 1020 2647 1075 διαθέσει
2672 1038 2684 1050 ·
2720 1018 2818 1074 καὶ
2845 1022 2899 1073 εὶ
2921 1019 3186 1073 δυνατὸν
3209 1018 3409 1072 τοῦτο.

2809 1130 3199 1183 ΑΠΟΚΡΙΣῙΣ.

2298 1223 2526 1297 Ἐχθροῦ
2574 1223 2705 1277 ἴδιον
2737 1221 2797 1277 τὸ
2844 1222 3098 1292 βλάπτειν
3131 1221 3226 1274 καὶ
3254 1220 3647 1274 ἐπιϐουλεύειν.
3681 1221 3781 1283 Πᾶς

2219 1319 2317 1389 μὲν
2360 1314 2452 1371 οὖν
2479 1318 2507 1368 6
2535 1315 2892 1386 ὁπωσδήποτε
2934 1313 3044 1384 (5‘).)
3076 1313 3328 1381 βλάπτων
3361 1313 3487 1364 τινὰ
3520 1311 3701 1382 ἐχθρὸς
3726 1310 3781 1365 ἂν

2215 1412 2424 1480 λέγοιτο
2448 1426 2461 1439 ο
2508 1407 2807 1478 ἐξαιρέτως
2848 1406 2905 1458 δὲ
2942 1407 2970 1458 6
3014 1404 3368 1476 ἁμαρτάνων.
3423 1402 3498 1456 Τὸ
3531 1404 3635 1473 γὰρ
3674 1405 3780 1456 ὅσον

2214 1507 2299 1560 ἐπ’
2328 1502 2475 1575 αὐτῷ
2504 1502 2617 1575 (55)
2654 1501 2881 1573 βλάπτει
2905 1492 3049 1553 κατὰ
3085 1498 3381 1569 διαφόρους
3407 1497 3665 1569 τρόπους,
3702 1496 3781 1548 καὶ

2215 1597 2553 1652 ἐπιϐουλεύει
2605 1595 2682 1667 τῷ
2732 1594 2944 1647 συνόντι
2995 1590 3518 1663 ἦσυντυγχάνοντι.
3583 1588 3778 1659 Ἐπειδὴ

2214 1691 2270 1744 δὲ
2314 1692 2379 1743 ὲκ
2410 1688 2662 1759 σώματος
2705 1687 2799 1740 καὶ
2835 1684 3013 1755 ψυχῆς
3061 1683 3393 1751 συνέστηκεν
3431 1684 3459 1735 6
3499 1680 3777 1751 ἄνθρωπος,

537 1781 682 1850 quod
714 1779 783 1834 ad
813 1781 1053 1834 animam
1084 1777 1305 1847 quidem
1337 1780 1593 1848 pertinet,
1635 1793 1883 1835 amemus
1922 1779 2115 1849 hujus-

2217 1781 2357 1839 κατὰ
2391 1782 2489 1852 μὲν
2538 1780 2638 1850 τὴν
2685 1778 2864 1851 ψυχὴν
2902 1780 3281 1849 ἀγαπήσωμεν
3336 1776 3467 1839 τοὺς
3508 1774 3775 1838 τοιούτους,

536 1870 687 1925 modi
721 1869 897 1936 viros,
927 1868 1310 1941 redarguendo
1334 1869 1507 1939 ipsos,
1540 1870 2012 1942 admonendoque,
2059 1880 2115 1929 et

539 1959 689 2014 omni
717 1960 881 2015 modo
915 1958 982 2014 ad
1009 1959 1427 2015 conversionem
1454 1959 1765 2016 inducendo
1801 1981 1813 2016 :
1850 1961 1995 2032 quod
2023 1978 2115 2017 ve-

537 2067 603 2105 ro
636 2051 705 2106 ad
745 2066 999 2122 corpus,o
1020 2066 1139 2115 eos,
1175 2052 1222 2107 si
1267 2050 1392 2106 vitae
1451 2053 1782 2109 necessariis
1814 2054 2113 2125 indigeant,

538 2144 822 2199 beneficiis
850 2143 1164 2199 afﬂciendo.
1190 2143 1346 2211 Quod
1378 2152 1560 2200 autem
1587 2144 1808 2200 dilectio
1845 2146 1902 2200 in
1947 2146 2116 2201 animi

528 2236 811 2292 consistat
867 2234 1176 2301 aﬂectione,
1217 2236 1571 2306 perspicuum
1603 2243 1688 2292 est
1734 2237 2013 2293 omnibus.
2053 2236 2115 2292 ld

539 2337 723 2386 autem
752 2329 869 2385 ﬁeri
891 2346 1052 2401 posse
1075 2331 1316 2387 ostendit
1349 2346 1413 2385 ac
1443 2331 1632 2386 docuit
1687 2331 1973 2399 Dominus,
2021 2333 2114 2405 qui

537 2422 719 2478 Patris
765 2438 830 2478 ac
879 2438 1035 2478 suam
1081 2423 1255 2494 ipsius
1302 2423 1658 2480 dilectionem
1703 2441 1803 2496 pro
1849 2426 2114 2494 inimicis,

534 2529 648 2570 non
683 2524 867 2570 autem
895 2528 995 2584 pro
1026 2515 1239 2579 amicis,
1268 2530 1444 2585 usque
1487 2515 1554 2569 ad
1595 2523 1824 2571 mortem
1857 2516 2117 2572 obedien-

535 2606 610 2662 do
650 2605 990 2661 declaravit:
1032 2604 1493 2675 quemadmodum
1545 2614 1779 2663 testatur
1818 2610 2118 2679 Apostolus

537 2695 625 2751 his
681 2695 911 2750 verbis:
976 2693 1324 2749 Commendat
1369 2707 1543 2750 autem
1598 2696 1911 2752 charitatem
1964 2716 2118 2755 suam

535 2786 678 2841 Deus
726 2787 779 2839 in
813 2803 929 2849 nos,
959 2788 1211 2855 quoniam
1242 2802 1362 2840 cum
1415 2788 1586 2842 adhuc
1631 2800 1927 2858 peccatores
1973 2809 2116 2848 esse-

537 2895 678 2941 mus,
714 2876 959 2932 Christus
978 2893 1072 2947 pro
1109 2877 1257 2933 nobis
1297 2891 1538 2934 mortuus
1569 2890 1648 2935 est
1680 2881 1747 2937 ⁸⁵.
1786 2883 1930 2948 Quin
1952 2887 2118 2941 etiam

536 2968 604 3020 ad
635 2967 870 3036 idipsum
894 2982 998 3023 nos
1029 2968 1379 3030 adhortatur.
1414 2984 1540 3023 cum
1569 2971 1743 3027 dicit:
1777 2972 1961 3028 Estote
1994 2991 2119 3046 ergo

537 3057 832 3112 imitatores
861 3057 978 3122 Dei,
1010 3060 1147 3113 sicut
1192 3059 1293 3128 ﬁlii
1329 3060 1655 3128 charissimi,
1683 3072 1735 3118 et
1764 3064 2033 3121 ambulate
2062 3069 2119 3120 in

536 3148 835 3212 dilectione,
876 3151 1011 3204 sicut
1060 3160 1109 3205 et
1149 3150 1395 3207 Christus
1437 3153 1626 3209 dilexit
1674 3173 1789 3222 nos,
1816 3167 1868 3212 et
1896 3158 2117 3213 tradidit

536 3243 876 3312 semetipsum
898 3259 994 3312 pro
1026 3244 1201 3309 nobis,
1235 3244 1555 3301 oblationem
1576 3257 1626 3301 et
1653 3247 1884 3304 hostiam
1911 3249 2022 3305 Deo
2049 3251 2115 3304 “.

536 3330 726 3403 Neque
757 3349 883 3389 vero
918 3334 1021 3390 hoc
1059 3336 1431 3407 praecepisset,
1466 3346 1656 3409 utpote
1678 3340 1858 3398 bonus
1888 3349 1943 3397 et
1957 3341 2121 3414 475

532 3427 745 3496 justus,
770 3428 878 3483 nisi
903 3428 957 3483 id
990 3428 1227 3485 faciendi
1265 3431 1553 3495 tribuisset
1586 3430 1899 3489 facultatem
1932 3451 1945 3488 :
1974 3433 2122 3505 quod

536 3521 620 3575 vel
659 3520 760 3590 ipsi
794 3528 1006 3576 naturae
1033 3523 1353 3577 necessario
1383 3521 1613 3577 insitum
1643 3537 1768 3580 esse
1796 3524 2119 3582 declaravit.

535 3609 674 3666 Nam
715 3611 905 3668 bestia:
926 3628 1143 3684 quoque
1173 3613 1313 3669 bene
1342 3614 1410 3670 de
1436 3630 1497 3670 se
1536 3615 1764 3673 meritos
1793 3617 2118 3672 naturaliter

537 3701 792 3773 diligunt.
847 3705 1132 3769 Quodnam
1187 3714 1365 3760 autem
1415 3704 1744 3760 beneficium
1791 3715 2007 3762 tantum
2050 3706 2118 3761 ab

537 3794 737 3856 amico,
769 3805 1035 3864 quantum
1090 3794 1159 3849 ab
1190 3795 1430 3851 inimicis
1461 3796 1785 3852 confertur?
1808 3797 2118 3853 Conciliant

537 3887 697 3943 nobis
717 3886 1107 3944 beatitudinem
1138 3903 1168 3942 a
1196 3887 1429 3945 Domino
1447 3890 1533 3945 his
1554 3891 1737 3946 verbis
1754 3892 2114 3960 promissam:

537 3980 689 4032 Beati
713 3981 860 4047 estis,
895 3997 1014 4034 cum
1054 3982 1317 4045 persecuti
1345 3998 1433 4035 vos
1465 3982 1689 4050 fuerint,
1737 3990 1787 4035 et
1847 3983 2117 4051 affecerint

533 4071 762 4138 probris,
786 4081 835 4125 et
870 4073 1099 4125 dixerint
1142 4087 1295 4125 omne
1348 4076 1549 4124 malum
1594 4071 1805 4126 uerbum
1840 4071 2117 4126 adversum

2216 1876 2528 1946 ἐλέγχοντες
2576 1874 2773 1936 αὐτοὺς
2801 1914 2816 1939 ,
2868 1871 2963 1925 καὶ
3017 1868 3404 1932 νουθετοῦντες
3432 1906 3447 1931 ,
3500 1866 3593 1919 καὶ
3640 1867 3779 1919 παντὶ

2215 1964 2399 2036 τρόπῳ
2444 1964 2526 2026 εἰς
2558 1959 2894 2033 ἐπιστροφὴν
2941 1959 3227 2027 ἐνάγοντες
3263 1957 3380 2028 (54)
3420 1974 3435 1987 ·
3488 1956 3623 2009 κατὰ
3649 1956 3777 2009 δὲτὸ

2217 2053 2377 2124 σῶμα
2406 2050 2820 2123 εὐεργετοῦντες
2850 2049 3046 2112 αὐτοὺς
3072 2087 3087 2111 ,
3118 2046 3506 2118 ὲπιδεομένους
3532 2046 3635 2098 τῶν
3662 2044 3778 2115 πρὸς

2213 2147 2275 2201 τὸ
2303 2146 2401 2218 ζῇν
2427 2146 2762 2214 ἀναγκαίων.
2804 2144 2926 2197 Ὀτι
2950 2142 3006 2196 δὲ
3037 2143 3072 2212 ἡ
3097 2141 3285 2212 ἀγάπη
3321 2141 3380 2194 ὲν
3408 2140 3638 2193 διαθέσει
3657 2137 3774 2197 ἐστὶ.

2216 2240 2381 2293 παντὶ
2420 2238 2600 2307 δῆλον.
2650 2237 2724 2291 T6
2768 2237 2825 2290 δὲ
2868 2235 3094 2289 δυνατὸν
3142 2231 3313 2299 ἔδειξε
3364 2233 3459 2286 καὶ
3507 2230 3777 2295 έδίδαξενό

2216 2331 2454 2403 Κύριος,
2484 2330 2583 2402 τὴν
2616 2329 2839 2401 ἀγάπην
2876 2328 2970 2381 τοῦ
3014 2327 3227 2397 Πατρὸς
3261 2326 3361 2381 καὶ
3399 2325 3497 2396 τὴν
3524 2322 3700 2377 ἑαυτοῦ
3729 2324 3775 2374 ἐν

2215 2426 2280 2495 τῇ
2360 2424 2578 2494 ὑπακοῇ
2655 2421 2817 2493 μέχρι
2888 2419 3123 2474 Θανάτου
3194 2417 3601 2488 ἐπιδειξάμενος
3659 2413 3777 2485 ὑπὲρ

2216 2515 2456 2588 ἐχθρῶν,
2492 2515 2592 2586 οὐχ
2626 2514 2767 2585 ὑπὲρ
2809 2512 2977 2584 φίλων
2997 2552 3013 2573 .
3044 2511 3121 2577 ὼς
3153 2513 3430 2583 μαρτυρεί
3471 2510 3499 2561 6
3553 2505 3776 2560 Ἀπόστο-

2215 2609 2306 2672 λος
2337 2608 2510 2676 λέγων
2542 2624 2555 2637 ·
2599 2607 2936 2673 Συνίστησι
2970 2604 3038 2658 δὲ
3083 2602 3199 2671 τὴν
3238 2601 3467 2656 ἑαυτοῦ
3506 2598 3726 2670 ἀγάπην
3748 2596 3777 2646 ὁ

2219 2701 2362 2767 Θεὸς
2385 2703 2473 2766 εὶς
2505 2699 2683 2770 ἡμᾶς,
2714 2698 2803 2752 ὅτι
2829 2738 2843 2763 ,
2879 2699 2967 2752 ἔτι
3003 2696 3374 2767 ἁμαρτωλῶν
3402 2696 3588 2748 ὄντων
3611 2687 3771 2759 ἡμῶν,

2217 2791 2466 2860 Χριστὸς
2495 2791 2648 2859 ὑπὲρ
2678 2789 2848 2861 ἡμῶν
2897 2791 3179 2844 ἀπέθανε.
3234 2789 3351 2841 Καὶ
3394 2788 3524 2857 ἡμῖν
3571 2783 3624 2836 δὲ
3666 2777 3777 2833 αὐτὸ

2218 2882 2373 2936 τοῦτο
2394 2885 2651 2954 παραινεῖ
2673 2883 2731 2936 ὲν
2756 2880 2834 2952 τῷ
2864 2883 3038 2934 εἰπεῖν
3059 2880 3172 2949 (55)
3195 2894 3209 2908 °
3231 2879 3491 2932 Γίνεσθε
3514 2871 3620 2930 οὖν
3631 2886 3776 2942 μιμη-

2218 2972 2313 3026 ταὶ
2339 2973 2446 3026 τοῦ
2473 2971 2643 3035 Θεοῦ,
2666 2973 2747 3036 ὡς
2779 2970 2961 3026 τέκνα
2988 2971 3284 3040 ἀγαπητὰ,
3323 2969 3423 3024 καὶ
3444 2962 3776 3035 περιπατεῖτε

2218 3064 2289 3117 ἐν
2314 3062 2518 3132 ἀγάπῃ
2543 3103 2557 3128 ,
2592 3062 2788 3128 καθὼς
2813 3062 2909 3117 καὶ
2951 3065 2984 3115 ὀ
3009 3059 3265 3129 Χριστὸς
3292 3058 3607 3129 ἠγάπησεν
3624 3051 3772 3124 ἡμᾶς,

2220 3156 2317 3210 καὶ
2343 3155 2685 3224 παρέδωκεν
2710 3153 2927 3209 ἑαυτὸν
2945 3153 3100 3223 ὑπὲρ
3120 3151 3317 3223 ἡμῶν,
3344 3149 3681 3221 προσφορὰν
3691 3145 3774 3199 καὶ

2221 3247 2442 3302 θυσίαν
2464 3245 2545 3312 τῷ
2568 3244 2709 3311 Θεῷ.
2742 3245 2859 3299 Οὐκ
2885 3245 2949 3299 ἂν
2983 3244 3037 3298 δὲ
3075 3243 3417 3316 προσέταξεν
3438 3246 3466 3296 6
3493 3238 3679 3308 ἀγαθὸς
3697 3232 3775 3289 καὶ

2220 3338 2460 3401 δίκαιος,
2503 3339 2551 3391 εἰ
2588 3338 2662 3408 μὴ
2703 3337 2766 3390 τὸ
2808 3335 3035 3389 δυνατὸν
3076 3335 3408 3407 ἐχαρίσατο“
3450 3336 3583 3402 ὅπερ
3612 3330 3694 3384 καὶ
3726 3328 3773 3379 ὲν

2220 3433 2287 3501 τῇ
2318 3430 2475 3500 φύσει
2510 3427 3045 3500 κατηναγκασμένως
3080 3428 3414 3482 ἀποκεῖσθαι
3443 3424 3770 3495 ἐφανέρωσεν.

2221 3521 2526 3592 Εὐεργέτας
2552 3521 2648 3591 μὲν
2679 3520 2775 3577 κα)⁸
2792 3520 2859 3573 τὰ
2881 3521 3047 3590 θηρία
3062 3519 3316 3589 φυσικῶς
3340 3520 3546 3589 ἀγαπᾷ.
3571 3517 3629 3568 Τί
3647 3514 3773 3567 δὲτο-

2224 3612 2411 3666 σοῦτον
2439 3615 2717 3683 εὐεργετεί
2746 3616 2775 3666 6
2794 3613 2966 3683 φίλος,
2999 3615 3121 3667 ὅσον
3145 3615 3193 3668 οἱ
3227 3615 3448 3686 ἐχθροί;
3480 3606 3772 3683 Προξενοῦν·

2223 3722 2310 3768 τες
2340 3706 2470 3776 ἡμῖν
2507 3705 2600 3758 τὸν
2633 3705 2978 3778 μακαρισμὸν
3006 3705 3100 3758 τοῦ
3138 3706 3351 3776 Κυρίου
3390 3704 3649 3764 εἰπόντος’
3673 3701 3773 3752 Ma-

2225 3797 2416 3865 κάριοι
2443 3797 2603 3864 ἐστε,
2627 3797 2774 3851 ὅταν
2797 3797 3092 3862 διώξωσιν
3112 3800 3290 3868 ὑμᾶς,
3321 3800 3421 3853 καὶ
3450 3794 3771 3852 ὀνειδίσωσιν

2225 3889 2324 3943 καὶ
2356 3890 2570 3942 εἴπωσι
2601 3888 2723 3945 πᾶν
2757 3889 3024 3957 πονηρὸν
3058 3889 3224 3959 ῥῆμα
3268 3892 3401 3946 καθ’
3424 3887 3613 3960 ὑμῶν,
3643 3886 3771 3959 Δξίζιεευη

2224 3982 2462 4051 δόμενω
2486 4021 2503 4045 ,
2536 3982 2743 4036 ἕνεκεν
2781 3982 2946 4051 ἐμοῦ.
2978 3983 3220 4050 Χαίρετε
3266 3985 3368 4038 καὶ
3412 3974 3768 4052 ἀγαλλιᾶσθε,

2224 4072 2315 4125 ὅτι
2340 4074 2372 4124 ό
2399 4074 2617 4141 μισθὸς
2646 4071 2816 4143 ὑμῶν
2838 4072 3034 4139 πολὺς
3064 4074 3135 4127 ἐν
3168 4074 3297 4139 τοῖς
3318 4071 3605 4141 οὐρανοῖς.

534 4179 644 4231 vos,
682 4165 1004 4231 mentientes,
1054 4173 1265 4233 propter
1316 4180 1417 4219 me.
1467 4162 1700 4217 Gaudete
1728 4173 1780 4217 et
1820 4165 2109 4229 .exsuttate,
2144 4167 2394 4235 quoniam
2424 4180 2616 4218 merces
2645 4174 2814 4219 vestra
2841 4167 3054 4234 copiosa
3084 4175 3164 4220 est
3193 4168 3249 4221 in
3280 4167 3424 4220 caelis
3445 4165 3510 4218 ⁸⁷.

892 4293 1414 4350 lNTERROGATIO
1446 4293 1754 4350 CLXXVII.

2742 4299 3076 4354 ΕΡΩΤΗΣΙΣ
3119 4299 3286 4355 ΡΟΖ’.

535 4404 808 4471 Quomodo
883 4404 1067 4459 debent
1136 4406 1300 4476 fortes
1367 4406 1705 4481 inﬁrmorum
1773 4410 2114 4477 inﬁrmitates

2222 4412 2358 4478 Πῶς
2389 4413 2741 4481 ὀφείλουσιν
2779 4414 2845 4481 oi
2878 4410 3123 4465 δυνατοὶ
3153 4411 3237 4481 τὰ,
3264 4407 3635 4476 ἀσθενήματα
3668 4396 3767 4453 τῶν

1170 4487 1383 4545 portare
1402 4478 1471 4528 ⁵⁸.

1113 4608 1524 4668 RESPONSIO.

601 4720 658 4776 Si
714 4730 935 4791 portare
979 4728 1067 4776 est
1104 4721 1297 4775 tollere
1351 4728 1406 4775 et
1453 4736 1671 4786 curare,
1704 4721 2008 4777 secundum
2056 4723 2109 4776 id

527 4812 673 4880 quod
707 4811 976 4881 scriptum
1012 4818 1131 4865 est:
1174 4809 1296 4879 Ipse
1321 4810 1660 4880 inﬁrmitates
1690 4820 1904 4866 nostras
1922 4828 2104 4866 susce-

524 4902 622 4967 pit,
648 4910 698 4956 et
730 4902 938 4957 morbos
967 4902 1195 4969 portavit
1225 4902 1294 4967 ",
1343 4917 1455 4957 non
1497 4903 1645 4973 quod
1696 4902 1751 4957 in
1782 4918 1842 4959 se
1872 4903 1988 4959 haec
2018 4904 2111 4959 ille

2662 4480 2976 4536 ἀδυνάτων
3007 4479 3337 4545 βαστάζειν

2811 4617 3184 4670 ΔΠυΚΡΙΣΙΣ

2292 4728 2353 4780 Et
2391 4727 2452 4780 τὸ
2499 4728 2785 4799 βαστάζειν
2823 4730 2940 4783 ἐστὶ
2978 4729 3042 4782 τὸ
3086 4729 3263 4800 αἴρειν
3312 4727 3403 4781 καὶ
3452 4716 3761 4794 θεραπεύειν»

2221 4819 2363 4872 κατὰ
2409 4819 2471 4872 τὸ
2510 4821 2898 4891 γεγραμμένον
2943 4821 3049 4887 ὅτι,
3100 4822 3292 4887 Αὐτὸς
3335 4818 3439 4885 τὰς
3480 4808 3764 4869 ἀσθενείας

2218 4908 2388 4977 ἡμῶν
2417 4911 2597 4964 ἔλαϐε
2616 4953 2631 4978 ,
2655 4912 2754 4966 καὶ
2790 4911 2893 4977 τὰς
2923 4913 3152 4978 νόσους
3195 4912 3527 4972 ἐϐάστασεν
3545 4946 3559 4970 ,
3600 4902 3687 4954 οὐκ
3714 4896 3763 4948 ἐν

600 5097 643 5131 ⁸⁵
666 5096 824 5154 Rom.
861 5117 913 5165 v,
950 5100 1006 5166 8,
1033 5100 1086 5155 9.
1164 5100 1209 5132 ⁸⁸
1235 5098 1524 5172 ΕΡΙιεεκγ,
1552 5100 1606 5157 1.
1633 5100 1689 5154 2.
1767 5100 1810 5133 ⁸⁷
1837 5098 2029 5156 Matth.
2058 5117 2110 5168 ν,

2217 5144 2231 5169 ,
2269 5103 2355 5159 12.
2428 5104 2472 5136 ⁸⁸
2503 5103 2661 5160 Rom.
2694 5122 2785 5170 xv,
2820 5106 2873 5159 1.
2949 5105 2993 5137 ⁶⁹
3025 5105 3130 5161 lsa.
3169 5122 3288 5171 un,
3321 5106 3377 5160 4.-

597 5276 710 5351 (50)
740 5277 874 5349 Reg.
917 5276 1191 5351 secundus
1224 5276 1448 5351 perinde
1475 5285 1537 5330 ut
1568 5277 1701 5351 editi
1736 5277 1814 5351 μὴ
1847 5268 2101 5347 ἀγαπᾷν.

522 5346 631 5403 Alii
660 5348 777 5418 duo,
801 5346 938 5404 mss.
967 5363 1092 5402 cum
1119 5346 1282 5402 Voss.
1319 5347 1677 5418 μὴίάγαπῶν.

595 5418 709 5490 (51)
739 5417 959 5490 Veteres
999 5425 1114 5490 tres
1154 5417 1280 5490 libri
1320 5414 1574 5488 ἔχθροὺς,
1622 5414 1958 5488 πληροῦντες
1997 5415 2099 5479 τὰς

523 5487 612 5550 εἰς
632 5487 827 5552 αὖτοὺς
855 5487 1532 5559 εὐεργεσίᾳςᾼμὸνοὴίοιο.
1725 5557 1737 5559 _
1875 5557 1885 5559 μ
1914 5558 1921 5559 γ
1966 5540 1975 5548 .

596 5558 708 5629 (5‘2)
738 5559 921 5615 Codex
955 5556 1218 5614 'CombefL
1261 5565 1317 5612 et
1356 5557 1449 5612 alii
1490 5558 1600 5612 duo
1641 5559 1671 5610 6
1715 5557 2092 5628 ὁπωσδήποτε.

526 5625 979 5684 Deestarticulus
1005 5629 1061 5682 in
1100 5629 1355 5697 vulgatis.
1470 5695 1502 5697 Α
1920 5625 1930 5628 ⁷
2048 5680 2101 5697 ν.

596 5698 708 5769 (55)
738 5698 867 5770 Reg.
896 5700 1103 5768 primus
1127 5695 1353 5768 perinde
1378 5704 1436 5753 ut
1466 5695 1622 5755 Voss.
1645 5698 1767 5751 ὅσον
1784 5698 1869 5768 ἐφ’
1887 5696 2087 5769 ἑαυτῷ.

2288 5282 2403 5356 (54)
2433 5279 2567 5353 Reg.
2597 5278 2809 5352 prtinus
2845 5298 3180 5394 επιστροφην
3210 5280 3448 5348 ἄγοντες.
3490 5271 3603 5355 Mox
3632 5265 3755 5321 idem

2288 5372 2295 5394 ι
2361 5351 2469 5394 τῶν
2509 5354 2645 5394 πῆλε·
2691 5353 2788 5394 τὴν
2828 5350 2971 5394 (cnim
3036 5349 3328 5394 mummium-
3366 5347 3474 5394 Nec
3507 5349 3576 5394 lla
3606 5334 3757 5391 mullo

2210 5347 2316 5411 ms;
2361 5347 2469 5406 τ’ὦν
2509 5347 2645 5423 ’ῖτρδς
2691 5353 2788 5421 τὴν
2828 5347 3328 5422 ζωὴνηὰναγκαίων.
3366 5347 3474 5401 Nec
3507 5347 3576 5396 ita
3606 5347 3755 5418 multo

2210 5433 2335 5491 post
2372 5424 2515 5477 idem
2542 5424 2679 5478 liber
2702 5422 2864 5475 παντί
2894 5439 2996 5476 που
3026 5422 3206 5491 δῆλον.
3235 5420 3307 5473 Τὸ
3328 5419 3382 5471 δὲ
3407 5410 3616 5491 δυνατὸν
3639 5405 3755 5491 ἔδεις

2283 5440 2335 5479 ει
2372 5440 2515 5477 mem
2545 5440 2679 5478 llDBl‘
2702 5440 2863 5475 παντι
2894 5440 2996 5476 που
3026 5440 3206 5491 οηΑον.
3244 5440 3307 5473 ιο
3328 5440 3382 5471 ΟΕ
3407 5440 3616 5469 ουνανιυν
3639 5440 3730 5457 ςυν-

2208 5440 2297 5617 ξὲι
2327 5497 2355 5547 ὁ
2384 5493 2610 5564 Κύριος.
2650 5492 2864 5547 Rursus
2906 5507 3015 5546 non
3050 5492 3210 5562 longe
3238 5491 3391 5545 'idem
3436 5481 3597 5538 codex
3641 5484 3747 5528 cum

2255 5581 2369 5617 oss.
2400 5561 2493 5617 κάι
2522 5564 2620 5617 τὴν
2649 5562 2840 5616 ἑαυτοῦ
2871 5560 3118 5617 ὑπακοὴν
3154 5560 3329 5617 μὲγοι.

2255 5581 2369 5619 oss.
2400 5560 2493 5635 καὶ
2519 5564 2620 5635 τὴν
2649 5562 2840 5635 ἑαυτοῦ
2871 5560 3118 5632 ὑπακοὴν
3154 5560 3329 5635 μέχρι.

2275 5618 2386 5707 (55)
2429 5618 2589 5690 Unus.
2608 5649 2707 5690 ms.
2742 5632 2876 5705 Reg.
2905 5618 3165 5704 παραινεέ
3188 5618 3382 5700 λέγων·
3414 5618 3632 5679 Γίνεσθεε
