4064 6238
323 366 453 420 i201

1478 371 1780 428 REGULzE
1820 374 2118 432 BREVIUS
2171 377 2589 435 ΤΒΑΕΤΑΤΑΕ.

3439 389 3576 444 1202

318 484 397 552 τῷ
437 485 516 546 εἰς
551 481 741 535 ἐαυτὸν
778 483 1131 553 ὑποδέχεσθαι
1170 484 1342 538 ταῦτα
1387 486 1495 557 (56)
1523 532 1536 552 ,
1579 491 1692 544 ἀλλ’
1733 495 1789 546 έν
1823 492 1894 563 τῷ

2001 496 2326 564 susceperit,
2353 495 2449 550 sed
2473 495 2621 566 quod
2643 510 2739 552 eos
2759 496 2814 550 in
2837 499 3038 568 quibus
3059 499 3174 555 haec
3197 508 3375 565 erant,
3413 517 3576 557 cura-

317 575 444 636 τοὺς
475 572 779 643 πάσχοντας
807 574 1130 644 θεραπεύειν
1156 592 1169 604 ο
1211 576 1306 628 καὶ
1333 578 1564 634 ἐνταῦθα
1594 584 1621 635 ὁ
1652 584 1750 652 τῆς
1799 601 1895 654 με’

318 664 536 725 τανοίας
573 662 772 733 τρόπος
805 665 898 716 καὶ
939 664 1094 734 λόγος
1138 668 1476 740 ἐφαρμόσει,
1521 671 1588 722 δι’
1634 665 1694 724 οὗ
1739 671 1896 743 θερα-

321 753 679 824 πευθήσονται
717 755 780 807 ἐκ
811 755 912 824 τῆς
940 756 1049 810 τῶν
1083 757 1468 832 δυνατωτέρων
1498 763 1818 833 ἐπιμελείας
1845 764 1893 815 οἰ

320 844 591 898 ἀδύνατοι.

847 958 1182 1013 ΕΡΩΤΗΣΙΣ
1211 961 1382 1014 ΡΟΗ⁹.

327 1045 390 1097 Τί
434 1044 564 1119 ἐστι
610 1045 718 1119 τὸ,
767 1065 785 1097 ι
814 1048 1124 1119 Ἀλλήλων
1156 1053 1228 1102 τὰ
1261 1050 1423 1119 βάρη
1469 1050 1829 1115 βαστάζετε·
1871 1073 1889 1105 ο

393 1114 490 1166 καὶ
528 1114 700 1193 ίτοῖον
748 1117 935 1186 νόμον
963 1118 1078 1189 (57)
1113 1114 1629 1190 ἀναπλτίρώσομεν
1655 1114 1895 1186 ,ίτοῦτο

392 1200 722 1250 ποιουντες.

911 1297 1302 1355 ΔΠΟΚΡΙΣΙΣ.

394 1379 601 1432 Ταύτόν
630 1381 746 1436 ἐστι
769 1382 847 1454 τῷ
875 1387 1274 1458 προειρημένῳ.
1306 1389 1504 1460 Βαρεῖα
1527 1393 1634 1461 γὰρ
1661 1393 1693 1462 ἡ
1718 1393 1895 1464 ἁμαρ-

323 1470 442 1534 τία,
485 1471 820 1527 καθέλκουσα
854 1477 952 1546 τὴν
988 1476 1166 1548 ψυχὴν
1195 1481 1275 1542 είς
1314 1481 1561 1550 πυθμένα
1602 1484 1749 1554 ᾅδου.
1795 1485 1895 1537 Ἦν

324 1558 552 1630 αἴρομεν
618 1561 862 1631 ἀλλήλων
901 1605 914 1628 ,
970 1569 1064 1619 καὶ
1131 1572 1525 1642 περιαιροῦμεν
1561 1616 1575 1639 ,
1641 1576 1721 1638 εἰς
1781 1577 1897 1628 ἐπι-

326 1651 562 1721 στροφὴν
580 1651 800 1720 ἄγοντες
815 1656 939 1718 τοὺς
965 1657 1396 1729 ἁμαρτάνοντας.
1429 1664 1500 1715 Τὸ
1517 1663 1572 1716 δέ
1586 1665 1896 1729 βαστάσαι

324 1741 444 1792 ἀντὶ
471 1741 564 1793 τοῦ
590 1739 720 1815 ἆραι
739 1745 966 1814 σύνηθες
986 1749 1211 1814 καὶτοῖς
1231 1753 1547 1823 ἐπιχωρίοις
1571 1757 1892 1828 κεχρῆσθαι,

1995 588 2156 650 verit,
2193 588 2355 642 etiam
2385 588 2491 643 hoc
2517 589 2572 642 in
2609 589 2730 644 loco
2761 592 3094 659 poenitentiae
3122 594 3317 649 modus
3350 603 3403 648 et
3434 597 3573 648 ratio

1997 681 2305 744 conveniet,
2344 695 2440 750 per
2482 696 2647 750 quam
2684 680 3015 739 inﬁrmiores
3052 685 3414 740 valentiorum
3440 703 3574 742 cura

1997 778 2162 840 atque
2199 770 2481 842 diligentia
2513 773 2852 826 curabuntur

2351 959 2871 1016 INTERROGATIO
2912 960 3236 1017 CLXXVIII.

1999 1048 2140 1114 Quid
2161 1049 2256 1102 hoc
2275 1051 2536 1119 signiﬁcet
2559 1068 2577 1104 :
2600 1070 2617 1101 ι
2633 1051 2782 1104 Alter
2797 1052 3017 1104 alterius
3041 1069 3199 1106 onera
3223 1064 3426 1113 portate
3445 1056 3489 1086 '°
3507 1069 3524 1106 :
3541 1073 3566 1106 ι

2067 1128 2118 1172 et
2151 1119 2250 1172 hoc
2277 1121 2552 1188 facientes,
2579 1121 2789 1190 qualem
2820 1122 2982 1191 legem
3013 1123 3438 1190 adimplebimus.

2581 1297 2983 1356 RESPONSIO.

2074 1389 2186 1446 Hoc
2210 1391 2354 1446 idem
2381 1402 2465 1448 est
2486 1401 2651 1464 atque
2685 1396 2739 1449 id
2773 1396 2917 1464 quod
2938 1394 3142 1450 dictum
3169 1397 3571 1466 estgsuperius.

1997 1481 2292 1538 Peccatum
2323 1486 2492 1540 enim
2527 1503 2692 1557 grave
2724 1498 2832 1553 est,
2882 1499 3048 1560 atque
3102 1489 3170 1543 ad
3207 1491 3316 1544 ima
3375 1489 3574 1543 inferni

1999 1575 2232 1628 animam
2257 1576 2524 1632 detrudit.
2553 1577 2659 1632 Alii
2683 1590 2864 1632 autem
2893 1581 3124 1634 aliorum
3157 1589 3442 1650 peccatum
3469 1581 3576 1634 tol-

1999 1666 2182 1729 limus,
2210 1673 2264 1722 et
2295 1666 2620 1733 auferimus,
2656 1685 2778 1723 cum
2811 1686 2906 1726 eos
2939 1673 3031 1742 qui
3071 1680 3319 1742 peccant,
3347 1672 3412 1726 ad
3441 1687 3576 1727 con-

1998 1759 2305 1815 versionem
2361 1760 2694 1817 inducimus.
2747 1762 3016 1818 Czeterum
3063 1765 3287 1820 verbum
3337 1777 3570 1835 portare,

324 1834 401 1897 ὡς
431 1835 687 1901 πολλάκις
714 1840 864 1911 παρά
905 1840 1116 1894 πολλῶν
1150 1845 1312 1908 αὐτὸς
1356 1847 1583 1915 ἥκουσα.
1628 1849 1806 1920 Νόμον
1838 1850 1894 1903 δὲ

1998 1866 2092 1921 pro
2127 1866 2192 1906 eo
2224 1854 2369 1921 quod
2422 1859 2506 1907 est
2545 1853 2757 1918 tollere,
2810 1855 2971 1909 etiam
3004 1854 3072 1910 ab
3126 1856 3292 1925 hujus
3335 1834 3574 1926 regionis

322 1924 419 1976 τοῦ
448 1926 680 1996 Χριστοῦ
710 1930 1175 2003 ἀναπληρώσομεν
1198 1933 1312 2004 (38)
1344 1935 1440 1987 τοῦ
1463 1937 1736 2001 εἰπόντος·
1772 1942 1893 1992 Οὐκ

323 2011 513 2086 ἦλθον
544 2019 797 2074 καλέσαι
827 2022 1096 2090 δικαίους
1121 2065 1134 2088 ,
1180 2027 1341 2080 ἀλλὰ
1381 2028 1766 2097 ἁμαρτωλοὺς
1807 2035 1895 2097 εὶς

317 2107 678 2176 μετάνοιανο
741 2113 832 2165 καὶ
893 2117 1024 2185 ἡμῖν
1075 2116 1535 2188 νομοθετήσαντος
1585 2122 1703 2189 ὅτι,
1761 2123 1895 2176 Ἐὰν

322 2198 550 2268 ἁμάρτῃ
606 2204 638 2254 ό
690 2202 952 2273 ἀδελφός
1002 2222 1156 2270 σου,
1212 2208 1443 2278 ὕπαγε,
1491 2211 1744 2280 ἔλεγξον
1789 2214 1894 2266 αὺ-

323 2290 448 2342 τόν.
496 2291 636 2344 Ἐάν
676 2310 792 2348 σου
829 2297 1063 2366 ἀκούσῃ
1082 2337 1096 2361 ,
1129 2297 1460 2369 ἐκέρδησας
1491 2302 1599 2356 τὸν
1629 2303 1894 2373 ἀδελφόν

322 2391 440 2430 σου

839 2494 1172 2548 ΕΡΩἸῊΣῙΣ
1215 2498 1379 2551 ΡΟΘ¹.

322 2577 455 2644 Πῶς
481 2578 729 2657 δύναταί
751 2601 840 2657 τις
873 2585 1017 2657 ἄνευ
1050 2587 1285 2656 ἀγάπης
1309 2591 1515 2644 πίστιν
1555 2593 1890 2657 κτήσασθαι

393 2653 710 2732 τοσαύτην,
742 2653 896 2732 ὥστε
927 2655 1031 2732 (Ep?)
1064 2653 1466 2732 ,ιὶεθιστᾴνειικ
1500 2663 1536 2728 ἣ
1563 2653 1756 2716 πάντα
1780 2667 1867 2732 (59

393 2719 464 2799 τὰ
483 2721 823 2799 ὑπάρχοντα
858 2719 1356 2799 δοῦναίπτωχοῖς,
1432 2719 1795 2799 παραδοῦναι
1824 2754 1854 2788 τ

395 2789 610 2844 ἑαυτοῦ
638 2789 830 2860 σῶμα,
870 2795 969 2847 ἵνα
1005 2789 1242 2864 κιιυθῇξ⁷
1312 2789 1351 2794 Γ
1396 2789 1406 2798 ’
1508 2789 1518 2811 ⁵

901 2907 1288 2964 ΑΠΟΚΡΙΣΙΣ.

393 2993 455 3046 Εἰ
486 2994 893 3066 μνημονεύομεν
935 2997 1030 3050 τοῦ
1075 3000 1280 3070 Κυρίου
1325 3003 1604 3067 εἰπόντος’
1640 3008 1888 3063 Ποιοῦσι

323 3082 432 3151 τὰρ
471 3084 618 3151 πρὸς
654 3086 719 3138 τὸ
759 3086 1040 3155 θεαθῆναι
1095 3091 1217 3157 τοῖς
1264 3093 1613 3162 ἀνθρώποις,
1657 3099 1750 3149 καὶ
1789 3101 1888 3170 τῆς

324 3177 662 3248 ἀποκρίσεως
705 3179 866 3234 αὐτοῦ
914 3183 1012 3255 τῆς
1053 3185 1189 3254 πρὸς
1223 3187 1349 3250 τοὺς
1385 3191 1653 3254 εἰπόντας⁸
1694 3163 1890 3262 Κύριε,
1922 3163 1965 3230 C

324 3268 517 3335 Κύριε,
534 3273 605 3324 οὺ
621 3269 700 3335 τῷ
713 3269 802 3341 σῷ
814 3273 1053 3341 ὀνόματι
1064 3279 1592 3347 προεφητεύο-αμεν
1616 3282 1710 3334 καὶ
1723 3283 1801 3347 τῷ
1812 3283 1901 3349 σῷ

323 3357 567 3428 ὀνόματι
581 3361 858 3430 δαιμόνια
883 3363 1244 3436 ἐξεϐάλομεν
1265 3408 1278 3432 ,
1308 3369 1403 3421 καὶ
1422 3368 1503 3434 τῷ
1537 3371 1625 3424 σῶ
1658 3374 1901 3442 ὀνόματι

323 3450 605 3520 δύναμεις
618 3455 852 3520 πολλὰς
877 3455 1280 3527 ὲποιήσιιμεν;
1303 3461 1438 3531 πρὸς
1469 3461 1560 3526 οῦς
1577 3481 1757 3535 φησιν·
1778 3469 1898 3520 Οὐκ

324 3539 457 3596 οἶδα
480 3543 634 3620 ὑμᾶς
669 3547 854 3599 πόθεν
899 3548 1071 3602 ἐστέο
1103 3551 1199 3619 οὐχ
1223 3551 1304 3603 ὅτι
1346 3552 1664 3620 ἐψεύσαντο,
1683 3557 1795 3610 ἀλλ’
1819 3560 1898 3612 ὅτι

324 3637 390 3705 τῇ
416 3634 507 3688 τοῦ
524 3636 660 3688 Θεοῦ
703 3639 883 3710 χάριτι
931 3639 1042 3710 (40)
1082 3641 1217 3710 πρὸς
1245 3643 1312 3695 τὰ
1342 3644 1446 3697 ἴδια
1469 3645 1750 3718 θελήματα
1797 3653 1900 3704 ἀπ-

328 3729 654 3798 εχρήσαντο,
682 3730 816 3802 ὅπερ
855 3732 954 3801 τῆς
1000 3733 1137 3804 πρὸς
1177 3735 1308 3787 Θεὸν
1352 3738 1569 3810 ἀγάπης
1599 3741 1896 3812 ἀλλότριον,

325 3818 386 3870 οὐ
406 3818 677 3882 δυσκόλως
703 3824 932 3893 συνορᾷν
973 3824 1040 3876 τά
1081 3826 1344 3896 εἰρημένα
1365 3828 1640 3900 δυνάμεθα
1672 3834 1801 3902 (41).
1826 3836 1898 3888 Τὸ

325 3907 382 3960 δὲ
410 3909 653 3980 χάρισμα
677 3912 811 3965 Θεοῦ
843 3913 875 3984 ἢ
909 3913 1115 3986 δωρεὰν
1137 3917 1430 3986 λαμϐάνειν
1449 3923 1539 3974 καὶ
1570 3922 1661 3976 τὸν
1682 3923 1898 3988 ἀνάξιον

327 3997 475 4051 οὐδὲν
535 4001 864 4071 παράδοξονο
914 4005 1044 4068 Θεὸς
1077 4005 1184 4077 γὰρ
1229 4008 1288 4059 ἐν
1331 4009 1506 4079 καιρῷ
1531 4012 1896 4084 χρηστότητος

327 4088 421 4142 καὶ
453 4091 828 4163 μακροθυμίας
865 4094 956 4148 τὸν
984 4095 1133 4165 ἥλιον
1172 4097 1334 4149 αὑτοῦ
1358 4099 1634 4152 ἀνατέλλει
1674 4103 1766 4153 ἐπὶ
1796 4119 1896 4154 πο-

326 4181 522 4249 νηροὺς
581 4183 674 4234 καὶ
706 4184 942 4251 ἀγαθούς
961 4201 976 4214 ’
1023 4185 1279 4252 πολλάκις
1304 4189 1361 4242 δὲ
1399 4191 1494 4243 καὶ
1526 4193 1605 4255 εἰς
1630 4191 1894 4260 ὠφέλειαν

325 4269 358 4338 ἢ
433 4271 638 4324 ἐκείνου
690 4274 852 4328 αὐτοῦ
907 4276 1000 4329 τοῦ
1068 4278 1462 4349 ὑποδεχομένου
1513 4282 1574 4334 τὸ
1628 4283 1891 4355 χάρισμα,

328 4362 422 4414 ἐὰν
453 4362 561 4434 (4‘2)
594 4364 719 4435 ἄρα,
747 4367 1086 4440 δυσωπηθεὶς
1117 4371 1215 4440 τὴν
1241 4371 1332 4424 τοῦ
1367 4370 1498 4424 Θεοῦ
1532 4374 1892 4445 χρηστότητα,

327 4459 614 4527 προτραπῇ
653 4459 733 4522 εἰς
783 4461 1095 4530 ἐπιμέλειαν
1122 4463 1217 4533 τῆς
1252 4464 1386 4534 πρὸς
1412 4464 1570 4516 αὐτὸν
1593 4466 1889 4538 εὐαρεστή-

283 4585 285 4588 .
327 4557 482 4607 σεως,
511 4545 543 4614 ἢ
572 4549 662 4601 καὶ
701 4551 901 4620 ἐτέρων
925 4551 1056 4621 (45),
1086 4553 1226 4606 κατὰ
1261 4554 1320 4607 τὸ
1347 4555 1632 4625 εἰρημένον
1664 4555 1767 4609 ὑπὸ
1791 4557 1884 4611 τοῦ

335 4635 656 4692 ’Δποστόλου
676 4657 690 4670 ’
740 4642 903 4710 Τινὲς
945 4643 1062 4713 μὲν
1088 4645 1184 4698 καὶ
1221 4645 1320 4699 διὰ
1355 4649 1580 4714 φθόνον
1609 4647 1703 4701 καὶ
1737 4648 1882 4718 ἔριν,

1999 1943 2196 1999 incolis
2229 1944 2368 1998 solet
2405 1945 2685 2014 usurpari,
2735 1946 2899 1999 veluti
2945 1947 3062 2016 ipse
3113 1962 3489 2017 saepenumero
3543 1963 3576 2001 a

1995 2035 2272 2105 plerisque
2303 2035 2508 2090 audivi.
2547 2037 2977 2106 Adimplebimus
3011 2046 3192 2096 autem
3225 2041 3394 2110 legem
3416 2039 3575 2093 Chri—

1995 2127 2086 2191 sti,
2113 2127 2205 2196 qui
2230 2127 2366 2181 dixit
2393 2145 2406 2180 :
2439 2126 2564 2181 Non
2601 2129 2711 2182 reni
2734 2146 2917 2182 vocare
2933 2131 3129 2198 justas,
3161 2129 3252 2184 sed
3273 2140 3572 2200 peccamus

1995 2220 2062 2271 ad
2107 2219 2470 2286 pwnitentiam
2503 2220 2584 2285 7';
2617 2219 2823 2289 quique
2870 2221 3033 2274 nobis
3069 2222 3211 2275 hanc
3265 2223 3437 2292 legem
3467 2222 3572 2274 im-

1993 2309 2218 2379 posuit:
2267 2307 2327 2363 Si
2384 2310 2677 2378 peccaverit
2727 2311 2898 2380 frater
2958 2321 3104 2375 tuus,
3159 2311 3309 2376 vade,
3371 2311 3572 2379 corripe

1992 2415 2129 2453 eum.
2174 2399 2234 2454 Si
2263 2409 2309 2453 te
2341 2400 2595 2465 audierit,
2632 2402 2866 2455 lucratus
2890 2419 2942 2456 es
2970 2402 3193 2472 fratrem
3215 2411 3362 2454 tuum
3389 2403 3457 2454 ⁷³.

2360 2514 2878 2570 INTERROGATIO
2916 2513 3200 2570 CLXXIX.

1995 2606 2268 2672 Quomodo
2301 2617 2468 2675 potest
2514 2611 2630 2677 quis
2675 2608 2870 2678 absque
2899 2609 3159 2662 charitate
3193 2607 3351 2675 ﬁdem
3383 2604 3572 2678 habere

2063 2686 2289 2747 tantam,
2320 2686 2377 2728 ut
2413 2675 2612 2731 montes
2639 2675 2948 2747 transferat,
2979 2689 3072 2731 aut
3102 2678 3281 2747 omnia
3313 2693 3412 2730 sua
3437 2675 3573 2728 bona

2058 2745 2142 2798 det
2173 2748 2513 2816 pauperibus,
2562 2757 2654 2801 aut
2697 2745 2886 2818 corpus
2923 2765 3077 2803 suum
3109 2746 3310 2810 tradat,
3353 2755 3411 2798 ut
3473 2760 3569 2799 ex-

2059 2824 2267 2870 uratur.

2573 2931 2978 2989 RESPONSIO.

2064 3019 2122 3074 Si
2165 3021 2522 3077 recordemur
2557 3024 2794 3088 Domini,
2822 3026 2917 3094 qui
2945 3021 3084 3079 dixit
3111 3042 3123 3079 :
3154 3021 3385 3076 Faciunt
3431 3022 3569 3074 enim

1995 3117 2053 3161 ut
2075 3121 2372 3178 spectentur
2395 3113 2457 3166 ab
2479 3113 2778 3168 hominibus
2801 3116 2867 3178 ⁷³,
2904 3115 3145 3184 itemque
3175 3113 3221 3168 si
3257 3112 3572 3166 memineri-

1999 3204 2122 3258 mus
2149 3205 2398 3273 responsi
2440 3206 2589 3262 illius
2618 3207 2685 3261 ad
2719 3208 3012 3277 quosdam,
3036 3205 3126 3276 qui
3153 3204 3403 3259 dixerant
3428 3222 3440 3257 :
3462 3202 3572 3258 Do-

2000 3297 2158 3358 mine,
2195 3294 2435 3361 Domine,
2473 3315 2640 3351 nonne
2687 3299 2741 3352 in
2773 3299 2979 3352 nomine
3012 3306 3098 3351 tuo
3129 3296 3570 3367 prophetavimus,

1997 3393 2046 3436 et
2071 3385 2125 3436 in
2154 3386 2360 3439 nomine
2390 3393 2476 3440 tuo
2501 3387 2764 3441 dwmonia
2797 3388 3067 3457 ejecimus,
3096 3397 3144 3442 et
3174 3389 3229 3440 in
3252 3388 3458 3440 nomine
3480 3397 3568 3438 tuo

1998 3474 2215 3526 virtutes
2246 3474 2444 3528 multas
2477 3476 2696 3544 fecimus
2719 3475 2805 3530 7‘?
2837 3476 3039 3547 quibus
3086 3474 3382 3545 respondet
3411 3492 3424 3527 :
3456 3471 3568 3526 Ne-

1998 3564 2106 3617 scio
2139 3580 2227 3618 vos
2256 3564 2393 3618 unde
2415 3563 2580 3636 476
2595 3566 2711 3620 sitis
2733 3566 2802 3631 ⁷⁸,
2841 3582 2949 3619 non
2995 3563 3142 3634 quod
3183 3565 3566 3625 mentirentur,

1999 3653 2093 3707 sed
2115 3653 2260 3722 quod
2282 3653 2374 3708 Dei
2392 3670 2618 3708 munere
2636 3655 2701 3708 ad
2721 3655 2973 3724 preprias
2993 3654 3309 3708 voluntates
3333 3650 3568 3706 fuissent

1998 3743 2179 3808 abusi,
2218 3761 2340 3814 quae
2369 3761 2460 3801 res
2499 3761 2528 3799 a
2564 3745 2657 3801 Dei
2692 3747 2984 3800 dilectione
3024 3744 3203 3800 aliena
3244 3751 3349 3810 est,
3374 3757 3570 3813 possu-

1997 3853 2120 3894 mus
2150 3840 2311 3894 nullo
2345 3841 2566 3911 negotio
2596 3856 2662 3896 ea
2697 3855 2820 3911 quas
2845 3840 2994 3894 dicta
3044 3845 3195 3902 sunt,
3238 3836 3565 3904 intelligere.

1997 3927 2169 3986 l’orro
2200 3929 2296 3986 Dei
2333 3947 2535 3987 munus
2567 3949 2665 3987 seu
2696 3932 2900 3987 donum
2931 3932 3014 3985 vel
3048 3931 3117 3984 ab
3149 3929 3374 3998 indigno
3396 3927 3566 3995 recipi

1996 4023 2137 4076 nihil
2165 4024 2364 4078 mirum
2400 4032 2484 4080 est
2517 4043 2530 4078 ε
2560 4025 2830 4095 siquidem
2865 4023 3008 4078 Deus
3044 4023 3100 4076 iu
3130 4029 3378 4092 tempore
3408 4021 3567 4074 boni-

1995 4114 2125 4168 tatis
2163 4122 2217 4168 et
2257 4115 2598 4184 patientia“
2643 4116 2814 4170 solem
2863 4129 3023 4170 suum
3065 4112 3199 4168 oriri
3242 4111 3372 4166 facit
3404 4126 3566 4181 super

1996 4204 2170 4259 malos
2199 4213 2253 4259 et
2284 4206 2460 4261 bonos
2481 4207 2549 4271 ⁷⁷,
2593 4207 2758 4276 idque
2790 4221 2933 4276 saepe
2969 4205 3037 4261 ad
3066 4205 3356 4260 utilitatem
3400 4205 3567 4259 etiam

1995 4303 2088 4346 aut
2116 4295 2235 4364 ejus
2266 4297 2462 4366 ipsius,
2499 4297 2592 4367 qui
2613 4297 2816 4352 donum
2859 4297 3113 4368 suscipit,
3163 4295 3211 4352 si
3233 4295 3373 4351 forte
3409 4294 3568 4349 boui-

1995 4392 2159 4440 tatem
2193 4387 2290 4442 Dei
2329 4389 2625 4454 reveritus,
2650 4391 2892 4460 hincque
2917 4389 3322 4453 exstimulatus,
3351 4385 3567 4443 studeat

1993 4477 2042 4529 ei
2073 4478 2434 4547 complacere,
2461 4489 2554 4534 aut
2587 4481 2750 4534 etiam
2779 4481 3034 4543 aliorum,
3058 4480 3216 4549 juxta
3241 4478 3294 4533 id
3320 4476 3464 4547 quod
3489 4476 3557 4530 ab

1990 4567 2253 4636 Apostolo
2301 4571 2509 4625 dictum
2556 4579 2640 4627 est
2680 4596 2692 4626 ;
2729 4572 2963 4639 Quidam
2996 4572 3201 4642 quidem
3246 4583 3296 4624 et
3348 4577 3557 4637 propter

1991 4657 2245 4713 invidiam
2292 4669 2344 4716 et
2390 4664 2795 4730 contentionem,
2845 4665 3058 4735 quidam
3107 4679 3224 4717 vero
3259 4670 3307 4714 et
3351 4667 3561 4728 ρτοριεν

418 4795 462 4888 ⁷ο
480 4795 596 4851 Gal.
631 4814 702 4888 VI,
735 4798 1042 4888 2."":ll.u_cl.
1073 4819 1127 4866 ν,
1158 4803 1250 4888 5?:
1321 4805 1365 4836 "
1403 4803 1591 4860 Matth.
1624 4822 1776 4872 xvm,
1808 4807 1894 4863 15.

1996 4818 2211 4876 'Matth.
2245 4837 2318 4888 Vl,
2354 4822 2406 4878 5.
2485 4823 2532 4856 ⁷³
2551 4822 2740 4878 Matth.
2767 4837 2865 4888 vn,
2897 4822 2987 4876 22.
3067 4823 3112 4854 ⁷⁸
3131 4819 3264 4875 Luc.
3306 4833 3430 4879 ιιιι,
3470 4813 3558 4867 27.

323 4865 370 4900 ⁷·
393 4863 550 4922 Rom.
577 4884 636 4931 ιι,
669 4869 721 4924 4.
799 4870 843 4902 ⁷⁷
865 4871 1059 4926 Matth.
1089 4863 1142 4937 ν,
1181 4874 1270 4928 45.

395 5001 505 5071 (56)
537 5002 720 5084 Yossii
769 5013 923 5062 vetus
965 5007 1104 5063 liber
1134 5017 1188 5064 et
1227 5009 1359 5081 Reg.
1392 5011 1600 5081 primus
1638 5012 1886 5084 ὑποδέχε-

325 5071 444 5126 σθαι
476 5073 697 5136 ταύτας.

396 5142 508 5210 (57)
540 5144 629 5196 Ait
659 5145 738 5198 vir
767 5145 1113 5202 doetissimus
1141 5147 1391 5208 Ducaeus.
1424 5166 1490 5205 ex
1515 5149 1694 5206 Vossii
1723 5150 1885 5207 veteri.

325 5211 465 5290 libro
497 5214 780 5290 legendum
813 5231 934 5290 esse
963 5218 1125 5288 νόμον
1157 5219 1394 5290 Χριστοῦ
1433 5239 1445 5274 :
1478 5221 1571 5275 sed
1613 5223 1883 5288 ejusmodi

324 5282 777 5359 lectioneminter
807 5282 1064 5359 reliquas,
1100 5282 1235 5359 quas
1270 5292 1489 5344 Scottus
1518 5282 1746 5357 colligit,
1773 5308 1882 5346 non

322 5353 556 5430 reperio.
599 5354 851 5430 Attamen
885 5353 938 5410 si
962 5353 1156 5430 cuiiit'a
1197 5361 1366 5424 lubet,
1402 5361 1528 5413 addi
1567 5353 1783 5430 potest:
1817 5378 1882 5418 eo

323 5423 521 5502 magis,
548 5424 692 5491 quod
716 5426 952 5502 inAReg.
995 5429 1172 5500 primo
1221 5431 1296 5484 ita
1346 5423 1582 5501 legatur:
1609 5433 1740 5502 Heg.
1772 5440 1882 5488 ter—

326 5492 434 5544 tius
466 5492 625 5560 νόμον
650 5493 743 5546 τοῦ
772 5492 929 5550 Θεοῦῖ

397 5561 505 5628 (38)
537 5563 677 5617 Editi
707 5565 1444 5640 ἀναπληρώσωμενΝοιετεε
1461 5570 1567 5626 duo
1595 5571 1717 5627 libri
1751 5573 1883 5626 ἀνα-

367 5628 700 5681 ληοώσομεν-

324 5645 700 5704 πληρωσομεν.

400 5700 508 5771 (59)
541 5700 616 5756 Ita
654 5703 830 5760 Vossil
864 5706 998 5762 liber
1042 5717 1096 5765 et
1147 5708 1239 5766 alii
1291 5709 1418 5768 duo.
1457 5709 1574 5767 Vox
1618 5711 1792 5767 πάντα
1830 5713 1884 5769 in

327 5769 496 5828 editis
519 5773 948 5831 desiderabatur.

2068 5016 2188 5090 (40)
2209 5017 2351 5072 Editi
2387 5018 2486 5090 τὴν
2517 5017 2612 5072 τοῦ
2652 5016 2785 5070 Θεοῦ
2818 5017 2995 5087 χάριν.
3035 5015 3260 5086 Antiqui
3290 5016 3400 5072 duo
3437 5018 3558 5074 libri

1993 5101 2117 5143 cum
2149 5091 2307 5143 Voss.
2341 5091 2478 5144 utin
2510 5096 2790 5143 contextu.

2065 5157 2177 5228 (41)
2205 5157 2341 5228 Reg.
2390 5161 2600 5228 primus
2638 5168 2691 5212 et
2730 5157 2888 5228 Voss.
2933 5157 3162 5228 συνορᾷν
3208 5155 3276 5228 τά
3324 5155 3559 5212 τοσαῦτα

1990 5226 2467 5299 δυνάμεθαξτὸδέ
2497 5229 2743 5299 χάρισμα
2769 5226 2862 5299 τοῦ
2893 5228 3026 5280 Θεοῦ
3056 5226 3097 5299 ἢ(
3123 5228 3216 5279 καὶ
3247 5227 3471 5299 δωρεάν.

2063 5296 2174 5380 (ti-2)
2202 5296 2574 5380 Codej‘VOss.
2606 5296 2700 5350 τοῦ
2740 5296 3193 5368 εὐεργετουμένου
3223 5297 3283 5350 τὸ
3315 5296 3559 5369 χάρισμα

1991 5367 2273 5437 λαμϐάνει.
2321 5367 2443 5420 Ἐὰν
2472 5368 2600 5438 γάρ.

2064 5433 2172 5509 (45)
2204 5438 2336 5509 Reg.
2373 5433 2581 5509 primus
2609 5444 2662 5491 et
2688 5433 2846 5509 voss.
2878 5437 3208 5509 καὶ-ἐτέρου.
3243 5436 3361 5509 Mox
3394 5438 3554 5491 iidem

1992 5506 2128 5563 is.
2154 5506 2216 5563 'et
2257 5506 2391 5576 Reg.
2430 5508 2626 5561 tertius
2672 5506 2765 5558 xui.
2811 5508 2919 5561 διά.
2965 5506 3172 5562 Vocula
3209 5506 3302 5560 καί
3339 5509 3491 5562 abest
3523 5523 3555 5560 a

1993 5576 2548 5648 vulgatis.,Subinde_
2584 5577 2716 5648 Reg.
2759 5579 2967 5647 primus
3012 5586 3066 5633 et
3113 5577 3272 5632 Voss.
3323 5577 3554 5648 Χριστὸν

1997 5646 2472 5716 καταγγέλλουσιν.
2508 5646 2616 5701 Nec
2653 5647 2725 5698 ita
2762 5646 2934 5728 inulto
2975 5655 3098 5769 post
3139 5649 3174 5702 ii
3214 5661 3353 5716 quos
3377 5646 3556 5704 modo

1994 5720 2106 5774 dixi
2141 5719 2265 5774 libri
2287 5717 2423 5790 πλὴν
2449 5718 2530 5771 ὅτι
2561 5717 2741 5773 παντί.
2770 5716 2911 5773 Editt
2941 5735 2980 5769 π
3012 5717 3076 5790 ὴν
3105 5719 3278 5773 παντί.
