4064 6238
302 373 443 432 1205

1459 381 1762 440 ΒΕΟῙΠΛΕ
1803 383 2098 442 BREVIUS
2135 388 2176 442 Τ
2181 388 2546 448 ΒΑΟΤΛΤᾸΞ.

3396 399 3538 457 i206

298 491 402 552 ὅτι,
425 483 536 542 Ἦν
552 487 670 541 τῶν
686 489 1143 544 πιστευσάντων
1170 491 1380 561 καρδία
1411 495 1508 547 καί
1543 496 1714 565 ψυχὴ
1736 499 1866 566 μία·

1978 503 2293 557 credentium
2329 521 2418 557 cor
2442 520 2626 568 unum,
2669 514 2717 558 et
2757 508 2935 561 anima
2978 526 3082 563 una
3103 511 3148 543 "
3172 550 3186 575 ,
3221 510 3362 567 inter
3396 527 3534 581 quos

297 586 346 636 οί
375 585 471 654 μὲν
499 582 891 651 διαφωνοῦντες
935 584 1199 656 ἀλλότριοι
1233 585 1338 638 τῶν
1373 587 1676 657 εἰρημένων
1711 589 1865 642 εἰσίν.

313 672 524 743 Ἀγάπη
548 673 658 743 δὲὴ
694 674 792 744 μὲν
823 675 963 728 κατὰ
993 675 1149 743 λόγον
1181 676 1441 744 φυλάσσει
1469 678 1529 730 τὸ
1555 680 1868 751 εἰρημένονο

309 766 372 817 Ὀ
406 765 474 818 δὲ
520 763 766 834 ἀγαπῶν
810 765 1102 834 ἐπιμελῶς
1147 768 1410 822 παιδεύει
1435 787 1448 799 ·
1482 773 1514 840 ἡ
1548 769 1601 822 δὲ
1635 771 1870 842 μὴκατὰ

298 858 477 926 λόγον,
525 858 612 912 οῐα
655 860 698 911 δ’
725 858 791 913 ἂν
825 857 884 934 ᾖ,
925 860 1203 931 ἀδόκιμος,
1245 860 1339 914 τοῦ
1389 863 1591 932 Κυρίου
1631 863 1872 928 εἰπόντος

299 949 403 1012 ὃτι,
446 949 500 1000 Ὀ
540 949 787 1018 ἀγαπῶν
833 949 1055 1019 πατέρα
1089 951 1128 1020 ἣ
1149 951 1375 1022 μητέρα
1408 952 1559 1020 ὑπὲρ
1611 952 1715 1022 ἐμὲ
1760 957 1871 1008 οὐκ

298 1037 432 1091 ἔστι
457 1056 575 1109 μου
599 1038 788 1106 ἄξιος.

817 1243 1150 1298 ΕΡΩΤΗΣΙΣ
1182 1246 1352 1300 ΡΠΔ’.

302 1330 436 1405 Πῶς
456 1332 713 1405 δύναταί.
741 1333 852 1403 (48)
882 1352 992 1401 τις,
1031 1336 1126 1388 καί
1152 1337 1249 1390 ὅτε
1273 1339 1621 1405 παρακαλεῖ,
1652 1339 1750 1394 καὶ
1776 1333 1883 1394 ὅτε

372 1401 605 1480 diemet
616 1444 638 1480 ,_
645 1403 730 1480 μὴ
745 1401 1329 1480 ’μόνρνσπρυιδάζειν
1345 1401 1757 1480 ἐπιστημόνως
1776 1415 1876 1465 λα-

373 1473 582 1548 λῆσαι,
607 1473 770 1548 ἀλλὰ
793 1474 892 1527 καὶ
908 1473 1020 1548 τὴν
1044 1474 1315 1548 διάθεσιν
1340 1478 1455 1548 τὴν
1479 1473 1876 1548 ὀφειλομένην

375 1541 610 1667 afﬁgit;
627 1545 776 1624 πρός
815 1561 878 1598 τε
917 1543 1023 1597 τὸν
1075 1545 1222 1600 Θεὸν
1264 1547 1364 1600 καὶ
1392 1541 1540 1618 πρὸξ·
1581 1541 1870 1615 ἐκεῖνουξ,

370 1630 402 1666 ο
429 1635 460 1680 ς
611 1632 682 1667 ει.

895 1727 1283 1781 ΑΠΟΚΡΙΣΙΣ.

1972 594 2244 650 dissensio
2289 602 2394 658 est,
2450 596 2486 649 ii
2529 604 2657 650 sunt
2692 597 2760 650 ab
2800 599 2865 653 iis
2896 615 3016 669 qua:
3068 600 3230 655 modo
3272 600 3532 667 diximus,

1973 683 2158 738 alieni.
2194 683 2422 739 Dilectio
2463 687 2631 750 enim,
2666 702 2787 756 quae
2815 689 3038 758 quidem
3068 691 3269 746 rationi
3299 707 3535 747 consen-

1972 782 2130 830 tanea
2167 776 2259 833 sit.
2293 785 2475 830 servat
2503 779 2648 847 quod
2671 778 2878 832 dictum
2914 788 2999 834 est
3033 799 3046 834 :
3077 780 3181 846 Qui
3211 790 3384 835 autem
3416 780 3537 835 dili-

1971 868 2070 937 git,
2093 866 2369 938 diligenter
2401 870 2626 940 castigat
2647 871 2692 903 ⁸⁷
2719 889 2732 924 :
2762 887 2883 942 quae
2909 886 3036 926 vero
3073 874 3250 928 aliena
3277 881 3361 929 est
3390 889 3421 928 a
3446 888 3534 927 ra-

1975 961 2144 1024 tione,
2191 963 2593 1032 qualiscunque
2642 963 2862 1019 tandem
2917 963 3102 1029 fuerit,
3150 966 3384 1035 reproba
3426 973 3531 1028 est,

1975 1052 2206 1106 Domino
2236 1053 2357 1122 ipso
2388 1053 2601 1108 dicente
2633 1072 2645 1107 :
2675 1053 2778 1118 Qui
2807 1062 2950 1107 amat
2975 1062 3176 1122 patrem
3204 1063 3295 1108 aut
3315 1065 3534 1108 matrem

1970 1146 2089 1214 plus
2121 1161 2278 1214 quam
2309 1162 2409 1209 me,
2438 1163 2543 1200 non
2569 1155 2647 1200 est
2672 1162 2752 1200 me
2779 1145 2964 1216 dignus
2982 1146 3027 1178 ⁸⁸

2315 1258 2830 1314 ιΝΤΕιιιιοϐΑΤιο
2868 1258 3196 1314 CLXXXIV.

1975 1348 2248 1416 Quomodo
2295 1351 2459 1418 possit
2511 1353 2667 1420 quis,
2739 1359 2786 1404 el
2837 1349 3044 1419 quando
3097 1350 3442 1412 exhortatur,
3488 1357 3543 1403 et

2043 1419 2254 1489 quando
2291 1419 2531 1490 corripit,
2567 1438 2670 1474 non
2707 1420 2861 1474 modo
2894 1421 2946 1474 id
2985 1437 3191 1484 curare,
3223 1431 3278 1473 ut
3311 1422 3436 1474 scite
3461 1420 3538 1474 lo-

2043 1498 2255 1558 quatur,
2291 1490 2382 1544 sed
2428 1499 2485 1543 ut
2514 1492 2680 1544 animi
2716 1491 2879 1544 etiam
2905 1491 3233 1559 affectionem
3259 1502 3368 1543 tum
3406 1490 3534 1555 Deo,

2046 1569 2155 1613 tum
2187 1560 2253 1614 iis
2282 1576 2410 1629 quos
2439 1562 2748 1632 alloquitur,
2780 1560 3008 1614 debitam
3035 1570 3318 1614 conservet.

2560 1735 2964 1791 RESPONSIO.

389 1819 514 1874 Ἐὰν
567 1817 912 1889 μνημονεύσῃ
961 1835 1043 1881 τις
1087 1817 1181 1870 τοῦ
1215 1818 1536 1871 ’Δποστόλου
1591 1820 1871 1885 εἰπόντος·

2051 1825 2111 1879 Si
2155 1824 2278 1896 quis
2326 1825 2639 1882 meminerit
2686 1826 2950 1896 Apostoli,
2999 1826 3093 1896 qui
3132 1825 3294 1889 dixit,
3329 1823 3420 1880 Sic
3445 1840 3538 1878 nos

305 1914 506 1979 Οὕτως
549 1911 705 1983 ἡμᾶς
753 1911 1073 1982 λογιζέσθω
1111 1910 1418 1980 ἅνθρωπος
1453 1913 1532 1978 ὡς
1577 1914 1877 1982 ὑπηρέτας

302 2006 584 2073 Χριστοῦ,
626 2006 726 2060 καὶ
772 2007 1122 2073 οἰκονόμους
1162 2005 1512 2074 μυστηρίων
1556 2006 1737 2071 Θεοῦ,
1780 2007 1878 2076 οὐχ

305 2098 382 2161 ὡς
412 2098 544 2150 ίδίαν
575 2097 696 2150 τινὰ
719 2097 1028 2168 ἐπιστήμην
1059 2094 1118 2160 ἐξ
1147 2095 1429 2160 αὑθεντίας
1459 2098 1737 2169 οίκονομῇ,
1765 2098 1876 2151 ἀλλ’

307 2190 386 2254 ὡς
411 2189 543 2243 Θεοῦ
575 2190 876 2261 ὑπηρεσίαν
920 2191 978 2242 ὲν
1002 2187 1287 2258 ἐπιμελείᾳ
1305 2189 1487 2258 ψυχῶν
1517 2189 1708 2260 αἵματι
1741 2191 1875 2260 Χρι-

304 2279 434 2332 στοῦ
469 2278 919 2350 ἐξηγορασμένων
942 2281 1142 2353 πληροῖ
1163 2283 1274 2354 (49)
1301 2282 1438 2353 μετὰ
1457 2282 1622 2350 φόϐου
1647 2284 1740 2336 καὶ
1756 2283 1878 2354 τρό-

307 2390 407 2441 μου
437 2373 528 2425 τοῦ
559 2374 694 2444 πρὸς
720 2373 872 2438 Θεὸν,
906 2373 1046 2427 κατὰ
1073 2375 1160 2429 τὸν
1186 2376 1408 2428 είπόντα
1425 2391 1437 2405 ·
1476 2375 1636 2428 Οὕτω
1658 2375 1878 2430 λαλοῦ-

297 2481 432 2532 μεν,
467 2467 579 2532 οὐχ
629 2465 710 2530 ὡς
753 2463 1084 2532 ἀνθρώποις
1126 2465 1512 2534 ἀρέσκοντες,
1553 2467 1710 2520 ἀλλὰ
1758 2466 1878 2532 Θεῷ

303 2554 384 2620 τῷ
424 2555 790 2624 δοκιμάζοντι
837 2555 943 2621 τὰς
964 2557 1209 2626 καρδίας
1237 2557 1406 2627 ἡμῶν
1430 2575 1442 2588 ·
1475 2558 1569 2612 καὶ
1605 2557 1739 2628 μετὰ
1765 2557 1878 2610 δια-

305 2646 505 2709 θέσεως
544 2647 636 2698 καὶ
659 2647 1059 2718 εὐσπλαγχνίας
1084 2648 1195 2715 (50)
1222 2649 1320 2718 τῆς
1337 2649 1464 2720 περὶ
1503 2649 1627 2711 τοὺς
1656 2648 1878 2702 ἀκούον-

311 2753 432 2798 τας,
473 2736 641 2790 ποιῶν
677 2737 736 2790 τὸ
766 2738 1084 2811 εἰρημένον·
1129 2739 1221 2804 Ὠς
1272 2739 1380 2792 ἐὰν
1429 2739 1648 2808 τροφὸς
1675 2740 1874 2808 θάλπῃ

303 2829 377 2882 τὰ
427 2828 648 2897 ἑαυτῆς
677 2829 875 2895 τέκνα,
915 2831 1103 2896 οὕτως
1155 2831 1503 2900 ίμειρόμενοι
1539 2828 1726 2900 ὑμῶν,
1782 2834 1878 2885 εὑ-

302 2919 600 2989 δοκοῦμεν
668 2920 1030 2990 μεταδοῦναι
1074 2921 1217 2991 ὑμῖν
1255 2923 1325 2975 οὐ
1349 2923 1541 2991 μόνον
1587 2925 1654 2975 τὸ
1689 2924 1878 2992 Εὐαγ-

303 3012 506 3083 γέλιον
532 3013 634 3067 τοῦ
670 3014 840 3080 Θεοῦ,
863 3013 1025 3068 ἀλλὰ
1051 3012 1276 3078 καὶτὰς
1307 3014 1536 3067 ἑαυτῶν
1556 3014 1786 3083 ψυχάς.

797 3124 1129 3177 ΕΡΩΤΗΣΙΣ
1174 3125 1343 3176 ΡΠΕ¹.

316 3217 453 3294 Ἐάν
477 3234 566 3284 τις
592 3217 662 3294 ἐν
681 3215 940 3294 διαλέξει
965 3213 1526 3294 συν-διατιθεμένους
1550 3214 1673 3294 τοῖς
1703 3218 1876 3284 λεγο-
1904 3178 1946 3232 C

371 3287 575 3354 μένοις
608 3286 762 3354 ὀρῶν
804 3286 945 3350 τοὺς
980 3286 1313 3350 ἀκούοντας
1347 3285 1550 3354 χαίρῃ.
1583 3285 1709 3350 πῶς
1731 3304 1878 3354 γνω-

365 3357 775 3480 ρίσῗιὶὲιῖυτὸν,
798 3359 851 3409 εί
879 3355 1138 3408 διαθέσει
1171 3353 1364 3423 ἀγαθῇ
1392 3355 1600 3422 χαίρει,
1637 3355 1675 3423 ἢ
1709 3353 1882 3409 πάθει

376 3444 468 3480 τιν
600 3447 664 3494 ῳ.

673 3613 675 3618 η
888 3545 1282 3598 ΑΠΟΚΡΙΣΙΣ.

389 3636 514 3689 Ἐὰν
563 3639 619 3690 ὲν
669 3641 779 3700 τοῖς
833 3640 1075 3702 ἐπαίνοις
1123 3640 1303 3710 μόνοις
1347 3641 1444 3711 τὴν
1480 3642 1647 3712 χαρὰ-ι
1686 3642 1880 3714 στήσῃ,

303 3726 463 3796 ὂῆλός
484 3731 630 3781 ἐστιν
655 3729 768 3798 ίδίῳ
799 3731 959 3782 πάθει
986 3730 1304 3802 κινούμενος
1331 3749 1342 3762 ·
1374 3733 1467 3785 ἐὰν
1484 3733 1562 3794 δὲ,
1597 3733 1706 3786 τῶν
1728 3735 1882 3787 ὲπαι-

306 3819 540 3872 νούντων
572 3821 825 3890 παραυτᾶ
868 3824 966 3892 μὲν
995 3823 1054 3875 τὸ
1082 3825 1210 3894 περὶ
1237 3824 1333 3894 τὴν
1365 3825 1627 3896 ἀκρόασιν
1665 3825 1881 3878 συνετὸν

307 3912 660 3981 καταμαθὼν,
704 3914 893 3967 ἐλπίδα
941 3917 1038 3984 τῆς
1085 3918 1393 3980 εὐπειθείας
1433 3921 1760 3990 ὑποσπεῖῳν
1795 3922 1881 3973 εὑ-

308 4004 517 4075 φρανθῇ
545 4005 674 4076 (51),
714 4006 938 4078 ὕστερον
959 4008 1014 4060 δὲ
1043 4009 1142 4079 τὴν
1182 4010 1447 4078 ὠφέλειαν
1495 4011 1880 4082 πολυπραγμο-

306 4097 496 4165 νήσας,
530 4099 622 4149 καὶ
649 4098 681 4168 ἢ
710 4098 776 4150 τὰ
802 4098 1067 4152 ἀκόλουθα
1086 4101 1196 4161 τοῖς
1213 4100 1455 4162 ἐπαίνοις
1481 4100 1878 4171 κατορθώματα

308 4189 366 4240 ἐν
411 4190 592 4252 αὐτοῖς
645 4189 816 4260 εὑρὼν
862 4193 1026 4261 χαρῇ,
1061 4192 1094 4261 ἢ
1126 4191 1288 4262 μηδὲν
1335 4190 1710 4260 ὠφεληθέντας
1753 4193 1880 4255 τοὺς

307 4276 700 4340 ὲπαινέσαντας
726 4277 923 4331 ἐπιδὼν
964 4279 1175 4350 λυπηθῇ
1215 4279 1348 4350 (5‘2),
1383 4281 1776 4349 εὐχαριστείτω
1805 4281 1879 4351 τῷ

306 4363 447 4433 Θεῷ,
472 4366 553 4417 ὅτι
574 4367 649 4428 ὡς
670 4367 913 4434 φιλόθεος
935 4369 1027 4420 καὶ
1051 4368 1368 4436 φιλάδελφος
1396 4367 1705 4438 κατηξιώθη
1731 4386 1876 4439 κινη-

309 4454 486 4522 θῆναι,
548 4455 621 4526 μὴ
673 4455 851 4526 ζητῶν
903 4456 998 4527 τὴν
1045 4457 1200 4521 δόξαν
1230 4458 1328 4526 τὴν
1362 4458 1577 4519 ἑαυτοῦ,
1604 4458 1739 4511 ἀλλὰ
1782 4461 1878 4530 τὴν

306 4545 462 4611 δόξαν
485 4548 578 4600 τοῦ
601 4549 756 4613 Θεοῦ,
789 4551 883 4601 καὶ
909 4551 1006 4620 τὴν
1033 4551 1319 4619 οἰκοδομὴν
1344 4549 1452 4603 τῶν
1483 4550 1744 4619 ἀδελφῶν.

802 4643 1134 4694 ΕΡΩΤΗΣΙΣ
1189 4644 1375 4708 PHCT'.

319 4732 556 4805 Ἐπειδὴ
575 4733 972 4805 διδασκόμεθα
994 4736 1274 4799 τοιαύτην
1288 4734 1526 4805 ἀγάπην
1541 4736 1882 4805 ἔχειν’,ὥστε

377 4804 472 4878 καὶ
497 4805 605 4878 τὴν
620 4807 725 4878 -ψυ
731 4804 850 4872 χὴν
882 4804 1064 4878 θεῖναι
1087 4806 1209 4878 (55)-
1222 4806 1373 4878 ὑπὲρ
1411 4804 1528 4858 τῶν
1544 4804 1756 4878 φίλων,
1771 4827 1879 4878 μα-

376 4876 500 4927 θεῖν
525 4875 774 4946 δεόμεθα
794 4875 944 4940 ὑπὲρ
976 4873 1258 4927 ποταπῶν
1283 4877 1476 4944 φίλων
1501 4873 1670 4930 τοῦτο
1701 4873 1877 4946 αἱρεῖ-

375 4948 514 4996 σθαι
546 4945 652 4996 δεῖ.

893 5038 1280 5091 ΑΠΟΚΡΙΣῘΣ.

376 5125 418 5177 Τ
422 5127 486 5198 ὴν
518 5129 615 5198 μὲν
640 5131 899 5196 διάθεσιν,
929 5132 960 5202 ἢ
995 5131 1083 5186 τὸν
1109 5130 1310 5200 τρόπον
1339 5129 1527 5183 τούτου
1563 5131 1655 5184 τοῦ
1687 5148 1880 5204 κατορ-

1978 1916 2237 1970 existimet
2273 1915 2426 1970 homo
2449 1925 2507 1970 ut
2535 1918 2805 1971 ministros
2829 1915 3047 1978 Christi,
3075 1924 3124 1970 et
3156 1914 3539 1981 dispensatores

1979 2008 2347 2076 mysteriorum
2383 2007 2478 2062 Dei
2500 2007 2569 2072 ⁸⁸,
2615 2008 2661 2064 is
2690 2024 2800 2063 non
2844 2016 2904 2063 ut
2937 2007 3212 2080 propriam
3248 2007 3542 2077 quamdam

1980 2097 2262 2152 scientiam
2292 2098 2578 2168 dispensat
2606 2114 2671 2153 ex
2715 2114 2813 2154 sua
2859 2098 3206 2160 auctoritate,
3247 2098 3339 2152 sed
3372 2096 3540 2151 veluti

1979 2186 2073 2242 Dei
2113 2188 2419 2244 ministerio
2449 2189 2506 2242 in
2553 2188 2814 2244 curandis
2862 2188 3150 2242 animabus
3189 2202 3310 2258 quae
3338 2185 3542 2242 Christi

1979 2280 2244 2351 sanguine
2275 2279 2569 2350 redempta:
2610 2289 2758 2345 sunt,
2791 2277 3054 2350 fungitur,
3096 2293 3219 2333 cum
3253 2277 3448 2332 timore
3470 2290 3536 2330 ac

1978 2378 2221 2426 tremore
2246 2387 2371 2442 erga
2398 2370 2589 2434 Deum,
2625 2372 2691 2424 ad
2715 2371 3023 2440 exemplum
3053 2369 3223 2433 illius,
3251 2368 3344 2439 qui
3370 2368 3539 2423 dixit:

1979 2461 2070 2516 Ita
2116 2462 2395 2533 loquimur,
2447 2481 2548 2518 non
2588 2465 2742 2533 quasi
2788 2461 3083 2518 hominibus
3118 2463 3399 2531 placentes,
3452 2459 3544 2515 sed

1978 2553 2109 2617 Deo,
2134 2555 2222 2624 qui
2261 2553 2448 2623 probat
2479 2554 2640 2608 corda
2685 2562 2868 2607 nostra
2887 2552 2955 2615 9°,
2989 2559 3191 2607 etcum
3235 2551 3432 2608 affectu
3462 2557 3546 2604 at—
3620 2560 3626 2566 '

1977 2657 2083 2710 que
2116 2643 2491 2698 misericordia
2518 2659 2648 2714 erga
2689 2643 2992 2706 audientes,
3025 2642 3230 2698 faciens
3273 2643 3416 2711 quod
3462 2643 3546 2696 di-

1978 2743 2127 2788 ctum
2155 2740 2240 2789 est
2267 2757 2278 2788 :
2307 2733 2583 2805 Tanquam
2619 2736 2665 2789 si
2695 2736 2875 2788 nutrias
2906 2734 3074 2802 foueat
3101 2734 3241 2804 ﬁlios
3276 2751 3401 2788 suos
3425 2750 3442 2788 :
3465 2735 3546 2788 ita

1977 2825 2333 2881 desiderantes
2357 2843 2445 2880 vos
2478 2827 2680 2896 cupide,
2705 2828 3002 2882 volebamus
3031 2827 3238 2881 tradere
3272 2826 3414 2880 vobis
3441 2841 3548 2880 non

1979 2919 2148 2975 solum
2169 2919 2514 2991 Evangelium
2546 2921 2664 2986 Dei,
2698 2920 2786 2975 sed
2819 2923 2978 2976 etiam
3009 2921 3216 2974 animas
3248 2927 3458 2974 nostras
3474 2919 3543 2974 ".

2326 3122 2846 3179 INTERROGATIO
2895 3121 3203 3178 CLXXXV.

1984 3211 2044 3268 Si
2067 3214 2182 3283 quis
2223 3215 2277 3267 in
2315 3216 2513 3285 aliquo,
2563 3233 2711 3285 quem
2739 3215 2944 3278 habeat,
2989 3228 3244 3274 sermone,
3281 3209 3547 3285 auditores

2053 3281 2224 3338 uideat
2259 3281 2482 3356 aﬂici'ex
2515 3281 2584 3339 iis
2606 3303 2724 3356 qua:
2750 3286 2900 3349 dicit,
2929 3294 3298 3356 proptereaque
3321 3281 3546 3356 laetetur,

2051 3350 2314 3424 quomodo
2356 3350 2629 3426 cognoscet
2679 3350 3134 3424 seipsum,'utrum
3172 3353 3363 3426 affectu
3391 3350 3546 3426 bona,

2052 3418 2118 3477 an
2145 3425 2333 3479 vitiosa
2367 3418 2598 3494 quadam
2629 3418 2900 3495 affectione
2915 3418 3026 3479 sibi
3048 3418 3262 3492 propria
3295 3418 3545 3492 gaudeat.

2565 3535 2832 3591 RESPON
2841 3535 2964 3589 SlO.

2055 3630 2113 3685 Si
2146 3631 2200 3686 in
2232 3630 2484 3685 laudibus
2529 3629 2661 3684 solis
2691 3629 2947 3698 gaudium
2991 3630 3294 3687 conlocarit,
3327 3636 3547 3692 planum

1981 3730 2065 3779 est
2088 3725 2236 3779 hunc
2264 3723 2461 3777 vitiosa
2490 3720 2777 3776 allectione
2804 3719 2908 3773 sibi
2940 3717 3157 3787 propria
3180 3711 3510 3771 commoveri
3528 3728 3568 3776 ;.

1983 3815 2077 3870 sed
2102 3816 2148 3871 si
2176 3816 2408 3877 laetetur,
2439 3812 2584 3883 quod
2614 3812 2801 3868 statim
2832 3810 3149 3864 laudatores
3182 3806 3259 3870 id,
3289 3804 3436 3875 quod
3457 3819 3549 3857 au-

1982 3909 2162 3973 diunt,
2193 3906 2498 3976 intelligere
2528 3902 2977 3958 animadverterit
3002 3900 3188 3972 478,
3221 3905 3450 3967 sataque
3475 3897 3548 3951 sit

1981 4015 2107 4070 spes
2145 3999 2469 4054 obedientiae
2498 4015 2510 4051 :
2542 4003 2730 4067 postea
2777 4010 2908 4049 vero
2949 3993 3017 4047 de
3061 3992 3299 4046 utilitate
3341 3988 3549 4045 sollici-

1982 4093 2107 4154 tior,
2135 4092 2180 4146 si
2209 4099 2304 4144 aut
2331 4097 2482 4144 recte
2519 4088 2658 4142 facta
2688 4087 2777 4141 his
2807 4086 3061 4140 laudibus
3091 4089 3459 4137 consentanea
3491 4079 3546 4132 in

1980 4185 2114 4254 ipsis
2143 4183 2487 4252 comperiens
2517 4180 2782 4236 adiciatur
2803 4178 3013 4241 laetitia,
3045 4182 3138 4231 aut
3166 4175 3212 4230 si
3235 4172 3550 4228 laudatores

1981 4278 2117 4332 nihil
2164 4276 2464 4347 profecisse
2497 4275 2709 4338 videns,
2754 4272 2956 4333 doleat,
3005 4277 3137 4340 agat
3171 4266 3376 4338 gratias
3412 4263 3546 4327 Deo,

1980 4367 2151 4439 quod,
2183 4369 2330 4422 velut
2368 4367 2462 4422 Dei
2483 4373 2538 4421 et
2567 4365 2797 4419 fratrum
2844 4378 3054 4425 amans,
3099 4360 3295 4430 dignus
3326 4356 3548 4411 habitus

1983 4460 2055 4514 sit
2079 4463 2170 4529 qui
2194 4464 2655 4520 commoveretur,
2682 4470 2792 4510 non
2810 4454 3096 4524 inquirens
3120 4450 3349 4521 gloriam
3368 4461 3543 4512 suam,

1984 4551 2080 4606 sed
2108 4551 2336 4621 gloriam
2371 4549 2485 4612 Dei,
2517 4558 2572 4602 et
2603 4547 2831 4601 fratrum
2860 4543 3299 4600 aediﬁcationem.

2329 4641 2842 4698 INTERROGATIO
2875 4636 3202 4694 CLXXXVI.

1985 4735 2423 4804 Quandoquidem
2469 4735 2625 4787 talem
2667 4728 3218 4804 dilectionemltabere
3250 4723 3543 4804 edocemu‘r,

2052 4817 2108 4858 ut
2171 4795 2404 4858 animam
2473 4807 2634 4858 etiam
2711 4819 2804 4871 pro
2864 4802 3049 4854 amicis
3113 4812 3410 4871 ponamus,

2052 4893 2191 4930 scere
2241 4876 2593 4943 postulamus,
2647 4865 2741 4942 pro
2799 4871 3041 4938 qualibus
3090 4865 3272 4922 amicis
3320 4865 3372 4917 id
3421 4865 3544 4917 velle

2050 4957 2305 5000 ουοντεαι.
2534 4960 2545 4967 ’
2905 4970 2922 4983 ⁸

2561 5031 2961 5089 RESPONSIO.

2050 5128 2287 5184 Credere
2318 5144 2417 5200 par
2440 5137 2524 5186 est
2563 5129 2729 5183 animi
2777 5127 2995 5200 quidem
3040 5121 3403 5186 affectionem,
3450 5124 3544 5174 aut

378 5269 559 5327 "Act.
588 5291 659 5336 IV,
707 5275 795 5329 52.
871 5275 914 5307 ⁸⁷
934 5274 1094 5329 Prov.
1130 5289 1249 5339 χιιι,
1276 5274 1366 5327 24.
1444 5273 1488 5305 "
1512 5273 1701 5329 Matth.
1743 5293 1796 5338 ιι,
1827 5275 1878 5329 5'.

1995 5275 2079 5327 ⁸³1
2109 5272 2237 5328 Cor.
2275 5290 2362 5338 ιν,
2397 5274 2447 5328 1.
2523 5273 2613 5326 θοι
2642 5272 2837 5327 Thess.
2869 5286 2929 5337 ιι,
2963 5269 3017 5323 4.
3093 5267 3137 5299 ⁹¹
3161 5265 3298 5322 lbid.
3331 5265 3384 5329 7,
3418 5264 3471 5320 8.

382 5384 491 5454 (48)
523 5386 666 5461 Ἐξιιὶιὶ
700 5397 752 5443 et
775 5389 882 5444 duo
921 5405 1053 5461 mss.
1091 5388 1206 5452 πῶς
1232 5389 1453 5461 δυνηθῇ.
1488 5388 1556 5442 At
1597 5405 1730 5443 mss.
1763 5389 1872 5443 duo

307 5465 502 5526 praeter
536 5455 695 5512 Voss.
729 5461 845 5522 πῶς
876 5460 1117 5515 δύναται.

514 5526 708 5600 _Codex
740 5530 892 5584 Colb.
926 5529 1375 5600 ἑξηγορασμένων
1401 5529 1638 5600 πληρῶν.

381 5597 492 5668 (50)
514 5596 645 5667 Reg.
672 5602 882 5668 primus
899 5596 1053 5669 ἡμῶν
1077 5596 1396 5664 ’διαθέσεως
1414 5600 1468 5652 δὲ
1486 5596 1577 5652 κά).
1602 5599 1867 5666 εὐσπλαγ.

305 5668 488 5722 Codex
519 5669 672 5722 Colb.
711 5668 1031 5740 ὴμῶν-καὶ
1067 5669 1356 5732 διαθέσεως
1379 5670 1434 5722 δὲ
1475 5669 1587 5732 καί,
1620 5678 1726 5724 etc.
1761 5671 1868 5738 lbie

306 5740 429 5809 dem
464 5746 690 5809 uterque
715 5739 852 5795 liber
877 5739 1169 5803 ἀκούοντας
1199 5740 1403 5808 πλῆρες
1431 5740 1618 5793 ποιῶν.

379 5808 489 5880 (51)
519 5808 700 5866 (Zodex
734 5809 953 5882 quidam
999 5809 1241 5866 Combel‘.
1294 5810 1656 5882 ὑποσπείρων,
1705 5808 1862 5864 male.

1980 5386 2097 5441 Non
2119 5387 2262 5442 enim
2281 5387 2574 5440 obscurum
2600 5394 2682 5441 est
2705 5382 2857 5444 illud,
2880 5381 3230 5450 ὑποσπεῖρον,
3257 5379 3324 5432 ad
3357 5392 3546 5432 vocem

1979 5458 2195 5510 συνετόν
2225 5456 2434 5510 referri.

2049 5527 2162 5596 (52)
2193 5525 2415 5581 Veteres
2437 5525 2545 5596 duo
2576 5524 2699 5578 libri
2727 5538 2850 5577 cum
2877 5519 3277 5596 Voss.__am6(bv
3305 5517 3540 5596 λυπηθῇ.

1976 5588 2272 5670 Aliquanto
2309 5603 2429 5670 post
2475 5594 2599 5670 duo
2626 5609 2756 5670 mss.
2790 5599 2986 5662 praeter
3025 5588 3184 5670 λζοεεἶ
3222 5588 3546 5670 -κατηξιιβῢθη

1976 5659 2323 5737 λυπηθῆναι,’
2347 5667 2536 5737 dignus
2581 5659 2809 5718 habitus
2838 5672 2935 5729 est,
2979 5662 3068 5732 qui
3115 5660 3330 5714 tristitia
3365 5659 3548 5731 afﬁce-

1975 5748 2144 5792 τεῑιιν.

2046 5807 2158 5880 (55)
2192 5806 2299 5863 Pro
2326 5806 2497 5862 θεῖναι
2527 5806 2632 5865 duo
2660 5821 2791 5867 mss.
2819 5804 2980 5861 habet
3004 5802 3225 5858 τιθέναι.
