4064 6238
470 321 607 378 1209

979 444 1311 501 ΕΡΩΤΗΣΙΣ
1345 451 1515 505 ΡΠΘ’.

482 533 614 619 Ἐἀτ
643 531 709 609 δε
736 532 832 619 καὶ
861 536 1246 619 παρακαλῶσι
1274 540 1551 619 agema;
1570 545 1897 619 ἀπαγαγεῖν
1919 548 2030 619 (60)

573 602 728 669 ἡμᾶς
758 605 844 667 εις
882 606 952 655 τὰ
976 604 1116 668 ἰδία,
1147 610 1197 659 εἰ
1230 608 1346 677 χρὴ
1374 602 1573 664 αὐτῶν
1592 602 1931 683 ἀνέξεσθαιξ

1058 720 1440 780 ΔΠΟΚΡΙΣΙΣ.

538 808 598 860 Εἰ
648 808 747 877 μὲν
793 809 879 861 διὰ
921 811 1205 881 οἰκοδομὴν
1253 814 1352 884 τῆς
1382 815 1637 881 πίστεως,
1674 820 1701 871 ὁ
1740 818 2031 890 δυνάμενος

464 900 637 962 οὕτως
676 899 930 953 ἀπελθεῖν
977 904 1115 972 μετὰ
1159 906 1482 975 δοκιμασίας
1533 910 1864 979 πεμπέσθω’
1895 913 2030 963 εἰδὲ

463 991 550 1043 διὰ
585 991 823 1060 καθῆκον
874 994 1233 1065 ἀνθρώπινον,
1270 998 1511 1052 ἀκουέτω
1551 1001 1643 1053 τοῦ
1694 1003 1895 1071 Κυρίου
1946 1002 2029 1055 λέ-

464 1100 648 1149 γοντος
674 1085 808 1154 πρὸς
841 1085 931 1137 τὸν
951 1088 1173 1142 εἰπόντα
1190 1107 1201 1119 ·
1234 1091 1581 1159 Ἐπίτρεψόν
1598 1112 1697 1161 μοι
1729 1095 2025 1157 ἀπελθεῖν,

464 1175 560 1227 καί
615 1175 1021 1239 ἀποτάξασθαι
1073 1180 1195 1243 τοῖς
1228 1180 1336 1252 (61)
1387 1186 1473 1248 εἰς
1506 1182 1610 1235 τὸν
1663 1179 1829 1237 οἶκόν
1873 1203 2023 1253 μουο

466 1267 673 1333 Οὐδεὶς
719 1271 1017 1324 ἐπιϐαλὼν
1046 1272 1159 1339 τὴν
1194 1274 1361 1343 χεζοα
1406 1277 1592 1329 αὐτοῦ
1628 1277 1719 1329 ἐπ’
1756 1278 2023 1346 ἄροτρον,

461 1360 558 1412 καὶ
584 1360 834 1423 ,ϐλέπων
863 1365 950 1429 εἰς
988 1363 1057 1417 τὰ
1085 1364 1195 1435 (62)
1227 1368 1436 1430 ὀπίσω,
1473 1369 1711 1435 εὔθετός
1738 1371 1906 1423 ἐστιν
1940 1373 2026 1436 εἰς

460 1448 574 1515 τὴν
596 1451 922 1512 βασιλείαν
966 1454 1071 1506 τοῦ
1114 1455 1280 1508 Θεοῦ.
1324 1456 1385 1509 Εἰ
1431 1458 1487 1510 δὲ
1525 1461 1653 1529 περὶ
1698 1459 1789 1512 τοῦ
1825 1461 2026 1514 ἀποτάο

460 1538 653 1603 ξασθαι
684 1539 829 1605 ἅπαξ
863 1542 1184 1611 θελήσαντος
1215 1545 1454 1599 τοιοῦτον
1485 1548 1544 1599 τὸ
1590 1551 1783 1618 κρῖμα,
1829 1550 1881 1602 τί
1920 1550 2023 1622 χρὴ

461 1630 637 1697 λέγειν
664 1635 792 1702 περὶ
816 1634 1002 1687 τούτου
1027 1652 1041 1700 ;

1003 1748 1334 1802 ΕΡοΤΗΣιΣ
1366 1748 1481 1816 Pw.

458 1838 528 1889 ει
546 1836 635 1889 δεῖ
656 1837 849 1889 ἐλεεῖν
886 1838 1026 1902 τοὺς
1060 1840 1209 1892 κατὰ
1251 1840 1448 1905 σάρκα
1498 1841 1786 1904 οἰκείους,
1815 1841 2017 1895 ἐπιθυ-

676 1908 946 1975 μοῦντας
974 1908 1088 1975 τὴν
1116 1913 1415 1976 σωτηρίαν
1442 1908 1640 1963 αὐτῶν
1663 1912 1794 1981 (οδ).

1041 2023 1433 2077 ΑΠΟΚΡΙΣΙΣ.

536 2111 596 2163 '0
620 2111 1014 2180 γεγεννημένος
1037 2113 1101 2165 ὲκ
1138 2111 1231 2164 τοῦ
1266 2112 1582 2182 Πνεύματος
1621 2111 1761 2165 κατὰ
1801 2113 1899 2181 τὴν
1927 2112 2019 2165 τοῦ

454 2200 659 2271 Κυρίου
685 2202 889 2271 φωνὴν,
934 2202 1029 2254 καὶ
1055 2201 1302 2268 ἐξουσίαν
1341 2201 1519 2254 λαϐὼν
1546 2201 1794 2271 γενέσθαι
1834 2203 2020 2255 τέκνον

452 2292 610 2356 Θεοῦ,
635 2293 952 2360 συγγένειαν
986 2294 1085 2363 μὲν
1114 2293 1211 2364 τὴν
1240 2293 1379 2346 κατὰ
1412 2293 1587 2364 σάρκα
1614 2294 2015 2363 ἐπαισχύνεται,

451 2386 683 2450 οἰκείους
715 2387 770 2439 δὲ
802 2388 1056 2458 γνωρίζει
1084 2390 1210 2451 τοὺς
1238 2389 1470 2452 οἰκείους
1497 2389 1596 2458 τῆς
1638 2390 1871 2451 πίστεως
1914 2390 2019 2441 ὑπὸ

449 2477 543 2530 τοῦ
575 2479 776 2551 Κυρίου
810 2479 1307 2549 μαρτυρουμένους,
1344 2480 1588 2542 εἰπόντος
1612 2497 1624 2509 ·
1660 2477 1865 2546 Μήτηρ
1898 2497 2017 2546 μου

451 2569 549 2622 καὶ
583 2570 832 2638 ἀδελφοί
860 2588 977 2639 μου
1005 2566 1172 2625 οὗτοι
1216 2575 1393 2635 εἰσιν,
1433 2573 1487 2623 οἱ
1540 2571 1646 2623 τὸν
1688 2574 1873 2639 λόγον
1914 2571 2017 2624 τοῦ

452 2661 597 2714 Θεοῦ
621 2663 961 2725 ἀκούοντες,
998 2662 1092 2713 καὶ
1123 2662 1454 2727 ποιοῦντες.
1474 2664 1581 2714 Καὶ
1615 2662 1832 2715 ὲλεείτω
1865 2658 2019 2727 οὗτος

450 2751 657 2813 πάντας
695 2750 793 2819 μὲν
838 2752 961 2813 τοὺς
1021 2752 1463 2821 μακρυνομένους
1496 2753 1604 2804 ἀπὸ
1654 2753 1746 2805 τοῦ
1781 2756 2013 2825 Κυρίου⁶

450 2845 543 2897 καὶ
570 2845 696 2906 τοὺς
726 2845 1004 2911 συγγενεῖς
1031 2844 1109 2905 δὲ,
1144 2845 1267 2905 τοὺς
1302 2844 1439 2896 κατὰ
1480 2844 1656 2915 σάρκα
1688 2844 1761 2907 ὡς
1788 2846 2011 2908 πάντας.

447 2934 511 2987 Εἰ
555 2934 612 2986 δέ
648 2952 729 2995 τις
758 2933 968 2995 τούτοις
1014 2933 1172 2985 πλέον
1213 2950 1265 2985 τι
1303 2934 1671 3003 προσπάσχων
1719 2936 2014 3005 συνήγορον

448 3026 589 3096 ἔχειν
626 3023 795 3078 οἴεται
833 3023 926 3077 τοῦ
978 3025 1107 3077 ἰδίου
1146 3024 1349 3087 πάθους
1394 3025 1485 3077 τὸν
1544 3024 1863 3077 Ἀπὸστολον
1902 3025 2012 3094 (64)

447 3118 670 3186 λέγοντα
689 3136 701 3147 ·
729 3122 784 3171 Η
790 3119 1021 3186 ὺχόμην
1047 3118 1157 3187 γὰρ
1197 3116 1378 3182 αὐτὸς
1424 3115 1536 3185 ἐγὼ
1565 3116 1827 3186 ἀνάθεμα
1864 3114 2014 3169 εἶναι
2042 3147 2085 3203 c

446 3211 565 3265 ἀπὸ
598 3209 704 3264 τοῦ
739 3210 995 3277 Χριστοῦ
1051 3210 1203 3276 ὑπὲρ
1246 3207 1364 3261 τῶν
1402 3207 1678 3276 ἀδελφῶν
1723 3228 1841 3278 μου
1898 3209 2016 3263 τῶν

446 3300 756 3372 συγγενῶν
778 3319 896 3370 μου
931 3300 1080 3354 κατὰ
1107 3299 1303 3367 σάρκα
1323 3317 1336 3330 ο
1369 3300 1683 3370 μανθανέτω
1717 3303 1743 3353 ὁ
1778 3301 2016 3365 τοιοῦτος

447 3398 509 3447 ὲκ
538 3394 645 3448 τῶν
690 3393 1137 3464 ἐπιφερομένων,
1173 3394 1254 3445 ὅτι
1302 3393 1361 3444 ού
1416 3394 1513 3461 τὴν
1550 3393 1865 3461 συγγένειαν
1918 3394 2016 3463 τὴν

449 3486 584 3539 κατὰ
606 3485 806 3557 σάρκα,
832 3484 965 3537 ἀλλὰ
991 3484 1080 3537 τὸν
1113 3482 1326 3554 Ἰσραὴλ
1349 3484 1443 3536 καὶ
1476 3483 1540 3536 τὰ
1576 3486 1654 3547 εἰς
1688 3484 1847 3538 αὑτὸν
1876 3484 2017 3549 ἐξαί-

448 3594 577 3646 ρετα
608 3577 701 3629 τοῦ
741 3576 874 3629 Θεοῦ
909 3578 945 3633 ό,
983 3575 1303 3637 ’Δπόστολος
1338 3576 1506 3644 τιμᾷ’
1564 3575 1669 3627 οὐδ’
1720 3575 2015 3646 ἐπειδήπερ

453 3671 733 3736 συγγενεῖς
764 3668 928 3721 αὑτοῦ
982 3670 1032 3720 οἰ
1096 3667 1447 3738 Ἰσραηλῖται,
1480 3666 1592 3720 ἀλλ’
1621 3668 1806 3739 ἐπειδὴ
1844 3670 2017 3739 Ἰσρα-

447 3759 623 3829 ηλῖται
656 3754 795 3828 ἦσαν
838 3758 887 3809 οἱ
930 3756 1073 3809 κατὰ
1115 3758 1294 3825 σάρκα
1339 3759 1638 3821 συγγενεῖς,
1690 3758 1783 3809 καὶ
1833 3756 2015 3833 ἐπειδὴ

445 3849 711 3903 τοσούτων
760 3847 855 3901 καί⁹
896 3845 1151 3900 τοιούτων
1178 3846 1290 3916 (65)
1328 3845 1477 3915 παρὰ
1507 3844 1642 3897 Θεοῦ
1673 3846 2015 3915 κατηξιώθη-

447 3958 565 3995 σαν.
610 3940 828 4009 Ἐπειδὴ
876 3940 1054 3992 αὐτῶν
1093 3939 1190 4008 μὲν
1221 3934 1288 4008 ἦν
1327 3940 1361 4009 ἡ
1393 3936 1632 3989 υἱοθεσία
1680 3938 1775 3991 καὶ
1806 3940 1837 4007 ὴ
1868 3936 2013 4003 δόξα,

445 4033 623 4089 αὐτῶν
653 4033 709 4085 δὲ
741 4035 773 4102 ἡ
810 4032 1097 4103 νομοθεσία
1127 4031 1222 4084 καὶ
1256 4032 1288 4101 ἠ
1319 4029 1540 4101 λατρεία
1562 4047 1575 4059 ο
1608 4030 1796 4100 ἐπειδὴ
1835 4030 2016 4093 αὐτοῖς

448 4126 545 4195 μὲν
577 4124 633 4176 αἰ
677 4120 971 4190 διαθῆκαι,
1005 4119 1099 4172 καὶ
1128 4120 1184 4171 αί
1239 4118 1598 4187 ἐπαγγελίαι,
1651 4118 1829 4171 αὐτῶν
1868 4118 1923 4170 δὲ
1968 4120 2015 4170 οἰ

443 4217 708 4288 πατέρες·
733 4214 921 4283 ἐπειδὴ
946 4214 1004 4279 ἐξ
1034 4212 1213 4265 αὐτῶν
1241 4213 1270 4264 ὁ
1290 4211 1524 4282 Χριστὸς
1550 4210 1609 4262 τὸ
1640 4210 1781 4263 κατὰ
1814 4209 2013 4280 σάρκα,

443 4307 698 4361 τοσούτου
724 4307 951 4375 τιμᾶται
987 4302 1167 4356 αὐτῶν
1193 4300 1290 4371 τὴν
1339 4301 1640 4370 σωτηρίαν·
1678 4300 1777 4352 οὐκ
1805 4301 1883 4361 εἰς
1918 4298 2016 4369 τὴν

446 4398 761 4466 συγγένειαν
786 4394 1131 4455 ἀποϐλέπων,
1150 4391 1262 4445 ἀλλ’
1290 4394 1369 4454 εἰς
1398 4393 1497 4461 τὴν
1521 4390 1611 4443 τοῦ
1644 4390 1846 4460 Κυρίου
1874 4389 2015 4460 ὑπὲρ

1542 334 1847 394 REGULIE
1891 339 2189 399 BREVIUS
2223 342 2638 401 TRACTATIE.

3560 361 3700 416 1210

2479 463 2992 523 INTERROGATIO
3022 468 3348 527 CLXX-XIX.

2138 548 2290 615 Quod
2325 553 2372 635 si
2400 555 2557 607 etiam
2599 556 2930 635 adhortando
2965 562 3122 614 velint
3156 580 3248 617 nos
3278 565 3347 617 ad
3376 571 3587 635 propria
3620 588 3694 626 re-

2304 622 2509 687 ducere,
2560 628 2792 695 nunquid
2831 630 2954 693 ipsis
2997 622 3403 688 auscultandum
3430 622 3501 691 sit

2723 736 3105 797 RESPONSIO

2212 820 2269 875 Si
2340 824 2392 878 id
2473 825 2565 881 ﬁat
2609 840 2828 899 propter
2864 833 2987 888 ﬁdei
3018 837 3451 904 aediﬁcationem,
3486 844 3578 911 qui
3618 845 3699 897 sic

2132 919 2316 978 potest
2351 914 2521 979 abire,
2548 918 2594 971 is
2622 922 2903 988 praemisso
2933 928 3132 992 praevio
3174 931 3423 984 examine
3450 933 3696 986 dimitta-

2130 1005 2259 1065 tur;
2292 1001 2379 1055 sin
2422 1014 2603 1059 autem
2636 1018 2857 1078 propter
2894 1014 3131 1067 ol'licium
3168 1016 3484 1084 humanum,
3512 1024 3697 1075 audiat

2130 1086 2422 1144 Dominum
2458 1098 2878 1165 respondentem
2914 1102 2963 1155 ei
3001 1103 3092 1169 qui
3133 1104 3343 1159 dixerat
3390 1124 3401 1157 :
3444 1108 3698 1163 Permitte

2129 1181 2256 1233 mihi
2296 1185 2443 1249 prius
2494 1178 2660 1254 abire,
2707 1200 2756 1243 et
2800 1191 2969 1245 dicere
3009 1194 3121 1246 vale
3168 1196 3234 1249 iis
3280 1200 3368 1267 qui
3402 1209 3521 1251 sunt
3556 1202 3697 1255 domi

2128 1288 2275 1325 mean
2324 1272 2491 1327 Nemo
2535 1278 2747 1333 mittens
2798 1299 3012 1335 manum
3061 1302 3213 1338 suam
3252 1287 3320 1340 ad
3356 1298 3615 1357 aratrum,
3646 1303 3697 1347 et

2127 1365 2408 1432 respiciens
2460 1378 2620 1432 retro,
2656 1382 2809 1440 aptus
2848 1384 2923 1428 est
2960 1392 3116 1446 regno
3156 1378 3250 1433 Dei
3282 1380 3345 1434 ’⁸.
3376 1380 3528 1447 Quod
3558 1385 3603 1439 si
3629 1386 3697 1441 de

2126 1470 2192 1509 eo
2246 1458 2337 1526 qui
2413 1465 2728 1519 renuntiare
2798 1473 3009 1520 tantum
3061 1470 3339 1537 voluerat,
3384 1474 3696 1543 hujusmodi

2126 1550 2396 1618 prolatum
2445 1564 2528 1609 est
2576 1554 2872 1623 judicium,
2916 1560 3111 1627 ecquid
3155 1562 3221 1617 de
3265 1564 3369 1619 hoc
3408 1566 3695 1621 dicendum

2124 1650 2207 1694 est
2228 1642 2251 1692 ?

2546 1754 3066 1815 IN'I'ERROGATlO
3118 1762 3272 1816 CXC.

2124 1839 2203 1893 An
2223 1840 2765 1920 debeamus-misereri
2790 1860 3128 1916 cognatorum
3154 1852 3436 1907 secundum
3461 1870 3690 1920 carnem,

2442 1914 2667 1967 salutem
2698 1914 2912 1969 illorum
2942 1923 3377 1989 concupiscentes.

2702 2026 3109 2084 RESPONSIJO.

2192 2110 2294 2176 Qui
2331 2121 2492 2167 natus
2525 2123 2706 2181 estex
2743 2116 2948 2187 Spiritu
2978 2120 3134 2189 juxta
3172 2120 3385 2176 Domini
3413 2137 3599 2178 vocem
3624 2126 3691 2189 ”,

2121 2205 2323 2273 quique
2375 2214 2698 2274 potestatem
2745 2216 2954 2278 accepit
3010 2220 3068 2264 ut
3128 2212 3275 2267 ﬁeret
3322 2214 3464 2269 ﬁlius
3510 2215 3604 2270 Dei
3649 2219 3688 2281 ',

2124 2291 2270 2345 hunc
2306 2296 2468 2361 pudet
2494 2296 2843 2363 cognationis
2870 2300 3171 2353 secundum
3209 2316 3453 2361 carnem.
3480 2312 3533 2357 et
3566 2320 3697 2374 pro-

2120 2384 2356 2451 pinquos
2390 2386 2638 2453 agnoscit
2673 2401 2768 2441 eos
2826 2388 2920 2456 qui
2968 2388 3091 2442 ﬁdei
3140 2394 3542 2461 propinquitate
3590 2395 3695 2449 sibi

2119 2475 2551 2545 conjunguntur,
2596 2477 2797 2545 quibus
2846 2480 3221 2534 testimonium
3268 2483 3361 2536 dat
3411 2483 3692 2552 Dominus,

2118 2564 2203 2621 his
2242 2568 2423 2623 verbis
2465 2588 2476 2622 :
2532 2568 2705 2622 Mater
2743 2587 2879 2634 mea,
2911 2583 2961 2624 et
3002 2573 3196 2641 fratres
3228 2577 3329 2628 mei
3356 2578 3409 2628 Ιιί
3450 2586 3571 2631 sunt
3599 2580 3691 2649 qui

2118 2658 2323 2709 verbum
2349 2659 2447 2712 Dei
2477 2660 2698 2713 audiunt
2722 2671 2771 2714 et
2798 2661 3000 2729 faciunt
3027 2665 3067 2714 ².
3096 2664 3272 2733 Atque
3307 2667 3398 2720 ille
3429 2668 3692 2723 misﬁrea-

2120 2757 2207 2802 tur
2254 2751 2497 2804 omnium
2544 2752 2762 2820 quidem
2788 2792 2802 2815 ,
2836 2753 2930 2822 qui
2980 2772 3037 2808 se.
3068 2771 3097 2807 a
3129 2754 3360 2811 Domino
3390 2770 3691 2825 removent,

2118 2841 2211 2895 sed
2260 2857 2366 2894 non
2412 2842 2569 2896 aliter
2620 2844 3051 2913 propinquorum
3097 2849 3398 2902 secundum
3445 2866 3690 2915 carnem,

2117 2944 2279 2997 quam
2319 2931 2583 2983 omnium.
2626 2931 2778 2997 Quod
2830 2936 2875 2989 si
2908 2936 3181 3005 quispiam
3218 2954 3344 3007 erga
3390 2939 3489 2993 hos
3521 2942 3692 3012 magis

2116 3018 2364 3083 atiectus,
2431 3021 2738 3077 aﬂ‘eetionis
2782 3038 2895 3078 sua:
2951 3036 3240 3094 patronum
3296 3028 3496 3083 habere
3542 3039 3694 3100 putat

2116 3114 2459 3182 Apostolum,
2496 3115 2587 3179 qui
2612 3113 2747 3168 dicit
2778 3135 2790 3170 :
2830 3115 3094 3185 Optabam
3126 3119 3265 3171 enim
3294 3137 3387 3189 ego
3423 3121 3532 3189 ipse
3558 3139 3692 3176 ana-

2120 3204 2292 3256 thema
2339 3221 2449 3258 esse
2492 3222 2523 3257 a
2567 3204 2777 3259 Christo
2814 3224 2909 3275 pro
2956 3208 3212 3276 fratribus
3272 3212 3399 3264 meis
3440 3214 3529 3281 qui
3572 3225 3693 3267 sunt

2117 3297 2324 3365 cognati
2364 3298 2464 3349 mei
2505 3298 2790 3350 secundant
2828 3316 3043 3352 carnem
3075 3301 3115 3363 ³,
3155 3302 3202 3357 is
3239 3302 3506 3373 intelligat
3530 3322 3593 3359 ex
3624 3308 3691 3361 iis

2116 3404 2237 3457 qua:
2282 3397 2608 3457 sequuntur,
2646 3406 2754 3443 non
2784 3392 3169 3461 cognationem
3213 3395 3518 3448 secundum
3569 3413 3691 3449 car-

2116 3496 2262 3543 nem,
2311 3481 2405 3535 sed
2456 3481 2625 3535 Israel
2670 3481 2871 3550 ipsum,
2933 3484 3260 3553 egregiaque
3310 3485 3573 3539 benelicia
3634 3488 3691 3541 in

2116 3586 2240 3625 eum
2278 3587 2308 3624 a
2345 3571 2453 3625 Deo
2480 3573 2678 3625 collata
2729 3573 2782 3625 in
2822 3574 2999 3641 pretio
3038 3575 3105 3628 ab
3142 3575 3408 3644 Apostolo
3452 3576 3637 3631 haberi
3674 3596 3688 3632 :

2119 3676 2227 3714 non
2274 3662 2417 3729 quod
2468 3660 2634 3731 480
2684 3661 2943 3737 Israelita:
2991 3673 3178 3717 essent
3228 3665 3400 3733 ipsius
3448 3669 3688 3737 cognati,

2117 3754 2211 3808 sed
2249 3754 2393 3821 quod
2445 3755 2663 3823 cognati
2716 3755 2837 3823 ejus
2885 3735 3185 3810 secundum
3236 3774 3459 3812 carnem
3503 3771 3689 3815 essent

2117 3843 2394 3907 lsraelitze,
2446 3847 2702 3915 quodque
2759 3856 2839 3901 tot
2891 3864 2956 3903 ac
3006 3850 3171 3904 tantis
3229 3850 3462 3905 fuissent
3496 3867 3525 3904 a
3578 3851 3688 3907 Deo

2116 3936 2290 3990 aiiecti
2348 3938 2649 3992 beneﬁciis.
2720 3938 2783 3992 Et
2836 3941 3057 4009 quidem
3110 3943 3371 4010 quoniam
3442 3945 3687 4013 ipsorum

2115 4037 2234 4083 erat
2267 4028 2508 4099 adoptio,
2536 4038 2589 4084 et
2620 4031 2815 4099 gloria,
2857 4041 2911 4085 et
2943 4033 3079 4101 legis
3103 4035 3445 4099 constitutio,
3482 4036 3690 4090 cultus-

2116 4135 2244 4189 que,
2279 4122 2539 4189 quoniam
2568 4122 2633 4175 ad
2664 4122 2812 4190 ipsos
2843 4124 3116 4191 pertinent
3143 4131 3465 4179 testamenta
3485 4135 3535 4180 et
3567 4143 3690 4197 pro—

2116 4211 2437 4274 missiones,
2479 4212 2735 4280 quoniam
2764 4213 3007 4281 ipsorum
3036 4222 3163 4267 sunt
3193 4223 3397 4284 patres,
3431 4218 3687 4285 quoniam

2115 4317 2182 4357 ex
2219 4302 2352 4370 ipsis
2381 4310 2463 4355 est
2498 4302 2751 4356 Christus
2796 4305 3095 4357 secundum
3132 4319 3352 4358 carnem
3387 4304 3442 4370 ⁸;
3485 4305 3689 4358 idcirco

2119 4393 2257 4445 tanti
2307 4392 2537 4447 salutem
2597 4392 2815 4446 illorum
2868 4392 3001 4445 facit
3060 4413 3072 4447 :
3125 4409 3235 4447 non
3276 4394 3576 4464 respiciens
3622 4394 3688 4447 ad

444 4490 621 4544 αὐτῶν
678 4486 1089 4558 ὲνανθρώπησιν
1132 4484 1227 4538 τοῦ
1268 4483 1549 4546 εἰπόντος’
1592 4484 1711 4534 Οὐκ
1760 4480 2018 4534 ἀπεστά-

2121 4485 2523 4554 cognationem,
2586 4484 2680 4538 sed
2735 4484 2803 4537 ad
2854 4484 3067 4538 Domini
3120 4484 3553 4539 incarnationem
3591 4500 3689 4554 pro

443 4586 565 4647 λην
594 4584 645 4633 εἰ
678 4580 763 4648 μὴ
810 4581 893 4643 εἰς
929 4578 1001 4631 τὰ
1032 4576 1295 4644 πρόϐατα
1327 4574 1399 4627 τὰ
1442 4574 1796 4628 ἀπολωλότα
1839 4572 2008 4625 οἴκου

456 4673 689 4741 Ἰσραήλ
700 4712 711 4725 .

508 4789 701 4842 "Luc.
735 4804 809 4852 ix,
858 4786 947 4849 61,
978 4785 1067 4840 62.
1145 4784 1364 4839 “Joan.
1396 4800 1476 4848 Ill,
1513 4782 1567 4839 8.

441 4862 461 4894 '
480 4860 667 4914 Matth.
700 4875 789 4923 xv,
821 4856 908 4910 55.

510 4980 619 5049 (60)
654 4977 791 5049 Reg.
833 4975 1043 5049 primus
1072 4972 1319 5049 ἀγαγεῖνί

514 5042 621 5115 (6|)
651 5042 803 5107 Illud,
832 5042 1209 5107 ἀποτάξασθαι
1235 5046 1364 5115 τοῖς,
1408 5042 1496 5115 alii
1528 5042 1593 5095 de
1619 5042 1884 5115 personis,
1917 5042 2010 5115 alii

442 5120 510 5171 de
564 5113 723 5172 rebus
772 5116 1100 5185 intelligunt.
1150 5114 1315 5181 Sequi
1352 5113 1625 5180 vulgatam
1683 5114 1881 5181 poterit
1917 5113 2009 5181 qui

651 5255 829 5311 Vossii
876 5260 1031 5310 vetus
1064 5253 1201 5309 liber
1228 5260 1283 5307 et
1316 5252 1409 5305 alii
1455 5250 1565 5306 duo
1612 5251 1707 5304 καὶ
1754 5252 2013 5322 στραφεὶς

443 5344 523 5381 εις
558 5347 585 5379 τ
631 5368 645 5381 .

443 5344 786 5473 ειῆϐξοῖῐίθε.
818 5396 1027 5473 primus
1060 5394 1157 5473 τῆς
1176 5393 1459 5473 ’σωτηρίας
1474 5463 1483 5473 Ι
1497 5391 1695 5473 αὐτῶν.

516 5463 627 5537 (64)
660 5463 837 5537 Codex
868 5466 1021 5537 Coll).
1050 5465 1141 5517 τὸν
1174 5463 1695 5537 ᾅγιονςᾋπόστοὶον.

517 5532 626 5607 (65)
654 5536 789 5605 Reg.
825 5536 1033 5607 primus
1060 5535 1193 5607 τιμᾷ
1215 5552 1227 5563 ·
1259 5534 1377 5607 ουδὲ
1408 5532 1702 5607 ἐπειδῄπερ
1737 5537 2013 5602 συγγενεῖς

446 5601 619 5661 αὐτοῦ’
648 5610 696 5659 οἰ
735 5601 1060 5676 ’Ἰσραηλῖται
1096 5601 1235 5676 ἦσαν
1270 5605 1304 5673 ἢ
1346 5604 1500 5676 κατὲιγ
1518 5601 1694 5672 σάρκα
1736 5601 2011 5676 συγγενεῖς

446 5677 633 5740 αὐτοῦ,
667 5676 780 5731 ἀλλ’
813 5673 1001 5745 ἐπειδὴ
1024 5673 1309 5737 τοσούτων,
1335 5684 1441 5728 etc.
1475 5674 1625 5741 Regii
1651 5675 1924 5729 secundus
1956 5684 2010 5729 et

448 5750 641 5804 tertius
658 5759 708 5803 et
732 5746 859 5802 editi
886 5755 942 5799 ut
974 5747 1026 5799 in
1048 5745 1461 5812 contexunlijus
1479 5753 1655 5799 autem
1677 5747 1777 5800 loci
1795 5745 1905 5799 haec
1931 5746 2012 5799 vi—

1647 4781 1844 4837 ‘Joau.
1879 4799 1917 4850 ι,
1963 4783 2050 4839 12.

2115 4575 2249 4644 ipsis
2292 4574 2513 4637 factam,
2554 4575 2646 4643 qui
2683 4573 2898 4628 dixerat
2936 4595 2947 4628 :
2983 4572 3107 4627 Non
3136 4576 3467 4627 summissus
3495 4574 3599 4627 nisi
3621 4574 3689 4627 ad

2114 4682 2251 4729 oves,
2276 4682 2392 4734 quae
2419 4666 2704 4735 perierunt,
2730 4666 2917 4720 domus
2939 4665 3112 4719 Israel
3142 4668 3185 4721 ⁸.

2153 4784 2329 4864 τιυρ.
2368 4802 2485 4848 vui,
2530 4786 2618 4840 9-1.
2698 4786 2896 4840 3Rom.
2946 4802 3017 4850 lx,
3053 4787 3105 4840 5.
3214 4786 3407 4840 ‘Rom.
3450 4787 3604 4853 “,4,
3632 4788 3687 4845 5.

2117 4972 2276 5045 detur
2293 4974 2700 5045 essesententia
2725 4992 2736 5025 :
2756 4974 3046 5042 Apostolus
3068 4973 3489 5043 magnifaciebat
3518 4990 3688 5045 popu-

2118 5042 2225 5096 lum
2250 5041 2626 5105 lsraeliticum,
2647 5060 2752 5097 non
2777 5041 2841 5096 eo
2856 5041 3193 5115 potissimum
3210 5046 3444 5108 nomine,
3464 5041 3604 5115 quod
3623 5064 3684 5101 ex

2118 5128 2184 5166 eo
2210 5115 2475 5182 originem
2510 5115 2754 5175 duceret,
2782 5115 2875 5167 sed
2908 5116 2978 5167 ob
3010 5112 3063 5166 id
3096 5115 3382 5183 praecipue,
3410 5112 3553 5184 quod
3594 5132 3687 5184 po-

2116 5183 2277 5252 pulus
2302 5184 2629 5237 lsraeliticus
2651 5195 2700 5236 et
2727 5184 2933 5237 electus
2955 5195 3098 5237 esset
3120 5201 3149 5236 a
3181 5184 3305 5247 Deo,
3332 5193 3385 5238 et
3411 5183 3478 5238 ab
3499 5183 3685 5239 eodem

2117 5255 2305 5307 multis
2334 5254 2489 5306 bouis
2520 5255 2847 5307 cumulatus.
2877 5254 3003 5309 Sed.
3026 5263 3081 5306 ut
3102 5272 3288 5307 verum
3323 5255 3510 5316 fatear,
3535 5256 3687 5308 valde

2126 5340 2337 5384 vereor,
2374 5340 2437 5375 ne
2470 5323 2556 5377 hic
2588 5324 2740 5377 locus
2771 5332 3062 5390 corruptus
3093 5326 3158 5375 sit
3192 5340 3218 5376 a
3247 5326 3500 5380 librariis.
3526 5324 3689 5378 Com-

2129 5393 2351 5465 belisius
2383 5394 2598 5460 quidem
2635 5395 2707 5445 ita
2740 5394 2887 5465 legit,
2914 5389 3252 5465 Ἰσραηλῖται
3298 5389 3456 5465 ἦσαν,
3487 5395 3518 5464 ἢ
3550 5395 3687 5447 κατὰ

2124 5464 2300 5533 σάρκα
2338 5466 2617 5529 συγγενεῖς
2660 5463 2845 5525 αὑτοῦ,
2874 5463 2985 5516 ἀλλ’
3031 5464 3215 5530 ἐπειδὴ
3252 5463 3537 5529 τοσούτων,
3587 5480 3685 5517 nec

2121 5549 2258 5600 nego
2290 5534 2430 5585 hanc
2486 5537 2815 5603 scripturam
2847 5534 3108 5603 optimam
3146 5534 3315 5588 videri
3352 5554 3363 5588 :
3407 5538 3499 5589 sed
3541 5535 3686 5588 arbio

2121 5614 2235 5657 tror
2263 5603 2440 5655 virum
2469 5602 2849 5658 doctissimum
2886 5602 2996 5665 hic,
3030 5612 3087 5656 ut
3129 5620 3270 5673 szepe
3304 5606 3456 5665 alias.
3486 5607 3554 5659 de
3584 5618 3686 5659 suo

2120 5673 2456 5747 emendasse.
2494 5673 2679 5745 quue
2700 5676 2894 5747 magis,
2927 5675 3069 5745 quod
3105 5676 3313 5729 nullum
3361 5685 3591 5732 veterem
3617 5675 3683 5730 li-

2124 5744 2278 5798 brmn
2304 5744 2453 5797 citet.
