4064 6238
397 337 536 396 El?)

1600 330 1906 390 REGULIE
1944 326 2247 384 BREVIUS
2285 321 2702 380 ΤΒᾹΟΤΑΤᾸΞ.

3520 311 3659 368 ιειι

393 451 631 505 διαθέσει
665 449 762 520 τῆς
794 448 968 519 ψυχῆς
988 489 1002 511 ,
1038 447 1458 520 μαρτυρουμένη
1504 447 1612 518 (70)
1639 449 1722 507 ¹ἐκ
1753 446 1852 514 τῆς
1883 442 1976 497 τοῦ

2085 442 2380 504 alliciatur,
2412 439 2497 494 vel
2529 438 2649 508 ipso
2689 434 2938 505 corporis
2974 439 3120 489 statu
3151 431 3206 488 id
3250 436 3564 494 attestante,
3600 437 3661 484 ut

397 543 651 611 σώματος
717 539 1141 603 καταστάσεως,
1211 541 1292 592 ὅτι
1353 540 1452 610 οὐχ
1525 541 1601 602 ὡς
1669 540 1972 609 ἁμέριμνος

395 634 602 693 ἐσθίει,
655 631 768 684 ἀλλ’
827 631 902 694 ὡς
961 631 1099 700 ἔχων
1145 631 1389 703 ἐπόπτην
1447 631 1610 684 Θεόν·
1652 633 1745 684 καὶ
1798 633 1856 682 ἐν
1898 630 1975 700 τῷ

362 722 587 792 ἴσκοπῴ
648 721 704 774 δὲ
755 721 854 792 τῆς
903 721 1290 792 μεταλήψεως,
1335 723 1462 776 ὅταν
1528 722 1601 794 μὴ
1653 722 1728 787 ὡς
1792 721 1974 784 δοῦλος

366 821 368 823 ’
393 815 630 886 γαστρός
688 813 754 866 δι’
790 815 986 885 ἡδονὴν
1014 815 1184 867 ἐσθίει
1210 856 1224 879 ,
1267 815 1380 868 ἀλλ’
1409 815 1483 879 ὡς
1536 815 1774 888 ἐργάτης
1803 815 1936 867 Θεοῦ
1957 855 1971 877 ,

393 907 482 959 διὰ
504 907 600 977 τὴν
633 909 690 958 ἐν
720 910 832 970 τοῖς
855 907 972 960 κατ’
1003 907 1222 979 ἐντολὴν
1257 908 1350 962 τοῦ
1383 909 1618 980 Χριστοῦ
1643 910 1756 979 (71)
1794 910 1976 979 ἔργοις

395 999 658 1053 εὐτονίαν.

923 1113 1259 1166 ΕΡΩΤΗΣιΣ
1288 1117 1448 1181 Ριλν.

467 1201 599 1268 Πῶς
644 1203 866 1272 ⁴ποιεῖὴ
906 1203 1109 1268 δεξιὰ,
1146 1207 1245 1258 ἵνα
1408 1207 1670 1276 τινώσκῃ
1698 1209 1736 1277 ἡ
1784 1208 1906 1276 ἀρι-

995 1276 1179 1330 στεοά
1210 1277 1260 1330 (7
1303 1278 1343 1330 ).

995 1276 1179 1343 στερά
1210 1276 1343 1348 (72).

958 1386 1349 1443 ΑΠΟΚΡΙΣΙΣ.

498 1481 640 1531 Οταν
673 1480 1064 1551 ἁμετεωρίστῳ
1103 1483 1198 1534 καὶ
1243 1482 1514 1556 τεταμένη
1557 1481 1821 1553 ἐπιθυμίᾳ⁵
1876 1483 1978 1553 τῆς

399 1568 536 1639 πρὸς
558 1567 690 1620 Θεὸν
719 1568 1132 1640 εὐαρεστήσεως
1179 1574 1208 1624 ὁ
1245 1572 1366 1634 νοῦς
1398 1572 1457 1637 ἐξ
1487 1573 1783 1643 ὁλοκλήρου
1835 1573 1978 1641 ἀγω-

397 1657 533 1723 νιῶν
564 1659 637 1729 μὴ
695 1661 904 1733 ἐκπέσῃ
946 1660 1041 1714 τοῦ
1085 1664 1488 1734 προσήκοντος,
1536 1651 1868 1734 ἀγωνίζηται
1891 1681 1978 1716 νο·-

403 1750 605 1822 μίμως.
642 1751 777 1804 Τότε
807 1753 1053 1818 οὐδενὸς,
1093 1752 1214 1806 οὔτε
1260 1755 1454 1826 μέλους
1491 1756 1676 1827 ἐτέρου
1712 1755 1978 1826 λαμϐάνει
2013 1785 2056 1839 Β

399 1842 608 1896 ἔννοιαν
632 1885 645 1908 ,
680 1846 728 1896 εί
771 1845 845 1916 μὴ
875 1845 1033 1914 μόνον
1070 1845 1164 1899 τοῦ
1193 1847 1620 1918 χρησιμεύοντος
1653 1849 1732 1911 εἰς
1755 1847 1817 1900 τὸ
1847 1865 1979 1918 προσ

400 1933 691 2004 κείμενονο
740 1935 815 1999 ὡς
875 1938 902 1991 ὁ
955 1937 1203 2008 τεχνίτης
1240 1938 1360 1991 καθ’
1402 1939 1628 1992 ἕκαστον
1658 1939 1818 2010 ἔργον
1867 1939 1978 2011 (75)

403 2026 550 2098 μόνῳ
575 2026 863 2097 ἐμϐλέπων
891 2027 968 2099 τῷ
998 2031 1384 2101 χρησιμεύοντι
1427 2032 1574 2104 αὐτῷ
1603 2033 1837 2105 ὀργάνῳ.

889 2144 1224 2198 ΕΡΩΤΗΣΙΣ
1256 2147 1423 2212 PLﬂ'.

406 2233 502 2298 Τίς
526 2234 656 2287 ἐστι
687 2240 1234 2311 ταπεινοφροσύνῃ,
1275 2241 1376 2295 καὶ
1408 2241 1536 2307 πῶς
1559 2241 1755 2310 αὐτὴν
1777 2258 1984 2311 κατορ-

1050 2309 1341 2378 (δώσομεν.

996 2425 1386 2481 ΑΠΟΚΡΙΣΙΣ.

471 2511 952 2584 Ταπεινοφροσύνη
987 2515 1085 2585 μέν
1107 2516 1293 2569 ἐστιτὸ
1320 2516 1529 2581 πάντας
1545 2515 1797 2588 ἡγεῖσθαι
1818 2517 1978 2588 ὑπερ.

400 2601 625 2672 ἔχοντας
671 2604 864 2658 ἑαυτοῦ
889 2645 903 2670 ,
972 2605 1116 2659 κατὰ
1175 2607 1268 2660 τὸν
1321 2609 1445 2677 ὅρον
1470 2607 1564 2660 τοῦ
1619 2607 1939 2660 Ἀποστόλου
1964 2647 1979 2660 .

399 2695 670 2766 Κατορθοί
698 2695 755 2749 δέ
780 2715 861 2760 τις
895 2698 1062 2769 αὐτὴν
1099 2698 1313 2770 πρῶτον
1351 2700 1447 2770 μὲν
1479 2699 1613 2770 (74),
1643 2699 1738 2753 ἐὰν
1771 2717 1982 2770 μνημο-

400 2787 563 2858 νεύσῃ
611 2787 711 2858 τῆς
759 2788 979 2859 ἐντολῆς
1031 2789 1125 2842 τοῦ
1181 2790 1385 2862 Κυρίου
1437 2791 1715 2852 εἰπόντος·
1755 2789 1982 2844 Μάθετε

397 2878 502 2931 ἀπ’
559 2877 728 2947 ἐμοῦ,
767 2879 854 2931 ὅτι
883 2879 1072 2948 πρᾶός
1110 2883 1225 2950 εἰμι
1265 2881 1365 2934 καὶ
1412 2881 1691 2946 ταπεινὸς
1733 2880 1809 2948 τῇ
1843 2899 1982 2949 καρ-

400 2968 501 3037 δίᾳ
534 2971 692 3041 (ὅπερ
720 2971 986 3042 πολλαχοῦ
1017 2974 1110 3024 καὶ
1142 2973 1496 3044 πολυτρόπως
1527 2975 1621 3028 καὶ
1647 2974 1837 3040 ἔδειξε,
1886 2977 1982 3029 καὶ

401 3061 628 3132 ἐδίδαξε)
654 3081 666 3094 ·
727 3063 821 3116 καὶ
852 3064 1114 3134 πιστεύσῃ
1149 3065 1261 3136 (75)
1326 3063 1475 3133 αὐτῷ
1505 3064 1976 3136 ἐπαγγειλαμένῳ,

402 3153 484 3206 ὅτι
542 3154 602 3206 '0
626 3154 924 3209 ταπεινῶν
955 3156 1172 3209 ἑαυτὸν
1203 3157 1615 3227 ὑψωθήσεταμ
1652 3158 1861 3220 ἔπειτα,
1886 3157 1979 3210 ἐὰν
2007 3129 2051 3190 C

402 3242 471 3294 δι’
510 3241 714 3313 ὁμαλοῦ
751 3245 846 3297 καὶ
878 3245 1217 3309 ἀδιαστάτως
1251 3248 1363 3310 τοῖς
1412 3246 1510 3317 τῆς
1549 3247 1982 3318 ταπεινοφροσύ-

402 3351 500 3404 νης
531 3337 956 3406 ἐπιτηδεύμασιν
991 3339 1050 3390 ἐν
1096 3339 1260 3390 παντὶ
1298 3339 1586 3410 πράγματι
1634 3339 1984 3411 ἐμμελετήσῃ

406 3429 502 3481 καὶ
537 3429 1009 3500 συγγυμνάσηται.
1067 3430 1237 3493 Μόλις
1273 3432 1381 3504 γὰρ
1426 3433 1569 3485 οὕτω
1600 3433 1888 3504 δυνήσεται
1913 3438 1980 3505 τῇ

403 3522 642 3594 διηνεκεῖ
676 3523 874 3596 μελέτῃ
906 3523 1196 3576 ἀναλαϐεῖν
1225 3524 1338 3593 (76)
1380 3525 1478 3595 τὴν
1527 3525 1639 3592 ἕξιν
1669 3527 1764 3596 τῆς
1792 3545 1984 3579 ταπει-

403 3615 738 3687 νοφροσύνης
768 3635 779 3645 ·
834 3617 1021 3687 ὥσπερ
1063 3617 1154 3669 καὶ
1193 3616 1426 3669 ἐπὶτῶν
1475 3617 1676 3687 τεχνῶν
1739 3618 1985 3686 γίνεσθαι

405 3707 616 3762 εἴωθεν.
683 3709 739 3762 Ὀ
785 3708 841 3762 δὲ
888 3709 1052 3771 αὐτὸς
1086 3709 1287 3779 τρόπος
1311 3711 1410 3780 τῆς
1467 3709 1853 3780 κατορθώσεως
1893 3712 1986 3764 καὶ

405 3801 498 3853 ἐπὶ
522 3801 703 3871 πάσης
727 3801 927 3872 ἀρετῆς
942 3801 1040 3872 τῆς
1069 3801 1190 3854 κατ’
1215 3801 1437 3874 ἐντολὴν
1466 3801 1561 3854 τοῦ
1593 3803 1799 3874 Κυρίου
1830 3803 1986 3875 ἡμῶν

417 3891 593 3963 Ἰησοῦ
639 3893 895 3964 Χριστοῦ.

891 4007 1226 4060 ΕΡΩΤιιΣιΣ
1259 4009 1420 4075 mea

406 4097 541 4162 Πῶς
586 4096 663 4149 ἄν
728 4115 817 4169 τις
857 4103 1262 4168 προθυμηθείη
1327 4101 1426 4154 καὶ
1474 4118 1624 4168 προς
1666 4109 1986 4169 κινόυνους

480 4169 626 4234 ὑπὲρ
690 4168 830 4241 τῆςί
877 4169 1132 4238 ἐντολῆς
1213 4173 1320 4226 τοῦ
1405 4173 1625 4240 Κιερίου
1693 4168 1988 4241 παρίκει)υὲ-

475 4241 755 4292 λεύεσθαι
801 4240 852 4310 ('7
862 4241 934 4310 7),

969 4354 1357 4411 ΑΠΟΚΡΙΣΙΣ.

487 4443 700 4512 Πρῶτον
761 4444 858 4514 μὲν
916 4445 1283 4515 ὑπομνησθεὶς

409 4537 550 4604 ὑπὲρ
601 4535 759 4606 ἡμῶν
813 4539 1088 4608 ὑπήκουσε
1134 4538 1211 4608 τῷ
1259 4539 1432 4610 Πατρ).
1491 4540 1651 4611 μέχρι
1710 4540 1939 4594 θανάτου
1969 4559 1982 4572 °

409 4625 527 4680 εἶτα
581 4631 1019 4700 πληροφορηθεὶς
1069 4631 1167 4701 τὴν
1210 4632 1437 4703 δύναμιν
1484 4633 1582 4703 τῆς
1627 4635 1867 4706 ἐντολῆς,
1903 4637 1986 4690 ὅτι

485 4817 524 4846 ²¹
547 4813 782 4884 Philipp.
815 4832 875 4880 ιι,
908 4817 959 4869 3.
1037 4818 1078 4848 ¹²
1103 4816 1292 4871 Matth.
1322 4833 1398 4883 xi,
1425 4819 1516 4874 ‘29.
1597 4819 1791 4874 "Luc.
1826 4838 1934 4886 xw,
1985 4823 2072 4876 11.

481 4987 593 5056 (70)
636 4984 861 5062 Yeleres
913 4986 1021 5041 duo
1053 4987 1176 5062 libri
1224 4995 1278 5042 ct
1330 4988 1458 5062 editi
1510 4991 1979 5062 μαρτυρουμένης.

481 5007 593 5056 iw)
648 5007 861 5041 veteres
913 5007 1021 5041 auo
1055 5007 1176 5042 nan
1224 5007 1278 5042 et
1330 5007 1458 5043 eum
1510 5007 1583 5059 μα
1603 5007 1979 5062 λτυρουμενης.

411 5057 806 5131 Reg._prim_us
856 5058 1320 5131 μαρτυρούμενος.
1348 5061 1528 5114 Codex
1577 5007 1732 5115 Coll).
1783 5078 1987 5131 μαρτυ-

417 5125 677 5212 ρουμένη.
725 5125 1072 5212 Βερχήγρεεὶἰ
1117 5125 1271 5212 vetus
1301 5131 1438 5210 liber
1475 5125 1985 5212 ἕαταστᾴσεωςβθ

414 5195 480 5250 ἂν
518 5195 591 5268 μὴ
629 5195 723 5259 ὡς.
754 5195 910 5268 Haud
942 5199 1120 5266 longe,
1145 5201 1236 5254 ubi
1261 5209 1315 5254 et
1348 5202 1402 5253 in
1427 5201 1590 5254 editis
1617 5213 1668 5254 et
1695 5203 1746 5254 in
1773 5201 1986 5256 duobus

412 5267 548 5341 mss.
584 5281 695 5341 uno
729 5267 896 5341 verbo
928 5268 1125 5341 legitur
1151 5270 1275 5323 ὅταν
1313 5271 1386 5341 μὴ
1413 5271 1488 5332 ὡς
1513 5271 1718 5334 δοῦλος,
1754 5271 1988 5326 fortasse

412 5339 608 5393 melius
633 5337 847 5391 duabus
866 5339 1094 5393 vocibus
1118 5337 1386 5407 legeretur
1417 5342 1492 5393 ὅτ’
1524 5341 1608 5403 ἄν,
1635 5345 1707 5396 uti
1729 5343 1785 5396 in
1809 5341 1989 5397 Vossii

413 5409 587 5482 veteri
621 5407 761 5482 libro
786 5409 1069 5478 aliquanto
1101 5422 1224 5465 ante
1252 5411 1354 5482 legi
1383 5413 1719 5468 monuimus.

487 5478 598 5554 (7i)
656 5477 748 5532 Sic
799 5477 1010 5535 veteres
1065 5477 1328 5550 quatuor'
1365 5482 1510 5536 libri.
1567 5483 1714 5538 Editi
1769 5482 1988 5554 ἐντολὴν

413 5549 773 5696 Ιῇἦξῖξόιιὶ
813 5619 937 5696 Πῶς
959 5621 988 5675 ὃ
1024 5625 1167 5696 ποιεῖ
1197 5625 1228 5694 ή
1275 5622 1442 5690 δεξιὰ,
1485 5623 1571 5696 ἵνα
1615 5625 1689 5696 μὴ
1720 5624 1983 5696 γινιῦσκῃ.

415 5689 597 5762 codex
627 5693 779 5747 Colb.
816 5692 912 5755 ita,
949 5701 1009 5746 ut
1034 5694 1086 5746 in
1119 5689 1376 5748 contextu
1420 5695 1522 5762 h'gi
1555 5689 1749 5762 potest.
1788 5689 1983 5747 Statiiii

414 5759 544 5815 editi
588 5762 1004 5834 ἁμετεωρίστως
1037 5765 1128 5817 καὶ
1169 5759 1585 5836 ἐπιτεταγμένη.
1622 5765 1754 5837 Reg.
1791 5782 1986 5821 secun-

2079 549 2186 588 non
2224 534 2371 589 velut
2402 546 2663 586 curarum
2713 544 2907 598 expers
2936 527 3100 591 edat,
3154 526 3248 581 sed
3281 534 3538 594 tanquam
3566 523 3661 592 qui

2079 626 2247 680 Deum
2293 625 2487 679 habeat
2536 624 2937 691 inspectorem;
2977 620 3107 674 item
3155 618 3203 673 si
3247 617 3391 670 inter
3442 629 3663 670 sumen-

2077 718 2204 774 dum
2232 718 2416 771 cibum
2453 715 2613 769 habet
2646 714 2795 766 hunc
2847 725 3097 780 scopum,
3123 716 3185 762 ut
3210 725 3319 762 non
3344 706 3511 762 veluti
3547 719 3664 760 ser-

2077 826 2179 865 vus
2199 809 2408 864 ventris
2439 806 2693 862 comedat
2734 811 2958 874 propter
3000 803 3361 871 voluptatem,
3390 798 3486 854 sed
3515 796 3664 850 velut

2077 899 2362 970 Operarius
2401 897 2530 963 Dei;
2565 904 2622 950 ut
2659 895 2713 948 in
2749 893 3016 948 faciendis
3048 892 3310 961 operibus
3353 905 3476 961 qua:
3504 903 3661 942 man-

2078 991 2205 1046 dato
2237 989 2444 1045 Christi
2477 989 2638 1050 Iiunt,
2680 986 2925 1055 vegetior
2955 982 3238 1038 reddatur.

2458 1093 2985 1151 INTERROGATIO
3025 1091 3260 1149 CXCVII

2187 1189 2458 1256 Quomodo
2489 1190 2654 1260 faciat
2684 1189 2902 1242 dextera
2924 1228 2940 1252 ,
2986 1197 3044 1240 ut
3077 1187 3276 1240 nesciat
3315 1184 3555 1239 sinistra.

2671 1295 2942 1351 RESPON
2951 1294 3059 1351 SlO

2151 1388 2290 1443 Tum
2341 1407 2466 1444 cum
2516 1390 2739 1445 assiduo
2772 1373 2835 1443 ac
2867 1388 3177 1444 vehementi
3221 1384 3498 1442 desiderio
3545 1387 3664 1455 pla-

2079 1483 2240 1537 cendi
2274 1481 2384 1537 Deo
2410 1524 2424 1547 ,
2467 1499 2625 1538 mens
2658 1483 2884 1537 omnino
2936 1481 3172 1537 sollicita
3219 1495 3290 1533 ne
3346 1478 3564 1533 excidat
3596 1477 3670 1533 ab

2081 1572 2278 1639 oﬂicio,
2318 1573 2576 1644 legitimis
2611 1573 2792 1628 modis
2824 1575 3086 1628 decertat.
3127 1569 3282 1624 Tunc
3313 1567 3381 1621 de
3403 1568 3552 1621 nulla
3580 1583 3664 1632 re,

2082 1673 2138 1719 et
2173 1681 2242 1719 ne
2273 1665 2339 1720 de
2373 1666 2548 1718 altero
2570 1662 2794 1733 quidem
2831 1663 3078 1717 membro
3109 1661 3334 1732 cogitat,
3367 1661 3474 1715 nisi
3502 1659 3570 1715 de
3601 1675 3668 1714 eo

2081 1756 2369 1822 duntaxat,
2398 1756 2543 1825 quod
2596 1755 2663 1809 ad
2715 1755 3060 1824 propositum
3113 1754 3410 1808 conducit:
3448 1761 3507 1806 ut
3537 1751 3670 1804 arti-

2085 1848 2169 1902 fex
2193 1889 2207 1913 ,
2243 1849 2336 1918 qui
2367 1848 2421 1900 in
2460 1846 2690 1917 singulis
2721 1846 2982 1916 operibus
3019 1861 3192 1899 unum
3240 1845 3374 1900 illud
3425 1853 3670 1899 tantum-

2084 1941 2247 1995 modo
2295 1941 2725 1994 instrumentum
2768 1946 3015 2009 spectat,
3073 1937 3222 2008 quod
3252 1938 3357 1993 sibi
3389 1937 3457 1992 ad
3487 1952 3552 1993 ea
3585 1934 3672 1990 fa-

2081 2031 2272 2086 cienda
2309 2032 2442 2085 utile
2469 2038 2576 2084 est.

2453 2138 2974 2194 INTERROGATIO
3012 2139 3290 2195 CXCVIII.

2134 2233 2274 2288 Ouid
2306 2232 2375 2286 sit
2405 2230 2702 2294 humilitas.
2725 2240 2774 2286 et
2795 2232 3055 2301 quomodo
3085 2248 3204 2286 eam
3238 2245 3596 2302 assequamur.

2676 2433 3084 2492 RESPONSIO.

2152 2526 2356 2583 Omnes
2406 2528 2589 2598 seipso
2639 2529 3048 2598 prmstantiores
3098 2525 3416 2582 existimare
3452 2525 3673 2578 humili-

2083 2629 2166 2676 tas
2194 2622 2413 2690 quidem
2435 2629 2541 2686 est,
2562 2637 2626 2675 ex
2652 2622 2975 2692 praescripto
2995 2620 3240 2690 Apostol'i
3267 2620 3334 2674 ¹¹.
3378 2617 3451 2671 Ea
3490 2627 3672 2673 autem

2082 2713 2516 2781 comparabitur,
2551 2712 2788 2784 primum
2825 2714 3074 2783 quidem,
3109 2713 3154 2767 si
3194 2711 3319 2782 quis
3362 2712 3676 2766 meminerit

2083 2803 2328 2858 mandati
2376 2803 2627 2870 Domini,
2678 2805 2770 2874 qui
2818 2805 3000 2859 dixit:
3043 2804 3238 2858 Discite
3294 2823 3326 2856 a
3380 2820 3493 2868 me,
3549 2803 3674 2873 quia

2082 2895 2226 2948 milis
2256 2913 2409 2960 sum,
2447 2907 2495 2950 et
2525 2897 2739 2953 Immitis
2773 2899 2928 2954 corde
2961 2901 3026 2953 ¹¹.
3063 2897 3219 2963 Quod
3255 2897 3393 2950 locis
3442 2895 3630 2951 multis
3655 2935 3670 2958 ,

2083 2983 2356 3054 variisque
2386 2986 2561 3040 modis
2596 2994 2649 3041 et
2680 2989 2939 3049 ostendit,
2994 2995 3048 3043 et
3079 2987 3286 3042 docuit.
3339 2985 3529 3041 Itidem
3558 3027 3574 3050 .
3626 2988 3674 3043 si

2087 3076 2242 3130 Iidem
2274 3077 2321 3130 ei
2349 3076 2672 3144 adhibuerit,
2705 3082 2796 3150 qui
2837 3082 2940 3136 hoc
2979 3080 3311 3150 promissum
3351 3079 3478 3133 fecit
3503 3097 3517 3112 ο
3569 3077 3674 3146 Qui

2085 3165 2330 3219 humilia!
2363 3185 2438 3230 se,
2470 3169 2796 3223 multabitur
2844 3173 2909 3228 ¹³.
2949 3171 3154 3226 Deinde
3175 3210 3189 3235 ,
3241 3169 3287 3224 si
3320 3186 3387 3225 ex
3432 3187 3590 3240 aequo
3621 3179 3675 3228 et

2085 3257 2461 3312 indesinenter
2504 3259 2557 3312 in
2591 3261 2738 3314 omni
2769 3261 2988 3333 negotio
3015 3261 3292 3316 vacaverit
3340 3260 3679 3318 humilitatis

2087 3348 2307 3413 studiis,
2340 3364 2507 3418 seque
2549 3349 2603 3402 in
2660 3351 2793 3421 ipsis
2823 3353 3150 3406 exercuerit.
3207 3348 3308 3404 Vix
3365 3351 3510 3405 enim
3568 3351 3677 3406 hoc

2088 3439 2248 3491 modo
2281 3454 2373 3505 per
2405 3440 2685 3494 assiduam
2721 3443 3132 3496 meditationem
3189 3440 3353 3513 482
3399 3441 3678 3496 humilita-

2088 3533 2157 3586 tis
2191 3532 2432 3585 babitum
2469 3535 2668 3602 poterit
2712 3536 2984 3604 adipisci,
3038 3542 3096 3588 ut
3146 3535 3199 3588 in
3246 3535 3458 3589 artibus
3507 3533 3673 3588 etiam

2089 3624 2204 3678 fieri
2253 3626 2560 3678 consuevit.
2616 3625 2792 3696 Atque
2842 3627 3006 3682 etiam
3059 3625 3116 3679 in
3170 3625 3415 3695 qualibet
3470 3625 3676 3680 virtute

2087 3731 2209 3784 quae
2271 3717 2578 3771 secundum
2645 3717 2963 3771 mandatum
3036 3715 3253 3770 Domini
3311 3715 3486 3769 nostri
3543 3713 3674 3769 Jesu

2087 3802 2291 3856 Christi
2337 3806 2662 3874 possidenda
2712 3805 2908 3873 fuerit,
2945 3805 3089 3860 idem
3129 3812 3213 3860 est
3264 3805 3462 3861 modus
3522 3820 3674 3858 com-

2089 3892 2338 3962 parandi.

2453 3990 2992 4059 'INTERROGATIO
3047 4001 3281 4057 CXCIX.

2091 4093 2366 4158 Quomodo
2395 4096 2510 4163 quis
2541 4094 2915 4162 paratissimus
2951 4092 3050 4163 erit
3092 4091 3160 4143 ad
3193 4107 3248 4144 se
3277 4091 3439 4163 etiam
3467 4091 3675 4144 uericu-

2306 4166 2373 4218 Iis
2407 4161 2765 4235 'objiCiendum
2810 4179 2904 4231 pro
2939 4162 3154 4215 Domini
3181 4161 3436 4216 mandato

2675 4358 3059 4416 RESI’ONSIO

1313 4486 1328 4509 ,
1380 4448 1462 4500 ὅτι
1520 4449 1682 4512 αὐτὸς
1723 4451 1750 4503 ὀ
1786 4449 1987 4521 Κύριος

2121 4455 2134 4459 ’
2171 4455 2411 4509 Primum
2465 4455 2709 4525 quidem,
2740 4455 2787 4509 si
2830 4454 3141 4509 meminerit
3175 4453 3463 4508 Dominum
3497 4454 3674 4523 ipsum

2096 4563 2195 4618 pro
2242 4547 2402 4601 nobis
2435 4545 2580 4599 Patri
2629 4546 2974 4600 obedientem
3012 4545 3180 4600 fuisse
3209 4561 3381 4616 usque
3407 4545 3474 4599 ad
3527 4560 3675 4599 mor-

2097 4649 2204 4694 tem
2229 4639 2275 4670 “
2304 4657 2316 4692 :
2350 4638 2570 4704 deinde,
2601 4639 2647 4693 si
2679 4639 2728 4693 ei
2765 4638 2838 4692 sit
2863 4653 3188 4708 persuasum
3212 4637 3279 4693 de
3301 4637 3353 4692 vi
3380 4651 3444 4690 ac
3472 4636 3676 4691 virtute

2157 4822 2200 4852 ιι
2225 4819 2461 4891 Philipp.
2499 4835 2556 4883 ιι,
2589 4819 2642 4874 8.

2093 4990 2198 5044 dus
2230 4989 2648 5058 ἁμετεωρίστως
2680 4989 2774 5040 καὶ
2800 4986 3092 5057 τεταμένη.
3132 4984 3238 5038 Alii
3271 4994 3385 5040 tres
3415 5001 3548 5041 mss.
3601 4989 3678 5042 ita

2094 5068 2154 5113 ut
2185 5061 2453 5113 edendum
2483 5060 2816 5111 curavimus.

2167 5130 2278 5199 (75)
2305 5130 2524 5198 Antiqui
2566 5129 2676 5182 duo
2702 5128 2828 5180 libri
2857 5133 2913 5199 et
2945 5124 3109 5199 Voss.
3135 5126 3258 5179 καθ’
3288 5126 3520 5199 ἕκαστον
3547 5143 3672 5199 καιτ

2100 5196 2210 5270 ρόν.
2245 5196 2354 5253 Nec
2390 5196 2464 5252 ita
2499 5200 2671 5270 multo
2701 5206 2823 5270 post
2855 5197 2907 5248 hi
2942 5196 3046 5266 ipsi
3085 5211 3224 5266 quos
3257 5211 3381 5250 mox
3412 5196 3524 5251 dixi
3549 5197 3674 5250 libri

2096 5267 2482 5342 χρησιμεροντι
2511 5267 2658 5342 αὐτῷ
2690 5267 2893 5342 σκεύει..
3016 5336 3050 5342 μ
3085 5337 3096 5342 _
3177 5335 3192 5342 _
3394 5294 3440 5342 ιι

2170 5334 2280 5408 (74)
2309 5339 2537 5408 Vocula
2563 5334 2681 5408 μέν,
2720 5353 2841 5406 qua:
2873 5338 2927 5390 in
2967 5336 3130 5390 editis
3161 5335 3334 5408 deest,
3366 5335 3446 5408 _in
3494 5334 3674 5408 tribus

2097 5403 2232 5464 mss.
2266 5403 2484 5470 leailur.
2521 5403 2716 5460 Statim
2738 5403 2852 5461 duo
2876 5423 3007 5461 mss.
3029 5422 3152 5459 cum
3178 5406 3336 5477 Voss.
3359 5406 3441 5458 ὃτι
3469 5403 3672 5477 πραΰς.

2170 5481 2280 5551 (75)
2315 5479 2445 5549 Reg.
2479 5480 2692 5551 primus
2732 5487 2786 5551 et
2819 5478 2973 5551 Colb.
3009 5478 3104 5551 διαὶ
3131 5475 3528 5551 πιστεύσωμεν.
3562 5475 3670 5532 lbi-

2096 5547 2216 5605 dein
2247 5547 2417 5604 codei
2451 5550 2602 5602 Coll).
2637 5548 2786 5618 αὐτῷ
2819 5547 3288 5618 ἐπαγγελλομένῳ.

2168 5621 2280 5692 (76)
2314 5619 2493 5674 Vossii
2533 5629 2690 5692 vetus
2725 5616 2861 5692 liber
2894 5618 3092 5692 μελέτῃ
3125 5616 3438 5692 ᾲπολαὸεἰν.
3475 5617 3671 5676 Statim

2094 5686 2234 5747 idem
2269 5707 2371 5746 ms.
2398 5707 2520 5744 cum
2551 5689 2681 5759 Heg.
2706 5686 3219 5759 [ιι-ἰηιοέγγξνεσθαι
3247 5687 3455 5738 εἴωθεν.

2165 5760 2275 5834 (77)
2311 5761 2532 5834 Antiqui
2563 5755 2673 5817 duo
2709 5755 2836 5817 libri
2869 5755 3434 5830 παραϐουλεύσασθαι.
