  <div class='ocr_page' id='page_1' title='image "/cluster/home/n/w/nwhite01/storage/ocr_20150623/31/mdp.39015012934363/622.png"; bbox 0 0 4064 6238; ppageno 0'>
   <div class='ocr_carea' id='block_1_1' title="bbox 402 285 538 342">
    <p class='ocr_par' dir='ltr' id='par_1_1' title="bbox 402 285 538 342">
     <span class='ocr_line' id='line_1_1' title="bbox 402 285 538 342; baseline -0.007 0"><span class='ocrx_word' id='word_1_1' title='bbox 402 285 538 342; x_wconf 69' lang='grc'><strong>1217</strong></span> 
     </span>
    </p>
   </div>
   <div class='ocr_carea' id='block_1_2' title="bbox 952 395 1446 451">
    <p class='ocr_par' dir='ltr' id='par_1_2' title="bbox 952 395 1446 451">
     <span class='ocr_line' id='line_1_2' title="bbox 952 395 1446 451; baseline 0.002 -2"><span class='ocrx_word' id='word_1_2' title='bbox 952 397 1288 450; x_wconf 82' lang='grc' dir='ltr'><strong>ΕΡΩΤΗΣΙΣ</strong></span> <span class='ocrx_word' id='word_1_3' title='bbox 1329 395 1446 451; x_wconf 74' lang='grc' dir='ltr'><strong>ΣΓ.</strong></span> 
     </span>
    </p>
   </div>
   <div class='ocr_carea' id='block_1_3' title="bbox 408 529 1978 602">
    <p class='ocr_par' dir='ltr' id='par_1_3' title="bbox 408 529 1978 602">
     <span class='ocr_line' id='line_1_3' title="bbox 408 529 1978 602; baseline -0.005 -14"><span class='ocrx_word' id='word_1_4' title='bbox 408 533 530 588; x_wconf 78' lang='grc' dir='ltr'><strong>Τῶν</strong></span> <span class='ocrx_word' id='word_1_5' title='bbox 559 530 967 602; x_wconf 59' lang='grc' dir='ltr'><strong>κατ’ἐντολήν</strong></span> <span class='ocrx_word' id='word_1_6' title='bbox 992 529 1366 602; x_wconf 32' lang='grc' dir='ltr'>τοῦ-Καρίουμ</span> <span class='ocrx_word' id='word_1_7' title='bbox 1379 531 1842 602; x_wconf 81' lang='grc' dir='ltr'><strong>κατορθωμάτων</strong></span> <span class='ocrx_word' id='word_1_8' title='bbox 1872 530 1978 602; x_wconf 55' lang='lat' dir='ltr'><strong>{td-</strong></span> 
     </span>
    </p>
   </div>
   <div class='ocr_carea' id='block_1_4' title="bbox 472 599 1979 673">
    <p class='ocr_par' dir='ltr' id='par_1_4' title="bbox 472 599 1979 673">
     <span class='ocr_line' id='line_1_4' title="bbox 472 599 1979 673; baseline -0.004 -16"><span class='ocrx_word' id='word_1_9' title='bbox 472 619 646 673; x_wconf 64' lang='grc' dir='ltr'>τεροίν</span> <span class='ocrx_word' id='word_1_10' title='bbox 671 601 747 673; x_wconf 61' lang='grc' dir='ltr'><strong>ἐν</strong></span> <span class='ocrx_word' id='word_1_11' title='bbox 753 600 973 673; x_wconf 74' lang='grc' dir='ltr'>μέτρον</span> <span class='ocrx_word' id='word_1_12' title='bbox 993 600 1168 654; x_wconf 75' lang='grc' dir='ltr'>ἐστὶν</span> <span class='ocrx_word' id='word_1_13' title='bbox 1193 600 1264 653; x_wconf 79' lang='grc' dir='ltr'><strong>ἐν</strong></span> <span class='ocrx_word' id='word_1_14' title='bbox 1284 599 1492 666; x_wconf 75' lang='grc' dir='ltr'>πᾶσιν,</span> <span class='ocrx_word' id='word_1_15' title='bbox 1515 603 1553 670; x_wconf 79' lang='grc' dir='ltr'>ἢ</span> <span class='ocrx_word' id='word_1_16' title='bbox 1584 605 1615 656; x_wconf 83' lang='grc' dir='ltr'><em>ὀ</em></span> <span class='ocrx_word' id='word_1_17' title='bbox 1630 599 1745 672; x_wconf 65' lang='grc' dir='ltr'><strong>μὲν</strong></span> <span class='ocrx_word' id='word_1_18' title='bbox 1766 599 1979 653; x_wconf 78' lang='grc' dir='ltr'><em>πλεῖον</em></span> 
     </span>
    </p>
   </div>
   <div class='ocr_carea' id='block_1_5' title="bbox 472 671 1093 743">
    <p class='ocr_par' dir='ltr' id='par_1_5' title="bbox 472 671 1093 743">
     <span class='ocr_line' id='line_1_5' title="bbox 472 671 1093 743; baseline -0.006 -15"><span class='ocrx_word' id='word_1_19' title='bbox 472 671 618 743; x_wconf 62' lang='grc' dir='ltr'>ἔχει,</span> <span class='ocrx_word' id='word_1_20' title='bbox 651 676 684 728; x_wconf 80' lang='grc' dir='ltr'><em>ὁ</em></span> <span class='ocrx_word' id='word_1_21' title='bbox 721 671 789 724; x_wconf 81' lang='grc' dir='ltr'><strong>δὲ</strong></span> <span class='ocrx_word' id='word_1_22' title='bbox 820 672 1093 725; x_wconf 75' lang='grc' dir='ltr'>ἔλαττον.</span> 
     </span>
    </p>
   </div>
   <div class='ocr_carea' id='block_1_6' title="bbox 993 822 1382 876">
    <p class='ocr_par' dir='ltr' id='par_1_6' title="bbox 993 822 1382 876">
     <span class='ocr_line' id='line_1_6' title="bbox 993 822 1382 876; baseline 0.003 -1"><span class='ocrx_word' id='word_1_23' title='bbox 993 822 1382 876; x_wconf 77' lang='grc' dir='ltr'><strong>ΑΠΟΚΡΙΣΙΣ.</strong></span> 
     </span>
    </p>
   </div>
   <div class='ocr_carea' id='block_1_7' title="bbox 474 954 1978 1026">
    <p class='ocr_par' dir='ltr' id='par_1_7' title="bbox 474 954 1978 1026">
     <span class='ocr_line' id='line_1_7' title="bbox 474 954 1978 1026; baseline -0.003 -14"><span class='ocrx_word' id='word_1_24' title='bbox 474 960 594 1012; x_wconf 84' lang='grc' dir='ltr'>’Ὁτι</span> <span class='ocrx_word' id='word_1_25' title='bbox 639 958 739 1010; x_wconf 84' lang='grc' dir='ltr'><strong>οὐκ</strong></span> <span class='ocrx_word' id='word_1_26' title='bbox 787 956 933 1008; x_wconf 77' lang='grc' dir='ltr'>ἐστιν</span> <span class='ocrx_word' id='word_1_27' title='bbox 963 954 1021 1008; x_wconf 84' lang='grc' dir='ltr'><strong>ἒν</strong></span> <span class='ocrx_word' id='word_1_28' title='bbox 1073 956 1272 1026; x_wconf 78' lang='grc' dir='ltr'><strong>μέτρον</strong></span> <span class='ocrx_word' id='word_1_29' title='bbox 1312 954 1370 1006; x_wconf 80' lang='grc' dir='ltr'>ὲν</span> <span class='ocrx_word' id='word_1_30' title='bbox 1417 955 1612 1020; x_wconf 78' lang='grc' dir='ltr'>πᾶσιν,</span> <span class='ocrx_word' id='word_1_31' title='bbox 1647 954 1760 1008; x_wconf 81' lang='grc' dir='ltr'><strong>ἀλλ’</strong></span> <span class='ocrx_word' id='word_1_32' title='bbox 1803 955 1832 1007; x_wconf 87' lang='grc' dir='ltr'>ὁ</span> <span class='ocrx_word' id='word_1_33' title='bbox 1880 955 1978 1026; x_wconf 84' lang='grc' dir='ltr'>μὲν</span> 
     </span>
    </p>
   </div>
   <div class='ocr_carea' id='block_1_8' title="bbox 401 1046 1973 1113">
    <p class='ocr_par' dir='ltr' id='par_1_8' title="bbox 401 1046 1973 1113">
     <span class='ocr_line' id='line_1_8' title="bbox 401 1046 1973 1113; baseline -0.003 -8"><span class='ocrx_word' id='word_1_34' title='bbox 401 1053 582 1105; x_wconf 84' lang='grc' dir='ltr'>πλεῖον</span> <span class='ocrx_word' id='word_1_35' title='bbox 608 1050 703 1103; x_wconf 71' lang='grc' dir='ltr'>καὶ</span> <span class='ocrx_word' id='word_1_36' title='bbox 724 1048 1038 1102; x_wconf 83' lang='grc' dir='ltr'>πιστεύεται</span> <span class='ocrx_word' id='word_1_37' title='bbox 1063 1049 1157 1100; x_wconf 74' lang='grc' dir='ltr'><strong>καὶ</strong></span> <span class='ocrx_word' id='word_1_38' title='bbox 1185 1046 1576 1109; x_wconf 82' lang='grc' dir='ltr'>ἐπιδείκνυται,</span> <span class='ocrx_word' id='word_1_39' title='bbox 1598 1048 1626 1099; x_wconf 84' lang='grc' dir='ltr'>ὁ</span> <span class='ocrx_word' id='word_1_40' title='bbox 1652 1047 1708 1100; x_wconf 85' lang='grc' dir='ltr'><strong>δὲ</strong></span> <span class='ocrx_word' id='word_1_41' title='bbox 1736 1047 1973 1113; x_wconf 79' lang='grc' dir='ltr'>ἔλαττον,</span> 
     </span>
    </p>
   </div>
   <div class='ocr_carea' id='block_1_9' title="bbox 401 1138 1975 1213">
    <p class='ocr_par' dir='ltr' id='par_1_9' title="bbox 401 1138 1975 1213">
     <span class='ocr_line' id='line_1_9' title="bbox 401 1138 1975 1213; baseline -0.001 -19"><span class='ocrx_word' id='word_1_42' title='bbox 401 1145 559 1213; x_wconf 77' lang='grc' dir='ltr'>δῆλον</span> <span class='ocrx_word' id='word_1_43' title='bbox 595 1145 658 1194; x_wconf 85' lang='grc' dir='ltr'>ὲκ</span> <span class='ocrx_word' id='word_1_44' title='bbox 689 1140 798 1194; x_wconf 85' lang='grc' dir='ltr'>τῶν</span> <span class='ocrx_word' id='word_1_45' title='bbox 825 1140 920 1192; x_wconf 83' lang='grc' dir='ltr'><strong>τοῦ</strong></span> <span class='ocrx_word' id='word_1_46' title='bbox 943 1140 1150 1211; x_wconf 80' lang='grc' dir='ltr'>Κυρίου</span> <span class='ocrx_word' id='word_1_47' title='bbox 1189 1139 1472 1209; x_wconf 79' lang='grc' dir='ltr'><strong>ῥημάτων,</strong></span> <span class='ocrx_word' id='word_1_48' title='bbox 1507 1138 1638 1191; x_wconf 84' lang='grc' dir='ltr'>ποτὲ</span> <span class='ocrx_word' id='word_1_49' title='bbox 1667 1139 1763 1209; x_wconf 84' lang='grc' dir='ltr'><strong>μὲν</strong></span> <span class='ocrx_word' id='word_1_50' title='bbox 1797 1141 1975 1192; x_wconf 78' lang='grc' dir='ltr'>εἰπόν-</span> 
     </span>
    </p>
   </div>
   <div class='ocr_carea' id='block_1_10' title="bbox 397 1226 1973 1297">
    <p class='ocr_par' dir='ltr' id='par_1_10' title="bbox 397 1226 1973 1297">
     <span class='ocr_line' id='line_1_10' title="bbox 397 1226 1973 1297; baseline 0 -16"><span class='ocrx_word' id='word_1_51' title='bbox 397 1246 522 1292; x_wconf 77' lang='grc' dir='ltr'>τος’</span> <span class='ocrx_word' id='word_1_52' title='bbox 585 1228 638 1280; x_wconf 89' lang='lat'><strong>&#39;0</strong></span> <span class='ocrx_word' id='word_1_53' title='bbox 691 1227 760 1280; x_wconf 81' lang='grc' dir='ltr'><strong>δὲ</strong></span> <span class='ocrx_word' id='word_1_54' title='bbox 810 1228 909 1280; x_wconf 80' lang='grc' dir='ltr'><strong>ἐπὶ</strong></span> <span class='ocrx_word' id='word_1_55' title='bbox 966 1227 1080 1295; x_wconf 80' lang='grc' dir='ltr'><strong>τὴν</strong></span> <span class='ocrx_word' id='word_1_56' title='bbox 1133 1226 1251 1296; x_wconf 78' lang='grc' dir='ltr'><strong>γῆν</strong></span> <span class='ocrx_word' id='word_1_57' title='bbox 1280 1227 1394 1294; x_wconf 78' lang='grc' dir='ltr'><strong>τὴν</strong></span> <span class='ocrx_word' id='word_1_58' title='bbox 1442 1227 1640 1295; x_wconf 79' lang='grc' dir='ltr'><em>καλὴν</em></span> <span class='ocrx_word' id='word_1_59' title='bbox 1683 1230 1973 1297; x_wconf 70' lang='grc' dir='ltr'>σπαρείς,</span> 
     </span>
    </p>
   </div>
   <div class='ocr_carea' id='block_1_11' title="bbox 397 1317 1974 1388">
    <p class='ocr_par' dir='ltr' id='par_1_11' title="bbox 397 1317 1974 1388">
     <span class='ocr_line' id='line_1_11' title="bbox 397 1317 1974 1388; baseline -0.001 -12"><span class='ocrx_word' id='word_1_60' title='bbox 397 1317 579 1385; x_wconf 85' lang='grc' dir='ltr'>οὗτός</span> <span class='ocrx_word' id='word_1_61' title='bbox 620 1319 791 1372; x_wconf 80' lang='grc' dir='ltr'>ἐστιν</span> <span class='ocrx_word' id='word_1_62' title='bbox 827 1321 860 1372; x_wconf 78' lang='grc' dir='ltr'><em>ό</em></span> <span class='ocrx_word' id='word_1_63' title='bbox 902 1318 1009 1371; x_wconf 82' lang='grc' dir='ltr'><strong>τὸν</strong></span> <span class='ocrx_word' id='word_1_64' title='bbox 1047 1319 1232 1387; x_wconf 72' lang='grc' dir='ltr'><em>λόγον</em></span> <span class='ocrx_word' id='word_1_65' title='bbox 1256 1318 1365 1388; x_wconf 71' lang='grc'><strong>(82)</strong></span> <span class='ocrx_word' id='word_1_66' title='bbox 1403 1319 1642 1372; x_wconf 74' lang='grc' dir='ltr'>ἁκούων</span> <span class='ocrx_word' id='word_1_67' title='bbox 1681 1321 1776 1374; x_wconf 75' lang='grc' dir='ltr'><strong>καὶ</strong></span> <span class='ocrx_word' id='word_1_68' title='bbox 1825 1339 1974 1375; x_wconf 76' lang='grc' dir='ltr'>συν-</span> 
     </span>
    </p>
   </div>
   <div class='ocr_carea' id='block_1_12' title="bbox 401 1410 1972 1480">
    <p class='ocr_par' dir='ltr' id='par_1_12' title="bbox 401 1410 1972 1480">
     <span class='ocr_line' id='line_1_12' title="bbox 401 1410 1972 1480; baseline 0.001 -16"><span class='ocrx_word' id='word_1_69' title='bbox 401 1413 529 1466; x_wconf 65' lang='grc' dir='ltr'>ιώιμ</span> <span class='ocrx_word' id='word_1_70' title='bbox 582 1412 648 1477; x_wconf 83' lang='grc' dir='ltr'><strong>ὃς</strong></span> <span class='ocrx_word' id='word_1_71' title='bbox 681 1411 757 1479; x_wconf 80' lang='grc' dir='ltr'><strong>δὴ</strong></span> <span class='ocrx_word' id='word_1_72' title='bbox 787 1410 1166 1480; x_wconf 69' lang='grc' dir='ltr'>καρποφορεῖ,</span> <span class='ocrx_word' id='word_1_73' title='bbox 1201 1412 1298 1464; x_wconf 81' lang='grc' dir='ltr'><strong>καὶ</strong></span> <span class='ocrx_word' id='word_1_74' title='bbox 1331 1410 1490 1463; x_wconf 80' lang='grc' dir='ltr'>ποιεῖ</span> <span class='ocrx_word' id='word_1_75' title='bbox 1514 1414 1546 1463; x_wconf 86' lang='grc' dir='ltr'><strong><em>ό</em></strong></span> <span class='ocrx_word' id='word_1_76' title='bbox 1583 1412 1701 1480; x_wconf 80' lang='grc' dir='ltr'><strong>μὲν</strong></span> <span class='ocrx_word' id='word_1_77' title='bbox 1739 1413 1972 1478; x_wconf 78' lang='grc' dir='ltr'>ἑκατὸν,</span> 
     </span>
    </p>
   </div>
   <div class='ocr_carea' id='block_1_13' title="bbox 397 1503 1974 1575">
    <p class='ocr_par' dir='ltr' id='par_1_13' title="bbox 397 1503 1974 1575">
     <span class='ocr_line' id='line_1_13' title="bbox 397 1503 1974 1575; baseline -0.001 -16"><span class='ocrx_word' id='word_1_78' title='bbox 397 1509 434 1559; x_wconf 81' lang='grc' dir='ltr'><em>ὀ</em></span> <span class='ocrx_word' id='word_1_79' title='bbox 465 1505 531 1558; x_wconf 83' lang='grc' dir='ltr'><strong>δὲ</strong></span> <span class='ocrx_word' id='word_1_80' title='bbox 559 1505 878 1572; x_wconf 76' lang='grc' dir='ltr'>ἐξήκοντα,</span> <span class='ocrx_word' id='word_1_81' title='bbox 915 1507 947 1557; x_wconf 84' lang='grc' dir='ltr'><em>ό</em></span> <span class='ocrx_word' id='word_1_82' title='bbox 974 1503 1042 1555; x_wconf 84' lang='grc' dir='ltr'><em>δὲ</em></span> <span class='ocrx_word' id='word_1_83' title='bbox 1066 1503 1380 1570; x_wconf 78' lang='grc' dir='ltr'>τριάκοντα</span> <span class='ocrx_word' id='word_1_84' title='bbox 1400 1521 1412 1534; x_wconf 90' lang='grc'>·</span> <span class='ocrx_word' id='word_1_85' title='bbox 1450 1504 1585 1575; x_wconf 84' lang='grc' dir='ltr'>ὅπερ</span> <span class='ocrx_word' id='word_1_86' title='bbox 1619 1505 1708 1557; x_wconf 74' lang='grc' dir='ltr'><strong>καὶ</strong></span> <span class='ocrx_word' id='word_1_87' title='bbox 1745 1506 1838 1557; x_wconf 74' lang='grc' dir='ltr'><strong>ἐπὶ</strong></span> <span class='ocrx_word' id='word_1_88' title='bbox 1868 1505 1974 1558; x_wconf 75' lang='grc' dir='ltr'>τῶν</span> 
     </span>
    </p>
   </div>
   <div class='ocr_carea' id='block_1_14' title="bbox 356 1591 1974 1668">
    <p class='ocr_par' dir='ltr' id='par_1_14' title="bbox 356 1591 1974 1668">
     <span class='ocr_line' id='line_1_14' title="bbox 356 1591 1974 1668; baseline 0 -17"><span class='ocrx_word' id='word_1_89' title='bbox 356 1645 360 1650; x_wconf 79' lang='lat'><strong>.</strong></span> <span class='ocrx_word' id='word_1_90' title='bbox 398 1599 494 1661; x_wconf 83' lang='grc' dir='ltr'><strong>τὰς</strong></span> <span class='ocrx_word' id='word_1_91' title='bbox 521 1597 656 1668; x_wconf 80' lang='grc' dir='ltr'>μνᾶς</span> <span class='ocrx_word' id='word_1_92' title='bbox 687 1595 1101 1666; x_wconf 80' lang='grc' dir='ltr'><strong>ὑποδεξαμένων</strong></span> <span class='ocrx_word' id='word_1_93' title='bbox 1125 1596 1438 1665; x_wconf 82' lang='grc' dir='ltr'>εὑρίσκεται</span> <span class='ocrx_word' id='word_1_94' title='bbox 1463 1613 1476 1626; x_wconf 73' lang='grc' dir='ltr'><strong>ο</strong></span> <span class='ocrx_word' id='word_1_95' title='bbox 1507 1597 1636 1649; x_wconf 84' lang='grc' dir='ltr'>ποτὲ</span> <span class='ocrx_word' id='word_1_96' title='bbox 1669 1598 1746 1661; x_wconf 80' lang='grc' dir='ltr'>δὲ,</span> <span class='ocrx_word' id='word_1_97' title='bbox 1769 1591 1842 1668; x_wconf 71' lang='grc' dir='ltr'><strong>τῼ</strong></span> <span class='ocrx_word' id='word_1_98' title='bbox 1859 1599 1974 1667; x_wconf 81' lang='grc' dir='ltr'><strong>μὲν</strong></span> 
     </span>
    </p>
   </div>
   <div class='ocr_carea' id='block_1_15' title="bbox 395 1679 1732 1754">
    <p class='ocr_par' dir='ltr' id='par_1_15' title="bbox 395 1679 1732 1754">
     <span class='ocr_line' id='line_1_15' title="bbox 395 1679 1732 1754; baseline 0 -12"><span class='ocrx_word' id='word_1_99' title='bbox 395 1688 580 1748; x_wconf 69' lang='grc' dir='ltr'>ἔδωκε</span> <span class='ocrx_word' id='word_1_100' title='bbox 613 1687 794 1740; x_wconf 79' lang='grc' dir='ltr'>πέντε</span> <span class='ocrx_word' id='word_1_101' title='bbox 824 1685 1110 1751; x_wconf 78' lang='grc' dir='ltr'>τάλαντα,</span> <span class='ocrx_word' id='word_1_102' title='bbox 1141 1679 1188 1752; x_wconf 83' lang='grc' dir='ltr'><strong>ᾧ</strong></span> <span class='ocrx_word' id='word_1_103' title='bbox 1211 1686 1280 1739; x_wconf 85' lang='grc' dir='ltr'><em>δὲ</em></span> <span class='ocrx_word' id='word_1_104' title='bbox 1307 1687 1438 1754; x_wconf 84' lang='grc' dir='ltr'>δύο,</span> <span class='ocrx_word' id='word_1_105' title='bbox 1473 1680 1520 1753; x_wconf 85' lang='grc' dir='ltr'>ᾧ</span> <span class='ocrx_word' id='word_1_106' title='bbox 1549 1688 1616 1741; x_wconf 83' lang='grc' dir='ltr'><strong>δὲ</strong></span> <span class='ocrx_word' id='word_1_107' title='bbox 1645 1689 1732 1742; x_wconf 81' lang='grc' dir='ltr'><strong>ἓν.</strong></span> 
     </span>
    </p>
   </div>
   <div class='ocr_carea' id='block_1_16' title="bbox 941 2006 1426 2059">
    <p class='ocr_par' dir='ltr' id='par_1_16' title="bbox 941 2006 1426 2059">
     <span class='ocr_line' id='line_1_16' title="bbox 941 2006 1426 2059; baseline -0.002 0"><span class='ocrx_word' id='word_1_108' title='bbox 941 2006 1278 2059; x_wconf 83' lang='grc' dir='ltr'><strong>ΕΡΩΤΗΣΙΣ</strong></span> <span class='ocrx_word' id='word_1_109' title='bbox 1315 2007 1426 2058; x_wconf 86' lang='grc' dir='ltr'><strong>ΣΔ’.</strong></span> 
     </span>
    </p>
   </div>
   <div class='ocr_carea' id='block_1_17' title="bbox 397 2115 1974 2187">
    <p class='ocr_par' dir='ltr' id='par_1_17' title="bbox 397 2115 1974 2187">
     <span class='ocr_line' id='line_1_17' title="bbox 397 2115 1974 2187; baseline -0.002 -15"><span class='ocrx_word' id='word_1_110' title='bbox 397 2117 532 2183; x_wconf 67' lang='grc' dir='ltr'><strong>Πῶς</strong></span> <span class='ocrx_word' id='word_1_111' title='bbox 555 2117 942 2183; x_wconf 76' lang='grc' dir='ltr'>καταξιοῦταί</span> <span class='ocrx_word' id='word_1_112' title='bbox 965 2117 1078 2187; x_wconf 76' lang='grc'><strong>(85)</strong></span> <span class='ocrx_word' id='word_1_113' title='bbox 1109 2135 1199 2183; x_wconf 82' lang='grc' dir='ltr'>τις</span> <span class='ocrx_word' id='word_1_114' title='bbox 1243 2119 1587 2186; x_wconf 79' lang='grc' dir='ltr'>Πνεύματος</span> <span class='ocrx_word' id='word_1_115' title='bbox 1615 2117 1786 2186; x_wconf 80' lang='grc' dir='ltr'><strong>ἁγίου</strong></span> <span class='ocrx_word' id='word_1_116' title='bbox 1812 2115 1974 2186; x_wconf 74' lang='grc' dir='ltr'><strong>γενέ-</strong></span> 
     </span>
    </p>
   </div>
   <div class='ocr_carea' id='block_1_18' title="bbox 965 2187 1408 2256">
    <p class='ocr_par' dir='ltr' id='par_1_18' title="bbox 965 2187 1408 2256">
     <span class='ocr_line' id='line_1_18' title="bbox 965 2187 1408 2256; baseline -0.005 -15"><span class='ocrx_word' id='word_1_117' title='bbox 965 2191 1108 2241; x_wconf 88' lang='grc' dir='ltr'>σθαι</span> <span class='ocrx_word' id='word_1_118' title='bbox 1132 2187 1408 2256; x_wconf 81' lang='grc' dir='ltr'><strong>μέτοχος.</strong></span> 
     </span>
    </p>
   </div>
   <div class='ocr_carea' id='block_1_19' title="bbox 990 2321 1384 2374">
    <p class='ocr_par' dir='ltr' id='par_1_19' title="bbox 990 2321 1384 2374">
     <span class='ocr_line' id='line_1_19' title="bbox 990 2321 1384 2374; baseline 0.003 -1"><span class='ocrx_word' id='word_1_119' title='bbox 990 2321 1384 2374; x_wconf 74' lang='grc' dir='ltr'><strong>ΑΠΟΚΡΙΣΙΣ.</strong></span> 
     </span>
    </p>
   </div>
   <div class='ocr_carea' id='block_1_20' title="bbox 485 2453 1970 2526">
    <p class='ocr_par' dir='ltr' id='par_1_20' title="bbox 485 2453 1970 2526">
     <span class='ocr_line' id='line_1_20' title="bbox 485 2453 1970 2526; baseline -0.002 -17"><span class='ocrx_word' id='word_1_120' title='bbox 485 2456 543 2509; x_wconf 90' lang='grc' dir='ltr'>Ὀ</span> <span class='ocrx_word' id='word_1_121' title='bbox 570 2455 775 2526; x_wconf 85' lang='grc' dir='ltr'>Κύριος</span> <span class='ocrx_word' id='word_1_122' title='bbox 800 2453 957 2525; x_wconf 82' lang='grc' dir='ltr'>ἡμῶν</span> <span class='ocrx_word' id='word_1_123' title='bbox 999 2453 1204 2524; x_wconf 81' lang='grc' dir='ltr'>Ἰησοῦς</span> <span class='ocrx_word' id='word_1_124' title='bbox 1227 2453 1462 2523; x_wconf 72' lang='grc' dir='ltr'>Χριστὸς</span> <span class='ocrx_word' id='word_1_125' title='bbox 1484 2453 1740 2519; x_wconf 71' lang='grc' dir='ltr'>ἐδίδαξεν,</span> <span class='ocrx_word' id='word_1_126' title='bbox 1769 2453 1937 2506; x_wconf 79' lang='grc' dir='ltr'>εἰπών</span> <span class='ocrx_word' id='word_1_127' title='bbox 1957 2469 1970 2482; x_wconf 89' lang='grc'><strong>·</strong></span> 
     </span>
    </p>
   </div>
   <div class='ocr_carea' id='block_1_21' title="bbox 412 2543 1970 2614">
    <p class='ocr_par' dir='ltr' id='par_1_21' title="bbox 412 2543 1970 2614">
     <span class='ocr_line' id='line_1_21' title="bbox 412 2543 1970 2614; baseline -0.003 -12"><span class='ocrx_word' id='word_1_128' title='bbox 412 2549 551 2602; x_wconf 84' lang='grc' dir='ltr'><em>Ἐὰν</em></span> <span class='ocrx_word' id='word_1_129' title='bbox 570 2545 837 2614; x_wconf 75' lang='grc' dir='ltr'><strong>ἀγαπᾶτέ</strong></span> <span class='ocrx_word' id='word_1_130' title='bbox 851 2557 950 2614; x_wconf 68' lang='grc' dir='ltr'><strong>με,</strong></span> <span class='ocrx_word' id='word_1_131' title='bbox 965 2546 1073 2610; x_wconf 85' lang='grc' dir='ltr'><strong>τὰς</strong></span> <span class='ocrx_word' id='word_1_132' title='bbox 1090 2543 1342 2610; x_wconf 81' lang='grc' dir='ltr'><strong>ἐντολὰς</strong></span> <span class='ocrx_word' id='word_1_133' title='bbox 1361 2544 1468 2608; x_wconf 86' lang='grc' dir='ltr'><strong>τὰς</strong></span> <span class='ocrx_word' id='word_1_134' title='bbox 1491 2545 1636 2613; x_wconf 84' lang='grc' dir='ltr'><strong>ἐμὰς</strong></span> <span class='ocrx_word' id='word_1_135' title='bbox 1656 2545 1970 2612; x_wconf 78' lang='grc' dir='ltr'><strong>τηρήσατε.</strong></span> 
     </span>
    </p>
   </div>
   <div class='ocr_carea' id='block_1_22' title="bbox 396 2634 1974 2707">
    <p class='ocr_par' dir='ltr' id='par_1_22' title="bbox 396 2634 1974 2707">
     <span class='ocr_line' id='line_1_22' title="bbox 396 2634 1974 2707; baseline -0.002 -15"><span class='ocrx_word' id='word_1_136' title='bbox 396 2641 503 2693; x_wconf 77' lang='lat' dir='ltr'><strong>Kal</strong></span> <span class='ocrx_word' id='word_1_137' title='bbox 533 2639 647 2706; x_wconf 70' lang='grc' dir='ltr'><strong>ἐγὼ</strong></span> <span class='ocrx_word' id='word_1_138' title='bbox 671 2637 953 2707; x_wconf 80' lang='grc' dir='ltr'><strong>ἐρωτήσω</strong></span> <span class='ocrx_word' id='word_1_139' title='bbox 983 2637 1090 2689; x_wconf 85' lang='grc' dir='ltr'><strong>τὸν</strong></span> <span class='ocrx_word' id='word_1_140' title='bbox 1130 2634 1378 2703; x_wconf 85' lang='grc' dir='ltr'><strong>Πατέρα,</strong></span> <span class='ocrx_word' id='word_1_141' title='bbox 1420 2636 1517 2688; x_wconf 77' lang='grc' dir='ltr'><strong>καὶ</strong></span> <span class='ocrx_word' id='word_1_142' title='bbox 1561 2635 1753 2689; x_wconf 76' lang='grc' dir='ltr'><em>ἄλλον</em></span> <span class='ocrx_word' id='word_1_143' title='bbox 1780 2635 1974 2704; x_wconf 78' lang='grc' dir='ltr'>Παρά-</span> 
     </span>
    </p>
   </div>
   <div class='ocr_carea' id='block_1_23' title="bbox 397 2726 1976 2797">
    <p class='ocr_par' dir='ltr' id='par_1_23' title="bbox 397 2726 1976 2797">
     <span class='ocr_line' id='line_1_23' title="bbox 397 2726 1976 2797; baseline -0.002 -14"><span class='ocrx_word' id='word_1_144' title='bbox 397 2734 623 2797; x_wconf 81' lang='grc' dir='ltr'>κλητον</span> <span class='ocrx_word' id='word_1_145' title='bbox 651 2729 828 2782; x_wconf 84' lang='grc' dir='ltr'>δώσει</span> <span class='ocrx_word' id='word_1_146' title='bbox 871 2728 1034 2796; x_wconf 84' lang='grc' dir='ltr'>ὑμῖν,</span> <span class='ocrx_word' id='word_1_147' title='bbox 1072 2729 1171 2780; x_wconf 80' lang='grc' dir='ltr'><strong>ἵνα</strong></span> <span class='ocrx_word' id='word_1_148' title='bbox 1198 2727 1350 2797; x_wconf 79' lang='grc' dir='ltr'><strong>μένῃ</strong></span> <span class='ocrx_word' id='word_1_149' title='bbox 1388 2730 1514 2796; x_wconf 84' lang='grc' dir='ltr'>μεθ’</span> <span class='ocrx_word' id='word_1_150' title='bbox 1543 2726 1711 2794; x_wconf 79' lang='grc' dir='ltr'><strong>ὑμῶν</strong></span> <span class='ocrx_word' id='word_1_151' title='bbox 1753 2730 1838 2792; x_wconf 80' lang='grc' dir='ltr'><strong>εὶς</strong></span> <span class='ocrx_word' id='word_1_152' title='bbox 1871 2728 1976 2780; x_wconf 79' lang='grc' dir='ltr'><strong>τὸν</strong></span> 
     </span>
    </p>
   </div>
   <div class='ocr_carea' id='block_1_24' title="bbox 392 2817 1975 2889">
    <p class='ocr_par' dir='ltr' id='par_1_24' title="bbox 392 2817 1975 2889">
     <span class='ocr_line' id='line_1_24' title="bbox 392 2817 1975 2889; baseline -0.003 -13"><span class='ocrx_word' id='word_1_153' title='bbox 392 2821 608 2880; x_wconf 70' lang='grc' dir='ltr'><strong>αἰῶνα.</strong></span> <span class='ocrx_word' id='word_1_154' title='bbox 641 2821 707 2873; x_wconf 85' lang='grc' dir='ltr'>τὸ</span> <span class='ocrx_word' id='word_1_155' title='bbox 737 2821 976 2889; x_wconf 78' lang='grc' dir='ltr'><strong>Πνεῦμα</strong></span> <span class='ocrx_word' id='word_1_156' title='bbox 1008 2819 1116 2889; x_wconf 71' lang='grc'>(84)</span> <span class='ocrx_word' id='word_1_157' title='bbox 1147 2817 1256 2886; x_wconf 82' lang='grc' dir='ltr'><strong>τῆς</strong></span> <span class='ocrx_word' id='word_1_158' title='bbox 1293 2819 1598 2884; x_wconf 81' lang='grc' dir='ltr'>ἀληθείας,</span> <span class='ocrx_word' id='word_1_159' title='bbox 1621 2818 1652 2870; x_wconf 85' lang='grc' dir='ltr'>ὃ</span> <span class='ocrx_word' id='word_1_160' title='bbox 1687 2821 1720 2872; x_wconf 85' lang='grc' dir='ltr'><em>ό</em></span> <span class='ocrx_word' id='word_1_161' title='bbox 1751 2820 1975 2883; x_wconf 79' lang='grc' dir='ltr'>κόσμος</span> 
     </span>
    </p>
   </div>
   <div class='ocr_carea' id='block_1_25' title="bbox 393 2904 1974 2979">
    <p class='ocr_par' dir='ltr' id='par_1_25' title="bbox 393 2904 1974 2979">
     <span class='ocr_line' id='line_1_25' title="bbox 393 2904 1974 2979; baseline -0.002 -13"><span class='ocrx_word' id='word_1_162' title='bbox 393 2915 465 2966; x_wconf 85' lang='grc' dir='ltr'>οὐ</span> <span class='ocrx_word' id='word_1_163' title='bbox 504 2913 751 2965; x_wconf 77' lang='grc' dir='ltr'>δύναται</span> <span class='ocrx_word' id='word_1_164' title='bbox 791 2911 1018 2966; x_wconf 80' lang='grc' dir='ltr'><strong>λαϐεῖν.</strong></span> <span class='ocrx_word' id='word_1_165' title='bbox 1055 2911 1198 2972; x_wconf 85' lang='grc' dir='ltr'>Ἕως</span> <span class='ocrx_word' id='word_1_166' title='bbox 1251 2904 1346 2961; x_wconf 81' lang='grc' dir='ltr'><strong>οὖν</strong></span> <span class='ocrx_word' id='word_1_167' title='bbox 1383 2910 1442 2961; x_wconf 82' lang='grc' dir='ltr'><strong>οὑ</strong></span> <span class='ocrx_word' id='word_1_168' title='bbox 1491 2908 1766 2979; x_wconf 81' lang='grc' dir='ltr'><strong>τηροῦμεν</strong></span> <span class='ocrx_word' id='word_1_169' title='bbox 1797 2911 1974 2974; x_wconf 79' lang='grc' dir='ltr'>πάσας</span> 
     </span>
    </p>
   </div>
   <div class='ocr_carea' id='block_1_26' title="bbox 394 3005 1972 3078">
    <p class='ocr_par' dir='ltr' id='par_1_26' title="bbox 394 3005 1972 3078">
     <span class='ocr_line' id='line_1_26' title="bbox 394 3005 1972 3078; baseline -0.002 -18"><span class='ocrx_word' id='word_1_170' title='bbox 394 3007 490 3071; x_wconf 79' lang='grc' dir='ltr'>τὰς</span> <span class='ocrx_word' id='word_1_171' title='bbox 519 3008 739 3072; x_wconf 76' lang='grc' dir='ltr'>ἐντολὰς</span> <span class='ocrx_word' id='word_1_172' title='bbox 772 3007 868 3060; x_wconf 86' lang='grc' dir='ltr'><strong>τοῦ</strong></span> <span class='ocrx_word' id='word_1_173' title='bbox 914 3007 1144 3078; x_wconf 79' lang='grc' dir='ltr'><strong>Κυρίου,</strong></span> <span class='ocrx_word' id='word_1_174' title='bbox 1183 3005 1305 3058; x_wconf 84' lang='grc' dir='ltr'>οὑδέ</span> <span class='ocrx_word' id='word_1_175' title='bbox 1342 3008 1507 3076; x_wconf 78' lang='grc' dir='ltr'>ἐσμεν</span> <span class='ocrx_word' id='word_1_176' title='bbox 1538 3005 1788 3071; x_wconf 83' lang='grc' dir='ltr'>τοιοῦτοι,</span> <span class='ocrx_word' id='word_1_177' title='bbox 1833 3007 1972 3058; x_wconf 77' lang='grc' dir='ltr'>ὥστε</span> 
     </span>
    </p>
   </div>
   <div class='ocr_carea' id='block_1_27' title="bbox 397 3095 1973 3169">
    <p class='ocr_par' dir='ltr' id='par_1_27' title="bbox 397 3095 1973 3169">
     <span class='ocr_line' id='line_1_27' title="bbox 397 3095 1973 3169; baseline -0.001 -20"><span class='ocrx_word' id='word_1_178' title='bbox 397 3098 813 3169; x_wconf 82' lang='grc' dir='ltr'>μαρτυρηοῆναι</span> <span class='ocrx_word' id='word_1_179' title='bbox 863 3097 953 3150; x_wconf 82' lang='grc' dir='ltr'><strong>ὑπ’</strong></span> <span class='ocrx_word' id='word_1_180' title='bbox 985 3095 1184 3159; x_wconf 81' lang='grc' dir='ltr'>αὑτοῦ,</span> <span class='ocrx_word' id='word_1_181' title='bbox 1217 3096 1298 3148; x_wconf 82' lang='grc' dir='ltr'>ὅτι</span> <span class='ocrx_word' id='word_1_182' title='bbox 1354 3095 1552 3164; x_wconf 80' lang='grc' dir='ltr'><strong>’Υμεῒς</strong></span> <span class='ocrx_word' id='word_1_183' title='bbox 1579 3099 1689 3150; x_wconf 86' lang='grc' dir='ltr'>οὐκ</span> <span class='ocrx_word' id='word_1_184' title='bbox 1717 3097 1858 3150; x_wconf 88' lang='grc' dir='ltr'>ἐστὲ</span> <span class='ocrx_word' id='word_1_185' title='bbox 1906 3098 1973 3150; x_wconf 83' lang='grc' dir='ltr'>ἐκ</span> 
     </span>
    </p>
   </div>
   <div class='ocr_carea' id='block_1_28' title="bbox 394 3189 2042 3284">
    <p class='ocr_par' dir='ltr' id='par_1_28' title="bbox 394 3189 2042 3284">
     <span class='ocr_line' id='line_1_28' title="bbox 394 3189 2042 3284; baseline 0.001 -41"><span class='ocrx_word' id='word_1_186' title='bbox 394 3191 498 3245; x_wconf 87' lang='grc' dir='ltr'>τοῦ</span> <span class='ocrx_word' id='word_1_187' title='bbox 523 3193 754 3260; x_wconf 77' lang='grc' dir='ltr'>κόσμου</span> <span class='ocrx_word' id='word_1_188' title='bbox 787 3191 1024 3254; x_wconf 86' lang='grc' dir='ltr'>τούτου,</span> <span class='ocrx_word' id='word_1_189' title='bbox 1049 3190 1365 3260; x_wconf 82' lang='grc' dir='ltr'>Πνεύματος</span> <span class='ocrx_word' id='word_1_190' title='bbox 1386 3189 1540 3257; x_wconf 80' lang='grc' dir='ltr'>ἁγίου</span> <span class='ocrx_word' id='word_1_191' title='bbox 1571 3190 1974 3260; x_wconf 76' lang='grc' dir='ltr'><strong>καταξιωθῆναι</strong></span> <span class='ocrx_word' id='word_1_192' title='bbox 2000 3228 2042 3284; x_wconf 77' lang='lat' dir='ltr'><strong>C</strong></span> 
     </span>
    </p>
   </div>
   <div class='ocr_carea' id='block_1_29' title="bbox 393 3279 986 3351">
    <p class='ocr_par' dir='ltr' id='par_1_29' title="bbox 393 3279 986 3351">
     <span class='ocr_line' id='line_1_29' title="bbox 393 3279 986 3351; baseline -0.002 -18"><span class='ocrx_word' id='word_1_193' title='bbox 393 3279 470 3351; x_wconf 81' lang='grc' dir='ltr'>μὴ</span> <span class='ocrx_word' id='word_1_194' title='bbox 499 3281 986 3351; x_wconf 84' lang='grc' dir='ltr'>προσδοκήσωμεν.</span> 
     </span>
    </p>
   </div>
   <div class='ocr_carea' id='block_1_30' title="bbox 927 3411 1431 3466">
    <p class='ocr_par' dir='ltr' id='par_1_30' title="bbox 927 3411 1431 3466">
     <span class='ocr_line' id='line_1_30' title="bbox 927 3411 1431 3466; baseline 0 -1"><span class='ocrx_word' id='word_1_195' title='bbox 927 3411 1264 3465; x_wconf 82' lang='grc' dir='ltr'><strong>ΕΡΩΤΗΣΙΣ</strong></span> <span class='ocrx_word' id='word_1_196' title='bbox 1316 3411 1431 3466; x_wconf 85' lang='grc' dir='ltr'><strong>ΣΕ’.</strong></span> 
     </span>
    </p>
   </div>
   <div class='ocr_carea' id='block_1_31' title="bbox 602 3523 1755 3595">
    <p class='ocr_par' dir='ltr' id='par_1_31' title="bbox 602 3523 1755 3595">
     <span class='ocr_line' id='line_1_31' title="bbox 602 3523 1755 3595; baseline 0 -17"><span class='ocrx_word' id='word_1_197' title='bbox 602 3526 767 3590; x_wconf 77' lang='grc' dir='ltr'>Τίνες</span> <span class='ocrx_word' id='word_1_198' title='bbox 798 3524 959 3577; x_wconf 72' lang='grc' dir='ltr'>εἰσὶν</span> <span class='ocrx_word' id='word_1_199' title='bbox 989 3525 1042 3577; x_wconf 90' lang='lat' dir='ltr'><strong>ol</strong></span> <span class='ocrx_word' id='word_1_200' title='bbox 1074 3523 1297 3591; x_wconf 76' lang='grc' dir='ltr'>πτωχοὶ</span> <span class='ocrx_word' id='word_1_201' title='bbox 1327 3523 1407 3589; x_wconf 81' lang='grc' dir='ltr'>τῷ</span> <span class='ocrx_word' id='word_1_202' title='bbox 1443 3525 1755 3595; x_wconf 78' lang='grc' dir='ltr'>πνεύματι.</span> 
     </span>
    </p>
   </div>
   <div class='ocr_carea' id='block_1_32' title="bbox 985 3658 1375 3713">
    <p class='ocr_par' dir='ltr' id='par_1_32' title="bbox 985 3658 1375 3713">
     <span class='ocr_line' id='line_1_32' title="bbox 985 3658 1375 3713; baseline 0.005 -3"><span class='ocrx_word' id='word_1_203' title='bbox 985 3658 1375 3713; x_wconf 81' lang='grc' dir='ltr'><strong>ΔΠΟΚΡΙΣΙΣ.</strong></span> 
     </span>
    </p>
   </div>
   <div class='ocr_carea' id='block_1_33' title="bbox 463 3765 1969 3837">
    <p class='ocr_par' dir='ltr' id='par_1_33' title="bbox 463 3765 1969 3837">
     <span class='ocr_line' id='line_1_33' title="bbox 463 3765 1969 3837; baseline 0.001 -18"><span class='ocrx_word' id='word_1_204' title='bbox 463 3766 567 3820; x_wconf 91' lang='grc' dir='ltr'><strong>Τοῦ</strong></span> <span class='ocrx_word' id='word_1_205' title='bbox 599 3766 803 3836; x_wconf 80' lang='grc' dir='ltr'>Κυρίου</span> <span class='ocrx_word' id='word_1_206' title='bbox 832 3765 1084 3834; x_wconf 81' lang='grc' dir='ltr'>λέγοντος</span> <span class='ocrx_word' id='word_1_207' title='bbox 1119 3769 1248 3819; x_wconf 81' lang='grc' dir='ltr'>ποτὲ</span> <span class='ocrx_word' id='word_1_208' title='bbox 1286 3767 1384 3836; x_wconf 80' lang='grc' dir='ltr'><strong>μὲν</strong></span> <span class='ocrx_word' id='word_1_209' title='bbox 1421 3768 1522 3831; x_wconf 84' lang='grc' dir='ltr'>ὅτι,</span> <span class='ocrx_word' id='word_1_210' title='bbox 1567 3767 1640 3820; x_wconf 82' lang='grc' dir='ltr'><strong>Τὰ</strong></span> <span class='ocrx_word' id='word_1_211' title='bbox 1665 3767 1902 3837; x_wconf 71' lang='grc' dir='ltr'>ῥήματα</span> <span class='ocrx_word' id='word_1_212' title='bbox 1931 3767 1969 3820; x_wconf 81' lang='lat' dir='ltr'><strong>d</strong></span> 
     </span>
    </p>
   </div>
   <div class='ocr_carea' id='block_1_34' title="bbox 392 3854 1963 3925">
    <p class='ocr_par' dir='ltr' id='par_1_34' title="bbox 392 3854 1963 3925">
     <span class='ocr_line' id='line_1_34' title="bbox 392 3854 1963 3925; baseline 0.001 -16"><span class='ocrx_word' id='word_1_213' title='bbox 392 3856 507 3925; x_wconf 77' lang='grc' dir='ltr'><strong>ἐγὼ</strong></span> <span class='ocrx_word' id='word_1_214' title='bbox 537 3855 848 3922; x_wconf 79' lang='grc' dir='ltr'><strong>λελάληκα</strong></span> <span class='ocrx_word' id='word_1_215' title='bbox 870 3854 1031 3923; x_wconf 79' lang='grc' dir='ltr'>ὑμῖν,</span> <span class='ocrx_word' id='word_1_216' title='bbox 1065 3854 1301 3924; x_wconf 76' lang='grc' dir='ltr'>πνεῦμά</span> <span class='ocrx_word' id='word_1_217' title='bbox 1343 3857 1496 3921; x_wconf 86' lang='grc' dir='ltr'>ἐστι,</span> <span class='ocrx_word' id='word_1_218' title='bbox 1526 3857 1622 3909; x_wconf 79' lang='grc' dir='ltr'><strong>καὶ</strong></span> <span class='ocrx_word' id='word_1_219' title='bbox 1659 3857 1767 3923; x_wconf 60' lang='lat' dir='ltr'><strong>(toﬁ</strong></span> <span class='ocrx_word' id='word_1_220' title='bbox 1799 3858 1928 3910; x_wconf 84' lang='grc' dir='ltr'>ἐστι</span> <span class='ocrx_word' id='word_1_221' title='bbox 1951 3875 1963 3888; x_wconf 80' lang='grc'><em>’</em></span> 
     </span>
    </p>
   </div>
   <div class='ocr_carea' id='block_1_35' title="bbox 393 3947 1969 4016">
    <p class='ocr_par' dir='ltr' id='par_1_35' title="bbox 393 3947 1969 4016">
     <span class='ocr_line' id='line_1_35' title="bbox 393 3947 1969 4016; baseline 0.001 -15"><span class='ocrx_word' id='word_1_222' title='bbox 393 3949 522 4001; x_wconf 82' lang='grc' dir='ltr'>ποτὲ</span> <span class='ocrx_word' id='word_1_223' title='bbox 572 3948 626 4000; x_wconf 79' lang='grc' dir='ltr'><strong>δὲ</strong></span> <span class='ocrx_word' id='word_1_224' title='bbox 677 3949 779 4010; x_wconf 85' lang='grc' dir='ltr'>ὅτι,</span> <span class='ocrx_word' id='word_1_225' title='bbox 840 3947 908 4000; x_wconf 85' lang='grc' dir='ltr'><em>Τὸ</em></span> <span class='ocrx_word' id='word_1_226' title='bbox 953 3947 1198 4016; x_wconf 82' lang='grc' dir='ltr'>Πνεῦμα</span> <span class='ocrx_word' id='word_1_227' title='bbox 1239 3947 1305 4000; x_wconf 81' lang='grc' dir='ltr'>τὸ</span> <span class='ocrx_word' id='word_1_228' title='bbox 1340 3948 1511 4011; x_wconf 77' lang='grc' dir='ltr'>ἅγιον</span> <span class='ocrx_word' id='word_1_229' title='bbox 1557 3948 1782 4012; x_wconf 76' lang='grc' dir='ltr'>διδάξει</span> <span class='ocrx_word' id='word_1_230' title='bbox 1815 3947 1969 4016; x_wconf 82' lang='grc' dir='ltr'><strong>ὑμᾶς</strong></span> 
     </span>
    </p>
   </div>
   <div class='ocr_carea' id='block_1_36' title="bbox 392 4037 1968 4110">
    <p class='ocr_par' dir='ltr' id='par_1_36' title="bbox 392 4037 1968 4110">
     <span class='ocr_line' id='line_1_36' title="bbox 392 4037 1968 4110; baseline 0.002 -18"><span class='ocrx_word' id='word_1_231' title='bbox 392 4039 608 4101; x_wconf 74' lang='grc' dir='ltr'>πάντα,</span> <span class='ocrx_word' id='word_1_232' title='bbox 630 4039 725 4092; x_wconf 80' lang='grc' dir='ltr'><strong>καὶ</strong></span> <span class='ocrx_word' id='word_1_233' title='bbox 753 4039 1091 4108; x_wconf 80' lang='grc' dir='ltr'>ὑπομνήσει</span> <span class='ocrx_word' id='word_1_234' title='bbox 1117 4039 1277 4108; x_wconf 80' lang='grc' dir='ltr'><strong>(85&gt;ἂ</strong></span> <span class='ocrx_word' id='word_1_235' title='bbox 1293 4037 1370 4091; x_wconf 82' lang='grc' dir='ltr'><strong>ἂν</strong></span> <span class='ocrx_word' id='word_1_236' title='bbox 1395 4040 1541 4092; x_wconf 83' lang='grc' dir='ltr'>εἴπω</span> <span class='ocrx_word' id='word_1_237' title='bbox 1566 4039 1736 4107; x_wconf 77' lang='grc' dir='ltr'><strong>ὑμῖνο</strong></span> <span class='ocrx_word' id='word_1_238' title='bbox 1755 4042 1826 4094; x_wconf 87' lang='grc' dir='ltr'>οὐ</span> <span class='ocrx_word' id='word_1_239' title='bbox 1859 4041 1968 4110; x_wconf 79' lang='grc' dir='ltr'><strong>γὰρ</strong></span> 
     </span>
    </p>
   </div>
   <div class='ocr_carea' id='block_1_37' title="bbox 391 4129 1966 4202">
    <p class='ocr_par' dir='ltr' id='par_1_37' title="bbox 391 4129 1966 4202">
     <span class='ocr_line' id='line_1_37' title="bbox 391 4129 1966 4202; baseline 0.003 -22"><span class='ocrx_word' id='word_1_240' title='bbox 391 4129 672 4196; x_wconf 79' lang='grc' dir='ltr'>λαλήσει,</span> <span class='ocrx_word' id='word_1_241' title='bbox 695 4129 880 4200; x_wconf 74' lang='grc' dir='ltr'>φησὶν,</span> <span class='ocrx_word' id='word_1_242' title='bbox 909 4131 1012 4197; x_wconf 56' lang='grc' dir='ltr'><strong>ἀφ’</strong></span> <span class='ocrx_word' id='word_1_243' title='bbox 1048 4129 1287 4190; x_wconf 78' lang='grc' dir='ltr'>ἑαυτοῦ,</span> <span class='ocrx_word' id='word_1_244' title='bbox 1320 4130 1456 4182; x_wconf 80' lang='grc' dir='ltr'><em>ἀλλ’</em></span> <span class='ocrx_word' id='word_1_245' title='bbox 1484 4129 1599 4182; x_wconf 82' lang='grc' dir='ltr'><strong>ὅσα</strong></span> <span class='ocrx_word' id='word_1_246' title='bbox 1623 4132 1698 4183; x_wconf 82' lang='grc' dir='ltr'><strong>ἂν</strong></span> <span class='ocrx_word' id='word_1_247' title='bbox 1734 4133 1966 4202; x_wconf 82' lang='grc' dir='ltr'><strong>ἀκούσῃ</strong></span> 
     </span>
    </p>
   </div>
   <div class='ocr_carea' id='block_1_38' title="bbox 393 4217 1968 4294">
    <p class='ocr_par' dir='ltr' id='par_1_38' title="bbox 393 4217 1968 4294">
     <span class='ocr_line' id='line_1_38' title="bbox 393 4217 1968 4294; baseline 0.001 -20"><span class='ocrx_word' id='word_1_248' title='bbox 393 4222 528 4288; x_wconf 76' lang='grc' dir='ltr'><strong>παρ’</strong></span> <span class='ocrx_word' id='word_1_249' title='bbox 562 4219 728 4289; x_wconf 85' lang='grc' dir='ltr'>ἐμοῦ,</span> <span class='ocrx_word' id='word_1_250' title='bbox 778 4221 964 4273; x_wconf 77' lang='grc' dir='ltr'>ταῦτα</span> <span class='ocrx_word' id='word_1_251' title='bbox 1003 4221 1262 4286; x_wconf 73' lang='grc' dir='ltr'>λαλήσει</span> <span class='ocrx_word' id='word_1_252' title='bbox 1283 4239 1294 4252; x_wconf 90' lang='grc'><strong>·</strong></span> <span class='ocrx_word' id='word_1_253' title='bbox 1328 4217 1474 4274; x_wconf 77' lang='grc' dir='ltr'>οὗτοί</span> <span class='ocrx_word' id='word_1_254' title='bbox 1507 4225 1643 4275; x_wconf 75' lang='grc' dir='ltr'>εἰσιν</span> <span class='ocrx_word' id='word_1_255' title='bbox 1684 4225 1730 4276; x_wconf 83' lang='grc' dir='ltr'>οἱ</span> <span class='ocrx_word' id='word_1_256' title='bbox 1764 4225 1968 4294; x_wconf 78' lang='grc' dir='ltr'>πτωχοὶ</span> 
     </span>
    </p>
   </div>
   <div class='ocr_carea' id='block_1_39' title="bbox 393 4313 1965 4385">
    <p class='ocr_par' dir='ltr' id='par_1_39' title="bbox 393 4313 1965 4385">
     <span class='ocr_line' id='line_1_39' title="bbox 393 4313 1965 4385; baseline 0.001 -20"><span class='ocrx_word' id='word_1_257' title='bbox 393 4313 471 4384; x_wconf 84' lang='grc' dir='ltr'>τῷ</span> <span class='ocrx_word' id='word_1_258' title='bbox 503 4315 794 4384; x_wconf 87' lang='grc' dir='ltr'>πνεύματι,</span> <span class='ocrx_word' id='word_1_259' title='bbox 823 4314 1016 4374; x_wconf 74' lang='grc' dir='ltr'>οἵτινες</span> <span class='ocrx_word' id='word_1_260' title='bbox 1048 4313 1107 4364; x_wconf 81' lang='grc' dir='ltr'><strong>οὐ</strong></span> <span class='ocrx_word' id='word_1_261' title='bbox 1148 4313 1213 4366; x_wconf 84' lang='grc' dir='ltr'><strong>δι’</strong></span> <span class='ocrx_word' id='word_1_262' title='bbox 1245 4313 1410 4385; x_wconf 83' lang='grc' dir='ltr'><em>ἄλλην</em></span> <span class='ocrx_word' id='word_1_263' title='bbox 1441 4313 1563 4366; x_wconf 80' lang='grc' dir='ltr'>τινὰ</span> <span class='ocrx_word' id='word_1_264' title='bbox 1586 4315 1763 4366; x_wconf 78' lang='grc' dir='ltr'>αἰτίαν</span> <span class='ocrx_word' id='word_1_265' title='bbox 1789 4317 1965 4367; x_wconf 82' lang='grc' dir='ltr'>ἐπτώ-</span> 
     </span>
    </p>
   </div>
   <div class='ocr_carea' id='block_1_40' title="bbox 394 4405 1968 4476">
    <p class='ocr_par' dir='ltr' id='par_1_40' title="bbox 394 4405 1968 4476">
     <span class='ocr_line' id='line_1_40' title="bbox 394 4405 1968 4476; baseline 0 -18"><span class='ocrx_word' id='word_1_266' title='bbox 394 4423 613 4476; x_wconf 80' lang='grc' dir='ltr'>χευσαν,</span> <span class='ocrx_word' id='word_1_267' title='bbox 636 4405 770 4459; x_wconf 83' lang='grc' dir='ltr'><em>ἀλλὰ</em></span> <span class='ocrx_word' id='word_1_268' title='bbox 799 4405 886 4458; x_wconf 76' lang='grc' dir='ltr'>διὰ</span> <span class='ocrx_word' id='word_1_269' title='bbox 920 4405 1018 4475; x_wconf 79' lang='grc' dir='ltr'><strong>τὴν</strong></span> <span class='ocrx_word' id='word_1_270' title='bbox 1047 4405 1398 4458; x_wconf 76' lang='grc' dir='ltr'><strong>διδασκαλίαν</strong></span> <span class='ocrx_word' id='word_1_271' title='bbox 1420 4406 1513 4458; x_wconf 88' lang='grc' dir='ltr'><strong>τοῦ</strong></span> <span class='ocrx_word' id='word_1_272' title='bbox 1551 4406 1757 4476; x_wconf 82' lang='grc' dir='ltr'>Κυρίου</span> <span class='ocrx_word' id='word_1_273' title='bbox 1788 4406 1968 4459; x_wconf 75' lang='grc' dir='ltr'>εἰπόν-</span> 
     </span>
    </p>
   </div>
   <div class='ocr_carea' id='block_1_41' title="bbox 392 4494 1967 4566">
    <p class='ocr_par' dir='ltr' id='par_1_41' title="bbox 392 4494 1967 4566">
     <span class='ocr_line' id='line_1_41' title="bbox 392 4494 1967 4566; baseline 0.003 -22"><span class='ocrx_word' id='word_1_274' title='bbox 392 4511 513 4558; x_wconf 76' lang='grc' dir='ltr'>τος·</span> <span class='ocrx_word' id='word_1_275' title='bbox 547 4497 790 4564; x_wconf 78' lang='grc' dir='ltr'>Ὕπαγε,</span> <span class='ocrx_word' id='word_1_276' title='bbox 827 4494 1116 4562; x_wconf 75' lang='grc' dir='ltr'><strong>πώλησον</strong></span> <span class='ocrx_word' id='word_1_277' title='bbox 1141 4496 1338 4549; x_wconf 81' lang='grc' dir='ltr'><em>πάντα</em></span> <span class='ocrx_word' id='word_1_278' title='bbox 1374 4495 1490 4548; x_wconf 82' lang='grc' dir='ltr'><strong>ὅσα</strong></span> <span class='ocrx_word' id='word_1_279' title='bbox 1520 4495 1833 4566; x_wconf 80' lang='grc' dir='ltr'><strong>ἕχεις(86),</strong></span> <span class='ocrx_word' id='word_1_280' title='bbox 1870 4495 1967 4548; x_wconf 76' lang='grc' dir='ltr'>καὶ</span> 
     </span>
    </p>
   </div>
   <div class='ocr_carea' id='block_1_42' title="bbox 392 4587 2042 4689">
    <p class='ocr_par' dir='ltr' id='par_1_42' title="bbox 392 4587 2042 4689">
     <span class='ocr_line' id='line_1_42' title="bbox 392 4587 2042 4689; baseline 0 -50"><span class='ocrx_word' id='word_1_281' title='bbox 392 4587 497 4654; x_wconf 73' lang='grc' dir='ltr'><strong>δὸς</strong></span> <span class='ocrx_word' id='word_1_282' title='bbox 531 4587 807 4656; x_wconf 81' lang='grc' dir='ltr'>πτωχοῖς.</span> <span class='ocrx_word' id='word_1_283' title='bbox 842 4589 968 4676; x_wconf 70' lang='grc' dir='ltr'>Ἐὸιν</span> <span class='ocrx_word' id='word_1_284' title='bbox 1000 4587 1056 4640; x_wconf 81' lang='grc' dir='ltr'><strong>δέ</strong></span> <span class='ocrx_word' id='word_1_285' title='bbox 1085 4605 1203 4653; x_wconf 88' lang='grc' dir='ltr'>τις,</span> <span class='ocrx_word' id='word_1_286' title='bbox 1248 4588 1342 4640; x_wconf 76' lang='grc' dir='ltr'><strong>καὶ</strong></span> <span class='ocrx_word' id='word_1_287' title='bbox 1390 4587 1486 4658; x_wconf 79' lang='grc' dir='ltr'><strong>τὴν</strong></span> <span class='ocrx_word' id='word_1_288' title='bbox 1531 4588 1778 4640; x_wconf 75' lang='grc' dir='ltr'>ὁπωσοῦν</span> <span class='ocrx_word' id='word_1_289' title='bbox 1825 4604 1965 4658; x_wconf 79' lang='grc' dir='ltr'>συμ-</span> <span class='ocrx_word' id='word_1_290' title='bbox 1999 4634 2042 4689; x_wconf 82' lang='lat' dir='ltr'>D</span> 
     </span>
    </p>
   </div>
   <div class='ocr_carea' id='block_1_43' title="bbox 395 4668 1964 4749">
    <p class='ocr_par' dir='ltr' id='par_1_43' title="bbox 395 4668 1964 4749">
     <span class='ocr_line' id='line_1_43' title="bbox 395 4668 1964 4749; baseline 0 -19"><span class='ocrx_word' id='word_1_291' title='bbox 395 4681 562 4731; x_wconf 77' lang='grc' dir='ltr'>σᾶσαν</span> <span class='ocrx_word' id='word_1_292' title='bbox 586 4679 853 4748; x_wconf 79' lang='grc' dir='ltr'>πτωχείαν</span> <span class='ocrx_word' id='word_1_293' title='bbox 887 4668 1341 4749; x_wconf 64' lang='grc' dir='ltr'>καταδεξάμενος,</span> <span class='ocrx_word' id='word_1_294' title='bbox 1383 4677 1695 4749; x_wconf 77' lang='grc' dir='ltr'>κυδερνήσῃ</span> <span class='ocrx_word' id='word_1_295' title='bbox 1741 4677 1876 4748; x_wconf 80' lang='grc' dir='ltr'>πρὸς</span> <span class='ocrx_word' id='word_1_296' title='bbox 1903 4680 1964 4730; x_wconf 87' lang='grc' dir='ltr'><strong>τὸ</strong></span> 
     </span>
    </p>
   </div>
   <div class='ocr_carea' id='block_1_44' title="bbox 395 4766 1963 4844">
    <p class='ocr_par' dir='ltr' id='par_1_44' title="bbox 395 4766 1963 4844">
     <span class='ocr_line' id='line_1_44' title="bbox 395 4766 1963 4844; baseline -0.001 -18"><span class='ocrx_word' id='word_1_297' title='bbox 395 4774 601 4844; x_wconf 82' lang='grc' dir='ltr'>θέλημα</span> <span class='ocrx_word' id='word_1_298' title='bbox 645 4774 738 4826; x_wconf 83' lang='grc' dir='ltr'><strong>τοῦ</strong></span> <span class='ocrx_word' id='word_1_299' title='bbox 774 4774 940 4837; x_wconf 82' lang='grc' dir='ltr'>Θεοῦ,</span> <span class='ocrx_word' id='word_1_300' title='bbox 995 4773 1070 4836; x_wconf 82' lang='grc' dir='ltr'><strong>ὡς</strong></span> <span class='ocrx_word' id='word_1_301' title='bbox 1103 4773 1132 4824; x_wconf 87' lang='grc' dir='ltr'><strong>ὁ</strong></span> <span class='ocrx_word' id='word_1_302' title='bbox 1182 4773 1450 4842; x_wconf 80' lang='grc' dir='ltr'>Λάζαρος,</span> <span class='ocrx_word' id='word_1_303' title='bbox 1501 4771 1622 4824; x_wconf 83' lang='grc' dir='ltr'>οὐδὲ</span> <span class='ocrx_word' id='word_1_304' title='bbox 1679 4766 1831 4835; x_wconf 77' lang='grc' dir='ltr'>οὗτος</span> <span class='ocrx_word' id='word_1_305' title='bbox 1869 4772 1963 4825; x_wconf 91' lang='grc' dir='ltr'><strong>τοῦ</strong></span> 
     </span>
    </p>
   </div>
   <div class='ocr_carea' id='block_1_45' title="bbox 398 4865 1081 4938">
    <p class='ocr_par' dir='ltr' id='par_1_45' title="bbox 398 4865 1081 4938">
     <span class='ocr_line' id='line_1_45' title="bbox 398 4865 1081 4938; baseline -0.001 -20"><span class='ocrx_word' id='word_1_306' title='bbox 398 4865 747 4938; x_wconf 85' lang='grc' dir='ltr'>μακαρισμοῦ</span> <span class='ocrx_word' id='word_1_307' title='bbox 782 4866 1081 4927; x_wconf 79' lang='grc' dir='ltr'>ἀλλότοιος.</span> 
     </span>
    </p>
   </div>
   <div class='ocr_carea' id='block_1_46' title="bbox 467 5055 2248 5124">
    <p class='ocr_par' dir='ltr' id='par_1_46' title="bbox 467 5055 2248 5124">
     <span class='ocr_line' id='line_1_46' title="bbox 467 5055 2248 5124; baseline -0.003 -10"><span class='ocrx_word' id='word_1_308' title='bbox 467 5061 509 5093; x_wconf 72' lang='grc' dir='ltr'>’ί</span> <span class='ocrx_word' id='word_1_309' title='bbox 535 5060 726 5114; x_wconf 86' lang='lat' dir='ltr'><strong>Matth.</strong></span> <span class='ocrx_word' id='word_1_310' title='bbox 753 5075 872 5124; x_wconf 86' lang='lat' dir='ltr'><strong>xm,</strong></span> <span class='ocrx_word' id='word_1_311' title='bbox 907 5060 998 5113; x_wconf 76' lang='lat'><strong>2&#39;5.</strong></span> <span class='ocrx_word' id='word_1_312' title='bbox 1083 5057 1291 5123; x_wconf 63' lang='lat' dir='ltr'><strong>“Luc.</strong></span> <span class='ocrx_word' id='word_1_313' title='bbox 1321 5073 1434 5118; x_wconf 80' lang='lat' dir='ltr'><strong>xix,</strong></span> <span class='ocrx_word' id='word_1_314' title='bbox 1469 5057 1558 5112; x_wconf 82' lang='lat' dir='ltr'><strong>I6.</strong></span> <span class='ocrx_word' id='word_1_315' title='bbox 1637 5056 1682 5087; x_wconf 81' lang='grc'><strong><em>’³</em></strong></span> <span class='ocrx_word' id='word_1_316' title='bbox 1743 5055 1940 5112; x_wconf 81' lang='lat' dir='ltr'><strong>Matth.</strong></span> <span class='ocrx_word' id='word_1_317' title='bbox 1995 5073 2124 5117; x_wconf 83' lang='lat' dir='ltr'><strong>xxv,</strong></span> <span class='ocrx_word' id='word_1_318' title='bbox 2160 5055 2248 5109; x_wconf 76' lang='lat' dir='ltr'><strong>i5.</strong></span> 
     </span>
    </p>
   </div>
   <div class='ocr_carea' id='block_1_47' title="bbox 1422 5125 3077 5191">
    <p class='ocr_par' dir='ltr' id='par_1_47' title="bbox 1422 5125 3077 5191">
     <span class='ocr_line' id='line_1_47' title="bbox 1422 5125 3077 5191; baseline -0.001 -11"><span class='ocrx_word' id='word_1_319' title='bbox 1422 5126 1646 5182; x_wconf 80' lang='lat' dir='ltr'><strong>’Joan.</strong></span> <span class='ocrx_word' id='word_1_320' title='bbox 1692 5143 1804 5189; x_wconf 84' lang='lat' dir='ltr'><strong>xlv,</strong></span> <span class='ocrx_word' id='word_1_321' title='bbox 1841 5127 1931 5180; x_wconf 73' lang='grc'><strong>26.</strong></span> <span class='ocrx_word' id='word_1_322' title='bbox 2007 5125 2228 5180; x_wconf 75' lang='lat' dir='ltr'><strong>&quot;Joan.</strong></span> <span class='ocrx_word' id='word_1_323' title='bbox 2261 5141 2372 5191; x_wconf 75' lang='lat' dir='ltr'><strong>xw,</strong></span> <span class='ocrx_word' id='word_1_324' title='bbox 2418 5127 2504 5181; x_wconf 77' lang='grc'><strong>15.</strong></span> <span class='ocrx_word' id='word_1_325' title='bbox 2566 5127 2609 5157; x_wconf 78' lang='grc' dir='ltr'><strong>³ο</strong></span> <span class='ocrx_word' id='word_1_326' title='bbox 2628 5125 2814 5180; x_wconf 88' lang='lat' dir='ltr'><strong>Matth.</strong></span> <span class='ocrx_word' id='word_1_327' title='bbox 2842 5141 2953 5189; x_wconf 78' lang='lat' dir='ltr'><strong>xix,</strong></span> <span class='ocrx_word' id='word_1_328' title='bbox 2989 5125 3077 5179; x_wconf 70' lang='lat'><strong>2|.</strong></span> 
     </span>
    </p>
   </div>
   <div class='ocr_carea' id='block_1_48' title="bbox 399 5127 1344 5196">
    <p class='ocr_par' dir='ltr' id='par_1_48' title="bbox 399 5127 1344 5196">
     <span class='ocr_line' id='line_1_48' title="bbox 399 5127 1344 5196; baseline -0.004 -12"><span class='ocrx_word' id='word_1_329' title='bbox 399 5131 446 5164; x_wconf 77' lang='grc'><strong>’⁸</strong></span> <span class='ocrx_word' id='word_1_330' title='bbox 463 5129 651 5186; x_wconf 77' lang='lat' dir='ltr'><strong>Matth.</strong></span> <span class='ocrx_word' id='word_1_331' title='bbox 683 5147 736 5196; x_wconf 81' lang='grc' dir='ltr'><strong>ν,</strong></span> <span class='ocrx_word' id='word_1_332' title='bbox 771 5132 823 5185; x_wconf 77' lang='grc'><strong>5.</strong></span> <span class='ocrx_word' id='word_1_333' title='bbox 899 5128 1116 5183; x_wconf 80' lang='lat' dir='ltr'><strong>&quot;Joan.</strong></span> <span class='ocrx_word' id='word_1_334' title='bbox 1145 5145 1220 5193; x_wconf 72' lang='grc' dir='ltr'>γι,</span> <span class='ocrx_word' id='word_1_335' title='bbox 1255 5127 1344 5182; x_wconf 76' lang='grc'><strong>64.</strong></span> 
     </span>
    </p>
   </div>
   <div class='ocr_carea' id='block_1_49' title="bbox 469 5301 1962 5379">
    <p class='ocr_par' dir='ltr' id='par_1_49' title="bbox 469 5301 1962 5379">
     <span class='ocr_line' id='line_1_49' title="bbox 469 5301 1962 5379; baseline -0.006 -16"><span class='ocrx_word' id='word_1_336' title='bbox 469 5310 581 5379; x_wconf 70' lang='lat'><strong>(82)</strong></span> <span class='ocrx_word' id='word_1_337' title='bbox 612 5308 789 5363; x_wconf 80' lang='lat' dir='ltr'><strong>Codex</strong></span> <span class='ocrx_word' id='word_1_338' title='bbox 817 5308 972 5379; x_wconf 79' lang='lat' dir='ltr'><strong>Colb.</strong></span> <span class='ocrx_word' id='word_1_339' title='bbox 997 5306 1153 5376; x_wconf 85' lang='grc' dir='ltr'>λόγον</span> <span class='ocrx_word' id='word_1_340' title='bbox 1189 5323 1320 5379; x_wconf 25' lang='grc' dir='ltr'>μου..</span> <span class='ocrx_word' id='word_1_341' title='bbox 1345 5303 1476 5379; x_wconf 74' lang='lat' dir='ltr'><strong>Reg.</strong></span> <span class='ocrx_word' id='word_1_342' title='bbox 1510 5304 1710 5379; x_wconf 69' lang='lat' dir='ltr'><strong>tertius</strong></span> <span class='ocrx_word' id='word_1_343' title='bbox 1739 5302 1848 5379; x_wconf 73' lang='grc' dir='ltr'>τῷν</span> <span class='ocrx_word' id='word_1_344' title='bbox 1873 5301 1962 5379; x_wconf 55' lang='grc' dir='ltr'><strong>ξό-</strong></span> 
     </span>
    </p>
   </div>
   <div class='ocr_carea' id='block_1_50' title="bbox 395 5373 1960 5450">
    <p class='ocr_par' dir='ltr' id='par_1_50' title="bbox 395 5373 1960 5450">
     <span class='ocr_line' id='line_1_50' title="bbox 395 5373 1960 5450; baseline -0.004 -18"><span class='ocrx_word' id='word_1_345' title='bbox 395 5373 527 5450; x_wconf 76' lang='grc' dir='ltr'>γων.</span> <span class='ocrx_word' id='word_1_346' title='bbox 560 5373 832 5450; x_wconf 33' lang='lat' dir='ltr'><strong>Moerditi</strong></span> <span class='ocrx_word' id='word_1_347' title='bbox 859 5385 914 5450; x_wconf 79' lang='lat' dir='ltr'><strong>et</strong></span> <span class='ocrx_word' id='word_1_348' title='bbox 944 5378 1052 5450; x_wconf 86' lang='lat' dir='ltr'><strong>duo</strong></span> <span class='ocrx_word' id='word_1_349' title='bbox 1072 5373 1219 5450; x_wconf 31' lang='lat' dir='ltr'><strong>’mss&#39;.</strong></span> <span class='ocrx_word' id='word_1_350' title='bbox 1243 5377 1334 5428; x_wconf 72' lang='grc' dir='ltr'><strong>ἐπὶ</strong></span> <span class='ocrx_word' id='word_1_351' title='bbox 1367 5373 1445 5444; x_wconf 81' lang='grc' dir='ltr'><strong>τῷ</strong></span> <span class='ocrx_word' id='word_1_352' title='bbox 1474 5374 1570 5446; x_wconf 82' lang='grc' dir='ltr'>τὴν</span> <span class='ocrx_word' id='word_1_353' title='bbox 1607 5374 1743 5445; x_wconf 83' lang='grc' dir='ltr'>μνᾶν</span> <span class='ocrx_word' id='word_1_354' title='bbox 1768 5373 1960 5426; x_wconf 87' lang='grc' dir='ltr'>ὑποδε-</span> 
     </span>
    </p>
   </div>
   <div class='ocr_carea' id='block_1_51' title="bbox 399 5448 1501 5520">
    <p class='ocr_par' dir='ltr' id='par_1_51' title="bbox 399 5448 1501 5520">
     <span class='ocr_line' id='line_1_51' title="bbox 399 5448 1501 5520; baseline -0.003 -16"><span class='ocrx_word' id='word_1_355' title='bbox 399 5448 634 5520; x_wconf 81' lang='grc' dir='ltr'>ξαμένῳ.</span> <span class='ocrx_word' id='word_1_356' title='bbox 660 5448 847 5520; x_wconf 70' lang='lat' dir='ltr'><strong>Codex</strong></span> <span class='ocrx_word' id='word_1_357' title='bbox 867 5449 1020 5520; x_wconf 62' lang='grc' dir='ltr'>(ζου).</span> <span class='ocrx_word' id='word_1_358' title='bbox 1043 5456 1116 5520; x_wconf 74' lang='lat' dir='ltr'><strong>_ut</strong></span> <span class='ocrx_word' id='word_1_359' title='bbox 1144 5449 1197 5520; x_wconf 82' lang='lat' dir='ltr'><strong>in</strong></span> <span class='ocrx_word' id='word_1_360' title='bbox 1224 5452 1501 5520; x_wconf 78' lang='lat' dir='ltr'><strong>contextu.</strong></span> 
     </span>
    </p>
   </div>
   <div class='ocr_carea' id='block_1_52' title="bbox 466 5516 1396 5590">
    <p class='ocr_par' dir='ltr' id='par_1_52' title="bbox 466 5516 1396 5590">
     <span class='ocr_line' id='line_1_52' title="bbox 466 5516 1396 5590; baseline -0.006 -16"><span class='ocrx_word' id='word_1_361' title='bbox 466 5516 786 5590; x_wconf 32' lang='lat' dir='ltr'><strong>(SE-Codex</strong></span> <span class='ocrx_word' id='word_1_362' title='bbox 812 5518 962 5590; x_wconf 84' lang='lat' dir='ltr'><strong>CoIb.</strong></span> <span class='ocrx_word' id='word_1_363' title='bbox 989 5517 1106 5580; x_wconf 86' lang='grc' dir='ltr'><strong>πῶς</strong></span> <span class='ocrx_word' id='word_1_364' title='bbox 1124 5516 1396 5590; x_wconf 72' lang='grc' dir='ltr'>ἀξιοῦται.</span> 
     </span>
    </p>
   </div>
   <div class='ocr_carea' id='block_1_53' title="bbox 468 5581 1960 5658">
    <p class='ocr_par' dir='ltr' id='par_1_53' title="bbox 468 5581 1960 5658">
     <span class='ocr_line' id='line_1_53' title="bbox 468 5581 1960 5658; baseline -0.006 -15"><span class='ocrx_word' id='word_1_365' title='bbox 468 5581 577 5658; x_wconf 72' lang='grc'><strong>(84)</strong></span> <span class='ocrx_word' id='word_1_366' title='bbox 611 5589 741 5656; x_wconf 73' lang='lat' dir='ltr'><strong>Reg.</strong></span> <span class='ocrx_word' id='word_1_367' title='bbox 787 5588 978 5658; x_wconf 88' lang='lat' dir='ltr'><strong>tertius</strong></span> <span class='ocrx_word' id='word_1_368' title='bbox 1022 5581 1244 5657; x_wconf 85' lang='lat' dir='ltr'><strong>perinde</strong></span> <span class='ocrx_word' id='word_1_369' title='bbox 1264 5594 1336 5658; x_wconf 29' lang='lat' dir='ltr'><strong>Aut</strong></span> <span class='ocrx_word' id='word_1_370' title='bbox 1367 5583 1498 5640; x_wconf 91' lang='lat' dir='ltr'><strong>editi</strong></span> <span class='ocrx_word' id='word_1_371' title='bbox 1534 5581 1696 5658; x_wconf 68' lang='grc' dir='ltr'>δώσει</span> <span class='ocrx_word' id='word_1_372' title='bbox 1738 5582 1864 5654; x_wconf 82' lang='grc' dir='ltr'>ὑμῖν</span> <span class='ocrx_word' id='word_1_373' title='bbox 1900 5581 1960 5635; x_wconf 83' lang='grc' dir='ltr'>τὸ</span> 
     </span>
    </p>
   </div>
   <div class='ocr_carea' id='block_1_54' title="bbox 399 5654 1898 5731">
    <p class='ocr_par' dir='ltr' id='par_1_54' title="bbox 399 5654 1898 5731">
     <span class='ocr_line' id='line_1_54' title="bbox 399 5654 1898 5731; baseline -0.005 -19"><span class='ocrx_word' id='word_1_374' title='bbox 399 5654 640 5731; x_wconf 68' lang='grc' dir='ltr'>Πνεῦμα.</span> <span class='ocrx_word' id='word_1_375' title='bbox 678 5654 780 5712; x_wconf 62' lang='lat' dir='ltr'><strong>lilii</strong></span> <span class='ocrx_word' id='word_1_376' title='bbox 813 5657 921 5712; x_wconf 91' lang='lat' dir='ltr'><strong>duo</strong></span> <span class='ocrx_word' id='word_1_377' title='bbox 951 5654 1081 5713; x_wconf 79' lang='lat' dir='ltr'><strong>mss.</strong></span> <span class='ocrx_word' id='word_1_378' title='bbox 1107 5673 1230 5711; x_wconf 89' lang='lat' dir='ltr'><strong>cum</strong></span> <span class='ocrx_word' id='word_1_379' title='bbox 1263 5655 1422 5711; x_wconf 84' lang='lat' dir='ltr'><strong>Voss.</strong></span> <span class='ocrx_word' id='word_1_380' title='bbox 1448 5663 1506 5709; x_wconf 87' lang='lat' dir='ltr'><strong>ut</strong></span> <span class='ocrx_word' id='word_1_381' title='bbox 1534 5654 1588 5708; x_wconf 91' lang='lat' dir='ltr'><strong>in</strong></span> <span class='ocrx_word' id='word_1_382' title='bbox 1617 5660 1898 5708; x_wconf 82' lang='lat' dir='ltr'><strong>contextu.</strong></span> 
     </span>
    </p>
   </div>
   <div class='ocr_carea' id='block_1_55' title="bbox 1510 281 2596 365">
    <p class='ocr_par' dir='ltr' id='par_1_55' title="bbox 1510 281 2596 365">
     <span class='ocr_line' id='line_1_55' title="bbox 1510 281 2596 365; baseline 0.002 -25"><span class='ocrx_word' id='word_1_383' title='bbox 1510 285 1812 365; x_wconf 64' lang='lat' dir='ltr'><strong>REGULIE</strong></span> <span class='ocrx_word' id='word_1_384' title='bbox 1849 281 2147 340; x_wconf 63' lang='lat' dir='ltr'><strong>BBEVIUS</strong></span> <span class='ocrx_word' id='word_1_385' title='bbox 2180 283 2596 342; x_wconf 65' lang='lat' dir='ltr'><strong>TRACTAT/E.</strong></span> 
     </span>
    </p>
   </div>
   <div class='ocr_carea' id='block_1_56' title="bbox 2009 401 2056 456">
    <p class='ocr_par' dir='ltr' id='par_1_56' title="bbox 2009 401 2056 456">
     <span class='ocr_line' id='line_1_56' title="bbox 2009 401 2056 456; baseline 0 0"><span class='ocrx_word' id='word_1_386' title='bbox 2009 401 2056 456; x_wconf 73' lang='grc' dir='ltr'><strong>Α</strong></span> 
     </span>
    </p>
   </div>
   <div class='ocr_carea' id='block_1_57' title="bbox 3518 288 3652 344">
    <p class='ocr_par' dir='ltr' id='par_1_57' title="bbox 3518 288 3652 344">
     <span class='ocr_line' id='line_1_57' title="bbox 3518 288 3652 344; baseline -0.022 0"><span class='ocrx_word' id='word_1_387' title='bbox 3518 288 3652 344; x_wconf 67' lang='lat' dir='ltr'><strong>HIS</strong></span> 
     </span>
    </p>
   </div>
   <div class='ocr_carea' id='block_1_58' title="bbox 2508 397 3236 456">
    <p class='ocr_par' dir='ltr' id='par_1_58' title="bbox 2508 397 3236 456">
     <span class='ocr_line' id='line_1_58' title="bbox 2508 397 3236 456; baseline 0.01 -6"><span class='ocrx_word' id='word_1_388' title='bbox 2508 397 3024 455; x_wconf 73' lang='lat' dir='ltr'><strong>INTERROGATIO</strong></span> <span class='ocrx_word' id='word_1_389' title='bbox 3058 401 3236 456; x_wconf 84' lang='lat' dir='ltr'><strong>CCIII.</strong></span> 
     </span>
    </p>
   </div>
   <div class='ocr_carea' id='block_1_59' title="bbox 2089 531 3647 602">
    <p class='ocr_par' dir='ltr' id='par_1_59' title="bbox 2089 531 3647 602">
     <span class='ocr_line' id='line_1_59' title="bbox 2089 531 3647 602; baseline 0.001 -17"><span class='ocrx_word' id='word_1_390' title='bbox 2089 531 2273 585; x_wconf 86' lang='lat' dir='ltr'><strong>Utrum</strong></span> <span class='ocrx_word' id='word_1_391' title='bbox 2312 548 2491 585; x_wconf 88' lang='lat' dir='ltr'><strong>eorum</strong></span> <span class='ocrx_word' id='word_1_392' title='bbox 2528 548 2644 602; x_wconf 72' lang='lat' dir='ltr'><strong>qua:</strong></span> <span class='ocrx_word' id='word_1_393' title='bbox 2692 547 2756 585; x_wconf 78' lang='lat' dir='ltr'><strong>ex</strong></span> <span class='ocrx_word' id='word_1_394' title='bbox 2790 533 3041 586; x_wconf 87' lang='lat' dir='ltr'><strong>mandato</strong></span> <span class='ocrx_word' id='word_1_395' title='bbox 3073 533 3282 586; x_wconf 90' lang='lat' dir='ltr'><strong>Domini</strong></span> <span class='ocrx_word' id='word_1_396' title='bbox 3318 543 3454 587; x_wconf 80' lang='lat' dir='ltr'><strong>recte</strong></span> <span class='ocrx_word' id='word_1_397' title='bbox 3491 535 3647 602; x_wconf 82' lang='lat' dir='ltr'><strong>ﬁunt,</strong></span> 
     </span>
    </p>
   </div>
   <div class='ocr_carea' id='block_1_60' title="bbox 2150 603 3648 670">
    <p class='ocr_par' dir='ltr' id='par_1_60' title="bbox 2150 603 3648 670">
     <span class='ocr_line' id='line_1_60' title="bbox 2150 603 3648 670; baseline 0.004 -16"><span class='ocrx_word' id='word_1_398' title='bbox 2150 619 2255 654; x_wconf 89' lang='lat' dir='ltr'><strong>una</strong></span> <span class='ocrx_word' id='word_1_399' title='bbox 2300 615 2344 654; x_wconf 88' lang='lat' dir='ltr'><strong>et</strong></span> <span class='ocrx_word' id='word_1_400' title='bbox 2395 603 2577 656; x_wconf 86' lang='lat' dir='ltr'><strong>eadem</strong></span> <span class='ocrx_word' id='word_1_401' title='bbox 2614 619 2869 655; x_wconf 83' lang='lat' dir='ltr'><strong><em>mensura</em></strong></span> <span class='ocrx_word' id='word_1_402' title='bbox 2908 605 2961 655; x_wconf 85' lang='lat' dir='ltr'><strong>in</strong></span> <span class='ocrx_word' id='word_1_403' title='bbox 3007 604 3245 658; x_wconf 85' lang='lat' dir='ltr'><strong>omnibus</strong></span> <span class='ocrx_word' id='word_1_404' title='bbox 3275 606 3366 670; x_wconf 88' lang='lat' dir='ltr'><strong>sit,</strong></span> <span class='ocrx_word' id='word_1_405' title='bbox 3413 621 3481 657; x_wconf 84' lang='lat' dir='ltr'><strong>an</strong></span> <span class='ocrx_word' id='word_1_406' title='bbox 3513 607 3648 660; x_wconf 78' lang='lat' dir='ltr'><strong>alius</strong></span> 
     </span>
    </p>
   </div>
   <div class='ocr_carea' id='block_1_61' title="bbox 2155 673 3123 741">
    <p class='ocr_par' dir='ltr' id='par_1_61' title="bbox 2155 673 3123 741">
     <span class='ocr_line' id='line_1_61' title="bbox 2155 673 3123 741; baseline 0.002 -17"><span class='ocrx_word' id='word_1_407' title='bbox 2155 673 2433 741; x_wconf 83' lang='lat' dir='ltr'><strong>majorem,</strong></span> <span class='ocrx_word' id='word_1_408' title='bbox 2476 674 2614 726; x_wconf 87' lang='lat' dir='ltr'><strong>alius</strong></span> <span class='ocrx_word' id='word_1_409' title='bbox 2656 673 2910 726; x_wconf 83' lang='lat' dir='ltr'><strong>minorem</strong></span> <span class='ocrx_word' id='word_1_410' title='bbox 2935 673 3123 727; x_wconf 83' lang='lat' dir='ltr'><strong>habeat</strong></span> 
     </span>
    </p>
   </div>
   <div class='ocr_carea' id='block_1_62' title="bbox 2658 827 3047 884">
    <p class='ocr_par' dir='ltr' id='par_1_62' title="bbox 2658 827 3047 884">
     <span class='ocr_line' id='line_1_62' title="bbox 2658 827 3047 884; baseline 0 0"><span class='ocrx_word' id='word_1_411' title='bbox 2658 829 2927 884; x_wconf 81' lang='lat' dir='ltr'><strong>RESPON</strong></span> <span class='ocrx_word' id='word_1_412' title='bbox 2937 827 3047 884; x_wconf 89' lang='lat' dir='ltr'><strong>SIO</strong></span> 
     </span>
    </p>
   </div>
   <div class='ocr_carea' id='block_1_63' title="bbox 2147 965 3646 1036">
    <p class='ocr_par' dir='ltr' id='par_1_63' title="bbox 2147 965 3646 1036">
     <span class='ocr_line' id='line_1_63' title="bbox 2147 965 3646 1036; baseline 0.001 -17"><span class='ocrx_word' id='word_1_413' title='bbox 2147 965 2502 1036; x_wconf 84' lang='lat' dir='ltr'><strong>Nequaquam</strong></span> <span class='ocrx_word' id='word_1_414' title='bbox 2541 981 2702 1020; x_wconf 88' lang='lat' dir='ltr'><strong>unam</strong></span> <span class='ocrx_word' id='word_1_415' title='bbox 2740 981 2864 1021; x_wconf 90' lang='lat' dir='ltr'><strong>esse</strong></span> <span class='ocrx_word' id='word_1_416' title='bbox 2913 965 2968 1020; x_wconf 87' lang='lat' dir='ltr'><strong>in</strong></span> <span class='ocrx_word' id='word_1_417' title='bbox 3017 965 3272 1020; x_wconf 87' lang='lat' dir='ltr'><strong>omnibus</strong></span> <span class='ocrx_word' id='word_1_418' title='bbox 3310 983 3646 1031; x_wconf 82' lang='lat' dir='ltr'><strong>mensuram,</strong></span> 
     </span>
    </p>
   </div>
   <div class='ocr_carea' id='block_1_64' title="bbox 2079 1056 3648 1127">
    <p class='ocr_par' dir='ltr' id='par_1_64' title="bbox 2079 1056 3648 1127">
     <span class='ocr_line' id='line_1_64' title="bbox 2079 1056 3648 1127; baseline 0 -15"><span class='ocrx_word' id='word_1_419' title='bbox 2079 1056 2173 1112; x_wconf 90' lang='lat' dir='ltr'><strong>sed</strong></span> <span class='ocrx_word' id='word_1_420' title='bbox 2204 1056 2369 1110; x_wconf 89' lang='lat' dir='ltr'><strong>alium</strong></span> <span class='ocrx_word' id='word_1_421' title='bbox 2416 1066 2468 1112; x_wconf 91' lang='lat' dir='ltr'><strong>et</strong></span> <span class='ocrx_word' id='word_1_422' title='bbox 2500 1057 2621 1126; x_wconf 88' lang='lat' dir='ltr'><strong>plus</strong></span> <span class='ocrx_word' id='word_1_423' title='bbox 2659 1059 2957 1126; x_wconf 83' lang='lat' dir='ltr'><strong>accepisse,</strong></span> <span class='ocrx_word' id='word_1_424' title='bbox 2993 1063 3046 1111; x_wconf 89' lang='lat' dir='ltr'><strong>et</strong></span> <span class='ocrx_word' id='word_1_425' title='bbox 3092 1057 3214 1126; x_wconf 88' lang='lat' dir='ltr'><strong>plus</strong></span> <span class='ocrx_word' id='word_1_426' title='bbox 3247 1073 3356 1127; x_wconf 64' lang='lat' dir='ltr'><strong>prae</strong></span> <span class='ocrx_word' id='word_1_427' title='bbox 3387 1074 3446 1112; x_wconf 88' lang='lat' dir='ltr'><strong>se</strong></span> <span class='ocrx_word' id='word_1_428' title='bbox 3474 1057 3648 1123; x_wconf 82' lang='lat' dir='ltr'><strong>ferre;</strong></span> 
     </span>
    </p>
   </div>
   <div class='ocr_carea' id='block_1_65' title="bbox 2079 1149 3650 1218">
    <p class='ocr_par' dir='ltr' id='par_1_65' title="bbox 2079 1149 3650 1218">
     <span class='ocr_line' id='line_1_65' title="bbox 2079 1149 3650 1218; baseline 0.001 -18"><span class='ocrx_word' id='word_1_429' title='bbox 2079 1149 2243 1201; x_wconf 90' lang='lat' dir='ltr'><strong>alium</strong></span> <span class='ocrx_word' id='word_1_430' title='bbox 2289 1164 2420 1202; x_wconf 84' lang='lat' dir='ltr'><strong>vero</strong></span> <span class='ocrx_word' id='word_1_431' title='bbox 2458 1149 2664 1214; x_wconf 88' lang='lat' dir='ltr'><strong>minus,</strong></span> <span class='ocrx_word' id='word_1_432' title='bbox 2719 1155 3063 1218; x_wconf 80' lang='lat' dir='ltr'><strong>compertum</strong></span> <span class='ocrx_word' id='word_1_433' title='bbox 3109 1157 3194 1204; x_wconf 89' lang='lat' dir='ltr'><strong>est</strong></span> <span class='ocrx_word' id='word_1_434' title='bbox 3233 1165 3298 1202; x_wconf 81' lang='lat' dir='ltr'><strong>ex</strong></span> <span class='ocrx_word' id='word_1_435' title='bbox 3331 1150 3514 1204; x_wconf 73' lang='lat' dir='ltr'><strong>verbis</strong></span> <span class='ocrx_word' id='word_1_436' title='bbox 3545 1149 3650 1202; x_wconf 87' lang='lat' dir='ltr'><strong>Do-</strong></span> 
     </span>
    </p>
   </div>
   <div class='ocr_carea' id='block_1_66' title="bbox 2078 1243 3650 1313">
    <p class='ocr_par' dir='ltr' id='par_1_66' title="bbox 2078 1243 3650 1313">
     <span class='ocr_line' id='line_1_66' title="bbox 2078 1243 3650 1313; baseline 0 -18"><span class='ocrx_word' id='word_1_437' title='bbox 2078 1243 2232 1308; x_wconf 90' lang='lat' dir='ltr'><strong>mini,</strong></span> <span class='ocrx_word' id='word_1_438' title='bbox 2285 1243 2379 1313; x_wconf 88' lang='lat' dir='ltr'><strong>qui</strong></span> <span class='ocrx_word' id='word_1_439' title='bbox 2419 1245 2582 1296; x_wconf 92' lang='lat' dir='ltr'><strong>modo</strong></span> <span class='ocrx_word' id='word_1_440' title='bbox 2632 1243 2850 1312; x_wconf 85' lang='lat' dir='ltr'><strong>quidem</strong></span> <span class='ocrx_word' id='word_1_441' title='bbox 2907 1243 3023 1295; x_wconf 90' lang='lat' dir='ltr'><strong>ait:</strong></span> <span class='ocrx_word' id='word_1_442' title='bbox 3063 1244 3167 1307; x_wconf 80' lang='lat' dir='ltr'><strong>Qui</strong></span> <span class='ocrx_word' id='word_1_443' title='bbox 3202 1259 3319 1295; x_wconf 80' lang='lat' dir='ltr'><strong>vero</strong></span> <span class='ocrx_word' id='word_1_444' title='bbox 3367 1244 3419 1296; x_wconf 83' lang='lat' dir='ltr'><strong>in</strong></span> <span class='ocrx_word' id='word_1_445' title='bbox 3455 1254 3650 1296; x_wconf 87' lang='lat' dir='ltr'><strong>terram</strong></span> 
     </span>
    </p>
   </div>
   <div class='ocr_carea' id='block_1_67' title="bbox 2078 1334 3648 1403">
    <p class='ocr_par' dir='ltr' id='par_1_67' title="bbox 2078 1334 3648 1403">
     <span class='ocr_line' id='line_1_67' title="bbox 2078 1334 3648 1403; baseline 0.001 -16"><span class='ocrx_word' id='word_1_446' title='bbox 2078 1334 2266 1389; x_wconf 86' lang='lat' dir='ltr'><strong><em>bonam</em></strong></span> <span class='ocrx_word' id='word_1_447' title='bbox 2311 1337 2603 1389; x_wconf 80' lang='lat' dir='ltr'><strong>seminatus</strong></span> <span class='ocrx_word' id='word_1_448' title='bbox 2642 1345 2740 1396; x_wconf 87' lang='lat' dir='ltr'><strong>est,</strong></span> <span class='ocrx_word' id='word_1_449' title='bbox 2778 1335 2861 1388; x_wconf 84' lang='lat' dir='ltr'><strong>hic</strong></span> <span class='ocrx_word' id='word_1_450' title='bbox 2906 1345 2980 1387; x_wconf 82' lang='lat' dir='ltr'><strong>est</strong></span> <span class='ocrx_word' id='word_1_451' title='bbox 3015 1337 3104 1403; x_wconf 90' lang='lat' dir='ltr'><strong>qui</strong></span> <span class='ocrx_word' id='word_1_452' title='bbox 3137 1335 3286 1388; x_wconf 83' lang='lat' dir='ltr'><strong>audit</strong></span> <span class='ocrx_word' id='word_1_453' title='bbox 3318 1335 3549 1398; x_wconf 74' lang='lat' dir='ltr'><strong>verbum,</strong></span> <span class='ocrx_word' id='word_1_454' title='bbox 3601 1345 3648 1391; x_wconf 85' lang='lat' dir='ltr'><strong>et</strong></span> 
     </span>
    </p>
   </div>
   <div class='ocr_carea' id='block_1_68' title="bbox 2076 1427 3648 1498">
    <p class='ocr_par' dir='ltr' id='par_1_68' title="bbox 2076 1427 3648 1498">
     <span class='ocr_line' id='line_1_68' title="bbox 2076 1427 3648 1498; baseline 0 -17"><span class='ocrx_word' id='word_1_455' title='bbox 2076 1427 2346 1497; x_wconf 77' lang='lat' dir='ltr'><strong>intelligit,</strong></span> <span class='ocrx_word' id='word_1_456' title='bbox 2392 1430 2482 1498; x_wconf 86' lang='lat' dir='ltr'><strong>qui</strong></span> <span class='ocrx_word' id='word_1_457' title='bbox 2533 1438 2669 1482; x_wconf 88' lang='lat' dir='ltr'><strong>recte</strong></span> <span class='ocrx_word' id='word_1_458' title='bbox 2715 1429 2950 1497; x_wconf 76' lang='lat' dir='ltr'><strong>fructum</strong></span> <span class='ocrx_word' id='word_1_459' title='bbox 3001 1429 3176 1495; x_wconf 71' lang='lat' dir='ltr'><strong>affert,</strong></span> <span class='ocrx_word' id='word_1_460' title='bbox 3234 1438 3283 1481; x_wconf 89' lang='lat' dir='ltr'><strong>et</strong></span> <span class='ocrx_word' id='word_1_461' title='bbox 3323 1429 3471 1496; x_wconf 80' lang='lat' dir='ltr'><strong>facit,</strong></span> <span class='ocrx_word' id='word_1_462' title='bbox 3511 1430 3648 1482; x_wconf 85' lang='lat' dir='ltr'><strong>alius</strong></span> 
     </span>
    </p>
   </div>
   <div class='ocr_carea' id='block_1_69' title="bbox 2075 1517 3650 1588">
    <p class='ocr_par' dir='ltr' id='par_1_69' title="bbox 2075 1517 3650 1588">
     <span class='ocr_line' id='line_1_69' title="bbox 2075 1517 3650 1588; baseline 0.003 -20"><span class='ocrx_word' id='word_1_463' title='bbox 2075 1517 2280 1586; x_wconf 84' lang='lat' dir='ltr'><strong>quidem</strong></span> <span class='ocrx_word' id='word_1_464' title='bbox 2311 1520 2677 1581; x_wconf 82' lang='lat' dir='ltr'><strong>centesimum,</strong></span> <span class='ocrx_word' id='word_1_465' title='bbox 2713 1519 2852 1572; x_wconf 85' lang='lat' dir='ltr'><strong>alius</strong></span> <span class='ocrx_word' id='word_1_466' title='bbox 2883 1531 3057 1572; x_wconf 86' lang='lat' dir='ltr'><strong>autem</strong></span> <span class='ocrx_word' id='word_1_467' title='bbox 3080 1522 3482 1588; x_wconf 77' lang='lat' dir='ltr'><strong>sexagesimum.</strong></span> <span class='ocrx_word' id='word_1_468' title='bbox 3511 1521 3650 1573; x_wconf 85' lang='lat' dir='ltr'><strong>alius</strong></span> 
     </span>
    </p>
   </div>
   <div class='ocr_carea' id='block_1_70' title="bbox 2076 1609 3649 1680">
    <p class='ocr_par' dir='ltr' id='par_1_70' title="bbox 2076 1609 3649 1680">
     <span class='ocr_line' id='line_1_70' title="bbox 2076 1609 3649 1680; baseline 0.003 -19"><span class='ocrx_word' id='word_1_469' title='bbox 2076 1625 2192 1661; x_wconf 83' lang='lat' dir='ltr'><strong>vero</strong></span> <span class='ocrx_word' id='word_1_470' title='bbox 2235 1609 2624 1662; x_wconf 79' lang='lat' dir='ltr'><strong>tricesimum&quot;</strong></span> <span class='ocrx_word' id='word_1_471' title='bbox 2655 1631 2666 1664; x_wconf 95' lang='lat'><strong>:</strong></span> <span class='ocrx_word' id='word_1_472' title='bbox 2699 1611 2844 1680; x_wconf 92' lang='lat' dir='ltr'><strong>quod</strong></span> <span class='ocrx_word' id='word_1_473' title='bbox 2891 1611 2944 1664; x_wconf 93' lang='lat' dir='ltr'><strong>in</strong></span> <span class='ocrx_word' id='word_1_474' title='bbox 2993 1611 3061 1666; x_wconf 92' lang='lat' dir='ltr'><strong>iis</strong></span> <span class='ocrx_word' id='word_1_475' title='bbox 3105 1626 3321 1680; x_wconf 89' lang='lat' dir='ltr'><strong>quoque</strong></span> <span class='ocrx_word' id='word_1_476' title='bbox 3357 1612 3447 1680; x_wconf 90' lang='lat' dir='ltr'><strong>qui</strong></span> <span class='ocrx_word' id='word_1_477' title='bbox 3493 1627 3649 1666; x_wconf 79' lang='lat' dir='ltr'><strong>muas</strong></span> 
     </span>
    </p>
   </div>
   <div class='ocr_carea' id='block_1_71' title="bbox 2075 1701 3646 1772">
    <p class='ocr_par' dir='ltr' id='par_1_71' title="bbox 2075 1701 3646 1772">
     <span class='ocr_line' id='line_1_71' title="bbox 2075 1701 3646 1772; baseline 0.003 -20"><span class='ocrx_word' id='word_1_478' title='bbox 2075 1708 2424 1769; x_wconf 84' lang='lat' dir='ltr'><strong>acceperant,</strong></span> <span class='ocrx_word' id='word_1_479' title='bbox 2473 1702 2745 1770; x_wconf 89' lang='lat' dir='ltr'><strong>reperitur</strong></span> <span class='ocrx_word' id='word_1_480' title='bbox 2770 1702 2854 1766; x_wconf 85' lang='lat'><strong>“;</strong></span> <span class='ocrx_word' id='word_1_481' title='bbox 2890 1702 3054 1756; x_wconf 91' lang='lat' dir='ltr'><strong>modo</strong></span> <span class='ocrx_word' id='word_1_482' title='bbox 3093 1717 3222 1757; x_wconf 82' lang='lat' dir='ltr'><strong>vero</strong></span> <span class='ocrx_word' id='word_1_483' title='bbox 3256 1723 3268 1756; x_wconf 91' lang='lat'><strong>:</strong></span> <span class='ocrx_word' id='word_1_484' title='bbox 3309 1701 3414 1756; x_wconf 86' lang='lat' dir='ltr'><strong>Uni</strong></span> <span class='ocrx_word' id='word_1_485' title='bbox 3442 1703 3646 1772; x_wconf 83' lang='lat' dir='ltr'><strong>quidem</strong></span> 
     </span>
    </p>
   </div>
   <div class='ocr_carea' id='block_1_72' title="bbox 2007 1791 3646 1862">
    <p class='ocr_par' dir='ltr' id='par_1_72' title="bbox 2007 1791 3646 1862">
     <span class='ocr_line' id='line_1_72' title="bbox 2007 1791 3646 1862; baseline 0.002 -18"><span class='ocrx_word' id='word_1_486' title='bbox 2007 1804 2046 1857; x_wconf 78' lang='grc' dir='ltr'><strong>Β</strong></span> <span class='ocrx_word' id='word_1_487' title='bbox 2081 1791 2224 1846; x_wconf 85' lang='lat' dir='ltr'><strong>dedit</strong></span> <span class='ocrx_word' id='word_1_488' title='bbox 2274 1795 2501 1862; x_wconf 84' lang='lat' dir='ltr'><strong>quinque</strong></span> <span class='ocrx_word' id='word_1_489' title='bbox 2555 1793 2774 1855; x_wconf 86' lang='lat' dir='ltr'><strong>talenta,</strong></span> <span class='ocrx_word' id='word_1_490' title='bbox 2824 1793 2920 1845; x_wconf 90' lang='lat' dir='ltr'><strong>alii</strong></span> <span class='ocrx_word' id='word_1_491' title='bbox 2973 1803 3147 1846; x_wconf 87' lang='lat' dir='ltr'><strong>autem</strong></span> <span class='ocrx_word' id='word_1_492' title='bbox 3200 1793 3337 1858; x_wconf 88' lang='lat' dir='ltr'><strong>duo,</strong></span> <span class='ocrx_word' id='word_1_493' title='bbox 3385 1795 3480 1848; x_wconf 82' lang='lat' dir='ltr'><strong>alii</strong></span> <span class='ocrx_word' id='word_1_494' title='bbox 3532 1811 3646 1848; x_wconf 70' lang='lat' dir='ltr'><strong>vero</strong></span> 
     </span>
    </p>
   </div>
   <div class='ocr_carea' id='block_1_73' title="bbox 2077 1881 2326 1935">
    <p class='ocr_par' dir='ltr' id='par_1_73' title="bbox 2077 1881 2326 1935">
     <span class='ocr_line' id='line_1_73' title="bbox 2077 1881 2326 1935; baseline 0.004 -1"><span class='ocrx_word' id='word_1_495' title='bbox 2077 1897 2238 1935; x_wconf 88' lang='lat' dir='ltr'><strong>unum</strong></span> <span class='ocrx_word' id='word_1_496' title='bbox 2261 1881 2326 1935; x_wconf 77' lang='grc'><strong>³³.</strong></span> 
     </span>
    </p>
   </div>
   <div class='ocr_carea' id='block_1_74' title="bbox 2416 2012 3227 2090">
    <p class='ocr_par' dir='ltr' id='par_1_74' title="bbox 2416 2012 3227 2090">
     <span class='ocr_line' id='line_1_74' title="bbox 2416 2012 3227 2090; baseline 0.004 -24"><span class='ocrx_word' id='word_1_497' title='bbox 2416 2087 2421 2090; x_wconf 81' lang='lat'>_</span> <span class='ocrx_word' id='word_1_498' title='bbox 2487 2012 3009 2070; x_wconf 77' lang='lat' dir='ltr'><strong>INTERROGATIO</strong></span> <span class='ocrx_word' id='word_1_499' title='bbox 3049 2014 3227 2069; x_wconf 82' lang='lat' dir='ltr'><strong>CCIV.</strong></span> 
     </span>
    </p>
   </div>
   <div class='ocr_carea' id='block_1_75' title="bbox 2075 2129 3645 2212">
    <p class='ocr_par' dir='ltr' id='par_1_75' title="bbox 2075 2129 3645 2212">
     <span class='ocr_line' id='line_1_75' title="bbox 2075 2129 3645 2212; baseline 0.001 -29"><span class='ocrx_word' id='word_1_500' title='bbox 2075 2129 2350 2196; x_wconf 82' lang='lat' dir='ltr'><strong><em>Quomodo</em></strong></span> <span class='ocrx_word' id='word_1_501' title='bbox 2399 2131 2516 2199; x_wconf 75' lang='lat' dir='ltr'><strong>quis</strong></span> <span class='ocrx_word' id='word_1_502' title='bbox 2559 2129 2814 2212; x_wconf 67' lang='lat' dir='ltr'><strong>e/ﬁciatur</strong></span> <span class='ocrx_word' id='word_1_503' title='bbox 2855 2130 3071 2212; x_wconf 74' lang='lat' dir='ltr'><strong>dignus,</strong></span> <span class='ocrx_word' id='word_1_504' title='bbox 3121 2131 3210 2202; x_wconf 89' lang='lat' dir='ltr'><strong>qui</strong></span> <span class='ocrx_word' id='word_1_505' title='bbox 3268 2131 3366 2200; x_wconf 78' lang='lat' dir='ltr'><strong>ﬁat</strong></span> <span class='ocrx_word' id='word_1_506' title='bbox 3417 2130 3645 2200; x_wconf 80' lang='lat' dir='ltr'><strong>Spiritus</strong></span> 
     </span>
    </p>
   </div>
   <div class='ocr_carea' id='block_1_76' title="bbox 2620 2210 3077 2269">
    <p class='ocr_par' dir='ltr' id='par_1_76' title="bbox 2620 2210 3077 2269">
     <span class='ocr_line' id='line_1_76' title="bbox 2620 2210 3077 2269; baseline 0 -15"><span class='ocrx_word' id='word_1_507' title='bbox 2620 2210 2790 2254; x_wconf 79' lang='lat' dir='ltr'><strong>sancti</strong></span> <span class='ocrx_word' id='word_1_508' title='bbox 2813 2210 3077 2269; x_wconf 77' lang='lat' dir='ltr'><strong>particeps</strong></span> 
     </span>
    </p>
   </div>
   <div class='ocr_carea' id='block_1_77' title="bbox 2657 2334 3066 2390">
    <p class='ocr_par' dir='ltr' id='par_1_77' title="bbox 2657 2334 3066 2390">
     <span class='ocr_line' id='line_1_77' title="bbox 2657 2334 3066 2390; baseline 0.005 -2"><span class='ocrx_word' id='word_1_509' title='bbox 2657 2334 3066 2390; x_wconf 77' lang='lat' dir='ltr'><strong>RESPONSIO.</strong></span> 
     </span>
    </p>
   </div>
   <div class='ocr_carea' id='block_1_78' title="bbox 2145 2467 3645 2527">
    <p class='ocr_par' dir='ltr' id='par_1_78' title="bbox 2145 2467 3645 2527">
     <span class='ocr_line' id='line_1_78' title="bbox 2145 2467 3645 2527; baseline 0.002 -5"><span class='ocrx_word' id='word_1_510' title='bbox 2145 2468 2409 2522; x_wconf 90' lang='lat' dir='ltr'><strong>Dominus</strong></span> <span class='ocrx_word' id='word_1_511' title='bbox 2457 2477 2644 2524; x_wconf 87' lang='lat' dir='ltr'><strong>noster</strong></span> <span class='ocrx_word' id='word_1_512' title='bbox 2676 2467 2838 2524; x_wconf 85' lang='lat' dir='ltr'><strong>Jesus</strong></span> <span class='ocrx_word' id='word_1_513' title='bbox 2880 2470 3135 2526; x_wconf 88' lang='lat' dir='ltr'><strong>Christus</strong></span> <span class='ocrx_word' id='word_1_514' title='bbox 3181 2471 3366 2526; x_wconf 86' lang='lat' dir='ltr'><strong>docuit</strong></span> <span class='ocrx_word' id='word_1_515' title='bbox 3401 2471 3486 2526; x_wconf 91' lang='lat' dir='ltr'><strong>his</strong></span> <span class='ocrx_word' id='word_1_516' title='bbox 3525 2487 3645 2527; x_wconf 81' lang='lat' dir='ltr'><strong>ver-</strong></span> 
     </span>
    </p>
   </div>
   <div class='ocr_carea' id='block_1_79' title="bbox 2075 2559 3644 2634">
    <p class='ocr_par' dir='ltr' id='par_1_79' title="bbox 2075 2559 3644 2634">
     <span class='ocr_line' id='line_1_79' title="bbox 2075 2559 3644 2634; baseline 0.002 -21"><span class='ocrx_word' id='word_1_517' title='bbox 2075 2559 2158 2613; x_wconf 88' lang='lat' dir='ltr'><strong>bis</strong></span> <span class='ocrx_word' id='word_1_518' title='bbox 2188 2579 2200 2613; x_wconf 92' lang='lat'>:</span> <span class='ocrx_word' id='word_1_519' title='bbox 2231 2559 2290 2613; x_wconf 89' lang='lat' dir='ltr'><strong>Si</strong></span> <span class='ocrx_word' id='word_1_520' title='bbox 2319 2560 2541 2628; x_wconf 72' lang='lat' dir='ltr'><strong>diligitis</strong></span> <span class='ocrx_word' id='word_1_521' title='bbox 2586 2576 2686 2620; x_wconf 89' lang='lat' dir='ltr'><strong>me,</strong></span> <span class='ocrx_word' id='word_1_522' title='bbox 2734 2560 2989 2614; x_wconf 86' lang='lat' dir='ltr'><strong>mandata</strong></span> <span class='ocrx_word' id='word_1_523' title='bbox 3033 2579 3148 2615; x_wconf 90' lang='lat' dir='ltr'><strong>mea</strong></span> <span class='ocrx_word' id='word_1_524' title='bbox 3184 2572 3405 2617; x_wconf 83' lang='lat' dir='ltr'><strong>servate.</strong></span> <span class='ocrx_word' id='word_1_525' title='bbox 3449 2561 3518 2616; x_wconf 81' lang='lat' dir='ltr'><strong>Et</strong></span> <span class='ocrx_word' id='word_1_526' title='bbox 3555 2579 3644 2634; x_wconf 84' lang='lat' dir='ltr'><strong>ego</strong></span> 
     </span>
    </p>
   </div>
   <div class='ocr_carea' id='block_1_80' title="bbox 2074 2649 3645 2721">
    <p class='ocr_par' dir='ltr' id='par_1_80' title="bbox 2074 2649 3645 2721">
     <span class='ocr_line' id='line_1_80' title="bbox 2074 2649 3645 2721; baseline 0.003 -17"><span class='ocrx_word' id='word_1_527' title='bbox 2074 2650 2266 2721; x_wconf 81' lang='lat' dir='ltr'><strong><em>rogabo</em></strong></span> <span class='ocrx_word' id='word_1_528' title='bbox 2301 2651 2540 2714; x_wconf 88' lang='lat' dir='ltr'><strong>Patrem,</strong></span> <span class='ocrx_word' id='word_1_529' title='bbox 2572 2660 2622 2705; x_wconf 90' lang='lat' dir='ltr'><strong>et</strong></span> <span class='ocrx_word' id='word_1_530' title='bbox 2651 2651 2816 2704; x_wconf 90' lang='lat' dir='ltr'><strong>alium</strong></span> <span class='ocrx_word' id='word_1_531' title='bbox 2847 2649 3190 2706; x_wconf 84' lang='lat' dir='ltr'><strong>Paracletum</strong></span> <span class='ocrx_word' id='word_1_532' title='bbox 3215 2654 3362 2708; x_wconf 89' lang='lat' dir='ltr'><strong>dabit</strong></span> <span class='ocrx_word' id='word_1_533' title='bbox 3396 2655 3559 2718; x_wconf 78' lang='lat' dir='ltr'><strong>vobis,</strong></span> <span class='ocrx_word' id='word_1_534' title='bbox 3588 2665 3645 2709; x_wconf 84' lang='lat' dir='ltr'><strong>ut</strong></span> 
     </span>
    </p>
   </div>
   <div class='ocr_carea' id='block_1_81' title="bbox 2075 2741 3644 2811">
    <p class='ocr_par' dir='ltr' id='par_1_81' title="bbox 2075 2741 3644 2811">
     <span class='ocr_line' id='line_1_81' title="bbox 2075 2741 3644 2811; baseline 0.003 -17"><span class='ocrx_word' id='word_1_535' title='bbox 2075 2751 2283 2796; x_wconf 90' lang='lat' dir='ltr'><strong>maneat</strong></span> <span class='ocrx_word' id='word_1_536' title='bbox 2329 2742 2594 2796; x_wconf 72' lang='lat' dir='ltr'><strong>vobiscum</strong></span> <span class='ocrx_word' id='word_1_537' title='bbox 2640 2743 2694 2794; x_wconf 88' lang='lat' dir='ltr'><strong>in</strong></span> <span class='ocrx_word' id='word_1_538' title='bbox 2741 2753 3013 2805; x_wconf 75' lang='lat' dir='ltr'><strong>wternum,</strong></span> <span class='ocrx_word' id='word_1_539' title='bbox 3072 2741 3327 2811; x_wconf 85' lang='lat' dir='ltr'><strong>Spiritum</strong></span> <span class='ocrx_word' id='word_1_540' title='bbox 3383 2745 3644 2807; x_wconf 69' lang='lat' dir='ltr'><strong>veritatis,</strong></span> 
     </span>
    </p>
   </div>
   <div class='ocr_carea' id='block_1_82' title="bbox 2073 2833 3648 2906">
    <p class='ocr_par' dir='ltr' id='par_1_82' title="bbox 2073 2833 3648 2906">
     <span class='ocr_line' id='line_1_82' title="bbox 2073 2833 3648 2906; baseline 0.001 -21"><span class='ocrx_word' id='word_1_541' title='bbox 2073 2849 2224 2900; x_wconf 86' lang='lat' dir='ltr'><strong>quem</strong></span> <span class='ocrx_word' id='word_1_542' title='bbox 2260 2834 2486 2887; x_wconf 88' lang='lat' dir='ltr'><strong>mundus</strong></span> <span class='ocrx_word' id='word_1_543' title='bbox 2515 2851 2617 2886; x_wconf 86' lang='lat' dir='ltr'><strong>non</strong></span> <span class='ocrx_word' id='word_1_544' title='bbox 2647 2843 2814 2902; x_wconf 87' lang='lat' dir='ltr'><strong>potest</strong></span> <span class='ocrx_word' id='word_1_545' title='bbox 2843 2836 3077 2903; x_wconf 87' lang='lat' dir='ltr'><strong>accipere</strong></span> <span class='ocrx_word' id='word_1_546' title='bbox 3093 2838 3158 2889; x_wconf 73' lang='grc'><strong>³⁸.</strong></span> <span class='ocrx_word' id='word_1_547' title='bbox 3195 2833 3447 2900; x_wconf 83' lang='lat' dir='ltr'><strong>Quandiu</strong></span> <span class='ocrx_word' id='word_1_548' title='bbox 3484 2836 3648 2906; x_wconf 79' lang='lat' dir='ltr'><strong>igitur</strong></span> 
     </span>
    </p>
   </div>
   <div class='ocr_carea' id='block_1_83' title="bbox 2075 2925 3646 2997">
    <p class='ocr_par' dir='ltr' id='par_1_83' title="bbox 2075 2925 3646 2997">
     <span class='ocr_line' id='line_1_83' title="bbox 2075 2925 3646 2997; baseline 0.003 -21"><span class='ocrx_word' id='word_1_549' title='bbox 2075 2940 2188 2978; x_wconf 92' lang='lat' dir='ltr'><strong>non</strong></span> <span class='ocrx_word' id='word_1_550' title='bbox 2231 2940 2516 2980; x_wconf 86' lang='lat' dir='ltr'><strong>servamus</strong></span> <span class='ocrx_word' id='word_1_551' title='bbox 2572 2926 2753 2978; x_wconf 88' lang='lat' dir='ltr'><strong>omnia</strong></span> <span class='ocrx_word' id='word_1_552' title='bbox 2802 2927 3061 2980; x_wconf 88' lang='lat' dir='ltr'><strong>mandata</strong></span> <span class='ocrx_word' id='word_1_553' title='bbox 3105 2925 3345 2990; x_wconf 86' lang='lat' dir='ltr'><strong>Domini,</strong></span> <span class='ocrx_word' id='word_1_554' title='bbox 3391 2943 3566 2997; x_wconf 86' lang='lat' dir='ltr'><strong>neque</strong></span> <span class='ocrx_word' id='word_1_555' title='bbox 3609 2927 3646 2980; x_wconf 91' lang='lat' dir='ltr'><strong>ii</strong></span> 
     </span>
    </p>
   </div>
   <div class='ocr_carea' id='block_1_84' title="bbox 2077 3016 3644 3088">
    <p class='ocr_par' dir='ltr' id='par_1_84' title="bbox 2077 3016 3644 3088">
     <span class='ocr_line' id='line_1_84' title="bbox 2077 3016 3644 3088; baseline 0.001 -18"><span class='ocrx_word' id='word_1_556' title='bbox 2077 3031 2288 3082; x_wconf 79' lang='lat' dir='ltr'><strong>sumus,</strong></span> <span class='ocrx_word' id='word_1_557' title='bbox 2323 3016 2417 3086; x_wconf 92' lang='lat' dir='ltr'><strong>qui</strong></span> <span class='ocrx_word' id='word_1_558' title='bbox 2456 3016 2561 3069; x_wconf 90' lang='lat' dir='ltr'><strong>hoc</strong></span> <span class='ocrx_word' id='word_1_559' title='bbox 2601 3016 2976 3071; x_wconf 88' lang='lat' dir='ltr'><strong>testimonium</strong></span> <span class='ocrx_word' id='word_1_560' title='bbox 3014 3018 3082 3072; x_wconf 92' lang='lat' dir='ltr'><strong>ab</strong></span> <span class='ocrx_word' id='word_1_561' title='bbox 3128 3019 3250 3088; x_wconf 91' lang='lat' dir='ltr'><strong>ipso</strong></span> <span class='ocrx_word' id='word_1_562' title='bbox 3295 3019 3644 3088; x_wconf 86' lang='lat' dir='ltr'><strong>recipiamus,</strong></span> 
     </span>
    </p>
   </div>
   <div class='ocr_carea' id='block_1_85' title="bbox 2084 3103 3643 3179">
    <p class='ocr_par' dir='ltr' id='par_1_85' title="bbox 2084 3103 3643 3179">
     <span class='ocr_line' id='line_1_85' title="bbox 2084 3103 3643 3179; baseline 0.005 -23"><span class='ocrx_word' id='word_1_563' title='bbox 2084 3103 2186 3157; x_wconf 83' lang='lat' dir='ltr'><strong>Vos</strong></span> <span class='ocrx_word' id='word_1_564' title='bbox 2213 3121 2318 3157; x_wconf 87' lang='lat' dir='ltr'><strong>non</strong></span> <span class='ocrx_word' id='word_1_565' title='bbox 2344 3105 2469 3158; x_wconf 87' lang='lat' dir='ltr'><strong>estis</strong></span> <span class='ocrx_word' id='word_1_566' title='bbox 2500 3120 2565 3158; x_wconf 80' lang='lat' dir='ltr'><strong>ea:</strong></span> <span class='ocrx_word' id='word_1_567' title='bbox 2598 3105 2695 3158; x_wconf 83' lang='lat' dir='ltr'><strong>hoc</strong></span> <span class='ocrx_word' id='word_1_568' title='bbox 2730 3106 2927 3158; x_wconf 86' lang='lat' dir='ltr'><strong>mundo</strong></span> <span class='ocrx_word' id='word_1_569' title='bbox 2950 3107 3017 3171; x_wconf 79' lang='grc'>⁸⁸,</span> <span class='ocrx_word' id='word_1_570' title='bbox 3053 3123 3119 3161; x_wconf 90' lang='lat' dir='ltr'><strong>ne</strong></span> <span class='ocrx_word' id='word_1_571' title='bbox 3159 3108 3213 3161; x_wconf 92' lang='lat' dir='ltr'><strong>id</strong></span> <span class='ocrx_word' id='word_1_572' title='bbox 3241 3116 3643 3179; x_wconf 82' lang='lat' dir='ltr'><strong>exspectemus,</strong></span> 
     </span>
    </p>
   </div>
   <div class='ocr_carea' id='block_1_86' title="bbox 2075 3195 3292 3267">
    <p class='ocr_par' dir='ltr' id='par_1_86' title="bbox 2075 3195 3292 3267">
     <span class='ocr_line' id='line_1_86' title="bbox 2075 3195 3292 3267; baseline 0 -17"><span class='ocrx_word' id='word_1_573' title='bbox 2075 3205 2138 3250; x_wconf 91' lang='lat' dir='ltr'><strong>ut</strong></span> <span class='ocrx_word' id='word_1_574' title='bbox 2174 3195 2414 3267; x_wconf 90' lang='lat' dir='ltr'><strong>Spiritus</strong></span> <span class='ocrx_word' id='word_1_575' title='bbox 2437 3196 2613 3252; x_wconf 84' lang='lat' dir='ltr'><strong>sancti</strong></span> <span class='ocrx_word' id='word_1_576' title='bbox 2647 3197 2944 3266; x_wconf 83' lang='lat' dir='ltr'><strong>participes</strong></span> <span class='ocrx_word' id='word_1_577' title='bbox 2972 3198 3292 3253; x_wconf 71' lang='lat' dir='ltr'><strong>efﬁciamur.</strong></span> 
     </span>
    </p>
   </div>
   <div class='ocr_carea' id='block_1_87' title="bbox 2516 3405 3231 3464">
    <p class='ocr_par' dir='ltr' id='par_1_87' title="bbox 2516 3405 3231 3464">
     <span class='ocr_line' id='line_1_87' title="bbox 2516 3405 3231 3464; baseline -0.001 -1"><span class='ocrx_word' id='word_1_578' title='bbox 2516 3405 3038 3463; x_wconf 79' lang='lat' dir='ltr'><strong>INTERROGATIO</strong></span> <span class='ocrx_word' id='word_1_579' title='bbox 3073 3407 3231 3464; x_wconf 84' lang='lat' dir='ltr'><strong>CCV.</strong></span> 
     </span>
    </p>
   </div>
   <div class='ocr_carea' id='block_1_88' title="bbox 2443 3521 3270 3591">
    <p class='ocr_par' dir='ltr' id='par_1_88' title="bbox 2443 3521 3270 3591">
     <span class='ocr_line' id='line_1_88' title="bbox 2443 3521 3270 3591; baseline 0.005 -17"><span class='ocrx_word' id='word_1_580' title='bbox 2443 3521 2548 3587; x_wconf 83' lang='lat' dir='ltr'><strong>Qui</strong></span> <span class='ocrx_word' id='word_1_581' title='bbox 2575 3524 2681 3576; x_wconf 88' lang='lat' dir='ltr'><strong>sint</strong></span> <span class='ocrx_word' id='word_1_582' title='bbox 2703 3538 2956 3591; x_wconf 87' lang='lat' dir='ltr'><strong>pauperes</strong></span> <span class='ocrx_word' id='word_1_583' title='bbox 2990 3523 3182 3591; x_wconf 84' lang='lat' dir='ltr'><strong>spiritu</strong></span> <span class='ocrx_word' id='word_1_584' title='bbox 3203 3524 3270 3578; x_wconf 79' lang='lat'><strong>“.</strong></span> 
     </span>
    </p>
   </div>
   <div class='ocr_carea' id='block_1_89' title="bbox 2634 3651 3058 3709">
    <p class='ocr_par' dir='ltr' id='par_1_89' title="bbox 2634 3651 3058 3709">
     <span class='ocr_line' id='line_1_89' title="bbox 2634 3651 3058 3709; baseline -0.002 -3"><span class='ocrx_word' id='word_1_585' title='bbox 2634 3651 3058 3709; x_wconf 77' lang='lat' dir='ltr'><strong>.RESPONSIO.</strong></span> 
     </span>
    </p>
   </div>
   <div class='ocr_carea' id='block_1_90' title="bbox 2136 3763 3643 3838">
    <p class='ocr_par' dir='ltr' id='par_1_90' title="bbox 2136 3763 3643 3838">
     <span class='ocr_line' id='line_1_90' title="bbox 2136 3763 3643 3838; baseline 0 -18"><span class='ocrx_word' id='word_1_586' title='bbox 2136 3765 2270 3820; x_wconf 89' lang='lat' dir='ltr'><strong>Cum</strong></span> <span class='ocrx_word' id='word_1_587' title='bbox 2311 3764 2571 3820; x_wconf 89' lang='lat' dir='ltr'><strong>Dominus</strong></span> <span class='ocrx_word' id='word_1_588' title='bbox 2611 3763 2780 3827; x_wconf 87' lang='lat' dir='ltr'><strong>dicat,</strong></span> <span class='ocrx_word' id='word_1_589' title='bbox 2832 3765 2968 3820; x_wconf 85' lang='lat' dir='ltr'><strong>alias</strong></span> <span class='ocrx_word' id='word_1_590' title='bbox 3018 3765 3279 3835; x_wconf 90' lang='lat' dir='ltr'><strong>quidem:</strong></span> <span class='ocrx_word' id='word_1_591' title='bbox 3315 3765 3481 3820; x_wconf 86' lang='lat' dir='ltr'><strong>Verba</strong></span> <span class='ocrx_word' id='word_1_592' title='bbox 3525 3785 3643 3838; x_wconf 65' lang='lat' dir='ltr'><strong>qua</strong></span> 
     </span>
    </p>
   </div>
   <div class='ocr_carea' id='block_1_91' title="bbox 2047 3857 3643 3927">
    <p class='ocr_par' dir='ltr' id='par_1_91' title="bbox 2047 3857 3643 3927">
     <span class='ocr_line' id='line_1_91' title="bbox 2047 3857 3643 3927; baseline 0.003 -17"><span class='ocrx_word' id='word_1_593' title='bbox 2047 3873 2158 3927; x_wconf 88' lang='lat' dir='ltr'><strong>-ego</strong></span> <span class='ocrx_word' id='word_1_594' title='bbox 2187 3858 2391 3911; x_wconf 83' lang='lat' dir='ltr'><strong>locutus</strong></span> <span class='ocrx_word' id='word_1_595' title='bbox 2424 3873 2540 3910; x_wconf 84' lang='lat' dir='ltr'><strong>sum</strong></span> <span class='ocrx_word' id='word_1_596' title='bbox 2571 3857 2734 3920; x_wconf 79' lang='lat' dir='ltr'><strong>vobis,</strong></span> <span class='ocrx_word' id='word_1_597' title='bbox 2769 3857 2989 3924; x_wconf 82' lang='lat' dir='ltr'><strong>spiritus</strong></span> <span class='ocrx_word' id='word_1_598' title='bbox 3033 3867 3081 3910; x_wconf 86' lang='lat' dir='ltr'><strong>et</strong></span> <span class='ocrx_word' id='word_1_599' title='bbox 3113 3859 3217 3909; x_wconf 85' lang='lat' dir='ltr'><strong>vita</strong></span> <span class='ocrx_word' id='word_1_600' title='bbox 3242 3860 3423 3910; x_wconf 80' lang='lat' dir='ltr'><strong>sunt&quot;</strong></span> <span class='ocrx_word' id='word_1_601' title='bbox 3453 3875 3466 3922; x_wconf 87' lang='lat'><strong>;</strong></span> <span class='ocrx_word' id='word_1_602' title='bbox 3505 3861 3643 3916; x_wconf 86' lang='lat' dir='ltr'><strong>alias</strong></span> 
     </span>
    </p>
   </div>
   <div class='ocr_carea' id='block_1_92' title="bbox 2067 3947 3642 4020">
    <p class='ocr_par' dir='ltr' id='par_1_92' title="bbox 2067 3947 3642 4020">
     <span class='ocr_line' id='line_1_92' title="bbox 2067 3947 3642 4020; baseline 0.003 -19"><span class='ocrx_word' id='word_1_603' title='bbox 2067 3963 2198 4002; x_wconf 78' lang='lat' dir='ltr'><strong>vero</strong></span> <span class='ocrx_word' id='word_1_604' title='bbox 2227 3965 2242 4003; x_wconf 92' lang='lat'><strong>:</strong></span> <span class='ocrx_word' id='word_1_605' title='bbox 2279 3947 2512 4015; x_wconf 86' lang='lat' dir='ltr'><strong>Spiritus</strong></span> <span class='ocrx_word' id='word_1_606' title='bbox 2545 3959 2762 4000; x_wconf 89' lang='lat' dir='ltr'><strong>sanctus</strong></span> <span class='ocrx_word' id='word_1_607' title='bbox 2791 3947 2993 3999; x_wconf 88' lang='lat' dir='ltr'><strong>docebit</strong></span> <span class='ocrx_word' id='word_1_608' title='bbox 3036 3963 3122 4000; x_wconf 78' lang='lat' dir='ltr'><strong>ros</strong></span> <span class='ocrx_word' id='word_1_609' title='bbox 3152 3949 3349 4011; x_wconf 86' lang='lat' dir='ltr'><strong>omnia,</strong></span> <span class='ocrx_word' id='word_1_610' title='bbox 3378 3958 3426 4002; x_wconf 88' lang='lat' dir='ltr'><strong>et</strong></span> <span class='ocrx_word' id='word_1_611' title='bbox 3459 3965 3642 4020; x_wconf 83' lang='lat' dir='ltr'><strong>sugge-</strong></span> 
     </span>
    </p>
   </div>
   <div class='ocr_carea' id='block_1_93' title="bbox 2068 4038 3640 4110">
    <p class='ocr_par' dir='ltr' id='par_1_93' title="bbox 2068 4038 3640 4110">
     <span class='ocr_line' id='line_1_93' title="bbox 2068 4038 3640 4110; baseline 0.002 -17"><span class='ocrx_word' id='word_1_612' title='bbox 2068 4049 2145 4094; x_wconf 86' lang='lat' dir='ltr'><strong>ret</strong></span> <span class='ocrx_word' id='word_1_613' title='bbox 2182 4056 2500 4109; x_wconf 78' lang='lat' dir='ltr'><strong>quaecunque</strong></span> <span class='ocrx_word' id='word_1_614' title='bbox 2545 4039 2728 4091; x_wconf 78' lang='lat' dir='ltr'><strong>dixero</strong></span> <span class='ocrx_word' id='word_1_615' title='bbox 2772 4038 2912 4091; x_wconf 83' lang='lat' dir='ltr'><strong>vobis</strong></span> <span class='ocrx_word' id='word_1_616' title='bbox 2941 4039 3017 4104; x_wconf 62' lang='lat'><strong>’3;</strong></span> <span class='ocrx_word' id='word_1_617' title='bbox 3076 4055 3181 4091; x_wconf 85' lang='lat' dir='ltr'><strong>non</strong></span> <span class='ocrx_word' id='word_1_618' title='bbox 3231 4041 3389 4102; x_wconf 89' lang='lat' dir='ltr'><strong>enim,</strong></span> <span class='ocrx_word' id='word_1_619' title='bbox 3443 4041 3640 4110; x_wconf 90' lang='lat' dir='ltr'><strong>inquit,</strong></span> 
     </span>
    </p>
   </div>
   <div class='ocr_carea' id='block_1_94' title="bbox 2067 4130 3645 4206">
    <p class='ocr_par' dir='ltr' id='par_1_94' title="bbox 2067 4130 3645 4206">
     <span class='ocr_line' id='line_1_94' title="bbox 2067 4130 3645 4206; baseline -0.001 -21"><span class='ocrx_word' id='word_1_620' title='bbox 2067 4132 2309 4201; x_wconf 87' lang='lat' dir='ltr'><strong>loquetur</strong></span> <span class='ocrx_word' id='word_1_621' title='bbox 2351 4147 2384 4184; x_wconf 91' lang='lat' dir='ltr'><strong>a</strong></span> <span class='ocrx_word' id='word_1_622' title='bbox 2423 4132 2721 4198; x_wconf 83' lang='lat' dir='ltr'><strong>semetipso,</strong></span> <span class='ocrx_word' id='word_1_623' title='bbox 2759 4130 2848 4183; x_wconf 88' lang='lat' dir='ltr'><strong>sed</strong></span> <span class='ocrx_word' id='word_1_624' title='bbox 2877 4145 3193 4200; x_wconf 73' lang='lat' dir='ltr'><strong>quaecunque</strong></span> <span class='ocrx_word' id='word_1_625' title='bbox 3228 4131 3455 4184; x_wconf 86' lang='lat' dir='ltr'><strong>audierit</strong></span> <span class='ocrx_word' id='word_1_626' title='bbox 3478 4132 3645 4206; x_wconf 63' lang='grc'><strong>484</strong></span> 
     </span>
    </p>
   </div>
   <div class='ocr_carea' id='block_1_95' title="bbox 2069 4222 3638 4294">
    <p class='ocr_par' dir='ltr' id='par_1_95' title="bbox 2069 4222 3638 4294">
     <span class='ocr_line' id='line_1_95' title="bbox 2069 4222 3638 4294; baseline 0 -16"><span class='ocrx_word' id='word_1_627' title='bbox 2069 4241 2102 4278; x_wconf 90' lang='lat' dir='ltr'><strong>a</strong></span> <span class='ocrx_word' id='word_1_628' title='bbox 2139 4241 2241 4288; x_wconf 89' lang='lat' dir='ltr'><strong>me,</strong></span> <span class='ocrx_word' id='word_1_629' title='bbox 2274 4223 2383 4276; x_wconf 75' lang='lat' dir='ltr'><strong>[uec</strong></span> <span class='ocrx_word' id='word_1_630' title='bbox 2407 4222 2743 4292; x_wconf 81' lang='lat' dir='ltr'><strong>loquetur&quot;;</strong></span> <span class='ocrx_word' id='word_1_631' title='bbox 2775 4222 2810 4275; x_wconf 92' lang='lat' dir='ltr'><strong>ii</strong></span> <span class='ocrx_word' id='word_1_632' title='bbox 2845 4235 3112 4291; x_wconf 83' lang='lat' dir='ltr'><strong>pauperes</strong></span> <span class='ocrx_word' id='word_1_633' title='bbox 3137 4229 3265 4275; x_wconf 88' lang='lat' dir='ltr'><strong>sunt</strong></span> <span class='ocrx_word' id='word_1_634' title='bbox 3290 4224 3516 4291; x_wconf 87' lang='lat' dir='ltr'><strong>spiritu,</strong></span> <span class='ocrx_word' id='word_1_635' title='bbox 3545 4227 3638 4294; x_wconf 88' lang='lat' dir='ltr'><strong>qui</strong></span> 
     </span>
    </p>
   </div>
   <div class='ocr_carea' id='block_1_96' title="bbox 2067 4313 3639 4382">
    <p class='ocr_par' dir='ltr' id='par_1_96' title="bbox 2067 4313 3639 4382">
     <span class='ocr_line' id='line_1_96' title="bbox 2067 4313 3639 4382; baseline 0 -14"><span class='ocrx_word' id='word_1_636' title='bbox 2067 4330 2177 4368; x_wconf 88' lang='lat' dir='ltr'><strong>non</strong></span> <span class='ocrx_word' id='word_1_637' title='bbox 2221 4313 2290 4368; x_wconf 92' lang='lat' dir='ltr'><strong>ob</strong></span> <span class='ocrx_word' id='word_1_638' title='bbox 2339 4315 2505 4366; x_wconf 86' lang='lat' dir='ltr'><strong>ullam</strong></span> <span class='ocrx_word' id='word_1_639' title='bbox 2547 4314 2707 4366; x_wconf 89' lang='lat' dir='ltr'><strong>aliam</strong></span> <span class='ocrx_word' id='word_1_640' title='bbox 2751 4327 2974 4367; x_wconf 88' lang='lat' dir='ltr'><strong>causam</strong></span> <span class='ocrx_word' id='word_1_641' title='bbox 3012 4328 3280 4382; x_wconf 89' lang='lat' dir='ltr'><strong>pauperes</strong></span> <span class='ocrx_word' id='word_1_642' title='bbox 3323 4315 3451 4368; x_wconf 83' lang='lat' dir='ltr'><strong>facti</strong></span> <span class='ocrx_word' id='word_1_643' title='bbox 3491 4325 3639 4382; x_wconf 85' lang='lat' dir='ltr'><strong>sunt,</strong></span> 
     </span>
    </p>
   </div>
   <div class='ocr_carea' id='block_1_97' title="bbox 2069 4403 3642 4474">
    <p class='ocr_par' dir='ltr' id='par_1_97' title="bbox 2069 4403 3642 4474">
     <span class='ocr_line' id='line_1_97' title="bbox 2069 4403 3642 4474; baseline 0.001 -14"><span class='ocrx_word' id='word_1_644' title='bbox 2069 4407 2176 4460; x_wconf 88' lang='lat' dir='ltr'><strong>nisi</strong></span> <span class='ocrx_word' id='word_1_645' title='bbox 2222 4407 2293 4460; x_wconf 90' lang='lat' dir='ltr'><strong>ob</strong></span> <span class='ocrx_word' id='word_1_646' title='bbox 2325 4405 2629 4459; x_wconf 85' lang='lat' dir='ltr'><strong>doctrinam</strong></span> <span class='ocrx_word' id='word_1_647' title='bbox 2662 4403 2902 4466; x_wconf 86' lang='lat' dir='ltr'><strong>Domini,</strong></span> <span class='ocrx_word' id='word_1_648' title='bbox 2939 4405 3030 4474; x_wconf 92' lang='lat' dir='ltr'><strong>qui</strong></span> <span class='ocrx_word' id='word_1_649' title='bbox 3058 4405 3238 4459; x_wconf 88' lang='lat' dir='ltr'><strong>dixit:</strong></span> <span class='ocrx_word' id='word_1_650' title='bbox 3280 4405 3442 4468; x_wconf 84' lang='lat' dir='ltr'><strong>Vade,</strong></span> <span class='ocrx_word' id='word_1_651' title='bbox 3484 4409 3642 4462; x_wconf 82' lang='lat' dir='ltr'><strong>vende</strong></span> 
     </span>
    </p>
   </div>
   <div class='ocr_carea' id='block_1_98' title="bbox 2069 4495 3641 4567">
    <p class='ocr_par' dir='ltr' id='par_1_98' title="bbox 2069 4495 3641 4567">
     <span class='ocr_line' id='line_1_98' title="bbox 2069 4495 3641 4567; baseline 0.001 -16"><span class='ocrx_word' id='word_1_652' title='bbox 2069 4496 2246 4551; x_wconf 90' lang='lat' dir='ltr'><strong>omnia</strong></span> <span class='ocrx_word' id='word_1_653' title='bbox 2277 4513 2392 4565; x_wconf 72' lang='lat' dir='ltr'><strong>qua:</strong></span> <span class='ocrx_word' id='word_1_654' title='bbox 2412 4496 2592 4558; x_wconf 85' lang='lat' dir='ltr'><strong>habes,</strong></span> <span class='ocrx_word' id='word_1_655' title='bbox 2617 4505 2666 4548; x_wconf 87' lang='lat' dir='ltr'><strong>et</strong></span> <span class='ocrx_word' id='word_1_656' title='bbox 2690 4496 2759 4548; x_wconf 89' lang='lat' dir='ltr'><strong>da</strong></span> <span class='ocrx_word' id='word_1_657' title='bbox 2783 4495 3100 4565; x_wconf 84' lang='lat' dir='ltr'><strong>pauperibus</strong></span> <span class='ocrx_word' id='word_1_658' title='bbox 3125 4497 3192 4548; x_wconf 79' lang='grc' dir='ltr'><strong>³ο.</strong></span> <span class='ocrx_word' id='word_1_659' title='bbox 3228 4495 3384 4561; x_wconf 85' lang='lat' dir='ltr'><strong>Quod</strong></span> <span class='ocrx_word' id='word_1_660' title='bbox 3413 4498 3456 4551; x_wconf 92' lang='lat' dir='ltr'><strong>si</strong></span> <span class='ocrx_word' id='word_1_661' title='bbox 3488 4501 3641 4567; x_wconf 89' lang='lat' dir='ltr'><strong>quis-</strong></span> 
     </span>
    </p>
   </div>
   <div class='ocr_carea' id='block_1_99' title="bbox 2071 4587 3636 4658">
    <p class='ocr_par' dir='ltr' id='par_1_99' title="bbox 2071 4587 3636 4658">
     <span class='ocr_line' id='line_1_99' title="bbox 2071 4587 3636 4658; baseline 0.001 -17"><span class='ocrx_word' id='word_1_662' title='bbox 2071 4591 2234 4658; x_wconf 90' lang='lat' dir='ltr'><strong>piam,</strong></span> <span class='ocrx_word' id='word_1_663' title='bbox 2264 4595 2639 4656; x_wconf 87' lang='lat' dir='ltr'><strong>paupertatem</strong></span> <span class='ocrx_word' id='word_1_664' title='bbox 2667 4589 2770 4644; x_wconf 84' lang='lat' dir='ltr'><strong>sibi</strong></span> <span class='ocrx_word' id='word_1_665' title='bbox 2800 4589 2961 4642; x_wconf 87' lang='lat' dir='ltr'><strong>eliam</strong></span> <span class='ocrx_word' id='word_1_666' title='bbox 2993 4587 3380 4657; x_wconf 79' lang='lat' dir='ltr'><strong>quoquomodo</strong></span> <span class='ocrx_word' id='word_1_667' title='bbox 3400 4591 3636 4643; x_wconf 84' lang='lat' dir='ltr'><strong>oblatam</strong></span> 
     </span>
    </p>
   </div>
   <div class='ocr_carea' id='block_1_100' title="bbox 2072 4677 3638 4748">
    <p class='ocr_par' dir='ltr' id='par_1_100' title="bbox 2072 4677 3638 4748">
     <span class='ocr_line' id='line_1_100' title="bbox 2072 4677 3638 4748; baseline 0.001 -16"><span class='ocrx_word' id='word_1_668' title='bbox 2072 4680 2377 4748; x_wconf 78' lang='lat' dir='ltr'><strong>amplexus,</strong></span> <span class='ocrx_word' id='word_1_669' title='bbox 2409 4679 2549 4732; x_wconf 78' lang='lat' dir='ltr'><strong>hanc</strong></span> <span class='ocrx_word' id='word_1_670' title='bbox 2585 4679 2648 4732; x_wconf 90' lang='lat' dir='ltr'><strong>ad</strong></span> <span class='ocrx_word' id='word_1_671' title='bbox 2685 4677 2776 4732; x_wconf 88' lang='lat' dir='ltr'><strong>Dei</strong></span> <span class='ocrx_word' id='word_1_672' title='bbox 2806 4679 3139 4731; x_wconf 83' lang='lat' dir='ltr'><strong>voluntatem</strong></span> <span class='ocrx_word' id='word_1_673' title='bbox 3166 4679 3428 4732; x_wconf 85' lang='lat' dir='ltr'><strong>direxerit</strong></span> <span class='ocrx_word' id='word_1_674' title='bbox 3457 4694 3638 4733; x_wconf 89' lang='lat' dir='ltr'><strong>exem-</strong></span> 
     </span>
    </p>
   </div>
   <div class='ocr_carea' id='block_1_101' title="bbox 2070 4766 3638 4838">
    <p class='ocr_par' dir='ltr' id='par_1_101' title="bbox 2070 4766 3638 4838">
     <span class='ocr_line' id='line_1_101' title="bbox 2070 4766 3638 4838; baseline 0.004 -19"><span class='ocrx_word' id='word_1_675' title='bbox 2070 4770 2160 4838; x_wconf 94' lang='lat' dir='ltr'><strong>plo</strong></span> <span class='ocrx_word' id='word_1_676' title='bbox 2186 4766 2399 4832; x_wconf 85' lang='lat' dir='ltr'><strong>Lazari,</strong></span> <span class='ocrx_word' id='word_1_677' title='bbox 2433 4784 2503 4822; x_wconf 92' lang='lat' dir='ltr'><strong>ne</strong></span> <span class='ocrx_word' id='word_1_678' title='bbox 2539 4767 2626 4822; x_wconf 90' lang='lat' dir='ltr'><strong>hic</strong></span> <span class='ocrx_word' id='word_1_679' title='bbox 2655 4769 2873 4838; x_wconf 88' lang='lat' dir='ltr'><strong>quidem</strong></span> <span class='ocrx_word' id='word_1_680' title='bbox 2921 4769 2990 4822; x_wconf 91' lang='lat' dir='ltr'><strong>ab</strong></span> <span class='ocrx_word' id='word_1_681' title='bbox 3019 4769 3108 4822; x_wconf 86' lang='lat' dir='ltr'><strong>illa</strong></span> <span class='ocrx_word' id='word_1_682' title='bbox 3139 4770 3475 4825; x_wconf 85' lang='lat' dir='ltr'><strong>beatitudine</strong></span> <span class='ocrx_word' id='word_1_683' title='bbox 3505 4772 3638 4826; x_wconf 89' lang='lat' dir='ltr'><strong>alie-</strong></span> 
     </span>
    </p>
   </div>
   <div class='ocr_carea' id='block_1_102' title="bbox 2072 4868 2313 4916">
    <p class='ocr_par' dir='ltr' id='par_1_102' title="bbox 2072 4868 2313 4916">
     <span class='ocr_line' id='line_1_102' title="bbox 2072 4868 2313 4916; baseline -0.008 -3"><span class='ocrx_word' id='word_1_684' title='bbox 2072 4875 2180 4916; x_wconf 85' lang='lat' dir='ltr'><strong>nus</strong></span> <span class='ocrx_word' id='word_1_685' title='bbox 2207 4868 2313 4914; x_wconf 86' lang='lat' dir='ltr'><strong>est.</strong></span> 
     </span>
    </p>
   </div>
   <div class='ocr_carea' id='block_1_103' title="bbox 2359 5054 3631 5121">
    <p class='ocr_par' dir='ltr' id='par_1_103' title="bbox 2359 5054 3631 5121">
     <span class='ocr_line' id='line_1_103' title="bbox 2359 5054 3631 5121; baseline 0.004 -16"><span class='ocrx_word' id='word_1_686' title='bbox 2359 5054 2572 5110; x_wconf 72' lang='lat' dir='ltr'><strong>“Joan.</strong></span> <span class='ocrx_word' id='word_1_687' title='bbox 2637 5071 2748 5116; x_wconf 79' lang='lat' dir='ltr'><strong>xiv,</strong></span> <span class='ocrx_word' id='word_1_688' title='bbox 2808 5054 2990 5108; x_wconf 61' lang='lat' dir='ltr'><strong>lii-I7.</strong></span> <span class='ocrx_word' id='word_1_689' title='bbox 3096 5057 3141 5087; x_wconf 67' lang='lat'><strong>&#39;5</strong></span> <span class='ocrx_word' id='word_1_690' title='bbox 3182 5055 3337 5110; x_wconf 84' lang='lat' dir='ltr'><strong>Joan.</strong></span> <span class='ocrx_word' id='word_1_691' title='bbox 3398 5071 3488 5121; x_wconf 82' lang='lat' dir='ltr'><strong>xv,</strong></span> <span class='ocrx_word' id='word_1_692' title='bbox 3546 5057 3631 5112; x_wconf 80' lang='grc'><strong>19.</strong></span> 
     </span>
    </p>
   </div>
   <div class='ocr_carea' id='block_1_104' title="bbox 2141 5298 3640 5372">
    <p class='ocr_par' dir='ltr' id='par_1_104' title="bbox 2141 5298 3640 5372">
     <span class='ocr_line' id='line_1_104' title="bbox 2141 5298 3640 5372; baseline 0.001 -18"><span class='ocrx_word' id='word_1_693' title='bbox 2141 5299 2252 5370; x_wconf 83' lang='grc'><strong>(85)</strong></span> <span class='ocrx_word' id='word_1_694' title='bbox 2283 5298 2466 5354; x_wconf 89' lang='lat' dir='ltr'><strong>Codex</strong></span> <span class='ocrx_word' id='word_1_695' title='bbox 2509 5300 2660 5372; x_wconf 9' lang='lat' dir='ltr'><strong>Colbr.</strong></span> <span class='ocrx_word' id='word_1_696' title='bbox 2699 5301 3008 5372; x_wconf 71' lang='grc' dir='ltr'>ὑπομνήσει</span> <span class='ocrx_word' id='word_1_697' title='bbox 3035 5301 3154 5372; x_wconf 64' lang='grc' dir='ltr'>ὅσα.</span> <span class='ocrx_word' id='word_1_698' title='bbox 3190 5302 3482 5372; x_wconf 81' lang='lat' dir='ltr'><strong>Aliquanto</strong></span> <span class='ocrx_word' id='word_1_699' title='bbox 3516 5312 3640 5370; x_wconf 87' lang='lat' dir='ltr'><strong>post</strong></span> 
     </span>
    </p>
   </div>
   <div class='ocr_carea' id='block_1_105' title="bbox 2066 5369 3239 5443">
    <p class='ocr_par' dir='ltr' id='par_1_105' title="bbox 2066 5369 3239 5443">
     <span class='ocr_line' id='line_1_105' title="bbox 2066 5369 3239 5443; baseline 0.001 -19"><span class='ocrx_word' id='word_1_700' title='bbox 2066 5369 2443 5443; x_wconf 27' lang='lat' dir='ltr'><strong>Regnprjmus</strong></span> <span class='ocrx_word' id='word_1_701' title='bbox 2477 5378 2530 5443; x_wconf 79' lang='lat' dir='ltr'><strong>et</strong></span> <span class='ocrx_word' id='word_1_702' title='bbox 2559 5371 2712 5424; x_wconf 84' lang='lat' dir='ltr'><strong>Colh.</strong></span> <span class='ocrx_word' id='word_1_703' title='bbox 2741 5369 2969 5443; x_wconf 61' lang='grc' dir='ltr'>ἀκούσῃ,</span> <span class='ocrx_word' id='word_1_704' title='bbox 2999 5371 3239 5443; x_wconf 79' lang='grc' dir='ltr'><strong>λαλήσει.</strong></span> 
     </span>
    </p>
   </div>
   <div class='ocr_carea' id='block_1_106' title="bbox 2138 5386 3638 5511">
    <p class='ocr_par' dir='ltr' id='par_1_106' title="bbox 2138 5386 3638 5511">
     <span class='ocr_line' id='line_1_106' title="bbox 2138 5386 3239 5442; baseline 0.003 -20"><span class='ocrx_word' id='word_1_705' title='bbox 2138 5387 2199 5440; x_wconf 76' lang='lat' dir='ltr'><strong>:g.</strong></span> <span class='ocrx_word' id='word_1_706' title='bbox 2273 5387 2443 5424; x_wconf 79' lang='lat' dir='ltr'><strong>rimus</strong></span> <span class='ocrx_word' id='word_1_707' title='bbox 2477 5386 2530 5423; x_wconf 79' lang='lat' dir='ltr'><strong>et</strong></span> <span class='ocrx_word' id='word_1_708' title='bbox 2559 5386 2712 5424; x_wconf 68' lang='lat' dir='ltr'><strong>LOID.</strong></span> <span class='ocrx_word' id='word_1_709' title='bbox 2741 5386 2969 5442; x_wconf 86' lang='grc' dir='ltr'>ακουση,</span> <span class='ocrx_word' id='word_1_710' title='bbox 3001 5386 3239 5440; x_wconf 63' lang='grc' dir='ltr'>Λαλησει.</span> 
     </span>
     <span class='ocr_line' id='line_1_107' title="bbox 2138 5386 3638 5511; baseline -0.001 -17"><span class='ocrx_word' id='word_1_711' title='bbox 2138 5386 2268 5510; x_wconf 51' lang='lat'><strong>(86;)</strong></span> <span class='ocrx_word' id='word_1_712' title='bbox 2287 5439 2658 5511; x_wconf 76' lang='lat' dir='ltr'><strong>Reg._primus</strong></span> <span class='ocrx_word' id='word_1_713' title='bbox 2689 5449 2749 5511; x_wconf 11' lang='lat' dir='ltr'><strong>et;</strong></span> <span class='ocrx_word' id='word_1_714' title='bbox 2773 5430 2933 5494; x_wconf 57' lang='lat' dir='ltr'><strong>Voss:</strong></span> <span class='ocrx_word' id='word_1_715' title='bbox 2963 5439 3212 5510; x_wconf 80' lang='grc' dir='ltr'><strong>πώλησόν</strong></span> <span class='ocrx_word' id='word_1_716' title='bbox 3244 5459 3337 5494; x_wconf 84' lang='grc' dir='ltr'><strong>σου</strong></span> <span class='ocrx_word' id='word_1_717' title='bbox 3369 5440 3437 5494; x_wconf 86' lang='grc' dir='ltr'>τὰ</span> <span class='ocrx_word' id='word_1_718' title='bbox 3462 5440 3638 5511; x_wconf 81' lang='grc' dir='ltr'>ὑπάρ-</span> 
     </span>
    </p>
   </div>
   <div class='ocr_carea' id='block_1_107' title="bbox 2063 5509 3635 5580">
    <p class='ocr_par' dir='ltr' id='par_1_107' title="bbox 2063 5509 3635 5580">
     <span class='ocr_line' id='line_1_108' title="bbox 2063 5509 3635 5580; baseline 0.001 -17"><span class='ocrx_word' id='word_1_719' title='bbox 2063 5509 2246 5580; x_wconf 70' lang='grc' dir='ltr'>χοντα,</span> <span class='ocrx_word' id='word_1_720' title='bbox 2284 5510 2398 5580; x_wconf 80' lang='grc' dir='ltr'>καί.</span> <span class='ocrx_word' id='word_1_721' title='bbox 2431 5509 2631 5564; x_wconf 87' lang='lat' dir='ltr'><strong>Ibidem</strong></span> <span class='ocrx_word' id='word_1_722' title='bbox 2652 5509 2820 5564; x_wconf 86' lang='lat' dir='ltr'><strong>codex</strong></span> <span class='ocrx_word' id='word_1_723' title='bbox 2860 5511 3016 5565; x_wconf 86' lang='lat' dir='ltr'><strong>Colb.</strong></span> <span class='ocrx_word' id='word_1_724' title='bbox 3051 5509 3225 5566; x_wconf 86' lang='lat' dir='ltr'><strong>fusius</strong></span> <span class='ocrx_word' id='word_1_725' title='bbox 3260 5512 3348 5574; x_wconf 86' lang='grc' dir='ltr'><strong>δὸς</strong></span> <span class='ocrx_word' id='word_1_726' title='bbox 3379 5509 3635 5580; x_wconf 64' lang='grc' dir='ltr'>πτωχοῖς,</span> 
     </span>
    </p>
   </div>
   <div class='ocr_carea' id='block_1_108' title="bbox 2064 5578 3640 5654">
    <p class='ocr_par' dir='ltr' id='par_1_108' title="bbox 2064 5578 3640 5654">
     <span class='ocr_line' id='line_1_109' title="bbox 2064 5578 3640 5654; baseline 0.001 -22"><span class='ocrx_word' id='word_1_727' title='bbox 2064 5578 2159 5632; x_wconf 71' lang='grc' dir='ltr'>καὶ</span> <span class='ocrx_word' id='word_1_728' title='bbox 2187 5578 2327 5654; x_wconf 49' lang='grc' dir='ltr'>ἒ-ξεις</span> <span class='ocrx_word' id='word_1_729' title='bbox 2357 5579 2631 5651; x_wconf 84' lang='grc' dir='ltr'>θησαυρὸν</span> <span class='ocrx_word' id='word_1_730' title='bbox 2658 5583 2713 5633; x_wconf 83' lang='grc' dir='ltr'>ὲν</span> <span class='ocrx_word' id='word_1_731' title='bbox 2743 5581 3142 5654; x_wconf 36' lang='grc' dir='ltr'>οῦρανοῖςηκαὶ</span> <span class='ocrx_word' id='word_1_732' title='bbox 3170 5582 3326 5654; x_wconf 85' lang='grc' dir='ltr'>δεῦρο</span> <span class='ocrx_word' id='word_1_733' title='bbox 3359 5578 3640 5635; x_wconf 55' lang='lat' dir='ltr'><strong>exacte“</strong></span> 
     </span>
    </p>
   </div>
   <div class='ocr_carea' id='block_1_109' title="bbox 2067 5649 3145 5722">
    <p class='ocr_par' dir='ltr' id='par_1_109' title="bbox 2067 5649 3145 5722">
     <span class='ocr_line' id='line_1_110' title="bbox 2067 5649 3145 5722; baseline 0.006 -20"><span class='ocrx_word' id='word_1_734' title='bbox 2067 5667 2178 5721; x_wconf 85' lang='grc' dir='ltr'>μοι.</span> <span class='ocrx_word' id='word_1_735' title='bbox 2203 5649 2325 5703; x_wconf 78' lang='lat' dir='ltr'><strong>Mox</strong></span> <span class='ocrx_word' id='word_1_736' title='bbox 2356 5649 2496 5704; x_wconf 88' lang='lat' dir='ltr'><strong>unus</strong></span> <span class='ocrx_word' id='word_1_737' title='bbox 2527 5649 2626 5704; x_wconf 86' lang='lat' dir='ltr'><strong>ms.</strong></span> <span class='ocrx_word' id='word_1_738' title='bbox 2664 5649 2948 5721; x_wconf 73' lang='grc' dir='ltr'>συμϐᾶσαν</span> <span class='ocrx_word' id='word_1_739' title='bbox 2978 5651 3145 5722; x_wconf 74' lang='grc' dir='ltr'>αὐτῷ.</span> 
     </span>
    </p>
   </div>
  </div>
