4064 6238
1802 310 1861 366 S.
1880 309 2126 366 BASlLll
2156 308 2368 365 MAGM

849 428 1371 487 INTERROGATIO
1413 429 1592 485 CCVI.

2626 426 2983 482 ἘΡΩΤΗΣΙΣ
3022 426 3134 493 Σςι

431 529 566 585 Cum
600 526 854 583 Dominus
884 528 1182 597 pracipiat,
1215 536 1273 580 ut
1318 544 1380 582 ne
1425 526 1646 582 solliciti
1676 527 1844 580 simus
1879 524 2006 596 quid

2114 521 2224 577 Τοῦ
2249 525 2474 597 Κυρίου
2505 521 3029 597 παραγγέλλοντος
3052 519 3161 597 (87)
3184 536 3270 588 μη
3295 520 3604 597 μεριμγᾷν-
3628 524 3687 575 τί

433 318 571 373 1219
1802 312 1861 366 S.
1880 312 2126 366 BASlLll
2156 312 2368 365 ΜΑΟΝῘ
3542 312 3679 368 1220

501 599 739 657 edamus,
766 608 859 651 aut
878 598 1002 666 quid
1026 598 1285 659 bibamus,
1313 608 1404 651 aut
1436 614 1536 667 quo
1566 606 1802 667 tegantur
1820 597 1887 667 ξι,
1905 612 2007 664 quo

504 685 666 807 ἔθηκε
691 669 745 722 id
780 669 1090 723 mandatum
1113 684 1168 723 se
1195 666 1455 733 extendit,
1491 677 1584 721 aut
1607 666 1868 738 quomodo
1889 682 2008 736 per-

546 750 704 793 citur.

1017 847 1425 904 RESPONSIO.

504 940 620 997 Hoc
663 940 981 996 mandatum
1018 943 1243 1012 perinde
1283 950 1445 1011 atque
1491 940 1804 995 mandatum
1838 938 2008 1009 quod-

434 1034 568 1090 libet
619 1034 686 1090 ad
753 1042 986 1089 mortem
1041 1050 1216 1107 usque
1288 1049 1347 1090 se
1415 1033 1679 1087 extendit.
1745 1031 2008 1086 Dominus

433 1130 578 1182 enim
604 1126 844 1182 obedivit
870 1127 1032 1181 etiam
1069 1141 1241 1195 usque
1275 1124 1341 1178 ad
1370 1132 1598 1178 mortem
1622 1124 1687 1173 ³³.
1710 1121 2009 1176 Conﬁcitur

435 1225 616 1270 autem
660 1231 755 1285 per
789 1214 1041 1269 ﬁduciam
1086 1214 1201 1269 Dei.
1254 1211 1390 1266 Nam
1422 1212 1695 1282 prohibita
1732 1210 2007 1265 sollicitu—

434 1307 595 1371 dine,
653 1307 1073 1376 promissionem
1128 1304 1377 1375 adjungit
1434 1304 1696 1358 Dominus
1748 1303 1835 1357 his
1888 1316 2009 1355 ver—

434 1398 522 1454 bis
563 1415 575 1455 2
627 1396 789 1451 Novit
830 1399 967 1451 enim
1009 1396 1173 1450 Pater
1216 1406 1401 1459 vester,
1452 1395 1638 1465 quibus
1678 1410 1806 1463 opus
1853 1391 2009 1446 liabe-

437 1491 525 1553 tis,
565 1499 845 1559 antequam
877 1505 965 1542 vos
996 1488 1187 1556 petatis
1228 1488 1401 1556 ipsum
1419 1488 1483 1541 ³³.
1517 1487 1670 1541 Talis
1708 1494 1826 1539 erat
1861 1483 2008 1554 Apo-

436 1579 632 1640 stolus,
680 1579 772 1647 qui
823 1577 1079 1632 dicebat:
1115 1575 1439 1645 Responsum
1488 1577 1672 1630 mortis
1705 1575 2006 1639 habuimus,

434 1681 492 1725 ut
518 1688 619 1727 non
645 1672 807 1725 simus
829 1672 1048 1741 fidentes
1073 1671 1127 1723 in
1160 1670 1332 1733 nobis,
1365 1671 1453 1724 sed
1489 1672 1541 1724 in
1565 1669 1694 1731 Deo,
1730 1669 1819 1738 qui
1844 1668 2011 1721 susci-

2177 590 2474 664 φᾴγωμεν,
2516 593 2554 662 ἢ
2588 590 2657 646 ήτι
2678 590 2949 664 πίωμεν,
2987 592 3024 656 ἢ
3056 590 3682 664 ti_:zspl6a:t.1<by30a,

2171 659 2352 733 μέχρὶ
2393 659 2559 731 τίνος
2607 664 2780 717 ἐστὶν
2829 661 2868 728 ἡ
2920 659 3177 726 ἐντολή·
3221 662 3259 729 ἣ
3304 659 3432 727 πῶς
3477 678 3688 729 κατορ-

2179 735 2404 789 θοῦται.

2690 844 3083 898 ΑΠΟΚΡΙΣΙΣ.

2190 938 2253 990 Ἦ
2282 938 2377 1008 μὲν
2408 936 2592 1009 ἐντολή
2638 937 2754 988 ἔστι
2791 936 2953 1008 μέχρι
2983 934 3239 1001 θανάτου,
3285 935 3362 1000 ὡς
3399 939 3494 991 καὶ
3534 940 3687 991 πᾶσα

2110 1030 2316 1100 ἐντολή.
2349 1031 2460 1083 Καὶ
2488 1030 2596 1102 γὰρ
2620 1032 2648 1083 ὁ
2686 1029 2891 1101 Κύριος
2924 1030 3200 1100 ὑπήκουσε
3236 1029 3399 1101 μέχρι
3428 1030 3683 1087 θανάτου.

2108 1121 2483 1192 Κατορθοῦται
2515 1122 2573 1175 δὲ
2601 1125 2667 1194 τῇ
2703 1122 2796 1176 ἐπὶ
2843 1121 2938 1175 τὸν
2973 1121 3105 1174 Θεὸν
3156 1123 3497 1191 πεποιθήσει.
3554 1124 3689 1176 Ἀπ-

2108 1213 2411 1285 αγορεύσας
2438 1215 2547 1285 γὰρ
2575 1217 2604 1267 ὁ
2636 1213 2840 1285 Κύριος
2868 1214 2966 1283 τὴν
3003 1213 3294 1285 μέριμναν,
3327 1215 3688 1268 ὲπισυνάπτει

2107 1306 2207 1377 τὴν
2234 1306 2586 1374 ἐπαγγελίαν,
2617 1304 2783 1359 εἰπών
2802 1321 2818 1336 ’
2854 1302 2989 1359 Οἵδε
3038 1304 3149 1374 γὰρ
3182 1308 3215 1359 ὁ
3260 1304 3464 1373 Πατὴρ
3492 1304 3684 1375 ὑμῶν,

2107 1390 2195 1450 ὧν
2219 1398 2428 1466 χρείαν
2454 1398 2643 1465 ἔχετε,
2684 1397 2799 1465 πρὸ
2842 1396 2949 1450 τοῦ
3000 1394 3158 1466 ὑμᾶς
3185 1396 3427 1464 αἰτῆσαι
3473 1398 3684 1451 αὐτόν.

2109 1486 2358 1550 Τοιοῦτος
2378 1483 2446 1558 ἦν
2471 1488 2500 1539 ὁ
2536 1486 2857 1551 Ἀπόστολος
2888 1486 3062 1556 λέγων
3081 1504 3094 1518 ³
3142 1486 3212 1541 Τὸ
3238 1488 3539 1557 ἀπόκριμα
3577 1487 3689 1542 τοῦ

2109 1577 2368 1633 θανάτου
2414 1577 2762 1647 ἐσχήκαμεν
2781 1618 2796 1643 ,
2842 1579 2944 1632 ἵνα
2992 1576 3079 1647 μὴ
3136 1580 3484 1645 πεποιθότες
3527 1574 3693 1647 ὦμεν

2108 1670 2201 1739 ἐφ’
2227 1669 2483 1737 ἑαυτοῖς,
2516 1671 2655 1725 ἀλλ’
2690 1670 2789 1724 ἐπὶ
2816 1669 2897 1736 τῷ
2938 1670 3060 1736 Θεῷ
3086 1669 3167 1735 τῷ
3203 1671 3491 1740 ἐγείροντι
3542 1670 3691 1737 τοὺς

436 1774 513 1818 tat
533 1774 766 1818 mortuos
787 1764 852 1819 ".
885 1762 1156 1817 Nimirum
1190 1762 1336 1833 quod
1369 1762 1436 1816 ad
1471 1763 1639 1815 animi
1672 1760 2008 1831 propositum

2112 1760 2397 1828 νεκρούς-⁸
2440 1759 2584 1814 κατὰ
2626 1760 2725 1831 μὲν
2755 1760 2852 1831 τὴν
2879 1761 3061 1832 κρίσιν
3092 1762 3185 1814 καὶ
3227 1762 3325 1832 τὴν
3366 1761 3693 1831 ὲτοιμασίαν

435 1865 598 1925 atque
639 1856 1092 1924 praeparationem
1137 1852 1426 1916 attinebat,
1460 1852 1797 1906 moriebatur
1837 1848 2012 1920 quoti-

435 1949 545 2013 die,
587 1946 682 2003 sed
728 1946 1048 2002 servabatur
1083 1944 1463 2002 benevolentia
1509 1942 1625 1999 Dei.
1671 1942 2013 2013 Quapropter

437 2039 667 2093 ﬁdenter
692 2037 873 2092 aiebat
902 2055 916 2091 :
946 2036 1117 2103 Quasi
1146 2036 1443 2099 morientes,
1481 2045 1530 2090 et
1558 2051 1673 2089 ecce
1698 2035 1917 2088 vivimus
1942 2034 2008 2088 ³⁸.

434 2127 672 2199 Adjuvat
696 2135 878 2183 autem
906 2127 1221 2197 hujusmodi
1244 2128 1578 2182 voluntatem
1606 2125 1824 2181 fervens
1846 2126 2009 2180 etiam

437 2223 587 2277 circa
621 2221 879 2275 mandata
934 2219 1150 2274 Domini
1193 2218 1455 2277 studium.
1487 2218 1797 2288 horumque
1842 2216 2014 2272 conﬁ-

436 2313 753 2368 ciendorum
811 2312 1147 2368 desiderium
1205 2311 1553 2384 inexplebile,
1614 2326 1723 2381 quo
1788 2310 1913 2380 quis
1964 2310 2011 2364 si

438 2416 711 2468 teneatur,
738 2406 788 2460 ei
823 2420 891 2460 ne
919 2413 1076 2459 vacat
1106 2406 1326 2476 quidem
1356 2404 1504 2459 circa
1533 2404 1781 2475 corporis
1822 2418 2014 2458 neces-

438 2499 633 2554 sitates
672 2498 926 2553 distrahi.

837 2607 1360 2665 INTERROGATIO
1408 2606 1615 2664 CCVII.

440 2702 648 2774 Itaque,
668 2704 713 2757 si
744 2718 904 2774 neque
932 2702 1189 2757 sollicitos
1216 2718 1327 2755 esse
1358 2710 1558 2774 oportet
1586 2701 1654 2774 de
1682 2701 1803 2774 vitae
1834 2715 2010 2774 neces-

509 2770 692 2834 sariis,
729 2782 777 2827 et
815 2770 962 2825 aliud
986 2781 1060 2825 est
1088 2781 1403 2841 prmeeptum
1440 2771 1675 2831 Domini,
1712 2770 1802 2841 qui
1832 2770 2013 2841 dixit:

515 2863 536 2893 ο
571 2842 876 2911 Operamini
902 2858 1005 2895 non
1027 2842 1200 2895 cibum
1220 2840 1309 2912 qui
1328 2842 1461 2909 perit
1484 2842 1549 2906 ⁸⁸,
1578 2859 1597 2892 ι
1634 2840 1822 2894 inutile
1850 2840 2013 2909 fuerit

507 2914 718 2982 operari
738 2922 788 2966 et
813 2912 1083 2968 laborare.

1019 3083 1428 3141 RESPONSIO.

509 3177 774 3232 Dominus
818 3176 939 3247 ipse
963 3176 1018 3230 in
1055 3184 1289 3245 utroque
1320 3176 1442 3231 loco
1477 3184 1806 3245 praeceptum
1853 3192 2011 3232 suum

437 3270 773 3341 explanavit.
802 3268 921 3323 Illic
952 3269 1099 3322 enim
1140 3275 1496 3339 posteaquam
1538 3268 1663 3322 vita:
1705 3270 2012 3324 necessaria

439 3363 720 3433 inquirere
764 3360 1145 3431 prohibuisset
1188 3360 1274 3414 his
1315 3359 1533 3415 verbis:
1562 3358 1743 3414 Nolite
1785 3377 2014 3430 quaerere

438 3451 565 3531 quid
587 3452 778 3515 edatis,
805 3449 1041 3521 autquid
1070 3450 1261 3504 bibatis
1293 3465 1312 3502 :
1335 3451 1444 3504 lucc
1464 3451 1605 3504 enim
1631 3451 1807 3505 omnia
1838 3461 2013 3521 gentes

441 3543 623 3600 mundi
651 3543 919 3613 inquirunt
939 3542 1021 3607 '7;
1054 3551 1183 3596 tunc
1209 3551 1537 3612 praeceptum
1568 3542 1739 3606 dedit.
1769 3552 1817 3598 et
1844 3544 2010 3597 dixit:

443 3637 680 3705 Quaerite
708 3646 886 3689 autem
911 3650 1127 3703 regnum
1155 3632 1253 3687 Dei
1277 3642 1328 3688 et
1340 3634 1610 3702 justitiam
1637 3635 1749 3704 ejus
1767 3634 1830 3686 ³⁸.
1865 3632 2013 3699 Quo-

440 3729 605 3787 modo
649 3736 832 3783 autem
877 3742 942 3781 ea
993 3726 1164 3796 quaeri
1194 3725 1450 3788 debeant,
1486 3726 1543 3779 in
1581 3727 1713 3791 illis,
1747 3726 1839 3795 qui
1877 3726 2014 3795 ipsis

442 3822 592 3892 digni
635 3820 928 3886 habentur,
979 3817 1303 3873 declaravit.
1356 3815 1457 3872 llic
1498 3833 1629 3873 vero
1674 3832 1800 3872 cum
1846 3817 2015 3872 vetuit

443 3912 661 3983 operari
693 3912 877 3967 cibum
904 3910 998 3980 qui
1040 3911 1205 3980 perit,
1246 3907 1381 3963 illud
1407 3907 1617 3975 docuit,
1664 3923 1766 3964 nos
1797 3908 2014 3978 operari

442 4004 643 4060 d‘ebere
687 4004 870 4058 cibum
899 4001 993 4073 qui
1024 4009 1309 4071 permanet
1358 4001 1414 4054 in
1444 4001 1612 4055 vitam
1638 4008 1897 4056 aeternam
1919 4001 1962 4033 "
1995 4020 2011 4056 :

445 4111 609 4167 quem
642 4096 759 4165 ipse
786 4094 898 4149 alio
922 4094 978 4148 in
1005 4093 1132 4147 loco
1156 4107 1351 4147 rursus
1376 4093 1654 4156 indicavit,
1689 4108 1814 4148 cum
1840 4093 2013 4148 dixit:

445 4187 597 4244 Heus
627 4188 775 4241 cibus
811 4197 911 4251 est,
938 4196 996 4238 ut
1025 4184 1224 4254 faciam
1256 4183 1573 4242 voluntatem
1601 4183 1713 4252 ejus
1745 4184 1834 4252 qui
1874 4183 2015 4236 misit

446 4296 548 4346 me,
592 4278 776 4334 Patris
797 4277 864 4330 ⁸⁸.
912 4274 1070 4342 Quod
1118 4275 1165 4329 si
1212 4273 1356 4330 Deus
1400 4275 1536 4339 vult,
1593 4283 1653 4328 ut
1708 4274 2017 4329 enutriatur

2110 1850 2207 1921 τῆς
2235 1851 2413 1922 ψυχῆς
2452 1851 2772 1923 καθημέραν
2810 1851 3190 1923 ἀποθνήσκων,
3231 1855 3297 1923 τῇ
3331 1853 3388 1906 δὲ
3417 1854 3512 1905 τοῦ
3546 1852 3691 1907 Θεοῦ

2111 1942 2329 2014 εὐδοκία
2352 1942 2778 2014 φυλασσόμενος.
2808 1944 2899 1997 Διὸ
2932 1943 3071 2015 μετὰ
3115 1946 3426 2018 παρρησίας
3458 1945 3649 2013 ἔλεγεν
3672 1964 3689 1978 ο

2123 2034 2218 2099 Ὠς
2248 2033 2761 2101 ἀποθνήσκοντες,
2791 2036 2887 2089 καὶ
2914 2021 3047 2089 iam»
3073 2034 3274 2102 nam.
3306 2036 3499 2107 Βοηθεῖ
3532 2037 3589 2089 δὲ
3618 2040 3690 2108 τῇ

2109 2124 2332 2196 τοιαύτῃ
2361 2126 2678 2198 προαιρέσει
2727 2127 2823 2179 καὶ
2859 2129 2892 2199 ἡ
2923 2127 3051 2199 περὶ
3086 2128 3184 2192 τὰς
3212 2127 3430 2192 ἐντολὰς
3454 2129 3551 2181 τοῦ
3577 2130 3694 2181 Κυ-

2115 2214 2227 2286 ρίου
2259 2214 2522 2288 διάπυρος
2552 2218 2756 2289 σπουδὴ
2800 2218 2895 2271 καὶ
2943 2210 3239 2291 ἆκόρεστος
3270 2219 3557 2291 ἐπιθυμία,
3596 2221 3691 2289 ὑφ’

2108 2302 2175 2379 ἧς
2227 2309 2255 2360 ὁ
2322 2308 2617 2379 κρατηθεὶς
2658 2309 2779 2362 οὐδὲ
2825 2310 3025 2381 σχολὴν
3075 2313 3197 2380 ἄγει
3253 2312 3692 2383 μετεωρισθῆναι

2111 2398 2240 2470 περὶ
2269 2397 2377 2469 (88)
2415 2398 2514 2462 τὰς
2542 2399 2633 2452 τοῦ
2658 2399 2909 2470 σώματος
2930 2401 3139 2473 χρείας.

2657 2601 2992 2677 sparum;
3030 2600 3141 2656 22'.

2116 2688 2349 2760 Οὐκοῦν
2375 2692 2428 2742 εὶ
2447 2688 2916 2760 μηδὲμεριμνᾷν
2941 2691 3049 2757 (89)
3083 2690 3182 2744 δεῖ
3202 2691 3331 2758 περὶ
3361 2691 3478 2743 τῶν
3504 2692 3694 2760 ἀναγ-

2182 2708 2349 2741 ικουν
2375 2708 2428 2742 ει
2447 2708 2603 2757 μηοε
2623 2708 2698 2758 με
2740 2708 2916 2757 ιμνᾳν
2941 2708 3049 2757 (δυ)
3083 2708 3173 2744 οει
3202 2708 3331 2758 περι
3361 2708 3478 2743 των
3504 2708 3687 2760 arar-

2182 2759 2531 2837 καέωζ-πρρς
2567 2708 2793 2837 abigis.
2830 2761 2927 2812 καὶ
2958 2761 3117 2837 (1.1.13
3160 2763 3527 2837 παραγγελία
3552 2763 3687 2837 tith

2180 2830 2297 2901 (of:
2335 2830 2556 2901 Κυρίου
2588 2830 2918 2901 εἰπόντος·
2969 2849 2986 2879 ι
3042 2830 3383 2899 Ἐργὰζεσθε
3427 2832 3514 2901 μὴ
3570 2832 3693 2898 τὴν

2174 2897 2412 3027 ,ἑρσιῖὗῗιιν
2435 2899 2549 2966 τὴν
2568 2899 3002 2969 ἀπολλυμένην
3022 2915 3035 2931 ·
3064 2920 3081 2951 ι
3100 2897 3405 2968 περισσὸν
3426 2897 3695 2972 edem-d-

2359 2987 2399 3022 ι.

2704 3084 3093 3139 ΔΠΟΚΡΙΣΙΣ.

2185 3174 2355 3239 Αὐτὸς
2383 3177 2411 3229 ὁ
2436 3177 2641 3249 Κύριος
2668 3178 2726 3230 ἐν
2758 3177 3004 3249 ἑκατέρῳ
3028 3179 3177 3251 τόπῳ
3204 3180 3265 3234 τὸ
3293 3182 3487 3236 ἑαυτοῦ
3518 3184 3692 3254 πρόσ-

2112 3282 2299 3338 ταγμα
2345 3267 2691 3339 ἐσαφήνισεν.
2729 3269 2878 3322 Ἐκεῖ
2911 3270 3011 3340 μὲν
3055 3273 3164 3343 γὰρ
3201 3274 3588 3345 ἀπαγορεύσας
3626 3279 3693 3330 τὸ

2114 3356 2296 3430 ζητεῖν
2320 3360 2390 3413 τὰ
2416 3361 2552 3431 πρὸς
2570 3361 2632 3414 τὸ
2670 3360 2768 3432 ζῇν
2799 3363 2856 3414 ἐν
2889 3362 2982 3433 τῷ-
3005 3365 3206 3417 εἰπεῖν’
3240 3366 3340 3434 Μὴ
3372 3366 3589 3431 ζητεῖτε
3631 3371 3703 3421 τίς

2114 3450 2360 3520 φάγητε,
2402 3452 2441 3520 ἢ
2473 3454 2530 3505 τί
2574 3453 2749 3521 πίητε
2787 3452 2935 3524 <9Ο)’
2985 3454 3173 3510 ταῦτα
3204 3457 3313 3525 γὰρ
3364 3458 3563 3513 πάντα
3616 3462 3692 3514 τὰ

2113 3545 2257 3613 ἔθνη
2303 3544 2409 3599 τοῦ
2471 3548 2697 3614 κόσμου
2764 3546 3053 3613 ἐπιζητεῖ*
3099 3550 3427 3621 προσέταξεν
3480 3551 3686 3605 εἰπών’

2114 3636 2354 3703 Ζητεῖτε
2382 3635 2450 3688 δὲ
2473 3637 2588 3703 τὴν
2603 3637 2934 3701 ,βασιλείαν
2962 3639 3068 3693 τοῦ
3112 3641 3259 3695 Θεοῦ
3298 3643 3396 3695 καὶ
3447 3643 3562 3710 τὴν
3599 3644 3689 3696 δι-

2114 3729 2450 3795 καιοσύνην
2465 3729 2653 3781 αὐτοῦ
2677 3747 2689 3759 ·
2719 3729 2835 3794 πῶς
2861 3731 2919 3782 δὲ
2950 3732 3032 3783 δεῖ
3057 3731 3258 3803 ζητεῖν,
3280 3734 3370 3787 διὰ
3389 3735 3497 3789 τῶν
3556 3755 3692 3790 κατ-

2116 3817 2450 3889 αξιουμένων
2500 3820 2800 3891 ἐδήλωσεν
2851 3820 3085 3875 ἐνταῦθα
3117 3823 3174 3876 δὲ
3226 3825 3473 3889 κωλύσας
3516 3829 3687 3901 ἐργά-

2116 3910 2302 3975 ζεσθαι
2336 3910 2434 3982 τὴν
2468 3911 2670 3982 βρῶσιν
2701 3912 2798 3983 τὴν
2819 3912 3216 3985 ἀπολλυμένην,
3251 3916 3488 3983 ἐδίδαξεν
3521 3921 3691 3990 ἐργά-

2115 4002 2303 4068 ζεσθαι
2348 4002 2458 4072 (9i)
2509 4002 2608 4074 τὴν
2665 4004 2868 4075 βρῶσιν
2918 4005 3017 4077 τὴν
3082 4008 3346 4076 μένουσαν
3396 4014 3476 4074 εἰς
3541 4010 3690 4084 ζωὴν

2115 4094 2332 4149 αἰώνιον
2350 4112 2366 4129 ο
2392 4096 2458 4165 ἢν
2481 4096 2644 4160 αὐτὸς
2674 4097 2835 4150 πάλιν
2861 4098 3206 4170 ἐφανέρωσεν
3230 4100 3289 4154 ὲν
3322 4103 3495 4174 ἑτέρῳ
3533 4105 3691 4175 τόπῳ

2116 4187 2313 4241 εἰπών’
2362 4188 2541 4257 Ἐμὸν
2566 4188 2780 4259 ,βρῶμά
2816 4191 3007 4258 ἐστιν,
3035 4195 3135 4248 ἵνα
3175 4194 3324 4250 ποιῶ
3358 4197 3426 4250 τὸ
3458 4197 3692 4267 θέλημα

2116 4280 2223 4335 τοῦ
2274 4280 2624 4350 πέμψαντός
2672 4299 2750 4351 με
2793 4287 3043 4352 Πατρός.
3082 4288 3146 4340 El
3196 4288 3252 4341 δὲ
3287 4288 3497 4361 θέλημα
3548 4291 3688 4344 Θεοῦ

443 4374 712 4434 esuriens,
742 4370 906 4443 485
933 4376 993 4424 ιιι
1031 4370 1229 4426 sitiens
1276 4378 1464 4440 potum
1508 4369 1763 4438 accipiat,
1811 4378 1871 4423 ut
1925 4382 2011 4423 ve-

2119 4374 2235 4425 ὲστι
2259 4371 2528 4425 πεινῶντα
2553 4371 2768 4442 θρέψαι,
2789 4374 3025 4430 διψῶντα
3050 4379 3288 4443 ποτίσαι,
3307 4382 3513 4451 γυμνὸν
3535 4398 3691 4453 περι-

444 4466 642 4523 stiatur
680 4464 860 4519 nudus
882 4464 950 4527 ⁸¹,
982 4468 1037 4516 et
1086 4462 1331 4532 reliqua,
1380 4474 1606 4529 prorsus
1648 4474 1874 4515 necesse
1925 4465 2010 4514 est

2117 4462 2321 4526 ϐαλεῖν,
2351 4463 2446 4517 καὶ
2478 4464 2545 4517 τὰ
2576 4436 2739 4518 λοιπὰ
2758 4505 2773 4530 ,
2818 4468 3031 4539 ἀνάγκη
3066 4472 3214 4524 πᾶσα
3263 4436 3547 4542 ιιι-μεῖσθαι
3595 4436 3690 4527 τὴν

443 4555 765 4628 Apostolum
807 4553 1046 4617 imitari,
1082 4552 1177 4622 qui
1207 4552 1283 4606 ait
1314 4569 1328 4606 :
1371 4549 1563 4606 Omnia
1595 4548 1798 4603 ostendi
1839 4548 2006 4613 vobis,

2131 4553 2450 4607 Ἀπόστολον
2492 4554 2748 4624 λέγονταθ
2783 4559 2988 4613 Πάντα
3034 4561 3322 4628 ὑπέδειξα
3368 4564 3542 4632 ὑμῖν,
3598 4565 3689 4619 ὅτι

440 4650 690 4721 quoniam
718 4647 796 4701 sic
820 4645 1141 4708 laborantes,
1163 4652 1364 4713 oportet
1384 4643 1647 4712 suscipere
1678 4643 1919 4711 inﬁrmos
1940 4642 2011 4699 δ’.

2118 4646 2271 4700 οὕτω
2290 4646 2621 4715 κοπιῶντας
2648 4648 2743 4703 δεῖ
2780 4651 3321 4722 ἀντιλαμϐάνεσθαι
3356 4656 3476 4713 τῶν
3510 4658 3667 4713 ἀσθε

442 4737 575 4793 Item
605 4734 966 4791 obediendum
1005 4744 1090 4790 est
1120 4734 1319 4798 eidem,
1349 4732 1553 4789 dicenti
1584 4752 1597 4788 :
1626 4731 1803 4803 Magis
1833 4743 2009 4788 autem

2117 4736 2416 4789 νούντων·
2445 4739 2540 4791 καὶ
2578 4739 2875 4794 ὑπακούειν
2898 4741 3046 4813 αὐτῷ
3074 4743 3408 4798 διδάσκοντι·
3438 4746 3693 4802 Μᾶλλον

443 4826 665 4891 laboret,
696 4825 958 4896 operando
986 4823 1230 4879 manibus
1267 4825 1378 4880 suis
1417 4824 1556 4897 quod
1590 4825 1785 4878 bonum
1815 4835 1917 4893 est,
1951 4834 2010 4879 ut

2118 4825 2187 4879 δὲ
2236 4828 2493 4884 κοπιάτω
2540 4829 2924 4901 ἐργαζόμενος
2984 4834 3112 4901 ταῖς
3164 4836 3341 4903 ἰδίαις
3395 4840 3570 4908 χερσὶ
3626 4841 3691 4895 τὸ

541 4981 797 5050 "Matth.
826 4997 903 5046 v1,
935 4983 1023 5036 51.
1118 4980 1412 5050 “Philipp.
1441 4995 1500 5044 ιι,
1541 4979 1593 5033 8.
1696 4979 1742 5050 ’ξ
1760 4978 1948 5034 Matth.
1975 4995 2008 5032 v

2112 4979 2173 5035 i2.
2252 4982 2387 5050 7”"
2412 4982 2538 5038 Cor.
2566 5000 2605 5047 ι,
2631 4984 2685 5041 9.

438 5050 529 5105 27.
562 5048 648 5177 ’ζ
668 5051 860 5109 Matth.
888 5068 966 5116 γι,
996 5053 1086 5118 51,
1110 5051 1200 5106 52.
1276 5048 1477 5105 "ibid.
1516 5051 1602 5103 5'5.
1647 5048 1865 5103 ".loan.
1903 5066 1977 5115 vi,
2007 5055 2011 5074 ‘

443 5138 534 5189 xx,
562 5140 596 5177 ο
637 5161 650 5175 .

2177 5050 2224 5083 ⁸ο
2239 5049 2398 5107 Joan.
2437 5070 2511 5121 ιν,
2545 5055 2635 5109 54.

2791 4985 2901 5058 ῘἈΙΙ
2917 4986 3044 5042 Cor.
3079 5003 3152 5053 v1,
3187 4989 3241 5044 9.
3349 4992 3394 5024 ³⁸
3413 4991 3573 5049 Joan.
3612 5012 3692 5058 vi,

2732 5055 2776 5087 ⁸¹
2804 5055 2993 5111 Matth.
3028 5074 3157 5125 xxv,
3199 5061 3289 5124 '55,
3323 5061 3414 5118 36.
3490 5063 3538 5095 δ’
3561 5055 3689 5121 Act.

510 5276 623 5347 (87)
653 5274 784 5347 Reg.
827 5275 1037 5346 primus
1064 5284 1119 5330 et
1146 5272 1309 5331 Voss.
1349 5273 1442 5328 τοῦ
1484 5274 1690 5346 Κυρίου
1734 5273 2011 5344 προστάσ-

2112 5272 2229 5348 l_ud,
2256 5271 2351 5348 τοῐξ
2385 5274 2611 5348 κόσμου,
2652 5273 2797 5348 quod
2826 5290 2936 5330 non
2980 5275 3139 5347 longe
3186 5277 3408 5348 legitur,
3446 5281 3599 5337 deest
3632 5284 3685 5337 in

442 5342 699 5416 covroé.__
737 5342 759 5347 ⁷
828 5342 843 5346 ⁷
1320 5414 1347 5416 _
1570 5342 1589 5416 μ’
1781 5342 1836 5416 ‘_
1955 5411 1965 5416 _

2112 5342 2246 5413 Reg.
2270 5345 2465 5416 primo.
2489 5342 2693 5400 Ibidem
2714 5345 2859 5400 idem
2882 5362 3043 5416 quem
3070 5342 3368 5404 {nodo'dixi
3395 5342 3565 5407 codex
3592 5355 3687 5406 καὶ

512 5417 626 5489 ςεε)
657 5414 837 5472 Vossii
868 5424 1022 5470 vetus
1055 5417 1192 5471 liber
1220 5423 1275 5470 et
1319 5414 1452 5485 Reg.
1502 5414 1711 5483 primus
1744 5411 1880 5485 πρὸς
1912 5411 2011 5475 τὰς

2115 5411 2465 5489 προσέταξεν.

438 5483 702 5559 τοῦς-
912 5555 922 5559 _
1124 5557 1134 5559 _
1240 5556 1249 5559 Α
1409 5483 1422 5485 ⁷
1568 5554 1591 5559 _

2164 5483 2695 5559 ‘(91)Codex_Co_lb._
2733 5483 2966 5559 ἐδίδαξεν
3009 5487 3368 5559 ἐργάσασθαι.
3420 5490 3540 5545 Mox
3573 5492 3685 5547 duo

512 5557 622 5635 (89)
673 5554 803 5627 Reg.
842 5555 1052 5628 primus
1091 5557 1139 5609 εἰ
1186 5556 1315 5627 μήτι
1355 5554 1643 5626 μεριμνᾷν.
1698 5553 1852 5608 Alius
1902 5567 2006 5608 ms.

2116 5553 2250 5635 mss.
2284 5570 2385 5635 pro
2413 5554 2581 5609 εἰπών
2610 5557 2811 5614 habent
2846 5553 3053 5626 λέγων]
3080 5553 3259 5613 Codex
3302 5558 3461 5617 Voss.
3510 5562 3687 5635 ἑτέρῳ

440 5629 676 5696 stur-re.
758 5625 771 5627 “
845 5625 862 5628 ’
1188 5625 1196 5627 “
1250 5625 1255 5626 ⁷
1361 5625 1365 5626 ί
2114 5625 2302 5696 τρόπω
2330 5625 2520 5695 λέγων.

506 5664 622 5771 (ab)
649 5698 833 5753 Codex
858 5698 1011 5753 Colb.
1044 5696 1227 5765 πίητε,
1258 5694 1350 5748 και
1387 5693 1462 5765 μὴ
1494 5692 1911 5765 μετεωρίζεσθε.
1945 5693 2007 5748 n-
2273 5680 2284 5696 ‘
