4064 6238
395 284 533 341 {ﬁl

1485 282 1788 339 REGULA'J
1829 278 2124 335 BREVIUS
2163 283 2584 341 TRAC'I‘ATAS.

3506 297 3645 353 £222

399 401 654 473 ἀγαθὸν,
712 402 811 454 ἵνα
875 402 988 472 ἔχῃ
1049 401 1432 471 μεταδιδόναι
1471 403 1583 473 (9?)
1636 403 1716 468 τῷ
1766 403 1960 472 χρείαν

2079 404 2268 460 habeat
2294 408 2429 462 unde
2457 411 2654 463 tribuat
2686 413 3049 467 necessitatem
3069 416 3292 482 patienti
3316 415 3379 469 ”.
3416 413 3514 472 His
3544 418 3645 488 igi-

386 495 615 564 ἐχοντι.
653 491 867 546 Τούτων
897 493 1072 546 τοίνυν
1118 491 1292 556 οὕτως
1321 497 1451 564 ἡμῖν
1480 495 1584 547 ὑπὸ
1623 493 1714 547 τοῦ
1762 493 1964 564 Κυρίου

397 585 484 638 διὰ
515 583 609 637 τοῦ
643 583 970 651 Εὐαγγελίου
1016 584 1109 635 καὶ
1153 584 1245 636 τοῦ
1298 584 1619 637 Ἀποστόλου
1673 585 1967 656 παραδεδο-

399 677 596 747 μένων,
625 675 857 746 φανερὸν
885 676 966 727 ὅτι
1013 676 1073 727 τὸ
1105 675 1203 745 μὲν
1231 676 1422 729 ἑαυτοῦ
1453 677 1636 728 ἕνεκεν
1673 679 1962 747 μεριμνᾷν,

454 765 800 836 ἐργάζεσθαι,
826 765 1170 818 παντάπασιν
1189 767 1585 836 ἀπηγόρευται·
1611 768 1728 819 κατ’
1751 767 1964 836 ἐντολὴν

391 856 449 909 δὲ
478 855 572 908 τοῦ
600 855 824 926 Κυρίου,
849 855 935 908 διὰ
967 857 1064 925 τὴν
1093 857 1278 927 χρείαν
1311 856 1404 908 τοῦ
1437 857 1661 926 πλησίον
1697 860 1965 928 μεριμνᾷν

395 948 489 1000 καὶ
536 945 864 1018 ἐργάζεσθαι
922 947 1332 1018 σπουδαιότερον
1383 949 1520 1019 χρή·
1577 949 1808 1019 μάλιστα
1869 952 1962 1004 τοῦ

395 1039 598 1112 Κυρίου
645 1042 721 1103 είς
761 1040 952 1094 ἑαυτὸν
990 1042 1381 1112 ἀναδεχομένου
1415 1042 1510 1112 τὴν
1544 1044 1622 1104 εἰς
1660 1044 1784 1104 τοὺς
1830 1044 1962 1096 ἁνα-

395 1133 683 1203 κειμένους
739 1132 888 1202 αὐτῷ
929 1133 1205 1202 σπουδὴν,
1262 1136 1356 1187 καὶ
1393 1133 1665 1203 βασιλείαν
1721 1137 1962 1208 οὐρανῶν

395 1223 538 1293 ὑπὲρ
566 1223 768 1292 ταύτης
801 1222 1104 1290 ὲπαγγελλο
1113 1222 1294 1292 μένου.

923 1335 1256 1388 ΕΡΩΤΗΣΙΣ
1305 1336 1425 1391 ΣΗ’.

566 1429 630 1482 Et
658 1429 850 1482 καλόν
885 1427 1014 1480 ἐστι
1041 1429 1300 1482 καθόλου
1327 1426 1510 1498 σιγὴν
1549 1428 1784 1482 ἀσκεῖν.

986 1541 1379 1594 ΑΠΟΚΡΙΣΙΣ.

464 1633 574 1704 Τῆς
611 1633 769 1702 σιγῆς
797 1634 856 1686 τὸ
895 1633 1055 1686 καλὸν
1082 1633 1256 1705 καιρῷ
1303 1635 1396 1687 κα)⁵
1432 1633 1708 1712 προσώπῳ
1733 1635 1961 1706 δοκιμά-

2075 503 2165 550 ιιιι·
2187 496 2268 553 sic
2293 499 2456 554 nobis
2490 515 2520 554 a
2547 499 2779 556 Domino
2807 519 2903 572 per
2931 503 3284 576 Evangelium
3327 515 3380 561 et
3408 509 3643 578 Aposto-

2075 588 2186 642 lum
2231 591 2470 654 traditis,
2523 593 2748 646 omnino
2793 595 3130 663 prohibitum
3183 614 3306 653 esse
3345 608 3515 668 patet,
3547 612 3641 658 aut

2073 681 2157 734 sui
2190 681 2360 750 ipsius
2393 697 2561 738 causa
2597 685 2894 738 sollicitum
2945 701 3088 751 esse,
3127 698 3218 742 aut
3258 693 3500 759 operari;
3546 694 3642 748 sed

2071 787 2135 825 ex
2171 772 2382 826 Domini
2421 773 2699 837 mandato,
2729 775 2801 829 ob
2847 778 3232 832 necessitatem
3264 782 3496 849 proximi
3530 785 3643 838 sol-

2073 863 2281 915 licitum
2305 879 2450 927 esse,
2477 879 2539 918 ac
2562 865 2880 936 diligentius
2906 870 3120 937 operari
3149 881 3378 940 parest:
3404 876 3640 928 maxime

2071 967 2192 1006 cum
2225 953 2486 1010 Dominus
2515 955 2695 1010 datam
2729 959 2795 1012 iis
2817 959 2908 1028 qui
2938 960 3043 1013 sibi
3073 961 3236 1015 dicati
3268 973 3391 1018 sunt
3417 981 3636 1032 operam

2070 1045 2296 1114 recipiat
2317 1046 2371 1100 in
2401 1049 2778 1118 semetipsum,
2819 1051 3048 1122 ejusque
3076 1055 3250 1124 gratia
3277 1072 3503 1127 regnum
3529 1073 3640 1112 ca:-

2069 1135 2245 1190 Iorum
2282 1139 2581 1207 promittat.

2456 1333 2975 1391 INTERROGATIO
3024 1337 3250 1394 CCVIII.

2173 1425 2254 1478 An
2286 1426 2337 1479 in
2369 1428 2665 1480 universum
2694 1427 2828 1480 bona
2863 1430 2934 1481 sit
2973 1431 3278 1485 exercitatio
3313 1431 3529 1486 silentii.

2650 1533 3056 1592 RESPONSIO.

2143 1621 2353 1678 Silentii
2387 1626 2589 1681 utilitas
2613 1643 2677 1680 ex
2715 1629 2975 1697 temporis
3008 1628 3435 1698 opportunitate,
3460 1644 3638 1699 exque

395 1723 568 1788 ζεται,
595 1724 669 1788 ὡς
715 1724 868 1796 παρὰ
919 1725 1020 1793 τῆς
1059 1725 1413 1778 θεοπνεύστου
1447 1727 1669 1798 Γραφῆς
1715 1727 1960 1782 διδασκό-

2068 1729 2300 1784 persona
2348 1718 2628 1786 probatur,
2679 1720 2754 1771 uti
2791 1735 2856 1773 ex
2898 1719 3081 1774 divina
3119 1719 3404 1792 Scriptura
3443 1725 3638 1778 edoce-

399 1815 557 1887 μεθα.
578 1816 771 1887 Καιρῷ
802 1817 918 1887 μὲν,
951 1817 1025 1878 ὡς
1062 1817 1189 1869 ὅταν
1211 1816 1344 1890 λέγῃ
1373 1818 1475 1878 ὅτι,
1520 1817 1582 1869 '0
1615 1819 1840 1871 συνιὼν
1894 1819 1963 1872 ἑν

395 1907 474 1973 τῷ
521 1907 632 1978 (95)
679 1907 858 1975 καιρῷ
899 1908 1106 1973 ἐκείνῳ
1158 1913 1564 1974 σιωπήσεται,
1623 1910 1712 1962 ὅτι
1760 1912 1961 1978 καιρὸς

391 2002 656 2068 πονηρός
705 1999 864 2052 ἐστι’
908 1999 1003 2052 καὶ
1054 1998 1244 2053 πάλιν
1301 2001 1548 2070 Ἐθέμην
1580 2001 1658 2067 τῷ
1709 2005 1962 2071 στόματί

389 2108 507 2161 μου
542 2090 858 2159 φυλακὴν,
900 2091 970 2143 ἐν
1016 2089 1096 2155 τῷ
1142 2090 1446 2158 συστῆναι
1480 2091 1587 2144 τὸν
1613 2093 1963 2161 ἁμαρτωλὸν

389 2182 671 2235 ἐναντίον
687 2200 834 2250 μου·
865 2180 1140 2252 προσώπῳ
1164 2183 1246 2243 δὲ.
1273 2183 1346 2244 ὡς
1372 2185 1498 2236 ὅταν
1522 2185 1708 2254 γράφῃ
1741 2187 1767 2237 ὀ
1807 2185 1962 2238 Ἀπό-

395 2276 579 2338 στολος
598 2293 611 2305 ·
651 2275 790 2329 Ἐὰν
811 2273 877 2327 δὲ
915 2275 1081 2341 ἄλλῳ
1124 2275 1522 2344 ἀποκαλυφθῇ
1567 2278 1894 2345 καθημένῳ.
1929 2281 1961 2330 ὀ

394 2365 622 2432 πρῶτος
649 2363 900 2432 σιγάτω·
932 2365 1025 2416 καὶ
1056 2363 1242 2416 πάλιν·
1277 2367 1347 2418 Al
1386 2365 1666 2432 γυναῖκες
1697 2365 1862 2434 ὑμῶν
1892 2366 1962 2418 ἐν

391 2457 520 2524 ταῖς
545 2458 896 2524 ἐκκλησίαις
925 2455 1291 2524 σιγάτωσαν.
1330 2457 1484 2510 Ἐστι
1516 2457 1573 2509 δὲ
1605 2458 1693 2509 ὅτε
1731 2458 1825 2510 κα)⁸
1851 2460 1962 2520 τοῖς

391 2548 810 2620 ἁκρατεστέροις
852 2547 949 2618 τὴν
975 2535 1246 2615 γλῶσσαν,
1283 2550 1375 2602 καὶ
1408 2549 1481 2618 μὴ
1516 2548 1832 2618 δυναμένοις
1859 2566 1960 2617 φυ-

384 2640 548 2705 λάξαι
591 2641 690 2701 τὸ,
731 2639 853 2704 Πᾶς
896 2642 1076 2707 λόγος
1118 2642 1350 2709 σαπρὸς
1389 2641 1457 2694 ἐκ
1510 2642 1614 2694 τοῦ
1664 2643 1962 2711 στόματος

383 2733 558 2802 ὑμῶν
587 2732 673 2801 μὴ
700 2733 1131 2798 ἐκπορευέσθω,
1160 2734 1296 2786 ἀλλ’
1337 2733 1392 2785 ετ
1419 2750 1507 2798 τις
1531 2734 1780 2801 ἀγαθὸς,
1813 2733 1962 2800 πρὸς

391 2821 712 2890 οἰκοδομὴ-ν
742 2819 852 2887 τῆς
880 2822 1138 2885 πίστεως
1157 2839 1168 2850 ·
1203 2821 1524 2890 ἁναγκαίαὴ
1551 2821 1729 2874 τελεία
1761 2822 1958 2892 σιωπὴ,

391 2915 494 2976 ἕως
525 2914 590 2966 ἂν
620 2916 677 2965 ἐν
708 2912 881 2984 ταύτῃ
905 2912 967 2965 τὸ
998 2929 1055 2964 τε
1083 2912 1252 2974 πάθος
1276 2913 1386 2980 (94)
1410 2913 1510 2982 τῆς
1542 2914 1598 2965 ἐν
1625 2913 1801 2980 λόγοις
1830 2931 1963 2985 προ-

387 3006 609 3067 πετείας
640 3003 1035 3075 θεραπευθῶσι,
1062 3005 1156 3056 καὶ
1190 3003 1454 3074 δυνηθῶσι
1495 3004 1682 3074 μαθεῖν
1715 3007 1806 3057 ἐπὶ
1835 3022 1961 3075 σχο-

2069 1823 2212 1862 mur.
2263 1807 2338 1860 Ex
2389 1811 2651 1878 temporis
2699 1811 2918 1879 quidem
2974 1815 3414 1882 opportunitate,
3468 1817 3636 1870 veluti

2068 1913 2191 1951 cum
2245 1897 2415 1951 dicit:
2452 1899 2687 1954 Prudens
2737 1903 2790 1954 in
2842 1911 3067 1971 tempore
3107 1905 3198 1957 illo
3253 1907 3463 1970 tacebit,
3509 1909 3634 1978 quia

2067 1996 2267 2055 tempus
2291 1989 2489 2042 malum
2523 1991 2705 2056 est“;
2737 2003 2788 2046 et
2818 2008 3012 2048 rursus
3042 2014 3055 2048 :
3089 1995 3256 2049 Posni
3297 1999 3376 2050 ori
3410 2016 3522 2052 meo
3543 2016 3637 2052 cu-

2065 2079 2313 2142 stodiam,
2345 2096 2462 2134 cum
2502 2084 2811 2138 consisteret
2842 2096 3086 2154 peccator
3130 2089 3404 2143 adversum
3460 2109 3541 2146 me
3565 2092 3630 2146 "'.

2065 2169 2141 2222 Ex
2185 2187 2421 2240 persona
2447 2189 2596 2234 vero,
2635 2185 2692 2228 ut
2721 2192 2856 2230 .cum
2891 2179 3188 2248 Apostolus
3220 2183 3445 2236 scribit:
3481 2185 3635 2249 Quod

2064 2263 2112 2314 si
2151 2263 2246 2316 alii
2293 2264 2574 2319 revelatum
2611 2266 2770 2336 fuerit
2811 2269 3030 2331 sedenti,
3077 2273 3222 2338 prior
3260 2274 3538 2341 taceat“;
3571 2292 3635 2329 ac

2064 2354 2260 2408 iterum
2289 2375 2301 2409 :
2332 2355 2583 2413 Mulieres
2617 2369 2801 2414 uestra:
2841 2362 2893 2414 in
2931 2363 3163 2418 ecclesiis
3197 2375 3401 2418 taceant
3425 2368 3490 2420 ⁸⁷.
3522 2369 3636 2421 Ali-

2063 2449 2286 2515 quando
2329 2449 2492 2503 etiam
2545 2451 2612 2505 iis
2673 2453 2763 2521 qui
2809 2453 3045 2522 linguam
3098 2455 3631 2524 intemperantiorem

2064 2537 2290 2604 habent,
2339 2556 2438 2595 nec
2480 2557 2700 2596 servare
2743 2552 2974 2613 possunt
3017 2545 3191 2600 illud:
3233 2547 3417 2603 Omnis
3463 2567 3634 2603 sermo

2063 2647 2283 2696 spurcus
2322 2648 2385 2685 ea:
2408 2649 2495 2684 ore
2521 2644 2689 2687 vestro
2711 2651 2811 2689 non
2834 2636 3101 2704 procedat,
3138 2636 3226 2691 sed
3257 2640 3303 2691 si
3321 2641 3436 2709 quis
3469 2640 3634 2695 bonus

2064 2721 2133 2774 ad
2163 2721 2566 2792 wdiﬁcationem
2598 2725 2720 2794 ﬁdei
2742 2725 2807 2788 ⁸⁸,
2845 2728 3212 2781 necessarium
3239 2739 3323 2782 est
3358 2732 3632 2784 silentium

2063 2815 2360 2884 integrum,
2395 2817 2571 2870 donec
2616 2818 2670 2872 in
2716 2817 2950 2872 dicendo
2985 2829 3039 2873 et
3072 2835 3100 2872 a
3146 2821 3280 2874 vitio
3324 2823 3634 2890 petulantia:

2062 2920 2160 2974 per
2202 2905 2255 2959 id
2294 2915 2576 2970 curentur,
2628 2917 2683 2962 et
2726 2924 2820 2977 per
2855 2909 3026 2962 otium
3079 2910 3291 2965 discere
3330 2915 3630 2982 potuerint,

2062 2995 2304 3065 quando,
2351 3005 2405 3052 et
2449 2999 2601 3067 quid,
2649 3008 2702 3053 et
2748 3000 3024 3068 quomodo
3053 3001 3202 3071 loqui
3257 3011 3523 3071 oporteat,
3577 3015 3634 3058 ut

392 3098 504 3167 λῆς,
544 3096 696 3158 πότε,
742 3097 835 3148 καὶ
877 3095 950 3159 τί,
997 3095 1237 3158 καὶπῶς
1286 3095 1464 3149 λαλεῖν
1500 3097 1598 3160 δεῖ,
1631 3097 1737 3161 ἵνα,
1782 3096 1960 3160 καθὼς

2063 3088 2520 3158 quemadmodum
2555 3091 2818 3160 scriptum
2852 3101 2958 3157 est,
3022 3093 3117 3148 Det
3151 3096 3381 3164 gratiam
3413 3097 3634 3152 audieti-

389 3187 715 3258 γέγραπται,
743 3183 831 3250 Δῷ
867 3184 1043 3254 χάριν
1072 3184 1194 3250 τοῖς
1225 3187 1576 3239 ἁκούουσιν.

925 3299 1258 3352 ΕΡΩΤΗΣΙΣ
1303 3300 1415 3353 ΣΘ¹.

391 3392 520 3458 Πῶς
551 3391 899 3461 δυνηθῶμεν
940 3390 1272 3514 φοϐηὲῆναι
1313 3392 1385 3443 τὰ
1418 3391 1667 3460 κρίματα
1703 3393 1810 3464 (95)
1853 3392 1958 3447 τοῦ

1134 3478 1258 3514 εου.

1134 3478 1258 3514 εου.

967 3552 1356 3605 ΑΠΟΚΡΙΣΙΣ.

459 3643 615 3696 Κατὰ
646 3641 807 3711 φύσιν
840 3645 874 3712 ἡ
909 3641 1202 3713 προσδοκία
1228 3642 1427 3704 παντὸς
1455 3641 1626 3694 δεινοῦ
1655 3643 1818 3711 φόϐου
1839 3643 1959 3696 ἐστὶ
2011 3711 2013 3714 ς

383 3736 640 3803 ,ποιητική
712 3731 866 3786 Οὕτω
910 3732 1016 3802 γὰρ
1058 3735 1150 3784 καὶ
1197 3733 1262 3786 τὰ
1303 3732 1464 3802 θηρία
1499 3733 1828 3802 φοϐούμεθα,
1863 3736 1958 3788 καὶ

391 3829 513 3889 τοὺς
541 3829 824 3897 ἄρχοντας,
857 3824 1026 3877 κακοῦ
1070 3841 1214 3886 τινος
1257 3827 1451 3895 πεῖραν
1482 3825 1539 3890 ἐξ
1585 3825 1762 3878 αὐτῶν
1792 3843 1958 3896 προσ-

386 3917 666 3980 δοκῶντες.
729 3918 854 3969 Ἐὰν
899 3911 990 3968 οὖν
1020 3932 1102 3978 τις
1135 3914 1420 3986 πιστεύσῃ,
1447 3916 1528 3968 ὅτι
1573 3915 1790 3985 ἀληθεῖς
1822 3917 1958 3967 εἰσιν

389 4011 442 4064 ci
479 4008 696 4062 ἀπειλαὶ
722 4007 814 4060 τοῦ
850 4007 1072 4079 Κυρίου,
1095 4009 1187 4061 καὶ
1211 4007 1557 4078 προσδοκήσῃ
1580 4008 1680 4076 τὴν
1707 4008 1954 4084 φρικώδη

387 4100 482 4155 καὶ
509 4100 818 4169 δεινοτάτην
853 4099 1029 4153 αὐτῶν
1061 4100 1169 4170 (96)
1211 4102 1406 4170 πεῖραν
1459 4098 1699 4167 φοϐεῖται
1728 4099 1795 4152 τὰ
1836 4101 1956 4171 κρί-

389 4209 532 4263 ματα
559 4191 654 4243 τοῦ
690 4189 842 4242 Θεοῦ.

929 4285 1257 4338 ΕΡΩΤΗΣῙΣ
1305 4286 1403 4339 ΣΡ.

2068 3179 2205 3232 tibus
2227 3181 2290 3230 δ’.

2477 3289 2992 3346 INTERROGATIO
3020 3291 3198 3346 CCIX.

2223 3381 2497 3447 Quomodo
2529 3385 2709 3437 timere
2740 3384 3068 3453 potuerimus
3108 3384 3203 3437 Dei
3225 3385 3454 3454 judicia.

2647 3551 3049 3608 BESPONSIO.

2131 3644 2253 3698 Mali
2282 3645 2526 3714 cujusvis
2569 3648 2904 3716 exspectatio
2944 3645 3268 3699 naturaliter
3297 3647 3510 3701 timoris
3542 3656 3626 3702 est

2059 3731 2424 3784 conciliatrix.
2458 3728 2535 3784 Ita
2563 3731 2706 3785 enim
2742 3733 3038 3784 metuimus
3069 3739 3123 3784 et
3155 3731 3360 3785 bestias
3383 3740 3436 3785 et
3479 3733 3630 3803 prin-

2058 3821 2228 3888 cipes,
2272 3821 2364 3874 ubi
2391 3821 2460 3875 ab
2485 3823 2618 3890 ipsis
2659 3821 2786 3874 mali
2823 3821 3055 3889 alicujus
3099 3830 3480 3891 exspectamus
3529 3837 3625 3880 e2-

2057 3913 2441 3982 perimentum.
2476 3911 2532 3965 Si
2583 3912 2707 3980 quis
2754 3913 2920 3982 igitur
2964 3913 3258 3968 crediderit
3305 3930 3462 3970 veras
3504 3931 3627 3972 esse

2057 4005 2234 4059 minas
2255 4004 2489 4066 Domini,
2521 4018 2818 4072 earumque
2843 4005 3243 4072 cxspectaverit
3287 4006 3622 4061 horrendum

2055 4096 2555 4166 gravissimumque
2605 4094 3074 4164 experimentum.
3137 4093 3231 4149 Dei
3290 4098 3627 4154 oertimescit

2051 4184 2279 4254 judicia.

2369 4271 2535 4342 433
2588 4269 3104 4327 INTERROGATIO
3151 4271 3309 4328 ccx.

393 4382 484 4445 Τίς
514 4380 683 4434 ἐστιν
713 4381 751 4446 ἠ
789 4380 898 4448 (97)
935 4379 1040 4431 τοῦ
1087 4378 1458 4448 Ἀποστόλου
1504 4376 1949 4446 παραδεδομένην

2061 4365 2316 4432 Quisnam
2366 4373 2445 4417 est
2503 4363 2728 4448 amictus
2776 4364 2869 4448 ille
2919 4365 3202 4431 honestus,
3251 4366 3316 4418 ab
3371 4369 3624 4436 Apostolo

833 4447 1178 4514 καταστολὴ
1223 4448 1492 4515 κόσμιος.

974 4539 1363 4592 ΑΠΟΚΡΙΣΙΣ.

465 4635 526 4688 Ἡ
555 4634 688 4706 πρὸς
716 4635 806 4686 τὸν
832 4632 1030 4686 σκοπὸν
1051 4632 1139 4683 τὸν
1170 4631 1298 4682 ἴδιον
1324 4630 1704 4701 σεμνοπρεπὴς
1733 4631 1947 4702 χρῆσις,

2705 4435 2959 4488 traditus.

2647 4543 3051 4602 RESPONSIO.

2132 4635 2278 4690 Usus
2313 4633 2380 4688 ad
2425 4635 2706 4704 proprium
2756 4649 2981 4703 sc0pum
3012 4635 3238 4690 honeste
3268 4650 3332 4690 ac
3365 4636 3624 4690 decenter

444 4770 702 4840 “Ephes.
736 4788 809 4834 iv,
835 4771 926 4824 28.
1005 4770 1050 4800 ⁸⁸
1068 4771 1255 4822 Amos.
1287 4785 1338 4831 v,
1377 4768 1461 4822 13.
1543 4770 1586 4800 ’⁸⁸
1609 4769 1756 4826 I’sal.
1784 4788 1960 4828 xxxvn

2061 4775 2099 4828 ξ.
2176 4773 2254 4826 “I
2286 4771 2412 4826 Cor.
2439 4787 2549 4835 xw,
2574 4770 2662 4825 50.
2738 4771 2782 4801 ⁴⁷
2815 4769 2949 4824 Ibid.
2975 4770 3064 4828 54.
3140 4769 3397 4842 ⁸³Ερὶιθε.
3423 4789 3495 4837 tv,
3527 4774 3618 4832 29.

379 4843 425 4875 ⁸⁸
446 4844 578 4899 ibid.

450 4996 560 5067 (92)
592 4994 772 5067 Vossii
796 5001 956 5067 yetus
989 4991 1125 5067 liber
1156 4987 1496 5067 μεταδρῖξναι.
1527 4987 1647 5067 Mox
1674 4988 1806 5067 Reg.
1839 4993 1948 5067 pri-

380 5058 500 5120 mus
527 5058 614 5120 διὰ
641 5082 699 5117 τε
731 5063 844 5116 τοῦ.
879 5063 1071 5114 Statim
1101 5058 1269 5113 codex
1284 5058 1451 5129 Coll).
1475 5060 1567 5129 καὶ
1594 5058 1942 5129 ἐργάζεσθαι.

450 5137 559 5205 (95)
590 5134 809 5200 Antiqui
835 5131 1092 5205 duolibri
1127 5145 1248 5205 cum
1275 5127 1440 5205 ‘V'oss.
1468 5127 1828 5205 διδασῂό-μεθα
1856 5132 1946 5184 λε-

377 5197 597 5274 γοῦοτίς·
640 5197 769 5256 ποτέ
799 5203 933 5274 μὲν,
959 5201 1023 5274 Ὀ-
1046 5200 1332 5274 συνιὼν-έν
1354 5197 1450 5268 τῷ.
1479 5198 1600 5252 Mox
1623 5199 1784 5253 iidem
1810 5217 1942 5256 mss.

378 5268 610 5339 πονηρός
645 5268 949 5325 ἐστι·’ποτὲ
982 5271 1057 5333 δὲ,
1088 5272 1167 5339 ὅτι
1217 5268 1468 5337 Ἐθέμην.

447 5338 556 5414 (94)
593 5345 735 5399 Editi
763 5345 818 5396 ὲν
845 5342 1018 5412 ταύτῃ
1041 5338 1229 5402 πάθος.
1261 5339 1332 5390 At
1355 5353 1486 5392 mss.
1516 5345 1626 5392 tres
1649 5345 1707 5391 ut
1731 5339 1785 5392 in
1808 5354 1942 5394 con-

474 5427 550 5467 Ill.

590 5481 950 5555 Antiquidup
977 5479 1109 5555 _libri
1148 5478 1432 5555 Tb‘xpt'tta.
1476 5476 1773 5548 Aliquanto
1799 5479 1940 5534 infra

377 5547 508 5623 Re‘g.
541 5547 750 5621 primus
780 5552 838 5617 ἐξ
865 5547 1551 5623 αὑτῶν-προσδοπῄσαντες.

470 5618 561 5695 96)
596 5623 775 5695 V'ossii
813 5630 965 5695 vetus
1001 5620 1134 5672 liber
1161 5626 1214 5671 et
1239 5619 1328 5672 alii
1363 5618 1470 5695 duo
1499 5619 1842 5695 xposSQicﬁsn
1877 5621 1937 5672 τὸ

381 5688 604 5769 φοϐερὸν
633 5694 782 5758 τέλος
813 5689 1014 5754 αὐτῶν,
1059 5699 1107 5743 et
1141 5698 1396 5756 exspectet
1431 5688 1938 5756 formidabilenira-

2057 5007 2173 5043 rum
2205 4988 2424 5041 exitum.
2458 4983 2658 5038 Ibidem
2691 4980 2860 5052 codex
2891 4981 3329 5052 (Ζοῐὺηκρίματα
3346 4982 3438 5035 τοῦ
3459 4984 3615 5038 Θεοῦ.

2053 5061 2186 5126 Reg.
2214 5059 2421 5126 primus
2448 5055 2508 5106 τὸ
2542 5057 2713 5122 κρῖμα
2742 5050 2836 5105 τοῦ
2867 5051 3022 5107 Θεοῦ.
3061 5050 3216 5116 Illud,
3251 5051 3344 5104 τοῦ
3379 5053 3533 5119 Θεοῦ,
3563 5059 3616 5109 in

2052 5132 2211 5186 editis
2243 5127 2604 5179 desideratur.

2125 5199 2236 5268 (97)
2262 5195 2425 5268 Begii
2462 5197 2574 5268 duo
2596 5191 2811 5268 mssast
2841 5192 3062 5268 ἐστινὴ.
3096 5191 3428 5268 Mox___codex
3460 5191 3612 5250 Colb.

2053 5259 2474 5338 παραδιδομένη.
2501 5263 2703 5338 Ibidem
2733 5259 2912 5314 Vossii
2943 5259 3078 5314 liber
3099 5270 3150 5313 ct
3181 5262 3269 5338 alii
3307 5271 3416 5338 tres
3446 5279 3616 5315 κατα-

2048 5331 2206 5406 στολὴ
2248 5331 2491 5406 κόσμιος.
2517 5331 2907 5406 Editietunus
2938 5347 3038 5383 ms.
3076 5331 3613 5406 κοσμίαηροειιμιιιιη

2047 5401 2410 5462 Combeﬁsius
2440 5402 2644 5455 notavit
2671 5401 2770 5469 legi
2804 5404 2982 5470 inﬁsuo
3005 5401 3194 5455 codice
3221 5401 3266 5452 Μ
3298 5402 3328 5470 ἡ
3365 5402 3610 5469 κόσμιος,

2046 5478 2196 5532 addit
2233 5477 2479 5541 :elegans
2530 5472 2816 5533 expressio.
2857 5469 3007 5524 Ilurc
3047 5469 3613 5538 loquendi’ratiouem

2045 5551 2344 5616 elegantem
2388 5557 2508 5616 esse
2554 5541 2722 5616 lateor
2766 5541 3026 5616 quidem:
3067 5542 3506 5616 _sed_ar_ticulum,
3548 5541 3613 5616 _in

2045 5610 2157 5688 quo
2189 5622 2358 5688 totam
2396 5613 2541 5663 illam
2575 5610 3019 5688 elegantiaiii__\_'ir
3048 5611 3402 5688 doctissimus
3435 5611 3610 5678 ponit,

2046 5680 2110 5744 eo
2156 5691 2208 5741 in
2245 5685 2385 5739 libro
2434 5681 2662 5751 reperiri
2697 5695 2852 5751 nego.
2897 5680 2994 5735 llic
3025 5682 3170 5736 enim
3217 5682 3408 5748 codex,
3447 5694 3611 5751 quem
