4064 6238
447 280 586 336 4225

1798 275 1855 330 S.
1899 273 2137 329 BASILII
2180 274 2394 330 MAGNI

3558 281 3583 333 i
3592 280 3697 334 224

447 390 915 464 accommodatus,
945 397 1134 454 habita
1174 399 1386 454 ratione
1420 398 1703 470 temporis,
1740 398 1868 461 loci,
1893 411 2010 467 per-

2122 397 2488 470 ὲστοχασμένη
2504 399 2720 471 καιροῦ,
2732 398 2917 465 τόπου,
2930 398 3223 473 προσώπου
3236 400 3473 472 (98-99),
3488 404 3697 474 χρείας.

447 506 616 555 some,
649 499 811 559 atque
836 489 1205 545 necessitatis.
1231 487 1352 545 Non
1381 489 1530 545 enim
1580 488 1771 544 eadem
1808 489 2020 558 integu-

447 587 627 635 menta
657 578 800 633 ratio
830 578 1154 648 comprobat
1178 586 1422 649 tempore
1461 579 1657 634 hiemis
1687 593 1750 632 ac
1778 578 2016 633 aestatis:

446 687 624 742 neque
652 672 793 726 idem
816 681 901 726 est
934 670 1156 725 habitus
1184 671 1425 740 operarii
1470 678 1524 726 et
1550 671 1905 740 quiescentis,
1938 669 2021 723 fa-

445 769 580 824 muli
612 776 666 823 et
693 768 813 837 ejus
837 767 928 822 cui
971 766 1271 821 famulatur
1326 767 1521 821 militis
1550 773 1605 821 et
1653 767 1873 836 privati,
1924 770 2020 819 aut

445 861 548 915 viri
573 867 625 915 et
648 858 884 914 feminae.

862 966 1385 1029 INTERROGATIO
1416 965 1598 1024 CCXI.

811 1061 944 1128 Quis
986 1062 1174 1117 modus
1202 1060 1457 1132 diligendi
1475 1061 1664 1115 Deum.

1027 1175 1433 1232 RESPONSIO.

514 1270 755 1327 Assidua
791 1277 846 1325 et
877 1269 1047 1324 animi
1075 1285 1247 1339 supra
1270 1270 1421 1324 vires
1454 1268 1733 1322 contentio
1762 1265 1830 1320 ad
1862 1281 2020 1322 exse-

445 1361 719 1433 quendam
750 1358 848 1414 Dei
886 1360 1249 1422 voluntatem,
1299 1373 1365 1412 eo
1414 1357 1696 1428 proposito
1719 1356 2020 1412 desiderio-

444 1469 571 1528 que,
600 1461 658 1507 ut
688 1450 810 1523 ejus
830 1449 1006 1519 gloria
1031 1458 1328 1519 quaeratur.

846 1563 1366 1622 INTERROGATIO
1405 1562 1610 1620 CCXII.

724 1659 1002 1726 Quomodo
1028 1658 1127 1713 Dei
1155 1659 1457 1713 obtineatur
1484 1657 1718 1713 dilectio.

1026 1767 1430 1825 RESPONSIO.

517 1883 576 1940 Si
615 1899 739 1938 cun
780 1884 924 1939 bona
953 1884 1294 1938 conscientia
1325 1892 1380 1938 et
1420 1898 1577 1953 aequo
1626 1881 1809 1935 animo
1838 1879 2016 1936 affecti

442 1976 711 2032 fuerimus
761 1976 833 2031 ob
865 1977 987 2046 ejus
1014 1975 1319 2040 beneﬁcia;
1352 1975 1404 2029 id
1440 1974 1585 2044 quod
1618 1973 1885 2044 contingit
1931 1972 2015 2027 vel

443 2072 499 2125 in
522 2072 720 2126 brutis.
744 2070 1010 2126 Videmus
1042 2070 1190 2125 enim
1211 2076 1266 2126 et
1297 2083 1464 2124 canes
1496 2068 1654 2139 panis
1702 2067 2016 2138 largitorem

444 2163 826 2217 tantummodo
875 2163 1141 2232 diligere;
1201 2161 1468 2216 discimus
1500 2159 1602 2212 hoc
1644 2158 1808 2212 etiam
1840 2173 1903 2211 ex
1948 2155 2015 2209 iis

441 2270 564 2324 qua:
592 2254 673 2308 sic
710 2253 1091 2323 obiurgatorio
1120 2252 1282 2306 modo
1338 2252 1485 2306 dicta
1521 2258 1648 2306 sunt
1697 2266 1794 2319 per
1822 2247 2014 2303 Isaiam

441 2345 795 2415 prOphetam:
850 2341 1024 2397 Filios
1072 2343 1229 2413 genui
1259 2351 1309 2396 et
1356 2342 1590 2396 exaltavi
1621 2357 1639 2394 :
1692 2341 1793 2409 ipsi
1840 2349 2015 2394 autem

440 2443 743 2503 spreverunt
771 2450 873 2488 me.
908 2433 1165 2503 Cognovit
1207 2432 1297 2488 bos
1337 2449 1714 2502 possessorem,
1766 2441 1813 2485 et
1832 2434 2014 2486 asinus

438 2538 667 2593 praesepe
689 2523 890 2576 domini
902 2524 1006 2584 sui;
1026 2523 1329 2577 Israelt'ero
1346 2539 1425 2576 me
1448 2540 1553 2576 non
1575 2523 1897 2592 cognovit,et
1920 2536 2016 2588 po-

437 2611 595 2681 pulus
640 2629 721 2665 me
772 2628 878 2666 non
935 2612 1194 2666 intellexit
1234 2614 1303 2667 ⁸ο.
1347 2611 1812 2678 Quemadmodum
1867 2611 2014 2666 enim

440 2705 540 2760 bos
563 2712 615 2759 et
643 2706 835 2760 asinus
874 2712 1069 2773 sponte
1120 2711 1331 2757 natura:
1370 2705 1595 2758 altorem
1647 2704 1899 2773 diligunt,
1944 2700 2015 2756 ob

441 2794 761 2851 beneﬁcium
795 2795 864 2848 ab
890 2796 1009 2864 ipso
1048 2803 1332 2863 acceptum
1366 2814 1378 2848 :
1423 2794 1498 2848 ita
1528 2802 1582 2848 et
1614 2809 1734 2857 nos,
1765 2794 1809 2848 si
1832 2793 2014 2848 animo

438 2885 577 2939 bene
603 2884 827 2939 conscio
849 2892 904 2938 et
927 2899 1089 2954 aequo
1115 2872 1525 2954 susceperimus
1555 2885 1845 2948 beneﬁcia,
1873 2900 2014 2954 quo-

441 2975 604 3029 modo
626 2973 793 3029 Deum
831 2982 911 3028 tot
955 2988 1019 3028 ac
1054 2983 1333 3030 tantorum
1385 2977 1777 3031 beneﬁciorum
1825 2984 2013 3029 aucto-

2120 491 2194 544 Οὐ
2232 491 2343 562 γὰρ
2389 491 2458 545 τά
2490 490 2629 545 αὑτά
2658 492 2901 563 ἐγκρίνει
2946 493 2976 545 ό
3026 492 3186 561 λόγος
3234 494 3598 565 σκεπάσματα
3637 498 3699 548 ὲν

2119 583 2296 656 καιρῷ
2327 584 2592 654 χειμῶνος
2617 585 2712 639 καὶ
2744 583 2958 656 θέρους,
2987 581 3111 638 οὔτε
3144 586 3204 639 τὸ
3232 586 3365 639 αὐτὸ
3393 590 3577 657 σχῆμα
3603 583 3697 640 τοῦ

2118 675 2351 746 ἐργάτου
2401 677 2494 730 καὶ
2538 674 2633 729 τοῦ
2677 676 3115 748 ἀναπαυομένου,
3156 676 3251 730 τοῦ
3300 676 3701 749 ὑπηρετοῦντος

2118 766 2331 820 καὶτοῦ
2363 767 2822 840 θεραπευομένου,
2856 769 2951 823 τοῦ
2990 768 3324 842 στρατιώτου
3355 768 3435 840 (1)
3477 768 3574 823 καὶ
3604 767 3699 822 τοῦ

2120 858 2354 927 ἰδιώτου,
2385 858 2419 930 ἢ
2455 859 2644 933 ἀνδρὸς
2677 860 2772 915 καὶ
2804 862 3083 931 γυναικός.

2634 974 2976 1029 ΕΡΩΤΗΣΙΣ
3025 975 3172 1030 XIA'.

2299 1066 2362 1119 Τί
2387 1066 2454 1119 τό
2486 1065 2710 1136 μέτρον
2733 1065 2853 1135 ,τῆς
2892 1066 3044 1135 πρὸς
3074 1067 3223 1120 Θεὸν
3259 1065 3519 1137 ἀγάπης.

2699 1179 3089 1233 ΑΠΟΚΡΙΣΙΣ.

2188 1271 2262 1326 To
2282 1272 2421 1344 ὑπὲρ
2442 1270 2669 1342 δύναμιν
2696 1272 2784 1325 ἀεὶ
2809 1270 2907 1342 τὴν
2927 1270 3105 1341 ψυχὴν
3124 1269 3532 1324 ὲπεκτείνεσθαι
3554 1270 3694 1344 πρὸς

2115 1363 2177 1417 τδ
2202 1363 2297 1417 τοῦ
2326 1363 2460 1418 Θεοῦ
2487 1363 2718 1435 θέλημα,
2738 1363 2878 1418 κατά
2911 1362 3112 1417 σκοπὸν
3145 1363 3241 1417 καὶ⁵
3271 1362 3565 1434 ἐπιθυμίαν
3591 1360 3696 1432 τῆς

2120 1453 2285 1509 αὐτοῦ
2315 1452 2495 1525 δόξης.

2639 1562 2978 1619 ΕΡΩΤΗΣΙΣ
3028 1566 3173 1621 ΣΙΒ’.

2274 1655 2407 1724 Πῶς
2436 1656 2824 1724 κατορθοῦται
2853 1658 2893 1726 ἡ
2935 1656 3087 1725 πρὸς
3122 1657 3270 1711 Θεὸν
3300 1656 3521 1728 ἀγάπη.

2711 1769 3084 1823 ΔΠΟΚΡΙΣΙΣ

2204 1884 2327 1938 Ἐὰν
2375 1883 2766 1956 εὐσυνειδήτως
2811 1858 2915 1938 καί
2958 1884 3314 1955 εὐγνωμόνως
3361 1884 3702 1957 διατεθῶμεν

2122 1978 2215 2031 ἐπὶ
2264 1980 2385 2041 ταῖς
2438 1979 2569 2048 παρ’
2617 1976 2806 2031 αὐτοῦ’
2834 1976 3213 2046 εὐεργεσίαις·
3252 1977 3390 2047 ὅπερ
3438 1978 3534 2030 καὶ
3581 1981 3701 2041 τοῖς

2120 2069 2336 2137 ἀλόγοις
2391 2068 2467 2139 (2)
2511 2068 2765 2139 ὑπάρχει.
2816 2067 3066 2139 Ὅρῶμεν
3098 2066 3206 2139 γὰρ
3240 2069 3365 2132 τοὺς
3404 2067 3571 2132 κύνας
3602 2069 3700 2123 τδν

2120 2158 2329 2213 διδόντα
2380 2158 2544 2230 ἄρτον
2597 2159 2756 2231 μόνον
2813 2157 3147 2226 ἀγαπῶντας
3166 2173 3179 2186 ·
3238 2156 3581 2227 μανθάνομεν
3638 2157 3701 2212 δὲ

2121 2249 2280 2303 τοῦτο
2326 2252 2421 2303 καὶ
2448 2251 2513 2303 ὲκ
2539 2250 2647 2303 τῶν
2672 2249 2759 2303 διά
2776 2251 3022 2327 εἨσαῖου
3051 2249 3146 2303 τοῦ
3193 2250 3473 2320 προφήτου
3504 2248 3701 2320 ἐγκλη-

2124 2340 2369 2412 ματικῶς
2428 2341 2732 2411 εἰρημένων
2778 2340 2979 2403 οῦτωςο
3036 2339 3208 2405 Υὶοὺς
3247 2340 3546 2411 ἐγέννησα
3593 2342 3697 2395 καὶ

2120 2429 2369 2498 ὕψωσα·
2404 2430 2573 2484 αὐτοὶ
2601 2429 2668 2484 δέ
2691 2447 2766 2500 με
2805 2431 3127 2499 ἠθέτησαν.
3173 2431 3362 2499 Ἔγνω
3396 2429 3554 2497 ,Βοῦς
3587 2430 3702 2484 τὸν

2120 2519 2518 2589 κτησάμενον,
2556 2520 2656 2573 καὶ
2700 2520 2840 2586 ὄνος
2877 2518 2998 2588 τὴν
3040 2518 3280 2589 φάτνην
3325 2520 3431 2574 τοῦ
3480 2521 3698 2589 κυρίου

2119 2611 2343 2666 αὐτοῦ·
2398 2611 2638 2679 Ἰσραὴλ
2678 2610 2745 2666 δέ
2776 2628 2853 2681 με
2890 2614 3003 2665 οὐκ
3042 2609 3218 2680 ἔγνω,
3248 2610 3348 2665 καὶ
3384 2614 3418 2665 ό
3443 2612 3594 2677 λαός
3615 2630 3700 2680 με

2119 2704 2192 2755 οὺ
2222 2700 2512 2771 συνῆκεν.
2543 2703 2752 2773 Ὠσπερ
2777 2701 2885 2774 γὰρ
2918 2701 2995 2772 τῷ
3022 2701 3106 2772 βοῒ
3132 2701 3226 2756 καὶ
3255 2701 3333 2772 τῷ
3366 2701 3472 2773 ὄνῳ
3498 2705 3561 2755 ὲκ
3596 2702 3699 2773 τῆς

2119 2794 2273 2866 παρά
2303 2793 2397 2846 τοῦ
2428 2794 2716 2866 τρέφοντος
2745 2794 3063 2865 εὐεργεσίας
3087 2796 3120 2865 ἡ
3149 2793 3286 2866 πρὸς
3316 2792 3478 2846 αὐτὸν
3501 2791 3695 2865 ἀγάπη

2119 2886 2439 2957 αὐτομάτως
2472 2885 2742 2955 ἐγγίνεται
2762 2902 2775 2914 ·
2810 2884 2951 2939 οὕτω
2984 2885 3077 2939 καὶ
3104 2887 3286 2956 ἡμεῖς,
3317 2883 3413 2937 ὲάν
3440 2881 3699 2953 εὐαισθή-

2119 2994 2226 3039 τως
2255 2977 2347 3030 καὶ¹
2377 2976 2730 3046 εὐγνωμόνως
2753 2975 2851 3038 τὰς
2890 2976 3206 3044 εὐεργεσίας
3243 2972 3545 3045 δεξώμεθα,
3576 2972 3700 3037 πῶς

438 3080 554 3121 rem
590 3081 701 3120 non
737 3066 1064 3130 amabimus,
1101 3083 1225 3121 cum
1272 3067 1578 3122 secundum
1636 3079 1910 3131 naturam,
1952 3076 2010 3118 ut

2118 3067 2219 3121 οὐκ
2252 3069 2607 3137 ἀγαπήσομεν
2633 3068 2725 3120 τὸν
2757 3066 3026 3121 τοσούτων
3062 3067 3156 3120 καὶ
3181 3065 3513 3136 τηλικούτων
3538 3064 3699 3134 εὐερ-

439 3157 516 3213 ita
541 3158 743 3224 dicam,
793 3166 849 3214 et
876 3163 1095 3214 nemine
1136 3160 1390 3227 docente,
1422 3160 1738 3231 huiusmodi
1789 3160 2010 3216 allectus

2119 3159 2283 3230 γέτην
2315 3159 2469 3223 Θεὸν,
2505 3157 2648 3212 κατά
2679 3157 2858 3226 φύσιν,
2910 3157 2998 3211 ἵνα
3042 3156 3210 3220 οὕτως
3249 3156 3407 3223 εῐπω,
3450 3156 3546 3209 καὶ
3573 3155 3694 3209 ἀδι-

441 3248 635 3304 αιιὶωω
672 3264 821 3305 sanae
844 3250 1213 3305 innascatur?

845 3450 1365 3510 INTERROGATIO
1392 3454 1619 3510 CCXIII.

630 3534 764 3603 Qum
795 3536 902 3590 sint
932 3536 1134 3590 indicia
1156 3539 1436 3592 charitatis
1477 3556 1602 3610 erga
1627 3541 1814 3595 Deum.

1022 3647 1434 3707 RESPONSIO.

506 3732 701 3790 Docuit
727 3752 829 3792 nos
859 3736 1122 3795 Dominus
1153 3744 1293 3810 ipse,
1341 3759 1472 3798 cum
1502 3744 1641 3798 dixit
1677 3764 1689 3799 :
1743 3744 1803 3799 Si
1830 3745 2016 3815 diligi-

437 3826 505 3883 tis
527 3845 626 3894 me,
653 3830 908 3885 mandata
935 3849 1052 3887 mea
1079 3842 1281 3887 servate
1312 3836 1381 3889 ³⁸.

727 3943 895 4017 487
939 3945 1462 4004 lNTERROGATIO
1493 3948 1722 4006 ccxw.

477 4055 540 4113 ιη
593 4073 695 4127 quo
754 4058 1050 4129 discrepent
1108 4077 1142 4184 ἵ
1197 4078 1252 4143 se
1301 4063 1524 4119 invicem
1577 4064 1872 4134 benignitas
1924 4076 1977 4121 et

1143 4142 1343 4184 omtas.

1143 4142 1343 4187 anuus.

1010 4242 1416 4304 RESPONSIO.

503 4351 639 4406 Cum
670 4352 837 4409 David
865 4354 1082 4422 dixerit,
1116 4359 1252 4415 alias
1297 4362 1519 4431 quidem
1558 4362 1863 4434 :Benignus
1923 4375 2001 4419 est

435 4442 691 4498 Dominus
724 4447 975 4502 uniuersis
997 4450 1065 4515 ",
1090 4458 1181 4505 et:
1213 4452 1489 4523 Benignus
1524 4455 1601 4508 vir
1615 4456 1704 4525 qui
1727 4456 2007 4510 miseretur

431 4546 481 4589 et
508 4538 802 4592 commodat
847 4539 914 4606 In;
969 4541 1105 4598 alias
1145 4558 1315 4598 vero:
1344 4544 1595 4614 Benefac,
1639 4546 1879 4612 Domine,
1907 4548 2001 4602 bo-

431 4628 512 4682 nis
538 4628 613 4691 ἰς
673 4628 936 4686 Jeremias
960 4633 1147 4688 itidem
1180 4654 1193 4689 :
1222 4635 1400 4689 Bonus
1436 4645 1513 4690 est
1548 4637 1809 4693 Dominus
1838 4642 2000 4694 susti-

431 4718 669 4774 nentibus
698 4737 815 4775 eum
844 4723 913 4790 ³³,
943 4723 1106 4780 latius
1139 4726 1381 4783 arbitror
1398 4729 1786 4798 benignitatem
1812 4740 2000 4800 patere

500 4872 689 4947 “Isai.
745 4892 783 4946 ι,
834 4879 887 4944 2,
924 4880 978 4934 3.
1060 4883 1104 4914 “
1138 4881 1298 4940 Joan.
1342 4900 1456 4947 xlv,
1504 4884 1589 4939 15.

429 4957 514 5007 ιιι,
554 4943 644 5000 25.

431 5098 657 5175 Regium
683 5102 927 5175 primum
974 5115 1258 5175 vocamus,
1304 5103 1619 5175 perindegut
1650 5107 1833 5175 caeteri
1868 5108 2002 5162 sim-

432 5170 663 5243 pliciten
683 5170 845 5224 habet
876 5171 1197 5243 Δκαταστολὴ
1239 5170 1486 5243 κόσμιος.
1523 5170 1890 5233 Combelisius
1920 5178 2001 5233 le-

432 5238 607 5308 gendo
640 5238 816 5295 fessus
843 5240 962 5295 sine
990 5241 1156 5296 dubio
1184 5238 1253 5297 ex
1279 5238 1469 5297 ultima
1496 5245 1677 5300 littera
1715 5248 1868 5303 vocis
1900 5265 2004 5301 κα-

430 5309 659 5377 ταστολὴ
690 5310 956 5378 ejusmodi
991 5313 1278 5367 articulum
1311 5313 1457 5368 fecit.

505 5379 715 5460 (98799)
749 5379 973 5460 veteres
1013 5382 1122 5460 duo
1150 5384 1271 5460 libri
1323 5399 1446 5460 cun]
1477 5385 1634 5441 VOSS-
1676 5385 1709 5456 ἢ
1752 5387 1930 5460 τόποὲ-
1966 5389 2000 5460 ἦ

431 5453 743 5528 προσώπου.
780 5450 983 5528 Ibidem
1020 5450 1152 5522 Reg.
1187 5454 1310 5522 prin
1332 5470 1397 5528 us
1418 5454 1601 5528 ἕνεκεν
1626 5450 1854 5528 χρείας.
1891 5450 2003 5512 Νοὸ

433 5522 506 5570 ita
547 5522 714 5593 multo
763 5530 890 5593 post
918 5523 1027 5577 duo
1062 5539 1195 5577 mss.
1247 5523 1474 5593 perinde
1526 5532 1585 5577 ut
1624 5522 1787 5581 Wiss.
1838 5527 1995 5591 λόγος

430 5589 812 5665 σκεπάσματα.
846 5589 964 5665 Yox
994 5593 1182 5665 ultima
1206 5589 1392 5665 deerat
1414 5596 1469 5648 in
1502 5596 1759 5665 vulgatis.

366 5725 369 5727 .
446 5727 450 5730 .
503 5656 578 5730 (1)
609 5656 748 5715 Editi
777 5668 831 5715 et
861 5659 992 5732 Reg.
1028 5663 1221 5717 tertius
1250 5656 1683 5737 ἀναπαυομένὶυ,
1710 5667 1803 5723 τοῦ
1827 5685 1991 5745 sapa-

2116 3250 2326 3314 δάκτως
2355 3250 2455 3321 τῆς
2498 3251 2752 3322 τοιαύτης
2776 3249 3067 3313 διαθέσεως
3094 3252 3160 3322 τῇ
3195 3249 3515 3321 ὑγιαινούσῃ
3543 3249 3694 3321 ψυχῇ

2118 3341 2473 3412 ἐγγινομένης
2491 3357 2507 3408 ;

2644 3451 2980 3507 ΕΡΩΤΗΣΙΣ
3022 3453 3162 3507 XII".

2122 3548 2261 3600 Τίνα
2291 3548 2419 3601 ἐστὶ
2445 3548 2518 3599 τὰ
2542 3547 2922 3616 γνωρίσματα
2947 3544 3058 3613 τῆς
3085 3546 3235 3612 πρὸς
3260 3543 3410 3598 Θεὸν
3429 3543 3691 3613 ἀγάπης.

2702 3658 3089 3711 ΔΠΟΚΡῙΣΙΣ.

2186 3750 2355 3814 Αὐτὸς
2394 3752 2422 3802 ι’.
2461 3750 2664 3820 Κύριος
2697 3750 2932 3815 ἐδίδαξεν
2963 3751 3132 3820 ἡμᾶς,
3166 3748 3333 3801 εἰπών
3377 3749 3487 3819 (5)·
3546 3748 3694 3802 Ἐὰν

2115 3837 2378 3895 ἀγαπᾶτέ
2398 3855 2496 3909 με,
2531 3841 2638 3905 τὰς
2663 3839 2916 3904 ἐντολὰς
2946 3838 3053 3903 τὰς
3084 3838 3231 3907 ἐμὰς
3253 3838 3579 3906 τηρήσατε.

2636 3953 2972 4007 ΕΡΩΊἩΣῘΣ
3017 3953 3136 4005 Σ1Δ⁹

2112 4071 2458 4139 Χρηστότης
2493 4068 2591 4123 καὶ
2627 4067 2985 4139 ἀγαθωσύνη
3027 4068 3146 4120 τίνι
3176 4066 3253 4137 (4)
3295 4064 3691 4134 διαφέρουσιν

2744 4135 3051 4202 ἀλλήλων.

2702 4248 3096 4304 ΑΠΟΚΡΙΣΙΣ.

2183 4366 2292 4420 Τοῦ
2323 4352 2487 4420 Δαδῖδ
2536 4336 2783 4427 εἰπόντος
2831 4364 2962 4417 ποτὲ
2993 4364 3123 4435 μέν·
3161 4362 3434 4432 Χρηστός
3466 4361 3687 4430 Κύριος

2112 4457 2236 4523 τοῖς
2277 4459 2573 4527 σύμπασι,
2625 4458 2738 4521 καὶ,
2794 4454 3068 4524 Χρηστὸς
3118 4454 3274 4523 ἀνὴρ
3311 4457 3344 4507 ό
3376 4454 3690 4521 ,οἰκτείρων

2112 4550 2211 4604 καί
2267 4547 2524 4618 κιχρῶν·
2579 4548 2709 4601 ποτέ
2753 4547 2845 4611 δὲ,
2920 4547 3265 4616 Ἀγάθυνον,
3313 4548 3509 4614 Κύριε,
3561 4546 3691 4611 τοῖς

2106 4642 2348 4711 ἀγαθοῖς
2370 4658 2384 4671 ·
2419 4641 2513 4695 καὶ
2551 4639 2646 4693 τοῦ
2690 4638 2977 4711 Ἱερεμίου,
3022 4637 3269 4707 Ἀγαθός
3295 4639 3511 4707 Κύριος
3558 4638 3689 4703 τοῖς

2105 4732 2517 4802 ὑπομένουσιν
2562 4729 2770 4796 αὐτὸν,
2831 4729 3172 4798 πλατυτέραν
3211 4722 3364 4799 οἶμαι
3411 4727 3551 4781 εἶναι
3585 4729 3691 4798 τὴν

1680 4889 1728 4917 ⁵²
1766 4888 1913 4946 Psal.
1969 4907 2010 4946 (ιτ

2115 4908 2147 4955 r,
2197 4890 2230 4943 9
2289 4889 2335 4919 ⁸³
2366 4887 2514 4940 Psal.
2569 4901 2679 4949 CXI,
2730 4884 2782 4939 5.
2852 4883 3063 4940 “Psal.
3110 4899 3296 4948 cxxw,
3343 4884 3396 4937 4.
3483 4882 3685 4937 “Thr.

2099 5110 2313 5168 τιώτου.
2344 5112 2413 5165 At
2451 5110 2635 5167 Vossii
2657 5120 2818 5168 vetus
2852 5112 2979 5167 libet
3011 5121 3066 5167 et
3094 5112 3185 5167 alii
3219 5120 3333 5167 tres
3361 5119 3422 5166 ut
3453 5113 3507 5165 in
3548 5127 3687 5166 con-

2100 5188 2274 5304 textt‘i.
2323 5183 2618 5263 Aliquanto
2657 5190 2783 5253 post
2827 5180 2962 5253 Reg.
3007 5183 3215 5251 primus
3258 5183 3448 5254 ἀνδρὸς
3498 5182 3533 5254 ἢ
3583 5200 3687 5250 γυ-

2100 5268 2222 5304 ναικ
2255 5269 2299 5304 ς.

2100 5268 2299 5314 ναικος.

2174 5320 2253 5394 (2)
2282 5320 2467 5394 Codex
2508 5321 2666 5394 Voss.
2709 5323 2846 5394 ὅπερ
2878 5323 2974 5377 καὶ
3012 5326 3123 5386 τοῖς
3158 5322 3358 5394 λόγοις,
3393 5329 3675 5392 corrupte.

2102 5389 2213 5465 Ifiec
2234 5389 2515 5465 'ita_mult_o
2541 5393 2683 5447 infra
2742 5389 2885 5449 idem
2918 5409 3024 5449 ms.
3068 5402 3121 5448 et
3154 5389 3286 5463 Reg.
3322 5395 3535 5465 primus
3563 5389 3681 5464 μά-

2104 5460 2284 5529 θωμεν
2312 5461 2370 5513 δὲ
2393 5462 2553 5516 τοῦτο

2172 5530 2246 5605 (ξ)
2282 5530 2415 5605 ﬂeg.
2447 5534 2658 5605 primus
2692 5532 2929 5599 ἐδίδαξεν
2949 5533 3116 5605 εἰπὼν
3140 5536 3286 5605 ἡμῖν.

2168 5601 2252 5723 ἑὸ)
2297 5599 2426 5674 Reg.
2448 5599 2662 5674 primus
2701 5606 2759 5657 ὲν
2815 5604 2939 5661 τίνι.
2969 5604 3092 5659 Mox
3127 5599 3266 5660 idem
3296 5619 3399 5660 ms.
3426 5605 3509 5658 ὃτι
3537 5620 3677 5678 xm-

2198 5688 2246 5723 ς.
2560 5688 2563 5691 ·

2103 5686 2246 5735 στος.
2560 5688 2563 5691 ·
