4064 6238
395 303 531 358 12⁸57

1517 296 1818 355 ΠΕϐΠιηΕ
1853 295 2155 354 BREVIUS
2195 295 2612 352 TRACTATE.

3494 297 3633 352 1238

390 412 592 480 νοεῖς;
639 413 888 466 Μάλιστα
918 405 1011 466 οὖν
1043 412 1137 465 ἐπὶ
1175 412 1284 466 τῶν
1314 413 1569 468 τοιούτων
1604 415 1698 468 καὶ
1731 414 1840 468 τῶν
1873 414 1959 466 δο-

2075 413 2296 467 Maxime
2318 413 2486 482 igitur
2515 413 2571 467 in
2593 411 2796 468 talibus
2824 416 2885 466 et
2906 411 2959 466 in
2995 411 3065 468 iis
3101 411 3194 481 qui
3226 410 3480 467 videntur
3511 429 3634 470 esse

391 504 632 559 κούντων
662 499 802 558 εἶναι
837 503 1209 575 ἐνδοξοτέρων,
1251 506 1483 577 σπουδῆς
1517 505 1673 578 χρεία
1709 507 1802 560 καὶ
1838 507 1958 560 ἑπι-

391 596 635 666 σκέψεως
658 613 674 628 ⁸
734 597 820 650 ἵνα
883 597 977 651 καὶ
1011 596 1108 668 τὴν
1129 597 1492 668 ὀφειλομένην
1517 599 1830 669 ἐπιμέλειαν
1859 601 1960 652 αύ-

391 689 498 743 τῶν
534 689 667 760 (41),
709 689 820 742 είτε
856 690 914 743 ὲν
955 690 1314 762 παρακλήσει,
1344 690 1452 745 εἴτε
1477 693 1535 744 ὲν
1575 691 1781 762 ἐλέγχῳ
1827 691 1962 760 μετὰ

391 780 490 850 τῆς
531 779 912 852 προσηκούσης
940 780 1316 852 μακροθυμίας
1363 783 1737 854 ποιησώμεθα,
1779 782 1962 836 καὶτὰ

392 870 554 924 λοιπὰ
574 871 770 936 πάντα,
795 870 936 924 κατὰ
961 871 1060 937 τὴν
1087 871 1178 925 τοῦ
1203 872 1404 945 Κυρίου
1421 872 1659 944 ἐντολὴν,
1680 875 1763 927 ἐπ’
1785 872 1962 928 αὐτῶν

397 959 898 1032 παραφυλάξαντες,
923 961 1272 1027 ἀνυπαιτίους
1310 964 1535 1028 ἑαυτοὺς
1567 966 1659 1018 καὶ
1690 966 1747 1018 ὲν
1791 963 1962 1034 τούτῳ

395 1049 472 1122 τῷ
512 1051 666 1122 μέρει
708 1049 1049 1122 φυλάξωμεν.

884 1165 1216 1218 ΕΡΩΤΗΣΙΣ
1251 1167 1412 1222 mea
1497 1237 1514 1244 _

409 1275 543 1330 Ἐάν
572 1293 681 1342 τις,
709 1275 1010 1350 ἀδικηθεὶς
1047 1280 1170 1332 ὑπό
1201 1297 1365 1346 τινος
1397 1279 1528 1350 (62),
1557 1278 1773 1348 μηδενί
1825 1278 1968 1333 ἀνά-

465 1350 672 1417 ᾂηται,
697 1416 703 1417 γ
729 1349 892 1417 λόγῳ
927 1350 1336 1417 μακροθυμίας
1401 1349 1500 1404 καὶ
1547 1350 1964 1414 ἀνεξικακίας,

465 1415 613 1489 δόξῃ
644 1416 713 1469 δὲ
745 1415 825 1481 τῷ
855 1415 983 1489 θεῷ
1025 1415 1382 1474 ἀποδιδόναι
1409 1420 1473 1474 τὸ
1507 1420 1708 1489 κρῖμα,
1739 1423 1789 1473 ει
1818 1417 1968 1472 κατὰ

464 1486 683 1555 Κύριον
704 1487 888 1540 ιποιεῖ.

959 1604 1350 1656 ΔΠΟΚΡΙΣΙΣ.

464 1707 570 1763 Τοῦ
631 1711 840 1783 Κυρίου
895 1713 1156 1777 είπόντος,
1191 1714 1320 1766 ποτὲ
1379 1715 1478 1785 μὲν
1508 1755 1522 1778 ,
1563 1715 1779 1783 Ἀφίετε
1816 1715 1871 1768 εἴ
1914 1731 1968 1768 τι

394 1800 563 1867 ἔχετε
617 1800 766 1854 κατά
802 1819 996 1867 τινος·
1048 1803 1176 1855 ποτὲ
1205 1803 1283 1864 δὲ,
1337 1804 1472 1857 Ἐὰν
1511 1804 1740 1874 ἁμάρτῃ
1771 1808 1858 1871 εἰς
1889 1806 1964 1859 σὲ

396 1891 436 1942 c"
465 1887 726 1957 ἀδελφός
768 1905 907 1955 σου,
946 1891 1155 1960 ὕπαγε,
1209 1891 1460 1962 ἔλεγξον
1519 1893 1704 1947 αὐτὸν
1739 1895 1966 1964 μεταξὺ

393 1978 509 2033 σοῦ
541 1979 640 2032 καὶ
671 1981 858 2034 αὐτοῦ
880 1984 1093 2050 μόνου.
1160 1983 1301 2036 Ἐάν
1338 1999 1454 2038 σου
1498 1986 1734 2053 ἀκούσῃ
1757 2027 1770 2051 ,
1797 1985 1964 2056 ἐκέρ-

392 2071 585 2138 δησας
612 2073 718 2126 τὸν
746 2073 1012 2142 ἀδελφόν
1039 2089 1154 2127 σου
1177 2093 1188 2104 ·
1224 2075 1334 2128 ἐὰν
1359 2075 1426 2129 δὲ
1453 2077 1538 2145 μὴ
1573 2077 1810 2147 ἀκούσῃ
1839 2095 1970 2141 ,πα-

390 2165 619 2233 ράλαϐε
644 2167 796 2234 μετὰ
818 2167 934 2220 σοῦ
964 2166 1053 2220 ἔτι
1082 2166 1191 2220 ἕνα
1219 2167 1256 2235 ἢ
1290 2167 1434 2234 δύο,
1470 2169 1570 2222 ἵνα
1605 2168 1720 2222 ’ἐπὶ
1745 2170 1967 2237 στόμα-

393 2272 496 2321 τος
531 2255 640 2310 δύο
697 2258 1015 2325 μαρτύρων
1084 2258 1183 2311 καὶ
1225 2259 1400 2325 τριῶν
1447 2259 1640 2328 σταθῇ
1685 2261 1807 2314 πᾶν
1857 2261 1966 2329 (45)

393 2347 570 2416 ῥῆμα.
619 2348 751 2401 Ἐὰν
803 2349 870 2401 δὲ
907 2351 1263 2419 παρακούσῃ
1297 2351 1512 2416 αὐτῶν,
1566 2352 1695 2406 εἰπὲ
1721 2352 1796 2421 τῇ
1842 2355 1970 2406 Ἔκ-

395 2441 640 2507 κλησίᾳ.
687 2441 828 2494 Ἐὰν
855 2439 922 2493 δὲ
941 2442 1038 2495 καὶ
1071 2439 1178 2510 τῆς
1217 2443 1573 2510 Ἐκκλησίας
1594 2445 1965 2512 παρακούσῃ,

393 2530 550 2584 ἔστω
596 2546 695 2586 σοι
745 2532 944 2603 ὥσπερ
975 2536 1007 2588 ὁ
1036 2534 1269 2601 ἐθνικὸς
1324 2535 1422 2590 καὶ
1468 2539 1501 2589 ό
1533 2535 1798 2603 τελώνης
1821 2553 1834 2566 ·
1872 2535 1969 2604 τῆς

398 2620 499 2690 μὲν
553 2621 931 2693 μακροθυμίας
984 2624 1193 2696 καρπὸν
1243 2625 1640 2679 ἐπιδείκνυσθαι
1692 2626 1834 2698 χρὴ,
1891 2625 1969 2695 τῷ

397 2712 515 2783 Θεῷ
538 2715 636 2784 τὴν
667 2715 966 2786 προσευχὴν
997 2716 1136 2786 ὑπὲρ
1177 2715 1272 2769 τοῦ
1315 2717 1630 2788 ἠδικηκότος
1664 2716 1722 2781 ἐξ
1779 2717 1972 2788 ἀληθι-

401 2807 497 2878 νῆς
530 2807 818 2873 διαθέσεως
860 2809 1199 2880 προσάγοντα
1227 2811 1319 2864 καὶ
1345 2811 1568 2879 λέγοντα
1589 2826 1600 2840 ·
1641 2813 1849 2880 Κύριε,
1881 2811 1968 2881 μὴ

397 2898 635 2968 στήσῃς
679 2900 838 2966 αὐτῷ
877 2902 990 2969 τὴν
1019 2904 1342 2972 ἁμαρτίαν,
1378 2903 1465 2956 ἵνα
1497 2903 1594 2975 μὴ,
1633 2903 1708 2967 ὡς
1759 2904 1970 2975 ὀργιζό-

403 3007 558 3060 μενος
573 2989 648 3060 τῷ
669 2991 877 3062 ἀδελφῷ
896 2992 1080 3056 αὑτοῦ,
1102 2993 1278 3064 ἔνοχος
1309 2993 1528 3065 γένηται
1551 2995 1659 3065 (llr)
1677 2997 1740 3066 τῇ
1771 2996 1968 3066 κρίσει·

402 3079 498 3160 τὴν
544 3081 600 3134 δὲ
638 3083 978 3154 παράκλησιν
1036 3084 1112 3154 τῷ
1145 3085 1454 3155 ⁴ἢδικηκότι,
1490 3085 1580 3138 καὶ
1628 3086 1718 3138 τὸν
1747 3086 1966 3156 ἔλεγχον
1995 3101 2042 3165 c

399 3165 703 3219 ἀποδιδόναι
735 3168 1044 3233 ἀκόλουθον,
1081 3170 1227 3232 ὅπως
1262 3171 1510 3223 κάκεῖνον
1551 3171 1650 3242 τῆς
1680 3171 1846 3243 ὀργῆς
1868 3171 1968 3241 τῆς

399 3258 698 3329 ἐρχομένης
722 3261 814 3313 ἐπὶ
839 3263 964 3324 τοὺς
994 3263 1141 3324 υἱοὺς
1171 3263 1269 3332 τῆς
1300 3262 1581 3326 ἀπειθείας
1608 3262 1965 3336 ἐλευθερώσῃ.

413 3350 536 3402 Ἐὰν
580 3351 634 3404 δὲ
667 3353 914 3424 άμελήσῃ
966 3353 1060 3406 καὶ
1092 3352 1233 3422 λόγῳ
1273 3352 1442 3422 δῆθεν
1470 3354 1569 3424 τῆς
1607 3353 1740 3417 ἰδίας
1766 3370 1971 3424 μακρο-

401 3437 602 3510 θυμίας
651 3443 970 3514 ὲφησυχάσῃ
999 3482 1012 3507 ,
1073 3442 1266 3514 διπλῆν
1317 3443 1589 3513 ἁμαρτίαν
1632 3444 1970 3515 ἁμαρτάνειν

401 3529 484 3582 ὅτι
508 3547 567 3583 τε
589 3532 750 3594 αὐτὸς
772 3533 884 3603 (45)
918 3533 1244 3605 παραϐαίνει
1270 3535 1368 3605 τὴν
1397 3534 1613 3605 ἐντολὴν
1642 3535 1740 3605 τὴν
1781 3534 1972 3602 λέγου-

405 3637 535 3686 σαν,
584 3624 838 3694 Ἐλεγμῷ
865 3625 1130 3704 ἐλέγξεις
1159 3627 1267 3680 τὸν
1291 3627 1560 3697 πλησίον
1608 3642 1744 3692 σου,
1776 3628 1875 3680 καὶ
1903 3628 1972 3679 οὐ

403 3715 575 3784 λήψῃ
607 3716 680 3769 δι’
705 3716 892 3772 αὑτὸν
917 3718 1229 3789 ἁμαρτίαν,
1260 3720 1354 3772 καὶ
1385 3719 1637 3784 κοινωνὸς
1669 3719 1761 3772 τοῦ
1798 3721 1977 3792 ἁμαρ-

2064 504 2494 574 ρτρεειεηιίοτεε,
2537 519 2675 574 opus
2705 511 2788 559 est
2833 504 3018 560 studio
3063 519 3127 559 se
3163 504 3633 571 consideratione,

2063 603 2124 648 ut
2155 601 2209 650 et
2244 593 2485 650 debitam
2539 611 2732 650 curam
2771 610 2870 666 pro
2901 595 2982 651 eis
3013 596 3129 652 sive
3185 597 3240 651 in
3286 595 3632 652 consolando

2065 685 2180 740 sive
2212 685 2268 740 in
2296 686 2674 757 redarguendo
2704 701 2828 739 cum
2865 687 3210 741 convenienti
3245 687 3470 743 lenitate
3512 701 3637 742 sus-

2065 777 2353 846 cipiamus,
2387 785 2440 832 et
2470 777 2693 847 reliquis
2717 777 2992 842 omnibus,
3017 792 3084 831 ex
3111 775 3324 831 Domini
3353 777 3634 840 mandato,

2065 882 2194 938 erga
2257 867 2408 938 ipsos
2435 869 2762 933 observatis,
2814 869 3180 938 nosmetipsos
3227 869 3534 939 inculpatos
3580 867 3637 923 in

2070 960 2173 1016 hac
2197 977 2417 1032 quoque
2439 972 2592 1032 parte
2619 977 2924 1022 servemus.

2421 1161 2939 1221 INTERROGATIO
2975 1160 3280 1220 CCXXXII.

2067 1278 2129 1334 Si
2147 1279 2276 1350 quis
2306 1277 2370 1350 ab
2395 1277 2572 1348 aliquo
2602 1278 2802 1347 injuria
2827 1280 3066 1347 affectus,
3113 1275 3395 1350 neminiid
3422 1277 3635 1350 referat,

2135 1347 2372 1402 lenitatis
2394 1359 2450 1418 et
2477 1347 2740 1415 patientia:
2766 1353 2939 1418 gratia
2961 1389 2974 1411 ,
3016 1359 3063 1403 et
3103 1348 3209 1402 Deo
3242 1347 3528 1416 relinquere
3547 1347 3641 1416 ju-

2136 1419 2334 1472 dicium
2367 1417 2638 1484 videatur,
2672 1436 2740 1472 an
2766 1417 3052 1473 secundum
3076 1417 3362 1472 Dominum
3395 1419 3582 1487 faciat.

2644 1591 3048 1648 RESPON‘SIO.

2139 1703 2271 1758 Cum
2313 1703 2576 1758 Dominus
2625 1703 2844 1770 dixerit,
2876 1704 3040 1758 modo
3085 1702 3338 1774 quidem:
3378 1703 3643 1759 Dimittite

2069 1798 2114 1850 si
2149 1796 2273 1866 quid
2299 1796 2498 1849 habetis
2547 1794 2795 1849 adversus
2823 1795 3049 1865 aliquem
3083 1797 3140 1860 ¹’;
3180 1795 3343 1850 modo
3369 1811 3541 1851 vero:
3581 1795 3642 1851 Si

2067 1889 2351 1956 peccaverit
2389 1889 2442 1940 in
2493 1896 2540 1941 te
2586 1887 2751 1956 frater
2782 1896 2922 1953 tuus,
2959 1887 3105 1953 vade,
3135 1889 3337 1957 corripe
3363 1904 3481 1942 eum
3503 1888 3641 1940 inter

2069 1990 2117 2032 te
2140 1989 2188 2033 et
2214 1979 2383 2047 ipsum
2410 1979 2604 2032 solum.
2634 1977 2694 2031 Si
2720 1987 2765 2031 te
2792 1978 3038 2042 audierit,
3072 1978 3308 2032 lucratus
3335 1994 3388 2032 es
3419 1977 3641 2047 fratrem

2070 2078 2263 2131 tuum;
2293 2069 2338 2120 si
2383 2077 2555 2120 autem
2585 2083 2687 2120 non
2723 2068 2970 2129 audierit,
3007 2065 3193 2120 adhibe
3249 2075 3418 2120 tecum
3471 2066 3641 2119 adhuc

2068 2175 2227 2212 unum
2255 2157 2330 2210 vel
2359 2157 2512 2221 duos,
2546 2169 2601 2210 ut
2647 2158 2702 2211 in
2733 2174 2819 2210 ore
2850 2157 3075 2210 duorum
3119 2157 3194 2210 vel
3239 2158 3401 2210 trium
3431 2158 3642 2210 testium

2069 2257 2166 2303 stet
2193 2264 2343 2302 omne
2362 2249 2592 2302 verbum.
2621 2248 2773 2314 Quod
2798 2250 2844 2302 si
2885 2265 2989 2302 non
3018 2248 3244 2302 audierit
3274 2265 3380 2310 eos,
3414 2249 3500 2302 dic
3531 2249 3640 2302 Ec-

2069 2340 2262 2392 clesiae.
2307 2337 2367 2393 Si
2400 2349 2571 2392 autem
2603 2338 2892 2392 Ecclesium
2926 2356 3128 2408 quoque
3157 2356 3258 2392 non
3293 2340 3546 2405 audierit,
3571 2341 3643 2392 sit

2072 2431 2162 2484 tibi
2191 2432 2326 2486 sicut
2357 2431 2592 2484 ethnicus
2621 2438 2668 2483 et
2697 2429 3009 2499 publicanus
3037 2433 3055 2461 ¹
3079 2447 3092 2495 ;
3126 2431 3174 2485 is
3209 2430 3450 2484 lenitatis
3472 2437 3638 2498 atque

2071 2525 2345 2595 patientia:
2378 2523 2615 2576 fructum
2651 2522 2940 2577 ostendere
2991 2521 3182 2583 debet,
3227 2522 3301 2577 ita
3350 2529 3406 2575 ut
3449 2537 3547 2591 pro
3576 2537 3642 2576 eo

2071 2617 2159 2684 qui
2193 2615 2448 2684 injuriam
2482 2613 2686 2672 intulit.
2717 2628 2906 2683 preces
2951 2627 3018 2667 ex
3054 2627 3182 2666 vero
3232 2610 3427 2666 aﬂectu
3452 2611 3645 2667 offerat

2071 2706 2201 2772 Deo,
2231 2707 2485 2776 dicatque
2514 2725 2526 2758 :
2561 2705 2878 2768 Domine,ue
2908 2714 3111 2759 statuas
3143 2705 3222 2756 illi
3266 2715 3536 2773 peccatum
3579 2705 3598 2735 ³
3623 2745 3636 2769 ,

2073 2805 2130 2852 ut
2155 2813 2244 2859 ne.
2274 2797 2439 2850 veluti
2465 2811 2566 2850 suo
2596 2795 2752 2850 fratri
2784 2797 2978 2859 iratus,
2997 2794 3207 2864 judicio
3228 2794 3318 2848 ﬁat
3347 2795 3638 2850 obnoxius.

2069 2890 2361 2947 Admoneri
2412 2898 2591 2945 autem
2642 2900 2696 2945 et
2736 2890 2988 2960 redargui
3021 2905 3120 2960 par
3175 2897 3262 2945 est
3295 2889 3510 2958 injurize
3546 2905 3645 2943 au-

2071 2992 2298 3047 ctorem,
2331 2990 2390 3037 ut
2422 2991 2478 3039 et
2519 2983 2624 3038 iste
2672 2983 2740 3037 ab
2780 2983 2872 3037 ira-
2898 2997 3020 3052 quae
3068 2997 3233 3052 super
3286 2981 3645 3036 contumaciae

2072 3075 2212 3131 ﬁlios
2239 3074 2432 3139 venit,
2473 3073 2752 3128 liberetur.
2797 3071 2952 3138 Quod
2999 3073 3044 3126 si
3082 3072 3418 3142 neglexerit,
3461 3073 3640 3126 conti-

2073 3167 2378 3238 cueritque,
2413 3165 2728 3222 exercendae
2761 3164 2970 3220 scilicet
2999 3179 3113 3219 suae
3150 3165 3424 3234 patientia:
3454 3179 3644 3227 causa,

2075 3261 2314 3315 admittit
2365 3258 2561 3327 duplex
2620 3265 2946 3328 peccatum:
3003 3267 3057 3318 et
3109 3257 3255 3327 quod
3310 3257 3425 3327 ipse
3480 3258 3649 3312 violat

2074 3351 2391 3406 mandatum
2422 3347 2552 3403 illud
2587 3366 2600 3402 ;
2634 3349 2912 3418 Arguendo
2939 3365 3123 3417 argues
3148 3349 3447 3417 proximum
3474 3358 3644 3413 tuum,

2075 3454 2122 3497 et
2152 3460 2254 3496 non
2293 3441 2514 3511 accipies
2565 3451 2775 3509 propter
2829 3456 2945 3492 eum
2987 3449 3252 3508 peccatum
3285 3440 3326 3506 ⁸,
3358 3453 3410 3495 et
3442 3440 3544 3494 hoc
3573 3440 3649 3494 si-

2074 3537 2244 3592 lentio
2275 3535 2483 3606 peccati
2515 3533 2573 3587 lit
2619 3534 2894 3602 particeps
2926 3555 2938 3588 :
2982 3543 3035 3588 et
3066 3535 3208 3603 quod
3244 3551 3404 3604 quem
3435 3543 3648 3604 poterat

2081 3628 2313 3682 fortasse
2341 3625 2718 3695 redarguendo
2757 3625 2978 3692 lucrari,
3009 3627 3158 3680 velut
3199 3625 3462 3682 Dominus
3505 3642 3648 3697 prae-

2081 3719 2221 3788 cepit
2250 3719 2293 3784 ¹¹,
2329 3717 2474 3770 hunc
2503 3717 2633 3770 sinit
2669 3716 2724 3770 in
2750 3717 2894 3770 malo
2931 3716 3130 3785 perire.

403 3810 654 3874 τάνοντος
706 3811 794 3864 διὰ
817 3812 916 3883 τῆς
965 3815 1174 3888 σιωπῆς
1226 3814 1433 3882 γίνεται
1483 3832 1498 3848 ο
1543 3815 1635 3869 καὶ
1668 3817 1748 3869 ὄτι
1790 3816 1878 3869 τὸν
1924 3814 2218 3884 δυνάμενον
2283 3811 2412 3876 ἴσως
2452 3811 2780 3885 κερδηθῆναι
2833 3812 2920 3867 διὰ
2973 3811 3079 3864 τῶν
3135 3812 3414 3884 ἐλέγχων,
3471 3812 3650 3878 καθὼς

406 3903 499 3953 καὶ
529 3903 558 3954 ὀ
585 3901 786 3973 Κύριος
813 3903 1092 3972 διετάξατο
1116 3946 1132 3970 ,
1162 3905 1354 3962 τοῦτον
1389 3908 1609 3980 ἀφίησιν
1638 3909 1750 3981 (46)
1780 3908 2130 3964 ὲναπολέσθαι
2151 3907 2228 3979 τῷ
2249 3907 2424 3977 κακῷ.

899 4019 1234 4076 ΕΡΩΤΗΣΙΣ
1273 4025 1432 4077 ΣΛΓ’.

423 4126 536 4202 Ἕκ
580 4129 822 4210 πάντων
861 4134 993 4210 τῷν.
1020 4136 1494 4210 καταρθωμάτωνΔ
1519 4138 1633 4210 ’ἐὰν
1682 4139 1751 4192 ἓν
1797 4141 1976 4210 λείπῃ

715 4202 848 4267 τινί,
879 4207 931 4257 εί
962 4204 1058 4258 διὰ
1089 4202 1291 4260 τοῦτοί
1313 4209 1384 4262 οὐ
1419 4207 1676 4270 σώζεται.

929 4289 934 4298 ’
969 4320 1356 4376 mouemus.

2325 4021 2489 4097 494
2528 4019 3041 4080 INTERROGATIO
3078 4019 3403 4077 CCXXXIII.

2083 4136 2166 4190 Ea:
2202 4135 2441 4191 omnibus
2489 4146 2622 4189 recte
2675 4136 2831 4202 factis
2875 4137 2921 4188 si
2968 4135 3044 4189 vel
3096 4153 3258 4189 unum
3286 4137 3419 4190 desit
3449 4136 3651 4190 alicui:

2280 4223 2401 4260 num
2437 4206 2966 4274 proptereasalutem
2995 4223 3097 4259 non
3123 4207 3454 4275 adipiscitur.

2666 4322 2708 4374 Il
2719 4319 3068 4376 ESPONSIO.

486 4427 702 4483 Πολλῶν
732 4429 899 4486 ὄντων
929 4433 985 4484 ὲν
1001 4435 1066 4503 τῇ
1097 4450 1156 4486 τε
1178 4434 1288 4503 (47)
1321 4435 1529 4506 Παλαιᾷ
1561 4435 1654 4489 καὶ
1675 4435 1731 4488 ἐν
1751 4437 1816 4506 τῇ
1853 4437 1971 4490 Και-

2123 4465 2125 4472 ι
2165 4433 2299 4488 Cum
2351 4433 2520 4485 nmlta
2565 4432 2675 4485 sint
2705 4440 2818 4486 tum
2876 4433 2930 4486 in
2978 4431 3194 4497 Veteri,
3243 4440 3356 4486 tum
3413 4431 3465 4486 in
3502 4429 3652 4484 Novo

419 4518 484 4588 νῇ
515 4519 755 4592 Διαθήκῃ
779 4519 887 4574 τῶν
917 4521 1226 4592 δυναμένων
1265 4524 1392 4593 περὶ
1419 4525 1606 4576 τούτου
1635 4521 1980 4594 πληροφορῆ-

429 4625 516 4660 σαι
553 4611 701 4680 ἡμᾶς
723 4651 738 4675 ,
775 4612 966 4682 ἀρκεῖν
1009 4610 1246 4682 ἡγοῦμαι
1283 4612 1362 4682 τῷ
1391 4612 1566 4681 πιστῷ
1604 4612 1696 4666 καὶ
1735 4613 1891 4681 μόνον
1922 4613 1983 4664 τὸ

425 4695 518 4746 ἐπὶ
543 4695 620 4766 τῷ
662 4697 851 4768 Πέτρῳ
879 4703 1082 4770 κρῖμα·
1139 4701 1198 4766 ὃς
1245 4700 1338 4756 ἐπὶ
1381 4701 1652 4765 τοσούτοις
1700 4703 1792 4755 καὶ
1835 4701 1983 4772 τηλι-

426 4786 638 4853 κούτοις
704 4791 1128 4864 κατορθώμασι,
1198 4793 1288 4848 καὶ
1339 4793 1599 4856 τοιούτοις
1657 4796 1769 4857 τοῖς
1828 4793 1976 4866 παρὰ

505 4943 711 5000 'blarc.
759 4963 838 5013 xl,
879 4947 970 5002 25.

1097 4946 1331 5002 'Matth.
1374 4964 1534 5014 xvm,
1580 4949 1765 5004 15-17.

420 5030 576 5081 xviii,
619 5016 703 5072 I5.

493 5177 602 5245 (Η)
637 5176 768 5247 Reg.
812 5178 1021 5246 primus
1047 5185 1101 5249 et
1132 5177 1292 5232 Voss.
1320 5177 1634 5249 ἐπιμέλειαν
1665 5178 1830 5248 αὐτῷ.
1866 5177 1988 5232 Mox

421 5255 686 5318 nissistres
721 5251 777 5300 ὲν
800 5249 1024 5318 ἐλέγχῳ.
1047 5248 1248 5304 Vocula
1272 5250 1328 5302 ὲν
1357 5248 1600 5303 ineditis
1626 5250 1983 5303 desideratur.

495 5317 604 5389 με)
636 5315 814 5389 Vossii
844 5315 998 5374 vetus
1035 5319 1170 5372 liber
1197 5334 1319 5372 cum
1351 5319 1472 5372 aliis
1497 5318 1709 5372 duobus
1740 5320 1888 5389 παρά
1910 5337 1989 5370 τι-

421 5403 545 5458 νος,
571 5386 737 5458 Paulo
767 5395 886 5456 post
923 5389 1054 5456 Reg.
1087 5390 1294 5458 primus
1325 5391 1372 5441 εἰ
1403 5389 1542 5442 κατὰ
1571 5389 1700 5440 Θεὸν
1732 5386 1892 5441 ποιεῖ.

499 5456 607 5529 (te)
650 5456 781 5527 Reg.
815 5459 1022 5528 primus
1055 5456 1221 5529 σταθῇ
1263 5461 1390 5513 πᾶν.
1437 5459 1539 5512 Alii
1587 5475 1717 5514 mss.
1765 5469 1817 5513 et
1858 5457 1986 5514 editi

428 5526 772 5596 σταθήσεται.

642 5597 820 5669 Codex
854 5597 1004 5653 Colb.
1036 5599 1213 5669 ἔνοχος
1241 5597 1408 5653 ἔσται.

503 5665 613 5739 (45)
641 5667 863 5738 Antiqui
901 5669 1010 5722 duo
1039 5665 1160 5725 libri
1194 5670 1273 5723 ὅτι
1302 5671 1392 5723 καὶ
1427 5670 1603 5732 αὐτὸς.
1636 5668 1836 5724 Ibidem
1863 5668 1988 5723 editi

1879 4951 1900 4982 ³
1934 4950 2055 5006 Act.
2097 4969 2192 5015 vn,
2241 4953 2328 5008 59-.

2091 4521 2472 4586 Testamento,
2532 4537 2652 4592 quae
2693 4537 2796 4576 nos
2856 4523 3066 4592 possint
3117 4523 3185 4576 de
3235 4522 3338 4577 hoc
3393 4521 3652 4575 certiores

2089 4612 2286 4677 facere,
2320 4621 2504 4667 tamen
2555 4615 2690 4669 satis
2717 4629 2839 4668 esse
2874 4613 3014 4667 duco
3045 4613 3218 4670 cuivis
3239 4612 3379 4667 ﬁdeli
3407 4613 3490 4666 vel
3520 4610 3652 4665 illud

2090 4721 2256 4759 unum
2312 4706 2377 4759 de
2426 4704 2586 4760 Petro
2633 4705 2945 4776 judicium,
3006 4705 3097 4775 qui
3143 4713 3265 4775 post
3295 4713 3373 4760 tot
3405 4713 3458 4759 et
3502 4711 3653 4757 tanta

2082 4797 2340 4866 praeclare
2368 4803 2542 4866 gesta,
2563 4804 2796 4868 postque
2821 4797 2957 4853 tales
2985 4795 3348 4852 beatitudines
3372 4810 3400 4848 a
3425 4794 3654 4849 Domino

2435 4954 2456 4987 ⁵
2492 4953 2624 5008 ch.
2683 4971 2796 5020 xu,
2830 4954 2914 5018 I7,
2961 4954 3100 5030 apud
3136 4950 3298 5008 LXX.
3399 4953 3420 4984 '
3463 4949 3649 5004 Matth.

2097 5177 2422 5247 παραϐαίνει
2450 5176 2547 5246 τὴν
2572 5177 2834 5247 λέγουσαν
2863 5175 3100 5247 ἐντολήν.
3136 5173 3270 5247 Reg.
3307 5173 3517 5247 primus
3552 5193 3656 5226 πα-

2099 5244 2338 5318 ραϐαίνει
2363 5249 2461 5316 τὴν
2492 5244 2706 5318 ἐντολὴν
2740 5245 3159 5318 τὴν-λέγουσαντ-
3184 5244 3338 5298 IIaud
3370 5245 3526 5314 longe
3553 5260 3655 5297 vox

2096 5315 2528 5388 ἐλεγμιῖνοόἂίιε
2560 5329 2644 5372 est
2666 5315 2939 5388 extribus
2967 5315 3270 5388 codicibus.

2167 5383 2294 5457 (36f
2317 5387 2533 5442 Veteres
2559 5388 2667 5441 duo
2702 5387 2822 5457 libri
2855 5385 3155 5457 ἐναφίησιν.
3176 5383 3388 5457 Ibidem
3414 5383 3542 5453 Ileg.
3576 5399 3661 5457 se-

2097 5454 2308 5511 cundus
2354 5465 2406 5508 ct
2443 5457 2573 5510 editi
2611 5455 2966 5511 ὲναπολέσθαι
3010 5454 3088 5524 τῷ
3125 5455 3330 5524 κόσμῳ,
3371 5454 3424 5505 in
3465 5454 3658 5507 mundo

2098 5529 2282 5597 perire.
2321 5529 2424 5597 lilii
2455 5536 2568 5581 tres
2599 5543 2732 5582 mss.
2757 5525 2833 5596 τῷ
2866 5525 3040 5597 κακῷ,
3067 5528 3289 5578 rectius.

2098 5593 2282 5720 'nl’ﬂ)
2319 5595 2577 5653 Voculam
2631 5615 2687 5650 τε
2739 5593 3045 5652 addidimus
3085 5613 3145 5651 ex
3200 5594 3396 5665 priscis
3446 5593 3662 5650 duobus

2124 5687 2132 5719 I
2163 5677 2273 5720 ηις.
2759 5711 2767 5719 .

2121 5666 2273 5724 ibrls.
