4064 6238
348 333 485 390 1345

848 457 1184 511 ΕΡΩΤΗΣῙΣ
1234 456 1403 511 ΣΜΓ¹.

348 545 733 622 “ﬁcti/Istat
764 545 958 622 λέγων
989 547 1099 614 (64)
1124 551 1178 622 ,ό
1222 549 1617 622 Ἀπόο-τρλος·
1658 570 1677 602 σ
1726 554 1913 622 Ὀργί-

413 614 600 694 ζεοςθε,
640 616 742 694 real
777 616 868 694 μὴ
910 616 1303 694 ἁμαρτάνετε·
1344 623 1392 694 -ὀ
1422 614 1612 694 ﬁam
1653 621 1740 691 μὴ
1782 614 1911 677 ἔπι-

410 684 596 771 ὁςιίέτω
650 686 748 765 ἐπὶ
918 688 1298 771 παροργισμῷ
1326 684 1524 771 ὑμῶρθ·
1586 684 1603 741 ὶ
1644 684 1913 771 ¹Ξιιιίτοιγε

410 756 686 838 (illam?
729 756 948 838 ἐίπῴν·
989 775 1016 838 ,ι
1057 756 1248 838 ⁸Ῑζᾶοία
1298 756 1522 827 πικρία,
1560 761 1658 813 καὶ
1705 756 1909 833 θυμὸς,

404 824 508 886 καὶ
536 826 681 899 ὀργὴ
709 824 943 894 ἀρθήτω
970 827 1069 895 ἀφ’
1101 828 1285 897 ὑμῶν.
1325 848 1344 879 ›

935 939 1324 994 ΑΠΟΚΡΙΣΙΣ.

410 1027 566 1083 Κατὰ
592 1027 821 1098 μίμησιν
852 1029 948 1082 τοῦ
975 1031 1181 1102 Κυρίου
1215 1033 1418 1100 νομίζω
1442 1040 1534 1086 τὸν
1592 1035 1913 1089 Ἀπόστολον

339 1119 573 1174 ἐνταῦθα
603 1120 1074 1190 μετακεχειρίσθαι
1100 1122 1191 1175 τὸν
1209 1123 1384 1191 λόγον.
1404 1125 1613 1197 Ὥσπερ
1632 1127 1738 1198 γὰρ
1760 1129 1821 1181 ἐν
1834 1128 1911 1199 τῷ

338 1209 654 1281 Εὐαγγελίῳ
689 1211 717 1262 6
751 1212 956 1284 Κύριος
981 1214 1245 1285 πρότερον
1272 1214 1440 1269 εἰπών
1459 1233 1472 1246 ·
1524 1218 1755 1286 Ἐρῤέθη
1785 1219 1910 1285 τοῖς

337 1301 605 1369 ἀρχαίοις
645 1300 795 1366 τόδε,
845 1298 962 1355 εἶτα
1004 1304 1231 1372 ἐπάγει·
1283 1305 1423 1374 Ἐγὼ
1457 1306 1525 1359 δὲ
1569 1308 1725 1378 λέγω
1767 1309 1910 1378 ὑμῖν

336 1390 487 1447 τόδε·
542 1390 685 1448 οὕτω
735 1392 831 1445 καὶ
880 1394 1113 1447 ἐνταῦθα
1160 1397 1189 1447 6
1249 1397 1587 1462 Ἀπόστολος,
1644 1402 1908 1472 πρότερον

340 1479 717 1550 μνημονεύσας
738 1481 831 1535 τοῦ
856 1482 1087 1536 παλαιοῦ
1111 1485 1204 1537 καὶ
1224 1488 1335 1548 τοῖς
1362 1487 1481 1540 τότε
1503 1488 1757 1559 ῥηθέντος
1773 1490 1904 1562 (65),

351 1568 707 1639 Ὀργίζεσθε,
765 1575 861 1628 καὶ
906 1574 993 1643 μὴ
1041 1576 1423 1645 ἁμαρτάνετε,
1478 1580 1727 1651 ἐπιφέρει
1790 1583 1906 1653 μετ’

335 1661 490 1730 ὀλίγα
520 1664 580 1716 τὸ
614 1667 742 1736 παρ’
775 1664 970 1719 ἑαυτοῦ
1012 1670 1145 1737 ἡμῖν
1185 1667 1444 1739 ἁρμόζον,
1485 1671 1686 1724 εἰπών·
1734 1673 1908 1728 Πᾶσα

1468 336 1769 400 REGULE
1804 337 2107 394 BREVIUS
2142 337 2538 394 ΤΒΑΕΤΑΤιΕ

1940 468 1989 521 Α

3445 333 3589 387 ηισ

2286 460 2450 534 497
2486 457 3001 515 INTERROGATIO
3037 455 3303 513 eam".

2015 555 2155 622 Quid
2203 558 2305 610 sibi
2343 556 2453 610 tmlt
2493 556 2776 625 Apostolus
2798 594 2812 618 ,
2844 571 2962 625 cum
3004 554 3120 607 ait:
3150 570 3169 602 ι
3204 549 3505 625 Irascimini
3531 556 3582 602 et

2084 628 2245 681 nolite
2274 642 2487 695 peccare
2509 617 2645 679 {sol
2677 642 2777 677 non
2800 617 3016 695 occidat
3057 638 3213 695 super
3250 617 3583 695 iracundiam

2082 688 2309 751 vestram
2340 698 2385 728 “
2413 711 2428 748 :
2461 715 2480 749 ι
2510 713 2627 749 cum
2672 704 2840 748 tamen
2884 694 3019 747 idem
3063 688 3172 761 ipse
3217 691 3323 742 alio
3468 688 3582 761 loco

2083 770 2225 821 dicat
2252 784 2269 821 :
2302 787 2322 820 ι
2355 766 2539 821 Omnis
2570 764 2907 827 amaritudo,
2950 774 3003 817 et
3038 759 3155 828 ira,
3198 770 3247 814 et
3290 759 3582 829 indignatio

2080 840 2303 895 tollatur
2330 857 2361 891 a
2388 836 2531 892 vobis
2556 837 2599 866 ’⁷

2594 947 2995 1006 RESPONSIO.

2081 1051 2342 1106 Arbitror
2378 1046 2698 1117 Apostolum
2745 1040 2959 1097 Domini
2999 1036 3247 1105 exemplo
3275 1033 3349 1088 ita
3376 1032 3466 1087 hic
3500 1033 3583 1087 lo-

2012 1155 2201 1197 cutum
2227 1155 2372 1196 esse.
2408 1135 2874 1206 Quemadmodum
2901 1131 3046 1187 enim
3082 1129 3346 1183 Dominus
3372 1140 3495 1179 cum
3524 1124 3580 1178 in

2011 1232 2305 1305 Evangelia
2339 1238 2498 1285 antea
2528 1229 2795 1283 dixisset:
2827 1223 3036 1277 Dictum
3069 1228 3147 1274 est
3178 1217 3405 1287 antiquis
3440 1214 3542 1268 hoc
3562 1252 3577 1275 ,

2012 1302 2209 1380 deinde
2238 1320 2552 1390 subiungit:
2592 1316 2702 1389 Ego
2733 1324 2905 1369 autem
2935 1312 3052 1366 dico
3079 1308 3219 1363 vobis
3252 1307 3353 1360 hoc
3383 1304 3465 1358 ηε
3500 1302 3582 1357 sic

2008 1413 2310 1485 Apostolus
2338 1411 2502 1466 etiam
2535 1409 2639 1463 hoc
2686 1408 2840 1469 loco,
2884 1402 3091 1471 antiqui
3137 1399 3282 1453 illius
3323 1391 3579 1466 praecepti

2008 1505 2289 1559 veteribus
2318 1502 2425 1555 illis
2459 1500 2586 1554 olim
2618 1497 2766 1564 dati,
2799 1493 3102 1549 Irascimini
3126 1530 3140 1554 ,
3172 1498 3220 1542 et
3259 1487 3419 1541 nolite
3455 1499 3578 1552 pec-

2007 1614 2127 1652 care
2156 1598 2224 1660 ’9,
2262 1595 2403 1648 facta
2435 1593 2587 1662 prius
2619 1588 2927 1653 mentione,
2962 1584 3123 1655 paulo
3154 1585 3276 1650 post
3315 1577 3367 1630 id
3388 1618 3401 1643 ,
3434 1573 3577 1645 quod

2008 1690 2170 1745 nobis
2198 1684 2485 1747 convenit,
2526 1697 2558 1735 a
2603 1681 2788 1751 seipso
2828 1677 2992 1733 infert
3023 1677 3107 1730 his
3137 1670 3357 1727 verbis:
3393 1667 3579 1724 Omnis

332 1753 690 1866 attreplazxal
726 1757 930 1826 θυμὸς.
964 1758 1248 1829 καὶόργὴ,
1282 1761 1375 1813 καί
1416 1761 1643 1832 κραυγὴ
1674 1764 1903 1831 ἀρθήτω

2012 1779 2343 1843 amaritudo,
2371 1787 2420 1830 et
2461 1777 2574 1840 ira,
2604 1782 2653 1828 et
2686 1771 3007 1842 indignatio,
3038 1777 3086 1821 et
3129 1764 3329 1819 clamor
3359 1760 3581 1815 tollatur

335 1845 435 1914 ἀφ’
468 1846 651 1917 ὑμῶν.

841 2028 1175 2080 ΕΡΩΤΗΣΙΣ
1222 2032 1388 2082 ΣΜΔἎ

570 2116 630 2171 Τί
655 2117 783 2171 ἐστι
810 2119 897 2185 τὸ,
936 2138 953 2169 ι
990 2119 1131 2173 Δότε
1164 2121 1352 2174 τόπον
1375 2120 1452 2190 τῇ
1484 2121 1629 2192 ὀργῇ
1650 2164 1661 2173 .
1701 2142 1720 2173 ι

914 2232 1305 2289 ΑΠΟΚΡΙΣΙΣ.

406 2318 561 2370 Ἤτοι
606 2319 665 2371 τὸ
716 2321 788 2392 μὴ
832 2323 1145 2393 ἀντιστῆναι
1195 2325 1272 2395 τῷ
1306 2328 1547 2398 πονηρῷ,
1584 2330 1783 2392 καθὼςθ
1809 2332 1902 2398 γέ-

331 2424 595 2479 γραπται,
623 2410 757 2465 ἀλλά
788 2414 879 2466 καὶ
910 2414 987 2483 τῷ
1024 2415 1279 2469 τύπτοντι
1311 2419 1401 2470 ἐπὶ
1435 2421 1532 2490 τὴν
1565 2421 1744 2487 δεξιὰν
1780 2439 1900 2475 σια-

334 2500 465 2567 γόνα
498 2503 725 2573 στρέψαι
771 2506 863 2557 καὶ
899 2506 997 2577 τὴν
1038 2508 1149 2577 (66)
1192 2510 1381 2578 ἄλλην,
1428 2513 1520 2563 καὶ
1564 2514 1629 2565 τὰ
1675 2514 1832 2583 ἐξῆςο
1869 2515 1901 2585 ἢ

331 2594 415 2659 τὸ,
443 2592 629 2648 Ὅταν
650 2596 941 2651 διώκωσιν
963 2598 1119 2668 ὑμᾶς
1142 2601 1211 2653 ἐν
1232 2600 1305 2671 τῇ
1339 2604 1510 2656 πόλει
1532 2605 1739 2674 ταύτῃ,
1764 2609 1905 2674 φεύ-

334 2700 463 2753 τετε
490 2688 577 2752 εὶς
605 2687 719 2755 τὴν
750 2688 967 2757 ἄλλην.

845 2801 1177 2855 ΕΡΩΤΗΣῘΣ
1224 2805 1397 2863 ΣΜΕ’.

341 2892 435 2958 Τίς
459 2893 628 2947 ἐστιν
653 2897 685 2948 ό
712 2896 997 2983 φρόνιμος
1024 2899 1103 2963 ὡς
1129 2902 1160 2951 ό
1180 2900 1311 2967 ὄφις
1336 2900 1468 2983 67),
1501 2904 1599 2957 καί
1630 2904 1907 2973 ἀκέραιος

856 2970 935 3033 ὼς
968 2970 1004 3036 ἡ
1042 2972 1378 3038 περιστερά.

923 3076 1313 3136 ΑΠΟΚΡΙΣΙΣ.

2002 1895 2035 1931 a
2064 1874 2202 1930 vobis
2236 1871 2299 1924 ³⁸.

2378 1974 2894 2036 INTERROGATIO
2929 1969 3201 2028 CCXLlV.

2236 2078 2377 2144 Quid
2407 2084 2485 2130 est
2517 2074 2611 2127 hoc
2641 2089 2658 2125 :
2688 2090 2706 2122 ‹
2741 2069 2873 2122 Date
2904 2066 3073 2120 locum
3104 2065 3197 2116 ira:
3230 2061 3291 2112 ".
3325 2078 3345 2110 ι

2586 2180 2989 2239 RESPONSIO.

2075 2282 2191 2338 Hoc
2233 2293 2316 2337 est
2362 2289 2456 2335 aut
2506 2294 2617 2333 non
2670 2278 2927 2331 resistere
2970 2272 3144 2332 malo,
3189 2266 3267 2320 uti
3311 2262 3576 2332 scriptum

2004 2383 2088 2431 est
2113 2416 2150 2439 ,,
2176 2375 2268 2431 sed
2313 2382 2367 2427 et
2413 2369 2736 2443 percutienti
2772 2369 2824 2420 in
2854 2367 3137 2419 dexteram
3169 2358 3443 2414 maxillam
3480 2354 3579 2407 ob-

2004 2479 2219 2524 vertere
2252 2467 2415 2521 etiam
2443 2465 2668 2516 alteram
2702 2463 2768 2523 3",
2800 2467 2905 2512 etc.
2936 2476 2949 2511 :
2985 2464 3077 2509 aut
3111 2452 3242 2507 illud
3274 2470 3288 2505 :
3319 2450 3451 2505 Cum
3479 2463 3577 2500 au-

2006 2572 2105 2615 tem
2136 2558 2393 2629 persecuti
2426 2572 2515 2610 vos
2562 2554 2753 2623 fuerint
2800 2553 2851 2605 in
2892 2552 3099 2604 civitate
3139 2549 3276 2609 ista,
3322 2540 3483 2612 fugite
3523 2540 3579 2592 in

2007 2654 2170 2708 aliam
2201 2651 2261 2701 ³³.

2389 2784 2908 2843 ΙΝΤΕΒΒΟΒΑΤΙΟ
2949 2782 3198 2838 CCXLV.

2045 2877 2175 2956 Quis
2233 2888 2299 2941 sit
2359 2883 2586 2953 prudens
2638 2891 2702 2956 ut
2743 2896 2985 2956 serpens,
3036 2888 3084 2930 et
3136 2876 3356 2944 simplex
3410 2874 3541 2941 sicut

2623 2951 2863 3003 columba
2894 2949 2959 3002 ³⁸.

2591 3062 2993 3118 RESPONSIO.

415 3164 471 3218 '0
504 3166 764 3236 φρόνιμος
800 3166 897 3236 μὲν
928 3166 1002 3230 ὡς
1044 3169 1073 3220 6
1116 3169 1259 3239 ὄφις,
1293 3173 1321 3223 6
1365 3173 1501 3243 μετὰ
1531 3176 1903 3247 περισκέψεως

2078 3163 2328 3218 Prudens
2373 3159 2593 3231 quidem
2636 3166 2695 3212 ut
2736 3171 2962 3227 serpens
3004 3155 3052 3209 is
3092 3161 3211 3218 est,
3253 3151 3346 3223 qui
3383 3152 3438 3207 in
3482 3151 3581 3205 do-

335 3257 428 3311 καὶ
456 3258 833 3329 κατανοήσεως
856 3258 950 3311 τοῦ
982 3259 1208 3314 δυνατοῦ
1243 3262 1335 3315 καὶ
1380 3266 1477 3337 τῆς
1524 3243 1730 3330 εὐοδίας
1770 3243 1903 3340 πρὸς

2009 3259 2186 3312 ctrina
2227 3254 2491 3309 tradenda
2538 3253 2611 3306 ita
2640 3252 2713 3305 'se
2753 3249 2926 3319 gerit,
2956 3254 3018 3300 ut
3057 3245 3298 3300 adhibita
3341 3243 3579 3297 circum-

336 3348 643 3403 εὐπείθειαν
682 3351 791 3402 τῶν
830 3351 1137 3405 ἀκουόντων
1189 3354 1286 3425 τὴν
1317 3355 1663 3412 διδασκαλίαν
1702 3362 1905 3412 οἰκονο-

337 3438 453 3508 μῶν
477 3456 491 3473 ο
537 3439 792 3511 ἀκέραιος
810 3443 867 3496 δὲ
897 3443 972 3506 ὡς
1006 3444 1038 3514 ὴ
1089 3447 1409 3517 περιστερὰ,
1447 3450 1474 3500 6
1507 3451 1645 3519 μήτε
1698 3453 1776 3514 εἰς
1820 3451 1904 3503 ἕν-

334 3547 483 3584 νοιαν
514 3530 803 3602 λαμϐάνων
849 3534 943 3586 τοῦ
988 3535 1296 3606 ἀμύνασθαι
1338 3539 1428 3591 τὸν
1470 3541 1903 3609 ἐπιϐουλεύοντα,

333 3623 605 3693 ἐπιμένων
650 3625 706 3677 δὲ
739 3628 804 3696 τῇ
848 3627 1155 3697 εὐεργεσίᾳ,
1200 3629 1341 3682 κατὰ
1370 3631 1430 3686 τὸ
1474 3632 1576 3684 ὑπὸ
1606 3633 1699 3685 τοῦ
1746 3635 1908 3688 Ἀπο-

335 3714 521 3774 στόλου
548 3718 1036 3788 προστεταγμένον,
1063 3722 1142 3772 ὅτι
1180 3721 1375 3789 Ὑμεῖς
1402 3722 1469 3774 δὲ
1490 3724 1576 3792 μὴ
1603 3725 1908 3780 ἐκκακεῑτε

334 3808 825 3875 καλοποιοῦντες.
875 3810 998 3862 Ἐπὶ
1028 3810 1136 3882 γὰρ
1163 3811 1223 3864 τὸ
1256 3814 1519 3885 κήρυγμα
1560 3818 1685 3880 τοὺς
1734 3818 1907 3890 μαθη-

334 3897 430 3961 τὰς
458 3900 802 3953 ἀποστέλλων
838 3904 866 3954 6
903 3902 1123 3973 Κύριος,
1158 3903 1328 3957 ταῦτα
1358 3906 1541 3969 αὐτοῖς
1570 3908 1868 3962 ἐντέλλεται
1888 3927 1902 3941 °

333 3992 466 4044 ὅπου
496 3993 589 4045 καὶ
620 3994 810 4060 σοφίας
838 3989 906 4064 ἦν
936 3994 1090 4064 χρεία
1122 3996 1256 4065 πρὸς
1293 3996 1353 4048 τὸ
1380 4000 1582 4063 πεῖσαι,
1612 4000 1704 4052 καὶ
1730 4001 1905 4066 ἀνεξι-

334 4083 531 4147 κακίας
572 4084 708 4155 πρὸς
752 4086 879 4148 τοὺς
924 4086 1405 4151 ἐπιϐουλεύοντας·
1456 4090 1562 4155 ἵνα,
1595 4092 1671 4155 ὡς
1717 4094 1830 4146 ἐκεῖ
1876 4097 1905 4147 6

332 4175 455 4246 ϐφις
489 4175 629 4244 ἔγνω
675 4179 765 4231 καὶ
812 4177 1088 4250 προσώπῳ
1141 4180 1459 4249 προσελθεῖν
1511 4184 1905 4255 εὐαγωγοτέρῳ

335 4267 471 4336 (68),
500 4267 594 4320 καὶ
642 4268 883 4333 πιθανῶς
933 4270 1107 4323 εἰπεῖν
1157 4272 1237 4334 είς
1279 4271 1341 4323 τὸ
1384 4274 1688 4345 ἀποστῆσαι
1742 4276 1901 4339 Θεοῦ,

335 4361 429 4414 καὶ
472 4361 856 4429 ὑπαγαγέσθαι
884 4365 950 4432 τῇ
990 4362 1233 4434 ἁμαρτίᾳ.
1261 4378 1273 4392 ⁸
1300 4362 1442 4417 οὕτω
1483 4367 1577 4419 καὶ
1618 4369 1776 4437 ἡμεῖς
1811 4369 1903 4421 καὶ

332 4452 621 4523 πρόσωπον
647 4452 740 4508 καὶ
772 4455 971 4525 τρόπον
1013 4455 1107 4507 καὶ
1132 4456 1322 4526 καιρὸν
1349 4456 1456 4528 (69)
1494 4457 1894 4529 ἐπιλεγώμεθα,

2008 3350 2321 3418 spectione,
2374 3342 2962 3410 considerationeque,
3016 3353 3121 3408 qua
3180 3336 3392 3389 ratione
3434 3333 3579 3404 quod

2006 3439 2165 3493 docet
2194 3449 2247 3492 et
2276 3438 2391 3493 ﬁeri
2415 3477 2428 3500 ,
2463 3443 2516 3491 et
2560 3435 2722 3488 facile
2756 3433 2869 3487 fieri
2912 3431 3117 3501 possit,
3150 3429 3333 3481 omnia
3379 3426 3577 3493 faciat,

2007 3538 2065 3584 ut
2094 3529 2432 3584 audientium
2463 3527 2676 3580 animos
2706 3525 2771 3577 ad
2800 3521 3221 3577 auscultandum
3255 3518 3450 3573 habeat
3480 3532 3580 3586 pa-

2005 3632 2177 3678 ratos.
2226 3621 2470 3690 Simplex
2516 3633 2646 3672 vero
2698 3624 2759 3670 ut
2802 3615 3089 3675 columba,
3134 3612 3225 3681 qui
3267 3626 3335 3663 ne
3376 3609 3581 3678 cogitat

2006 3716 2225 3785 quidem
2257 3714 2323 3767 de
2353 3712 2670 3767 insidiatore
2700 3706 3021 3761 ulciscendo
3044 3745 3057 3768 ,
3092 3703 3383 3773 potiusque
3412 3701 3579 3754 bene-

2008 3807 2130 3862 ﬁcia
2173 3808 2229 3860 in
2275 3806 2427 3858 illum
2470 3800 2723 3856 conferre
2770 3799 2986 3868 pergit,
3032 3796 3188 3866 juxta
3246 3798 3575 3863 praeceptum

2005 3900 2252 3971 Apostoli
2280 3917 2291 3951 :
2331 3897 2433 3951 Vas
2468 3905 2639 3949 autem
2668 3891 2827 3946 nolite
2857 3888 3075 3958 deﬁcere
3106 3884 3478 3953 benefacientes
3506 3880 3575 3936 ³⁸.

2007 3991 2269 4047 Dominus
2315 3989 2482 4051 enim,
2534 3987 2756 4040 mittens
2802 3979 3107 4050 discipulos
3156 3976 3224 4031 ad
3268 3973 3575 4046 praedican-

2006 4086 2136 4141 dum
2157 4123 2173 4149 ,
2202 4085 2317 4138 htec
2350 4081 2484 4151 ipsis
2511 4076 2855 4149 praescribit;
2887 4072 2982 4127 ubi
3024 4081 3079 4126 et
3122 4068 3391 4140 sapientia
3436 4081 3577 4138 opus

2004 4187 2123 4235 erat
2162 4178 2229 4232 ad
2274 4172 2745 4246 persuadendum,
2791 4176 2845 4223 et
2886 4165 3148 4237 patientia
3189 4178 3316 4233 erga
3348 4162 3578 4216 insidia-

2004 4280 2186 4326 tores:
2212 4276 2270 4323 ιιι
2295 4263 2755 4338 quemadmodum
2780 4260 2895 4314 illic
2920 4259 3074 4312 novit
3102 4270 3329 4325 serpens
3349 4261 3402 4310 et
3422 4255 3577 4307 vultu

2004 4361 2293 4418 blandiore
2321 4358 2583 4413 accedere
2603 4393 2620 4421 ,
2653 4360 2707 4409 et
2732 4351 2896 4407 modo
2922 4348 3174 4405 suasorio
3200 4346 3380 4416 loqui,
3405 4358 3516 4415 quo
3544 4358 3575 4396 ιι

2006 4454 2115 4509 Deo
2161 4450 2490 4513 abduceret,
2519 4455 2575 4503 et
2620 4445 2955 4513 manciparet
2981 4446 3204 4510 peccato
3235 4438 3316 4500 ³⁶;
3363 4436 3435 4488 ita
3474 4448 3576 4488 nos

330 4543 426 4603 καὶ
463 4546 625 4605 παντὶ
657 4545 841 4617 τρόπῳ
868 4546 996 4609 τοὺς
1031 4545 1223 4613 λόγους
1265 4548 1637 4618 οίκονομῶμεν
1684 4552 1740 4603 ὲν
1776 4552 1897 4623 κρί-

2007 4560 2224 4617 quoque
2250 4550 2303 4598 et
2332 4542 2531 4596 faciem
2559 4546 2614 4593 et
2643 4551 2825 4592 mores
2856 4541 2911 4588 et
2938 4540 3154 4600 tempus
3195 4540 3537 4582 assumamus
3555 4564 3572 4589 ,

328 4655 433 4702 σει,
488 4636 623 4708 πρὸς
669 4638 731 4689 τὸ
777 4638 1081 4708 ἀποστῆσαι
1121 4638 1220 4707 τῆς
1262 4640 1553 4712 ἁμαρτίας,
1605 4644 1696 4695 καὶ
1730 4645 1898 4697 ἐπαν-

326 4729 552 4796 αγαγεῖν
611 4728 747 4797 πρὸς
796 4727 959 4780 Θεόν’
1001 4728 1099 4798 τὴν
1131 4727 1187 4780 δέ
1241 4745 1302 4795 γε
1354 4731 1632 4802 ὑπομονὴν
1688 4735 1745 4785 ἐν
1781 4738 1893 4798 τοῖς

327 4823 650 4892 πειρασμοῖς
697 4818 1129 4891 κατορθώσωμεν
1187 4822 1266 4884 είς
1321 4821 1506 4889 τέλος,
1567 4824 1748 4888 καθὼς
1807 4827 1899 4897 γέ-

326 4930 587 4986 γραπται.

2006 4650 2060 4694 et
2084 4636 2338 4692 omnibus
2365 4633 2543 4688 modis
2578 4642 2865 4686 sermones
2894 4632 3112 4679 nostros
3137 4622 3192 4674 in
3224 4617 3431 4688 judicio
3459 4617 3572 4669 dis-

2005 4743 2297 4800 pensemus
2326 4727 2393 4790 ³⁷,
2438 4732 2502 4779 ut
2543 4723 2878 4777 abducamus
2917 4732 3020 4770 nos
3063 4730 3092 4768 a
3137 4718 3393 4783 peccato,
3423 4716 3476 4763 et
3504 4707 3570 4761 ad

2005 4822 2174 4876 Deum
2205 4820 2560 4875 reducamus.
2590 4814 2862 4869 Caeterum
2896 4808 2962 4861 ad
2997 4808 3157 4861 tinem
3189 4817 3363 4872 usque
3389 4815 3572 4855 serve-

2005 4932 2130 4971 mus
2149 4913 2465 4985 patientiam
2479 4909 2535 4963 in
2548 4902 2963 4967 tentationibus,
2978 4899 3125 4953 velut
3139 4895 3399 4965 scriptum
3418 4890 3571 4946 est”.

395 5054 441 5085 "
473 5054 679 5130 Ephes:
713 5051 900 5130 iyﬂti.
975 5052 1326 5130 "ibid.§_l.__
1357 5054 1684 5130 “_Matlh.v,
1722 5062 1809 5123 2|,
1847 5061 1917 5115 22
1944 5070 2200 5130 ειεειια.
2250 5055 2475 5130 ’ξ’ίῐξειιι.
2517 5070 2589 5119 tv,
2620 5052 2673 5105 5.
2736 5051 2795 5130 f3
2816 5047 3016 5130 Ephesi;
3049 5056 3122 5106 IV,
3158 5041 3276 5130 Sl.‘
3325 5036 3368 5130 ’1
3411 5034 3567 5089 Rom.

325 5141 425 5186 ιιι,
464 5124 552 5178 19.
630 5124 675 5157 ⁸³
713 5123 903 5176 Matth.
943 5138 995 5181 ν,
1031 5123 1119 5176 59.

327 5196 371 5226 ³⁷
410 5194 555 5249 Psal.
592 5209 715 5256 cxr,
753 5194 805 5247 5.
882 5194 926 5224 ³⁸
968 5191 1158 5246 Matth.
1196 5209 1342 5259 xxiv,
1382 5195 1468 5248 15.

397 5329 511 5397 (64)
540 5328 674 5399 Reg.
705 5330 913 5399 primus
948 5328 1194 5397 βούλεται
1219 5329 1398 5397 λέγειν
1426 5330 1473 5382 6.

395 5401 507 5471 (65)
543 5397 825 5471 Unus—ms.
855 5415 979 5471 eum
1012 5399 1170 5453 Voss.
1204 5399 1424 5471 καὶτῶν
1447 5398 1568 5451 τότε
1596 5397 1886 5467 ῥηθέντων.

324 5469 506 5525 Codex
539 5469 783 5540 gombel'.
814 5470 906 5522 καὶ
936 5472 1046 5533 τοῖς
1079 5471 1198 5523 τότε
1227 5469 1489 5540 ῥηθεῖσιν.

398 5541 515 5622 (66)
536 5538 671 5622 ἷξες.
703 5540 915 5622 primus
943 5540 1016 5609 τῷ
1049 5538 1303 5593 τύπτοντί
1333 5538 1716 5606 σε...σιαγόνα,
1740 5539 1893 5609 στρέ-

322 5609 425 5679 ψον
458 5609 604 5680 αὐτῷ
635 5612 727 5663 καὶ
754 5611 877 5680 τήν.

398 5680 512 5752 (67)
544 5663 721 5735 Χθοεεὶῑ
746 5663 907 5752 ye'tns
938 5679 1072 5752 liber
1103 5679 1309 5752 etReg.
1340 5679 1546 5748 primus
1574 5681 1622 5731 οί
1646 5679 1816 5752 ὄφεις,
1841 5686 1893 5733 et

328 5750 624 5825 paulo‘post
650 5752 702 5807 in
728 5750 950 5823 duobus
969 5750 1053 5804 his
1071 5750 1352 5805 codicibus
1375 5752 1447 5803 ita
1468 5766 1658 5805 rursus
1676 5750 1890 5818 legitur.

1195 5125 1237 5153 εδ
1279 5122 1468 5178 Matth.
1507 5145 1569 5191 χ,
1606 5122 1698 5189 23.
1774 5122 1817 5163 ³³
1858 5133 1988 5186 ibid.
2026 5122 2111 5184 to:

2190 5129 2234 5159 ³⁵
2276 5128 2317 5181 ll
2352 5108 2545 5181 'l‘hcss.
2578 5108 2645 5176 ἰιι
2670 5161 2683 5185 ,
2730 5121 2815 5174 15.
2859 5108 2940 5149 ’π
2979 5116 3176 5170 Genes.
3218 5120 3309 5175 ut,
3347 5108 3373 5160 1
3413 5121 3568 5177 seqq.

2072 5328 2184 5397 (68)
2217 5326 2348 5397 Reg.
2386 5326 2595 5397 primus
2635 5323 2872 5379 secunda
2915 5336 3078 5374 manu
3124 5315 3435 5389 προσελθεῖν
3479 5315 3569 5368 εὐ-

1995 5416 2177 5467 αγωγε
2185 5400 2273 5450 στέ
2280 5417 2376 5468 ρῳ.

2070 5454 2180 5538 (69)
2208 5454 2428 5538 Antiqui
2457 5464 2630 5519 nostri
2660 5463 2781 5538 libri
2819 5463 3106 5534 πρόσωπον
3133 5461 3225 5538 καὶ
3245 5457 3445 5538 τρόπον
3466 5454 3560 5538 κα).

2000 5527 2211 5609 καιρόν.
2244 5527 2485 5604 νυιὲθιω
2516 5544 2626 5589 tres
2657 5527 2923 5588 editiones
2966 5548 3064 5602 pro
3111 5527 3307 5601 τρόπον
3360 5527 3561 5580 habent

2000 5610 2180 5660 τόπον.
2210 5605 2320 5660 Nec
2353 5609 2425 5659 ita
2456 5606 2625 5659 multo
2668 5602 2826 5660 infra.
2864 5604 2956 5657 ubi
3005 5603 3057 5655 in
3106 5600 3336 5660 vulgatis
3387 5597 3565 5648 tribus

1996 5610 2180 5664 τόπον.
2210 5610 2320 5661 Nec
2353 5610 2425 5659 ita
2456 5610 2625 5659 multo
2668 5610 2826 5663 infra,
2864 5610 2956 5657 ubi
3005 5610 3057 5655 in
3106 5610 3336 5667 vulgatis
3387 5610 3563 5648 tribus

2002 5678 2332 5733 editionibus
2366 5677 2553 5748 legitur
2600 5672 2924 5748 ἀποστῆναι,
2972 5673 3024 5748 in
3058 5666 3331 5726 veteribus
3362 5667 3563 5721 nostris

2001 5749 2157 5805 libris
2188 5742 2449 5816 scripturn
2487 5742 3140 5802 ἱιιτεηὶιηιιςὰποστῆσαι.
