4064 6238
348 324 490 380 1249

1474 322 1782 387 REGULAS
1824 327 2123 385 BREVIUS
2161 326 2583 386 'l‘RACTATJE.

3474 330 3613 395 1230

346 438 435 493 ινα
474 440 532 491 έν
578 440 757 493 σκότει
806 441 1000 514 διάγῃ,
1056 446 1149 498 καὶ
1191 447 1266 518 μὴ
1311 447 1629 503 ἀναϐλέπων
1680 450 1767 503 ἵνα
1816 467 1917 518 φω-

2033 446 2274 500 tenebris
2318 448 2500 518 degat,
2534 464 2712 518 neque
2764 463 2985 505 sursum
3038 448 3270 520 aspiciat
3310 457 3370 506 ut
3419 452 3617 509 illumi-

345 531 527 603 τισθῇ.

873 649 1205 704 ΕΡΩΤΗΣΙΣ
1245 653 1398 706 ΣΜΘ¹
1409 696 1421 708 .

425 736 486 789 Τί
516 738 646 790 ἐστι
674 738 741 792 τὸ
771 738 964 806 ὅσιον,
992 742 1089 795 καὶ
1125 744 1181 796 τί
1207 744 1337 798 ἐστι
1367 745 1433 798 τὸ
1464 742 1694 799 δίκαιον
1721 744 1853 816 (73).

938 856 1334 912 ΔΠΟΚΡΙΣΙΣ.

422 942 608 996 ὐσιον
649 944 747 1015 μὲν
781 940 919 998 εἶναι
964 947 1249 1020 λογίζομαι
1290 950 1352 1002 τὸ
1388 950 1617 1022 πρέπον,
1654 951 1749 1003 καὶ
1783 952 1931 1019 όφει-

348 1031 573 1101 λόμενον
621 1033 771 1105 παρὰ
826 1035 937 1088 τῶν
989 1037 1408 1109 ὑποϐεϐηκότων
1457 1040 1536 1110 τῷ
1584 1039 1927 1110 ὑπερέχοντι,

349 1126 489 1178 κατὰ
511 1125 601 1178 τὸν
628 1127 727 1197 τῆς
756 1126 1027 1197 ὑπεροχῆς
1079 1128 1268 1198 λόγον·
1328 1131 1534 1184 δίκαιον
1586 1130 1642 1184 δὲ
1688 1130 1751 1183 τὸ
1793 1132 1929 1203 πρὸς

347 1218 505 1284 ἀξίαν
533 1218 641 1272 τῶν
670 1218 845 1290 ἔργων
869 1221 1083 1291 ἑκάστῳ
1118 1222 1520 1293 ἀποδιδόμενον.
1547 1224 1658 1276 Καὶ
1692 1223 1786 1276 ἐπὶ
1812 1223 1926 1294 (76)

346 1310 440 1363 τοῦ
493 1310 592 1381 μὲν
649 1312 796 1364 ὁσίου
850 1313 958 1366 τῶν
1001 1313 1302 1367 καλλίστων
1355 1316 1513 1384 μόνον
1553 1314 1700 1368 ἐστὶν
1750 1317 1783 1386 ἡ
1835 1315 1925 1366 εὐ-

347 1400 670 1472 γνωμοσύνη
704 1405 796 1455 καὶ
829 1404 1084 1468 ἀπόδοσις
1106 1422 1117 1435 ·
1163 1405 1257 1457 ἐπὶ
1295 1406 1350 1458 δὲ
1388 1405 1481 1458 τοῦ
1513 1405 1723 1459 δικαίου
1768 1408 1921 1477 καὶὴ

343 1493 454 1547 τῶν
479 1494 660 1548 κακῶν
684 1494 973 1567 δοκιμασία
1002 1498 1092 1549 καὶ
1116 1498 1487 1561 ἁνταπόδοσις.

886 1699 1221 1752 ΕΡΩΤΗΣΙΣ
1245 1700 1370 1755 ΣΝ’.

2035 548 2215 594 netur.

2413 650 2931 707 INTERROGATIO
2964 654 3238 711 CCXLIX.

2240 742 2385 806 Quid
2410 753 2485 796 est
2519 744 2813 808 honestum,
2842 754 2889 797 et
2918 745 3043 819 quid
3070 756 3147 799 est
3169 747 3396 816 justum.

2619 856 3020 913 RESPONSIO.

2104 943 2407 1001 Honestum
2449 950 2668 1018 quidem
2706 951 2759 1004 id
2794 968 2917 1007 esse
2954 961 3107 1022 puto,
3140 953 3286 1021 quod
3335 954 3514 1015 decet,
3555 961 3609 1005 et

2031 1039 2179 1108 quod
2217 1040 2447 1094 debetur
2492 1043 2559 1097 ab
2609 1043 2966 1099 inferioribus
3015 1046 3311 1113 superiori,
3356 1061 3421 1099 ex
3466 1061 3606 1115 prte-

2031 1132 2246 1185 stantiae
2300 1133 2544 1200 ratione;
2582 1133 2792 1202 justum
2845 1151 2992 1199 vero,
3044 1137 3189 1205 quod
3234 1152 3332 1205 pro
3379 1153 3606 1205 operum

2030 1222 2227 1276 merito
2261 1230 2425 1292 atque
2451 1223 2718 1294 dignitate
2753 1226 2986 1294 singulis
3013 1227 3283 1281 redditur.
3331 1226 3394 1279 Et
3424 1230 3477 1281 in
3508 1229 3607 1281 ho-

2029 1322 2187 1368 nesto
2215 1313 2458 1384 quidem,
2496 1317 2703 1386 optima
2733 1334 2963 1388 qumque
3009 1320 3391 1373 tantummodo
3424 1321 3609 1373 animo

2031 1418 2187 1476 grato
2217 1410 2279 1461 in
2312 1410 2631 1463 memoriam
2659 1420 3007 1477 revocantur,
3044 1422 3098 1465 et
3134 1421 3557 1482 compensanlur
3591 1431 3605 1466 :

2029 1497 2124 1551 sed
2162 1499 2216 1550 in
2248 1515 2313 1553 eo
2340 1500 2483 1568 quod
2506 1500 2718 1568 justum
2752 1509 2856 1565 est,
2892 1502 3033 1554 mala
3056 1517 3274 1571 quoque
3295 1503 3608 1555 examinan-

2029 1597 2118 1643 tur
2150 1606 2212 1644 ac
2237 1592 2561 1661 puniuntur.

2450 1705 2972 1763 INTERROGATIO
3024 1707 3178 1764 CCL.

343 1786 477 1875 1164c
502 1787 714 1875 δίδωσί
747 1807 838 1856 τις
871 1791 937 1844 τό
963 1792 1157 1875 'értor-
1173 1793 1285 1864 (77)
1318 1793 1444 1875 τοῖς
1477 1794 1680 1875 κυσὶν,
1705 1796 1917 1875 medu-

2026 1797 2437 1875 Quomododat
2480 1802 2596 1869 quis
2655 1812 2899 1855 sanctum
2952 1800 3194 1875 canibus,
3247 1808 3339 1853 aut
3391 1800 3605 1875 projicit

413 1862 506 1938 λει
538 1858 686 1938 τοὺς
713 1858 1083 1938 μαργαρίτας
1117 1858 1467 1938 ,ἔμπροσθεν
1512 1866 1630 1919 τῶν
1663 1858 1882 1938 χοίρων
1903 1886 1916 1898 ·

414 1930 453 1995 ἢ
480 1930 605 1994 πῶς
637 1934 951 2006 συμϐαίνει
992 1934 1057 1986 τὸ
1104 1930 1536 2005 ἐπιφερόμενον
1557 1952 1570 1966 °
1622 1958 1639 1990 ι
1663 1930 1923 2006 ’Μήποτε

414 2002 923 2077 καταπατήσωσιν
947 2006 1171 2077 αὐτοὺς
1210 2002 1287 2058 ἐν’
1318 2002 1443 2077 τοῖς
1471 2008 1658 2063 ποσὶν
1700 2002 1918 2077 αὐτῶν,

411 2072 509 2123 καί
538 2072 907 2142 στραφέντες
924 2075 1201 2143 ῥήξωσιν
1222 2075 1399 2147 ὑμᾶς.
1420 2072 1429 2073 ί
1448 2097 1467 2130 ι

940 2188 1333 2243 ΔΠΟΚΡΙΣΙΣ.

410 2274 605 2345 Σαφῶς
644 2278 777 2347 ἡμῖν
820 2278 1186 2350 παραδίδωσιν
1229 2282 1257 2332 ό
1306 2280 1627 2346 Ἀπόστολος
1672 2283 1787 2353 τοῖς
1829 2284 1920 2336 ὑπ’

333 2369 504 2422 αὐτοῦ
533 2370 844 2442 εἰρημένοις
890 2372 1030 2443 πρὸς
1071 2373 1199 2436 τοὺς
1258 2373 1543 2437 Ἰουδαίους
1586 2373 1918 2445 ἐπενεγκὼν,

336 2461 419 2514 ὅτι
448 2463 545 2529 Ὃς
574 2463 644 2516 ἐν
673 2465 834 2533 νόμῳ
878 2464 1203 2535 καυχᾶσαι,
1249 2464 1345 2520 διὰ
1392 2467 1503 2535 τῆς
1531 2467 1921 2536 παραϐάσεως

336 2554 446 2610 τοῦ
476 2557 665 2625 νόμου
698 2557 804 2610 τὸν
841 2557 989 2612 Θεὸν
1018 2557 1336 2628 ἀτιμάζεις.
1382 2558 1493 2631 Τὴν
1537 2556 1629 2614 οὖν
1664 2561 1918 2630 ἀτιμίαν,

334 2648 405 2719 ῆν
452 2648 540 2702 διὰ
592 2649 692 2720 τῆς
752 2649 1117 2722 παραϐάσεως
1173 2650 1517 2721 ἀτιμάζομεν
1572 2652 1698 2715 τοὺς
1732 2652 1921 2721 ἁγίους

332 2742 431 2796 ’τοῦ
479 2742 679 2815 Κυρίου
712 2743 925 2812 λόγους,
958 2742 1193 2797 ἐνταῦθα
1224 2747 1252 2797 ὁ
1282 2744 1486 2815 Κύριος
1519 2745 1916 2816 ἀπηγόρευσεν.

349 2837 466 2907 Ἀφ’
509 2831 576 2908 ἦς
617 2837 979 2909 παραϐάσεως
1027 2837 1315 2908 συμϐαίνει
1360 2838 1453 2891 καὶ
1499 2839 1626 2903 τοὺς
1670 2837 1776 2906 ἔξω
1820 2838 1920 2909 τῆς

335 2926 573 2991 πίστεως
616 2928 733 2997 ἆμα
787 2945 847 2981 τε
904 2928 1360 3000 εὐκαταφρόνητα
1412 2927 1664 3000 ἡγεῖσθαι
1706 2928 1777 2981 τά
1822 2926 1917 2981 τοῦ

337 3020 545 3090 Κυρίου
595 3018 918 3089 διδάγματα,
965 3020 1058 3073 καὶ
1096 3021 1190 3074 ἀπ’
1239 3019 1417 3074 αὐτῶν
1461 3019 1684 3073 ἐκείνων
1723 3018 1922 3090 θρασύ-

2095 1872 2417 1940 margaritas
2445 1882 2566 1925 ante
2591 1887 2776 1940 porcos
2802 1886 2818 1922 :
2847 1881 2938 1923 aut
2969 1870 3227 1939 quomodo
3271 1872 3521 1939 contingit
3551 1870 3605 1921 id

2096 1943 2235 2011 quod
2276 1942 2513 2009 sequitur
2538 1956 2556 1993 :
2586 1961 2603 1992 ι
2639 1941 2720 1995 Ne
2746 1942 2880 2009 forte
2910 1942 3211 1994 conculcent
3255 1958 3344 1995 eas
3387 1940 3603 2011 pedibus

2094 2013 2226 2077 suis,
2251 2021 2299 2066 et
2336 2013 2572 2065 conversi
2598 2013 2907 2081 dirumpunt
2937 2028 3024 2065 vos
3049 2012 3115 2066 ⁸³.
3149 2031 3168 2064 ι

2603 2187 3012 2244 RESPONSIO.

2093 2279 2294 2348 Aperte
2318 2278 2424 2333 hoc
2456 2280 2617 2335 nobis
2641 2282 2878 2351 explicat
2900 2281 3217 2352 Apostolus,
3251 2282 3344 2352 qui
3368 2281 3458 2346 iis,
3483 2295 3606 2351 quae

2024 2370 2142 2441 ipse
2175 2373 2443 2429 adversus
2492 2371 2712 2429 Iudaeos
2743 2373 2981 2439 dixerat,
3029 2374 3217 2429 addit:
3252 2376 3357 2441 Qui
3405 2376 3460 2428 in
3496 2375 3605 2445 lege

2020 2466 2292 2537 gloriaris,
2332 2484 2424 2537 per
2464 2470 2956 2538 prwvaricatianem
2998 2470 3125 2540 legis
3172 2468 3341 2524 Deum
3380 2468 3606 2523 inhono-

2022 2578 2111 2617 ra:
2135 2563 2199 2615 “.
2235 2562 2423 2634 itaque
2453 2565 2867 2629 contumeliam,
2913 2582 3020 2635 qua
3053 2565 3321 2621 allicimus
3376 2573 3603 2620 sanctos

2022 2650 2237 2705 Domini
2286 2668 2573 2710 sermones
2619 2670 2717 2725 per
2766 2656 2903 2727 legis
2936 2656 3315 2720 violationem,
3348 2655 3455 2710 hoc
3481 2655 3604 2709 loco

2023 2742 2303 2813 prohibuit
2356 2743 2643 2801 Dominus.
2704 2744 2785 2801 Ex
2838 2762 2946 2817 qua
3004 2748 3301 2802 violatione
3356 2748 3605 2817 sequitur

2021 2833 2213 2898 etiam,
2246 2841 2307 2888 ut
2358 2834 2418 2898 ii,
2451 2838 2545 2904 qui
2574 2836 2738 2890 alieni
2791 2844 2920 2891 sunt
2962 2851 2993 2891 a
3026 2837 3149 2901 ﬁde,
3186 2837 3348 2892 simul
3388 2845 3442 2890 et
3470 2851 3603 2891 con-

2023 2925 2315 2980 temnenda
2360 2926 2564 2981 ducant
2596 2927 2813 2981 Domini
2839 2927 3118 2997 dogmata,
3150 2936 3204 2982 et
3251 2929 3321 2983 ob
3361 2928 3453 2982 illa
3484 2928 3602 2998 ipsa

2024 3018 2255 3072 audacia
2290 3019 2503 3088 majore
2535 3020 2825 3090 insurgant
2860 3020 3155 3075 adversum
3207 3034 3329 3084 nos,
3377 3033 3431 3075 et
3465 3034 3601 3074 con-

333 3131 492 3185 τερον
541 3116 671 3185 ἡμῖν
726 3112 1131 3184 ἐπεγείρεσθαι,
1186 3112 1281 3166 καὶ
1323 3112 1487 3167 οἱονεὶ
1540 3113 1763 3184 ῥήσσειν
1808 3112 1917 3175 τοῖς

2024 3108 2186 3165 viciis
2229 3117 2395 3179 atque
2440 3112 2892 3168 accusationibus
2939 3111 3259 3167 violatorem
3299 3112 3464 3167 veluti
3490 3114 3603 3170 diae

332 3205 652 3275 ὀνειδισμοῖς
681 3206 774 3259 καὶ
805 3206 918 3268 τοῖς
947 3204 1188 3275 ἐλέγχοις
1209 3204 1300 3258 τὸν
1324 3202 1754 3276 παραϐαίνοντα.

860 3320 1196 3374 ΕΡΩΤΗΣΙΣ
1223 3318 1391 3372 ΣΝΑθ.

329 3409 468 3478 Πῶς
510 3411 656 3481 ποτὲ
691 3410 809 3481 μὲν
849 3410 1205 3481 ἀπαγορεύει
1233 3412 1279 3481 ,ὁ
1334 3410 1548 3481 Κύριρς
1594 3407 1923 3481 βαστάξεςν

398 3476 736 3547 ,βαλάντιον
775 3476 880 3535 καί
917 3476 1119 3550 πήραν
1163 3479 1277 3550 (78)
1318 3476 1428 3545 eici
1454 3478 1619 3550 ὁδὸν,
1660 3479 1921 3550 ποτὲίόὲ

404 3552 596 3621 λέγει’
645 3571 663 3604 ι
714 3553 891 3606 Ἀλλὰ
922 3552 1038 3606 νῦν
1081 3555 1114 3605 ό

411 3620 627 3691 ὁμοίως
650 3623 747 3676 καὶ
786 3622 987 3690 πήραν
1005 3642 1016 3654 -
1047 3622 1144 3674 καὶ
1182 3626 1213 3675 ό
1234 3620 1319 3689 μὴ
1348 3620 1528 3687 ἔχων,
1582 3620 1919 3691 πωλησάτω

407 3690 475 3747 τό
500 3693 730 3763 ἱμάτιον
759 3692 969 3758 αὑτοῦ,
1010 3692 1105 3745 καὶ
1141 3691 1491 3761 ἀγορασάτω
1518 3690 1837 3760 μάχαιραν.
1894 3710 1912 3742 ι

930 3808 1320 3860 ΑΠΟΚΡΙΣΙΣ.

404 3901 578 3955 Τοῦτο
621 3900 904 3973 σαφηνίζει
957 3900 1120 3963 αὐτὸς
1161 3901 1188 3952 ὁ
1231 3899 1439 3966 Κύριος
1470 3899 1643 3953 είπὼν
1680 3900 1783 3964 ὅτι,
1825 3900 1925 3953 Δεῖ

333 3996 448 4065 γὰρ
473 3993 561 4047 ἐτι
587 3994 763 4047 τοῦτο
801 3991 1157 4060 τελεσθῆναι
1189 3993 1260 4045 ὲν
1311 3992 1440 4062 ἐμοὶ
1482 3991 1571 4055 τὸ,
1628 3992 1735 4045 Καὶ
1767 3994 1918 4060 μετά

330 4090 575 4157 ἀνόμων
601 4087 887 4158 ἐλογίσθη
929 4086 1062 4157 (79).
1103 4085 1309 4137 Αὐτίκα
1352 4084 1461 4156 γὰρ
1509 4083 1647 4154 μετὰ
1686 4082 1747 4135 τὸ
1781 4082 1916 4153 πλη-

338 4178 579 4249 ρωθῆναι
609 4177 706 4250 τὴν
735 4177 865 4248 περὶ
902 4178 1001 4247 τῆς
1053 4176 1327 4247 μαχαίρας
1373 4174 1714 4246 προφητείαν
1768 4173 1915 4241 λέγει

333 4270 415 4341 τῷ
458 4271 675 4343 Πέτρῳ·
737 4271 1139 4338 Ἀπόστρεψον
1174 4268 1289 4336 τὴν
1326 4266 1631 4338 μάχαιράν
1672 4282 1788 4321 σου
1831 4268 1916 4332 είς

336 4365 446 4418 τὸν
477 4366 664 4418 τόπον
694 4363 917 4432 αὐτῆς·
960 4363 1182 4428 πάντες
1228 4362 1337 4431 γὰρ
1378 4364 1431 4415 oi
1483 4361 1773 4426 λαϐόντες
1803 4359 1916 4428 μά-

1186 3568 1310 3620 χων
1337 3549 1675 3614 ,ϐαλάντιον
1726 3549 1920 3618 ἀράτω

2026 3210 2303 3272 rumpant.

2438 3313 2643 3369 INTER
2653 3314 2958 3371 ROGATIO
3004 3315 3182 3372 ϐου.

2024 3405 2301 3474 Quomodo
2344 3397 2612 3461 'Dominus
2652 3407 2918 3460 interdum
2970 3416 3109 3460 vetat
3148 3416 3365 3475 portare
3412 3422 3602 3463 saccu-

2095 3478 2205 3531 lum
2231 3488 2283 3532 et
2308 3493 2489 3546 peram
2510 3479 2566 3531 in
2594 3478 2677 3531 via
2703 3478 2787 3540 ⁸⁵;
2815 3477 3081 3531 interdum
3106 3494 3225 3531 vero
3246 3479 3376 3532 dicit
3399 3494 3419 3531 :
3448 3498 3466 3529 ι
3497 3476 3602 3535 Sed

2095 3565 2253 3613 nunc,
2280 3550 2369 3618 qui
2398 3549 2550 3601 habet
2601 3548 2870 3618 sacculum
2907 3548 3082 3610 tollat,
3140 3548 3387 3603 similiter
3429 3558 3481 3602 et
3510 3566 3603 3617 ρει

2094 3636 2211 3672 ram
2243 3632 2262 3671 :
2292 3616 2342 3671 et
2384 3620 2473 3687 qui
2519 3634 2620 3670 non
2670 3616 2845 3681 habet,
2908 3618 3095 3671 vendat
3144 3619 3378 3671 tunicam
3421 3616 3596 3684 suam,

2092 3699 2141 3742 et
2168 3700 2305 3742 entat
2336 3689 2572 3759 gladium
2594 3688 2660 3741 ⁵⁸.
2696 3708 2713 3738 ι

2553 3800 2960 3856 RESPONSIO.

2090 3896 2203 3950 lloc
2238 3896 2496 3969 explanat
2526 3895 2792 3951 Dominus
2824 3899 2938 3968 ipse
2976 3896 3061 3953 his
3104 3896 3287 3951 verbis
3308 3896 3354 3927 "
3381 3915 3392 3926 ·
3425 3895 3599 3963 Opor-

2020 4000 2090 4044 tet
2116 3992 2253 4044 enim
2287 3990 2458 4042 adhuc
2492 3990 2543 4041 in
2586 4005 2666 4042 me
2696 3990 2904 4058 impleri
2941 3990 3077 4043 illud
3105 4005 3123 4042 :
3155 3987 3223 4041 Et
3253 4005 3369 4041 cum
3402 3989 3596 4058 iniquis
3675 3992 3683 3999 ’

2017 4082 2301 4151 deputatus
2333 4092 2410 4135 est
2435 4080 2502 4133 ".
2535 4081 2843 4134 Confestim
2876 4082 3023 4135 enim
3058 4089 3183 4150 post
3217 4088 3471 4134 eventum
3502 4097 3596 4135 va-

2017 4175 2191 4229 ticinii
2217 4174 2284 4228 de
2306 4172 2488 4243 gladio
2510 4172 2645 4228 dicit
2673 4170 2836 4228 Petro
2860 4190 2872 4225 :
2903 4171 3156 4226 Converte
3178 4171 3419 4241 gladium
3444 4184 3593 4226 tuum

2016 4268 2072 4319 in
2123 4266 2293 4319 locum
2344 4280 2497 4319 suum
2534 4281 2756 4319 :omnes
2790 4264 2951 4335 500
2979 4267 3119 4319 enim
3166 4265 3258 4335 qui
3302 4265 3595 4334 acceperint

2015 4356 2276 4427 gladium,
2307 4356 2490 4426 gladio
2517 4356 2761 4426 peribunt
2780 4357 2824 4389 ⁵⁸
2858 4376 2871 4411 :
2904 4358 2979 4410 ita
3023 4364 3085 4411 ut
3116 4357 3274 4422 illud,
3320 4356 3425 4412 Sed
3457 4373 3596 4411 nunc

337 4472 574 4524 χαιραν,
612 4455 683 4508 ἐν
707 4455 973 4525 μαχαίρᾳ
1000 4450 1367 4507 ἀπολοῦνται
1402 4450 1537 4520 (80)ο
1563 4451 1637 4514 ὡς
1673 4448 1747 4521 μὴ
1775 4445 1912 4502 εἶναι

2022 4450 2105 4518 qui
2143 4449 2297 4503 habet
2340 4450 2630 4513 sacculum,
2672 4450 2826 4504 tollat
2850 4450 2916 4515 °°,
2962 4465 3061 4505 seu
3095 4450 3242 4504 tollet
3293 4450 3397 4520 (sic
3439 4450 3586 4504 enim

337 4551 686 4621 πρόσταγμα,
726 4548 903 4602 Ἀλλὰ
928 4547 1047 4601 νῦν
1072 4550 1105 4601 ό
1129 4546 1286 4614 ἔχων
1308 4542 1666 4608 βαλάντιον,
1694 4540 1912 4609 ἀράτω,

336 4642 456 4713 ἦτοι
493 4643 623 4711 ἀρεῖ
652 4641 814 4715 (οὕτω
842 4639 949 4712 γὰρ
981 4639 1076 4693 καὶ
1104 4638 1171 4690 τά
1199 4634 1369 4690 πολλά
1414 4634 1523 4689 τῶν
1562 4633 1912 4704 ἀντιγράφων

338 4736 497 4807 ἔχει),
526 4735 658 4789 ἀλλὰ
685 4735 1018 4805 προφητείαν
1055 4731 1408 4803 προλέγοντος
1441 4726 1536 4780 τοῦ
1576 4727 1800 4796 Κυρίου,
1829 4727 1911 4779 ὅτι

410 4890 455 4921 ⁵³
493 4890 681 4944 Matth.
719 4906 825 4956 vn,
860 4889 913 4943 6.

339 4962 385 4994 ⁸⁸
425 4960 615 5016 Matth.
651 4977 775 5016 xxvn
798 5001 812 5025 ,
847 4960 935 5014 52.

1022 4887 1067 4919 “
1106 4886 1261 4939 Rom.
1299 4899 1373 4949 ιι,
1408 4882 1498 4936 25.

1017 4958 1059 4989 ⁶⁰
1100 4955 1231 5011 Luc.
1270 4970 1410 5019 mi,
1452 4952 1539 5007 56.

412 5126 525 5199 (75)
564 5124 706 5180 Editi
763 5126 828 5179 Τί
873 5129 988 5179 ἐστι
1037 5126 1261 5178 δίκαιον.
1303 5122 1371 5175 At
1413 5134 1547 5175 mss.
1590 5118 1699 5173 duo
1727 5118 1787 5171 τὸ
1834 5115 1913 5168 δί-

338 5216 516 5252 καιον.

414 5268 525 5337 (76)
581 5266 671 5319 Sic
717 5264 895 5321 Vossii
930 5268 1150 5337 liberet
1197 5262 1329 5337 Reg.
1374 5257 1767 5337 primus._Vox
1803 5258 1911 5337 Eat

338 5329 526 5393 deerat
556 5340 609 5389 in
642 5339 877 5392 excusis.
913 5337 1032 5391 Mox
1063 5336 1194 5405 Reg.
1222 5329 1456 5405 Aprin‘ius
1486 5330 1579 5405 καὶ
1608 5329 1907 5405 ἀνταπόδο-

340 5425 447 5472 σις.
470 5408 673 5463 ibidem
695 5406 824 5460 editi
848 5408 1098 5470 ἀπόδοσις
1118 5398 1261 5456 ’Ἰτοῖί
1281 5404 1334 5455 δὲ
1362 5400 1589 5455 δικαίου.
1620 5398 1753 5470 Reg.
1797 5400 1879 5469 pri
1897 5429 1910 5438 -

339 5494 465 5535 mus
487 5483 561 5533 ita
594 5486 653 5530 ut
682 5478 971 5533 edidimus.

413 5550 524 5620 (77)
556 5549 709 5620 Unus
744 5564 845 5620 ms.
874 5549 939 5601 τὰ
972 5547 1120 5615 am.
1154 5547 1445 5620 Aliquanto
1467 5549 1762 5620 post-mss.
1796 5548 1909 5595 tres

343 5623 402 5673 ὲν
422 5610 543 5683 ’τοῖς
566 5619 742 5673 ποσίν.
776 5617 977 5672 Vocula
1006 5610 1061 5671 ἐν
1095 5620 1150 5670 in
1172 5610 1334 5671 editis
1367 5610 1802 5683 desiderabatur.

415 5677 690 5761 (78)'B.cg.
722 5688 932 5758 primus
962 5687 1242 5761 βαλάντιον
1356 5683 1556 5761 πήραν.
1612 5677 1905 5761 Aliquanto

344 5750 668 5817 infra'unus
699 5750 799 5815 ms.
849 5750 1130 5830 σαφηνίζει
1176 5750 1335 5818 αὐτὸς
1381 5750 1667 5826 δ’Κύριος,
1712 5750 1906 5806 Εάἱιὶό

2020 4543 2183 4598 etiam
2217 4543 2387 4597 multa
2422 4544 2761 4614 exemplaria
2782 4543 3033 4613 habent),
3065 4557 3174 4596 non
3204 4542 3275 4595 sit
3310 4539 3583 4610 quoddam

2022 4645 2377 4705 prazceptum,
2425 4635 2522 4691 sed
2556 4635 2877 4690 vaticinium
2916 4633 3156 4698 Domini,
3201 4633 3292 4702 qui
3335 4648 3592 4702 praenun—

2020 4728 2191 4782 tiabat
2226 4729 2491 4793 futurum,
2544 4736 2604 4782 ut
2638 4727 2873 4798 apostoli
2917 4726 3189 4779 donorum
3232 4733 3284 4779 et
3324 4725 3458 4794 legis
3487 4723 3595 4779 Do-

1593 4883 1637 4914 ⁸⁵
1677 4884 1808 4939 Luc.
1848 4900 1909 4948 χ,

2076 4884 2122 4916 ⁵⁸
2157 4885 2290 4940 Luc.
2331 4903 2475 4952 χιιι,
2512 4884 2602 4940 56.
2679 4888 2723 4919 ⁸⁷
2764 4885 2897 4941 ibid.
2938 4884 3027 4941 57.
3105 4886 3149 4916 ⁵³
3191 4883 3296 4936 lsa.
3334 4897 3462 4944 Lm,
3502 4882 3587 4938 12.

2020 5114 2181 5176 αὐτὸς
2213 5113 2435 5179 Κύριος.

2094 5185 2205 5251 (79)
2240 5182 2381 5237 Editi
2414 5190 2466 5236 et
2498 5182 2629 5252 Reg.
2656 5182 2930 5237 secundus
2980 5183 3267 5252 ἐλογίσοην
3312 5184 3592 5251 deputatus

2020 5272 2158 5309 sum.
2190 5254 2294 5308 Alii
2319 5255 2427 5307 duo
2452 5253 2603 5322 Regii
2646 5252 2923 5323 ἐλογίσθη.
2958 5252 3067 5308 Nec
3120 5255 3191 5306 ita
3246 5258 3418 5307 multo
3469 5264 3593 5322 post

2019 5326 2152 5380 editi
2179 5335 2232 5379 et
2257 5326 2377 5396 duo
2402 5339 2534 5377 mss.
2569 5323 3025 5396 eammeam,
3067 5326 3119 5377 in
3155 5326 3418 5394 vaginam.
3454 5324 3588 5396 Reg.

2020 5397 2231 5464 primus
2261 5403 2314 5449 et
2340 5392 2498 5447 Voss.
2533 5395 2612 5456 εἰς
2640 5392 2731 5464 τὸν
2754 5392 2936 5448 τόπον.

2091 5466 2201 5533 (80)
2232 5464 2406 5520 Vossii
2437 5470 2589 5536 vetus
2620 5463 2756 5536 l_iber
2777 5472 2830 5516 et
2866 5463 2995 5533 Reg.
3023 5465 3230 5534 primus
3263 5466 3320 5519 ἐν
3347 5464 3593 5536 μαχαίρᾳ

2017 5536 2434 5617 ἀποθανοῦνται.
2473 5532 2755 5617 MoxﬂRe‘g.
2794 5532 3254 5617 Ριθιιιιιιεάράτω.
3303 5532 3589 5617 ﬁctos-ﬁant

2016 5608 2123 5660 Alii
2151 5608 2259 5660 duo
2290 5620 2424 5660 mss.
2456 5605 2667 5675 etpediti
2691 5604 2833 5675 ἀρεῖ,
2866 5605 3008 5659 tollet
3044 5604 3218 5675 Qqua:
3252 5604 3400 5660 varia
3428 5604 3591 5658 lectio

2014 5677 2156 5759 inter
2176 5677 2312 5757 alias
2347 5674 2624 5731 invenitur
2672 5673 2890 5747 quoque
2938 5676 2995 5734 in
3037 5673 3390 5734 Testamento
3444 5675 3590 5735 0x0-

2012 5762 2209 5809 meusn,
