4064 6238
350 320 491 377 ηὸτι

1349 322 1532 380 REGU
1545 325 1654 380 [ΑΕ
1694 325 1992 387 Βῐιενιυε
2031 329 2452 398 ΪΒΑΟΤΑΤΑΞ.

3458 345 3596 407 1254

344 436 482 493 άλλά
516 439 610 491 καῖ
636 437 729 491 επὶ
764 437 961 501 παντὸς
996 436 1357 509 πράγματος·
1401 442 1482 493 ὅτι
1520 444 1568 494 οἱ
1609 444 1706 512 μὲν
1738 444 1799 496 τὸ
1842 444 1891 497 δέ

2025 457 2103 505 tio
2136 468 2148 504 :
2179 453 2624 522 quandoquidem
2678 461 2801 509 a‘lns
2840 468 2983 513 mest
3028 457 3282 527 facultas,
3330 460 3420 516 alii
3466 479 3597 519 vero

344 532 539 585 νασθαι
575 531 810 603 ἔχουσιν,
844 533 892 584 οἱ
933 531 987 585 δὲ
1024 532 1122 602 τὴν
1156 534 1447 604 ἐμπειρίαν
1477 535 1577 601 τῆς
1615 539 1921 609 οἰκονομίας

344 622 693 690 ὑπεδέξαντο.

858 712 1196 766 ΕΡΩΤΗΣΙΣ
1235 713 1403 768 ΣΝΕ’.

340 804 466 860 Ποῦ
491 803 776 860 ἀπελθεῖν
803 802 1181 873 προσετᾶχθη
1207 809 1239 858 ὁ
1263 803 1531 871 ἀκούσας
1548 823 1562 835 ο
1600 825 1618 857 ι
1643 802 1820 875 Ἆρον
1849 810 1915 862 τὸ

849 875 966 928 σὸν
984 916 999 939 ,
1030 876 1128 929 καὶ
1157 875 1367 945 ὕπαγε.
1391 895 1409 926 ι

933 990 1322 1044 ΑΠΟΚΡΙΣΙΣ.

402 1080 561 1152 Τάχα
593 1082 725 1135 ὅπου
766 1082 860 1135 καὶ
888 1083 937 1135 οἱ
982 1082 1041 1147 ἐξ
1079 1082 1382 1155 ἀριστερῶν
1423 1081 1709 1144 σταθέντες
1745 1082 1912 1135 ἀπε).-

324 1176 448 1231 ’θεῖν
484 1176 934 1246 προσετάχθησαν
960 1217 974 1239 ,
1021 1176 1216 1239 οἵτινες
1257 1175 1349 1228 ἐπὶ
1382 1176 1548 1246 ἀργίᾳ.
1584 1174 1692 1227 τῶν
1729 1174 1910 1228 καλῶν

335 1265 724 1337 ἐνεκλήθησαν.
761 1267 874 1329 Πᾶς
912 1266 969 1317 δέ
1010 1266 1041 1316 6
1089 1264 1301 1334 φθονῶν
1336 1264 1415 1334 τῷ
1458 1264 1670 1335 ἁδελφῷ
1709 1266 1908 1335 χείρων

330 1357 450 1411 ’ἐστὶ
476 1355 570 1410 τοῦ
604 1354 775 1428 ἀργοῦ
795 1398 809 1422 ,
844 1357 943 1426 τῆς
975 1354 1200 1426 Γραφῆς
1228 1354 1348 1418 ἔθος
1378 1356 1610 1427 ἐχούσης
1636 1354 1905 1426 πολλαχοῦ

335 1448 474 1519 μετά
502 1447 595 1501 τοῦ
631 1449 791 1517 φόνου
819 1449 1041 1504 τάσσειν
1064 1447 1155 1502 τὸν
1188 1445 1399 1515 φθόνον.

845 1650 1181 1703 ΕΡΩΤΗΣΙΣ
1213 1647 1396 1715 ΣΝΕΓ.

322 1737 430 1807 ’Τίς
474 1736 644 1795 ἐστιν
680 1740 714 1793 ό
760 1740 1015 1846 giaedc,
1058 1740 1130 1820 by
1171 1738 1545 1846 ,ἕαμξάνουσι
1588 1739 1687 1792 καὶ
1738 1734 1903 1794 οὗτοι
1932 1793 1974 1846 Β

768 1811 981 1879 ὁμοίως
1016 1811 1139 1876 τοῖς
1175 1809 1476 1879 ἐσχάτοις.

916 1922 1310 1976 ΑΠΟΚΡΙΣΙΣ.

396 2014 550 2083 Τάχα
570 2015 633 2066 τὸ
669 2014 742 2085 μὴ
785 2014 1116 2084 ὲγκληθῆναι
1149 2014 1287 2085 ὑπὲρ
1327 2004 1402 2066 ὧν
1437 2011 1656 2084 ἐποίησέ
1687 2028 1771 2074 τις
1804 2029 1900 2064 κα-

320 2096 431 2157 λῶν
461 2104 573 2174 (86)
622 2106 799 2158 κοινὸν
843 2105 1059 2158 πάντων
1092 2104 1200 2157 τῶν
1231 2104 1632 2158 ὑπακουόντων.
1666 2103 1739 2156 Τὸ
1792 2104 1899 2175 γὰρ

327 2195 737 2266 στεφανωθῆναι
786 2195 914 2252 ἴδιον
962 2196 1070 2251 τῶν
1102 2198 1194 2251 τὸν
1237 2197 1399 2250 καλὸν
1429 2195 1616 2264 ἀγῶνα
1656 2196 1899 2266 νομίμως

320 2287 747 2358 ἀγωνισαμένων
767 2330 782 2354 ,
817 2287 908 2341 τὸν
942 2288 1142 2359 δρόμον
1177 2287 1547 2352 τελεσάντων,
1587 2287 1687 2357 τὴν
1717 2286 1897 2340 πίστιν

323 2379 709 2450 τηρησάντων,
752 2382 809 2433 ἐν
843 2380 1031 2451 ἀγάπῃ
1070 2380 1305 2452 Χριστοῦ
1361 2381 1534 2451 Ἰησοῦ
1566 2379 1658 2435 τοῦ
1691 2380 1896 2450 Κυρίου

322 2468 500 2538 ἡμῶν.
549 2469 783 2523 Δύναται
821 2470 876 2522 δὲ
910 2472 937 2523 6
986 2470 1487 2540 ωμπεφωνημένος
1536 2469 1725 2540 μισθὸς
1757 2465 1895 2523 εἶναι

318 2560 415 2613 καὶ
455 2560 525 2613 τὰ
569 2561 1100 2615 ἑκατονταπλασίονα
1124 2602 1138 2626 ,
1188 2560 1328 2634 ειπερ
1374 2563 1431 2614 ἐν
1473 2561 1551 2632 τῷ
1584 2561 1678 2615 νῦν
1719 2561 1896 2632 καιρῷ

315 2652 697 2723 ἀπολήψεσθαι
745 2654 773 2705 ό
821 2654 1024 2724 Κύριος
1074 2653 1437 2723 ἐπηγγείλατο
1480 2654 1605 2717 τοὺς
1648 2652 1734 2706 aia:
1794 2653 1895 2724 τὴν

323 2746 539 2817 ἐντολὴν
568 2745 734 2799 αὐτοῦ
763 2747 1022 2815 ἀφιέντας
1060 2747 1087 2799 ὃ
1118 2764 1171 2798 τι
1203 2746 1401 2816 δήποτε
1428 2746 1536 2799 τῶν
1572 2747 1847 2818 παρόντων
1876 2764 1890 2777 ·

320 2837 459 2891 ὥστε
505 2840 564 2891 τὸ
618 2839 758 2910 μὲν,
812 2836 991 2907 ’Ἆρον
1037 2839 1101 2892 τὸ
1160 2838 1313 2903 σὸν,
1364 2840 1490 2911 περὶ
1547 2840 1662 2911 (87)
1704 2839 1893 2892 τούτου

320 2930 588 3002 εἰρῆσθαι·
634 2931 822 3001 ἐπειδὴ
856 2932 912 2983 δὲ
970 2930 1164 2999 φθόνου
1202 2931 1370 2994 πάθος
1398 2931 1660 3001 ἐνόσησαν
1688 2931 1737 2983 οἱ
1763 2947 1893 3001 προ-

320 3023 655 3093 κεκμηκέναι
702 3023 949 3087 δόξαντες
994 3023 1129 3093 πρὸς
1175 3023 1300 3085 τοὺς
1344 3022 1452 3074 τῶν
1485 3024 1613 3076 ἴσων
1651 3021 1890 3077 ἀπολαύ-

2020 542 2377 613 dispensandi
2410 543 2657 614 peritiam
2691 556 3039 617 acceperunt.

2424 721 2943 779 INTERROGATIO
2982 725 3182 780 CCLV.

2018 810 2134 875 Quo
2163 812 2508 883 abirejusaus
2543 825 2618 868 est
2655 818 2746 885 qui
2777 817 3011 891 audivit:
3037 836 3054 869 ι
3092 821 3232 873 Tolle
3263 820 3400 891 quod
3443 830 3592 875 tuum

2574 895 2673 950 est,
2704 895 2752 940 et
2784 888 2911 940 vade
2941 889 3007 941 ⁸⁸.
3038 908 3057 939 ι

2593 994 2865 1051 RESPON
2874 995 3001 1052 SlO.

2082 1087 2217 1141 Eum
2249 1088 2305 1141 in
2339 1088 2518 1143 locum
2549 1088 2806 1157 fortasse,
2845 1106 2954 1160 quo
2980 1091 3144 1146 etiam
3173 1106 3266 1160 qui
3296 1106 3325 1144 a
3346 1091 3589 1147 sinistris

2008 1184 2301 1241 steterunt,
2337 1178 2489 1233 abire
2507 1178 2649 1247 jussi
2673 1186 2803 1233 sunt
2823 1180 2892 1243 '°,
2924 1180 3121 1248 quibus
3149 1179 3367 1233 crimini
3399 1180 3588 1233 datum

2008 1276 2115 1333 est,
2154 1268 2299 1338 quod
2331 1277 2644 1324 cessassent
2687 1285 2719 1323 a
2764 1270 2926 1325 bonis
2979 1271 3261 1339 operibus.
3315 1269 3586 1340 Quisquis

2008 1367 2186 1412 autem
2216 1358 2416 1413 invidet
2446 1359 2622 1422 fratri,
2655 1360 2878 1415 homine
2919 1360 3056 1414 nihil
3097 1369 3292 1430 agente
3338 1360 3589 1414 deterior

2006 1456 2109 1512 est,
2143 1464 2266 1502 cum
2293 1464 2411 1504 mos
2436 1451 2506 1503 sit
2524 1448 2822 1520 Scriptura;
2837 1451 3023 1504 multis
3050 1450 3107 1505 in
3132 1451 3290 1517 locis,
3307 1450 3575 1505 invidiam

2007 1552 2130 1592 cum
2161 1539 2308 1595 caede
2337 1541 2673 1612 conjungere
2707 1543 2751 1573 τί

2387 1651 2907 1711 INTERROGATIO
2950 1656 3175 1713 CCLVI.

2005 1740 2137 1805 Qua:
2167 1744 2235 1795 sit
2271 1758 2487 1809 merces,
2515 1761 2673 1814 quam
2704 1748 2759 1827 hi
2790 1752 2993 1815 pariter
3021 1760 3176 1818 atque
3209 1750 3386 1803 ultimi
3437 1750 3578 1803 acci-

2701 1828 2871 1883 piunt.

2584 1925 2991 1986 RESPONSIO.

2069 2012 2330 2071 Fortasse
2387 2033 2496 2072 non
2546 2020 2812 2087 incusari,
2867 2022 2939 2075 ob
2969 2037 3033 2077 ea
3081 2031 3231 2078 recte
3273 2022 3417 2078 facta
3457 2039 3577 2094 quae

1970 2105 2122 2175 .quis
2179 2107 2370 2176 gessit,
2422 2123 2712 2164 commune
2752 2120 2837 2166 est
2888 2115 3131 2168 omnium
3176 2115 3571 2173 obedientium.

1998 2192 2132 2247 Nam
2165 2197 2420 2251 coronari
2450 2200 2730 2269 proprium
2764 2211 2848 2256 est
2878 2218 3067 2257 eorum
3108 2206 3198 2275 qui
3224 2206 3428 2262 bonum
3455 2223 3576 2264 cer-

1997 2287 2177 2335 tamen
2224 2283 2465 2353 legitime
2512 2287 2883 2353 decertarunt,
2939 2293 3033 2360 qui
3066 2293 3414 2362 perfecerunt
3446 2311 3574 2350 cur-

1998 2387 2140 2436 sum,
2191 2375 2287 2443 qui
2339 2374 2499 2429 lidem
2549 2386 2932 2446 servaverunt,
2986 2382 3041 2435 in
3091 2383 3386 2440 dilectione
3439 2385 3572 2443 Jesu

1997 2461 2203 2517 Christi
2238 2465 2456 2521 Domini
2484 2469 2682 2525 nostri.
2707 2469 2895 2526 Potest
2921 2485 3101 2528 autem
3130 2484 3291 2545 pacta
3313 2479 3404 2532 illa
3431 2495 3572 2533 mer-

1996 2570 2088 2611 ces
2114 2571 2237 2611 esse
2274 2558 2404 2612 illud
2434 2561 2769 2630 centuplum,
2795 2565 2942 2633 quod
2977 2564 3245 2623 Dominus
3276 2571 3572 2640 spopOndit

1996 2658 2314 2718 recepturos
2347 2651 2403 2703 in
2432 2651 2535 2705 hoc
2569 2660 2811 2723 tempore
2841 2672 2965 2711 esse
2992 2674 3086 2713 eos
3116 2665 3208 2730 qui
3240 2672 3570 2720 cunctasres

1994 2749 2293 2809 prasentes
2325 2744 2649 2813 reliquerint
2686 2747 2757 2800 ob
2790 2748 2969 2816 ipsius
3001 2752 3314 2806 mandatum
3346 2773 3358 2807 :
3391 2756 3465 2808 ita
3509 2763 3572 2809 ut

1994 2832 2147 2897 illud,
2179 2834 2324 2887 Tolle
2346 2836 2484 2905 quod
2508 2845 2653 2888 tuum
2680 2839 2829 2901 est“,
2864 2840 2930 2894 de
2958 2843 3057 2893 hac
3094 2843 3342 2898 mercede
3359 2845 3566 2900 dictum

1995 2926 2085 2980 sit.
2112 2925 2381 2993 Quoniam
2409 2936 2589 2982 autem
2618 2930 2710 2999 qui
2746 2931 2959 2999 priores
3006 2934 3287 2991 laborasse
3313 2938 3415 2991 visi
3447 2937 3567 2994 fue-

1994 3026 2139 3081 rant,
2173 3019 2437 3075 adversus
2472 3036 2568 3075 eos
2618 3022 2713 3091 qui
2766 3026 2975 3093 aequale
3015 3027 3296 3095 praemium
3345 3045 3568 3100 recepe-

320 3132 519 3178 σαντας
538 3156 553 3179 ,
592 3114 788 3185 μηκέτι
827 3114 1178 3184 κληρονομεῖν
1207 3113 1401 3177 αὐτοὺς
1430 3115 1525 3166 καὶ
1551 3112 1647 3183 τὴν
1673 3113 1888 3167 αἰώνιον

1993 3116 2139 3173 rant,
2170 3111 2388 3165 invidia:
2407 3116 2599 3166 morbo
2635 3114 2975 3180 laborarunt,
3016 3132 3126 3171 non
3156 3134 3255 3187 par
3292 3128 3376 3175 est
3415 3122 3565 3191 ipsos

316 3204 499 3277 ζωὴν,
544 3206 680 3259 ἀλλὰ
730 3205 867 3275 μόνα
910 3205 977 3258 τὰ
1029 3205 1555 3259 ἑκατονταπλασίονα
1606 3204 1700 3259 νῦν
1755 3206 1891 3257 ἀπο-

313 3295 690 3368 λαμὸἀνοντας
711 3339 725 3362 ,
763 3299 819 3349 ἐν
851 3295 928 3367 τῷ
960 3296 1206 3366 μέλλοντι
1233 3296 1655 3367 κατακρίνεσθαι
1681 3296 1766 3350 διὰ
1800 3297 1889 3351 τὸν

318 3387 536 3457 φθόνον,
568 3388 661 3440 καὶ
690 3386 907 3439 ἀκούειν
932 3385 1021 3438 τό·
1057 3386 1293 3454 Ὕπαγε.

833 3496 1166 3548 ΕΡΩΤΗΣΙΣ
1210 3497 1371 3549 ΣΝΖ’.

312 3588 484 3656 Τίνες
506 3587 664 3642 εἰσὶν
683 3587 910 3657 ἄχυρον
937 3591 1406 3656 κατακαιέμενον
1428 3588 1567 3656 πυρί
1590 3587 1889 3657 ἀσϐέστῳι

900 3701 1293 3753 ΑΠΟΚΡΙΣΙΣ.

381 3794 442 3845 Oi
475 3790 896 3863 χρησιμεύοντες
943 3791 1039 3860 μὲν
1091 3793 1203 3854 τοῖς
1250 3791 1422 3858 ἀξίοις
1467 3793 1563 3865 τῆς
1609 3793 1883 3862 βασιλείας

310 3886 420 3939 τῶν
452 3884 693 3956 οὐρανῶν
720 3923 734 3948 ,
772 3883 847 3946 ὡς
896 3883 955 3936 τὸ
993 3882 1192 3953 ἄχυρον
1236 3883 1314 3952 τῷ
1349 3884 1479 3954 σίτῳ
1504 3924 1520 3949 ,
1563 3885 1635 3957 μὴ
1674 3888 1731 3938 ἐν
1771 3886 1884 3941 δια-

304 3978 461 4031 θέσει
498 3976 555 4029 δέ
592 3976 691 4045 τῆς
734 3976 870 4047 πρὸς
909 3974 1040 4027 Θεὸν
1090 3974 1310 4045 ἀγάπης
1360 3976 1452 4029 καὶ
1492 3978 1589 4048 τῆς
1629 3978 1763 4048 πρὸς
1792 3980 1884 4032 τὸν

311 4068 537 4139 πλησίον
572 4068 729 4122 τοῦτο
753 4067 1032 4131 ποιοῦντες
1052 4109 1066 4133 ,
1110 4068 1218 4119 εἴτε
1252 4069 1309 4120 ἐν
1350 4070 1463 4132 τοῖς
1491 4074 1883 4139 πνευματικοῖς

304 4161 664 4233 ,χαρίσμασιν,
700 4161 807 4213 εἴτε
849 4162 906 4212 ἐν
951 4162 1071 4223 ταῖς
1113 4163 1448 4231 σωματικαῖς
1487 4163 1831 4233 εὐεργεσίαις
1862 4180 1876 4195 ’

308 4252 405 4306 καὶ
430 4251 603 4314 οὕτως
634 4250 842 4313 ἀτελεῖς
870 4250 1098 4312 ἑαυτοὺς
1126 4249 1394 4317 ἀφιέντες.

826 4362 1159 4414 ΕΡΩΤΗΣΙΣ
1191 4362 1364 4416 ENH'.

1993 3203 2155 3257 vitam
2187 3212 2444 3257 aeternam
2480 3207 2687 3271 sortiri,
2722 3208 2816 3263 sed
2855 3211 2972 3263 solo
3012 3210 3105 3264 illo
3132 3215 3388 3282 centuplo
3418 3232 3567 3273 nunc

1990 3303 2231 3362 accepto,
2264 3294 2317 3348 in
2349 3293 2533 3349 futuro
2556 3299 2757 3351 saeculo
2789 3300 3142 3356 condemnari
3168 3303 3237 3358 ob
3272 3305 3561 3375 invidiam,

1987 3393 2042 3439 et
2067 3384 2255 3438 audire
2281 3386 2411 3439 illud
2447 3406 2459 3441 :
2498 3386 2701 3440 Vade”

2365 3500 2885 3559 INTERROGATIO
2916 3504 3167 3560 CCLVll.

1992 3593 2095 3659 Qui
2127 3595 2235 3648 sint
2263 3594 2437 3664 palea,
2471 3612 2589 3665 qua:
2632 3597 2950 3651 inexstincto
2990 3599 3108 3667 igne
3142 3597 3467 3654 comburitur
3490 3602 3556 3657 ".

2564 3708 2970 3765 RESPONSIO.

2055 3799 2095 3854 li
2131 3801 2406 3869 nimirum,
2443 3802 2535 3871 qui
2581 3803 2741 3858 utiles
2774 3805 2991 3872 quidem
3022 3812 3149 3859 sunt
3180 3806 3247 3861 iis
3277 3805 3367 3876 qui
3410 3806 3555 3877 digni

1984 3899 2114 3947 sunt
2152 3908 2320 3963 regno
2350 3894 2636 3960 ccelorum,
2683 3896 2909 3963 perinde
2940 3903 2999 3949 ut
3044 3897 3213 3966 palea:
3258 3896 3556 3964 frumento,

1984 3999 2086 4039 nec
2114 3992 2297 4038 tamen
2329 3985 2525 4039 all'ectu
2559 3986 2872 4043 dilectionis
2900 4003 3032 4057 erga
3068 3987 3238 4042 Deum
3270 3997 3324 4044 et
3364 3991 3555 4059 proxi-

1983 4093 2131 4131 mum
2165 4078 2269 4131 hoc
2296 4077 2527 4142 faciunt,
2571 4079 2685 4134 sive
2716 4079 2772 4132 in
2805 4080 3185 4149 spiritualibus
3228 4080 3406 4149 donis,
3442 4084 3557 4139 sive

1983 4170 2037 4223 in
2071 4170 2455 4239 corporalibus
2484 4170 2883 4237 benelicentiis,
2909 4181 3073 4243 atque
3097 4174 3173 4227 ita
3197 4173 3555 4245 imperfectos

1982 4276 2042 4317 se
2075 4276 2197 4318 esse
2232 4261 2421 4316 sinunt

2256 4377 2416 4447 502
2446 4375 2967 4433 INTERROGATIO
2996 4377 3269 4434 CCLVIII.

315 4456 411 4520 Τίς
454 4454 623 4507 ἐστιν
654 4453 1390 4538 ιξΛὺίτρβοῦωῖξχποστόλου
1440 4459 1876 4538 κατατιγωσκότ

1992 4469 2111 4535 Quis
2145 4469 2235 4529 sit,
2268 4470 2357 4537 qui
2393 4470 2773 4523 condemnatur
2800 4470 2864 4523 ab
2902 4471 3156 4538 Apostolo
3197 4470 3279 4525 his
3330 4470 3498 4524 verbis
3532 4487 3553 4525 :

380 4542 577 4591 μενος,
621 4544 641 4598 ι
674 4526 727 4577 '0
761 4524 950 4598 θέλων
1127 4523 1201 4598 ἐν
1228 4523 1745 4598 ταπεινοφροσύνῃ
1777 4529 1878 4583 καὶ

382 4597 669 4664 θρῃσκείᾳ
690 4637 707 4664 ,
732 4614 749 4646 ι
797 4594 893 4647 καὶ
942 4592 1014 4647 τὰ
1044 4592 1209 4660 ἑξῆς.

896 4686 1283 4740 ΑΠΟΚΡΙΣΙΣ.

378 4780 450 4832 Τὸ
476 4779 867 4851 ἐπιφερόμενον
896 4778 1209 4848 σαφηνίζειν
1239 4774 1392 4848 οἶμαι
1415 4780 1512 4850 τὴν
1536 4782 1592 4836 ἐν
1620 4782 1697 4853 τῷ
1725 4785 1875 4855 τόπῳ

380 4924 423 4955 ⁸ο
458 4922 652 4977 Matth.
686 4938 781 4985 xx,
826 4920 913 4974 14.
1013 4921 1057 4951 ⁷⁰
1097 4919 1286 4974 Matth.
1327 4936 1451 4980 χεν,
1489 4924 1577 4983 il.

325 4993 372 5026 ⁷³
412 4992 605 5048 Matth.
640 5007 733 5060 ιιι,
770 4993 858 5046 12.
932 4992 977 5024 ⁷⁵
1016 4989 1230 5045 Coloss.
1266 5006 1339 5054 ιι,
1381 4990 1467 5044 18.

378 5152 489 5221 (86)
525 5151 769 5223 Vulgata:
800 5160 911 5207 tres
952 5152 1221 5207 editiones
1253 5160 1307 5206 et
1347 5152 1455 5205 duo
1491 5166 1623 5206 mss.
1668 5152 1864 5223 mium.

306 5220 477 5289 Quem
506 5220 683 5278 locum
715 5238 837 5277 cum
866 5223 939 5276 ita
965 5223 1216 5278 vertisset
1244 5224 1513 5291 interpres
1536 5230 1713 5287 vetus,
1738 5220 1870 5275 For-

308 5306 448 5347 tasse
483 5292 599 5357 hoc,
645 5294 781 5361 quod
820 5293 981 5346 alicui
1028 5294 1239 5346 crimini
1270 5292 1399 5345 data
1434 5309 1537 5345 non
1568 5293 1672 5345 sint
1723 5292 1869 5346 mala

305 5380 422 5431 qua:
454 5363 705 5432 patravit,
748 5378 922 5432 usque
956 5364 1091 5418 adeo
1144 5362 1485 5418 stomachum
1536 5361 1867 5432 Combelisio

304 5429 495 5496 movit,
521 5441 581 5487 ut
614 5434 696 5489 sic
721 5429 1006 5500 scripserit
1040 5452 1052 5487 :
1088 5432 1176 5487 Sic
1210 5439 1510 5486 constanter
1557 5429 1710 5484 codd.
1755 5441 1867 5485 tea:-

302 5517 489 5571 aasque
517 5503 710 5565 editus,
737 5519 799 5556 ac
828 5505 954 5572 petit
993 5505 1190 5567 series;
1224 5503 1540 5573 Pelagioque
1567 5503 1737 5555 simile
1764 5511 1861 5573 est,

303 5570 441 5642 quod
481 5574 633 5626 ambo
670 5570 974 5639 interpretes
1013 5573 1199 5626 κακῶν
1236 5574 1335 5626 sibi
1358 5570 1695 5626 'divinarunt.
1757 5570 1860 5627 Sed

378 5657 442 5696 ce
490 5642 595 5697 viri
647 5643 952 5697 doctissimi
1001 5642 1231 5697 dixerim
1277 5658 1384 5697 non
1433 5650 1749 5697 constanter
1785 5642 1859 5695 ita

327 5711 411 5783 egi
432 5712 488 5767 in
527 5713 831 5779 codicibus,
862 5728 986 5768 cum
1010 5712 1139 5785 Reg.
1167 5713 1373 5783 primus
1397 5729 1556 5783 quem
1588 5714 1704 5783 ipse
1735 5727 1859 5769 cum

1678 4927 1720 4957 “
1764 4925 1923 4980 Rom.
1961 4942 2009 4992 ι,
2047 4926 2156 4993 29;
2191 4925 2367 4983 Galat.
2402 4943 2455 4995 v,
2487 4926 2581 4981 21.

2050 4612 2065 4630 ’
2128 4557 2148 4592 ι
2184 4539 2370 4595 Valens
2401 4540 2455 4594 in
2482 4539 2783 4595 humilitate
2810 4550 2859 4595 et
2884 4541 3221 4612 religione",
3248 4560 3268 4593 ι
3302 4550 3409 4596 etc.

2560 4692 2963 4750 RESPONSIO.

2052 4788 2469 4857 Argumentum,
2504 4787 2571 4843 de
2592 4803 2700 4859 quo
2725 4787 2811 4841 hic
2836 4787 3036 4857 agitur,
3071 4785 3139 4840 iis
3162 4799 3283 4855 quae
3305 4800 3550 4856 sequun-

2677 4928 2721 4959 ⁷³
2762 4925 2955 4981 Matth.
2994 4939 3101 4989 xx,
3140 4924 3227 4978 14.
3326 4924 3372 4957 ⁷⁸
3410 4926 3546 4982 ibid.

1973 5152 2137 5207 editis
2168 5152 2396 5217 contuli,
2428 5167 2527 5222 pro
2554 5150 2734 5222 καλῶν
2761 5152 2958 5205 habeat
2992 5152 3198 5214 κακῶν,
3237 5166 3351 5222 inec
3380 5151 3549 5222 aliter

1972 5222 2182 5291 legatur
2216 5223 2270 5276 in
2301 5220 2633 5277 Colbertino.
2661 5220 2756 5274 Vir
2781 5222 3187 5277 eruditissimus
3216 5220 3547 5276 Godel'ridus

1970 5289 2342 5357 Hérmantius,
2366 5293 2458 5361 qui
2490 5292 2780 5345 vernacula
2814 5293 3000 5360 lingua
3030 5291 3181 5348 Vitas
3217 5292 3401 5345 Basilii
3436 5307 3546 5345 ma-

1967 5362 2059 5431 gni
2094 5370 2148 5416 et
2171 5363 2418 5431 Gregorii
2448 5360 2774 5431 Nazianzeni
2805 5363 3045 5430 scripsit,
3079 5363 3169 5417 ille
3191 5364 3332 5416 alius
3362 5370 3447 5416 est
3468 5362 3547 5416 in-

1966 5430 2179 5500 terpres
2212 5430 2373 5501 quem
2403 5446 2618 5501 quoque
2645 5430 3009 5487 Combelisius
3036 5431 3411 5501 reprehendit.

2037 5499 2150 5571 (87)
2179 5499 2538 5624 Veteres—duo
2567 5500 2687 5556 libri
2720 5516 2841 5554 cum
2884 5501 3043 5557 Voss.
3096 5499 3156 5555 τὸ
3190 5503 3282 5557 σὺν
3310 5502 3404 5556 καὶ
3438 5499 3543 5554 ὕπ-

2037 5589 2088 5624 ε.
2120 5590 2225 5624 περ
2255 5614 2267 5624 .

1964 5588 2088 5626 αγε.
2120 5588 2267 5626 περι.

2004 5589 2322 5714 γ’ῗέὸῗεὲἑῖἰιί
2363 5649 2416 5695 et
2445 5640 2555 5693 duo
2584 5656 2719 5695 mss.
2753 5643 3321 5714 καταγινωσκόμενος,
3352 5642 3435 5694 ὅτι
3459 5642 3542 5695 θέ-

1963 5712 2091 5767 λωνέ
2124 5711 2231 5769 Alii
2258 5711 2366 5768 duo
2394 5712 2954 5783 καταγινωσκόμενος,
2980 5716 3007 5767 ὁ
3034 5711 3219 5768 θέλων.
