4064 6238
342 320 477 375 1257

1426 317 1725 375 ΠΕΟΙΙΕᾸΞ
1765 317 2061 374 BREVIUS
2093 319 2504 379 TRACTATAS.

3445 332 3584 390 1258

340 434 729 507 ὲπετράπημεν
749 473 763 497 ,
792 433 853 487 οὐ
887 433 992 504 μὴν
1022 433 1143 488 οὐδὲ
1175 434 1235 487 τὸ
1261 435 1537 507 συμφέρον
1578 437 1748 491 αἰτεῖν
1777 437 1909 491 πάν-

2016 441 2290 502 volumus,
2311 446 2496 507 petere
2529 456 2542 491 :
2574 444 2683 493 Imo
2707 454 2835 494 vero
2864 456 2931 496 ne
2960 440 3013 494 id
3044 442 3262 511 quidem
3296 445 3441 512 quod
3496 462 3587 499 no-

340 545 448 592 τως
488 527 850 598 γινώσκομεν.
881 529 954 582 Τὸ
997 528 1105 600 γὰρ
1130 569 1146 596 ,
1202 528 1255 581 τί
1310 528 1721 599 προσευξόμεθα
1777 530 1912 585 καθὸ

338 625 451 689 δεῖ,
480 624 579 677 οὐκ
606 622 844 693 οἴδαμεν.
882 621 1045 674 Ὥστε
1092 619 1229 691 μετὰ
1271 620 1471 691 πολλῆς
1511 620 1609 691 μὲν
1658 623 1915 693 περισκέ-

340 714 519 782 ψεως,
554 711 695 767 κατὰ
736 711 797 765 τὸ
841 711 1049 783 θέλημα
1086 710 1181 764 τοῦ
1231 711 1388 776 Θεοῦ,
1430 713 1699 767 ποιεῖσθαι
1729 713 1810 765 δεῖ
1845 712 1917 766 τὰ

341 806 621 875 αἰτήματα
647 820 661 833 ·
702 805 776 875 μὴ
810 802 1174 873 ἀκουομένους
1223 802 1279 855 δὲ
1324 803 1521 857 εἰδέναι
1564 803 1688 875 χρὴ,
1742 805 1824 858 ὃτι
1877 806 1911 875 ἦ

341 896 608 967 ἐπιμονῆς
636 896 795 967 χρεία
822 936 837 960 ,
880 896 913 967 ἢ
961 896 1051 948 καὶ
1094 896 1377 961 εὐτονίας,
1425 895 1563 949 κατὰ
1606 896 1705 966 τὴν
1737 913 1915 966 παρα-

342 989 502 1061 σολὴν
534 987 628 1041 τοῦ
662 986 866 1059 Κυρίου
891 1028 905 1051 ,
943 988 1077 1059 πρὸς
1105 987 1165 1040 τὸ
1201 988 1311 1040 δεῖν
1345 987 1575 1040 πάντοτε
1619 988 1916 1058 προσεύχε-

345 1079 466 1134 σθαι
491 1120 506 1145 ,
542 1079 635 1133 καί
667 1078 741 1149 μὴ
783 1078 1039 1132 ὲκκακείν
1062 1120 1077 1144 ,
1109 1078 1202 1133 καὶ
1238 1078 1378 1132 κατὰ
1408 1078 1467 1131 τὸ
1504 1080 1562 1131 ὲν
1595 1078 1737 1149 ἄλλῳ
1764 1078 1914 1149 τόπῳ

342 1173 431 1225 ὑπ’
470 1169 634 1226 αὐτοῦ
665 1170 951 1241 εἰρημένον
973 1209 986 1233 ,
1014 1171 1096 1223 ὅτι
1124 1170 1228 1224 Διὰ
1253 1170 1369 1237 τὴν
1393 1169 1703 1224 ἀναίδειαν
1729 1171 1913 1225 αὑτοῦ

341 1264 599 1335 ἐγερθεὶς
626 1303 639 1327 ,
679 1263 855 1317 δώσει
903 1262 1062 1328 αὐτῷ
1084 1302 1100 1326 ,
1146 1262 1308 1317 ὅσων
1341 1262 1538 1332 χρῄζει
1560 1279 1574 1294 ⁸
1610 1264 1644 1334 ἢ
1690 1262 1913 1335 διορθώ-

345 1372 480 1419 σεως
508 1356 602 1409 καὶ
634 1355 948 1425 ἐπιμελείας
968 1395 982 1415 ,
1013 1354 1154 1409 κατὰ
1183 1355 1241 1407 τὸ
1270 1354 1359 1408 διὰ
1379 1354 1475 1407 τοῦ
1508 1354 1785 1426 προφήτου
1810 1355 1913 1408 ὑπὸ

341 1447 434 1500 τοῦ
478 1447 612 1500 Θεοῦ
660 1447 797 1519 πρός
843 1464 995 1510 τινας
1044 1446 1362 1517 εἰρημένον,
1412 1447 1690 1511 εἰπόντος·
1739 1448 1915 1499 Ὅταν

342 1539 447 1603 τὰς
478 1538 679 1608 χεῖρας
697 1539 865 1608 ὑμῶν
894 1539 1195 1606 ὲκτείνητε
1232 1540 1381 1606 πρὸς
1402 1538 1479 1607 μὲ
1505 1580 1519 1602 ,
1554 1537 1914 1606 ἀποστρέψω

341 1628 406 1683 τὸ
458 1631 781 1697 πρόσωπόν
813 1647 931 1698 μου
974 1628 1025 1699 (9
1038 1628 1083 1700 ἰ)
1133 1629 1233 1697 ἀφ’
1266 1628 1463 1698 ὑμῶν’
1496 1628 1593 1681 καὶ
1626 1628 1733 1682 ἐὰν
1762 1632 1913 1695 πλη-

341 1724 555 1788 omne
590 1720 706 1787 τὴν
739 1719 951 1786 δέησιν
977 1761 992 1783 ,
1022 1722 1133 1773 οὐκ
1166 1721 1595 1788 είσακούσομαι
1622 1717 1809 1786 ὑμῶν.
1843 1719 1913 1771 Αἱ

337 1813 449 1879 γὰρ
501 1810 692 1879 χεῖρες
737 1808 907 1879 ὑμῶν
952 1810 1200 1878 αἵματος
1254 1808 1524 1876 πλήρεις.
1576 1809 1913 1869 Λούσασθε,

339 1902 582 1971 καθαροὶ
611 1902 859 1971 γένεσθε
886 1940 901 1963 ,
929 1902 1023 1955 καὶ
1046 1900 1116 1953 τὰ
1146 1901 1291 1969 ἑξῆς.
1327 1901 1450 1953 Ὅτι
1482 1900 1539 1953 δὲ
1572 1901 1666 1952 καὶ
1694 1899 1788 1951 νῦν
1832 1899 1915 1967 γί-

338 2012 549 2059 νονται,
585 1995 679 2047 καὶ
703 1994 809 2047 εἰσί⁵
836 1993 945 2046 τῶν
981 1992 1188 2045 πολλῶν
1214 1994 1268 2044 αἱ
1302 1994 1483 2062 χεῖρες
1515 1991 1746 2061 αἵματος
1779 1990 1914 2061 πλή-

340 2098 486 2158 ρεις,
515 2086 667 2140 οὐδὲν
696 2085 1055 2157 ἁμφιὸάλλειν
1084 2086 1163 2137 δεῖ
1186 2085 1311 2147 τοὺς
1337 2083 1690 2145 πιστεύοντας
1722 2082 1915 2152 ἐκείνῳ

335 2178 415 2250 τῷ
473 2177 701 2249 κρίματι
747 2176 840 2229 τοῦ
899 2174 1035 2229 Θεοῦ
1072 2216 1087 2238 ,
1130 2174 1160 2228 ὃ
1205 2173 1344 2228 κατὰ
1393 2174 1487 2226 τοῦ
1544 2174 1913 2246 προσταχθέν-

334 2288 427 2335 τος
486 2268 804 2337 ἀναγγεῖλαι
859 2268 937 2337 τῷ
992 2267 1107 2337 λαῷ
1145 2307 1161 2333 ,
1220 2267 1311 2319 καὶ
1365 2267 1744 2336 σιωπήσαντος
1804 2268 1913 2321 ἀπ-

335 2364 604 2434 εφήνατο,
656 2361 859 2423 εἰπὼν,
913 2362 993 2413 ὅτι
1053 2360 1121 2413 Τὸ
1158 2354 1301 2427 αἷμα
1356 2359 1461 2412 τοῦ
1506 2360 1915 2427 ἡμαρτηκότος

334 2457 401 2509 ἐκ
495 2454 614 2507 τῶν
694 2452 907 2523 χειρῶν
998 2453 1103 2505 τοῦ
1195 2450 1433 2504 σκοποῦ
1521 2451 1915 2518 ἐκζητηθήσε-

334 2564 425 2600 ται
448 2547 581 2616 (95).
606 2547 789 2617 ,Ὅπερ
820 2546 1015 2616 ἀληθὲς
1044 2546 1136 2597 καὶ
1168 2543 1523 2615 ἀπαράϐατον
1552 2542 1687 2596 εἶναι
1713 2544 1915 2614 πληρο-

336 2639 590 2709 φορηθεὶς
635 2640 663 2691 ὁ
719 2637 1035 2698 Ἀπόστολος
1084 2635 1269 2703 ἔλεγεο
1319 2635 1587 2703 Καθαρὸς
1629 2633 1743 2704 ἐγὼ
1795 2635 1913 2689 ἀπὸ

334 2727 441 2781 τοῦ
468 2727 585 2781 νῦν
625 2728 741 2781 ἀπὸ
787 2726 890 2779 τοῦ
936 2726 1182 2793 αἵματος
1210 2724 1453 2777 πάντων
1498 2725 1629 2794 (96).
1682 2727 1762 2778 Οὐ
1806 2724 1914 2793 γὰρ

333 2815 781 2885 ὑπεστειλάμην
827 2815 934 2869 τοῦ
987 2814 1073 2883 μὴ
1109 2816 1457 2884 ἀναγγεῖλαι
1515 2816 1658 2883 ὑμῖν
1710 2816 1915 2871 πᾶσαν

333 2909 447 2977 τὴν
482 2907 728 2976 ,ϐουλὴν
775 2906 881 2962 τοῦ
937 2908 1105 2961 Θεοῦ.
1159 2908 1220 2959 Εἰ
1268 2909 1325 2960 δὲ
1364 2910 1391 2960 ὁ
1433 2910 1715 2979 σιωπήσας
1757 2909 1915 2979 μόνον

333 3002 513 3070 ενοχΟς
546 2999 637 3053 τοῦ
681 2999 911 3070 αἵματος
962 2999 1072 3053 τῶν
1113 2999 1534 3070 ἁμαρτανόντων
1573 3000 1909 3070 εὑρίσκεται,

2020 530 2104 583 bis
2125 528 2365 598 expedit.
2402 542 2631 596 poscere
2661 528 2774 581 ullo
2808 530 2970 585 modo
2998 532 3272 586 novimus.
3292 530 3427 586 Nam
3454 535 3588 605 quid

2013 633 2398 687 exposcamus,
2451 623 2511 670 ut
2557 624 2795 686 oportet,
2835 619 3136 675 nescimus.
3185 620 3367 686 Quare
3417 621 3588 676 multa

2013 722 2138 759 cum
2169 705 2614 762 consideratione
2645 707 2948 762 secundum
2994 710 3331 766 voluntatem
3360 710 3457 767 Dei
3493 727 3589 781 pe-

2015 799 2238 853 titiones
2286 798 2609 853 adhibendae
2657 806 2806 854 sunt.
2857 798 3015 867 Quod
3068 802 3114 856 si
3160 817 3268 856 non
3307 802 3581 868 audimur,

2015 890 2161 944 scire
2189 897 2406 959 oportet
2422 898 2518 944 aut
2546 892 2955 960 perseverantia
2987 900 3081 947 aut
3115 893 3322 964 ingenti
3362 904 3584 949 conten-

2016 983 2162 1035 tione
2193 995 2330 1049 opus
2358 982 2678 1049 esse,juxta
2715 981 2933 1037 Domini
2958 984 3295 1053 parabolam,
3346 1001 3453 1055 qua
3488 983 3585 1039 do-

2014 1086 2203 1125 cemur
2228 1086 2441 1141 semper
2464 1087 2624 1127 orare
2641 1086 2915 1141 oportere,
2939 1089 3047 1128 non
3068 1082 3247 1129 autem
3271 1074 3580 1147 del'atigari,

2014 1163 2240 1231 etjuxta
2275 1162 2327 1217 id
2354 1164 2500 1232 quod
2532 1164 2602 1217 ab
2631 1163 2752 1233 ipso
2782 1165 2835 1217 in
2889 1165 2997 1219 alio
3025 1166 3145 1220 loco
3193 1168 3397 1223 dictum
3448 1178 3534 1224 est
3565 1188 3578 1222 :

2015 1250 2241 1320 Propter
2277 1253 2660 1321 improbitatem
2674 1256 2786 1322 ejus
2822 1265 3019 1325 surget,
3052 1267 3101 1309 et
3134 1258 3281 1311 dabit
3309 1259 3395 1313 illi
3428 1271 3583 1329 quot-

2012 1352 2136 1413 quot
2158 1342 2311 1396 habet
2350 1345 2672 1398 necessarios
2694 1346 2777 1400 '7:
2813 1355 2906 1399 aut
2930 1349 3311 1404 emendatione
3354 1359 3410 1405 et
3460 1352 3585 1407 dili-

2015 1434 2215 1503 gentia.
2286 1435 2444 1503 juxta
2500 1436 2553 1489 id
2598 1437 2745 1505 quod
2799 1438 2943 1493 Deus
2992 1456 3089 1510 per
3138 1442 3459 1510 prophetam
3513 1444 3582 1498 ad

2013 1526 2278 1596 quosdam
2312 1526 2470 1591 dixit,
2509 1528 2585 1581 ita
2621 1529 2850 1598 loquens
2885 1548 2898 1583 :
2940 1529 3071 1584 Cum
3103 1532 3440 1585 extenderitis
3476 1550 3587 1587 rna-

2016 1633 2110 1669 nus
2136 1628 2332 1671 vestras
2366 1618 2435 1670 ad
2460 1635 2559 1680 me,
2610 1630 2845 1674 avertam
2878 1621 3070 1686 faciem
3114 1640 3284 1675 meam
3332 1641 3364 1677 a
3390 1624 3532 1679 vobis
3564 1644 3581 1680 :

2013 1720 2061 1763 et
2088 1711 2135 1763 si
2161 1726 2334 1778 preces
2369 1711 2867 1781 multiplicaveritis.
2889 1732 2994 1767 non
3021 1716 3305 1769 exaudiam
3338 1733 3445 1770 vos.
3465 1716 3587 1771 Ma-

2017 1819 2113 1857 nus
2143 1804 2281 1856 enim
2337 1813 2522 1858 vestra:
2570 1806 2824 1875 sanguine
2881 1806 3046 1873 plena:
3087 1819 3228 1861 sunt.
3285 1809 3583 1874 Lavamini,

2016 1896 2201 1949 mundi
2242 1906 2405 1951 estote
2430 1898 2496 1961 ⁸⁸,
2529 1904 2633 1952 etc.
2671 1897 2815 1963 Quin
2840 1908 3019 1953 autem
3049 1909 3103 1955 et
3136 1916 3282 1956 nunc
3333 1901 3482 1966 ﬂant,
3530 1915 3585 1958 et

2017 1989 2124 2042 sint
2188 1989 2361 2058 plenae
2413 1989 2679 2058 sanguine
2721 2004 2914 2045 manus
2963 1992 3281 2057 multorum,
3333 1993 3584 2050 dubitare.

2014 2097 2123 2134 non
2159 2081 2378 2146 debent,
2412 2081 2504 2150 qui
2542 2080 2700 2135 ﬁdem
2737 2080 2939 2135 habent
2964 2084 3173 2152 judicio
3198 2086 3272 2139 illi
3302 2086 3585 2157 Dei,quod

2015 2173 2278 2228 adversus
2337 2189 2462 2227 eum
2529 2174 2921 2241 pronuntiavit,
2966 2176 3059 2247 qui
3138 2178 3336 2247 populo
3388 2194 3588 2234 renun-

2015 2265 2151 2319 tiare
2206 2265 2420 2335 jussus.
2492 2267 2809 2333 obticuerit,
2882 2270 2956 2323 ita
3033 2270 3245 2328 locutus
3295 2292 3307 2327 :
3356 2272 3583 2343 Sanguis

2012 2357 2299 2420 peccatoris
2354 2372 2419 2410 ea:
2464 2358 2709 2414 manibus
2766 2360 3111 2428 speculatoris
3172 2364 3467 2432 requiretur
3512 2364 3580 2415 3’.

2014 2444 2170 2510 Quod
2224 2462 2348 2501 cum
2404 2448 2755 2504 verissimum
2795 2466 2859 2504 ac
2902 2454 3411 2508 constantissimum
3463 2470 3586 2511 esse

2017 2535 2117 2590 sibi
2164 2537 2532 2604 persuasisset
2563 2538 2883 2609 Apostolus,
2927 2541 3143 2597 dicebat
3181 2563 3193 2597 :
3232 2542 3463 2599 Mundus
3491 2562 3586 2616 ego

2013 2644 2076 2681 ea:
2106 2627 2200 2680 hoc
2230 2636 2456 2697 tempore
2487 2648 2603 2683 sum
2642 2648 2673 2685 a
2702 2634 2954 2703 sanguine
2986 2636 3236 2688 omnium.
3285 2636 3407 2689 Non
3448 2638 3585 2690 enim

2015 2719 2328 2789 subterfugi,
2363 2722 2641 2789 quominus
2678 2726 3049 2778 annuntiarem
3083 2725 3224 2778 vobis
3276 2742 3426 2779 omne
3462 2744 3584 2781 con-

2015 2809 2195 2862 silium
2242 2809 2341 2863 Dei
2379 2810 2447 2865 ”.
2500 2809 2654 2876 Quod
2696 2813 2743 2867 si
2794 2814 2884 2882 qui
2922 2814 3246 2869 conticuerit
3290 2816 3490 2879 solum,
3538 2818 3587 2871 is

2015 2916 2141 2955 reus
2172 2900 2392 2957 futurus
2429 2910 2511 2957 est
2538 2903 2819 2971 sanguinis
2847 2919 3058 2968 eorum,
3094 2906 3185 2975 qui
3220 2909 3583 2975 peccaverint,

2014 2991 2145 3061 quid
2198 2992 2322 3061 quis
2370 2991 2571 3048 dixerit
2617 2993 2685 3048 de
2737 2995 2801 3048 iis
2864 2994 2953 3063 qui
3002 3011 3097 3064 per
3149 3011 3245 3051 sua
3302 2998 3445 3052 facta
3495 3010 3587 3053 aut

330 3092 383 3145 τί
411 3092 473 3144 ἄν
518 3109 599 3153 τις
639 3088 780 3143 εἴποι
819 3088 947 3159 περί
988 3088 1117 3151 τῶν,
1149 3088 1215 3141 δι’
1247 3081 1321 3141 ὧν
1364 3089 1630 3152 ποιοῦσιν,
1663 3089 1695 3160 ῆ
1739 3088 1805 3141 δι’
1838 3082 1909 3143 ὧν

2017 3084 2164 3138 dicta
2203 3084 2327 3141 aliis
2360 3084 2561 3141 fuerint
2585 3084 2914 3141 offensioni?
2958 3086 3041 3141 Fit
3072 3098 3252 3143 autem
3286 3090 3584 3153 interdum,

333 3183 585 3247 λαλοῦσι,
640 3181 1095 3244 σκανδαλιζόντων
1161 3181 1415 3251 ὲτέρουςς
1481 3182 1635 3233 Ἔστι
1705 3181 1760 3233 δὲ
1819 3181 1907 3233 ὅτε

333 3276 427 3327 καὶ
457 3274 565 3344 (97)
600 3273 668 3325 δι’
692 3272 1019 3342 ἀναξιότητα
1058 3270 1151 3323 τοῦ
1183 3269 1459 3333 αἰτοῦντος
1484 3272 1583 3323 οὐκ
1610 3270 1906 3341 ἐπιτυγχά-

332 3383 480 3418 νεται
524 3366 583 3417 τὸ
613 3365 841 3434 αἴτημα,
879 3364 953 3425 ὡς
985 3363 1078 3415 ἐπὶ
1106 3361 1195 3415 τοῦ
1224 3360 1389 3414 Δαϐἰδ
1417 3361 1713 3432 εὐξαμένου
1760 3365 1905 3415 οἰκο-

331 3458 563 3527 δομῆσαι
616 3454 763 3509 οἷκον
805 3454 883 3525 τῷ
930 3454 1081 3525 Θεῷ,
1124 3456 1220 3508 καὶ
1280 3454 1645 3517 κωλυθέντοςο
1707 3455 1765 3519 ὃς
1809 3456 1907 3526 τῆς

336 3550 433 3620 μὲν
467 3550 597 3620 πρὸς
632 3548 763 3601 Θεὸν
794 3548 1201 3617 ειῦαρεστήσειος
1238 3547 1338 3600 οὐκ
1365 3546 1801 3619 ἀπηλλοτριώθη,
1846 3549 1906 3600 οὐ

335 3641 440 3712 μὴν
476 3642 568 3693 καὶ
597 3641 801 3694 ἐκείνου
832 3640 979 3703 ἄξιος
1007 3638 1221 3710 ἐκρίθη.
1269 3641 1325 3691 Ὁ
1353 3640 1599 3710 μέντοιγε
1643 3641 1907 3711 Ἱερεμίας

335 3734 409 3803 μὴ
432 3733 713 3795 ἀκουσθείς
741 3732 987 3801 φαίνεται
1018 3731 1105 3784 διὰ
1137 3731 1233 3802 τὴν
1266 3732 1463 3786 κακίαν
1488 3734 1731 3796 ἐκείνων,
1768 3734 1906 3805 ὑπὲρ

331 3812 424 3878 ὤν’
446 3824 783 3896 προσηύχετο
823 3824 952 3893 (98).
982 3824 1249 3887 Πολλάκις
1273 3825 1329 3877 δὲ
1352 3826 1445 3877 καὶ
1482 3826 1575 3877 τοῦ
1602 3826 1790 3895 καιροῦ
1820 3826 1907 3878 διὰ

335 3916 601 3988 ῥᾳθυμίαν
617 3915 943 3987 ¹ιτιεριιθέντος
971 3918 1002 3987 ὴ
1012 3918 1121 3987 μίν,
1144 3916 1264 3969 καθ’
1285 3917 1348 3969 ὂν
1369 3916 1475 3970 ἔδει
1495 3917 1817 3988 ποιήσασθαι
1847 3918 1907 3969 τὸ

333 4008 459 4078 αἷτη
467 4025 559 4079 μα,
576 4008 819 4078 ἀκαίρως
837 4007 964 4060 ῦστε
972 4025 1063 4078 ρον
1080 4009 1172 4061 καί
1190 4008 1367 4079 μάτην
1380 4009 1651 4072 αἰτοῦντες
1667 4010 1724 4061 εὑ
1735 4009 1906 4078 ρισκό-

336 4098 495 4168 μεθα.
532 4098 664 4168 Περί
689 4098 745 4150 δὲ
783 4096 897 4160 τοῦ,
939 4097 1119 4165 ’Υπὲρ
1152 4098 1364 4151 τούτου
1408 4100 1533 4167 τρὶς
1561 4097 1667 4151 τὸν
1690 4099 1908 4166 Κύριον

333 4189 733 4257 παρεκάλεσα,
752 4190 852 4241 ἵνα
877 4188 1119 4257 ἀποστῇ
1135 4188 1235 4242 ἀπ’
1257 4188 1422 4258 ἐμοῦ,
1442 4189 1639 4242 εἰδέναι
1673 4189 1800 4260 χρὴ,
1824 4191 1905 4241 ὅτι

332 4282 440 4334 τῶν
485 4280 855 4352 περιστάσεων
878 4319 892 4343 ,
928 4279 1035 4332 τῶν
1080 4298 1138 4331 τε
1180 4279 1377 4345 ἔξωθεν
1422 4281 1515 4332 καὶ
1553 4280 1658 4334 τῶν
1688 4282 1814 4351 περί
1846 4281 1907 4333 τὸ

335 4375 510 4444 σῶμα,
540 4374 702 4437 πολὺς
732 4375 825 4426 καὶ
844 4372 1096 4444 διάφορός
1128 4373 1274 4424 ἐστιν
1306 4373 1333 4425 ὁ
1364 4371 1550 4441 λόγος,
1577 4372 1669 4425 τοῦ
1706 4373 1839 4425 Θεοῦ
1870 4375 1902 4445 ἢ

2017 3182 2075 3228 ut
2104 3176 2266 3230 etiam
2302 3186 2524 3247 propter
2546 3177 2923 3247 indignitatem
2952 3184 3185 3250 petentis
3215 3184 3444 3251 petitum
3475 3198 3585 3239 non

2013 3266 2334 3337 impetretur
2383 3287 2395 3322 :
2444 3271 2591 3324 velut
2641 3272 2694 3323 in
2752 3271 2969 3338 Davide,
3019 3276 3109 3345 qui
3168 3292 3290 3328 cum
3340 3287 3586 3348 rogaSSt-t

2015 3370 2071 3414 ut
2091 3363 2274 3416 liceret
2303 3363 2405 3417 sibi
2429 3364 2703 3418 aedificare
2731 3364 2952 3417 domum
2972 3365 3101 3431 Deo,
3127 3368 3436 3435 prohibitus
3457 3377 3541 3425 est
3568 3415 3582 3426 .

2012 3454 2103 3523 qui
2151 3454 2362 3509 etiamsi
2399 3463 2592 3525 gratus
2632 3465 3001 3527 acceptusque
3050 3467 3195 3513 esset
3240 3458 3369 3523 Deo,
3402 3468 3585 3517 tamen

2013 3550 2116 3605 hoc
2179 3551 2385 3605 honore
2454 3568 2562 3605 non
2622 3553 2842 3608 habitus
2909 3563 2991 3608 est
3040 3556 3258 3626 dignus.
3316 3558 3586 3617 Jeremias

2014 3657 2142 3697 vero
2195 3642 2265 3697 ob
2335 3645 2629 3711 nequitiam
2675 3660 2862 3698 e0rum
2910 3662 3007 3715 pro
3070 3651 3269 3716 quibus
3329 3661 3585 3719 precatus

2011 3740 2115 3795 est.
2155 3733 2369 3788 videtur
2420 3750 2525 3788 non
2575 3737 2862 3791 exauditus
2893 3737 3080 3793 fuisse.
3108 3739 3247 3805 Quin
3283 3746 3444 3795 etiam
3474 3759 3584 3799 non

2012 3827 2171 3899 505
2193 3843 2317 3883 raro
2350 3830 2633 3898 contingit,
2666 3840 2723 3884 ut
2763 3832 3128 3900 praetermisso
3160 3849 3222 3887 ex
3269 3843 3457 3891 nostra
3490 3854 3587 3892 ne-

2012 3919 2264 3988 gligentia
2309 3928 2620 3989 opportuno
2662 3931 2925 3992 tempore,
2968 3940 3076 3992 quo
3116 3942 3272 3981 orare
3298 3930 3581 3998 oportuis‘

2014 4019 2116 4068 set.
2154 4011 2522 4079 comperimur
2554 4013 2781 4080 posthac
2814 4013 3194 4083 intempestive
3224 4026 3274 4070 et
3302 4018 3577 4075 incassum

2015 4114 2228 4169 rogare.
2269 4099 2424 4165 Quod
2468 4110 2648 4155 autem
2697 4105 2890 4156 attinet
2930 4106 2995 4157 ad
3032 4108 3185 4170 illud,
3218 4108 3441 4178 Propter
3484 4112 3582 4167 hoc

2014 4200 2089 4244 ter
2128 4191 2414 4244 Dominum
2452 4194 2660 4262 rogavi,
2706 4204 2757 4247 ut
2799 4195 3084 4251 discederet
3115 4215 3148 4251 a
3187 4217 3264 4253 me
3302 4202 3367 4267 9‘,
3404 4204 3584 4258 scicn-

2013 4279 2141 4333 dum
2192 4288 2274 4334 est
2321 4297 2508 4335 earum
2562 4284 2937 4339 calamitatum
2991 4304 3111 4356 quae
3157 4298 3269 4343 tum
3313 4292 3365 4345 in
3416 4295 3583 4349 rebus

2012 4372 2288 4437 externis,
2346 4382 2457 4427 tum
2502 4373 2554 4427 in
2614 4375 2736 4445 ipso
2783 4392 3013 4447 corpore
3066 4382 3224 4437 nobis
3280 4386 3579 4450 eveniunt,

333 4465 655 4531 ἐπάγοντος,
688 4462 721 4533 ἢ
749 4462 1153 4533 συγχωροῦντος
1178 4462 1264 4515 διά
1298 4479 1420 4514 τινα
1457 4462 1766 4533 οἰκονομίαν
1795 4464 1903 4533 (99)

2016 4464 2369 4532 multiplicem
2410 4481 2533 4521 esse
2563 4477 2617 4521 et
2651 4469 2856 4523 variam
2892 4473 3181 4538 rationem,
3219 4475 3328 4530 Deo
3369 4477 3467 4533 has
3496 4481 3580 4533 vel

332 4554 614 4625 κρείττονα
642 4554 741 4625 τῆς
772 4556 900 4624 *πτέρ’
930 4552 1068 4607 αὐτὰ
1092 4550 1345 4616 ἀνέσεως.
1405 4554 1528 4607 Ἐὰν
1560 4555 1657 4627 μὲν
1684 4551 1779 4607 οὖν
1820 4572 1901 4619 τις

330 4646 531 4716 δυνηθῇ
568 4648 847 4718 γνωρίσαι,
878 4648 959 4700 ὅτι
1000 4647 1104 4719 χρὴ
1148 4646 1235 4700 διὰ
1278 4647 1586 4720 προσευχῆς
1620 4648 1711 4701 καὶ
1749 4649 1901 4717 αἰτή-

333 4753 471 4799 σεως
503 4738 877 4808 ἀπαλλαγῆναι
904 4740 1001 4809 τῆς
1028 4740 1419 4810 περιστάσεως,
1450 4738 1706 4793 ἀκούεται
1749 4741 1903 4810 αἰτή-

333 4844 460 4891 σας,
493 4828 567 4891 ὡς
600 4831 649 4881 οἱ
692 4828 783 4881 δύο
814 4830 1002 4898 τυφλοὶ
1029 4832 1085 4882 ὲν
1112 4830 1426 4899 Εὐαγγελίῳ
1458 4830 1552 4882 καὶ
1581 4832 1628 4882 οἰ
1658 4830 1789 4883 δέκα
1818 4831 1902 4883 λε-

2014 4556 2279 4612 inferente
2309 4560 2391 4614 vel
2435 4561 2780 4630 permittente
2820 4580 2916 4633 per
2956 4568 3247 4636 quamdam
3273 4570 3580 4640 ldispensa-

2008 4649 2212 4704 tionem
2258 4650 2440 4705 subita
2489 4652 2681 4707 horum
2734 4657 3003 4711 malorum
3052 4658 3374 4717 liberatione
3422 4664 3585 4719 nobis

2011 4740 2307 4797 utiliorem.
2353 4740 2410 4796 Si
2460 4744 2584 4813 quis
2640 4746 2806 4815 igitur
2861 4764 3024 4804 nosse
3075 4752 3333 4819 potuerit,
3393 4768 3451 4808 se
3512 4756 3582 4809 ab

2013 4832 2345 4889 adversitate
2367 4851 2462 4901 per
2490 4838 2859 4906 precationem
2893 4855 2957 4893 ac
2984 4843 3319 4911 rogationem
3357 4844 3579 4901 liberari

402 4982 445 5014 ⁸⁷
484 4982 614 5037 Luc.
652 4998 729 5047 χι,
758 4986 814 5036 S.
892 4984 936 5015 ⁸⁸
977 4983 1078 5038 lsa.
1120 5000 1169 5047 1,
1208 4984 1309 5047 l5,
1346 4983 1432 5037 16.
1511 4985 1555 5016 ⁸⁹
1596 4986 1796 5040 Ezech.
1837 5000 1893 5038 ιιι

2012 4986 2054 5040 Β.
2131 4987 2176 5018 ⁸ο
2218 4988 2337 5044 Act.
2378 5006 2471 5055 xx,
2507 4990 2596 5058 ‘26,
2631 4992 2721 5044 9.7.
2799 4994 2841 5026 ⁹¹
2885 4992 2927 5048 ll
2961 4994 3089 5052 Cor.
3126 5013 3237 5063 xu,
3275 4998 3326 5055 8.

426 5100 514 5167 9t)
542 5098 895 5171 vossiivetus
924 5102 1060 5155 liber
1090 5109 1143 5154 et
1168 5102 1255 5154 alii
1280 5101 1387 5153 duo
1416 5101 1744 5171 ἀποστρέψω
1770 5102 1896 5164 τοὺς

405 5104 514 5224 (9ιί)
544 5104 895 5154 Vossiivetus
924 5104 1060 5155 liber
1090 5109 1143 5154 et
1168 5104 1255 5154 alii
1280 5104 1387 5153 duo
1416 5104 1744 5171 ἀποστρέψω
1770 5104 1889 5164 τοὺς

331 5173 398 5239 ἐς
436 5170 635 5239 αλμούς
669 5189 789 5239 μου,
817 5181 1047 5224 avertam
1083 5172 1260 5224 oculos
1295 5188 1474 5233 meos;
1513 5188 1608 5223 nec
1633 5173 1789 5223 aliter
1823 5172 1889 5225 le-

333 5245 478 5305 gitur
497 5244 637 5311 apud
667 5240 828 5295 LXX.
860 5240 1004 5295 Editi
1036 5250 1091 5296 et
1122 5241 1256 5312 Reg.
1292 5241 1568 5296 secundus
1595 5248 1651 5293 ut
1686 5241 1740 5294 in
1767 5255 1898 5295 con-

334 5321 503 5366 testu.
1666 5338 1669 5343 '

406 5381 517 5452 (95)
543 5382 763 5452 Antiqui
796 5381 904 5435 duo
934 5382 1054 5437 libri
1091 5396 1215 5435 cum
1250 5379 1411 5435 Voss.
1447 5381 1755 5451 ὲκζητήσω.

408 5449 519 5522 (96)
547 5449 726 5507 Vossii
762 5461 917 5507 vetus
948 5454 1084 5507 liber
1116 5460 1170 5507 et
1196 5453 1288 5505 alii
1322 5452 1431 5506 duo
1468 5449 1684 5503 πάντων
1722 5449 1895 5521 ὑμῶν,

334 5526 567 5576 omnium
600 5534 842 5577 vestrum.

408 5593 517 5664 (97)
549 5592 678 5659 Reg.
733 5594 941 5663 primus
972 5594 1128 5664 Ἔστι
1168 5592 1225 5644 δὲ
1255 5594 1382 5646 ὅταν
1415 5593 1528 5649 καί,
1575 5590 1697 5647 Mox
1726 5593 1897 5648 codex

332 5662 508 5720 Colb.'
528 5665 588 5716 οὐ
615 5662 813 5717 δίδοται
842 5664 901 5715 τὸ
923 5662 1148 5733 αἴτημα.

408 5735 518 5807 (98)
553 5735 690 5788 Editi
713 5743 765 5790 et
790 5734 918 5803 Reg.
950 5733 1222 5788 secundus
1250 5733 1463 5803 ηὔχετο.
1496 5734 1599 5788 Alii
1626 5743 1735 5790 tres
1760 5750 1890 5789 mss.

618 5832 881 5888 ΡΑτιιοι..
930 5825 1045 5884 Gtt.
1089 5826 1322 5886 XXXI.

2002 5111 2197 5184 praeter
2228 5103 2402 5187 κίονες..
2428 5104 2789 5187 προσηύχετο.
2836 5107 2945 5187 Nec
2976 5110 3050 5163 ita
3081 5113 3250 5187 multo
3270 5115 3572 5187 ApostReg.

2002 5178 2212 5247 primus
2256 5174 2345 5247 διά
2377 5174 3072 5247 ρᾳθυμίανήπαρελθόντος,
3114 5183 3237 5234 καθ’
3263 5174 3342 5238 ὅν.
3393 5174 3577 5241 ϐοαεᾶ

2002 5244 2156 5316 Colh.
2191 5244 2547 5316 παρελθόντος
2578 5248 2742 5316 ἡμᾶς,
2772 5244 2893 5300 καθ’
2931 5250 3010 5302 ὃν.

2075 5313 2185 5383 (99)
2217 5313 2355 5391 Editi
2380 5324 2454 5391 _ct
2498 5313 2652 5391 unus
2681 5332 2781 5371 ms.
2814 5318 2901 5391 διὰ
2940 5321 3038 5391 τὴν
3086 5323 3413 5391 οἰκονομίαν.
3471 5328 3577 5379 Alii

2003 5391 2115 5438 tres
2146 5400 2277 5458 mss.
2313 5385 2400 5437 διά
2440 5403 2562 5458 τινα
2586 5388 2934 5458 οἰκονομίαν.
2977 5385 3179 5446 Ibidem
3213 5385 3342 5447 editi
3378 5403 3432 5449 et
3469 5395 3579 5448 duo

2005 5470 2136 5535 mss.
2182 5456 2296 5535 τῇς,
2330 5454 2481 5535 παρά
2509 5457 2723 5535 ταῦτα..
2754 5454 2884 5535 Reg.
2924 5461 3133 5530 primus
3171 5470 3225 5535 et
3276 5462 3430 5535 Voss.
3458 5466 3578 5535 Διιιῆς

2004 5526 2134 5602 παρ’
2167 5525 2323 5602 αῦτά.
2370 5526 2553 5602 codex
2608 5528 2764 5581 Colb.
2799 5525 2899 5598 τῆς
2924 5525 3283 5602 Σπαραυτίκα.
3332 5533 3443 5589 Nec
3502 5525 3578 5589 ita

2005 5597 2177 5678 inulto
2226 5596 2369 5650 intra
2404 5595 2514 5649 duo
2563 5613 2692 5653 mss.
2744 5595 2866 5653 cuni
2925 5595 3081 5657 Voss.
3140 5605 3446 5675 προσευχῆς
3481 5607 3578 5659 καὶ

2003 5667 2257 5736 δεήσεως.

3266 5827 3344 5888 [ιο
