4064 6238
330 402 465 456 12115

1424 401 1557 457 REG
1570 403 1729 459 ULJ‘Z
1774 400 2020 459 BliEVILT
2034 404 2071 458 S
2111 403 2527 459 TRACTATAE.

3456 396 3587 451 1266

322 518 610 588 κειμένων,
638 516 696 568 ἓν
730 533 823 568 και
868 515 1023 568 τοῦτο
1051 518 1148 587 τῆς
1193 518 1473 587 μεθοδείας
1506 520 1597 573 τοῦ
1630 522 1900 586 διαϐόλου,

2016 524 2340 587 habeantur,
2366 523 2469 576 hoc
2498 536 2714 591 quoque
2746 536 2914 573 unum
2952 526 3037 571 est
3079 534 3142 571 ex
3177 514 3420 571 artiﬁciis
3472 515 3589 569 dia-

323 608 383 660 τὸ
409 608 534 669 τοὺς
568 605 797 667 πολλοὺς
839 604 948 656 τῶν
997 603 1319 675 ἀνθρώπων,
1357 607 1546 679 ὥσπερ
1576 611 1903 681 ἐπιλαθομέ-

524 698 632 750 τῶν
700 697 969 749 τοσούτων
1037 699 1132 750 καὶ
1181 701 1437 754 τοιούτων
1525 702 1619 754 τοῦ
1697 704 1901 774 Κυρίου

326 790 585 860 ῥημάτων
640 790 734 841 καὶ
782 788 1129 855 ἀποφάσεων,
1180 790 1333 854 τέλος
1392 792 1661 856 κολάσεως
1722 796 1801 857 εἰς
1846 796 1905 847 τὸ

328 881 526 951 μᾶλλον
595 880 939 950 κατατολμᾷν
1007 881 1107 950 τῆς
1156 882 1431 952 ἁμαρτίας
1498 886 1709 948 ἑαυτοῖς
1780 889 1907 939 ὑπο-

324 972 576 1042 γράφειν.
619 973 680 1024 Εί
716 970 825 1041 γὰρ
853 972 952 1041 τῆς
996 973 1214 1025 αἰωνίου
1260 974 1533 1037 κολάσεως
1580 976 1731 1029 ἔσται
1778 978 1905 1029 ποτὲ

324 1064 498 1126 τέλος,
529 1063 681 1124 τέλος
710 1062 820 1125 ἔξει
855 1064 1073 1126 πάντως
1119 1063 1213 1115 καὶ
1246 1065 1279 1134 ἡ
1326 1065 1541 1129 αἰώνιος
1576 1067 1707 1139 ζωή.
1757 1070 1819 1121 El
1850 1067 1905 1120 δὲ

325 1156 418 1208 ἐπ).
454 1155 553 1225 τῆς
592 1153 738 1226 ζωῆς
767 1154 925 1207 τοῦτο
968 1157 1155 1225 νοῆσαι
1185 1157 1246 1209 ού
1292 1158 1723 1229 καταδεχόμεθα,
1756 1163 1906 1213 ποῖον

326 1248 439 1318 ἔχει
468 1247 625 1315 λόγον
654 1250 722 1318 τῇ
773 1246 991 1300 κολάσει
1022 1250 1089 1319 τῇ
1136 1248 1339 1320 αἰωνίῳ
1372 1250 1523 1312 τέλος
1566 1251 1794 1317 διδόναι;
1843 1253 1906 1305 Ἡ

327 1344 434 1414 γὰρ
464 1342 559 1395 τοῦ
592 1342 812 1395 αίωνίου
865 1341 1150 1412 προσθήκη
1188 1345 1272 1411 ἐφ’
1313 1343 1588 1414 ἑκατέρων
1622 1344 1749 1407 ἴσως
1792 1347 1904 1398 κεῖ-

326 1452 415 1488 ται
470 1433 604 1504 (15).
669 1434 1135 1489 Ἀπελεύσονται
1179 1435 1310 1503 γὰρ,
1366 1437 1549 1506 φησὶν,
1610 1432 1775 1491 οὗτοι
1822 1439 1907 1504 εἰς

326 1528 589 1580 κόλασιν
638 1524 908 1579 αἰώνιον·
957 1528 1010 1577 ol
1052 1524 1121 1578 δὲ
1170 1525 1385 1580 δίκαιοι
1433 1529 1520 1592 είς
1573 1526 1725 1594 ζωὴν
1773 1528 1907 1581 aldi-

330 1634 479 1670 νιον.
540 1615 758 1671 Τούτων
824 1611 918 1669 οὖν
972 1616 1143 1681 οὕτως
1190 1618 1657 1689 ὁμολογουμένων,
1712 1620 1907 1672 ειδέναι

327 1709 454 1779 χρὴ,
489 1708 569 1761 ὅτι
598 1708 692 1761 καὶ
729 1708 810 1773 τὸ,
840 1708 1170 1776 Δαρήσεται
1201 1712 1458 1776 πολλὰς,
1492 1712 1587 1763 καὶ
1615 1711 1698 1774 τὸ,
1726 1712 1909 1782 Λαρή-

326 1816 498 1854 σεται
536 1801 767 1869 ὀλίγας,
798 1802 919 1871 οὐχ).
965 1802 1133 1866 τέλος,
1171 1803 1307 1856 ἀλλά
1342 1802 1605 1874 διαφορὰν
1637 1804 1909 1867 κολάσεως

323 716 447 761 νους

2013 616 2141 679 boli,
2169 628 2228 669 ut
2260 614 2507 685 plerique
2534 612 2785 665 homines
2830 611 2979 664 velut
3020 609 3173 663 obliti
3208 617 3283 663 tot
3310 616 3363 662 et
3399 608 3585 660 talium

2013 705 2229 759 Domini
2273 705 2567 759 verborum
2615 715 2679 755 ac
2728 699 3165 760 sententiarum,
3218 710 3328 766 quo
3381 694 3587 762 majore

2013 814 2136 852 cum
2178 795 2409 851 audacia
2444 803 2692 866 peccent,
2720 791 2973 863 supplicii
3007 790 3110 845 sibi
3144 781 3304 843 linem
3336 786 3589 857 pratscri-

2013 891 2162 945 bant.
2203 889 2438 953 Etenim,
2469 888 2516 941 si
2573 885 2765 940 aeterni
2818 881 3074 951 supplicii
3125 880 3344 933 futurus
3375 886 3459 932 est
3488 876 3589 929 ali-

2013 979 2233 1051 quando
2268 979 2413 1045 ﬁnis,
2446 979 2609 1032 ﬁnem
2655 976 2844 1045 utique
2877 972 3133 1027 habitura
3165 979 3249 1024 est
3278 968 3443 1024 etiam
3474 968 3587 1022 vita

2013 1083 2233 1127 acterna.
2271 1073 2426 1138 Quod
2450 1072 2496 1126 si
2523 1086 2631 1125 non
2669 1081 2961 1139 possumus
2986 1064 3118 1119 illud
3153 1064 3221 1118 de
3247 1063 3356 1116 vita
3386 1071 3586 1115 aeterna

2013 1166 2338 1234 intelligere,
2362 1178 2470 1233 qua
2507 1162 2718 1215 ratione
2751 1158 3019 1230 supplicio
3060 1164 3263 1211 reterno
3294 1151 3591 1209 ascribitur

2016 1257 2176 1313 ﬁnis?
2206 1256 2341 1310 Nam
2374 1254 2656 1324 :equaliter
2697 1268 2796 1322 pro
2846 1259 3081 1320 utroque
3128 1248 3358 1303 habetur
3406 1243 3592 1300 αξιοι-πί

2014 1353 2269 1423 adjectio.
2300 1350 2459 1406 Ibunt
2484 1352 2643 1412 enim,
2676 1350 2873 1419 inquit,
2899 1348 2954 1401 hi
2993 1348 3050 1401 in
3091 1345 3405 1415 supplicium
3437 1351 3590 1398 teter—

2014 1461 2139 1498 num
2167 1442 2337 1512 :justi
2362 1450 2537 1496 autem
2571 1442 2626 1494 in
2656 1441 2818 1494 vitam
2846 1449 3095 1492 a’ternam
3120 1436 3184 1489 ".
3223 1434 3429 1504 Itaque,
3466 1448 3589 1486 cum

2016 1536 2130 1590 haec
2164 1536 2236 1588 ita
2284 1533 2394 1588 sint
2439 1532 2494 1587 in
2548 1532 2833 1593 confesso,
2889 1528 3170 1584 sciendum
3226 1535 3352 1591 est,
3415 1541 3592 1594 neque

2016 1626 2171 1689 illud,
2211 1623 2491 1692 Vapulabit
2518 1622 2723 1686 multis,
2756 1636 2933 1689 neque
2957 1620 3112 1681 illud,
3150 1618 3590 1685 Vapulabitpau-

2016 1717 2115 1781 cis,
2144 1714 2454 1785 signiﬁcare
2480 1715 2642 1767 linem
2670 1751 2684 1775 ,
2736 1711 2832 1766 sed
2885 1709 3258 1764 diversitatem
3317 1705 3591 1777 supplicii.

2018 1805 2074 1859 Si
2098 1806 2244 1859 enim
2269 1803 2409 1859 Deus
2436 1802 2619 1872 justus
2642 1800 2811 1871 judex
2838 1809 2921 1854 est
2942 1814 3050 1853 non
3079 1798 3241 1852 bonis
3275 1798 3473 1857 solum,
3498 1794 3591 1850 sed

325 1893 477 1961 δηλοῖ
506 1892 638 1963 (16).
688 1896 751 1947 Ei
789 1895 898 1965 γὰρ
930 1896 958 1947 ό
992 1896 1122 1959 Θεὸς
1166 1895 1374 1959 δίκαιος
1419 1897 1614 1967 κριτής
1648 1899 1816 1959 ἑστιν,
1847 1897 1907 1949 οὐ

2016 1898 2171 1950 malis
2195 1896 2383 1959 etiam,
2410 1893 2647 1950 reddens
2702 1893 3000 1961 unicuique
3037 1890 3193 1959 juxta
3224 1903 3389 1959 opera
3453 1902 3550 1942 sua
3577 1926 3591 1947 ,

332 1985 491 2054 μόνον
516 1988 629 2049 τοῖς
661 1985 905 2055 ἀγαθοῖς,
938 1987 1072 2041 ἀλλὰ
1118 1986 1214 2039 καὶ
1249 1990 1361 2050 τοῖς
1396 1989 1671 2058 πονηροῖς,
1721 1987 1909 2041 ἀποδι-

326 2076 451 2137 δοὺς
478 2076 693 2146 ἑκάστῳ
726 2077 866 2129 κατὰ
914 2078 1011 2148 τὴν
1057 2080 1255 2148 πρᾶξιν
1289 2078 1473 2141 αὐτοῦ,
1503 2079 1725 2131 δύναται
1770 2076 1908 2133 εἶναι

327 2167 357 2216 ό
389 2166 488 2235 μέν
544 2183 627 2229 τις
664 2166 835 2238 πυρὸς
885 2167 1153 2221 ἀσϐέστου
1193 2170 1363 2233 ἄξιος,
1406 2170 1499 2223 καὶ
1544 2171 1735 2223 τούτου
1792 2172 1908 2242 ἢτοι

331 2258 740 2329 μαλακωτέρου,
778 2259 810 2329 ἢ
854 2260 1051 2329 μᾶλλον
1071 2261 1361 2329 φλέγοντος
1382 2279 1396 2291 ·
1440 2263 1467 2313 ὁ
1490 2262 1546 2314 δέ
1588 2280 1669 2325 τις
1700 2262 1911 2332 σκώλη-

326 2365 423 2409 κος
449 2347 827 2419 ἀτελευτήτου,
860 2352 955 2404 καὶ
980 2350 1171 2405 τούτου
1205 2352 1366 2405 πάλιν
1398 2352 1429 2422 ἢ
1459 2352 1763 2423 πραότερον
1793 2352 1910 2404 ὀδυ-

327 2438 548 2503 νῶντος,
576 2439 610 2510 ἦ
647 2440 1001 2513 σφοδρότερον
1028 2442 1171 2496 κατά
1198 2444 1298 2514 τὴν
1323 2444 1477 2509 ἀξίαν
1518 2444 1750 2496 ἑκάστου
1773 2460 1787 2473 ·
1816 2443 1910 2495 καὶ

329 2531 489 2595 ἄλλος
530 2532 755 2603 γεέννης
779 2533 1009 2605 διάφορα
1038 2536 1255 2599 πάντως
1285 2536 1515 2606 ἐχούσης
1545 2537 1612 2588 τὰ
1646 2536 1911 2607 κολαστή-

330 2639 421 2690 ρια
446 2639 457 2651 ·
495 2624 588 2675 καὶ
634 2623 818 2694 ἕτερος
845 2624 938 2677 τοῦ
976 2626 1243 2698 ὲξωτέρου
1287 2626 1530 2690 σκότους,
1573 2626 1701 2679 ἔνθα
1736 2629 1765 2680 ό
1812 2627 1911 2697 μέν

327 2730 413 2775 τις
443 2714 499 2764 ἑν
534 2712 795 2785 κλαυθμῷ
827 2716 986 2784 μόνον
1032 2716 1168 2785 (17),
1202 2719 1230 2769 ό
1252 2717 1309 2769 δέ
1336 2734 1420 2780 τις
1460 2719 1553 2770 καὶ
1582 2718 1639 2769 ἐν
1682 2716 1912 2788 βρυγμῷ

330 2803 436 2857 τῶν
460 2802 686 2857 ὀδόντων
709 2805 799 2858 διὰ
822 2805 883 2858 τὸ
908 2807 1298 2878 ἐπιτεταμένον
1326 2808 1434 2863 τῶν
1469 2810 1644 2864 πόνων
1682 2812 1906 2879 γίνεται.

328 2896 440 2947 Καὶ
478 2893 539 2947 τὸ
582 2895 847 2967 ἐξώτερον
874 2898 931 2951 δὲ
961 2899 1152 2963 σκότος
1197 2901 1485 2969 ὑποφαίνει
1514 2902 1728 2965 πάντως
1774 2899 1912 2955 εἷναί

328 3002 382 3041 τι
428 2988 520 3040 καὶ
570 2987 855 3059 ἐσώτερον.
910 2992 1017 3043 Καὶ
1067 2974 1145 3056 τὸ,
1188 2995 1291 3059 Εἰς
1337 2993 1612 3061 πυθμένα
1652 2994 1820 3059 ᾅδου,
1854 2997 1913 3048 ὲν

331 3078 658 3149 Παροιμίαις
687 3081 974 3152 εἰρημένον
1008 3083 1178 3151 δηλοῖ,
1204 3085 1284 3136 ὅτι
1308 3084 1413 3137 εἰσί
1442 3102 1587 3148 τινες
1614 3088 1671 3138 ὲν
1703 3084 1797 3156 τῷ.
1810 3086 1911 3158 ᾄδῃ

335 3174 452 3242 μὲν,
484 3173 584 3225 οὐκ
644 3175 702 3225 ὲν
748 3173 985 3244 πυθμένι
1027 3174 1083 3227 δὲ
1131 3175 1278 3245 ᾅδου,
1328 3177 1661 3247 κουφοτέραν
1709 3178 1915 3249 ὑπομέ-

330 3280 511 3327 νοντες
536 3264 633 3336 τὴν
662 3265 901 3320 κόλασιν.
938 3266 1109 3319 Τοῦτο
1130 3267 1188 3319 δὲ
1219 3270 1645 3339 χαρακτηρίζειν
1675 3269 1788 3321 ἔστι
1821 3271 1915 3323 καὶ

330 3355 426 3409 νῦν
469 3359 526 3411 ἑν
578 3360 691 3422 τοῖς
740 3358 832 3412 τοῦ
864 3359 1117 3430 σώματος
1150 3360 1396 3414 πάθεσιν.
1449 3362 1505 3413 '0
1558 3362 1657 3431 μὲν
1691 3365 1799 3432 γάρ
1831 3379 1915 3426 τις

332 3447 591 3520 πυρέσσει
611 3450 750 3521 μετά
776 3453 1199 3522 συμπτωμάτων
1222 3455 1313 3506 καὶ
1331 3454 1443 3521 (18)
1461 3453 1635 3508 ἄλλων
1662 3455 1869 3509 παθῶν*
1888 3459 1916 3511 ὁ

331 3540 388 3594 δέ
404 3558 486 3606 τις
502 3543 763 3613 πυρέσσει
785 3544 963 3615 μόνον,
992 3546 1085 3598 καὶ
1107 3538 1261 3609 οὗτος
1277 3547 1374 3617 οὐχ
1403 3547 1603 3617 ὁμοίως
1617 3547 1692 3618 τῷ
1711 3550 1881 3620 ἑτέρῳ
1898 3567 1911 3577 ⁸

333 3635 427 3687 κα).
468 3634 627 3698 ἀλλος
677 3637 737 3690 ού
790 3638 1052 3708 πυρέσσει
1102 3638 1222 3708 μὲν,
1272 3640 1429 3710 ὀδύνῃ
1481 3640 1539 3692 δέ
1578 3658 1683 3693 τινι
1724 3642 1917 3711 μέλους

334 3731 716 3781 καταπονείται
736 3747 749 3760 ·
787 3730 879 3782 καὶ
910 3723 1064 3793 οὗτος
1085 3732 1245 3784 πάλιν
1274 3733 1461 3803 ἑτέρου
1496 3733 1677 3785 πλεῖον
1708 3734 1739 3803 ἢ
1774 3734 1918 3785 ἔλατ.

334 3836 442 3873 τον.
477 3820 705 3891 Εἴρηται
727 3820 785 3874 δὲ
810 3823 902 3873 καὶ
927 3822 1087 3874 τοῦτο
1110 3823 1187 3893 τῷ
1220 3823 1411 3895 Κυρίῳ
1436 3826 1497 3877 τὸ
1523 3825 1654 3894 (19),
1681 3826 1917 3891 πολλὰς

336 3912 427 3963 καὶ
460 3912 691 3980 ὀλίγας,
729 3910 872 3964 κατὰ
901 3912 999 3983 τὴν
1030 3913 1226 3984 χρῆσιν
1255 3916 1355 3984 τῆς
1386 3916 1695 3987 συνηθείας,
1728 3917 1918 3989 ὥσπερ

333 4000 426 4057 οὖν
455 4004 548 4057 κα).
582 4004 714 4057 ἄλλα
748 4004 866 4057 τινὰ
898 4005 1142 4058 τοιαῦτα.
1178 4006 1418 4077 Οἴδαμεν
1441 4010 1548 4081 γὰρ
1574 4008 1832 4071 πολλάκις
1858 4011 1917 4062 τὸ

333 4095 575 4149 τοιοῦτον
614 4093 753 4159 εἶδος
799 4096 893 4149 τοῦ
920 4097 1081 4164 λόγου
1115 4100 1209 4151 καὶ
1252 4100 1346 4151 ἐπὶ
1385 4100 1493 4152 τῶν
1520 4103 1609 4168 ὑφ’
1639 4101 1757 4163 ἑνός
1774 4118 1921 4164 τινος

336 4185 543 4249 πάθους
571 4184 972 4255 κεκακωμένων
1000 4186 1562 4258 παραλαμϐανόμενον
1587 4207 1596 4219 ·
1644 4184 1755 4241 οἷον
1790 4190 1918 4241 ὅταν

336 4274 583 4345 λέγωμεν
629 4275 719 4327 ὲπί
755 4292 898 4338 τινος
938 4274 1299 4347 πυρέσσοντος
1331 4278 1509 4346 μόνον,
1562 4278 1593 4349 ἦ
1642 4277 1919 4348 ὀφθαλμὸν

340 4370 717 4438 ὀδυνωμένου,
780 4368 1187 4439 θαυμάζοντες,
1240 4370 1323 4421 ὃτι
1377 4370 1519 4423 πόσα
1592 4371 1815 4434 ἔπαθεν,
1884 4372 1917 4442 ἢ

344 4465 515 4526 πόσας
565 4463 857 4535 ὑπέμεινεν
901 4464 1164 4531 ἀνάγκας.
1218 4462 1381 4517 Ὥστε
1426 4466 1507 4528 τὸ,
1536 4466 1774 4532 πολλὰς
1809 4466 1920 4535 (20)

2014 1997 2195 2058 potest
2248 1988 2388 2043 alius
2424 2000 2548 2041 esse
2597 1986 2797 2056 dignus
2834 1985 2958 2055 igne
3009 1979 3464 2052 inexstinguibili,
3500 1980 3592 2047 qui

2014 2091 2107 2137 aut
2136 2083 2355 2138 mollius
2385 2090 2479 2135 aut
2522 2081 2704 2134 acrius
2753 2078 2949 2133 adurat
2981 2096 2994 2131 :
3050 2076 3191 2130 alius
3222 2089 3406 2128 verme
3451 2087 3595 2126 nun-

2012 2187 2176 2241 quam
2204 2172 2494 2235 morituro,
2528 2169 2623 2239 qui
2654 2169 2821 2224 etiam
2868 2174 2963 2219 aut
2998 2166 3187 2219 mitius
3220 2172 3312 2217 aut
3340 2161 3593 2217 acerbius

2012 2260 2289 2315 excruciet
2341 2274 2439 2330 pro
2497 2257 2770 2327 cujusque
2831 2256 3072 2309 merito:
3124 2254 3264 2307 alius
3309 2252 3590 2323 gebenna,

2012 2368 2134 2422 quae
2160 2353 2312 2407 varia
2360 2366 2425 2405 ac
2470 2352 2692 2421 penitus
2745 2349 2965 2405 diversa
3026 2348 3294 2419 supplicia
3349 2347 3589 2399 habeat:

2014 2446 2154 2499 alius
2181 2443 2545 2499 exterioribus
2580 2442 2840 2505 tenebris,
2871 2442 2962 2495 ubi
2998 2440 3088 2494 hic
3115 2439 3338 2509 quidem
3374 2439 3429 2491 in
3463 2437 3591 2491 ﬁetu

2015 2538 2217 2599 solum,
2246 2536 2338 2591 ille
2363 2550 2495 2591 vero
2529 2536 2583 2588 in
2623 2534 2871 2589 dentium
2906 2534 3071 2588 etiam
3100 2532 3337 2587 stridore
3380 2532 3449 2587 ob
3494 2530 3593 2585 do-

2013 2630 2191 2681 lorum
2238 2625 2633 2681 vehementiam
2680 2624 2929 2679 exsistat.
2990 2622 3131 2688 Quin
3190 2631 3244 2676 et
3290 2614 3592 2676 exteriores

2014 2723 2119 2776 illa:
2149 2720 2388 2775 tenebrae
2439 2717 2575 2771 alias
2630 2718 2796 2772 etiam
2856 2731 3084 2785 prorsus
3145 2731 3267 2770 esse
3304 2716 3595 2770 interiores

2015 2812 2280 2867 indicant.
2314 2810 2381 2863 Et
2414 2808 2549 2863 illud
2580 2808 2727 2878 quod
2761 2810 2967 2861 dictum
3014 2816 3097 2862 est
3141 2808 3195 2860 in
3231 2805 3547 2860 Proverbiis
3576 2845 3591 2870 ,

2017 2901 2083 2955 In
2121 2900 2443 2970 profundum
2481 2899 2673 2965 inferni
2709 2899 2775 2963 ",
2808 2898 3049 2953 declarat
3091 2899 3356 2966 quosdam
3384 2913 3505 2953 esse
3540 2898 3593 2951 in

2015 2994 2232 3049 inferno
2262 2992 2505 3063 quidem,
2540 2991 2633 3046 sed
2681 3006 2789 3044 non
2821 2991 2874 3044 in
2917 2990 3194 3061 profundo
3228 2989 3465 3054 inferni,
3502 2992 3589 3058 qui

2018 3087 2273 3141 leviorem
2301 3100 2517 3155 pinnam
2564 3083 2858 3153 perferant.
2894 3082 3049 3136 Nunc
3086 3090 3265 3135 autem
3303 3081 3405 3135 hoc
3431 3082 3594 3134 etiam

2020 3180 2074 3233 in
2102 3178 2353 3248 corporis
2375 3177 2582 3231 morbis
2605 3175 2895 3230 ostendere
2923 3176 3067 3229 licet.
3100 3172 3235 3226 Nam
3266 3172 3595 3227 febricitanti

2018 3272 2175 3327 alteri
2230 3271 2499 3325 accedunt
2566 3276 2929 3340 symptomata
2964 3307 2978 3330 ,
3056 3278 3110 3322 et
3171 3266 3290 3320 alia:
3349 3267 3595 3337 quardam

2017 3364 2262 3417 molestae
2316 3361 2672 3426 affectiones;
2741 3360 2879 3414 alter
2936 3373 3066 3412 vero
3132 3358 3411 3413 febricitat
3476 3368 3598 3412 tan-

2017 3452 2327 3519 tummodo,
2385 3460 2439 3507 ct
2467 3452 2557 3507 hic
2599 3466 2710 3505 non
2752 3450 2920 3505 simili
2953 3450 3135 3514 modo,
3167 3466 3276 3519 quo
3337 3451 3496 3503 alter.
3533 3449 3597 3504 Et

2018 3548 2157 3602 alius
2197 3562 2306 3600 non
2343 3545 2481 3599 febri
2509 3544 2751 3614 quidem,
2803 3543 2900 3598 sed
2949 3542 3186 3613 quodam
3219 3543 3446 3596 membri
3498 3543 3596 3595 ali-

2018 3639 2179 3708 cujus
2209 3637 2400 3691 dolore
2428 3636 2838 3690 discruciatur:
2871 3644 2926 3688 et
2958 3634 3047 3688 bic
3082 3649 3272 3687 rursus
3314 3634 3421 3687 alio
3473 3633 3596 3703 plus

2020 3738 2113 3784 aut
2139 3730 2345 3785 minus.
2390 3727 2485 3782 Ha:
2516 3734 2697 3781 autem
2728 3741 2892 3781 voces
2925 3726 3106 3779 multis
3140 3734 3195 3780 et
3228 3725 3435 3794 paucis,
3465 3740 3594 3794 pro-

2020 3826 2142 3879 latae
2175 3833 2305 3878 sunt
2333 3836 2553 3891 quoque
2584 3836 2614 3873 a
2641 3819 2873 3873 Domino
2902 3833 2965 3873 ex
2996 3825 3264 3873 consueto
3289 3833 3417 3883 usu,
3447 3818 3596 3874 velut

2019 3917 2180 3971 etiam
2236 3915 2341 3967 alia
2374 3912 2620 3983 qumdam
2651 3909 2944 3980 ejusmodi.
2982 3908 3168 3979 Neque
3199 3911 3344 3963 enim
3378 3910 3596 3979 ignora-

2020 4024 2144 4063 mus
2169 4006 2481 4076 hujusmodi
2530 4003 2786 4075 loquendi
2836 4018 3007 4074 genus
3039 4017 3181 4073 saepe
3214 4002 3280 4057 de
3313 4003 3382 4056 iis
3429 4001 3594 4054 etiam

2019 4102 2113 4170 qui
2144 4088 2251 4155 uno
2278 4100 2461 4170 aliquo
2492 4099 2683 4152 morbo
2724 4096 3070 4158 alllictantur,
3100 4097 3351 4164 usurpari
3378 4112 3393 4149 :
3428 4093 3593 4148 veluti

2022 4208 2145 4247 cum
2163 4192 2230 4247 de
2262 4192 2445 4261 aliquo
2474 4190 2695 4245 homine
2719 4189 2985 4243 duntaxat
3005 4187 3351 4242 febricitante
3372 4226 3388 4250 ,
3414 4194 3508 4241 aut
3528 4186 3597 4241 ab

2021 4287 2197 4341 oculis
2212 4286 2429 4340 dolente
2451 4283 2761 4337 mirabundi
2781 4281 3042 4343 dicimus,
3058 4278 3157 4333 llic
3175 4287 3308 4349 quot
3326 4287 3379 4333 et
3392 4285 3593 4349 quanta

2022 4375 2284 4431 sustinuit
2308 4376 2573 4437 mala,aut
2588 4384 2721 4443 qttot
2737 4381 2790 4427 et
2807 4379 3043 4441 quantos
3062 4372 3591 4440 pertulitcruciatus.

2023 4470 2390 4536 Quamobrem
2421 4466 2574 4534 illud,
2592 4466 2774 4520 multis
2800 4474 2854 4519 et
2894 4465 3077 4533 paucis
3100 4465 3368 4532 vapulare,
3396 4464 3593 4516 iterum

340 4554 433 4605 καὶ
482 4553 688 4621 ὀλίγας
737 4552 1032 4619 δέρεσθαι,
1070 4551 1229 4605 πάλιν
1273 4552 1435 4620 λέγω,
1465 4554 1565 4605 οὐκ
1608 4555 1665 4607 ἑν
1709 4557 1775 4625 τῇ
1821 4554 1911 4606 τοῦ

2022 4564 2165 4624 dico,
2205 4576 2547 4630 nequaquam
2590 4558 2829 4628 porrigi,
2882 4566 2976 4610 aut
3024 4556 3284 4627 compleri
3340 4570 3403 4609 ac
3452 4554 3593 4607 finiri

342 4641 533 4711 χρόνου
569 4641 933 4713 παρατάσειῆ
985 4640 1397 4712 συμπληρώσει,
1433 4642 1545 4696 ἀλλ’
1581 4647 1634 4695 ὲν
1684 4647 1748 4713 τῇ
1795 4645 1910 4696 δια-

340 4735 484 4803 φορᾷ
520 4736 616 4804 τῆς
650 4735 924 4798 κολάσεως
956 4737 1183 4802 γίνεται.

851 4827 1187 4879 ΕΡΩΊἪΣΙΣ
1234 4825 1389 4881 ΣΞΗ’.

338 4916 501 4971 Κατὰ
544 4916 715 4970 ποῖον
757 4917 906 4971 γοῦν
939 4917 1219 4984 λέγονταί
1248 4934 1408 4981 τινες
1447 4918 1562 4970 vlol
1597 4918 1919 4981 ἀπειθείας,

856 4987 953 5040 καὶ
985 4986 1167 5039 τέκνα
1209 4986 1390 5054 ὀργῆς
1408 5003 1427 5049 ;

939 5078 1328 5132 ΑΠΟΚΡΙΣΙΣ.

414 5170 590 5222 Τέκνα
622 5170 717 5221 καὶ
745 5169 893 5232 υίούς
934 5186 1077 5231 τινος
1110 5169 1221 5235 (21)
1256 5165 1542 5236 ὀνομάζειν
1577 5162 1715 5220 οἶδεν
1754 5169 1782 5219 ὁ
1812 5166 1911 5217 Κύσ

414 5308 461 5336 ’⁵
498 5304 691 5359 Matth.
730 5322 857 5369 xxv,
894 5305 984 5359 46.
1063 5306 1107 5337 ²⁶
1148 5305 1310 5359 Prov.
1353 5321 1404 5358 Ix
1428 5345 1443 5369 ,
1481 5304 1566 5359 18.
1644 5304 1685 5333 ’⁷
1729 5302 1926 5372 Ephes.
1964 5320 2018 5367 v,
2051 5304 2104 5356 6.

415 5442 529 5521 (μῆ)
575 5440 799 5498 Veteres
844 5444 956 5521 duo
991 5444 1113 5521 libri
1157 5444 1434 5521 ἑκατέρων
1478 5443 1675 5513 ἐπίσης
1720 5445 1892 5521 κεζται

340 5513 449 5566 Alii
478 5514 585 5567 duo
606 5529 738 5569 mss.
758 5521 811 5568 et
833 5515 961 5569 editi
991 5515 1120 5577 ἴσως
1148 5513 1345 5568 κεῖται.
1376 5514 1612 5582 Utraque
1637 5531 1762 5577 vox,
1789 5516 1919 5575 ἴσως

341 5592 396 5635 et
426 5584 721 5656 ἑπίσηςῄη
752 5582 933 5656 Vossii
973 5587 1171 5656 codice
1188 5586 1402 5653 legitur.
1437 5586 1587 5641 [laud
1620 5586 1780 5656 longe
1803 5598 1918 5654 par-

342 5653 709 5724 ticulamjdtp
739 5653 921 5707 addidi
949 5670 1016 5724 ex?
1054 5655 1208 5709 libris
1231 5656 1492 5723 antiquis.

416 5722 531 5789 (16)
558 5720 735 5792 Codex
762 5724 915 5777 Coll).
943 5723 1214 5776 κολάσεων
1242 5720 1409 5792 δηλοῖ.

416 5792 526 5862 (17)
561 5791 711 5849 Unus
740 5809 839 5853 ms.
886 5794 1147 5863 κλαυθμῷ
1178 5795 1341 5864 μόνῳ.

2021 4662 2255 4723 tempus,
2304 4652 2397 4705 scd
2457 4651 2785 4719 supplicium
2840 4646 3117 4701 diversum
3144 4662 3267 4701 esse
3298 4645 3591 4714 signiﬁcat.

2270 4825 2432 4894 508
2476 4819 2987 4875 IATEBROGATIO
3032 4818 3346 4875 CCLXVIII.

2025 4914 2140 4981 Quo
2186 4932 2337 4967 sensu
2373 4915 2619 4966 dicantur
2659 4913 2875 4981 quidam
2920 4912 3024 4981 ﬁlii
3067 4912 3410 4965 contumacia:
3446 4912 3510 4975 ³⁷,
3550 4922 3597 4963 et

2652 4984 2753 5051 mu
2780 4983 2875 5036 ira:
2910 4984 2974 5035 ἐ.

2598 5074 2639 5127 Β
2650 5073 2862 5128 ESPON
2872 5072 2997 5127 SIO.

2095 5166 2261 5221 Filios
2298 5168 2565 5237 alicujus,
2620 5166 2735 5221 sive
2782 5166 2958 5220 bonus
3016 5165 3129 5219 sive
3169 5166 3345 5221 malus
3390 5164 3593 5226 fuerit,

2206 5304 2251 5335 ⁸⁸
2292 5304 2490 5373 Ephes.
2528 5320 2601 5366 ιι,
2637 5303 2690 5358 '5.

2096 5441 2202 5507 (18)
2230 5441 2415 5495 Codex
2437 5440 2592 5494 Colb.
2624 5438 2798 5491 ἄλλων
2826 5436 2988 5491 τινῶν
3017 5438 3221 5507 παθῶν.

2090 5504 2199 5582 (l9)
2234 5510 2454 5565 Veteres
2484 5511 2591 5582 duo
2623 5509 2743 5562 libri
2768 5525 2891 5582 cum
2920 5507 3077 5582 Voss.
3108 5506 3211 5582 ύπὸ
3238 5504 3333 5559 τοῦ
3360 5504 3588 5577 Κυρίου.

2018 5577 2311 5651 Aliquanto
2341 5588 2463 5648 post
2489 5581 2599 5633 duo
2622 5595 2754 5651 mss.
2786 5577 2895 5651 τῶν
2920 5580 3018 5651 ⁸ἐφ’
3045 5578 3182 5639 ἑνός.

2090 5642 2201 5721 till)
2233 5642 2375 5705 Editi
2424 5651 2586 5703 Ὥστε
2636 5648 2851 5713 πολλάς.
2903 5642 2993 5701 Α(
3019 5662 3153 5702 mss.
3192 5656 3301 5702 tres
3324 5646 3485 5698 Ὥστε
3533 5642 3593 5697 τὸ

2018 5722 2217 5786 πολλάς
2227 5762 2238 5773 .

2092 5792 2201 5863 (2|)
2235 5791 2364 5863 Reg.
2396 5790 2666 5849 secundus
2698 5798 2749 5846 et
2772 5788 2902 5846 editi
2933 5787 3095 5843 τέκνα
3123 5788 3212 5842 καὶ
3244 5786 3388 5850 υἱούς
3424 5801 3589 5851 τινας.
