4064 6238
408 273 541 331 1271

1723 281 1781 338 S.
1820 284 2070 342 BASlLll
2102 286 2318 343 MAGNI

3527 294 3673 351 1272

407 372 643 461 Quietite
660 396 887 465 primum
914 412 1128 469 regnum
1151 397 1271 465 Dei,
1297 407 1347 453 et
1364 400 1636 469 justitiam
1656 401 1794 471 ejus,
1828 401 1971 456 adhl-

2087 404 2333 467 εἰπόντος
2351 419 2364 432 ·
2421 403 2661 472 Ζητεῖτε
2717 403 2953 472 πρῶτον
3017 404 3133 475 τὴν
3180 409 3508 473 ,βασιλείαν
3559 411 3671 466 τοῦ

404 484 637 557 buitquc
680 486 1050 542 certissimam
1084 496 1141 543 et
1178 488 1589 559 integerrimam
1633 489 1796 544 ﬁdem
1828 490 1975 546 veri-

393 568 500 631 tati
536 577 952 648 promissionis,
995 593 1158 649 quam
1207 579 1326 649 ipse
1377 578 1710 650 subiungit:
1760 579 1828 634 Et
1867 581 1977 635 have

399 673 581 728 omnia
622 671 942 742 adjicientur
987 672 1130 728 vobis
1146 672 1190 704 ⁸⁷
1244 690 1258 728 :
1305 689 1647 744 nequaquam
1707 674 1760 729 in
1812 674 1978 744 hujus

399 765 527 819 vita:
572 765 725 821 curis
761 766 987 820 verbum
1031 765 1452 832 sullocantibus,
1488 767 1785 841 ipsumque
1834 767 1977 825 infe-

398 856 643 913 cundum
689 857 1073 928 reddentibus,
1125 861 1366 916 animum
1413 864 1683 919 inutiliter
1721 873 1972 933 occupat.

401 950 515 1006 lmo
541 966 674 1008 vero
710 953 765 1007 in
805 952 954 1008 bono
983 954 1284 1011 certamine
1317 955 1610 1012 decertans
1640 956 1707 1010 ad
1742 956 1976 1026 compla-

400 1044 634 1098 cendum
686 1043 816 1109 lleo,
859 1046 1034 1101 credit
1079 1046 1331 1113 Domino,
1369 1048 1616 1104 dicenti:
1650 1047 1848 1119 Dignus
1897 1058 1973 1104 est

402 1136 676 1206 operarius
706 1136 822 1192 cibo
854 1154 951 1192 suo
973 1136 1041 1199 "',
1082 1154 1183 1193 nec
1212 1139 1511 1210 quidquam
1544 1146 1702 1195 curat
1730 1139 1973 1195 alimenti

401 1243 570 1284 causa
607 1248 621 1286 :
656 1229 753 1285 sed
792 1231 1009 1286 laborat
1044 1239 1098 1286 et
1147 1232 1418 1288 sollicitus
1455 1241 1560 1293 est.
1606 1248 1715 1286 non
1750 1240 1975 1304 propter

398 1336 459 1375 se
495 1322 699 1392 ipsum,
734 1323 831 1378 sed
884 1333 1110 1393 propter
1157 1323 1477 1379 mandatum
1516 1323 1746 1389 Christi,
1789 1340 1975 1395 quem-

401 1412 695 1468 admodum
730 1414 969 1469 ostendit
1001 1430 1064 1467 ac
1088 1414 1275 1469 docuit
1298 1416 1616 1485 Apostolus,
1648 1430 1772 1469 cum
1800 1415 1969 1470 dixit:

401 1504 595 1559 Omnia
623 1507 830 1562 ostendi
848 1506 1013 1570 vobis,
1047 1508 1297 1578 quoniam
1332 1509 1408 1562 sic
1439 1507 1740 1562 laborantes
1771 1516 1972 1575 oportet

398 1598 662 1668 suscipere
701 1599 942 1665 infirmos
958 1598 1026 1654 ".
1059 1598 1194 1653 Nam
1219 1599 1303 1655 sui
1346 1600 1522 1670 ipsius
1561 1601 1734 1670 gratia
1768 1601 1975 1655 sollici-

399 1699 514 1745 tum
547 1706 691 1756 esse,
733 1690 940 1746 crimen
985 1698 1071 1746 est
1130 1693 1333 1747 amoris
1381 1692 1491 1762 sui;
1520 1691 1968 1761 ipsiuszcontra,

2085 494 2257 561 Θεοῦ,
2288 494 2388 550 καὶ
2428 495 2543 565 τὴν
2581 496 2977 565 δικαιοσύνην
3020 499 3228 565 αὐτοῦ,
3259 501 3353 554 καὶ
3385 502 3672 574 πληροφο-

2086 586 2270 658 ρηθεὶς
2302 587 2400 658 τὴν
2437 586 2697 660 ἀλήθειαν
2741 589 2841 659 τῆς
2890 589 3053 641 αὐτοῦ
3101 591 3446 659 ἐπαγγελίας,
3489 594 3672 662 ἐπαγ-

2080 681 2304 749 αγόντος
2321 695 2339 712 ·
2371 680 2481 734 Καὶ
2508 680 2695 734 ταῦτα
2735 679 2932 733 πάντα
2973 681 3446 749 προστεθήσεται
3486 685 3633 754 ὑμῖν
3656 700 3671 714 ·

2079 771 2180 824 οὐκ
2209 771 2267 824 ἐν
2301 772 2422 834 ταῖς
2446 769 2725 841 βιωτικαῖς
2759 770 3049 842 μερίμναις
3077 775 3196 835 ταῖς
3229 775 3672 844 συμπνιγούσαις

2080 864 2174 918 τὸν
2229 863 2409 933 λόγον,
2458 863 2554 917 καὶ
2598 862 2852 934 ἄκαρπον
2902 862 3202 928 ποιούσαις,
3254 867 3523 934 καταργεῖ
3563 866 3671 936 τὴν

2076 955 2278 1029 ψυχήν.
2319 956 2409 1010 Ἔν
2439 955 2497 1011 δὲ
2527 954 2606 1027 τῷ
2632 954 2784 1027 καλῷ
2809 956 2981 1025 ἀγῶνι
3007 955 3107 1026 τῆς
3143 955 3281 1026 πρὸς
3307 956 3441 1011 Θεὸν
3471 957 3671 1030 εὐαρε-

2079 1052 2321 1121 στήσεως
2342 1046 2761 1119 ἀγωνιζόμενος,
2790 1046 3035 1100 πιστεύει
3064 1046 3141 1118 τῷ
3176 1047 3367 1120 Κυρίῳ
3413 1047 3666 1122 εἰπόντψ

2081 1140 2273 1207 Ἄξιος
2303 1143 2338 1195 ό
2371 1138 2624 1211 ἐργάτης
2650 1138 2762 1208 τῆς
2789 1136 3014 1209 τροφῆς
3043 1138 3232 1194 αὐτοῦ
3267 1139 3379 1210 (35)
3404 1155 3418 1170 °
3448 1139 3542 1194 καὶ
3572 1139 3669 1194 οὐ·

2075 1234 2163 1289 δέν
2209 1233 2415 1304 ταύτης
2446 1232 2632 1287 ἕνεκεν
2665 1230 3109 1306 περιεργάζεται.
3128 1231 3453 1301 Ἑργάζεται
3482 1232 3540 1285 δέ
3567 1234 3669 1286 καὶ

2079 1328 2320 1399 μεριμνᾷ
2345 1327 2466 1397 οὐχ).
2496 1325 2564 1380 δι’
2600 1325 2813 1390 ἑαυτὸν,
2847 1322 2982 1378 ἀλλά
3022 1323 3113 1378 διὰ
3161 1323 3260 1396 τὴν
3308 1323 3523 1395 ἐντολὴν
3564 1323 3664 1377 τοῦ

2075 1418 2331 1493 Χριστοῦ,
2365 1416 2549 1482 καθὼς
2597 1415 2844 1482 ὑπέδειξε
2870 1415 2964 1471 καὶ
2989 1415 3227 1484 ἐδίδαξεν
3262 1418 3291 1470 ὁ
3320 1416 3663 1481 Ἀπόστολος,

2075 1512 2277 1566 εἰπών’
2312 1510 2517 1568 Πάντα
2546 1507 2832 1572 ὑπέδειξα
2863 1508 3027 1579 ὑμῖν,
3066 1507 3157 1563 ὅτι
3206 1508 3362 1563 οὕτω
3403 1505 3665 1562 κοπιῶν-

2074 1621 2182 1671 τας
2227 1603 2323 1660 δεῖ
2358 1601 2899 1671 ἀντιλαμϐάνεσθαι
2942 1598 3062 1655 τῶν
3102 1600 3544 1655 ἀσθενούντων.
3586 1600 3664 1653 Τὸ

2082 1698 2181 1769 μὲν
2212 1696 2321 1767 γάρ
2348 1695 2415 1749 δι’
2451 1693 2641 1747 ἐαυτὸν
2678 1693 2951 1766 μεριμνᾷν
2982 1691 3267 1762 φιλαυτίας
3291 1692 3437 1746 ἐστὶν
3463 1691 3668 1763 ἐγκλη-

399 1780 642 1835 mandati
674 1796 804 1851 ergo
839 1780 1135 1837 sollicitum
1181 1796 1304 1837 esse
1357 1790 1413 1837 et
1457 1782 1727 1844 laborare,
1757 1783 1875 1838 laus
1918 1791 1971 1837 et

2080 1767 2159 1862 μα
2190 1788 2340 1859 (54)-
2372 1787 2433 1840 τδ
2463 1786 2522 1840 δὲ
2547 1784 2638 1839 διὰ
2660 1783 2758 1857 τὴν
2798 1782 3018 1854 ἐντολὴν
3051 1785 3322 1855 μεριμνᾷν
3355 1783 3450 1837 καὶ
3493 1783 3665 1855 ἐργά-

398 1873 732 1942 praeconium
759 1879 844 1930 est
870 1874 1058 1938 animi,
1084 1874 1178 1946 qui
1209 1872 1416 1929 Christi
1440 1881 1494 1929 ct
1524 1874 1751 1929 fratrum
1789 1890 1973 1930 amore

398 1965 768 2021 succenditur.

746 2076 1261 2133 INTERROGATIO
1299 2076 1620 2133 CCLXXI“.

399 2172 541 2239 Quid
582 2181 659 2226 est
700 2173 840 2243 quod
874 2171 1070 2227 faciens
1110 2173 1325 2242 aliquis,
1356 2171 1682 2243 blasphemat
1715 2172 1771 2226 in
1797 2170 1970 2242 Spiri-

947 2255 1054 2296 tum
1093 2252 1334 2296 sauctum
1353 2242 1399 2273 ⁸⁰
1415 2243 1437 2282 7

980 2352 1387 2410 RESPONSIO.

464 2448 543 2503 Ex
583 2449 940 2520 ulaspnemia,
992 2466 1115 2519 qua:
1163 2457 1294 2505 tunc
1325 2450 1533 2519 prolata
1578 2455 1662 2502 est
1709 2462 1740 2500 a
1782 2445 1972 2500 Phari-

394 2543 540 2606 saeis,
590 2542 644 2596 in
697 2557 838 2613 quos
877 2543 1039 2597 etiam
1098 2543 1516 2614 pronuntiatum
1574 2547 1660 2597 est
1698 2538 1969 2609 judicium

392 2631 685 2702 ejusmodi,
717 2634 1071 2704 perspicuum
1110 2643 1219 2695 est,
1253 2648 1377 2690 eum
1419 2633 1715 2688 etiamnum
1758 2631 1815 2685 in
1848 2629 1971 2700 Spi-

394 2737 561 2777 ritum
610 2733 864 2779 sanctum
917 2724 1299 2795 blasphemum
1339 2740 1483 2787 esse.
1539 2725 1630 2794 qui
1672 2723 1968 2778 eilicaclam

393 2826 447 2873 et
472 2816 686 2872 fructus
712 2815 1156 2887 sancti'Spiritus
1187 2816 1414 2873 ascribit
1443 2816 1794 2871 adversario:
1822 2814 1970 2887 quod

394 2910 681 2982 plerisque
713 2918 963 2965 nostrum
992 2910 1281 2980 contingit,
1319 2909 1411 2983 qui
1456 2923 1599 2978 saipe
1627 2907 1857 2977 probum
1887 2908 1971 2960 vi-

394 3019 518 3058 rum
553 3018 712 3058 vana:
739 3003 925 3074 gloria:
952 3002 1211 3072 cupidum
1234 3010 1438 3057 temere
1475 3002 1833 3071 appellamus,
1869 2999 1969 3054 fal-

2076 1878 2267 1944 ζεσθαι
2316 1876 2665 1948 φιλοχρξστου
2699 1876 2796 1930 καὶ
2826 1875 3155 1946 φιλαδέλφου
3187 1872 3478 1938 διαθέσεώς
3511 1877 3661 1929 ἐστιν

2073 1970 2366 2041 ἐγκώμιον.

2588 2077 2925 2135 ΕΡΩΤΗΣΙΣ
2984 2077 3144 2133 ΣΟΡ.

2080 2175 2139 2227 τι
2168 2172 2247 2227 ἄν
2273 2190 2360 2240 τις
2387 2172 2501 2244 (55)
2526 2169 2807 2293 ποιήσαὲ.
2830 2168 3193 2254 ἒβλασφημεῖ
3206 2170 3295 2235 εις
3314 2168 3381 2231 τὸ
3411 2167 3660 2238 Πνεῦμα

2719 2259 2752 2294 τ
2821 2256 3023 2311 αγιον;

2665 2356 3058 2412 ΑΠΟΚΡΙΣΙΣ.

2156 2450 2250 2503 Ἐκ
2298 2450 2397 2520 τῆς
2441 2450 2561 2502 τότε
2611 2445 2982 2518 βλασφημίας,
3034 2447 3102 2517 ἢν
3136 2445 3564 2517 ἐϐλασφήμησαν
3605 2446 3654 2496 οἱ

2073 2542 2381 2613 Φαρισαῖοι,
2420 2542 2504 2609 ἐφ’
2551 2537 2633 2601 οἷς
2661 2539 2758 2592 καὶ
2783 2538 2844 2590 τὸ
2887 2539 3063 2608 κρῖμα
3089 2536 3250 2589 τοῦτο
3289 2535 3467 2607 ἐτέθη,
3496 2533 3657 2605 δῆλόν

2073 2637 2242 2698 ἐστιν,
2277 2634 2359 2688 ὅτι
2404 2634 2498 2688 καὶ
2551 2632 2645 2685 νῦν
2698 2632 2904 2693 ἐκεῖνος
2943 2629 3255 2702 βλασφημεῖ
3302 2628 3411 2699 (56)
3463 2628 3545 2689 εἰς
3592 2626 3657 2680 τὸ

2073 2725 2296 2797 Πνεῦμα
2312 2725 2374 2779 τὸ
2392 2725 2566 2794 ἅγιον,
2579 2723 2637 2787 ὃς
2652 2724 2716 2778 ἂν
2736 2721 2835 2785 τὰς
2862 2721 3143 2795 ἐνεργείας
3158 2722 3249 2774 καὶ
3269 2720 3392 2782 τοὺς
3406 2719 3658 2791 καρποὺς

2072 2818 2163 2873 τοῦ
2193 2804 2350 2889 ἁγίου
2378 2817 2698 2889 Πνεύματος
2744 2815 2822 2886 τῷ
2853 2815 3081 2885 ἐναντίῳ
3121 2812 3466 2883 ἐπιφημίσῃσ
3513 2811 3656 2881 ὅπερ

2074 2911 2354 2983 πάσχομεν
2400 2912 2450 2966 οἱ
2491 2909 2697 2973 πολλοὶ,
2751 2910 2841 2962 τὸν
2899 2909 2999 2978 μὲν
3054 2903 3335 2961 σπουδαῖον
3379 2901 3656 2968 κενόδοξον

2075 3003 2338 3069 πολλάκις
2371 3002 2759 3075 ῥιψοκινδύνως
2802 2997 3226 3063 ἀποκαλοῦντες,
3268 2995 3364 3050 τοῦ
3392 2996 3451 3050 δέ
3494 2995 3656 3066 ζῆλον

393 3110 567 3166 soque
619 3094 916 3150 iracundiae
956 3108 1284 3150 accusamus
1325 3093 1620 3157 hominem,
1665 3092 1970 3147 aemulatio-

2078 3097 2278 3168 ἀγαθὸν
2328 3096 2774 3167 ἐπιδεικνυμένου
2814 3093 2986 3167 ὀργὴν
3025 3091 3515 3161 καταψευδόμενοι,
3561 3091 3659 3145 καὶ

393 3206 519 3246 nem
553 3189 752 3245 bonam
803 3189 1205 3254 ostendentem,
1240 3196 1294 3243 et
1323 3187 1570 3258 ejusdem
1616 3186 1831 3257 generis
1861 3186 1966 3240 alia

393 3296 491 3352 per
542 3295 746 3353 pravas
793 3280 1147 3352 suspiciones
1197 3280 1471 3336 emcntitis
1515 3278 1831 3334 nominibus
1874 3293 1969 3334 vo-

393 3389 603 3431 camus.

742 3484 1268 3544 INTERROGATIO
1301 3484 1626 3542 CCLXXIV.

467 3581 743 3653 Quomodo
774 3583 890 3651 quis
936 3581 1191 3651 e/ﬁciutur
1217 3581 1410 3634 stultus
1458 3581 1511 3634 in
1553 3579 1650 3634 hoc
1679 3578 1894 3633 sa'cuto.

980 3694 1386 3758 RESPONSIQ.

472 3793 533 3850 Si
577 3793 823 3849 timuerit
863 3790 1134 3861 judicium
1183 3789 1299 3853 Dei,
1344 3787 1438 3858 qui
1481 3789 1654 3844 dicit:
1704 3788 1790 3843 Vte
1828 3788 1970 3843 vobis

393 3889 485 3960 qui
507 3885 785 3957 prudentes
812 3885 936 3939 estis
958 3885 1014 3937 in
1039 3882 1182 3938 vobis
1199 3884 1348 3951 ipsis,
1364 3891 1414 3938 et
1438 3899 1617 3937 coram
1637 3881 1781 3938 vobis
1806 3883 1973 3937 scien-

380 3979 572 4044 tes";
618 3990 855 4045 eumque
901 3974 1149 4030 imitatus
1192 3974 1379 4037 fuerit,
1428 3974 1521 4042 qui
1562 3973 1738 4028 dixit:
1773 3972 1971 4029 Brutus

396 4070 571 4139 factus
598 4084 715 4122 sum
752 4066 892 4136 apud
925 4074 972 4121 te
988 4052 1076 4120 ’ές
1109 4073 1165 4121 et
1196 4065 1241 4120 si
1270 4066 1474 4135 rejecta
1520 4065 1670 4119 omni
1716 4065 1972 4134 opinione

396 4160 726 4234 prudentiae,
782 4158 989 4213 nullam
1041 4158 1317 4227 propriam
1370 4157 1756 4226 cogitationem
1807 4154 1964 4231 511

396 4254 550 4325 prius
583 4251 955 4321 comprobarit
987 4259 1249 4319 tanquam
1285 4249 1507 4311 bonam,
1545 4250 1656 4302 imo
1692 4249 1736 4302 si
1766 4263 1832 4302 ne
1860 4247 1967 4301 ini-

395 4347 475 4401 tio
515 4344 734 4416 quidem
768 4342 1077 4413 quidquam.
1106 4341 1261 4411 prius
1306 4341 1652 4411 cogitaverit,
1688 4355 1853 4409 quam
1900 4340 1970 4393 ab

2070 3189 2205 3244 ἄλλα
2231 3188 2456 3244 τοιαῦτα
2476 3189 2535 3242 ἐν
2563 3187 2842 3252 ὑπονοίαις
2864 3186 3128 3257 πονηραῖς
3155 3182 3367 3254 ψευδῶς
3392 3180 3659 3252 ἐπιφημι-

2073 3282 2259 3350 Caute;

2596 3497 2930 3552 ΕΡΩἹἮΣΙΣ
2982 3495 3141 3551 ΣΟΔ’.

2167 3592 2295 3657 Πῶς
2328 3591 2555 3661 γινεταί
2588 3609 2677 3657 τις·
2713 3591 2784 3644 ἐν
2822 3588 2903 3655 τῷ
2941 3588 3107 3644 αἰῶνι
3136 3588 3326 3651 τούτῳ
3345 3584 3585 3654 μωρόςῖ

2665 3705 3063 3759 ΔΠΟΚΡΙΣΙΣ.

2155 3798 2279 3852 Ἐὰν
2294 3796 2506 3869 φοϐηθῇ
2524 3797 2586 3850 τὸ
2602 3800 2779 3868 κρῖμα
2797 3796 2891 3849 τοῦ
2908 3796 3043 3849 Θεοῦ
3062 3795 3197 3867 (57),
3215 3795 3483 3863 λέγοντος·
3506 3788 3653 3846 Οὐαὶ
3684 3854 3713 3885 ⁸

2072 3895 2125 3947 οι
2154 3889 2397 3949 συνετοὶ
2438 3889 2510 3943 ἐν
2546 3887 2802 3954 ἑαυτοῖς,
2845 3888 2941 3942 καὶ
2979 3887 3236 3940 ἐνώπιον
3280 3885 3478 3939 αὐτῶν
3527 3884 3655 3937 ἐπι-

2071 3980 2370 4050 στήμονες
2390 3996 2404 4011 ’
2442 3979 2539 4032 καὶ
2569 3980 2876 4050 μιμήσηται
2912 3977 3005 4030 τὸν
3031 3976 3255 4029 εἰπόντα
3274 3990 3291 4009 ·
3334 3974 3656 4043 Κτηνὼδης

2070 4071 2362 4139 ἐγενήθην
2411 4069 2571 4139 παρὰ
2616 4070 2717 4124 σοί
2736 4087 2751 4109 '-
2800 4070 2895 4122 καὶ
2939 4070 3119 4121 πᾶσαν
3161 4066 3339 4136 οἴησιν
3384 4065 3655 4129 συνέσεως

2071 4161 2381 4225 ἀποϐαλὼν,
2417 4162 2492 4232 μὴ
2524 4159 2785 4231 πρότερόν
2828 4176 2882 4211 τι
2921 4157 3031 4212 τῶν
3065 4158 3210 4212 ἰδίων
3254 4156 3533 4227 λογισμῶν
3574 4157 3655 4219 ὡς

2072 4252 2273 4321 ἀγαθὸν
2293 4253 2518 4325 ἐγκρίνῃ
2535 4253 2666 4323 (58),
2686 4254 2820 4323 μήτε
2841 4251 2947 4322 μὴν
2962 4250 3243 4321 λογίσηται
3259 4267 3312 4302 τι
3328 4249 3426 4319 τὴν
3455 4250 3652 4320 ἀρχὴν,

2074 4343 2201 4414 πρὶν
2247 4344 2313 4396 ἂν
2361 4342 2451 4397 ὑπ’
2480 4342 2650 4411 αὐτῆς
2704 4340 2798 4393 τοῦ
2843 4342 3047 4413 Κυρίου
3078 4341 3178 4411 τῆς
3206 4341 3425 4411 ἐντολῆς
3451 4339 3657 4393 συνεθι-

394 4440 516 4510 ipso
560 4435 772 4491 Domini
815 4441 1088 4504 praecepto
1129 4433 1201 4487 sit
1240 4431 1587 4488 assuefactus
1628 4431 1694 4485 ad
1737 4430 1791 4484 id
1823 4431 1967 4500 quod

2078 4431 2176 4502 σθῇ
2205 4431 2318 4500 (39)
2349 4431 2482 4503 πρὸς
2508 4430 2571 4484 τὸ
2602 4430 2835 4501 ἀρέσκον
2862 4429 2939 4501 τῷ
2965 4429 3085 4500 Θεῷ
3109 4432 3217 4484 εἴτε
3249 4433 3306 4484 ἐν
3334 4430 3502 4501 ἔργῳ,
3536 4430 3653 4483 εἴτε

397 4532 577 4605 placet
605 4528 739 4594 Deo,
773 4529 887 4584 sive
920 4528 972 4582 in
1006 4542 1191 4598 opere,
1225 4528 1344 4581 sive
1374 4525 1430 4579 in
1461 4540 1734 4588 sermone,
1771 4525 1887 4581 sive
1917 4525 1969 4581 in

466 4690 509 4722 δ’
552 4685 743 4743 Matth.
779 4700 869 4750 vt,
903 4684 991 4740 55.
1103 4683 1148 4716 ⁸⁸
1188 4680 1379 4743 Matth.
1414 4698 1478 4743 ι,
1518 4679 1603 4735 10.

395 4774 569 4824 um,
604 4759 696 4814 25.

469 4879 585 4966 (εδ)
636 4877 796 4966 βεειγ
827 4877 1040 4966 nimus
1091 4876 1259 4966 5.9m:
1285 4870 1970 4966 ?P53°_€E‘F.‘;_M.?E.Pdi'i

393 4941 489 5004 δι”
521 4941 976 5003 αὖτόν.”νοῖσιισεε
1025 4954 1260 5015 quatuor
1301 4942 1423 4998 libri
1470 4950 1669 5015 praeter
1716 4941 1952 5015 Voss._6t

397 5020 610 5074 ἑαυτόν.
650 5017 765 5075 Hoc
794 5020 916 5090 ipso
943 5019 998 5072 in
1029 5011 1152 5072 loco
1180 5017 1289 5071 duo
1321 5028 1454 5069 mss.
1472 5011 1709 5082 ἐντολὴν
1739 5011 1831 5064 τοῦ
1861 5013 1976 5064 Κυ-

400 5092 582 5233 ρίῗὲι)
608 5157 791 5233 codex
822 5159 977 5233 βου),
1015 5159 1128 5229 ἔχει
1156 5156 1428 5233 ἔγκλημα.
1460 5153 1584 5209 Mox
1606 5152 1972 5233 Regznsecun-

398 5222 503 5288 dus
522 5222 579 5303 ei
604 5230 735 5303 editi
766 5222 1110 5303 φιλοχρίμστξυ
1141 5222 1234 5281 καὶ
1266 5222 1558 5303 διαθέσεως
1590 5222 1913 5303 φιλαδέλφου
1954 5238 1967 5251 °

399 5301 546 5387 quod
576 5302 689 5356 alio
708 5294 1226 5364 ordine'edidimus,
1264 5308 1476 5353 veteres
1504 5296 1645 5351 duos
1680 5294 1850 5348 libros
1880 5307 1970 5346 se-

400 5382 588 5516 εῗιῖἓὸ)
616 5442 753 5516 Reg.
786 5442 1016 5516 primus.
1030 5439 1173 5516 τίαν
1198 5454 1316 5516 τις..
1340 5436 1484 5491 Editi
1504 5434 1818 5516 τιέάντις.
1836 5430 1973 5516 ldos

402 5503 548 5569 idem
571 5503 959 5569 'ms.'etVoss.
987 5506 1055 5582 ἦς
1084 5509 1534 5582 ἐὸλασφήμμησαν.
1568 5504 1812 5582 Subinde
1836 5503 1973 5582 Reg.

404 5584 706 5666 primusﬁb
745 5587 923 5657 κρῖμα
956 5573 1050 5635 τοῦ
1082 5579 1216 5634 Θεοῦ
1249 5573 1431 5651 ἐτέθη,
1479 5578 1591 5632 lata
1618 5585 1698 5631 est
1736 5574 1847 5629 Iuec
1879 5573 1976 5627 Dei

405 5663 712 5797 δεῖξέ)ηὲἶο
738 5733 943 5781 veteres
976 5722 1084 5781 duo
1107 5722 1252 5791 libri,
1284 5725 1471 5778 nonut
1503 5716 1631 5774 editi
1664 5680 1975 5788 βλασφημεῖ

1717 4682 1763 4712 δ’
1803 4680 1925 4734 Act.
1962 4696 2062 4743 xx,
2099 4678 2189 4735 35.

2078 4526 2136 4578 ἐν
2161 4524 2325 4594 λόγῳ,
2350 4523 2460 4577 εἴτε
2482 4524 2540 4576 ἐν
2562 4523 2878 4595 ἐνθυμήσει,
2900 4520 2995 4575 τοῦ
3021 4522 3344 4576 Ἀποστόλου
3371 4523 3615 4586 εἰπόντος
3634 4539 3650 4554 ο

2303 4679 2349 4711 ⁸ο
2391 4677 2558 4734 Marc.
2598 4695 2694 4746 ιιι,
2725 4678 2819 4745 29.
2928 4678 2974 4713 ⁵³
3015 4678 3119 4734 lsa.
3158 4698 3212 4746 v,
3249 4680 3338 4734 2|.
3417 4682 3463 4713 ⁸³
3502 4678 3651 4736 Psal.

2076 4872 2159 4923 τό.
2194 4871 2491 4939 Aliquanto
2520 4872 2664 4925 infra
2694 4869 2865 4926 codex
2898 4870 3055 4925 Colb.
3092 4877 3185 4924 καὶ
3210 4871 3382 4922 πολλὰ
3402 4873 3651 4933 τοιαῦτα,

2078 4950 2126 4996 et
2153 4941 2387 5007 ejusdem
2425 4943 2624 5010 generis
2656 4942 2842 4994 multa.

2150 5010 2265 5080 (57)
2299 5007 2441 5065 Editi
2471 5020 2524 5065 ct
2557 5012 2769 5081 antiqui
2801 5012 2911 5064 duo
2941 5010 3068 5064 libri
3098 5008 3434 5081 τοῦ-Κυρίου
3460 5007 3652 5081 λέγον-

2093 5078 2190 5145 ως.
2222 5082 2327 5135 Alii
2355 5083 2466 5137 duo
2494 5097 2628 5136 mss.
2665 5078 2725 5135 u't
2773 5081 2826 5134 in
2851 5088 3133 5135 contextu.
3178 5078 3327 5133 Μοιί⁷
3351 5079 3484 5148 Reg.
3536 5080 3654 5149 pri-

2083 5167 2203 5204 mus
2233 5151 2463 5205 ἐνώπιον
2493 5151 2720 5206 ἑαυτῶν.
2745 5153 2900 5206 Alius
2933 5166 3037 5204 ms.
3061 5158 3117 5205 et
3142 5150 3273 5204 editi
3304 5149 3503 5202 αὐτῶν.

2147 5222 2258 5292 ('58)
2304 5222 2456 5291 Regii
2510 5222 2622 5275 duo
2654 5238 2789 5293 mss.
2831 5220 3080 5293 ἐγκρίνῃ.
3130 5218 3271 5293 Editi
3305 5220 3647 5293 ἐγκρξνηται,

2074 5286 2280 5364 Necita
2308 5286 2486 5364 multo
2499 5300 2623 5364 post
2652 5291 2785 5364 Reg.
2808 5286 3327 5362 ιιινίιιὶυεΪλογίσηταί
3347 5286 3424 5345 nl
3441 5286 3651 5346 Vocula

2075 5379 2127 5414 τι
2152 5361 2306 5417 deest
2328 5362 2383 5417 in
2403 5361 2659 5432 vulgatis.

2150 5432 2264 5503 (59)
2305 5432 2397 5487 Sic
2436 5428 2618 5503 Vossii
2650 5431 2873 5503 liber_et
2908 5431 3002 5486 alii
3031 5431 3161 5503 duo.
3196 5429 3339 5486 Editi
3370 5428 3653 5503 tamen-ca,

2076 5500 2311 5575 ἀρέσκον
2348 5503 2486 5574 Θεῷ.
2512 5502 2712 5575 Ibidem
2751 5500 2881 5557 editi
2912 5503 3023 5557 εἴτε
3053 5502 3307 5575 ἐνΑέργῳ,
3340 5501 3449 5575 sifts
3476 5500 3533 5551 ἐν
3558 5500 3646 5553 ἐν·

2084 5570 2339 5644 θυμήσει.
2362 5570 2592 5628 Αιίιιεε.
2610 5582 2678 5644 ut
2702 5573 2761 5644 in
2787 5579 3067 5627 contextu.
3102 5570 3479 5644 Subinde}in
3506 5582 3642 5623 mss.

2082 5641 2169 5700 διὰ
2192 5641 2285 5699 τοῦ
2308 5643 2567 5699 Χριστοῦ.
2594 5643 2697 5700 Alii
2734 5643 2841 5701 duo
2872 5653 2926 5699 et
2952 5644 3083 5700 editi
3115 5643 3202 5697 διὰ
3229 5643 3319 5697 τὸν
3348 5641 3551 5696 Κύριον
