4064 6238
326 311 464 366 1275

1420 311 1737 381 ,ΒΕΟΠΙΑΕ
1778 313 2072 368 BBEV'IUS
2121 313 2536 368 TRACTATIE.

3442 311 3576 364 1274

317 434 690 502 Πεποίθηο-ιν
719 433 785 487 δὲ
811 436 1092 502 τοιαύτην
1117 435 1338 505 ἔχομεν
1385 437 1484 490 διὰ
1517 437 1621 491 τοῦ
1645 437 1898 506 Χριστοῦ

2029 438 2358 507 ὀεἰιοιίοηο,
2386 451 2509 490 cum
2536 436 2832 504 Apostolus
2861 435 3009 489 dicat
3043 451 3056 488 :
3085 433 3367 488 Fiduciam
3403 451 3578 488 autem

315 528 468 597 πρὸς
491 527 597 580 τὸν
644 528 793 580 Θεόν
815 543 828 556 ·
859 530 972 610 οὐχ
1002 527 1091 580 ὅτι
1239 527 1467 582 ἑαυτῶν
1497 528 1691 582 ἱκανοί
1711 529 1898 596 ἐσμεν

2029 533 2166 583 atem
2214 528 2463 582 habemus
2503 543 2593 595 per
2638 525 2908 581 Christum
2939 526 3008 580 ad
3048 526 3219 580 Deum
3247 542 3264 579 :
3292 543 3396 580 non
3439 543 3575 597 quoa

315 617 681 689 λογίσασθαι
735 634 789 670 τι
815 617 896 683 ὡς
919 618 988 682 ἐξ
1021 617 1284 672 ἐαυτῶνο
1325 619 1462 672 ἀλλ’
1523 620 1561 685 ἠ
1620 617 1900 682 ἱκανότης

2029 623 2305 692 u/ﬁcientes
2339 636 2522 674 sumus
2561 621 2792 688 cogitare
2823 618 3026 688 aliquid
3061 636 3093 672 a
3129 619 3299 683 nobis,
3330 620 3484 686 quasi
3515 637 3579 673 ea:

316 709 487 780 ἡμῶν
532 709 601 763 ἐκ
648 709 755 762 τοῦ
796 709 943 762 Θεοῦ
989 709 1096 763 τοῦ
1144 708 1540 774 διδάσκοντος
1590 709 1900 776 ἄνθρωπον

2029 713 2149 764 ὀὁὶε
2176 726 2194 763 :
2217 709 2306 763 sed
2337 711 2644 779 sufﬁcientia
2671 719 2853 762 nastra
2882 723 2948 760 ea:
2977 708 3079 762 Deo
3108 719 3186 762 est
3207 709 3274 771 ⁸³,
3310 709 3400 777 qui
3427 709 3577 760 docet

316 799 565 871 γνῶσιν,
597 797 777 860 καθὼς
812 798 1140 870 γέγραπται.

843 913 1178 966 ΕΡΩΤΗΣΙΣ
1232 909 1390 972 ΣΟΕ’,

317 1026 387 1078 El
407 1023 667 1098 eorum
726 1023 1000 1098 érxo'glrat_
1014 1020 1528 1098 πρόθεσιν-ἁγίου
1553 1021 1584 1071 ό
1611 1019 1902 1098 Σατανᾶς,

395 1093 500 1174 ότι.
521 1085 842 1174 τέτραπται
863 1085 934 1174 ’ξι
1155 1093 1272 1162 μὲν
1299 1085 1903 1174 ῌαῦτλοςιπροεθέμηζ

395 1155 722 1242 adﬁciar-tacut
756 1163 917 1227 ἅπαξ
948 1155 1182 1228 καϊδὶςῖ,
1218 1162 1316 1218 καὶ
1346 1159 1640 1226 ἐνέκοψεν
1684 1155 1842 1226 ἡμᾶς
1872 1155 1905 1207 ὁ

397 1239 690 1300 Σατανας.
720 1252 738 1284 ι

917 1345 1311 1404 ΔΠΟΚΡΙΣΙΣ.

400 1461 524 1514 Των
575 1476 633 1513 εν
681 1458 870 1530 Κυρίῳ
907 1457 1351 1530 κατορθωμάτων
1392 1456 1463 1509 τὰ
1521 1456 1618 1525 μὲν
1652 1450 1906 1523 προθέσει

330 1554 426 1612 καὶ
481 1553 660 1625 κρίσει
707 1551 886 1622 ψυχῆς
929 1550 1248 1614 ὲκτελεῖται,
1304 1547 1374 1601 τὰ
1423 1547 1481 1600 δὲ
1522 1546 1610 1598 διὰ
1654 1543 1906 1613 σώματος

330 1650 632 1718 ἐνεργεῖται
659 1647 692 1718 ἢ
723 1648 781 1699 ὲν
811 1645 1012 1716 σπουδῇ
1044 1643 1077 1714 ἢ
1108 1644 1168 1697 ὲν
1207 1643 1476 1710 ὑπομονῇ.
1513 1639 1655 1691 Ὂσα
1691 1636 1788 1707 μὲν
1813 1629 1906 1688 οὖν

333 1742 391 1793 ὲν
424 1737 676 1809 προθέσει
701 1737 802 1808 τῆς
819 1737 995 1808 ψυχῆς
1023 1736 1117 1790 καὶ
1147 1733 1326 1805 κρίσει
1359 1735 1537 1785 κεῖται
1569 1728 1702 1798 (40),
1732 1725 1906 1780 ταῦτα

333 1831 568 1899 ὲγκόψαι
590 1829 766 1882 οὐδενὶ
793 1828 981 1898 τρόπῳ
1013 1825 1234 1879 δυνατόν
1262 1826 1378 1876 ὲστι
1405 1821 1484 1892 τῷ
1513 1821 1744 1889 Σατανᾷ·
1773 1820 1830 1871 ὲν
1851 1818 1908 1870 δὲ
1940 1821 1982 1875 Β

332 1927 448 1988 τοῖς
489 1923 577 1976 διὰ
615 1921 935 1993 σωματικῆς
982 1920 1262 1990 ἐνεργείας
1295 1913 1746 1988 κατορθουμένοις
1779 1911 1907 1964 πολ-

332 2019 490 2083 λάκις
535 2035 587 2072 τι
640 2017 738 2071 καὶ
786 2017 1121 2087 συγχωρεῖὸ
1152 2013 1285 2076 Θεὸς
1330 2009 1581 2080 γενέσθαι
1629 2006 1906 2077 ἐμπόδιον,

333 2113 415 2176 είς
447 2111 673 2182 δοκιμὴν
707 2110 802 2164 καὶ
852 2108 1068 2178 ἔλεγχον
1115 2105 1208 2159 τοῦ
1261 2100 1711 2175 ὲμποδιζομένου,
1744 2098 1832 2150 ἵνα
1874 2096 1907 2166 ἢ

337 2203 758 2275 μετατιθέμενος
787 2202 887 2271 τῆς
938 2199 1147 2271 ἀγαθῆς
1177 2197 1486 2269 προθέσεως
1531 2192 1790 2263 ἐλεγχθῇ,
1835 2189 1911 2251 ὡς

333 2301 384 2351 οἱ
411 2298 503 2350 ἐπὶ
534 2297 635 2367 τῆς
669 2295 872 2365 πέτρας
891 2291 1211 2364 σπαρέντες,
1243 2289 1292 2341 οἳ
1329 2287 1463 2359 πρὸς
1486 2284 1666 2352 ὀλίγον
1695 2282 1793 2354 μὲν
1821 2280 1910 2332 τὸν

336 2391 492 2460 λόγον
527 2388 663 2460 μετὰ
695 2388 823 2458 (1H)-
853 2387 1027 2458 χαρᾶς
1074 2383 1342 2449 ἐδέξαντο,
1379 2377 1676 2448 γενομένης
1717 2375 1773 2428 δὲ
1805 2373 1915 2426 θλί-

337 2483 503 2552 ψεως,
540 2479 741 2544 εὐθέως
783 2479 1132 2547 ἀπέστησαν·
1165 2475 1198 2546 ἢ
1255 2472 1532 2543 ἐπιμένων
1572 2472 1684 2532 τοῖς
1734 2467 1916 2527 καλοῖς

337 2571 630 2642 ἀποδειχθῇ
679 2571 737 2623 ὲν
770 2569 972 2638 σπουδῇ
1005 2565 1114 2619 τῶν
1148 2561 1614 2632 κατορθωμάτων,
1654 2558 1729 2620 ὼς
1758 2555 1918 2618 αὐτὸς

339 2667 370 2716 ὀ
412 2660 750 2724 Ἀπόστολος,
771 2661 829 2723 ὃς
861 2657 1121 2719 πολλάκις
1145 2655 1481 2726 προθέμενος
1506 2647 1758 2704 ἀπελθεῖν
1783 2646 1918 2716 πρὸς

341 2757 466 2819 τοὺς
503 2753 828 2825 Ῥωμαίους,
870 2752 964 2805 καὶ⁹
1007 2747 1292 2811 κωλυθεὶς,
1331 2745 1409 2808 ὡς
1437 2743 1598 2804 αὐτὸς
1632 2739 1918 2811 ὡμολόγη-

345 2864 457 2908 σεν,
521 2846 670 2915 ὅμως
729 2843 830 2896 οὐκ
882 2840 1158 2893 ἐπαύσατο
1209 2837 1400 2903 θέλων,
1441 2834 1632 2905 μέχρις
1683 2831 1771 2883 ὅτε
1827 2827 1922 2883 καὶ

345 2937 660 3008 ἐπλήρωσεν
688 2935 716 2986 ὃ
761 2932 1053 3003 προέθετο·
1090 2931 1149 2983 ὲν
1191 2928 1247 2981 δὲ
1291 2928 1560 2996 ὑπομονῇ,
1590 2923 1665 2985 ὡς
1702 2923 1731 2973 ὁ
1780 2918 1920 2980 Ἰὼϐ,

343 3029 424 3094 ὃς,
464 3027 702 3082 τοσαῦτα
733 3025 845 3095 (42)
891 3024 995 3078 ὑπὸ
1024 3021 1118 3078 τοῦ
1163 3019 1406 3073 διαϐόλου
1441 3016 1649 3082 παθὼν,
1685 3014 1925 3084 ἀναγκά-

2007 803 2267 857 hominem
2326 801 2688 861 scientiam“,
2721 799 2862 853 sicut
2894 799 3158 868 scriptum
3189 807 3294 854 est.

2363 909 2882 968 INTERROGATIO
2921 909 3220 965 CCLXXV.

2009 1027 2261 1097 Nunquid
2312 1028 2484 1081 sancti
2541 1026 2768 1094 alicujus
2829 1025 3106 1078 consilium
3158 1025 3580 1092 propositumque

2077 1095 2310 1151 Satanas
2345 1098 2508 1164 possit
2540 1099 2790 1163 impedire
2821 1113 2837 1148 :
2871 1097 3119 1160 quoniam
3171 1095 3424 1162 scriptum
3462 1103 3538 1164 est
3561 1108 3579 1144 :

2081 1188 2099 1218 ι
2138 1168 2244 1238 Ego
2316 1162 2491 1224 uident
2533 1162 2732 1220 Paulus
2766 1166 3014 1238 prop_osui
3042 1165 3211 1238 venire
3259 1173 3310 1216 et
3351 1162 3508 1216 semel
3531 1171 3580 1215 et

2083 1233 2297 1305 iterant,
2328 1239 2417 1294 sed
2448 1238 2711 1291 inmedivit
2750 1253 2843 1288 nos
2869 1233 3101 1288 Satanas
3125 1236 3190 1286 ⁵⁵.
3225 1253 3244 1286 ι

2597 1347 3002 1404 liESPO-NSIO.

2086 1493 2232 1548 Inter
2263 1502 2410 1548 recte
2456 1492 2598 1546 facta
2624 1506 2746 1561 quae
2782 1491 2836 1543 in
2871 1487 3098 1541 Domino
3131 1486 3285 1550 ﬁunt,
3323 1486 3430 1539 alia
3459 1501 3584 1557 per-

2015 1587 2272 1640 ﬁciuntur
2298 1601 2326 1636 a
2360 1584 2644 1638 voluntate
2671 1590 2724 1634 et
2757 1595 2787 1632 a
2809 1579 3018 1648 judicio
3054 1579 3248 1631 animae
3277 1596 3290 1631 :
3323 1577 3428 1630 alia
3458 1592 3588 1631 vero

2010 1693 2113 1748 ope
2156 1676 2405 1746 corporis
2457 1683 2548 1727 aut
2580 1688 2675 1742 per
2709 1670 2950 1725 studium
3003 1674 3097 1720 aut
3142 1681 3238 1736 per
3271 1666 3586 1735 patientiam

2011 1767 2273 1820 eduntur.
2319 1763 2666 1832 Quaecunque
2700 1759 2866 1829 igitur
2893 1759 2946 1811 iu
2980 1757 3179 1810 anima:
3204 1756 3483 1810 voluntate
3527 1770 3592 1808 ac

2012 1859 2222 1930 judicio
2257 1857 2361 1910 sita
2398 1862 2546 1917 sunt,
2591 1869 2654 1907 ea
2695 1850 2928 1904 Satanas
2963 1847 3228 1918 impedire
3255 1846 3405 1900 nullo
3431 1844 3592 1898 modo

2022 1959 2236 2020 potest:
2272 1949 2326 2000 in
2358 1947 2425 2002 iis
2469 1961 2599 1999 vero
2631 1961 2752 2013 qua:
2801 1957 2897 2012 per
2941 1938 3282 2008 corporalem
3327 1937 3593 1990 actionem

2018 2049 2302 2113 geruntur,
2356 2038 2502 2093 Deus
2550 2037 2892 2106 plerumque,
2949 2046 3098 2093 eum,
3135 2029 3228 2099 qui
3277 2027 3592 2098 impeditur,

2020 2134 2348 2204 probaturus
2381 2146 2445 2183 ac
2474 2129 2885 2198 exploraturus,
2917 2121 3122 2191 aliquid
3146 2121 3297 2174 nasci
3331 2119 3596 2190 permittit

2021 2223 2434 2296 impedimenti:
2470 2229 2530 2275 ut
2576 2231 2669 2273 aut
2715 2225 2958 2271 mutasse
2999 2215 3206 2268 bonum
3252 2211 3594 2283 propositum

2019 2319 2399 2380 convincatur,
2435 2314 2587 2368 velut
2618 2312 2652 2364 ii
2685 2310 2779 2381 qui
2815 2310 3035 2363 fuerant
3068 2320 3235 2376 supra
3267 2311 3476 2374 petram
3510 2317 3598 2357 se-

2021 2407 2232 2469 minati,
2266 2407 2360 2476 qui
2396 2404 2464 2459 ad
2511 2405 2674 2456 breve
2713 2401 2935 2471 quidem
2981 2408 3200 2468 tempus
3243 2410 3367 2449 cum
3399 2393 3598 2465 gaudio

2021 2505 2386 2568 susceperunt
2415 2493 2666 2555 verbum,
2703 2499 2893 2546 exorta
2923 2504 3054 2544 vero
3087 2487 3441 2550 adversitate,
3470 2500 3600 2538 con-

2023 2589 2205 2645 l‘estim
2237 2589 2589 2642 recesserunt
2611 2584 2658 2614 “
2695 2590 2829 2635 :aut
2869 2589 3130 2651 appareat
3159 2594 3284 2633 eum
3327 2591 3424 2647 per
3451 2583 3603 2630 recte

2025 2681 2295 2735 factorum
2351 2677 2594 2733 studium
2646 2674 2700 2727 in
2759 2672 2921 2727 bonis
2963 2684 3315 2742 perseverare
3356 2687 3369 2722 :
3409 2681 3600 2737 quem-

2025 2770 2316 2824 admodum
2349 2769 2465 2837 ipse
2503 2764 2820 2834 Apostolus,
2866 2762 2958 2831 qui
3008 2776 3115 2814 non
3169 2774 3296 2813 raro
3321 2756 3606 2828 proposuit

2026 2863 2091 2914 ad
2113 2860 2392 2912 Romanos
2423 2856 2707 2919 accedere,
2738 2863 2792 2906 et
2817 2852 2945 2904 licet
2976 2848 3295 2918 impeditus,
3322 2848 3469 2900 velut
3492 2847 3608 2915 ipse

2026 2952 2317 3006 confessus
2365 2948 2539 3014 est",
2575 2958 2753 3000 tamen
2792 2959 2902 2997 non
2959 2941 3172 2995 destitit
3226 2939 3386 3000 velle,
3433 2937 3608 2991 donec

2028 3043 2177 3114 quod
2231 3046 2616 3112 proposuerat,
2663 3034 3000 3105 perfecerit;
3050 3033 3104 3085 in
3147 3030 3411 3102 patientia
3456 3041 3608 3089 vero,

345 3125 527 3187 ζοντος
579 3117 914 3190 φθέγξασθαί
971 3133 1024 3169 τι
1077 3114 1430 3186 βλάσφημον,
1472 3111 1506 3180 ἢ
1553 3107 1927 3180 ἀχαριστῆσαι

2038 3107 2114 3192 uti
2141 3107 2264 3197 Job,
2303 3107 2395 3202 qui
2439 3139 2591 3184 tanta
2649 3129 2789 3181 mala
2830 3140 3125 3197 perpessus
3174 3138 3204 3176 a
3246 3119 3485 3184 diabolo,
3517 3119 3611 3188 qui

307 3264 310 3266 _
346 3212 488 3283 Θεῷ,
519 3213 612 3266 καὶ
654 3211 815 3280 μέχρι
843 3209 951 3260 τῶν
983 3207 1228 3276 ἐσχάτων
1259 3199 1558 3273 συμφορῶν
1595 3202 1696 3254 οὐκ
1735 3199 1927 3269 ἐξέστη

2036 3245 2162 3283 cum
2195 3199 2527 3295 impellebat,
2560 3230 2616 3274 ut
2650 3219 2954 3290 blasphemi
3006 3215 3212 3286 aliquid
3257 3213 3486 3277 diceret,
3521 3220 3614 3265 aut

345 3308 446 3375 τῆς
485 3302 742 3365 εὐσεϐοῦς
787 3301 1041 3372 κρίσεως,
1078 3297 1171 3351 καὶ
1211 3294 1306 3348 τοῦ
1365 3295 1580 3364 φρονεῖν
1629 3292 1757 3362 περὶ
1793 3289 1928 3343 Θεοῦ

351 3395 536 3464 ὑγιῶς.
578 3393 895 3462 Γέγραπται
933 3389 1042 3460 γὰρ
1071 3389 1200 3459 περὶ
1230 3385 1432 3450 αὐτοῦ’
1480 3385 1583 3437 Ἐν
1615 3382 1765 3437 πᾶσι
1799 3382 1931 3436 τοὺ-

350 3505 475 3552 τοις
553 3485 734 3538 οὐδὲν
780 3483 1042 3553 ἥμαρτεν
1083 3477 1243 3550 (45)
1300 3474 1430 3532 Ἰὼϐ
1480 3473 1605 3540 τοῖς
1661 3473 1932 3542 χείλεσιν

352 3577 538 3632 αὑτοῦ
563 3576 840 3630 ἐναντίον
875 3573 982 3628 τοῦ
1018 3570 1187 3636 Θεοῦ,
1215 3567 1314 3622 καὶ
1345 3570 1455 3621 οὐκ
1486 3565 1711 3621 ἔδωκεν
1750 3566 1932 3635 ἀφρο-

355 3671 556 3736 σύνην
579 3666 657 3732 τῷ
693 3665 834 3730 Θεῷ.

874 3890 1204 3946 armum
1241 3891 1419 3955 Σοςι.

367 4014 429 4067 Tt
438 4014 568 4066 ἐστι
589 4009 655 4062 τὸ
671 4007 790 4062 ὑπὸ
812 4003 919 4059 τοῦ
951 4003 1323 4058 Ἀποστόλου
1334 4003 1668 4068 εἰρημένον,
1705 4017 1722 4048 ι
1751 3999 1856 4068 Εἰς
1873 3996 1936 4048 τὸ

431 4078 765 4150 δοκιμάζειν
782 4073 959 4150 ὑμᾶς,
982 4077 1039 4127 τί
1068 4071 1134 4126 τὸ
1161 4067 1392 4150 θέλημα
1413 4070 1519 4124 τοῦ
1542 4069 1689 4122 Θεοῦ
1711 4067 1777 4121 τὸ
1798 4068 1939 4137 ἀγα-

433 4140 576 4215 oar;
597 4150 695 4202 καὶ
726 4140 1074 4214 εὐάρεστον,
1105 4144 1203 4196 καὶ
1235 4140 1486 4204 celsior;
1526 4157 1546 4192 ι

667 4289 670 4292 -
952 4255 1344 4311 ΑΠΟΚΡΙΣΙΣ.

436 4379 614 4435 Πολλά
653 4378 822 4440 ἐστιν,
853 4372 893 4428 ἃ
928 4373 957 4426 ὁ
983 4371 1116 4434 Θεὸς
1144 4368 1324 4422 θέλει·
1366 4365 1436 4420 τὰ
1469 4367 1567 4436 μὲν
1598 4366 1657 4418 ὲν
1697 4362 1808 4434 (44)
1841 4377 1944 4431 μα-

2032 3330 2179 3376 esset
2211 3319 2263 3372 in
2299 3317 2468 3372 Deum
2512 3316 2783 3383 ingratus,
2820 3310 3181 3364 nihilominus
3228 3316 3407 3360 lainen
3447 3305 3612 3358 etiam

2035 3414 2102 3467 ad
2133 3419 2413 3466 extremas
2438 3421 2613 3476 usque
2638 3403 2983 3458 calamitates
3012 3414 3188 3469 neque
3217 3412 3247 3449 a
3274 3396 3364 3466 pio
3380 3395 3612 3464 judicio,

2035 3518 2212 3573 neque
2248 3517 2276 3553 a
2316 3515 2451 3556 sana
2487 3499 2556 3552 de
2586 3495 2696 3550 Deo
2721 3494 3010 3562 scntentia_
3035 3488 3267 3545 recessit
3297 3505 3311 3542 :
3345 3485 3612 3556 siquidem

2035 3596 2103 3650 de
2137 3609 2202 3649 eo
2240 3591 2507 3660 scriptum
2544 3597 2627 3643 cst
2661 3607 2673 3640 :
2709 3585 2773 3639 In
2809 3583 3052 3639 omnibus
3089 3582 3170 3633 his
3215 3577 3346 3632 nihil
3388 3578 3616 3646 peccavit

2033 3685 2132 3740 Job
2179 3684 2332 3738 labiis
2381 3683 2492 3735 suis
2533 3696 2713 3733 coram
2760 3676 2890 3740 Deo,
2936 3684 2985 3728 et
3034 3688 3138 3726 non
3184 3668 3328 3722 dedit
3363 3667 3614 3736 insipien-

2037 3780 2167 3832 tiam
2196 3777 2303 3830 Deo
2325 3775 2407 3828 ‘3?

2385 3877 2907 3938 INTERROGATIO
2954 3872 3274 3931 CCLXX“.

2043 3999 2184 4067 Quid
2216 4008 2326 4062 est,
2361 3996 2498 4067 quod
2536 3995 2738 4048 dictum
2774 4002 2852 4067 est
2887 3991 2958 4067 at}
2988 3989 3283 4067 Apostolo_:
3325 4006 3343 4037 ι
3392 3985 3458 4067 (lt
3491 4002 3614 4055 pro-

2113 4072 2242 4124 betis
2276 4058 2391 4139 qua}
2429 4069 2503 4139 sit
2528 4067 2770 4119 voluntas
2801 4064 2896 4117 Dei
2929 4061 3103 4130 bona,
3149 4069 3198 4112 et
3249 4058 3616 4127 beneplacens,

2112 4151 2159 4194 et
2205 4137 2433 4209 per/ecta
2465 4137 2532 4190 ‘°.
2587 4156 2605 4188 ι

2624 4240 2892 4296 RESPON
2902 4238 3026 4294 SlO.

2115 4359 2282 4414 Multa
2315 4365 2474 4423 sunt,
2530 4372 2654 4427 qua:
2695 4354 2812 4409 vult
2855 4351 3041 4406 Deus:
3093 4349 3201 4402 alia
3253 4345 3474 4417 quidem
3526 4360 3623 4415 per

369 4471 642 4546 κροθυμίᾳ
668 4468 763 4522 καὶ
798 4463 1147 4537 χρηστότητι,
1192 4460 1338 4529 ἅπερ
1367 4458 1550 4528 ἀγαθά
1596 4456 1711 4511 ὲστί
1760 4473 1822 4508 τε
1848 4454 1927 4508 κα¹

2047 4453 2390 4505 tolerantiam
2422 4455 2477 4503 et
2506 4444 2894 4516 benignitatem
2921 4483 2935 4503 ,
2971 4455 3095 4510 quae
3123 4447 3180 4493 et
3209 4439 3352 4493 bona
3401 4443 3529 4491 sunt
3572 4443 3624 4488 et

369 4525 587 4636 λέγεται
605 4525 627 4593 ’⁸
664 4560 737 4614 τὰ
995 4525 1162 4628 ὀργὴν
1190 4553 1278 4606 διὰ
1308 4525 1428 4614 ’τάξ
1451 4550 1727 4622 ἁμαρτίας
1763 4546 1927 4618 ἡμῶν

2053 4551 2317 4596 vocantur
2346 4561 2358 4596 :
2393 4540 2500 4594 alia
2549 4553 2681 4592 vero
2722 4551 2818 4605 per
2852 4535 2990 4586 iram
3033 4531 3104 4584 ob
3138 4537 3361 4599 peccata
3391 4533 3584 4579 nostra
3605 4563 3620 4587 ,

371 4660 517 4727 ειπερ
563 4652 711 4708 κακὰ
755 4647 1099 4720 ὀνομάζεται.
1149 4642 1288 4714 Ἐγὼ
1341 4641 1451 4712 γάρ
1487 4644 1626 4710 ειμι,
1682 4639 1867 4708 φησὶν,
1909 4638 1942 4688 ό

373 4747 560 4805 ποιῶν
603 4743 872 4813 εἰρήνην,
917 4738 1018 4794 καὶ
1048 4736 1255 4798 κτίζων
1307 4733 1482 4788 κακά.
1539 4729 1700 4786 Κακὰ
1741 4729 1820 4791 δὲ,
1850 4727 1948 4796 οὐχ

374 4843 513 4912 ὑπὲρ
541 4832 616 4893 ὧν
645 4831 1008 4904 κολαζόμεθα,
1055 4829 1190 4883 ἀλλὰ
1227 4828 1293 4880 δι’
1323 4821 1400 4879 ὦν
1441 4820 1828 4893 παιδευόμεθα.
1868 4819 1949 4871 Τὰ

373 4935 430 4988 δὲ
468 4930 811 4988 παιδεύοντα,
858 4925 953 4978 καὶ
985 4923 1073 4976 διὰ
1111 4921 1214 4992 τῆς
1245 4918 1540 4982 κακώσεως
1580 4917 1658 4978 εἰς
1701 4916 1954 4984 ἐπιστρο-

379 5025 484 5094 φὴν
516 5023 738 5090 ἄγοντα,
777 5017 981 5088 γίνεται
1011 5014 1091 5078 εἰς
1139 5010 1361 5082 ἀγαθόν.
1393 5011 1534 5062 Ὅσα
1583 5007 1679 5078 μὲν
1708 5001 1800 5058 οὖν
1847 5022 1950 5074 μα-

454 5203 500 5234 ⁵³
538 5201 582 5255 ll
613 5199 741 5255 Cor.
779 5213 880 5260 ιιι,
915 5196 980 5258 4,
1188 5192 1236 5224 ’δ
1273 5189 1430 5260 Psal.
1459 5203 1590 5260 xcm
1615 5227 1629 5249 ,
1667 5186 1754 5239 lO.

383 5274 428 5306 ⁸⁸
465 5253 780 5335 ,Ιοίίιήξέὶ
856 5253 902 5301 έ⁹
943 5253 1102 5321 Rom.
1137 5278 1249 5325 xu,
1281 5263 1336 5314 ‘2.
1415 5259 1461 5290 ⁸ο
1504 5258 1606 5311 lsa.
1646 5273 1768 5318 XLV,
1804 5253 1857 5307 Ἰ.

445 5426 571 5496 ,(40)
602 5425 835 5496 Edili_et
865 5422 997 5491 Reg.
1025 5417 1220 5496 tertius
1248 5418 1304 5467 ὲν
1336 5410 1590 5496 προθέσει
1611 5408 1800 5496 ¹ψυχῆς
1833 5410 1948 5496 sient;-

387 5478 719 5552 mil—Codex
755 5478 914 5550 Voss.
948 5478 1013 5546 ’ἔτι
1051 5488 1142 5543 alii
1173 5486 1283 5539 duo
1310 5478 1458 5537 ut'iu
1501 5488 1782 5552 contextu.
1840 5478 1955 5528 Ali-

387 5551 598 5638 quanto
651 5565 794 5620 inl‘ra
830 5563 966 5638 editi
1008 5558 1266 5620 πολλάκις
1304 5571 1364 5606 τε
1401 5552 1514 5605 καί.
1553 5551 1624 5603 At
1667 5565 1801 5604 mss.
1843 5557 1956 5603 tres

390 5635 646 5700 πολλάκις
668 5654 720 5690 τι
747 5635 862 5689 καί.

465 5685 984 5780 Πόὲέίίᾝειυε
1007 5700 1152 5780 liber.
1177 5703 1229 5750 et
1253 5694 1342 5746 alii
1367 5691 1476 5745 duo
1506 5689 1716 5780 μὲν-τὸν
1754 5685 1954 5780 σπόρον

399 5759 576 5853 pera—,1
617 5759 790 5835 semen
833 5791 948 5829 cum
995 5768 1187 5842 gaudio
1245 5772 1560 5833 receperunt.
1607 5759 1726 5814 Mox
1782 5759 1950 5813 codex

1870 5183 1916 5213 ⁵⁵
1956 5182 1976 5233 ῐ
2010 5179 2203 5235 Thess.
2242 5197 2316 5245 ιι,
2357 5178 2439 5232 18.

2052 4651 2172 4704 quae
2203 4633 2557 4688 nominantur
2607 4628 2772 4680 mala.
2813 4623 2925 4693 Ego
2963 4622 3102 4675 enim
3135 4634 3274 4681 sum,
3311 4614 3508 4684 inquit,
3536 4615 3625 4683 qui

2053 4727 2193 4794 facio
2239 4740 2442 4793 pacem,
2495 4732 2545 4775 et
2604 4735 2722 4773 creo
2771 4715 2917 4769 mala
2947 4715 3012 4764 ⁶⁰.
3067 4710 3204 4764 Mala
3257 4715 3468 4771 autem,
3517 4719 3628 4757 non

2055 4827 2276 4890 propter
2292 4831 2414 4886 quae
2443 4813 2721 4884 punimur,
2751 4809 2843 4865 sed
2871 4805 3030 4876 512
3065 4817 3159 4871 per
3184 4814 3305 4869 qua:
3323 4797 3626 4853 erudimur.

2056 4889 2228 4966 Porro
2258 4926 2378 4980 qua:
2408 4906 2698 4966 erudiunt,
2738 4909 2792 4956 et
2838 4915 2934 4970 per
2963 4894 3365 4951 alllictationem
3399 4889 3468 4943 ad
3498 4901 3627 4942 con-

2057 5004 2365 5059 versionem
2398 5000 2628 5060 ducunt,
2657 4995 2859 5049 cedunt
2910 4991 2962 5043 in
3017 4989 3240 5041 bonum.
3280 4982 3634 5050 Quaecunque

2551 5177 2596 5206 ⁵⁵
2637 5173 2768 5227 Luc.
2806 5187 2935 5232 vui,
2975 5170 3059 5221 l5.
3173 5167 3216 5195 ⁵⁷
3261 5166 3418 5219 Rom.
3455 5177 3502 5222 I,
3546 5159 3627 5211 15.

2064 5405 2215 5460 Colh.
2245 5404 2474 5474 θλίψεως

2571 5399 2598 5450 δ
2605 5413 2702 5464 ιωγ
2709 5397 2824 5467 μῶν
2832 5436 2844 5447 .

2136 5475 2247 5569 ς-ΨΞ)
2287 5463 2507 5540 Antiqui
2529 5463 2639 5522 duo
2669 5463 2788 5520 libri
2818 5468 2895 5530 ὃς,
2921 5463 3161 5516 τοιαῦτα.
3598 5525 3622 5536 -

2166 5547 2241 5569 un
2285 5543 2435 5569 I1“..-
2488 5555 2566 5569 .“a
2645 5537 2855 5569 ..λιιι-Αυ-
2892 5537 3004 5569 ρ-Λῗι·
3043 5529 3444 5569 κιιηιῖειτπνόμην
3484 5527 3622 5569 αὕτη

2101 5529 2243 5668 ν
2285 5529 2448 5598 υηιιέ
2487 5555 2590 5595 ms.
2645 5529 2866 5601 τούτοις
2892 5537 3004 5597 τοῖς
3043 5529 3444 5602 συμόεόηκόσιν
3484 5529 3634 5596 αὐτῷ

2061 5635 2120 5668 Ου
2154 5633 2231 5670 εν.

2136 5667 2247 5757 lii)
2280 5683 2544 5740 Voculam
2585 5684 2640 5736 ἐν
2686 5678 2992 5735 addidimus
3035 5690 3097 5729 ex
3137 5672 3291 5728 libris
3334 5667 3629 5724 veteribus.
