4064 6238
490 302 628 359 1275

1801 302 1860 358 S.
1910 299 2152 355 BASlLll
2192 299 2408 357 MAGNI

3612 295 3759 351 {276

485 415 652 486 igitur
685 412 829 470 Deus
859 413 977 469 vult
1006 428 1108 471 ceu
1148 414 1394 471 tolerans
1442 411 1497 470 et
1525 414 1828 484 benignus,
1878 413 1995 468 haec
2020 421 2075 469 et

2179 410 2471 484 κροθυμῶν
2524 409 2617 464 καὶ
2668 409 3103 483 χρηπευὸμενος
3148 408 3290 464 θέλει
3320 411 3349 464 6
3387 410 3539 474 Θεὸς,
3583 412 3763 465 ταῦτα.

482 522 585 561 nos
617 506 852 561 velimus
880 505 1270 574 imitemurque
1301 520 1531 561 necesse
1551 515 1657 560 est.
1694 503 1880 559 Estote
1905 505 2067 569 enim,

483 598 680 665 inquit,
707 597 1092 661 misericordes,
1120 598 1258 651 sicut
1299 607 1348 650 et
1393 596 1557 652 Pater
1579 606 1745 651 vester
1774 598 2070 651 misericors

482 697 559 741 est
585 688 650 740 εί.
685 687 874 741 Itidem
908 687 1239 757 Apostolus:
1293 686 1500 751 Estote,
1546 688 1742 758 inquit.
1779 689 2071 743 imitatores

486 780 602 845 Dei,
633 780 771 834 sicut
799 780 900 849 ﬁlii
931 779 1233 834 charissimi
1251 794 1270 842 ,'
1305 789 1354 833 et
1393 779 1660 833 ambulate
1682 780 1738 833 in
1770 778 2070 842 dilectione,

484 872 622 926 sicut
677 880 726 925 et
776 870 1021 925 Christus
1081 870 1269 926 dilexit
1325 888 1420 925 nos
1451 872 1517 925 “.
1549 870 1901 941 Quaecunque
1944 886 2075 925 vero

490 974 834 1032 peccatorum
888 971 1209 1018 nostrorum
1265 977 1433 1017 causa
1487 978 1586 1034 per
1642 963 1781 1017 iram
1829 963 2072 1029 inducit,

486 1069 628 1123 quae,
661 1054 741 1107 uti
784 1053 898 1122 jam
954 1054 1104 1117 dixi,
1150 1053 1274 1108 ideo
1323 1053 1671 1123 appellantur
1724 1053 1892 1117 mala,
1927 1053 2073 1122 quod

490 1145 797 1199 molestiam
835 1143 1088 1208 aﬂerant,
1119 1159 1183 1198 ea
1212 1143 1391 1198 facere
1425 1144 1584 1199 nobis
1630 1144 1783 1198 nullo
1813 1143 1976 1198 modo
2009 1144 2077 1197 li-

489 1245 596 1291 cet.
648 1234 835 1305 Neque
866 1234 1012 1289 enim
1044 1236 1303 1305 quoniam
1337 1236 1595 1291 voluntas
1626 1235 1721 1291 Dei
1752 1244 1857 1303 est,
1886 1243 1945 1289 ut
1979 1235 2078 1289 ho-

490 1328 667 1382 mines
701 1343 846 1397 saepe
875 1336 972 1381 aut
993 1327 1157 1392 fame,
1187 1335 1282 1381 aut
1305 1335 1482 1398 peste,
1512 1338 1609 1383 aut
1639 1328 1802 1395 bello,
1837 1334 1933 1381 aut
1968 1327 2076 1381 alia

492 1419 731 1489 quadam
762 1418 1081 1489 hujusmodi
1112 1419 1425 1473 calamitate
1450 1420 1856 1485 interimuntur,
1887 1435 2078 1479 conve-

490 1508 574 1562 nit
606 1508 733 1563 huic
765 1524 867 1563 nos
890 1508 1156 1563 voluntati
1182 1509 1475 1566 inservire.
1499 1509 1635 1564 Nam
1662 1510 1731 1565 ad
1765 1526 1855 1567 res
1879 1510 2078 1583 hujus-

490 1599 639 1652 modi
669 1601 833 1662 etiam
870 1599 1031 1653 malis
1063 1599 1334 1655 ministris
1363 1600 1542 1655 utitur
1595 1600 1742 1659 Deus
1762 1641 1778 1667 ,
1834 1602 1992 1672 juxta
2022 1601 2078 1657 id

489 1690 638 1760 quod
672 1691 940 1762 scriptum
970 1698 1095 1751 est:
1130 1691 1283 1745 Misit
1328 1693 1384 1745 in
1410 1709 1499 1748 eos
1532 1694 1667 1747 iram
1697 1694 2077 1765 indignationis

2172 504 2269 556 καὶ
2297 503 2446 574 ἡμᾶς
2494 503 2589 557 κα)⁵
2619 501 2793 555 θέλειν
2834 502 2927 556 καὶ
2973 499 3257 572 μιμεῖσθαι
3299 502 3612 570 ἀναγκαῖον.
3652 504 3761 557 Γί-

2172 597 2352 648 νεσθε
2373 594 2502 664 γὰρ,
2533 594 2718 664 φησὶν,
2743 592 3136 662 οἰκτίρμονες,
3165 589 3361 659 καθὼς
3384 593 3482 647 καὶ
3503 597 3536 648 ό
3553 595 3767 665 Πατὴρ

2171 684 2341 755 ὑμῶν
2374 685 2486 757 (45)
2519 686 2838 754 οἰκτίρμων
2877 683 3070 738 ἐστίν.
3103 684 3217 736 Καὶ
3247 685 3277 736 6
3321 684 3642 749 Ἀπὸστολος
3678 685 3767 751 δὲ,

2172 778 2453 842 Γίνεσθε,
2480 777 2639 848 φησὶ,
2666 775 2916 847 μιμηταὶ
2942 775 3051 831 τοῦ
3091 774 3262 840 Θεοῦ,
3302 775 3384 841 ὡς
3411 778 3594 829 τέκνα
3619 776 3769 847 ἀγα-

2173 868 2363 934 πητά·
2414 868 2517 921 καὶ
2563 867 2938 936 περιπατεῖτε
2974 868 3045 921 ἐν
3077 866 3297 935 ἀγάπῃ,
3339 865 3533 933 καθὼς
3580 867 3681 921 καὶ
3732 871 3771 922 ὁ

2173 958 2428 1027 Χριστὸς
2476 958 2794 1029 ἠγάπησεν
2818 956 2995 1027 ἡμᾶς,
3033 958 3175 1011 Ὅσα.
3207 957 3266 1010 δὲ
3321 958 3437 1010 κατ’
3475 958 3646 1031 ὀργὴν
3671 957 3770 1013 διὰ

2172 1050 2272 1114 τὰς
2319 1051 2594 1122 ἁμαρτίας
2642 1050 2800 1121 ήμῶν
2831 1049 3052 1119 ἐπάγει,
3083 1048 3255 1103 ταῦτα
3292 1050 3436 1103 κακὰ
3471 1049 3766 1121 λεγόμενα,

2173 1142 2252 1206 ὼς
2284 1138 2459 1207 εἷπον,
2503 1140 2581 1213 τῷ
2629 1141 2774 1212 λόγῳ
2811 1142 2910 1213 τῆς
2951 1139 3266 1206 κακώσεως,
3308 1141 3370 1195 οὐ
3410 1142 3628 1206 πάντως
3667 1142 3773 1195 καὶ

2175 1235 2306 1305 ἡμῖν
2335 1233 2513 1299 ἔξεστι
2554 1236 2728 1287 ποιεῖν
2761 1233 2896 1311 (46).
2931 1233 3008 1287 Οὐ
3037 1232 3147 1304 γὰρ
3174 1232 3361 1305 ἐπειδὴ
3390 1232 3603 1304 θέλημα
3627 1232 3772 1290 Θεοῦ

2176 1328 2314 1391 ἐστι,
2341 1327 2486 1399 λιμῷ
2515 1327 2796 1393 πολλάκις,
2823 1327 2856 1400 ἢ
2884 1326 3136 1399 λοιμῷ,ἥ
3164 1327 3403 1398 πολέμῳ,
3431 1327 3464 1397 ἢ
3489 1326 3636 1399 ἄλλῳ
3656 1328 3775 1383 τινὶ

2173 1419 2403 1491 τοιούτῳ
2428 1419 2797 1492 διαφθαρῆναι
2821 1417 3167 1491 ἀνθρώπους,
3188 1417 3268 1489 τῷ
3294 1420 3560 1491 θελήματι
3585 1419 3774 1491 τούτῳ

2177 1512 2634 1583 ὲξυπηρετεῖσθιιι
2671 1512 2821 1584 ἡμᾶς
2843 1513 2970 1583 χρή.
3008 1513 3154 1584 Πρὸς
3186 1510 3296 1584 γὰρ
3321 1510 3389 1564 τὰ
3417 1510 3642 1565 τοιαῦτα.
3671 1511 3772 1564 καὶ

2179 1604 2478 1677 ὑπηρέταις
2506 1607 2698 1668 κακοῖς
2725 1606 2754 1658 6
2792 1603 2927 1669 Θεὸς
2956 1604 3240 1676 κέχρηται,
3279 1603 3420 1658 κατὰ
3444 1603 3505 1657 τὸ
3532 1602 3795 1676 εἰρημέ-’

2179 1714 2289 1761 νον,
2332 1698 2414 1751 ὅτι
2454 1697 2922 1757 Ἐεαπέστειλεν
2961 1700 3050 1763 εἰς
3090 1696 3311 1762 αὐτοὺς
3348 1695 3537 1765 ὀργὴν
3572 1694 3772 1765 θυμοῦ

490 1798 636 1849 sua,
668 1782 1080 1854 indignationem
1103 1823 1120 1849 ,
1166 1794 1216 1838 et
1246 1786 1407 1847 iram,
1437 1795 1487 1839 et
1521 1784 1945 1851 tribulationem,
1976 1788 2071 1840 im-

2179 1789 2386 1851 αὐτοῦ,
2423 1788 2618 1858 θυμὸν
2649 1789 2747 1843 καὶ
2779 1789 2988 1859 ὀργὴν,
3019 1788 3119 1843 καὶ
3151 1790 3380 1857 θλίψιν,
3408 1787 3777 1855 ἀποστολὴν

491 1876 797 1930 missionem
855 1892 949 1945 per
1007 1877 1221 1948 angelos
1273 1878 1444 1934 malos
1482 1879 1549 1934 ⁸³.
1606 1878 1850 1934 Primum
1904 1880 2074 1951 igitur

490 1966 840 2037 quaerendum
869 1976 1113 2040 est,qu:c
1150 1971 1221 2025 sit
1244 1969 1339 2025 Dei
1364 1971 1616 2027 voluntas
1639 1972 1781 2026 bona
1807 1990 1820 2026 :
1852 1971 2071 2037 deinde,

493 2059 584 2114 ubi
633 2061 1056 2130 cognoverimus
1117 2062 1357 2130 bonam;
1439 2072 1555 2116 tum
1611 2062 2073 2133 expendendum,

491 2163 561 2202 an
595 2149 735 2203 bona
786 2150 901 2205 hac
950 2152 1207 2205 voluntas
1249 2151 1323 2206 sit
1356 2151 1522 2206 etiam
1555 2150 1667 2207 Deo
1715 2161 1869 2220 grata
1900 2161 1956 2208 et
1983 2168 2074 2208 ac-

490 2247 668 2311 cepta.
703 2240 801 2296 Est
824 2242 972 2297 enim
1004 2241 1214 2312 aliquid
1241 2243 1387 2312 quod
1423 2244 1690 2313 peculiari
1735 2245 1954 2315 quidem
1988 2260 2076 2300 ra-

492 2334 643 2388 tione
664 2341 719 2387 et
746 2332 842 2388 Dei
874 2340 959 2389 est
979 2335 1256 2400 voluntas,
1276 2342 1331 2388 et
1360 2335 1502 2391 bona
1527 2337 1785 2392 voluntas
1814 2343 1899 2392 est
1926 2357 1940 2393 :
1977 2337 2075 2393 sed

491 2434 695 2488 tamen,
715 2424 761 2479 si
781 2423 836 2479 id
859 2422 1060 2480 factum
1080 2427 1151 2481 sit
1169 2425 1334 2480 modo
1360 2435 1713 2496 autpersonaa
1736 2438 1829 2483 aut
1847 2429 2075 2498 tempori

491 2528 601 2567 non
624 2521 774 2584 apto,
795 2530 902 2568 non
926 2514 1037 2584 jam
1061 2516 1296 2586 amplius
1317 2516 1425 2572 Deo
1451 2519 1649 2586 placet.
1685 2518 2076 2589 Exemplicau-

490 2620 572 2666 sa,
594 2604 847 2661 voluntas
874 2612 993 2659 erat
1020 2604 1138 2670 Dei,
1173 2623 1346 2678 eaque
1366 2609 1507 2663 bona
1523 2617 1660 2673 erat,
1682 2608 1901 2665 adolere
1935 2610 2073 2666 Deo:

490 2693 587 2749 sed
620 2693 730 2751 Deo
756 2704 974 2767 gratum
1008 2712 1120 2752 non
1143 2708 1261 2754 erat
1290 2700 1347 2754 id
1374 2715 1404 2754 a
1437 2699 1647 2754 Dathan
1686 2712 1740 2757 et
1764 2702 1834 2756 ab
1864 2702 2072 2759 Abiron

492 2785 922 2855 praestari“.Ac
952 2802 1165 2855 rursus,
1201 2788 1294 2843 Dei
1331 2797 1417 2845 est
1452 2790 1724 2854 voluntas,
1746 2806 1916 2862 eaque
1938 2792 2079 2846 bona

488 2883 593 2940 est,
611 2884 667 2929 ut
685 2875 843 2932 detur
860 2878 1231 2955 eleemosyna:
1258 2880 1351 2935 sed
1374 2880 1426 2934 id
1449 2880 1513 2934 ad
1536 2882 1828 2943 humanam
1849 2884 2078 2955 gloriam

490 2967 932 3043 consequendam
983 2967 1201 3033 facere,
1257 2985 1365 3024 non
1420 2973 1654 3043 amplius
1708 2972 1818 3028 Deo
1865 2984 2080 3044 gratum

410 3128 421 3136 λ
489 3064 576 3110 est
598 3055 662 3107 ".
711 3055 776 3108 Et
829 3056 1047 3119 iteruzu,
1078 3058 1332 3114 voluntas
1364 3059 1459 3114 Dei
1512 3069 1661 3124 erat,
1715 3078 1889 3132 eaque
1934 3064 2077 3118 bona

2175 1878 2252 1933 δι’
2292 1878 2566 1949 ἀγγέλων
2613 1880 2914 1949 πονηρῶν.
2946 1880 3158 1935 υὺκοῦν
3192 1882 3410 1952 πρῶτον
3440 1880 3540 1951 μὲν
3581 1879 3774 1952 ζητεῖν

2174 1968 2273 2034 δεῖ,
2312 1968 2364 2022 τί
2395 1969 2456 2022 τὸ
2484 1969 2689 2038 ἀγαθὸν
2718 1969 2929 2042 θέλημα
2955 1970 3053 2025 τοῦ
3093 1969 3230 2024 Θεοῦ
3249 1989 3265 2002 ο
3295 1966 3435 2035 εἶτα,
3465 1972 3595 2025 ὅταν
3626 1988 3774 2040 γνω-

2179 2060 2416 2131 ρίσωμεν
2436 2059 2497 2113 τὸ
2518 2059 2722 2130 ἀγαθὸν
2745 2060 2881 2131 (47),
2909 2059 3204 2127 ἐξετάζειν,
3229 2060 3360 2114 εἰτὸ
3387 2059 3588 2129 ἀγαθὸν
3609 2059 3775 2114 τοῦτο

2177 2149 2272 2201 καὶ
2301 2147 2596 2221 εὐάρεστον
2627 2147 2705 2217 τῷ
2729 2148 2850 2219 Θεῷ
2876 2149 3045 2204 ἐστιν.
3075 2149 3231 2202 Ἔστι
3261 2148 3369 2220 γάρ
3396 2165 3470 2209 τι,
3498 2147 3529 2201 ὃ
3550 2147 3632 2218 τῷ
3669 2148 3771 2219 μὲν

2180 2240 2294 2310 ἰδίῳ
2321 2240 2465 2311 λόγῳ
2495 2240 2590 2294 καὶ
2624 2239 2838 2310 θέλημα.
2866 2239 3003 2293 Θεοῦ
3032 2243 3171 2305 ὲστι,
3207 2241 3302 2294 καὶ
3332 2240 3536 2309 ἀγαθόν
3576 2241 3727 2295 ἐστιν
3748 2259 3767 2272 ·

2176 2332 2305 2386 ὅταν
2333 2330 2390 2383 δὲ
2423 2331 2456 2400 ἢ
2487 2330 2639 2400 παρὰ
2686 2330 3000 2402 πρόσωπον,
3033 2331 3067 2402 ἢ
3114 2329 3267 2401 παρὰ
3297 2329 3488 2401 καιρὸν
3516 2329 3769 2402 γένηται,

2176 2422 2358 2476 οὐκέτι
2386 2422 2482 2479 καὶ
2512 2422 2806 2493 εὐάρεστον
2846 2421 2966 2492 Θεῷ
2994 2423 3161 2475 ἐστιν.
3188 2417 3336 2485 Οἷον,
3368 2420 3582 2492 θέλημα
3628 2419 3771 2474 Θεοῦ

2176 2508 2265 2585 ἦν,
2297 2512 2392 2566 καὶ
2416 2512 2621 2581 ἀγαθὸν
2644 2508 2711 2583 ἦν
2734 2512 2795 2565 τὸ
2821 2512 3024 2584 θυμιᾷν
3046 2510 3185 2582 Θεῷ,
3215 2510 3330 2564 ἀλλ’
3360 2513 3460 2565 οὐκ
3487 2506 3555 2582 ἦν
3584 2511 3773 2581 εὐάρεο

2181 2622 2303 2658 στον
2353 2603 2496 2675 Θεῷ,
2546 2606 2673 2668 τοὺς
2720 2606 2852 2677 περὶ
2910 2602 3087 2658 Δαθὰν
3149 2604 3243 2658 καὶ
3295 2603 3557 2675 ’Δϐειρὼν
3610 2605 3773 2656 τοῦτο

2180 2700 2376 2752 ποιεῖν.
2414 2698 2528 2753 Καὶ
2579 2698 2766 2763 πάλιν,
2800 2697 3013 2769 θέλημα
3056 2696 3190 2751 Θεοῦ
3241 2698 3382 2761 ἐστι,
3424 2697 3520 2751 καὶ
3564 2695 3771 2765 ἀγαθόν

2180 2791 2297 2844 ἐστι
2330 2791 2393 2843 τὸ
2438 2791 2812 2862 ἐλεημοσύνην
2841 2796 3047 2846 ποιεῖν’
3084 2791 3221 2846 ἀλλὰ
3251 2791 3311 2843 τὸ
3339 2791 3531 2847 ἕνεκεν.
3552 2790 3647 2853 τοῦ
3685 2789 3775 2843 δο-

2181 2881 2448 2951 ξασθῆναι
2505 2882 2610 2936 ὑπὸ
2660 2881 2769 2936 τῶν
2825 2880 3130 2952 ἀνθρώπων
3179 2881 3372 2942 ποιεῖν,
3432 2878 3618 2933 οὐκέτι
3675 2878 3774 2930 καὶ

2180 2977 2474 3047 εὐάρεστον
2513 2974 2630 3046 Θεῷ
2684 2976 2823 3028 ἐστι.
2858 2974 2971 3029 Καὶ
3002 2973 3184 3036 πάλιν,
3236 2971 3449 3043 Θέλημα
3493 2969 3634 3026 Θεοῦ
3672 2964 3770 3039 ἦν,

2181 3067 2276 3120 καὶ
2303 3065 2507 3135 ἀγαθὸν
2535 3061 2602 3138 ἦν
2629 3064 2690 3120 τὸ
2721 3065 2849 3128 τοὺς
2886 3062 3155 3135 μαθητὰς,
3185 3063 3213 3117 ὃ
3241 3063 3377 3135 πρὸς
3404 3062 3464 3115 τὸ
3486 3057 3579 3125 οὖς
3605 3062 3772 3132 ἡκου-

490 3153 633 3211 erat,
666 3154 724 3202 ut
756 3148 1012 3218 discipuli
1044 3149 1096 3204 id
1127 3151 1272 3221 quod
1302 3153 1358 3206 in
1390 3168 1576 3208 aurem
1609 3125 1915 3222 audierant,
1939 3173 2075 3231 prte-

2182 3174 2302 3222 σαν,
2334 3125 2572 3229 κηρύξαι
2615 3156 2710 3209 ἐπὶ
2740 3125 2849 3209 τῶν
2886 3125 3160 3226 mundum:
3187 3171 3201 3184 ·
3234 3125 3369 3214 ἀλλὰ
3399 3152 3460 3204 τὸ
3507 3125 3773 3222 πρὸ-καιρ

491 3238 740 3294 dicarent
794 3256 961 3310 super
1016 3247 1161 3295 tecta
1206 3244 1294 3297 “:
1346 3243 1439 3299 sed
1488 3253 1614 3301 ante
1663 3258 1876 3316 tempus
1910 3250 2073 3319 quid-

492 3345 654 3404 quam
677 3331 879 3396 dicere,
907 3347 1016 3386 non
1036 3332 1149 3402 jam
1180 3335 1417 3405 amplius
1444 3335 1554 3392 Deo
1582 3347 1701 3393 erat
1726 3339 2032 3408 jucundum
2058 3362 2071 3397 :

497 3421 710 3501 Nemini
741 3424 901 3487 enim,
940 3423 1140 3495 inquit,
1163 3425 1409 3481 dixeritis
1443 3429 1699 3484 visionem
1727 3432 1883 3499 hanc,
1914 3433 2077 3491 donec

493 3512 670 3568 Filius
713 3513 938 3570 hominis
970 3534 1002 3569 a
1036 3517 1259 3571 mortuis
1294 3528 1536 3590 resurgat
1568 3521 1635 3573 ⁸⁷.
1674 3522 1738 3576 Ει
1772 3523 1828 3578 in
1863 3541 2076 3581 summa

492 3605 673 3660 omnis
703 3607 960 3663 voluntas
1008 3608 1104 3664 Dei
1137 3609 1279 3663 bona
1312 3616 1445 3665 tunc
1491 3611 1656 3666 etiam
1703 3615 1905 3685 placita
1958 3626 2074 3683 est,

492 3714 619 3753 eum
652 3698 707 3753 in
738 3700 856 3770 ipsa
892 3700 1175 3772 impletum
1221 3700 1387 3758 fuerit
1438 3704 1584 3774 quod
1628 3704 1836 3761 dictum
1880 3717 1964 3763 est
2009 3710 2079 3765 ab

494 3792 793 3863 Apostolo:
827 3791 1023 3849 Omnia
1050 3794 1107 3848 in
1148 3793 1249 3848 Dei
1276 3795 1508 3865 gloriam
1544 3796 1706 3866 facile
1732 3798 1797 3852 ⁸⁸.
1830 3797 1916 3863 Ει,
1950 3798 2079 3855 0m-

494 3884 587 3939 nia
617 3884 825 3940 honeste
857 3895 909 3940 et
947 3885 1236 3940 secundum
1289 3880 1528 3942 ordinem
1587 3889 1721 3957 [iant
1766 3889 1831 3945 ".
1864 3891 2079 3948 Rursus

497 3992 645 4040 vero.
678 3994 804 4032 cum
834 3979 1019 4048 aliqua
1057 3979 1223 4034 fuerit
1262 3978 1518 4035 voluntas
1552 3980 1677 4044 Dei,
1731 3996 1903 4051 eaque
1936 3983 2079 4037 bona

496 4084 560 4121 ac
593 4075 747 4138 grata
780 4070 1073 4134 exstiterit,
1102 4086 1171 4123 ne
1220 4071 1302 4126 sic
1349 4071 1585 4141 quidem,
1617 4080 1834 4142 Oportet
1884 4088 2081 4129 securo

496 4174 619 4214 esse
657 4160 876 4214 animo:
917 4159 1012 4214 sed
1046 4159 1379 4216 contendere
1424 4170 1479 4215 et
1520 4177 1737 4227 curare,
1769 4171 1829 4217 ut
1866 4164 1920 4218 id
1957 4180 2083 4234 per-

502 4249 705 4303 fectum
738 4250 810 4305 sit
834 4257 889 4306 et
924 4250 1194 4320 integrum
1221 4291 1235 4315 ,
1285 4252 1448 4307 modo
1476 4254 1663 4308 habita
1714 4256 1929 4311 ratione
1961 4257 2081 4327 ejus

498 4357 621 4411 quae
650 4341 707 4395 ﬁt
741 4341 855 4407 rei,
897 4356 967 4395 an
1000 4342 1093 4396 ﬁat
1134 4358 1201 4398 ex
1250 4355 1556 4413 prazcepto,
1612 4345 1775 4400 modo
1829 4346 2081 4403 facientis

2180 3250 2275 3322 ροῦ
2297 3267 2349 3303 τι
2380 3251 2555 3303 εἰπεῖν
2576 3250 2763 3303 οὐκέτι
2798 3247 2894 3301 καὶ
2924 3248 3216 3320 εὐάρεστον
3242 3243 3311 3317 ἦν
3344 3243 3421 3315 τῷ
3458 3241 3610 3313 Θεῷ·
3639 3244 3771 3310 Μη-

2177 3342 2305 3396 δενὶ
2341 3342 2453 3412 γὰρ
2482 3342 2717 3410 εἴπητε,
2747 3339 2902 3410 φησὶ,
2943 3338 3010 3393 τὸ
3036 3339 3228 3407 ὅραμα
3257 3334 3457 3399 τοῦτο,
3486 3333 3601 3399 ἒῳς
3630 3327 3706 3388 οὖ
3737 3335 3772 3387 ὅ

2190 3433 2324 3499 Υἱὸς
2350 3433 2457 3487 τοῦ
2489 3423 2806 3500 ἀνθρώπού
2832 3432 2901 3485 ἐκ
2928 3429 3159 3499 νεκρῶν
3183 3425 3444 3495 ἀναστῇ.
3475 3426 3587 3479 Καὶ
3637 3423 3772 3480 καθ-

2176 3524 2300 3580 όλου
2349 3526 2456 3579 πᾶν
2500 3525 2712 3595 θέλημα
2758 3522 2895 3576 Θεοῦ
2943 3521 3147 3591 ἀγαθὸν
3184 3521 3310 3574 τότε
3357 3521 3452 3573 καὶ
3474 3517 3771 3589 εὐάρεστόν

2178 3620 2346 3680 ἐστιν,
2366 3618 2496 3670 ὃταν
2526 3614 2785 3687 πληρωθῇ
2807 3616 2894 3667 ἐπ’
2914 3613 3063 3684 αὐτῷ
3089 3614 3151 3667 τὸ
3183 3613 3287 3667 ὑπὸ
3316 3612 3412 3666 τοῦ
3443 3609 3769 3664 Ἀποστὸλου

2178 3708 2493 3780 εἰρημένον·
2551 3707 2757 3761 Πάντα
2796 3709 2883 3774 εὶς
2934 3705 3124 3770 δόξαν
3173 3705 3323 3759 Θεοῦ
3356 3704 3613 3758 ποιεῖτε·
3649 3705 3768 3767 καὶ,

2179 3795 2383 3850 Πάντα
2415 3797 2809 3865 εὐσχημόνως
2836 3795 2933 3849 καὶ
2969 3794 3120 3848 κατὰ
3150 3793 3322 3858 τάξιν
3354 3792 3627 3862 γινέσθω.
3656 3793 3771 3848 Πά-

2178 3888 2263 3941 λιν
2287 3889 2366 3954 δὲ,
2401 3888 2530 3941 ὅταν
2588 3887 2683 3941 καί
2721 3887 2932 3958 θέλημα
2961 3887 3096 3940 Θεοῦ
3223 3903 3298 3952 τι,
3334 3885 3428 3939 καὶ
3469 3884 3677 3953 ἀγαθὸν
3705 3881 3767 3959 ᾗ,

2181 3982 2278 4035 καὶ
2315 3980 2610 4052 εὐάρεστον
2655 3975 2714 4052 ᾖ,
2765 3980 2874 4033 οὐδ’
2915 3978 3089 4043 οὓτως
3131 3980 3456 4051 ἁμεριμνείν
3482 3978 3614 4048 χρὴ,
3651 3979 3767 4031 ἀλλ’

2184 4073 2426 4141 ἀγωνιᾷν
2456 4072 2550 4124 καὶ
2590 4070 2916 4141 φροντίζειν,
2942 4071 3092 4133 ὅπως
3120 4070 3324 4122 τέλειον
3348 4069 3443 4122 καὶ
3482 4067 3768 4130 ἀνελλιπὲς

2180 4163 2340 4217 τοῦτο
2466 4164 2525 4217 ἐν
2573 4164 2756 4234 μέτρῳ
2786 4162 2917 4215 ποτὲ
2966 4162 3065 4232 μὲν
3092 4161 3186 4215 τοῦ
3211 4160 3519 4231 γινομένου,
3547 4162 3596 4213 εἰ
3626 4161 3770 4214 κατὰ

2181 4254 2242 4307 τὸ
2272 4253 2750 4327 προστεταγμένον
2788 4254 3020 4323 γίνεται,
3056 4253 3187 4306 ποτὲ
3217 4253 3274 4307 δὲ
3304 4252 3406 4322 τῆς
3429 4252 3522 4305 τοῦ
3552 4253 3769 4306 ποιοῦν-

2180 4361 2271 4408 τος
2299 4344 2603 4415 δυνάμεως.
2643 4343 3008 4413 Ἀγαπήσεις
3049 4344 3183 4413 γὰρ,
3219 4344 3371 4413 φησὶ,
3410 4344 3633 4410 Κύριον
3661 4344 3770 4396 τὸν

498 4433 860 4488 consideratis
900 4431 1131 4488 viribus.
1190 4431 1392 4503 Diliges
1419 4436 1595 4497 enim,
1637 4435 1847 4505 inquit,
1890 4436 2075 4490 Domi-

2186 4437 2336 4491 Θεόν
2364 4452 2481 4489 σου
2514 4435 2584 4499 ἐξ
2616 4433 2768 4503 ὅλης
2808 4435 2920 4503 τῆς
2950 4434 3163 4505 ψυχῆς
3203 4451 3341 4499 σου,
3382 4434 3480 4488 καὶ
3509 4434 3581 4498 ἐξ
3616 4434 3770 4502 ὅλης

498 4542 623 4580 num
657 4523 826 4578 Deum
863 4533 1011 4579 tuum
1050 4539 1116 4578 ea:
1144 4534 1255 4579 tota
1284 4527 1465 4579 anima
1501 4536 1593 4579 tua
1612 4568 1626 4592 ,
1656 4534 1706 4579 et
1740 4542 1805 4581 ea:
1835 4535 1946 4582 tota
1968 4528 2077 4582 vir-

498 4631 607 4676 tute
635 4628 727 4673 tua
751 4659 767 4679 .
790 4630 839 4674 et
872 4634 937 4674 ea:
964 4618 1207 4674 omnibus
1227 4619 1423 4675 viribus
1450 4621 1576 4683 tuis,
1609 4628 1657 4672 et
1687 4635 1753 4673 ea:
1772 4628 1884 4674 tota
1908 4630 2077 4675 mente

498 4723 610 4775 tua,
631 4721 682 4767 et
714 4713 1017 4781 proximum
1040 4720 1189 4764 tuum
1213 4712 1347 4766 sicut
1378 4712 1598 4779 teipsum
1620 4712 1699 4765 '°:
1722 4713 2077 4782 quemadmo-

496 4806 625 4859 dum
656 4806 819 4860 etiam
848 4805 903 4859 in
932 4804 1225 4876 Evangelia
1259 4804 1560 4860 secundum
1591 4801 1857 4858 Joannem
1887 4802 2073 4857 Domit

497 4912 605 4952 nus
631 4896 839 4951 docuit.
876 4895 983 4951 Sed
1011 4905 1065 4952 et
1094 4897 1176 4953 sic
1203 4895 1606 4951 conﬁciendum
1643 4905 1727 4949 est
1756 4894 2069 4948 mandatum

2182 4528 2294 4597 τῆς
2331 4527 2641 4598 δυνάμεώς
2678 4543 2816 4594 σου,
2845 4528 2940 4582 καὶ
2969 4528 3038 4593 ἐξ
3063 4527 3214 4596 ὅλης
3249 4525 3359 4595 τῆς
3382 4529 3594 4595 ἰσχύος
3623 4541 3767 4589 σου,

2185 4621 2283 4676 καὶ
2315 4620 2383 4684 ἐξ
2414 4620 2563 4688 ὅλης
2589 4618 2701 4688 τῆς
2744 4620 3011 4687 διανοίας
3036 4638 3174 4687 σου,
3221 4622 3320 4674 καὶ
3352 4620 3460 4674 τὸν
3495 4621 3771 4688 πλησίον

2184 4728 2300 4767 σου
2321 4712 2402 4775 ὡς
2424 4711 2641 4765 ἑαυτόν
2656 4728 2669 4741 ο
2697 4710 2879 4774 καθὼς
2906 4712 3000 4764 καὶ
3023 4713 3052 4765 6
3075 4710 3187 4781 (48)
3214 4710 3418 4781 Κύριος
3445 4711 3504 4763 ἑν
3522 4709 3602 4780 τῷ
3623 4710 3769 4764 κατὰ

2198 4804 2449 4874 Ἰωάννην
2502 4804 2820 4875 Εὐαγγελίῳ
2865 4804 3092 4871 ἐδίδαξε.
3133 4804 3472 4859 Καὶ’πᾶσαν
3518 4803 3579 4857 δὲ
3620 4804 3769 4856 ἐντο-

2183 4894 2281 4964 λὴν
2315 4894 2454 4963 (49),
2484 4894 2669 4959 καθὼς
2693 4896 3003 4967 γέγραπται
3028 4911 3043 4926 ’
3072 4882 3373 4964 Μακάριος
3408 4894 3538 4965 γὰρ,
3575 4897 3765 4965 φησιν,

569 5034 613 5065 ⁶¹
650 5032 784 5088 Luc.
819 5048 911 5095 vt,
945 5032 1037 5086 56.
1078 5033 1122 5066 ⁸³
1160 5031 1360 5102 Ephes.
1378 5031 1581 5102 v.1,2.
1643 5031 1688 5062 ⁸³
1728 5029 1871 5102 Psal.
1909 5004 2066 5102 ωιτν]

2179 5030 2235 5083 9.
2280 5030 2324 5060 ⁸³
2361 5029 2522 5102 Num.
2557 5044 2675 5102 xw,
2713 5030 2738 5083 l
2774 5045 2898 5099 sqq.
2938 5026 3237 5102 fj'Mattb.
3275 5027 3420 5094 ",2.
3481 5026 3525 5058 “
3565 5025 3763 5080 Matth.

499 5121 564 5169 ι,
598 5104 691 5159 27.
767 5105 811 5136 ⁸⁷
855 5102 1045 5157 Matth.
1082 5100 1224 5165 xvu,
1261 5102 1315 5157 9.
1392 5104 1435 5134 ⁸⁸
1476 5100 1652 5155 lCor.
1688 5117 1756 5171 x,
1791 5100 1878 5155 5i.

572 5236 684 5308 (45)
713 5236 1074 5293 Vossiivetus
1112 5235 1250 5289 liber
1287 5234 1489 5308 Πατὴρ
1543 5233 1704 5308 ὑμῶν
1731 5235 1760 5287 6
1808 5231 2073 5303 οὐράνιος.

505 5305 796 5378 Aliquanto
822 5318 943 5378 post
966 5321 1111 5378 unus
1146 5320 1250 5359 ms.
1279 5305 1567 5377 ἠγάπησεν
1592 5306 1757 5378 ὑμᾶς.

573 5372 687 5448 (16)
719 5372 1261 5448 Sic-libriiveteres,
1306 5372 1528 5448 nonIut
1570 5372 1737 5448 editi,
1773 5373 1827 5448 in
1877 5372 2080 5448 quibus

504 5442 731 5504 verbum
768 5450 941 5501 ποιεῖν
972 5445 1336 5502 desideratur.
1389 5446 1684 5517 Aliquanto
1728 5444 1869 5499 infra
1907 5442 2078 5497 codex

506 5520 658 5590 Colb.
672 5588 675 5590 ἓ
690 5520 990 5590 ὑπηρέταις
1016 5518 1292 5590 πονηροῖς.

579 5588 689 5658 (-57)
720 5582 900 5644 Codex
947 5586 1103 5658 Coll).
1138 5582 1493 5658 Ῠνωρίσῳμεν
1522 5583 1809 5658 τὺ-ᾁγαθδν
1838 5582 2077 5658 λθέληματ

486 5702 493 5707 .
581 5654 695 5729 (48⁷)
726 5658 866 5714 Editi
899 5658 989 5711 τὸν
1020 5654 1267 5726 πλησίον,
1290 5654 1470 5720 καθὼς
1496 5659 1543 5709 6.
1578 5654 1795 5710 Veteres
1820 5655 1926 5708 duo
1960 5654 2077 5707 ltht'i

1956 5102 1998 5133 δ’
2040 5100 2058 5151 l
2092 5099 2218 5154 Cor.
2259 5117 2369 5166 xtv,
2403 5100 2495 5155 40.
2572 5101 2617 5131 ⁷⁰
2655 5099 2789 5153 Luc.
2826 5116 2896 5165 ι,
2929 5099 3021 5154 27.

2190 5233 2284 5297 ita,
2317 5242 2375 5285 ut
2401 5232 2454 5286 in
2486 5239 2742 5287 contextu
2777 5232 2878 5301 legi
2917 5237 3113 5301 potest.

2260 5303 2372 5373 (49)
2412 5303 2584 5366 Illud,
2612 5303 2705 5356 καὶ
2745 5298 2935 5373 πᾶὰαν
2968 5298 3303 5373 δὲίὲντολήν,
3348 5308 3442 5373 aut
3487 5298 3767 5373 ὲλλειπτι-

2188 5370 2301 5436 κῶς
2353 5370 2558 5427 dictum
2598 5382 2704 5435 est,
2754 5379 2855 5425 aut‘
2894 5372 2996 5426 hoc
3031 5372 3150 5426 loco
3192 5370 3402 5439 aliquid
3452 5382 3484 5421 a
3520 5370 3767 5427 librariis

2187 5446 2452 5498 omissum
2480 5443 2600 5496 fuit.
2628 5442 2748 5497 Mox
2774 5441 2904 5496 editi
2936 5451 2990 5496 et
3011 5440 3146 5511 Reg.
3171 5444 3366 5511 tertius
3399 5441 3563 5511 φησιν
3590 5442 3621 5495 ὁ
3647 5440 3767 5511 Κύ-

2193 5531 2326 5585 ριος..
2357 5513 2415 5566 ὃν
2446 5512 2613 5567 ἐλθὼν
2639 5517 2666 5568 6
2696 5512 2899 5583 Κύριος
2930 5508 3165 5582 εὑρήσει.
3193 5508 3378 5566 Codex
3407 5510 3559 5568 Colb.
3604 5516 3663 5565 ut
3706 5510 3765 5565 in

2190 5593 2468 5638 ςοηιρχιυ.
