4064 6238
319 333 452 388 1281

1451 324 1756 382 Βεσυιλε
1807 324 2106 400 ΒΒΕῩΙυΒ
2149 325 2190 379 Τ
2197 323 2573 380 ΚΑΕΤΑΤᾹΞ.

3451 326 3589 381 12ὃῖ

316 446 594 520 ὀνομάζει,
625 447 798 516 λέγων
836 444 970 517 πρὸς
1016 445 1142 505 τοὺς
1176 443 1429 508 εἰπόντας
1456 445 1540 509 τὸ,
1577 442 1902 513 Ἐφάγομεν

2011 459 2152 513 opus
2187 443 2445 513 appellat,
2484 442 2576 497 ubi
2625 457 2721 498 eos
2765 445 2860 514 qui
2909 445 3190 512 dixerunt,
3239 444 3589 500 Manducavi-

315 540 576 595 ἐνώπιόν
605 556 743 602 σου,
785 539 876 591 καὶ
919 537 988 590 τὰ
1032 535 1186 608 ἑξῆς·
1246 537 1567 605 Ἀπόστητε
1601 536 1702 590 ἀπ’
1733 532 1900 606 ἐμοῦ,

318 632 542 698 πάντες
587 629 825 700 ἐργάται
879 627 1133 696 ἀδικίας.
1204 627 1330 691 Πῶς
1376 627 1487 700 γὰρ
1539 627 1640 681 οὐκ
1691 627 1902 692 ἀδικίας

317 726 548 796 ἐργάται
582 725 630 777 οἱ
665 725 789 784 ταῖς
814 720 910 775 τοῦ
949 720 1085 774 Θεοῦ
1118 721 1350 793 δωρεαῖς
1396 723 1474 783 εἰς
1517 720 1902 792 πραγματείαν

321 817 430 871 τῶν
459 817 606 870 ἰδίων
632 814 836 887 ἡδονῶν
874 813 1323 884 καταχρώμενοι;
1361 807 1488 866 Οἷον
1517 809 1658 884 ἦσαν
1701 814 1901 866 ἐκεῖνοί

321 911 450 981 περὶ
472 903 547 962 ὧν
598 924 764 979 φησιν
789 907 818 958 ὁ
860 905 1179 969 Ἀπόστολος
1201 919 1214 934 ·
1255 907 1337 957 Οὐ
1373 903 1484 974 γάρ
1514 906 1702 972 ἐσμεν
1738 905 1818 970 ὡς
1849 908 1902 958 οἱ

318 1002 540 1056 πολλοὶ
581 999 1026 1067 καπηλεύοντες
1057 999 1164 1052 τὸν
1210 998 1396 1067 λόγον
1444 995 1549 1050 τοῦ
1598 995 1774 1050 Θεοῦ·
1807 996 1902 1048 καὶ

320 1094 516 1147 πάλιν’
585 1089 954 1160 Νομιζόντων
1010 1090 1310 1158 πορισμὸν
1361 1085 1514 1142 εῖναι
1563 1089 1680 1156 τὴν
1729 1088 1902 1141 εὐσέ-

319 1189 506 1246 ϐειαν,
547 1183 640 1238 καὶ
675 1181 845 1236 πολλὰ
871 1180 1116 1234 τοιαῦτα.
1154 1174 1254 1232 Ὧν
1279 1178 1536 1232 ἁπάντων
1579 1177 1902 1248 καθαρεύων

318 1277 694 1332 ἀποδέδεικται
725 1276 858 1346 ἡμῖν
880 1276 908 1328 ὁ
937 1273 1098 1338 αὐτὸς
1136 1271 1460 1336 Ἀπόστολος
1499 1271 1566 1324 δι’
1599 1264 1674 1323 ὧν
1705 1286 1898 1340 φησιν·

323 1373 451 1438 Οὐχ
503 1369 583 1435 ὡς
625 1366 959 1434 ἀνθρώποις
1007 1363 1406 1434 ἀρέσκοντες.
1443 1363 1604 1417 ἀλλὰ
1652 1359 1774 1426 Θεῷ
1823 1360 1904 1427 τῷ

318 1458 687 1530 δοκιμάζοντι
719 1459 826 1524 τὰς
856 1457 1104 1526 καρδίας
1133 1455 1321 1527 ημῶν.
1356 1456 1503 1509 Οὔτε
1522 1454 1634 1524 γάρ
1665 1468 1809 1508 ποτε
1834 1454 1904 1506 ἐν

317 1555 480 1622 λόγῳ
531 1553 854 1618 κολακείας
909 1549 1276 1620 ἐγενήθημεν
1323 1546 1468 1617 ὑμῖν
1519 1546 1664 1618 (59),
1706 1543 1903 1610 καθὼς

318 1647 540 1706 οτδατε,
559 1645 698 1698 οὔτε
725 1643 1022 1713 προφάσει
1052 1639 1411 1705 πλεονεξίας
1428 1656 1442 1670 σ
1469 1639 1614 1704 Θεὸς
1641 1634 1898 1707 μάρτυς·

319 1739 458 1794 οὔτε
508 1735 820 1805 ζητοῦντες
864 1736 934 1798 ἐξ
971 1731 1296 1803 ἀνθρώπων
1340 1731 1556 1795 δόξαν,
1613 1730 1750 1784 οὔτε
1801 1727 1902 1800 ἀφ’

321 1826 511 1896 ὑμῶν,
555 1827 693 1880 οὔτε
725 1825 828 1878 ἀπ’
863 1825 1086 1878 ἄλλων.

837 1959 1169 2016 ΕΡΩΤΗΣΙΣ
1209 1957 1378 2011 XIII”.

317 2077 386 2128 El
415 2078 446 2129 ό
473 2073 659 2128 ποιῶν
680 2074 746 2127 τὸ
771 2067 1002 2142 θέλημά
1039 2088 1200 2136 τινος
1239 2067 1524 2129 remrem-dc
1553 2063 1724 2118 ἐστιν
1753 2057 1878 2116 ἐκεί
1889 2091 1905 2102 -

1043 2159 1177 2194 νου.

916 2253 1307 2310 ΑΠυΚΡΙΣΙΣ.

395 2373 456 2425 Εἰ
502 2369 832 2440 πιστεύομεν
881 2366 959 2438 τῷ
991 2365 1183 2436 Κυρίῳ
1221 2365 1451 2433 λέγοντι·
1477 2361 1600 2428 Πᾶς
1645 2362 1676 2414 ὁ
1715 2360 1904 2414 ποιῶν

317 2462 438 2531 τὴν
483 2463 779 2533 ἁμαρτίαν
825 2459 1049 2524 δοῦλός
1097 2457 1229 2510 ἐστι
1280 2453 1391 2524 τῆς
1445 2452 1762 2524 ἁμαρτίας
1809 2451 1903 2505 καὶ

319 2553 515 2608 πάλιν·
565 2550 756 2620 Ὑμεῖς
801 2550 869 2602 ἐκ
902 2547 1006 2602 τοῦ
1058 2546 1282 2614 πατρὸς
1315 2545 1420 2599 τοῦ
1463 2544 1574 2612 (60)
1619 2542 1902 2596 διαϐόλου

315 2644 481 2709 ἐστὲ,
509 2643 737 2708 καὶτὰς
763 2640 1079 2710 ἐπιθυμίας
1107 2639 1214 2693 τοῦ
1245 2637 1468 2706 πατρὸς
1493 2634 1663 2705 ὑμῶν
1701 2635 1904 2690 θέλετε

319 2737 549 2791 ποιεῖν·
598 2735 849 2806 οἴδαμεν,
882 2720 965 2786 ὄτι
1015 2733 1136 2802 οὐχὶ
1190 2730 1447 2794 κοινωνὸς
1492 2729 1714 2792 ἁπλῶς,
1767 2727 1904 2780 ἀλλὰ

319 2828 510 2901 κύριον
553 2826 748 2883 ἑαυτοῦ
783 2827 877 2880 καὶ
927 2825 1138 2897 πατέρα
1170 2823 1536 2895 ἐπιγράφεται
1578 2823 1808 2881 ἐκεῖνον,
1841 2816 1902 2874 οὗ

317 2922 383 2975 τὸ
414 2921 572 2994 ἔργον
608 2923 768 2984 ποιεῖ,
805 2917 945 2973 κατὰ
981 2917 1080 2989 τὴν
1108 2915 1202 2969 τοῦ
1252 2917 1460 2987 Κυρίου
1500 2915 1706 2985 φωνήν.
1747 2914 1905 2984 Μαρ-

2003 550 2120 588 mus
2157 549 2338 586 coram
2374 543 2442 597 te,
2470 544 2601 598 etc.,
2641 534 2723 589 sic
2749 535 3046 604 alloquitur
3086 555 3098 590 :
3129 536 3398 590 Discedite
3423 553 3456 590 a
3484 553 3586 598 me,

2008 640 2187 678 omnes
2229 625 2460 692 operarii
2502 625 2805 694 iniquitatis
2850 627 2919 680 ⁸⁵.
2965 627 3249 694 Quomodo
3289 627 3435 683 enim
3477 643 3588 683 non

2002 728 2187 774 essent
2214 718 2455 788 operarii
2502 718 2832 788 iniquitatis,
2859 718 2954 788 qui
2985 717 3079 773 Dei
3110 719 3272 776 donis
3303 720 3372 774 ad
3406 719 3590 788 inqui-

2001 811 2202 866 rendas
2248 825 2380 865 suas
2431 811 2740 880 voluptates
2794 811 3143 865 abutuntur?
3187 809 3386 876 Quales
3431 818 3590 864 erant

2003 906 2103 970 illi,
2140 906 2207 960 de
2233 905 2433 976 quibus
2472 906 2605 961 dicit
2646 907 2942 976 Apostolus
2981 925 2994 962 :
3047 904 3172 960 Non
3223 909 3364 961 enim
3402 923 3586 960 sumus

2001 999 2140 1052 sicut
2160 997 2380 1067 plurimi
2406 997 2766 1054 adulterantes
2799 999 3008 1054 verbum
3034 999 3132 1054 Dei
3157 999 3222 1054 ⁸⁸.
3246 998 3312 1052 ΕΙ.
3341 1013 3536 1054 rursus
3570 1017 3583 1053 :

2002 1087 2448 1143 Existimantium
2497 1099 2757 1158 qua’stum
2801 1106 2914 1144 esse
2953 1090 3198 1158 pietatem
3228 1087 3298 1154 ⁸⁷,
3341 1095 3397 1142 et
3433 1087 3586 1156 ejus-

2003 1181 2124 1236 dem
2159 1182 2377 1252 generis
2421 1182 2614 1237 multa.
2643 1180 2689 1234 A
2719 1181 2919 1252 quibus
2955 1182 3214 1237 omnibus
3245 1195 3370 1235 esse
3395 1195 3454 1236 se
3487 1195 3587 1249 pu~

2002 1290 2125 1329 rum
2171 1276 2330 1331 nobis
2360 1275 2658 1330 declaravit
2690 1276 3008 1347 Apostolus,
3056 1275 3142 1331 his
3191 1273 3376 1329 verbis
3414 1291 3428 1326 :
3461 1270 3586 1325 Non

2002 1367 2155 1436 quasi
2183 1364 2482 1419 hominibus
2520 1366 2807 1433 placentes,
2833 1365 2924 1419 sed
2949 1365 3058 1419 Deo
3093 1366 3186 1435 qui
3205 1363 3365 1435 515
3399 1362 3589 1432 probat

2003 1456 2168 1512 corda
2208 1466 2413 1511 nostra.
2461 1455 2645 1528 Neque
2687 1458 2827 1510 enim
2869 1456 3160 1528 aliquando
3208 1457 3408 1525 fuimus
3443 1453 3586 1509 vobis
3695 1491 3700 1495 ρ

2004 1550 2059 1604 in
2089 1565 2328 1604 sermone
2370 1547 2700 1603 adulationis
2720 1588 2733 1611 ,
2764 1549 2902 1603 sicut
2939 1549 3128 1611 scitis;
3157 1565 3320 1618 neque
3351 1549 3408 1604 in
3435 1562 3589 1601 occa-

2005 1642 2152 1696 sione
2193 1641 2438 1696 avaritice
2483 1656 2501 1694 :
2548 1640 2690 1696 Deus
2728 1643 2874 1696 testis
2908 1650 3034 1705 est;
3070 1657 3162 1695 nec
3194 1649 3482 1710 quarentes
3521 1638 3587 1691 ab

2006 1733 2310 1788 hominibus
2342 1733 2596 1804 gloriam,
2629 1750 2790 1804 neque
2825 1750 2856 1787 a
2887 1732 3056 1799 vobis,
3091 1749 3251 1803 neque
3276 1731 3341 1786 ab
3365 1731 3494 1784 aliis
3517 1731 3583 1785 ⁸⁸.

2327 1948 2846 2008 INTERROGATIO
2893 1949 3268 2005 CCLXXXIII.

2007 2072 2089 2124 An
2118 2070 2210 2141 qui
2237 2069 2535 2140 cujuspiam
2566 2067 2699 2138 facit
2729 2068 3077 2135 uoluntatem,
3109 2067 3280 2122 socius
3313 2067 3459 2122 illius
3494 2067 3584 2121 sit.

2590 2249 2863 2306 RESPON
2873 2249 2999 2306 SlO.

2083 2363 2138 2417 Si
2169 2363 2448 2419 credimus
2491 2363 2744 2431 Domino,
2787 2367 2880 2436 qui
2932 2366 3068 2420 dicit
3105 2383 3118 2419 :
3164 2364 3350 2419 Omnis
3379 2366 3469 2435 qui
3502 2364 3586 2434 fa-

2003 2456 2076 2509 cit
2118 2465 2412 2523 peccatum,
2461 2471 2640 2508 servus
2696 2464 2776 2509 est
2825 2455 3028 2525 peccati
3084 2453 3166 2517 ⁶⁹ς
3219 2462 3274 2509 et
3325 2454 3521 2509 iterum
3569 2472 3584 2508 :

2019 2547 2118 2602 Vos
2151 2564 2216 2602 ea:
2249 2556 2400 2616 patre
2437 2545 2650 2601 diabolo
2673 2549 2822 2612 estis,
2851 2557 2901 2602 et
2933 2547 3197 2602 desideria
3227 2547 3399 2617 patris
3428 2549 3584 2600 vestri

2003 2638 2161 2692 vultis
2205 2638 2378 2708 facere
2407 2637 2454 2669 '°
2493 2655 2508 2704 ;
2548 2637 2906 2707 intelligimus
2936 2637 3082 2707 quod
3128 2651 3237 2690 non
3267 2637 3588 2706 simpliciter

2005 2729 2216 2784 exstitit
2249 2729 2457 2792 socius,
2494 2729 2588 2783 sed
2615 2729 2899 2783 dominum
2929 2737 2984 2783 et
3017 2737 3226 2799 patrem
3265 2746 3424 2785 suum
3454 2745 3587 2786 con-

2005 2821 2183 2876 stituit
2210 2836 2358 2884 eum,
2390 2820 2552 2890 cujus
2581 2837 2722 2891 opus
2764 2821 3094 2893 iacit—juxta
3147 2825 3320 2892 ipsam
3369 2821 3586 2878 Domini

2008 2927 2218 2968 vocem.
2273 2913 2417 2978 Quin
2491 2921 2547 2968 et
2616 2914 2912 2984 Apostolus
2975 2916 3266 2985 perspicue
3345 2915 3584 2985 idipsum

318 2992 473 3084 τυρεί
494 3013 550 3065 δὲ
578 3011 736 3065 τοῦτο
770 3009 957 3080 σαφῶς
986 3009 1081 3062 καὶ
1110 3007 1138 3060 δ
1171 3007 1512 3070 ’Λπόστολος,
1541 3007 1718 3074 λέγων
1739 3024 1751 3036 ·
1781 3007 1902 3058 Οὐκ

2008 3011 2258 3068 testatur,
2298 3003 2384 3058 his
2409 3003 2591 3058 verbis
2619 3022 2633 3058 :
2674 2992 2906 3058 Nescitis
2933 3006 3181 3076 quoniam
3218 3007 3304 3060 cui
3335 3006 3588 3060 exhibetis

317 3104 541 3167 οἴδατε,
577 3105 667 3158 ὅτι
712 3096 761 3170 ᾧ
801 3100 1198 3172 παριστάνετε
1225 3100 1476 3166 ἑαυτοὺς
1507 3099 1768 3164 δούλους
1814 3099 1902 3162 εἰς

2008 3113 2096 3149 vos
2125 3111 2302 3150 servos
2347 3095 2422 3149 ad
2452 3095 2996 3160 obediendum,'servi
3029 3099 3157 3152 estis
3187 3099 3324 3167 ejus,
3352 3099 3439 3152 cui
3469 3099 3590 3154 obe-

317 3195 618 3264 ὑπακοὴν,
663 3194 873 3249 δοῦλοι
916 3194 1058 3246 ἐστε
1088 3191 1135 3256 ᾧ
1173 3193 1526 3253 ὑπακούετε,
1561 3189 1692 3258 ἢτοι
1723 3191 1902 3259 ἀμαρ-

2009 3186 2160 3249 ditis,
2193 3188 2301 3241 sive
2343 3190 2545 3256 peccati
2591 3187 2671 3251 ad
2711 3198 2954 3253 mortem,
3001 3189 3112 3244 sive
3159 3189 3472 3244 obeditionis
3519 3189 3588 3244 ad

318 3288 451 3353 τιας
477 3289 564 3353 εἰς
593 3287 852 3342 θάνατον
888 3286 927 3353 ἢ
959 3281 1228 3351 ὑπακοῆς
1253 3285 1339 3348 εὶς
1365 3281 1801 3349 δικαιοσύνην;

2006 3282 2273 3350 justitiam
2307 3281 2388 3332 "?

2316 3415 2838 3473 INTERROGATIO
2895 3417 3272 3473 CCLXXXIV.

2010 3534 2072 3590 Si
2103 3533 2164 3604 in
2195 3541 2420 3602 egestate
2451 3534 2524 3604 sit
2559 3533 2737 3601 aliqua
2773 3533 3002 3601 fratrum
3047 3535 3269 3586 societas
3305 3534 3368 3587 ob
3403 3549 3593 3604 quam-

2077 3602 2200 3674 dam
2250 3603 2623 3674 adversitatem
2686 3615 2779 3656 aut
2847 3604 3108 3665 morbum,
3186 3602 3422 3674 nunquid
3471 3607 3586 3658 sine

2081 3673 2193 3724 ulla
2225 3672 2552 3726 dubitatione
2578 3674 2641 3725 ab
2667 3675 2789 3726 aliis
2824 3675 2989 3740 possit
3015 3672 3315 3726 necessaria
3341 3675 3587 3740 recipere.

2082 3741 2148 3794 Et
2187 3745 2234 3796 si
2263 3744 2522 3805 convenit,
2555 3761 2587 3796 a
2611 3745 2798 3813 quibus
2833 3744 2942 3798 lucc
2966 3745 3203 3813 accipiet.

847 3418 1179 3474 ΕΡΩΤΗΣῘΣ
1221 3417 1385 3470 ΣΠΔ’.

331 3542 475 3597 Ἐὰν
501 3539 822 3605 πτωχεύσῃ
856 3535 1198 3604 ἀδελφότης
1231 3532 1329 3584 διὰ
1355 3531 1719 3605 περίστασιν
1807 3530 1908 3581 νό-

393 3628 507 3664 σον
535 3597 668 3679 (15ίῇ
700 3612 750 3661 ει
789 3597 1304 3679 ἀδιάκρῖτόνεστι
1343 3600 1478 3679 παρ’
1510 3597 1729 3679 ereptor
1753 3603 1905 3679 λαμτ

394 3669 596 3762 ϐάν-ειν
618 3669 880 3762 τξιΙπρὸς
913 3669 1028 3744 τῆν
1055 3673 1294 3762 χρείαν-ο
1339 3673 1435 3725 καὶ
1469 3673 1523 3723 εὶ
1564 3669 1704 3738 χρὴ,
1746 3669 1908 3736 παρὰ

392 3754 574 3806 τίνων
599 3749 878 3817 λήψεται.

913 3877 1304 3933 ΑΠΟΚΡῘΣῘΣ.

2577 3872 2982 3931 RESPONSIO.

405 3999 464 4052 Ὀ
506 3994 862 4068 μνημονεύων
909 3990 1003 4045 τοῦ
1045 3991 1254 4061 Κυρίου
1281 3986 1551 4048 εἰπόντος,
1596 3984 1723 4052 Ἐφ’
1757 3983 1902 4036 ὅσον

2079 3985 2343 4056 Quisquis
2373 4003 2582 4043 memor
2611 3997 2694 4044 est
2727 3989 2963 4057 Domini,
2999 3993 3092 4062 qui
3124 3992 3282 4057 dixit,
3317 3995 3592 4061 Quatenus

322 4088 648 4157 ἐποιήσατε
667 4084 758 4139 ἐνὶ
782 4085 1009 4137 τούτων
1036 4079 1153 4135 τῶν
1175 4075 1456 4146 ἀδελφῶν
1475 4093 1597 4146 μου
1622 4075 1742 4129 τῶν
1770 4075 1902 4129 ὲλα-

2009 4077 2205 4146 fecistis
2263 4081 2355 4132 uni
2388 4096 2453 4134 ex
2518 4081 2599 4135 his
2667 4083 2926 4151 fratribus
2981 4086 3112 4140 meis
3168 4088 3424 4153 minimis,
3464 4092 3593 4144 mihi

323 4183 584 4252 κίστων,
645 4177 774 4246 ἐμοὶ
816 4173 1162 4240 ἐποιήσατε,
1222 4170 1480 4243 φροντίδα
1527 4167 1728 4239 πολλὴν
1769 4167 1902 4237 μετὰ

2008 4169 2209 4237 fecistis
2259 4171 2328 4235 ",
2390 4171 2693 4228 studiosius
2737 4174 3164 4246 diligentiusque
3207 4178 3440 4233 multum
3496 4182 3592 4235 ad-

326 4271 562 4341 σπουδῆς
596 4267 838 4330 πλείονος
867 4267 961 4320 καὶ
987 4263 1306 4336 ἐπιμελείας
1335 4264 1569 4316 ποιεῖται
1593 4260 1742 4326 ἄξιος
1765 4256 1902 4314 εἷναι

2007 4262 2158 4316 hibet
2213 4277 2380 4327 curae,
2434 4277 2493 4316 ut
2543 4264 2744 4336 dignus
2799 4269 2872 4321 sit
2923 4269 3017 4338 qui
3070 4267 3287 4324 Domini
3331 4270 3598 4328 habeatur

323 4364 550 4433 ἁδελφὸς
603 4361 698 4415 τοῦ
755 4360 965 4431 Κυρίου
1017 4358 1130 4427 (62)
1180 4355 1460 4427 τετάχθαι.
1511 4354 1636 4409 Ἐὰν
1679 4350 1772 4407 οὖν
1823 4371 1902 4418 τις

2010 4355 2200 4408 Ιηιετ.
2250 4353 2307 4408 Si
2355 4355 2481 4424 quis
2528 4341 2694 4426 igitur
2747 4357 2910 4414 fuerit
2955 4359 3297 4429 huiusmodi,
3359 4364 3597 4434 accipiat

322 4453 564 4517 τοιοῦτος
600 4449 669 4527 ᾗ,
705 4451 780 4523 μὴ
832 4447 1190 4520 διακρινέσθω
1234 4445 1550 4518 λαμϐάνων,
1583 4445 1699 4498 ἀλλ’
1743 4445 1907 4515 εὐχα-

2009 4448 2146 4502 citra
2179 4447 2344 4500 ullam
2387 4447 2812 4514 haesitationem,
2847 4453 2941 4507 sed
2975 4455 3181 4524 gratias
3213 4461 3355 4524 agat.
3395 4459 3438 4507 Α
3471 4457 3596 4525 (ιυί-

329 4546 599 4619 ριστείῒω.
641 4543 801 4611 Παρὰ
829 4541 992 4594 τίνων
1027 4539 1086 4592 δὲ
1117 4537 1224 4610 χρὴ
1261 4535 1580 4607 λαμόάνειν,
1629 4535 1724 4589 καὶ
1761 4536 1902 4599 πότε,

2016 4538 2122 4592 bus
2155 4545 2334 4592 autem
2376 4539 2625 4610 accipere.
2655 4544 2966 4604 conveniat,
2997 4551 3052 4598 et
3085 4545 3325 4614 quando,
3361 4554 3414 4600 et
3457 4562 3595 4615 quo-

324 4639 420 4692 καὶ
450 4637 585 4700 πῶς,
613 4638 642 4689 ὁ
672 4635 770 4706 τὴν
807 4633 991 4703 κοινὴν
1021 4629 1278 4703 φροντίδα
1305 4628 1729 4698 ἐπιτεταγμένος
1757 4627 1902 4680 δοκι-

331 4730 523 4801 μάζειν
571 4727 802 4796 ὸφείλειο
849 4723 1204 4796 μνημονεύων
1265 4720 1360 4774 τοῦ
1410 4719 1575 4774 Δαϐὶδ
1622 4719 1899 4783 εἰπόντος’

2012 4629 2198 4693 modo,
2233 4631 2542 4699 expendere
2572 4632 2734 4686 debet
2770 4633 2816 4687 is
2846 4635 2932 4686 cui
2967 4636 3282 4689 concredita
3321 4644 3405 4690 est
3435 4651 3591 4690 com-

2014 4721 2196 4775 munis
2222 4736 2375 4784 Cura,
2413 4722 2550 4776 adeo
2579 4729 2637 4776 ut
2667 4723 2981 4778 recordetur
3015 4723 3253 4790 Davidis,
3285 4726 3376 4795 qui
3403 4725 3541 4779 dixit
3577 4747 3591 4784 :

330 4816 976 4887 Ἕλαιονάμαρτωλοῦ
1023 4813 1110 4884 μὴ
1136 4810 1442 4867 λιπανάτω
1485 4810 1600 4876 τὴν
1634 4810 1902 4880 κεφαλήν

2017 4811 2202 4866 Oleum
2252 4816 2538 4882 peccatoris
2573 4831 2635 4868 ne
2675 4816 2961 4886 impinguet
3002 4826 3157 4884 caput
3199 4834 3370 4872 meum
3399 4820 3468 4874 ".
3516 4820 3595 4875 Ac

323 4930 473 4984 μουο
526 4912 622 4965 καὶ
671 4910 831 4963 πάλιν
856 4927 868 4939 ο
924 4907 1333 4975 Πορευόμενος
1384 4903 1454 4956 ἐν
1482 4902 1600 4969 ὀδῷ
1650 4903 1867 4974 ἀμώμῳ
1889 4943 1906 4970 ,

327 5003 505 5072 οὗτός
531 5022 633 5075 μοι
657 5003 1038 5070 ἐλειτούργει.

402 5188 448 5220 ³⁵
487 5186 620 5240 Luc.
656 5199 790 5250 xm,
822 5181 928 5244 26,
963 5179 1054 5234 27.
1132 5177 1178 5250 ⁶Ῠ
1202 5175 1260 5250 ll
1294 5173 1660 5250 Cor._li,_l7.
1702 5174 1783 5204 ’⁸⁷
1809 5172 1902 5250 -ΙΛῚ

2009 5213 2024 5228 .
2052 5176 2240 5250 _v:,_5.
2319 5176 2365 5208 ⁸⁸
2407 5175 2655 5250 Thess.
2692 5195 2769 5242 ιι,
2819 5179 2939 5233 ιοϐ.

2016 4919 2210 4959 rursus
2259 4924 2272 4959 :
2328 4907 2622 4960 Ambulans
2663 4907 2717 4960 in
2774 4910 2856 4962 via
2904 4911 3274 4976 immaculata,
3323 4911 3410 4966 hic
3465 4913 3596 4966 mihi

2016 4996 2354 5051 ministrabat
2383 5000 2450 5051 “.

3051 5180 3097 5213 °°
3137 5179 3296 5237 Joan.
3333 5197 3427 5236 vui
3451 5222 3467 5248 ,
3503 5183 3591 5236 54.

327 5259 375 5292 ⁹⁰
415 5258 548 5312 ibid.
584 5256 674 5311 44.
749 5244 793 5288 ’ί
832 5252 992 5306 Rom.
1028 5265 1078 5305 γι
1155 5248 1243 5302 16.
1316 5247 1362 5279 ⁸³
1401 5244 1594 5298 Matth.
1634 5259 1762 5308 xxv,
1795 5245 1885 5299 40.

2006 5249 2010 5274 ι
2051 5244 2194 5300 Ρειιι.
2231 5261 2368 5312 ch,
2406 5249 2459 5304 5.
2536 5249 2582 5282 ⁸⁸
2620 5249 2765 5304 l’sal.
2802 5266 2867 5315 c,
2904 5252 2958 5305 6.

404 5449 516 5520 (59)
547 5445 666 5520 Vox
697 5442 1008 5520 ὑμῖν-σεεμ
1031 5435 1515 5520 ἰηιιῖεςκεεειιράο

405 5504 513 5589 (6Οῇ
543 5504 911 5589 Codex'Colb.
935 5511 1141 5581 πατρὸς
1169 5504 1462 5589 ὑμῶνιίφῦ3
1493 5504 1908 5589 Mox‘edit‘i'xm—

330 5572 510 5645 νωνδῖ
540 5586 749 5649 ἁπλῶς.
799 5583 1026 5639 Veteres
1054 5572 1304 5651 "quatuor
1335 5577 1459 5631 libri
1500 5583 1697 5648 praeter
1743 5572 1904 5630 Voss.

331 5661 606 5721 κοινωνός.

405 5713 520 5803 (61)
544 5713 687 5784 Editi
716 5735 770 5784 et
799 5724 935 5796 Reg.
963 5721 1160 5778 tertius
1183 5719 1505 5792 περίστασιν
1535 5717 1726 5771 νόσων.
1771 5713 1902 5786 Reg.

2018 5437 2292 5491 secundus
2320 5439 2640 5508 περίστασιν
2680 5438 2712 5508 ἢ
2743 5439 2918 5502 νόσον,
2951 5451 3119 5496 recte.
3154 5439 3348 5496 Statim
3382 5440 3513 5496 editi
3549 5443 3597 5494 et

2015 5508 2308 5580 διάκριτον.
2342 5509 2409 5560 At
2431 5524 2564 5580 mss.
2606 5509 2654 5560 εἰ
2678 5508 3008 5580 ἀδιάκριτον.

2087 5577 2620 5654 (62)_Reg._‘pr_imus
2654 5586 2710 5654 et
2743 5577 2898 5654 Yosls.
2935 5580 3340 5654 quantum;
3363 5581 3460 5636 τοῦ
3482 5581 3596 5635 Κυ-

2017 5648 2154 5719 ρίου.
2183 5649 2542 5720 Οοαεκζαοιι).
2567 5650 2624 5702 ὲν
2651 5648 2902 5718 ἀδελφοῖς
2924 5649 3041 5705 τοῦ.
