4064 6238
277 281 420 368 1285

1411 288 1712 347 REGULIE
1751 285 2053 343 BREVIUS
2092 289 2511 346 ΤΒΑΟΤΑΤΑΞ.

3411 292 3550 349 1286

275 435 362 487 ὅτι
388 431 466 502 τῷ
491 426 771 495 Βαπτιστῇ
808 421 1024 492 Ἰωάννῃ
1062 413 1500 488 ὲξωμολογοῦντο
1530 413 1630 476 τὰς
1670 414 1849 483 ἁμαρ-

1981 429 2012 464 n
2056 411 2206 468 Actis
2235 427 2385 473 .vero
2435 413 2480 476 ’⁸,
2551 413 2815 483 apostolis
2854 413 3011 484 ipsis,
3066 427 3096 466 a
3136 411 3336 483 quibus
3383 413 3549 470 etiam

275 526 400 588 τίας
429 521 643 576 αὐτῶν·
682 521 740 570 ἐν
789 516 846 568 δὲ
883 515 1002 574 ταῖς
1052 508 1315 581 Πράξεσι,
1364 508 1476 570 τοῖς
1517 505 1859 571 ἀποστόλοις,

279 619 373 688 ὑφ’
404 609 481 670 ὧν
519 614 612 667 καὶ
648 608 1003 672 ἐϐαπτίζοντο
1033 606 1296 664 ἅπαντες.

799 719 1134 776 ΕΡΩΤΗΣΙΣ
1175 717 1340 770 ΣΠΘ’.

291 822 350 876 '0
372 819 754 893 μετανοήοςας
783 815 880 893 ex}
913 811 1304 893 ἁμαρτήματι,
1335 809 1433 893 καὶ
1463 807 1652 893 πάλιν
1677 808 1764 869 εις
1796 803 1862 856 τὸ

482 877 628 944 αὐτῦ
651 877 931 957 ἐμπεσὼν
948 877 1288 952 ἃμάρτὴμα,
1315 881 1373 932 τί
1399 877 1662 944 ποιήσει;

876 989 1273 1049 ΑΠΟΚΡΙΣΙΣ.

356 1099 432 1151 Τὸ
482 1093 628 1159 απαξ
676 1101 798 1144 τινα
853 1087 1261 1159 μετανοήσαντα
1311 1083 1411 1154 τὴν
1464 1083 1635 1150 αὐτὴν
1699 1081 1864 1134 πάλιν

284 1191 508 1260 ποιῆσαι
539 1181 810 1256 ἁμαρτίαν
841 1178 1058 1249 ἔλεγχός
1084 1180 1199 1229 ἐστι
1229 1175 1320 1228 τοῦ
1354 1175 1415 1228 τὸ
1454 1173 1672 1246 πρῶτον
1693 1174 1864 1226 αἴτιον

281 1284 383 1353 τῆς
404 1259 678 1351 άμαρτίας
704 1273 913 1344 ἐκείνης
942 1270 1014 1342 μὴ
1037 1267 1362 1338 ἐκκαθᾶραι,
1387 1267 1478 1334 ἀφ’
1504 1259 1582 1331 οὗ,
1615 1264 1865 1335 καθάπερ

283 1377 394 1431 ἀπὸ
429 1373 584 1446 ῥίζης
613 1368 780 1433 τινὸς,
821 1367 982 1420 πάλιν
1013 1364 1228 1432 ἀνάγκη
1262 1359 1331 1414 τὰ
1365 1359 1455 1412 ἴσα
1489 1357 1741 1427 φύεσθαι.
1779 1358 1867 1420 Ὠς

285 1471 395 1541 γὰρ
423 1466 477 1520 εἴ
506 1483 590 1529 τις
617 1461 782 1533 φυτοῦ
809 1460 934 1523 τοὺς
969 1456 1197 1517 κλάδους
1221 1453 1450 1522 ἐκκόψαι
1471 1451 1737 1523 θελήσειε,
1766 1449 1866 1519 τὴν

287 1561 445 1634 ῥίζαν
479 1558 668 1620 ἐάσας,
717 1553 871 1608 οὐδὲν
907 1545 1072 1624 ἦττον
1102 1552 1136 1620 ἡ
1183 1541 1308 1620 ῥίζα
1355 1547 1590 1616 μένουσα
1621 1543 1690 1597 τά
1729 1543 1867 1596 αὐτὰ

285 1653 454 1707 πάλιν
481 1647 592 1722 (68)
630 1648 682 1718 β)
695 1647 914 1702 αστόινει
932 1661 946 1674 '
977 1642 1170 1707 οὔτως,
1198 1640 1386 1711 ἐπειδὴ
1415 1655 1533 1692 τινα
1553 1636 1662 1690 τῶν
1691 1636 1867 1706 ἀμαρ-

1962 507 2382 576 baptizabantur
2412 507 2608 562 cuncti.

2281 713 2802 770 INTERROGATIO
2835 712 3215 770 CCLXXXIX.

1966 813 2130 880 Quem
2171 811 2412 881 paenituit
2441 812 2665 878 peccati,
2700 817 2749 860 et
2780 824 2989 881 rursus
3015 806 3543 881 injdempeccatum

2447 875 2664 945 labitur,
2714 878 2839 949 quid
2885 878 3042 946 faciet
3067 879 3092 931 ?
3251 875 3267 888 ⁸

2560 991 2965 1048 RESPONSIO.

2039 1087 2096 1143 Si
2119 1089 2242 1159 quis
2265 1096 2385 1142 acta
2413 1087 2579 1142 semel
2609 1086 2930 1157 poenitentia
2959 1099 3154 1137 rursus
3184 1081 3324 1136 idem
3351 1094 3545 1150 pecca»

1967 1189 2080 1236 tum
2113 1180 2388 1242 admittat,
2425 1180 2594 1249 liquet
2626 1179 2859 1248 primam
2889 1177 3096 1246 peccati
3148 1175 3295 1228 illius
3323 1187 3546 1228 causam

1968 1288 2076 1328 non
2124 1272 2295 1326 fuisse
2347 1277 2741 1340 expurgatam,
2792 1284 2822 1321 a
2861 1284 2968 1338 qua
3022 1268 3188 1321 veluti
3239 1281 3268 1318 a
3309 1264 3548 1335 quadam

1967 1363 2150 1418 radice
2203 1362 2404 1418 similia
2456 1376 2682 1415 necesse
2730 1367 2815 1414 est
2858 1359 3032 1413 nasci.
3078 1357 3549 1423 Quemadmodum

1966 1455 2112 1510 enim
2158 1454 2206 1508 si
2252 1455 2378 1523 quis
2425 1454 2612 1507 relicta
2653 1452 2841 1505 radice
2881 1450 3113 1505 voluerit
3145 1448 3304 1519 517
3333 1448 3548 1502 arboris

1968 1561 2152 1602 ramos
2188 1561 2461 1610 resecare,
2491 1544 2852 1599 nihilominus
2885 1542 3043 1596 radix
3083 1557 3312 1596 manens
3341 1539 3544 1608 aliquid

1971 1639 2115 1693 haud
2170 1636 2439 1693 dissimile
2472 1650 2664 1689 rursus
2695 1633 2984 1704 producit;
3014 1633 3095 1686 sic
3125 1631 3382 1700 quoniam
3420 1643 3547 1699 pec-

285 1719 548 1817 τημάτων
578 1741 679 1795 οὐκ
711 1741 768 1793 ἐν
792 1738 1003 1800 ἑαυτοῖς
1032 1733 1144 1804 ἔχει
1168 1733 1270 1804 τὴν
1303 1731 1497 1803 ἀρχὴν,
1523 1729 1636 1783 ἀλλ’
1665 1728 1723 1794 ἐξ
1755 1728 1868 1780 ἐτέ-

1980 1741 2091 1786 cata
2128 1731 2309 1800 aliqua
2340 1743 2450 1783 non
2493 1727 2548 1780 in
2589 1725 2786 1794 seipsis
2825 1725 3028 1779 habent
3056 1722 3407 1792 principium,
3451 1719 3546 1775 sed

291 1856 402 1907 ρων
445 1838 663 1907 φύεται,
695 1833 911 1901 ἀνάγκη
945 1831 1096 1884 πᾶσα
1133 1828 1226 1881 τὸν
1268 1822 1607 1895 καθαρεῦσαι
1649 1822 1742 1876 ἀπ’
1772 1820 1869 1873 αὐ-

286 1929 400 1984 τῶν
429 1927 750 2000 βουλόμενον
803 1923 872 1977 τὰ
910 1922 1102 1994 πρῶτα
1133 1919 1283 1973 αἴτια
1315 1917 1426 1971 τῶν
1457 1914 1869 1987 ἁμαρτημάτων

288 2019 515 2075 ἐκείνων
545 2018 766 2089 ἐξᾶραι·
801 2009 932 2078 οἷον,
965 2011 1130 2084 ἔριςῆ
1169 2009 1361 2081 φθόνος
1394 2009 1494 2062 οὐκ
1537 2007 1629 2076 ἀφ’
1659 2006 1869 2060 ἑαυτῶν

288 2113 518 2184 ἄρχεται
561 2109 692 2180 (69),
742 2105 856 2162 ἀλλ’
911 2105 1019 2158 ἀπὸ
1066 2103 1222 2175 ῥίζης
1272 2102 1370 2171 τῆς
1402 2097 1702 2168 φιλοδοξίας
1745 2096 1871 2166 βλα-

293 2205 498 2259 στάνει.
529 2197 994 2270 Ἄντιποιούμενος
1013 2197 1124 2268 γὰρ
1147 2197 1244 2266 τῆς
1267 2195 1424 2261 δόξης
1445 2192 1545 2262 τῆς
1575 2189 1726 2262 παρὰ
1758 2192 1869 2251 τοῖς

290 2295 632 2369 ἀνθρώποις,
667 2293 838 2364 ἐρίζει
887 2290 965 2361 τῷ
1014 2287 1419 2358 εὐδοκιμοῦντι,
1475 2286 1509 2354 ἢ
1561 2283 1744 2353 φθονεῖ
1792 2279 1872 2350 τῷ

292 2384 806 2459 παρευδοκιμοῦντι.
874 2382 999 2435 Ἐὰν
1053 2376 1182 2444 οῦν,
1239 2377 1384 2442 απαξ
1437 2390 1522 2440 τις
1576 2374 1872 2445 λαϐόμενος

293 2478 488 2534 ἑαυτοῦ
519 2478 614 2532 ἐπὶ⁸
651 2476 848 2547 φθόνῳ,
890 2476 924 2544 ἢ
968 2473 1126 2545 ἔριδι,
1162 2470 1324 2525 πάλιν
1363 2471 1475 2531 τοῖς
1511 2468 1694 2530 αὐτοῖς
1720 2483 1874 2537 περι-

294 2571 460 2645 πέσῃ,
503 2567 816 2641 γνωριζέτω
840 2566 950 2637 (70)
996 2565 1188 2618 ἑαυτὸν
1227 2562 1288 2615 τὸ
1325 2560 1543 2632 πρῶτον
1576 2559 1750 2612 αἴτιον
1778 2557 1871 2610 τοῦ

296 2661 496 2732 φθόνου
527 2661 560 2731 ἣ
587 2660 686 2730 τῆς
707 2658 902 2730 ἔριδος,
925 2657 1024 2726 τὴν
1054 2652 1361 2726 φιλοδοξίαν
1391 2653 1448 2704 ὲν
1477 2649 1626 2720 βάθει
1665 2648 1876 2702 νοσοῦνο

293 2770 386 2807 τα.
413 2752 524 2804 Καὶ
556 2751 661 2822 χρή
700 2765 762 2818 γε
795 2747 957 2801 αὐτὸν
999 2747 1064 2798 ὲκ
1107 2743 1201 2798 τοῦ
1239 2741 1480 2795 ἐναντίου
1513 2739 1603 2792 διὰ
1631 2737 1741 2791 τῶν
1772 2737 1874 2806 τῆς

293 2840 798 2914 ταπεινοφροσύνης
827 2836 1236 2909 γυμνασμάτων
1280 2829 1612 2903 (γυμνάσιον
1646 2829 1755 2900 γὰρ
1781 2843 1876 2879 τα-

297 2934 778 3008 πεινοφροσύνηςὴ
804 2933 860 2984 ὲν
881 2933 992 2993 τοῖς
1023 2925 1423 2995 εὐτελεστέροις
1455 2921 1742 2992 πράγμασι
1765 2918 1876 2972 δια-

295 3030 497 3102 τριϐὴ)
538 3028 600 3080 τὸ
647 3025 818 3088 πάθος
877 3024 973 3093 τῆς
1026 3015 1330 3089 φιλοδοξίας
1384 3013 1754 3086 θεραπεῦσαι,
1790 3011 1898 3064 Eva"

1970 1839 2037 1879 ex
2071 1822 2193 1877 aliis
2225 1821 2488 1890 originem
2529 1819 2760 1880 ducunt,
2792 1816 3166 1870 necessarium
3214 1812 3437 1865 omnino
3466 1819 3551 1865 est

1970 1931 2094 1972 eum
2127 1898 2218 1984 qui
2253 1913 2323 1966 ab
2376 1913 2512 1982 ipsis
2545 1925 2718 1979 purus
2756 1923 2880 1963 esse
2923 1907 3058 1970 vult,
3103 1903 3310 1976 primas
3357 1918 3552 1973 pecca-

1973 2019 2151 2063 torum
2225 2007 2444 2060 illorum
2522 2017 2720 2057 causas
2781 2001 2990 2055 tollere.
3055 1997 3301 2067 Exempli
3357 2009 3548 2056 causa,

1968 2103 2208 2174 jurgium
2238 2107 2330 2152 aut
2355 2097 2558 2151 invidia
2590 2097 3014 2164 haudquaquam
3042 2107 3069 2145 a
3104 2091 3300 2158 seipsis
3327 2095 3552 2144 sumunt

1971 2193 2279 2255 exordium,
2311 2190 2404 2245 sed
2452 2206 2517 2245 ex
2562 2189 2751 2243 radice
2785 2187 2989 2241 amoris
3032 2185 3219 2256 gloria!
3262 2183 3548 2253 pullulant.

1973 2286 2078 2352 Qui
2114 2286 2258 2340 enim
2305 2284 2606 2336 humanam
2651 2281 2880 2350 gloriam
2914 2285 3241 2346 aucupatur,
3275 2276 3400 2328 huic
3427 2275 3550 2342 jur-

1975 2379 2123 2448 gium
2156 2385 2240 2430 est
2271 2390 2393 2429 cum
2430 2389 2517 2440 eo,
2549 2373 2643 2443 qui
2690 2372 2828 2426 bene
2854 2369 3008 2424 audit
3044 2388 3056 2423 :
3088 2377 3182 2423 aut
3229 2368 3278 2422 ei
3322 2366 3550 2426 invidet.

1974 2470 2062 2526 cui
2097 2467 2262 2523 fuerit
2303 2466 2542 2521 nominis
2577 2463 2868 2534 splendore
2910 2461 3158 2516 inferior.
3192 2461 3250 2513 Si
3296 2459 3420 2528 quis
3452 2457 3554 2527 igi-

1977 2569 2085 2626 tur,
2122 2559 2215 2614 ubi
2251 2573 2310 2612 se
2345 2557 2462 2627 ipse
2493 2555 2662 2611 semel
2711 2551 3171 2608 condemnaverit‘
3202 2549 3420 2604 invidiae
3461 2557 3554 2602 aut

1975 2650 2210 2713 dissidii,
2243 2651 2299 2702 in
2340 2647 2532 2702 eadem
2573 2661 2768 2700 rursus
2802 2645 2931 2698 vitia
2985 2642 3214 2704 incidat,
3247 2641 3459 2694 noverit
3500 2641 3552 2692 in

1977 2739 2187 2793 intimis
2231 2737 2481 2791 laborare
2531 2750 2590 2790 se
2639 2749 2705 2789 ex
2745 2732 3006 2804 primaria
3064 2731 3158 2786 illa
3198 2729 3415 2784 invidia
3462 2738 3557 2782 aut

1977 2831 2353 2888 altercationis
2399 2844 2591 2892 causa,
2636 2829 2756 2896 ipso
2806 2825 3063 2880 videlicet
3115 2825 3300 2894 gloriae
3350 2823 3554 2878 studio.

1979 2925 2044 2981 Et
2079 2924 2300 2995 quidem
2336 2929 2551 2992 oportet
2579 2936 2703 2974 eum
2736 2935 2798 2973 ex
2841 2919 3060 2973 diverso
3095 2932 3191 2986 per
3229 2914 3557 2969 humilitatis

1978 3017 2240 3072 exercitia
2301 3013 2659 3077 (exercitium
2719 3020 2903 3064 autem
2961 3008 3292 3063 humilitatis
3341 3015 3446 3070 est,
3496 3007 3556 3060 in

296 3097 494 3185 οῦτως,
527 3121 584 3172 ἐν
626 3117 859 3171 διαθέσει
899 3114 1001 3184 τῆς
1030 3107 1532 3179 ταπεινοφροσύνης
1563 3106 1876 3176 γενόμενος,

1982 3108 2268 3164 vilioribus
2307 3106 2542 3176 negotiis
2565 3101 2848 3174 occupari)
2890 3101 2943 3156 id
2978 3100 3168 3155 vitium
3213 3100 3416 3154 amoris
3446 3097 3562 3168 glo-

303 3213 503 3287 μηκέτι
546 3211 754 3283 ἐκπέσῃ
793 3211 874 3271 είς
921 3206 991 3258 τὰ
1034 3202 1410 3276 προειρημένα
1443 3199 1542 3268 τῆς
1578 3195 1880 3268 φιλοδοξίας

303 3307 655 3379 βλαστήματα
673 3320 686 3333 ·
719 3301 813 3356 καὶ
845 3300 927 3369 ἐφ’
956 3297 1172 3366 ἑκάστῳ
1198 3294 1307 3347 τῶν
1336 3292 1592 3345 τοιούτων
1626 3293 1879 3361 ἁμαρτη-

303 3399 490 3471 μάτων
521 3395 746 3467 ὁμοίως.

838 3591 1170 3647 urorum
1201 3592 1314 3657 Σιί.

406 3694 530 3760 Πῶς
561 3690 902 3759 περισσεύει
924 3686 1115 3773 τιςιέν
1136 3682 1216 3747 τῷ
1240 3682 1390 3750 ἔργῳ
1425 3680 1530 3733 τοῦ
1564 3679 1785 3748 Κυρίου

955 3769 1208 3810 πάντοτε
1227 3769 1247 3817 ;

871 3868 1260 3925 aucupum.
1303 3870 1324 3935 i

382 3967 537 4020 Ἤτοι
573 3964 634 4017 τὸ
682 3963 957 4033 διδόμενον
994 3960 1252 4032 ’χάρισμα
1315 3955 1781 4018 πολυπλασιάζων
1829 3956 1887 4008 ὲν

305 4062 374 4130 τῇ
409 4059 515 4113 τῶν
543 4053 1015 4127 εὐεργετουμένων
1043 4053 1133 4104 ὑπ’
1166 4049 1330 4106 αὐτοῦ
1357 4049 1597 4120 ὠφελείᾳ
1631 4050 1725 4102 καὶ
1763 4063 1891 4118 προ-

306 4152 486 4220 κοπῇ,
534 4149 566 4220 ῆ
610 4150 674 4201 ὲκ
723 4146 1064 4216 συγκρίσεως
1094 4145 1202 4197 τῶν
1233 4143 1596 4214 ἀνθρωπίνων
1662 4140 1892 4194 σπουδα-

312 4242 531 4313 σμάτων
558 4241 620 4293 τὸ
660 4239 819 4292 πλέον
848 4239 942 4308 τῆς
965 4236 1218 4308 ,σπουδῆς
1253 4233 1702 4304 ἐπιδεικνύμενος
1726 4234 1782 4285 ἐν
1812 4231 1891 4302 τῷ

311 4336 460 4408 εργῳ
495 4333 588 4386 τοῦ
614 4333 817 4403 Κυρίου
829 4371 842 4384 .

843 4443 1175 4497 ΕΡΩΤΗΣΙΣ
1204 4443 1362 4508 Σιμν.

317 4543 611 4608 Τίς·ὲστιν
639 4541 748 4611 (71)
779 4534 1343 4611 οξσυντετριμμρνος
1405 4533 1721 4611 κάλαμος,⁸
1740 4533 1779 4601 ἢ
1827 4532 1893 4585 τὸ

386 4604 936 4682 τυφόμενψίλίιζον
951 4623 984 4682 ί
1000 4607 1102 4682 καὶ
1133 4604 1258 4671 πῶς
1283 4623 1372 4670 τις
1414 4605 1481 4657 τὸ
1516 4604 1632 4673 μὲν
1662 4605 1732 4658 οὐ
1759 4621 1897 4658 κατ-

387 4677 565 4748 εάξει,
601 4681 667 4735 τὸ
699 4677 767 4732 δὲ
797 4680 868 4732 οὐ
903 4677 1238 4731 σϐέννυσιν
1258 4691 1272 4706 ⁸

931 4787 1299 4844 ΑΠΟΚΡῘΣῙΣ
1310 4827 1322 4840 .

387 4891 846 4959 Συντετριμμενον
872 4883 969 4952 μὲν
1005 4881 1250 4950 κάλαμον
1281 4877 1564 4950 λογίζομαι
1611 4874 1749 4931 εἶναι
1799 4878 1892 4931 τὸν

317 4986 377 5036 ἐν
420 4979 583 5034 πάθει
605 4979 710 5032 τινί
739 4974 995 5034 ποιοῦντα
1017 4973 1238 5044 ἐντολὴν
1275 4971 1411 5025 Θεοῦ
1432 4990 1447 5002 ·
1479 4972 1537 5025 ὃν
1562 4970 1894 5026 κατεάσσειν

319 5076 416 5128 καὶ
444 5070 771 5126 ἀποκόπτειν
816 5067 879 5120 οὐ
911 5065 1052 5138 χρὴ,
1105 5064 1240 5119 ἀλλὰ
1289 5064 1489 5136 μᾶλλον
1523 5063 1850 5135 θεραπεύειν
1876 5106 1891 5131 ,

446 5232 566 5287 Act.
603 5227 834 5294 113,18.
914 5228 934 5258 ⁵
967 5224 1142 5280 lCor.
1175 5239 1263 5290 xv,
1296 5221 1387 5277 58.
1474 5221 1494 5252 ⁶
1531 5219 1724 5274 Matth.
1759 5235 1861 5287 xu,
1885 5217 1976 5277 28.

399 5391 510 5464 (68)
544 5376 770 5464 Veteres
804 5387 914 5464 d_uo
951 5385 1076 5441 libri
1109 5384 1180 5438 τὰ
1226 5380 1364 5435 αὐτὰ
1400 5379 1583 5434 πάλιν.
1636 5378 1743 5433 Alit
1789 5391 1898 5435 auo

322 5458 461 5520 mss.
492 5458 550 5517 et
582 5460 712 5516 editi
750 5458 942 5512 ταῦτα.

397 5517 510 5603 (39)
538 5531 672 5603 Reg.
700 5529 910 5603 primus
945 5528 1013 5603 Δοὐ
1053 5525 1174 5603 καθ’
1205 5521 1658 5603 έαυτὰβρχεται.
1719 5517 1896 5603 yossii

325 5591 658 5659 vetus'libe‘r
688 5591 748 5653 οὐ
784 5597 903 5652 καθ’
940 5597 1164 5652 ἑαυτῶν.
1207 5596 1330 5650 Mox
1361 5591 1644 5648 duo’mss.
1673 5591 1782 5660 γάρ
1814 5607 1898 5653 τις

549 5740 1085 5817 Εόίιὶηγνωρίζεται.
1125 5736 1344 5807 Antiqui
1391 5742 1502 5789 tres
1533 5732 1657 5788 libri
1703 5738 1897 5802 praeter

1983 3202 2077 3254 ria:
2100 3213 2317 3263 curare,
2362 3203 2422 3251 ut
2453 3197 2533 3251 sic
2574 3196 2756 3250 animo
2785 3193 2981 3248 humili
3016 3191 3264 3255 affectus,
3305 3191 3566 3258 deinceps

1983 3293 2040 3346 in
2071 3306 2157 3358 ea,
2206 3305 2328 3360 quae
2372 3298 2498 3344 ante
2540 3288 2782 3343 diximus
2833 3285 3040 3340 amoris
3087 3284 3275 3353 gloria:
3315 3283 3566 3352 germina

1982 3397 2332 3453 nequaquam
2361 3381 2568 3435 incidat
2603 3399 2615 3433 :
2651 3390 2703 3433 et
2730 3381 2783 3432 in
2811 3377 3043 3448 singulis
3070 3375 3338 3446 ejusmodi
3369 3388 3566 3445 pecca-

1983 3479 2055 3532 tis
2085 3475 2356 3530 similiter.

2399 3582 2917 3640 INTERROGATIO
2950 3581 3152 3637 CCXC.

1991 3682 2265 3752 Quomodo
2303 3679 2538 3734 abundat
2575 3679 2690 3748 quis
2727 3677 2782 3729 in
2813 3691 2966 3745 opere
3017 3672 3228 3726 Domini
3275 3685 3476 3739 semper
3508 3670 3572 3724 ’Υ

2566 3851 2972 3909 BESPONSIO.

2059 3955 2325 4014 Videlicet
2356 3967 2481 4006 cum
2515 3957 2609 4003 aut
2645 3947 2905 4002 traditum
2942 3942 3045 3999 sibi
3069 3940 3274 3996 donum
3299 3939 3565 4009 multipli-

1994 4059 2104 4115 cat,
2136 4062 2348 4110 eorum,
2376 4043 2576 4116 quibus
2607 4037 2902 4099 benefacit,
2940 4033 3165 4089 utilitati
3201 4040 3364 4102 atque
3391 4031 3574 4102 profc-

1994 4143 2107 4196 ctui
2137 4136 2471 4195 consulendo
2505 4150 2518 4185 :
2561 4140 2656 4187 aut
2690 4129 2933 4185 studium
2975 4125 3156 4196 majus
3190 4125 3246 4178 in
3270 4137 3436 4192 opere
3468 4119 3565 4175 Do-

1996 4233 2126 4288 mini
2159 4229 2418 4291 ostendit,
2451 4241 2614 4295 quam
2647 4225 2700 4276 in
2737 4223 2807 4276 iis
2839 4222 3027 4284 rebus,
3072 4232 3196 4288 quae
3235 4216 3303 4270 ab
3339 4213 3606 4269 homini-'

1996 4330 2099 4383 bus
2126 4337 2454 4395 magnopere
2482 4319 2861 4390 requiruntur.

2385 4429 2910 4489 lNTERROGATlO
2943 4425 3172 4482 CCXCI.

2003 4531 2134 4596 Quae
2175 4541 2252 4582 est
2294 4525 2499 4580 arundo
2553 4531 2843 4596 quassata,
2889 4528 2984 4573 aut
3028 4516 3295 4596 fumigans
3321 4582 3332 4596 Ι
3359 4512 3526 4565 linum
3553 4513 3580 4563 Ρ

2069 4582 2121 4655 et
2159 4597 2419 4671 quomodo
2461 4582 2586 4671 quis
2616 4593 2770 4647 illam
2814 4582 2917 4644 non
2962 4582 3254 4656 confringet
3313 4582 3409 4634 hoc
3459 4597 3578 4635 vero

2072 4665 2181 4726 non
2209 4667 2492 4734 exstinguit
2525 4665 2589 4718 ‘?

2595 4769 2981 4829 RESPONSIO

2076 4877 2400 4942 Quassatam
2456 4867 2780 4922 arundinem
2834 4863 3074 4916 arbitror
3122 4873 3244 4912 esse
3296 4868 3442 4916 eum,
3487 4853 3579 4921 qui

2000 4969 2136 5024 vitio
2181 4966 2346 5020 alicui
2393 4962 2691 5026 obnoxius,
2748 4955 3064 5010 mandatum
3117 4949 3216 5004 Dei
3258 4945 3501 5002 coniicit
3565 4960 3578 4994 :

2001 5077 2163 5131 quem
2209 5057 2555 5129 confringere
2582 5061 2636 5107 et
2668 5048 2992 5106 abscindere
3031 5059 3142 5101 non
3189 5048 3439 5113 oportet,
3487 5037 3584 5092 sed

2005 5376 2167 5432 Voss.
2203 5369 2537 5444 γνωριζέτω.

2076 5419 2188 5519 δῖ)
2216 5419 2588 5519 Regia-lenius
2617 5432 2682 5486 Τί
2727 5435 2896 5519 ἐστιν.
2933 5426 3044 5510 Nec
3091 5425 3166 5480 ita

2005 5491 2638 5575 ubi-ineditis‘legitur
2672 5500 2948 5575 κατεάξει,
2990 5500 3046 5551 in
3098 5491 3303 5575 nostris
3350 5499 3586 5575 (quitum:

2005 5551 2606 5647 'EEriBi’um
2658 5551 2948 5630 invenil'ur'
2983 5565 3294 5622 κατεάσσει.
3350 5551 3592 5611 Subinde

1991 5650 2160 5716 lColb.
2197 5657 2257 5709 οὐ
2295 5649 2556 5706 σϐεννύει.
