4064 6238
573 305 706 357 1237

1911 300 1968 354 S.
2003 295 2252 351 BASILH
2294 291 2504 350 MAGNI

3673 289 3780 344 1288

569 441 765 480 curare
807 424 1006 495 potius,
1057 425 1204 478 velut
1252 423 1518 477 Dominus
1551 422 1736 476 docuit
1789 437 1912 475 cum
1945 421 2086 475 dixit

2251 419 2326 480 ὡς
2403 417 2431 468 6
2501 413 2707 484 Κύριος
2771 408 3044 474 ἐδίδαξεν,
3088 407 3285 462 εἰπών·
3333 406 3645 476 Προσέχετε
3693 406 3785 475 τὴν

574 517 841 572 Altendite
895 533 956 570 ne
988 517 1372 585 eleemosynam
1430 526 1656 570 vestram
1698 515 1911 585 faciatis
1968 531 2129 567 coran

2253 506 2680 574 ἐλεημοσύνην
2706 500 2877 572 ὑμῶν
2898 500 2983 570 μὴ
3013 499 3206 552 ποιεῖν
3221 499 3554 567 ἔμπροσθεν
3575 499 3679 550 τῶν
3702 499 3786 552 ἀν-

571 603 890 667 hominibus,
916 613 973 657 ut
1009 604 1291 659 videamini
1326 606 1389 658 ab
1415 607 1487 659 eis
1518 607 1558 660 ".
1592 605 1733 670 Quin
1765 614 1819 658 et
1855 607 2129 674 Apostolu:

2254 595 2522 662 θρώπων,
2553 594 2705 660 πρὸς
2747 591 2810 643 τὸ
2854 589 3139 656 θεαθῆναι
3177 588 3396 654 αὐτοῖς.
3451 588 3556 641 Καὶ
3597 590 3622 639 6
3655 587 3775 640 ‘Awi-

571 704 902 764 praeceptum
935 695 1049 761 dat,
1086 697 1171 750 his
1197 695 1377 749 verbis
1414 715 1426 750 :
1465 695 1652 752 Omnia
1675 696 1831 764 facite
1860 697 1971 748 sine
2003 712 2151 747 mur-

572 787 961 841 murationibus
987 799 1035 841 et
1066 787 1536 856 disceptationibus
1567 788 1609 842 ⁸.
1651 787 1713 840 Et
1747 788 1852 842 alio
1881 788 1933 840 in
1974 788 2095 841 loco
2132 807 2143 840 :

576 879 726 932 Nihil
789 896 880 948 per
938 879 1354 941 contentionem,
1413 889 1506 931 aut
1564 880 1777 932 inanem
1829 878 2051 948 gloriam
2104 879 2145 930 ’.

573 966 768 1020 Linum
791 982 922 1022 vero
959 967 1232 1037 fumigans
1256 982 1377 1021 esse
1421 967 1644 1030 dicitur,
1685 983 1807 1020 cum
1839 967 1961 1036 quis
1993 982 2148 1021 exse-

570 1059 758 1126 quitur
795 1058 1113 1112 mandatum
1147 1073 1255 1112 non
1296 1059 1511 1113 ardenti
1555 1058 1849 1124 desiderio,
1878 1074 1981 1113 nec
2021 1075 2146 1128 per-

570 1149 715 1205 lecto
742 1150 948 1214 studio,
991 1150 1084 1205 sed
1128 1150 1349 1220 segnius
1389 1149 1794 1219 quodammodo
1843 1164 1906 1202 ac
1951 1151 2144 1205 remis.

568 1241 686 1295 sius
735 1259 748 1294 :
802 1256 964 1310 quem
1013 1255 1119 1294 non
1172 1240 1428 1293 convenit
1468 1255 1760 1303 coercere,
1823 1238 1919 1296 sed
1962 1241 2145 1310 potius

569 1334 830 1394 excitare,
871 1332 1250 1386 recordatione
1279 1330 1614 1401 judiciorum
1657 1331 1772 1397 Dei,
1805 1346 1870 1386 ac
1906 1333 2144 1402 promis-

569 1437 754 1476 sorum
788 1423 982 1478 iusius.

841 1535 1004 1606 518
1049 1533 1562 1590 INTERROGATIO
1619 1534 1866 1594 CCXCII.

2254 688 2437 750 στολος
2475 684 2843 756 παραγγέλλει
2865 724 2878 748 ,
2919 683 3127 750 λέγων’
3185 682 3388 734 Πάντα
3438 681 3657 752 ποιεῖτε,
3691 698 3786 748 χω-

2242 779 2342 848 ρὶς
2383 777 2740 849 γογγυσμῶν
2793 775 2893 830 καὶ
2940 773 3344 844 διαλογισμῶν
3371 792 3383 805 ·
3418 775 3509 826 καὶ
3555 773 3785 843 ἀλλαχοῦ·

2251 871 2456 936 Μηδὲν
2512 871 2636 924 κατ’
2672 869 2931 938 ἐριθείαν
2974 868 3013 936 ἣ
3054 865 3426 930 κενοδοξίαν.
3471 864 3618 918 Λίνον
3639 865 3689 917 δὲ
3713 883 3789 918 τυ-

2250 961 2500 1032 φόμενον,
2519 961 2645 1014 ὅταν
2666 977 2751 1023 τις
2774 961 2899 1030 ποιῇ
2930 957 3030 1029 τὴν
3053 957 3268 1028 ἐντολὴν
3291 955 3366 1027 μὴ
3382 955 3617 1026 διαπύρῳ
3637 956 3788 1008 ἐπιθυ·

2252 1054 2350 1126 μία
2385 1056 2480 1108 καὶ
2504 1053 2683 1122 τελείᾳ
2716 1051 2946 1122 σπουδῇ,
2978 1049 3311 1121 νωθρότερον
3341 1048 3398 1102 δέ
3424 1065 3538 1111 πως
3571 1048 3656 1100 καὶ
3679 1065 3785 1117 χαυ-

2248 1148 2503 1216 νότερον,
2551 1146 2611 1199 ὃν
2653 1146 2712 1198 οὑ
2759 1144 2866 1216 χρὴ
2919 1143 3149 1206 παύειν,
3209 1141 3499 1211 διεγείρειν
3533 1140 3584 1193 δὲ
3623 1139 3786 1209 μᾶλλον

2247 1240 2554 1310 ὑπομνήσει
2581 1238 2691 1291 τῶν
2712 1237 2994 1309 χριμάτων
3023 1235 3119 1288 τοῦ
3153 1234 3285 1288 Θεοῦ
3306 1274 3320 1299 ,
3372 1233 3464 1287 καὶ
3513 1231 3614 1284 τῶν
3644 1232 3786 1298 ἐπαγ-

2245 1332 2440 1403 γελιῶν
2470 1330 2634 1385 αὑτοῦ

2769 1521 3108 1574 ΕΡΩΤΗΣῘΣ
3135 1521 3291 1588 Σιιιγ.

2305 1614 2374 1667 El
2400 1612 2517 1682 χρὴ
2537 1613 2608 1667 ἐν
2630 1612 2989 1682 ἀδελφότητι
3021 1611 3577 1678 παιδίωνβιωτικῶν
3599 1612 3726 1666 εἶναι

2809 1683 3144 1739 ιδάσκαλον
3160 1685 3295 1756 (72).

2829 1815 3223 1868 ΑΠΟΚΡΙΣΙΣ.

2311 1903 2418 1959 Τοῦ
2457 1905 2781 1960 Ἀποστόλου
2827 1907 3073 1971 εἰπόντος
3097 1923 3112 1938 ⁶
3145 1910 3208 1960 Ol
3243 1906 3517 1975 πατέρες,
3557 1904 3636 1974 μὴ
3665 1918 3780 1972 παρ-

2237 1997 2494 2066 οργίζετε
2529 1998 2603 2051 τὰ
2643 1998 2827 2052 τέκνα
2855 1997 3045 2068 ὑμῶν,
3074 1997 3212 2053 ἀλλ’
3239 1997 3549 2066 ἐκτρέφετε
3581 1993 3780 2050 αὑτὰὲν

2236 2087 2472 2154 παιδείᾳ
2506 2088 2604 2140 καὶ
2645 2088 2934 2154 νουθεσίᾳ
2980 2088 3206 2156 Κυρίου
3235 2103 3249 2118 ·
3285 2086 3383 2140 ἐὰν
3414 2087 3464 2140 οἱ
3517 2085 3778 2156 προσάγον-

2234 2195 2326 2241 τες
2349 2180 2443 2232 ἐπὶ
2481 2179 2706 2251 τοιούτῳ
2741 2179 2930 2251 σκοπῷ
2973 2180 3317 2251 προσάγωσι,
3370 2181 3464 2235 καὶ
3495 2181 3543 2232 οἱ
3590 2177 3778 2247 δεχόμε-

2236 2290 2314 2326 νοι
2357 2273 2736 2345 πληροφορίαν
2787 2274 3014 2345 ἔχωσιν,
3061 2274 3141 2328 ὅτι
3192 2275 3449 2329 δύνανται
3497 2275 3552 2327 ὲν
3596 2272 3779 2342 παιδείᾳ

2237 2365 2330 2417 καὶ
2385 2364 2634 2438 νουθεσίᾳ
2682 2366 2888 2438 Κυρίου
2953 2365 3216 2439 ἐκθρέψαι
3268 2367 3338 2421 τὰ
3391 2366 3774 2440 προσαγόμενα,

2237 2456 2592 2525 φυλασσέσθω
2624 2459 2686 2511 τὸ
2729 2459 2837 2512 ὑπὸ
2886 2458 2982 2512 τοῦ
3035 2459 3245 2532 Κυρίου
3301 2457 3773 2531 προστεταγμένον,

2235 2551 2482 2616 εἰπόντος
2508 2567 2522 2582 ο
2577 2553 2786 2621 ’Ἄφετε
2848 2551 2922 2606 τὰ
2973 2552 3181 2606 ,παιδία
3208 2553 3492 2624 ἔρχεσθαι
3531 2552 3666 2620 πρὸς
3695 2547 3773 2618 μὲν

2236 2640 2335 2694 καὶ
2365 2640 2452 2710 μὴ
2496 2643 2754 2697 κωλύετε
2793 2643 2948 2696 αὑτά
2975 2659 2987 2670 ·
3033 2643 3153 2696 τῶν
3179 2643 3295 2712 γὰρ
3340 2643 3612 2698 τοιούτων
3635 2638 3776 2693 ἐστὶν

2235 2733 2272 2799 ἠ
2295 2733 2586 2797 βασιλεία
2626 2733 2746 2787 τῶν
2775 2734 3068 2803 οὐρανῶν.
3113 2735 3280 2787 Ἀνευ
3335 2734 3393 2788 δὲ
3431 2733 3522 2788 τοῦ
3567 2731 3773 2786 τοιούτου

2237 2823 2438 2878 σκοποῦ
2470 2826 2688 2898 καὶτῆς
2724 2826 2980 2898 τοιαύτης
3004 2826 3221 2890 ἐλπίδος
3256 2825 3384 2880 οὔτε
3428 2825 3545 2897 Θεῷ
3580 2823 3774 2897 ἀρέσκον

2233 2915 2389 2970 τοῦτο
2409 2956 2424 2982 ,
2474 2918 2568 2970 καὶ
2624 2919 2755 2989 ἡμῖν
2794 2916 2920 2971 οὔτε
2969 2918 3179 2990 πρέπον
3209 2917 3338 2972 οὔτε
3366 2917 3628 2990 συμφέρον
3653 2911 3772 2982 λογί-

2236 3007 2419 3080 ζομαι.

923 3110 1446 3169 INTERROGATIO
1499 3112 1773 3169 CCXCIII.
2157 3125 2198 3183 ρ
2762 3103 3097 3156 ΕΡΩΤΗΣΙΣ
3122 3105 3273 3171 ΣιιΓε

553 3201 826 3269 Quomodo
860 3219 977 3257 cum
1001 3206 1064 3257 iis
1096 3204 1356 3277 agendum
1378 3213 1476 3268 est,
1501 3207 1590 3275 qui
1617 3208 1852 3277 devitant
1879 3208 2128 3277 graviora

2229 3192 2364 3259 Πῶς
2386 3193 2477 3277 δεῖ
2501 3196 2944 3264 προσφέρεσθαι
2958 3197 3096 3277 ’τοῖς
3127 3197 3198 3250 τὰ
3220 3193 3463 3277 μείζονα
3490 3191 3769 3277 τῷτρμωξ·

659 3284 870 3344 peccata
899 3290 915 3326 :
938 3259 1154 3343 ροισιιηῖ
1175 3291 1291 3328 vero
1317 3259 2020 3332 leviora'indiscrimindtint.

2299 3259 2575 3333 n7me
2597 3259 3135 3346 ἷίάρᾶίτουμένοιξ,
3171 3259 3242 3320 τᾶ
3275 3267 3344 3319 δὲ
3367 3265 3546 3335 μικρὰ
3561 3259 3767 3328 ἀδιαφό-

2293 3351 2414 3401 ρως
2449 3351 2754 3402 ποιουσιν;

565 1622 820 1694 Nunquid
849 1627 1139 1700 conveniat,
1164 1637 1221 1679 ut
1249 1628 1304 1680 in
1338 1627 1565 1700 fratrum
1596 1629 1843 1700 societate
1883 1630 2138 1700 magister

977 1698 1046 1750 sit
1071 1713 1354 1765 puerorum
1381 1699 1718 1752 sazcularium

1149 1828 1556 1885 RESPONSIO.

623 1921 761 1977 Cum
799 1923 1092 1994 Apostolus
1125 1923 1328 1978 dixerit
1363 1942 1375 1976 :
1413 1923 1621 1985 Patres,
1651 1925 1808 1978 nolite
1835 1925 1904 1979 ad
1927 1927 2138 1981 iracun-

557 2015 703 2068 diam
742 2030 1022 2084 provocare
1063 2017 1202 2084 ﬁlios
1252 2026 1450 2070 vestros
1483 2034 1502 2070 :
1545 2017 1635 2070 sed
1672 2017 1888 2073 educate
1929 2020 2049 2075 illos
2085 2023 2137 2075 in

557 2108 841 2177 disciplina
874 2119 924 2163 et
965 2110 1291 2178 correptione
1319 2109 1535 2164 Domini
1567 2111 1633 2176 ιο,
1679 2112 1726 2165 si
1772 2112 1862 2182 qui
1905 2129 2000 2168 eos
2037 2113 2136 2167 ad-

556 2197 785 2263 ducunt,
828 2199 1107 2254 adducant
1146 2201 1247 2254 hac
1294 2208 1497 2265 mente,
1550 2209 1605 2256 et
1647 2203 1740 2272 qui
1789 2205 2133 2274 suscipiunt,

557 2291 692 2345 tales
718 2293 829 2345 sint
857 2300 917 2345 ut
943 2291 1262 2362 planissime
1305 2293 1585 2348 conﬁdant
1629 2309 1791 2363 posse
1832 2311 1891 2350 se
1925 2298 2136 2353 oblatos

555 2395 754 2449 pueros
802 2382 858 2436 in
897 2382 1189 2453 disciplina
1244 2397 1307 2437 ac
1357 2383 1702 2440 correctione
1744 2385 1959 2442 Domini
2001 2389 2136 2443 edu-

560 2486 716 2537 care,
766 2481 1013 2528 servetur
1046 2471 1194 2544 quod
1240 2489 1270 2528 a
1312 2473 1543 2529 Domino
1571 2483 1896 2545 praeceptum
1931 2487 2012 2532 est
2049 2478 2136 2534 his

555 2566 737 2621 verbis
783 2584 796 2621 :
839 2565 1007 2621 Sinite
1040 2567 1288 2636 parvulos
1331 2568 1502 2621 venire
1541 2569 1610 2622 ad
1644 2587 1743 2635 me,
1771 2580 1820 2624 et
1860 2571 2021 2626 nolite
2047 2586 2134 2626 eos

549 2657 824 2724 prohibere
857 2677 875 2712 :
903 2660 1092 2712 talium
1120 2669 1196 2714 est
1228 2662 1367 2713 enim
1396 2677 1612 2730 regnum
1639 2664 1889 2717 caelorum
1925 2666 1987 2720 “.
2027 2663 2134 2719 Sed

553 2750 691 2803 citra
731 2751 1070 2820 propositum
1122 2760 1177 2806 et
1228 2768 1379 2822 spem
1443 2753 1749 2822 ejusmodi,
1802 2772 1979 2826 neque
2028 2757 2134 2812 hoc

553 2850 767 2909 gratum
809 2841 939 2906 Deo,
986 2858 1165 2913 neque
1205 2844 1539 2900 conveniens
1568 2846 1760 2911 nobis,
1794 2863 1967 2918 neque
2001 2849 2132 2905 utile

550 2950 673 2989 esse
700 2935 970 2990 existimo.

1155 3448 1561 3506 RESPONSIO.

2828 3449 3218 3504 ΑΠΟΚΡΙΣΙΣ.

463 3827 468 3835 ·
551 3815 814 3870 Dominus
877 3814 1027 3868 dicat
1079 3831 1092 3866 :

622 3542 861 3598 Primum
893 3541 1112 3612 quidem
1144 3557 1308 3598 nosse
1331 3550 1569 3613 oportet,
1598 3543 1739 3599 hanc
1765 3543 2126 3600 diﬂ‘erentiam

552 3635 610 3688 in
657 3631 812 3688 Novo
866 3631 1217 3687 Testamento
1268 3647 1378 3687 non
1422 3633 1672 3702 reperiri.
1723 3633 1842 3688 Una
1890 3651 2128 3706 namque

550 3723 787 3779 habetur
815 3721 1084 3777 sententia
1125 3723 1391 3777 adversus
1432 3723 1690 3792 quaslibet
1715 3734 1963 3794 peccata,
1999 3741 2124 3780 cum

1146 3811 1251 3880 Qui
1292 3813 1422 3882 facit
1471 3823 1774 3880 peccatum,
1820 3831 1997 3869 servus
2047 3825 2124 3869 est

548 3910 747 3978 peccati
794 3909 858 3962 ".
917 3905 982 3959 Et
1029 3921 1221 3959 rursus
1265 3923 1279 3958 ι
1326 3903 1508 3958 Sermo
1553 3921 1706 3975 quem
1738 3906 1946 3961 locutus
1983 3923 2120 3970 sum,

552 4001 642 4054 ille
677 3998 941 4069 judicabit
986 4012 1104 4051 eum
1150 3997 1204 4049 in
1243 3997 1526 4050 novissimo
1559 3996 1643 4050 die
1674 3997 1760 4063 ¹³;
1797 4005 1849 4052 et
1883 3997 2124 4056 Joannes

550 4093 749 4145 clamat
786 4109 799 4144 :
836 4089 940 4154 Qui
980 4105 1083 4142 non
1123 4087 1296 4140 obedit
1346 4086 1510 4153 Filio,
1557 4086 1660 4143 non
1701 4089 1892 4143 videbit
1935 4092 2120 4156 vitam,

550 4183 640 4238 sed
683 4183 767 4235 ira
820 4180 920 4236 Dei
969 4178 1202 4233 manebit
1246 4193 1402 4246 super
1440 4180 1611 4247 ipsum
1653 4180 1740 4247 1¹’;
1777 4183 2122 4237 contumacia

549 4293 659 4332 non
693 4275 764 4329 ob
797 4281 1144 4343 peccatorum
1178 4273 1500 4339 discrimen,
1551 4273 1647 4328 sed
1691 4273 1762 4328 ob
1812 4283 2123 4344 transgres-

551 4368 761 4422 sionem
790 4366 968 4420 locum
998 4365 1415 4420 comminationi
1451 4366 1748 4435 praebente.
1777 4363 1897 4420 Uno
1929 4369 2117 4435 verbo,

550 4459 596 4511 si
636 4470 862 4525 parvum
903 4464 957 4510 et
998 4469 1255 4524 magnum
1310 4461 1595 4523 peccatum
1649 4454 1811 4508 liceat
1844 4456 2003 4510 nobis
2035 4457 2118 4511 di—

548 4565 694 4615 cere,
734 4548 852 4604 sine
906 4545 1283 4603 controversia
1333 4545 1522 4615 negari
1581 4561 1690 4599 non
1747 4554 1957 4616 potest,
2015 4547 2119 4603 hoc

550 4643 749 4710 cuique
795 4653 1052 4709 magnum
1109 4653 1251 4700 esse,
1316 4637 1476 4706 cujus
1528 4635 1768 4706 quisque
1827 4639 2124 4708 subjicitur

548 4733 792 4790 dominio
827 4751 839 4786 :
880 4730 1013 4785 illud
1035 4744 1166 4784 vero
1198 4744 1448 4798 parvum,
1480 4731 1569 4783 cui
1609 4731 1843 4799 quisque
1875 4731 2122 4784 domina-

549 4835 680 4893 tur;
725 4834 784 4879 ut
826 4824 882 4877 in
934 4822 1153 4876 athletis
1200 4821 1396 4876 fortior
1431 4827 1516 4875 est
1564 4821 1658 4890 qui
1698 4822 1867 4875 vincit
1897 4839 1908 4875 :
1940 4822 2118 4878 victus

550 4932 680 4973 vero
714 4915 942 4970 debilior
981 4913 1192 4972 victore
1245 4919 1349 4976 est,
1389 4912 1640 4982 quisquis
1690 4912 1780 4966 ille
1823 4913 1915 4966 sit.
1967 4913 2116 4978 Qua-

553 5016 774 5080 propter
805 5021 934 5077 erga
969 5019 1350 5076 quemcunque
1377 5005 1643 5074 cujusque
1671 5004 1888 5076 generis
1922 5018 2119 5074 pecca-

621 5151 640 5182 "
673 5149 861 5204 Matth.
889 5163 964 5211 vt,
995 5149 1048 5201 1.
1124 5143 1146 5174 ⁸
1174 5143 1408 5214 Philipp.
1442 5161 1501 5205 ll,
1531 5144 1618 5198 Η.
1713 5145 1734 5176 θ
1769 5143 1900 5200 ibid.
1936 5145 1990 5200 5.

553 5222 598 5253 ¹³
629 5220 784 5276 Joan.
818 5233 921 5286 xu,
944 5217 1034 5270 48.
1122 5214 1167 5245 “
1197 5213 1461 5278 Joan.’m,
1491 5215 1580 5269 '56.

624 5355 734 5428 (72)
765 5353 900 5423 Reg.
922 5352 1130 5428 primus
1152 5345 1288 5403 εἶναι
1312 5348 1695 5428 διδασκαλεῖον,
1720 5351 1950 5428 scholam
1979 5367 2110 5428 esse.

551 5419 997 5496 Ali‘quanto'post
1033 5421 1166 5496 duo_
1189 5435 1340 5496 mss._
1369 5420 1556 5489 σκοπῷ
1601 5422 1938 5496 προσάγωσι.
1976 5419 2110 5496 Reg.

553 5489 762 5567 primus
789 5489 1090 5567 προάγωσι.
1135 5489 1378 5543 Subinde
1408 5499 1518 5567 tres
1554 5489 1685 5545 mss.
1743 5489 2112 5567 πληροφορίαν

551 5560 943 5636 ἔχωσινκζῦὶιὶι-ἰ.
966 5570 1018 5615 et
1045 5577 1198 5636 unus
1210 5576 1317 5636 ins.
1344 5560 1754 5636 apogayguet...
1773 5560 2004 5636 ἔχουσιν.

625 5636 735 5705 (75)
770 5632 947 5705 Vossii
975 5640 1128 5705 vetus
1156 5631 1302 5705 liber
1332 5639 1389 5705 et
1419 5631 1510 5705 alii
1542 5633 1651 5705 duo
1678 5633 1768 5705 nat
1801 5633 1960 5684 πάλιν
1980 5633 2108 5705 3'0.

556 5700 748 5760 Statim
772 5705 825 5758 in
857 5701 1128 5771 aliquibus
1156 5700 1308 5754 libris
1331 5701 1525 5770 legitur
1552 5701 1723 5770 μένει,
1758 5703 1808 5755 in
1837 5703 2110 5771 aliquibus

2298 3538 2522 3609 Πρῶτον
2567 3541 2666 3612 μὲν
2703 3541 2901 3593 εἰδέναι
2925 3539 3030 3610 χρὴ
3056 3579 3071 3603 ,
3101 3540 3183 3592 ὅτι
3213 3541 3273 3592 ὲν
3305 3541 3370 3610 τῇ
3401 3538 3568 3606 Καινῇ
3595 3530 3763 3600 Διιιθήο⁴

2225 3647 2298 3702 κῃ
2327 3629 2528 3702 ταύτην
2551 3631 2649 3703 τὴν
2690 3630 2956 3700 διαφορὰν
2989 3631 3089 3683 οὐκ
3141 3628 3259 3682 ἔστι
3301 3628 3506 3700 μαθεῖν.
3538 3625 3642 3680 Μία
3679 3619 3763 3690 γὰρ

2225 3721 2496 3790 ἀπόφασις
2527 3722 2668 3774 κατὰ
2720 3722 2938 3775 πάντων
2983 3720 3402 3791 ἁμαρτημάτων
3451 3719 3654 3778 κεῖται,
3689 3708 3763 3763 τοῦ

2226 3814 2433 3886 Κυρίου
2491 3816 2740 3879 εἰπόντος
2775 3856 2789 3879 ,
2849 3815 2930 3867 ὅτι
2973 3814 3037 3866 '0
3100 3812 3291 3867 ποιῶν
3359 3813 3471 3882 τὴν
3513 3805 3765 3880 ἁμαρτίαν

2223 3906 2443 3972 δοῦλός
2475 3907 2605 3960 ἐστι
2627 3906 2738 3975 τῆς
2763 3906 3048 3976 ἁμαρτίας
3077 3922 3090 3935 ·
3136 3907 3227 3958 καὶ
3254 3905 3417 3958 πάλιν
3451 3903 3580 3973 (75),
3608 3901 3678 3953 ὅτι
3716 3895 3764 3947 Ὁ

2222 3998 2404 4064 λόγος
2449 3995 2523 4051 ὃν
2562 3997 2860 4066 ἐλάλησα,
2901 3997 3130 4063 ἐκεῖνος
3161 3997 3357 4066 κρινεῖ
3400 3995 3580 4052 αὐτὸν
3617 3993 3678 4045 ὲν
3704 3985 3762 4054 τῇ

2221 4088 2451 4158 ἐσχάτῃ
2505 4089 2723 4160 ἡμέρᾳ·
2793 4090 2885 4144 καὶ
2941 4089 3035 4143 τοῦ
3108 4090 3359 4145 Ἰωάννου
3434 4088 3679 4161 βοῶντος*
3713 4083 3762 4132 '0

2221 4180 2483 4235 ἀπειθῶν
2519 4181 2598 4248 τῷ
2663 4181 2772 4247 Υἱῷ
2815 4184 2927 4236 οὐκ
2982 4182 3190 4250 ὄψεται
3218 4184 3336 4252 τὴν
3368 4181 3518 4252 ζωὴν
3543 4218 3558 4244 ,
3589 4172 3758 4243 ἀεὶ-ΓΛ

2222 4271 2367 4340 ὀργὴ
2419 4271 2524 4326 τοῦ
2558 4273 2707 4326 Θεοῦ
2751 4272 2928 4342 μενεῖ
2969 4272 3061 4325 ἐπ’
3107 4275 3334 4328 αὐτόν·
3389 4274 3487 4344 τῆς
3512 4266 3762 4325 ἀπειθείας

2220 4363 2321 4416 οὐκ
2348 4365 2404 4416 ὲν
2462 4366 2528 4434 τῇ
2561 4365 2790 4435 διαφορᾷ
2827 4364 2937 4417 τῶν
2982 4365 3404 4436 ἁμαρτημάτων
3427 4405 3443 4429 ,
3485 4361 3590 4417 ἀλλ’
3624 4362 3675 4414 ὲν
3704 4355 3757 4423 τῇ

2153 4490 2197 4544 D
2224 4459 2472 4527 παρακοῇ
2503 4456 2600 4527 τὴν
2630 4456 2861 4528 ἀπειλὴν
2889 4456 3123 4528 ἐχούσης
3147 4497 3160 4510 .
3189 4457 3368 4522 Ὄλως
3389 4457 3466 4520 δὲ,
3499 4456 3546 4507 ει
3579 4454 3760 4544 ἐπιτρε-

2224 4545 2436 4616 πόμεθα
2462 4546 2641 4616 λέγειν
2677 4547 2870 4619 μικρὸν
2896 4549 2989 4600 καὶ
3018 4547 3160 4618 μέγα
3184 4547 3506 4619 ἁμάρτημα,
3534 4538 3758 4608 ἀναντίρ-

2225 4639 2386 4708 ρητον
2409 4637 2516 4690 ἔδει
2547 4639 2647 4710 τὴν
2679 4637 2957 4704 ἀπόδειξιν
2990 4638 3209 4709 ἑκάστῳ
3243 4638 3388 4708 μέγα
3417 4631 3548 4689 εἶναι
3572 4630 3627 4686 τὸ
3651 4625 3759 4682 ἑκά-

2223 4747 2349 4782 στου
2374 4729 2607 4802 κρατοῦν
2625 4772 2640 4795 ν
2670 4731 2762 4784 καὶ
2793 4731 2987 4802 μικρὸν
3025 4731 3182 4785 τοῦτο
3199 4773 3212 4797 ,
3240 4725 3302 4783 οὗ
3334 4730 3555 4790 ἕκαστος
3574 4719 3754 4792 κρατεϊ’

2221 4821 2408 4893 ὥσπερ
2431 4821 2522 4874 ἐπὶ
2570 4822 2677 4874 τῶν
2698 4821 2946 4892 ἀθλητῶν
2983 4821 3012 4873 6
3058 4823 3156 4892 μὲν
3196 4821 3423 4892 νικήσας
3459 4816 3594 4871 ἐστὶν
3632 4814 3757 4879 iclu-

2227 4913 2447 4984 ρότερος
2494 4911 2628 4983 (74),
2676 4914 2705 4965 6
2731 4912 2787 4965 δὲ
2842 4912 3096 4984 ἡττηθεὶς
3122 4912 3502 4980 ἀσθενέστερος
3544 4902 3630 4957 τοῦ
3657 4901 3756 4951 em—

2227 5005 2590 5076 κρατεστέρου
2617 5045 2634 5072 ,
2666 5006 2812 5069 ὅστις
2839 5004 2906 5059 ἂν
3023 5007 3115 5058 Δεῖ
3135 5001 3228 5061 οὖν
3262 5006 3354 5059 ἐπὶ
3384 4999 3574 5062 παντὸς
3600 4997 3754 5064 ἀμαρ-

2086 5144 2130 5176 ¹⁰
2165 5143 2363 5216 Ephes.
2397 5161 2475 5212 v1,
2505 5149 2559 5198 4.
2629 5146 2671 5176 ¹¹
2707 5144 2892 5201 Matth.
2925 5161 3038 5211 χιι,
3073 5145 3161 5201 14.
3247 5147 3289 5178 ¹²
3331 5143 3483 5199 Joan.
3532 5149 3652 5197 vm,
3679 5132 3751 5187 54.

2215 5369 2345 5408 vero
2391 5356 2560 5422 μενεῖ·
2618 5354 2713 5410 sed
2761 5355 2840 5409 sic
2869 5362 3074 5419 tamen,
3111 5364 3171 5410 ut
3225 5358 3396 5412 multo
3444 5348 3748 5424 frequentius

2215 5424 2446 5494 legatur,
2479 5427 2648 5493 μενεῖ,
2683 5425 2931 5478 manebit.

2286 5486 2396 5563 (74)
2421 5486 2648 5550 Codices
2674 5497 2878 5564 aliquot
2903 5494 3124 5563 perinde
3155 5507 3213 5550 ut
3235 5497 3364 5552 editi
3402 5491 3622 5564 ἰσχυρός·
3651 5486 3744 5564 (ξρτ

2215 5555 2504 5638 dejrColb.
2545 5555 2920 5638 ἰσχυρότερος
2945 5564 3064 5618 Mox
3092 5566 3221 5637 Reg.
3251 5555 3740 5638 seettndiis'et_edili

2213 5634 2307 5686 τοῦ
2331 5625 2820 5706 ὲπικρατνοῦμένουῖ
2853 5625 3073 5693 Veteres
3100 5625 3210 5694 tres
3235 5639 3356 5692 libri
3391 5643 3576 5706 praeter
3597 5625 3735 5682 V055-

2213 5705 2692 5777 ἐπικρατεστέρου.
