4064 6238
379 376 403 430 i
415 376 518 431 9.89

1512 376 1814 435 REGULJS
1861 378 2160 436 BREVIUS
2200 380 2616 436 TRACTATE.

3481 385 3618 438 19.30

378 490 629 553 τᾶνοντος
667 490 974 561 οἱονδήποτε
1019 489 1324 561 ἁμάρτημα
1363 491 1655 560 φυλάσσειν
1695 493 1756 545 τὸ
1789 496 1945 563 κρῖμα

2065 502 2176 547 tum
2222 496 2598 550 admittentem
2651 495 2977 552 servandum
3030 505 3114 552 est
3151 508 3476 569 praeceptum
3529 501 3628 554 Do-

375 580 471 634 τοῦ
541 581 746 648 Κυρίου
801 581 1046 644 εἰπόντος
1077 621 1092 646 ,
1155 583 1237 634 ὅτι
1276 583 1377 636 Ἂν
1438 584 1670 652 ἁμάρτῃ
1741 587 1829 650 είς
1882 586 1958 638 σὲ

377 675 412 724 o’
436 671 698 740 ἀδελφός
728 689 882 750 σου,⁸
919 673 1132 741 ὕπαγε,
1177 673 1430 742 ἔλεγξον
1479 676 1590 745 (75)
1633 676 1819 729 αὑτὸν
1854 693 1958 744 με-

376 761 526 824 ταξὺ
607 760 724 814 σοῦ
779 763 876 814 καὶ
929 762 1115 815 αὐτοῦ
1153 763 1363 831 μόνου.
1425 763 1561 817 Ἐάν
1604 779 1720 816 σου
1779 765 1955 818 ἀκού-

379 871 481 922 σῃ,
549 855 880 923 ἐκέρδησας
909 856 1015 909 τὸν
1061 856 1329 924 ἀδελφόν
1388 873 1538 910 σου·
1590 858 1698 910 ἐὰν
1753 857 1821 910 δὲ
1865 859 1949 926 μὴ

377 946 630 1015 ἀκούσῃ,
656 948 960 1014 παράλαϐε
980 947 1130 1016 μετὰ
1163 949 1427 1002 σεαυτοῦ
1459 948 1547 1002 ἐτι
1594 949 1702 1002 ἕνα
1747 949 1785 1017 ἣ
1821 948 1954 1012 δύο,

379 1039 480 1088 ἵνα
501 1038 596 1092 ἐπὶ
638 1045 935 1110 στόματος
987 1041 1096 1093 δύο
1132 1042 1446 1110 μαρτύρων
1473 1041 1512 1108 ἢ
1559 1039 1733 1108 τριῶν
1764 1039 1958 1108 σταθῇ

380 1138 501 1192 πᾶν
522 1134 704 1203 ῥῆμα.
764 1136 896 1186 Ἐὰν
923 1131 993 1184 δὲ
1025 1134 1384 1200 παρακούσῃ
1417 1133 1636 1197 αὐτῶν,
1693 1131 1822 1184 εἰπὲ
1882 1131 1956 1200 τῇ

394 1228 753 1294 Ἐκκλησία·
787 1225 895 1278 ἐὰν
918 1225 986 1278 δὲ
1012 1225 1123 1295 (76)
1155 1224 1255 1277 καὶ
1283 1223 1392 1292 τῆς
1433 1225 1790 1291 Ἐκκλησίας
1814 1241 1958 1292 παρ-

379 1322 635 1387 ακούσῃ,
658 1319 814 1371 ἔστω
837 1333 934 1370 σοι
960 1316 1160 1384 ὥσπερ
1187 1320 1219 1370 ὀ
1244 1316 1478 1380 ἐθνικὸς
1500 1316 1596 1368 καὶ
1621 1319 1653 1368 ὀ
1671 1314 1952 1381 τελώνης.

380 1409 738 1464 Φυλασσέσθω
761 1408 817 1460 δὲ
865 1409 957 1460 ἐπὶ
1002 1409 1134 1460 πᾶσι
1171 1410 1285 1469 τοῖς
1323 1407 1583 1469 τοιούτοις
1618 1406 1677 1458 τὸ
1707 1406 1812 1458 ὐπὸ
1862 1405 1954 1457 τοῦ

393 1497 716 1551 Ἀποστὸλου
765 1495 1053 1566 εἰρημένον
1074 1512 1086 1524 ·
1124 1496 1226 1549 Διὰ
1252 1497 1309 1548 τί
1341 1498 1412 1549 οὐ
1435 1495 1677 1564 μᾶλλον
1705 1496 1955 1561 ἐπενθή-

380 1607 548 1649 σατε,
567 1589 666 1642 ἵνα
686 1587 907 1656 ἐξαρθῇ
925 1589 994 1640 ἐκ
1007 1588 1200 1657 μέσου
1226 1586 1391 1656 ὑμῶν
1422 1591 1453 1640 ό
1485 1588 1550 1640 τὸ
1585 1587 1761 1656 ἔργον
1780 1587 1956 1640 τοῦτο

381 1681 672 1746 uomicae;
729 1678 850 1753 Χρὴ
880 1679 988 1750 γὰρ
1037 1679 1132 1749 τὴν
1168 1679 1546 1750 μακροθυμίαν
1587 1679 1682 1732 καὶ
1721 1679 1818 1750 τὴν
1865 1680 1956 1730 εὐ-

384 1771 715 1840 σπλαγχνίαν
742 1769 1096 1841 ἐπιφέρεσθαι
1131 1769 1242 1839 (77)
1275 1773 1342 1840 τῇ
1374 1771 1664 1839 ἀποτομία·

853 1886 1182 1938 ΕΡΩΤΗΣΙΣ
1203 1885 1320 1951 sua

399 1977 498 2031 Ἐκ
520 1979 696 2044 ποίας
727 1979 918 2042 αἰτίας
945 1978 1214 2029 ἐκπίπτει
1243 1976 1352 2043 (78)
1388 1994 1473 2042 τις
1505 1976 1613 2045 τῆς
1636 1975 1949 2044 διηνεκοῦς

890 2045 1129 2116 μνήμης
1158 2046 1262 2100 τοῦ
1299 2046 1463 2101 Θεοῦ.

919 2158 1288 2210 ΑΠΟΚΡΙΣΙΣ

463 2251 585 2304 Ἐάν
612 2268 694 2312 τις
733 2251 998 2320 ἀμνήμων
1053 2250 1278 2320 γένηται
1320 2249 1427 2301 τῶν
1483 2248 1810 2319 εὐεργεσιῶν
1850 2248 1946 2302 τοῦ

377 2341 535 2407 Θεοῦ,
564 2342 658 2396 καὶ
707 2341 1053 2411 ἀσυνείδητος
1105 2341 1300 2411 εὐρεθῇ
1329 2339 1464 2411 πρὸς
1503 2340 1594 2392 τὸν
1631 2339 1945 2410 εὐεργέτην.

865 2455 1199 2508 raporum:
1239 2455 1360 2521 zu:

480 2549 574 2601 Ἐκ
599 2548 787 2602 ποίων
816 2546 1082 2617 σημείων
1105 2544 1442 2616 γνωρίζεται
1473 2549 1506 2600 ό
1538 2563 1849 2614 μετεωρος.

965 2656 1354 2709 ΑΠΟΚΡΙΣΙΣ.

451 2750 616 2804 Ὅταν
646 2751 820 2823 ἀμελῇ
849 2769 932 2816 τις
968 2750 1080 2803 τῶν
1107 2750 1244 2820 πρὸς
1268 2747 1626 2819 εὐαρέστησιν
1647 2744 1804 2809 Θεοῦ,
1852 2747 1944 2800 τοῦ

378 2841 657 2913 Προφήτω
678 2843 940 2906 εἰπόντος·
959 2841 1323 2910 Προωρώμην
1335 2839 1442 2893 τὸν
1463 2841 1678 2906 Κύριον
1691 2837 1948 2892 ἐνώπιόν

373 2948 491 2999 μου
518 2931 839 2998 διαπαντὸς
859 2973 872 2996 ,
906 2933 995 2985 ὅτι
1018 2932 1087 2984 ἐκ
1125 2930 1338 2994 δεξιῶν
1360 2930 1478 2998 μού
1513 2930 1704 2994 ἐστιν,
1731 2929 1832 2982 ἵνα
1856 2927 1943 2997 μὴ

377 3023 672 3082 σαλευθῶ.

847 3133 1179 3186 ΕΡΩΤΗΣΙΣ
1207 3134 1378 3199 me".

2059 587 2224 646 mini.
2276 587 2366 656 qui
2411 588 2547 640 dixit
2602 587 2707 641 :Si
2749 591 3032 656 peccaverit
3081 592 3134 642 in
3178 601 3226 644 te
3275 592 3440 660 frater
3480 603 3622 656 tuus,

2058 680 2204 743 vade,
2259 682 2457 749 corripe
2507 698 2623 734 eum
2667 683 2802 736 inter
2847 694 2893 737 te
2943 693 2991 737 et
3031 686 3198 752 ipsum
3240 687 3429 740 solum.
3476 687 3536 742 Si
3580 701 3629 740 te

2058 772 2302 832 audierit.
2346 773 2578 826 lucratus
2612 791 2664 827 es
2695 773 2916 842 fratrem
2955 785 3101 828 tuum
3151 792 3168 829 .'
3211 778 3257 829 si
3304 788 3477 830 autem
3525 794 3628 830 non

2057 863 2306 925 audierit,
2350 862 2535 916 adhibe
2565 873 2728 916 tecum
2764 864 2938 916 adlmc
2977 880 3162 928 unum,
3191 865 3268 918 vel
3297 867 3453 932 duos,
3486 876 3541 919 ut
3572 869 3626 919 in

2057 971 2146 1008 ore
2187 953 2412 1006 duorum
2456 963 2547 1006 aut
2600 956 2759 1007 trium
2810 957 3021 1010 testium
3058 965 3156 1010 stet
3207 975 3355 1011 omne
3394 961 3622 1012 verbum.

2059 1044 2212 1110 Quod
2250 1046 2295 1097 si
2328 1063 2429 1098 non
2463 1045 2687 1100 audierit
2735 1066 2857 1112 eos,
2885 1049 2970 1102 dic
3015 1047 3306 1112 Ecclesiae;
3353 1052 3399 1104 si
3451 1061 3625 1104 autem

2059 1136 2354 1191 Ecclesiam
2387 1155 2586 1208 quoque
2616 1156 2718 1192 non
2757 1143 3010 1206 audierit,
3049 1143 3117 1194 sit
3161 1142 3254 1196 tibi
3293 1145 3428 1196 sicut
3457 1145 3628 1197 ethni-

2056 1244 2147 1281 cus
2198 1238 2247 1280 et
2286 1228 2596 1297 publicanus
2632 1232 2694 1283 ’⁸.
2741 1230 3000 1286 Servetur
3040 1241 3216 1286 autem
3255 1233 3308 1286 in
3348 1234 3625 1295 omnibus,

2057 1334 2178 1388 quin
2231 1327 2358 1373 sunt
2403 1321 2670 1388 ejusmodi
2698 1363 2711 1387 ,
2761 1323 2813 1376 id
2848 1323 2992 1391 quod
3023 1323 3226 1377 dictum
3257 1332 3341 1377 est
3376 1324 3444 1378 ab
3482 1325 3628 1393 Apo-

2058 1410 2200 1464 stolo
2240 1428 2252 1462 :
2292 1411 2468 1474 Quare
2501 1428 2603 1464 non
2630 1415 2798 1481 magis
2826 1413 3023 1466 luctum
3057 1413 3344 1476 habuistis.
3378 1423 3435 1466 ut
3467 1414 3628 1468 tolla-

2057 1512 2144 1554 tur
2166 1506 2228 1554 de
2266 1504 2435 1557 medio
2480 1513 2701 1557 vestrum
2739 1507 2828 1575 qui
2862 1507 2956 1558 hoc
2982 1523 3109 1574 opus
3140 1506 3260 1575 fecit
3296 1506 3378 1559 “?
3401 1505 3626 1576 Oportet

2056 1595 2199 1649 enim
2231 1596 2508 1648 lenitatem
2540 1603 2702 1666 atque
2728 1597 3159 1650 misericordiam
3185 1612 3307 1651 cum
3334 1599 3625 1652 severitate

2055 1686 2312 1755 conjungi

2335 1885 2498 1956 519
2530 1884 3038 1941 INTERROGATIO
3069 1887 3340 1945 CCXCIV.

2056 1975 2186 2041 Quae
2237 1992 2397 2029 causa
2449 1986 2560 2043 est,
2614 1978 2949 2054 quamobrem
2989 1978 3208 2054 excidat
3261 1982 3377 2050 quis
3428 2000 3460 2035 a
3502 1985 3620 2054 jngi

2580 2045 2938 2100 recordatione
2978 2047 3092 2102 Dei.

2638 2156 3043 2213 RESPONSIO.

2126 2247 2182 2301 Si
2212 2250 2336 2317 quis
2366 2248 2750 2302 beneﬁciorum
2785 2249 2877 2303 Dei
2912 2250 2982 2304 sit
3012 2252 3316 2316 immemor,
3348 2261 3402 2307 et
3432 2254 3488 2307 in
3528 2254 3622 2306 be-

2055 2337 2412 2392 nefacientem
2445 2339 2715 2392 exsuterit
2745 2340 3009 2409 ingratus.

2438 2451 2954 2509 INTERROGATIO
2991 2455 3214 2511 CCXCV

2055 2543 2258 2610 Quibus
2279 2545 2442 2612 signis
2468 2545 2798 2614 cognoscitur
2815 2546 2883 2612 is,
2903 2546 3053 2609 cuius
3074 2542 3284 2600 animus
3304 2563 3511 2618 peregre
3522 2559 3618 2603 est.

2635 2654 2903 2710 RESPON
2913 2657 3037 2713 SIO.

2123 2745 2260 2800 Cum
2288 2746 2411 2815 quis
2443 2745 2667 2815 negligit
2694 2761 2756 2800 ea
2778 2786 2792 2809 ,
2825 2763 2943 2816 quae
2972 2749 3283 2802 conducunt
3309 2748 3374 2801 ad
3406 2749 3622 2817 placen-

2051 2834 2180 2887 dum
2215 2833 2325 2888 Deo
2345 2874 2359 2896 ,
2393 2848 2516 2886 cum
2541 2834 2809 2903 Propheta
2836 2836 2981 2888 dicat
3008 2855 3020 2890 :
3058 2837 3404 2891 Providebam
3435 2838 3621 2892 Domi-

2053 2941 2177 2978 num
2209 2927 2260 2978 in
2292 2937 2568 2993 conspectu
2597 2943 2707 2980 meo
2737 2944 2958 2997 semper,
2989 2930 3233 2999 quoniam
3260 2947 3292 2982 a
3319 2929 3518 2984 dextris
3543 2939 3621 2985 est

2051 3017 2180 3071 mihi
2199 3057 2213 3081 ,
2241 3035 2303 3072 ne
2328 3035 2652 3073 commovear
2679 3021 2743 3071 ⁸⁷.

2421 3132 2938 3189 INTERROGATIO
2976 3133 3240 3188 CCXCVII.

379 3224 513 3290 Πῶς
559 3224 984 3295 πληροφορηθῇ
1021 3224 1059 3292 ἡ
1100 3194 1290 3293 ψυχὴ,
1319 3194 1429 3278 -ὄτι
1457 3223 1576 3277 τῶν
1601 3223 1944 3294 ἁμαρτημά-

2049 3222 2164 3288 Qua
2196 3226 2399 3278 ratione
2423 3226 2756 3293 persuadebit
2791 3227 2894 3279 sibi
2925 3228 3154 3292 animus,
3179 3242 3288 3279 esse
3332 3243 3386 3280 se
3424 3242 3619 3295 purum

926 3313 1044 3348 των
1074 3295 1384 3362 καθαρεύει

935 3405 1324 3459 ΑΠΟΚΡΙΣΙΣ.

459 3498 582 3551 Ἐὰν
604 3497 890 3569 καταμάθῃ
923 3515 1002 3560 τις
1032 3498 1089 3550 ὲν
1125 3494 1299 3566 ἐαυτῷ
1335 3493 1432 3566 τὴν
1451 3494 1686 3548 διάθεσιν
1715 3493 1808 3546 τοῦ
1845 3496 1946 3546 Δα-

377 3589 494 3662 6".6,
541 3591 813 3653 εἰπόντος·
865 3589 1118 3643 Ἀδικίαν
1149 3588 1416 3657 ἐμίσησα
1457 3586 1555 3639 καὶ
1623 3585 1945 3650 ἐϐδελυξά-

370 3700 497 3752 μην
521 3701 533 3712 ·
564 3683 596 3753 ἢ
627 3682 914 3754 καταμάθῃ
946 3683 994 3734 εἰ
1026 3679 1385 3751 κατώρθωσεν
1415 3680 1470 3730 ἐν
1495 3677 1670 3747 ἑαυτῷ
1703 3678 1762 3730 τὸ
1797 3675 1945 3744 παρὰ

376 3773 470 3825 τοῦ
538 3772 858 3825 Ἀποστόλου
928 3771 1399 3843 προστεταγμένον
1425 3810 1439 3833 ,
1500 3769 1782 3830 εἰπόντος·
1837 3769 1946 3821 Νε-

381 3864 648 3932 κρὼσατε
685 3861 798 3920 οὖν
853 3863 926 3916 τὰ
973 3863 1129 3933 μέλη
1179 3861 1344 3932 ὑμῶν
1379 3860 1452 3914 τὰ
1500 3861 1599 3914 ἐπὶ
1629 3859 1739 3927 τῆς
1791 3858 1941 3928 γῆς,

374 3955 690 4025 πορνείαν,
741 3955 1144 4022 ἀκαθαρσίαν,
1197 3953 1417 4018 πάθος,
1475 3951 1792 4020 ἐπιθυμίαν
1843 3967 1946 4004 κα-

374 4048 511 4115 κὴν,
540 4047 634 4101 καὶ
664 4045 779 4115 τὴν
818 4045 1196 4110 πλεονεξίαν,
1237 4045 1370 4113 ἢτις
1419 4045 1589 4098 ἐστὶν
1627 4043 1945 4096 εἰδωλολα-

373 4143 563 4210 τρεία’
619 4140 694 4194 δι’
727 4141 767 4194 ἂ
791 4141 1024 4210 ἔρχεται
1057 4141 1094 4208 ἡ
1145 4139 1288 4209 ὀργὴ
1336 4139 1440 4192 τοῦ
1479 4138 1657 4192 Θεοῦ·
1695 4136 1824 4190 ἔνθα
1851 4137 1942 4188 καὶ

375 4236 653 4290 πλατύνων
694 4236 836 4291 κατὰ
886 4236 1086 4298 παντὸς
1145 4236 1540 4306 ἁμαρτήματος
1589 4233 1647 4285 τὸ
1700 4230 1942 4284 τοιοῦτον

376 4330 581 4398 κρῖμα,
646 4329 955 4400 ἐπήγαγεν·
1023 4326 1144 4378 Ἐπὶ
1169 4325 1310 4390 τοὺς
1375 4324 1544 4388 υἱοὺς
1602 4322 1712 4391 τῆς
1775 4322 1940 4375 ἀπει-

373 4423 554 4487 θείας,
609 4421 696 4473 ἴνα
753 4419 953 4491 δυνηθῇ
983 4422 1176 4484 εἰπεῖν,
1223 4421 1303 4472 ὅτι
1347 4420 1464 4470 Οὐκ
1507 4415 1806 4481 ἐκολλήθη
1839 4431 1941 4481 μοι

372 4512 580 4580 καρδία
605 4512 840 4580 σκαμϐή
869 4526 881 4539 ·
921 4511 1310 4575 ἐκκλίνοντος
1351 4509 1462 4562 ἀπ’
1500 4507 1646 4576 ἐμοῦ
1680 4505 1785 4558 τοῦ
1837 4520 1941 4556 πο-
1973 4527 2016 4580 D

370 4605 575 4671 νηροῦ,
615 4606 725 4658 οὐκ
764 4603 1107 4672 ἐγίνωσκον.
1154 4599 1408 4671 Γνωρίζει
1434 4598 1490 4651 δέ
1539 4614 1622 4658 τις
1658 4595 1845 4647 ἑαυτὸν
1881 4597 1937 4646 ὲν

369 4694 590 4766 τοιαύτῃ
638 4693 873 4747 διαθέσει
914 4688 1261 4752 καθεστῶτα,
1316 4689 1410 4742 ἐὰν
1471 4687 1566 4740 καὶ
1611 4685 1748 4754 πρὸς
1812 4684 1938 4745 τοὺς

369 4787 779 4859 ἁμαρτάνοντας
827 4785 922 4854 τὴν
965 4783 1130 4852 αὐτὴν
1165 4784 1274 4844 τοῖς
1303 4780 1480 4846 ἁγίοις
1515 4775 1762 4847 φρικώδη
1797 4791 1935 4843 συμ-

368 4879 596 4932 πάθειαν
627 4876 868 4947 ἀναλάϐῃ
897 4892 909 4904 ⁸
945 4874 1038 4928 τοῦ
1081 4875 1178 4944 μὲν
1213 4871 1378 4925 Δαόὶδ
1425 4870 1668 4931 εἰπόντος
1689 4885 1702 4900 ο
1753 4864 1935 4921 Εἶδον

367 4967 809 5032 ἁσυνετοῦντας
837 5007 850 5029 ,
915 4966 1014 5019 καὶ
1083 4964 1453 5031 ἐξετηκόμην
1484 5002 1497 5024 ,
1561 4961 1649 5012 ὅτι
1700 4959 1772 5013 τὰ
1829 4959 1933 5011 λό-

365 5061 463 5130 Tui
494 5077 608 5114 σου
646 5061 756 5113 οὐκ
804 5056 1216 5127 ἐφυλάξαντο·
1250 5055 1341 5109 τοῦ
1383 5055 1440 5106 δὲ
1488 5052 1806 5106 Ἀποστόλού
1847 5049 1935 5103 λέ-

437 5217 479 5247 ¹⁸
510 5216 694 5268 Matth.
752 5229 907 5276 xvm,
950 5210 1127 5267 l5-‘l7.
1208 5211 1252 5242 ¹⁶
1292 5209 1310 5262 l
1342 5208 1467 5264 Cor.
1504 5225 1557 5274 ν,
1596 5207 1650 5260 9..

1745 5208 1786 5237 ¹⁷
1815 5207 1961 5260 Psal.
1999 5219 2066 5256 xv
2089 5242 2102 5261 .
2145 5201 2198 5255 8.

2679 3313 2711 3349 a
2740 3299 2982 3365 peccatis.

2626 3405 3034 3460 RESPONSIO.
3297 3478 3300 3482 ί

2119 3497 2174 3552 Si
2221 3500 2342 3568 quis
2385 3500 2437 3552 in
2472 3499 2651 3567 seipse
2680 3499 3053 3568 deprehendat
3085 3498 3333 3552 all'eetum
3369 3497 3615 3562 Davidis,

2045 3591 2135 3659 qui
2183 3592 2400 3644 aiebat:
2437 3590 2777 3659 lniquitatem
2819 3588 2938 3641 odio
2981 3589 3139 3641 habui
3183 3597 3230 3641 et
3283 3589 3618 3642 abominatus

2045 3699 2160 3735 sum
2192 3682 2271 3734 ἐς
2303 3690 2394 3734 aut
2438 3683 2481 3736 si
2528 3683 2782 3736 conscius
2823 3681 2986 3735 fuerit
3026 3681 3306 3749 impletum
3350 3680 3518 3734 fuisse
3562 3681 3618 3734 in

2047 3774 2339 3842 semetipso
2388 3771 2519 3826 illud
2569 3779 2898 3842 praeceptum
2953 3771 3242 3841 Apostoli,
3292 3771 3384 3840 qui
3434 3771 3612 3826 dixit:

2045 3864 2369 3934 Mortiﬁcate
2402 3882 2520 3934 ergo
2555 3865 2784 3917 membra
2813 3873 2985 3917 vestra
3015 3880 3131 3935 quia
3155 3872 3276 3918 sunt
3301 3880 3458 3933 super
3509 3875 3616 3918 ter-

2045 3972 2191 4019 ram,
2231 3955 2629 4019 (ornicationem
2651 3995 2663 4015 ,
2701 3954 3126 4019 immunditiam,
3161 3953 3430 4007 libidinem
3452 3996 3466 4018 ,
3493 3970 3617 4006 con-

2046 4046 2417 4114 cupiscentiam
2448 4045 2645 4097 malam
2666 4085 2680 4104 ,
2713 4054 2762 4098 et
2794 4043 3104 4109 avaritiam,
3138 4060 3253 4113 qua:
3291 4053 3369 4097 est
3400 4043 3616 4097 simula-

2045 4153 2254 4190 crorum
2275 4137 2497 4189 servitus
2525 4151 2540 4184 :
2567 4144 2776 4204 propter
2796 4152 2912 4205 qua:
2938 4137 3070 4188 venit
3094 4138 3175 4189 ira
3202 4134 3294 4188 Dei
3325 4136 3367 4165 ¹⁹
3394 4153 3407 4200 ;
3443 4136 3534 4189 ubi
3561 4143 3617 4190 et

2043 4228 2339 4282 extendens
2361 4227 2630 4296 ejusmodi
2653 4227 2979 4281 sententiam
3004 4226 3266 4282 adversus
3295 4240 3454 4280 omne
3486 4242 3614 4296 pec-

2043 4328 2255 4384 catum,
2291 4319 2528 4388 adjecit:
2567 4318 2631 4372 In
2663 4320 2802 4388 ﬁlios
2835 4336 2938 4372 non
2971 4317 3262 4374 obedientes
3285 4360 3300 4385 ,
3335 4326 3395 4371 ut
3434 4318 3619 4372 dicere

2043 4413 2220 4465 valeat
2247 4431 2259 4464 :
2295 4409 2418 4464 Non
2449 4411 2669 4464 adlzmsit
2699 4411 2826 4464 mihi
2855 4427 2946 4465 cor
2977 4427 3195 4480 pravum
3219 4425 3238 4464 :
3267 4409 3615 4464 declinantem

2043 4520 2074 4554 a
2107 4518 2185 4555 me
2218 4502 2505 4571 malignum
2535 4519 2636 4556 non
2667 4502 3039 4573 cognoscebam
3067 4503 3133 4556 ²⁰.
3161 4500 3280 4555 1am
3307 4516 3436 4556 vero
3461 4501 3615 4555 intel-

2043 4594 2158 4663 ligit
2201 4593 2396 4664 aliquis
2433 4610 2555 4649 esse
2594 4611 2652 4650 se
2693 4595 2797 4648 hoc
2844 4596 3003 4648 modo
3048 4593 3338 4656 allectum,
3372 4593 3417 4646 si
3447 4594 3612 4646 etiam

2041 4687 2300 4740 adversus
2327 4693 2614 4756 peccantes
2636 4685 2934 4739 terribilem
2961 4685 3100 4737 hanc
3125 4692 3437 4740 sanctorum
3460 4697 3612 4735 com-

2043 4775 2448 4830 miserationem
2475 4776 2734 4830 induerit.
2761 4773 2828 4828 Et
2850 4775 3067 4844 quidem
3095 4775 3261 4829 David
3283 4773 3453 4827 dicit:
3488 4771 3612 4826 Vidi

2043 4865 2333 4917 insensatos
2357 4905 2371 4928 ,
2404 4874 2452 4916 et
2484 4862 2809 4917 tabescebam
2828 4905 2842 4929 ,
2873 4864 2999 4932 quia
3029 4865 3237 4932 eloquia
3271 4871 3363 4915 tua
3389 4878 3493 4914 non
3518 4877 3609 4914 cu-

2041 4957 2333 5009 stodierunt
2353 4957 2419 5009 ἰ.
2445 4956 2737 5024 Apostolus
2759 4970 2888 5009 vero
2911 4955 2984 5007 ait
3012 4973 3023 5008 :
3052 4955 3180 5020 Quis
3214 4955 3538 5023 infirmatur,
3559 4964 3608 5006 et

2042 5063 2142 5100 non
2169 5047 2451 5116 inﬁrmor?
2473 5045 2589 5114 quis
2615 5045 3036 5109 scandalizatur,
3058 5055 3107 5098 et
3131 5061 3223 5116 ego
3245 5061 3348 5098 non
3371 5062 3498 5098 uror
3527 5047 3571 5078 “
3588 5045 3609 5062 “

2293 5201 2335 5232 ¹⁸
2364 5199 2510 5255 Psal.
2543 5216 2730 5264 cxvm,
2761 5201 2884 5256 163.
2961 5205 3004 5235 ¹⁹
3033 5202 3240 5258 Coloss.
3305 5219 3382 5266 Ill,
3440 5202 3492 5264 5,
3552 5203 3605 5257 6.

365 5288 410 5320 '°
444 5285 586 5340 Psal.
617 5301 669 5348 c,
702 5285 755 5348 5,
787 5286 840 5338 4.
897 5272 968 5316 γ³¹
1003 5281 1149 5337 Psal.
1187 5295 1378 5348 cxvm,
1410 5272 1550 5334 158.
1621 5280 1664 5309 “
1696 5275 1742 5330 ll
1769 5276 1895 5332 Cor.
1927 5292 2001 5337 χι,
2033 5272 2124 5327 29.

432 5442 542 5511 (75)
569 5441 711 5513 Editi
741 5442 838 5513 Ἂν
866 5439 1084 5513 ἁμᾴρτῃ
1104 5437 1394 5513 donec)?“
1409 5453 1523 5500 σου,
1548 5433 1748 5502 ὕπαγε,
1775 5433 1924 5513 ἐλεγ-

360 5504 450 5579 ξον
487 5504 709 5583 μεταξύ.
741 5504 1117 5583 Αηιίιιίιιὶᾲίνὲε
1145 5504 1359 5583 libriut
1383 5509 1439 5561 in
1462 5504 1922 5583 _contextu."Sta_-

362 5573 456 5654 tim
486 5573 595 5654 duo
625 5573 757 5654 mss.
785 5590 840 5654 et
863 5573 994 5634 editi
1034 5578 1316 5654 παραλαδε
1330 5576 1488 5654 *μετὰ
1517 5575 1744 5654 σεαυτοῦ
1771 5573 1921 5654 ἕναιῇ

356 5652 472 5716 δύο,
507 5653 594 5706 ἵνα
622 5653 715 5704 ἐπὶ
743 5652 1011 5720 στόματος
1046 5644 1139 5702 δύο
1167 5644 1396 5720 ἢ-τριῶν
1430 5647 1772 5720 σταθήσεται.
1822 5644 1924 5696 Alii

360 5715 469 5777 duo
495 5723 739 5777 mssrita
780 5715 1155 5774 ut'edidimus.
1189 5715 1410 5772 'lbidcm
1451 5715 1592 5784 Reg.
1626 5718 1838 5786 primus
1873 5721 1927 5765 et

357 5793 511 5848 Colb.
545 5792 638 5845 ἐὰν
663 5791 720 5843 δὲ
754 5791 884 5861 μηδὲ
917 5787 1070 5859 ὐμῶν
1102 5788 1329 5859 ἀκούσῃ,
1352 5787 1487 5855 quod
1511 5788 1554 5839 si
1583 5803 1669 5841 vos
1704 5801 1804 5838 non
1831 5800 1924 5834 au-

673 5885 945 5944 ΡΑΤηοι..
976 5884 1096 5944 Gn.
1143 5880 1383 5943 XXXI.

2025 5431 2204 5486 dierit.

2099 5502 2462 5573 (76)7Vocula
2491 5501 2586 5553 καί
2635 5499 2819 5573 addita
2850 5506 2933 5552 est
2961 5513 3027 5552 ex
3057 5497 3256 5567 priscis
3289 5497 3505 5553 duobus
3541 5497 3602 5552 li-

2028 5570 2160 5626 bris.
2193 5570 2313 5625 Mox
2352 5573 2462 5626 duo
2486 5585 2619 5625 mss.
2653 5572 2709 5623 ἐν
2735 5570 2893 5622 πᾶσι.

2099 5643 2210 5713 (77)
2240 5641 2376 5710 Reg.
2407 5641 2617 5709 primus
2659 5649 2715 5713 _et
2751 5638 2907 5713 Colb.
2953 5637 3356 5713 εὐσπλαγχνὶαν
3381 5640 3604 5713 meat.

2027 5709 2234 5773 νεσθαι,
2257 5709 2458 5778 oportet
2479 5709 2988 5763 commiserationem
3011 5709 3066 5762 in
3085 5710 3358 5762 severitate
3381 5709 3603 5767 ostendi.

2102 5783 2210 5852 (78)
2243 5782 2429 5837 Codex
2460 5781 2615 5836 Colb.
2654 5783 2735 5844 εἰς
2769 5778 2941 5843 πόσας
2966 5779 3143 5843 αἰτίας
3167 5778 3422 5834 ὲκπίπτςιι

3290 5881 3360 5932 ιιι
