4064 6238
525 361 650 416 1-291

1862 363 1922 418 S.
1964 360 2208 417 BASlLll
2262 362 2470 416 MAGNI

3622 364 3744 422 1299.

525 473 580 525 Si
610 471 756 526 enim
789 486 976 527 revera
1005 472 1185 526 anima
1217 473 1568 542 praestantior
1595 482 1680 527 est
1709 487 1939 544 corpore
1961 516 1975 538 ,
2017 475 2080 526 vi

2201 493 2386 544 γοντος
2405 489 2418 504 ’
2458 477 2552 541 Τίς
2581 474 2843 540 ἀσθενεῖ,
2878 475 2974 530 καὶ
3007 476 3117 528 οὐκ
3152 473 3415 539 ἀσθενῶ;
3463 477 3552 542 τίς
3578 493 3744 532 σκαν-

520 565 714 618 demus
743 571 926 618 autem
955 566 1240 635 aegerrime
1271 565 1413 621 ferre
1441 581 1542 620 nos
1571 566 1794 633 quasvis
1825 569 2012 624 sordes
2040 570 2096 624 in

521 671 783 726 corpore,
813 670 1016 726 easque
1044 659 1288 711 aversari
1314 675 1328 723 ;
1374 666 1540 729 atque
1566 668 1626 714 ut
1657 661 1838 716 omnis
1885 661 2095 714 lacera-

519 748 721 812 tionis,
750 749 826 803 ita
854 749 1035 804 omnis
1073 749 1266 804 damni
1297 761 1524 820 aspectu
1555 753 1705 807 cordi
1733 752 1909 806 creari
1936 752 2094 807 dolo-

518 856 633 896 rem
668 856 732 896 ac
760 841 1041 896 tristitiam
1067 859 1082 908 ;
1117 851 1324 912 quanto
1352 844 1525 914 magis
1552 861 1766 915 :equum
1793 855 1913 910 εει,
1946 852 2005 899 ut
2031 859 2094 898 ea

517 948 640 1003 qua:
684 933 967 1001 diximus,
998 935 1055 990 in
1086 951 1146 990 se
1177 936 1250 990 ob
1295 946 1586 1006 peccantes
1628 938 1829 992 sentiat
1874 939 1953 999 is,
1999 937 2093 1008 qui

516 1024 792 1082 Christum
842 1043 908 1083 ac
937 1027 1137 1084 fratres
1164 1028 1374 1099 diligit,
1424 1031 1853 1099 quotiescunque
1900 1029 2095 1084 viderit

517 1118 865 1186 peccantium
890 1119 1128 1172 animam
1154 1120 1303 1174 velut
1329 1136 1360 1174 a
1383 1120 1578 1175 bestiis
1608 1122 1846 1176 sauciari
1876 1137 1938 1176 ac
1966 1137 2091 1176 cor-

514 1211 666 1276 rodi,
697 1219 860 1282 atque
890 1226 994 1266 ceu
1025 1212 1236 1267 saniem
1264 1214 1724 1282 putredinemque
1755 1213 1809 1267 in
1841 1230 1904 1268 ea
1934 1229 2094 1284 appa-

511 1301 671 1356 rere?
694 1301 860 1355 David
885 1303 1049 1358 dicit:
1072 1302 1389 1373 Iniquitates
1414 1321 1540 1358 mea:
1561 1320 1908 1374 supergressa:
1929 1304 2092 1375 520

511 1403 634 1446 sunt
665 1402 819 1462 caput
848 1410 1019 1447 meum
1043 1409 1060 1446 :
1085 1395 1220 1448 sicut
1247 1412 1379 1449 onus
1404 1412 1561 1466 grave
1586 1405 1821 1465 gravatae
1845 1406 1967 1450 sunt
1995 1412 2089 1449 su-

507 1498 599 1551 per
622 1501 721 1538 me.
751 1485 1156 1542 Putruerunt-et
1186 1497 1448 1556 corrupta:
1483 1503 1607 1543 sunt
1646 1489 1919 1543 cicatrices
1962 1506 2090 1544 mea:

509 1595 543 1629 a
572 1576 709 1644 facie
743 1577 1058 1646 insipientia:
1089 1595 1237 1635 mete.
1274 1579 1442 1635 Miser
1473 1581 1648 1650 factus
1680 1598 1798 1634 sum
1827 1591 1878 1635 et
1902 1598 2090 1636 curva-

508 1677 593 1719 tus
624 1683 742 1720 sum
768 1683 928 1737 usque
954 1670 1009 1722 in
1042 1669 1199 1738 ﬁnem
1229 1687 1246 1724 :
1277 1680 1389 1724 tota
1417 1669 1502 1724 die
1531 1671 1882 1724 contristatus
1913 1671 2088 1740 ingre—

505 1753 694 1808 diebar
717 1756 782 1809 ".
810 1756 901 1810 Ait
927 1773 1057 1812 vero
1083 1759 1376 1830 Apostolus
1400 1761 1694 1815 :Stimulus
1723 1762 1904 1814 mortis
1922 1805 1936 1826 ,
1963 1777 2084 1830 pec-

507 1855 684 1898 eatum
713 1855 791 1899 est
823 1845 887 1900 “.
917 1847 1053 1901 Cum
1105 1849 1269 1919 igitur
1308 1850 1433 1919 quis
1475 1859 1568 1904 aut
1606 1851 1675 1906 ob
1706 1852 1923 1921 propria
1959 1866 2084 1920 pcc-

509 1943 667 2002 cata,
719 1945 811 1990 aut
851 1938 923 1992 ob
966 1939 1182 2003 aliena,
1227 1942 1305 1995 uti
1343 1942 1453 2011 jam
1499 1942 1708 1996 dictum
1759 1951 1843 1999 est
1888 1943 2080 2008 initio,

508 2026 746 2079 animam
778 2041 935 2081 suam
967 2027 1042 2081 ita
1071 2027 1318 2084 aﬂ‘ectam
1365 2032 1742 2100 perspexerit,
1789 2039 1921 2086 tunc
1962 2045 2083 2086 cer-

508 2113 720 2170 tissime
748 2115 935 2170 credat
961 2133 1082 2173 esse
1113 2134 1171 2173 se
1203 2133 1232 2172 a
1263 2128 1494 2191 peccato
1525 2121 1778 2175 liberum.

2197 564 2526 628 δαλίζεται,
2570 564 2670 618 καὶ
2702 567 2813 619 οὐκ
2855 566 2969 636 ἐγὼ
2999 565 3332 635 πυροῦμαι;
3369 567 3430 620 El
3467 566 3592 638 γὰρ,
3620 571 3745 626 κατὰ

2195 656 2292 728 τὴν
2338 657 2596 727 ἀλήθειαν
2641 657 2735 710 τοῦ
2769 657 2951 725 λόγου,
2988 659 3021 728 ἡ
3069 657 3214 728 ψυχὴ
3239 658 3500 728 κρείττων
3528 659 3638 711 ἐστὶ
3661 662 3744 714 τοῦ

2198 749 2469 820 σώματος,
2488 748 2703 821 ὁρῶμεν
2731 750 2807 816 δὲ,
2841 750 2920 804 ὅτι
2947 749 3057 820 (79)
3087 749 3178 801 ἐπὶ
3205 749 3297 800 τοῦ
3323 747 3568 820 σώματος
3583 753 3745 805 πᾶσαν

2198 840 2296 910 μὲν
2316 839 2587 910 ῥυπαρίαν
2605 839 2991 911 σικχαινόμεθα
3004 839 3097 892 καὶ
3117 838 3515 910 βδελυσσόμεθα
3534 859 3546 870 ·
3566 842 3744 906 παντὸς

2193 930 2248 984 δὲ
2299 932 2627 1002 σπαραγμοῦ
2679 933 2775 986 καὶ
2827 933 3008 1002 πάσης
3049 930 3340 1000 ἐπιϐουλῆς
3391 931 3590 1004 θεωρία
3641 950 3748 986 συν-

2192 1024 2430 1094 τριμμὸν
2478 1025 2572 1077 καὶ
2623 1023 2800 1095 λύπην
2852 1024 3149 1095 ἐργάζεται
3196 1028 3262 1096 τῇ
3327 1025 3557 1096 καρδίᾳ·
3609 1025 3746 1097 πόσῳ

2195 1116 2393 1186 μᾶλλον
2423 1116 2711 1170 ἀκόλουθον
2741 1116 2853 1186 (80)
2882 1117 2950 1170 τὰ
2987 1117 3358 1188 προειρημένα
3403 1117 3627 1186 πάσχειν
3663 1117 3746 1170 ἐπὶ

2191 1211 2301 1272 τοῖς
2337 1210 2707 1282 ἁμαρτάνουσι
2757 1210 2848 1262 τὸν
2894 1209 3232 1280 φιλόχριστον
3278 1209 3371 1262 καὶ
3404 1208 3742 1276 φιλάδελφον,

2190 1301 2318 1353 ὅταν
2349 1300 2524 1374 βλέπῃ
2549 1301 2656 1354 τῶν
2703 1301 3144 1372 ἁμαρτανόντων,
3177 1300 3364 1371 ὥσπερ
3397 1300 3502 1353 ὑπὸ
3537 1299 3742 1370 θηρίων,

2189 1393 2628 1464 τιτρωσκομένην
2667 1392 2764 1464 τὴν
2797 1393 2994 1464 ψυχὴν,
3026 1393 3120 1446 καὶ
3167 1389 3629 1461 βιϐρωσκομένην,
3661 1391 3744 1441 καὶ

2189 1481 2378 1554 ὥσπερ
2406 1483 2606 1554 ἰχῶρας
2630 1485 2724 1537 καὶ
2754 1483 3052 1554 σηπεδόνας
3084 1482 3472 1551 ἐπιφαίνουσαν
3498 1497 3513 1546 ;
3538 1479 3626 1534 τοῦ
3657 1480 3742 1550 μὲν

2188 1574 2351 1626 Δαὸὶδ
2384 1574 2646 1637 εἰπόντος,
2677 1575 2757 1626 ὅτι
2797 1577 2867 1628 Al
2889 1575 3126 1642 ἀνομίαι
3153 1592 3272 1642 μου
3301 1571 3607 1641 ὐπερῆραν
3641 1570 3743 1640 τὴν

2188 1666 2462 1734 κεφαλήν
2494 1681 2648 1736 μου⁶
2677 1667 2820 1720 ὡσεὶ
2868 1667 3114 1735 φορτίον
3147 1667 3308 1734 ,βαρὺ
3346 1666 3744 1734 ὲϐαρύνθησαν

2187 1759 2279 1811 ἐπ’
2301 1757 2433 1828 ἐμέ·
2466 1757 2850 1826 προσώζεσαν
2896 1759 2992 1811 καὶ
3023 1759 3346 1827 ἐσάπησαν
3384 1761 3440 1812 οἱ
3471 1755 3742 1828 μώωπές

2184 1867 2303 1919 μου
2323 1847 2443 1903 ἀπὸ
2469 1847 2794 1916 προσώπου
2824 1847 2936 1916 τῆς
2963 1848 3319 1916 ἀφροσύνης
3342 1865 3462 1916 μου
3487 1864 3500 1877 ο
3535 1847 3741 1899 ἐταλαι-

2187 1941 2437 2010 πώρησα
2465 1941 2566 1994 καὶ
2596 1939 3022 2010 κατεκὰμερθην
3057 1940 3167 2006 ἕως
3191 1939 3434 2005 τέλους·
3469 1938 3616 2006 ὅλην
3641 1936 3740 2004 τὴν

2185 2032 2414 2102 ἡμέραν
2456 2030 2897 2100 σκυθρωπάζων
2923 2033 3332 2102 ἐπορευόμην
3375 2029 3468 2084 τοῦ
3511 2029 3565 2082 δὲ
3605 2028 3740 2079 Ἀπο·

2187 2122 2374 2174 στόλου
2404 2120 2683 2189 λέγοντος’
2717 2121 2978 2189 Κέντρον
3002 2122 3108 2175 τοῦ
3147 2120 3405 2174 θανάτου
3439 2121 3476 2187 ή
3509 2117 3739 2187 ἁμαρτία

507 2205 692 2260 ἐστίν.
724 2208 889 2261 Ὅταν
933 2203 1025 2263 οὖν
1063 2211 1096 2280 ἢ
1147 2211 1240 2264 ἐπὶ
1281 2214 1389 2276 τοῖς
1451 2212 1600 2276 ἰδίοις
1659 2215 2052 2284 ἁμαρτήμασιν
2094 2213 2128 2286 ἢ
2182 2215 2268 2266 ἐπ’
2303 2214 2642 2286 ἀλλοτρίοις,
2698 2215 2838 2268 κατὰ
2883 2215 2951 2269 τὰ
3010 2214 3389 2285 προειρημένα
3441 2213 3499 2276 ἐξ
3544 2211 3736 2282 ἀρχῆς,

507 2297 644 2352 ,οὕτω
677 2299 1025 2375 διακειμένην
1065 2305 1360 2380 καταμάθῃ
1399 2323 1481 2370 τις
1540 2306 1735 2360 ἑαυτοῦ
1793 2308 1892 2379 τὴν
1934 2307 2132 2380 ψυχὴν,
2183 2309 2304 2361 τότε
2363 2309 2876 2382 πληροφορηθήτω,
2933 2311 3014 2363 ὅτι
3067 2310 3362 2380 καθαρεύει
3423 2307 3528 2360 ἀπὸ
3575 2301 3738 2376 ἁμαρ.

511 2393 642 2456 ciae.

867 2505 1382 2567 INTERROGATIO
1417 2511 1709 2568 CCXCVII.

647 2598 922 2664 Quomodo
961 2616 994 2652 a
1029 2603 1257 2668 peccatis
1296 2619 1350 2657 se
1383 2615 1676 2660 convertere
1714 2618 1932 2676 oportet.

1086 2713 1492 2771 RESPONSIO.

575 2822 632 2876 Si
672 2823 922 2879 imitetur
957 2825 1212 2880 aﬂ‘ectum
1258 2827 1511 2894 Davidis,
1541 2831 1635 2901 qui
1681 2829 1914 2900 primum
1954 2849 2077 2902 qui-

501 2913 626 2967 dein
655 2915 731 2968 ait
759 2933 771 2968 :
808 2913 1155 2984 lniquitatem
1187 2934 1358 2971 meam
1389 2921 1656 2989 cognitam
1685 2921 1820 2990 feci,
1865 2931 1913 2975 et
1957 2939 2078 2991 pec-

501 3011 680 3055 catum
705 3018 878 3056 meum
904 3019 1007 3056 non
1038 3003 1313 3061 abscondi.
1349 3007 1478 3061 Dixi
1501 3023 1520 3062 :
1556 3009 1858 3079 Conﬁtebor
1889 3012 2076 3066 adver-

490 3111 618 3148 sum
642 3111 722 3149 me
744 3095 1062 3163 injustitiam
1084 3114 1252 3152 meam
1280 3099 1499 3154 Domino
1521 3103 1587 3157 ’⁸.
1614 3102 1818 3159 Deinde
1840 3105 1886 3160 si
1910 3106 2076 3159 animi

501 3194 703 3242 statum
732 3187 978 3258 detegat,
1011 3190 1094 3244 uti
1136 3205 1232 3260 per
1261 3198 1474 3246 sextum
1516 3195 1787 3262 psalmum
1827 3195 2076 3265 aliosque

501 3280 667 3332 variis
697 3295 761 3334 ac
784 3280 1019 3336 diversis
1047 3283 1226 3338 modis
1246 3282 1480 3339 edoctus
1503 3292 1625 3348 est,
1655 3293 1820 3356 atque
1845 3287 1914 3340 ab
1933 3286 2078 3357 Apo-

501 3372 644 3426 stolo
684 3388 749 3428 ea
797 3373 1091 3439 didicerit,
1133 3391 1256 3445 qua;
1299 3391 1400 3445 pro
1449 3377 1628 3432 alieno
1667 3388 1892 3448 peccato
1933 3380 2076 3434 facta

502 3464 672 3520 fuisse
712 3479 744 3518 a
785 3463 1089 3521 Corinthiis
1136 3474 1372 3523 testatus
1414 3476 1534 3534 est,
1567 3469 1653 3525 bis
1686 3471 1908 3526 verbis:
1945 3473 2077 3539 Qua:

501 3554 783 3609 secundum
823 3556 989 3610 Deum
1034 3559 1258 3613 tristitia
1287 3568 1402 3626 est,
1433 3563 1797 3629 pwnitentiam
1830 3563 1898 3616 ad
1928 3564 2077 3617 salu-

500 3657 602 3699 tem
639 3645 782 3699 haud
812 3649 1164 3715 paenitendum
1191 3659 1440 3718 operatur
1471 3651 1538 3704 ".
1581 3651 1726 3716 Quin
1756 3659 1810 3705 et
1837 3653 2078 3707 tristitiae

501 3741 864 3809 proprietates
893 3741 1179 3812 adiungit:
1209 3742 1344 3797 Ecce
1371 3745 1509 3798 enim
1539 3743 1634 3798 hoc
1663 3745 1833 3811 ipsum
1854 3787 1867 3809 ,
1895 3763 2079 3800 secun—

500 3829 624 3884 dum
670 3829 838 3884 Deum
889 3834 1235 3899 contristari,
1281 3846 1536 3904 quantam
1591 3837 1644 3889 in
1696 3837 1838 3889 vobis
1884 3837 2077 3905 peperit

501 3919 912 3975 sollicitudinem
932 3938 956 3975 .'
979 3924 1068 3976 sed
1091 3923 1443 3993 defensionem
1467 3965 1482 3990 ,
1508 3926 1597 3980 sed
1626 3925 2044 3996 indignationem
2061 3969 2077 3994 ,

499 4011 591 4064 sed
619 4013 858 4066 timorem
879 4055 893 4077 ,
923 4014 1012 4067 sed
1039 4013 1360 4068 desiderium
1381 4055 1396 4079 ,
1422 4016 1510 4069 sed
1539 4016 1928 4070 aemulationem
1947 4056 1962 4081 ,
1988 4016 2078 4070 sed

500 4102 827 4156 uindictam:
860 4106 912 4158 in
942 4105 1183 4160 omnibus
1212 4107 1527 4162 exltibuistis
1559 4125 1647 4162 vos
1683 4110 2078 4163 incontamina-

503 4204 583 4248 tos
613 4211 725 4250 esse
757 4197 811 4250 in
838 4197 936 4251 hoc
971 4199 1177 4268 negotio
1207 4200 1272 4252 ’⁷.
1324 4199 1510 4265 Quare
1540 4217 1607 4253 ex
1640 4201 1708 4254 iis
1739 4201 1962 4271 planum
1993 4209 2080 4256 est

501 4297 555 4341 et
579 4289 932 4357 perspicuum
955 4332 970 4356 ,
999 4305 1111 4344 non
1135 4298 1391 4361 oportere
1415 4293 1591 4346 solum
1617 4307 1647 4345 a
1673 4300 1897 4361 peccato
1923 4307 2076 4347 sece-

500 4377 669 4442 dere,
701 4378 912 4449 hosque
956 4397 1056 4452 pro
1103 4381 1493 4450 peccatoribus
1525 4380 1755 4436 allectus
1797 4383 1948 4451 pati,
1982 4383 2078 4437 sed

2710 2505 3040 2561 sparum
3080 2507 3230 2574 ΣιιΖσ.

2222 2602 2354 2668 Πῶς
2381 2601 2499 2656 ἀπὸ
2532 2600 2652 2654 τῶν
2683 2599 3115 2669 ἁμαρτημάτων
3158 2598 3540 2669 ἐπιστρεφειν
3577 2599 3702 2670 χρή.

2768 2712 3159 2766 ΑΠΟΚΡΙΣΙΣ.

2251 2828 2579 2900 Ζηλώσαντα
2618 2827 2717 2900 τὴν
2755 2823 2994 2880 διάθεσιν
3032 2823 3128 2877 τοῦ
3171 2824 3356 2888 Δαὸὶδ,
3403 2824 3612 2896 πρῶτον
3645 2825 3733 2894 μὲν

2182 2918 2430 2988 λέγοντος
2454 2935 2468 2950 ⁶
2519 2917 2640 2987 Τὴν
2690 2918 2948 2985 ἀνομίαν
2971 2933 3090 2986 μου
3139 2915 3469 2985 ἐγνώρισα,
3508 2917 3601 2971 καὶ
3635 2915 3732 2984 τὴν

2179 3011 2474 3080 ἁμαρτίαν
2500 3027 2620 3078 μου
2660 3011 2769 3062 οὐκ
2805 3005 3104 3074 ἐκάλυψα.
3136 3003 3316 3060 Εἷπα·
3357 3007 3732 3078 Ἐξαγορεύσω

2183 3103 2311 3156 κατ’
2345 3101 2492 3172 ἐμοῦ
2528 3099 2643 3168 τὴν
2666 3101 2924 3168 ἀνομίαν
2954 3117 3072 3168 μου
3097 3097 3174 3164 τῷ
3209 3099 3434 3166 Κυρίῳο
3465 3099 3642 3152 ἔπειτα
3681 3099 3729 3151 δὲ

2180 3195 2238 3246 ὲν
2259 3192 2338 3264 τῷ
2365 3191 2669 3264 διηγεῖσθαι
2700 3192 2791 3245 τὸν
2813 3191 3011 3263 τρόπον
3040 3191 3128 3244 διὰ
3166 3190 3275 3260 (81)
3310 3191 3406 3244 τοῦ
3436 3191 3588 3244 ἕκτου
3614 3191 3732 3259 ψαλ-

2181 3286 2304 3356 μοῦ,
2337 3287 2430 3339 καί
2462 3286 2529 3338 δι’
2561 3285 2734 3339 ἄλλων
2758 3285 2815 3336 δὲ
2854 3283 3210 3354 πολυτρόπως
3231 3299 3243 3313 ·
3269 3283 3363 3336 διὰ
3387 3283 3443 3337 δὲ
3475 3281 3565 3335 τοῦ
3597 3281 3730 3334 Ἀπο-

2180 3377 2366 3431 στόλου
2396 3377 2736 3448 μανθάνοντα
2773 3375 2946 3428 ταῦτα
2971 3375 3008 3429 ἃ.
3046 3373 3401 3446 ἐμαρτύρησε
3430 3378 3538 3438 τοῖς
3567 3375 3730 3441 Κοριν-

2179 3468 2312 3532 θίοις
2350 3468 2491 3539 ὑπὲρ
2528 3468 2809 3538 ἀλλοτρίου
2857 3467 3285 3539 ἁμαρτήματος,
3312 3467 3515 3530 εἰπὼν,
3563 3466 3637 3518 ὅτι
3680 3463 3732 3516 Ἡ

2177 3559 2328 3613 κατὰ
2363 3560 2513 3613 Θεὸν
2552 3560 2716 3627 λύπη
2741 3559 3068 3628 μετάνοιαν
3092 3563 3179 3623 είς
3216 3561 3520 3627 σωτηρίαν
3541 3558 3730 3625 ἀμετα-

2171 3651 2439 3720 μέλητον
2463 3651 2900 3719 κατεργάζεται*
2935 3652 3028 3704 καὶ
3061 3652 3129 3705 τὰ
3167 3649 3436 3721 ἰδιώματα
3461 3651 3555 3720 τῆς
3576 3647 3729 3716 λύπης

2177 3742 2489 3810 ἐπενεγκών
2519 3742 2649 3813 (82)⁶
2669 3741 2815 3796 Ἰδοὺ
2842 3743 2954 3812 γὰρ
2982 3742 3128 3796 αὐτὸ
3151 3743 3325 3795 τοῦτο
3350 3743 3418 3796 τὸ
3436 3741 3581 3794 κατὰ
3602 3738 3729 3791 Θεέν

2177 3833 2524 3901 λυπηθῆναι
2565 3834 2770 3900 πόσην
2803 3832 3234 3902 κατειργάσατο
3265 3834 3336 3886 ἐν
3375 3831 3515 3902 ὑμῖν
3561 3845 3729 3885 σπου·

2177 3923 2326 3990 δήν·
2358 3925 2493 3980 ἀλλ’
2529 3925 2882 3995 ἀπολογίαν,
2915 3924 3076 3979 ἀλλὰ
3126 3924 3558 3994 ἀγανάκτησιν,
3589 3915 3729 3974 ἀλλὰ

2177 4017 2386 4084 φόϐον,
2427 4016 2589 4070 ἀλλὰ
2622 4017 3006 4084 ἐπιπόθησιν,
3040 4015 3200 4070 ἀλλὰ
3227 4013 3431 4084 ζῆλον,
3467 4013 3619 4069 ἀλλὰ
3647 4011 3728 4062 ὲκ·

2178 4107 2444 4175 δίκησιν.
2473 4109 2570 4161 Ἐν
2595 4108 2775 4161 παντὶ
2804 4106 3226 4173 συνεστήσατε
3250 4107 3502 4172 ἑαυτοὺς
3530 4102 3730 4173 ἁγνοὺς

2177 4195 2330 4252 εἶναι
2365 4200 2436 4252 ἐν
2465 4198 2544 4264 τῷ
2575 4199 2889 4269 πράγματι.
2922 4200 3086 4253 Ὥστε
3120 4201 3184 4252 ἐκ
3221 4199 3428 4252 τούτων
3466 4197 3632 4267 δῆλον,
3657 4194 3726 4246 ὅτι

2177 4291 2237 4344 οὑ
2271 4291 2427 4362 μόνον
2453 4293 2753 4362 ἀναχωρεῖν
2783 4291 2888 4362 χρὴ
2909 4291 3008 4361 τῆς
3037 4291 3334 4362 ἁμαρτίας,
3361 4291 3455 4344 καὶ
3484 4289 3613 4356 ὑπὲρ
3635 4283 3726 4336 τῶν

2177 4383 2599 4455 ἁμαρτανόντων
2630 4382 2803 4436 ταῦτα
2833 4383 3086 4453 πάσχειν,
3121 4383 3259 4436 ἀλλὰ
3292 4384 3389 4436 καὶ
3423 4375 3726 4450 ἀφίστασθαι

499 4471 568 4523 ab
597 4471 733 4542 ipsis
761 4474 930 4527 etiam
962 4475 1344 4544 peccatoribus
1373 4472 1667 4528 removeri.
1699 4471 1833 4526 Nam
1877 4481 1933 4528 et
1971 4471 2076 4528 Da-

2182 4474 2358 4528 αὐτῶν
2387 4474 2493 4527 τῶν
2521 4473 2942 4545 ἁμαρτανόντων
2962 4491 2975 4504 ·
3009 4474 3102 4527 τοῦ
3146 4476 3245 4546 μὲν
3274 4474 3438 4528 Δαϐὶδ
3470 4472 3560 4525 καὶ
3592 4465 3728 4565 τοῦτο

501 4561 586 4616 vid
635 4563 686 4616 id
731 4580 951 4634 quoque
987 4565 1326 4628 declaravit,
1358 4579 1485 4619 cum
1525 4563 1705 4620 dixit:
1738 4562 2005 4618 Discedite
2035 4581 2069 4618 a

2182 4565 2507 4634 Ξηλώσαντος
2567 4567 2624 4619 ὲν
2675 4565 2754 4636 τῷ
2798 4568 3007 4620 εἰπεῖν’
3079 4568 3400 4634 Ἁπόστητε
3439 4565 3536 4618 ἀπ’
3579 4561 3726 4630 ἐμοῦ,

499 4671 612 4719 me,
641 4647 819 4712 Omnes
843 4659 932 4729 qui
961 4658 1250 4727 operamini
1273 4658 1606 4728 iniquitatem
1637 4656 1682 4687 ⁸⁸
1711 4674 1724 4708 ;
1756 4660 1810 4710 et
1838 4655 2071 4726 Aposto-

570 4819 615 4849 “
661 4817 806 4872 Psal.
844 4831 1054 4879 xxxvu,
1106 4813 1276 4882 5.7.)“;
1307 4812 1353 4845 ²⁶
1378 4812 1399 4866 l
1423 4811 1549 4867 Cor.
1582 4829 1670 4875 xv,
1705 4811 1792 4866 56.
1842 4812 1924 4878 δ²⁵
1985 4809 2080 4865 Psa

2182 4827 2295 4866 rm
2323 4852 2338 4875 ,
2370 4813 2421 4864 5.

500 4905 576 4948 vi.
615 4888 671 4943 9.

574 5041 686 5111 (79)
715 5039 918 5111 Vocem
949 5041 1029 5111 ὅτι
1057 5039 1177 5111 loco
1202 5039 1470 5111 movimus
1493 5036 1770 5092 veteribus
1791 5037 1948 5111 libris
1972 5050 2072 5088 au-

501 5107 766 5166 ctoribus.
804 5109 862 5164 ln
907 5110 1145 5179 vulgatis
1173 5109 1360 5179 posita
1378 5117 1462 5162 est
1493 5117 1618 5161 ante
1651 5121 1840 5179 vocem
1866 5107 2068 5179 πᾶραν.

504 5181 707 5237 Ibidem
754 5180 888 5251 Reg.
927 5175 1118 5251 tertius
1161 5175 1442 5251 ῥυπαρίανΔ
1478 5175 1883 5251 σικχαινόμεθα.
1915 5175 2070 5251 _Re_g.

503 5253 715 5322 primus
770 5245 1008 5322 secunda
1058 5245 1224 5322 man_u
1261 5245 1626 5322 σικχαίχομεν.
1676 5245 1859 5322 Codex
1906 5245 2066 5322 qolb.

505 5315 850 5394 συχαίνομεν.
874 5321 1153 5394 Editiones
1169 5319 1338 5394 Basil.
1353 5315 1412 5373 et
1436 5315 1572 5394 _V_eh.
1605 5315 1829 5394 perinde
1847 5325 1907 5369 ut
1932 5315 2066 5385 Reg.

503 5387 779 5447 secundus
808 5391 1175 5461 σικχαίνομεν,
1198 5398 1253 5445 et
1286 5391 1361 5443 ita
1400 5388 1615 5461 videtur
1649 5387 1905 5461 habuisse
1931 5400 2069 5461 quo-

503 5478 611 5530 que
636 5462 766 5533 Reg.
796 5456 1004 5531 priiiius
1037 5456 1210 5533 prima
1243 5456 1807 5533 manu._Feci_t__voci_s
1838 5457 2070 5533 insolen-

504 5526 600 5596 tia,
631 5542 690 5586 ut
717 5526 868 5587 varie
890 5526 1092 5600 scripta
1113 5531 1185 5600 sit
1215 5545 1244 5582 a
1269 5529 1526 5582 librariis.
1558 5527 1736 5581 Editio
1756 5526 1942 5600 AParis.
1975 5529 2068 5596 ῥυ-

505 5603 704 5672 παρίαν
735 5597 1111 5673 ἐχθραίνομεν.
1147 5599 1319 5673 Quam
1350 5600 1634 5673 lectionem
1659 5597 1917 5673 optimam
1947 5611 2070 5673 esse

505 5665 615 5745 non
642 5665 1087 5745 nego'q'uidetn_;_
1106 5671 1199 5724 sed
1225 5683 1349 5745 cum
1371 5669 1555 5745 cogito
1579 5665 1918 5745 antiquiores
1950 5665 2070 5745 edi—

506 5740 681 5797 tiones
709 5735 760 5796 ét
793 5735 1001 5799 veteres
1035 5741 1204 5795 libros
1236 5740 1310 5792 ita
1338 5738 1391 5792 in
1423 5735 1696 5794 scribendi
1718 5735 1932 5792 ratione
1960 5735 2072 5789 dis-

2170 4657 2391 4722 πάντες
2420 4659 2475 4710 ol
2509 4655 2884 4728 ἐργαζόμενοι
2918 4658 3033 4728 τὴν
3064 4660 3350 4728 ἀνομίαν·
3376 4655 3468 4711 τοῦ
3504 4656 3559 4710 δὲ
3589 4654 3728 4704 Ἀπο-

2517 4811 2562 4842 ²⁶
2593 4809 2636 4864 ιι
2662 4809 2790 4865 Cor.
2825 4827 2922 4866 vu.
2957 4811 3042 4865 10.
3130 4813 3175 4844 ’⁷
3201 4811 3333 4866 ibid.
3365 4812 3452 4866 11.
3529 4809 3572 4840 ³⁸
3602 4804 3726 4860 Psal.

2173 5034 2399 5106 sentire,
2418 5041 2480 5086 ut
2511 5039 2696 5087 tamen
2714 5047 2823 5106 non
2846 5032 3084 5086 obscure
3101 5030 3156 5084 in
3174 5031 3291 5106 ipsa
3308 5045 3365 5082 re
3385 5023 3724 5106 cgnsentiant,

2173 5103 2444 5158 aﬂirmare
2495 5117 2656 5172 posse
2683 5102 2949 5172 arbitror,
2996 5101 3365 5172 typographos
3414 5101 3722 5172 Parisleuscs

2173 5189 2273 5244 pro
2295 5163 2643 5243 σικχαίνομεν
2664 5171 2731 5226 de
2756 5187 2856 5244 suo
2887 5163 3520 5244 ροειιῖεεέεχθραίνομεν.
3550 5163 3722 5215 Existi-

2173 5241 2397 5297 inabant
2434 5241 2601 5306 enirn,
2637 5249 2698 5295 ut
2725 5242 2852 5295 mihi
2899 5241 3132 5303 videtur,
3161 5242 3305 5294 hunc
3333 5241 3502 5292 locum
3549 5243 3718 5306 corr“:

2173 5294 2517 5382 ptum—esseni
2555 5294 2656 5382 qui
2683 5294 2863 5365 tamen
2910 5294 3132 5381 integer,
3150 5318 3266 5365 erat
3307 5320 3358 5382 et
3387 5321 3568 5382 sanus:
3597 5294 3714 5382 Illud

2171 5374 2350 5436 autem
2379 5374 2614 5436 maxime
2646 5381 2787 5435 hanc
2817 5374 3059 5436 nostram
3088 5380 3408 5434 sententiam
3431 5374 3711 5449 continual.

2174 5453 2318 5520 quod
2359 5453 2462 5506 hoc
2485 5454 2630 5506 idem
2660 5453 2887 5506 verbum
2929 5450 3300 5521 σικχαίνεσθαι
3335 5451 3536 5518 legatur
3568 5449 3712 5496 etiam

2177 5523 2380 5578 Rcaula
2410 5524 2494 5578 10.

2247 5565 2577 5665 (326313583
2611 5591 2776 5665 rColb.
2808 5592 2958 5665 πόσῳ
2996 5591 3430 5665 ἀκολουθοτερον.
3479 5651 3510 5665 Δ,

2250 5647 2360 5733 ἰδίλ
2387 5662 2477 5716 Sic
2500 5663 2871 5733 libriantiqui.
2903 5647 3101 5714 Vocula
3129 5661 3215 5733 διᾲ
3234 5662 3288 5714 in
3321 5647 3543 5728 vulgatis
3563 5647 3714 5702 abest.

2251 5730 2360 5807 (82)
2389 5733 2572 5790 Codex
2603 5730 2970 5800 νοεεξλύπης
3002 5730 3259 5825 ἐνεγκὼν.
