4064 6238
478 375 620 432 1Ξ95

1844 372 1898 429 S.
1938 371 2180 427 BASlLll
2216 370 2427 426 MAGNI

3572 370 3692 427 i136

482 487 719 556 peccatis
752 495 1018 558 oporteat.
1046 487 1147 542 Ubi
1174 496 1355 543 autem
1396 504 1577 543 sermo
1608 488 1781 544 estde
1827 503 1886 544 re
1915 503 2047 543 ocu.

2159 488 2507 560 ἐπιστρέφειν
2535 488 2669 559 χρή·
2698 487 2759 540 τὸ
2790 486 2847 539 δὲ
2892 486 3020 558 περὶ
3064 487 3293 559 ἀοράτου
3333 482 3467 540 εἶναι
3497 486 3581 539 τὸν
3614 485 3693 539 λό-

480 580 657 632 lorum
697 580 871 635 aciem
918 581 1177 650 fugiente,
1220 581 1631 636 meminerimus
1670 579 1908 645 Domini,
1950 580 2044 646 qui

478 667 554 721 ait
582 687 597 723 :
628 667 781 723 Nihil
799 679 877 724 est
905 671 1295 731 absconditum.
1324 670 1461 742 quod
1487 687 1591 725 non
1617 670 2045 741 cognoscetur".

477 757 610 815 Item
634 779 648 815 ι
676 759 762 813 Ea:
786 761 1117 817 abundantia
1147 762 1321 816 cordis
1348 780 1406 820 0s
1445 762 1678 833 loquitur
1699 762 1765 817 ⁸⁸.

899 869 1414 927 INTERROGATIO
1451 870 1625 925 CCCI.

481 963 633 1030 Quod
679 965 726 1016 si
747 962 941 1016 dixerit
972 964 1090 1032 quis
1115 962 1287 1085 :dHea
1323 979 1405 1015 me
1441 962 1759 1016 conscientia
1790 977 1892 1014 non
1922 976 2050 1014 con-

1178 1042 1377 1085 emnal.

1178 1042 1377 1087 emnal.

1062 1143 1468 1200 RESPONSIO.

549 1237 664 1295 Hoc
693 1237 892 1293 accidit
913 1238 1080 1292 etiam
1112 1238 1169 1291 in
1191 1236 1398 1292 morbis
1419 1236 1693 1305 corporis.
1726 1233 1879 1288 Multi
1904 1234 2050 1289 enim

478 1337 608 1386 sunt
664 1328 862 1394 morbi,
905 1342 1045 1398 quos
1098 1342 1209 1381 non
1262 1327 1508 1382 sentiunt
1544 1326 1677 1395 aegri
1716 1331 1817 1381 :et
1868 1332 2052 1379 tamen

478 1421 812 1476 medicorum
842 1421 1023 1490 potius
1061 1419 1294 1473 credunt
1321 1418 1717 1484 observationi,
1749 1431 1914 1487 quam
1951 1430 2053 1472 suo

480 1512 721 1582 ipsorum
759 1510 969 1579 stupori
1004 1509 1309 1563 attendant.
1336 1508 1492 1563 llunc
1533 1508 1601 1563 ad
1645 1508 1867 1563 modum
1898 1517 1955 1563 et
1995 1508 2054 1562 in

476 1601 687 1657 morbis
720 1599 888 1655 animi
912 1641 925 1663 ,
974 1599 1079 1654 hoc
1122 1608 1227 1665 est,
1264 1599 1319 1653 in
1352 1601 1631 1670 peccatis,
1659 1599 1875 1655 etiamsi
1903 1599 2049 1669 quis,

477 1694 687 1766 peccati
717 1693 863 1748 haud
895 1694 1176 1756 conscius.
1204 1709 1264 1749 se
1307 1692 1424 1763 ipse
1462 1708 1572 1747 non
1616 1700 1808 1762 arguat
1844 1711 1856 1745 :
1891 1691 2050 1746 [idem

479 1796 661 1844 tamen
699 1787 860 1843 debet
900 1787 968 1842 iis
1010 1786 1291 1848 adhibere,
1323 1785 1418 1854 qui
1443 1800 1533 1840 res
1564 1784 1713 1838 illius
1744 1783 1941 1838 melius
1974 1782 2050 1837 vi-

477 1880 607 1934 dere
629 1884 881 1949 possunt.
918 1875 1034 1930 Hoc
1054 1875 1427 1946 praestiterunt
1458 1877 1632 1930 sancti
1658 1873 1931 1943 apostoli,
1953 1872 2048 1944 qui

477 1984 604 2023 cum
634 1967 701 2024 de
730 1983 829 2021 sua
865 1965 1080 2021 sincera
1111 1978 1239 2035 erga
1271 1962 1558 2017 Dominum
1590 1960 1878 2015 aﬂ‘ectione
1915 1959 2050 2015 nihil

478 2062 814 2124 dubitarent,
848 2039 1133 2114 audientes
1158 2067 1340 2112 tamen
1370 2072 1385 2111 :
1424 2054 1569 2110 Unus
1598 2070 1662 2109 ea:
1688 2054 1831 2109 vobis
1877 2053 2050 2109 tradet

477 2172 560 2209 me
579 2154 646 2219 “,
678 2153 861 2223 potius
882 2149 1097 2205 Domini
1121 2148 1304 2204 verbis
1344 2145 1649 2210 credidere,
1679 2144 2049 2200 dissidebant-

478 2260 607 2317 que,
654 2258 719 2299 ac
767 2241 1063 2297 dicebant:
1092 2236 1350 2310 Nunquid
1396 2253 1490 2307 ego
1535 2253 1674 2303 sum,
1724 2235 1946 2290 Domine
1969 2235 2052 2289 “1?

476 2338 733 2408 Apertius
763 2343 942 2387 autem
971 2330 1208 2401 idipsum
1238 2330 1399 2384 docet
1432 2343 1534 2383 nos
1566 2336 1793 2383 sanctus
1827 2326 2045 2391 Petrus,

475 2428 571 2500 qui
600 2443 669 2482 ex
695 2423 1000 2481 vehementi
1036 2421 1342 2477 humilitate
1382 2434 1493 2473 non
1535 2420 1654 2474 vult
1684 2418 1901 2491 quidem
1943 2418 2045 2473 sibi

475 2534 700 2591 operam
734 2532 766 2571 a
799 2516 1029 2570 Domino
1058 2520 1112 2569 et
1141 2511 1254 2568 Deo
1281 2519 1336 2566 ct
1364 2509 1628 2583 magistro
1652 2510 1881 2582 praeberi
1908 2529 1922 2564 :
1952 2508 2048 2566 sed

474 2622 658 2668 tamen
706 2624 832 2664 cum
883 2614 1047 2663 esset
1077 2605 1183 2662 sibi
1224 2604 1713 2676 persuasissimum
1755 2618 1886 2660 vera
1925 2618 2048 2659 esse

475 2701 695 2758 Domini
727 2700 929 2765 verba,
957 2697 1050 2753 ubi
1101 2695 1332 2762 audivit,
1359 2694 1420 2751 Si
1465 2713 1568 2750 non
1612 2696 1788 2751 lavero
1826 2704 1892 2759 te,
1943 2711 2047 2748 non

474 2792 631 2847 babes
674 2799 877 2859 partem
921 2802 1163 2850 mecum,
1209 2784 1342 2840 dicit
1394 2802 1408 2840 :
1457 2782 1583 2839 Non
1632 2792 1839 2838 tantum
1891 2782 2044 2852 pedes

474 2899 638 2947 meos,
671 2883 760 2936 sed
789 2890 837 2934 et
872 2894 1082 2942 manus,
1109 2884 1159 2931 et
1198 2884 1355 2945 caput
1378 2874 1447 2930 “.
1975 2865 1983 2871 ’

783 3165 942 3236 522
964 3161 1487 3219 INTERROGATIO
1527 3159 1726 3217 CCCII.

478 3260 559 3316 An
574 3274 640 3315 ex
666 3257 800 3314 cella
824 3258 1044 3328 penaria
1058 3251 1395 3328 erogandum
1423 3257 1493 3311 sit
1513 3256 1746 3310 externis
1772 3253 2037 3325 inopibus.

1050 3430 1461 3488 RESPONSIO.

545 3548 682 3603 Cum
724 3546 988 3602 Dominus
1030 3545 1252 3609 dixerit,
1292 3543 1415 3599 Non
1458 3562 1576 3599 sum
1604 3546 1796 3600 missus
1838 3545 1945 3599 nisi
1978 3544 2047 3598 ad

480 3656 619 3703 oves,
664 3654 781 3710 qua:
827 3637 1094 3705 perierunt
1139 3636 1325 3691 domus
1362 3634 1534 3690 Israel
1554 3635 1634 3701 “;
1671 3643 1765 3689 et:
1809 3632 1932 3689 Non
1970 3645 2050 3689 est

476 3730 668 3784 bonum
715 3744 919 3783 sumere
976 3743 1165 3796 panem
1208 3728 1463 3798 filiorum,
1508 3738 1559 3782 et
1611 3728 1865 3797 projicere
1907 3729 2051 3782 cani-

477 3822 675 3890 bus“;
722 3836 785 3877 ea
835 3835 958 3892 qua:
1010 3820 1145 3874 viris
1187 3819 1298 3875 Deo
1339 3819 1536 3875 dicatis
1569 3819 1843 3875 destinata
1896 3829 2046 3885 sunt,

476 3929 589 3969 non
619 3927 845 3969 necesse
883 3919 967 3967 est
999 3912 1056 3965 in
1087 3911 1363 3981 quoslibet
1384 3911 1699 3981 promiscue
1743 3912 2045 3966 insumere.

477 4003 675 4060 Utrum
701 4011 881 4059 autem
925 4002 1040 4058 ﬁeri
1069 4015 1247 4073 possit
1275 4001 1423 4073 quod
1464 4016 1495 4055 a
1528 4003 1779 4065 muliere,
1818 4018 1940 4072 quae
1975 4003 2049 4059 ob

476 4082 634 4151 [idem
670 4094 944 4160 laudatur,
987 4094 1195 4149 dictum
1243 4101 1370 4148 est:
1408 4091 1607 4157 Etiam,
1638 4093 1855 4149 Domine
1880 4112 1897 4149 :
1923 4112 2048 4149 nam

475 4198 523 4242 et
553 4186 729 4242 catelli
747 4186 907 4240 edunt
937 4184 1001 4239 de
1026 4185 1177 4238 micis
1207 4200 1324 4254 qua:
1350 4184 1547 4238 cadunt
1574 4186 1638 4240 de
1673 4203 1855 4241 mensa
1882 4187 2050 4240 domi-

476 4293 666 4332 norum
705 4291 922 4329 suorum
940 4273 1022 4341 “;
1058 4274 1108 4328 id
1150 4275 1204 4327 in
1246 4275 1517 4329 teconomi
1552 4277 1717 4329 situm
1772 4277 1844 4330 sit
1894 4276 2046 4329 arbi-

476 4370 605 4432 trio,
644 4365 921 4423 communi
965 4380 1180 4429 eorum,
1209 4365 1304 4434 qui
1348 4367 1645 4420 secundum
1697 4366 1876 4435 ipsum
1908 4381 2046 4434 pra:-

476 4467 629 4525 sunt,
684 4457 977 4514 accedente
1022 4464 1428 4513 consensuzut
1480 4472 1548 4512 ex
1581 4458 1881 4511 abundanti
1933 4458 2038 4521 sol,

2071 3181 2118 3241 C

2152 597 2267 649 γον,
2334 578 2799 652 μνημονεύσωμεν
2853 578 2947 631 τοῦ
2979 579 3206 649 Κυρίου,
3246 578 3327 631 ὅτι
3375 577 3557 632 Οὐδέν
3580 578 3696 632 ἐστι

2161 671 2453 739 κρυπτὸν,
2494 671 2525 723 ὃ
2561 673 2633 725 οὐ
2686 668 3136 739 γνωσθήσεται·
3188 668 3301 732 καὶ,
3340 668 3421 722 ὅτι
3468 669 3558 721 Ἐκ
3604 667 3696 720 τοῦ

2152 764 2630 833 περισσεύματος
2674 762 2785 829 τῆς
2810 760 3061 829 καρδίας
3074 760 3255 816 λαλεῖ
3277 759 3388 832 (89)
3416 759 3479 813 τὸ
3504 760 3695 828 στόμα.

2693 874 3028 928 ΕΡΩΤΗΣΙΣ
3067 874 3110 926 Τ
3112 874 3192 925 Α’.

2165 968 2299 1021 Ἐὰν
2338 966 2406 1019 δὲ
2453 966 2616 1035 εἴπῃ,
2648 964 2738 1018 ὅτι
2773 967 2856 1019 Οὐ
2887 965 3316 1088 αὲιέταγινώσκει
3349 981 3465 1033 μου
3487 962 3550 1017 τὸ
3572 978 3703 1016 συν-

2848 1052 2898 1088 ει
2976 1056 3028 1088 c.

2848 1052 3028 1101 ειοος.

2738 1147 3134 1201 ΑΠΟΚΡΙΣΙΣ.

2224 1238 2394 1292 Τοῦτο
2418 1239 2512 1292 καὶ
2548 1238 2642 1291 ἐπὶ
2679 1236 2789 1291 τῶν
2844 1235 3170 1307 σωματικῶν
3203 1232 3392 1290 παθῶν
3424 1232 3702 1304 συμϐαίνει.

2153 1329 2332 1384 Πολλά
2361 1330 2470 1402 γάρ
2499 1331 2616 1382 ἐστι
2643 1327 2814 1399 πάθη,
2838 1318 2914 1381 ὧν
2931 1326 3032 1380 οὐκ
3052 1324 3468 1379 ὲπαισθάνονται
3495 1324 3542 1378 oi
3563 1321 3706 1377 ἀσθε-

2151 1421 2401 1484 νοῦντες·
2451 1423 2518 1492 τῇ
2576 1420 2827 1491 μέντοιγε
2877 1418 2988 1472 τῶν
3029 1417 3230 1490 ἰατρῶν
3289 1415 3581 1488 σημειώσει
3638 1434 3709 1469 πι-

2153 1515 2404 1568 στεύουσι
2471 1511 2692 1583 μᾶλλον,
2744 1510 2778 1581 ἢ
2829 1512 2895 1581 τῇ
2929 1508 3140 1563 ἑαυτῶν
3193 1505 3521 1578 ἀναισθησίᾳ
3553 1522 3706 1577 προσ-

2152 1605 2390 1676 έχουσιν.
2425 1603 2581 1657 Οὕτω
2605 1602 2699 1654 καὶ
2729 1600 2823 1653 ἐπὶ
2851 1599 2960 1653 τῶν
2990 1600 3091 1669 τῆς
3116 1598 3297 1670 ψυχῆς
3333 1596 3540 1662 παθῶν,
3572 1613 3709 1649 τουτ-

2153 1697 2324 1759 έστιν,
2388 1694 2484 1748 ἐπὶ
2526 1691 2635 1748 τῶν
2677 1691 3109 1764 ἁμαρτημάτων,
3151 1689 3252 1745 κᾶν
3297 1689 3489 1745 ἑαυτοῦ
3534 1705 3611 1752 τις
3643 1686 3710 1759 μὴ

2152 1786 2560 1859 καταγινώσκῃ,
2593 1785 2670 1857 μὴ
2700 1783 3164 1855 ἐπαισθανόμενος
3196 1780 3290 1835 τοῦ
3319 1781 3706 1853 ἁμαρτήματος,

2152 1877 2431 1932 πιστεύειν
2491 1877 2742 1948 μέντοιγε
2796 1874 3002 1943 ὀφείλει
3048 1876 3162 1937 τοῖς
3213 1872 3524 1943 δυναμένοις
3568 1868 3710 1923 πλέον

2154 1970 2281 2024 ίδεῖν
2310 1969 2380 2023 τὰ
2403 1968 2612 2023 ἐκείνου
2628 1984 2642 1998 ·
2672 1966 2831 2022 τοῦτο
2854 1965 3144 2032 δειξάντων
3164 1965 3261 2035 μὲν
3277 1963 3386 2017 τῶν
3407 1963 3569 2032 ἁγίων
3590 1962 3709 2014 ἁπο-

2152 2060 2378 2125 στόλων,
2413 2060 2524 2123 ὅτε,
2583 2062 2641 2114 ὲν
2664 2056 3007 2129 πληροφορίᾳ
3048 2054 3200 2118 ὄντες
3226 2054 3329 2126 τῆς
3364 2054 3564 2108 ἑαυτῶν
3596 2052 3711 2105 εἱλι-

2150 2151 2371 2225 κρινοῦς
2410 2151 2548 2223 πρὸς
2599 2150 2691 2204 τὸν
2732 2149 2936 2220 Κύριον
2958 2146 3067 2219 (90)
3094 2145 3411 2210 διαθέσεως,
3442 2146 3534 2199 καὶ
3561 2143 3711 2199 ἀκού-

2152 2261 2364 2309 σαντες,
2419 2244 2502 2297 ὅτι
2526 2237 2635 2309 Εἷς
2672 2241 2742 2306 ἐξ
2781 2239 2947 2310 ὑμῶν
2977 2237 3322 2308 παραδώσει
3344 2254 3442 2308 με,
3487 2235 3563 2307 τῷ
3587 2234 3711 2303 λόγῳ

2148 2336 2243 2389 τοῦ
2307 2334 2516 2407 Κυρίου
2559 2333 2887 2387 ἐπίστευσαν
2934 2331 3155 2403 μᾶλλον,
3181 2330 3276 2385 καὶ
3315 2328 3613 2400 διεφέροντο
3637 2326 3712 2379 λέ-

2146 2445 2334 2497 γοντες
2357 2443 2370 2457 ·
2413 2426 2567 2493 Μήτι
2591 2424 2705 2496 ἐγώ
2726 2428 2864 2494 εἰμι,
2902 2425 3111 2492 Κύριε;
3152 2422 3485 2494 σαφέστερον
3502 2420 3556 2475 δὲ
3583 2419 3710 2491 ἡμᾶς

2147 2518 2245 2573 τοῦ
2295 2516 2452 2588 ἁγίου
2504 2516 2716 2589 Πέτρου
2747 2516 3111 2580 διδάσκοντος,
3137 2514 3194 2578 ὃς
3223 2514 3473 2585 διαπύρῳ
3495 2512 3597 2584 (9|)
3621 2510 3709 2581 μὲν

2147 2607 2617 2682 ταπεινοφροσύνῃ
2679 2610 3030 2680 παραιτεῖται
3092 2605 3191 2677 τὴν
3254 2604 3555 2677 ὑπηρεσίαν
3624 2598 3706 2655 τοῦ

2149 2702 2420 2755 Δεσπὸτου
2446 2700 2542 2754 καὶ
2572 2699 2707 2753 Θεοῦ
2730 2700 2824 2753 καὶ
2851 2697 3173 2753 διδασκάλου
3192 2712 3209 2730 ο
3248 2685 3583 2769 πληροφορίᾳ
3610 2692 3707 2763 (92)

2147 2794 2209 2847 δὲ
2241 2793 2342 2863 τῆς
2383 2791 2637 2863 ἀληθείας
2672 2790 2781 2845 τῶν
2812 2791 2906 2845 τοῦ
2938 2791 3144 2864 Κυρίου
3177 2789 3440 2861 ῥημάτων
3460 2785 3704 2846 ἀκούσας,

2147 2887 2230 2961 ὅτι
2298 2884 2433 2939 Ἐὰν
2480 2883 2568 2954 μὴ
2630 2883 2791 2954 νίψω
2851 2898 2962 2949 σε,
3007 2885 3119 2938 οὐκ
3174 2881 3341 2950 ἔχεις
3391 2878 3565 2951 μέρος
3596 2875 3706 2945 μετ’

2148 2975 2317 3046 ἐμοῦ,
2369 2974 2545 3043 λέγει’
2601 2972 2700 3043 Μὴ
2733 2973 2874 3040 τοὺς
2921 2972 3113 3039 πόδας
3161 2989 3283 3042 μου
3322 2972 3533 3041 μόνον,
3569 2963 3707 3021 ἀλλὰ

2148 3066 2249 3121 καὶ
2275 3068 2382 3133 τὰς
2412 3066 2637 3137 χεῖρας,
2666 3066 2762 3120 καὶ
2797 3065 2914 3135 τὴν
2945 3061 3243 3135 κεφαλήν.

2684 3174 3021 3228 ΕΡΩΤΗΣΙΣ
3072 3171 3197 3223 TB'.

2153 3266 2225 3322 El
2257 3265 2375 3337 χρὴ
2401 3265 2521 3321 ἀπὸ
2541 3263 2652 3333 τῆς
2683 3264 3026 3337 οἰκονομίας
3066 3262 3299 3317 διδόναι
3334 3260 3460 3327 τοῖς
3493 3256 3705 3313 ἐνδεέσι

2750 3333 2868 3388 τῶν
2888 3334 3130 3399 ἔξωθεν.

2750 3451 3077 3504 ΔΠΟΚΡΙΣΙ
3085 3450 3143 3502 Σ.

2221 3543 2330 3598 Τοῦ
2354 3544 2559 3616 Κυρίου
2605 3543 2873 3607 εἰπόντος,
2905 3543 3027 3595 οὐκ
3055 3541 3419 3608 ἀπεστάλην
3445 3540 3496 3593 sl
3527 3534 3606 3606 μὴ
3633 3534 3706 3596 εἰς

2151 3639 2225 3692 τὰ
2259 3638 2522 3705 πρόϐατα
2573 3628 2650 3689 τᾶ
2682 3634 3041 3689 ἀπολωλότα
3079 3633 3253 3687 οἴκου
3314 3630 3572 3700 Ἰσραήλ·
3606 3624 3705 3685 καὶ,

2149 3729 2230 3783 ὅτι
2271 3730 2394 3782 Οὐκ
2424 3726 2557 3781 ἐστι
2591 3724 2785 3779 καλὸν
2798 3724 3008 3779 λαϐεῖν
3024 3724 3129 3778 τὸν
3143 3723 3332 3792 ἄρτον
3347 3720 3465 3776 τῶν
3487 3718 3704 3776 τέκνων.

2150 3818 2247 3874 καὶ
2287 3816 2509 3883 ,ϐαλεῖν
2553 3815 2677 3882 τοῖς
2710 3816 3019 3883 κυναρίοις
3042 3830 3056 3843 ·
3090 3814 3161 3867 τὰ
3191 3809 3589 3881 διατεταγμένα
3610 3805 3707 3864 τοῖς

2150 3907 2527 3980 ἀνακειμένοις
2581 3906 2701 3978 Θεῷ
2748 3906 2849 3959 οὐκ
2912 3905 3210 3974 ἀναγκαῖον
3277 3907 3358 3968 είς
3408 3898 3706 3968 ἀδιαφόρους

2149 3999 2599 4070 παραναλίσκειν.
2637 3998 2701 4050 El
2734 3996 2792 4050 δὲ
2826 3996 3050 4050 δυνατὸν
3074 3994 3334 4065 γενέσθαι
3362 3992 3422 4048 τὸ
3445 3987 3706 4060 εἰρημένον

2150 4094 2257 4147 ὑπὸ
2298 4093 2396 4165 τῆς
2453 4089 2850 4162 ἐπαινουμένης
2878 4092 2937 4143 ὲν
2972 4090 3153 4144 πίστει
3181 4087 3460 4158 γυναικὸς,
3481 4086 3560 4139 ὅτι
3583 4077 3701 4143 Ναὶ,

2148 4186 2361 4252 Κύριε·
2400 4183 2499 4238 καὶ
2531 4183 2642 4254 γὰρ
2677 4184 2751 4239 τὰ
2797 4181 3050 4250 κυνάρια
3085 4181 3275 4236 ἐσθίει
3312 4178 3432 4236 ἀπὸ
3464 4175 3577 4231 τῶν
3617 4175 3705 4240 ψι-

2149 4276 2300 4345 χίων
2323 4274 2441 4329 τῶν
2470 4277 2809 4330 πιπτόντων
2836 4273 2955 4328 ἀπὸ
2988 4271 3099 4341 τῆς
3139 4271 3432 4340 τραπέζης
3474 4266 3588 4323 τῶν
3615 4281 3706 4317 κυ-

2141 4366 2291 4434 ρίων
2327 4368 2403 4419 αὐ
2415 4363 2531 4418 τῶν
2552 4381 2564 4396 ·
2594 4366 2652 4419 ὲν
2679 4368 2745 4436 τῇ
2785 4364 2880 4417 τοῦ
2920 4364 3210 4433 οἰκονόμου
3242 4359 3549 4417 ἀνακείσθω
3580 4358 3706 4410 δοκι-

2159 4454 2330 4525 μασίᾳ
2361 4454 2498 4525 μετὰ
2518 4455 2703 4525 κοινῆς
2733 4454 2842 4507 τῶν
2875 4455 2992 4525 μετ’
3024 4453 3185 4507 αὐτὸν
3220 4452 3554 4525 προεχόντων
3580 4441 3705 4516 γνὼο

476 4552 624 4608 velut
651 4552 919 4621 scriptum
940 4556 1027 4606 est
1050 4550 1118 4614 ",
1150 4564 1317 4619 super
1338 4548 1514 4602 bonos
1537 4556 1593 4603 et
1619 4550 1792 4604 inalos
1813 4550 2043 4604 oriatur.

2153 4561 2260 4615 μης
2280 4562 2292 4575 ·
2328 4545 2417 4598 ἴνα
2464 4545 2528 4597 ὲκ
2556 4543 2651 4597 τοῦ
2691 4543 3129 4614 περισσεύματος
3155 4543 3184 4595 ὁ
3210 4541 3386 4612 ἥλιος,
3424 4536 3595 4598 καθὼς
3625 4531 3703 4599 γέ-

872 4742 1388 4802 INTERROGATIO
1426 4742 1649 4798 CCCIII.

478 4848 561 4900 An
599 4845 652 4897 in
696 4842 931 4912 fratrum,
973 4840 1346 4912 communitate
1388 4836 1454 4912 iis
1499 4851 1616 4912 quae
1657 4853 1691 4890 a
1734 4836 2048 4905 quibuslibet

879 4911 1147 4969 dicuntur,
1179 4905 1521 4961 obedientium
1549 4907 1641 4962 sit.

1057 5016 1328 5072 RESPON
1336 5014 1444 5073 SIO

546 5110 842 5177 Quaestioni
894 5109 1020 5164 huic
1065 5110 1185 5166 sine
1238 5109 1412 5163 multo
1452 5105 1673 5178 negotio
1722 5107 2047 5176 responderi

2156 4649 2441 4705 γραπται,
2480 4633 2737 4708 ἀνατείλῃ
2774 4633 2883 4703 (95)
2917 4635 3012 4687 ἐπὶ
3053 4635 3323 4705 πονηροὺς
3354 4631 3445 4686 καὶ
3470 4622 3701 4697 ἀγαθούςο

2692 4746 3028 4800 ΕΡΩΤΗΣΙΣ
3067 4747 3189 4801 TI".

3273 4855 3364 4903 οις
3406 4830 3706 4889 ὑπακούειν

2150 4838 2221 4891 El
2253 4838 2370 4908 χρὴ
2398 4837 2523 4904 τοῖς
2559 4839 2720 4907 παρὰ
2746 4837 2988 4892 πάντων
3014 4837 3274 4909 legique?"

2692 4909 2763 4961 ἐν
2802 4909 3170 4978 ἀδελφότητι

2752 5022 3141 5076 ΑΠΟΚΡΙΣΙΣ.

2225 5111 2301 5165 Τὸ
2341 5112 2601 5185 ἐρώτημα
2656 5112 2818 5167 τοῦτο
2872 5114 3075 5186 πολλὴν
3127 5112 3444 5185 δυσχέρειαν
3467 5106 3572 5177 ἔχει
3617 5099 3703 5168 τῆς

541 5290 586 5322 ιο
622 5289 807 5343 Matth.
840 5304 893 5347 ι,
928 5288 1016 5342 26.
1093 5288 1139 5319 ιο
1171 5286 1303 5341 Luc.
1337 5283 1530 5355 ν1,45.
1564 5284 1605 5315 δι
1639 5281 1831 5355 usus.
1870 5296 2047 5344 uvn.‘

2212 5287 2257 5320 ⁸⁸
2282 5287 2520 5342 ibid.22.
2598 5288 2643 5321 ⁸³
2669 5287 2829 5345 Joan.
2863 5305 2978 5352 snt.
3003 5290 3060 5355 8,
3086 5290 3141 5344 9.
3209 5288 3254 5321 “
3290 5284 3477 5343 Matth.
3509 5295 3594 5342 xv,
3618 5275 3699 5329 24.

478 5359 519 5391 ⁸⁸
550 5359 808 5413 i‘bid.-26.
891 5358 936 5389 “
971 5356 1105 5412 ibid.
1128 5357 1221 5409 ‘27.
1286 5357 1329 5387 ⁸⁷
1364 5354 1553 5408 Matth.
1587 5369 1639 5419 ν,
1675 5352 1766 5407 45.

547 5518 658 5587 (89)
680 5518 821 5572 Editi
850 5527 903 5572 et
935 5517 1066 5586 Reg.
1097 5517 1371 5573 secundus
1396 5516 1460 5566 ὲκ
1479 5527 1919 5587 περισσεύματος
1944 5512 2045 5587 τῇς

478 5582 700 5659 καρδίας
731 5587 898 5656 λέγει.
936 5582 1157 5658 Antiqui
1184 5596 1296 5641 tres
1323 5587 1448 5639 libri
1493 5582 1688 5638 praeter
1714 5582 1875 5637 Voss.
1907 5590 1965 5637 ut
1990 5582 2047 5635 in

478 5666 755 5713 contextu.

503 5781 515 5791 ,
546 5726 659 5857 ἕθθ)
691 5728 871 5826 Codex
909 5726 1065 5826 Colb.
1103 5726 1239 5825 7:pr
1269 5725 1361 5823 ⁸τὸν
1384 5725 1534 5825 Θεὸν.
1710 5797 1734 5806 _

571 5797 657 5857 91)
691 5796 822 5857 Reg.
862 5813 1069 5857 ptnuus
1105 5812 1432 5857 assemspov
1458 5797 1514 5849 δε
1549 5800 1612 5852 ὲκ
1646 5815 1734 5851 του

571 5797 657 5860 91)
691 5796 822 5864 Reg.
862 5799 1069 5865 primus
1105 5792 1432 5865 σαφέστερον
1458 5797 1514 5849 δὲ
1549 5800 1612 5852 ὲκ
1646 5797 1735 5851 τοῦ
1758 5794 1914 5865 ἁγίου
1939 5792 2045 5879 Πε-

2154 5512 2423 5593 τρουήἕστι
2467 5510 2679 5583 μαθεῖν,
2710 5512 2795 5565 ὅτι
2820 5510 3090 5593 διαπύρῳὶ.
3315 5582 3327 5593 ο
3418 5578 3455 5593 ﬁ
3477 5576 3507 5593 ν
3538 5574 3550 5586 ,

2226 5582 2347 5667 (92)⁹
2366 5570 2587 5643 νειξὶιῖεε
2610 5570 2849 5653 quatuor
2876 5570 3382 5654 111)ιτῖ,τὶληροφορίᾳ.
3418 5574 3550 5633 Editi
3584 5570 3696 5638 πλη-

2156 5667 2289 5724 ροφο
2333 5671 2435 5709 ιαν.

2220 5670 2334 5807 1,θῶ
2378 5722 2519 5778 Εάιιι
2547 5722 2832 5795 ἁνατέλλῃ.
2862 5723 3045 5780 Codex
3075 5723 3231 5778 Voss.
3266 5728 3317 5777 et
3348 5734 3437 5774 ain
3458 5730 3559 5771 uuo
3579 5712 3693 5764 ἀνα-

2150 5809 2320 5865 τειΑῃ.
