4064 6238
513 252 648 306 ΙΞΟῚ

1565 238 1868 295 ΠΕΟΙῙΙΑΞ
1907 234 2208 291 BREVIUS
2249 236 2666 293 TRACTATE.

3600 227 3736 293 1298

511 364 870 436 ἀποκρίσεως.
917 361 1138 434 Πρῶτον
1175 357 1294 428 μὲν,
1324 359 1404 410 ὅτι
1450 357 1674 423 ἀταξίας
1700 357 1932 426 ἔμφασιν
1964 373 2068 424 φα-

2175 369 2280 408 non
2312 363 2510 424 potest.
2551 355 2793 410 Primum
2825 357 3065 428 quidem,
3097 359 3242 428 quod
3287 361 3588 417 manifestae
3617 381 3740 434 per-

511 456 677 527 νερῶς
729 455 943 507 δίδωσιν
967 453 1024 504 ἐν
1061 451 1136 520 τῷ
1171 446 1318 517 παρὰ
1350 448 1565 502 πάντων
1595 447 1849 515 λέγεσθαί
1878 464 1951 513 τι,
1979 445 2072 498 τοῦ

518 547 842 609 Ἀποστόλου
875 545 1122 613 λέγοντος
1147 559 1159 570 ·
1216 539 1514 608 Προφ-ῆται
1567 538 1636 592 δὲ
1677 539 1786 592 δύο
1834 539 1873 605 ἢ
1920 537 2076 606 τρεῖς

508 640 904 699 λαλείτωσαν,
931 635 1031 688 καὶ
1053 637 1107 688 οἱ
1129 634 1304 688 ἄλλοι
1325 630 1793 700 διακρινέτωσαν
1811 648 1824 660 ·
1856 632 1952 683 καὶ
1978 629 2072 682 τοῦ

505 732 668 786 αὑτοῦ
697 733 754 785 ὲν
783 732 896 793 τοῖς
928 730 1212 800 μερισμοῖς
1239 728 1345 779 τῶν
1374 726 1747 796 χαρισμάτων,
1779 725 1910 778 ῐδιον
1947 723 2076 777 ἐκά-

507 838 632 874 στου
689 820 798 872 τῶν
861 817 1165 870 λαλούντων
1216 816 1276 868 τὸ
1331 816 1514 884 τάγμα
1572 814 1848 878 τάξαντος,
1898 815 1956 866 ὲν
1997 813 2076 883 τῷ

504 912 678 962 εἰπεῖν
711 908 857 979 (91)·
915 906 1182 970 Ἐκάστῳ
1215 906 1296 971 ὡς
1339 908 1372 958 ό
1404 904 1548 970 Θεὸς
1587 903 1823 972 ἐμέρισε
1855 901 2076 972 μέτρον

505 1003 793 1065 πίστεως⁹
831 1000 927 1052 καὶ
955 1001 1010 1052 ὲν
1041 997 1118 1070 τῷ
1141 997 1497 1067 ὑποδείγματι
1512 996 1618 1049 τῶν
1652 994 1828 1066 μελῶν
1846 995 1941 1048 τοῦ
1971 994 2076 1047 σώ-

508 1107 674 1162 ματος
699 1089 884 1158 σαφῶς
903 1089 1000 1160 μὲν
1019 1087 1389 1160 παριστῶντος
1411 1089 1468 1140 ὲν
1492 1086 1645 1158 μέρει
1669 1082 1807 1138 εἶναι
1828 1085 1889 1138 τὸ
1910 1085 2076 1157 μέρος

503 1182 596 1236 τοῦ
619 1181 924 1244 λαλοῦντος,
947 1179 1336 1250 ἀκριϐέστερον
1370 1178 1426 1231 δὲ
1454 1177 1884 1248 διευκρινοῦντος
1907 1179 1964 1229 ὲν
1997 1177 2075 1247 τῷ

503 1275 675 1326 εἰπεῖν
701 1289 715 1302 ·
763 1271 900 1326 Εἴτε
929 1275 962 1325 ό
997 1270 1300 1324 διδάσκων
1334 1271 1403 1323 ἐν
1429 1268 1503 1337 τῇ
1537 1268 1916 1334 διδασκαλίᾳ,
1956 1267 2076 1321 εἴτε

503 1368 536 1418 ὁ
567 1363 931 1433 παρακαλῶν
949 1362 1108 1430 ἐντῇ
1141 1360 1536 1429 παρακλήσει,
1573 1361 1666 1414 καὶ
1690 1359 1756 1414 τὰ
1785 1359 1976 1413 λοιπάο
1999 1360 2074 1422 ὡς

501 1454 659 1524 δῆλον
703 1456 766 1506 ὲκ
814 1453 1020 1508 τούτων
1042 1449 1182 1506 εἶναι
1215 1451 1288 1523 μὴ
1325 1453 1504 1506 πάντα
1550 1455 1716 1506 πᾶσιν
1754 1452 1864 1523 (95)
1892 1453 2074 1506 ἐπιτε-

501 1545 760 1615 τράφθαι,
795 1544 1026 1598 ἕκαστον
1054 1545 1111 1596 δὲ
1157 1545 1263 1614 ἰδίᾳ
1296 1545 1487 1615 κλήσει
1515 1545 1719 1614 μένειν,
1759 1546 1852 1597 καὶ
1874 1563 2072 1615 κατορ-

503 1634 628 1688 θοῦν
667 1635 1088 1704 ἐπιμελέστερον
1140 1635 1200 1686 τὸ
1234 1634 1338 1686 ὑπὸ
1386 1633 1479 1686 τοῦ
1510 1636 1716 1705 Κυρίου
1762 1635 2068 1688 πιστευθὲν.

502 1727 592 1776 Δεῖ
620 1724 728 1793 (96)
774 1725 954 1778 τοίνυν
990 1725 1082 1777 τὸν
1121 1725 1218 1794 μὲν
1267 1725 1583 1794 προεστῶτα
1611 1725 1704 1778 τοῦ
1745 1726 1947 1791 κοινοῦ,
1976 1726 2070 1779 καὶ

500 1816 919 1885 διατάσσόμενον
967 1819 1080 1879 τοῖς
1127 1817 1282 1878 πᾶσι,
1335 1815 1472 1885 μετά
1510 1815 1713 1885 πολλῆς
1745 1816 2070 1887 δοκιμασίας

501 1907 906 1978 ἐγχειρισθῆναι
968 1908 1067 1977 τὴν
1121 1906 1377 1978 φροντίδα
1437 1906 1660 1979 ταύτην,
1718 1909 1811 1960 καὶ
1855 1909 2069 1981 ἑκάστῳ

501 2001 642 2054 κατά
692 2001 753 2054 τὸ
816 2000 1027 2072 πρέπον
1075 2002 1446 2072 ἐπαγρυπνεῖν
1502 2003 1567 2071 τῇ
1621 2001 1879 2074 μερίμνῃ,
1921 2003 2069 2067 ὅπως

499 2093 806 2164 εὐαρέστως
839 2094 918 2164 τῷ
967 2094 1106 2165 Θεῷ,
1135 2096 1227 2147 καὶ
1264 2093 1672 2164 ἐστοχασμένως
1708 2095 1808 2164 τῆς
1838 2095 2067 2149 ἑκάστου

499 2185 929 2257 ὲπιτηδειότητός
955 2203 1013 2238 τε
1036 2187 1128 2238 καὶ
1151 2186 1432 2255 δυνάμεως
1453 2186 1589 2256 πρὸς
1601 2185 1662 2238 τὸ
1683 2189 1833 2257 κοινῇ
1861 2187 2071 2257 συμφέ-

500 2294 588 2348 ρον
638 2278 1014 2348 διατάσσηται,
1049 2277 1142 2330 καὶ
1173 2278 1475 2351 ἐπιτάσσῃο
1510 2279 1638 2341 τοὺς
1667 2278 1724 2330 δὲ
1773 2279 2066 2350 ὑπηκόους,

507 2368 594 2436 τῆς
640 2367 892 2431 εὐταξίας
951 2368 1385 2440 φυλαττομένης,
1439 2371 1530 2422 καὶ
1572 2373 1671 2441 τῆς
1719 2371 1963 2442 ὑπακοῆς
2007 2372 2069 2424 τὸ

498 2459 626 2511 ἴδιον
671 2461 867 2532 μέτρον
911 2460 1302 2531 γνωριζούσης,
1363 2462 1669 2532 μεμνῆσθαι
1711 2463 1805 2516 τοῦ
1863 2465 2066 2534 Κυρίου

497 2551 744 2620 λέγοντος
767 2572 780 2582 ·
827 2551 902 2606 Τὰ
952 2555 1216 2620 πρόϐατα
1273 2552 1346 2606 τὰ
1406 2554 1517 2622 ἐμὰ
1558 2552 1668 2622 τῆς
1700 2555 1906 2623 φωνῆς
1947 2574 2068 2625 μου

495 2643 701 2696 ἀκούει
741 2643 890 2714 (97)·
935 2644 1096 2713 κάγὼ
1146 2635 1417 2712 γινώσκω
1451 2647 1621 2709 αὐτὰ,
1665 2646 1763 2699 καὶ
1811 2647 2066 2701 ἀκολου-

497 2734 674 2788 θοῦσί
709 2752 840 2804 μοι·
878 2735 1039 2806 κάγὼ
1070 2735 1223 2805 ζωὴν
1275 2735 1518 2790 αἰώνιον
1574 2738 1780 2807 δίδωμι
1833 2738 2063 2804 αὐτοῖς’

460 2888 465 2892 _
495 2827 591 2881 καὶ
629 2828 1012 2899 προειπόντος,
1070 2829 1382 2898 Ἀλλοτρίῳ
1424 2829 1493 2882 δὲ
1528 2832 1599 2884 οὺ
1620 2829 1706 2900 μὴ
1738 2830 2068 2898 ἀκολουθή-

495 2931 736 2983 σουσιν,
792 2919 952 2973 ἀλλὰ
980 2920 1303 2989 φεύξονται
1356 2923 1456 2976 ἀπ’
1479 2923 1666 2977 αὐτοῦ
1685 2963 1700 2987 ,
1728 2924 1814 2976 ὅτι
1849 2927 1961 2978 οὐκ
1982 2925 2068 2977 οἵ·

2178 446 2506 502 turbationis
2537 447 2800 502 indicium
2826 448 3049 518 prazbet,
3077 465 3144 505 ex
3180 466 3266 512 eo,
3299 453 3442 520 quod
3473 453 3538 506 ab
3566 455 3740 506 omni-

2177 540 2280 597 bus
2301 540 2506 612 aliquid
2540 541 2775 607 dicatur,
2815 557 2939 596 cum
2967 543 3260 612 Apostolus
3288 544 3434 602 dicat
3459 565 3471 598 :
3504 545 3737 603 Prophe-

2178 642 2244 686 ta:
2292 642 2466 687 autem
2515 636 2620 686 duo
2673 642 2766 686 aut
2820 644 2925 688 tres
2961 634 3188 689 dicant:
3219 646 3269 689 et
3316 637 3491 690 caeteri
3541 637 3741 705 dijudi-

2176 733 2289 777 cent
2313 724 2377 778 ⁸⁸.
2417 724 2606 779 Itidem
2630 725 2747 794 ipse
2777 724 2832 779 in
2867 724 3136 780 donorum
3169 727 3580 796 partitionibus,
3615 745 3741 798 pro-

2175 817 2354 886 prium
2386 818 2818 887 uniuscujusque
2841 817 3118 888 loquentis
3148 819 3404 872 ordinem
3430 822 3738 887 constituit,

2175 907 2264 961 his
2309 909 2490 963 verbis
2513 909 2556 939 ‘9
2589 927 2600 961 :
2634 906 2920 979 Unicuique
2960 909 3094 962 sicut
3135 907 3275 962 Deus
3309 907 3488 964 divisit
3532 927 3740 964 mensu-

2177 1015 2293 1052 ram
2332 998 2474 1067 fidei.
2504 1002 2549 1034 ³ο
2571 998 2636 1053 Et
2680 999 2734 1052 in
2767 999 3020 1068 exemplo
3055 999 3420 1052 membrorum
3467 1001 3737 1070 corporis,

2177 1092 2506 1161 peculiarem
2541 1107 2665 1146 esse
2700 1091 2973 1160 loquentis
3007 1090 3188 1144 locum
3231 1090 3522 1160 perspicue
3551 1103 3739 1146 osten-

2175 1181 2275 1248 dit,
2305 1196 2368 1235 ac
2417 1181 2580 1235 etiam
2618 1183 2851 1251 idipsum
2898 1183 3205 1238 accuratius
3237 1183 3523 1252 distinguit
3568 1183 3742 1251 expli-

2176 1280 2374 1340 catque
2415 1271 2500 1325 his
2537 1272 2760 1326 verbis:
2806 1270 2925 1326 Sive
2959 1273 3048 1341 qui
3082 1275 3232 1326 docet
3273 1273 3324 1325 in
3348 1271 3613 1338 doctrina,
3637 1272 3740 1324 sire

2175 1362 2268 1432 qui
2294 1361 2605 1416 exhortatur
2649 1363 2704 1414 in
2738 1362 3065 1416 exhortando
3088 1363 3157 1426 ",
3208 1374 3312 1417 etc.
3346 1361 3526 1428 Quare
3565 1378 3629 1415 ex
3657 1363 3740 1414 his

2175 1453 2398 1522 planum
2441 1460 2545 1518 est,
2587 1469 2694 1506 non
2750 1453 2933 1506 omnia
2977 1454 3234 1508 omnibus
3275 1454 3539 1523 permissa
3573 1467 3735 1506 esse:

2176 1544 2269 1598 sed
2313 1544 2510 1598 debere
2559 1559 3004 1613 unumquemque
3051 1546 3105 1598 in
3148 1561 3248 1600 sna
3295 1545 3579 1598 vocatione
3626 1560 3742 1597 ma-

2175 1652 2328 1701 nere,
2357 1644 2520 1706 atque
2554 1637 2606 1690 id
2638 1637 2783 1706 quod
2815 1652 2842 1688 a
2881 1634 3108 1691 Domino
3130 1637 3502 1692 concreditum
3528 1643 3631 1696 cst,
3659 1635 3743 1690 di-

2177 1727 2436 1797 ligentius
2471 1726 2751 1797 perlicere.
2779 1725 2883 1780 Par
2906 1727 3089 1796 itaque
3119 1727 3282 1781 fuerit
3310 1743 3454 1790 eum,
3482 1726 3574 1796 qui
3605 1740 3744 1795 prae-

2177 1819 2358 1874 ﬁcitur
2377 1818 2781 1883 communitati,
2802 1819 3248 1889 praeponiturque
3267 1820 3544 1879 omnibus,
3571 1817 3743 1869 multo

2178 1925 2302 1965 eum
2348 1909 2598 1964 examine
2646 1909 2787 1963 lianc
2835 1925 3024 1963 curam
3068 1910 3486 1978 susciperezita
3528 1916 3585 1962 ut
3619 1924 3743 1961 con-

2177 2002 2393 2072 gruenti
2444 2001 2814 2056 sollicitudine
2864 2002 3047 2072 vigilet
3095 2018 3192 2071 pro
3242 2001 3492 2072 singulis,
3546 2011 3603 2053 ut
3634 1999 3743 2053 Deo

2176 2094 2463 2164 placendo,
2506 2101 2559 2147 et
2586 2094 2887 2148 babilitatis
2917 2109 2980 2148 ac
3018 2095 3216 2147 virium
3257 2095 3524 2164 cujusque
3559 2093 3742 2146 habita

2176 2186 2408 2250 ratione,
2442 2186 2508 2240 ad
2541 2201 2830 2240 commune
2860 2185 3204 2239 commodum
3250 2185 3461 2239 sanciat
3489 2185 3745 2252 impert-t-

2175 2295 2282 2349 que
2310 2299 2323 2334 :
2357 2278 2562 2334 subditi
2593 2293 2741 2344 vero,
2774 2286 2988 2332 servata
3013 2277 3325 2347 disciplina,
3359 2286 3412 2331 et
3435 2275 3742 2329 obcdientia

2175 2372 2380 2426 limites
2426 2385 2558 2425 suos
2608 2378 2960 2442 agnoscente,
3016 2370 3216 2424 debent
3275 2368 3589 2422 meminisse
3635 2364 3740 2420 Do-

2176 2466 2330 2529 mini,
2360 2466 2453 2535 qui
2485 2465 2624 2518 dixit
2652 2483 2666 2519 :
2697 2463 2827 2519 Oves
2860 2479 2986 2517 metu
3016 2479 3186 2516 vocem
3216 2478 3384 2516 meam
3416 2460 3739 2513 audiunt:ct

2173 2576 2265 2630 ego
2302 2575 2553 2629 cognosco
2606 2574 2718 2624 eas,
2762 2565 2812 2611 et
2855 2564 3142 2618 sequuntur
3187 2564 3385 2609 me:et
3446 2571 3537 2624 ego
3582 2554 3742 2606 vitam

2176 2658 2424 2702 azternam
2449 2649 2516 2701 do
2543 2649 2617 2702 eis
2643 2648 2689 2680 δ’
2713 2665 2730 2715 ;
2761 2646 3146 2716 recorder-ique
3172 2661 3296 2701 eum
3323 2645 3474 2715 prius
3495 2645 3698 2699 dixisse
3725 2662 3738 2698 :

2175 2740 2416 2792 Alienum
2461 2747 2635 2792 autem
2683 2755 2785 2792 non
2833 2745 3130 2807 sequentur,
3177 2735 3266 2789 sed
3295 2735 3494 2804 fugient
3533 2733 3597 2787 ab
3638 2750 3696 2786 eo
3723 2773 3738 2798 ,

2173 2829 2296 2898 quia
2325 2845 2426 2880 non
2455 2836 2704 2881 noverunt
2728 2843 2901 2881 vocem
2931 2825 3223 2880 alienorum
3245 2825 3324 2892 '3;
3349 2833 3402 2880 et
3421 2825 3740 2894 Apostolum

2174 2923 2247 2975 ita
2280 2921 2461 2991 loqui:
2493 2920 2553 2975 Si
2583 2921 2699 2989 quis
2735 2920 2892 2974 aliter
2923 2919 3091 2984 docet,
3130 2927 3181 2972 et
3211 2934 3313 2970 non
3355 2917 3554 2970 accedit
3596 2917 3740 2969 sanis

498 3010 639 3065 δασι
687 3009 808 3064 τῶν
859 3013 1193 3080 ἀλλοτρίων
1233 3013 1347 3081 τὴν
1401 3015 1610 3084 φωνήν
1647 3017 1790 3088 (98)’
1831 3019 1925 3070 καὶ
1971 3019 2066 3072 τοῦ

2174 3012 2332 3083 523
2359 3010 2684 3066 sermonibus
2720 3009 2936 3062 Domini
2975 3009 3142 3062 nostri
3173 3007 3304 3061 Jesu
3343 3006 3562 3069 Christi,
3606 3018 3653 3060 et
3692 3009 3740 3059 ei

511 3102 832 3155 Ἀποστόλου
862 3103 1132 3171 λέγοντος,
1167 3107 1248 3158 ὅτι
1282 3107 1355 3159 ΕΖ
1389 3124 1480 3172 τις
1527 3109 2066 3176 ἑτεροδιδασκαλεῖ,

499 3193 595 3245 καὶ
649 3193 736 3261 μὴ
769 3193 1162 3263 προσέρχεται
1208 3197 1548 3265 ὑγιαίνουσι
1573 3200 1777 3268 λόγοις
1807 3201 1932 3266 τοῖς
1962 3203 2069 3256 τοῦ

498 3286 718 3350 Κυρίου
748 3284 915 3352 ἡμῶν
960 3287 1159 3354 Ἰησοῦ
1193 3288 1469 3355 Χριστοῦ,
1503 3291 1600 3343 καὶ
1632 3290 1705 3359 τῇ
1743 3295 1870 3347 κατ’
1899 3295 2072 3350 εὐσέ-

499 3373 1052 3443 ϐειανδιδασκαλίᾳ,
1068 3378 1412 3447 τετύφωται,
1429 3380 1626 3448 μηδὲν
1645 3383 2065 3455 ἐπιστάμενος·

503 3465 638 3533 μετά
657 3463 713 3516 δὲ
743 3467 810 3519 τὰ
836 3467 1296 3538 ὲπισυμὸαίνοντα
1317 3471 1707 3540 ἐπαγαγόντος
1745 3477 2071 3546 Ἀερίστασο

499 3554 616 3607 ἀπὸ
661 3556 776 3609 τῶν
811 3559 1094 3610 τοιούτων
1129 3559 1236 3629 {99)
1260 3579 1272 3591 ·
1303 3559 1584 3617 καὶ·πάλιν
1616 3565 1851 3638 ἀλλαχοῦ
1874 3586 1887 3600 ο
1925 3574 2072 3639 Προ-

499 3647 743 3714 φητείας
784 3648 870 3717 μὴ
919 3648 1318 3713 ἐξουθενεῖτέο
1356 3653 1552 3709 πάντα
1599 3656 1931 3729 δοκιμάζετε
1955 3681 1968 3693 ·
2003 3664 2070 3718 τὸ

500 3739 691 3791 καλὸν
748 3739 1058 3809 κατέχετε·
1103 3743 1222 3795 ἀπὸ
1285 3747 1512 3812 παντὸς
1547 3748 1750 3816 εἴδους
1805 3756 2070 3822 πονηροῦ

499 3828 818 3896 ἀπέχεσθε.
849 3831 1012 3885 Ὥστε
1074 3835 1122 3886 εί
1175 3834 1275 3904 μέν
1298 3837 1351 3888 τί
1381 3839 1499 3890 ἐστι
1555 3843 1672 3892 κατ’
1708 3843 1927 3914 ἐντολὴν
1977 3844 2068 3896 τοῦ

500 3919 705 3983 Κυρίου
751 3920 1060 3994 λεγόμενον,
1107 3926 1139 3996 ἢ
1179 3928 1314 3998 πρὸς
1334 3927 1431 4000 τὴν
1475 3931 1693 4003 ἐντολὴν
1732 3933 1826 3986 τοῦ
1862 3937 2068 4007 Κυρίου

499 4010 983 4081 κατευθυνόμενον,
1031 4015 1134 4084 κᾶν
1169 4017 1397 4072 θανάτου
1430 4021 1506 4091 (1)
1533 4023 1762 4094 ἀπειλὴν
1795 4025 1915 4099 ἔχῃ,
1963 4028 2068 4080 ὑπ-

443 4132 446 4135 -
498 4099 716 4153 ακοὺειν
745 4103 886 4173 χρή·
908 4105 956 4156 εί
977 4102 1033 4156 δέ
1061 4122 1114 4157 τι
1138 4107 1268 4179 παρ’
1291 4107 1510 4180 ἐντολήν
1531 4111 1697 4173 ἐστιν,
1734 4113 1766 4184 ἢ
1795 4113 1892 4186 τὴν
1917 4117 2067 4170 ἐντοο

501 4191 598 4264 λὴν
648 4193 1048 4265 παραὸλάπτει,
1104 4195 1204 4250 κᾶν
1259 4199 1488 4268 ἄγγελος
1522 4202 1583 4266 ἐξ
1636 4204 1950 4278 οὑρανοῦ,ῆ
1985 4225 2069 4271 τις

499 4285 606 4338 τῶν
673 4286 982 4340 ἀποστόλων
1043 4289 1332 4362 ἐπιτάσσῃ,
1384 4292 1488 4346 κᾶν
1534 4294 1678 4367 ζωῆς
1735 4299 2068 4368 ἐπαγγελίαν

2171 3123 2288 3175 qute
2325 3105 2610 3159 secundum
2637 3103 2883 3172 pietatem
2911 3109 3010 3165 est,
3051 3100 3326 3163 doctrina,
3368 3096 3616 3166 superbus
3640 3108 3738 3160 est,

2171 3198 2304 3253 nihil
2328 3199 2494 3251 sciens
2515 3195 2562 3228 “
2586 3211 2600 3260 ;
2624 3203 2680 3249 et
2720 3194 2791 3248 iis
2824 3208 2945 3263 quae
2989 3191 3237 3246 accidere
3273 3191 3474 3253 solent,
3519 3203 3742 3242 enume-

2172 3290 2328 3352 ratis,
2379 3287 2567 3357 adjicit
2596 3305 2609 3340 :
2639 3283 2831 3340 Secede
2872 3283 2936 3336 ab
2970 3284 3050 3336 his
3084 3284 3171 3351 qui
3216 3279 3476 3350 ejusmodi
3504 3287 3627 3332 sunt
3652 3279 3738 3343 ἐς

2172 3393 2226 3440 et
2249 3398 2442 3438 rursus
2491 3380 2598 3434 alio
2637 3379 2692 3432 in
2728 3377 2848 3431 loco
2881 3374 3237 3444 :Prophetias
3273 3372 3433 3426 nolite
3462 3386 3741 3440 spernere;

2173 3475 2351 3530 omnia
2394 3471 2642 3542 probate;
2682 3468 2820 3539 quod
2862 3467 3052 3520 bonum
3103 3473 3203 3524 est,
3241 3472 3442 3526 tenete;
3496 3460 3559 3514 ab
3597 3461 3740 3514 omni

2172 3568 2336 3634 specie
2379 3564 2523 3618 mala
2557 3563 2812 3616 abstinete
2855 3575 2941 3612 vos
2966 3558 3031 3611 ⁸⁸.
3073 3554 3458 3621 Quamobrem,
3489 3553 3533 3607 si
3579 3550 3740 3621 quid-

2173 3661 2317 3730 piam
2367 3657 2570 3711 dicitur
2621 3651 2921 3708 secundum
2979 3646 3297 3701 mandatum
3356 3643 3591 3707 Domini,
3646 3650 3738 3695 aut

2172 3751 2426 3821 dirigitur
2455 3745 2866 3801 admandatum
2904 3739 3140 3803 Domini,
3175 3736 3392 3792 etiamsi
3418 3736 3612 3789 mortis
3638 3739 3738 3787 mi-

2173 3859 2274 3898 nas
2322 3841 2556 3910 ingerat,
2605 3834 2966 3893 obediendum
3011 3838 3138 3886 est:
3171 3829 3255 3883 sin
3299 3835 3479 3881 autem
3529 3824 3733 3894 aliquid

2172 3942 2366 4004 praeter
2388 3930 2703 3985 mandatum
2728 3934 2832 3991 est,
2863 3932 2957 3978 aut
2990 3920 3306 3976 mandatum
3327 3917 3498 3981 lmdit,
3525 3917 3737 3971 etiamsi

2172 4027 2398 4097 angelus
2442 4040 2509 4079 ex
2543 4023 2706 4087 coelo,
2747 4026 2842 4075 aut
2888 4015 3088 4086 aliquis
3130 4029 3198 4069 ex
3245 4011 3510 4085 apostolis
3554 4011 3739 4080 praeci-

2171 4123 2305 4191 piat,
2339 4117 2552 4173 etiamsi
2581 4115 2865 4187 promittat
2893 4112 3082 4174 vitam,
3126 4105 3341 4162 etiamsi
3371 4114 3599 4159 mortem
3632 4103 3740 4156 mi-

2177 4212 2400 4270 nitetur,
2434 4207 2584 4261 nullo
2613 4203 2776 4258 modo
2799 4197 3282 4270 obtemperandum
3313 4203 3416 4260 est,
3442 4208 3565 4248 cum
3589 4193 3736 4262 Apo-

2175 4305 2350 4359 stolus
2389 4300 2590 4356 dixerit
2618 4317 2630 4352 :
2660 4297 2808 4351 Licet
2847 4311 2941 4350 nos
2974 4292 3096 4359 ipsi,
3143 4297 3235 4342 aut
3266 4287 3479 4359 angelus
3507 4285 3570 4340 de
3611 4286 3737 4339 calo

501 4375 618 4447 ἔχῃ,
643 4376 743 4431 κᾶν
773 4377 1004 4432 θανάτου
1049 4381 1300 4453 ἀπειλὴν,
1335 4385 1584 4454 οὐδαμῶς
1625 4386 1912 4458 ἀνέχεσθαι
1940 4392 2066 4464 χρὴ,

2174 4395 2488 4465 ecangelizet
2532 4391 2674 4446 vobis
2708 4396 3056 4459 praeterquam
3092 4387 3230 4453 quod
3271 4380 3736 4450 evangelimvimus

499 4469 593 4521 τοῦ
635 4469 956 4526 Ἀποστόλου
995 4475 1238 4538 εἰπόντος
1258 4492 1271 4505 ·
1305 4475 1432 4530 Κᾶν
1462 4478 1632 4548 ἡμεῖς
1663 4481 1858 4546 αὐτοὶ,
1893 4483 1931 4551 ἢ
1965 4483 2069 4553 ἅγι-

500 4564 675 4628 τελος
713 4561 783 4626 ἐξ
822 4565 1083 4631 οὐρανοῦ
1129 4567 1571 4637 εὐαγγελίζηται
1637 4571 1780 4641 ὑμῖν
1835 4576 1972 4644 παρ’
2036 4578 2068 4630 ὃ

500 4651 1012 4723 εὐηγγελισάμεθα
1029 4656 1194 4726 ὑμῖν,
1226 4657 1492 4728 ἀνάθεμα
1521 4660 1698 4716 ἔστω.

2169 4489 2332 4551 vobis,
2374 4484 2655 4540 anathema
2676 4481 2746 4534 sit
2769 4480 2812 4512 "

570 4807 663 4886 "_l
692 4805 1082 4886 φθείρῃ-29.
1159 4809 1390 4886 ‘_°_l_{o_m.
1422 4829 1520 4878 xu,
1549 4816 1623 4886 5.4
1662 4818 1707 4848 ⁶⁰
1749 4818 1880 4874 ibid.
1911 4822 1966 4883 4,
1999 4821 2052 4876 5.

2174 4823 2303 4877 ibid.
2339 4821 2394 4886 7,
2418 4821 2468 4873 8.
2512 4820 2558 4850 ⁸⁸
2590 4815 2748 4872 Joan.
2786 4830 2840 4880 κ,
2868 4808 3073 4876 ⁸27,ἳ8.
3115 4804 3319 4858 ⁵³’ἰὺίι1.
3471 4802 3518 4831 δ”
3548 4799 3562 4850 Ι
3590 4796 3742 4852 Tini.

501 4878 738 4948 v.,5,t.
806 4879 852 4911 ια
885 4880 1017 4935 ibid.
1046 4882 1097 4936 5.
1174 4881 1795 4950 "lThess.v,20-22.
1872 4891 1914 4920 υτ
1955 4878 2133 4951 Calat.
2172 4910 2214 4959 ι,
2247 4893 2300 4946 8.

570 5041 680 5113 (94)
709 5041 839 5098 Post
864 5040 1021 5113 illud,
1052 5041 1108 5113 ἐν
1131 5041 1208 5109 τῷ
1231 5044 1425 5103 εἰπεῖν,
1467 5039 1630 5113 ita_in
1656 5039 1843 5098 Vossii
1887 5047 2058 5099 veteri

502 5110 636 5183 libro
656 5110 710 5167 et
733 5114 788 5166 in
815 5113 938 5166 aliis
962 5111 1176 5183 duobus
1201 5113 1418 5180 legitur,
1443 5111 1517 5183 μὴ
1542 5110 1901 5183 ὑπερφρονεῖν
1932 5117 2058 5183 παρ’

503 5182 528 5234 5
563 5183 642 5235 δεῖ
669 5185 904 5254 φρονεῖν,
934 5181 1068 5254 ἀλλά
1094 5185 1308 5251 φρονεῖν
1337 5183 1415 5244 εἰς
1453 5181 1513 5232 τὸ
1544 5181 1839 5252 σωφρονεῖν
1874 5199 1887 5213 ο
1926 5181 2059 5238 ἑκά-

503 5269 632 5322 στῳ,
669 5251 770 5307 etc.
792 5255 910 5306 Non
942 5251 1060 5317 plus
1100 5267 1279 5320 sapere
1299 5267 1458 5321 quam
1488 5251 1691 5318 oportet
1730 5268 1931 5321 sapere,
1969 5255 2060 5307 sed

503 5338 677 5390 sapere
710 5323 778 5376 ad
811 5323 1167 5376 sobrietatem.

570 5393 681 5460 (95)
713 5392 1074 5461 Antiquiiduo
1098 5391 1220 5445 libri
1252 5390 1426 5443 πάντα
1449 5390 1681 5461 ἑκάστῳ.

570 5447 682 5530 (96)
714 5447 896 5516 Οοόθίι
945 5460 1104 5514 Voss.
1137 5461 1455 5524 σπουδαίως.
1502 5463 1594 5530 Δεῖ
1628 5447 1683 5515 δέ
1711 5463 1890 5519 πάλιν.
1937 5462 2060 5519 Mox

501 5529 1005 5602 (Σουλὲγχειρίζειν
1031 5531 1130 5600 τὴν
1152 5532 1426 5602 φροντίδα.
1449 5529 1694 5588 Subinde
1714 5534 1880 5589 codex
1898 5533 2059 5591 Voss.

503 5601 646 5671 mea
665 5600 764 5671 τὴν
787 5600 1120 5671 πρέπουσαν.

570 5619 640 5652 ητα
665 5619 696 5652 τ
735 5619 764 5652 ν
787 5619 1120 5671 πρεπουσαν.

570 5619 892 5738 (97)1hlossii
921 5677 1076 5724 vetus
1104 5669 1244 5724 liber
1270 5678 1318 5724 et
1355 5671 1443 5724 alii
1474 5670 1580 5725 duo
1616 5671 1892 5725 ἀκούουσι.

2239 5045 2349 5116 (98)
2389 5042 2523 5113 Reg.
2559 5041 2776 5116 primus
2814 5042 2868 5092 et
2904 5026 3430 5116 (Βοιὼ-..φωνήνέτοῦ
3473 5026 3531 5079 δὲ
3570 5025 3733 5076 Ἀπο-

2111 5124 2120 5133 “
2167 5099 2352 5169 στόλόὺ
2379 5099 3001 5185 παραγγέλλοντος-ποτὲ
3027 5099 3143 5185 μὲν,
3176 5099 3266 5184 ὅτι,
3297 5099 3379 5153 El.

2383 5163 2944 5257 λᾹφίστασο-’ἀπὸ
2987 5163 3093 5226 τῶν
3126 5163 3411 5257 τοιούτων,
3452 5163 3733 5257 ηοηινερυ-

2163 5232 2284 5309 (Ιίῑῖ
2297 5232 2534 5308 νέιιῖιίᾑξῶ
2564 5232 2789 5303 εἰιθιοτε
2810 5245 3074 5318 Vulgata},
3117 5252 3211 5318 au_t
3230 5238 3454 5318 certein
3483 5250 3545 5289 ea
3577 5232 3733 5316 hodie

2163 5341 2271 5379 non
2291 5325 2563 5394 leguntur.
2595 5318 2705 5373 Nec
2731 5319 2805 5370 ita
2827 5311 3000 5370 multo
3021 5320 3143 5382 post
3165 5311 3297 5380 Reg.
3316 5311 3528 5378 primus
3553 5311 3732 5357 πάντα

2162 5395 2219 5448 δὲ
2246 5391 2650 5479 Ξίίκέξιέςρῖτεςί
2935 5456 2956 5479 .
3058 5452 3122 5479 ι..
3160 5447 3376 5479 ...μω
3411 5442 3639 5479 ,Μωρέ

2240 5443 2828 5535 (ι’ῑὲᾱίῖι,λεγὶςμενρ,νν
2856 5456 2988 5526 πρὸς
3019 5452 3122 5535 εὴν
3160 5447 3376 5535 ἐντολὴν
3411 5443 3734 5535 esset???

2175 5522 2311 5604 μεν,’
2331 5534 2434 5586 κᾶν
2455 5522 2727 5604 θάνατόν.
2750 5527 2880 5604 Reg.
2902 5522 3105 5604 tertius
3135 5522 3289 5604 ulnin‘
3315 5526 3572 5604 contentu
3593 5530 3731 5604 inet.-

2171 5584 2560 5669 iiinériegnur
2611 5600 2666 5652 in
2699 5584 2912 5669 (ιιιοιῆιε
2943 5596 3064 5669 aliis
3097 5592 3400 5657 codicibus,
3448 5587 3555 5641 nisi
3585 5584 3744 5654 ηιιιηι

2171 5672 2325 5739 illud,
2356 5666 2448 5725 τοῧ
2475 5670 2700 5739 Κυρίου,
2735 5668 2788 5721 in
2823 5669 2900 5720 eis
2937 5666 3095 5718 desit.
