4064 6238
371 263 508 320 1299

758 372 1285 449 llNTERROGATlO
1324 374 1543 431 cccw.

349 460 562 549 iUtrum
591 471 789 552 pro‘iis
815 471 904 552 qui
937 476 1192 538 fratribus
1226 468 1409 551 traditi
1450 477 1593 552 sunt,
1615 469 1697 551 _sit
1736 469 1938 552 qlniquid

444 539 802 663 arﬁiqizndum
828 539 914 594 ’ab
963 557 1144 594 eorum
1194 541 1531 611 propinquis,
1578 541 1626 593 si
1677 541 1946 610 quidpiam

440 626 568 664 rem
653 626 762 664 are.

928 748 932 756 '
955 742 1361 800 RESPONSIO.

441 833 614 904 Hujus
658 836 736 891 rei
777 852 909 891 cura
953 837 1334 908 judiciumque
1388 838 1582 892 attinet
1635 836 1704 892 ad
1751 836 1946 906 praefe-

366 936 534 981 ctum.
600 925 708 982 Sed
767 935 952 983 tamen
1005 929 1051 984 si
1111 945 1227 984 mea
1283 930 1554 985 sententia
1616 927 1940 998 exquiritur,

365 1017 622 1071 existimo
652 1019 982 1075 offendicula
1015 1036 1046 1075 a
1083 1022 1268 1077 multis
1307 1023 1483 1092 magis
1530 1030 1797 1077 remotum
1851 1021 1940 1085 iri,

365 1120 420 1165 et
459 1110 526 1164 ad
564 1112 687 1166 ﬁdei
713 1113 1132 1169 aediﬁcationem
1165 1114 1284 1170 fore
1329 1115 1545 1178 utilius,
1584 1115 1632 1171 si
1671 1115 1942 1185 ejusmodi

349 1187 725 1292 :repudientur
756 1221 1004 1262 munera.
1036 1205 1171 1261 Nam
1221 1207 1269 1264 si
1312 1207 1673 1278 accipiantur,
1706 1209 1943 1279 primum

349 1295 588 1369 quidem
620 1297 889 1366 contingit
916 1298 1130 1366 probris
1167 1299 1492 1369 plerumque
1524 1299 1664 1354 allici
1701 1316 1940 1355 commu-

348 1365 613 1442 Enitatem.
654 1387 861 1442 Deinde
907 1405 974 1442 ex
1020 1404 1084 1444 ea
1126 1405 1186 1445 re
1221 1391 1357 1446 illud
1397 1392 1806 1446 incommodum
1853 1409 1944 1447 na-

349 1462 562 1540 Iscitur,
597 1479 740 1547 quod
773 1480 1081 1550 propinquo
1117 1482 1282 1536 etiam
1313 1497 1505 1538 eorum
1541 1485 1633 1553 qui
1662 1485 1942 1555 quidpiam

365 1569 687 1633 attulerunt,
733 1571 987 1627 elationis
1015 1572 1179 1626 detur
1221 1575 1464 1629 occasio.
1498 1575 1577 1630 Ad
1626 1577 1760 1639 lltBC,
1794 1578 1940 1646 quod

364 1661 668 1715 secundum
705 1662 758 1715 id
797 1663 944 1732 quod
973 1664 1180 1718 dictum
1225 1673 1310 1720 est
1357 1667 1427 1720 ab
1461 1667 1723 1736 Apostolo
1772 1669 1838 1722 de
1871 1669 1939 1724 iis

362 1754 457 1823 qui
494 1755 548 1808 in
576 1757 852 1810 communi
882 1759 1004 1811 loco
1030 1774 1129 1813 sua
1153 1759 1389 1814 edebant
1420 1760 1810 1832 bibebantque,
1834 1779 1939 1819 usu

346 1847 544 1920 {veniat
586 1847 758 1902 illud:
791 1848 1132 1915 Confunditis
1174 1867 1262 1904 eos
1291 1853 1381 1922 qui
1421 1869 1525 1906 non
1574 1852 1759 1906 habent
1783 1855 1852 1913 ⁸⁸.
1884 1862 1940 1908 et

363 1938 634 2006 ejusmodi
666 1941 943 2011 pleraque.
976 1941 1155 2008 Quare
1184 1958 1309 1998 cum
1347 1945 1474 2000 inde
1502 1955 1581 1999 tot
1621 1944 1938 2003 occasiones

362 2032 431 2086 ad
471 2033 808 2102 peccandum
845 2045 1166 2102 nascantur,
1204 2051 1387 2106 operae
1416 2040 1650 2108 pretium
1681 2049 1765 2094 est
1789 2039 1939 2109 ejus-

361 2124 509 2178 modi
555 2124 700 2179 dona
757 2141 868 2180 non
921 2127 1197 2198 accipere,
1246 2129 1341 2184 sed
1381 2132 1662 2201 praepositi
1708 2131 1938 2188 arbitrio

359 2217 698 2285 permittere,
729 2233 788 2272 ut
817 2218 1028 2286 judicet
1055 2229 1110 2275 et
1140 2222 1413 2292 expendat
1447 2237 1478 2276 a
1517 2223 1718 2293 quibus
1751 2240 1816 2280 ea
1845 2239 1937 2279 ac-

359 2310 494 2379 cipi,
523 2318 576 2365 et
606 2311 882 2380 quomodo
914 2313 1226 2382 dispensari
1255 2322 1526 2384 oporteat.

776 2422 1302 2499 INTERROGATIO‘
1323 2427 1522 2482 cccv.

365 2511 554 2597 Utrum
609 2517 880 2598 conueniat
906 2517 1215 2598 .quidquam
1281 2519 1628 2598 ab_externi_s
1675 2523 1931 2588 accipere,

433 2590 536 2639 sive
567 2590 837 2650 amicitiae,
868 2590 974 2641 sive
1003 2590 1195 2656 prioris
1230 2591 1637 2660 propinquitatis
1665 2594 1860 2662 gratis.

951 2699 1354 2758 BESPONSIO.

431 2790 670 2857 Quastio
705 2793 817 2847 haec
870 2794 1117 2850 eamdem
1147 2796 1254 2850 vim
1290 2796 1453 2852 habet
1500 2815 1664 2871 quam
1704 2804 1935 2872 quaestio

1670 230 1737 315 1's.
1778 253 2023 313 BASlLll
2059 251 2276 311 mem

1977 377 2025 432 Α

3518 245 3645 304 1500

2590 358 2926 420 ΕΡΩΤΗΣῘΣ
2959 362 3076 418 ΤΔθ.

2048 467 2120 519 El
2143 463 2292 532 ὑπὲρ
2323 460 2441 516 τῶν
2473 456 3458 532 παραδεδομένων-Δτρῖ-ἀδελφότητι
3479 457 3641 532 παρᾲ

2117 525 2567 598 τῶνδοίιιείων,⁷
2597 525 2896 587 θελόνῖτων·
2951 526 3180 580 διδόναι
3231 525 3330 594 τι,
3383 525 3507 596 χρὴ
3557 528 3641 580 δέ-

2119 607 2351 673 χεσθαι.

2616 711 3038 779 1ᾹΠοΚΡΙΣΙΣ.¹

2127 807 2193 861 Ἢ
2237 807 2426 862 τούτου
2457 806 2675 877 φροντὶς
2707 806 2805 858 καὶ
2841 803 3136 872 δοκιμασία
3168 803 3349 872 ἀνῆκε
3387 801 3472 871 τῷ
3508 818 3641 872 προ-

2047 899 2259 953 εστῶτι.
2290 901 2458 970 Πλὴν,
2485 898 2560 962 ὡς
2595 899 2714 951 κατ’
2745 895 2884 968 ἐμὴν
2912 894 3170 966 γνώμην,
3202 893 3510 964 λογίζομαι
3555 895 3638 947 ὃτι

2049 991 2248 1062 μᾶλλον
2298 989 2647 1062 ἀπρόσκοπόν
2701 991 2817 1041 ἐστι
2841 989 2954 1050 τοῖς
2977 985 3209 1050 πολλοῖς,
3243 985 3348 1038 καὶ
3383 987 3470 1046 εἰς
3494 987 3640 1038 οἰκο-

2043 1081 2212 1152 δομὴν
2260 1081 2360 1152 τῆς
2410 1081 2645 1144 πίστεως
2690 1079 3112 1150 ὠφελιμώτερον
3161 1077 3223 1130 τὸ
3284 1077 3635 1130 ἀπωθεῖσθαι

2044 1173 2142 1234 τὰς
2199 1171 2455 1235 τοιαύτας
2485 1172 2736 1242 χάριτας.
2777 1170 2873 1222 Ἐκ
2899 1169 3006 1239 γὰρ
3041 1168 3141 1238 τῆς
3174 1166 3457 1235 ὑποδοχῆς
3490 1167 3640 1236 πρῶ-

2044 1283 2136 1319 τον
2168 1265 2266 1336 μὲν
2314 1264 2390 1335 (2)
2419 1263 2706 1334 συμϐαίνει
2739 1261 2835 1316 καὶ
2875 1261 3176 1331 ὀνειδισμὸν
3210 1260 3365 1314 κατὰ
3396 1259 3494 1312 τοῦ
3525 1277 3638 1312 κοι-

2045 1356 2136 1410 νοῦ
2172 1355 2565 1428 προενεχθῆναι
2615 1354 2897 1416 πολλάκις.
2932 1354 3184 1412 Ἔπειτα,
3217 1354 3304 1406 ὃτι
3332 1354 3432 1405 καὶ
3465 1351 3638 1420 ἐπάρ-

2046 1464 2182 1510 σεως
2222 1446 2448 1518 παρέχει
2470 1445 2739 1516 πρόφασιν
2767 1443 2844 1514 τῷ
2875 1443 3058 1512 οἰκείῳ
3086 1441 3194 1495 τῶν
3223 1441 3633 1511 προσενεγκόν-

2043 1556 2169 1591 των.
2227 1537 2371 1608 Πρὸς
2421 1535 2653 1601 τούτοις,
2679 1537 2760 1589 ὅτι
2791 1535 2932 1588 κατὰ
2959 1533 3018 1587 τὸ
3053 1534 3351 1604 εἰρημένον
3397 1533 3509 1585 ὑπὸ
3541 1529 3632 1584 τοῦ

2057 1629 2377 1684 Ἀποστόλου
2410 1646 2476 1683 πε
2486 1629 2538 1700 ρ).
2569 1629 2676 1682 τῶν
2710 1631 2791 1691 εἰς
2817 1628 2878 1680 τὸ
2901 1626 3078 1680 κοινὸν
3098 1625 3167 1679 τὰ
3197 1625 3311 1679 ἴδια
3337 1625 3633 1678 ἐσθιόντων

1971 1729 2014 1783 Β
2042 1723 2137 1777 καὶ
2200 1719 2460 1774 πινόντων
2509 1720 2720 1789 γίνεται
2755 1719 2835 1783 τὸ,
2879 1717 3330 1785 Καταισχύνετε
3374 1715 3521 1780 τοὺς
3546 1715 3631 1782 μὴ

2042 1814 2325 1883 ἔχοντας,
2359 1813 2455 1866 καὶ
2495 1812 2666 1866 πολλά
2705 1812 2947 1865 τοιαῦτα.
2997 1808 3282 1863 Τοσούτων
3311 1807 3374 1860 δέ
3420 1805 3632 1877 προφάσ

2044 1921 2182 1958 σεων
2229 1906 2310 1968 εἰς
2366 1905 2639 1975 ἁμαρτίαν
2668 1900 3200 1973 ἐπισυμϐαινουσῶν,
3232 1899 3407 1953 καλὸν
3433 1901 3550 1954 ἐστι
3570 1896 3629 1950 τδ

2045 1999 2119 2069 μὴ
2152 1996 2401 2067 δέχεσθαι
2435 1997 2510 2068 (5)
2539 1995 2609 2049 τὰ
2641 1995 2887 2057 τοιαῦτα,
2913 1992 3230 2064 ἐπιτρέπειν
3258 1991 3320 2044 δὲ
3355 1989 3438 2060 τῷ
3497 2006 3628 2063 προσ

2039 2088 2236 2142 εστῶτι
2257 2085 2592 2157 δοκιμάζειν,
2618 2086 2711 2138 καὶ
2734 2084 2884 2155 παρὰ
2904 2084 3065 2137 τίνων
3080 2083 3186 2154 χρὴ
3206 2082 3513 2152 ληφθῆναι,
3537 2078 3627 2133 καὶ

2040 2179 2158 2244 πῶς
2195 2179 2276 2232 δεῖ
2310 2177 2755 2248 οἰκονομηθῆναι.

2583 2375 2914 2431 ΕΡΩΊῊΣΙΣ
2945 2376 3046 2428 TE'

2037 2477 2107 2529 Εἰ
2152 2471 2249 2526 δεῖ
2273 2471 2348 2542 (4)
2383 2469 2710 2542 λαμϐάνειν
2754 2467 2913 2537 παρὰ
2963 2468 3083 2542 τῶν·
3117 2466 3346 2542 ἔξωθεν
3386 2463 3426 2531 ἢ
3479 2477 3622 2515 κατα

2109 2536 2285 2665 χὰὶοικ
2330 2536 2548 2611 ’φιλίας
2569 2579 2585 2604 ,
2644 2539 2684 2607 ἢ
2751 2536 3347 2606 ποοκατειλημμένης
3409 2547 3620 2602 συγγε-

2109 2630 2176 2665 re
2201 2630 2295 2665 ac.

2107 2630 2295 2679 νειας.

2638 2720 3029 2775 ΔΠΟΚΡΙΣῙΣ.

2105 2819 2276 2876 Τοῦτο
2322 2817 2384 2872 τὸ
2428 2814 2690 2888 ἐρώτημα
2734 2813 2836 2884 τὴν
2879 2813 3072 2884 ὁμοίαν
3119 2811 3352 2882 δύναμιν
3389 2808 3502 2878 ἔχει
3545 2803 3616 2874 τῷ

359 2879 554 2945 altera,
615 2895 682 2934 an
741 2881 1020 2952 quidpiam
1081 2899 1111 2937 a
1169 2886 1495 2958 propinquis
1557 2891 1932 2962 accipiendum

2043 2915 2374 2986 ἐρωτήματι,
2503 2879 2656 2980 παρά
2681 2879 2802 2960 τῶν-
2829 2879 3044 2959 οἰκείων
3068 2905 3175 2975 χρή
3213 2879 3272 2957 τι
3305 2899 3614 2972 λαμϐάνειν.

751 3086 1272 3146 [NTERROGATIO
1322 3091 1545 3148 CCCVI.

627 3179 898 3246 Quomodo
937 3183 1124 3236 vitetur
1162 3186 1349 3240 mentis
1379 3185 1664 3241 aberratio.

923 3295 1331 3354 RESPONSIO.

1985 3380 2036 3396 νη

2589 3105 2923 3160 ΕΡΩΤΗΣιΣ
2950 3104 3088 3170 Tq'.

2041 3203 2203 3260 Μετὰ
2222 3202 2396 3256 ποίου
2418 3200 2642 3269 τρόπου
2669 3197 2738 3251 τὸ
2757 3193 3188 3265 ἀωεώριστον
3212 3188 3608 3260 κατορθοῦται.

2640 3307 3024 3363 ΔΠΟΚΡΙΣΙΣ.

431 3385 698 3443 Nimirum
741 3389 788 3444 si
819 3391 943 3461 quis
987 3407 1106 3447 eam
1153 3402 1387 3450 mentem
1424 3393 1682 3463 induerit,
1719 3412 1774 3451 In
1827 3413 1936 3468 qua

2125 3407 2251 3462 Ἐὰν
2275 3405 2335 3460 τὸ
2361 3403 2457 3458 τοῦ
2485 3400 2743 3456 ἐκλεκτοῦ
2774 3399 2939 3455 Δαὸὶδ
2967 3397 3223 3470 φρόνημά
3247 3413 3334 3460 τις
3356 3390 3608 3462 ἀναλάϐῃ*

359 3488 479 3534 erat
508 3481 715 3538 electus
743 3483 831 3538 ille
868 3483 1062 3549 David,
1098 3487 1190 3556 qui
1231 3486 1391 3543 modo
1422 3487 1640 3558 quidem
1669 3489 1885 3544 dicebat
1918 3509 1932 3544 :

361 3571 710 3627 Providebam
727 3573 1008 3630 Dominum
1033 3578 1086 3632 in
1110 3589 1384 3649 conspectu
1406 3579 1690 3652 524171ρο
1712 3597 1933 3652 semper,

360 3667 610 3734 quoniam
639 3682 672 3720 a
699 3665 898 3722 dextris
937 3677 1014 3724 est
1046 3669 1192 3735 mihi,
1216 3688 1278 3726 ne
1310 3687 1636 3726 commoveor
1660 3672 1740 3739 ⁵⁹;
1773 3673 1936 3727 modo

361 3775 492 3814 vero
519 3779 530 3813 :
559 3759 714 3815 Oculi
747 3764 848 3816 mei
868 3779 1068 3833 semper
1090 3763 1159 3817 ad
1203 3763 1521 3818 Dominum:
1551 3766 1798 3834 quoniam
1828 3765 1937 3834 ipse

360 3852 538 3907 evellet
570 3852 633 3907 de
673 3853 856 3923 laqueo
883 3856 1036 3924 pedes
1075 3873 1214 3911 meos
1238 3857 1319 3925 ⁶⁰;
1351 3857 1514 3913 modo
1542 3865 1720 3913 autem
1747 3877 1760 3912 :
1803 3857 1937 3912 Ecce

361 3943 498 3996 sicut
530 3945 670 3998 oculi
698 3962 964 4000 servorum
989 3948 1043 4000 in
1069 3947 1311 4002 manibus
1340 3947 1674 4002 dominorum
1694 3966 1933 4014 suorum,

360 4035 498 4087 sicut
525 4035 664 4087 oculi
687 4035 894 4090 ancillis
913 4037 964 4089 in
988 4036 1230 4089 manibus
1261 4038 1488 4092 domina:
1513 4055 1624 4092 sua:
1647 4053 1664 4092 :
1693 4039 1769 4092 ita
1797 4038 1938 4092 oculi

345 4127 532 4197 {nostri
566 4125 634 4179 ad
664 4125 943 4180 Dominum
975 4125 1140 4180 Deum
1181 4137 1418 4182 nostrum
1449 4129 1512 4182 ⁸¹.
1550 4131 1727 4200 Atque
1755 4139 1813 4184 ut
1848 4146 1936 4186 res

362 4215 600 4284 majores
639 4215 954 4286 diligentius
1005 4217 1343 4288 peragendas
1395 4233 1672 4281 curemus,
1722 4219 1937 4274 minore

361 4309 616 4378 exemplo
672 4308 796 4363 usi:
835 4316 1048 4378 reputet
1091 4325 1276 4365 secum
1328 4311 1581 4380 quisque,
1632 4311 1811 4381 qualis
1851 4317 1938 4364 est

2043 3501 2309 3563 εἰπόντος,
2360 3495 2492 3550 ποτὲ
2545 3495 2664 3565 μὲν,
2705 3489 3076 3561 Προωρώμην
3105 3487 3212 3542 τὸν
3261 3488 3482 3554 Κύριον
3522 3482 3611 3534 ἐν·

2041 3591 2230 3645 ὠπιόν
2255 3606 2376 3659 μου
2411 3583 2760 3649 διαπαντός,
2793 3582 2884 3636 ὄτι
2927 3581 2997 3634 ἐκ
3027 3577 3245 3645 δεξιῶν
3266 3578 3385 3649 μού
3426 3577 3606 3632 ἐστιν,

2043 3683 2144 3736 ἵνα
2170 3680 2254 3750 μὴ
2287 3675 2591 3733 σαλευθῶ·
2635 3674 2767 3730 ποτέ
2815 3673 2893 3737 δὲ,
2929 3674 3011 3725 ὅτι
3059 3674 3124 3724 Οἱ
3169 3667 3467 3739 ὀφθαλμοί
3498 3679 3608 3734 μου

2041 3771 2363 3835 διαπαντὸς
2395 3768 2543 3837 πρὸς
2569 3766 2677 3820 τόν
2711 3765 2946 3833 Κύριον,
2989 3762 3078 3816 ὅτι
3121 3762 3307 3827 αὐτὸς
3328 3753 3606 3813 exaudiret

2042 3867 2112 3921 ἐκ
2155 3863 2404 3935 παγίδος
2445 3859 2588 3926 τοὺς
2638 3859 2829 3924 πόδας
2863 3872 3016 3925 μων
3065 3855 3197 3906 ποτέ
3249 3855 3330 3915 δέ,
3369 3847 3508 3904 Ἰδοὺ
3533 3844 3606 3907 ὡς

2044 3955 2335 4026 ὀφθαλμοί
2373 3953 2609 4006 δούλων
2641 3951 2728 4015 εἰς
2755 3947 2955 4018 χεῖρας
2992 3947 3112 3999 τῶν
3151 3945 3374 4014 κυρίων
3398 3935 3600 3996 αὐτῶν»

2042 4050 2124 4114 ὡς
2166 4045 2457 4117 ὀφθαλμοὶ
2502 4043 2825 4109 παιδίσκης
2861 4043 2949 4106 εἰς
2999 4037 3201 4108 χεῖρας
3253 4034 3361 4104 τῆς
3411 4029 3604 4098 κυρίας

2043 4136 2258 4206 αὐτῆςο
2301 4137 2490 4201 οὕτως
2531 4135 2586 4188 οἱ
2637 4131 2929 4201 ὀφθαλμοί
2979 4127 3149 4199 ἡμῶν
3201 4127 3354 4194 πρὸς
3398 4121 3604 4188 Κύριον

2043 4228 2151 4282 τὸν
2183 4227 2330 4280 Θεὸν
2354 4223 2540 4295 ἡμῶν.
2575 4222 2686 4276 Καὶ
2720 4223 2808 4274 ἵνα
2834 4220 2913 4292 τῷ
2941 4219 3182 4273 ἐλάττονι
3216 4212 3600 4288 παραδείγματι

2046 4319 2455 4390 σπουδαιότερον
2499 4313 2568 4369 τά
2617 4311 2841 4385 μείζονα
2885 4309 3183 4381 κατορθοῦν
3220 4307 3598 4380 φροντίσωμεν,

346 4393 548 4456 εοηηι
580 4400 908 4466 astantibus,
933 4401 1167 4457 etiamsi.
1196 4402 1306 4457 sint
1343 4404 1580 4473 aequales
1614 4421 1626 4456 :
1663 4404 1937 4474 quomodo

2043 4411 2274 4474 ἕκαστος
2329 4407 2505 4479 ἐαυτῷ
2556 4403 2854 4475 λογιζέσθω
2892 4403 2989 4475 (5),
3041 4399 3152 4466 οἷός
3197 4404 3345 4455 ἐστιν
3389 4394 3596 4450 ἐνώπιον

346 4492 582 4549 .studeat
625 4502 884 4564 praestare
933 4508 992 4549 se
1049 4494 1406 4565 inculpatum,
1450 4502 1566 4548 tum
1622 4496 1677 4549 in
1717 4495 1935 4561 stando,

346 4582 479 4640 tum
514 4587 569 4640 in
598 4587 944 4651 ambulando,
979 4595 1092 4641 tum
1125 4588 1179 4641 in
1214 4587 1481 4657 cujusque
1506 4589 1734 4643 membri
1763 4595 1938 4655 motu,

364 4688 479 4734 tum
531 4679 583 4734 in
625 4679 876 4736 dicendo.
906 4680 1374 4747 Quemadmodum
1401 4687 1582 4734 autem
1622 4681 1676 4734 in
1705 4679 1786 4736 eis
1817 4697 1940 4751 quae

361 4771 418 4825 in
471 4772 756 4827 hominum
808 4783 1164 4843 conspectum
1221 4774 1479 4836 veniunt,
1536 4774 1704 4830 decus
1751 4787 1938 4828 coram

363 4865 678 4921 hominibus
718 4871 906 4920 tenere
951 4865 1294 4936 satagimus:
1329 4865 1404 4919 ita
1453 4879 1705 4936 quoque,
1764 4865 1938 4919 multo
1970 4867 1993 4891 ⁶

363 4959 560 5028 magis,
599 4957 644 5012 si
674 4957 746 5013 sit
773 4957 936 5012 alicui
969 4973 1291 5028 persuasum
1333 4958 1536 5014 habere
1577 4972 1636 5013 se
1669 4964 1724 5013 et
1767 4955 1936 5012 Deum

363 5051 750 5121 inspectorem,
785 5049 878 5120 qui
912 5057 1192 5106 scrutatur
1220 5049 1385 5105 corda
1415 5064 1481 5104 ac
1509 5064 1693 5112 renes,
1716 5048 1938 5119 utscri-

2039 4501 2149 4555 τῶν
2197 4499 2499 4570 παρόντων,
2553 4495 2656 4550 κᾶν
2713 4494 2944 4566 ἰσότιμοι
2993 4495 3326 4566 τυγχάνωσι⁸
3386 4488 3496 4549 πῶς
3544 4481 3596 4535 τδ

2044 4591 2464 4660 ἀκατάγνωστον
2492 4587 2670 4658 ἐαυτῷ
2703 4586 2993 4650 σπουδάζει
3037 4585 3398 4658 κατορθῶσαι,
3432 4578 3519 4633 καὶ
3543 4575 3596 4625 ὲν

2044 4683 2252 4747 στάσει,
2289 4681 2383 4736 καὶ
2427 4682 2486 4734 ἐν
2532 4681 2836 4751 περιπάτῳ,
2879 4681 2974 4734 καὶ
3013 4679 3072 4732 ἐν
3119 4678 3375 4750 κινήματι
3417 4665 3595 4726 παντὸς

2045 4773 2262 4844 μέλους,
2291 4771 2387 4825 καὶ
2428 4773 2487 4825 ἐν
2524 4770 2816 4842 φθέγματι.
2864 4770 3076 4842 Ὠσπερ
3106 4770 3163 4824 δὲ
3209 4769 3278 4823 τὰ
3310 4759 3592 4834 ἀνθρώποις

2043 4863 2255 4936 φανερὰ
2280 4865 2412 4938 πρὸς
2439 4863 2759 4936 ἀνθρώπους
2791 4863 3085 4932 φυλάσσειν
3113 4863 3186 4934 (6)
3225 4855 3588 4924 σπουδάζομεν.

2043 4955 2186 5010 οὕτω
2234 4957 2328 5010 καὶ
2374 4957 2510 5011 πολὺ
2557 4956 2739 5020 πλέον,
2781 4957 2875 5009 ἐάν
2912 4973 2995 5019 τις
3033 4955 3125 5008 τὸν
3167 4955 3297 5008 Θεὸν
3339 4949 3586 5018 πληροφο-

2045 5048 2184 5120 ρηθῇ
2217 5047 2360 5120 ἔχειν
2393 5049 2656 5119 ἐπόπτην,
2685 5045 2945 5112 ἐτάζοντα
2991 5046 3218 5118 καρδίας
3246 5043 3336 5099 καὶ
3359 5034 3586 5108 νεφροὺς,

433 5207 479 5239 ⁸⁸
517 5205 539 5260 1
567 5206 696 5263 Cor.
729 5222 821 5270 ιι,
865 5205 956 5260 22.
1031 5207 1078 5238 "
1105 5204 1252 5261 Psal.
1282 5221 1371 5271 xv,
1396 5204 1451 5258 8.
1494 5203 1540 5236 ⁶⁰
1571 5201 1716 5259 Psal.
1751 5217 1896 5267 “Iv,
1931 5205 1939 5257 ‘.

2098 5201 2140 5234 ⁸⁸
2177 5199 2327 5256 Psal.
2379 5214 2554 5268 cxx",
2586 5199 2640 5255 2.

435 5362 513 5436 (2)
555 5362 700 5418 Editi
748 5370 804 5418 et
839 5373 952 5419 tres
992 5377 1128 5418 mss.
1177 5360 1391 5433 πρῶτον
1441 5360 1559 5431 μὲν,
1592 5360 1696 5414 ὅτι.
1731 5355 1934 5411 Vocem

435 5435 804 5480 Ldelevimns-
848 5434 1006 5480 ﬁdem
1062 5432 1226 5480 unius
1294 5430 1502 5480 codicis
1567 5429 1761 5480 secuti.
1811 5427 1933 5480 Mox

2043 5354 2177 5409 Editi
2208 5355 2328 5480 Erat
2356 5353 2520 5409 κατά.

2105 5425 2182 5480 (ὅ)
2263 5425 2404 5480 odex
2432 5425 2520 5479 Col

363 5427 454 5490 δτι
484 5427 805 5495 delevimus,
848 5434 1007 5489 (idem
1062 5427 1234 5487 unius
1294 5427 1502 5485 codicis
1567 5429 1761 5483 secuti.
1811 5427 1933 5480 Mox

363 5505 519 5558 Coll).
553 5505 731 5558 κοινοῦ
762 5504 1213 5576 προσενεχθῆναι.
1250 5501 1490 5556 Subinde
1520 5501 1661 5554 alius
1694 5514 1796 5553 ms.
1826 5497 1936 5551 τῶν

366 5576 867 5645 προσενεγκάντων.

437 5645 516 5712 (5)
547 5640 734 5714 Codex
762 5645 918 5700 Colb.
947 5643 1010 5696 τὸ
1042 5643 1310 5714 μηδέποτε
1345 5640 1616 5714 δέχεσθαι.

441 5662 516 5712 ιο)
549 5662 734 5699 bouex
762 5662 918 5700 com.
947 5662 1010 5696 το
1042 5663 1080 5714 μ
1119 5662 1310 5696 οεποτε
1345 5662 1616 5710 οεχεσυαι.

441 5715 516 5786 (-5)
546 5712 702 5772 Unus
726 5733 826 5771 ms.
863 5717 909 5766 si
937 5716 1063 5786 χρή.
1084 5662 1217 5767 ἲλιοι
1254 5711 1385 5782 Reg.
1412 5709 1684 5766 secundus
1711 5707 1742 5778 ἢ
1772 5707 1931 5762 κατά.

2127 5425 2182 5494 5)
2217 5423 2404 5480 Codex
2432 5424 2590 5495 CQIb.
2620 5423 2797 5495 ἐαυτῷ
2829 5424 3156 5494 λογισάσθω.
3337 5489 3349 5495 _
3405 5487 3416 5495 _
3458 5481 3478 5495 η
3535 5475 3544 5490 ,

2127 5425 2182 5494 5)
2217 5425 2404 5480 Codex
2432 5425 2590 5480 Colb.
2620 5425 2797 5495 ἐαυτῷ
2829 5425 3156 5494 λογισάσθω.
3535 5475 3544 5490 ,

2103 5425 2181 5565 26)
2219 5495 2362 5549 Editi
2387 5503 2442 5550 et
2485 5493 2618 5564 Reg.
2662 5496 2942 5552 secundus
2992 5494 3277 5565 Ὢσπερδὲ
3297 5489 3360 5544 τὰ
3393 5481 3576 5565 cit/99f"):

2033 5557 2473 5644 ποίςφυλάσσειν
2495 5557 2909 5644 σπουδάζομεν.
2948 5566 3053 5620 Alii
3101 5557 3212 5644 dub
3248 5577 3372 5638 mss:

2041 5628 2202 5709 Voss;
2223 5645 2281 5690 ut
2304 5637 2664 5709 incontextu.
2690 5628 2984 5708 Aliquanto
3007 5644 3130 5706 post
3146 5633 3275 5706 Reg.
3299 5628 3487 5702 primus
3509 5628 3558 5676 ες

2035 5707 2312 5769 ετάζοντα.
