4018 6226
392 275 534 330 1505
1689 269 1744 324 S.
1785 266 2030 322 BASlLll
2070 263 2284 321 MAGNI
3475 262 3595 319 1305

386 393 634 465 praecipit
653 409 667 445 :
688 391 1011 464 Mortiﬁcate
1039 409 1164 464 ergo
1203 392 1436 447 membra
1474 400 1666 457 vestra,
1692 406 1809 460 qua:
1840 400 1954 445 sum

2062 390 2192 442 ποτὲ
2242 388 2299 441 δέ
2353 385 2744 459 παραγγείλας,
2800 383 3151 454 Νεκρώσατε
3201 379 3314 439 οὖν
3356 381 3425 436 τὰ
3459 356 3595 453 έιέλη

386 500 545 553 super
586 493 805 549 terram,
850 486 1290 554 fornicationem,
1324 482 1736 547 immunditiam,
1786 482 1954 536 tibidi«

2062 480 2231 551 ὑμῶν
2252 480 2326 535 τὰ
2350 481 2449 535 ἐπὶ
2474 480 2584 550 τῆς
2606 479 2740 551 γῆς,
2765 480 3067 549 πορνείαν,
3093 478 3473 545 ἀκαθαρσίαν,
3499 477 3598 531 πά-

386 592 526 639 nem,
562 577 1035 645 concupiscentiam
1067 577 1287 643 malam,
1330 584 1381 631 et
1411 577 1708 642 avaritiam,
1733 591 1851 645 qua:
1885 584 1954 629 est

2063 576 2187 640 θος,
2220 573 2537 642 ἐπιθυμίαν
2571 571 2784 641 κακὴν,
2818 570 2915 625 καί
2951 569 3067 638 τὴν
3091 568 3457 632 πλεονεξίαν,
3485 567 3599 634 ἣτις

2060 662 2235 717 ἐστίν
2284 661 2756 729 είδιιλίολατρεία,
2794 659 2869 713 δι’
2903 657 2943 712 d
2986 660 3215 727 ἔρχεται
3253 659 3292 726 ὴ
3338 657 3472 726 ὀργὴ
3508 657 3601 710 τοῦ

2064 752 2212 807 Θεοῦ
2235 752 2334 805 ἐπὶ
2360 750 2502 818 τοὺς
2528 749 2697 816 υἱοὺς
2739 747 2849 818 τῆς
2878 748 3181 814 ἀπειθείας
3198 761 3213 775 ·
3250 747 3379 801 ποτέ
3409 746 3462 799 δὲ
3491 748 3601 817 ὅρον

2062 842 2353 914 ἐκθέμενος
2393 845 2451 896 ἐν
2492 842 2570 913 τῷ
2605 843 2804 895 εἰπεῖν’
2860 843 2927 897 Οἱ
2978 839 3047 893 δὲ
3082 839 3188 893 τοῦ
3233 836 3481 905 Χριστοῦ
3506 837 3601 907 (Li)

2061 933 2176 1002 τὴν
2201 933 2396 1003 σάρκα
2424 933 2814 1002 ἐσταύρωσαν
2852 931 2974 986 σὺν
3021 929 3146 996 τοῖς
3166 927 3489 997 -παθήμασι
3518 929 3600 980 καὶ

2060 1024 2189 1091 ταῖς
2223 1024 2579 1093 ἐπιθυμίαις.
2625 1022 2767 1091 Ἐγὼ
2799 1022 2857 1077 δὲ
2878 1022 3068 1092 ἔγνων,
3109 1022 3193 1074 ὅτι
3219 1019 3388 1072 ταῦτα.
3409 1035 3600 1088 κατωρ-

2061 1116 2206 1189 θὼθη
2243 1116 2478 1188 Χριστοῦ
2520 1116 2700 1187 χάριτι
2747 1116 2857 1186 (15)
2905 1115 3002 1168 καὶ
3060 1117 3117 1168 ἐν
3166 1111 3388 1184 ἀνδράσι
3433 1111 3519 1164 καὶ
3556 1110 3603 1161 ἐν

2058 1209 2272 1277 γυναιξὶ
2306 1210 2484 1261 πίστει
2523 1210 2588 1279 τῇ
2631 1210 2713 1271 εἰς
2742 1206 2833 1260 τὸν
2864 1206 3067 1278 Κύριον
3115 1204 3331 1274 γνησίᾳ.
3363 1202 3434 1254 Τὸ
3470 1200 3523 1254 δέ
3556 1201 3595 1251 ὲ·

2058 1296 2365 1369 ἀκαθαρσίᾳ.
2390 1296 2520 1350 ὄντα
2545 1296 2666 1350 τινὰ
2692 1296 2930 1364 ἐγγίζειν
2959 1297 3071 1358 τοῖς
3101 1293 3275 1361 ἁγίοις
3307 1290 3401 1344 καὶ
3441 1290 3501 1341 ἐκ
3521 1286 3582 1358 τῆ

2058 1390 2297 1454 Παλαιᾶς
2312 1389 2585 1460 Διαθήκης
2603 1386 2972 1459 φοϐερώτερον
2986 1382 3344 1453 διδασκόμεθα
3358 1379 3417 1433 τὸ
3431 1380 3573 1451 κρῖμι

2056 1483 2122 1535 Et
2158 1482 2215 1536 δὲ
2262 1482 2441 1535 πλεῖον
2483 1479 2578 1534 τοῦ
2620 1479 2765 1549 ίεροῦ
2817 1473 2941 1543 ὧδε,
2989 1474 3359 1548 φοϐερώτερον
3390 1468 3561 1525 δηλονό

386 666 793 721 simulacrorum
846 669 1066 722 servitus
1100 683 1121 723 :
1150 678 1362 738 propter
1406 683 1522 738 qua
1568 667 1704 720 venit
1745 666 1828 719 ira
1865 664 1964 718 Dei

387 773 544 826 super
586 758 729 828 ﬁlios
775 758 1165 814 incredulitatis
1220 760 1284 812 ⁸⁸.
1347 758 1748 828 Nonnunquam
1798 757 1961 811 etiam

384 850 627 920 regulam
652 850 957 920 proposuit,
983 851 1068 905 his
1088 851 1266 906 verbis
1296 869 1308 906 :
1336 850 1440 918 Qui
1465 859 1640 904 autem
1658 859 1779 904 sunt
1804 848 1962 904 Chri-

384 943 475 1003 sti,
531 959 744 997 carnem
791 959 943 997 suam
984 944 1360 1012 cruciﬁxerunt
1399 960 1517 996 cum
1549 943 1691 996 vitiis
1740 950 1790 996 et
1830 959 1959 996 con-

384 1034 719 1103 cupiscentiis
745 1036 811 1089 "'.
848 1035 957 1106 Ego
1005 1043 1185 1089 autem
1226 1036 1349 1090 novi
1392 1035 1507 1091 haec
1552 1035 1755 1091 Christi
1784 1036 1960 1105 gratia

385 1124 656 1195 completa
693 1125 864 1181 fuisse
893 1137 1006 1180 tum
1058 1127 1112 1179 in
1162 1126 1297 1182 viris
1347 1130 1463 1182 tum
1506 1127 1563 1181 in
1592 1126 1811 1182 feminis
1862 1143 1962 1197 per

385 1217 679 1285 genuinam
728 1218 785 1272 in
833 1217 1121 1273 Dominum
1182 1218 1367 1273 ﬁdem.
1403 1217 1575 1284 Quam
1623 1228 1803 1273 autem
1846 1234 1960 1275 me-

383 1308 647 1362 tuendum
688 1308 761 1363 sit
797 1309 1056 1376 iudicium
1101 1309 1485 1380 proferendum
1518 1311 1573 1365 in
1596 1326 1745 1373 eum,
1775 1310 1868 1381 qui
1901 1311 1955 1364 in

381 1394 730 1451 immunditia
758 1397 961 1469 degens
1008 1397 1075 1452 ad
1123 1407 1313 1455 sancta
1355 1400 1657 1466 accederet,
1691 1400 1956 1456 discimus

381 1485 550 1539 etiam
611 1503 678 1542 ex
747 1486 930 1544 Veteri
980 1488 1351 1546 Testamento.
1409 1490 1564 1557 Quod
1606 1491 1651 1547 si
1721 1492 1956 1562 amplius

383 1576 588 1645 templo
628 1575 717 1632 hic
752 1585 838 1634 est
875 1579 942 1641 ⁷⁸,
971 1593 1075 1634 nos
1114 1579 1302 1650 utique
1342 1582 1507 1636 modo
1556 1581 1730 1652 magis
1765 1582 1954 1637 formi-

2057 1573 2337 1626 παιδεύσει
2390 1571 2537 1641 ἡμᾶς
2583 1571 2613 1623 ὁ
2663 1568 2981 1632 ’Δπόστολος
3036 1564 3243 1619 εἰπών·
3293 1563 3354 1615 '0
3411 1563 3576 1613 εσθίω

381 1664 564 1719 dando
597 1665 814 1723 docebit
862 1669 1174 1738 Apostolus,
1222 1669 1316 1740 qui
1367 1671 1610 1727 dixerit:
1653 1672 1759 1739 Qui
1805 1690 1954 1727 man-

2057 1664 2154 1718 καί
2193 1664 2384 1718 πίνων
2423 1661 2702 1730 ἀναξίως,
2744 1660 2922 1730 κρῖμα
2952 1656 3142 1722 ἑαυτῷ
3180 1654 3366 1710 ἐσθίει
3396 1669 3491 1705 και
3524 1665 3608 1701 πι-

381 1754 543 1809 ducat
587 1767 637 1811 et
679 1757 808 1812 bibit
844 1760 1076 1830 indigne,
1125 1762 1392 1830 judicium
1446 1763 1548 1817 sibi
1590 1762 1873 1817 manducat
1912 1772 1963 1818 et
1993 1760 2037 1815 B
2062 1773 2176 1811 νει.

383 1846 514 1899 bibit
542 1848 610 1901 ".

794 1961 1315 2020 INTERROGATIO
1348 1964 1541 2021 CCCX.

2610 1975 2944 2031 ΕΡΩΤΗΣῙΣ
2971 1974 3065 2035 Tl'.

383 2072 640 2146 Nunquid
668 2077 725 2131 in
754 2079 1018 2132 communi
1060 2078 1216 2133 domo
1242 2078 1575 2134 Dominicam
1610 2097 1810 2136 caenam
1832 2098 1954 2136 con-

926 2149 1100 2202 veniat
1132 2149 1412 2203 celebrari.

2057 2092 2121 2145 Εί
2134 2090 2251 2162 χρὴ
2267 2094 2353 2158 εἰς
2370 2092 2574 2146 κοινὸν
2594 2089 2763 2146 οἷκον
2776 2089 3189 2161 προσκομιὸἡν
3208 2092 3471 2161 τίνεσθαι
3489 2091 3603 2163 (16).

964 2259 1371 2318 RESPONSIO.

454 2370 926 2437 Quemadmodum
961 2372 1246 2446 Scriptura
1276 2375 1487 2431 nullum
1529 2391 1625 2432 vas
1671 2391 1957 2432 commune

378 2464 644 2532 permittit
686 2463 890 2521 deferri
940 2466 994 2520 in
1045 2475 1255 2532 sancta,
1302 2468 1378 2522 ita
1426 2483 1604 2539 neque
1651 2477 1842 2524 sancta
1900 2470 1956 2523 in

378 2555 657 2609 communi
694 2556 858 2612 domo
892 2559 1099 2627 perﬁci,
1139 2575 1267 2615 cum
1312 2576 1381 2616 ex
1422 2558 1520 2616 Dei
1560 2560 1723 2630 jussu
1764 2559 1958 2616 Testa-

379 2655 623 2701 mentum
652 2645 823 2704 Vetus
851 2650 1150 2720 quidquam
1180 2651 1449 2723 ejusmodi
1479 2652 1594 2708 ﬁeri
1627 2663 1811 2723 aperte
1843 2669 1958 2709 non

379 2736 547 2792 sinat.
578 2738 715 2794 Cum
745 2747 925 2796 autem
959 2741 1219 2798 Dominus
1246 2743 1392 2798 dicat
1423 2762 1436 2797 :
1464 2742 1597 2798 Plus
1634 2760 1792 2815 quam
1831 2753 1959 2799 tem-

377 2828 525 2897 plum
553 2838 633 2886 est
660 2832 744 2885 hic
767 2833 814 2864 ⁷³
837 2851 853 2900 ;
884 2833 1183 2903 Apostolus
1206 2835 1333 2889 item
1362 2852 1377 2889 :
1407 2833 1662 2906 Nunquid
1695 2837 1834 2890 enim
1860 2839 1957 2891 do-

378 2936 492 2974 mos
540 2938 645 2976 non
690 2922 892 2978 habetis
944 2925 1013 2978 ad
1067 2925 1492 2980 manducandum
1544 2935 1596 2979 et
1638 2924 1957 2983 bibendum?

381 3010 523 3076 Quid
558 3012 734 3067 dicam
766 3014 951 3072 vobis?
978 3017 1207 3071 laudabo
1230 3020 1360 3073 uos?
1398 3016 1460 3072 In
1492 3018 1587 3071 hoc
1618 3034 1719 3071 non
1754 3018 1914 3073 laudo
1934 3034 1955 3072 .'

2652 2266 3039 2322 ΑΠΟΚΡῙΣΙΣ.

2129 2378 2340 2450 Ὥσπερ
2380 2380 2533 2434 οὐδὲν
2583 2379 2761 2434 κοινὸν
2814 2379 3007 2444 σκεῦος
3060 2381 3346 2452 ἐπιτρέπει
3382 2382 3410 2434 ὁ
3457 2381 3608 2448 Λόγος

2057 2470 2406 2541 εἰσφέρεσθαι
2466 2474 2547 2535 εἰς
2588 2471 2657 2525 τὰ
2707 2472 2858 2541 ἆγια,
2891 2473 3064 2537 οὕτως
3113 2473 3236 2527 οὐδὲ
3268 2473 3339 2526 τὰ
3384 2474 3507 2542 am
3540 2474 3610 2535 είς

2056 2560 2233 2614 κοινὸν
2281 2557 2426 2615 οἷκον
2477 2562 2867 2627 ἐπιτελεῖσθαι,
2914 2564 3014 2635 τῆς
3072 2564 3315 2628 Παλαιᾶς
3359 2564 3611 2635 Διαθήκης

2057 2653 2305 2724 φανερῶς
2331 2653 2711 2725 προστάγματι
2747 2655 2881 2708 Θεοῦ
2920 2656 3085 2727 μηδὲν
3121 2656 3365 2709 τοιοῦτον
3413 2657 3611 2727 ἐπιτρε-

2058 2743 2264 2814 πούσης
2280 2744 2522 2812 γίνεσθαι
2541 2763 2554 2775 ·
2582 2746 2675 2799 τοῦ
2694 2746 2749 2800 δὲ
2769 2747 2878 2817 (17)
2896 2745 3097 2818 Κυρίου
3118 2745 3389 2815 λέγοντος·
3414 2746 3612 2800 [Maior

2055 2832 2160 2887 τοῦ
2209 2833 2368 2902 lepor”)
2401 2827 2548 2888 ὦδε’
2584 2836 2679 2889 καὶ
2718 2834 2812 2888 τοῦ
2853 2834 3172 2888 Ἀποστόλου
3216 2834 3487 2903 λέγοντος·
3525 2830 3610 2899 Μὴ

2055 2924 2165 2992 γὰρ
2196 2925 2387 2991 οίκίας
2417 2927 2529 2980 οὐκ
2565 2924 2733 2995 ἔχετε
2786 2927 2873 2991 είς
2906 2924 2971 2978 τὸ
3003 2925 3233 2979 ἐσθίειν
3265 2925 3363 2980 καὶ
3402 2924 3612 2982 «lustr;

2062 3016 2124 3070 Τί
2143 3016 2289 3069 εἴπω
2304 3016 2484 3086 ὐμῒν;
2513 3016 2809 3071 ἐπαινέσω
2830 3014 2985 3086 ὑμᾶς
3002 3015 3113 3087 (18)
3136 3033 3150 3082 ;
3178 3018 3278 3070 Ἑν
3307 3016 3489 3081 τούτῳ
3514 3015 3611 3067 οὐκ

379 3119 470 3173 ego
513 3106 653 3158 enim
685 3107 882 3161 tradidi
907 3108 1049 3163 vobis
1081 3109 1218 3180 quod
1256 3119 1304 3163 et
1345 3110 1518 3179 accepi
1546 3110 1615 3175 ”,
1644 3120 1750 3165 etc.
1783 3130 1796 3165 :
1827 3112 1954 3167 hinc

2057 3106 2305 3160 ἐπαινῶ’
2341 3107 2456 3178 ἐγὼ
2485 3108 2595 3177 γὰρ
2628 3106 2940 3177 παρέδωκα
2972 3107 3115 3177 ὑμῖν
3154 3107 3185 3161 ὅ
3224 3107 3324 3162 καί
3371 3105 3612 3175 παρέλα-

379 3195 663 3250 erudimur
700 3212 811 3252 non
856 3196 1073 3265 debere,
1124 3215 1302 3271 neque
1342 3216 1688 3257 communem
1737 3217 1954 3257 caenam

2057 3201 2183 3262 ϐον,
2213 3200 2395 3253 καὶτὰ
2417 3198 2563 3270 ἑξῆς.
2608 3199 2700 3265 Ἐξ
2732 3193 2806 3254 ὧν
2832 3199 3201 3271 παιδευόμεθα
3236 3202 3373 3273 μήτε
3418 3199 3475 3252 τὸ
3513 3214 3603 3250 κοι-

380 3285 436 3339 in
483 3286 715 3344 ecclesia
766 3288 928 3345 edere
975 3298 1071 3345 aut
1115 3290 1336 3355 bibere,
1385 3307 1564 3362 neque
1615 3291 1954 3348 Dominicam

2057 3290 2146 3342 νὸν
2173 3289 2388 3345 δεῖπνον
2430 3293 2487 3345 ἐν
2516 3291 2781 3362 ἐκκλησίᾳ.
2812 3290 3009 3344 ἐσθίειν
3042 3292 3137 3345 καὶ
3180 3292 3374 3357 πίνειν,
3411 3293 3538 3361 μήτε
3560 3288 3614 3340 τὸ

381 3392 595 3433 cmnam
649 3375 704 3434 in
747 3380 909 3437 domo
941 3383 1272 3437 contumelia
1314 3382 1548 3453 allicere,
1594 3393 1953 3456 praeterquam

2057 3381 2331 3451 κυριακὸν
2361 3381 2573 3435 δεῖπνον
2602 3383 2658 3435 ἐν
2688 3380 2833 3453 οἰκίᾳ
2875 3380 3247 3454 καθυϐρίζειν,
3284 3382 3435 3445 ἐκτὸς
3464 3382 3509 3433 εί
3546 3381 3612 3450 μὴ

380 3471 429 3526 si
482 3472 626 3540 quis,
683 3473 1014 3531 necessitate
1058 3482 1310 3546 cogente,
1365 3477 1545 3531 locum
1593 3486 1686 3531 aut
1731 3478 1953 3533 domum

2057 3472 2115 3525 ἐν
2146 3471 2358 3543 ἀνάγκῃ
2418 3471 2730 3543 ἐπιλέξηταί
2782 3489 2867 3537 τις
2917 3472 3304 3546 καθαρώτερον
3357 3474 3534 3534 τόπον,
3580 3469 3609 3540 ἢ

382 3561 662 3631 puriorem
690 3563 953 3635 delegerit
983 3564 1037 3619 in
1073 3573 1316 3635 tempore
1348 3574 1675 3637 Opportune.

2057 3563 2200 3619 οἷκον
2232 3566 2291 3619 ἐν
2320 3563 2495 3635 καιρῷ
2526 3563 2731 3636 εὐθέτῳ

690 3674 855 3749 526
883 3675 1398 3734 INTERROGATIO
1421 3677 1650 3735 CCCXL

2588 3676 2923 3731 ΕΡΩΤΗΣΙΣ
2958 3678 3103 3731 TIA'.

385 3787 574 3845 Utrum
612 3792 786 3861 rogati
826 3790 892 3845 ab
929 3792 1214 3863 aliquibus,
1258 3810 1346 3849 eos
1394 3794 1613 3848 invisere
1652 3793 1951 3847 deoeamus.

2057 3791 2116 3843 Εί
2150 3788 2265 3859 χρὴ
2288 3792 2374 3855 είς
2405 3789 2728 3860 ἐπίσκεψιν
2756 3789 2868 3862 (19)
2896 3790 3256 3871 ἀπέρχεσθαι
3289 3787 3610 3857 ἐπιζητούν-

2666 3877 2784 3914 των
2814 3878 3013 3914 τινων.

971 3970 1380 4029 RESPONSIO.

454 4084 688 4140 Visitare
710 4084 929 4156 quidem
970 4100 1059 4141 res
1081 4094 1164 4141 est
1196 4085 1308 4142 Deo
1333 4094 1487 4158 grata
1511 4105 1524 4141 :
1560 4086 1656 4141 sed
1684 4101 1831 4149 eum,
1859 4085 1951 4155 qui

380 4175 588 4241 visitat,
623 4184 837 4245 oportet
873 4190 999 4230 esse
1043 4174 1348 4230 auditorem
1384 4176 1728 4246 prudentem,
1773 4182 1827 4231 et
1865 4190 1956 4230 sa-

383 4267 621 4338 pientem
668 4267 723 4320 in
752 4266 1226 4336 responsionibus,
1257 4266 1331 4320 ita
1379 4277 1438 4320 ut
1474 4266 1636 4320 faciat
1677 4266 1824 4335 quod
1870 4265 1955 4318 di-

382 4366 530 4412 ctum
581 4364 705 4413 est:
733 4357 917 4413 Sermo
954 4366 1117 4413 vester
1146 4359 1202 4411 in
1233 4357 1407 4428 gratia
1443 4357 1551 4411 sale
1581 4358 1649 4410 sit
1686 4356 1948 4421 conditus,

2645 3975 3036 4030 ΑΠΟΚΡΙΣΙΣ.

2124 4084 2198 4137 Τὸ
2252 4086 2351 4156 μὲν
2398 4086 2823 4142 ἐπισκέπτεσθαι
2874 4086 3103 4160 ἀρεστὸν
3143 4084 3264 4155 Θεῷ
3289 4103 3303 4116 ·
3342 4085 3421 4138 δεῖ
3450 4083 3503 4136 δὲ
3530 4081 3610 4134 τὸν

2053 4178 2513 4249 ἐπισκεπτόμενον
2543 4178 2761 4231 συνετὸν
2793 4173 2932 4231 εἶναι
2976 4177 3269 4250 ἀκροατὴν,
3303 4176 3396 4230 καὶ
3440 4173 3609 4246 φρόνι-

2056 4286 2155 4339 μον
2192 4272 2250 4323 ἐν
2293 4273 2414 4333 ταῖς
2465 4270 2811 4341 ἀποκρίσεσι,
2850 4268 3161 4340 πληροῦντα
3205 4268 3268 4320 τὸ
3306 4265 3606 4338 εἰρημένον·

2056 4360 2253 4414 Ἔστω
2280 4364 2314 4415 ὁ
2345 4364 2527 4431 λόγος
2546 4360 2713 4431 ὑμῶν
2737 4362 2807 4415 ἐν
2842 4360 3034 4430 χάριτι
3058 4359 3231 4415 ἅλατι
3275 4356 3606 4426 ἠρτυμένος,

380 4460 439 4506 stt
468 4450 651 4506 sciatis
679 4449 939 4521 quomodo
967 4459 1201 4520 oporteat
1230 4450 1507 4519 unicuique
1535 4447 1844 4517 respondere
1865 4448 1942 4500 .".

2057 4452 2269 4508 ειδέναι
2298 4453 2424 4519 πῶς
2453 4454 2551 4509 δεῖ
2579 4454 2670 4508 ἐνὶ
2709 4454 2945 4520 ἑκάστῳ
2991 4454 3436 4521 ἀποκρίνεσθαι.
3469 4449 3536 4501 Τὸ
3557 4446 3608 4500 δὲ

380 4540 518 4597 Illud
546 4549 750 4605 autem,
778 4541 1084 4613 quempiam
1123 4541 1302 4596 visere
1330 4539 1415 4594 vel
1459 4537 1949 4609 consanguinitatis

381 4635 465 4691 vel
504 4634 761 4689 amicitiae
802 4648 970 4689 causa
1033 4633 1268 4688 alienum
1318 4640 1404 4688 est
1440 4646 1471 4685 a
1512 4637 1703 4687 nostra
1734 4629 1949 4700 profes-

381 4740 554 4781 snone.

449 4884 496 4915 "
544 4881 664 4937 Col.
700 4896 785 4944 ιιι,
832 4879 889 4944 5,
921 4879 977 4934 6.
1078 4880 1123 4912 "°
1156 4878 1333 4933 Galat.
1363 4893 1414 4943 v,
1445 4875 1538 4931 24.

380 4969 458 5018 ιιι,
490 4952 584 5016 22,
618 4951 712 5006 25.
784 4951 829 4983 ⁷⁸
857 4948 1068 5005 Coluss.
1104 4964 1180 5014 Iv,
1210 4948 1266 5004 6.

454 5104 732 5195 ς
749 5104 1054 5195 prirnpqul
1070 5098 1509 5195 bs‘goﬁ'ﬁptcsoﬁ
1535 5098 1735 5171 Ἰησοῦ.
1762 5098 1953 5184 Codex

454 5120 568 5173 tu)
600 5120 732 5228 “ea?
749 5120 962 5195 primus
984 5120 1046 5157 Ut
1070 5120 1127 5155 οε
1149 5120 1509 5181 τουςλιριστου
1553 5120 1735 5171 manu.
1762 5120 1819 5184 ut

380 5176 637 5249 (2011).οί
725 5244 736 5249 _
769 5177 927 5249 Ιησου
952 5176 1209 5249 Χριστου.
1388 5240 1410 5249 _
1437 5239 1449 5249 _
1468 5239 1491 5249 _
1578 5238 1612 5249 Α
1680 5238 1708 5249 _
1793 5237 1805 5249 .

456 5245 569 5317 (15)
612 5237 837 5314 Διιιίαυῖ
875 5237 1148 5317 μεεἸίὺιί
1196 5239 1532 5317 κατωρθὼοη
1574 5238 1710 5292 Θεοῦ
1743 5237 1949 5317 χάριτι.

456 5257 569 5317 (15)
612 5257 837 5314 Αιιιιίιιιι
876 5257 987 5299 tres
1025 5257 1148 5296 non
1196 5257 1532 5362 κατωρθωυὲ
1574 5257 1710 5292 σεου
1743 5257 1949 5308 χαριτι.

384 5317 691 5386 Aliquanto,
710 5324 832 5386 post
858 5314 975 5386 duo
994 5327 1128 5386 mss.
1158 5326 1284 5366 cum
1311 5310 1468 5366 Voss.
1532 5327 1630 5363 ντα
1654 5309 1796 5363 τινά.
1835 5305 1949 5361 Vox

383 5383 794 5459 stvdinhedi'tis
825 5383 1180 5459 n_on_legill_lr.
1324 5450 1338 5459 ,
1420 5458 1425 5459 ί
1525 5457 1532 5459 Α
1679 5448 1690 5459 ,
1909 5446 1921 5456 .

458 5456 569 5527 (l6)
601 5455 830 5511 Duc-.eus
858 5455 913 5509 in
936 5450 1080 5527 hunc
1107 5453 1285 5505 locum
1307 5450 1474 5527 docte
1487 5457 1541 5503 et
1573 5450 1791 5527 copiose
1816 5450 1953 5527 scri-

385 5517 512 5596 psit.
532 5517 689 5580 Certe
713 5527 758 5581 si
791 5531 994 5579 attente
1022 5523 1271 5592 legantur
1288 5535 1411 5591 qua:
1438 5517 1653 5596 Regula,
1668 5517 1950 5596 superiore

386 5587 530 5649 (lit-ta
578 5603 726 5656 sunt,
765 5587 1258 5663 comparenturque
1307 5587 1439 5663 cum
1472 5587 1546 5663 iis
1578 5604 1699 5657 qum
1733 5589 1821 5641 hic
1876 5587 1950 5639 le-

387 5675 608 5735 guntur,
643 5681 801 5720 nemo
833 5659 1102 5718 dubitabit
1141 5659 1272 5733 quin
1321 5661 1426 5715 hoc
1472 5659 1592 5714 loco
1643 5673 1946 5729 προσκομι-

1639 4876 1681 4909 ⁷¹
1719 4874 1911 4931 Matth.
1945 4891 2050 4945 xu,
2084 4875 2140 4932 6.
2210 4875 2298 4929 "l
2330 4876 2458 4932 Cor.
2493 4893 2572 4942 ιι,
2596 4876 2689 4932 29.

2055 4542 2211 4614 ἢδιὰ
2244 4545 2561 4613 συγγένειαν
2607 4544 2640 4614 ἢ
2682 4544 2769 4598 διὰ
2810 4544 2991 4613 φιλίαν
3039 4541 3326 4612 ἐπίσκεψιν
3358 4538 3608 4594 ποιεῖσθαι

2056 4634 2333 4705 ἀλλότριον
2360 4634 2453 4688 τοῦ
2485 4634 2752 4706 ἡμετέρου
2784 4632 3212 4703 ἐπαγγέλματος.

2795 4877 2840 4909 ⁷³
2870 4875 3059 4930 Matth.
3084 4889 3182 4940 xu,
3209 4874 3263 4930 6.
3365 4873 3411 4905 "
3442 4871 3459 4924 Ι
3487 4871 3605 4926 Cor.

2055 5097 2397 5169 bﬁgnomine
2413 5094 2744 5169 sacriﬁcium
2774 5094 3021 5164 corporis
3040 5094 3243 5169 Christi
3268 5096 3602 5169 intelligatut‘.

2124 5167 2235 5289 (I72
2276 5165 2485 5248 Vocula
2515 5164 2573 5218 δέ
2603 5164 2789 5218 addita
2815 5161 2899 5218 est
2932 5180 2998 5218 ex
3027 5167 3269 5246 antiquis
3305 5161 3514 5247 duobus
3544 5161 3604 5214 li-

2126 5252 2193 5289 IS.
2236 5237 2415 5289 bidem
2438 5235 2621 5289 Codex
2644 5233 2798 5287 Colb.
2826 5233 3023 5287 πλείων
3051 5253 3165 5289 του.
3196 5237 3314 5289 Mox
3338 5236 3473 5289 Idem
3500 5247 3593 5286 ms.

2055 5233 2193 5292 bris.
2213 5233 2415 5291 Ibidem
2438 5235 2621 5289 Codex
2644 5233 2798 5287 Colb.
2826 5233 3023 5287 πλείων
3051 5233 3175 5289 τοῦ.
3196 5237 3314 5290 Mox
3338 5236 3473 5291 idem
3500 5247 3593 5286 ms.

2054 5306 2379 5360 Ἀποστόλου
2426 5303 2803 5368 ἐγκαλοῦντος,
2847 5320 3066 5374 cumque
3108 5306 3388 5376 Apostolus
3428 5305 3603 5357 redar-

2087 5386 2199 5431 uat.

2053 5394 2236 5517 θυῗίθ)
2263 5445 2487 5517 Veteres
2515 5442 2901 5517 quatuorubri
2935 5445 3206 5517 ἐπαινέσω
3233 5446 3375 5517 ὑμᾶς
3399 5444 3454 5497 ἐν
3489 5457 3603 5494 rou-

2052 5510 2163 5588 τιρ’;
2198 5510 2423 5588 laudabo
2446 5510 2608 5588 ros—in
2631 5514 2726 5588 hoc
2745 5510 2849 5588 ?AN
2854 5530 2920 5567 on
2945 5513 3123 5588 laudo.

2125 5587 2237 5659 (19)
2266 5585 2395 5657 Reg.
2428 5585 2638 5655 primus
2666 5584 2748 5647 είς
2771 5583 3109 5655 ἐπισκέψεις.
