4018 6226
262 303 398 360 ιδοδ
501 377 504 380 _

243 495 327 572 Et
370 515 484 584 χρὴ
528 515 671 580 τοὺς
706 515 1263 590 ἐπισκεπτομένους
1297 518 1553 585 λατκοὺς
1589 522 1836 590 προτρέ-

758 589 974 638 πεσθαι
1008 589 1094 652 εἰς
1116 586 1326 655 εὐχήν.

854 701 1246 756 ΑΠΟΚΡΙΣΙΣ.

333 793 394 847 Et
420 791 561 861 φίλοι
583 791 689 844 εἰσὶ⁸
711 790 870 855 Θεοῦ,
893 791 1204 855 ἀκόλουθον,
1228 792 1320 846 τοῦ
1362 794 1685 848 Ἀποστὸλου
1705 796 1840 867 γρά-

259 885 454 954 ψαντος
496 885 695 947 αὐτοῖς·
745 883 1160 961 Προσεύχεσθε
1206 885 1305 938 καὶ
1347 887 1479 954 περὶ
1525 887 1694 954 ἐμοῦ,
1739 889 1840 941 ἵνα

255 993 358 1046 μοι
393 973 542 1043 δοθῇ
583 976 764 1042 λόγος
812 975 884 1026 ἐν
929 975 1155 1039 ἀνοίξει
1199 976 1304 1029 τοῦ
1363 979 1662 1046 στόματός
1695 997 1836 1048 μου,

255 1071 406 1141 μετὰ
429 1069 766 1138 παρῤησιας
789 1066 1054 1136 λαλῆσαι
1080 1070 1146 1123 τὸ
1173 1071 1514 1139 μυστήριον
1540 1072 1644 1126 τοῦ
1670 1073 1836 1126 Θεοῦ.

788 1182 1119 1235 ΕΡΩΤΗΣΙΣ
1153 1183 1296 1236 Τ1Γ’.

349 1277 415 1329 Et
444 1273 560 1343 χρὴ
587 1272 956 1343 ἐργάζεσθαι,
991 1274 1516 1345 ἐπισκεπτομένων
1545 1275 1744 1330 τινῶν.

860 1447 1229 1502 ΑΠΟΚΡΙΣΙΣ

332 1540 495 1593 υὺδέν
569 1539 676 1594 τῶν
749 1543 868 1594 κατ’
939 1540 1158 1611 ἐντολὴν
1215 1540 1512 1611 γινομένων
1581 1543 1844 1597 ἐκκόπτε-

1258 303 1500 360 Poene
1530 303 1600 360 1N
1633 306 2015 364 uomcuos
2039 283 2592 374 ‘DELINQUENTES.

788 422 1120 476 ΕΡΩΤΗΣΙΣ
1155 424 1301 479 ΤΙΒ’.
1862 440 1908 496 Α

3386 305 3522 362 I306

2334 426 2852 483 INTERROGATIO
2890 425 3134 482 CCCX".

1942 521 2197 592 Nunquid
2247 523 2409 576 laico:
2451 523 2568 592 qui
2602 537 2698 574 nos
2736 521 2988 592 iuvisunt,
3025 527 3258 587 oporteat
3302 515 3368 568 ad
3411 531 3528 585 prc-

2434 591 2661 644 candum
2697 591 2985 644 ert/tortari.

2536 703 2948 758 RESPONSIO.

2008 797 2065 852 Si
2095 797 2190 851 Dei
2222 807 2352 853 sunt
2381 798 2566 860 amici,
2603 797 2747 850 haud
2789 797 2887 851 abs
2935 813 2994 852 re
3028 806 3131 859 est,
3173 809 3296 847 cum
3337 793 3401 845 ad
3431 806 3528 845 eos

1937 890 2235 959 Apostolus
2286 889 2616 958 scripserit:
2662 887 2824 942 Orate
2871 897 2919 940 et
2961 903 3054 955 pro
3103 901 3212 947 nte,
3265 892 3323 935 ut
3376 882 3529 934 detur

1938 981 2067 1034 mihi
2120 996 2294 1034 sermo
2351 980 2405 1032 in
2451 979 2718 1047 apertione
2770 981 2877 1032 oris
2918 978 3040 1042 mei,
3076 985 3132 1028 ut
3184 975 3372 1044 loquar
3411 987 3528 1024 cum

1939 1070 2138 1139 ﬁducia
2169 1071 2473 1140 mysterium
2520 1069 2616 1123 Dei
2651 1071 2718 1123 ⁷⁸.

2329 1179 2853 1235 INTERROGATIO
2880 1177 3150 1234 CCCXIII.

1943 1273 2218 1344 Nunquid,
2253 1292 2346 1329 nos
2393 1276 2736 1330 invisentibus
2777 1274 3066 1345 aliquibus,
3117 1271 3360 1325 laborare
3407 1285 3534 1322 conp

2642 1349 2837 1400 veniat.

2539 1459 2578 1512 Β
2589 1458 2807 1513 ESPON
2818 1457 2940 1512 SIO.

2017 1565 2216 1602 eorum
2253 1566 2374 1619 quae
2405 1567 2470 1605 ex
2503 1559 2776 1620 praerepto
2828 1553 2986 1613 liunt,
3035 1549 3172 1604 nihil
3212 1541 3534 1610 interrumpi

263 1633 384 1686 σθαι
413 1631 523 1704 (20)
548 1633 653 1704 χρὴ
677 1632 768 1686 διὰ
798 1633 924 1712 τοὺς
957 1633 1445 1704 ἐπεισερχομὲνους
1473 1633 1659 1688 ἕνεκεν
1699 1635 1843 1704 φιλι-

1997 1641 2126 1702 ξὺει,
2163 1650 2385 1710 propter
2416 1657 2510 1697 eos
2540 1643 2631 1712 qui
2673 1644 2896 1696 humani
2935 1641 3096 1696 ollicii
3128 1639 3304 1710 gratia
3335 1635 3400 1689 ad
3431 1649 3533 1687 nos

261 1724 358 1778 κοῦ
391 1723 752 1795 καθήκοντος·
784 1725 832 1776 εί
863 1706 936 1794 μή
971 1741 1054 1785 τις
1099 1723 1165 1776 ἂν
1213 1721 1489 1786 ἰδιάζουσα
1516 1725 1694 1796 ψυχῆς
1725 1729 1843 1779 ἐπι-

264 1816 452 1886 μέλεια
500 1815 599 1887 τὴν
654 1815 970 1886 σωματικὴν
1027 1814 1260 1886 σπουδὴν
1306 1817 1427 1868 κατ’
1479 1817 1697 1888 ἐντολὴν
1746 1818 1838 1870 τοῦ

259 1908 466 1979 Κυρίου
497 1909 894 1979 παρευδοκιμῇ,
928 1908 1038 1960 τῶν
1087 1907 1258 1976 ἁγίων
1287 1908 1599 1962 ἀποστόλων
1629 1912 1685 1963 ἐν
1722 1914 1843 1974 ταῖς

259 1999 529 2070 Πράξεσιν
568 2000 861 2052 εἰπόντων
919 2002 1040 2053 Οὐκ
1080 2000 1358 2069 ἀρεστὸν,
1401 2003 1845 2070 καταλιπόντας

259 2089 418 2158 ἡμᾶς
465 2091 570 2143 τὸν
612 2091 801 2158 λόγον
831 2088 933 2143 τοῦ
967 2091 1134 2156 Θεοῦ,
1177 2089 1478 2144 διακονεῖν
1516 2089 1842 2158 τραπέζαις.

333 2244 376 2276 ’⁵
406 2243 606 2314 Ephes.
635 2260 708 2309 vr,
743 2243 828 2298 I9.
906 2245 950 2276 ⁷⁷
979 2245 1101 2300 Act.
1138 2261 1213 2311 VI,
1244 2244 1298 2297 2.

1946 1731 2216 1784 accedunt
2242 1751 2254 1784 :
2289 1724 2396 1785 nisi
2431 1733 2723 1802 peculiaris
2759 1733 3003 1802 quaedam
3031 1731 3226 1784 animae
3253 1741 3384 1781 cura
3406 1741 3534 1781 sus-

1950 1824 2055 1893 cipi
2095 1824 2324 1885 debeat,
2358 1841 2480 1894 quae
2528 1842 2594 1881 ex
2640 1826 2853 1880 Domini
2894 1825 3153 1879 mandato
3193 1838 3371 1892 opera:
3412 1834 3537 1874 cor-

1950 1917 2123 1985 porali
2177 1918 2555 1986 anteponenda
2625 1920 2727 1982 sit,
2783 1932 2906 1971 cum
2967 1916 3143 1970 sancti
3198 1912 3431 1984 apostoli
3480 1911 3534 1963 in

1950 2003 2104 2058 Actis
2145 2005 2378 2060 dicant:
2416 2004 2541 2059 Non
2590 2017 2669 2059 est
2711 2005 2990 2075 placitum,
3039 2014 3095 2057 ut
3145 2021 3238 2057 nos
3292 1998 3538 2054 derelicto

1952 2111 2189 2150 sermone
2225 2096 2342 2161 Dei,
2387 2098 2746 2151 ministremus
2780 2097 2970 2150 mensis
2998 2097 3062 2149 ⁷⁷.

334 2395 605 2484 (3.0)_Reg.
632 2399 840 2484 primus
867 2399 1166 2470 γινομένων
1201 2399 1590 2467 ἐγκόπτεσθαι.
1624 2399 1818 2454 Statim

1998 2416 2097 2455 uor
2155 2417 2290 2456 mss.
2331 2410 2529 2472 prmter
2584 2401 2743 2458 Voss.
2780 2421 2833 2456 τι
2875 2404 2960 2457 ἄν.
3008 2403 3284 2458 Editioues
3351 2404 3514 2460 Βαάλ.

262 2477 316 2524 et
343 2468 516 2524 Paris.
552 2486 634 2532 τις
666 2470 750 2523 ἄν.

774 2753 1316 2841 ΕΠΙΤΙΜΙΑ.

3295 2619 3500 2629 .—-—-—

3033 2636 3506 2647 ._____.-—__———.

2551 2752 2933 2837 “EN-1E

262 2949 310 2995 α’
336 2942 405 2995 Εἴ
436 2960 518 3006 τις
558 2941 814 3012 ὑγιαίνων
871 2942 950 3014 τῷ
998 2940 1212 3013 σώματι
1251 2941 1482 3013 ἁμελοίη
1525 2942 1634 2995 τῶν
1678 2958 1845 3015 προσ-

2014 2941 2070 2995 Si
2104 2942 2228 3010 quis
2271 2942 2483 3011 integra
2522 2942 2772 3011 corporis
2817 2943 3130 2997 valetudine
3165 2944 3414 3013 precari,
3450 2948 3544 2996 aut

335 3033 528 3104 ευχῶν,
558 3035 591 3106 ἦ
624 3037 723 3106 τῆς
755 3033 1110 3106 ἐκμαθήσεως
1147 3033 1255 3087 τῶν
1283 3033 1534 3104 ψαλμῶν,
1572 3051 1844 3108 προφασι-

336 3124 557 3196 ζόμενος
584 3126 886 3197 προφάσεις
931 3127 990 3178 ἐν
1039 3124 1356 3195 ἁμαρτίαις,
1388 3119 1541 3188 οὗτος
1590 3124 1846 3197 ἀφοριζέ-

336 3216 468 3282 σθω,
507 3217 542 3288 ἢ
568 3216 877 3287 νηστευέτω
905 3217 1016 3287 (21)
1039 3216 1316 3286 ’ἑϐδομάδα
1349 3218 1501 3287 μίαν.

2015 3036 2258 3105 psalmos
2287 3033 2536 3088 ediscere
2568 3035 2889 3102 neglexerit,
2921 3051 3196 3091 excusans
3230 3038 3548 3091 excusatio-

2018 3143 2113 3182 nes
2145 3126 2197 3179 in
2229 3125 2471 3197 peccatis
2497 3126 2563 3190 ⁷⁸,
2598 3126 2643 3177 is
2683 3141 2713 3177 a
2751 3127 3088 3196 reliquorum
3139 3129 3420 3182 consortio
3455 3144 3545 3182 se-

2014 3222 2291 3284 gregetur,
2325 3221 2419 3266 aut
2441 3213 2654 3282 jejunet
2685 3214 3083 3269 hebdomadam
3125 3233 3310 3271 unam.

266 3311 312 3384 β’
345 3310 412 3363 Εἴ
432 3327 514 3373 τις
543 3309 815 3380 ἐλέγχοιτο
844 3309 935 3362 ἐπὶ
965 3309 1266 3378 πταίσματι
1313 3308 1450 3378 μετὰ
1476 3309 1716 3378 ἀγάπης,
1750 3307 1847 3360 καὶ

2020 3306 2077 3360 Si
2129 3308 2253 3376 quis
2311 3322 2436 3360 eum
2489 3308 2755 3362 charitate
2809 3308 3133 3376 objurgatur
3191 3310 3262 3362 ob
3313 3309 3536 3378 aliquod

338 3403 412 3475 μὴ
445 3402 788 3472 καταδέχοιτο
845 3401 935 3454 τὸν
988 3401 1227 3470 ἔλεγχον,
1285 3400 1424 3470 μετὰ
1469 3401 1650 3470 πάσης
1685 3400 1846 3453 εὑλα-

337 3496 486 3558 ϐείας
529 3493 883 3567 παρακαλῶν,
917 3493 1013 3546 καὶ
1060 3492 1228 3544 αἰτῶν
1266 3491 1595 3562 συγγνώμην
1645 3493 1728 3560 ἐφ’
1767 3486 1847 3556 οἷς

337 3589 748 3660 ἐπλημμέλησε,
809 3590 902 3640 καὶ
958 3588 1122 3650 αὑτὸς
1181 3584 1525 3656 ἀφοριζέσθω
1581 3584 1850 3656 ἑϐδομάδα

341 3678 492 3750 μίαν.

264 3777 315 3839 γ’
353 3769 421 3822 Εἴ
444 3787 526 3833 τις
554 3769 769 3840 συγγνῷ
789 3787 894 3823 τινι
927 3768 1254 3840 ἁμάρτημα,
1283 3769 1470 3840 καὶμὴ
1500 3767 1850 3838 διορθώσεται

339 3862 522 3926 αὑτὸν,
554 3863 587 3932 ἢ
617 3862 825 3929 ἐλέγξει
860 3861 971 3932 (22)
1001 3865 1056 3914 ἐν
1081 3863 1273 3933 εἰρήνῃ
1314 3860 1452 3930 μετὰ
1497 3862 1717 3930 ἀγάπης
1753 3861 1852 3931 τῆς

339 3957 396 4006 ἐν
423 3955 662 4026 Χριστῷ,
694 3955 810 4007 ἀλλ’
849 3959 906 4008 ἐν
945 3954 1110 4026 λύπῃ,
1149 3954 1223 4017 ὡς
1269 3953 1618 4024 θριαμϐεύων
1653 3952 1852 4022 μᾶλλον

338 4047 430 4100 τὸν
471 4047 718 4116 ἀδελφὸν,
755 4048 786 4119 ἢ
834 4047 1150 4117 θεραπεύων
1189 4046 1280 4098 τὸν
1330 4047 1500 4099 αἴτιον
1537 4046 1633 4116 τῆς
1671 4047 1853 4115 ἁμαρ-

338 4142 496 4206 τίας,
545 4141 637 4194 καὶ
681 4141 844 4204 αὑτὸς
899 4138 1342 4210 συναφοριζὲσθω
1389 4138 1466 4207 τῷ
1513 4138 1853 4208 ἐλεγχομένῳ

342 4235 434 4288 ἐπ)⁸
481 4234 562 4305 τῷ
616 4236 972 4306 ἁμαρτήματι
1034 4233 1334 4295 ἑϐδομάδας
1384 4232 1498 4296 δύο,
1545 4232 1730 4302 ἐπειδὴ
1779 4231 1854 4295 ὡς

341 4324 555 4396 ἐχθρὸς.
585 4327 678 4380 καὶ
704 4327 804 4396 οὑχ
836 4326 911 4390 ὼς
951 4323 1177 4392 ἁδελφὸς
1207 4323 1453 4394 ἤλεγξεν.

271 4501 317 4556 δ’
355 4502 421 4554 Εἴ
446 4519 528 4566 τις
557 4501 766 4573 ὑϐρίζει
809 4502 842 4574 ἢ
893 4503 1184 4571 ἀντιλέγει,
1234 4503 1662 4571 ἐπιτασσόμενος
1707 4501 1858 4572 παρὰ

345 4593 577 4663 ἀδελφοῦ
611 4595 680 4647 τὰ
719 4595 862 4648 κατὰ
900 4594 1128 4665 δύναμιν
1159 4594 1293 4665 (Ξὸ),
1327 4594 1420 4646 καὶ
1467 4593 1542 4664 μὴ
1593 4592 1858 4646 ὑπακούει

349 4689 486 4758 μετὰ
517 4688 697 4759 πάσης
728 4689 828 4759 τῆς
860 4689 918 4740 ἐν
957 4688 1177 4758 Χριστῷ
1219 4687 1415 4756 χαρᾶς,
1461 4685 1537 4749 ὡς
1581 4685 1853 4755 πληροφοο-

350 4779 458 4853 ρῶν
491 4780 674 4844 αὑτὸν,
703 4780 905 4850 ὁμοίως
938 4777 1278 4850 άφοριζὲσθω
1311 4777 1580 4848 ἑϐδομάδα
1618 4778 1770 4847 μίαν.

272 4962 318 5012 ε’
351 4955 421 5009 Εἴ
451 4973 534 5020 τις
580 4956 903 5028 ἀργολογοίη
954 4956 986 5025 ἧ
1033 4953 1502 5026 εὑτραπελεὺοιτο,
1552 4952 1626 5024 μὴ
1657 4954 1860 5022 φυλάσ-⁹

351 5064 458 5100 σων
499 5047 638 5118 μετὰ
661 5047 827 5115 φόϐου
873 5048 966 5100 καὶ
1001 5047 1204 5120 τρόμου
1245 5047 1343 5116 τὴν
1380 5045 1730 5099 διδασκαλίαν
1764 5047 1858 5098 τοῦ

354 5138 624 5209 μακαρίου
654 5137 978 5190 Ἀποστόλου
1033 5139 1125 5190 καὶ
1183 5137 1292 5189 τῶν
1344 5137 1712 5206 Εὑαγγελίων,
1768 5138 1862 5192 καὶ

350 5226 509 5289 αὐτὸς
542 5226 883 5298 ἀφοριξέσθω
910 5226 1019 5299 (24)
1052 5226 1320 5296 ἑϐδομάδα
1356 5226 1508 5296 μίαν.

352 5379 399 5410 ’⁷⁸
428 5377 576 5435 Psal.
601 5396 726 5446 οτι..
756 5380 812 5434 4.

357 5530 472 5605 (2i)
506 5534 664 5598 Illud,
696 5533 730 5605 ἢ
759 5535 1274 5605 νηπευὲτω,ὁεθει
1299 5535 1349 5587 in
1385 5535 1720 5591 Colbertino.

357 5604 473 5670 (Ἡ)
512 5605 693 5658 Codex
729 5604 883 5660 Colb.
922 5604 1284 5675 διορθώσηται
1319 5606 1504 5665 αὑτὸν,
1541 5607 1573 5676 ἢ
1607 5607 1866 5675 ἐλέγχων.

357 5689 410 5727 )x
442 5673 583 5727 idem
625 5691 728 5727 ms.
772 5675 864 5727 τὸν
894 5676 1086 5727 αἴτιον.
1129 5684 1416 5727 auctorem.
1453 5675 1594 5727 Editi
1624 5684 1679 5727 et
1731 5625 1862 5727 ἄρα.

282 5671 410 5728 Mox
442 5673 583 5727 idem
625 5691 728 5730 ms.
772 5675 864 5728 τὸν
894 5671 1086 5738 αἴτιον,
1129 5671 1416 5730 auctorem.
1453 5671 1594 5729 Ε(ιὶἱί
1624 5684 1679 5730 ct
1711 5671 1862 5744 'lieg.

285 5746 500 5813 primus
524 5744 585 5798 τὸ
625 5744 815 5810 αἴτιον,
860 5762 1097 5799 causam.
1149 5745 1392 5801 Subinde
1424 5746 1564 5801 idem
1613 5747 1699 5801 ille
1736 5747 1872 5800 liber

2019 3407 2283 3459 erratum,
2337 3413 2437 3452 nec
2487 3405 2670 3452 tamen
2723 3398 3158 3466 objurgationem
3213 3403 3539 3468 susceperit,

2036 3505 2250 3544 summa
2285 3506 2408 3543 cum
2457 3491 2763 3543 reverentia
2803 3505 3004 3560 rogans
3048 3500 3100 3544 et
3135 3506 3457 3560 exposcens,
3489 3500 3548 3546 ut

2022 3582 2346 3636 delictorum
2402 3582 2504 3636 sibi
2546 3582 2704 3635 venia
2737 3584 2914 3642 detur,
2963 3584 3009 3636 is
3049 3599 3268 3651 quoque
3318 3598 3346 3636 a
3392 3600 3545 3638 com-

2023 3675 2288 3727 munitate
2319 3685 2603 3741 separetur
2639 3673 3039 3727 hebdomadam
3073 3689 3260 3726 unam.

1952 3766 1985 3820 5
2025 3765 2080 3817 Si
2123 3766 2246 3834 quis
2294 3774 2583 3834 peccatum
2637 3765 2871 3834 alicujus
2923 3765 3202 3834 cognitum
3262 3764 3546 3828 habuerit,

2025 3872 2200 3924 neque
2235 3858 2538 3910 correxerit
2572 3857 2774 3925 ipsum,
2803 3865 2897 3909 aut
2942 3857 3285 3926 redarguerit
3327 3858 3379 3912 iu
3418 3874 3550 3928 pace

2026 3961 2150 4000 cum
2183 3947 2451 4001 charitate
2487 3947 2852 4017 Christi,lsed
2901 3965 3026 4002 cum
3076 3951 3300 4004 tristitia
3336 3966 3400 4004 ac
3434 3966 3554 4004 mo-

2026 4040 2205 4102 lestia,
2256 4039 2418 4110 quasi
2472 4039 2646 4109 magis
2692 4039 2994 4109 triumphet
3037 4039 3103 4093 de
3154 4039 3343 4103 fratre,
3387 4057 3550 4110 quam

2026 4141 2178 4187 curet
2201 4130 2406 4200 peccati
2430 4139 2732 4192 auctorem,
2752 4130 2798 4184 is
2821 4131 2982 4185 etiam
3005 4129 3163 4201 527
3185 4131 3554 4186 hebdomadas

2029 4230 2166 4283 duas
2200 4243 2228 4281 a
2253 4227 2466 4282 cieteris
2503 4226 2826 4296 sejungatur
2851 4242 2956 4280 una
2990 4241 3115 4280 cum
3142 4243 3206 4280 eo
3238 4228 3330 4297 qui
3369 4227 3466 4280 fuit
3499 4227 3554 4280 in

2036 4328 2263 4392 peccato
2308 4319 2686 4389 deprehensus
2721 4338 2733 4373 :
2764 4319 3208 4388 quandoquidem
3269 4322 3412 4373 velut
3456 4321 3556 4374 ho-

2034 4413 2157 4475 stis,
2187 4427 2296 4467 non
2329 4421 2389 4466 ut
2429 4413 2600 4465 frater
2631 4412 2924 4480 corripuit.

1961 4505 1995 4558 4
2035 4502 2092 4557 Si
2125 4507 2250 4572 quis
2294 4519 2414 4573 qua:
2457 4502 2639 4559 facere
2668 4503 2866 4574 possit,
2909 4517 2939 4555 a
2975 4503 3141 4555 fratre
3181 4501 3390 4570 jussus,
3429 4516 3554 4554 eum

2033 4595 2232 4650 alﬁciat
2265 4595 2623 4657 contumelia,
2674 4604 2770 4648 aut
2819 4593 3186 4653 contradicat,
3219 4609 3395 4661 neque
3425 4607 3557 4645 mo—

2034 4702 2147 4741 rem
2179 4694 2332 4756 gerat
2361 4703 2487 4740 cum
2521 4687 2670 4740 omni
2709 4689 2760 4740 in
2793 4686 3016 4741 Christo
3048 4685 3268 4754 gaudio,
3295 4696 3553 4752 tauquam

2034 4779 2128 4847 qui
2159 4779 2448 4847 praet'idens
2498 4780 2552 4832 in
2606 4794 2707 4833 suo
2760 4779 3002 4832 abundet
3052 4792 3253 4838 sensu,
3303 4775 3557 4828 similiter

2039 4868 2443 4922 hebdomadam
2481 4884 2645 4922 unam
2681 4878 3016 4938 segregator.

1967 4959 2000 5014 5
2041 4959 2099 5014 Si
2128 4961 2252 5029 quis
2292 4961 2528 5015 inaniter
2567 4961 2792 5029 garriat,
2827 4968 2920 5013 aut
2955 4960 3042 5012 sit‘
3064 4956 3276 5011 facetiis
3307 4954 3548 5019 deditus,

2037 5065 2148 5104 non
2192 5066 2419 5106 servans
2466 5067 2589 5106 cum
2623 5053 2816 5106 timore
2861 5066 2925 5104 ac
2967 5059 3206 5104 tremore
3247 5047 3554 5100 doctrinam

2041 5143 2183 5197 beati
2231 5143 2478 5214 Apostoli
2521 5151 2573 5198 et
2606 5143 3055 5213 Evangeliorum,
3098 5142 3144 5196 is
3191 5155 3408 5210 quoque
3442 5139 3557 5208 ipsc

2043 5233 2111 5286 ab
2141 5235 2262 5288 aliis
2293 5243 2579 5305 separetur
2611 5235 3007 5289 hebdomadam
3038 5247 3223 5287 unam.

1975 5540 2234 5609 antiquus
2265 5538 2564 5609 διήλεγξεν.

2047 5611 2160 5676 (25)
2190 5608 2343 5663 Unus
2378 5626 2479 5662 ms.
2508 5609 2568 5661 τὸ
2596 5609 2764 5677 κατὲιΔ
2793 5609 3042 5677 δύναμιν.

2047 5674 2158 5751 (2-5)
2187 5681 2367 5734 Codex
2401 5681 2550 5734 Colb.
2594 5681 2686 5732 καὶ
2709 5674 2862 5744 οὗτος
2893 5674 3253 5749 ἁφοριζέσθω.
