4018 6226
592 378 730 435 1307
1968 368 2027 424 8.
2066 366 2179 424 ΒΑΕ

2222 365 2308 422 ιιι
2347 365 2559 422 MAGNI
3691 364 3806 419 l303

587 501 622 557 6
661 501 718 554 Si
751 499 875 570 quis
900 509 1098 570 praeter
1139 500 1302 554 etiam
1327 505 1382 554 et
1425 514 1551 564 non,
1589 495 1738 552 aliud
1777 494 2164 566 jusjurandum

2222 491 2322 558 ις’
2353 493 2422 546 Et
2458 507 2542 554 τις
2580 487 2719 559 πλὴν
2760 488 2854 542 τοῦ
2895 488 2994 542 ναὶ
3048 488 3142 542 καὶ
3190 485 3286 540 τοῦ
3331 484 3424 549 οὒ,
3461 485 3612 540 ἄλλον
3645 487 3809 555 όμνυει

652 592 821 663 juret,
852 599 906 647 et
937 592 1052 663 ipse
1084 607 1116 646 a
1149 591 1364 647 caeteris
1401 591 1720 662 sejungatur
1749 604 1915 644 unam
1956 588 2163 643 hebdo-

2337 585 2521 656 ὅρκον,
2563 582 2656 635 καὶ
2683 580 2846 644 αὐτὸς
2875 579 3215 652 ἀφοριξέσθω
3249 578 3358 649 (9.5)
3393 577 3650 648 ἑϐδομάδα
3680 578 3808 648 μίαν.

655 682 895 738 madam.

585 772 620 828 7
659 773 717 828 Si
757 775 882 844 quis
924 774 1236 845 quempiam
1288 772 1588 844 deliquisse
1641 771 1864 826 fratrem
1907 769 2165 826 conscius

2267 779 2312 843 ζ’
2352 778 2418 830 Et
2452 795 2534 840 τις
2578 775 2795 846 συγγνῷ
2826 793 2927 828 τινι
2965 775 3177 846 ἀδελφῷ
3231 775 3513 830 πταίσαντι
3563 774 3688 844 (26),
3734 776 3813 831 καὶ

653 872 759 925 est,
808 865 973 936 idque
1027 866 1078 921 ei
1132 865 1442 920 advenienti
1499 862 1948 934 exprobraverit,
1995 861 2163 916 veluti

2341 871 2479 941 μετά
2531 871 2593 923 τὸ
2652 868 2942 941 παρελθεῖν
2996 869 3279 933 ὀνειδίζοι,
3347 869 3423 931 ὡς
3467 868 3813 939 παραδειγμα-

653 958 980 1013 traducendi
1009 973 1200 1023 causa,
1229 958 1347 1028 ipse
1377 957 1632 1013 similiter
1665 954 1834 1010 veluti
1878 953 2028 1007 nulla
2061 953 2166 1006 mi-

2335 961 2520 1025 τίζων,
2573 961 2668 1014 καὶ
2713 962 2874 1025 αὐτὸς
2922 962 2997 1024 ὡς
3048 959 3376 1030 ἀσυμπαθὴς
3425 960 3516 1012 καὶ
3565 960 3813 1030 ἐπιχαιρέ⁴

654 1048 931 1104 seratione
959 1059 1288 1113 commotus,
1319 1056 1374 1104 et
1413 1048 1608 1103 alienis
1656 1047 1818 1101 malis
1865 1047 2100 1113 laetatus,
2133 1061 2165 1100 a

1779 1048 1818 1101 is
1865 1047 2100 1113 laetatus,
2133 1061 2165 1100 a
2343 1070 2512 1117 κακος
2545 1053 2888 1122 ἀφοριζέσθω
2923 1052 3191 1122 ἑϐδομάδα
3221 1052 3366 1121 μίαν.

654 1139 868 1194 caeteris
899 1147 1215 1208 segregetur
1252 1138 1650 1192 hebdomadam
1678 1151 1864 1190 unam.

583 1228 618 1283 8
658 1227 714 1284 Si
749 1230 872 1298 quis
905 1230 1216 1300 quempiam
1257 1243 1516 1298 peccasse
1555 1227 1811 1281 conscius
1864 1234 1972 1291 est,
2007 1240 2163 1280 eum-

2267 1233 2314 1298 η¹
2345 1224 2414 1278 Εἴ
2455 1243 2540 1289 τις
2591 1226 2807 1297 συγγνῷ
2860 1244 2964 1280 τινι
3013 1226 3345 1296 ἁμάρτημα,
3389 1224 3484 1277 καὶ
3535 1225 3632 1294 όρᾷ
3679 1223 3813 1276 αὑτὸν

650 1337 758 1391 que
809 1322 958 1376 videt
1012 1322 1064 1376 id
1119 1319 1491 1375 indifferenter
1544 1318 1831 1384 ferentem,
1884 1335 1987 1372 nec
2038 1335 2164 1373 cum

2336 1316 2644 1386 ἀδιαφόρως
2669 1316 2926 1386 φέροντα,
2951 1316 3045 1368 καὶ
3072 1316 3146 1386 μὴ
3173 1314 3308 1384 μετά
3341 1311 3673 1383 συντριμμοῦ
3703 1329 3813 1381 καρ-

651 1413 835 1467 cordis
874 1413 1205 1467 contritione
1245 1427 1308 1465 ac
1335 1411 1522 1466 multis
1566 1410 1825 1481 lacrymis
1873 1409 2165 1464 Dominum

2335 1406 2452 1469 δίας
2485 1408 2579 1459 καὶ
2612 1406 2820 1458 πολλῶν
2841 1407 3090 1477 δακρύων
3114 1404 3315 1469 ἑξιλεού
3325 1420 3480 1475 μενον
3509 1404 3596 1455 τὸν
3618 1402 3808 1473 Κύριον,

649 1501 976 1571 placantem,
1021 1502 1339 1557 adhortetur
1389 1509 1443 1556 et
1493 1500 1786 1556 admoneat
1837 1502 2057 1570 ipsum,
2107 1506 2167 1553 ut

2338 1496 2723 1567 παρακαλείτω
2769 1498 2862 1550 καὶ
2931 1495 3396 1567 ὑπομιμνησκέτω
3465 1494 3626 1546 αὑτὸν
3674 1509 3809 1562 μετα-

648 1601 772 1662 agat
801 1593 1200 1662 paenitentiam,
1237 1602 1291 1646 et
1319 1591 1651 1662 pcenitentize
1690 1590 1944 1646 ostendat
1978 1604 2161 1660 opera.

2336 1591 2499 1653 νοεῖν,
2535 1589 2628 1642 καὶ
2669 1588 3072 1642 ἐπιδείκνυσθαι
3139 1587 3276 1659 ἔργα
3338 1586 3644 1655 μετανοίας.
3687 1585 3740 1636 Εἰ
3766 1583 3810 1636 δὲ

649 1680 803 1748 Quod
837 1681 883 1736 si
926 1681 1012 1735 his
1061 1681 1221 1737 factis
1278 1681 1577 1751 neglexerit
1609 1696 1764 1735 suam
1797 1683 2049 1744 salutem.
2079 1695 2167 1736 se-

2337 1680 2543 1734 τούτων
2581 1681 2882 1752 γινομένων
2925 1680 3150 1752 ἀμελοίη
3182 1680 3282 1749 τῆς
3315 1677 3510 1732 ἑαυτοῦ
3553 1677 3807 1747 σωτηρίας,

646 1781 869 1843 paretur
920 1789 1147 1842 prorsus
1208 1773 1301 1842 qui
1348 1781 1433 1827 est
1478 1772 1746 1840 ejusmodi
1788 1786 1818 1825 a
1859 1771 2164 1826 communi-
2197 1832 2233 1845 ἢ

2218 1832 2237 1845 ἱ
2335 1772 2650 1845 χωριζέσθω
2702 1775 2730 1825 ὁ
2791 1772 3029 1836 τοιοῦτος
3085 1773 3181 1843 τῆς
3247 1770 3494 1834 συνοδίας
3549 1759 3805 1830 παντελῶς.

645 1873 777 1919 tate.
833 1863 978 1917 Nam
1040 1865 1304 1918 modicum
1350 1865 1660 1932 fermentum
1710 1873 1874 1918 totam
1929 1880 2161 1926 massam
2197 1832 2232 1887 Β

2222 1833 2238 1886 δ
2569 1864 2680 1933 γὰρ
2715 1862 2860 1933 ζύμη
2903 1832 3051 1918 ὅλοτι
3089 1832 3176 1916 ’τό⁷
3203 1863 3446 1932 φύραμα
3477 1832 3665 1929 Ϋζυμοῖ,
3696 1859 3809 1912 κατὰ

650 1957 936 2022 corrumpit
959 1956 1024 2018 ⁷⁸,
1060 1965 1116 2009 ut
1145 1957 1228 2008 vir
1255 1965 1478 2009 sanctus
1509 1955 1666 2008 dixit.

1285 1965 1478 2009 anctus
1509 1955 1666 2008 dixit.
2340 1955 2429 2007 τὸν
2454 1955 2676 2007 εἰπόντα
2698 1955 2871 2022 ἆγιον.

583 2044 614 2101 ο
646 2044 702 2100 Si
729 2047 851 2116 quis
879 2054 1039 2101 exeat
1067 2047 1202 2100 citra
1228 2047 1538 2100 necessaria
1565 2044 1801 2116 negotia,
1834 2060 1897 2099 ac
1925 2045 2162 2098 circum—

2267 2045 2311 2099 θ’
2344 2044 2413 2098 El
2457 2062 2540 2108 τις
2596 2045 2916 2117 προέρχοιτο
2958 2045 3106 2116 παρὰ
3151 2045 3248 2108 τάς
3293 2045 3595 2114 ἀναγκαίας
3637 2044 3805 2115 χρείαςι

644 2145 734 2191 eat
772 2139 1174 2208 intempestive,
1205 2145 1518 2208 scgregator
1554 2137 1648 2207 qui
1694 2135 2006 2206 hujusmodi
2051 2143 2156 2201 est,

2336 2138 2614 2208 περιάγων
2657 2139 2918 2210 ἀκαίρως,
2972 2137 3313 2208 ἀφοριζέσθω
3363 2138 3391 2188 ὁ
3443 2136 3705 2200 τοιοῦτος,
3742 2136 3807 2188 ἵνα

645 2235 705 2283 ut
725 2229 1008 2299 quiescant
1031 2230 1175 2284 domi
1197 2231 1360 2299 pedes
1379 2230 1520 2299 ejus,
1539 2229 1682 2284 sicut
1701 2229 1965 2298 scriptum
1991 2235 2074 2282 est
2088 2227 2153 2280 ⁸ο.

2335 2229 2680 2300 ήσυχάζωσιν
2726 2231 2783 2280 ἑν
2825 2228 2959 2298 οἴκῳ
3001 2231 3051 2280 oi
3097 2227 3254 2291 πόδες
3301 2227 3494 2292 αὐτοῦ,
3551 2225 3716 2288 καθὼς
3738 2224 3806 2292 γέ-

2337 2337 2600 2393 γραπται.

589 2406 652 2462 10
687 2405 746 2462 Si
782 2409 908 2478 quis
945 2408 1217 2462 irascatur
1248 2416 1475 2471 temere,
1510 2421 1609 2461 nec
1654 2413 1896 2459 actutum
1935 2404 2156 2459 fratrem

2267 2417 2298 2462 ι’
2336 2411 2403 2463 Et
2429 2427 2515 2473 τις
2545 2409 2776 2480 όργισθῇ
2803 2409 2912 2479 (27)
2949 2409 3093 2479 εἰκῆ,
3125 2410 3219 2462 καὶ
3265 2408 3340 2480 μὴ
3373 2408 3702 2480 παραχρῆμα
3725 2421 3805 2456 πα-

645 2515 675 2553 a
722 2515 782 2555 se
817 2500 1040 2554 tristitia
1094 2498 1346 2553 affectum
1395 2497 1733 2558 consoletur,
1778 2504 1839 2550 ut
1874 2503 2155 2565 peccatum

2335 2501 2608 2573 ρακαλέσῃ
2662 2501 2753 2553 τὸν
2805 2500 3034 2570 ἀδελφὺν
3087 2500 3146 2553 ὃν
3197 2499 3489 2569 ἐλύπησεν,
3543 2501 3679 2561 ὅπως
3718 2497 3803 2564 ἀςῇ

642 2589 788 2660 quod
842 2590 898 2644 in
953 2590 1132 2659 ipsum
1181 2588 1463 2658 peccavit,
1510 2587 1787 2641 condonet
1849 2586 1994 2651 sibi,
2040 2584 2156 2656 ipse

2332 2592 2480 2662 αὑτῷ
2517 2592 2617 2662 τὴν
2670 2592 2943 2662 ἁμαρτίαν
2978 2592 3044 2662 ἣν
3085 2591 3330 2661 ἥμαρτεν
3380 2595 3462 2656 εἰς
3511 2591 3682 2657 αὑτὸν,
3726 2590 3804 2656 tl;-

644 2681 899 2738 similiter
927 2690 1243 2751 segregator
1267 2679 1664 2734 hebdomadam
1695 2691 1880 2731 unam.

1772 2691 1880 2730 am.
2329 2681 2597 2753 οριζέσθω
2618 2683 2712 2735 καὶ
2741 2683 2900 2746 αὐτὸς
2919 2683 3188 2752 ἑϐδομάδα
3209 2683 3359 2754 μίαν.

580 2769 636 2827 ll
675 2772 734 2826 Si
766 2771 892 2842 quis
925 2769 1092 2825 fuerit
1121 2786 1152 2824 a
1192 2769 1361 2824 fratre
1402 2767 1738 2823 contumelia
1772 2767 2021 2830 affectus,
2045 2775 2097 2820 et
2123 2781 2155 2820 a

2262 2779 2327 2826 ια’
2355 2773 2423 2826 Εἴ
2465 2791 2549 2836 τις
2595 2773 2874 2845 ὑϐρισθείη
2927 2775 3077 2845 παρά
3123 2773 3388 2844 ἀδελφοῦ,
3431 2776 3526 2828 καὶ
3563 2771 3801 2845 παρακλη-

641 2863 1032 2920 communitate
1065 2871 1312 2934 rogatus,
1345 2871 1630 2933 peceatum
1661 2877 1769 2915 non
1798 2860 2149 2923 eondonarit,

2323 2862 2436 2928 θεὶς
2489 2865 2595 2918 ὑπὸ
2636 2866 2736 2935 τῆς
2788 2866 3054 2929 συνοδίας,
3108 2867 3182 2937 μὴ
3229 2869 3563 2940 συγχωρήσῃ
3618 2865 3714 2935 (28)
3757 2861 3802 2913 τὸ

642 2953 963 3009 recordatus
1000 2954 1122 3022 ejus
1153 2955 1245 3023 qui
1274 2953 1451 3008 dixit:
1488 2951 1548 3006 Si
1597 2952 1711 3020 quia
1751 2950 2000 3004 adversus
2049 2951 2152 3004 ali-

2331 2955 2658 3026 ἀμάρτημα,
2708 2957 3087 3029 μνημονεύσας
3126 2958 3219 3011 τοῦ
3256 2957 3541 3026 λέγοντος·
3585 2958 3704 3011 Ἐάν
3734 2972 3800 3018 τις

643 3059 794 3113 quem
827 3042 980 3096 habet
1003 3042 1303 3112 querelam:
1328 3042 1460 3095 sicut
1490 3051 1538 3094 et
1555 3039 1796 3095 Christus
1825 3038 2039 3092 donavit
2063 3039 2105 3070 ⁸¹
2133 3058 2146 3095 :

2326 3049 2476 3114 πρός
2523 3065 2655 3101 τινα
2696 3049 2810 3118 ἔχῃ
2837 3050 3116 3119 μομφήν·
3155 3049 3349 3116 καθὼς
3389 3051 3489 3103 καὶ
3529 3054 3561 3104 ὀ
3596 3048 3799 3117 Χριστδς

647 3143 701 3189 et
743 3135 862 3204 ipse
915 3135 1122 3205 pariter
1180 3148 1210 3187 a
1268 3143 1590 3188 caeterorum
1649 3131 1930 3188 consortio
1964 3147 2148 3203 segre—
2173 3183 2216 3239 ο

2208 3185 2216 3238 ί
2323 3138 2674 3206 ἐχαρίσατο⁶
2750 3140 2845 3192 καὶ
2887 3140 3049 3204 αὐτὸς
3085 3141 3284 3211 ὁμοίως
3329 3141 3662 3213 ἁφοριζέσθω
3685 3138 3795 3192 ἑϐδο-

641 3234 800 3296 getur
824 3225 1222 3281 hebdomadam
1255 3239 1442 3278 unam.
2175 3225 2216 3239 ν

1052 3225 1222 3278 ιεότιηι
1255 3239 1442 3278 unam.
2175 3225 2216 3239 ν
2317 3227 2459 3298 μάδα
2493 3229 2639 3298 μίαν.

575 3317 645 3372 12
677 3317 734 3372 Si
793 3319 918 3389 quis
962 3316 1274 3388 egrediatur
1313 3331 1344 3370 e
1394 3314 1734 3369 monasterio
1779 3330 1888 3369 non
1925 3321 2151 3385 accepta

2250 3318 2319 3390 ιβ’
2347 3319 2416 3372 Εἴ
2443 3337 2528 3382 τις
2562 3320 2676 3392 (29)
2708 3320 2914 3388 ἐξέλθοι
2956 3321 3050 3375 τοῦ
3106 3323 3498 3394 μοναστηρίου,
3549 3323 3618 3394 μὴ
3658 3315 3794 3371 λαϐὼν

645 3407 1058 3471 benedictione,
1112 3413 1207 3460 aut
1255 3421 1366 3459 non
1410 3404 1675 3459 dimissus
1727 3404 1796 3459 ab
1838 3405 2153 3460 archiman.

2319 3411 2606 3480 εὐλογίαν,
2664 3413 2697 3484 ἢ
2748 3413 3040 3477 ἀπολυθεὶς
3097 3414 3201 3466 ὑπὸ
3259 3413 3354 3466 τοῦ
3421 3410 3793 3486 ἀρχιμανδρίτον

643 3498 786 3552 drita
819 3512 945 3552 cum
979 3496 1329 3567 precatione,
1364 3509 1394 3548 a
1426 3495 1640 3550 caeteris
1669 3493 2008 3565 sejungatur.

1678 3493 2008 3565 sejungatur.
2325 3500 2464 3570 μετά
2495 3500 2679 3572 εὐχῆς,
2715 3499 2855 3553 ἑστω
2887 3499 3265 3572 ἀκοινώνητος.

574 3587 646 3643 l3
675 3587 734 3642 Si
760 3587 884 3659 quis
919 3586 1165 3658 possidet
1209 3585 1413 3655 aliquid
1449 3585 1504 3641 in
1542 3585 1898 3648 monasterio,
1924 3592 2020 3640 aut
2053 3599 2151 3641 ex-

2253 3595 2326 3660 ιγ¹
2364 3590 2433 3644 Εἴ
2455 3607 2541 3654 τις
2570 3589 2834 3662 κέκτηταί
2865 3607 2917 3643 τι
2948 3591 3004 3643 ὲν
3035 3588 3112 3660 τῷ
3145 3588 3516 3661 μοναστηρίῳ,
3545 3586 3576 3658 ἢ
3604 3584 3694 3648 ἔξω
3723 3577 3791 3633 τοῦ

645 3687 730 3733 tra
758 3676 1174 3744 monasterium,
1203 3682 1529 3732 cancrorum
1561 3677 1807 3747 privetur
1839 3676 2143 3731 consortio.

1724 3684 1807 3730 tur
1839 3676 2143 3731 consortio.
2332 3681 2720 3752 μοναστηρίου,
2761 3680 2902 3735 ἔστω
2932 3680 3311 3749 ἀκοινώνητος.

574 3771 644 3828 η
678 3769 736 3826 Si
782 3771 910 3842 quis
959 3769 1306 3840 conjungens
1360 3784 1421 3824 se
1470 3783 1592 3824 cum
1627 3769 1834 3839 aliquo,
1866 3769 2073 3840 cogitat
2121 3784 2155 3825 ε

2256 3771 2317 3826 ιδ’
2342 3771 2412 3824 Et
2435 3788 2520 3835 τις
2545 3770 2828 3836 συνδυάζει
2857 3771 2968 3842 (50)
3006 3772 3150 3841 μετά
3169 3786 3315 3834 τινος
3344 3769 3441 3822 ἐπὶ
3465 3767 3525 3821 τὸ
3562 3759 3792 3835 ἀναχωρῆ-

648 3863 988 3917 monasterio
1015 3860 1198 3931 egredi
1230 3861 1302 3916 ob
1329 3860 1480 3915 aliud
1515 3861 1794 3932 quoddam
1827 3862 2054 3929 malum,
2081 3863 2156 3920 sit

2327 3879 2419 3915 σαι
2445 3861 2543 3914 τοῦ
2591 3863 2956 3935 μοναστηρίου
2997 3864 3084 3932 ἐφ’
3114 3861 3286 3932 ἑτέρῳ
3326 3861 3439 3915 τινὶ
3475 3858 3652 3930 κακῷ,
3689 3854 3793 3908 ἔστω

639 3951 1170 4006 exeommunicatus.

1131 3965 1170 4004 ς.
2331 3953 2718 4025 ἀκοινώνητος.

575 4041 645 4096 15
673 4040 728 4095 Si
765 4041 892 4110 quis
915 4055 983 4094 ex
1008 4038 1388 4092 eubiculorum
1414 4037 1689 4108 praefectis
1723 4037 1936 4094 invenit
1986 4038 2153 4110 528

2259 4051 2320 4099 ιε’
2352 4045 2420 4098 Ετ
2459 4063 2545 4110 τις
2589 4045 2698 4098 τῶν
2747 4045 3140 4117 ἀρχικουνιτῶν
3187 4045 3432 4117 εὑρίσκει
3480 4043 3595 4096 τινὰ
3636 4037 3793 4108 ταράσ-

645 4132 879 4200 aliquem
911 4129 1108 4182 turbas
1137 4128 1491 4190 exeitantem,
1521 4135 1616 4180 aut
1649 4127 2049 4198 colloquentem
2097 4129 2155 4182 in

2325 4153 2488 4190 σοντα
2517 4137 2549 4206 ἢ
2575 4136 2954 4206 διαλεγόμενον
2986 4139 3043 4190 ὲν
3071 4138 3148 4208 τῷ
3181 4137 3400 4206 κουνίῳ,
3428 4137 3521 4190 καὶ
3552 4135 3619 4206 μὴ
3644 4129 3794 4186 ἐκϐάλ-

644 4221 986 4284 dormitorio,
1017 4225 1072 4272 et
1117 4232 1229 4272 non
1270 4217 1421 4286 ejicit
1478 4218 1656 4288 ipsum
1697 4227 1854 4274 extra
1915 4225 2153 4284 coetum,

2329 4225 2410 4278 λει
2449 4227 2608 4281 αὑτὸν
2650 4226 2754 4292 ἔξω
2783 4226 2876 4279 τοῦ
2911 4227 3094 4299 χοροῦ,
3130 4227 3292 4290 αὐτὸς
3333 4226 3574 4295 γενέσθω
3610 4219 3793 4277 ἁπευλῡ-

646 4311 765 4377 ipse
799 4317 984 4364 careat
1004 4306 1406 4362 benedictione.
2333 4318 2477 4386 γίας.

545 4418 548 4420 ⁷
575 4402 644 4458 l6
675 4401 733 4457 Si
765 4401 889 4471 quis
923 4410 1106 4456 careat
1139 4399 1527 4455 benedictione
1567 4400 1946 4471 castigationis
1979 4401 2132 4472 grati:

2262 4415 2336 4473 ις’
2369 4409 2436 4462 Εἴ
2463 4427 2548 4473 τις
2590 4409 2814 4482 γένηται
2845 4410 3178 4478 ἀπευλογίας
3222 4410 3410 4464 ἕνεκεν
3453 4407 3696 4468 παιδείας,
3727 4400 3793 4453 καὶ

641 4497 694 4545 et
720 4504 786 4544 ex
817 4495 1132 4558 contemptu
1188 4503 1247 4542 se
1293 4502 1402 4541 non
1443 4489 1722 4542 excusarit
1745 4528 1760 4553 ,
1798 4497 1852 4544 et
1881 4493 2159 4562 acceperit
2189 4516 2228 4572 Β

2206 4516 2236 4572 [)
2335 4501 2760 4572 καταφρονήσας
2803 4501 2878 4572 μὴ
2922 4501 3352 4573 ἀπολογήσηται,
3385 4502 3482 4554 καὶ
3515 4498 3640 4569 λάὁῃ
3681 4491 3793 4547 εὐλο-

644 4581 1080 4636 benedietionem
1103 4621 1119 4646 ,
1155 4595 1186 4633 a
1216 4580 1430 4636 ueteris
1459 4581 1798 4651 sejungatur.

1292 4580 1430 4636 :teris
1459 4581 1798 4651 sejungatur.
2333 4590 2481 4658 γίαν,
2516 4593 2879 4664 ἀφοριζέσθω.

574 4673 646 4742 17
672 4672 730 4730 Si
753 4673 877 4744 quis
895 4672 1117 4743 apponit
1143 4672 1423 4743 quidpiam
1461 4672 1516 4726 in
1552 4688 1744 4728 mensa
1775 4683 1868 4728 aut
1889 4675 1990 4731 sibi
2021 4677 2146 4747 ipsi,

2257 4681 2324 4748 ιζ’
2352 4683 2420 4736 Εἴ
2445 4701 2529 4748 τις
2554 4686 2846 4756 παρατιθεῖ
2871 4705 2924 4741 τι
2946 4687 3059 4759 (51)
3092 4688 3151 4741 ἑν
3178 4690 3302 4751 ταῖς
3324 4686 3620 4759 τραπέζαις
3649 4681 3677 4752 ἢ
3700 4680 3790 4731 ἐπ’

646 4852 693 4885 ⁷³
721 4849 901 4908 Galat.
925 4869 980 4918 v,
1007 4850 1062 4906 9.
1143 4850 1190 4883 ⁸ο
1224 4848 1388 4905 Prov.
1418 4865 1514 4917 vn,
1547 4851 1635 4905 Η.
1712 4852 1757 4884 ⁸³
1790 4852 2000 4909 Coloss.
2038 4870 2121 4921 Ill,
2155 4857 2242 4912 l5.

793 5033 949 5116 linus
982 5049 1088 5115 ms.
1121 5033 1325 5103 ὁμοίως
1362 5034 1727 5116 ἀφοριζέσθω.

2263 5041 2886 5116 priino_c9njungant_ur
2925 5041 3137 5116 cmterjs
3182 5056 3307 5116 eum
3351 5040 3457 5116 hoc
3485 5037 3635 5116 titulo
3664 5042 3787 5116 gene-

645 5103 759 5182 μϐ)
795 5107 926 5182 ιςεε.
959 5105 1171 5176 primus
1198 5104 1417 5176 συγγνῷ
1455 5103 1704 5177 πταῖσμᾲ
1735 5125 1808 5162 τι.
1851 5109 2003 5164 Alius
2047 5125 2153 5165 ms.

2262 5103 2365 5182 rali
2391 5112 2545 5182 :_Teii
2580 5103 2745 5182 αὑτοῦ
2771 5111 3100 5182 [Βασιλείου]
3127 5112 3221 5164 καὶ
3253 5112 3354 5164 ὅσα
3386 5112 3643 5177 ἐπιτίμια,
3667 5103 3785 5182 ΕῘκξ·

576 5175 1043 5254 intentatam;
1083 5249 1117 5254 __
1186 5247 1254 5254 __
1392 5175 1415 5254 ί-
1558 5175 1638 5254 ,ξ
1731 5247 1779 5254 --
1881 5248 1930 5254 --

2263 5181 2380 5254 clem
2414 5180 2644 5254 [Basilii]
2679 5175 2917 5254 epitimia
2939 5175 3269 5254 quaminiqua
3297 5183 3513 5254 τερενὶτί
3532 5175 3782 5254 ῥοίυεηῖἶιζ

652 5244 766 5315 (27)
799 5244 982 5317 Codex
996 5245 1162 5317 inb.
1186 5247 1254 5302 Εῐ
1279 5267 1364 5312 τις
1393 5245 1697 5317 ὀργισθείη.
1731 5247 1852 5302 Mox
1881 5248 2021 5304 idem
2047 5263 2171 5303 ms.»
2266 5244 2718 5306 Vere‘autem'an'
2741 5252 2878 5304 falso
2904 5244 3213 5306 tribuantur
3237 5251 3459 5316 Basilio,
3479 5244 3618 5304 more
3641 5249 3786 5298 nostro

576 5315 959 5391 παρακαλέσῃ.
995 5315 1138 5391 Ἐξόῇὶ
1173 5315 1568 5391 παρακαλέσει.
1667 5315 1781 5391 “-“
1815 5388 1825 5391 Α
2111 5389 2120 5391 _

1501 5333 1568 5391 ει.
1667 5315 1727 5391 “-
1747 5385 1781 5391 υ
1815 5388 1825 5391 _
2111 5389 2120 5391 _
2269 5322 2324 5376 in
2354 5321 2678 5376 Praefatione
2707 5322 3088 5389 expendimus.

648 5376 774 5472 (τε),
797 5376 979 5472 εοᾳξχ
1001 5387 1157 5442 Colb.
1196 5376 1269 5472 μῇ
1301 5387 1653 5472 συγχωρήσῃ.
1687 5385 1828 5472 Equi
1873 5389 2162 5472 ςυῃίῳρή-

2339 5392 2459 5472 (τοὶ
2498 5391 2642 5446 Editi
2683 5399 2738 5447 et
2771 5376 2926 5445 Coll).
2959 5392 3029 5444 Et
3067 5408 3154 5455 τις
3202 5389 3412 5455 tamen.
3455 5389 3583 5459 Reg.
3616 5381 3786 5454 primus

580 5455 685 5530 σει.
728 5455 851 5530 Mox
889 5457 1034 5512 idem
1078 5455 1340 5528 ω5.’ἔχοι
1383 5455 1629 5530 μομφὴν,
1670 5456 1855 5522 καθὼς
1885 5460 1914 5510 ὁ
1954 5455 2160 5529 Κύριος

2271 5455 2574 5516 συνδυᾶσει.
2861 5529 2871 5530 7
3432 5529 3437 5530 γ
3515 5455 3557 5530 _'
3602 5524 3615 5530 _
3730 5514 3755 5530 ν

578 5526 893 5599 ἐχαρίσατρο
1257 5515 1289 5528 ”
1826 5515 1850 5599 ί
1943 5598 1949 5599 ,
2049 5515 2061 5529 ’
2139 5515 2157 5520 ⁷

2340 5530 2452 5596 (51)
2483 5531 2687 5585 Vocula
2717 5548 2770 5584 τι
2809 5529 2992 5585 addita
3031 5537 3114 5585 est
3145 5545 3210 5584 ex
3235 5524 3691 5599 antiquisduobus
3721 5515 3783 5599 ,Ιῇ

654 5543 682 5579 1
723 5543 893 5580 ισατο.
2340 5543 2452 5596 (bl)
2489 5543 2687 5585 Vocula
2717 5548 2770 5584 τι
2809 5543 2992 5585 addita
3031 5543 3114 5585 est
3145 5545 3210 5584 ex
3235 5543 3342 5583 anu
3387 5545 3472 5584 Uls
3499 5543 3691 5582 auouus
3728 5543 3771 5568 ιι·

654 5543 787 5678 (£9),
821 5595 953 5678 Quae
1002 5604 1310 5678 sequuntur
1359 5595 1614 5678 Ερῑιῑῐηιει
1647 5595 1989 5678 invulgati!
2039 5605 2162 5666 post
2266 5601 2402 5678 bris.
2440 5601 2792 5678 Statimmss.
2828 5601 3130 5678 nostri_au_t
3159 5601 3266 5678 ἀπδ
3303 5545 3566 5678 εξλογίας,
3591 5597 3673 5648 aut
3710 5586 3771 5638 ἀπ

580 5662 1015 5741 βοιιεῐὶιιιιίρηεε
1043 5662 1377 5741 pinnastieas
1406 5662 1584 5741 posita
1609 5672 1741 5719 sunt
1767 5683 1779 5717 :
1810 5662 1906 5723 sed
1927 5683 1993 5741 ea
2021 5662 2157 5741 eon-

1853 5662 1906 5723 Sd
1927 5683 1993 5741 ea
2021 5662 2157 5741 eon-
2269 5671 2544 5740 εὐλογίας.
2577 5671 2720 5727 Editi
2761 5687 2870 5726 uno
2901 5669 3069 5727 verbo
3096 5662 3440 5737 ἀπευλογιας.

581 5735 810 5804 jungere
839 5737 1018 5802 libuit,
1048 5737 1217 5807 idque
1253 5753 1363 5792 non
1395 5735 1512 5794 sine
1544 5751 1732 5800 causa,
1767 5753 1891 5794 cum
1935 5737 1990 5793 in
2024 5735 2158 5808 Reg.
