4018 6226
254 395 280 448 1
293 394 397 450 509

1232 398 1471 455 ΡοΕΝιΕ
1512 398 1579 455 ΙΝ
1619 396 1995 456 MONACHOS
2026 396 2113 451 DE
2134 395 2593 465 LINQUENTES.

3384 399 3523 456 mo

327 509 425 579 τῷ,
449 510 482 581 ἢ
513 511 676 583 ἄλλῳ,
704 511 779 584 μὴ
802 513 1126 585 ἐπιτραπεὶς
1155 515 1308 587 παρὰ
1347 517 1442 571 τοῦ
1484 516 1836 592 ἁρχιμανδρί-

2014 522 2107 569 aut
2134 515 2333 569 alteri:
2370 515 2417 571 si
2442 530 2551 569 non
2590 515 2922 585 permissum
2964 514 3132 570 fuerit
3158 514 3263 584 ipsi
3321 513 3393 571 ab
3434 531 3527 568 ar-

332 617 450 665 του,
478 601 720 669 γενέσθω
750 603 1097 672 ἁπευλογίας.

258 689 331 763 ιη’
368 692 439 745 Εἴ
476 710 560 756 τις
599 694 729 747 ἄνευ
776 696 1044 766 μαφορίου
1086 701 1228 752 ποιεῖ
1271 699 1430 771 ἔργον
1458 703 1516 755 ἐν
1544 702 1839 774 οἱῳδήποτε

331 785 502 854 τόπῳ,
532 785 773 854 γενέσθω
803 787 1150 857 ἀπευλογίας.

258 873 329 927 ιϐ’
351 875 418 927 Εἴ
443 892 526 937 τις
552 877 905 945 συντυγχάνει
932 876 1008 947 τῷ
1036 879 1319 951 ἐρχομένῳ
1343 878 1483 951 ξένῳ
1505 879 1537 951 ἢ
1565 880 1678 951 ίδίῳ
1702 879 1837 951 (52),

337 964 412 1034 μὴ
440 964 765 1035 ἐπιτραπεὶς
789 966 937 1037 παρὰ
963 967 1055 1020 τοῦ
1079 970 1523 1041 ἀρχιμανδρίτου,
1548 972 1705 1033 ἐκτὸς
1734 969 1839 1024 τῶν

335 1054 807 1127 ἐντετυπωμένων,
838 1058 1074 1126 γενέσθω
1098 1062 1446 1131 ἁπευλογίας.

258 1240 311 1288 κ’
344 1235 411 1287 El’
437 1254 521 1299 τις
552 1235 658 1308 ἄρῃ
690 1236 799 1290 ἀπὸ
824 1238 1054 1307 ἀδελφοῦ
1098 1256 1151 1292 τι
1191 1241 1284 1293 καὶ¹
1328 1241 1654 1313 ἀποκρύψει,
1683 1246 1838 1313 γενέ-

333 1328 443 1381 σθω
467 1328 815 1397 ἀπευλογίας.

258 1424 348 1470 κα’
380 1418 449 1471 EE
494 1437 600 1483 τις,
651 1419 725 1491 μὴ
776 1420 954 1475 λαϐὼν
1005 1422 1281 1490 εὐλογίαν,
1337 1424 1504 1478 ἐσθίει
1553 1424 1665 1497 (55)
1713 1425 1838 1480 ἄνευ

335 1511 580 1576 παιδείας
603 1512 699 1579 ὢν,
729 1514 1089 1586 ἀφοριζέσθω.

260 1602 347 1673 κβ¹
374 1605 441 1657 Εἴ
468 1622 551 1669 τις
580 1606 678 1676 οὐχ
724 1609 849 1679 αἱρῇ
907 1609 1153 1678 εὐλογίαν
1179 1613 1259 1676 εἰς
1295 1612 1385 1666 τὸν
1417 1611 1623 1682 ὅρδινον
1652 1609 1837 1671 αὑτοῦ,

331 1695 570 1764 γενέσθω
615 1698 976 1768 ἀπευλογίας·
1035 1705 1083 1756 εί
1140 1703 1197 1756 δὲ
1254 1704 1443 1776 χρείας
1466 1704 1679 1767 ,ἐνεκεν
1742 1703 1841 1756 οὐκ

332 1784 585 1853 ἔφθασεν,
611 1788 1059 1859 ἁπολογησάσθω.

2011 608 2398 674 chimandrita,
2422 609 2667 670 privetur
2700 609 3101 665 benedictione.

1941 698 2010 753 18
2040 697 2098 752 Si
2132 699 2257 769 quis
2292 701 2498 769 absque
2546 700 2744 770 capitis
2798 700 3067 754 velamine
3112 712 3251 769 opus
3287 696 3419 751 facit
3469 697 3527 750 in

2011 807 2343 861 quocunque
2374 792 2518 857 loco,
2547 792 2790 860 privetur
2833 791 3236 846 benedictione.

1940 883 2009 939 i9
2042 883 2099 938 Si
2127 885 2252 955 quis
2296 899 2406 939 non
2450 884 2577 938 data
2606 884 2674 939 ab
2728 883 3160 938 archimandrita
3214 881 3478 936 facultate
3507 920 3521 941 ,

2011 989 2135 1029 cum
2167 975 2351 1044 aliquo
2381 981 2611 1030 externo
2662 973 2959 1028 accedente
2984 1013 2999 1038 ,
3048 982 3143 1027 aut
3177 987 3301 1027 cum
3340 972 3523 1039 aliquo

2018 1066 2395 1121 contubernali
2425 1065 2759 1137 colloquitur
2780 1104 2795 1130 ,
2832 1064 3079 1133 exceptis
3122 1063 3195 1117 iis
3217 1102 3234 1128 ,
3289 1077 3521 1132 quorum

2013 1159 2116 1213 hoc
2147 1175 2348 1214 munus
2378 1168 2482 1223 est,
2512 1175 2711 1230 expers
2745 1160 2815 1214 sit
2851 1156 3273 1213 benedictionis.

1939 1251 2011 1306 ‘20
2040 1250 2097 1304 Si
2125 1251 2248 1321 quis
2288 1251 2579 1307 abstulerit
2628 1251 2836 1320 aliquid
2886 1265 2917 1303 a
2972 1250 3164 1314 fratre,
3196 1258 3251 1304 et
3280 1249 3526 1304 occulta-

2011 1343 2172 1407 verit,
2202 1351 2388 1398 careat
2418 1343 2819 1398 benedictione.

1939 1433 2004 1487 2i
2039 1433 2096 1488 Si
2127 1436 2252 1505 quis
2278 1450 2403 1489 cum
2436 1435 2570 1488 nulli
2602 1448 2778 1503 ptenae
2802 1433 3058 1488 addictus
3082 1434 3175 1499 sit,
3198 1432 3311 1487 edit
3338 1440 3524 1486 tamen

2009 1543 2120 1582 non
2172 1536 2393 1597 accepta
2435 1528 2840 1590 benedictione,
2873 1533 3190 1597 segregator
3220 1540 3251 1578 a
3284 1526 3521 1579 caeteris.

1938 1619 2009 1673 9.2
2037 1619 2093 1674 Si
2123 1621 2249 1690 quis
2276 1620 2719 1676 benedictionem
2743 1619 2936 1673 ordine
2959 1633 3062 1673 suo
3092 1633 3203 1672 non
3233 1618 3520 1685 receperit,

2012 1720 2198 1765 careat
2247 1711 2630 1766 benedictione
2662 1731 2675 1766 ε
2726 1712 2810 1765 sin
2844 1718 3027 1766 autem
3056 1710 3385 1765 necessitate
3423 1724 3520 1764 co-

2012 1813 2169 1875 gente
2198 1819 2305 1858 non
2328 1805 2593 1869 occurrit,
2621 1814 2847 1859 excuset
2874 1820 2952 1860 se.

257 1876 349 1945 κγ’
386 1878 453 1931 Εἴ
474 1896 558 1940 τις
612 1881 808 1952 εὑρεθῇ
854 1883 952 1954 τὴν
998 1883 1167 1937 νύκτα
1214 1883 1429 1948 ίδιὰξων
1484 1884 1623 1955 μετά
1672 1900 1836 1948 τινος,

1971 1870 2105 1951 15-δὶ
2136 1898 2261 1967 quis
2292 1897 2606 1952 inveniatur
2656 1905 2823 1951 noctu
2878 1898 3135 1968 privatim
3183 1911 3307 1951 cum
3338 1895 3522 1964 aliquo

328 1968 361 2039 ἢ
387 1969 475 2023 τὸν
496 1971 659 2024 τόπον
700 1972 1002 2040 ἀλλάσσων,
1030 1977 1162 2030 ὅπου
1195 1979 1477 2047 κοιμᾶται,
1520 1976 1669 2049 παρὰ
1699 1974 1841 2045 γνώ-

330 2081 435 2135 μην
459 2065 567 2119 τῶν
600 2068 1078 2140 ἐντετυπωμένων,
1110 2070 1471 2142 ἁφοριζέσθω.

254 2259 335 2315 κδ’
368 2263 435 2315 Εἰ
461 2280 545 2327 τις
576 2263 832 2334 ἐμϐάλλει
881 2264 1069 2317 ἐαυτὸν
1100 2266 1179 2327 είς
1217 2263 1345 2318 ἄλλο
1391 2264 1571 2336 ἔργον,
1606 2262 1680 2335 μὴ
1714 2265 1836 2316 ἐπι-

322 2355 569 2424 τραπεὶς,
609 2355 849 2423 γενέσθω
887 2354 1234 2422 ἁπευλογίας.

251 2443 334 2497 κε’
393 2445 461 2498 Εἴ
502 2463 586 2509 τις
643 2446 883 2519 ἀλλάσσῃ
940 2464 994 2499 τι
1047 2447 1183 2518 μετὰ
1212 2446 1412 2509 ἔτινος,
1461 2446 1494 2517 ἢ
1552 2443 1835 2516 χαρίζεται

325 2537 477 2609 παρὰ
504 2537 729 2610 γνώμην
771 2539 864 2592 τοῦ
908 2538 1354 2611 ἀρχιμανδρίτου,
1398 2538 1638 2608 γενέσθω
1668 2539 1837 2591 ἀπευ-

320 2629 523 2697 λογίας.

252 2729 349 2788 κς¹
379 2725 446 2777 Εἴ
471 2741 555 2787 τις
605 2723 843 2796 ἑσπέρας
888 2723 1026 2794 μετὰ
1074 2721 1134 2776 τὸ
1175 2720 1368 2790 Πάτερ
1422 2718 1594 2789 ἡμῶν
1636 2717 1833 2790 εὑρεθῇ

325 2815 547 2885 ὁμιλῶν,
582 2814 945 2887 ἀφοριζέσθω.

250 2905 336 2971 κζ’
375 2906 440 2959 Εἴ
476 2925 561 2970 τις
609 2907 718 2961 τῶν
760 2907 1112 2976 ὑγιαινόντων
1162 2906 1422 2977 κοιμᾶται
1460 2903 1564 2971 ἔξω
1605 2901 1699 2956 τοῦ
1743 2903 1835 2955 εὐ-

328 2999 576 3067 κτηρίου,
607 2997 747 3051 ἔστω
779 2998 1179 3068 ἀφωρισμένος.

251 3088 342 3160 κη’
376 3089 443 3142 Εἴ
480 3107 563 3153 τις
609 3092 667 3143 ἐν
712 3087 961 3161 τραπέζῃ
1002 3088 1198 3141 ἐσθίων
1245 3087 1495 3158 φλυαρεῖ,
1540 3084 1837 3156 ἐγειρέσθω

320 3184 401 3245 εἰς
429 3182 755 3254 προσευχήν.

250 3275 339 3330 κθ⁹
374 3277 440 3329 Et
481 3292 565 3338 τις
590 3273 815 3343 γένηται
867 3273 1215 3341 ἀπευλογίας,
1257 3272 1352 3325 καὶ
1390 3268 1651 3341 λυπηθεὶς
1689 3269 1838 3321 ἀντι-

328 3365 596 3420 παιδεύσει
625 3366 715 3418 τὸν
748 3364 1122 3428 παιδεύσοντα,
1157 3365 1190 3434 ἢ
1237 3362 1530 3430 ἀντιλέγων
1565 3360 1639 3431 μὴ
1670 3376 1826 3413 καταρ

329 3462 567 3531 δέξηται,
596 3460 956 3533 ἀφοριζέσθω.
989 3461 1054 3513 Et
1085 3459 1142 3511 δὲ
1164 3458 1310 3527 λέγοι
1350 3457 1553 3520 ἀδίκως
1586 3454 1837 3509 παιδεύε-

328 3555 472 3619 σθαι,
515 3552 864 3625 γνωριζέσθω
907 3553 1006 3622 τὴν
1055 3552 1235 3606 αἰτίαν
1282 3548 1833 3621 τῷτὰρχιμανδρίτῃ,

325 3647 421 3700 καὶ
441 3647 503 3700 τὸ
533 3647 624 3700 ὑπ’
648 3642 812 3699 αὐτοῦ
840 3643 1155 3716 ὁριζόμενον
1175 3640 1558 3713 καταδεχέσθω
1580 3640 1711 3711 (54).

246 3840 296 3895 λ’
331 3839 398 3894 Εἴ
417 3856 503 3901 τις
522 3837 638 3908 ἔχει
662 3837 799 3910 πρός
839 3854 962 3891 τινα
1006 3835 1203 3907 λύπην,
1236 3837 1330 3889 καὶ
1371 3837 1729 3910 καταφρονῶν
1761 3838 1837 3910 μὴ

319 3929 691 3983 διαλλάσσεται
730 3928 836 4001 πρὸ
863 3929 960 3999 τῆς
991 3927 1312 4000 ὑπηρεσίας,
1344 3926 1378 3999 ἢ
1417 3927 1563 3997 λέγει
1593 3928 1703 4001 (55)
1737 3930 1838 4001 τὴν

323 4023 501 4075 αἰτίαν
543 4021 621 4091 τῷ
661 4020 1095 4094 ἁρχιμανδρίτῃ,
1139 4020 1173 4091 ἢ
1224 4019 1302 4091 τῷ
1334 4020 1707 4092 ἀρχικουνίτη,
1734 4021 1838 4090 ἁφ-

326 4112 611 4187 οριζέσθω.

250 4207 333 4262 λα’
367 4207 434 4259 Εἴ
459 4223 543 4268 τις
573 4208 631 4259 ἐν
660 4204 844 4276 ἡμέρᾳ
892 4202 1211 4274 προσφορᾶς
1246 4200 1446 4255 κωλύει
1493 4200 1685 4255 ἐαυτὸν
1738 4202 1837 4272 τῆς

332 4300 612 4362 κοινωνίας
646 4298 756 4367 (56)
793 4294 945 4367 παρὰ
986 4292 1211 4365 γνώμην
1249 4294 1345 4347 τοῦ
1389 4292 1835 4365 ἀρχιμανδρίτου,

327 4390 567 4461 γενέσθω
596 4388 944 4457 ἁπευλογίας.

248 4484 332 4556 λβ¹
358 4482 427 4537 Εἴ
447 4500 532 4547 τις
559 4482 666 4535 ἀπὸ
693 4479 926 4552 Γραφῶν
955 4477 1272 4548 φιλονείκως
1315 4478 1643 4546 διαλέγεται,
1683 4475 1837 4546 γενέ-

2009 1990 2214 2060 degens
2235 2030 2249 2054 ,
2296 1992 2379 2045 vel
2427 1991 2609 2045 locum
2642 1992 2733 2045 ubi
2767 1991 2969 2046 dormit
3004 1999 3352 2045 commutans
3381 2004 3524 2058 pra:-

2008 2088 2094 2135 ter
2122 2082 2457 2137 voluntatem
2488 2085 2931 2153 prmpositorum,
2964 2092 3287 2139 caeterorum
3336 2083 3520 2152 prive-

2009 2179 2099 2226 tur
2130 2175 2429 2229 consortio.

1936 2263 2006 2318 24
2042 2264 2097 2319 Si
2129 2268 2254 2335 quis
2289 2265 2497 2336 absque
2541 2269 2814 2338 permissu
2875 2266 3109 2321 iutrudit
3160 2281 3220 2322 se
3278 2266 3333 2318 in
3383 2279 3521 2335 opus

2007 2355 2176 2419 aliud,
2214 2356 2462 2425 privetur
2494 2357 2895 2412 benedictione.

1934 2446 2005 2502 25
2041 2447 2098 2502 Si
2128 2448 2253 2519 quis
2287 2457 2558 2519 permutet
2589 2449 2790 2519 aliquid
2828 2464 2954 2503 eum
2998 2449 3199 2516 aliquo,
3234 2456 3326 2502 aut
3362 2446 3524 2517 quid~

2007 2539 2151 2609 piam
2177 2540 2442 2610 largiatur
2466 2549 2664 2611 praeter
2683 2543 3013 2597 sententiam
3055 2540 3520 2604 archimandritas,

2006 2647 2202 2700 expers
2234 2633 2305 2687 sit
2336 2633 2765 2689 benedictionis.

1934 2723 2005 2779 26
2037 2723 2093 2777 Si
2129 2726 2254 2795 quis
2311 2727 2525 2796 vesperi
2579 2734 2704 2798 post
2758 2725 2923 2780 Pater
2978 2736 3155 2781 noster
3206 2725 3521 2780 inveniatur

2001 2816 2341 2886 colloquens,
2374 2818 2609 2871 aliorum
2645 2817 2894 2886 privetur
2924 2820 3205 2873 societate.

1934 2906 2006 2961 27
2036 2906 2091 2962 Si
2125 2908 2250 2979 quis
2272 2924 2336 2963 ex
2374 2909 2441 2964 iis
2477 2909 2571 2979 qui
2619 2910 2827 2980 integra
2864 2917 2993 2965 sunt
3038 2908 3370 2973 valetudine,
3402 2907 3524 2963 dor-

2007 2999 2105 3053 mit
2139 3008 2291 3054 extra
2320 3000 2622 3054 oratorium
2644 3041 2660 3065 ,
2692 3002 2765 3053 sit
2788 3001 2856 3055 ab
2888 3000 3012 3055 aliis
3042 3001 3346 3067 sejunctus.

1936 3089 2005 3144 9:8
2042 3088 2097 3143 Si
2131 3091 2256 3160 quis
2308 3091 2364 3145 in
2400 3106 2588 3145 mensa
2634 3091 2929 3147 comedens
2979 3100 3234 3161 nugatur,
3273 3092 3523 3161 adigatur

2012 3182 2080 3236 ad
2128 3183 2419 3239 orandum.

1937 3273 2009 3329 29
2041 3275 2098 3328 Si
2153 3275 2276 3345 quis
2325 3276 2567 3330 caruerit
2614 3274 3028 3337 benedictione,
3067 3284 3120 3328 et
3149 3289 3291 3343 azgre
3343 3272 3523 3330 ferens

2008 3364 2257 3421 vicissim
2284 3365 2624 3437 redarguerit
2653 3364 3095 3436 redarguentem,
3122 3374 3216 3417 aut
3244 3366 3522 3420 contradi-

2007 3473 2139 3515 cens
2190 3474 2397 3513 morem
2447 3474 2559 3513 non
2603 3458 2859 3529 gesserit,
2894 3464 3185 3526 separetur
3215 3470 3245 3509 a
3276 3459 3518 3513 caeteris.

2008 3548 2163 3615 Quod
2191 3548 2236 3604 si
2260 3548 2457 3604 dixerit
2478 3548 2733 3619 redargui
2764 3564 2824 3603 se
2855 3546 3153 3610 immerito,
3179 3561 3405 3603 causam
3429 3565 3523 3603 no-

2010 3648 2120 3695 tam
2154 3640 2317 3695 l'aciat
2340 3639 2803 3705 archimandritas,
2838 3646 2893 3694 et
2918 3638 3064 3709 quod
3094 3638 3162 3693 ab
3200 3640 3319 3708 ipso
3346 3648 3521 3695 statu-

2010 3740 2126 3786 tum
2153 3731 2338 3798 fuerit,
2378 3739 2664 3802 sequatur.

1936 3821 2007 3877 50
2041 3820 2098 3875 Si
2125 3821 2249 3892 quis
2277 3824 2348 3876 sit
2380 3822 2617 3891 cuipiam
2648 3819 2895 3877 oil'ensus
2915 3859 2931 3885 ,
2985 3828 3040 3874 et
3071 3819 3128 3875 id
3155 3828 3519 3877 contemnens

2006 3930 2116 3970 non
2157 3914 2545 3969 reconcilietur
2597 3922 2724 3969 ante
2758 3913 3128 3969 ministerium
3166 3933 3179 3969 :
3224 3914 3331 3970 nisi
3372 3913 3520 3968 dicat

1976 4023 2233 4077 ,causam
2289 4007 2733 4062 archimandritae
2786 4014 2881 4061 aut
2943 4007 3327 4063 cubiculorum
3374 4022 3518 4078 prae-

2006 4098 2173 4164 fecto,
2208 4100 2531 4170 sejungatur
2554 4114 2582 4151 a
2616 4100 2853 4158 caeteris.

1934 4190 1996 4245 5i
2037 4189 2093 4245 Si
2127 4192 2255 4261 quis
2290 4192 2346 4246 in
2386 4191 2475 4247 die
2507 4192 2803 4248 oblationis
2840 4192 3133 4248 removerit
3187 4209 3245 4249 se
3299 4209 3329 4246 a
3370 4208 3522 4248 eom-

2005 4284 2268 4340 munione
2334 4292 2533 4356 praeter
2606 4287 2940 4341 sententiam
3020 4286 3464 4341 archimandrita:
3502 4327 3519 4351 .

2006 4394 2204 4448 expers
2233 4378 2305 4435 sit
2338 4377 2766 4434 benedictionis.

1936 4469 2007 4524 32
2037 4468 2093 4523 Si
2128 4470 2253 4540 quis
2282 4486 2348 4523 ex
2381 4468 2683 4540 Scripturis
2717 4471 3063 4526 contentiose
3108 4468 3385 4539 disputat,
3429 4485 3521 4522 ca-

330 4576 440 4629 σθω
493 4572 850 4642 ἁπευλογίας·
899 4572 948 4623 εἰ
1006 4569 1063 4622 δέ
1112 4569 1516 4639 παραγγελθεὶς
1569 4568 1836 4645 ἐπιμένει¹

2019 4569 2137 4618 reat
2189 4562 2613 4617 benedictione:
2671 4562 2718 4617 si
2750 4570 2896 4629 ,νει-ο
2945 4563 3314 4616 commonitus
3344 4576 3523 4632 perse—

328 4666 400 4731 ὼς
432 4665 663 4737 ἀπειθὴς
687 4664 799 4735 (57)
825 4662 918 4716 καὶ
944 4659 1314 4725 ἀνυπότακτος
1337 4660 1697 4733 ἀφοριζέσθω.

247 4846 334 4914 λγ¹
368 4842 436 4896 Εἴ
469 4860 553 4905 τις
592 4841 783 4895 πλύνει
822 4839 856 4912 ἦ
896 4840 1084 4909 ἐτέρου
1120 4839 1152 4909 ἢ
1191 4837 1387 4893 ἐαυτοῦ
1430 4839 1643 4909 ἱμάτιον
1686 4839 1837 4912 παρὰ

324 4936 550 5007 γνώμην
582 4935 676 4988 τοῦ
701 4934 1147 5006 ἀρχιμανδρίτου,
1172 4932 1414 5001 γενέσθω
1444 4932 1793 5001 ἀπευλογίας.

248 5114 329 5169 λδ¹
363 5114 430 5167 Εἴ
456 5130 541 5176 τις
573 5111 1009 5183 ἀπολιμπάνεται
1034 5110 1139 5163 τῶν
1168 5108 1479 5181 τραπεζῶν,
1503 5110 1576 5183 μὴ
1596 5112 1833 5184 εἰρηκὼς

323 5207 424 5277 τὴν
458 5204 659 5269 αἰτίαν,
686 5203 894 5275 μενέτω
922 5202 1126 5265 ἄσιτος.

326 5362 442 5435 ('52)
487 5358 1130 5435 SicARegii‘primusuet
1184 5357 1400 5412 tertius.
1457 5356 1643 5435 Codex
1678 5358 1834 5435 Colb.

248 5428 731 5505 τοῖςέρχομένοις
763 5428 932 5494 ξένοις
962 5429 994 5498 ἢ
1034 5428 1240 5505 ἰδίοις’,
1264 5443 1389 5505 quae
1433 5432 1730 5505 scriptura,
1769 5432 1834 5505 _si

250 5503 345 5559 cui
382 5498 454 5558 ita
474 5498 626 5563 libet,
645 5511 699 5556 et
721 5503 835 5569 ipsa
860 5514 1079 5570 quoque
1098 5498 1312 5553 admitti
1335 5507 1534 5569 potest.
1559 5500 1704 5555 Editi
1727 5500 1836 5553 τῶν

247 5574 564 5645 ἐρχομένων
648 5570 820 5645 ξένων
844 5570 876 5641 ἢ
906 5570 1070 5645 ξδίωνἒ

327 5638 439 5715 (55)
468 5638 712 5697 ΕᾰίιίἘῖ
744 5659 829 5715 τις
981 5639 1134 5693 λάϐοι
1176 5638 1446 5708 εὐλογίαν,
1495 5642 1588 5695 καὶ
1637 5642 1826 5699 ἐσθίει,

252 5711 390 5780 Reg.
421 5711 637 5781 primus
668 5718 728 5766 ut
761 5711 815 5781 in
847 5718 1130 5781 contextu.

327 5777 440 5853 (δι)
476 5782 617 5855 Editi
656 5790 712 5855 et
754 5780 909 5855 Golb.
965 5780 1061 5833 καὶ
1100 5777 1194 5855 τού
1245 5779 1826 5855 Παύλουῌὸριζομένου

254 5850 657 5927 καταδεχέσθω.
685 5852 835 5924 Regii
871 5853 976 5907 duo
1000 5866 1132 5906 mss.
1170 5850 1243 5904 ita
1275 5859 1333 5905 ut
1356 5850 1645 5910 edidimus.

2018 4660 2208 4717 veret,
2246 4654 2395 4709 velut
2431 4654 2803 4725 inobsequeus
2843 4661 2899 4706 et
2945 4661 3260 4717 contumax,
3292 4665 3520 4708 caetero-

2013 4762 2134 4801 rum
2162 4746 2406 4816 privetur
2432 4748 2729 4803 consortio.

1941 4839 2011 4893 55
2044 4838 2207 4909 529
2241 4837 2298 4892 Si
2331 4840 2456 4908 quis
2496 4840 2639 4894 lavet
2672 4848 2767 4895 aut
2813 4840 3042 4895 alterius
3089 4846 3180 4893 aut
3237 4853 3391 4894 suam
3427 4854 3521 4894 ve-

2012 4937 2148 4984 stem
2186 4939 2381 4999 praater
2410 4931 2746 4985 voluntatem
2795 4931 3273 4997 archimandritae,
3336 4938 3522 4986 careat

2011 5020 2411 5077 benedictione.

1943 5114 2014 5167 54
2042 5112 2098 5167 Si
2125 5115 2252 5183 quis
2280 5114 2426 5170 absit
2451 5129 2483 5168 a
2513 5113 2745 5179 mensis,
2770 5127 2882 5167 non
2911 5110 3060 5165 dicta
3085 5125 3274 5175 causa,
3303 5118 3522 5165 maneat

2017 5203 2261 5274 jejunus.
3600 5200 3603 5201 ⁷

2018 5359 2133 5432 (55)
2163 5360 2262 5415 Vir
2305 5359 2660 5432 doctissimus
2688 5358 3050 5432 Combetisius
3083 5361 3370 5432 tegendum
3416 5374 3519 5429 pu-

1945 5430 2043 5503 tat,
2076 5435 2125 5485 εί
2161 5432 2235 5503 μὴ
2263 5432 2432 5500 λέγει,
2463 5446 2565 5503 nec
2590 5431 2902 5494 immerito;
2938 5430 3045 5503 nisi
3073 5430 3228 5484 dicas
3275 5432 3523 5503 particu-

1942 5502 2050 5556 lam
2084 5501 2171 5573 μὴ’
2200 5501 2633 5573 subaudiendam
2681 5517 2804 5559 esse
2846 5517 2911 5556 ex
2957 5501 3066 5555 illis
3101 5516 3222 5572 quae
3276 5501 3523 5570 proxime

1940 5571 2275 5642 praecedunt,
2315 5573 2389 5642 μὴ
2423 5571 2820 5628 διαλλάσσεται.

2012 5643 2124 5713 (56)
2157 5642 2301 5696 Editi
2316 5638 2563 5696 ’κωλύσει
2598 5645 2789 5697 ἐαυτὸν
2810 5644 2932 5705 ταῖς
2960 5640 3288 5705 κοινωνίαις.
3321 5642 3391 5695 At
3413 5638 3522 5696 Be-

1939 5712 2010 5783 gii
2034 5712 2143 5768 duo
2170 5728 2307 5783 mss.
2344 5722 2403 5767 ut
2422 5714 2476 5767 in
2507 5723 2787 5768 contextu.

2009 5784 2123 5857 (57)
2160 5782 2654 5857 Sic_niss._nostri,
2686 5802 2794 5839 non
2828 5794 2888 5841 ut
2932 5785 3086 5853 editi,
3120 5786 3175 5843 in
3209 5783 3413 5857 quibus
3444 5780 3516 5841 il-

1936 5853 2050 5921 lud,
2089 5852 2319 5927 ἀπειθὴς
2348 5853 2459 5922 καί,
2483 5854 2849 5913 desideratur.
