4018 6226
264 393 395 448 1515
1197 382 1433 444 ΡΟΕΝΑΞ
1477 389 1543 443 IN
1585 386 1851 442 MONACF

1909 386 1958 441 DS
2000 387 2549 454 DELINQUENTES.
3361 386 3496 442 £3“

320 513 428 566 τῶν
451 508 930 582 ἑντετυπωμένων,
959 508 1078 576 γενέ
1087 508 1197 562 σθω
1223 509 1569 576 ἀπευλογίας.
1849 511 1896 565 Α

1998 507 2291 574 loquatur,
2325 512 2554 576 excepto
2595 504 2742 575 quod
2774 505 2865 560 det
2909 519 3096 576 pacem
3120 544 3135 565 .
3177 504 3250 559 sit
3274 505 3501 560 benedi-

1462 661 1467 666 _
1999 599 2196 654 ctiouis
2239 612 2455 668 expers.

264 697 330 745 ια’
373 689 442 742 Εἴ
496 706 581 753 τις
629 689 780 759 ὀχλεῖ
833 687 911 758 τῷ
948 686 1343 758 ἀρχιμανδρίτῃ
1408 685 1676 757 προφάσει
1724 685 1821 753 τῆς

1923 693 1983 745 51
2024 690 2082 745 Si
2127 690 2253 760 quis
2282 689 2548 743 molestus
2601 691 2685 740 est
2745 683 3189 739 archimandritae
3235 693 3500 754 praetextu

323 782 652 853 ἐφημερίας,
689 781 830 852 πλὴν
862 779 954 833 τοῦ
987 779 1300 850 κελλαρίου,
1340 779 1372 848 ἢ
1408 778 1502 830 τοῦ
1544 776 1822 848 ἁρχιεϐδο-

1997 799 2176 853 operae
2207 796 2302 852 per
2343 781 2492 835 vices
2539 775 2921 847 suscipienda),
2952 787 3180 846 excepto
3229 779 3452 833 cellario
3481 819 3497 843 ,

327 875 545 946 μαρίου,
572 871 813 941 γενέσθω
841 871 1170 938 ἀπευλογίας
1189 883 1204 898 °
1237 871 1323 923 ἴνα
1348 869 1582 938 ἑκάστης
1613 869 1821 936 ἑφημεο⁹

2013 881 2108 928 aut
2185 869 2734 933 archihebdomario,
2804 869 2879 923 sit
2946 867 3345 926 benedictionis
3398 886 3496 924 ex-

328 967 448 1038 ρίας
480 967 509 1018 ὁ
535 963 989 1036 ἀρχιεϐδομάριος
1017 963 1112 1015 καὶ
1137 964 1166 1016 ὁ
1196 959 1520 1032 φροντιστὴς
1549 959 1678 1029 περὶ
1714 957 1822 1010 πά-

2004 979 2169 1035 pers:
2227 971 2286 1017 ut
2348 961 2916 1024 archihebdomarius,
2977 959 3071 1028 qui
3139 960 3339 1030 cuique
3394 961 3502 1016 vici

323 1073 424 1126 σης
448 1055 638 1126 χρείας
661 1050 1020 1124 φροντίζωσιν
1054 1049 1350 1122 ἐπιμελῶς,
1381 1050 1470 1103 ἵνα
1496 1049 1570 1120 μὴ
1597 1047 1674 1120 τῷ
1701 1046 1821 1118 κρί-

2004 1065 2219 1128 praeest,
2259 1063 2311 1110 et
2344 1061 2668 1126 procurator
2720 1051 2956 1107 habeant
3009 1051 3259 1107 sedulam
3311 1067 3500 1106 curam

327 1163 459 1218 ματι
488 1145 586 1215 τῆς
619 1143 878 1214 ἀμελείας
907 1142 1277 1213 συμπέσωσιν.

1995 1163 2176 1203 rerum
2207 1144 2574 1216 quarumlibet
2602 1142 3064 1209 necessariarum,
3084 1142 3224 1196 nein
3237 1140 3502 1212 judicium

2009 1238 2355 1309 negligentia:
2380 1236 2648 1290 incidant.

263 1320 332 1391 ιβ’
370 1321 436 1374 Et
475 1338 559 1383 τις
601 1320 843 1390 ἀκαίρως
886 1318 1103 1389 ἔρχεται
1141 1321 1220 1380 εἰς
1250 1318 1310 1370 τὸ
1347 1316 1698 1388 ἑψητήριονῆ
1745 1316 1824 1378 εἰς

1924 1331 1994 1386 52
2031 1330 2088 1384 Si
2131 1331 2256 1401 quis
2300 1327 2678 1398 intempestive
2710 1325 2858 1380 venit
2890 1325 2946 1378 in
2997 1325 3234 1379 culinam
3267 1332 3360 1378 aut
3404 1323 3509 1377 cel-

324 1410 385 1462 τὺ
421 1407 703 1480 κελλάριον
741 1409 897 1473 ὲκτός
939 1409 1046 1462 τῶν
1088 1406 1543 1476 ἑντετυπωμένων
1590 1404 1683 1458 καὶ
1715 1403 1824 1456 τῶν

2000 1423 2234 1486 larium,
2282 1430 2476 1492 praeter
2527 1418 2850 1489 praepositos
2901 1426 2955 1472 et
2997 1416 3301 1488 disciplina:
3347 1432 3507 1472 cura-

325 1500 721 1573 φροντιζόντων
749 1503 847 1572 τῆς
886 1499 1160 1566 εὐταξίας,
1195 1499 1433 1569 γενέσθω
1472 1495 1821 1564 ἀπευλογίας.

1304 1499 1433 1553 ἐσθω
1472 1495 1821 1564 ἀπευλογίας-
1995 1521 2173 1575 tores,
2212 1514 2456 1583 privetur
2491 1509 2891 1564 benedictione.

261 1599 334 1662 .ry'
375 1593 442 1645 Εἴ
483 1611 564 1656 τις
620 1593 958 1658 ἐξυπνισθεὶς
1007 1593 1159 1664 παρά
1193 1609 1338 1654 τινος
1381 1588 1598 1659 λυπηθῇ
1655 1588 1712 1639 ἑν
1747 1585 1825 1656 τῷ

1926 1605 1993 1660 55
2026 1602 2082 1658 Si
2110 1603 2235 1674 quis
2265 1599 2679 1670 expergefactus
2715 1600 2782 1654 ab
2808 1600 2992 1670 aliquo
3025 1601 3081 1654 in
3107 1607 3354 1670 tempore
3397 1602 3505 1655 mi-

325 1686 504 1757 καιρῷ
544 1687 642 1758 τῆς
680 1687 985 1759 ὑπηρεσίας
1019 1686 1052 1756 ἢ
1096 1685 1190 1738 τοῦ
1231 1683 1675 1753 ἀναγνώσματος.
1723 1681 1827 1749 ἀφ·-

1997 1695 2209 1751 nisterii
2235 1702 2329 1748 aut
2370 1693 2645 1759 lectionis,
2674 1708 2817 1764 aegre
2857 1692 3040 1762 ferat,
3089 1708 3120 1747 a
3146 1694 3362 1749 caeteris
3416 1711 3505 1750 se-

327 1778 614 1851 οριζὲσθω.

2000 1795 2274 1858 gregetur.

259 1871 329 1926 νδ¹
366 1872 434 1925 Εἴ
475 1891 560 1936 τις
593 1871 866 1944 περισσῶς
912 1870 1048 1943 μετά
1084 1870 1182 1942 τὴν
1224 1867 1510 1937 ἐπίσκεψιν
1547 1864 1644 1936 τὴν
1693 1859 1830 1933 μετὰ

1930 1879 2000 1934 54
2037 1879 2093 1933 Si
2121 1881 2245 1949 quis
2287 1880 2407 1937 sine
2433 1897 2600 1937 causa
2631 1893 2754 1952 post
2781 1882 3149 1937 visitationem
3183 1880 3505 1934 matutinam

328 1963 400 2017 τὰ
443 1964 671 2036 ὀρθρινὰ
712 1963 1018 2034 εἰσέρχεται
1059 1964 1140 2026 είς
1170 1961 1232 2013 τὺ
1266 1961 1634 2029 νοσοκομεῖον,
1671 1953 1826 2014 me);

2005 1973 2309 2042 ingreditur
2339 1975 2395 2028 in
2424 1975 2906 2038 valetudinarium,
2934 1959 3510 2046 prmtér'hesychastas

328 2055 439 2110 τῶν
459 2056 780 2127 ἡσυχαστῶν
805 2056 898 2108 καὶ
917 2054 1014 2126 τὴν
1036 2052 1290 2125 φροντίδα
1314 2048 1825 2122 ἐγκεχειρισμένων,

1993 2074 2047 2118 et
2078 2073 2272 2133 praeter
2320 2081 2416 2122 eos
2461 2083 2692 2137 quorum
2728 2067 2831 2121 hoc
2883 2067 3120 2122 officium
3176 2075 3281 2133 est,
3327 2073 3511 2122 careat

327 2149 568 2220 γενέσθω
595 2146 944 2216 ἀπευλογίας.

822 2146 944 2214 πίας.
2010 2157 2409 2212 benedictione.

256 2250 330 2298 υε’
389 2241 456 2294 Εἴ
509 2258 593 2304 τις
636 2240 786 2310 παρὰ
827 2237 1051 2309 γνώμην
1100 2235 1194 2290 τοῦ
1238 2235 1534 2303 νοσοκόμου
1577 2229 1830 2285 εἰσελθὼν

1931 2248 2000 2304 55
2032 2248 2088 2302 Si
2115 2250 2238 2319 quis
2263 2258 2459 2319 praeter
2488 2249 2828 2303 voluntatem
2856 2247 3131 2302 curatoris
3157 2256 3508 2316 aegrotorum,

331 2331 600 2386 ἀναπαύει
633 2331 714 2392 είς
749 2330 807 2383 τὸ
840 2329 952 2396 (46)
987 2329 1354 2398 νοσοκομείον,
1384 2323 1626 2394 γενέσθω
1663 2324 1833 2376 ἀπευ-
1909 2359 1914 2362 -

2011 2342 2294 2411 ingressus
2323 2343 2379 2396 in
2405 2341 2888 2405 valetudinarium,
2929 2341 3044 2394 illic
3070 2339 3383 2410 requiescit,
3414 2354 3510 2391 ca-

331 2425 518 2492 λογίας
537 2441 549 2454 ·
585 2423 632 2475 εἰ
663 2422 721 2475 δὲ
760 2420 1057 2490 θλίϐεταιῆ
1085 2420 1378 2491 ἀρῥωστεῖ,
1406 2415 1646 2486 δηλούτω
1677 2411 1830 2483 πρῶ-

2002 2442 2119 2486 reat
2153 2434 2574 2490 benedictione:
2610 2435 2657 2490 si
2691 2449 2822 2489 vero
2852 2432 3164 2496 amictatur,
3209 2439 3304 2485 aut
3332 2444 3507 2500 aegro-

333 2533 423 2569 τον
445 2515 521 2586 τῷ
554 2515 852 2586 νοσοκόμῳ.

2003 2533 2104 2590 tat,
2138 2525 2343 2581 indicet
2373 2528 2426 2582 id
2463 2527 2617 2598 prius
2645 2525 3025 2582 valetudinarii
3057 2524 3333 2594 pratfecto.

261 2613 351 2672 νς¹
390 2606 457 2658 Εἴ
505 2623 588 2668 τις
626 2604 735 2658 τῶν
780 2603 1134 2675 κακουμένων
1185 2601 1440 2656 ἀλλάσσει
1473 2599 1663 2662 τόπον,
1697 2599 1830 2650 ὅπου

1932 2619 2001 2674 56
2036 2618 2094 2674 Si
2119 2636 2243 2689 quis
2274 2620 2415 2674 male
2443 2619 2760 2675 habentium
2803 2625 2976 2672 mutat
3010 2618 3190 2672 locum
3233 2616 3324 2669 ubi
3379 2614 3509 2668 dor-

332 2698 590 2767 κοιμᾶται
609 2735 626 2760 ,
656 2695 809 2768 παρὰ
832 2693 1056 2766 γνώμην
1093 2693 1185 2746 τοῦ
1222 2691 1546 2761 νοσοκόμου,
1581 2688 1833 2759 ἁφοριζέ-

2010 2711 2109 2764 mit
2138 2688 2340 2780 praeter
2367 2712 2700 2765 voluntatem
2742 2710 2890 2764 illius
2918 2749 2933 2773 ,
2989 2711 3083 2778 qui
3116 2707 3513 2762 valetudinario

338 2788 469 2842 σθω·
2013 2810 2230 2871 praeest,
2265 2818 2294 2856 a
2324 2812 2644 2856 caeterorum
2680 2809 2968 2871 separetur
3001 2801 3298 2856 consortio.

263 2877 341 2943 νζ¹
380 2879 448 2932 Εἴ
487 2897 570 2942 τις
598 2877 707 2931 τῶν
744 2877 1138 2947 τετυπωμένων
1180 2875 1464 2947 ὑπηρετῶν
1503 2875 1611 2945 (47)
1658 2875 1716 2927 ἑν
1753 2871 1834 2942 τῷ

1934 2893 1999 2948 57
2037 2891 2094 2947 Si
2120 2893 2243 2962 quis
2270 2908 2336 2946 ex
2367 2891 2669 2962 designatis
2707 2891 2773 2944 ad
2809 2891 3158 2947 serviendum
3193 2890 3248 2944 in
3303 2889 3511 2942 valetu-

338 2972 667 3041 νοσοκομείῳ
694 2968 981 3041 παρατιθεῖ
1009 2986 1062 3021 τι
1083 2967 1295 3039 ἀδελφῷ
1318 2965 1468 3039 παρὰ
1490 2964 1716 3037 γνώμην
1736 2964 1831 3018 τοῦ

2009 2984 2242 3045 dinario,
2269 2991 2506 3053 apponat
2528 2983 2824 3053 quidquam
2857 2981 3014 3036 fratri
3059 2989 3254 3050 prmter
3291 2988 3513 3035 senten-

334 3063 649 3134 νοσοκόμου,
673 3061 912 3130 γενέσθω
939 3059 1287 3129 ἀπευλογίας.

2010 3074 2142 3128 tiam
2207 3075 2356 3128 illius
2408 3074 2502 3144 qui
2557 3071 2959 3128 valetudinario
3009 3071 3384 3142 praeponitur,
3444 3069 3515 3124 sit

1860 3197 1908 3260 ρ
2012 3165 2410 3220 benedictionis
2437 3179 2656 3234 expers.

265 3255 346 3320 νη¹
386 3249 452 3301 Εἴ
479 3264 563 3310 τις
587 3246 694 3299 τῶν
720 3242 1015 3316 ἀρρώστων
1047 3241 1240 3328 εὑρεθῇ
1268 3240 1654 3294 καταλλάσσων
1681 3240 1832 3311 παρά

1938 3257 2007 3314 58
2063 3255 2120 3311 Si
2157 3258 2283 3327 quis
2327 3273 2395 3312 ex
2422 3256 2825 3328 aegrotantibus
2861 3255 3116 3310 inventus
3155 3253 3320 3308 fuerit
3349 3252 3516 3323 quid-

332 3339 554 3410 γνώμην
579 3337 674 3390 τοῦ
699 3335 1017 3406 νοσοκόμου,
1043 3335 1078 3403 ἡ
1100 3350 1243 3396 τινος
1267 3332 1374 3384 τῶν
1395 3331 1833 3403 ὑπηρετούντων,

2009 3351 2154 3422 piam
2203 3359 2524 3421 permutans
2579 3359 2780 3420 praeter
2826 3350 3163 3404 voluntatem
3205 3347 3375 3408 illius,
3423 3347 3513 3415 qui

340 3431 580 3500 γενέσθω
616 3429 967 3497 ἀπευλογίας.

2011 3444 2416 3499 valetudinario
2463 3443 2783 3512 przeﬁcitur,
2847 3449 2942 3494 aut
2985 3440 3221 3508 alicujus
3257 3454 3323 3493 ex
3372 3437 3513 3493 desi—

2007 3536 2190 3607 gmatis
2221 3536 2290 3590 ad
2320 3534 2718 3595 ministerium,
2761 3541 2950 3586 careat
2976 3530 3381 3586 benedictione.

266 3610 343 3666 νθ¹
364 3611 432 3665 Εἴ
461 3628 540 3674 τις
574 3607 796 3680 εὑρεθῇ,
824 3607 979 3670 ἐκτὸς
1006 3605 1100 3659 τοῦ
1135 3603 1579 3675 ἀρχιμανδρίτου,
1610 3603 1838 3674 γράφων

1939 3603 2034 3684 59-
2067 3627 2124 3682 Si
2152 3627 2278 3698 quis
2311 3629 2571 3682 inventus
2606 3625 2774 3679 fuerit
2809 3624 3061 3679 scribens
3111 3630 3206 3676 aut
3241 3622 3513 3691 recipiens

338 3704 499 3774 τινὶῆ
530 3703 814 3773 δεχόμενος
840 3700 1164 3771 γράμματα,
1196 3697 1335 3750 ἔστω
1365 3696 1765 3768 ἀφωρισμένος.

2015 3721 2250 3782 litteras,
2323 3728 2553 3788 excepto
2603 3717 3059 3784 archimandrita,
3107 3730 3139 3770 a
3190 3724 3511 3770 cancrorum

493 3862 498 3869 .
1043 3878 1052 3880 _
1150 3879 1156 3880 ί
1301 3879 1308 3880 ί
2012 3810 2334 3880 sejungatur
2369 3809 2651 3863 societate.

265 3888 311 3953 ξ’
349 3883 416 3938 Εἴ
445 3901 526 3947 τις
569 3883 777 3955 πέμπει
824 3881 932 3934 τινὶ
979 3878 1249 3946 εὐλογίαν,
1283 3879 1317 3949 ἢ
1364 3885 1573 3946 δεχεται
1601 3894 1653 3930 τι
1680 3893 1834 3940 ποτε,

1940 3901 2010 3957 60
2057 3900 2113 3955 Si
2146 3878 2270 3970 quis
2301 3900 2472 3954 mittit
2507 3900 2674 3954 alicui
2720 3898 3134 3962 munusculum,
3189 3905 3283 3952 aut
3324 3895 3510 3966 recipit

339 3975 610 4047 παρεκτὸς
649 3972 744 4026 τοῦ
794 3970 1252 4044 ἀρχιμανδρίτου,
1303 3967 1547 4037 γενέσθω
1603 3967 1836 4021 ἀπευλο-

2011 3967 2291 4060 quidpiam
2324 3987 2601 4056 alicunde,
2633 3994 2833 4058 praeter
2864 3984 3376 4048 archimandritam,
3417 3997 3509 4037 cao

340 4068 484 4135 γίας.

2012 4092 2132 4137 reat
2159 4080 2562 4136 benedictione.
3256 4155 3259 4160 Ι

479 4181 819 4233 ΕΠΙΤΙΜΙΑ
849 4179 975 4230 ΕΙΣ
1008 4177 1144 4232 ΤΑΣ
1177 4175 1624 4230 ΚΑΝΟΝΙΚΑΣ.

2233 4191 2595 4248 ΕΡΙΤΙΜΙΑ
2633 4189 2722 4246 ῙΝ
2761 4187 3222 4247 (IANONICAS.

267 4301 318 4347 α’
357 4295 422 4346 Ἦ
450 4293 696 4365 ὀμόσασα
726 4291 819 4346 τὸν
851 4291 1079 4362 τυχόντα
1108 4291 1270 4362 ὅρκον
1318 4287 1660 4360 ἁφοριζέσθω
1689 4286 1840 4340 ἐϐδο-

1939 4307 1965 4361 1
2022 4305 2153 4375 Quaa
2185 4306 2395 4378 juravit
2429 4305 2662 4377 quodvis
2702 4303 3100 4376 jusjurandum
3143 4299 3509 4358 hebdomadas

348 4383 519 4453 μάδας
545 4381 656 4435 δύο.

1788 4469 1792 4470 ν
2009 4400 2147 4456 duas
2179 4415 2209 4454 a
2243 4402 2454 4455 caeteris
2484 4407 2821 4470 scgregetur.

269 4473 320 4546 β’
375 4476 440 4528 Ἠ
496 4473 932 4544 βλασφημήσασά
981 4489 1102 4526 τινα
1145 4471 1253 4526 τῶν
1311 4470 1680 4542 πρεσϐυτίδων
1727 4469 1837 4523 τῶν

1941 4491 1977 4544 2
2017 4491 2149 4559 Quae
2199 4491 2480 4547 maledixit
2524 4469 2691 4546 alicui
2737 4506 2803 4546 ex
2847 4489 3158 4548 senioribus
3197 4505 3318 4560 quae
3349 4491 3507 4547 rebus

346 4566 790 4636 πεπιστευμένων
845 4563 1137 4617 διατυποῦν
1180 4563 1248 4616 τὰ
1292 4565 1350 4616 ἑν
1395 4562 1476 4632 τῷ
1520 4561 1838 4633 ἀσκητηρίῳ
1869 4561 1914 4598 ν

2014 4583 2332 4638 monasterii
2398 4583 2655 4653 regendis
2729 4588 3124 4652 praeponuntur
3187 4590 3505 4636 caateraruru

341 4656 679 4728 ἀφοριζέσθω
703 4655 976 4727 ἑϐδομάδα
1008 4655 1154 4726 μίαν.

2014 4676 2258 4747 privetur
2283 4674 2564 4731 consortio
2597 4672 2992 4729 hebdomadam
3031 4687 3214 4726 unam.

265 4757 318 4819 γ’
365 4750 428 4802 Ἦ
457 4748 596 4802 κατὰ
621 4747 866 4817 ἀπούσης
891 4747 1123 4817 ἀδελφῆς
1156 4747 1340 4818 κρυφῆ
1370 4747 1605 4816 λέγουσά
1627 4765 1678 4800 τι
1709 4765 1836 4800 σκο-

1939 4771 1974 4826 '5
2025 4769 2084 4823 Si
2116 4784 2224 4839 qua
2255 4768 2533 4838 quidpiam
2579 4765 2890 4821 clanculum
2934 4764 3081 4818 dicat
3122 4763 3386 4818 adversus
3418 4763 3495 4817 ab

337 4840 425 4912 πῷ
463 4840 558 4894 τοῦ
599 4841 902 4894 διαϐάλλειν
939 4839 1129 4909 αὐτὴν,
1182 4837 1528 4911 ἀφοριζέσθω
1569 4839 1839 4910 ἑϐδομάδα

2014 4872 2225 4920 sentem
2261 4877 2531 4927 sororem,
2568 4877 2634 4917 eo
2663 4861 2896 4916 consilio
2927 4871 2987 4914 ut
3011 4859 3061 4914 ei
3090 4858 3366 4922 detrahat,
3405 4875 3503 4912 eaea

344 4935 491 5004 “iam
2011 4968 2254 5012 terarum
2289 4956 2571 5010 consortio
2606 4955 2850 5024 privetur
2883 4950 3275 5006 hebdomadam
3318 4964 3505 5005 unam.
3556 4947 3559 4950 ’

262 5027 306 5080 δ’
351 5027 413 5080 Ἦ
445 5026 713 5097 ὑϐρίσασά
739 5045 861 5081 τινα
889 5029 1044 5102 ὓϐριν
1073 5031 1170 5101 τὴν
1202 5027 1468 5100 τυχοῦσαν
1496 5024 1838 5098 ἀφοριζέσοω

1938 5046 1974 5100 4
2026 5045 2158 5111 Quae
2187 5043 2523 5099 contumelia
2553 5042 2748 5112 quavis
2791 5041 3030 5110 aliquam
3070 5039 3314 5094 aﬂ‘ecerit
3343 5055 3372 5092 a
3406 5054 3501 5094 cae-

342 5117 608 5188 ἑϐδομάδα
646 5119 794 5189 μίαν.

2003 5133 2140 5188 teris
2175 5140 2460 5201 separetur
2492 5130 2889 5184 hebdomadam
2922 5145 3106 5184 unam.

260 5215 304 5261 ε’
336 5209 495 5274 Ἥτις
526 5211 835 5282 εὑρίσκεται
858 5210 968 5283 (48)
989 5211 1350 5284 ψιθυρίζουσα
1378 5209 1511 5282 ἄλλη
1544 5209 1700 5273 ἐκτὸς
1726 5209 1836 5262 τῶν

1939 5221 1972 5275 5
2014 5219 2171 5290 531
2204 5219 2261 5274 Si
2307 5237 2416 5290 qua
2472 5220 2577 5272 alia
2621 5227 2818 5288 praeter
2866 5233 3005 5273 anus
3060 5219 3260 5288 quibus
3305 5219 3502 5274 credita

333 5301 704 5373 πρεσϐυτίδων
733 5304 840 5358 τῶν
860 5302 1306 5375 πεπιστευμένων
1329 5303 1617 5364 διακονεῖν,
1645 5302 1836 5356 ἀφοοι-

2009 5312 2416 5366 administratio
2448 5320 2530 5366 est
2560 5313 2896 5380 comperitur
2930 5325 3241 5376 susurrare,
3282 5328 3312 5364 a
3349 5319 3498 5364 caete-

333 5391 506 5455 ζέσθω
532 5394 803 5464 ἑϐδομάδα
837 5397 964 5467 μίαν

2008 5421 2194 5458 rarum
2224 5405 2485 5459 societate
2510 5411 2856 5457 removeatur
2889 5403 3286 5458 hebdomadam
3321 5417 3505 5455 unam.

325 5588 438 5729 £46;
464 5587 598 5661 Reg.
629 5593 839 5662 primus
870 5595 1130 5648 εἰσελθὼν
1149 5597 1396 5670 ἀναπέσῃ
1431 5599 1512 5661 εἰς
1537 5599 1613 5651 τό.

347 5659 415 5712 εἴ
472 5660 698 5718 Veteres
745 5666 854 5719 duo
897 5666 1022 5719 libri
1052 5667 1371 5729 ὑπηρετεῖν.
1413 5669 1534 5721 Alia
1582 5668 1828 5729 eiusdem

2007 5614 2116 5683 (48)
2143 5612 2254 5666 lloc
2283 5612 2586 5681 epitimium
2626 5625 2747 5663 cum
2794 5612 3041 5679 sequenti
3072 5611 3429 5666 confunditur
3450 5612 3501 5665 in

1935 5685 2169 5729 vnloalis
2203 5703 2215 5729 :
2245 5685 2337 5729 sed
2371 5683 2422 5729 in
2458 5680 2589 5729 Reg-
2633 5681 2810 5729 primo
2838 5686 3067 5729 alterum
3111 5683 3178 5729 ah
3225 5684 3395 5729 altern
3423 5683 3501 5729 di-

347 5659 698 5754 fiznvgeres
745 5666 1022 5754 dudlibri
1052 5659 1534 5754 ύπηρετεῖνξξΑιῖει
1582 5668 1828 5737 ejusdem

1935 5659 2589 5754 νυίέὲίίζῗεέῦἷέιῗιέέῖ
2633 5659 3502 5750 aiaaaiie'n'.‘..‘;t‘“uitiauit

253 5731 472 5826 galeris
506 5734 691 5826 “multa
723 5737 1093 5826 omitto'zquze
1136 5731 1190 5792 si
1226 5739 1583 5805 ascriberem,
1611 5731 1829 5795 'lrustra

656 5750 691 5788 πο
723 5737 1093 5826 οιιξίσιιοἍιιυιε
1136 5731 1190 5792 εἰ
1226 5739 1583 5805 ascriberem,
1611 5731 1829 5795 'lrustra
1934 5731 2243 5826 gﬁgi’giiit'u'r.

254 5805 472 5868 tempus
506 5809 680 5860 terere
708 5805 841 5858 mihi
876 5807 1106 5862 viderer.
