4018 6226
563 403 702 459 1515
1897 392 1952 446 8.
1990 390 2150 446 ΒΑ51

2184 389 2238 444 .ll
2280 388 2492 444 MAGNI
3655 380 3771 436 1516

562 515 595 570 6
645 515 796 583 Quae,
828 515 977 570 nulla
1010 521 1240 586 cogente
1290 512 1649 577 necessitate,
1685 514 2134 584 intempestivum

2188 518 2290 576 ις’
2328 512 2486 572 Ἤτις
2532 507 2701 579 χωρὶς
2742 504 3049 574 ἀναγκαίας
3096 501 3284 574 χρείας
3324 501 3546 572 ἄκαιρον
3587 500 3775 570 ὁμιλίαν

633 605 966 676 colloquium
1016 621 1210 661 serens
1243 603 1477 658 futilit'er
1517 604 1709 676 garrit,
1753 602 2075 675 sejungatur
2107 616 2139 656 a

2313 599 2726 671 προϐαλλομένη
2784 595 3091 669 ἀργολογεῐ,
3143 591 3483 664 ἀφοριζέσθω
3539 591 3779 663 ἑϐδομάδα

633 695 847 749 caeteris
879 693 1277 748 hebdomadam
1310 708 1502 747 unam.
2316 693 2467 762 μίαν.

565 787 598 841 7
639 787 770 854 Quae
791 787 1023 841 facetias
1051 785 1319 855 loquitur,
1343 793 1439 838 aut
1471 784 1730 840 indecore
1755 783 1921 850 ridet,
1955 799 2142 856 segre-

2243 785 2287 850 ζ’
2317 786 2476 848 ’Ἡτις
2517 781 2828 854 εὐτράπελα
2877 779 3194 850 φθέγγεται,
3239 779 3274 848 ἦ
3307 777 3516 845 γέλωτα
3561 775 3779 847 ἀπρεπῆ,

639 884 796 946 gator
829 875 1224 930 hebdomadam
1263 890 1449 929 unam.

2316 875 2658 948 ἀφοριςέσθω
2687 871 2954 944 ἑϐδομάδα
2983 871 3129 942 μίαν.

563 967 598 1022 8
647 968 780 1035 Quae
807 968 1098 1024 ministerii
1122 968 1206 1022 sui
1234 983 1372 1038 opus
1417 983 1683 1038 peragens
1727 977 1780 1022 et
1812 966 2138 1023 necessario

2243 968 2294 1040 η’
2323 969 2480 1030 Ἦτις
2511 969 2568 1020 ἑν
2597 965 2676 1036 τῷ
2715 964 2861 1036 ἔργῳ
2887 965 2984 1034 τῆς
3024 959 3295 1021 διακονίας
3323 950 3478 1021 οὖσα,
3505 957 3596 1012 καὶ
3638 957 3781 1026 ἀναγ-

630 1062 848 1132 negotio
863 1067 1153 1130 occupata,
1171 1074 1294 1114 cum
1313 1060 1560 1128 proxima
1584 1059 1925 1130 colloquetur
1941 1058 2144 1114 utendo

2318 1060 2478 1114 καίαν
2507 1057 2697 1129 χρείαν
2729 1055 2954 1126 ἔχουσαί
2979 1052 3227 1124 ὁμιλήσει
3252 1053 3317 1122 τῇ
3346 1050 3573 1120 πλησίον
3607 1051 3638 1120 ἢ
3669 1050 3782 1120 μετά

636 1163 730 1208 aut
756 1154 1019 1219 clamore,
1053 1162 1148 1205 aut
1181 1151 1474 1206 temerario
1507 1167 1782 1216 sermone,
1828 1152 2146 1222 sejungatur

2312 1151 2563 1223 κραυγῆς
2591 1147 2998 1221 ἥθρασυλογίας
3027 1145 3158 1217 (49),
3181 1141 3522 1216 ἀφοριζέσθω
3546 1141 3783 1212 ἑϐδομάδα

630 1261 658 1298 a
695 1245 907 1300 cazteris
940 1242 1339 1298 hebdomadam
1374 1256 1560 1295 unam.
2323 1243 2470 1314 μίαν.

565 1334 599 1390 9
648 1335 780 1401 Quae
809 1333 1051 1389 defendit
1079 1348 1204 1388 eam
1252 1347 1374 1402 quae
1406 1330 1772 1388 condemnata
1803 1339 1887 1388 est
1936 1333 2007 1388 ob
2043 1332 2145 1386 ali-

2247 1333 2291 1386 θ¹
2327 1333 2488 1394 ’Ἥτις
2550 1329 2837 1400 ἀντέχεται
2888 1327 2988 1398 τῆς
3037 1325 3674 1396 ἑπικαταγινωσκομένης
3710 1319 3785 1375 ἐπὶ

636 1426 781 1496 quod
807 1435 1069 1490 erratum,
1107 1424 1175 1479 ab
1234 1425 1302 1479 iis
1347 1425 1548 1495 quibus
1581 1434 1708 1494 post
1752 1426 2012 1497 praevium
2051 1441 2148 1481 ex-

2314 1425 2616 1496 πταίσματι
2649 1421 2799 1494 παρὰ
2828 1420 2942 1492 (50)
2980 1421 3090 1474 τῶν
3125 1420 3263 1491 μετὰ
3304 1417 3625 1489 δοκιμασίας
3667 1417 3785 1468 οίκο⁴

637 1533 796 1573 amen
843 1517 1252 1572 administratio
1302 1525 1358 1573 et
1402 1531 1536 1571 cura
1584 1531 1768 1571 rerum
1823 1515 2146 1572 demandata

2321 1519 2505 1588 νομεῑν
2543 1516 2637 1569 καὶ
2668 1513 2966 1568 διατυποῦν
2995 1512 3444 1582 πεπιστευμένων
3463 1550 3478 1572 ,
3525 1525 3782 1578 συναφορι-

634 1617 740 1673 est,
775 1609 938 1665 simul
969 1624 1096 1664 cum
1129 1624 1193 1664 ea
1236 1622 1403 1679 quam
1437 1607 1686 1662 defendit
1737 1623 1768 1662 a
1811 1609 2146 1680 reliquarum

1966 1623 2146 1662 tarum
2321 1608 2498 1675 ζέσθω
2523 1608 2710 1680 ἐκείνῃ
2802 1605 3088 1677 ἀντέχεται
3110 1604 3414 1675 ἑϐδομάδας
3442 1601 3553 1656 δύο.

633 1701 918 1756 consortio
951 1709 1269 1772 segregetur
1296 1699 1675 1756 hebdomadas
1704 1701 1864 1756 duas.

566 1795 635 1850 10
681 1794 814 1861 Quae
834 1809 959 1849 cum
991 1793 1178 1864 aliquo
1205 1808 1272 1848 ex
1305 1792 1374 1847 iis
1416 1792 1511 1863 qui
1541 1791 1675 1849 foris
1719 1794 1989 1849 accedunt
2035 1795 2148 1850 col-

2253 1805 2269 1839 t
2316 1785 2477 1849 ’Ἠτις
2519 1784 2627 1837 τινὶ
2656 1781 2766 1836 τῶν
2805 1780 3004 1846 ἔξωθεν
3044 1782 3516 1850 ἑπεισερχομενων
3550 1774 3782 1845 ομιλὴσει,

636 1887 820 1941 locuta
865 1884 1054 1951 fuerit,
1101 1884 1423 1955 priusquam
1456 1883 1624 1940 fuerit
1652 1886 1703 1939 ei
1750 1884 1878 1940 data
1916 1885 2148 1944 facultas
2177 1871 2221 1928 Β

2197 1872 2221 1926 3
2319 1877 2448 1948 πρὶν
2498 1877 2774 1948 ἐπιτραπῇ
2806 1873 2959 1944 παρὰ
3005 1872 3109 1944 τῆς
3140 1871 3238 1943 τὴν
3277 1868 3537 1942 φροντίδα
3581 1870 3784 1936 ἐμπεπι-

633 1979 705 2033 ab
735 1993 800 2032 ea
833 1978 921 2033 cui
959 1976 1277 2032 concredita
1311 1991 1446 2031 cura
1477 1983 1564 2032 est
1613 1976 1669 2030 in
1706 1976 1856 2031 omni
1905 1977 2150 2049 discipli-

2322 1970 2624 2041 στευμένης
2650 1971 2708 2022 ἑν
2738 1967 2890 2040 πάσῃ
2921 1964 3141 2037 ἐξουσίᾳ
3172 1961 3453 2028 εὐταξίας,
3485 1955 3785 2032 ἀφοριζέσθω

636 2084 722 2124 nae
749 2069 1097 2136 auctoritate,
1123 2075 1444 2140 segregetur
1461 2083 1493 2122 a
1517 2071 1731 2124 caeteris
1754 2069 2148 2126 hebdomadam

1185 2075 1444 2140 gregetur
1461 2083 1493 2122 a
1517 2071 1731 2124 caeteris
1754 2069 2148 2126 hebdomadam
2320 2060 2588 2131 ἑϐδομάδα
2623 2057 2768 2129 μίαν·

641 2175 829 2214 unam.
2757 2149 2767 2164 ’

568 2251 629 2305 11
669 2250 801 2317 Quae
839 2258 1054 2319 reperta
1093 2248 1257 2305 fuerit
1306 2265 1662 2306 murmurans
1705 2252 1775 2306 ob
1823 2267 2008 2307 rerum
2049 2269 2149 2309 ne-

2253 2243 2320 2291 ta.’
2354 2236 2514 2297 Ἤτις
2567 2237 2871 2306 ευρίσκοιτο
2910 2231 3252 2300 γογγύζουσα
3291 2231 3349 2282 ἑν
3388 2232 3456 2300 τῇ
3502 2226 3785 2298 στενοχωρίᾳ

633 2343 1001 2397 cessariarum
1030 2342 1338 2412 angustias,
1377 2350 1472 2396 aut
1509 2344 1581 2397 ob
1609 2343 1851 2398 laborem
1895 2358 2146 2414 operum,

2318 2321 2428 2376 τῶν
2460 2321 2596 2392 πρὸς
2623 2323 2723 2392 τὴν
2751 2321 2964 2391 χρείαν,
2990 2320 3024 2391 ἢ
3048 2321 3105 2372 ἑν
3132 2319 3211 2390 τῷ
3230 2320 3466 2390 καμάτῳ
3491 2318 3596 2372 τῶν
3623 2319 3782 2389 ἔργων,

634 2445 955 2491 caeterarum
975 2435 1256 2490 consortio
1273 2436 1522 2506 privetur
1539 2435 1938 2491 hebdomadam
1961 2451 2147 2493 unam.

1551 2413 2147 2493 hebdomadamiunam.
2322 2416 2668 2506 ἀφοριζέσθῳ
2687 2413 2957 2485 ἑϐδομάδα
2978 2414 3138 2506 μίαν.

567 2527 636 2581 12
669 2527 803 2594 Quae
850 2528 1162 2597 refragatur
1187 2498 1460 2598 praecepto
1494 2542 1684 2582 earum
1731 2528 1934 2598 quibus
1969 2541 2151 2582 rerum

2254 2508 2318 2580 ιβ’
2361 2508 2429 2560 Ἦ
2485 2504 2883 2560 ἀντιπίπτουσα
2934 2501 3013 2572 τῷ
3080 2502 3467 2573 προστάγματι
3516 2498 3618 2552 τῶν
3658 2513 3787 2549 πεπι-

637 2618 932 2675 commissa
992 2626 1078 2674 est
1136 2634 1292 2686 cura,
1347 2629 1660 2690 segregetur
1718 2635 1749 2674 a
1795 2620 2009 2676 caeteris
2054 2633 2153 2689 per

2324 2599 2638 2671 στευμένων
2692 2595 2790 2667 τὴν
2851 2595 3109 2667 φροντίδα
3162 2592 3516 2665 ἀφοριζέσθω
3563 2587 3787 2659 ἑϐδομάδα

640 2727 804 2766 unam
842 2710 1265 2766 hebdomadam.

890 2710 1265 2766 ebdomadam.
2328 2692 2477 2763 μίαν.

569 2805 637 2859 15
674 2802 806 2871 Quae
850 2803 1232 2872 contemptim,
1260 2815 1371 2855 non
1405 2807 1586 2856 autem
1612 2802 1796 2871 quiete
1819 2809 1874 2856 et
1907 2800 2149 2864 silentio,

2257 2790 2322 2854 ιγ’
2339 2784 2404 2837 Ἦ
2433 2778 2936 2853 καταφρονητικῶς,
2961 2776 3096 2849 μετὰ
3128 2776 3287 2847 δῆθεν
3330 2775 3560 2847 ἡσυχίας
3591 2773 3656 2844 μὴ
3680 2770 3787 2872 πλη·

639 2898 828 2968 implet
850 2904 1204 2966 praeceptum,
1229 2902 1555 2949 caeterarum
1589 2893 1870 2948 consortio
1907 2895 2154 2964 privetur

2321 2873 2494 2947 ροῦσα
2537 2873 2648 2942 (51)
2704 2870 2768 2924 τὸ
2820 2870 3104 2939 ἑπίταγμα
3162 2865 3512 2937 ἀφοριζέσθω
3565 2859 3786 2930 ἑϐδομάδα

641 2965 1043 3044 ιιοθᾱοίιιοὰοηι
1072 3002 1260 3040 unam.

886 2988 1036 3041 adam
1072 3002 1260 3040 unam.
2323 2965 2473 3037 μίαν·

569 3080 639 3135 11
673 3078 804 3145 Quae
842 3075 1117 3146 exquisite
1147 3090 1346 3129 ornare
1378 3090 1437 3131 se
1467 3074 1619 3138 velit,
1647 3074 1817 3129 semel
1855 3080 2020 3143 atque
2052 3073 2152 3128 ite-

2258 3061 2319 3114 ιδ’
2351 3061 2416 3113 Ἢ
2452 3059 2680 3113 θέλουσα
2709 3054 3169 3121 καλλωπίζεσθαι,
3206 3053 3345 3124 μετὰ
3375 3054 3506 3125 μίαν
3532 3052 3620 3106 καὶ
3643 3046 3785 3102 δευτέ-

640 3186 760 3226 rum
783 3169 1244 3230 commonefacta,
1273 3182 1458 3220 coram
1489 3165 1747 3237 praefecto
1768 3168 2148 3236 redarguatur.
2177 3208 2221 3237 η

2103 3183 2148 3220 ι’,
2177 3208 2221 3237 η
2327 3170 2426 3226 ραν
2464 3151 2763 3214 νουθεσίαν,
2795 3151 2888 3203 ἐπὶ
2915 3148 3008 3202 τοῦ
3040 3147 3387 3219 προεστῶτος
3419 3145 3687 3216 ἐλεγχέσθιι

571 3260 639 3316 15
685 3260 818 3326 Quae
844 3259 982 3314 citra
1017 3259 1348 3312 sententiam
1387 3257 1605 3311 illarum
1631 3257 1832 3326 quibus
1857 3257 2153 3312 commissa

2197 3230 2221 3301 ’ἦ
2256 3243 2317 3299 ιε’
2358 3245 2423 3297 Ἦ
2446 3245 2571 3298 ἄνευ
2603 3241 2829 3312 γνώμης
2852 3239 2961 3294 τῶν
2983 3238 3436 3308 πεπιστευμένων
3464 3235 3557 3307 τὴν
3580 3230 3784 3305 φροντίδα

639 3361 724 3406 est
754 3366 938 3406 rerum
974 3364 1108 3404 cura
1157 3349 1225 3402 ad
1264 3356 1496 3402 matrem
1527 3356 1620 3400 aut
1650 3363 1896 3403 sororem
1931 3351 2150 3416 abierit,

2321 3341 2401 3402 είς
2433 3339 2644 3410 μητέρα
2677 3338 2711 3406 ἢ
2743 3337 2823 3398 είς
2850 3335 3085 3405 ἀδελφὴν
3124 3331 3464 3396 ἀπελθοῦσα,
3495 3323 3784 3400 ἀφοριξέσθω

637 3452 956 3514 segregetur
984 3440 1387 3497 hebdomadam
1415 3455 1602 3494 unam.

1177 3440 1387 3494 madam
1415 3455 1602 3494 unam.
2322 3431 2588 3503 ἑϐδομάδα
2617 3431 2764 3502 μίαν.

573 3535 639 3590 16
676 3535 806 3600 Quae
845 3549 1070 3590 movens
1105 3532 1297 3588 oculos
1346 3531 1511 3585 modo
1551 3531 1699 3585 malo
1732 3531 2036 3601 proximam
2071 3531 2153 3585 af-

2259 3533 2332 3591 ις¹
2373 3527 2439 3578 Ἦ
2490 3523 2787 3577 ἑννεύσασα
2839 3520 3154 3592 ὀφθαλμοὺς
3183 3518 3294 3588 (52)
3327 3519 3569 3587 σχήματι
3607 3505 3782 3578 πονηρῷ

639 3627 831 3682 fecerit
861 3625 1138 3688 molestia,
1185 3638 1216 3678 a
1275 3622 1490 3678 caeteris
1527 3630 1822 3693 separetur
1856 3622 2154 3677 hebdoma-

2325 3615 2574 3669 λυποῦσα
2601 3617 2668 3686 τῇ
2694 3613 2941 3685 πλησίον,
2967 3609 3314 3682 ἀφοριζέσθω
3335 3607 3602 3680 ἑϐδομάδα
3639 3603 3757 3674 μίαν.

640 3719 763 3772 dam
801 3733 988 3773 unam.

571 3811 640 3869 17
676 3811 807 3876 Quae
841 3818 964 3880 post
995 3810 1276 3866 absolutas
1306 3823 1542 3880 synaxes
1566 3822 1690 3862 cum
1724 3807 1906 3877 aliqua
1925 3815 2153 3862 externa

2258 3796 2322 3862 ιζ’
2361 3796 2424 3848 Ἠ
2473 3793 2611 3866 μετά
2638 3794 2738 3865 τὴν
2785 3791 3048 3846 ἀπόλυσιν
3097 3789 3204 3842 τῶν
3255 3787 3531 3850 συνάξεων
3569 3773 3782 3880 ὁμιλοῗσά

631 3903 858 3970 muliere
875 3902 1285 3968 confabulatur,
1306 3867 1595 3972 separetur
1607 3902 1978 3957 hebdomadas
1991 3901 2149 3956 duas.

2323 3905 2430 3942 τινι
2485 3885 2590 3939 τῶν
2647 3885 2754 3951 ἔξω
2815 3881 3089 3952 γυναικῶν
3142 3878 3488 3950 ἀφοριζέσθω
3533 3867 3782 3941 ἑϐδομάδας

2327 3980 2441 4034 δύο.

574 4083 641 4137 18
677 4080 809 4148 Quae
834 4081 903 4136 ab
943 4096 1054 4135 uno
1086 4094 1251 4149 opere
1283 4078 1352 4134 ad
1385 4079 1535 4135 aliud
1588 4094 1730 4149 opus
1780 4077 1985 4133 transit
2033 4077 2154 4132 sine

2258 4085 2325 4149 ιη’
2371 4077 2437 4130 Ἦ
2482 4076 2577 4130 ἀπ’
2625 4074 2786 4146 ἔργου
2845 4074 2926 4135 είς
2979 4070 3164 4140 ἓτερον
3215 4067 3378 4138 ἔργον
3432 4057 3780 4149 μεταϐαίνουσα

641 4175 802 4245 jussu
846 4187 1037 4228 eorum
1073 4172 1170 4242 qui
1215 4187 1402 4226 rerum
1457 4187 1645 4227 curam
1690 4172 1892 4226 habent
1929 4185 1959 4223 a
1993 4177 2155 4224 emto-

2301 4140 2496 4240 ’χωρὶς
2547 4140 2813 4236 ὲπιέάγῆς
2841 4162 2950 4216 τῶν
2998 4162 3230 4232 ἑχόντων
3425 4154 3524 4226 τὴν
3571 4140 3780 4219 φροντίδα

645 4280 832 4346 rarum
862 4264 1145 4319 consortio
1175 4271 1526 4318 removeatur
1541 4261 1940 4318 hebdomadam
1965 4275 2150 4315 unam.

1564 4261 1940 4318 Iebdomadam
1965 4275 2150 4315 unam.
2329 4258 2673 4332 ἀφοριζέσθω
2702 4255 2974 4326 ἑϐδομάδα
3007 4253 3151 4324 μίαν.

577 4360 646 4415 19
684 4340 1152 4428 Ουωόρίιὶιηὶιιιιι
1181 4355 1456 4426 reiecerit,
1500 4364 1594 4410 aut
1637 4370 1760 4425 quae
1802 4353 2151 4414 contradicit,

2259 4354 2321 4408 ιθ¹
2356 4331 2516 4416 ’Ἠτις
2541 4351 2601 4405 τὸ
2622 4351 2896 4422 ἐπιτίμιον
2927 4346 3281 4402 ἁποϐάλλοιεν
3306 4340 3503 4412 (εἰσ),ῆ
3533 4331 3777 4428 ἀντιλέγει,

645 4462 740 4506 aut
769 4457 1096 4514 murmurat,
1122 4448 1416 4503 utilitatem
1450 4447 1556 4501 sibi
1582 4446 1686 4517 ipsi
1718 4461 1786 4500 ex
1809 4443 2155 4498 correctione

2325 4444 2358 4515 ἦ
2397 4439 2676 4511 γογγύζει,
2706 4417 2789 4512 μὴ⁷
2816 4435 3160 4508 γνωρίζουσα
3201 4433 3259 4486 τὸ
3302 4429 3502 4499 ἑαυτῆς
3539 4422 3707 4494 ὄφελος
3734 4417 3778 4467 ὲν

646 4557 992 4599 accessuram
1022 4557 1131 4596 non
1163 4554 1499 4610 agnoscens,
1562 4552 1594 4591 a
1643 4537 1857 4591 caneris
1903 4550 2152 4606 segrege—
2181 4600 2226 4655 Β

646 4645 732 4655 ιη..
761 4633 1128 4655 1.-ι,],.....ι.]ιι-
1171 4631 1305 4655 Δηλι.

1971 4550 2152 4606 grege—
2181 4600 2226 4655 Β
2323 4538 2391 4601 τῆ
2417 4531 2719 4596 διορθώσει,
2751 4527 3091 4599 άφοριζέσθω
3122 4521 3424 4592 ἑϐδομάδας
3453 4519 3558 4571 δύο.

642 4645 733 4691 tur
761 4633 1130 4689 hebdomadas
1167 4631 1329 4686 duas.

603 4692 3776 4773 ww“

859 4802 1121 4859 CAPITA
1165 4795 1866 4857 CONSTITUTIONUM.

2631 4788 3003 4842 ΚΕΦΑΛΑῙΑ
3037 4786 3154 4839 AIA
3168 4780 3457 4836 ΤΑΞΕΩΝ.

576 4919 603 4973 1
637 4916 793 4984 Quod
819 4915 1065 4986 precatio
1095 4913 1352 4969 omnibus
1387 4909 1769 4980 anteponenda
1808 4919 1913 4965 est.

2258 4906 2306 4962 α’
2338 4905 2473 4976 Περὶ
2489 4901 2584 4956 τοῦ
2608 4902 2716 4955 δεῖν
2753 4900 2852 4972 τὴν
2879 4898 3044 4970 εὐχὴν
3077 4893 3384 4967 προτιθέναι
3415 4891 3652 4986 πάντων..
3757 4965 3766 4982 1

574 5007 612 5062 2
646 5007 719 5062 De
756 4975 1189 5075 cogitationibus
1219 5000 1543 5056 cohibendis
1583 5015 1647 5054 ac
1690 4998 2064 5062 moderandis,
2097 5005 2152 5053 et

2259 5000 2304 5070 β’
2339 4975 2476 5068 Περὶ
2523 4996 2624 5066 τῆς
2651 4993 2759 5047 τῶν
2785 4990 3061 5061 λογισμῶν
3115 4988 3472 5048 ἐπιστάσεως,
3504 4979 3592 5034 καὶ
3628 4975 3697 5027 ὅτι
3727 4975 3773 5020 οὐ

650 5097 795 5169 quod
825 5111 1028 5166 corpus
1056 5095 1258 5149 malum
1289 5107 1400 5148 non
1431 5100 1551 5157 est,
1586 5099 1644 5146 ut
1677 5090 1900 5176 quidam
1927 5101 2155 5161 putave-

1862 5105 1900 5144 n
1927 5101 2155 5161 putave-
2326 5089 2495 5142 κακὸν
2515 5087 2576 5141 τὸ
2602 5085 2782 5156 σῶμα,
2813 5082 2888 5146 ὥς
2918 5097 3060 5143 τινες
3093 5078 3449 5148 ὑπειλήφασιν

649 5198 798 5245 runt.

576 5284 611 5338 5
640 5281 799 5353 532
829 5280 987 5347 Quod
1021 5293 1132 5334 non
1164 5284 1384 5349 oportet
1413 5291 1540 5332 cum
1577 5273 1904 5330 mulieribus
1934 5273 2154 5328 incaute

2255 5275 2300 5337 γ’
2332 5267 2452 5320 Ὅτι
2473 5265 2533 5318 οὒ
2559 5264 2639 5316 δεῖ
2657 5263 2756 5324 τάς
2779 5259 2886 5313 τῶν
2905 5254 3178 5327 γυναικῶν
3196 5249 3479 5321 συντυχίας
3497 5239 3774 5312 ἀφυλάκτως

649 5373 910 5444 colloqui.

2325 5355 2613 5411 ποιεῖσθαι.

651 5528 762 5601 (49)
783 5527 1004 5601 ἰᾷὰίιίῌοι
1033 5525 1187 5581 Colb.
1222 5523 1257 5596 ἢ
1289 5521 1667 5596 θρασυλογίας.
1704 5517 1840 5592 Reg.
1874 5518 2086 5590 primus
2115 5516 2150 5588 ἦ

2115 5516 2150 5588 ἦ
2473 5498 3560 5601 11mm
3601 5546 3693 5601 Illti

651 5550 762 5601 (ἂν)
786 5550 925 5581 ιξιυιιι
951 5550 1004 5581 Cl.
1033 5550 1187 5581 υυιυ.
1222 5550 1257 5596 η
1289 5550 1667 5596 υραουλυγιαε.
1706 5550 1840 5592 “es.
1875 5550 1930 5590 γι
1944 5550 2086 5574 unua
2120 5550 2150 5588 ιι

579 5597 975 5671 Maesia“:
1019 5623 1064 5671 --
1205 5665 1216 5671 _
1319 5663 1330 5671 ,
1502 5663 1514 5671 ,
1604 5662 1625 5671 ,
1764 5669 1771 5671 Α
1886 5667 1896 5671 _

2333 5550 2444 5652 ἱὲἐς
2471 5550 3269 5651 [Iléi‘li‘xllETb’céoZi‘paij’gi'Eum
3297 5556 3580 5646 ὸφᾳαλμοςι.
3601 5550 3769 5608 Ultima

2507 5649 2737 5671 ωτὼ-ιεκ
2775 5647 2826 5671 ιη
2863 5642 2976 5671 Dm
3029 5653 3205 5671 η--ιιηη
3239 5652 3344 5671 mm
3373 5631 3711 5671 mwmumur.

689 5631 716 5650 υ
808 5631 1030 5650 mm.-
2359 5631 2424 5637 --
2472 5631 2573 5635 κη
2817 5631 2828 5644 .
2949 5631 2962 5643 .
3064 5631 3106 5651 ν,
3342 5631 3385 5646 ν,
3472 5631 3477 5632 κ
3533 5631 3543 5640 .

653 5631 1013 5736 (“56)5Virgula
1052 5665 1106 5720 in
1131 5663 1366 5736 vulgatis
1398 5663 1576 5736 posita
1601 5662 2152 5736 fuerat__ante_vo_cem
2263 5631 3711 5736 εεριειῇᾐορίιίιηξομίι(1118ξὲιρι-ξιχιέξῳιξρξιἰῐέξξηὲξξξὲτέ

653 5691 763 5736 low
805 5691 1013 5736 “rgum
1052 5691 1106 5720 ιιι
1135 5691 1366 5734 vulgatus
1399 5691 1576 5733 PUbIl’d
1602 5691 1779 5717 ιυωιιι
1810 5691 1937 5715 autc
1968 5691 2152 5714 voco...
2263 5691 2466 5736 ηυνξ...
2502 5691 2742 5730 νη.τ.......
2766 5691 2829 5733 ἱ...
2862 5691 3008 5724 ww;
3029 5691 3129 5710 rho
3355 5725 3366 5737 .
3537 5697 3558 5751 ί
3613 5699 3659 5746 ω
3717 5691 3769 5736 to

579 5738 732 5817 {Itade
753 5754 766 5766 ·
801 5738 894 5817 sed
925 5751 1042 5790 eam
1080 5735 1203 5790 inde
1238 5734 1461 5801 sustuli,
1497 5734 1658 5788 fidem
1687 5732 1892 5788 codicis
1921 5730 2150 5787 Colber-
2261 5715 2912 5817 ιη
2941 5708 3326 5817 ngsz
3403 5701 3496 5760 sed
3556 5709 3612 5750 οι·
3689 5700 3718 5754 Ρ

582 5789 682 5860 tini
703 5789 950 5860 secutus.
998 5789 1023 5790 η
1148 5789 1195 5790 η
1318 5789 1325 5790 ί
1443 5789 1459 5801 ’

2257 5794 2487 5864 ἑχόντων
2523 5789 2805 5862 legendum
2833 5791 2916 5840 est
2947 5789 3198 5855 ἐχουσῶν.
