4018 6226
249 373 381 428 1517

1454 364 1701 419 CAPITA
1739 362 2294 418 CONSTITUTIONU
2306 365 2352 417 M
2365 406 2379 420 .

3370 372 3513 428 1518

245 492 287 544 δ’
314 490 437 542 ’Ότι
466 488 549 541 δεῖ
588 490 656 559 τῇ
700 488 929 559 δυνάμει
958 486 1053 541 τοῦ
1090 486 1338 558 σώματος
1368 488 1587 556 μετρεῖν
1618 484 1715 554 τὴν
1742 485 1821 549 ἐγ-

1931 480 1965 532 4
1999 480 2154 546 Quod
2184 490 2400 552 oportet
2431 482 2822 537 abstinentiam
2857 496 3138 553 corporeis
3156 484 3363 540 viribus
3397 499 3515 542 me-

318 581 576 652 κράτειαν
596 597 609 610 ·
646 580 743 633 καὶ
766 581 847 633 ὅτι
882 580 1046 635 καλὸν
1079 581 1173 633 κού⁵
1210 578 1430 648 ἔννομον
1455 579 1490 647 ἡ
1516 575 1609 629 τοῦ
1642 574 1825 628 σώμα-

316 692 408 737 τος
430 672 681 744 ἐργασία.

246 774 287 820 ε’
312 768 432 820 Ὅτι
469 767 735 836 προσήκει
791 766 882 818 τὸν
927 765 1173 836 ἀσκητὴν
1206 763 1343 836 ἔργα
1387 760 1723 830 ἐπιτηδεύειν
1756 758 1825 812 τὰ

318 857 617 929 πρέποντα.

247 954 303 1014 ς’
330 950 450 1001 ’Ὁτι
480 949 540 1001 οὐ
572 946 678 1018 χρὴ
726 948 891 1001 πᾶσιν
917 944 1222 1017 ἀνθρώποις
1251 943 1576 1013 ἀφυλάκτως
1611 942 1824 995 συνδια-

318 1039 529 1111 τρίϐειν
557 1039 649 1092 τὸν
670 1040 937 1110 ἀσκητήν.

246 1130 292 1195 ξ’
320 1131 440 1183 Ὅτι
480 1130 541 1183 οὐ
596 1128 702 1201 χρὴ
743 1128 941 1199 συχνὰς
982 1127 1076 1181 καὶ
1128 1125 1520 1188 ἀϐασανίστους
1553 1122 1824 1176 ποιεῖσθαι

317 1224 416 1287 τὰς
440 1222 721 1294 προόδους.

240 1313 297 1384 η’
329 1314 450 1366 ’Ότι
488 1314 548 1365 οὐ
578 1312 682 1383 χρὴ
731 1313 844 1375 τοῖς
870 1308 1162 1365 ἀστατοῦσι
1191 1308 1298 1362 τῶν
1323 1305 1577 1378 ἀσκητῶν
1610 1305 1825 1377 μεταδι-

319 1406 467 1460 δόναι
522 1405 756 1478 θάρσους
794 1405 888 1458 καὶ
923 1402 1268 1474 παρρησίας,
1307 1401 1442 1455 ἀλλά
1475 1402 1569 1454 καὶ
1603 1400 1825 1462 τούτους

322 1496 705 1568 φυλάττεσθαι.

245 1592 295 1646 θ’
360 1592 481 1646 Ὅτι
537 1592 740 1663 κλήρου
798 1590 831 1662 ἢ
900 1588 1236 1661 προστασίας
1287 1584 1531 1654 ἀδελφῶν
1572 1581 1824 1653 οὐδαμῶς

318 1684 567 1756 ἐφίεσθαι
600 1684 868 1755 προσήκει
894 1682 984 1737 τὸν
1006 1682 1271 1752 ἀσκητήν.
1370 1732 1373 1739 ,

1998 571 2136 636 tiri;
2191 580 2245 626 et
2292 572 2441 644 quod
2486 574 2738 644 corporis
2778 573 2954 638 labor,
3008 575 3150 629 bona
3199 591 3289 631 res
3337 582 3423 631 est
3454 582 3513 631 et

1998 662 2263 733 legitima.

1927 753 1961 807 5
2007 754 2163 820 Quod
2214 755 2472 811 convenit
2523 763 2768 811 ascetam
2815 756 2873 811 in
2934 758 3196 829 congruis
3247 758 3512 829 operibus

1998 848 2310 901 exercitari.

1927 937 1959 991 6
1989 937 2143 1003 Quod
2182 953 2292 991 non
2322 936 2580 992 convenit
2615 945 2855 993 ascetam
2888 953 3014 992 cum
3044 939 3300 995 omnibus
3328 940 3507 996 homi-

2004 1031 2169 1084 nibus
2201 1030 2421 1086 incaute
2449 1029 2831 1085 sermocinari.

1929 1121 1960 1175 7
1988 1120 2143 1188 Quod
2182 1137 2293 1177 non
2325 1132 2544 1194 oportet
2579 1124 2774 1178 crebro
2802 1130 2857 1177 et
2891 1130 3093 1177 temere
3122 1122 3329 1194 egredi.

1928 1294 1960 1349 8
1987 1292 2143 1359 Quod
2179 1292 2381 1349 ascetis
2412 1292 2769 1348 instabilihus
2797 1293 3125 1347 confidentia
3159 1308 3224 1345 ac
3250 1292 3512 1361 loquendi

1997 1386 2224 1440 libertas
2268 1384 2450 1439 danda
2495 1401 2605 1439 non
2651 1391 2757 1450 est,
2804 1384 2914 1439 imo
2971 1400 3102 1439 vero
3143 1383 3289 1454 quod
3342 1386 3396 1438 hi
3429 1384 3512 1438 vi-

1998 1478 2150 1532 tandi
2190 1485 2341 1534 sunt.

1925 1570 1959 1626 9
1992 1569 2151 1638 Quod
2197 1588 2308 1627 non
2337 1572 2598 1628 convenit
2630 1578 2689 1625 ut
2716 1578 2901 1627 asceta
2951 1570 3164 1642 ingredi
3194 1572 3249 1627 in
3278 1572 3508 1639 clerum,

1995 1671 2089 1717 aut
2122 1662 2385 1719 fratribus
2414 1662 2618 1733 praeﬁci
2650 1678 2891 1733 unquam
2917 1665 3123 1733 cupiat.

244 1781 280 1829 t'
309 1753 431 1828 Ὅτι
462 1775 523 1827 οὐ
556 1753 661 1845 χρῆ
710 1770 846 1843 πρὸς
873 1772 1177 1837 κενοδοξίαν
1211 1769 1474 1842 βλέποντα
1516 1767 1710 1840 ζηλοῦν
1750 1764 1819 1819 τὰ

1929 1754 1995 1809 10
2025 1753 2181 1820 Quod
2229 1769 2343 1809 non
2392 1754 2653 1810 convenit
2696 1754 2842 1810 bona
2889 1754 3138 1809 aemulari
3196 1754 3266 1809 ob
3312 1768 3509 1809 vanam

319 1865 478 1920 καλά.

243 1964 317 2010 ια’
340 1957 476 2028 Περὶ
506 1954 789 2026 εὐκαιρίας
816 1953 1012 2023 λόγων.

243 2047 315 2117 ιβ’
349 2048 469 2101 ’Ότι
488 2048 547 2099 οὐ
578 2045 683 2117 χρὴ
717 2046 856 2117 πρὸς
884 2044 1246 2117 εὐτραπελίας
1273 2044 1488 2116 βλέπειν
1517 2042 1610 2095 τὸν
1648 2042 1821 2112 ἀσκη-

315 2139 435 2209 τήν.

242 2237 315 2299 ιγ’
344 2231 479 2302 Περὶ
544 2231 870 2302 πραότητος,
918 2230 1014 2284 καὶ
1058 2229 1181 2284 τίνα
1235 2229 1434 2300 τρόπον
1467 2227 1657 2298 ἀγάπη
1694 2243 1820 2279 συν-

322 2322 552 2378 ίσταται.

241 2415 307 2469 ιδ’
334 2416 469 2486 Περὶ
495 2418 828 2487 φρονήσεως.

242 2525 294 2559 ιε
340 2506 477 2576 Περὶ
506 2507 741 2570 πίστεως
763 2507 857 2561 καὶ
885 2506 1117 2571 ἐλπίδος.

241 2602 325 2660 ,ς’
357 2595 496 2667 Περὶ
522 2596 1044 2668 ταπεινοφροσύνης.

242 2687 313 2751 ιζ’
339 2688 495 2741 Κατά
541 2688 739 2752 πόσους
775 2689 1008 2760 τρόπους
1038 2689 1086 2741 οἱ
1129 2686 1357 2759 πονηροὶ
1390 2686 1645 2756 λογισμοι
1691 2701 1817 2737 συν-

320 2780 578 2835 ίστανται.

244 2875 319 2937 ιη’
345 2868 486 2939 Πρὸς
511 2872 636 2933 τοὺς
658 2871 717 2923 ὲν
740 2870 990 2941 κοινοϐίῳ
1020 2869 1354 2933 κανονικούς.

244 2956 315 3009 ιϐ’
338 2958 457 3009 ’Ότι
478 2956 583 3028 χρὴ
602 2957 693 3011 τὸν
719 2959 962 3030 ἀσκητὴν
998 2959 1189 3031 βεϐαία
1227 2960 1406 3030 κρίσει
1442 2960 1724 3031 προσιέναι
1750 2960 1817 3029 τῇ

319 3050 567 3120 ἀσκήσει,
600 3052 694 3104 καὶ
728 3053 853 3121 περὶ
876 3053 1143 3122 ὑπακοῆς.

243 3148 296 3193 κ’
328 3142 446 3194 Ὅτι
473 3142 533 3193 οὐ
578 3141 682 3214 χρὴ
709 3144 805 3207 τὰς
852 3144 988 3213 πρὸς
1039 3147 1164 3209 τοὺς
1204 3143 1487 3214 βιωτικούς
1536 3147 1817 3213 συγγενεῖς

324 3233 677 3303 μεταδιώκειν
705 3236 939 3305 ὁμιλίας,
965 3236 996 3307 ἦ
1027 3237 1093 3289 τὰ
1111 3237 1334 3305 ἐκείνων
1360 3236 1686 3309 φροντίζειν.

246 3332 335 3379 κα¹
365 3327 485 3380 Ὅτι
530 3328 589 3380 οὐ
616 3328 695 3379 δεῖ
720 3329 817 3398 τῆς
870 3328 1242 3399 πνευματικῆς
1286 3329 1643 3399 ἀδελφότητπ
1681 3329 1818 3380 ἀπο-

321 3420 634 3474 κόπτεσθαι.
1152 3486 1157 3487 ν

248 3513 335 3583 κβ⁹
356 3514 490 3584 Περὶ
507 3514 754 3585 ὑπακοῆς
774 3515 880 3585 πλη
890 3515 1046 3586 ρέστε
1056 3532 1168 3585 ρον.

247 3610 335 3673 κγ’
370 3605 492 3658 ’Ὁτι
523 3606 617 3658 καὶ
650 3605 719 3658 τὰ
749 3606 939 3676 εὐτελῆ
970 3607 1076 3660 τῶν
1103 3606 1277 3677 ἔργων
1306 3604 1445 3677 μετά
1469 3603 1672 3675 πολλῆς
1695 3621 1822 3677 προ-

322 3689 519 3759 θυμίας
543 3692 813 3763 αίρεῖσθαι
853 3696 1117 3765 προσήκει
1149 3695 1239 3746 τὸν
1260 3695 1528 3765 ἀσκητήν.

248 3782 330 3833 κδ’
361 3783 482 3836 Ὅτι
534 3784 593 3837 οὐ
620 3786 724 3856 χρὴ
770 3786 931 3856 τιμὰς
960 3787 1051 3840 καὶ
1078 3785 1371 3857 πρεσϐείας
1404 3785 1681 3857 ἐπιζητεῖν
1731 3786 1821 3839 τὸν

320 3876 559 3947 ἀσκητήν
570 3917 582 3929 .

250 3972 326 4018 κε’
356 3968 492 4038 Περὶ
546 3968 644 4040 τῆς
676 3968 814 4023 κατά
852 3970 919 4022 τὰ
948 3968 1209 4041 βρώματα
1240 3969 1472 4039 ἀτυφίας
1514 3968 1609 4023 καὶ
1654 3968 1822 4023 ἁπλό-

323 4074 505 4126 τητος.

251 4153 342 4210 σις’
372 4147 494 4199 ’Ὁτι
543 4148 633 4200 τὸν
662 4148 795 4219 πρὸς
820 4148 880 4201 τὸ
914 4147 1117 4202 τέλειον
1148 4147 1411 4219 βλέποντα
1453 4149 1656 4221 οὐδὲνή
1689 4148 1822 4222 πρό-

324 4236 437 4299 οδος
467 4237 817 4307 παραὸλάψαι
850 4237 1160 4310 δυνήσεται.

252 4329 332 4392 κζ’
375 4329 492 4382 Ὅτι
526 4330 586 4382 οὐ
609 4330 712 4400 χρὴ
742 4329 996 4400 ἀσχολίας
1020 4330 1164 4402 ἔχειν
1200 4330 1291 4384 τὸν
1321 4332 1585 4404 ἀσκητήν.

252 4426 339 4490 ιη’
372 4420 489 4474 Ὅτι
519 4422 623 4492 χρὴ
652 4422 741 4474 τὸν
758 4423 1076 4493 προεστῶτα
1097 4426 1333 4496 πατρικῇ
1375 4420 1556 4494 εὐνοίᾳ
1587 4424 1654 4477 τά
1680 4424 1821 4479 κατὰ

324 4510 448 4572 τοὺς
478 4511 746 4581 ὑπηκόους
772 4513 1092 4582 οἰκονομεῖν.

253 4601 336 4655 μεθ’
373 4602 493 4654 Ὅτι
544 4604 604 4655 οὐ
646 4604 750 4675 χρὴ
805 4604 1047 4674 ἑταιρίας
1078 4602 1171 4656 δύο
1214 4603 1248 4675 ἢ
1284 4602 1451 4675 τριῶν
1485 4602 1727 4672 ἀδελφῶν
1761 4604 1819 4657 ὲν

323 4698 628 4768 συστήματι
653 4698 935 4769 ἀσκητικῷ
958 4698 1231 4766 γενέσθαι.

250 4795 292 4840 λ’
336 4789 456 4841 Ὅτι
509 4789 569 4841 οὐ
615 4790 720 4861 χρὴ
770 4788 1081 4859 ἐνδυμάτων
1139 4788 1368 4860 ἐκλογὴν
1407 4789 1681 4859 ἐπιζητεῖν
1728 4788 1821 4841 τὸν

324 4882 587 4954 ἀσκητήν.

250 4980 331 5026 λα’
362 4973 480 5026 Ὅτι
504 4973 583 5026 δεῖ
619 4974 708 5027 τὸν
756 4974 1074 5045 προεστῶτα
1112 4972 1350 5041 ἀνάλογα
1382 4972 1480 5042 τῆς
1514 4970 1609 5025 τοῦ
1642 4969 1823 5040 σώμα-

322 5083 413 5128 τος
443 5067 720 5136 δυνάμεως
769 5066 969 5139 ὁρίζειν
996 5066 1063 5119 τά
1087 5063 1490 5134 ἐπιτεταγμένα
1518 5080 1529 5093 ·
1575 5064 1670 5117 καὶ
1693 5061 1821 5133 περὶ

323 5158 432 5210 τῶν
457 5157 875 5229 ἀποκρυὸόντων
900 5158 999 5229 τὴν
1030 5154 1236 5211 ἑαυτῶν
1264 5154 1514 5226 δύναμιν.

256 5248 331 5322 ιβ’
366 5251 490 5303 Ὅτι
532 5251 591 5303 οὐ
624 5251 702 5304 δεῖ
726 5252 852 5315 τοὺς
888 5251 1149 5321 ἀδελφοὺς
1182 5247 1490 5310 λυπεῖσθαι,
1521 5244 1628 5299 τῶν
1666 5244 1822 5300 ἀσθε-

323 5343 589 5415 νεστὲρων
614 5344 827 5413 φειδοῦς
848 5344 996 5410 ἀξιου
1005 5344 1200 5414 μένων.

253 5434 333 5504 ιγ’
373 5437 494 5488 Ὅτι
531 5435 591 5487 οὐ
626 5435 731 5507 χρὴ
766 5436 890 5498 τοὺς
919 5433 1266 5505 προεστῶτας
1315 5435 1429 5496 τοῖς
1458 5428 1821 5485 ἀποστατοῦσι

321 5526 418 5580 τοῦ
442 5527 640 5581 οἰκείου
696 5527 1059 5598 ἀθροίσματος
1086 5528 1352 5597 ἁσκηταῖς
1382 5524 1696 5597 παρρησίας
1721 5540 1821 5594 με·-

321 5618 612 5686 ταδιδόναι,
654 5620 688 5692 ἦ
720 5620 942 5683 τούτους
973 5619 1053 5683 είς
1085 5618 1366 5675 κοινωνίαν
1402 5616 1519 5688 βίου
1546 5605 1816 5688 δέχεᾶθαι.

1854 1836 1897 1893 Β
1996 1845 2253 1915 gloriam.

1930 1936 1986 1991 Η
2028 1934 2103 1990 De
2132 1937 2328 1991 idoneo
2364 1934 2431 1990 ad
2464 1934 2801 2005 loquendum
2837 1941 3105 2005 tempore.

1929 2028 2000 2083 12
2052 2029 2216 2096 Quod
2258 2045 2369 2086 non
2412 2028 2671 2086 convenit
2709 2042 2949 2083 ascetam
2979 2026 3046 2081 ad
3080 2025 3303 2082 facetias
3332 2026 3512 2097 respio

1998 2134 2145 2174 cere.

1928 2212 1996 2267 1'5
2049 2211 2124 2266 De
2169 2211 2623 2277 mansuetudine,
2673 2219 2728 2266 et
2773 2209 3049 2281 quomodo
3099 2210 3341 2264 Charitas
3367 2223 3502 2262 con-

1998 2300 2278 2355 stituatur.

1929 2392 1996 2446 14
2030 2390 2103 2446 De
2133 2392 2443 2461 prudentia.

1930 2483 1998 2537 15
2032 2482 2107 2536 De
2139 2482 2243 2536 ﬁde
2272 2491 2326 2537 et
2360 2499 2476 2553 spe.

1929 2575 1996 2628 16
2028 2574 2105 2629 De
2147 2574 2476 2629 humilitate.

1932 2669 1997 2721 17
2026 2668 2171 2733 Quot
2203 2669 2378 2723 modis
2411 2675 2710 2722 nascantur
2749 2683 2930 2740 pravae
2957 2668 3336 2741 cogitationes.

1928 2846 1998 2900 18
2026 2844 2108 2899 Ad
2137 2846 2435 2901 canonicos
2466 2846 2520 2899 in
2546 2846 2826 2900 communi
2863 2847 3129 2902 viventes.

1929 2936 1995 2990 19
2023 2936 2179 3003 Quod
2213 2944 2430 3006 oportet
2480 2946 2724 2991 ascetam
2783 2938 2940 2993 ﬁrmo
2994 2938 3205 3007 judicio
3248 2937 3508 2994 accedere

1998 3030 2064 3082 ad
2099 3030 2389 3083 asceticam
2422 3028 2609 3091 vitam,
2640 3038 2693 3082 et
2724 3029 2791 3084 de
2824 3030 3151 3085 obedientia.

1924 3120 1996 3175 20
2029 3120 2184 3185 Quod
2225 3136 2336 3175 non
2371 3130 2585 3190 oportet
2614 3122 2815 3175 sectari
2845 3122 3114 3192 colloquia
3143 3137 3268 3176 cum
3299 3137 3507 3194 cogna-

1999 3214 2068 3268 tis
2099 3214 2299 3269 saeculo
2332 3213 2591 3278 addictis,
2622 3223 2716 3267 aut
2753 3215 2970 3269 illorum
3006 3231 3093 3270 res
3128 3228 3341 3270 curare.

1924 3305 1989 3359 21
2025 3304 2182 3370 Quod
2210 3321 2321 3359 non
2353 3313 2571 3376 oportet
2598 3323 2630 3359 a
2668 3305 2939 3376 spirituali
2979 3306 3325 3362 fraternitate
3355 3321 3506 3362 rese-

1996 3397 2131 3451 cari.

1925 3488 1997 3541 22
2026 3487 2100 3543 De
2127 3488 2437 3543 obedientia
2466 3486 2715 3542 uberius.

1925 3581 1997 3635 25
2031 3580 2187 3647 Quod
2219 3588 2403 3635 asceta
2430 3579 2559 3634 vilia
2593 3580 2759 3634 etiam
2787 3593 2952 3648 opera
2985 3578 3143 3634 debet
3177 3578 3345 3632 multa
3375 3592 3502 3632 cum

1998 3671 2281 3725 alacritate
2313 3671 2612 3740 suscipere.

1926 3761 1997 3815 24
2023 3761 2182 3828 Quod
2235 3777 2344 3816 non
2390 3762 2648 3817 convenit
2695 3762 2937 3818 honores
2971 3776 3037 3815 ac
3073 3762 3369 3833 dignitates
3415 3778 3503 3818 re-

2000 3854 2145 3924 quiri
2177 3853 2244 3907 ab
2275 3861 2484 3909 asceta.

1926 3946 1998 4000 25
2028 3946 2104 4001 De
2142 3935 2453 4017 frugalitate
2485 3962 2549 4001 ac
2579 3946 2929 4018 simplicitate
2963 3947 3019 4001 in
3059 3947 3357 4004 alimentis.

1926 4122 1996 4178 26
2031 4123 2189 4191 Quod
2223 4123 2319 4196 qui
2351 4123 2574 4194 respicit
2626 4122 2695 4179 ad
2747 4123 3160 4194 perfectionem,
3189 4123 3325 4179 nihil
3368 4124 3493 4181 laedi

1999 4217 2174 4287 possit
2202 4216 2551 4287 egrediendo.

1926 4310 1998 4363 27
2027 4309 2181 4376 Quod
2217 4318 2401 4365 asceta
2448 4324 2560 4364 non
2598 4307 2758 4363 debet
2787 4309 2998 4379 privata
3031 4309 3250 4379 negotia
3278 4308 3500 4366 habere.

1925 4402 1995 4457 26
2025 4402 2183 4469 Quod
2226 4409 2443 4473 Oportet
2492 4400 2809 4471 praefectum
2857 4409 3084 4472 paterna
3127 4402 3503 4459 benevolentia

2003 4510 2090 4549 res
2125 4510 2189 4549 ac
2227 4493 2446 4563 negotia
2482 4493 2825 4548 subditorum
2854 4493 3196 4563 dispensare.

1848 4564 1898 4621 ί)
1923 4588 1993 4643 29
2023 4586 2179 4652 Quod
2215 4601 2323 4640 non
2356 4584 2583 4639 addecet
2614 4585 2669 4639 in
2709 4585 2963 4639 instituto
2992 4585 3233 4641 ascetico
3264 4585 3499 4641 duorum

1998 4684 2092 4731 aut
2123 4676 2288 4731 trium
2321 4674 2554 4729 fratrum
2584 4689 2707 4729 esse
2737 4672 3077 4730 sodalitium.

1926 4769 1994 4823 ’50
2033 4767 2190 4834 Quod
2218 4784 2329 4822 non
2357 4766 2612 4822 convenit
2656 4772 2718 4820 ut
2752 4773 2936 4821 asceta
2962 4764 3231 4820 delectum
3263 4768 3498 4822 vestium

1999 4866 2235 4929 expetat.

1925 4952 1987 5007 51
2018 4950 2176 5017 Quod
2198 4950 2358 5005 debet
2385 4948 2674 5020 prafectus
2702 4947 2915 5003 viribus
2941 4947 3187 5017 corporis
3219 4960 3316 5001 sua
3344 4963 3498 5002 man-

1997 5044 2124 5098 data
2183 5039 2603 5096 accommodare
2647 5059 2660 5095 :
2708 5047 2762 5095 et
2802 5039 2870 5096 de
2917 5040 2986 5095 iis
3042 5040 3136 5110 qui
3181 5040 3324 5096 vires
3367 5056 3499 5099 suas

1997 5134 2297 5189 occultant.

1923 5224 1993 5280 52
2021 5223 2178 5290 Quod
2232 5238 2343 5278 non
2390 5221 2591 5277 debent
2639 5220 2839 5277 fratres
2881 5221 3104 5278 tristitia
3151 5222 3313 5295 afﬁci,
3366 5240 3493 5281 cum

1995 5316 2289 5372 levamenti
2328 5313 2537 5383 aliquid
2571 5313 2798 5368 affertur
2830 5314 3214 5374 dehilioribus.

1925 5417 1994 5471 3'5
2041 5415 2198 5482 Quod
2241 5430 2351 5468 non
2396 5411 2596 5467 debent
2639 5411 2879 5484 prrefecti
2932 5415 3154 5479 ascetis,
3197 5414 3290 5484 qui
3338 5430 3500 5470 suum

1997 5508 2241 5577 ipsorum
2290 5516 2615 5560 conventum
2675 5504 2958 5569 deserunt,
3018 5505 3275 5576 loquendi
3334 5506 3500 5561 liber-

1995 5604 2163 5652 tatem
2193 5595 2343 5663 dare,
2373 5601 2467 5649 aut
2497 5594 2649 5665 ipsos
2679 5592 2970 5650 admittere
3008 5594 3075 5649 ad
3101 5595 3223 5649 vitae
3252 5608 3499 5650 commu-

1997 5689 2241 5744 nitatem.
