4018 6226
416 383 555 439 1523

1607 373 1612 378 ’
1715 370 1769 429 5.
1811 371 2056 429 BASILII
2099 368 2314 429 MAGNI

3510 366 3633 424 1326
3679 367 3684 370 ’

417 518 558 557 mus.
594 497 688 555 sed
725 512 791 553 ne
820 495 1124 551 doctrinam
1159 509 1266 566 qua
1292 494 1502 566 praediti
1533 510 1744 559 sumus,
1769 497 1988 550 silentio

2114 499 2285 564 Ιῇκαις
2318 493 2661 566 ἐπισίὲῐῗρῖξαι
2696 491 2806 562 (58)
2842 493 2934 545 καὶ
2974 487 3366 562 βεϐαιώσασθαι
3392 506 3404 518 ·
3441 489 3534 559 ούχ
3571 489 3638 556 ὡς

415 593 580 650 veluti
614 607 807 662 aggere
837 588 1071 660 quodam
1103 589 1528 654 abscondamus,
1562 596 1614 642 et
1646 587 1721 640 ita
1766 587 1984 642 demum

418 688 659 741 intentas
687 682 891 738 homini
910 681 1170 735 talentum
1213 679 1269 734 in
1304 687 1450 734 terra
1485 679 1780 733 oceultanti
1803 691 1990 747 ptenas

418 776 762 849 eﬂugiamus.
790 772 1116 842 Conjugium
1149 777 1354 833 autem,
1383 777 1442 823 ut
1469 767 1787 838 plurimum,
1825 781 1991 822 causa

421 878 506 924 est
540 867 854 922 hominibus
906 873 960 918 et
995 862 1217 917 occasio
1269 859 1586 931 cupiditatis
1640 859 1823 923 illius,
1873 872 1994 927 quae

423 963 570 1016 circa
598 959 906 1028 voluptates
957 954 1262 1009 mundanas
1306 968 1370 1006 ac
1397 966 1559 1007 curas
1591 957 1858 1005 versatur.
1889 946 1996 1002 Ne-

423 1069 533 1124 que
575 1052 720 1108 enim
769 1047 1046 1118 cupiditas
1075 1048 1207 1110 ulla,
1241 1059 1362 1116 qua:
1397 1051 1607 1098 natura:
1635 1040 1883 1112 corporis
1913 1041 1998 1092 in-

426 1147 533 1203 sita
567 1145 676 1206 sit,
729 1155 972 1211 unquam
1006 1138 1232 1209 reperiri
1269 1143 1447 1206 potest
1477 1133 1850 1191 vehementior
1882 1132 1995 1187 vio-

426 1237 769 1306 lentiorque,
801 1248 962 1304 quam
999 1247 1060 1287 ea
1109 1239 1225 1294 est,
1279 1244 1385 1299 qua
1429 1229 1532 1284 viri
1582 1228 1849 1290 feminas,
1909 1232 2001 1278 aut

428 1329 645 1384 feminas
688 1340 868 1379 mares
918 1329 1195 1392 appetunt,
1221 1318 1382 1391 534.
1411 1319 1574 1389 idque
1623 1333 1732 1373 non
1763 1316 1962 1370 mirum
1985 1355 2000 1379 ,

429 1436 556 1476 cum
613 1419 731 1488 ipsa
765 1417 950 1472 tendat
981 1421 1174 1484 suapte
1204 1421 1401 1466 natura
1435 1411 1504 1466 ad
1548 1410 1844 1465 liberorum
1876 1421 2002 1478 pro-

431 1511 782 1567 creationem.
829 1506 1018 1577 Itaque
1066 1520 1188 1560 eum
1251 1503 1566 1574 coniugium
1617 1501 1838 1556 maximi
1891 1515 2006 1554 mo-

431 1601 601 1657 menti
647 1604 826 1664 esset,
861 1597 1128 1666 impetum
1167 1609 1387 1666 quoque
1431 1593 1621 1649 indere
1658 1591 1890 1647 debebat
1916 1606 2007 1645 ve-

431 1691 823 1749 hementiorem
853 1708 866 1743 :
904 1688 1264 1757 similiterque
1305 1701 1485 1756 neque
1515 1699 1663 1740 cura:
1693 1684 1817 1738 ulla:
1841 1699 1909 1738 ex
1937 1683 2008 1738 iis

432 1794 556 1850 qua:
597 1777 910 1832 hominibus
965 1775 1219 1831 accidere
1265 1775 1473 1839 solent,
1515 1775 1794 1846 graviores
1849 1782 2006 1836 sunt,

2090 586 2361 658 ἀρκοῦντα
2414 585 2549 657 πρὸς
2605 584 2700 655 τὴν
2753 583 3025 637 ὑπόθεσινι
3062 580 3431 653 παρεχόμενον
3477 578 3636 647 λόγον,

2091 678 2202 731 ἀλλ’
2233 679 2308 742 ὼς
2352 678 2442 731 τὸν
2470 677 2598 730 ὄντα
2635 676 2710 748 μὴ
2761 674 3270 746 κατακρύπτοντες,
3317 669 3502 740 ὥσπερ
3547 671 3644 722 τινί

2093 765 2338 838 χώματι,
2385 770 2452 838 τῇ
2507 769 2664 837 σιγῇ,
2720 767 2812 819 καὶ
2866 764 3036 836 ταύτῃ
3087 762 3379 832 φεύγοντες
3425 760 3518 830 τὴν
3564 760 3645 811 ἐπὶ

2093 856 2170 929 τῷ
2201 857 2612 930 κατακρύψαντι
2641 856 2703 911 τὸ
2733 855 2993 911 τάλαντον
3035 855 3115 918 εἰς
3157 853 3254 924 τὴν
3293 853 3395 923 γῆν
3439 849 3648 919 ἠπειλη-

2099 949 2266 1021 μένην
2293 949 2467 1020 δίκην.
2504 948 2781 1020 Πρόφασις
2817 945 2919 1016 μὲν
2951 939 3074 1008 οὖν,
3114 943 3187 1006 ὡς
3230 941 3298 995 τά
3323 939 3524 1001 πολλὰ,
3547 938 3650 998 τοῖς

2097 1039 2402 1113 ἀνθρώποις
2427 1041 2525 1112 τῆς
2547 1040 2658 1111 (59)
2687 1038 2815 1111 περ).
2850 1037 2950 1101 τὰς
2976 1035 3248 1107 κοσμικάς
3280 1031 3569 1103 ἐπιθυμίας
3597 1045 3652 1083 τε

2099 1136 2195 1190 καὶ
2241 1134 2433 1206 ήδονάς
2482 1135 2577 1188 καὶ
2613 1131 2898 1204 φροντίδας
2938 1131 2967 1183 6
2999 1129 3196 1200 γάμος.
3243 1125 3379 1180 Οὔτε
3414 1124 3534 1193 γὰρ
3561 1120 3655 1190 τῆς

2100 1227 2195 1281 τοῦ
2226 1227 2415 1299 θήλεος
2441 1225 2732 1296 ἐπιθυμίας
2764 1222 3021 1294 ἀνδράσιν
3042 1262 3056 1288 ,
3099 1221 3133 1290 ἢ
3175 1217 3392 1288 γυναιξ)⁸
3434 1215 3534 1285 τῆς
3568 1211 3654 1266 τοῦ

2102 1321 2330 1392 ἄρρενος
2369 1316 2732 1389 σφοδροτέραν
2779 1315 2876 1369 καὶ
2922 1311 3228 1384 βιαιοτέραν
3275 1309 3426 1380 εὖροι
3474 1323 3555 1369 τις
3597 1305 3658 1358 ἀν

2105 1412 2429 1481 ἐγκειμένην
2478 1412 2544 1480 τῇ
2597 1407 2756 1478 φύσει
2806 1405 2900 1460 τοῦ
2953 1405 3202 1475 σώματος
3233 1421 3246 1434 ·
3283 1403 3380 1456 καὶ
3428 1399 3565 1471 μάλα
3600 1415 3659 1466 γε

2105 1504 2365 1567 εἰκότως,
2418 1495 2506 1555 οἷα
2550 1501 2614 1572 δὴ
2653 1501 2781 1573 περὶ
2823 1499 2919 1570 τὴν
2961 1495 3337 1574 τῶν-ἐκγόνων
3387 1491 3662 1563 βλάστησιν

2109 1595 2460 1650 συνίστασθαι
2483 1596 2785 1664 πεφυκυῖαν
2804 1610 2820 1624 ·
2851 1593 2940 1657 ὃς,
2973 1592 3340 1663 καιριωτάτην
3367 1586 3504 1657 ἔχων
3524 1583 3664 1654 svsp-

2107 1707 2298 1759 γειαν,
2339 1687 2540 1760 ἤμελλε
2586 1688 2680 1740 καὶ
2720 1686 2819 1757 τὴν
2856 1685 3036 1756 ῥύμην
3073 1681 3437 1754 σφοδροτέραν
3478 1678 3666 1744 ἐπάγε-

2111 1782 2236 1836 σθαι
2255 1799 2269 1814 ο
2305 1781 2424 1835 οὐδὲ
2447 1780 2556 1853 (60)
2591 1779 2876 1854 φροντίδας
2899 1777 3197 1849 βαρυτέρας
3225 1771 3529 1846 ἀνθρώποις
3545 1786 3668 1840 παρ-

433 1887 598 1943 quam
627 1885 748 1942 qua:
769 1885 836 1924 ex
871 1867 1146 1922 connubio
1187 1867 1482 1923 acervatim
1521 1867 1820 1930 advolant,
1866 1867 2012 1922 velut

2114 1874 2496 1938 εισπιπτούσας
2528 1874 2637 1926 τῶν
2663 1873 2751 1927 διά
2784 1873 2883 1943 τὴν
2917 1871 3177 1938 συζυγίαν
3199 1867 3413 1940 ἁθρόως
3458 1865 3668 1934 ἐφιπτα-

434 1965 640 2020 Paulus
662 1964 774 2018 ait:
807 1962 912 2028 Qui
959 1977 1177 2016 uxorem
1220 1961 1373 2014 duxit
1419 1960 1681 2014 sollicitus
1732 1969 1812 2014 est
1853 1960 1916 2014 de
1943 1961 2010 2014 iis

435 2072 553 2127 qua:
583 2063 704 2109 sunt
738 2053 922 2106 mundi
951 2053 1016 2118 ⁸³,
1047 2059 1234 2121 utpote
1263 2066 1522 2106 curarum
1552 2051 1773 2106 sarcina
1821 2051 2012 2122 degra~

435 2157 618 2204 vatus.
655 2147 864 2202 Etenim
890 2146 982 2216 qui
1007 2145 1158 2200 solus
1175 2143 1343 2216 degit,
1365 2145 1605 2214 seipsum
1637 2145 2014 2200 tantummodo

437 2255 680 2310 suasque
715 2238 1067 2294 necessitates
1087 2237 1402 2306 corporales
1434 2245 1630 2291 curat:
1665 2244 1759 2291 aut
1780 2235 2016 2294 fortasse

437 2346 534 2387 eas
566 2331 733 2387 etiam
763 2335 1176 2398 contempturus
1203 2337 1312 2394 est,
1339 2327 1386 2384 si
1409 2329 1579 2384 semel
1601 2329 1655 2384 id
1685 2329 1739 2383 in
1769 2328 2012 2384 animum

440 2438 601 2480 suum
634 2423 894 2477 inducere
918 2420 1075 2476 facile
1099 2420 1314 2491 possit:
1349 2419 1443 2490 qui
1469 2434 1598 2476 vero
1628 2435 1814 2475 curam
1839 2419 2015 2476 susci-

439 2515 522 2588 pit
553 2515 742 2570 uxoris
772 2529 836 2568 ac
872 2513 1191 2575 liberorum,
1221 2525 1330 2564 non
1357 2510 1472 2581 jam
1499 2512 1732 2582 amplius
1761 2511 2016 2567 dominus

441 2606 658 2663 exsistit
683 2621 795 2662 suae
823 2604 997 2675 ipsius
1028 2603 1342 2666 voluntatis,
1380 2602 1476 2657 sed
1512 2618 1574 2658 ea
1625 2603 1693 2658 de
1733 2617 1900 2658 causa
1925 2617 2021 2658 ne-

440 2700 686 2757 cessario
717 2697 946 2753 inservit
973 2695 1348 2765 voluptatibus
1374 2736 1390 2762 ,
1437 2709 1503 2748 ac
1533 2695 1680 2749 circa
1723 2694 2022 2750 liberorum

443 2805 634 2845 curam
659 2795 984 2858 occupatus,
1021 2785 1204 2840 haurit
1240 2786 1572 2840 immensum
1603 2799 1861 2840 curarum
1894 2801 2024 2856 gur-

445 2890 608 2958 gitem
635 2905 648 2939 :
683 2900 820 2955 quas
852 2897 1142 2940 recensere
1170 2883 1390 2953 longius
1419 2881 1582 2947 foret,
1605 2897 1769 2953 quam
1799 2883 2026 2952 permit-

446 2979 514 3032 tit
540 2993 780 3048 praasens
814 2985 1050 3046 tempus.

515 3068 572 3123 2.
604 3067 707 3133 Qui
739 3065 903 3137 igitur
931 3065 1083 3136 cupit
1135 3080 1166 3118 a
1221 3064 1410 3120 mundi
1443 3063 1679 3119 vinculis
1704 3063 1842 3119 liber
1869 3079 2024 3131 esse,

446 3161 668 3233 nuptias
713 3161 870 3229 quasi
919 3159 1142 3229 pedicas
1187 3157 1454 3228 quasdam
1490 3156 1666 3229 fugit:
1703 3157 1791 3212 his
1843 3167 2020 3214 autem

2113 1966 2290 2038 μένων
2317 2009 2331 2032 ,
2375 1965 2559 2030 καθὼς
2591 1969 2619 2020 6
2665 1964 2878 2028 Παῦλός
2915 1980 3078 2036 φησιν
3102 1979 3116 1994 ·
3166 1962 3219 2014 '0
3263 1959 3542 2031 γαμήσας
3577 1973 3670 2026 με-

2102 2056 2286 2128 ριμνᾷ
2303 2060 2376 2112 τὰ
2403 2057 2510 2111 τοῦ
2537 2058 2790 2127 κόσμου,
2816 2053 2917 2118 τὰς
2946 2053 3232 2126 φροντίδας
3260 2050 3667 2122 ἐπηχθισμένος.

2125 2149 2182 2201 Ὁ
2218 2148 2316 2218 μὲν
2349 2148 2458 2217 γάρ
2494 2147 2651 2218 μόνος
2689 2145 2883 2201 ἐαυτοῦ
2921 2145 3153 2198 καὶτῶν
3181 2144 3403 2197 οἰκείων
3443 2141 3536 2194 τοῦ
3575 2157 3670 2193 σω·

2118 2257 2286 2311 ματος
2314 2239 2568 2308 ἀναγκῶν
2601 2239 2887 2309 ἀνάσχοιτο
2923 2237 2990 2292 ἂν
3011 2278 3026 2303 ,
3060 2237 3094 2309 ἢ
3141 2237 3270 2300 ἴσως
3295 2235 3396 2290 καὶ
3425 2248 3673 2304 περιφρο-

2117 2331 2303 2401 νήσειε
2348 2329 2552 2392 ταύτας
2578 2369 2594 2394 ,
2628 2328 2819 2382 ἐαυτὸν
2859 2329 2942 2391 εἰς
2985 2327 3142 2380 τοῦτο
3193 2325 3406 2380 πείθειν
3457 2324 3674 2386 εὐκόλως

2117 2421 2444 2492 δυνάμενος·
2491 2423 2521 2474 6
2562 2421 2619 2474 δὲ
2649 2421 2896 2491 γαμετῆς
2929 2420 3026 2474 καὶ
3070 2419 3276 2472 παίδων
3325 2413 3676 2486 ἐπιμελούμε-

2119 2531 2208 2577 νος
2240 2513 2421 2566 ούκέτι
2449 2513 2550 2583 τῆς
2582 2514 2788 2578 οἰκείας
2808 2512 3036 2584 γνώμης
3065 2511 3253 2584 κύριος
3283 2510 3518 2580 γίνεται,
3557 2509 3676 2562 ἀλλά

2121 2605 2365 2676 ἀνάγκην
2409 2603 2520 2675 ἔχει
2553 2604 2726 2677 ταύτῃ
2770 2604 2839 2659 τά
2881 2603 3002 2658 καθ’
3033 2603 3224 2675 ἡδονάς
3257 2603 3554 2672 πράττειν,
3594 2607 3677 2654 και

2122 2699 2252 2771 περὶ
2279 2697 2377 2769 τὴν
2398 2697 2507 2751 τῶν
2530 2698 2736 2752 παίδων
2759 2698 3073 2773 ἐπιμέλειαν
3106 2695 3535 2768 ἀσχολούμενος,
3565 2694 3678 2746 πολ-

2122 2789 2220 2862 λὴν
2247 2789 2482 2844 ἄϐυσσον
2514 2789 2894 2843 ἐπαντλείσθαι
2921 2791 3214 2861 φροντίδων
3233 2831 3248 2854 ,
3275 2789 3348 2854 ἃς
3377 2787 3677 2856 καταλέγειν

2127 2881 2458 2954 μακρότερον
2487 2881 2521 2954 ἦ
2555 2881 2696 2935 κατά
2724 2881 2816 2936 τὸν
2849 2883 3091 2954 παρόντα
3122 2881 3316 2954 καιρὸν
3351 2881 3417 2937 ἂν
3449 2880 3554 2950 εἴη.

2195 3057 2252 3115 2.
2294 3058 2352 3114 '0
2382 3059 2561 3114 τοίνυν
2608 3060 2718 3114 τῶν
2764 3059 2859 3114 τοῦ
2907 3059 3112 3132 κόσμου
3157 3061 3380 3133 δεσμῶν
3419 3059 3679 3131 ἐλεύθερός

2049 3197 2092 3256 C
2128 3145 2266 3204 εἶναι
2303 3150 2619 3222 γλιχόμενος
2648 3152 2742 3206 τὸν
2797 3153 2975 3225 γάμον
3011 3153 3198 3225 ὥσπερ
3223 3153 3380 3218 τινάς
3405 3153 3563 3217 πέδας
3587 3154 3680 3206 ἀπ-

446 3253 655 3313 vitatis,
689 3265 842 3306 suam
896 3249 1008 3305 Deo
1051 3249 1218 3304 vitam
1267 3257 1596 3316 consecrat,
1629 3249 2017 3320 profiteturque

2125 3245 2293 3316 έφυγε
2319 3263 2336 3278 ο
2371 3245 2556 3302 τοῦτον
2595 3245 2653 3300 δέ
2695 3246 2807 3320 (61)
2845 3245 3145 3318 ἀποφυγὼν
3169 3288 3184 3312 ,
3231 3247 3328 3302 τὸν
3372 3245 3559 3302 ἐαυτοῦ
3581 3244 3682 3316 βίον

448 3338 777 3402 castitatem,
801 3343 861 3390 ut
903 3337 1014 3406 jam
1042 3337 1146 3392 sibi
1174 3351 1282 3391 non
1314 3337 1477 3393 liceat
1507 3353 1792 3396 recurrere
1819 3338 1886 3393 ad
1921 3356 2017 3393 nu-

2125 3338 2357 3410 ἀνέθηκε
2385 3338 2538 3409 Θεῷ,
2585 3338 2680 3393 καὶ
2715 3339 2815 3412 τὴν
2848 3340 3072 3410 ἁγνείαν
3103 3339 3588 3412 καθωμολόγησενο
3615 3337 3684 3399 ὡς

447 3433 612 3506 ptias,
635 3431 728 3487 sed
761 3430 1026 3486 adversus
1070 3437 1346 3497 naturam,
1380 3430 1615 3503 ejusque
1649 3432 2017 3488 vehementio-

2129 3432 2265 3502 μήτε
2295 3431 2478 3484 ἀδειαν
2509 3432 2777 3504 ὑπάρχειν
2813 3431 2963 3503 αὐτῷ
2993 3433 3095 3503 τῆς
3126 3432 3220 3486 ἐπὶ
3253 3432 3350 3486 τὸν
3375 3433 3546 3503 γάμον
3573 3432 3682 3484 ἐπι-

449 3539 540 3579 res
580 3523 816 3593 impetus
857 3515 1166 3588 decertans,
1195 3522 1347 3579 initis
1391 3538 1492 3594 pro
1545 3524 1798 3581 castitate
1849 3534 2017 3580 certa-

2128 3520 2399 3592 στροφῆς,
2431 3520 2546 3575 ἀλλ’
2581 3522 2799 3592 ἔχεσθαι
2837 3522 3000 3575 αὑτὸν
3029 3524 3094 3576 ἐκ
3123 3521 3328 3587 παντὸς
3363 3522 3561 3595 τρόπου
3586 3517 3684 3573 τῶν

451 3614 692 3672 minibus
722 3629 952 3684 prorsus
988 3612 1286 3669 incumbet.
1319 3612 1454 3669 Nam
1492 3615 1743 3686 quisquis
1766 3622 1850 3672 est
1875 3615 2017 3686 ejus-

2129 3614 2268 3686 ὑπὲρ
2298 3613 2398 3684 τῆς
2435 3614 2659 3683 ἁγνείας
2686 3615 3083 3686 ἀγωνισμάτων
3113 3616 3276 3684 φύσει
3307 3612 3683 3687 προσπαλαίονο

451 3707 632 3770 modi,
686 3707 734 3762 is
788 3705 883 3762 Dei
935 3705 1114 3762 factus
1159 3715 1408 3772 amator,
1468 3707 1695 3778 ejusque
1752 3709 2028 3778 apathiam

451 3800 734 3871 paululum
769 3800 960 3855 saltem
990 3799 1252 3884 consequi
1289 3799 1537 3869 cupiens,
1580 3807 1744 3870 atque
1767 3800 2030 3870 spiritua-

451 3893 556 3948 lem
581 3893 996 3949 sanctimoniam
1023 3930 1038 3954 ,
1085 3892 1646 3962 tranquillitatemque
1671 3899 1725 3947 et
1752 3892 1988 3963 quietem
2009 3933 2024 3956 ,

453 3994 518 4034 ac
553 3980 1052 4043 mansuetudinem,
1093 3987 1147 4035 et
1179 3995 1299 4049 qua:
1351 3997 1418 4035 ex
1451 3981 1538 4036 his
1565 3991 1906 4046 nascuntur,
1938 3982 2032 4037 lae-

451 4069 630 4124 titiam
663 4077 719 4124 et
747 4069 1005 4138 gaudium
1033 4069 1323 4139 degustare
1345 4069 1689 4136 desiderans,
1731 4071 1789 4126 in
1821 4088 1887 4127 eo
1916 4072 2031 4126 ela-

452 4162 644 4226 borat,
691 4169 750 4215 ut
804 4162 997 4231 procul
1046 4162 1115 4216 ab
1173 4162 1323 4216 omni
1373 4169 1593 4218 terreno
1648 4178 1713 4218 ac
1754 4163 2028 4234 corporali

453 4250 654 4306 affectu
682 4251 922 4305 animum
959 4252 1316 4321 perturbante
1367 4236 1726 4324 cogitationes
1776 4270 1904 4310 suas
1935 4257 2032 4310 ab-

454 4343 658 4398 ducat:
696 4343 806 4398 imo
831 4344 996 4398 etiam
1045 4345 1214 4398 animi
1274 4345 1465 4400 obtutu
1523 4362 1660 4416 puro
1719 4348 2032 4418 nulliusque

452 4435 695 4491 tenebris
741 4433 1003 4489 obvoluto
1032 4437 1437 4506 contemplatur
1474 4438 1680 4502 divina,
1715 4448 1770 4494 et
1828 4440 2032 4496 lumine

2126 3725 2196 3760 τα
2218 3748 2234 3773 ,
2267 3707 2362 3761 καὶ
2397 3708 2605 3780 ταύτης
2642 3711 2761 3773 ταῖς
2802 3708 3130 3781 βιαιοτέραις
3165 3710 3392 3781 ὁρμαῖς.
3439 3705 3682 3780 Ἐραστὴς

2128 3798 2237 3870 γάρ
2269 3798 2298 3850 6
2325 3799 2565 3862 τοιοῦτος
2593 3799 2689 3854 τοῦ
2713 3800 2849 3855 Θεοῦ
2879 3801 3157 3864 καταστὰς
3177 3843 3193 3868 ,
3240 3804 3340 3856 καί
3370 3803 3469 3874 τῆς
3497 3800 3683 3855 ἐκείνω

2129 3888 2395 3952 ἀπαθείας
2417 3929 2432 3953 ,
2485 3890 2629 3944 κατά
2675 3891 2806 3959 γοῦν
2854 3891 2915 3945 τὸ
2964 3891 3333 3962 σμικρότατον
3355 3934 3371 3960 ,
3415 3891 3684 3962 κατασχεῖν

2131 3979 2414 4048 ἐφιέμενος
2433 4019 2448 4043 ,
2481 3979 2575 4032 καὶ
2599 3981 2697 4051 τῆς
2721 3981 3094 4052 πνευματικῆς
3120 3982 3410 4053 ἁγιότητος
3426 4021 3443 4047 ,
3468 3980 3686 4050 γαλήνης

2129 4088 2189 4123 τε
2217 4072 2310 4124 καὶ
2343 4071 2644 4142 ἀταραξίας
2663 4112 2678 4136 ,
2711 4074 2803 4126 καὶ
2825 4075 3165 4146 ἡμερότητος
3187 4115 3204 4140 ,
3240 4077 3336 4130 καὶ
3374 4075 3470 4146 τῆς
3497 4077 3557 4128 ὲκ
3577 4070 3684 4125 τού-

2131 4182 2236 4218 των
2271 4165 2594 4236 τικτομένης
2625 4165 2968 4236 εὐφροσύνης
3003 4184 3062 4220 τε
3086 4168 3180 4221 καὶ
3208 4170 3387 4240 χαρᾶς
3424 4160 3686 4234 ἐπιθυμῶν

2131 4256 2540 4326 ἀπογεύσασθαι
2569 4296 2584 4321 ,
2631 4256 2830 4320 παντὸς
2881 4259 2981 4328 μὲν
3027 4258 3214 4312 ύλικοῦ
3258 4259 3356 4313 κα)⁸
3393 4250 3683 4328 σωματικοῦ

2091 4361 2100 4374 ·
2134 4349 2338 4412 πάθους
2377 4348 2471 4402 τοῦ
2513 4348 2614 4421 τὴν
2659 4348 2836 4420 ψυχὴν
2887 4349 3302 4414 ἐπιθολοῦντος,
3350 4351 3534 4422 πόρρω
3573 4345 3687 4404 τοὺς

2132 4438 2426 4508 λογισμοὺς
2463 4439 2698 4508 ἀπάγειν
2726 4441 3027 4496 ἐσπούδακε
3051 4459 3066 4473 ·
3105 4442 3333 4514 καθαρῷ
3389 4442 3447 4495 δέ
3478 4440 3568 4494 καὶ
3600 4437 3684 4490 άν-

453 4525 587 4583 hirc
615 4532 906 4581 emanante
954 4525 1339 4581 insatiabiliter
1381 4527 1747 4596 perfunditur.
1801 4510 1898 4585 Ubi
1930 4547 2017 4584 au-

2133 4531 2472 4602 επισκιάστῳ
2499 4531 2707 4604 ὄμματι
2755 4532 2856 4602 τῆς
2907 4533 3086 4605 ψυχῆς
3122 4534 3192 4588 τά
3239 4510 3359 4589 θεία
3400 4531 3680 4604 περιαθρτῆ

452 4624 562 4668 tem
593 4616 1112 4671 animumexercuit
1163 4617 1229 4671 ad
1284 4617 1528 4673 habitum
1586 4628 1898 4691 statumque
1930 4621 2033 4675 hu-

449 4704 711 4774 jusmodi,
751 4715 864 4762 tum
915 4707 1134 4762 demum
1173 4708 1318 4774 Deo,
1358 4718 1620 4781 quantum
1673 4713 1756 4767 fas
1811 4720 1916 4778 est,
1975 4713 2035 4765 fit

455 4796 671 4864 similis,
705 4798 1046 4871 eﬂiciturque
1089 4801 1481 4860 dilectissimus
1529 4804 1577 4858 ei
1612 4813 1777 4874 atque
1818 4805 2035 4860 cbaris-
2069 4802 2072 4806 ’

456 4886 629 4940 simus
660 4905 672 4940 :
704 4896 762 4940 ut
793 4890 886 4959 qui
926 4905 1124 4961 magno
1162 4898 1216 4945 et
1250 4891 1422 4945 arduo
1451 4893 1749 4949 certamine
1782 4896 2032 4949 exantla-

453 4983 532 5040 to,
558 4976 727 5031 invita
755 4977 916 5032 etiam
949 4980 1189 5035 materia:
1211 4979 1560 5046 admistione,
1586 4982 1768 5036 animo
1789 4998 1820 5036 a
1842 4999 2033 5054 corpo-

455 5069 650 5124 ralium
679 5067 1028 5125 aﬂ'ectionum
1069 5074 1298 5128 mistura
1340 5082 1642 5146 expurgato
1694 5091 1758 5130 ac
1799 5087 2029 5136 semoto.

456 5161 694 5233 potuerit
723 5161 779 5215 in
807 5160 903 5216 Dei
933 5164 1268 5234 colloquium
1302 5165 1506 5222 venire.
1531 5163 1637 5219 Par
1667 5163 1948 5237 estigitur
1974 5176 2028 5223 et

519 5317 571 5354 ³⁸
591 5317 614 5373 ι
633 5315 760 5374 Cor.
789 5333 887 5385 vn,
914 5317 1002 5374 33.

526 5469 640 5551 (58)
666 5474 810 5530 Editi
839 5485 1066 5551 ethunus
1087 5493 1191 5534 ms.
1246 5478 1626 5551 ὑποστηρίξαι.
1655 5478 1760 5533 Alii
1792 5486 2032 5549 quatuor

457 5559 606 5616 mss.
620 5546 988 5616 ἐπιστηρίξαι.

525 5613 837 5690 £59)_M_ulti'
860 5633 991 5690 mss.
1037 5617 1347 5690 ἀνθρώποις
1383 5619 1500 5687 τῆς.
1539 5617 1682 5672 Editi
1712 5617 2032 5690 bombum;

457 5683 990 5759 τοῐςέηζιῃίιζξιμροᾳθχ
1015 5683 1168 5743 (1015.
1208 5689 1282 5752 ὡς
1311 5683 1655 5759 κυριωτάτην
1696 5683 1855 5759 ἔχων.

535 5707 586 5745 .ς.
638 5707 782 5737 ιιιιιπξι
821 5707 990 5741 ρουθχ
1015 5707 1168 5743 υοιι).
1208 5707 1282 5752 ως
1311 5707 1377 5741 κυ
1422 5707 1655 5758 ιωτατην
1696 5707 1855 5759 εχων.

535 5753 642 5824 (60)
674 5753 816 5811 Editi
855 5755 998 5814 οὔτε,
1038 5760 1106 5812 At
1145 5774 1277 5814 mss.
1323 5707 1466 5813 οὐδέ..
1517 5759 1637 5814 Mox
1691 5775 1833 5814 unus
1867 5775 1971 5815 ms.
2003 5762 2030 5812 6

2133 4621 2426 4693 ἀπλήστως
2479 4623 2573 4677 τοῦ
2631 4624 2838 4678 ἐκεῖθεν
2893 4627 3071 4694 φωτὸς
3133 4626 3548 4698 ἐμφορούμενοεο
3600 4613 3683 4673 Εἰς

2133 4710 2389 4784 τοιαύτην
2441 4730 2500 4766 τε
2548 4713 2662 4780 ’ἐξιν
2704 4716 2799 4768 καὶ
2872 4715 3206 4769 κατάστασιν
3256 4715 3354 4786 τὴν
3399 4704 3566 4775 φυχὴν
3611 4699 3686 4762 ἒξ-

2134 4805 2402 4875 ασκήσας,
2429 4805 2849 4878 οἰκειοῦταιωὲ)
2865 4807 3004 4861 κατά
3025 4808 3122 4879 τὴν
3147 4800 3488 4874 ἐγχωροῦσαν
3509 4793 3686 4866 ὁμοίω-

2139 4912 2223 4948 σιν
2263 4895 2341 4966 τῷ
2387 4895 2540 4966 Θεῷ,
2577 4899 2877 4970 ἐπέραστός
2920 4916 2979 4951 τε
3019 4899 3112 4950 καὶ
3153 4893 3523 4952 ποθεινότατος
3552 4882 3684 4953 αὐτῷ

2137 4987 2384 5054 γίνεται·
2421 4985 2508 5042 οἷα
2554 4989 2616 5060 δὴ
2659 4990 2800 5060 μέγα
2838 5008 2890 5042 τι
2923 4986 3086 5043 ἆθλον
3120 4987 3213 5040 καὶ
3248 4984 3536 5056 δυσήνυτον
3571 4980 3686 5032 dva-

2139 5077 2268 5141 τλὰς
2289 5117 2304 5141 .
2333 5079 2427 5132 καὶ
2467 5083 2531 5133 ἐκ
2564 5081 2663 5151 τῆς
2693 5082 2834 5136 κατά
2870 5080 2969 5152 τὴν
2995 5079 3128 5150 ὓλην
3165 5075 3514 5148 συγκράσεως
3545 5072 3686 5136 δυνη-

2137 5171 2250 5235 θεὶς
2283 5173 2576 5246 ἀκραιφνεί
2604 5174 2697 5227 καὶ
2728 5172 3115 5245 κεχωρισμένῃ
3147 5173 3212 5242 τῇ
3243 5168 3448 5239 διανοίᾳ
3471 5166 3564 5227 τῆς
3591 5159 3686 5214 τῶν

2139 5480 2684 5551 ΠαῦλοςρῄΑιδῑίουιιιε
2715 5482 2768 5534 ἱη
2799 5481 3032 5551 vulgatis
3065 5494 3176 5551 non
3214 5476 3434 5548 legitur.

2207 5551 2319 5623 (6i)
2352 5549 2574 5623 Yeteres
2596 5551 2706 5606 duo
2733 5552 2855 5606 libri
2885 5549 3092 5623 eodem
3123 5549 3199 5602 δέ.

2208 5609 2320 5692 (62)
2358 5620 2500 5676 Editi
2545 5631 2599 5692 et
2630 5638 2762 5678 mss.
2794 5620 3110 5674 οἰκειοῦταιο
3150 5619 3244 5676 sed
3274 5616 3502 5673 fortasse
3525 5609 3684 5678 lese?

2134 5693 2164 5746 (Ι
2175 5709 2263 5748 um
2295 5691 2377 5748 est
2403 5691 2702 5763 ὁμοιοῦται.
