4018 6226
325 350 465 407 £325

1418 335 2016 398 CONSTITUTIONES
2056 334 2500 411 MONASTICJE.

3447 335 3602 393 i326.

326 458 652 531 σωματικῶν
679 455 958 528 ἐπιμιξίας
987 454 1172 509 παθῶν
1196 454 1599 528 προσομιλῆσαι
1627 450 1746 521 Θεῷ
1766 450 1897 522 (65).

2020 460 2457 517 :onsentaneum,
2487 464 2611 506 eum
2637 490 2652 514 ,
2685 450 2777 520 qui
2806 464 2901 519 per
2923 463 3068 517 eam,
3097 463 3260 520 quam
3296 448 3405 504 dixi
3428 465 3611 534 exer-2

324 550 535 605 Οὐκοῦν
583 548 792 618 πρέπον
839 564 899 600 τε
946 548 1042 600 καὶ
1087 547 1378 602 ἀκόλουθον
1414 545 1506 600 τὸν
1538 546 1617 608 εἰς
1649 541 1905 612 τοιαύτην

323 644 437 710 egw
469 643 556 697 διά
603 643 703 710 τῆς
750 640 1158 712 προειρημένης
1188 642 1475 712 ἀσκήσεως
1509 636 1798 691 ἀνελθόντα
1831 634 1907 705 μὴ

325 730 711 785 κατασπᾶσθαι
742 729 902 785 πάλιν
939 729 1027 781 διὰ
1072 728 1181 782 τῶν
1212 730 1311 800 τῆς
1358 727 1561 798 σαρκὸς
1602 724 1907 798 ὲρεθισμῶν

326 823 464 895 πρὸς
491 822 777 876 κοινωνίαν
805 824 914 878 τῶν
948 823 1162 894 ἐκείνης
1192 820 1417 874 παθῶν·
1455 819 1591 891 μηδὲ
1617 817 1744 881 τοὺς
1776 818 1909 870 ἐκεῖ·

326 913 419 966 θεν
450 913 656 981 ἀτμοὺς
688 912 936 976 ἀνιόντας
974 912 1264 981 δεχόμενον
1293 950 1308 974 ,
1364 907 1553 979 ὥσπερ
1604 905 1764 977 ἀχλύῐ
1802 904 1909 958 τινὶ

328 1002 604 1074 βαθυτάτῃ
652 1001 1033 1074 ἀμαυροῦσθαι
1079 1001 1171 1054 τὸν
1214 1002 1315 1071 τῆς
1362 999 1539 1071 ψυχῆς
1584 996 1861 1067 ὀφθαλμόν
1891 1012 1906 1027 ο

326 1094 422 1146 καὶ
451 1091 780 1147 ἀποπίπτειν
808 1092 909 1160 τῆς
934 1090 1087 1152 θείας
1116 1088 1213 1142 καὶ
1247 1085 1628 1158 πνευματικῆς
1652 1084 1905 1156 θεωρίας,

329 1186 434 1238 ὑπὸ
468 1185 563 1239 τοῦ
604 1182 810 1239 καπνοῦ
838 1182 945 1235 τῶν
976 1181 1316 1252 παθημάτων
1354 1179 1414 1231 τὸ
1453 1176 1670 1248 βλέμμα
1698 1175 1791 1229 τοῦ
1818 1174 1907 1227 λο-

329 1277 529 1349 γισμοῦ
569 1275 1027 1349 δριμυσσόμενον.

857 1386 1153 1441 ΚΕΦᾹΛᾹῙ
1164 1385 1253 1436 ΟΝ
1302 1384 1358 1435 Α¹

363 1482 504 1553 Περὶ
538 1481 646 1536 τοῦ
686 1480 816 1535 δεῖν
861 1479 976 1548 τὴν
1011 1476 1205 1546 εὐχὴν
1238 1472 1575 1544 προτιθέναι
1611 1470 1873 1525 πάντων.

399 1595 452 1649 1.
486 1594 647 1648 Πᾶσα
692 1591 892 1664 πρᾶξις
925 1630 939 1651 ,
972 1587 1226 1658 ἀγαπητὲ
1266 1584 1380 1657 (64)
1406 1626 1420 1647 ,
1470 1585 1565 1638 καὶ
1596 1585 1705 1647 πᾶς
1752 1581 1913 1650 λόγος

325 1686 423 1741 τοῦ
460 1686 711 1757 Σωτῆρος
742 1682 899 1754 ἡμῶν
940 1679 1113 1753 Ἰησοῦ
1150 1675 1390 1750 Χριστοῦ
1439 1675 1618 1730 κανών
1647 1676 1796 1728 ἐστιν
1824 1673 1912 1725 εὐ-

328 1779 550 1841 σεϐείας
577 1795 635 1831 τε
656 1776 753 1829 κα)¹
781 1775 1002 1845 ἀρετῆς.
1026 1773 1126 1828 Διά
1152 1790 1234 1826 τοι
1258 1770 1417 1824 τοῦτο
1444 1769 1539 1823 καὶ
1569 1764 1914 1838 ὲνηνθρώπη-

326 1889 423 1925 σεν
446 1910 461 1935 ,
494 1870 571 1932 ὡς
595 1870 653 1923 ὲν
688 1867 858 1921 εἰκόνι
892 1865 1210 1936 διαγράφων
1240 1865 1373 1935 ἡμῖν
1406 1859 1689 1914 εὐσέϐειάν
1717 1875 1777 1912 τε
1816 1858 1911 1911 καὶ

324 1963 562 2035 ἀρετὴν,
594 1962 682 2014 ἵνα
710 1958 854 2013 κατὰ
878 1958 1108 2029 δύναμιν
1139 1956 1370 2018 ἕκαστος
1392 1953 1487 2008 καὶ
1513 1952 1719 2021 ἑκάστη
1743 1951 1911 2021 ὀρῶν-

322 2072 419 2119 τες
462 2053 792 2126 ζηλὼσωμεν
823 2051 884 2104 τὸ
911 2049 1236 2122 ἀρχέτυπον.
1272 2048 1370 2101 Διά
1409 2046 1518 2117 γὰρ
1556 2045 1713 2099 τοῦτο
1756 2044 1912 2115 φορεῖ

321 2144 387 2198 τό
430 2142 700 2215 ἡμέτερον
749 2140 907 2212 σῶμα
928 2180 943 2204 ,
983 2141 1070 2193 ἵνα
1104 2141 1199 2194 καὶ
1244 2140 1407 2209 ἡμεῖς
1435 2135 1600 2191 αὐτοῦ
1635 2136 1733 2205 τὴν
1762 2133 1913 2187 πολι-

322 2234 512 2296 τείαν,
557 2231 634 2294 ὡς
683 2225 796 2285 οἷόν
838 2247 932 2294 τε,
974 2227 1366 2300 μιμησώμεθα.
1405 2227 1478 2280 Σὺ
1520 2227 1736 2291 τοίνυν,
1782 2224 1911 2277 ὅταν

323 2326 568 2399 ἀκούσῃς
603 2324 761 2393 λόγον
793 2323 826 2395 ἤ
874 2322 1075 2395 πρᾶξιν
1118 2321 1283 2375 αὑτοῦ
1305 2362 1319 2389 ,
1373 2321 1447 2393 μὴ
1489 2319 1785 2391 παρέργως
1818 2316 1912 2371 καὶ

325 2418 515 2482 ἁπλῶς
546 2418 641 2472 καὶ
685 2417 759 2481 ὡς
793 2415 905 2487 (65)
945 2414 1133 2485 ἔτυχεν
1166 2414 1332 2468 ἄκουε
1357 2430 1370 2444 ο
1403 2412 1519 2467 ἀλλ’
1565 2410 1791 2483 ἔμϐαινε
1832 2410 1913 2473 είς

325 2512 387 2566 τὸ
420 2510 583 2581 βάθος
612 2509 721 2563 τῶν
750 2508 1125 2581 θεωρημάτων
1143 2523 1155 2536 ⁸
1196 2507 1346 2575 γίνου
1376 2503 1633 2566 κοινωνὸς
1670 2502 1778 2554 τῶν
1807 2518 1911 2571 μυ-

328 2604 526 2669 στικῶς
554 2601 1025 2674 παραδεδομένων.
1065 2600 1267 2671 Μάρθα
1310 2599 1408 2669 μὲν
1445 2597 1554 2669 γὰρ
1584 2596 1675 2649 τὸν
1708 2593 1913 2666 Κύριον

327 2698 678 2767 ὑποδέχεταιο
731 2693 1023 2758 καθέζεται
1072 2693 1131 2746 δὲ
1180 2691 1319 2764 πρὸς
1369 2692 1497 2754 τοὺς
1533 2688 1699 2751 πόδας
1746 2685 1912 2741 αὐτοῦ

325 2790 554 2861 Μαρία’
594 2790 651 2842 ἐν
695 2788 818 2842 δυσὶ
856 2787 913 2840 δὲ
962 2785 1219 2854 ἀδελφαῖς
1260 2784 1400 2856 καλὴ
1451 2781 1733 2856 προθυμία
1759 2799 1772 2812 ο
1801 2781 1941 2836 διά-η

329 2898 527 2952 στησον
581 2879 762 2950 μέντοι
813 2876 883 2931 τὰ
935 2877 1258 2949 πράγματα.
1301 2875 1365 2928 Ἠ
1413 2874 1513 2945 μὲν
1560 2874 1670 2944 γὰρ
1715 2872 1917 2944 Μάρθα

325 2970 566 3042 διηκόνει
589 2970 732 3042 (66),
765 2967 1265 3039 παρασκευάζουσα
1290 2966 1357 3019 τά
1385 2965 1521 3038 πρὸς
1546 2964 1791 3031 δεξίωσιν
1817 2964 1917 3035 τῆς

329 3062 649 3133 σωματικῆς
697 3060 860 3114 αὐτοῦ
891 3059 1081 3131 χρείας
1111 3073 1125 3087 ·
1174 3061 1207 3128 ἡ
1246 3058 1303 3110 δὲ
1348 3057 1538 3127 Μαρία
1566 3098 1581 3122 ,
1630 3055 1915 3126 καθημένη

2008 542 2324 595 eitationem
2364 539 2431 595 ad
2468 538 2781 609 hujusmodi
2813 538 3060 593 habitum
3087 541 3436 609 pervenerit,
3476 556 3584 594 non

2007 629 2187 684 denuo
2214 645 2310 700 per
2348 629 2533 685 carnis
2574 628 2939 693 irritamenta,
2974 628 3233 683 vitiorum
3264 629 3437 699 ipsius
3460 644 3588 700 par-

2010 722 2227 792 ticipem
2261 721 2398 785 fieri,
2435 738 2614 793 neque
2670 721 2835 777 animi
2886 723 3128 783 oculum,
3171 736 3404 792 vapores
3436 723 3588 777 illinc

2009 812 2367 868 ascendentes
2431 812 2821 883 suscipientem
2856 851 2871 875 ,
2932 813 3099 868 veluti
3154 813 3586 883 profundissima

2008 902 2243 971 quadam
2282 904 2518 974 caligine
2546 903 2834 959 obscurari
2866 923 2877 956 :
2914 918 3091 973 neque
3110 905 3308 960 mentis
3336 905 3589 960 obtutum

2009 1008 2109 1049 ceu
2144 995 2387 1051 mordaci
2431 996 2654 1065 acrique
2705 995 2937 1050 humore
2991 1009 3057 1050 ex
3104 994 3390 1049 libidinum
3439 995 3591 1051 fumo

2010 1085 2297 1152 aﬂ‘ectum,
2353 1102 2383 1142 a
2447 1086 2633 1143 divina
2686 1094 2741 1142 et
2794 1085 3067 1157 spirituali
3129 1085 3593 1156 contemplatione

2009 1181 2284 1239 excidere.

2536 1380 2695 1453 535
2726 1380 2956 1437 CAPUT
3022 1380 3061 1436 ι.

2186 1469 2342 1537 Quod
2372 1474 2605 1540 precatio
2640 1472 2880 1527 omnibus
2913 1482 2990 1527 est
3026 1472 3409 1543 anteponenda.

2082 1579 2134 1635 l.
2168 1571 2358 1639 Omnis
2403 1584 2544 1638 actio
2574 1623 2591 1647 ,
2643 1584 3010 1652 cltarissime,
3058 1586 3351 1655 omnisque
3410 1601 3593 1642 sermo

2013 1670 2322 1729 Servatoris
2350 1677 2527 1730 nostri
2562 1675 2693 1731 Jesu
2740 1676 2971 1742 Christi,
3005 1678 3222 1747 pietatis
3257 1693 3322 1732 ac
3372 1678 3593 1735 virtutis

2014 1765 2199 1835 regula
2224 1774 2326 1821 est.
2357 1765 2702 1837 Quapropter
2736 1768 2937 1838 pietate
2969 1784 3033 1824 ac
3070 1771 3273 1826 virtute
3302 1773 3459 1829 nobis
3480 1774 3593 1827 vel-

1940 1840 1981 1894 B
2011 1860 2089 1913 uti
2134 1858 2189 1912 in
2224 1859 2459 1929 quadam
2509 1859 2746 1931 imagine
2799 1860 3069 1932 depictis,
3123 1863 3288 1918 etiam
3343 1871 3592 1920 naturam

2009 1950 2303 2005 humanam
2336 1952 2659 2022 assumpsit,
2694 1963 2755 2008 ut
2802 1956 3187 2026 unusquisque
3233 1964 3288 2010 et
3332 1973 3595 2028 unaquzr-

2010 2056 2117 2110 que
2137 2040 2204 2094 ad
2236 2041 2288 2095 id
2333 2043 2711 2112 respicientes,
2737 2058 2838 2114 pro
2866 2046 3077 2103 viribus
3124 2048 3481 2119 archetypum
3528 2066 3594 2105 ac

2010 2134 2287 2203 exemplar
2314 2133 2673 2190 imitaremur.
2714 2134 2849 2191 Nam
2878 2153 2999 2193 eam
3031 2138 3103 2194 ob
3127 2155 3352 2196 causam
3389 2157 3597 2213 corpus

2011 2233 2258 2279 nostrum
2290 2225 2451 2294 gerit,
2482 2232 2540 2278 ut
2568 2232 2623 2280 et
2668 2241 2770 2282 nos
2820 2229 2968 2284 illius
3006 2231 3221 2286 vivendi
3280 2234 3593 2297 rationem,

2011 2317 2191 2383 quoad
2222 2316 2344 2385 ejus
2377 2316 2490 2371 ﬁeri
2528 2324 2729 2386 potest,
2756 2319 3150 2388 exprimamus.
3181 2321 3261 2377 Tu
3289 2323 3456 2395 igitur
3490 2326 3596 2379 ali-

2013 2422 2121 2478 quo
2152 2408 2327 2478 ipsius
2364 2417 2458 2464 aut
2504 2410 2651 2466 dicto
2702 2422 2795 2468 aut
2830 2411 2975 2467 facto
3007 2414 3234 2479 auditis,
3267 2430 3402 2471 eave
3449 2418 3596 2473 oscl-

2013 2507 2193 2556 tanter
2231 2501 2664 2573 simpliciterque
2718 2520 2781 2559 ac
2826 2513 3032 2562 temere
3074 2507 3302 2575 audias;
3360 2509 3456 2565 sed
3501 2510 3612 2585 de-g

2015 2594 2217 2650 seende
2267 2594 2335 2650 ad
2389 2596 2527 2652 imas
2565 2598 3094 2669 contemplationes:
3138 2600 3373 2657 eliiciare
3404 2614 3596 2658 eerum

2014 2701 2137 2757 quae
2168 2687 2396 2758 mystice
2423 2688 2624 2744 tradita
2652 2698 2802 2756 sunt,
2828 2693 3119 2762 particeps.
3144 2693 3353 2749 Martha
3375 2696 3596 2766 quidem

2016 2775 2305 2831 Dominum
2350 2779 2594 2849 exeipit:
2638 2779 2804 2835 Maria
2854 2796 2987 2836 vero
3032 2783 3099 2837 ad
3131 2783 3281 2840 illius
3314 2786 3481 2855 pedes
3511 2803 3601 2844 as-

2018 2868 2159 2924 sidet
2199 2869 2265 2922 ⁸³.
2306 2869 2521 2925 Bonum
2572 2880 2659 2927 est
2692 2873 2748 2926 in
2797 2880 3031 2944 utraque
3065 2890 3258 2931 sorore
3303 2876 3547 2933 studium
3581 2898 3597 2934 :

2018 2961 2115 3016 sed
2146 2969 2330 3017 tamen
2361 2962 2639 3035 distingue
2684 2979 2772 3020 res
2802 2965 2970 3035 ipsas.
3002 2965 3137 3021 Nam
3176 2966 3388 3022 Martha
3418 2970 3473 3024 in
3499 2972 3603 3026 mi-

2018 3055 2246 3110 nisterio
2281 3064 2570 3128 occupata,
2600 3056 2900 3127 apparabat
2942 3073 3064 3129 quae
3093 3058 3327 3129 hospitis
3382 3063 3602 3131 corpori

326 3153 468 3225 πρὸς
495 3153 621 3216 τοὺς
652 3152 818 3216 πόδας
843 3151 1008 3205 αὑτοῦ
1030 3192 1045 3217 ,
1085 3152 1250 3217 ἤκουε
1274 3151 1383 3204 τῶν
1415 3149 1588 3219 λόγων
1616 3149 1803 3204 αὐτοῦ.
1850 3150 1914 3203 Ἥ

2022 3146 2204 3201 futura
2234 3155 2392 3203 erant
2422 3148 2772 3223 necessaria;
2812 3148 2988 3203 Maria
3040 3164 3173 3205 vero
3230 3150 3482 3206 assidens
3533 3150 3605 3206 ad

331 3245 432 3316 μὲν
480 3239 574 3299 οὖν
607 3243 847 3297 ἀνέπαυε
884 3244 944 3297 τὸ
988 3242 1349 3313 φαινόμενον,
1386 3244 1418 3313 ἠ
1463 3242 1520 3294 δὲ
1552 3240 1797 3295 ἐδούλευε
1842 3242 1919 3313 τῷ

326 3338 567 3411 ἀοράτῳ.
604 3332 715 3391 τΗν
741 3337 850 3410 γὰρ
883 3336 1097 3407 ἀληθῶς
1130 3336 1223 3389 κα)⁸
1250 3334 1539 3405 ἄνθρωπος
1588 3334 1684 3387 καὶ
1726 3332 1856 3397 Θεὸς
1892 3335 1921 3386 ὁ

328 3430 541 3504 παρὼν,
568 3433 597 3484 ὁ
622 3431 785 3494 αὐτὸς
811 3431 1090 3500 Δεσπότης
1118 3428 1446 3500 ἀμφοτέρων
1468 3428 1577 3481 τῶν
1600 3427 1713 3498 (67)
1740 3444 1922 3495 γυναι·

329 3523 444 3576 κῶν
473 3523 571 3595 τὴν
606 3522 915 3595 προθυμίαν
949 3520 1270 3587 ἀπεδέξατο.
1320 3518 1460 3571 Ἀλλ’
1494 3520 1528 3589 ἡ
1563 3518 1664 3588 μὲν
1697 3517 1918 3589 Μάρθα,

330 3617 565 3686 καμάτῳ
622 3614 918 3687 πιεζομένη
955 3653 971 3677 ,
1029 3612 1257 3684 μεσίτην
1308 3610 1565 3681 γενέσθαι
1618 3610 1921 3682 παρεκάλει

328 3704 423 3757 τὸν
452 3706 656 3776 Κύριον
682 3746 696 3771 ,
736 3705 822 3759 ἵνα
852 3704 1134 3776 προσλάϐῃ
1172 3702 1369 3774 βοηθὸν
1393 3702 1493 3774 τὴν
1523 3701 1659 3755 ίδίαν
1689 3701 1920 3773 ἀδελφὴν

331 3797 433 3867 τῆς
471 3796 768 3860 διακονίας.
806 3795 954 3850 Εἰπὲ
985 3795 1129 3866 (68),
1183 3794 1381 3866 φησὶν,
1413 3791 1572 3861 αὐτῇ
1595 3834 1608 3858 ,
1643 3793 1743 3846 ἵνα
1778 3794 1922 3847 ἀνα-

330 3888 536 3943 στᾶσα
564 3887 937 3956 συνδιακονῇ
969 3906 1090 3957 μοι.
1138 3887 1197 3939 'U
1224 3886 1281 3938 δὲ
1310 3884 1516 3957 Κύριος
1551 3884 1687 3955 πρὸς
1716 3886 1884 3957 αὑτήν
1903 3902 1916 3914 ·

329 3977 543 4046 Μάρθα
562 4016 581 4042 ,
616 3977 825 4047 Μάρθα
843 4019 858 4039 ,
886 3977 1179 4048 μεριμνᾷς
1213 3978 1311 4031 καὶ
1337 3976 1589 4045 τυρϐάζῃ
1618 3977 1751 4046 περὶ
1777 3981 1924 4031 πολ-

328 4069 430 4125 λά.
486 4070 652 4135 Ὲνὸς
681 4070 749 4123 δέ
786 4071 918 4125 ἐστι
952 4073 1144 4140 χρεία.
1177 4070 1371 4138 Μαρία
1394 4068 1507 4140 γὰρ
1536 4068 1651 4137 τὴν
1688 4068 1922 4139 ἀγαθὴν

324 4161 541 4230 μερίδα
583 4162 905 4226 ἐξελέξατο
930 4202 946 4225 ,
999 4162 1131 4229 ἣτις
1158 4164 1270 4216 οὐκ
1312 4161 1773 4231 ἀφαιρεθήσεται
1818 4160 1920 4215 ἀπ’

330 4253 544 4321 αὐτῆς.
578 4253 716 4306 Οὐδὲ
740 4251 849 4324 γὰρ
878 4253 971 4306 ἐπὶ
1009 4252 1168 4305 τοῦτο
1199 4253 1483 4323 πάρεσμεν
1507 4291 1521 4315 ,
1554 4252 1641 4304 ἵνα
1674 4252 1768 4305 ἐπὶ
1806 4269 1920 4304 στι-

332 4344 491 4397 ϐάσιν
525 4344 910 4415 ἀναπέσωμεν,
943 4343 1039 4397 καὶ
1062 4343 1159 4414 τὴν
1187 4342 1400 4396 κοιλίαν
1427 4340 1717 4413 θρέψωμεν
1742 4358 1754 4371 ·
1786 4341 1922 4397 ἀλλά

332 4435 617 4508 πάρεσμεν
643 4478 657 4503 ,
699 4436 787 4490 ἴνα
838 4437 982 4507 ὑμᾶς
1022 4434 1314 4507 θρέψωμεν
1353 4434 1498 4504 λόγῳ
1537 4433 1794 4504 ἀληθείας
1826 4435 1921 4487 καὶ⁹

2021 3238 2167 3293 illius
2196 3238 2382 3308 pedes,
2414 3254 2698 3296 sermones
2749 3239 2925 3311 ipsius
2958 3241 3235 3297 audiebat.
3282 3242 3470 3298 Altera
3502 3243 3605 3313 igi-

2020 3337 2113 3385 tur
2150 3330 2430 3387 reliciebat
2477 3331 2728 3397 visibile,
2784 3332 3046 3389 invisibili
3101 3334 3373 3390 serviebat
3407 3336 3606 3389 altera.

2021 3422 2163 3479 Vere
2188 3424 2334 3478 enim
2364 3424 2458 3494 qui
2479 3424 2671 3479 aderat
2693 3462 2710 3489 ,
2763 3424 2812 3480 is
2858 3431 2913 3481 et
2966 3426 3132 3481 homo
3180 3436 3299 3482 erat
3329 3435 3384 3481 et
3417 3426 3562 3483 Deus
3585 3466 3603 3492 ,

2021 3515 2166 3571 idem
2225 3515 2491 3572 Dominus
2529 3517 2819 3588 utriusque
2849 3518 3097 3574 mulieris
3127 3519 3370 3575 studium
3406 3536 3607 3590 appro-

2022 3608 2204 3663 babat.
2238 3608 2309 3661 At
2339 3608 2548 3663 Martha
2569 3624 2692 3664 eum
2719 3618 3059 3680 premeretur
3081 3610 3289 3675 labore,
3316 3611 3607 3695 igternun-

2022 3702 2157 3756 tium
2189 3701 2305 3756 fieri
2335 3702 2438 3758 sibi
2472 3701 2762 3758 Dominum
2808 3704 3143 3773 postulabat,
3192 3712 3250 3759 ut
3279 3719 3338 3759 se
3373 3720 3473 3758 sua
3514 3720 3608 3760 so-

2023 3808 2115 3849 ror
2142 3794 2197 3848 in
2228 3794 2592 3849 ministrando
2631 3794 2870 3863 juvaret.
2906 3795 3008 3879 Die
3033 3795 3139 3861 illi,
3170 3796 3367 3866 inquit,
3400 3807 3458 3850 ut
3484 3814 3609 3852 sur-

2022 3903 2142 3959 gens
2172 3887 2436 3941 ministret
2462 3904 2687 3944 mecum.
2717 3888 2819 3942 Cui
2844 3886 3109 3943 Dominus
3141 3888 3418 3955 :Martha,
3452 3888 3613 3945 Har-

2024 3979 2134 4042 tha,
2166 3979 2400 4033 sollicita
2430 3996 2483 4033 es
2506 3989 2555 4033 et
2587 3980 2821 4035 turbaris
2846 3981 2989 4034 circa
3014 3980 3204 4037 multa.
3240 3981 3412 4037 Porro
3445 4000 3610 4039 unum

2022 4080 2100 4126 est
2132 4072 2506 4127 necessarium.
2539 4071 2721 4126 Maria
2750 4074 2891 4127 enim
2921 4073 3114 4128 bonam
3156 4085 3359 4143 partem
3410 4077 3608 4148 elegit,

2022 4177 2140 4230 quae
2170 4177 2274 4215 non
2303 4161 2575 4230 auferetur
2608 4164 2673 4217 ab
2694 4180 2758 4218 ea
2792 4165 2861 4218 ⁸⁸.
2890 4163 3077 4234 Neque
3120 4166 3267 4221 enim
3305 4166 3427 4222 ideo
3458 4169 3611 4222 veni-

2024 4268 2170 4317 mus,
2205 4265 2264 4308 ut
2294 4255 2682 4310 reeumbamus
2715 4256 2770 4310 in
2803 4257 2980 4322 lectis,
3007 4266 3362 4329 ventremque
3394 4261 3610 4315 nutria-

1986 4361 2183 4403 -mus:
2225 4346 2317 4401 sed
2352 4346 2614 4403 adsumus
2647 4356 2707 4403 ut
2750 4364 3044 4420 pascamus
3074 4366 3172 4407 vos
3201 4352 3367 4407 verbo
3408 4352 3609 4405 verita-

2023 4438 2117 4503 tis,
2152 4438 2648 4511 mysteriorumque
2684 4443 3163 4512 contemplatione.
3198 4441 3349 4498 lllam
3383 4443 3603 4513 quidem

337 4521 540 4598 θεωρίᾳ
564 4528 899 4601 μυστηρίων.
932 4527 1041 4599 Τὴν
1073 4528 1170 4598 μὲν
1196 4525 1289 4581 οὗν
1318 4527 1418 4582 οὐκ
1444 4527 1787 4597 ἀπέστρεψεν
1810 4526 1914 4597 (69)

2027 4544 2136 4585 non
2167 4531 2416 4586 avocavit
2446 4546 2475 4585 a
2502 4539 2763 4604 suscepto
2804 4545 3002 4604 opere,
3050 4533 3145 4589 sed
3180 4535 3322 4589 hanc
3365 4535 3610 4589 laudavit

380 4678 461 4756 ,⁸³
489 4678 621 4735 Luc.
654 4702 709 4751 ι,
738 4685 828 4743 58.
905 4687 950 4717 ει
982 4685 1113 4740 ibid.
1147 4684 1331 4739 40-42.

413 4836 524 4977 (65)
561 4835 695 4919 Κθᾶ
742 4840 950 4904 primus
982 4840 1171 4895 παθῶν
1205 4841 1321 4905 πῶς
1344 4842 1603 4913 ὁμιλῆσαι
1632 4840 1769 4911 Θεῷ.

413 4906 503 4975 (64
557 4907 699 4961 Editt
747 4916 802 4962 et
845 4925 978 4965 mss.
1015 4912 1188 4966 nostri
1228 4912 1405 4977 ἀγαθή
1442 4930 1521 4964 τε.
1559 4911 1743 4967 Omnis

382 4906 524 4977 ⁴(64)
557 4907 721 4981 Editi
747 4916 807 4981 et
845 4925 978 4965 mss.
1015 4912 1188 4966 nostri
1228 4906 1405 4981 ἀγαθῆ
1442 4906 1521 4964 τε.
1559 4906 1743 4967 Omnis
1776 4913 1916 4966 actio

340 4977 501 5052 bona,
528 4984 583 5032 et
609 4977 684 5031 ita
711 4978 813 5052 legi
837 4981 950 5052 vult
976 4977 1360 5043 Combelisiits,
1395 4977 1493 5037 sed
1526 4983 1657 5052 mihi
1687 4997 1918 5052 persua-

341 5046 622 5121 sissimum
650 5057 732 5121 est
758 5046 865 5120 legi
889 5059 1143 5121 oportere
1175 5052 1449 5121 ἀγαπητέ,
1494 5051 1571 5106 uti
1604 5046 1747 5106 infra
1780 5054 1917 5106 seri-

338 5124 490 5241 gtum
520 5118 835 5178 invenitur;
858 5119 1087 5183 Ἔλαϐες
1131 5118 1328 5185 τοίνυν,
1354 5118 1650 5205 ἀγαπητὲ,
1678 5121 1748 5177 τὰ
1781 5123 1915 5175 ὑπο-

371 5187 607 5241 είγματα
630 5189 730 5241 καὶ
762 5191 858 5241 τὴν
891 5190 1185 5241 ἀπόδειξιν.
1208 5193 1469 5241 Accenisti
1500 5194 1684 5241 initur.
1711 5193 1915 5241 charis-

371 5187 607 5263 είγματα
630 5189 730 5263 καξι
762 5191 858 5261 τὴν
891 5187 1469 5263 ἀπόδειξινζΑσσερὶδὶί
1500 5187 1684 5263 igitur,
1711 5193 1918 5247 charis-

340 5259 493 5333 sima,
520 5260 756 5333 exempla
783 5259 831 5314 et
870 5264 1145 5333 specimen.
1170 5261 1235 5316 Et
1256 5259 1418 5332 paulo
1450 5259 1573 5332 poSt
1594 5264 1916 5333 Προσευχῆς

336 5327 417 5390 δὲ,
455 5328 732 5400 λάγαπητέ,
776 5327 906 5391 etc.,
949 5331 1141 5399 duplex
1193 5327 1273 5387 est
1326 5327 1526 5400 autem,
1581 5327 1913 5397 chbrissiﬁté,

340 5398 527 5473 modus
575 5398 785 5473 orandi.
849 5398 1115 5458 Praeterea
1177 5403 1305 5473 quid
1362 5398 1676 5459 attinuisset
1729 5419 1915 5459 vocem

340 5469 516 5539 ἀγαθή
573 5470 792 5533 addere,
854 5486 978 5525 cum
1028 5469 1209 5527 nullae'
1239 5474 1358 5528 aliae
1412 5475 1655 5529 actiones
1704 5473 1817 5529 sint
1858 5474 1915 5527 in

343 5536 592 5615 Christo,_
614 5541 720 5615 nisi
752 5541 947 5615 bonae?
979 5543 1204 5597 Accedit
1254 5546 1417 5598 etiam
1458 5544 1606 5615 quod
1641 5552 1797 5600 vetus
1833 5545 1917 5600 in-

344 5610 708 5685 te’rpreslegit
732 5618 785 5685 et
810 5610 926 5685 ipse
956 5626 1171 5685 quoque
1188 5615 1472 5685 dvomas.

415 5678 528 5821 (65)
560 5678 699 5733 Editi
733 5679 918 5744 ἁπλῶς
944 5678 1037 5744 ὥς.
1069 5678 1137 5735 At
1170 5678 1278 5738 duo
1314 5678 1447 5743 mss.
1479 5684 1665 5749 ἁπλῶς
1698 5686 1790 5739 καὶ
1821 5684 1916 5750 ὡς.

415 5748 505 5821 (66
561 5748 784 5807 Veteres
819 5751 1095 5808 duo-libri.
1120 5752 1374 5810 διακονεῖ.

414 5748 526 5821 (66)
561 5748 784 5807 Veteres
819 5751 1095 5808 duo-libri.
1120 5752 1374 5810 διακονεῖ.

2100 4842 2209 4913 (67)
2250 4842 2476 4915 Antiqui
2522 4844 2631 4897 duo
2675 4842 2798 4915 libri
2846 4843 3128 4915 Δεσπότης
3154 4841 3252 4915 ζον.
3294 4843 3415 4915 Me}
3444 4844 3611 4915 ‘Ilegii

2025 4911 2301 4969 secundus
2330 4923 2384 4968 et
2402 4911 2614 4969 'tertius
2658 4912 2968 4983 προθυμίαν
3000 4911 3313 4983 ἀπεδέχετο.
3363 4911 3611 4970 Subinde

2028 4984 2189 5055 iidem
2220 5000 2353 5055 mss.
2399 4982 2725 5055 βοηθὸν-τὴν
2757 4982 2966 5055 οἰκείαν
2992 4982 3259 5055 ἀδελφήν..

2097 5054 2207 5177 (68)
2240 5050 2692 5126 Regii'secundus
2720 5061 2775 5108 et
2806 5054 3002 5108 tertius
3031 5053 3153 5106 εἰπὲ
3184 5050 3312 5123 γάρ.
3343 5050 3459 5106 Hoc
3487 5054 3606 5123 ipso

2130 5140 2251 5177 oeo.
2291 5125 2382 5177 ubi
2428 5125 2482 5177 in
2530 5124 2691 5177 editis
2728 5132 2783 5177 et
2822 5124 2879 5176 in
2927 5124 3056 5177 Hea.
3099 5124 3262 5177 tertio
3294 5124 3491 5177 legitur
3521 5124 3606 5177 ἵνα

2026 5126 2082 5179 in
2110 5124 2251 5186 loco,
2291 5124 2382 5179 ubi
2428 5125 2482 5178 in
2530 5124 2691 5179 editis
2728 5132 2783 5179 et
2822 5124 2879 5193 in
2927 5124 3075 5193 Heg.)
3099 5124 3262 5177 tertio
3294 5124 3491 5193 legitur
3521 5124 3611 5177 ἵνα

2025 5196 2321 5276 ἀναστᾶσα.
2342 5196 2657 5276 συνδιακονῇ
2690 5210 2813 5264 μοι,
2845 5192 3208 5276 ϐοιξῴείίηείυε
3243 5192 3611 5263 Ιεείιιίῐίτηιηι

2024 5274 2079 5320 et
2113 5267 2258 5335 apud
2301 5266 2503 5321 Lucam
2549 5273 2604 5319 et
2633 5263 2700 5317 in
2726 5279 2827 5319 suo
2851 5263 3043 5335 codice
3076 5264 3162 5317 ἴνα
3194 5280 3285 5335 μοι
3316 5280 3613 5334 συμπαρα-

2023 5334 2387 5407 λαμϐάνηται.
2422 5336 2478 5390 Si
2507 5338 2645 5407 quis
2659 5344 2842 5407 tamen
2866 5334 3013 5407 hunc
3038 5334 3218 5407 locum
3238 5340 3470 5407 quaerat,
3496 5335 3612 5386 sive

2025 5402 2169 5476 apud
2201 5402 2427 5471 Lucam,
2475 5402 2592 5460 sive
2634 5405 2689 5458 in
2724 5403 2914 5476 codice
2958 5403 3295 5476 Combelisii,
3341 5402 3606 5476 scriptum

2024 5473 2265 5599 i6riveniet
2306 5492 2417 5531 non
2468 5473 3103 5546 συμπαραλαμϐἀνηται,
3149 5474 3244 5530 sed
3296 5473 3611 5527 συναντιλά-

2065 5566 2208 5599 πται.

2104 5566 2208 5600 ται.

2247 5616 2337 5671 Sie
2366 5615 2517 5686 Regii
2544 5614 2821 5688 secundus
2850 5624 2901 5669 et
2927 5623 3173 5683 quartus,
3202 5615 3428 5688 optime.
3468 5612 3613 5670 Editi

2027 5688 2125 5762 τὴν
2154 5688 2252 5760 μὲν
2277 5689 2335 5741 ού
2367 5687 2719 5758 κατέτρεψεν,
2755 5694 3030 5757 corrupte.
