4018 6226
464 359 600 417 1527
1799 358 1859 417 8.
1894 359 2033 415 BAS“

2133 360 2137 413 Ι
2179 361 2396 417 MAGNI
3573 372 3688 424 1528

463 479 535 536 ob
560 476 709 535 illius
739 480 1115 533 attentionem.
1157 475 1296 535 Vide
1324 476 1457 533 mihi
1487 476 1654 551 igitur
1689 476 1831 533 duos
1856 485 2033 535 status

2142 480 2235 550 ἀφ’
2273 474 2347 535 ὧν
2377 483 2580 548 ἐποίει,
2613 484 2711 554 τὴν
2742 482 2800 537 δὲ
2832 482 3134 550 ἀπεδέξατο
3163 485 3246 555 ἐφ’
3278 480 3360 549 οἷς
3402 487 3687 555 προσεῖχεν.

463 586 563 643 per
596 569 856 626 mulieres
887 569 1025 627 duas
1050 569 1346 643 designari,
1380 571 1611 625 alterum
1646 570 1865 642 quidem
1896 570 2038 627 infe-

462 667 665 723 riorem
690 706 706 732 ,
739 681 863 721 cum
904 665 1269 722 ministerium
1313 666 1486 737 magis
1514 664 1800 735 corporale
1838 665 2042 735 ample—

461 768 640 817 ctatur
670 761 1021 832 (quamquam
1056 769 1113 816 et
1161 760 1339 830 ipsum
1371 765 1457 815 est
1482 758 1883 828 utilissimum),
1907 757 2042 813 alte-

463 869 587 909 rum
618 869 749 908 vero
771 853 1072 922 meliorem,
1108 868 1232 908 cum
1261 852 1328 907 ad
1371 853 1756 924 mysteriorum
1799 858 2041 907 contem-

464 945 760 1016 plationem
792 944 1086 1009 ascendat,
1119 944 1405 1014 magisque
1435 943 1740 1011 Spiritualis
1785 944 1876 1000 sit.
1915 941 2042 998 Haec

462 1044 544 1102 tu,
567 1037 662 1108 qui
683 1036 899 1092 auditor
920 1052 981 1092 es
1001 1076 1017 1101 ,
1055 1035 1417 1107 spiritualiter
1446 1036 1655 1105 accipe,
1683 1043 1739 1090 et
1770 1035 2040 1091 utrumvis

464 1131 622 1202 elige.
650 1129 808 1197 Quod
838 1132 885 1185 si
915 1129 1230 1185 ministrare
1262 1129 1362 1194 vis,
1390 1127 1702 1185 ministrate
1737 1129 1791 1183 in
1823 1129 2041 1185 nomine

462 1222 692 1277 Christi.
724 1221 918 1277 Aiebat
948 1220 1091 1277 enim
1124 1222 1243 1290 ipse
1274 1239 1288 1276 :
1329 1218 1601 1285 Quatenus
1630 1220 1832 1290 fecistis
1869 1224 1957 1274 uni
1977 1221 2041 1274 de

464 1312 543 1367 his
577 1309 836 1383 fratribus
885 1312 1012 1366 meis
1069 1312 1324 1379 minimis,
1376 1311 1508 1365 mihi
1558 1310 1760 1380 fecistis
1811 1312 1877 1365 ⁸⁸.
1915 1311 2041 1368 Sive

462 1407 607 1464 enim
642 1405 883 1477 excipias
907 1403 1171 1475 liOSpites,
1190 1405 1306 1460 sive
1332 1404 1616 1462 mendicos
1644 1406 1881 1472 reﬁcias,
1924 1407 2040 1463 sive

460 1498 775 1553 miserearis
819 1495 1125 1552 dolentium
1150 1537 1166 1562 ,
1199 1498 1315 1553 sive
1362 1497 1686 1573 auxiliarcm
1721 1513 1941 1553 manum
1970 1500 2038 1555 iis

462 1589 556 1659 qui
586 1589 642 1643 in
674 1587 1004 1644 necessitate
1028 1603 1093 1643 ac
1115 1588 1427 1645 calamitate
1457 1589 1886 1653 constituuntur,
1910 1605 2038 1659 por-

458 1680 750 1753 rigas,sive
766 1680 929 1753 536
951 1680 1223 1738 inservias
1238 1681 1852 1753 aegrotantibusmeoipit
1873 1683 1927 1737 in
1951 1698 2041 1738 se-

459 1773 643 1844 ipsum
666 1772 923 1830 Christus
941 1774 1147 1828 omnia.
1170 1772 1268 1828 Sin
1294 1782 1474 1830 autem
1497 1774 1633 1830 velis
1660 1773 1883 1830 Mariam
1922 1776 2039 1830 imi-

459 1868 589 1932 tari,
613 1881 736 1937 quae
757 1867 949 1922 relicto
972 1867 1223 1937 corporis
1250 1866 1560 1922 ministerio
1580 1867 1648 1922 ad
1668 1867 2035 1938 spiritualium

458 1959 899 2029 spectaculorum
947 1958 1464 2029 contemplationem
1507 1960 1778 2025 ascendit,
1811 1960 1916 2016 hoc
1940 1977 2038 2018 ne-

460 2049 670 2119 gotium
719 2048 961 2117 legitime
1019 2055 1214 2104 tracta.
1254 2046 1526 2120 Relinque
1553 2064 1789 2121 corpus,
1844 2051 2038 2111 desere

460 2141 871 2213 agriculturam,
900 2147 956 2197 et
983 2140 1337 2198 obsoniorum
1385 2143 1836 2213 compositionem
1873 2152 2036 2218 atque

461 2239 803 2302 apparatum,
849 2237 903 2286 et
933 2230 1172 2288 assideto
1203 2230 1271 2288 ad
1312 2233 1478 2303 pedes
1508 2233 1755 2301 Domini,
1808 2235 2037 2308 ejusque

461 2339 743 2381 sermones
770 2325 1100 2389 auscultato,
1135 2332 1195 2379 ut
1232 2338 1559 2381 arcanorum
1598 2325 1905 2383 divinitatis
1937 2329 2037 2386 fias

460 2414 929 2487 particeps.'Nam
956 2416 1345 2487 contemplatio
1384 2415 1840 2475 documentorum
1881 2419 2034 2491 Jesu,

461 2508 825 2566 ministerium
852 2509 1100 2580 corporis
1127 2509 1486 2567 transcendit.

525 2688 583 2744 2.
613 2687 889 2760 Accepisti
930 2689 1118 2762 igitur,
1151 2690 1500 2758 charissime,
1531 2691 1779 2764 exempla
1815 2707 1881 2749 ac
1905 2710 2031 2766 spe-

453 2782 655 2837 eimen.
690 2779 972 2839 Utrumvis
1022 2782 1302 2851 aamulare,
1333 2791 1430 2839 aut
1475 2785 1754 2856 egentium
1783 2794 1906 2843 esto
1931 2789 2036 2843 mi-

455 2873 669 2937 nister,
726 2881 821 2928 aut
869 2873 1184 2946 dogmatum
1235 2875 1444 2933 Christi
1493 2883 1724 2935 amator.
1787 2878 1943 2946 Quod
1985 2882 2032 2937 si

455 2973 613 3035 potes
667 2970 901 3035 utraque
944 2964 1183 3031 imitari,
1241 2969 1502 3038 utrinque
1530 2966 1736 3024 referes
1791 2968 2033 3026 fructum

455 3056 674 3123 salutis.
718 3054 940 3113 Primus
968 3064 1153 3114 tamen
1193 3065 1282 3115 est
1312 3059 1617 3130 spiritualis
1666 3074 1869 3130 sermo,
1902 3063 2033 3119 reli-

2141 573 2284 646 Ὅρα
2313 590 2403 645 μοι
2436 572 2618 627 τοίνυν
2646 573 2744 638 τάς
2770 573 2865 629 δύο
2893 575 3118 647 μερίδας
3149 575 3237 630 διὰ
3264 575 3374 631 τῶν
3400 575 3494 629 δύο
3516 594 3690 646 γυναι·

2138 665 2251 720 κῶν
2292 666 2684 738 εἰσαγομένας·
2718 666 2817 737 τήν
2864 666 2964 738 μὲν
3006 667 3135 738 μίαν
3183 667 3419 735 ἐλάττω,
3459 668 3554 740 τὴν
3593 668 3694 722 δια⁴

2138 760 2324 814 κονίαν
2356 759 2455 832 τήν
2496 759 2960 832 σωματικωτέραν
2994 759 3288 831 ἑλομένην,
3325 759 3465 831 πλὴν
3502 759 3580 813 δτι
3610 760 3693 812 καὶ

2137 851 2307 924 αὐτὴν
2380 850 2808 923 χρησιμωτάτην
2841 867 2856 883 ’
2920 850 3019 923 τὴν
3069 851 3128 905 δὲ.
3186 851 3584 922 ἀναϐεϐηκυῖα-ν
3635 853 3694 920 τῇ

2138 941 2340 1014 θεωρίᾳ
2395 942 2505 995 τῶν
2562 942 2875 1014 μυστηρίων
2935 940 3218 1013 κρείττονα
3274 943 3371 995 καὶ
3413 957 3694 1011 πνευματι-

2137 1033 2383 1106 κωτέραν
2413 1033 2548 1105 (70).
2593 1032 2779 1087 Ταῦτα
2828 1033 2892 1086 σὺ
2936 1033 2965 1086 6
3007 1032 3282 1105 ἀκροατής
3327 1030 3697 1101 πνευματικῶς

2136 1127 2445 1200 ἐκλάμϐανε
2485 1169 2501 1191 ,
2556 1126 2651 1182 καὶ
2697 1128 2725 1182 ὂ
2771 1127 2946 1192 θέλεις
2994 1123 3230 1191 ἔκλεξαι.
3278 1124 3344 1179 Εἰ
3402 1123 3499 1193 μὲν
3545 1121 3697 1196 βούλῃ

2135 1221 2402 1275 διακονεῖν
2432 1260 2448 1285 ,
2502 1220 2740 1275 διακόνει
2794 1220 2851 1272 ὲν
2907 1216 2984 1290 τῷ
3035 1216 3256 1288 ὀνόματι
3306 1212 3403 1267 τοῦ
3455 1209 3696 1283 Χριστοῦ.

2138 1312 2308 1378 Αὐτὸς
2336 1313 2447 1385 γάρ
2466 1312 2652 1381 ἔλεγεν
2666 1330 2692 1393 ο.
2718 1312 2837 1382 Ἐφ’
2859 1310 3011 1365 ὅσον
3032 1308 3358 1374 ἐποιήσατε
3378 1303 3469 1361 ἐνὶ
3490 1306 3701 1359 τούτων

2135 1404 2255 1459 τῶν
2277 1404 2685 1475 ἁδελφῶνμου
2701 1402 2820 1457 τῶν
2838 1403 3195 1472 ἐλαχίστων,
3215 1400 3343 1469 ἐμοὶ
3369 1396 3696 1464 ἐποιήσατε.

2135 1497 2257 1552 Κᾶν
2282 1495 2391 1569 γάρ
2417 1496 2600 1564 ξένους
2630 1495 2765 1568 δέχῃ
2784 1537 2799 1561 ,
2833 1493 2935 1548 κᾶν
2974 1492 3224 1563 πτωχοὺς
3254 1490 3543 1562 ἁναπαύῃς
3565 1528 3579 1551 ,
3606 1487 3699 1541 κάν

2134 1591 2246 1654 τοῖς
2265 1589 2621 1661 ὀδυνωμένοις
2647 1587 2991 1659 ὲπικάμπτῃ,
3027 1583 3128 1639 κᾶν
3156 1585 3268 1647 τοῖς
3297 1581 3593 1650 ὲν.άνάγκῃ
3617 1579 3699 1634 καὶ

2137 1682 2392 1754 συμφορᾷ
2440 1683 2599 1753 χεῖρα
2653 1679 2906 1751 βοηθείας
2955 1677 3156 1748 ὁρὲγῃς
3185 1715 3200 1739 ,
3260 1673 3366 1729 κᾶν
3416 1672 3701 1746 ἀρρώστοις

2135 1776 2416 1848 ὑπηρετῇς
2439 1815 2453 1838 ,
2482 1774 2660 1828 πάντα
2689 1775 2769 1836 εἰς
2802 1769 2993 1824 ἑαυτὸν
3037 1771 3066 1823 6
3093 1767 3331 1840 Χριστὸς
3373 1764 3698 1835 ἀναδέχεται.

2142 1867 2204 1920 Ei
2247 1865 2306 1920 δὲ
2355 1865 2516 1938 θέλῃς
2560 1863 2660 1937 τὴν
2704 1864 2926 1935 Μαρίαν
2969 1860 3213 1932 ζηλῶσαι
3260 1856 3702 1913 καταλελοιπυῖαν

2140 1958 2238 2031 τὴν
2268 1957 2363 2012 τοῦ
2408 1958 2658 2031 σώματος
2693 1957 2968 2012 διακονίαν
2989 1998 3004 2024 ,
3038 1954 3319 2009 ἀναϐᾶσαν
3365 1952 3426 2009 δὲ
3466 1953 3545 2016 εἰς
3581 1950 3702 2005 θεωο

2146 2050 2267 2122 ρίαν
2318 2050 2428 2105 τῶν
2480 2049 2871 2123 πνευματικῶν
2933 2046 3222 2120 θεαμάτων
3266 2046 3381 2117 (71)
3414 2085 3432 2112 ,
3481 2042 3702 2113 γνησίως

2146 2144 2369 2217 μέτελθε
2419 2142 2482 2197 τὸ
2532 2145 2784 2217 πρᾶγμα.
2842 2141 3125 2196 Κατάλιπε
3178 2138 3242 2192 τὸ
3295 2137 3459 2208 σῶμα
3491 2177 3508 2203 ,
3559 2134 3701 2187 ἔασον

2141 2237 2415 2310 γεωργίαν
2440 2275 2457 2300 ,
2504 2235 2785 2306 ὀψοποιίαν
2822 2251 2883 2287 τε
2922 2233 3019 2287 καὶ
3054 2229 3413 2304 παρασκευήν
3440 2244 3456 2258 ·
3498 2225 3702 2280 κάθισον

2140 2329 2198 2383 δὲ
2232 2328 2383 2400 παρὰ
2408 2327 2535 2391 τοὺς
2567 2327 2731 2390 πόδας
2752 2325 2846 2380 τοῦ
2883 2323 3091 2396 Κυρίου
3120 2361 3135 2388 ,
3174 2321 3271 2375 καὶ
3298 2321 3532 2376 ἄκουσον
3553 2310 3698 2370 αὑτοῖ

2139 2423 2249 2477 τῶν
2292 2423 2465 2492 λόγων
2485 2461 2501 2487 ,
2555 2421 2642 2474 ἴνα
2684 2417 2940 2482 κοινωνὸς
2989 2416 3123 2488 γένῃ
3168 2413 3279 2468 τῶν
3331 2413 3433 2484 τῆς
3470 2409 3702 2479 θεότητος

2144 2514 2478 2587 μυστηρίων.
2522 2510 2591 2567 Ἦ
2634 2510 2745 2581 γάρ
2783 2506 2985 2580 θεωρία
3011 2505 3122 2560 τῶν
3170 2500 3353 2575 Ἰησοῦ
3385 2498 3701 2574 μαθημάτων

2140 2608 2451 2679 ἀναϐέϐηκε
2472 2605 2567 2661 τοῦ
2600 2605 2853 2675 σώματος
2882 2601 2981 2674 τὴν
3009 2598 3311 2655 διακονίαν.

2208 2701 2264 2757 2.
2297 2677 2529 2763 Ἔλαϐες
2561 2696 2738 2751 τοίνυν
2763 2735 2779 2761 ,
2815 2692 3066 2764 ἀγαπητὲ
3087 2731 3103 2758 ,
3129 2690 3198 2745 τὰ
3226 2687 3596 2756 ὑποδείγματα
3618 2677 3697 2736 κεῖ

2136 2797 2238 2869 τὴν
2289 2795 2587 2860 ἀπόδειξιν.
2637 2791 2887 2864 Ζήλωσον
2936 2787 2973 2843 ἃ.
3019 2786 3231 2848 θέλεις,
3275 2783 3313 2854 ἢ
3346 2773 3702 2869 διάκονοςᾷέσὶ

2140 2867 2370 2963 πτωχῶν
2393 2931 2408 2956 ,
2434 2889 2468 2963 ἢ
2509 2885 2743 2962 ἐραστὴς
2776 2883 3064 2956 δογμάτων
3086 2875 3350 2951 Χριστοῦ.
3385 2875 3451 2927 Ei
3475 2871 3530 2925 δὲ
3554 2867 3717 2963 δύνασ,

2141 3004 2232 3040 σαι
2260 2957 2560 3056 ’άμφότερα
2603 2957 2884 3050 ζηλῶσαι,
2938 2969 3288 3045 ἑκατέρωθεν
3331 2965 3582 3037 άποφέρῃ
3620 2957 3700 3013 τὸν

2139 3078 2350 3152 καρπὸν
2374 3076 2474 3147 τῆς
2505 3071 2800 3144 σωτηρίας.
2834 3067 3057 3141 Πρῶτος
3100 3065 3285 3137 μέντοι
3327 3059 3477 3114 ἐστὶν
3498 3060 3527 3116 ὁ
3555 3069 3701 3152 πνευ-

455 3163 565 3220 qua
608 3148 794 3204 omnia
821 3157 951 3206 sunt
979 3149 1308 3221 posteriora.
1341 3149 1526 3207 Maria
1577 3153 1716 3208 enim
1738 3193 1754 3219 ,
1810 3155 2028 3226 inquit,

2139 3145 2365 3255 ματικδς
2391 3145 2571 3255 λίξγος,
2613 3165 2684 3219 τά
2716 3163 2774 3217 δὲ
2810 3154 3478 3255 λοιπά-πάντα.δεύτεραἶ
3524 3145 3701 3255 Μαρία

455 3247 648 3296 bonam
702 3249 907 3311 partem
954 3241 1128 3314 elegit.
1177 3241 1236 3298 Si
1270 3243 1438 3315 igitur
1461 3253 1517 3301 et
1550 3252 1610 3301 tu
1635 3245 1841 3303 Christi
1871 3250 2030 3320 cupis

2133 3241 2261 3343 γὰρ,
2284 3241 2576 3338 φησ“ι,’τὴν
2587 3256 2822 3328 ἀγαθὴν
2834 3252 3049 3343 μερίδα
3065 3247 3412 3343 ἐξελέξατο.
3429 3245 3525 3300 Ἂν
3540 3242 3700 3343 τοίννν

451 3341 839 3405 essemystes,
884 3332 1133 3389 assideas
1176 3333 1246 3389 ad
1295 3335 1472 3406 ipsius
1515 3336 1706 3408 pedes,
1761 3338 2030 3411 suscipias

452 3423 627 3493 ipsius
655 3422 1031 3495 Evangelium,
1082 3423 1157 3480 ibi
1198 3424 1545 3498 derelinques
1585 3437 1754 3483 totam
1798 3445 1913 3486 rem
1944 3429 2029 3485 fa-

452 3516 743 3585 miliarem,
777 3524 834 3573 et
862 3530 1071 3572 vacuus
1118 3517 1188 3573 ab
1222 3519 1375 3574 omni
1421 3521 1797 3581 sollicitudine
1840 3525 2028 3597 deges,

451 3610 566 3664 imo
590 3610 754 3664 etiam
780 3608 1110 3665 obliviscere
1127 3610 1211 3665 tui
1239 3611 1417 3682 ipsius
1450 3615 1723 3685 corporis,
1751 3626 1804 3672 et
1831 3617 1907 3672 ita
1935 3618 2031 3676 de-

451 3715 603 3755 mum
646 3699 857 3770 poteris
908 3700 1246 3770 speculando
1291 3719 1419 3759 cum
1475 3705 1598 3777 ipso
1653 3708 1917 3780 colloqui,
1968 3719 2031 3767 ut

452 3791 685 3849 imiteris
737 3792 990 3860 Mariam,
1045 3810 1111 3877 ac
1171 3797 1406 3868 gloriam
1459 3817 1773 3873 supremam
1826 3820 2028 3864 conse-

451 3892 640 3953 quare.
672 3883 809 3939 Cum
844 3894 1025 3942 autem
1063 3901 1216 3953 oras,
1246 3904 1380 3947 cave
1425 3892 1533 3947 alia
1576 3910 1676 3965 pro
1710 3896 1833 3953 aliis
1862 3913 2029 3969 expo-

452 3990 598 4039 scas,
626 3983 683 4031 et
715 3975 1004 4033 Dominum
1041 3978 1251 4046 irrites,
1305 3998 1417 4038 non
1451 3986 1738 4054 pecunias,
1784 4003 1893 4044 non
1927 3990 2029 4046 hu-

450 4080 670 4121 manam
713 4069 964 4136 gloriam,
1004 4085 1117 4126 non
1159 4074 1483 4144 potentiam,
1532 4093 1641 4133 non
1685 4078 1836 4135 aliud
1865 4080 2030 4152 quid-

450 4172 616 4229 quam
656 4174 837 4214 rerum
876 4159 1179 4230 ﬂuxarum;
1227 4164 1324 4221 sed
1360 4174 1486 4238 pete
1534 4184 1762 4241 regnum
1806 4170 1923 4238 Dei,
1973 4181 2031 4231 et

448 4258 679 4304 cunctas
707 4264 794 4307 res
821 4253 1041 4321 corpori
1074 4259 1423 4313 necessarias
1452 4259 1552 4316 tibi
1583 4261 1674 4317 ille
1705 4264 2029 4336 suppedita-

447 4349 608 4398 turus
634 4350 739 4406 est,
767 4345 1231 4413 quemadmodum
1264 4349 1383 4420 ipse
1417 4351 1684 4410 Dominus
1728 4356 1843 4413 ait:
1875 4358 2029 4425 Quw-
2083 4357 2098 4372 '

447 4436 548 4490 rite
571 4452 786 4508 regnum
810 4437 928 4503 Dei,
961 4450 1011 4495 et
1022 4441 1298 4511 justitiam
1329 4444 1465 4514 ejus,
1499 4456 1551 4500 et
1578 4446 1689 4501 [nec
1717 4450 1896 4504 omnia
1922 4452 2023 4506 ad-

2128 3330 2544 3426 xui-66.00.13;
2597 3348 2808 3421 μύστης
2861 3340 3002 3399 εἶναι
3053 3339 3321 3413 Χριστοῦ,
3363 3330 3700 3411 παρακαθέζῃ

2132 3453 2232 3524 μὲν
2265 3446 2431 3504 αὐτοῦ
2469 3447 2583 3508 τοῖς
2630 3440 2778 3503 ποσὶ,
2806 3436 2936 3509 δέχῃ
2966 3433 3025 3490 δὲ
3064 3432 3230 3488 αὐτοῦ
3266 3431 3333 3487 ea
3363 3428 3698 3524 Εὐαγγέλιον.

2129 3517 2478 3611 καταλείψεις
2508 3533 2673 3591 αὐτοῦ
2701 3532 2822 3586 ὅλον
2843 3529 2938 3585 τὸν
2966 3528 3100 3601 βίον,
3127 3527 3222 3582 καὶ
3250 3526 3573 3599 ἀμερίμνως
3590 3517 3700 3611 διοί-

2131 3651 2280 3701 σειςο
2315 3609 2656 3701 ἐπιλησθήσῃ
2709 3624 2768 3678 δὲ
2812 3623 2908 3677 καὶ
2958 3620 3053 3675 τοῦ
3104 3619 3238 3674 ἰδίου
3298 3616 3566 3691 σώματος,
3614 3609 3698 3668 καὶ

2128 3725 2271 3781 οὕτω
2297 3722 2500 3793 δυνήσῃ
2546 3709 3036 3788 προσδιαλέγεσθαι
3068 3705 3234 3762 αὑτοῦ
3273 3708 3390 3770 τοῖς
3426 3701 3696 3793 θεωρήμα-

2130 3835 2236 3883 σιν,
2259 3817 2347 3871 ἴνα
2376 3791 2630 3883 ζηλώσῃς
2653 3806 2897 3879 Μαρίαν,
2919 3801 3018 3859 καὶ
3036 3799 3137 3873 τὴν
3162 3800 3428 3854 ἀνωτάτω
3448 3791 3696 3869 καρπώσῃ

2127 3909 2305 3975 δόξαν.
2354 3901 2801 3977 Προσευχόμενος
2824 3897 2903 3963 δὲ,
2944 3897 3048 3969 ὅρα
3085 3895 3161 3968 μὴ
3197 3893 3338 3950 ἄλλα
3380 3893 3495 3947 ἀντ’
3537 3887 3696 3944 ἄλλων

2128 4002 2381 4073 αἰτήσῃς,
2413 3996 2510 4050 καὶ
2539 3992 2884 4068 παροργίσῃς
2916 3990 3008 4044 τὸν
3041 3988 3272 4062 Κύριον,
3320 3987 3396 4059 μὴ
3435 3986 3692 4058 χρήματα,

2131 4093 2207 4165 μὴ
2242 4090 2400 4156 δόξαν
2445 4084 2816 4159 ἀνθρωπίνην,
2867 4082 2944 4157 μὴ
2981 4080 3330 4174 δυναστείαν,
3371 4080 3446 4174 μή
3488 4074 3609 4174 άλλο
3645 4087 3693 4174 τι

2126 4185 2236 4239 τῶν
2291 4179 2754 4254 παρερχομένων·
2789 4174 2926 4231 ἀλλὰ
2969 4173 3115 4228 αἴτει
3153 4172 3253 4245 τὴν
3300 4170 3572 4244 βασιλείαν
3607 4170 3692 4218 τοῦ

2126 4276 2285 4341 Θεοῦ,
2320 4275 2416 4330 καὶ
2448 4276 2627 4330 πάντα
2663 4270 2735 4328 τά
2788 4271 2925 4344 πρὸς
2952 4271 3053 4343 τὴν
3091 4267 3282 4340 χρείαν
3322 4265 3422 4321 τοῦ
3465 4263 3693 4334 σώματος

2127 4368 2290 4433 αὐτός
2325 4384 2409 4421 σοι
2461 4364 2710 4439 παρέξει,
2763 4360 2946 4429 καθώς
2992 4378 3159 4433 φησιν
3196 4359 3366 4424 αὐτὸς
3405 4360 3435 4412 6
3475 4355 3689 4427 Κύριος’

2128 4456 2368 4527 Ζητεῖτε
2413 4455 2530 4526 τὴν
2559 4454 2891 4521 ,Βασιλείαν
2935 4451 3045 4507 τοῦ
3093 4450 3265 4515 Θεοῦ,
3315 4448 3415 4504 καὶ
3462 4446 3574 4517 τὴν
3611 4442 3689 4496 δι·

441 4530 696 4600 Jicientur
735 4533 878 4588 vobis
903 4533 971 4588 ⁸⁸.
1030 4534 1237 4607 Duplex
1279 4547 1366 4594 est
1411 4550 1621 4606 autem,
1671 4542 2022 4614 charissime,

2133 4549 2466 4618 καιοσύνην
2493 4545 2702 4612 αὐτοῦ,
2732 4543 2834 4599 καί
2863 4543 3050 4599 ταῦτα
3074 4542 3273 4599 πάντα
3303 4537 3686 4613 προστεθήσρ

445 4621 639 4677 orandi
671 4622 868 4679 modus
896 4641 910 4678 :
937 4625 1076 4681 alter
1099 4625 1321 4697 quidem
1360 4629 1502 4684 situs
1540 4637 1626 4686 est
1671 4630 1725 4686 in
1756 4632 2023 4704 gloriﬁca-

443 4709 594 4764 tione
618 4724 742 4765 cum
770 4712 1085 4770 humilitate
1114 4733 1129 4784 ;
1155 4717 1292 4773 alter
1323 4733 1457 4774 vero
1490 4720 1587 4791 qui
1627 4720 1758 4778 huic
1790 4723 2021 4781 inferior

443 4804 550 4865 est,
579 4798 635 4853 in
666 4802 947 4872 petitione.
982 4803 1119 4859 Cum
1162 4821 1294 4878 ergo
1323 4823 1477 4875 oras,
1517 4811 1690 4869 nolito
1730 4816 2018 4872 confestim

442 4887 511 4942 ad
537 4891 850 4959 petitionem
882 4895 1145 4951 accedere
1174 4915 1188 4953 :
1225 4897 1314 4954 sin
1348 4899 1534 4968 aliter,
1565 4902 1622 4957 in
1649 4911 1800 4959 tuam
1825 4907 2021 4961 volun-

443 4986 609 5036 tatem
640 4980 693 5035 id
722 4983 971 5042 criminis
1010 4987 1205 5054 infers,
1240 4991 1389 5061 quod
1427 4995 1758 5051 necessitate
1787 4997 2018 5055 adactus

442 5086 635 5142 preces
673 5071 784 5128 Deo
823 5075 1110 5134 adhibeas.
1157 5078 1294 5135 Cum
1332 5082 1499 5152 igitur
1545 5084 1850 5156 ingrederis
1892 5105 2017 5159 pre-

441 5165 578 5229 cari,
626 5167 876 5238 relinque
928 5170 1187 5241 teipsum,
1241 5189 1492 5241 uxorem,
1542 5162 1784 5247 liberos;
1825 5180 2020 5239 desere

439 5265 665 5327 terram,
700 5261 1025 5317 transcende
1053 5264 1277 5335 coelum,
1307 5265 1631 5339 derelinque
1671 5285 1891 5329 omnem
1936 5276 2018 5330 vi-

510 5410 557 5444 ”
588 5411 777 5469 Mattn.
808 5430 937 5482 xxv,
968 5415 1058 5472 40.
1136 5418 1182 5450 ⁸⁸
1217 5416 1409 5475 Matth.
1439 5438 1517 5489 γι,
1545 5422 1637 5480 33.

513 5569 626 5649 (:10)
656 5573 879 5658 Antiqui
906 5573 1028 5658 duo
1055 5576 1180 5631 libri
1208 5595 1501 5658 κρειττονα
1526 5582 1636 5658 xal_
1643 5582 2015 5658 τελειοτέραν.

439 5638 644 5722 Tatii-ca,
661 5638 1083 5722 praestantiorem
1103 5638 1585 5722 peﬁeétieremque.
1615 5651 1724 5709 Nec
1744 5654 1820 5709 ita
1841 5638 2017 5713 rn'ulto

439 5719 564 5800 post
590 5711 699 5800 duo
722 5717 968 5800 russam.
986 5717 1086 5800 μὲν
1104 5711 1307 5800 βούλει.
1338 5720 1459 5800 Mox
1480 5711 1656 5800 iidem
1688 5739 1822 5782 mss.
1855 5728 1915 5781 ἐν
1934 5711 2015 5800 etii

438 5783 684 5844 ονόματι.
722 5783 921 5838 Vocula
953 5783 1010 5839 ὲν
1038 5783 1226 5842 aberat
1249 5804 1281 5844 a
1313 5789 1573 5863 vulgatis.

2129 4655 2224 4692 ται
2255 4637 2420 4707 ὑμῖν.
2452 4638 2769 4709 Προσενχῆς
2807 4635 2887 4701 δὲ,
2917 4634 3189 4706 άγαπητὲ,
3216 4632 3311 4688 δύο
3354 4633 3461 4721 stat

2126 4729 2156 4780 δ
2186 4727 2286 4799 μὲν
2320 4728 2350 4780 δ
2376 4726 2477 4798 τῆς
2509 4724 2817 4794 δοξολογίας
2848 4721 2988 4796 μετὰ
3024 4719 3548 4793 ταπεινοφροσύνης·
3577 4708 3685 4763 δεύ-

2126 4836 2282 4891 τερος
2302 4817 2360 4872 δὲ
2384 4820 2412 4872 6
2436 4818 2536 4891 τῆς
2558 4818 2828 4891 αἰτήσεως
2860 4813 3235 4887 ὑποδεδηκώς.
3263 4804 3683 4883 Προσευχόμενος

2125 4908 2240 4976 οὖν,
2273 4910 2348 4984 μὴ
2372 4911 2576 4976 εὐθέως
2606 4911 2701 4965 ἐπὶ
2742 4911 2960 4982 αἴτησιν
2984 4909 3145 4981 ἔρχου
3164 4923 3180 4940 ·
3226 4906 3274 4960 εί
3303 4904 3362 4958 δὲ
3396 4904 3551 4975 μήγε,
3580 4896 3683 4984 διαξ-

2126 4983 2344 5064 6άλλεις
2374 5016 2470 5054 σου
2498 4999 2600 5074 τὴν
2629 5000 2970 5074 προαίρεσιν,
3004 4999 3082 5063 ὡς
3107 4995 3215 5050 ὑπὸ
3243 4994 3344 5067 τῆς
3370 4992 3554 5065 Χρείας
3580 4983 3680 5056 (τί)

2125 5091 2571 5164 ἀναγκαζόμενος
2592 5094 2871 5166 προσεύχῃ
2900 5090 2980 5163 τῷ
3000 5087 3139 5163 Θεῷ.
3178 5087 3501 5160 Ἀρχόμενος
3517 5081 3681 5137 τοίνυν

2128 5181 2461 5257 προσευχῆς,
2482 5184 2751 5240 κατάλιπε
2778 5184 3024 5250 σεαυτὸν,
3043 5182 3302 5253 γυναῖκα,
3317 5178 3480 5233 τέκνα
3502 5190 3517 5206 ·
3536 5172 3680 5228 iam

2126 5278 2227 5345 τὴν
2270 5277 2401 5351 γῆν.
2452 5277 2724 5352 ὑπέρϐηθι
2774 5276 3028 5344 οὐοανὺν,
3074 5275 3342 5332 κατάλιπε
3383 5271 3556 5327 πᾶσαν
3586 5264 3679 5335 τὴν

2199 5588 2322 5661 (Ἠ)Δ
2350 5588 2502 5661 Unus
2534 5605 2640 5661 ms.
2673 5589 2899 5661 perinde
2923 5598 2985 5647 ut
3011 5588 3145 5646 editi
3172 5584 3551 5661 θεωρημάτων.
3572 5571 3671 5632 νου

2124 5658 2271 5731 teres
2292 5658 2402 5731 duo
2429 5660 2552 5728 libri
2579 5658 2887 5731 θεαμάτων.

2194 5729 2305 5787 t72l
2335 5728 2469 5802 Reg.
2504 5728 2782 5789 secundus
2813 5729 3003 5803 χρείας
3031 5745 3149 5786 σου.

3928 774 3931 921 4
