4018 6226
347 336 488 395 {329

1435 335 2031 395 CONSTITUTIONES
2081 333 2523 394 MONASTICIE.

3441 343 3465 400 1
3475 342 3579 400 3'50

345 452 525 510 κτίσιν
560 451 763 522 ὀρατήν
788 466 849 503 τε
880 448 975 505 καὶ
1013 445 1265 522 ἀόρατον,
1308 450 1404 505 καὶ
1430 448 1591 522 ἄρξαι
1637 449 1745 504 ἀπὸ
1774 448 1918 516 δοξο-

2021 449 2234 505 sibilem
2274 465 2339 506 ac
2374 448 3063 519 invisibilemjcreaturam,
3106 458 3161 507 ct
3194 451 3372 524 incipe
3406 470 3434 509 a
3465 458 3580 527 glo—

344 544 530 615 λογίας
566 542 662 597 τοῦ
685 546 1007 615 ποιήσαντος
1036 541 1106 596 τὰ
1144 542 1345 607 πάντα,
1376 543 1468 596 καὶ
1489 544 1615 597 ὅταν
1638 541 1919 613 δοξολογή-

346 652 448 711 σῃς
491 635 674 699 αὐτὸν,
724 636 798 707 μὴ
837 634 1185 707 πλανώμενος
1226 635 1317 690 τὸν
1366 635 1491 690 νοῦν
1528 629 1629 690 ὧδε
1671 626 1915 698 κάκεῖσε,

349 728 483 800 μηδὲ
523 727 850 797 Ἑλληνικῶς
902 725 1233 799 μυθολογῶν,
1284 726 1401 781 ἀλλ’
1447 726 1552 780 ἀπὸ
1589 725 1697 780 τῶν
1749 727 1919 794 ἁγίων

346 819 578 891 Γραφῶν
610 819 984 891 ἐκλεγόμενος,
1017 821 1112 874 καὶ
1132 821 1304 889 λέγων
1323 837 1337 849 '
1366 820 1587 889 Εὐλογῶ
1610 838 1690 885 σε,
1721 821 1914 891 Κύριε,

345 911 436 966 τὸν
470 911 841 984 μακρόθυμον,
891 893 985 965 καὶ
1010 910 1347 977 ἀνεξίκακον,
1383 913 1474 965 τὸν
1517 912 1638 966 καθ’
1684 914 1919 983 ἑκάστην

343 1005 559 1076 ἡμέραν
584 1003 1042 1076 μακροθυμοῖωτά
1070 1020 1161 1075 μοι
1187 1002 1611 1075 πλημμελοῦντι,
1638 1004 1732 1058 καὶ
1762 1005 1919 1057 δόντα

345 1095 592 1159 ἐξουσίαν
618 1097 783 1148 πᾶσιν
820 1097 950 1165 ἡμῖν
982 1095 1289 1166 μετανοίας.
1322 1094 1418 1149 Διὰ
1461 1095 1570 1167 γὰρ
1594 1096 1750 1148 τοῦτο
1789 1112 1919 1149 σιω·

346 1188 476 1258 πᾷς,
508 1188 600 1241 καὶ
620 1188 789 1259 ἀνέχῃ
817 1186 996 1258 ἡμῶν,
1022 1187 1217 1258 Κύριε,
1241 1188 1329 1241 ἴνα
1352 1205 1410 1240 σε
1439 1186 1806 1257 δοξολογῶμεν
1828 1187 1919 1241 τὸν

344 1280 729 1350 οἱκονομοῦντα
759 1278 852 1331 τοῦ
895 1279 1086 1347 γένους
1116 1279 1273 1351 ἡμῶν
1308 1281 1408 1351 τὴν
1452 1280 1725 1350 σωτηρίαν
1746 1294 1759 1307 ⁶
1790 1279 1920 1333 ποτὲ

349 1373 447 1443 μὲν
475 1372 563 1425 διὰ
584 1372 764 1441 φόϐων
792 1371 926 1442 (75),
950 1371 1137 1425 ἄλλοτε
1170 1372 1226 1426 δὲ
1256 1372 1341 1425 διὰ
1368 1372 1764 1443 παραινέσεων,
1790 1372 1919 1425 ποτὲ

343 1464 401 1515 δὲ
429 1462 517 1516 διὰ
551 1462 863 1534 προφητῶν,
900 1460 1127 1533 ὕστερον
1156 1462 1214 1514 δὲ
1248 1462 1333 1515 διὰ
1361 1462 1460 1533 τῆς
1503 1460 1803 1532 παρουσίας
1825 1458 1917 1511 τοῦ

346 1552 581 1622 Χριστοῦ
620 1570 712 1606 σου
764 1553 1200 1623 ἐπισκεψάμενος
1227 1554 1393 1624 ἡμᾶς.
1427 1554 1500 1606 Σὺ
1528 1552 1636 1623 γὰρ
1682 1551 1920 1615 ἔπλασας

345 1646 513 1715 ἡμᾶς,
544 1645 638 1698 καὶ
664 1645 762 1717 οὐχ
790 1647 969 1715 ἡμεῖς.
1003 1645 1074 1696 Σὺ
1097 1640 1148 1698 εἴ
1179 1648 1207 1698 ὁ
1230 1645 1362 1708 Θεὸς
1385 1643 1563 1716 ἡμῶν.

417 1737 470 1792 5.
494 1739 661 1792 Ὅταν
681 1738 738 1792 δὲ
754 1736 1110 1809 δοξολογήσῃς
1132 1737 1239 1791 ἀπὸ
1258 1737 1365 1791 τῶν
1392 1736 1644 1809 Γραφῶν,
1671 1737 1745 1801 ὡς
1762 1736 1919 1789 δύνα-

347 1842 462 1895 σαι,
502 1831 595 1883 καὶ
631 1828 957 1902 άναπέμψῃς
990 1825 1137 1884 αἶνον
1174 1828 1311 1901 πρὸς
1346 1829 1439 1882 τὸν
1478 1829 1629 1893 Θεὸν,
1670 1830 1791 1882 τότε
1824 1829 1920 1900 ἄρ-

347 1939 441 1993 χου
468 1921 577 1992 (74)
614 1921 749 1990 μετὰ
777 1920 1297 1993 ταπεινοφροσύνης,
1322 1921 1417 1975 καὶ
1441 1921 1564 1990 λέγε
1586 1936 1600 1951 °
1634 1920 1773 1990 Ἐγὼ
1798 1921 1917 1991 μὲν,

346 2014 650 2084 Κύριε,οὑκ
666 2015 781 2085 είμ“ι
801 2015 949 2079 ἄξιος
970 2016 1064 2068 ἐπὶ
1082 2015 1173 2069 σοῦ
1193 2014 1547 2083 φθέγξασθαι,
1562 2014 1693 2067 διότι
1715 2015 1920 2086 σφόδρα

344 2106 666 2178 ἁμαρτωλὸς
687 2109 958 2176 τυγχάνω.
977 2107 1096 2161 Κᾶν
1117 2109 1189 2177 μὴ
1213 2106 1455 2170 σύνοιδάς
1481 2124 1534 2159 τι
1566 2106 1775 2177 σεαυτῷ
1792 2106 1923 2176 φαῦ-

344 2195 607 2257 λον,οὖτω
627 2198 728 2267 χρή
749 2215 807 2249 σε
824 2198 1021 2265 λέγειν.
1047 2199 1233 2262 Οὐδεὶς
1253 2198 1362 2269 γὰρ
1380 2199 1759 2270 ἀναμάρτητος
1776 2200 1821 2251 εί
1845 2198 1921 2270 μὴ

349 2293 508 2359 μόνος
538 2293 566 2344 ὁ
592 2291 743 2355 Θεός.
777 2292 952 2345 Πολλὰ
992 2292 1099 2362 γὰρ
1136 2291 1560 2362 ἁμαρτάνοντες,
1592 2292 1661 2345 τὰ
1696 2291 1921 2345 πλεῖστα

344 2380 469 2435 οὔτε
494 2383 766 2451 συνίεμεν.
790 2382 887 2434 Διὰ
905 2382 1062 2434 τοῦτο
1095 2383 1261 2453 φησὶν
1290 2383 1318 2433 ὁ
1351 2382 1671 2443 ’Λπόστολος
1692 2399 1706 2412 ⁸
1732 2382 1921 2436 Οὐδὲν

343 2472 576 2543 ἐμαυτῷ
599 2474 874 2535 σύνοιδα,
907 2474 1041 2528 ἀλλ’
1071 2476 1183 2529 οὐκ
1214 2475 1284 2527 ἐν
1303 2476 1492 2541 τούτῳ
1510 2476 1884 2545 δεδικαίωμαι
1902 2492 1919 2507 ο

343 2564 609 2629 τουτέστι,
651 2564 820 2617 πολλὰ
851 2565 1170 2635 ἁμαρτάνω,
1204 2566 1299 2618 καὶ
1327 2567 1387 2619 οὐ
1420 2568 1605 2621 συνιῶ.
1640 2567 1800 2622 Ὅθεν
1829 2569 1921 2622 καὶ

345 2657 377 2708 ὁ
406 2656 699 2727 Προφήτης
747 2656 916 2726 φησί·
966 2656 1417 2727 Παραπτώματα
1469 2660 1561 2723 τίς
1619 2660 1921 2726 συνήσει;

348 2744 510 2799 Ὥστε
539 2741 629 2797 οὖν
652 2746 711 2798 οὑ
730 2744 899 2818 ψεύδῃ
931 2746 1248 2817 ἁμαρτωλὸν
1276 2748 1500 2802 σεαυτὸν
1526 2748 1711 2804 εἰπών.
1736 2751 1797 2802 Ei
1815 2752 1922 2823 γὰρ

348 2839 547 2901 συνιεῖς
578 2838 712 2907 (75),
749 2840 842 2890 καὶ
871 2836 1018 2907 αὐτῷ
1046 2837 1220 2908 τούτῳ
1243 2839 1596 2909 ἁμαρτάνεις,
1623 2841 1698 2912 τῷ
1719 2841 1919 2910 λέγειν,

346 2929 430 2983 ὅτι
476 2930 587 2982 Οὐκ
629 2929 745 3000 εἰμὶ
789 2929 1114 3000 ἁμαρτωλός
1132 2947 1155 2963 ’ν
1197 2929 1334 2983 ἀλλὰ
1389 2930 1591 3001 μᾶλλον
1639 2933 1785 3000 λέγε,
1842 2935 1922 2988 ὅτι

358 3020 527 3093 Ὑπὲρ
558 3021 684 3084 τοὺς
714 3022 1066 3092 ἁμαρτωλοὺς
1084 3022 1411 3093 πάντας(76)
1429 3023 1538 3091 ἐγώ
1560 3027 1674 3095 εξμι
1701 3026 1923 3098 ὀπαρα-
1956 3056 1957 3059 η

1948 3156 1989 3215 C
2027 3124 2282 3185 peccator
2315 3131 2328 3167 :
2357 3115 2452 3170 sed
2485 3114 2573 3169 die
2615 3114 2797 3184 potius
2831 3132 2844 3167 :
2875 3110 3047 3167 Pecco
3070 3128 3169 3182 ego
3213 3111 3386 3183 magis
3428 3125 3590 3181 quam

345 3113 544 3169 δαίνων
564 3115 625 3166 τὸ
642 3113 786 3167 Οεῖον
808 3113 1136 3185 πρόσταγμα
1159 3114 1218 3166 τὸ
1245 3114 1463 3167 κελεῦον
1483 3134 1494 3147 ’
1525 3116 1703 3169 Ὅταν
1725 3118 1922 3171 πάντα

347 3209 778 3276 κατορθώσητε,
808 3207 1030 3276 λέγετε,
1054 3207 1143 3260 ὅτι
1190 3210 1247 3262 Ἀ
1255 3209 1440 3276 χρεῖοι
1460 3209 1671 3263 δοῦλοί
1699 3212 1884 3281 ἐσμεν
1903 3230 1916 3244 ’

345 3295 385 3353 ἀ
405 3303 514 3371 γὰρ
532 3300 849 3367 ὀφείλομεν
861 3298 1127 3367 ποιῆσαι.
1147 3300 1572 3371 πεποιήκαμεν.
1592 3300 1747 3355 Οὕτω
1766 3320 1825 3355 σε
1842 3304 1922 3357 δεῖ

346 3391 652 3459 λογίζεσθαι
681 3392 993 3454 διαπαντὸς,
1022 3392 1102 3443 ὅτι
1138 3392 1196 3445 Ἀ
1205 3392 1401 3460 χρεῖός
1427 3397 1576 3462 εἰμι’
1599 3396 1693 3448 καὶ
1726 3396 1883 3450 πάλιν
1902 3412 1917 3427 ·

353 3483 431 3552 Τῇ
468 3485 987 3553 ταπεινοφροσύνῃ
1023 3483 1339 3551 ἀλλήλους
1376 3487 1695 3555 ἡγούμενοι
1742 3490 1921 3559 ὑπερ-

346 3572 600 3644 έχοντας
619 3574 864 3628 ἑαυτῶν.
892 3575 1201 3649 Προσεύχου
1230 3570 1322 3629 οὖν
1342 3576 1419 3647 τῷ
1442 3577 1560 3647 Θεῷ
1588 3579 1727 3648 μετὰ
1751 3580 1917 3648 φόϐου

348 3668 442 3721 καὶ
473 3668 992 3739 ταπεινοφροσύνης.
1027 3669 1194 3721 Ὅταν
1218 3664 1309 3722 οὖν
1334 3671 1623 3742 ἁποτείνῃς
1650 3670 1808 3739 λόγον
1834 3689 1921 3725 τα-

348 3760 797 3832 πεινοφροσύνης,
852 3760 945 3813 καὶ
986 3761 1171 3829 εἴπῃς·
1226 3761 1545 3832 Εὐχαριστῶ
1585 3779 1687 3827 σοι,
1724 3763 1917 3833 Κύριε,

345 3849 429 3903 ὅτι
465 3868 565 3920 μου
594 3848 1054 3921 ἐμακροθύμησας
1090 3852 1201 3914 τοῖς
1231 3851 1663 3922 παραπτώμασι,
1694 3854 1788 3906 καὶ
1818 3855 1922 3917 ἕως

346 3942 441 3995 τοῦ
477 3942 570 3995 νῦν
604 3942 951 4013 ἁτιμὼρητόν
991 3959 1057 4012 με
1091 3942 1310 4005 εἴασας·
1351 3942 1460 4011 ἐγὼ
1501 3944 1596 4014 μὲν
1636 3945 1745 4017 γὰρ
1775 3944 1921 4009 ἄξιος

347 4038 495 4108 ἤμην
519 4035 683 4089 πάλαι
710 4034 873 4106 μυρία
898 4033 1047 4087 δεινὰ
1070 4034 1281 4096 παθεῖν,
1308 4036 1401 4088 καὶ
1424 4036 1791 4106 ἁπορῤιφῆναι
1816 4036 1922 4089 ἀπὸ

346 4125 441 4179 τοῦ
477 4124 766 4195 προσώπου
811 4141 925 4187 σου,
962 4125 994 4194 ἡ
1030 4123 1084 4176 δὲ
1118 4124 1438 4189 ἁνεξίκακός
1485 4143 1576 4178 σου
1621 4125 1923 4198 φιλανθρω-

349 4217 449 4270 πία
487 4214 944 4286 ἐμακροούμησεν
972 4214 1058 4266 ἐπ’
1090 4213 1241 4284 ἐμοί·
1280 4212 1588 4285 εὐχαριστῶ
1628 4231 1729 4277 σοι,
1752 4216 1799 4266 εἰ
1829 4215 1921 4267 καὶ

351 4305 427 4377 μὴ
469 4307 719 4376 τυγχάνω
771 4306 1054 4376 αὐτάρκης
1100 4304 1239 4375 πρὸς
1287 4306 1636 4376 εὐχαριστίαν
1675 4308 1773 4375 τῆς
1822 4305 1921 4376 σῆς

347 4396 737 4464 ἀνεξικακίας·
769 4398 864 4451 καὶ
897 4397 1024 4449 ὃταν
1078 4395 1146 4449 τὰ
1192 4396 1285 4449 δύο
1331 4396 1469 4469 μέρη
1515 4396 1920 4467 ἀποπληρώσῃς

2016 542 2320 597 rilicatione
2353 541 2657 597 conditoris
2701 541 3107 611 universorum,
3139 552 3194 599 et
3226 544 3317 598 ubi
3344 543 3449 616 ipsi
3481 544 3579 600 de-

2017 628 2164 685 deris
2198 629 2447 701 gloriam,
2478 644 2548 685 ne
2575 643 2771 701 vagare
2791 640 2972 685 mente
2997 631 3105 687 huc
3137 638 3191 688 et
3219 633 3371 699 illuc,
3402 639 3581 704 neque

2017 718 2327 776 Graecorum
2352 736 2506 777 more
2527 735 2754 776 enarres
2787 720 3021 786 fabulas,
3056 723 3149 779 sed
3180 740 3340 795 carpe
3360 724 3426 779 de
3456 741 3582 779 san-

2018 814 2122 869 ctis
2177 812 2498 885 Scripturis,
2545 822 2599 870 et
2649 814 2777 869 die:
2810 812 3059 881 Domine,
3112 816 3397 882 benedice,
3456 816 3580 880 tibi,

2016 906 2270 960 clementi
2326 913 2382 961 et
2421 905 2673 961 toleranti
2720 905 3012 972 malorum,
3053 907 3146 979 qui
3198 923 3285 963 me
3339 909 3582 980 quotidie

2016 1006 2327 1066 peccantem
2356 997 2483 1054 fers
2505 996 2798 1069 patienter,
2842 1006 2895 1056 et
2924 1001 3177 1058 omnibus
3212 1004 3371 1059 nobis
3402 1005 3580 1075 pumi-

2018 1089 2202 1144 tentize
2223 1090 2446 1160 agenda
2480 1089 2796 1145 facultatem
2827 1091 3059 1162 praebes.
3088 1092 3299 1149 idcirco
3329 1096 3472 1149 enim
3499 1103 3584 1147 ta-

2019 1192 2131 1244 ces,
2173 1193 2236 1234 ac
2272 1195 2373 1237 nos
2403 1182 2667 1247 sustines,
2704 1178 2953 1251 Domine,
2982 1194 3060 1253 ⁵ιιι
3091 1184 3188 1241 tibi
3237 1184 3453 1256 generis
3483 1199 3582 1238 no-

2019 1272 2118 1326 Slt‘i
2165 1273 2395 1327 salutem
2454 1273 2760 1329 moderanti
2801 1274 3110 1331 tribuamus
3162 1278 3389 1348 gloriam
3429 1294 3442 1329 :
3490 1275 3583 1345 qui

2019 1364 2180 1420 modo
2220 1368 2496 1432 terrendo,
2539 1368 2699 1423 modo
2730 1370 3093 1437 admonendo,
3130 1370 3292 1424 modo
3319 1385 3416 1440 per
3452 1384 3585 1439 pro-

2020 1456 2232 1526 phetas,
2268 1469 2603 1528 postremum
2651 1476 2749 1531 per
2794 1462 3086 1517 adventum
3125 1460 3328 1516 Christi
3374 1461 3456 1515 tui
3484 1476 3583 1515 nos

2019 1546 2280 1604 visitasti.
2315 1548 2397 1603 Tu
2421 1550 2567 1605 enim
2592 1542 2797 1607 tinxisti
2824 1568 2949 1617 nos,
2974 1567 3083 1606 non
3116 1561 3297 1606 autem
3326 1552 3430 1622 ipsi
3461 1566 3580 1606 nos.

2020 1636 2101 1691 Tu
2135 1655 2195 1695 es
2230 1639 2372 1696 Deus
2398 1650 2584 1697 noster
2604 1643 2671 1698 ⁸⁷.

2088 1732 2142 1785 5.
2183 1731 2316 1786 Cum
2354 1740 2534 1788 autem
2565 1749 2666 1805 pro
2700 1734 2911 1790 viribus
2953 1750 3019 1789 ex
3055 1734 3357 1805 Seripturis
3382 1732 3587 1805 gloriﬁ-

2020 1824 2254 1888 caveris,
2290 1826 2705 1897 laudaverisque
2730 1827 2919 1893 Deum,
2942 1836 3055 1882 tum
3080 1828 3259 1882 ordire
3285 1828 3584 1889 humiliter,

2022 1931 2084 1969 ac
2115 1916 2239 1970 die:
2272 1916 2533 1986 Equidem
2560 1933 2668 1972 non
2701 1934 2821 1973 sum
2853 1917 3071 1988 dignus,
3104 1915 3348 1983 Domine,
3381 1917 3472 1985 qui
3508 1916 3589 1970 lo-

2021 2022 2158 2077 quar
2203 2023 2388 2062 coram
2433 2017 2506 2073 te,
2549 2010 2806 2080 quoniam
2850 2009 3008 2065 valde
3046 2019 3299 2081 peccator
3345 2024 3484 2065 sum.
3522 2007 3589 2063 Et

2021 2101 2146 2156 licet
2180 2103 2384 2156 nullius
2420 2103 2549 2157 mali
2596 2104 2698 2158 tibi
2744 2103 3000 2158 conscius
3047 2104 3148 2167 sis,
3197 2112 3379 2158 tamen
3429 2103 3504 2156 ita
3534 2110 3589 2157 te

2020 2200 2233 2262 oportet
2277 2192 2481 2247 dicere.
2524 2192 2694 2248 Nemo
2726 2194 2870 2247 enim
2899 2194 3019 2249 sine
3065 2201 3294 2263 peccato
3333 2199 3440 2256 est,
3480 2191 3588 2247 nisi

2021 2286 2171 2339 solus
2218 2284 2378 2340 Deus.
2430 2284 2563 2338 Nam
2608 2300 2731 2339 cum
2783 2294 3005 2353 peccata
3036 2284 3193 2355 537
3225 2284 3392 2338 multa
3438 2298 3589 2338 com-

2020 2376 2339 2440 mittamus,
2387 2385 2568 2430 tamen
2616 2390 2685 2429 ne
2729 2374 3081 2445 intelligimus
3131 2374 3350 2444 quidem
3398 2388 3589 2428 eorum

2022 2470 2313 2522 maximam
2368 2475 2599 2536 partem.
2654 2465 2998 2536 Quapropter
3050 2466 3186 2519 dicit
3238 2465 3586 2534 Apostolus:

2022 2558 2175 2612 Nihil
2204 2559 2332 2612 mihi
2365 2558 2604 2611 conscius
2636 2573 2773 2621 sum,
2808 2558 2898 2610 sed
2936 2573 3036 2611 non
3067 2557 3121 2610 in
3145 2557 3239 2609 hoc
3257 2556 3588 2626 justi/Scalas

2020 2669 2137 2707 sum
2159 2652 2223 2719 ⁸⁸,
2258 2653 2361 2706 hoc
2406 2660 2511 2716 est,
2562 2652 2847 2705 committo
2880 2652 3051 2704 multa
3092 2655 3335 2719 peccata,
3374 2661 3475 2702 nec
3509 2656 3592 2701 ta-

2021 2761 2146 2800 men
2188 2761 2251 2801 ea
2286 2760 2577 2814 cognosco.
2615 2742 2768 2798 Unde
2800 2745 2873 2796 ait
2904 2756 3121 2813 quoque
3148 2740 3415 2811 PrOpheta
3444 2760 3456 2795 :
3484 2738 3591 2793 De-

2022 2837 2150 2891 licta
2200 2838 2317 2908 quis
2362 2836 2933 2907 intelliget”?Quare
2990 2851 3097 2889 non
3159 2834 3411 2887 mentiris
3466 2847 3591 2886 cum

2023 2931 2255 3000 teipsum
2280 2930 2417 2984 dicis
2445 2936 2808 3000 peccatorem.
2843 2927 3056 2982 Etenim
3098 2927 3143 2981 si
3178 2927 3252 2981 ita
3281 2941 3402 2981 esse
3427 2939 3593 2979 nove—

2023 3024 2120 3086 ris,
2154 3023 2315 3077 ctiam
2337 3024 2391 3076 in
2418 3021 2520 3076 hoc
2547 3023 2664 3091 ipso
2688 3034 2905 3092 peccas,
2941 3019 3084 3091 quod
3120 3019 3297 3073 dicis:
3327 3016 3442 3071 Non
3470 3033 3591 3072 sum

2022 3206 2203 3260 εἱειετί
2265 3215 2602 3275 peccatores,
2647 3204 2743 3276 qui
2803 3202 3001 3258 violem
3050 3202 3181 3257 illud
3232 3210 3589 3273 praeceptum,

2021 3298 2165 3368 quod
2212 3297 2292 3352 sic
2316 3298 2472 3366 jubet
2500 3319 2513 3351 :
2547 3296 2680 3352 Cum
2729 3296 2907 3351 omnia
2936 3306 3072 3349 recte
3104 3294 3355 3364 feceritis,
3391 3293 3549 3347 dicite
3572 3308 3592 3346 :

2022 3389 2170 3444 Servi
2191 3390 2404 3443 inutiles
2435 3406 2617 3443 sumus
2642 3405 2660 3442 :
2691 3404 2807 3458 qua!
2835 3389 2971 3441 enim
2994 3386 3265 3442 debuimus
3292 3387 3484 3454 facere,
3512 3385 3591 3453 fe-

2022 3484 2188 3535 cimus
2210 3481 2277 3535 9°.
2305 3479 2397 3535 Sic
2435 3496 2651 3551 semper
2696 3480 2942 3550 cogitare
2988 3487 3041 3534 te
3088 3485 3322 3549 oportet,
3373 3477 3591 3531 Inutilis

2020 3587 2157 3624 sum.
2188 3570 2265 3623 Ac
2286 3585 2482 3625 rursus
2513 3578 2694 3625 tecum
2725 3578 2918 3639 reputa
2948 3569 3081 3623 illud
3114 3588 3126 3623 :
3163 3567 3479 3621 Humilitate
3503 3583 3597 3620 δαί

2019 3660 2247 3727 perieres
2298 3660 2400 3713 sibi
2446 3660 2663 3713 invicem
2695 3659 3016 3713 arbitrantes
3036 3658 3102 3709 ".
3146 3657 3377 3710 Precare
3427 3654 3593 3724 igitur

2021 3752 2193 3808 Deum
2221 3767 2344 3807 cum
2379 3753 2573 3808 timore
2602 3760 2655 3807 et
2685 3751 3016 3806 humilitate.
3048 3748 3151 3804 Ubi
3183 3764 3314 3819 ergo
3343 3748 3589 3818 protule-

2020 3847 2100 3901 ris
2133 3846 2455 3899 humilitatis
2482 3844 2665 3908 verba,
2698 3843 3016 3913 dixerisque
3042 3860 3054 3896 :
3085 3841 3302 3897 Gratias
3336 3854 3437 3909 ago
3466 3838 3588 3902 tibi,

2022 3937 2271 4002 Domine,
2300 3936 2448 4007 quod
2488 3936 2761 4006 patienter
2793 3933 3065 4005 pertulisti
3092 3939 3315 4003 peccata
3362 3945 3503 3996 mea,
3536 3936 3593 3985 et

2024 4049 2195 4102 usque
2223 4030 2291 4085 ad
2328 4031 2431 4084 hoc
2461 4038 2680 4097 tempus
2708 4043 2794 4082 me
2830 4025 3104 4096 reliquisti
3138 4024 3369 4078 inultum
3396 4041 3407 4075 :
3433 4020 3592 4091 equi-

2020 4125 2141 4180 dem
2172 4124 2283 4195 jam
2316 4121 2526 4193 pridem
2571 4134 2719 4174 eram
2745 4118 2963 4188 dignus,
2998 4116 3092 4187 qui
3139 4116 3428 4169 innumera
3469 4127 3593 4182 sup-

2021 4216 2183 4289 plicia
2214 4225 2451 4286 paterer,
2501 4212 2911 4283 expellererque
2938 4225 2968 4265 e
3009 4216 3307 4279 conspectu
3337 4213 3453 4271 tuo,
3496 4204 3592 4261 sed

1989 4307 2446 4377 ,clementissima
2480 4314 2574 4361 tua
2606 4303 2918 4373 benignitas
2963 4301 3225 4358 sustinuit
3268 4315 3354 4355 me
3380 4299 3594 4370 patien-

2019 4412 2136 4469 ter;
2188 4400 2415 4472 gratias,
2458 4400 2703 4469 inquam,
2738 4411 2841 4467 ago
2874 4395 2996 4459 tibi,
3046 4393 3268 4449 tametsi
3314 4407 3424 4446 non
3466 4406 3593 4460 pos-

346 4490 445 4558 τῆς
472 4489 777 4557 δοξολογίας
803 4488 898 4541 καὶ
930 4486 1445 4558 ταπεινοφροσύνης,
1480 4488 1601 4540 τότε
1633 4488 1817 4540 λοιπὸν
1838 4488 1920 4541 ατ-

2021 4510 2141 4551 sum
2188 4503 2368 4563 grates
2417 4490 2720 4546 clementiae
2759 4495 2866 4543 tum
2897 4487 3110 4542 debitas
3160 4484 3499 4556 persolvere;
3539 4489 3593 4536 et

349 4595 511 4648 τησον
538 4582 567 4634 ὃ
599 4581 831 4650 ὀφείλεις
854 4580 1073 4650 αἰτῆσαι
1093 4596 1107 4609 ·
1140 4580 1213 4651 μὴ
1246 4579 1491 4643 πλοῦτον,
1524 4580 1704 4644 καθὼς
1735 4583 1919 4651 προεῖ-

350 4686 473 4735 πον,
511 4673 585 4742 μὴ
620 4673 777 4739 δόξαν
820 4673 1078 4740 ἐπίγειον,
1109 4671 1182 4743 μὴ
1218 4671 1405 4740 ὑγείαν
1448 4671 1717 4742 σώματος.
1750 4672 1919 4736 Αὐτὸς

350 4762 461 4835 γάρ
490 4780 549 4815 σε
598 4763 818 4827 ἔπλασε,
851 4767 944 4819 καὶ
972 4764 1193 4836 κήδεταί
1232 4781 1324 4817 σου
1358 4765 1457 4832 τῆς
1501 4766 1793 4837 σωτηρίας,
1827 4772 1921 4823 καὶ

348 4851 458 4909 οἶδε
486 4854 601 4919 πῶς
626 4855 838 4927 ἑκάστῳ
863 4856 1152 4929 συμφέρει,
1179 4857 1286 4909 εἴτε
1321 4856 1604 4923 ὑγιαίνειν,
1633 4860 1739 4911 εἴτε
1763 4860 1921 4913 ἀσθε-

2026 4587 2115 4642 ubi
2148 4587 2287 4642 duas
2321 4583 2734 4656 gloriﬁcationis
2772 4590 2825 4635 et
2856 4578 3179 4634 humilitatis
3200 4585 3381 4647 partes
3412 4573 3595 4627 absol-

2024 4677 2191 4739 veris,
2230 4683 2343 4729 tum
2377 4674 2595 4728 demum
2643 4668 2788 4741 quod
2831 4668 2997 4722 debes
3040 4672 3243 4735 petere,
3287 4669 3430 4732 pete,
3481 4674 3593 4713 non

2029 4767 2271 4833 divitias,
2317 4766 2395 4820 uti
2426 4765 2538 4835 jam
2586 4762 2721 4824 dixi,
2750 4775 2857 4814 non
2886 4759 3116 4828 gloriam
3153 4765 3445 4815 terrenam,
3483 4765 3621 4819 non,

2027 4859 2279 4930 corporis
2338 4858 2648 4912 sanitatem.
2694 4851 2815 4923 Ipse
2864 4850 3008 4905 enim
3051 4848 3205 4903 tinxit
3253 4856 3325 4909 te,
3379 4841 3593 4913 ipsique

420 5013 466 5045 ⁸⁷
495 5010 642 5067 Psal.
676 5024 825 5079 xcu,
846 5010 904 5067 ‘5.
976 5009 1067 5064 ⁸⁸1
1100 5011 1227 5069 Cor.
1257 5028 1331 5080 tv,
1352 5012 1407 5069 4.
1483 5016 1528 5049 ⁸⁹
1557 5014 1698 5071 Psal.
1731 5033 1882 5081 xvm,
1916 5032 1920 5069 Ἴ

2074 5018 2120 5049 ⁹⁰
2150 5014 2284 5071 Luc.
2316 5012 2564 5078 “11,10.
2642 5011 2686 5044 ⁹¹
2718 5007 2951 5077 Philipp.
2987 5020 3049 5071 tt,
3081 5006 3134 5060 3.

423 5168 785 5241 (75)AAnliqui
809 5169 917 5225 duo
940 5170 1064 5226 libri
1088 5169 1335 5239 φόϐων...
1355 5171 1749 5240 παραινέσεων.
1768 5172 1921 5227 Alius

349 5256 455 5295 ms.
494 5238 736 5307 φόϐων...
772 5238 1165 5313 παραινέσεως.
1207 5241 1349 5296 Editi
1391 5238 1623 5311 φόϐου...
1661 5243 1920 5313 παραινέ-

562 5377 793 5452 C_od_ices
819 5379 929 5435 duo
956 5378 1104 5435 αἶνον
1128 5379 1269 5451 Θεῷ,
1301 5378 1419 5434 τότε
1444 5380 1626 5452 ἄρξαι.

588 5448 727 5529 ζεῖάὶιί
778 5459 833 5505 et
896 5468 1031 5529 mss.
1085 5452 1154 5529 Et
1366 5448 1618 5529 quvteic._
1647 5449 1921 5529 Combeﬁ-

2022 5178 2210 5225 contra
2245 5169 2490 5223 omnium
2527 5166 2793 5220 librorum
2844 5162 3003 5217 tidem
3049 5160 3269 5219 addere,
3313 5171 3438 5214 cum
3477 5158 3595 5215 hac

2021 5255 2141 5293 eam
2188 5241 2388 5292 habere
2437 5237 2649 5306 possint
2684 5234 3009 5306 sententiam
3042 5230 3151 5306 :__S_i
3189 5230 3313 5298 quis
3342 5230 3595 5299 intelligit

2023 5310 2099 5362 ita
2125 5325 2268 5371 esse,
2305 5308 2407 5361 hoc
2426 5301 2530 5368 est,
2562 5306 2607 5358 si
2633 5305 2891 5357 conscius
2920 5309 3006 5355 est
3032 5301 3137 5354 sibi
3167 5315 3225 5353 se
3251 5314 3373 5353 esse
3397 5312 3592 5368 pecca-

2024 5388 2218 5441 torem,
2262 5378 2381 5449 sine
2410 5375 2577 5449 dubio
2611 5381 2824 5449 peccat,
2865 5372 2924 5449 ,εἰ
2960 5377 3119 5449 neget
3155 5384 3365 5449 essese
3398 5382 3597 5449 peccat

2022 5438 2237 5500 torem}
2268 5447 2358 5516 qui
2388 5438 2972 5516 scilicet-mendacium
3008 5440 3192 5516 faciat.
3226 5438 3594 5516 ibidemediti

354 5506 611 5592 sitrs__legi
644 5529 912 5592 oportere
960 5506 1042 5575 fait
1083 5522 1147 5573 Et
1187 5506 1400 5592 γάῤ-οὑ
1449 5508 1667 5583 συνιεῖς
1731 5519 1789 5592 Si
1820 5536 1920 5592 non

2018 5516 2236 5592 et__I_ieg.
2258 5506 2474 5576 tertius,
2502 5514 2595 5592 καὶ
2618 5512 2930 5592 αὐτὸτοῦτο
2946 5508 3280 5580 ἁμαρτάνεις
3307 5507 3368 5559 τὸ
3393 5506 3593 5575 λέγειν.

353 5590 602 5657 intelligis
635 5587 707 5659 (te
734 5607 844 5662 esse
869 5587 1234 5660 peccatarem).
1266 5587 1434 5656 Nam,
1472 5592 1669 5662 inquit,
1696 5591 1772 5643 sic
1792 5591 1918 5655 petit

352 5669 646 5730 contextus,
680 5676 773 5713 nec
804 5661 1039 5714 Basilius
1074 5662 1231 5713 aliter
1258 5661 1559 5729 scripserit.
1592 5661 1703 5730 Ego
1738 5668 1920 5715 tamen

356 5745 467 5784 non
519 5729 697 5797 video,
752 5745 851 5785 cur
900 5744 1123 5786 necesse
1164 5734 1237 5785 sit
1281 5732 1601 5801 particulam
1636 5729 1920 5800 negantem

2026 5585 2133 5639 Alii
2163 5584 2270 5639 duo
2305 5600 2439 5639 mss.
2475 5590 2535 5635 ut
2564 5584 2617 5636 in
2649 5590 2924 5636 contextu.

2108 5656 2219 5725 (76)
2257 5654 2371 5710 Vox
2403 5653 2612 5717 πάντας
2642 5652 2826 5707 addita
2862 5662 2944 5707 est
2986 5666 3053 5706 ex
3098 5647 3338 5719 antiquis
3377 5646 3595 5704 duobus

2031 5727 2205 5784 libris.
