4018 6226
454 275 593 333 1555

1544 274 2142 334 CONSTITUTIONES
2182 272 2623 333 MONASTICE.

3514 276 3521 317 ί
3571 283 3709 336 1354

454 397 630 469 μίαις,
676 398 771 454 xui
798 397 990 452 ἑαυτὸν
1030 396 1301 459 προδώσει
1328 398 1464 463 ’τοῖς
1506 398 1742 470 ἐχθροῖς,
1782 398 1957 468 τούτῳ
1999 398 2022 455 ὅ

2133 396 2435 466 suppetias.
2470 395 2677 466 Siquis
2703 395 2849 451 enim
2878 409 2976 466 per
3009 395 3280 469 ignaviam
3312 397 3551 469 Seipsum
3584 399 3711 453 libi-

451 489 584 552 Θεὸς
608 490 671 542 οὐ
695 492 993 560 συμμαχεῖ,
1016 488 1137 542 οὐδὲ
1155 490 1429 544 είσακούει
1448 507 1462 522 ·
1494 489 1781 561 προλαϐὼν
1809 489 1916 561 γὰρ
1943 489 2032 544 διὰ

448 579 550 650 τῆς
581 580 857 651 ἁμαρτίας
886 580 1247 652 ἡλλοτρίωσεν
1288 582 1479 637 ἑαυτὸν
1509 582 1616 635 άπὸ
1645 582 1740 636 τοῦ
1774 582 1930 636 Θεοῦ.
1972 583 2030 635 Ὀ

416 720 417 723 η
448 670 559 742 γὰρ
599 670 766 725 θέλων
814 671 1124 741 βοηθεῖσθαι
1172 673 1279 727 ὑπὸ
1320 673 1417 727 τοῦ
1444 674 1602 742 Θεοῦ,
1631 674 1694 727 τὸ
1725 674 1933 745 πρέπον
1969 674 2027 727 οὐ

447 763 801 834 προδίδωσιν·
854 766 884 816 ὁ
912 764 967 816 δὲ
1005 765 1065 818 τὸ
1109 764 1220 837 (82)
1265 765 1474 837 πρέπον
1523 766 1598 837 μὴ
1650 766 1931 837 προδιδοὺς
1967 766 2028 818 ού

448 854 756 925 προδίδοταί
788 873 917 908 ποτε
965 858 1070 910 ὑπὸ
1098 857 1198 928 τῆς
1231 857 1383 921 θείας
1409 858 1744 929 συμμαχίας.
1778 859 1897 930 Χρὴ
1921 859 2029 911 τοί-

446 963 541 999 νυν
564 949 621 999 ἐν
648 947 840 1018 μηδενὶ
867 948 1370 1017 καταγινώσκεσθαι
1392 950 1498 1004 ὑπὸ
1521 949 1615 1003 τοῦ
1643 951 1774 1004 ιδίου
1805 951 2032 1004 συνειδό-

444 1056 559 1102 τος,
596 1039 689 1091 καὶ
731 1038 905 1103 οὕτως
936 1040 1034 1111 τὴν
1076 1040 1225 1094 θείαν
1261 1042 1574 1112 συμμαχίαν
1618 1042 2025 1095 ἐπικαλεῖσθαι·

444 1129 822 1184 ἐπικαλεῖσθαι
846 1131 904 1184 δὲ
933 1132 1009 1203 μὴ
1039 1131 1321 1203 ῥᾳθύμως,
1365 1133 1439 1203 μὴ
1473 1130 1923 1205 μετεωριζομένῳ
1952 1133 2031 1205 τῷ

444 1221 523 1292 νῷ
550 1215 651 1275 ὧδε
696 1223 917 1276 κάκεῖσε
943 1240 957 1254 ·
1002 1225 1031 1275 ὀ
1055 1225 1164 1295 γὰρ
1199 1223 1441 1288 τοιοῦτος
1473 1225 1535 1277 ού
1577 1226 1736 1296 μόνον
1769 1227 1827 1279 οὐ
1863 1226 2029 1298 λήψε-

442 1330 535 1367 ται
558 1314 618 1366 τὸ
642 1316 764 1385 αῖτη
774 1333 872 1385 μα,
900 1315 1037 1369 ἀλλὰ
1063 1317 1158 1369 xui.
1181 1317 1442 1387 μειζόνως
1476 1317 1774 1389 παροξυνεῖ
1800 1318 1913 1389 (85)
1935 1319 2028 1373 τὸν

442 1406 742 1477 Δεσπότην.
776 1408 840 1460 Ei
869 1409 996 1480 γὰρ,
1028 1409 1122 1462 ἐπὶ
1152 1410 1414 1496 ἄρχοντός
1446 1427 1531 1474 τις
1557 1410 1729 1475 ἑστὼς
1750 1413 1845 1465 xui
1862 1412 2029 1466 διαλε-

420 1496 693 1566 γόμενος,
747 1498 884 1568 μετὰ
930 1498 1125 1552 πολλοῦ
1165 1500 1331 1569 φόϐου
1360 1500 1596 1567 ἵσταται,
1630 1502 2029 1574 ἁμετεώριστον

416 1586 582 1658 ,έχων
611 1588 707 1640 xui.
732 1588 794 1641 τὸ
820 1588 1019 1656 ἔξωθεν
1044 1591 1198 1661 ὄμμα
1234 1592 1329 1644 καὶ
1362 1592 1422 1645 τὸ
1452 1593 1552 1661 τῆς
1582 1593 1765 1665 ψυχῆς
1796 1593 2026 1659 ἔνδοθεν,

445 1686 659 1753 μήποτε
688 1684 1011 1758 κινδυνεύσῃ
1033 1704 1046 1718 ι
1082 1688 1233 1759 πόσῳ
1258 1689 1458 1758 μᾶλλον
1486 1688 1595 1761 (84)
1633 1691 1726 1745 ἐπὶ
1751 1690 1887 1744 Θεοῦ
1922 1691 2027 1763 χρὴ

438 1775 661 1829 ἑστάναι
693 1777 832 1845 μετὰ
861 1778 1027 1847 φόϐου
1064 1780 1158 1833 καὶ
1188 1781 1415 1852 τρόμου,
1451 1782 1571 1836 ὅλον
1604 1784 1695 1837 τὸν
1725 1783 1849 1839 νοῦν
1875 1803 2029 1839 τετα-

443 1867 605 1938 μένον
638 1867 830 1938 ἔχοντα
874 1871 1008 1940 πρὸς
1036 1872 1197 1925 αὐτὸν
1234 1873 1415 1944 μόνον,
1457 1876 1548 1929 καὶ
1589 1876 1822 1948 ἀλλαχοῦ
1849 1880 2024 1949 μηδα-

443 1957 582 2028 μοῦ;
610 1960 753 2014 Διότι
779 1961 943 2025 αὐτὸς
972 1964 1034 2016 ού
1068 1964 1228 2034 μόνον
1250 1964 1342 2020 τὸν
1366 1964 1567 2031 ἔξωθεν
1591 1968 1877 2039 ἄνθρωπον
1901 1970 2022 2041 βλέ-

440 2065 554 2115 πει,
573 2050 757 2115 καθὼς
772 2054 821 2104 οἱ
850 2053 947 2107 ἄνθ
958 2071 1149 2125 ρωποι,
1178 2055 1315 2111 ἀλλὰ
1334 2059 1426 2111 xui
1448 2059 1539 2112 τὸν
1560 2059 1769 2114 ἔνδοθεν
1795 2062 2021 2135 καθορᾷ.

454 2141 579 2194 Ἐὰν
626 2143 805 2197 τοίνυν
856 2145 1051 2211 οὕτως,
1082 2148 1157 2212 ὡς
1204 2147 1331 2219 χρὴ,
1397 2150 1602 2222 στήκῃς
1658 2150 1886 2207 ἐνώπιον
1930 2155 2023 2208 τοῦ

439 2231 600 2299 Θεοῦ,
634 2237 727 2288 καὶ
753 2237 821 2290 τὰ
853 2238 1006 2310 παρὰ
1029 2241 1255 2295 σεαυτοῦ
1279 2241 1458 2296 πάντα
1484 2243 1764 2317 είσφέρῃς,
1802 2245 1878 2317 μὴ
1898 2248 2026 2300 ἀπο-

439 2328 592 2397 στῇς,
621 2328 724 2404 ἕως
752 2331 873 2384 ὅτου
904 2332 1074 2405 λάϐῃς
1100 2334 1160 2387 τὸ
1188 2335 1396 2407 αἴτημά
1437 2352 1561 2389 σου’
1598 2338 1694 2391 ἐὰν
1716 2339 1772 2391 δὲ
1796 2357 2026 2410 καταγι-

438 2416 622 2490 νώσκῃ
675 2422 779 2475 ὑπὸ
808 2423 901 2476 τοῦ
944 2424 1245 2489 συνειδότος
1283 2443 1376 2479 σου
1411 2426 1487 2490 ὡς
1519 2430 1895 2503 καταφρονῶν,
1930 2433 2025 2487 xui.

439 2511 537 2566 ἐὰν
567 2513 860 2586 μετεώρως
901 2518 1107 2589 στήκῃς
1137 2521 1217 2581 εἰς
1240 2520 1429 2592 εὐχὴν,
1457 2521 1755 2591 δυνάμενος
1780 2524 2025 2593 ἀμετεω-

443 2603 642 2675 ρίστως
689 2608 900 2679 στῆναι,
952 2610 1026 2681 μὴ
1077 2610 1355 2684 τολμήσῃς
1402 2614 1594 2685 στῆναι
1647 2614 1879 2670 ἐνώπιον
1926 2617 2021 2671 τοῦ

437 2696 597 2764 Θεοῦ,
632 2700 719 2753 ἵνα
757 2701 833 2773 μὴ
875 2702 1101 2774 γένηται
1128 2706 1160 2775 ἡ
1192 2709 1466 2777 προσευχή
1500 2725 1592 2761 σου
1620 2709 1698 2772 εἰς
1724 2710 2021 2782 ἁμαρτίαν.

438 2790 503 2844 Εἰ
532 2791 609 2857 δὲ,
647 2792 1011 2865 ὲξασθενήσας
1033 2797 1137 2850 ὑπὸ
1156 2797 1255 2868 τῆς
1276 2799 1570 2871 ἁμαρτίας,
1599 2801 2024 2874 ἀπερισπάστως

435 2883 498 2935 οὐ
533 2882 759 2938 δύνασαι
808 2885 1080 2957 εὔχεσθαι,
1111 2889 1232 2943 ὅσον
1271 2890 1497 2947 δύνασαι
1542 2894 1767 2948 σεαυτὸν
1812 2894 2020 2965 βιάζου,

437 2974 531 3026 xui
558 2978 959 3051 προσκαρτέρει
991 2982 1204 3053 στήκων
1232 2984 1462 3039 ἐνώπιον
1483 2986 1577 3039 τοῦ
1606 2987 1741 3040 Θεοῦ
1766 2988 2022 3060 (Βὸθμτὺν

435 3065 563 3119 νοῦν
604 3069 740 3140 πρὸς
781 3072 943 3125 αὐτὸν
983 3073 1143 3145 ἔχων,
1175 3080 1269 3131 καὶ
1311 3081 1657 3149 ἐπισυνάγων
1684 3083 1846 3136 αὑτὸν
1886 3083 2021 3155 πρὸς

435 3158 649 3223 ἑαυτὸν,
679 3162 825 3215 καὶὸ
857 3163 988 3229 Θεὸς
1018 3168 1349 3241 συγγνώμην
1376 3174 1535 3237 ποιεῖ,
1567 3160 1648 3225 ὅτι
1678 3176 1779 3226 οὐκ
1804 3175 1910 3228 ἀπὸ
1930 3193 2022 3229 κα-

435 3253 845 3324 ταφρονήσεως,
893 3256 1028 3311 ἀλλὰ
1078 3260 1187 3312 ἀπὸ
1220 3262 1503 3327 ἀσθενείας
1543 3266 1644 3317 οὐκ
1681 3267 1905 3337 ίσχύεις,
1945 3269 2020 3332 ὡς

434 3343 563 3413 χρὴ,
585 3344 804 3414 στήκειν
834 3347 1065 3402 ἐνώπιον
1093 3349 1187 3402 τοῦ
1209 3351 1343 3404 Θεοῦ
1376 3352 1507 3424 (86).
1546 3356 1672 3408 Ἐὰν
1692 3356 1833 3411 οὕτω
1859 3358 2019 3431 βιάζῃ

435 3433 628 3487 ἑαυτὸν
658 3437 737 3499 εἰς
775 3438 882 3491 πᾶν
907 3437 1066 3510 ἔργον
1090 3441 1314 3509 ἀγαθὸν,
1355 3445 1429 3515 μὴ
1466 3447 1732 3518 ἀποστῇς,
1765 3448 1869 3513 ἓως
1897 3451 2017 3504 ὅτου

434 3522 608 3597 λάϐῃς
638 3527 699 3579 τὸ
738 3529 947 3600 αἴτημά
990 3547 1104 3597 σου,
1142 3533 1277 3587 ἀλλὰ
1315 3537 1687 3608 μακροθύμως
1718 3540 1882 3612 κροῦε
1920 3543 2019 3613 τὴν

435 3616 607 3689 θύραν
636 3620 822 3686 αὑτοῦ,
866 3624 1032 3677 αἰτῶν
1065 3624 1126 3676 τὸ
1154 3624 1363 3699 αἴτημά
1406 3646 1521 3682 σου.
1564 3630 1689 3697 Πᾶς
1715 3633 1824 3703 γὰρ
1857 3636 1889 3687 ὀ
1926 3638 2017 3688 αὶ-

430 3710 554 3765 τῶν
595 3714 904 3783 λαμϐάνει,
950 3719 1103 3789 φησὶ,
1146 3721 1251 3783 ,καὶ
1293 3724 1326 3775 ό
1377 3720 1875 3792 (mror-efﬂant,
1920 3728 2019 3781 καὶ

432 3801 514 3867 τῷ
552 3807 827 3873 κρούοντι
871 3809 1274 3881 ἀνοιγήσεται.
1308 3814 1463 3879 Τίνος
1510 3816 1618 3887 γὰρ
1659 3817 1817 3871 ἄλλου
1843 3818 2017 3885 θέλεις

412 3902 619 3968 τυχεῖν
648 3902 696 3953 εξ
729 3902 803 3973 μὴ
829 3902 997 3975 μόνης
1021 3906 1122 3977 τῆς
1148 3908 1289 3960 κατὰ
1319 3908 1450 3961 Θεὸν
1486 3911 1761 3986 σωτηρίας
1788 3927 1801 3976 ;

503 4075 559 4130 5.
593 4075 781 4141 Θέλεις
811 4078 1024 4149 μαθεῖν,
1057 4083 1327 4153 ἀγαπητὲ,
1359 4084 1477 4149 πῶς
1499 4086 1919 4158 ὲμακροθύμουν
1966 4090 2016 4141 oi

430 4164 597 4236 ἅγιοι,
629 4173 723 4225 xui.
771 4174 870 4227 οὐκ
915 4175 1327 4244 άπεγίνωσκον;
1381 4179 1485 4232 Τὸν
1527 4180 1777 4251 Ἀϐραὰμ
1808 4181 1837 4233 ὁ
1883 4180 2016 4245 Θεὸς

430 4260 694 4334 νεώτερον
739 4266 986 4332 ἐκάλεσε,
1032 4271 1126 4322 καὶ
1159 4273 1223 4323 ὲκ
1254 4270 1355 4341 τῆς
1398 4272 1697 4345 Ἀσσυρίων
1722 4275 1845 4346 ’γῆς
1889 4293 2017 4346 μετ-

428 4351 626 4425 έθηκεν
652 4358 813 4411 αὐτὸν
848 4361 926 4424 εἰς
959 4360 1056 4433 τὴν
1083 4362 1467 4434 Παλαιστίνην,
1495 4366 1675 4436 φήσας
1705 4365 1882 4436 αὐτῷ·
1914 4365 2015 4419 Σοὶ

2132 488 2353 545 dinibus
2376 487 2560 554 dedat,
2588 489 2894 560 prodatque
2918 490 3157 561 seipsum
3181 489 3467 549 hostibus:
3488 493 3539 548 ei
3562 491 3709 550 Deus

2098 579 2396 636 .auxilium
2443 596 2554 635 non
2590 581 2715 644 fert,
2760 596 2938 651 neque
2983 583 3226 648 exaudit,
3259 583 3707 655 quandoquidem

2133 675 2282 742 prior
2313 688 2414 728 suo
2444 689 2504 729 se
2529 682 2759 745 peccato
2792 689 2822 728 a
2862 672 2973 729 Deo
3015 675 3370 730 abalienavit.
3415 675 3522 742 Qui
3556 675 3705 731 enim

2132 782 2162 818 a
2190 764 2304 820 Deo
2338 782 2398 822 se
2436 776 2589 837 optat
2623 767 2829 838 juvari,
2871 782 2974 824 suo
2996 812 2999 813 ν
3022 784 3135 823 non
3173 768 3329 824 deest
3363 770 3540 825 oliicio
3568 789 3581 825 :
3611 770 3707 841 qui

2131 866 2311 910 autem
2353 856 2530 911 oﬁicio
2569 873 2680 912 non
2724 858 2899 922 deest,
2937 870 3217 926 nunquam
3265 856 3452 912 divino
3499 857 3711 910 auxilio

2130 947 2466 1003 destituitur.
2493 946 2718 1019 Oportet
2736 950 2921 1022 itaque
2945 950 3001 1004 in
3029 951 3177 1004 nulla
3204 965 3262 1004 re
3285 964 3315 1003 a
3333 948 3551 1021 propria
3572 962 3707 1002 eon-

2132 1041 2361 1097 scientia
2390 1042 2766 1109 condemnari,
2801 1051 2856 1099 et
2886 1043 2963 1096 ita
2990 1041 3208 1098 demum
3256 1042 3503 1096 divinum
3550 1041 3707 1093 auxi-

2132 1131 2262 1185 lium
2296 1130 2581 1203 ﬂagitare:
2610 1132 2967 1205 ﬂagitandum
3004 1141 3187 1189 autem
3237 1142 3321 1189 est
3369 1146 3482 1187 non
3533 1132 3707 1201 segni-

2132 1229 2236 1287 ter,
2271 1239 2448 1294 neque
2487 1232 2668 1279 mente
2695 1224 2803 1277 huc
2825 1232 2879 1301 et
2906 1225 3037 1279 illuc
3063 1224 3351 1295 divagante
3384 1242 3398 1277 ;
3434 1221 3705 1292 siquidem

2130 1317 2382 1387 quisquis
2411 1325 2495 1373 est
2526 1317 2818 1387 ejusmodi,
2861 1332 2972 1372 non
3000 1318 3180 1373 solum
3218 1332 3327 1371 non
3371 1323 3704 1371 consecutu-

2131 1422 2226 1462 rus
2251 1416 2488 1479 estquae
2520 1417 2687 1478 petet,
2725 1409 2835 1463 imo
2879 1423 3013 1463 vero
3057 1407 3351 1461 Dominum
3396 1405 3571 1477 magis
3610 1420 3707 1459 ex-

2131 1500 2425 1569 asperabit.
2453 1497 2512 1554 Si
2543 1501 2687 1556 enim
2719 1516 2843 1555 cum
2869 1499 3069 1571 aliquis
3090 1514 3272 1555 coram
3298 1498 3547 1568 principe
3572 1505 3704 1561 stat,

2129 1606 2193 1645 ac
2236 1592 2495 1662 loquitur,
2539 1604 2646 1648 stat
2698 1609 2824 1648 cum
2876 1594 3050 1648 multo
3097 1595 3323 1660 timore,
3379 1601 3544 1664 atque
3586 1599 3705 1645 tum

2128 1691 2415 1739 externum
2439 1694 2553 1739 tum
2583 1687 2860 1742 internum
2887 1688 3083 1742 animae
3109 1687 3330 1742 oculum
3358 1700 3705 1756 nequaquam

2058 1763 2099 1816 Β
2130 1790 2345 1844 vagum,
2373 1776 2467 1831 sed
2506 1777 2779 1832 intentum
2802 1778 2987 1846 habet,
3018 1794 3087 1834 ne
3110 1778 3249 1833 forte
3270 1778 3327 1832 in
3362 1777 3584 1855 aliquod
3614 1792 3707 1846 pe-

2128 1864 2362 1917 rieulum
2406 1865 2588 1919 veniat
2619 1885 2631 1920 :
2658 1874 2865 1936 quanto
2896 1868 3069 1937 magis
3094 1867 3293 1926 icoram
3336 1866 3449 1921 Deo
3479 1882 3605 1921 cum
3636 1866 3705 1918 ti—

2126 1969 2277 2009 more
2308 1969 2372 2011 ac
2404 1964 2644 2014 tremore
2675 1960 2930 2016 standum
2954 1971 3058 2026 est,
3089 1969 3272 2016 mente
3311 1968 3425 2015 tota
3461 1961 3521 2015 in
3546 1961 3702 2015 illum

2125 2045 2325 2112 solum,
2364 2062 2636 2119 nusquam
2674 2066 2805 2107 vero
2842 2053 2952 2107 alio
2982 2052 3229 2108 intenta?
3273 2052 3406 2106 Nam
3441 2054 3556 2125 ipse
3588 2067 3703 2107 non

2124 2147 2413 2195 externum
2447 2142 2726 2198 hominem
2765 2144 2926 2198 modo
2948 2144 3094 2200 videt
3121 2145 3271 2199 velut
3302 2146 3572 2211 homines,
3608 2146 3706 2201 sed

2123 2231 2404 2289 internum
2433 2235 2599 2290 etiam
2641 2236 2906 2291 intuetur.
2937 2236 3173 2293 Proinde
3203 2238 3250 2292 si
3285 2238 3390 2303 sic,
3424 2245 3481 2292 ut
3518 2238 3701 2302 decet,

2124 2324 2343 2380 steteris
2379 2340 2565 2380 coram
2600 2324 2735 2395 Deo,
2786 2338 2840 2382 et
2882 2344 3003 2397 qua:
3033 2329 3089 2382 i-n
3121 2336 3185 2383 te
3208 2338 3357 2393 sunt,
3390 2332 3575 2383 omnia
3604 2343 3705 2399 pro

2125 2415 2336 2471 viribus
2378 2418 2723 2485 praestiteris,
2780 2434 2849 2474 ne
2889 2419 3148 2486 desistas,
3204 2418 3381 2475 donec
3427 2421 3706 2491 postulata

2124 2508 2414 2565 ohtineas:
2459 2511 2545 2566 sin
2584 2526 2613 2565 a
2658 2518 2751 2565 tua
2786 2511 2962 2582 ipsius
2989 2512 3331 2568 conscientia
3358 2514 3705 2583 negligentia

2126 2614 2190 2652 ac
2230 2606 2576 2670 contemptus
2620 2598 3027 2668 condemnat-is,
3073 2610 3296 2674 stesque
3342 2604 3396 2657 in
3426 2604 3705 2674 precando

2124 2705 2259 2763 vaga
2287 2700 2491 2756 mente,
2536 2709 2661 2748 cum
2691 2695 2871 2764 possis
2900 2696 3037 2750 citra
3069 2697 3267 2753 mentis
3296 2698 3703 2753 aberrationem

2125 2794 2298 2851 stare,
2334 2795 2483 2843 stare
2504 2804 2688 2843 coram
2712 2788 2822 2844 Deo
2851 2805 2919 2844 ne
2946 2789 3107 2853 aude,
3139 2798 3198 2845 ut
3230 2806 3298 2845 ne
3330 2789 3488 2845 cedat
3518 2805 3703 2860 preca-

2122 2880 2199 2934 tio
2228 2889 2320 2932 tua
2358 2880 2454 2934 tibi
2486 2881 2540 2933 in
2574 2887 2879 2950 peccatum.
2922 2880 3078 2946 Quod
3108 2882 3155 2937 si
3188 2896 3217 2934 a
3246 2892 3471 2951 peccato
3501 2883 3702 2938 debili-

2098 2979 2291 3034 tatus,
2326 2985 2435 3023 non
2464 2978 2619 3039 potes
2641 2971 2780 3024 citra
2810 2973 3010 3027 mentis
3030 2972 3429 3027 aberrationem
3462 2974 3702 3041 precari,

2123 3076 2386 3132 quantum
2418 3075 2573 3134 potes
2606 3063 2715 3119 vim
2743 3065 2842 3118 tibi
2884 3065 2987 3135 ipsi
3022 3064 3245 3129 inferas,
3279 3080 3343 3119 ac
3382 3071 3703 3121 constanter

2125 3166 2207 3210 sta
2254 3172 2437 3210 coram
2481 3156 2614 3222 Deo,
2650 3165 2829 3221 mente
2864 3158 2921 3212 in
2971 3158 3122 3211 illum
3164 3158 3364 3225 deﬁxa,
3413 3173 3585 3229 eaque
3632 3157 3701 3211 ad

2124 3253 2358 3317 seipsam
2386 3252 2673 3317 advocata,
2720 3256 2909 3323 sicque
2949 3254 3198 3323 ignoscet
3240 3253 3403 3320 Deus,
3437 3253 3703 3324 quoniam

2123 3361 2231 3399 non
2263 3361 2330 3397 ex
2358 3351 2698 3414 contemptu,
2734 3345 2828 3399 sed
2857 3361 2919 3400 ex
2950 3346 3292 3409 inﬁrmitate,
3326 3356 3383 3400 ut
3421 3348 3700 3411 convenit,

2123 3449 2273 3492 stare
2321 3451 2507 3491 coram
2544 3436 2655 3491 Deo
2704 3453 2813 3490 non
2848 3446 3026 3507 potes.
3079 3437 3137 3491 Si
3187 3440 3267 3492 sic
3302 3439 3352 3491 vi
3412 3439 3512 3494 tibi
3551 3439 3701 3493 illata

2122 3544 2283 3582 omne
2298 3543 2437 3599 opus
2456 3529 2656 3583 bonum
2676 3529 2927 3599 periicias
2949 3547 2964 3596 ;
2990 3544 3057 3582 ne
3087 3544 3149 3583 su
3157 3529 3489 3599 persederis,
3515 3531 3699 3600 quoad

2122 3621 2289 3689 petita
2332 3635 2713 3691 consequare:
2743 3622 2839 3676 sed
2878 3623 3148 3692 patienter
3180 3621 3324 3677 fores
3367 3623 3487 3692 ejus
3520 3623 3699 3694 pulsa,

2084 3730 2087 3731 ν
2120 3724 2243 3763 cum
2268 3710 2429 3780 petis.
2463 3708 2645 3765 Omnis
2671 3712 2830 3775 enim,
2868 3711 3067 3781 inquit,
3100 3712 3190 3781 qui
3217 3712 3345 3779 petit
3367 3709 3532 3783 539
3559 3713 3700 3766 acci-

2118 3802 2195 3866 pit
2225 3810 2315 3854 :et
2342 3802 2431 3870 qui
2471 3802 2662 3872 quwrit
2704 3802 2919 3868 invenit,
2973 3812 3024 3857 et
3068 3803 3305 3870 pulsanti
3341 3805 3607 3872 aperietur
3628 3804 3695 3858 ’⁸.

2120 3892 2295 3957 Quam
2322 3892 2465 3946 enim
2502 3893 2665 3946 aliam
2694 3908 2810 3948 rem
2861 3894 3083 3964 assequi
3119 3894 3223 3961 vis,
3256 3895 3363 3949 nisi
3405 3895 3579 3951 solam
3612 3912 3700 3953 sc-

2119 3985 2359 4039 cundum
2391 3983 2560 4057 Deum
2594 3986 2868 4041 salutem?

2186 4076 2240 4131 5.
2283 4075 2378 4132 Vis
2411 4076 2643 4143 discere,
2670 4093 2703 4133 o
2729 4078 2949 4142 dilecte,
2984 4081 3260 4148 quomodo
3286 4087 3561 4150 patientes
3586 4082 3701 4135 fue-

2120 4169 2229 4222 rint
2275 4169 2472 4233 sancti,
2518 4184 2621 4225 nec
2669 4186 2820 4240 spem
2848 4171 3183 4239 abjecerint?
3230 4172 3527 4239 Abraham,
3571 4189 3699 4228 cum

2115 4264 2303 4333 junior
2343 4271 2509 4331 esset,
2540 4265 2756 4319 vocavit
2779 4263 2945 4330 Deus,
2978 4274 3032 4322 et
3067 4282 3134 4322 ex
3164 4267 3520 4339 Assyriorum
3554 4278 3699 4323 terra

2118 4355 2403 4410 transtulit
2460 4356 2518 4410 in
2574 4355 2945 4425 Palaestinam,
3002 4367 3166 4429 atque
3214 4360 3283 4414 ad
3326 4376 3453 4415 eum
3508 4361 3695 4416 dixit:

429 4443 601 4500 δώσω
629 4450 742 4518 τὴν
761 4450 879 4520 γῆν
896 4455 1141 4521 ταύτην,
1174 4456 1270 4508 καὶ
1300 4455 1380 4521 τῷ
1403 4455 1699 4526 σπέρματί
1724 4475 1841 4511 σου
1865 4459 2016 4526 μετὰ

2124 4446 2240 4501 Tibi
2295 4447 2435 4503 dabo
2483 4459 2680 4503 terram
2747 4450 2912 4516 hanc,
2974 4462 3024 4505 et
3072 4454 3262 4505 semini
3320 4462 3407 4507 tuo
3446 4462 3563 4521 post
3613 4463 3695 4515 te;

427 4538 524 4593 σέ·
551 4542 649 4595 καὶ
678 4544 758 4608 ὡς
786 4548 855 4599 τὰ
876 4546 1067 4615 ἄστρα
1097 4548 1201 4602 τοῦ
1224 4550 1504 4617 οὐρανοῦ,
1536 4550 1723 4616 οὕτως
1744 4551 1917 4604 ἔσται
1940 4550 2007 4603 τὸ

428 4631 665 4704 σπέρμα
688 4653 826 4702 σου,
855 4639 886 4692 ὅ
916 4642 1026 4694 οὺχ
1046 4641 1601 4711 ἐξαριθμηθήσεται.
1631 4645 1740 4697 Καὶ
1762 4644 2007 4716 παρῆλθε

429 4724 595 4790 πολὺς
625 4726 762 4781 ὲτῶν
791 4730 1044 4802 ἀριθμὶς,
1068 4734 1160 4786 xui
1186 4732 1462 4805 ἐνεκρώθη
1499 4735 1597 4805 μὲν
1645 4734 1810 4787 αὐτοῦ
1838 4738 1871 4806 ἡ
1906 4735 2007 4804 φύ-

427 4833 534 4883 σις,
573 4821 631 4874 ὲν
665 4822 959 4895 προθύροις
999 4826 1055 4879 δὲ
1100 4829 1132 4898 ἡ
1162 4827 1408 4899 τελευτὴ,
1438 4828 1533 4883 xui.
1570 4829 1671 4882 οὐκ
1701 4825 1874 4894 εἶπεν,
1900 4830 2003 4895 ὅτι,

424 4908 621 4983 Κύριε,
657 4915 744 4968 ἀεί
797 4934 887 4988 μοι
923 4918 1137 4982 ’παῖδας
1182 4920 1516 4990 ἐπαγγέλλῃ,
1553 4921 1647 4973 xui
1685 4921 1898 4992 πατέρα
1939 4938 2008 4991 με

424 5004 643 5063 ἔσεσθαι
691 5009 910 5063 πάντων
957 5010 1067 5064 τῶν
1102 5009 1272 5065 ἐθνῶν
1298 5012 1409 5082 (87)
1459 5011 1767 5082 προλέγεις.
1818 5013 2009 5082 Νεκρά

496 5171 543 5203 ⁸⁸
572 5172 703 5229 Luc.
734 5189 813 5240 xl,
842 5173 930 5229 10.
1011 5172 1056 5205 ’⁸
1085 5166 1222 5228 Gen.
1264 5188 1386 5239 xm,
1426 5173 1512 5237 15,
1549 5171 1628 5225 16.

497 5334 608 5405 (82-)
644 5333 822 5390 Editio
854 5334 1049 5393 Venet.
1087 5345 1141 5393 et
1175 5347 1289 5393 tres
1338 5352 1473 5392 mss.
1519 5350 1547 5389 ο
1592 5335 1701 5405 γὰρ
1745 5333 1822 5386 τό.
1866 5344 1999 5386 Adae
2084 5392 2087 5395 .

421 5404 542 5460 duae
568 5405 837 5462 editiones
859 5410 887 5461 ὁ
910 5409 969 5461 δὲ
999 5409 1079 5463 τό.

494 5476 605 5546 (85)
640 5476 791 5531 Unus
820 5494 925 5533 ms.
966 5487 1020 5534 et
1048 5477 1179 5533 editi
1208 5477 1524 5543 παροξύνει,
1558 5483 1857 5546 exasperat.
1894 5474 2001 5529 Alii

416 5545 529 5601 duo
558 5548 869 5670 παρρξυνεῖ,
894 5550 1254 5619 exasperabit.

487 5617 602 5670 (84)
692 5634 778 5670 ea.
800 5619 1074 5670 secundus
1103 5618 1254 5670 πολλι

692 5634 778 5688 eg.
800 5617 1074 5689 secundus
1103 5618 1282 5689 πολλῴ
1319 5617 1536 5689 μᾶλλον.

487 5617 580 5687 (84
642 5617 778 5688 Reg.
800 5617 1074 5691 secundus
1103 5618 1282 5689 πολλῴ
1319 5617 1536 5689 μᾶλλον.

490 5621 602 5763 (ὃὸς
629 5690 853 5761 Antiqui
881 5689 992 5746 duo
1024 5690 1153 5747 libri
1186 5688 1415 5745 ἐνώπιον
1447 5688 1675 5759 Κυρίου.

2116 4551 2165 4593 et
2208 4542 2345 4595 velut
2397 4542 2576 4597 sidera
2626 4544 2774 4610 creti,
2830 4545 2907 4597 sic
2959 4545 3058 4595 erit
3106 4560 3277 4598 semen
3316 4555 3501 4609 tuum,
3559 4543 3696 4613 quod

2117 4651 2222 4689 non
2273 4637 2670 4691 enumerabitur
2689 4639 2757 4695 ⁸⁵.
2815 4638 2879 4691 Et
2922 4638 3222 4692 multorum
3265 4651 3538 4691 annorum
3593 4652 3697 4691 nu-

2116 4743 2301 4784 merus
2346 4729 2665 4796 emuxerat,
2703 4737 2758 4786 et
2802 4738 3001 4784 natura
3044 4729 3218 4800 ipsius
3259 4729 3372 4798 jam
3422 4728 3693 4784 exstincta

2113 4830 2253 4888 erat,
2316 4839 2466 4880 mors
2513 4839 2644 4879 vero
2690 4839 2791 4894 pro
2849 4823 3060 4878 foribus
3108 4824 3312 4888 stabat,
3365 4836 3467 4877 nec
3506 4830 3691 4876 tamen

2115 4915 2252 4969 dixit
2294 4931 2307 4967 :
2360 4916 2609 4983 Domine,
2650 4917 2784 4971 mihi
2835 4932 3052 4986 semper
3094 4915 3237 4972 ﬁlios
3282 4914 3581 4985 promittis,
3635 4922 3692 4970 et

2116 5012 2360 5082 gentium
2398 5012 2645 5067 omnium
2678 5009 2923 5065 futurum
2953 5025 3039 5065 mc
3085 5018 3298 5081 patrem
3328 5007 3688 5080 praenuntias.

2177 5328 2548 5404 (86)_Codices
2582 5330 2690 5385 duo
2722 5327 2950 5404 ἐνώπιον
2981 5327 3169 5404 αὐτοῦ.
3193 5327 3355 5404 -ᾟάκι,
3385 5324 3503 5404 Mox
3526 5323 3687 5404 βεεἰί

2104 5396 2463 5474 secuntlusuet
2495 5412 2725 5474 quartus
2754 5400 2919 5474 κροῦε
2953 5402 3031 5474 εἰς
3066 5399 3162 5474 τὴν
3190 5398 3359 5474 θύραν
3388 5396 3554 5447 αὑτοῦ
3600 5398 3686 5474 αἰ-

2103 5454 2273 5591 τῶνάὸ
2305 5454 2655 5553 θούλειδΠΞις
2868 5454 3038 5524 Pulsa
3085 5454 3220 5522 fores
3259 5454 3437 5531 illius,
3486 5474 3537 5519 et
3574 5473 3687 5534 pete

2104 5559 2205 5591 0210
2245 5559 2371 5591 συιδ.

2104 5559 2469 5681 ᾳαῗὲἧςιῗξύίιί
2499 5623 2551 5670 et
2579 5630 2712 5679 mss.
2743 5613 2958 5672 πάντων
2983 5611 3090 5666 τῶν
3115 5609 3312 5681 ἐθνῶν,
3343 5616 3547 5681 patrem
3573 5621 3688 5681 aut-

2087 5668 2536 5754 'nium'gentiunr.
2578 5668 2683 5742 Sed
2726 5668 2870 5756 apud
2903 5681 3066 5747 LXX,
3099 5668 3309 5738 Genesi
3335 5668 3470 5747 ivit,
3500 5677 3533 5732 5
3580 5668 3690 5732 ali-
