4018 6226
442 281 580 348 1333

1743 285 1807 344 S.
1844 283 2092 342 BASILII
2129 283 2344 343 HAGNI

3518 287 3638 346 I336

436 409 634 466 Itortui
658 415 785 464 sunt
813 405 920 462 mei
947 407 1226 465 naturales
1244 413 1428 464 motus
1451 417 1676 480 propter
1700 415 2002 474 senectam,

2122 426 2212 479 μου
2239 409 2330 464 διὰ
2357 408 2536 482 γῆρας
2561 410 2663 480 τῆς
2689 408 2906 480 φύσεως
2933 406 3006 462 τά
3029 408 3320 480 κινήματα,
3340 422 3432 460 και
3454 406 3638 480 Σάρρα,

431 510 488 556 et
545 500 694 555 Sane
746 497 908 554 uxori
958 513 1093 556 meae
1139 499 1278 554 nihil
1315 498 1429 569 jam
1480 500 1747 556 muliebre
1796 499 2001 555 accidit

431 607 544 662 prae
592 597 916 655 senectute,
957 599 1050 646 tua
1113 591 1280 664 igitur
1328 592 1465 647 falsa
1512 603 1594 648 est
1659 593 1999 663 pollicitatio.

430 683 609 738 Ambo
639 683 784 738 enim
815 684 927 753 jam
958 699 1118 740 senes
1144 685 1359 754 qualem
1393 701 1544 756 spem
1575 686 1774 741 habere
1806 701 2002 758 possu-

435 774 596 828 mus?
624 771 745 830 Non
783 774 922 829 dixit
963 774 1100 839 haec,
1148 790 1328 845 neque
1355 777 1635 846 cogitavit,
1678 777 1774 832 sed
1809 777 1864 830 in
1899 776 2002 830 fide

432 857 798 914 inconcussus
831 860 1151 929 permansit,
1175 867 1228 914 et
1255 868 1414 917 aetate
1453 863 1622 932 ipsius
1658 872 1999 927 senescente,

436 965 562 1020 spes
579 950 989 1019 juvenescebat.
1021 951 1086 1004 Et
1113 967 1344 1021 corpore
1373 955 1516 1010 vires
1541 971 1670 1010 suas
1697 956 2001 1017 amittcnle,

437 1055 504 1094 ac
543 1041 910 1112 desperationi
949 1044 1128 1100 locum
1173 1045 1368 1110 dante,
1400 1046 1532 1102 ﬁdes
1574 1057 1627 1101 et
1671 1049 1910 1103 animum
1949 1057 2003 1102 ct

438 1148 640 1204 corpus
689 1136 1098 1190 corroborabat.
1148 1135 1313 1202 Deus,
1353 1140 1551 1209 inquit,
1599 1149 1704 1202 est,
1747 1141 1841 1208 qui
1878 1155 2004 1210 pro-

437 1227 608 1291 misit,
645 1229 763 1299 ipse
789 1237 873 1283 est
907 1228 1166 1286 Dominus
1207 1240 1434 1291 naturae.
1468 1239 1521 1286 et
1553 1233 1712 1287 aliter
1738 1233 1850 1288 ﬁeri
1893 1249 2003 1288 non

438 1326 638 1387 potest.
675 1319 794 1390 Ipse
833 1328 938 1384 est,
983 1322 1076 1392 qui
1118 1307 1242 1392 quae
1269 1337 1334 1378 ex
1377 1339 1436 1378 se
1465 1323 1577 1378 ﬁeri
1615 1340 1723 1378 non
1750 1333 2004 1394 possunt,

438 1417 500 1463 ut
533 1411 650 1466 ﬁeri
689 1415 921 1479 possint,
958 1412 1089 1470 facit
1135 1433 1150 1471 :
1193 1417 1463 1487 siquidem
1508 1418 1674 1472 ellicit
1717 1419 1920 1479 omnia,
1952 1424 2008 1472 et

440 1517 541 1572 pro
582 1503 810 1558 arbitrio
858 1511 1215 1564 transmutat.
1272 1509 1490 1564 Imitare
1547 1508 1702 1563 ﬁdem
1751 1509 2004 1563 Abrahae.

440 1587 737 1662 Postquam
781 1593 948 1663 igitur
978 1595 1261 1651 debilitata
1307 1595 1502 1651 fuisset
1540 1605 1768 1662 natura,
1800 1604 2010 1650 motus-

439 1699 548 1752 que
595 1686 870 1750 exstincti,
906 1694 1020 1742 tum
1069 1687 1287 1743 domum
1353 1688 1445 1745 Dei
1496 1691 1630 1743 vixit
1694 1691 2004 1759 promissio.

2103 505 2139 573 ἡ
2177 505 2312 573 γυνή
2357 520 2480 573 μου,
2520 502 2705 556 οὐκέτι
2746 500 3006 571 ὑπομένει
3044 515 3100 554 τι
3143 501 3444 567 γυναικεῖον
3470 498 3551 552 διὰ
3585 497 3642 553 τδ

2105 596 2299 665 γῆρας·
2333 594 2474 648 ὥστε
2501 593 2702 664 ψευδὴς
2732 596 2766 664 ἠ
2794 593 3117 662 ἐπαγγελία.
3153 591 3255 645 Δύο
3283 591 3390 661 γὰρ
3417 589 3643 662 γέροντες

2106 687 2267 740 ποίαν
2305 686 2496 740 ἐλπίδα.
2538 686 2770 756 ἔχομενς
2807 684 2923 740 Οὐκ
2963 680 3085 738 εἷπε
3112 683 3304 746 ταῦτα,
3338 683 3435 736 οὐκ
3459 682 3647 754 ἐνενόη-

2109 795 2220 839 σεν,
2263 778 2375 832 ἀλλ’
2423 778 2613 848 ἔμενεν
2661 777 2958 841 ἀσάλευτος
2999 779 3066 846 τῇ
3105 777 3305 829 πίστειο
3341 777 3431 828 καὶ
3466 777 3527 845 τῇ
3562 776 3649 841 μὲν

2108 869 2290 940 ἡλικίᾳ
2317 869 2622 940 ἐγήρασκεν
2651 869 2783 938 (88),
2813 871 2845 940 ή
2875 868 2931 921 δέ
2951 868 3103 930 ἐλπὶς
3123 867 3332 932 ἐνέαζε.
3355 867 3459 919 Καὶ
3479 865 3536 918 τὸ
3563 868 3648 935 μὶν

2109 961 2268 1030 σῶμα
2310 962 2388 1023 είς
2429 960 2644 1012 ἀτονίαν
2675 960 2896 1030 ἤρχετο,
2945 959 3039 1011 καὶ
3077 958 3384 1025 ἀπόγνωσιν
3419 957 3650 1021 ἐνεποίει,

2107 1050 2228 1121 ἡδὲ
2266 1051 2447 1113 πίστις
2491 1049 2716 1120 ἐνεύρου
2765 1049 2857 1102 καὶ
2892 1048 2990 1118 τὴν
3023 1048 3200 1118 ψυχὴν
3249 1049 3342 1102 καὶ
3387 1048 3448 1102 τὸ
3489 1047 3650 1117 σῶμα.

2107 1142 2259 1205 Θεὸς,
2293 1143 2477 1212 φησὶν,
2524 1142 2673 1193 ἐστὶν
2723 1141 2752 1193 ὁ
2800 1141 3286 1211 ἐπαγγειλάμενος.
3331 1142 3361 1194 6
3403 1140 3655 1210 Δεσπότης

2107 1233 2207 1303 τῆς
2237 1233 2469 1302 φύσεως,
2504 1231 2600 1286 καί¹
2634 1231 2810 1294 ἄλλως
2845 1231 3095 1300 γενέσθαι
3135 1232 3196 1283 οὐ
3233 1230 3470 1284 δύναται.
3503 1230 3654 1295 Αὐτός

2110 1325 2256 1376 ἐστιν
2289 1325 2317 1376 6
2354 1321 2543 1376 καὶτὰ
2579 1321 2816 1375 ἀδύνατα
2867 1321 3069 1376 δυνατὰ
3113 1323 3315 1376 ποιῶν·
3360 1323 3490 1375 δίοτι
3530 1323 3657 1375 ποιεῖ

2113 1417 2308 1479 πάντα,
2345 1413 2438 1468 καί
2487 1415 2884 1484 μετασκευάζει
2922 1415 3000 1477 ὡς
3048 1413 3316 1484 βούλεται.
3363 1413 3536 1484 Μιμοῦ
3571 1412 3658 1485 τὴν

2113 1507 2294 1559 πίστιν
2335 1507 2430 1560 τοῦ
2488 1505 2760 1577 Ἀϐραάμ.
2814 1507 2941 1559 Ὅτε
2987 1502 3082 1559 οὖν
3109 1506 3408 1577 ἠσθένησεν
3439 1505 3657 1576 ἡφύσις,

2115 1599 2208 1651 καί
2231 1597 2509 1670 ἐνεκρώθη
2542 1597 2613 1650 τὰ
2651 1599 2950 1668 κινήματα,
2984 1597 3104 1650 τότε
3144 1597 3337 1669 ἔζησεν
3379 1600 3411 1667 ἡ
3448 1599 3661 1664 ἐπαγγεο

2113 1691 2202 1743 λία
2251 1691 2346 1744 τοῦ
2395 1688 2548 1744 Θεοῦ.
2603 1689 2770 1760 Δέχου
2820 1690 2889 1743 τά
2940 1689 3335 1760 ὑποδείγματα.
3397 1690 3575 1760 Ὴμείς
3611 1689 3661 1743 δὲ

440 1776 642 1848 Accipe
695 1779 964 1848 exempla.
1017 1777 1129 1835 Nos
1173 1789 1353 1835 autem
1413 1795 1616 1835 annum
1663 1796 1909 1847 oramus,
1956 1790 2008 1838 et

2122 1782 2359 1836 ἐνιαυτὸν
2393 1780 2829 1852 προσευχόμεθα,
2876 1781 2969 1834 καί
3011 1779 3418 1851 ἀναχωροῦμεν·
3461 1780 3550 1833 δύο
3578 1778 3660 1849 ἐτη

441 1867 763 1925 desistimus
821 1887 834 1924 :
879 1870 1161 1926 biennium
1214 1872 1548 1942 ieiunamus,
1593 1881 1649 1928 et
1693 1875 2015 1942 supersede-

443 1976 587 2017 mus.
657 1960 911 2018 Nolimus
976 1966 1144 2034 igitur
1193 1967 1436 2020 animum
1498 1965 1855 2035 despondere,
1889 1981 2014 2020 cum

442 2050 589 2109 Deus
633 2055 791 2111 nobis
837 2055 1044 2125 aliquid
1079 2059 1366 2128 promittit.
1403 2040 1682 2124 Quicuim
1731 2059 1856 2112 huic
1890 2075 2016 2129 pro-

447 2144 678 2200 miserat
735 2147 1228 2216 multiplicaturum
1281 2130 1340 2204 se
1394 2165 1580 2204 semen
1626 2150 1808 2214 illius,
1871 2151 2014 2204 idem

443 2252 662 2308 quoque
703 2237 955 2308 promisit
1005 2255 1066 2296 se
1115 2241 1276 2297 nobis
1328 2241 1580 2296 daturum
1615 2243 1759 2312 quod
1798 2242 2018 2311 petieri-

443 2345 588 2386 mus.
615 2329 705 2384 Ait
736 2331 881 2384 enim
912 2350 926 2387 :
968 2331 1150 2388 Venite
1177 2337 1246 2386 ad
1281 2349 1380 2398 me,
1409 2350 1584 2388 omnes
1616 2336 1706 2405 qui
1736 2334 2013 2401 laboratis,

441 2430 494 2475 et
539 2421 745 2475 onerati
787 2423 934 2488 estis,
971 2431 1022 2478 et
1051 2441 1142 2494 ego
1174 2425 1411 2494 reﬁciam
1448 2442 1537 2479 vos
1569 2426 1637 2478 ".
1685 2425 1824 2481 Cum
1867 2430 2014 2481 enim

442 2523 502 2566 tu
549 2513 711 2586 longe
759 2515 827 2568 ab
877 2515 996 2584 ipso
1065 2515 1326 2584 abesses,
1387 2516 1764 2572 misericordia
1836 2528 2016 2574 motus

443 2606 738 2662 accersivit
779 2615 833 2662 te
896 2609 1259 2672 laborantem,
1321 2617 1375 2664 et
1428 2611 1752 2680 gravissima
1805 2612 2016 2680 peccati

443 2698 663 2754 sarcina
687 2710 973 2754 oneratum
1011 2717 1024 2753 :
1060 2710 1120 2754 ut
1148 2703 1351 2758 levaret
1388 2711 1440 2758 te
1468 2718 1654 2765 onere,
1684 2711 1738 2757 ct
1773 2705 2018 2774 requiem

447 2787 504 2842 in
558 2797 840 2859 postermn
891 2792 990 2846 tibi
1029 2791 1363 2863 largiretur;
1417 2801 1471 2849 et
1511 2805 1569 2848 tu
1617 2796 1666 2851 ei
1713 2795 1870 2851 ﬁdem
1907 2813 2017 2852 non

448 2880 658 2937 nubes?
688 2882 854 2952 Atqui
892 2883 1021 2938 licet
1050 2892 1234 2940 tacere
1261 2885 1621 2949 voluerimus,
1658 2888 1727 2942 ab
1769 2888 1888 2958 ipsa
1918 2904 2019 2944 no-

446 2981 562 3025 stra
609 2973 952 3028 conscientia
1006 2976 1410 3048 redarguimur.
1464 2976 1652 3048 Neque
1706 2980 1850 3032 enim
1888 2995 2018 3050 pro-

448 3072 633 3132 pterea
663 3065 714 3120 ei
747 3065 906 3121 ﬁdem
951 3067 1299 3138 abrogamus,
1331 3068 1478 3139 quod
1510 3084 1612 3125 nos
1654 3069 1877 3126 reticere
1908 3088 2015 3128 non

450 3156 626 3243 possit
666 3176 680 3212 :
729 3159 824 3214 sed
862 3159 1052 3228 jugum
1101 3160 1274 3230 ipsius
1313 3176 1477 3230 supra
1512 3177 1613 3218 nos
1644 3163 1835 3218 tollere
1858 3179 2015 3218 recu-

449 3264 657 3309 samus.
685 3249 886 3306 bonum
939 3251 1073 3306 illud
1113 3259 1168 3306 et
1212 3253 1328 3307 leve
1373 3270 1386 3308 :
1433 3253 1688 3324 pigetque
1718 3254 1774 3309 in
1806 3253 1898 3309 Dei
1929 3270 2017 3311 re-

449 3355 618 3408 gnum
649 3356 744 3410 per
773 3351 1060 3412 angustam
1109 3352 1322 3412 portam
1369 3345 1618 3409 introire,
1652 3354 1704 3400 et
1745 3347 2018 3403 malumus

452 3439 806 3497 peccatorum
861 3431 1134 3485 sarcinam
1187 3444 1422 3503 gestare,
1469 3443 1523 3488 et
1569 3451 1665 3505 per
1711 3437 2020 3506 voluptates

452 3519 777 3576 libidinosas
816 3521 925 3575 lata
959 3522 1042 3575 via
1090 3521 1363 3585 incedere,
1397 3532 1451 3577 et
1489 3539 1588 3593 per
1623 3526 1858 3595 amplam
1894 3541 2022 3596 por-

451 3621 563 3664 tam
605 3610 812 3683 ingredi
849 3613 903 3667 in
935 3614 1237 3668 interitum.
1288 3616 1355 3667 At
1388 3630 1549 3684 saepe,
1583 3617 1782 3686 inquit,
1829 3619 2020 3686 petivi,

452 3709 510 3756 et
540 3709 724 3757 tamen
755 3717 863 3756 non
897 3704 1104 3774 accepi.
1142 3702 1406 3770 Prorsus,
1435 3706 1564 3775 quia
1592 3707 1732 3762 male
1761 3707 2021 3776 petivisti,

454 3798 552 3844 aut
601 3790 937 3858 dubitanter,
972 3802 1067 3849 aut
1096 3810 1233 3866 vaga
1285 3806 1487 3862 mente,
1527 3805 1621 3850 aut
1657 3813 1717 3851 ea
1754 3813 1873 3868 qua:
1923 3799 2024 3853 tibi

457 3896 567 3936 non
592 3883 925 3942 conducunt.
963 3885 1121 3952 Quod
1153 3887 1200 3943 si
1227 3902 1370 3956 smpe
1408 3887 1572 3942 etiam
1604 3887 1862 3957 ﬂagitasti
1895 3904 2026 3944 con-

456 3971 736 4038 ducibilia,
773 3984 828 4028 at
855 3993 962 4032 non
993 3979 1376 4048 perseverasti.
1405 3977 1679 4048 Scriptum
1710 3991 1796 4035 est
1827 3981 1972 4035 enim
2009 3999 2023 4036 :

460 4063 530 4119 In
587 4070 842 4135 patientia
898 4081 1070 4125 vestra
1131 4073 1388 4138 possidete
1447 4073 1655 4126 animos
1710 4083 1910 4127 vestras
1959 4075 2026 4128 ".

459 4153 591 4212 Item
632 4176 648 4214 :
681 4159 787 4225 Qui
828 4165 1228 4232 perseveraverit
1275 4181 1436 4234 usque
1468 4165 1526 4217 in
1569 4165 1750 4233 ﬁnem,
1789 4165 1875 4219 hic
1918 4166 2030 4219 sal-

460 4263 552 4300 t'us
581 4249 683 4302 erit
712 4251 778 4304 νε.

571 4400 587 4415 .
624 4360 771 4418 Deus
818 4361 986 4418 corda
1037 4365 1191 4420 novit
1226 4366 1586 4436 precantium.
1640 4366 1782 4433 Quid
1846 4367 2030 4437 igitur.

2116 1873 2470 1946 νηστεύομεν,
2525 1873 2621 1926 καί⁵
2671 1869 2978 1940 παυόμεθα.
3040 1871 3132 1940 Μὴ
3183 1866 3277 1923 οῦν
3336 1870 3662 1940 ἀτονήσωμεν

2117 1967 2252 2037 πρὸς
2286 1964 2384 2036 τὴν
2414 1963 2743 2033 ἐπαγγελίαν
2779 1963 2873 2016 τοῦ
2907 1962 3065 2016 Θεοῦ.
3117 1963 3227 2015 Καὶ
3277 1961 3384 2033 γὰρ
3423 1964 3452 2015 ό
3492 1960 3664 2030 ἐκείνῳ

2115 2057 2582 2128 ἐπαγγειλάμενος
2632 2053 2925 2126 πληθύνειν
2970 2053 3033 2107 τδ
3081 2053 3301 2124 σπέρμα
3354 2050 3535 2116 αὑτοῦ,
3583 2049 3665 2105 καὶ

2115 2152 2248 2222 ἡμῖν
2278 2149 2640 2220 ἐπηγγείλατο
2663 2147 2874 2201 αἰτοῦσι
2905 2144 3165 2216 παρέχειν
3192 2145 3254 2196 τὸ
3278 2143 3485 2215 αἴτημα
3507 2142 3664 2212 ἡμῶν.

2115 2243 2252 2313 Φησί
2273 2241 2400 2312 γάρ’
2435 2240 2613 2294 Δεῦτε
2645 2238 2864 2304 πάντες
2895 2237 3046 2305 πρὸς
3077 2236 3186 2306 (89)
3217 2235 3314 2303 μὲ,
3351 2237 3406 2288 οί
3435 2232 3664 2288 κιπιῶν-

2115 2350 2216 2400 τες
2257 2334 2357 2387 καί
2401 2329 2881 2402 πεφορτισμένοι,
2933 2327 3093 2398 κάγὼ
3137 2329 3468 2381 ἀναπαύσω
3511 2323 3666 2395 ὑμᾶς.

2116 2425 2352 2498 Maxin
2386 2426 2496 2496 γάρ
2537 2441 2631 2478 σου
2672 2424 2824 2486 ὄντος
2857 2423 2950 2475 ἀπ’
2980 2418 3169 2484 αὐτοῦ,
3204 2418 3482 2490 κοπιῶντά
3510 2435 3565 2470 τε
3589 2415 3670 2471 καὶ

2118 2517 2548 2590 πεφορτισμένον
2578 2515 2638 2570 τὸ
2669 2515 2968 2586 βαρύτατον
3000 2513 3110 2582 (90)
3139 2510 3359 2582 φορτίον
3382 2511 3480 2581 τῆς
3509 2511 3671 2580 ἁμαρι-

2118 2609 2258 2673 τίας,
2301 2609 2530 2678 ἐλεήσας
2577 2625 2636 2660 σε
2679 2605 3140 2677 προσεκαλέσατο,
3182 2603 3323 2657 ῶστε
3358 2601 3670 2672 κουφίσαισε

2119 2700 2212 2754 τοῦ
2247 2701 2492 2771 φορτίου,
2539 2699 2633 2753 καί
2662 2697 2967 2751 ἀνάπαυσιν
2999 2695 3094 2748 τοῦ
3122 2692 3312 2747 λοιποῦ
3347 2691 3668 2763 χαρίσασθαι·

2121 2792 2214 2844 καὶ
2244 2791 2308 2842 σὺ
2341 2790 2402 2842 οὐ
2444 2787 2724 2848 πιστεύεις
2761 2783 2943 2854 αὑτῴ;
2992 2782 3150 2835 Ἀλλά
3177 2779 3311 2850 γὰρ,
3357 2779 3461 2832 κᾶν
3487 2775 3671 2846 σιωπᾷν

2123 2883 2383 2952 θέλωμεν,
2424 2879 2760 2950 ἐλεγχόμεθα
2806 2877 2909 2930 ὑπὸ
2941 2875 3034 2928 τοῦ
3070 2871 3375 2935 συνειδότος
3408 2868 3576 2940 ήμῶν.
3606 2865 3670 2919 06

2122 2974 2229 3046 γὰρ
2263 2971 2596 3041 ἀπιστοῦμεν
2637 2969 2784 3038 αὐτῷ
2829 2968 2904 3032 ὡς
2941 2966 3014 3038 μὴ
3052 2964 3340 3035 δυναμένῳ
3387 2957 3672 3015 ἀναπαῦσαι

2123 3045 2292 3136 ἡμᾶς,
2325 3063 2460 3118 ἀλλὰ
2507 3058 2970 3132 περιστελλόμεθα
3015 3054 3146 3129 ἆραι
3187 3055 3279 3108 τὸν
3328 3053 3490 3122 ζυγὸν
3530 3045 3674 3103 αὑτοῦ

2121 3158 2205 3227 ἐφ’
2239 3153 2469 3219 ἑαυτῶν,
2510 3153 2604 3206 τὸν
2647 3151 2884 3224 χρηστὸν
2918 3150 3012 3204 καὶ
3053 3148 3309 3220 ἐλαφρὸν,
3355 3147 3449 3200 καὶ
3487 3143 3567 3197 διὰ
3591 3146 3677 3211 της

2125 3249 2318 3318 στενῆς
2354 3247 2528 3315 πύλης
2555 3245 2816 3298 εἰσελθεῖν
2853 3245 2932 3306 εἰς
2966 3242 3063 3312 τὴν
3091 3239 3370 3310 βασιλείαν
3404 3236 3510 3290 τῶν
3533 3235 3677 3305 οὐρα-

2123 3339 2249 3393 νῶνο
2283 3337 2582 3409 αἱρούμεθα
2615 3337 2672 3389 δὲ
2708 3334 2906 3405 μᾶλλον
2933 3333 2994 3386 τὸ
3031 3331 3139 3386 τῶν
3173 3328 3457 3401 ἁμαρτιῶν
3483 3324 3676 3397 φορτίον

2127 3429 2440 3502 βαστάζειν,
2490 3429 2586 3482 καί
2628 3427 2715 3480 διὰ
2748 3426 2856 3479 τῶν
2892 3428 2948 3480 ἐν
2991 3425 3154 3494 ἡδονῇ
3208 3420 3546 3492 παθημάτων
3592 3415 3677 3485 τὴν

2126 3525 2437 3597 εὐρύχωρον
2473 3523 2589 3577 ὁδὸν
2639 3519 2898 3592 βαδίζειν,
2928 3519 3022 3572 καὶ
3059 3517 3144 3572 διὰ
3174 3517 3272 3588 τῆς
3305 3514 3562 3576 πλατείας
3589 3506 3678 3562 7:".

2127 3618 2226 3690 λης
2257 3615 2604 3687 είσέρχεσθαι
2639 3616 2720 3677 εἰς
2763 3614 2861 3684 τὴν
2895 3611 3188 3666 ἀπώλειαν.
3229 3608 3395 3662 Ἀλλὰ
3427 3605 3676 3665 πολλάκις,

2130 3713 2294 3782 φησὶν
2321 3710 2455 3778 (91),
2483 3710 2682 3780 ᾔτησα,
2719 3707 2814 3760 καί⁹
2848 3705 3187 3784 οὐκῑὲλαϐον.
3223 3702 3450 3763 Πάντως
3481 3700 3557 3752 ὅτι
3591 3709 3680 3748 και·

2131 3803 2240 3867 κῶς
2265 3802 2495 3873 ᾔτησας,
2525 3799 2558 3868 ἢ
2588 3799 2850 3860 ἀπίστως,
2877 3797 2910 3868 ἢ
2956 3795 3263 3867 μετεώρως,
3292 3794 3324 3864 ἢ
3363 3792 3429 3846 τὰ
3460 3791 3530 3862 μὴ
3559 3801 3681 3857 συμ-

2133 3895 2367 3966 φέροντά
2400 3909 2498 3945 σοι.
2538 3892 2602 3944 Εἰ
2633 3891 2691 3944 δὲ
2719 3891 2812 3944 καί
2839 3889 2907 3942 τὰ
2935 3891 3278 3960 συμφέροντα
3303 3885 3554 3947 πολλάκις
3571 3881 3683 3953 ᾔτη-

2135 4006 2254 4051 σας,
2290 3986 2406 4040 ἀλλ⁹
2446 3984 2507 4038 οὐ
2552 3983 2908 4054 παρέμεινας.
2958 3981 3269 4053 Γέγραπται
3319 3979 3449 4049 γάρ,
3481 3976 3558 4028 ὅτι
3597 3969 3685 4022 Ἐν

2133 4079 2209 4148 τῇ
2236 4076 2513 4146 ὑπομονῇ
2544 4075 2712 4146 ὑμῶν
2761 4073 3066 4142 κτήσησθε
3106 4071 3212 4137 τὰς
3264 4070 3469 4139 ψυχὰς
3515 4059 3679 4133 ὑμῶν·

2136 4174 2250 4239 καί,
2284 4173 2340 4224 Ὁ
2364 4170 2692 4240 ὑπομείνας
2716 4170 2804 4232 εἰς
2831 4165 3024 4232 τέλος,
3059 4160 3238 4230 οὗτος
3261 4159 3610 4229 σωθήσεται.

2209 4367 2262 4420 6.
2292 4361 2443 4420 Οἶδεν
2481 4367 2510 4418 ό
2545 4363 2676 4426 Θεὸς
2706 4361 2813 4414 τῶν
2844 4356 3296 4430 προσευχομένων
3329 4355 3430 4425 τὴν
3459 4345 3680 4421 καρδίαν.

463 4453 676 4522 inquit,
738 4454 1002 4524 petitione
1072 4464 1266 4512 nostra
1328 4472 1468 4526 opus
1517 4465 1604 4513 est
1658 4458 1812 4513 Deo?
1875 4457 2019 4530 5M

2139 4463 2202 4516 Τί
2225 4457 2337 4522 οὖν,
2374 4459 2526 4530 φησι,
2551 4457 2649 4526 τῆς
2673 4456 2830 4526 ἡμῶν
2852 4453 3042 4523 χρείαν
3069 4451 3182 4522 ἔχει
3202 4449 3468 4536 αἰτήσεως
3486 4448 3512 4497 ό
3539 4438 3682 4536 Θεὸςς

463 4543 657 4600 Nonne
695 4548 842 4601 novit
872 4547 1074 4616 quibus
1107 4548 1458 4619 indigemus?
1485 4549 1627 4614 Quid
1655 4566 2036 4620 ergo-necesse

462 4644 550 4690 est
580 4639 813 4707 petere?
859 4637 1020 4695 Novit
1049 4641 1269 4710 quidem
1305 4640 1449 4696 Deus
1477 4640 1680 4711 quibus
1705 4657 1844 4711 opus
1870 4641 2038 4698 liabe-

465 4743 610 4793 mus,
653 4739 708 4785 et
759 4731 940 4786 omnia
983 4731 1289 4803 corporalia
1334 4733 1494 4790 nobis
1540 4732 1771 4790 fruenda
1821 4735 2037 4792 abundo

468 4823 798 4892 suppeditat,
828 4835 882 4880 et
921 4840 1047 4880 cum
1085 4827 1265 4881 bonus
1297 4827 1390 4891 sit,
1423 4828 1560 4898 pluit
1587 4842 1756 4898 super
1773 4827 1953 4896 justos
1983 4834 2039 4884 et

467 4912 724 4980 iniustos,
758 4917 980 4994 vultque
1003 4919 1172 4974 solem
1195 4935 1354 4975 suum
1386 4934 1553 4989 super
1587 4919 1761 4975 bonos
1785 4926 1838 4975 et
1864 4920 2038 4975 malos

543 5116 590 5148 "
615 5114 806 5170 Matth.
838 5132 916 5180 XI,
939 5115 1030 5172 28.
1107 5119 1152 5151 "'
1178 5117 1311 5173 Luc.
1349 5135 1463 5183 XXI,
1495 5117 1584 5172 l9.
1613 5119 1658 5150 "
1690 5117 1880 5173 Matth.
1911 5135 1965 5182 ι,
2004 5114 2098 5176 22.

473 5301 559 5347 ter
586 5291 802 5362 legitur,
824 5292 1036 5362 πατέρα
1059 5292 1264 5344 πολλῶν
1298 5292 1464 5346 ἐθνῶν
1489 5291 1710 5362 τέθεικά
1739 5308 1816 5352 σε,
1841 5300 2040 5362 patrem

474 5359 762 5487 genuinam
789 5359 1016 5432 gentium
1045 5365 1196 5432 posui
1243 5375 1310 5416 te.
1362 5361 1565 5417 Ibidem
1598 5361 1728 5432 Reg.
1773 5359 2046 5415 secundus

527 5449 628 5487 εκο
733 5463 757 5484 .-.
793 5449 914 5487 μου.

701 5449 923 5557 $133.32;
936 5501 1058 5572 ,εἰυο
1085 5502 1207 5557 libri
1237 5503 1333 5556 καὶ
1358 5503 1391 5572 ἡ
1426 5502 1522 5572 μὲν
1546 5499 2042 5572 ἡλικίανὲγῄραῗὲνθ

550 5571 660 5648 (89)
687 5571 866 5648 Editio
911 5571 1043 5648 ven.
1069 5583 1139 5648 et
1169 5581 1282 5648 tres
1321 5568 1702 5648 ιηεῇηαῖτημα
1727 5569 1899 5648 ἡμῶν.
1937 5568 2046 5648 lgor}.

477 5641 859 5784 ῗάὶξνᾲάὶεῦτε
879 5643 1031 5715 πρός.
1054 5643 1186 5698 ΑιῙῶ
1206 5644 1326 5698 duae
1354 5640 1624 5697 editiones
1638 5640 1845 5709 αἴτημα
1864 5640 2042 5709 ἡμῶν.

2143 4555 2256 4608 Οὐκ
2301 4529 2443 4604 οἶδεν
2490 4543 2564 4602 ὧν
2613 4549 2724 4620 (9'2)
2756 4546 2944 4617 χρείαν
2985 4545 3213 4615 ἔχομεν;
3266 4542 3365 4604 Τίς
3412 4535 3501 4592 οὖν
3548 4529 3686 4605 χρεία

2144 4644 2439 4714 αἰτήσεως;
2474 4636 2594 4694 Οἵδε
2641 4638 2739 4710 μὲν
2771 4640 2798 4691 ό
2829 4637 2962 4700 Θεὸς
2988 4629 3063 4688 ὧν
3094 4633 3385 4704 χρῄζομεν,
3410 4629 3500 4683 καὶ
3531 4625 3686 4678 πάντα

2144 4735 2215 4789 τὰ
2248 4733 2534 4804 σωματικὰ
2564 4731 2830 4793 πλουσίως
2857 4730 2987 4798 ἡμῖν
3019 4725 3245 4798 παρέχει
3279 4724 3358 4786 είς
3388 4718 3684 4804 ἀπόλαυσιγι

2147 4827 2240 4881 καὶ
2271 4801 2471 4894 ἀγαθὸς
2512 4824 2794 4894 ὑπάρχων,
2837 4819 3021 4891 βρέχει
3062 4818 3152 4871 ἐπὶ
3192 4815 3431 4876 δικαίους
3475 4807 3564 4864 καὶ
3590 4801 3689 4858 ἀδί-

2149 4935 2297 4981 κους,
2329 4919 2422 4971 καὶ
2454 4917 2545 4969 τὸν
2583 4916 2732 4985 ἥλιον
2779 4911 2942 4966 αὑτοῦ
2991 4906 3272 4964 ἀνατέλλει
3307 4905 3400 4957 ἐπὶ
3445 4894 3687 4969 πονηρῡὺς

2217 5286 2329 5349 (90)
2365 5279 2583 5350 Antiqui
2614 5278 2723 5350 dup
2759 5278 2884 5332 libri
2912 5273 3428 5350 8:55_16_§ap_tiratov.

2219 5337 2335 5426 (bii
2358 5337 2634 5426 liditifrnes
2681 5347 2855 5401 Paris.
2892 5355 2948 5400 et
2986 5337 3147 5400 Basii.
3183 5337 3270 5397 hic
3303 5337 3686 5426 et_pnl}lq__l§§‘

2149 5403 2713 5496 φῄς.
2735 5429 2846 5472 tres
2877 5433 3009 5496 mss.
3028 5426 3271 5496 utroque
3302 5413 3364 5496 in‘
3378 5403 3682 5496 loco

2151 5483 2343 5549 Statim
2375 5493 2502 5547 editi
2539 5499 2591 5545 et
2623 5489 2756 5556 Reg.
2780 5486 3306 5556 ῑετῑίιιείάπλήστως
3337 5483 3375 5556 ἦ
3399 5483 3681 5556 μετεώρως.

2147 5562 2519 5620 insatiabiliter
2540 5571 2587 5613 et
2610 5555 2741 5627 vaga
2773 5566 2958 5611 mente.
2991 5555 3144 5626 Regii
3177 5555 3444 5608 secundus
3465 5557 3516 5604 et
3537 5555 3686 5617 quar-

2139 5631 2571 5710 ιυεᾼάπίστωςῆ
2615 5628 2922 5710 μετεωριυς.
2949 5633 3115 5710 recte.
3173 5688 3245 5710 η
3322 5687 3346 5710 ν

2218 5688 2331 5776 (92)
2363 5688 2585 5760 Veteres
2610 5688 2720 5754 duo
2742 5688 2863 5754 libri
2884 5688 2990 5754 ’και
3017 5697 3116 5750 οὐκ
3147 5688 3285 5748 οἶδεν
3315 5688 3404 5750 ὧν.
