4018 6226
336 293 478 374 iul

1435 295 2040 354 CONSTITUTIONES
2079 295 2522 356 MONASTICE.

3457 296 3594 352 1552

339 377 514 462 όντων
551 407 915 481 θεωρητικὴν,
948 409 1010 480 ἣν
1030 408 1092 478 δη
1117 409 1209 462 καὶ
1234 409 1546 481 λογιστικὴν
1563 411 1918 484 ὀνομάζομεν.

2029 410 2145 466 Iam
2195 428 2322 468 vero
2370 420 2656 484 propterea
2705 413 2850 480 quod
2897 409 3192 480 conjuncta
3238 415 3324 465 est
3371 411 3589 480 corpori

358 501 519 553 Ἀλλά
551 499 650 571 τὴν
688 500 783 569 μὲν
815 499 1052 572 ζωτικὴν
1085 500 1335 572 δύναμιν,
1381 504 1503 555 ἐπεὶ
1551 504 1918 576 συγκέκραται

343 592 423 663 τῷ
459 591 669 662 σώματι
701 593 734 662 ἡ
768 591 936 663 ψυχὴ,
961 591 1206 662 φυσικῶς
1235 592 1322 646 διὰ
1349 593 1447 664 τὴν
1478 594 1798 664 σύγκρασιν,
1827 597 1920 648 καὶ

345 680 446 732 οὒκ
475 680 540 732 ἐκ
575 679 950 750 προαιρέσεως
978 683 1224 752 χορηγεῖ·
1262 681 1452 754 ῶσπερ
1494 683 1602 754 γὰρ
1642 683 1792 754 ἥλιον
1822 684 1921 754 οὐχ

345 766 457 823 οἷόν
495 787 556 823 τε
600 771 990 841 ἐπιλάμψαντα
1017 773 1091 844 μὴ
1123 773 1356 842 φωτίσαι
1385 773 1460 844 (6)
1489 773 1668 835 τοῦτο,
1711 774 1832 829 καθ’
1860 770 1920 830 οὗ

345 860 444 925 τὰς
474 860 648 930 αὐγὰς
682 863 932 934 ἤνεγκεν·
971 863 1114 917 οὓτω
1141 865 1320 937 ψυχὴν
1361 866 1644 938 ἀμήχανον
1688 867 1762 938 μὴ
1791 865 1922 929 ζωο-

343 956 522 1006 ’ποιεῖν
549 953 726 1024 σῶμα,
755 948 800 1020 ᾧ
827 955 892 1009 ἂν
930 955 1240 1026 ἐγγένηται·
1339 957 1394 1011 δὲ
1427 957 1734 1028 θεωρητικὴ
1767 957 1924 1010 δύνα-

351 1063 444 1115 μις
470 1047 528 1097 ἐν
561 1047 881 1117 προαιρέσει
911 1045 1025 1117 ἔχει
1056 1048 1155 1116 τὴν
1181 1049 1417 1120 κίνησιν.
1458 1050 1554 1104 Ἂν
1587 1051 1683 1121 μὲν
1714 1046 1806 1104 οῦν
1836 1050 1922 1104 διὰ

349 1137 551 1202 παντὸς
574 1137 634 1190 τό
659 1136 988 1210 θεωρητικόν
1015 1157 1074 1191 τε
1102 1141 1195 1193 καὶ
1217 1140 1521 1209 λογιστικὸν
1544 1143 1740 1212 ἑαυτῆς
1763 1144 1925 1213 ἐγρη-

347 1228 572 1298 γορέναι
623 1231 1038 1302 παρασκευάζῃ,
1097 1231 1276 1295 καθὼς
1329 1234 1358 1286 ὁ
1414 1233 1708 1304 Προφήτης
1769 1234 1920 1303 φησί·

347 1318 517 1386 Μηδὲ
545 1320 819 1390 νυστάξῃ
852 1321 928 1392 (7)
971 1325 1002 1375 ό
1037 1321 1378 1391 φυλάσσων
1413 1340 1505 1376 σε·
1541 1325 1701 1393 διπλῇ
1734 1341 1926 1377 κατευ-

349 1412 500 1474 νάζει
544 1411 612 1466 τὰ
642 1412 789 1484 πάθη
820 1413 913 1467 τοῦ
944 1413 1214 1485 σώματος,
1254 1418 1320 1486 τῇ
1351 1434 1408 1468 τε
1438 1417 1567 1486 περὶ
1600 1415 1708 1469 τῶν
1741 1433 1925 1488 κρειτ-

348 1502 520 1555 τόνων
557 1504 651 1556 καὶ
681 1506 972 1575 προσφυῶν
1001 1507 1202 1579 θεωρίᾳ
1305 1507 1716 1578 ἀπασχολεῖται,
1745 1508 1840 1560 κα)⁸
1857 1509 1923 1578 τῇ

350 1593 622 1666 ἀταραξίᾳ.
678 1595 772 1648 τοῦ
836 1595 1086 1667 σώματος
1148 1598 1542 1662 ἐπισκοποῦσα,
1607 1595 1927 1670 σωφρονίζει

348 1684 525 1738 ταῦτα
556 1687 649 1740 καὶ
681 1687 1034 1740 καταστέλλει
1059 1688 1157 1758 (8)’
1187 1687 1253 1741 ἂν
1285 1688 1362 1751 δὲ,
1399 1689 1498 1760 τὴν
1530 1689 1726 1759 ἀργίαν
1753 1691 1928 1742 ἀσπα-

2020 504 2226 572 anima,
2262 505 2310 559 ei
2360 512 2554 574 suapte
2607 511 2802 557 natura
2861 503 2931 557 ob
2983 518 3102 558 eam
3145 501 3590 569 conjunctionem

2019 609 2128 648 non
2161 604 2340 650 autem
2379 596 2678 658 voluntate,
2708 593 3017 648 facultatem
3063 593 3205 646 hanc
3240 592 3461 646 vitalem
3493 591 3593 644 im-

2021 687 2274 756 pertitur.
2334 685 2804 753 Quemadmodum
2860 686 3005 738 enim
3063 685 3178 738 ﬁeri
3237 699 3348 739 non
3413 689 3591 753 potest

2020 778 2152 847 quin
2195 780 2276 834 sol
2321 794 2416 836 eas
2462 793 2552 834 res
2590 777 2658 832 ad
2701 792 2838 847 quas
2888 775 3072 830 radios
3122 791 3254 831 suos
3295 775 3589 845 appulerit,

2024 867 2262 924 illustret
2303 889 2316 925 :
2349 871 2425 924 ita
2453 869 2568 924 ﬁeri
2599 885 2708 924 non
2742 877 2920 939 potest
2954 869 3086 937 quin
3118 869 3335 923 animus
3368 882 3588 938 corpori

2023 965 2079 1018 in
2107 979 2214 1032 quo
2245 960 2427 1025 fuerit,
2455 961 2622 1013 vitam
2655 959 2883 1013 tribuat.
2913 956 3168 1012 Facultas
3195 974 3321 1014 vero
3344 961 3595 1029 specula-

2024 1055 2129 1110 trix
2180 1054 2233 1107 in
2283 1053 2563 1107 voluntate
2609 1058 2814 1104 motum
2872 1065 3030 1104 suum
3086 1050 3268 1107 habet.
3310 1051 3497 1121 Itaque
3547 1051 3594 1105 si

2025 1147 2337 1201 facultatem
2397 1160 2552 1200 suam
2602 1143 3102 1212 contemplatricem
3156 1153 3210 1198 et
3266 1143 3592 1196 rationalem

2024 1237 2246 1292 assiduo
2275 1235 2586 1306 vigilantem
2617 1233 2934 1298 reddiderit,
2958 1235 3104 1288 velut
3127 1232 3398 1303 Propheta
3419 1233 3593 1288 dicit:

2029 1327 2208 1398 Neque
2259 1327 2509 1380 dormitet
2547 1327 2637 1396 qui
2684 1326 2915 1380 custodit
2961 1336 3010 1380 te
3045 1327 3087 1391 ⁸,
3131 1327 3334 1398 duplici
3384 1327 3597 1383 ratione

2025 1419 2276 1490 consopit
2319 1419 2551 1473 vitiosos
2593 1417 2842 1486 corporis
2890 1416 3151 1483 aﬂ‘ectus;
3180 1427 3238 1471 ut
3269 1434 3392 1488 qua!
3425 1427 3475 1472 et
3509 1433 3597 1473 re-

2023 1527 2145 1567 rum
2173 1510 2614 1580 praestantiorum
2643 1510 2859 1579 sibique
2886 1508 3124 1563 allinium
3151 1510 3594 1580 contemplationi

2028 1616 2251 1666 vacans,
2285 1609 2340 1656 et
2371 1601 2622 1670 corporis
2653 1601 3036 1671 tranquillitati
3065 1601 3378 1670 providens,
3427 1601 3600 1657 frenet

2029 1695 2150 1750 illos
2173 1703 2227 1750 et
2255 1701 2590 1764 compescat.
2638 1692 2696 1747 Si
2722 1709 2853 1749 vero
2881 1693 3030 1764 quod
3072 1709 3132 1748 se
3183 1694 3414 1765 ignaviae
3451 1693 3598 1748 dedi.

356 1774 586 1846 σαμένη,
635 1777 696 1830 τὸ
730 1776 1062 1848 θεωρητικὸν
1109 1778 1365 1848 ἀκίνητον
1408 1779 1524 1851 ἔχῃ,
1575 1779 1820 1850 σχολαῖον
1862 1780 1923 1833 τὸ

2029 1788 2184 1853 derit,
2221 1788 2426 1844 detinet
2459 1788 2579 1843 sine
2615 1799 2765 1842 motu
2789 1787 3116 1857 {facultatem
3167 1803 3322 1842 suam
3349 1787 3600 1857 specula-

353 1865 582 1930 ζωτικὸν
609 1868 684 1939 (9)
716 1869 784 1921 τά
817 1869 961 1939 πάθη
993 1869 1086 1922 τοῦ
1123 1869 1373 1938 σώματος
1409 1871 1659 1942 εὑρόντα,
1691 1872 1784 1925 καὶ
1823 1889 1919 1942 με-

347 1951 644 2031 ’ρισάμενα,
676 1961 902 2033 μηδενὸς
931 1963 1345 2025 ἐπιστατοῦντος
1385 1963 1476 2016 καὶ
1503 1963 1917 2029 ἀνακόπτοντος,

352 2053 447 2107 ἐπὶ
470 2054 569 2116 τὰς
594 2054 798 2117 οἰκείας
829 2054 1004 2126 ὁρμάς
1044 2072 1103 2107 τε
1146 2055 1239 2107 καὶ
1287 2054 1565 2128 ἐνεργείας
1607 2055 1704 2126 τὴν
1746 2055 1922 2126 ψυχὴν

354 2144 841 2212 συγκαθείλκυσαν.
882 2146 1055 2198 τ”Ωστε
1095 2141 1233 2198 εἶναι
1265 2145 1332 2198 τά
1370 2147 1514 2218 πάθη
1549 2145 1644 2200 τοῦ
1675 2145 1924 2216 σώματος

350 2236 504 2308 βίαια
542 2237 658 2307 μὲν,
699 2237 999 2308 ἀργοῦντος
1039 2237 1132 2292 τοῦ
1178 2241 1236 2290 ἐν
1283 2240 1416 2309 ἡμῖν
1465 2237 1640 2306 λόγου·
1695 2237 1920 2309 εὐπειθῆ

350 2327 428 2389 δὲ,
463 2326 654 2380 τούτου
677 2329 963 2391 τάττοντος
994 2329 1090 2381 καὶ
1114 2327 1390 2391 διέποντος
1414 2327 1542 2397 (10).
1570 2327 1642 2378 Οὐ
1679 2325 1923 2396 μεμπτὸν

349 2416 532 2468 ⁴τοίνυν
571 2419 633 2469 τὸ
678 2416 835 2488 σῶμα
884 2421 995 2481 τοῖς
1040 2416 1216 2488 ὀρθῶς
1261 2417 1388 2489 περὶ
1427 2414 1592 2469 αὐτοῦ
1635 2415 1924 2482 γινώσκειν

351 2508 618 2564 ἐθέλουσι.
648 2509 856 2580 Πρέπει
884 2511 992 2580 γὰρ
1020 2513 1085 2580 τῇ
1121 2511 1218 2580 τῆς
1249 2508 1558 2579 συμϐουλῆς
1589 2508 1802 2562 ἐκθέσει
1831 2507 1926 2560 καὶ

352 2601 455 2663 τὰς
483 2599 802 2664 κακοδοξίας
839 2601 946 2654 τῶν
985 2601 1236 2671 πονηρῶς
1267 2600 1643 2669 ὑπειληφότων
1675 2599 1802 2670 περὶ
1831 2598 1925 2651 τοῦ

357 2695 606 2764 σώματος
650 2695 912 2763 ἀναιρεῖν.
957 2693 1169 2763 ’Ὠσπερ
1217 2692 1346 2763 γὰρ,
1383 2691 1652 2761 ἀγαπητὲ,
1693 2689 1855 2743 καλὸν
1899 2689 1927 2740 ὸ

358 2788 546 2851 ἵππος,
580 2788 674 2840 καῖ⁵
707 2787 924 2857 ὅσῳπερ
966 2784 1030 2838 ἂν
1064 2785 1163 2858 τὴν
1200 2785 1358 2853 φύσιν
1389 2783 1638 2854 ὀξύτερος
1671 2781 1764 2835 καὶ
1801 2780 1927 2854 θερ-

361 2881 587 2951 μότερος
618 2875 674 2954 ᾗ,
714 2879 951 2950 τοσούτῳ
989 2879 1244 2949 ἀμείνωνι
1292 2878 1462 2930 δεῖται
1500 2877 1557 2930 δὲ
1586 2876 1678 2929 τοῦ
1712 2877 1928 2947 ἡνιοχὴ-

360 2973 546 3035 σοντός
587 2990 646 3025 τε
688 2973 782 3025 καὶ
819 2972 1245 3042 κυϐερνήσοντος
1276 2970 1408 3041 (Η),
1447 2967 1536 3023 οἷα
1566 2969 1629 3038 δὴ
1655 2967 1929 3038 λογισμῶν

358 3066 586 3137 ἄμοιρος
619 3063 712 3119 ὥν.
758 3065 1076 3128 Ἐπιϐάντος
1111 3064 1167 3117 δέ
1205 3063 1298 3116 τοῦ
1338 3062 1578 3134 ἡνιόχου,
1625 3061 1786 3124 αὐτὸς
1832 3061 1930 3131 μὲν

356 3162 423 3231 τῇ
454 3159 611 3227 φύσει
641 3157 873 3230 χρῆσθαι
908 3158 1245 3211 πειοάσεται.
1407 3219 1424 3248 θ

430 3334 482 3387 5.
528 3333 653 3384 Ἐὰν
696 3347 792 3401 μεν
833 3326 923 3382 οῦν
968 3332 996 3383 ό
1038 3329 1249 3400 ἡνίοχος
1298 3327 1414 3392 τὰς’
1443 3329 1620 3400 ὁρμὰς
1668 3327 1760 3380 τοῦ
1803 3327 1933 3380 ὑπο-

360 3423 548 3492 ζυγίου
576 3424 800 3486 δεόντως
839 3423 1189 3493 οἰκονομήσῃ,
1221 3421 1396 3492 ἐαυτῷ
1443 3439 1501 3474 τε
1533 3421 1667 3492 πρὸς
1704 3420 1764 3473 τὸ
1794 3437 1930 3491 συμ-

362 3517 526 3588 φέρον
560 3515 860 3585 ἐχρήσατο,
907 3515 1000 3566 καὶ
1047 3513 1140 3565 τοῦ
1189 3511 1390 3565 σκοποῦ
1438 3510 1531 3563 τοῦ
1572 3510 1930 3582 προκειμένου

360 3606 649 3678 τετύχηκε,
674 3609 768 3659 καὶ
800 3605 964 3667 αὐτὸς
995 3604 1049 3656 δὲ
1089 3603 1375 3667 σέσωσται,
1409 3602 1502 3656 καὶ
1534 3601 1596 3654 τὸ
1642 3601 1933 3670 ὑποζύγιον

361 3699 516 3770 ὤφθη
552 3698 647 3768 τὴν
676 3697 870 3768 χρῆσιν
898 3697 1116 3767 ἄριστον
1143 3713 1154 3724 ·
1187 3694 1404 3747 ἐπειδὰν
1429 3695 1484 3746 δὲ
1517 3696 1544 3747 ὁ
1581 3694 1794 3764 ἡνίοχος
1832 3711 1935 3748 κα-

361 3792 474 3855 κῶς
496 3791 677 3862 ἀγάγῃ
702 3789 791 3842 τὸν
821 3789 1018 3852 πῶλον,
1046 3788 1074 3840 ὅ
1094 3804 1151 3839 τε
1177 3786 1355 3850 πῶλος
1377 3786 1485 3857 (Ιὲ)
1513 3786 1770 3850 πολλάκις
1796 3805 1936 3859 παρ-

363 3885 576 3954 ετράπη
624 3882 725 3952 τῆς
763 3880 1076 3951 λεωφόρου,
1129 3879 1220 3932 καὶ
1261 3881 1342 3941 είς
1392 3877 1606 3932 ἀνοδίαν
1666 3877 1929 3942 ἐξέπεσε·

363 3972 712 4044 κατενεχθεὶς
761 3971 816 4024 δὲ
862 3962 954 4023 καὶ
989 3968 1149 4022 αὑτὸν
1191 3967 1337 4020 ἐστιν
1384 3968 1473 4020 ὅτε
1528 3968 1621 4020 τὸν
1665 3967 1933 4038 ἐπιϐάτην

365 4067 702 4136 κατήνεγκε,
751 4062 845 4114 καὶ
896 4059 1140 4121 κίνδυνος
1182 4057 1456 4128 ἑκατέρων
1505 4056 1662 4128 ἡτοῦ
1719 4058 1932 4128 ἡνιόχου

367 4156 609 4227 ρᾳθυμία
641 4153 868 4222 γίνεται.
901 4151 1056 4204 υῦτω
1090 4152 1181 4204 καὶ
1233 4150 1326 4202 ἐπὶ
1363 4150 1462 4220 τῆς
1487 4149 1664 4219 ψυχῆς
1696 4149 1790 4201 καὶ
1838 4149 1932 4202 τοῦ

367 4247 616 4318 σώματος
646 4244 1014 4314 ὑπολάμϐανε.
1033 4241 1106 4294 Τὸ
1139 4242 1236 4311 μὲν
1258 4241 1366 4310 γὰρ
1394 4239 1551 4311 σῶμα
1579 4239 1677 4303 τὰς
1703 4240 1936 4309 φυσικὰς

365 4337 542 4407 ὁρμὰς
592 4335 779 4388 ἐλαϐεν
812 4335 912 4386 οὐκ
954 4332 1205 4394 ἀτόπους,
1254 4331 1388 4383 ἀλλά
1435 4331 1569 4401 πρός
1617 4348 1668 4383 τι
1716 4331 1938 4394 πάντως

2024 1879 2234 1943 tricem,
2256 1879 2368 1948 jam
2402 1878 2652 1948 corporis
2689 1877 2950 1932 libidines
2978 1877 3196 1932 vitalem
3228 1886 3434 1948 partem
3460 1877 3602 1930 otios

2022 1984 2137 2024 sam
2176 1977 2369 2034 nactte,
2412 1970 2768 2040 partitaeque,-
2812 1966 2965 2022 nullo
3009 1976 3234 2038 regente
3288 1981 3354 2021 ac
3405 1965 3597 2036 prohi-

2022 2062 2202 2125 bente,
2247 2062 2488 2114 animum
2526 2061 2591 2114 ad
2633 2062 2869 2130 impetus
2899 2068 3164 2129 actusque
3200 2058 3304 2114 sibi
3344 2058 3598 2129 proprios

2024 2152 2367 2223 pertrahunt.
2413 2151 2593 2218 Quare
2618 2153 2870 2208 violentae
2909 2151 3130 2222 quidem
3179 2161 3310 2207 sunt
3351 2151 3600 2224 corporis

2025 2243 2360 2311 affectiones,
2385 2244 2597 2300 ratione
2635 2246 2691 2298 in
2740 2244 2901 2299 nobis
2947 2245 3118 2298 otium
3152 2253 3394 2314 agente;
3436 2243 3606 2297 morio

2027 2347 2166 2404 geras
2227 2349 2372 2397 vero,
2425 2321 2561 2403 ipsa
2593 2333 2882 2388 ordinante
2940 2348 3006 2389 ac
3070 2333 3428 2404 gubernante.
3480 2329 3600 2385 Non

2027 2421 2189 2490 igitur
2236 2436 2438 2491 corpus
2485 2422 2711 2492 dignum
2759 2429 2844 2502 est
2902 2421 3352 2491 reprehensione,
3406 2421 3452 2476 si
3508 2423 3604 2490 qui

2027 2520 2173 2568 recte
2206 2513 2274 2569 de
2316 2529 2436 2584 ipso
2473 2515 2722 2584 judicare
2763 2516 2954 2571 velint.
2991 2513 3094 2568 Par
3138 2522 3224 2570 est
3269 2515 3415 2569 enim
3441 2514 3605 2568 etiam

2026 2618 2223 2673 pravas
2254 2606 2537 2675 opiniones
2574 2621 2764 2661 eorum
2803 2607 2898 2676 qui
2945 2605 3087 2660 male
3126 2605 3194 2660 de
3220 2619 3450 2677 corpore
3483 2619 3609 2658 sen-

2029 2679 2202 2762 tiunt,
2256 2711 2352 2766 per
2399 2711 2531 2752 meae
2577 2696 2862 2751 sententize
2910 2696 3306 2765 expositionem
3343 2703 3603 2750 evertere.

2030 2783 2497 2849 Quemadmodum
2534 2785 2715 2849 enim,
2750 2801 2783 2839 ο
2828 2785 3064 2850 dilecte,
3111 2785 3256 2839 bona
3299 2799 3390 2839 res
3431 2797 3608 2854 equus

2030 2869 2135 2939 est,
2165 2885 2219 2929 et
2246 2893 2354 2946 quo
2382 2884 2576 2947 suapte
2618 2885 2815 2931 natura
2863 2875 3192 2931 concitatior
3222 2889 3286 2928 ac
3316 2873 3609 2929 vehemen-

2034 2965 2142 3020 tior
2184 2965 2372 3032 fuerit,
2405 2982 2470 3022 eo
2504 2968 2736 3022 habetur
2781 2967 3131 3036 praestantior
3166 2980 3180 3017 :
3224 2973 3406 3019 tamen
3437 2962 3488 3018 ei
3516 2972 3609 3016 ut-

2033 3065 2157 3126 pote
2207 3057 2436 3114 rationis
2483 3059 2691 3128 experti
2741 3073 2880 3127 opus
2932 3065 3012 3112 est
3058 3064 3113 3112 et
3156 3055 3503 3111 moderatore
3551 3060 3611 3109 et

1958 3127 2001 3187 ο
2035 3153 2420 3223 gubernatore.
2456 3127 2570 3208 Ubii
2597 3161 2779 3208 autem
2809 3150 3190 3207 conscenderit
3217 3149 3369 3204 illum
3398 3146 3610 3221 auriga,

2031 3243 2322 3297 conabitur
2353 3243 2468 3312 ipse
2497 3249 2692 3296 natura
2724 3241 2825 3297 uti.
3607 3305 3610 3307 _

2037 3320 2044 3325 ’
2100 3335 2152 3389 5.
2194 3334 2397 3404 Auriga
2439 3335 2631 3403 igitur,
2675 3334 2720 3388 si
2755 3331 3117 3402 ritejumenti
3151 3330 3388 3400 impetus
3419 3333 3607 3399 regat,

2029 3432 2083 3480 et
2133 3425 2347 3494 sibiipsi
2403 3425 2612 3478 utiliter
2651 3439 2714 3480 eo
2759 3425 2953 3486 utitur,
3000 3433 3054 3478 et
3094 3421 3162 3476 ad
3203 3422 3400 3482 tinetn,
3445 3434 3610 3488 quem

2031 3515 2134 3570 sibi
2167 3516 2454 3584 proposuit
2478 3556 2491 3579 ,
2530 3517 2810 3586 pervenit,
2847 3515 3074 3583 ipseque
3104 3522 3356 3566 servatur
3399 3511 3612 3566 incoluw

2033 3605 2167 3668 mis,
2199 3605 2509 3673 etjumenti
2560 3621 2694 3660 usus
2748 3605 2853 3660 sibi
2903 3603 3117 3658 videtur
3163 3604 3424 3671 optimus.
3472 3598 3612 3653 Cum

2032 3708 2160 3747 vero
2195 3694 2386 3764 auriga
2435 3694 2576 3750 male
2627 3697 2831 3750 rexerit
2885 3693 3088 3764 pullum
3118 3731 3134 3756 ,
3188 3692 3510 3760 plerumque
3557 3697 3614 3742 et

2031 3785 2212 3856 pullus
2244 3787 2358 3856 ipsc
2386 3787 2626 3842 dellectit
2649 3804 2676 3840 a
2701 3788 2919 3858 publica
2946 3786 3030 3839 via
3051 3826 3066 3850 ,
3091 3792 3144 3839 et.
3170 3783 3226 3837 in
3261 3781 3407 3835 invia
3448 3780 3603 3834 dela-

2031 3875 2216 3945 bitur;
2265 3878 2373 3932 imo
2422 3879 2584 3934 etiam
2651 3894 2893 3951 praeceps
2969 3886 3161 3942 actus,
3221 3889 3614 3944 nonnunquam

2031 3980 2305 4023 sessorem
2337 3969 2513 4039 ipsum
2561 3971 2899 4040 praecipitat,
2935 3978 3100 4038 atque
3131 3983 3196 4022 ex
3229 3967 3433 4036 auriga:
3464 3963 3616 4020 desi-

2031 4057 2122 4114 dia
2155 4070 2382 4131 utcrque
2415 4062 2467 4115 in
2511 4062 2814 4132 periculum
2865 4061 3178 4116 adducitur.
3235 4058 3498 4112 Eumden:
3546 4054 3618 4128 ad

2032 4154 2255 4208 modum
2311 4152 2380 4209 de
2430 4155 2614 4208 anima
2668 4168 2887 4223 quoque
2928 4162 2981 4208 et
3022 4154 3090 4208 de
3137 4166 3368 4220 corpore
3413 4149 3611 4219 cogita.

2031 4245 2246 4315 Corpus
2287 4246 2432 4301 enim
2479 4246 2758 4300 naturales
2803 4245 3039 4314 impetus
3085 4245 3340 4299 sortitum
3378 4248 3463 4296 est
3504 4255 3614 4293 non

2034 4337 2254 4405 ineptos
2279 4375 2294 4400 ,
2328 4336 2423 4390 sed
2452 4351 2680 4405 prorsus
2709 4335 2778 4389 ad
2808 4335 3016 4406 aliquid
3048 4334 3277 4389 idoneos
3319 4347 3384 4386 ac
3426 4331 3613 4385 utiles.

366 4427 536 4492 καλὰς
565 4427 658 4480 καὶ
683 4426 984 4499 χρησίμους
1005 4441 1017 4454 ο
1043 4423 1301 4494 λογισμοῦ
1325 4422 1380 4475 δέ
1397 4422 1506 4493 (15)
1526 4420 1684 4476 τοῦτο
1709 4423 1928 4495 ἄμοιρον

2040 4424 2249 4496 Expers
2300 4434 2385 4482 est
2433 4427 2616 4482 autem
2661 4425 2932 4490 rationis,
2976 4431 3036 4478 ut
3085 4423 3281 4493 majori
3331 4421 3388 4476 in
3439 4419 3616 4491 pretio

489 4579 632 4639 Psal.
660 4596 787 4646 cxx,
820 4579 871 4634 5.

441 4732 514 4790 (ο)
544 4717 697 4772 Unus
729 4733 846 4790 ms._
867 4723 919 4769 et
940 4713 1088 4790 editi
1120 4715 1518 4790 _‘er:t).a'tp:.}avrat
1556 4716 1630 4787 μὴ
1672 4716 1926 4785 φωτίσαι.

363 4784 470 4848 Alii
495 4784 732 4859 'quatuor
762 4787 850 4840 τοῦ
880 4786 968 4859 μὴ
995 4784 1245 4859 φωτίσαι.

437 4854 689 4986 (ἔγειιίῑί
729 4854 1000 4920 νυστάξει,
1043 4854 1373 4908 dormitabit.
1410 4855 1481 4909 At
1513 4871 1644 4911 tuss.
1685 4863 1798 4911 tres
1841 4874 1934 4909 νυ-

369 4948 433 4986 στ
505 4951 559 4986 n.

505 4951 559 5003 ῃ.

447 4987 537 5072 (έῖ
561 5000 702 5054 Editi
722 4999 795 5051 Ἥ
816 5015 873 5072 τε
893 4996 966 5072 γά
976 5012 1012 5072 ρ,
1031 4995 1159 5064 περ).
1179 4993 1285 5072 τῶν
1307 4995 1750 5072 κρειττόνωνικα).
1773 5013 1956 5072 προσ--

369 5065 519 5144 «pan
560 5073 761 5144 θεωρία
789 5069 957 5144 atii-ci};
979 5065 1394 5144 ίάπησχόληται,
1406 5067 1506 5144 καὶ
1531 5068 1563 5136 ἡ
1589 5065 1693 5144 τὰς
1713 5065 1940 5144 ἀταξίας

369 5135 743 5198 ἐπισκοποῦσα
762 5139 855 5192 τοῦ
886 5135 1134 5206 σώματος
1162 5135 1481 5206 σωφρονίζει
1505 5135 1705 5199 ταύτας
1729 5137 1823 5189 καὶ
1848 5153 1942 5189 κα-

369 5213 664 5274 ταστέλλει,
727 5205 1002 5277 corrupte.
1061 5205 1436 5277 heg_._pri_mus
1473 5213 1526 5260 et
1575 5206 1728 5261 Colb.
1779 5215 1839 5277 ut
1883 5206 1937 5259 in

371 5291 651 5340 contextu.
685 5281 788 5334 nisi
819 5274 965 5347 quod
1001 5278 1055 5330 in
1093 5274 1407 5347 Colbcrtiuo
1454 5277 1662 5347 legatur
1693 5276 1940 5345 ἀσχολεί-

368 5373 479 5411 ται.
525 5355 601 5406 Ita
629 5367 759 5404 vero
812 5344 942 5416 Reg.
975 5346 1247 5418 secundus
1297 5344 1482 5418 habet,
1515 5345 1644 5418 Είγε
1677 5344 1801 5418 περὶ
1833 5347 1936 5416 τὴν

367 5425 478 5479 τῶν
507 5422 829 5494 κρειττόνων
845 5413 942 5494 καὶ
972 5414 1280 5494 προσφυῶν.
1297 5413 1528 5494 θεωρίαν
1552 5413 1938 5494 ἀπασχόλεῖται

369 5496 465 5549 καὶ
492 5485 570 5554 εἰς
600 5492 698 5553 τὰς
731 5489 956 5552 ἀταξίας
987 5485 1488 5556 ἐπισκοποῦσαλτοῦ
1528 5485 1794 5556 σώματος,
1834 5503 1938 5538 σω-

371 5553 808 5638 φρονίζειῌαὺτάς
828 5558 922 5638 καὶ
945 5554 1314 5638 καταστέλλει,
1347 5553 1408 5610 Si
1431 5553 1769 5638 modonrebus
1803 5573 1938 5637 prte-

370 5625 717 5691 s't'antioribus
739 5629 940 5698 sibique
967 5625 1205 5698 afﬁnibus
1223 5627 1637 5694 contemplandis
1657 5629 1935 5686 cacat-erit,

373 5717 528 5776 atque
570 5703 624 5759 in
655 5697 888 5770 corporis
941 5707 1110 5751 motus
1151 5697 1520 5764 incomposito;
1567 5699 1766 5752 meum
1805 5698 1912 5750 m-ic

3625 4561 3633 4586 ί

2041 4713 2152 4768 lucc
2181 4713 2396 4782 castiget
2426 4720 2474 4765 et
2507 4719 2816 4782 compescat.

2111 4783 2186 4853 (9)
2215 4774 2356 4836 Edtti
2392 4782 2554 4852 σχολῇ
2587 4774 2648 4853 τὸ
2675 4779 2923 4844 ζωτικόν.
2971 4777 3196 4834 Veteres
3217 4774 3612 4853 guatuonlillri

2043 4845 2290 4924 σχολαῖον
2321 4855 2382 4906 τὸ
2424 4845 2675 4924 ξωτὶκόν.
2728 4853 3023 4920 Aliquanto
3061 4857 3184 4919 post
3214 4845 3346 4916 Reg.
3400 4845 3613 4918 primus

2039 4920 2218 4994 ψυχὴν
2251 4920 2728 4994 συγκαθείλκυσεν.

2113 4985 2224 5062 (l0)
2254 4985 2386 5063 Reg.
2443 4994 2651 5063 primus
2699 4998 2752 5046 et
2799 4989 2956 5046 Colb.
3005 4988 3292 5055 τάττοντος
3335 4986 3474 5042 αὐτὰ
3521 4985 3615 5038 καὶ

2039 5064 2335 5127 διέποντος.

2112 5135 2156 5204 (1
2175 5134 2222 5202 i)
2260 5135 2440 5188 Codex
2469 5130 2624 5204 Colb.
2671 5131 2838 5204 δεῖται
2871 5127 2966 5181 τοῦ
2994 5129 3351 5204 ξήνιοχοῦντος
3383 5127 3478 5204 κα)ἷ
3509 5142 3613 5178 κυ-

2041 5198 2340 5274 ϐερνῶντος
2375 5203 2554 5257 αὐτόν.
2583 5200 2715 5272 Reg.
2745 5201 2952 5271 primus
2983 5198 3366 5274 ἡνιοχήσαντος
3395 5198 3489 5252 καὶ
3518 5212 3616 5248 κυ-

2042 5276 2074 5327 6
2079 5293 2100 5326 ε
2110 5276 2204 5346 ρνή
2215 5291 2422 5346 σαντος.

2081 5336 2220 5414 ιζνέ)
2254 5343 2402 5398 Unus
2444 5357 2558 5414 _n_ls.
2600 5342 2628 5393 ὁ
2671 5340 2727 5392 δὲ
2753 5339 2968 5414 (πῶλος.
3006 5341 3452 5414 Aliquantopost
3501 5336 3644 5414 duo.

2039 5407 2172 5469 mss.
2204 5407 2299 5466 τὸν
2327 5411 2601 5483 ἀναϐάτην
2629 5413 2984 5483 κατήνεγκεν.
3026 5407 3267 5467 Subinde
3311 5407 3474 5464 iidem
3504 5407 3615 5462 duo

2041 5501 2173 5537 mss.
2211 5483 2446 5553 ῥᾳθυμία
2471 5482 2777 5553 γεγένηται.

2077 5591 2080 5596 -
2113 5540 2223 5624 (15)
2257 5540 2618 5624 ’νοίρι-οέςιὶιο
2641 5540 2765 5624 libri
2791 5551 3046 5621 λογισμοῦ
3086 5551 3189 5624 δέ.)
3205 5550 3309 5604 Alii
3340 5547 3611 5624 duom“.
3641 5599 3644 5602 .

2043 5636 2089 5678 ct
2121 5617 2252 5678 editi
2284 5621 2546 5694 λογισμοῦ
2578 5639 2659 5679 τε.
2699 5623 2818 5680 Mox
2851 5617 2960 5679 duo
2991 5640 3120 5679 mss.
3167 5621 3252 5676 ἵνα
3285 5617 3509 5694 τιμηθῇ.
3635 5629 3645 5641 ’
