  <div class='ocr_page' id='page_1' title='image "/cluster/home/n/w/nwhite01/storage/ocr_20150623/31/mdp.39015012934363/687.png"; bbox 0 0 4018 6226; ppageno 0'>
   <div class='ocr_carea' id='block_1_1' title="bbox 500 308 2049 375">
    <p class='ocr_par' dir='ltr' id='par_1_1' title="bbox 500 310 2049 375">
     <span class='ocr_line' id='line_1_1' title="bbox 500 310 2049 375; baseline -0.006 -2"><span class='ocrx_word' id='word_1_1' title='bbox 500 320 618 375; x_wconf 53' lang='grc'>1515</span> <span class='ocrx_word' id='word_1_2' title='bbox 1745 316 1804 372; x_wconf 74' lang='grc' dir='ltr'><strong>ε.</strong></span> <span class='ocrx_word' id='word_1_3' title='bbox 1845 310 2049 369; x_wconf 80' lang='lat' dir='ltr'><strong>BASILI</strong></span> 
     </span>
    </p>
   </div>
   <div class='ocr_carea' id='block_1_2' title="bbox 2154 308 3682 375">
    <p class='ocr_par' dir='ltr' id='par_1_2' title="bbox 2154 308 3682 374">
     <span class='ocr_line' id='line_1_2' title="bbox 2154 308 3682 374; baseline 0.006 -10"><span class='ocrx_word' id='word_1_4' title='bbox 2154 308 2336 369; x_wconf 76' lang='lat' dir='ltr'><strong>IAGNI</strong></span> <span class='ocrx_word' id='word_1_5' title='bbox 3564 316 3682 374; x_wconf 72' lang='grc' dir='ltr'>ιδιι</span> 
     </span>
    </p>
   </div>
   <div class='ocr_carea' id='block_1_3' title="bbox 480 425 2049 503">
    <p class='ocr_par' dir='ltr' id='par_1_3' title="bbox 480 425 2043 503">
     <span class='ocr_line' id='line_1_3' title="bbox 480 425 2043 503; baseline -0.005 -17"><span class='ocrx_word' id='word_1_6' title='bbox 480 440 661 486; x_wconf 80' lang='lat' dir='ltr'><strong>anima</strong></span> <span class='ocrx_word' id='word_1_7' title='bbox 708 431 997 499; x_wconf 75' lang='lat' dir='ltr'><strong>habeatur,</strong></span> <span class='ocrx_word' id='word_1_8' title='bbox 1041 430 1112 485; x_wconf 92' lang='lat' dir='ltr'><strong>ob</strong></span> <span class='ocrx_word' id='word_1_9' title='bbox 1162 432 1395 486; x_wconf 85' lang='lat' dir='ltr'><strong>rationis</strong></span> <span class='ocrx_word' id='word_1_10' title='bbox 1440 440 1872 503; x_wconf 65' lang='lat' dir='ltr'><strong>praerogativam.</strong></span> <span class='ocrx_word' id='word_1_11' title='bbox 1924 425 2043 496; x_wconf 83' lang='lat' dir='ltr'><strong>Ipsa</strong></span> 
     </span>
    </p>
   </div>
   <div class='ocr_carea' id='block_1_4' title="bbox 2154 425 3684 503">
    <p class='ocr_par' dir='ltr' id='par_1_4' title="bbox 2154 428 3684 503">
     <span class='ocr_line' id='line_1_4' title="bbox 2154 428 3684 503; baseline 0.002 -22"><span class='ocrx_word' id='word_1_12' title='bbox 2154 428 2404 500; x_wconf 77' lang='grc' dir='ltr'><strong>ὑπάρχει,</strong></span> <span class='ocrx_word' id='word_1_13' title='bbox 2440 431 2526 484; x_wconf 84' lang='grc' dir='ltr'><strong>ῖνα</strong></span> <span class='ocrx_word' id='word_1_14' title='bbox 2568 431 2823 503; x_wconf 84' lang='grc' dir='ltr'>τιμηθείη</span> <span class='ocrx_word' id='word_1_15' title='bbox 2857 434 2969 494; x_wconf 90' lang='grc' dir='ltr'>τοῖς</span> <span class='ocrx_word' id='word_1_16' title='bbox 2997 430 3090 484; x_wconf 78' lang='grc' dir='ltr'>τοῦ</span> <span class='ocrx_word' id='word_1_17' title='bbox 3119 431 3273 499; x_wconf 78' lang='grc' dir='ltr'>λόγου</span> <span class='ocrx_word' id='word_1_18' title='bbox 3306 430 3684 502; x_wconf 80' lang='grc' dir='ltr'><strong>προτερήμασιν</strong></span> 
     </span>
    </p>
   </div>
   <div class='ocr_carea' id='block_1_5' title="bbox 474 520 2041 593">
    <p class='ocr_par' dir='ltr' id='par_1_5' title="bbox 474 520 2041 593">
     <span class='ocr_line' id='line_1_5' title="bbox 474 520 2041 593; baseline -0.006 -14"><span class='ocrx_word' id='word_1_19' title='bbox 474 525 620 579; x_wconf 86' lang='lat' dir='ltr'><strong>enim</strong></span> <span class='ocrx_word' id='word_1_20' title='bbox 650 523 696 576; x_wconf 87' lang='lat' dir='ltr'><strong>si</strong></span> <span class='ocrx_word' id='word_1_21' title='bbox 725 525 958 592; x_wconf 92' lang='lat' dir='ltr'><strong>impetus</strong></span> <span class='ocrx_word' id='word_1_22' title='bbox 989 523 1238 592; x_wconf 90' lang='lat' dir='ltr'><strong>corporis</strong></span> <span class='ocrx_word' id='word_1_23' title='bbox 1268 523 1370 577; x_wconf 91' lang='lat' dir='ltr'><strong>rite</strong></span> <span class='ocrx_word' id='word_1_24' title='bbox 1401 522 1750 593; x_wconf 76' lang='lat' dir='ltr'><strong>gubernarit,</strong></span> <span class='ocrx_word' id='word_1_25' title='bbox 1780 529 1833 573; x_wconf 83' lang='lat' dir='ltr'><strong>et</strong></span> <span class='ocrx_word' id='word_1_26' title='bbox 1864 520 2041 589; x_wconf 89' lang='lat' dir='ltr'><strong>ipsum</strong></span> 
     </span>
    </p>
   </div>
   <div class='ocr_carea' id='block_1_6' title="bbox 475 611 2043 684">
    <p class='ocr_par' dir='ltr' id='par_1_6' title="bbox 475 611 2043 684">
     <span class='ocr_line' id='line_1_6' title="bbox 475 611 2043 684; baseline -0.006 -15"><span class='ocrx_word' id='word_1_27' title='bbox 475 626 685 672; x_wconf 79' lang='lat' dir='ltr'><strong>servat.</strong></span> <span class='ocrx_word' id='word_1_28' title='bbox 736 623 793 668; x_wconf 88' lang='lat' dir='ltr'><strong>et</strong></span> <span class='ocrx_word' id='word_1_29' title='bbox 852 614 969 684; x_wconf 90' lang='lat' dir='ltr'><strong>ipsa</strong></span> <span class='ocrx_word' id='word_1_30' title='bbox 1019 622 1170 667; x_wconf 90' lang='lat' dir='ltr'><strong>caret</strong></span> <span class='ocrx_word' id='word_1_31' title='bbox 1213 615 1499 683; x_wconf 90' lang='lat' dir='ltr'><strong>periculo:</strong></span> <span class='ocrx_word' id='word_1_32' title='bbox 1547 613 1632 667; x_wconf 90' lang='lat' dir='ltr'><strong>sin</strong></span> <span class='ocrx_word' id='word_1_33' title='bbox 1676 612 1767 682; x_wconf 88' lang='lat' dir='ltr'><strong>jus</strong></span> <span class='ocrx_word' id='word_1_34' title='bbox 1807 611 2043 680; x_wconf 78' lang='lat' dir='ltr'><strong>negligat</strong></span> 
     </span>
    </p>
   </div>
   <div class='ocr_carea' id='block_1_7' title="bbox 472 703 2041 775">
    <p class='ocr_par' dir='ltr' id='par_1_7' title="bbox 472 703 2041 775">
     <span class='ocr_line' id='line_1_7' title="bbox 472 703 2041 775; baseline -0.004 -14"><span class='ocrx_word' id='word_1_35' title='bbox 472 706 729 775; x_wconf 77' lang='lat' dir='ltr'><strong>regendi,</strong></span> <span class='ocrx_word' id='word_1_36' title='bbox 756 715 810 760; x_wconf 89' lang='lat' dir='ltr'><strong>et</strong></span> <span class='ocrx_word' id='word_1_37' title='bbox 839 707 1086 775; x_wconf 78' lang='lat' dir='ltr'><strong>segnitiei</strong></span> <span class='ocrx_word' id='word_1_38' title='bbox 1125 721 1322 762; x_wconf 87' lang='lat' dir='ltr'><strong>somno</strong></span> <span class='ocrx_word' id='word_1_39' title='bbox 1365 706 1509 760; x_wconf 89' lang='lat' dir='ltr'><strong>victa</strong></span> <span class='ocrx_word' id='word_1_40' title='bbox 1538 744 1551 766; x_wconf 86' lang='lat'><strong>,</strong></span> <span class='ocrx_word' id='word_1_41' title='bbox 1595 703 2041 775; x_wconf 77' lang='lat' dir='ltr'><strong>gubernationem</strong></span> 
     </span>
    </p>
   </div>
   <div class='ocr_carea' id='block_1_8' title="bbox 474 794 2044 867">
    <p class='ocr_par' dir='ltr' id='par_1_8' title="bbox 474 794 2044 867">
     <span class='ocr_line' id='line_1_8' title="bbox 474 794 2044 867; baseline -0.003 -17"><span class='ocrx_word' id='word_1_42' title='bbox 474 797 725 866; x_wconf 85' lang='lat' dir='ltr'><strong>corporis</strong></span> <span class='ocrx_word' id='word_1_43' title='bbox 753 797 1097 861; x_wconf 89' lang='lat' dir='ltr'><strong>deseruerit,</strong></span> <span class='ocrx_word' id='word_1_44' title='bbox 1135 806 1189 853; x_wconf 90' lang='lat' dir='ltr'><strong>et</strong></span> <span class='ocrx_word' id='word_1_45' title='bbox 1221 799 1399 867; x_wconf 91' lang='lat' dir='ltr'><strong>ipsum</strong></span> <span class='ocrx_word' id='word_1_46' title='bbox 1426 795 1593 850; x_wconf 88' lang='lat' dir='ltr'><strong>veluti</strong></span> <span class='ocrx_word' id='word_1_47' title='bbox 1626 796 1835 849; x_wconf 84' lang='lat' dir='ltr'><strong>ratione</strong></span> <span class='ocrx_word' id='word_1_48' title='bbox 1876 794 2044 847; x_wconf 86' lang='lat' dir='ltr'><strong>desti-</strong></span> 
     </span>
    </p>
   </div>
   <div class='ocr_carea' id='block_1_9' title="bbox 474 886 2040 952">
    <p class='ocr_par' dir='ltr' id='par_1_9' title="bbox 474 886 2040 952">
     <span class='ocr_line' id='line_1_9' title="bbox 474 886 2040 952; baseline -0.003 -10"><span class='ocrx_word' id='word_1_49' title='bbox 474 894 652 942; x_wconf 90' lang='lat' dir='ltr'><strong>tutum</strong></span> <span class='ocrx_word' id='word_1_50' title='bbox 673 928 689 952; x_wconf 90' lang='lat'><strong>,</strong></span> <span class='ocrx_word' id='word_1_51' title='bbox 721 903 751 942; x_wconf 89' lang='lat' dir='ltr'><strong>a</strong></span> <span class='ocrx_word' id='word_1_52' title='bbox 782 900 928 944; x_wconf 85' lang='lat' dir='ltr'><strong>recta</strong></span> <span class='ocrx_word' id='word_1_53' title='bbox 961 891 1046 943; x_wconf 88' lang='lat' dir='ltr'><strong>via</strong></span> <span class='ocrx_word' id='word_1_54' title='bbox 1082 890 1330 952; x_wconf 88' lang='lat' dir='ltr'><strong>aberrat,</strong></span> <span class='ocrx_word' id='word_1_55' title='bbox 1365 897 1417 942; x_wconf 90' lang='lat' dir='ltr'><strong>et</strong></span> <span class='ocrx_word' id='word_1_56' title='bbox 1448 886 1683 941; x_wconf 86' lang='lat' dir='ltr'><strong>animam</strong></span> <span class='ocrx_word' id='word_1_57' title='bbox 1715 887 1769 940; x_wconf 92' lang='lat' dir='ltr'><strong>in</strong></span> <span class='ocrx_word' id='word_1_58' title='bbox 1798 886 2040 941; x_wconf 87' lang='lat' dir='ltr'><strong>eamdem</strong></span> 
     </span>
    </p>
   </div>
   <div class='ocr_carea' id='block_1_10' title="bbox 478 975 2043 1049">
    <p class='ocr_par' dir='ltr' id='par_1_10' title="bbox 478 975 2043 1049">
     <span class='ocr_line' id='line_1_10' title="bbox 478 975 2043 1049; baseline -0.003 -18"><span class='ocrx_word' id='word_1_59' title='bbox 478 982 692 1031; x_wconf 87' lang='lat' dir='ltr'><strong>ruinam</strong></span> <span class='ocrx_word' id='word_1_60' title='bbox 735 977 1013 1042; x_wconf 87' lang='lat' dir='ltr'><strong>detrudit,</strong></span> <span class='ocrx_word' id='word_1_61' title='bbox 1052 976 1211 1049; x_wconf 55' lang='lat'><strong>553</strong></span> <span class='ocrx_word' id='word_1_62' title='bbox 1246 994 1353 1031; x_wconf 91' lang='lat' dir='ltr'><strong>non</strong></span> <span class='ocrx_word' id='word_1_63' title='bbox 1399 994 1464 1032; x_wconf 78' lang='lat' dir='ltr'><strong>ex</strong></span> <span class='ocrx_word' id='word_1_64' title='bbox 1510 993 1608 1032; x_wconf 89' lang='lat' dir='ltr'><strong>sua</strong></span> <span class='ocrx_word' id='word_1_65' title='bbox 1648 977 1821 1046; x_wconf 88' lang='lat' dir='ltr'><strong>ipsius</strong></span> <span class='ocrx_word' id='word_1_66' title='bbox 1860 975 2043 1044; x_wconf 86' lang='lat' dir='ltr'><strong>pravi-</strong></span> 
     </span>
    </p>
   </div>
   <div class='ocr_carea' id='block_1_11' title="bbox 476 1067 2045 1139">
    <p class='ocr_par' dir='ltr' id='par_1_11' title="bbox 476 1067 2045 1139">
     <span class='ocr_line' id='line_1_11' title="bbox 476 1067 2045 1139; baseline -0.001 -17"><span class='ocrx_word' id='word_1_67' title='bbox 476 1075 621 1131; x_wconf 85' lang='lat' dir='ltr'><strong>tate,</strong></span> <span class='ocrx_word' id='word_1_68' title='bbox 654 1069 750 1123; x_wconf 86' lang='lat' dir='ltr'><strong>sed</strong></span> <span class='ocrx_word' id='word_1_69' title='bbox 784 1079 1003 1139; x_wconf 89' lang='lat' dir='ltr'><strong>propter</strong></span> <span class='ocrx_word' id='word_1_70' title='bbox 1035 1070 1181 1124; x_wconf 76' lang='lat' dir='ltr'><strong>illius</strong></span> <span class='ocrx_word' id='word_1_71' title='bbox 1214 1068 1543 1123; x_wconf 83' lang='lat' dir='ltr'><strong>socordiam.</strong></span> <span class='ocrx_word' id='word_1_72' title='bbox 1573 1068 1787 1121; x_wconf 89' lang='lat' dir='ltr'><strong>Etenim</strong></span> <span class='ocrx_word' id='word_1_73' title='bbox 1824 1068 1872 1121; x_wconf 91' lang='lat' dir='ltr'><strong>si</strong></span> <span class='ocrx_word' id='word_1_74' title='bbox 1896 1067 2045 1136; x_wconf 79' lang='lat' dir='ltr'><strong>ejus-</strong></span> 
     </span>
    </p>
   </div>
   <div class='ocr_carea' id='block_1_12' title="bbox 477 1159 2045 1230">
    <p class='ocr_par' dir='ltr' id='par_1_12' title="bbox 477 1159 2045 1230">
     <span class='ocr_line' id='line_1_12' title="bbox 477 1159 2045 1230; baseline -0.003 -14"><span class='ocrx_word' id='word_1_75' title='bbox 477 1159 623 1216; x_wconf 83' lang='lat' dir='ltr'><strong>modi</strong></span> <span class='ocrx_word' id='word_1_76' title='bbox 645 1168 832 1215; x_wconf 81' lang='lat' dir='ltr'><strong>essent</strong></span> <span class='ocrx_word' id='word_1_77' title='bbox 854 1161 970 1215; x_wconf 72' lang='lat' dir='ltr'><strong>ista:</strong></span> <span class='ocrx_word' id='word_1_78' title='bbox 985 1160 1230 1230; x_wconf 89' lang='lat' dir='ltr'><strong>corporis</strong></span> <span class='ocrx_word' id='word_1_79' title='bbox 1250 1159 1586 1224; x_wconf 79' lang='lat' dir='ltr'><strong>aﬂectiones,</strong></span> <span class='ocrx_word' id='word_1_80' title='bbox 1615 1168 1671 1213; x_wconf 93' lang='lat' dir='ltr'><strong>ut</strong></span> <span class='ocrx_word' id='word_1_81' title='bbox 1690 1174 1797 1213; x_wconf 92' lang='lat' dir='ltr'><strong>non</strong></span> <span class='ocrx_word' id='word_1_82' title='bbox 1821 1165 2045 1229; x_wconf 92' lang='lat' dir='ltr'><strong>possent</strong></span> 
     </span>
    </p>
   </div>
   <div class='ocr_carea' id='block_1_13' title="bbox 475 1252 2045 1321">
    <p class='ocr_par' dir='ltr' id='par_1_13' title="bbox 475 1252 2045 1321">
     <span class='ocr_line' id='line_1_13' title="bbox 475 1252 2045 1321; baseline -0.001 -16"><span class='ocrx_word' id='word_1_83' title='bbox 475 1252 546 1307; x_wconf 87' lang='lat' dir='ltr'><strong>ab</strong></span> <span class='ocrx_word' id='word_1_84' title='bbox 574 1252 757 1306; x_wconf 90' lang='lat' dir='ltr'><strong>animo</strong></span> <span class='ocrx_word' id='word_1_85' title='bbox 782 1253 1029 1316; x_wconf 90' lang='lat' dir='ltr'><strong>domari,</strong></span> <span class='ocrx_word' id='word_1_86' title='bbox 1064 1253 1257 1306; x_wconf 88' lang='lat' dir='ltr'><strong>merito</strong></span> <span class='ocrx_word' id='word_1_87' title='bbox 1287 1268 1395 1306; x_wconf 90' lang='lat' dir='ltr'><strong>non</strong></span> <span class='ocrx_word' id='word_1_88' title='bbox 1426 1267 1455 1305; x_wconf 88' lang='lat' dir='ltr'><strong>a</strong></span> <span class='ocrx_word' id='word_1_89' title='bbox 1484 1253 1644 1321; x_wconf 90' lang='lat' dir='ltr'><strong>culpa</strong></span> <span class='ocrx_word' id='word_1_90' title='bbox 1675 1252 1891 1307; x_wconf 89' lang='lat' dir='ltr'><strong>abesset</strong></span> <span class='ocrx_word' id='word_1_91' title='bbox 1922 1265 2045 1304; x_wconf 90' lang='lat' dir='ltr'><strong>cor-</strong></span> 
     </span>
    </p>
   </div>
   <div class='ocr_carea' id='block_1_14' title="bbox 478 1342 2041 1413">
    <p class='ocr_par' dir='ltr' id='par_1_14' title="bbox 478 1342 2041 1413">
     <span class='ocr_line' id='line_1_14' title="bbox 478 1342 2041 1413; baseline -0.003 -16"><span class='ocrx_word' id='word_1_92' title='bbox 478 1357 581 1413; x_wconf 90' lang='lat' dir='ltr'><strong>pus</strong></span> <span class='ocrx_word' id='word_1_93' title='bbox 606 1362 621 1398; x_wconf 87' lang='lat'><strong>:</strong></span> <span class='ocrx_word' id='word_1_94' title='bbox 656 1352 710 1396; x_wconf 86' lang='lat' dir='ltr'><strong>at</strong></span> <span class='ocrx_word' id='word_1_95' title='bbox 740 1344 786 1398; x_wconf 90' lang='lat' dir='ltr'><strong>si</strong></span> <span class='ocrx_word' id='word_1_96' title='bbox 814 1345 1105 1397; x_wconf 91' lang='lat' dir='ltr'><strong>multorum</strong></span> <span class='ocrx_word' id='word_1_97' title='bbox 1131 1382 1145 1405; x_wconf 88' lang='lat'><strong>,</strong></span> <span class='ocrx_word' id='word_1_98' title='bbox 1173 1344 1264 1412; x_wconf 85' lang='lat' dir='ltr'><strong>qui</strong></span> <span class='ocrx_word' id='word_1_99' title='bbox 1297 1346 1377 1398; x_wconf 89' lang='lat' dir='ltr'><strong>eis</strong></span> <span class='ocrx_word' id='word_1_100' title='bbox 1400 1343 1668 1397; x_wconf 88' lang='lat' dir='ltr'><strong>dominari</strong></span> <span class='ocrx_word' id='word_1_101' title='bbox 1702 1342 2041 1405; x_wconf 87' lang='lat' dir='ltr'><strong>studuerint,</strong></span> 
     </span>
    </p>
   </div>
   <div class='ocr_carea' id='block_1_15' title="bbox 478 1431 2043 1504">
    <p class='ocr_par' dir='ltr' id='par_1_15' title="bbox 478 1431 2043 1504">
     <span class='ocr_line' id='line_1_15' title="bbox 478 1431 2043 1504; baseline 0 -19"><span class='ocrx_word' id='word_1_102' title='bbox 478 1432 708 1501; x_wconf 88' lang='lat' dir='ltr'><strong>imperio</strong></span> <span class='ocrx_word' id='word_1_103' title='bbox 741 1433 973 1487; x_wconf 69' lang='lat' dir='ltr'><strong>subditae</strong></span> <span class='ocrx_word' id='word_1_104' title='bbox 999 1431 1238 1497; x_wconf 82' lang='lat' dir='ltr'><strong>fuerint,</strong></span> <span class='ocrx_word' id='word_1_105' title='bbox 1272 1448 1476 1504; x_wconf 79' lang='lat' dir='ltr'><strong>corpus</strong></span> <span class='ocrx_word' id='word_1_106' title='bbox 1522 1434 1591 1487; x_wconf 91' lang='lat' dir='ltr'><strong>ah</strong></span> <span class='ocrx_word' id='word_1_107' title='bbox 1634 1433 1701 1489; x_wconf 92' lang='lat' dir='ltr'><strong>iis</strong></span> <span class='ocrx_word' id='word_1_108' title='bbox 1734 1435 1825 1503; x_wconf 90' lang='lat' dir='ltr'><strong>qui</strong></span> <span class='ocrx_word' id='word_1_109' title='bbox 1865 1433 2043 1503; x_wconf 87' lang='lat' dir='ltr'><strong>ipsum</strong></span> 
     </span>
    </p>
   </div>
   <div class='ocr_carea' id='block_1_16' title="bbox 479 1523 2047 1593">
    <p class='ocr_par' dir='ltr' id='par_1_16' title="bbox 479 1523 2047 1593">
     <span class='ocr_line' id='line_1_16' title="bbox 479 1523 2047 1593; baseline 0.003 -17"><span class='ocrx_word' id='word_1_110' title='bbox 479 1523 627 1577; x_wconf 79' lang='lat' dir='ltr'><strong>velut</strong></span> <span class='ocrx_word' id='word_1_111' title='bbox 655 1525 939 1593; x_wconf 81' lang='lat' dir='ltr'><strong>pravitatis</strong></span> <span class='ocrx_word' id='word_1_112' title='bbox 971 1534 1253 1579; x_wconf 88' lang='lat' dir='ltr'><strong>auctorem</strong></span> <span class='ocrx_word' id='word_1_113' title='bbox 1282 1526 1566 1580; x_wconf 84' lang='lat' dir='ltr'><strong>criminari</strong></span> <span class='ocrx_word' id='word_1_114' title='bbox 1608 1535 1900 1589; x_wconf 86' lang='lat' dir='ltr'><strong>conantur,</strong></span> <span class='ocrx_word' id='word_1_115' title='bbox 1949 1542 2047 1581; x_wconf 88' lang='lat' dir='ltr'><strong>ne-</strong></span> 
     </span>
    </p>
   </div>
   <div class='ocr_carea' id='block_1_17' title="bbox 476 1615 2046 1685">
    <p class='ocr_par' dir='ltr' id='par_1_17' title="bbox 476 1615 2046 1685">
     <span class='ocr_line' id='line_1_17' title="bbox 476 1615 2046 1685; baseline 0.002 -19"><span class='ocrx_word' id='word_1_116' title='bbox 476 1628 748 1682; x_wconf 86' lang='lat' dir='ltr'><strong>quaquam</strong></span> <span class='ocrx_word' id='word_1_117' title='bbox 783 1615 992 1684; x_wconf 82' lang='lat' dir='ltr'><strong>culpari</strong></span> <span class='ocrx_word' id='word_1_118' title='bbox 1026 1623 1205 1684; x_wconf 85' lang='lat' dir='ltr'><strong>potest</strong></span> <span class='ocrx_word' id='word_1_119' title='bbox 1234 1634 1246 1669; x_wconf 88' lang='lat'><strong>:</strong></span> <span class='ocrx_word' id='word_1_120' title='bbox 1283 1616 1378 1669; x_wconf 88' lang='lat' dir='ltr'><strong>sed</strong></span> <span class='ocrx_word' id='word_1_121' title='bbox 1416 1615 1719 1671; x_wconf 86' lang='lat' dir='ltr'><strong>incusanda</strong></span> <span class='ocrx_word' id='word_1_122' title='bbox 1751 1624 1835 1671; x_wconf 91' lang='lat' dir='ltr'><strong>est</strong></span> <span class='ocrx_word' id='word_1_123' title='bbox 1873 1616 2046 1685; x_wconf 86' lang='lat' dir='ltr'><strong>negli-</strong></span> 
     </span>
    </p>
   </div>
   <div class='ocr_carea' id='block_1_18' title="bbox 476 1694 2045 1777">
    <p class='ocr_par' dir='ltr' id='par_1_18' title="bbox 476 1694 2045 1777">
     <span class='ocr_line' id='line_1_18' title="bbox 476 1694 2045 1777; baseline 0.001 -18"><span class='ocrx_word' id='word_1_124' title='bbox 476 1705 669 1777; x_wconf 67' lang='lat' dir='ltr'><strong>gentiae</strong></span> <span class='ocrx_word' id='word_1_125' title='bbox 696 1706 876 1759; x_wconf 89' lang='lat' dir='ltr'><strong>anima</strong></span> <span class='ocrx_word' id='word_1_126' title='bbox 902 1746 916 1770; x_wconf 89' lang='lat'><strong>,</strong></span> <span class='ocrx_word' id='word_1_127' title='bbox 963 1707 1009 1760; x_wconf 88' lang='lat' dir='ltr'><strong>si</strong></span> <span class='ocrx_word' id='word_1_128' title='bbox 1040 1721 1200 1761; x_wconf 89' lang='lat' dir='ltr'><strong>suum</strong></span> <span class='ocrx_word' id='word_1_129' title='bbox 1228 1707 1282 1760; x_wconf 92' lang='lat' dir='ltr'><strong>in</strong></span> <span class='ocrx_word' id='word_1_130' title='bbox 1315 1721 1515 1777; x_wconf 84' lang='lat' dir='ltr'><strong>corpus</strong></span> <span class='ocrx_word' id='word_1_131' title='bbox 1556 1708 1854 1762; x_wconf 90' lang='lat' dir='ltr'><strong>dominium</strong></span> <span class='ocrx_word' id='word_1_132' title='bbox 1888 1694 2045 1761; x_wconf 39' lang='lat' dir='ltr'><strong>dese;-</strong></span> 
     </span>
    </p>
   </div>
   <div class='ocr_carea' id='block_1_19' title="bbox 2150 521 3686 593">
    <p class='ocr_par' dir='ltr' id='par_1_19' title="bbox 2150 521 3686 593">
     <span class='ocr_line' id='line_1_19' title="bbox 2150 521 3686 593; baseline 0 -18"><span class='ocrx_word' id='word_1_133' title='bbox 2150 522 2182 591; x_wconf 83' lang='grc' dir='ltr'>ἡ</span> <span class='ocrx_word' id='word_1_134' title='bbox 2214 522 2380 591; x_wconf 70' lang='grc' dir='ltr'>ψυχή.</span> <span class='ocrx_word' id='word_1_135' title='bbox 2418 523 2544 575; x_wconf 77' lang='grc' dir='ltr'><strong>Ἐὰν</strong></span> <span class='ocrx_word' id='word_1_136' title='bbox 2573 523 2670 588; x_wconf 84' lang='grc' dir='ltr'><strong>μὲν</strong></span> <span class='ocrx_word' id='word_1_137' title='bbox 2702 522 2809 593; x_wconf 80' lang='grc' dir='ltr'>γὰρ</span> <span class='ocrx_word' id='word_1_138' title='bbox 2840 523 2977 593; x_wconf 76' lang='grc' dir='ltr'>αὑτὴ</span> <span class='ocrx_word' id='word_1_139' title='bbox 3007 522 3103 586; x_wconf 78' lang='grc' dir='ltr'><strong>τὰς</strong></span> <span class='ocrx_word' id='word_1_140' title='bbox 3139 521 3232 575; x_wconf 74' lang='grc' dir='ltr'>τοῦ</span> <span class='ocrx_word' id='word_1_141' title='bbox 3265 521 3510 592; x_wconf 78' lang='grc' dir='ltr'>σώματος</span> <span class='ocrx_word' id='word_1_142' title='bbox 3533 524 3686 593; x_wconf 72' lang='grc' dir='ltr'>ὁρμὰς</span> 
     </span>
    </p>
   </div>
   <div class='ocr_carea' id='block_1_20' title="bbox 2149 610 3684 682">
    <p class='ocr_par' dir='ltr' id='par_1_20' title="bbox 2149 610 3684 682">
     <span class='ocr_line' id='line_1_20' title="bbox 2149 610 3684 682; baseline 0.001 -19"><span class='ocrx_word' id='word_1_143' title='bbox 2149 611 2376 674; x_wconf 83' lang='grc' dir='ltr'>δεόντως</span> <span class='ocrx_word' id='word_1_144' title='bbox 2417 613 2669 682; x_wconf 76' lang='grc' dir='ltr'>οἰκονομῇ</span> <span class='ocrx_word' id='word_1_145' title='bbox 2692 652 2707 675; x_wconf 89' lang='grc'><strong>,</strong></span> <span class='ocrx_word' id='word_1_146' title='bbox 2747 611 2878 665; x_wconf 79' lang='grc' dir='ltr'><strong>αὐτὸ</strong></span> <span class='ocrx_word' id='word_1_147' title='bbox 2916 628 2972 664; x_wconf 89' lang='grc' dir='ltr'><strong>τε</strong></span> <span class='ocrx_word' id='word_1_148' title='bbox 3030 611 3413 681; x_wconf 78' lang='grc' dir='ltr'>περιεσώσατο,</span> <span class='ocrx_word' id='word_1_149' title='bbox 3444 610 3532 664; x_wconf 79' lang='grc' dir='ltr'><strong>καὶ</strong></span> <span class='ocrx_word' id='word_1_150' title='bbox 3569 612 3684 682; x_wconf 62' lang='grc' dir='ltr'>αὑτὴ</span> 
     </span>
    </p>
   </div>
   <div class='ocr_carea' id='block_1_21' title="bbox 2150 701 3690 773">
    <p class='ocr_par' dir='ltr' id='par_1_21' title="bbox 2150 701 3690 773">
     <span class='ocr_line' id='line_1_21' title="bbox 2150 701 3690 773; baseline 0.002 -18"><span class='ocrx_word' id='word_1_151' title='bbox 2150 704 2253 769; x_wconf 77' lang='grc' dir='ltr'>ἔξω</span> <span class='ocrx_word' id='word_1_152' title='bbox 2287 703 2547 757; x_wconf 74' lang='grc' dir='ltr'><strong>κινδύνων</strong></span> <span class='ocrx_word' id='word_1_153' title='bbox 2570 720 2583 734; x_wconf 91' lang='grc'><strong>·</strong></span> <span class='ocrx_word' id='word_1_154' title='bbox 2619 702 2712 757; x_wconf 81' lang='grc' dir='ltr'><strong>ἐὰν</strong></span> <span class='ocrx_word' id='word_1_155' title='bbox 2743 702 2798 757; x_wconf 80' lang='grc' dir='ltr'>δὲ</span> <span class='ocrx_word' id='word_1_156' title='bbox 2826 703 2917 755; x_wconf 81' lang='grc' dir='ltr'>τοῦ</span> <span class='ocrx_word' id='word_1_157' title='bbox 2954 701 3297 755; x_wconf 86' lang='grc' dir='ltr'>ἐπιστατικοῦ</span> <span class='ocrx_word' id='word_1_158' title='bbox 3329 702 3587 773; x_wconf 75' lang='grc' dir='ltr'>ἀμελήσῃ,</span> <span class='ocrx_word' id='word_1_159' title='bbox 3613 704 3690 758; x_wconf 76' lang='grc' dir='ltr'>καὶ</span> 
     </span>
    </p>
   </div>
   <div class='ocr_carea' id='block_1_22' title="bbox 2153 790 3745 869">
    <p class='ocr_par' dir='ltr' id='par_1_22' title="bbox 2153 790 3745 869">
     <span class='ocr_line' id='line_1_22' title="bbox 2153 790 3745 869; baseline -0.001 -23"><span class='ocrx_word' id='word_1_160' title='bbox 2153 792 2305 865; x_wconf 76' lang='grc' dir='ltr'>ὕπνῳ</span> <span class='ocrx_word' id='word_1_161' title='bbox 2333 792 2668 864; x_wconf 82' lang='grc' dir='ltr'><strong>κρατηθεῖσα</strong></span> <span class='ocrx_word' id='word_1_162' title='bbox 2694 791 2795 863; x_wconf 81' lang='grc' dir='ltr'>τῆς</span> <span class='ocrx_word' id='word_1_163' title='bbox 2825 791 3093 863; x_wconf 78' lang='grc' dir='ltr'><strong>ῥᾳθυμίας</strong></span> <span class='ocrx_word' id='word_1_164' title='bbox 3114 791 3245 861; x_wconf 73' lang='lat' dir='ltr'><strong>(Li),</strong></span> <span class='ocrx_word' id='word_1_165' title='bbox 3274 791 3473 863; x_wconf 84' lang='grc' dir='ltr'>παρείη</span> <span class='ocrx_word' id='word_1_166' title='bbox 3499 792 3590 860; x_wconf 80' lang='grc' dir='ltr'>τὴν</span> <span class='ocrx_word' id='word_1_167' title='bbox 3612 790 3693 844; x_wconf 74' lang='grc' dir='ltr'>τοῦ</span> <span class='ocrx_word' id='word_1_168' title='bbox 3738 855 3745 869; x_wconf 32' lang='grc'><strong><em>1</em></strong></span> 
     </span>
    </p>
   </div>
   <div class='ocr_carea' id='block_1_23' title="bbox 2154 879 3737 956">
    <p class='ocr_par' dir='ltr' id='par_1_23' title="bbox 2154 879 3737 956">
     <span class='ocr_line' id='line_1_23' title="bbox 2154 879 3737 956; baseline -0.003 -18"><span class='ocrx_word' id='word_1_169' title='bbox 2154 885 2403 956; x_wconf 85' lang='grc' dir='ltr'>σώματος</span> <span class='ocrx_word' id='word_1_170' title='bbox 2439 884 2737 956; x_wconf 80' lang='grc' dir='ltr'><strong>ἡνιόχησιν,</strong></span> <span class='ocrx_word' id='word_1_171' title='bbox 2767 883 2897 936; x_wconf 85' lang='grc' dir='ltr'>αὑτό</span> <span class='ocrx_word' id='word_1_172' title='bbox 2929 901 3010 949; x_wconf 87' lang='grc' dir='ltr'><strong>τε,</strong></span> <span class='ocrx_word' id='word_1_173' title='bbox 3046 879 3134 936; x_wconf 78' lang='grc' dir='ltr'>οἶα</span> <span class='ocrx_word' id='word_1_174' title='bbox 3176 882 3448 952; x_wconf 77' lang='grc' dir='ltr'><strong>λογισμῶν</strong></span> <span class='ocrx_word' id='word_1_175' title='bbox 3491 881 3693 952; x_wconf 74' lang='grc' dir='ltr'>ἔρημον,</span> <span class='ocrx_word' id='word_1_176' title='bbox 3734 892 3737 901; x_wconf 92' lang='grc'>·</span> 
     </span>
    </p>
   </div>
   <div class='ocr_carea' id='block_1_24' title="bbox 2147 974 3696 1047">
    <p class='ocr_par' dir='ltr' id='par_1_24' title="bbox 2147 974 3696 1047">
     <span class='ocr_line' id='line_1_24' title="bbox 2147 974 3696 1047; baseline -0.003 -18"><span class='ocrx_word' id='word_1_177' title='bbox 2147 978 2248 1046; x_wconf 76' lang='grc' dir='ltr'><strong>τῆς</strong></span> <span class='ocrx_word' id='word_1_178' title='bbox 2288 976 2504 1041; x_wconf 82' lang='grc' dir='ltr'>εὐθείας</span> <span class='ocrx_word' id='word_1_179' title='bbox 2556 975 2906 1047; x_wconf 81' lang='grc' dir='ltr'>ἐκτρέπεται,</span> <span class='ocrx_word' id='word_1_180' title='bbox 2941 975 3037 1028; x_wconf 71' lang='grc' dir='ltr'>καὶ</span> <span class='ocrx_word' id='word_1_181' title='bbox 3082 974 3179 1045; x_wconf 76' lang='grc' dir='ltr'>τὴν</span> <span class='ocrx_word' id='word_1_182' title='bbox 3229 974 3407 1045; x_wconf 67' lang='grc' dir='ltr'>ψυχὴν</span> <span class='ocrx_word' id='word_1_183' title='bbox 3434 977 3540 1037; x_wconf 87' lang='grc' dir='ltr'>τοῖς</span> <span class='ocrx_word' id='word_1_184' title='bbox 3578 974 3696 1037; x_wconf 78' lang='grc' dir='ltr'>ἴσοις</span> 
     </span>
    </p>
   </div>
   <div class='ocr_carea' id='block_1_25' title="bbox 2149 1065 3698 1141">
    <p class='ocr_par' dir='ltr' id='par_1_25' title="bbox 2149 1065 3698 1141">
     <span class='ocr_line' id='line_1_25' title="bbox 2149 1065 3698 1141; baseline -0.002 -18"><span class='ocrx_word' id='word_1_185' title='bbox 2149 1069 2439 1141; x_wconf 78' lang='grc' dir='ltr'>περιέϐαλε</span> <span class='ocrx_word' id='word_1_186' title='bbox 2477 1070 2834 1140; x_wconf 82' lang='grc' dir='ltr'>πταίσμασιν,</span> <span class='ocrx_word' id='word_1_187' title='bbox 2879 1069 2980 1122; x_wconf 79' lang='grc' dir='ltr'><strong>οὐκ</strong></span> <span class='ocrx_word' id='word_1_188' title='bbox 3014 1067 3073 1132; x_wconf 79' lang='grc' dir='ltr'>ἐξ</span> <span class='ocrx_word' id='word_1_189' title='bbox 3099 1068 3302 1131; x_wconf 81' lang='grc' dir='ltr'>οἰκείας</span> <span class='ocrx_word' id='word_1_190' title='bbox 3333 1066 3547 1131; x_wconf 81' lang='grc' dir='ltr'>κακίας,</span> <span class='ocrx_word' id='word_1_191' title='bbox 3579 1065 3698 1120; x_wconf 72' lang='grc' dir='ltr'>ἀλλὰ</span> 
     </span>
    </p>
   </div>
   <div class='ocr_carea' id='block_1_26' title="bbox 2149 1154 3700 1231">
    <p class='ocr_par' dir='ltr' id='par_1_26' title="bbox 2149 1154 3700 1231">
     <span class='ocr_line' id='line_1_26' title="bbox 2149 1154 3700 1231; baseline -0.002 -19"><span class='ocrx_word' id='word_1_192' title='bbox 2149 1160 2235 1213; x_wconf 78' lang='grc' dir='ltr'><strong>διὰ</strong></span> <span class='ocrx_word' id='word_1_193' title='bbox 2258 1160 2354 1231; x_wconf 78' lang='grc' dir='ltr'><strong>τὴν</strong></span> <span class='ocrx_word' id='word_1_194' title='bbox 2391 1160 2605 1230; x_wconf 79' lang='grc' dir='ltr'>ἐκείνης</span> <span class='ocrx_word' id='word_1_195' title='bbox 2637 1160 2951 1231; x_wconf 81' lang='grc' dir='ltr'>ὀλιγωρίαν.</span> <span class='ocrx_word' id='word_1_196' title='bbox 2998 1160 3062 1213; x_wconf 81' lang='lat' dir='ltr'><strong>Ei</strong></span> <span class='ocrx_word' id='word_1_197' title='bbox 3100 1161 3197 1229; x_wconf 82' lang='grc' dir='ltr'>μὲν</span> <span class='ocrx_word' id='word_1_198' title='bbox 3226 1158 3333 1229; x_wconf 79' lang='grc' dir='ltr'>γὰρ</span> <span class='ocrx_word' id='word_1_199' title='bbox 3382 1154 3450 1228; x_wconf 80' lang='grc' dir='ltr'>ἦν</span> <span class='ocrx_word' id='word_1_200' title='bbox 3478 1157 3544 1209; x_wconf 86' lang='grc' dir='ltr'><strong>τά</strong></span> <span class='ocrx_word' id='word_1_201' title='bbox 3570 1156 3700 1219; x_wconf 78' lang='grc' dir='ltr'>πάθη</span> 
     </span>
    </p>
   </div>
   <div class='ocr_carea' id='block_1_27' title="bbox 2148 1246 3701 1323">
    <p class='ocr_par' dir='ltr' id='par_1_27' title="bbox 2148 1246 3701 1323">
     <span class='ocr_line' id='line_1_27' title="bbox 2148 1246 3701 1323; baseline -0.002 -18"><span class='ocrx_word' id='word_1_202' title='bbox 2148 1252 2242 1305; x_wconf 76' lang='grc' dir='ltr'>τοῦ</span> <span class='ocrx_word' id='word_1_203' title='bbox 2279 1252 2549 1323; x_wconf 79' lang='grc' dir='ltr'>σώματος,</span> <span class='ocrx_word' id='word_1_204' title='bbox 2576 1247 2662 1305; x_wconf 75' lang='grc' dir='ltr'>οἶα</span> <span class='ocrx_word' id='word_1_205' title='bbox 2696 1254 2770 1323; x_wconf 79' lang='grc' dir='ltr'>μὴ</span> <span class='ocrx_word' id='word_1_206' title='bbox 2802 1251 3143 1323; x_wconf 83' lang='grc' dir='ltr'>δαμασθῆναι</span> <span class='ocrx_word' id='word_1_207' title='bbox 3168 1250 3335 1321; x_wconf 71' lang='grc' dir='ltr'>ψυχῇ,</span> <span class='ocrx_word' id='word_1_208' title='bbox 3362 1246 3505 1320; x_wconf 81' lang='grc' dir='ltr'>εἶχεν</span> <span class='ocrx_word' id='word_1_209' title='bbox 3532 1246 3591 1303; x_wconf 79' lang='grc' dir='ltr'><strong>ἂν</strong></span> <span class='ocrx_word' id='word_1_210' title='bbox 3617 1249 3701 1313; x_wconf 74' lang='grc' dir='ltr'>τὰς</span> 
     </span>
    </p>
   </div>
   <div class='ocr_carea' id='block_1_28' title="bbox 2152 1342 3702 1414">
    <p class='ocr_par' dir='ltr' id='par_1_28' title="bbox 2152 1342 3702 1414">
     <span class='ocr_line' id='line_1_28' title="bbox 2152 1342 3702 1414; baseline -0.005 -15"><span class='ocrx_word' id='word_1_211' title='bbox 2152 1346 2332 1407; x_wconf 82' lang='grc' dir='ltr'>αἰτίας</span> <span class='ocrx_word' id='word_1_212' title='bbox 2382 1345 2619 1412; x_wconf 77' lang='grc' dir='ltr'>εὐλόγως</span> <span class='ocrx_word' id='word_1_213' title='bbox 2646 1345 2707 1397; x_wconf 84' lang='grc' dir='ltr'><strong>τὸ</strong></span> <span class='ocrx_word' id='word_1_214' title='bbox 2759 1342 2951 1414; x_wconf 83' lang='grc' dir='ltr'>σῶμα·</span> <span class='ocrx_word' id='word_1_215' title='bbox 2996 1343 3132 1397; x_wconf 80' lang='grc' dir='ltr'>εἰδὲ</span> <span class='ocrx_word' id='word_1_216' title='bbox 3173 1342 3388 1405; x_wconf 76' lang='grc' dir='ltr'>πολλοῖς</span> <span class='ocrx_word' id='word_1_217' title='bbox 3440 1342 3702 1412; x_wconf 77' lang='grc' dir='ltr'>ὑποχείρια</span> 
     </span>
    </p>
   </div>
   <div class='ocr_carea' id='block_1_29' title="bbox 2155 1432 3704 1507">
    <p class='ocr_par' dir='ltr' id='par_1_29' title="bbox 2155 1432 3704 1507">
     <span class='ocr_line' id='line_1_29' title="bbox 2155 1432 3704 1507; baseline -0.005 -18"><span class='ocrx_word' id='word_1_218' title='bbox 2155 1437 2346 1504; x_wconf 80' lang='grc' dir='ltr'>γέγονε</span> <span class='ocrx_word' id='word_1_219' title='bbox 2382 1440 2494 1497; x_wconf 79' lang='grc' dir='ltr'>τοῖς</span> <span class='ocrx_word' id='word_1_220' title='bbox 2525 1437 2637 1505; x_wconf 85' lang='grc'>(15)</span> <span class='ocrx_word' id='word_1_221' title='bbox 2670 1436 2939 1507; x_wconf 75' lang='grc' dir='ltr'>κρατῆσαι</span> <span class='ocrx_word' id='word_1_222' title='bbox 2976 1434 3396 1497; x_wconf 83' lang='grc' dir='ltr'>ἐσπουδακόσιν,</span> <span class='ocrx_word' id='word_1_223' title='bbox 3439 1432 3704 1485; x_wconf 80' lang='grc' dir='ltr'>ἀνεύθυνον</span> 
     </span>
    </p>
   </div>
   <div class='ocr_carea' id='block_1_30' title="bbox 2156 1524 3701 1600">
    <p class='ocr_par' dir='ltr' id='par_1_30' title="bbox 2156 1524 3701 1600">
     <span class='ocr_line' id='line_1_30' title="bbox 2156 1524 3701 1600; baseline -0.009 -18"><span class='ocrx_word' id='word_1_224' title='bbox 2156 1528 2253 1598; x_wconf 79' lang='grc' dir='ltr'><strong>μὲν</strong></span> <span class='ocrx_word' id='word_1_225' title='bbox 2280 1528 2339 1581; x_wconf 86' lang='grc' dir='ltr'><strong>τὸ</strong></span> <span class='ocrx_word' id='word_1_226' title='bbox 2366 1528 2523 1600; x_wconf 84' lang='grc' dir='ltr'>σῶμα</span> <span class='ocrx_word' id='word_1_227' title='bbox 2548 1532 2654 1591; x_wconf 83' lang='grc' dir='ltr'>τοῖς</span> <span class='ocrx_word' id='word_1_228' title='bbox 2682 1528 2983 1581; x_wconf 79' lang='grc' dir='ltr'>διαϐάλλειν</span> <span class='ocrx_word' id='word_1_229' title='bbox 3012 1527 3085 1590; x_wconf 84' lang='grc' dir='ltr'>ὡς</span> <span class='ocrx_word' id='word_1_230' title='bbox 3111 1526 3350 1596; x_wconf 79' lang='grc' dir='ltr'>ἀρχηγὸν</span> <span class='ocrx_word' id='word_1_231' title='bbox 3380 1524 3572 1587; x_wconf 81' lang='grc' dir='ltr'>κακίας</span> <span class='ocrx_word' id='word_1_232' title='bbox 3598 1525 3701 1575; x_wconf 71' lang='grc' dir='ltr'>ἐπ..</span> 
     </span>
    </p>
   </div>
   <div class='ocr_carea' id='block_1_31' title="bbox 2154 1613 3704 1692">
    <p class='ocr_par' dir='ltr' id='par_1_31' title="bbox 2154 1613 3704 1692">
     <span class='ocr_line' id='line_1_31' title="bbox 2154 1613 3704 1692; baseline -0.018 -1"><span class='ocrx_word' id='word_1_233' title='bbox 2154 1620 2416 1691; x_wconf 67' lang='grc' dir='ltr'>κειροῧσετ</span> <span class='ocrx_word' id='word_1_234' title='bbox 2445 1620 2670 1692; x_wconf 81' lang='grc' dir='ltr'>μεμπτὴ</span> <span class='ocrx_word' id='word_1_235' title='bbox 2692 1620 2757 1681; x_wconf 75' lang='grc' dir='ltr'><strong>δὲ.</strong></span> <span class='ocrx_word' id='word_1_236' title='bbox 2776 1620 2874 1690; x_wconf 77' lang='grc' dir='ltr'><strong>τῆς</strong></span> <span class='ocrx_word' id='word_1_237' title='bbox 2905 1617 3216 1689; x_wconf 69' lang='grc' dir='ltr'>ὀλιγωρίας,</span> <span class='ocrx_word' id='word_1_238' title='bbox 3246 1618 3279 1687; x_wconf 88' lang='grc' dir='ltr'><strong>ἠ</strong></span> <span class='ocrx_word' id='word_1_239' title='bbox 3308 1616 3370 1668; x_wconf 76' lang='grc' dir='ltr'>τὸ</span> <span class='ocrx_word' id='word_1_240' title='bbox 3397 1613 3556 1685; x_wconf 78' lang='grc' dir='ltr'>κῦρος</span> <span class='ocrx_word' id='word_1_241' title='bbox 3580 1615 3704 1665; x_wconf 84' lang='grc' dir='ltr'>ἀνει-</span> 
     </span>
    </p>
   </div>
   <div class='ocr_carea' id='block_1_32' title="bbox 2159 1705 3705 1785">
    <p class='ocr_par' dir='ltr' id='par_1_32' title="bbox 2159 1705 3705 1785">
     <span class='ocr_line' id='line_1_32' title="bbox 2159 1705 3705 1785; baseline -0.006 -19"><span class='ocrx_word' id='word_1_242' title='bbox 2159 1714 2292 1784; x_wconf 80' lang='grc' dir='ltr'>μένη</span> <span class='ocrx_word' id='word_1_243' title='bbox 2323 1713 2434 1785; x_wconf 83' lang='grc'>(16)</span> <span class='ocrx_word' id='word_1_244' title='bbox 2465 1712 2558 1765; x_wconf 80' lang='grc' dir='ltr'>τοῦ</span> <span class='ocrx_word' id='word_1_245' title='bbox 2588 1712 2855 1784; x_wconf 83' lang='grc' dir='ltr'>σώματος,</span> <span class='ocrx_word' id='word_1_246' title='bbox 2883 1711 3007 1764; x_wconf 72' lang='grc' dir='ltr'>οὔτε</span> <span class='ocrx_word' id='word_1_247' title='bbox 3042 1710 3180 1780; x_wconf 80' lang='grc' dir='ltr'>αὑτὴ</span> <span class='ocrx_word' id='word_1_248' title='bbox 3207 1708 3369 1778; x_wconf 72' lang='grc' dir='ltr'>φύσει</span> <span class='ocrx_word' id='word_1_249' title='bbox 3392 1707 3451 1760; x_wconf 60' lang='grc' dir='ltr'>τι,</span> <span class='ocrx_word' id='word_1_250' title='bbox 3479 1706 3632 1760; x_wconf 72' lang='grc' dir='ltr'>κακὸν</span> <span class='ocrx_word' id='word_1_251' title='bbox 3656 1705 3705 1757; x_wconf 82' lang='grc' dir='ltr'><strong>ἐν</strong></span> 
     </span>
    </p>
   </div>
   <div class='ocr_carea' id='block_1_33' title="bbox 476 1781 2049 1875">
    <p class='ocr_par' dir='ltr' id='par_1_33' title="bbox 476 1797 2044 1871">
     <span class='ocr_line' id='line_1_33' title="bbox 476 1797 2044 1871; baseline 0 -18"><span class='ocrx_word' id='word_1_252' title='bbox 476 1797 685 1863; x_wconf 74' lang='lat' dir='ltr'><strong>fuerit,</strong></span> <span class='ocrx_word' id='word_1_253' title='bbox 725 1812 849 1851; x_wconf 92' lang='lat' dir='ltr'><strong>cum</strong></span> <span class='ocrx_word' id='word_1_254' title='bbox 895 1814 1071 1868; x_wconf 88' lang='lat' dir='ltr'><strong>neque</strong></span> <span class='ocrx_word' id='word_1_255' title='bbox 1115 1801 1233 1870; x_wconf 93' lang='lat' dir='ltr'><strong>ipsa</strong></span> <span class='ocrx_word' id='word_1_256' title='bbox 1276 1814 1470 1871; x_wconf 86' lang='lat' dir='ltr'><strong>suapte</strong></span> <span class='ocrx_word' id='word_1_257' title='bbox 1515 1808 1713 1854; x_wconf 87' lang='lat' dir='ltr'><strong>natura</strong></span> <span class='ocrx_word' id='word_1_258' title='bbox 1755 1800 1959 1853; x_wconf 90' lang='lat' dir='ltr'><strong>malum</strong></span> <span class='ocrx_word' id='word_1_259' title='bbox 1990 1798 2044 1853; x_wconf 92' lang='lat' dir='ltr'><strong>in</strong></span> 
     </span>
    </p>
   </div>
   <div class='ocr_carea' id='block_1_34' title="bbox 2154 1781 3705 1875">
    <p class='ocr_par' dir='ltr' id='par_1_34' title="bbox 2154 1795 3705 1875">
     <span class='ocr_line' id='line_1_34' title="bbox 2154 1795 3705 1875; baseline -0.006 -17"><span class='ocrx_word' id='word_1_260' title='bbox 2154 1807 2317 1875; x_wconf 76' lang='grc' dir='ltr'>ἑαυτῇ</span> <span class='ocrx_word' id='word_1_261' title='bbox 2346 1805 2561 1875; x_wconf 77' lang='grc' dir='ltr'>ἔχουσα,</span> <span class='ocrx_word' id='word_1_262' title='bbox 2588 1805 2721 1857; x_wconf 85' lang='grc' dir='ltr'><strong>ἀλλά</strong></span> <span class='ocrx_word' id='word_1_263' title='bbox 2752 1807 2816 1875; x_wconf 84' lang='grc' dir='ltr'>τῇ</span> <span class='ocrx_word' id='word_1_264' title='bbox 2848 1801 3127 1872; x_wconf 66' lang='grc' dir='ltr'>ἀπολείψει</span> <span class='ocrx_word' id='word_1_265' title='bbox 3149 1800 3243 1854; x_wconf 76' lang='grc' dir='ltr'>τοῦ</span> <span class='ocrx_word' id='word_1_266' title='bbox 3271 1796 3439 1854; x_wconf 85' lang='grc' dir='ltr'><strong>καλοῦ</strong></span> <span class='ocrx_word' id='word_1_267' title='bbox 3472 1799 3528 1851; x_wconf 87' lang='grc' dir='ltr'><strong>ἐν</strong></span> <span class='ocrx_word' id='word_1_268' title='bbox 3552 1795 3705 1865; x_wconf 74' lang='grc' dir='ltr'>τούτῳ</span> 
     </span>
    </p>
   </div>
   <div class='ocr_carea' id='block_1_35' title="bbox 475 1890 2048 1955">
    <p class='ocr_par' dir='ltr' id='par_1_35' title="bbox 475 1890 2048 1955">
     <span class='ocr_line' id='line_1_35' title="bbox 475 1890 2048 1955; baseline 0.001 -10"><span class='ocrx_word' id='word_1_269' title='bbox 475 1902 539 1945; x_wconf 82' lang='lat' dir='ltr'><strong>se</strong></span> <span class='ocrx_word' id='word_1_270' title='bbox 569 1890 795 1955; x_wconf 88' lang='lat' dir='ltr'><strong>habeat,</strong></span> <span class='ocrx_word' id='word_1_271' title='bbox 824 1890 919 1945; x_wconf 85' lang='lat' dir='ltr'><strong>sed</strong></span> <span class='ocrx_word' id='word_1_272' title='bbox 949 1892 1002 1945; x_wconf 93' lang='lat' dir='ltr'><strong>in</strong></span> <span class='ocrx_word' id='word_1_273' title='bbox 1046 1892 1191 1945; x_wconf 88' lang='lat' dir='ltr'><strong>malo</strong></span> <span class='ocrx_word' id='word_1_274' title='bbox 1220 1902 1472 1948; x_wconf 81' lang='lat' dir='ltr'><strong>versetur</strong></span> <span class='ocrx_word' id='word_1_275' title='bbox 1514 1893 1640 1947; x_wconf 85' lang='lat' dir='ltr'><strong>boni</strong></span> <span class='ocrx_word' id='word_1_276' title='bbox 1683 1892 1920 1947; x_wconf 79' lang='lat' dir='ltr'><strong>defectu.</strong></span> <span class='ocrx_word' id='word_1_277' title='bbox 1953 1890 2048 1946; x_wconf 79' lang='lat' dir='ltr'><strong>Vi-</strong></span> 
     </span>
    </p>
   </div>
   <div class='ocr_carea' id='block_1_36' title="bbox 476 1980 2011 2054">
    <p class='ocr_par' dir='ltr' id='par_1_36' title="bbox 476 1980 2011 2054">
     <span class='ocr_line' id='line_1_36' title="bbox 476 1980 2011 2054; baseline 0 -16"><span class='ocrx_word' id='word_1_278' title='bbox 476 1980 616 2038; x_wconf 80' lang='lat' dir='ltr'><strong>tium</strong></span> <span class='ocrx_word' id='word_1_279' title='bbox 646 1982 792 2037; x_wconf 89' lang='lat' dir='ltr'><strong>enim</strong></span> <span class='ocrx_word' id='word_1_280' title='bbox 826 1982 962 2036; x_wconf 83' lang='lat' dir='ltr'><strong>nihil</strong></span> <span class='ocrx_word' id='word_1_281' title='bbox 992 1984 1141 2037; x_wconf 89' lang='lat' dir='ltr'><strong>aliud</strong></span> <span class='ocrx_word' id='word_1_282' title='bbox 1173 1993 1260 2038; x_wconf 90' lang='lat' dir='ltr'><strong>est</strong></span> <span class='ocrx_word' id='word_1_283' title='bbox 1295 2000 1453 2054; x_wconf 88' lang='lat' dir='ltr'><strong>quam</strong></span> <span class='ocrx_word' id='word_1_284' title='bbox 1486 1985 2011 2052; x_wconf 82' lang='lat' dir='ltr'><strong>virtutis_defectus.</strong></span> 
     </span>
    </p>
   </div>
   <div class='ocr_carea' id='block_1_37' title="bbox 1085 2094 1441 2151">
    <p class='ocr_par' dir='ltr' id='par_1_37' title="bbox 1085 2094 1441 2151">
     <span class='ocr_line' id='line_1_37' title="bbox 1085 2094 1441 2151; baseline 0.003 -1"><span class='ocrx_word' id='word_1_285' title='bbox 1085 2094 1314 2150; x_wconf 78' lang='lat' dir='ltr'><strong>CAPUT</strong></span> <span class='ocrx_word' id='word_1_286' title='bbox 1357 2096 1441 2151; x_wconf 93' lang='grc'>111.</span> 
     </span>
    </p>
   </div>
   <div class='ocr_carea' id='block_1_38' title="bbox 506 2182 2021 2260">
    <p class='ocr_par' dir='ltr' id='par_1_38' title="bbox 506 2182 2021 2260">
     <span class='ocr_line' id='line_1_38' title="bbox 506 2182 2021 2260; baseline 0.002 -21"><span class='ocrx_word' id='word_1_287' title='bbox 506 2182 659 2253; x_wconf 72' lang='lat' dir='ltr'><strong>Quae</strong></span> <span class='ocrx_word' id='word_1_288' title='bbox 691 2202 794 2241; x_wconf 84' lang='lat' dir='ltr'><strong>non</strong></span> <span class='ocrx_word' id='word_1_289' title='bbox 824 2197 1025 2258; x_wconf 76' lang='lat' dir='ltr'><strong>oportet</strong></span> <span class='ocrx_word' id='word_1_290' title='bbox 1056 2190 1266 2243; x_wconf 79' lang='lat' dir='ltr'><strong>incaute</strong></span> <span class='ocrx_word' id='word_1_291' title='bbox 1294 2205 1411 2242; x_wconf 88' lang='lat' dir='ltr'><strong>cum</strong></span> <span class='ocrx_word' id='word_1_292' title='bbox 1439 2188 1746 2243; x_wconf 76' lang='lat' dir='ltr'><strong>mulieribus</strong></span> <span class='ocrx_word' id='word_1_293' title='bbox 1775 2189 2021 2260; x_wconf 73' lang='lat' dir='ltr'><strong>colloqui.</strong></span> 
     </span>
    </p>
   </div>
   <div class='ocr_carea' id='block_1_39' title="bbox 549 2359 2064 2433">
    <p class='ocr_par' dir='ltr' id='par_1_39' title="bbox 549 2359 2064 2433">
     <span class='ocr_line' id='line_1_39' title="bbox 549 2359 2064 2433; baseline 0 -20"><span class='ocrx_word' id='word_1_294' title='bbox 549 2359 599 2414; x_wconf 82' lang='grc'>1.</span> <span class='ocrx_word' id='word_1_295' title='bbox 638 2360 715 2414; x_wconf 81' lang='lat' dir='ltr'><strong>Ac</strong></span> <span class='ocrx_word' id='word_1_296' title='bbox 743 2362 810 2415; x_wconf 81' lang='lat' dir='ltr'><strong>de</strong></span> <span class='ocrx_word' id='word_1_297' title='bbox 843 2362 1192 2417; x_wconf 80' lang='lat' dir='ltr'><strong>moderandis</strong></span> <span class='ocrx_word' id='word_1_298' title='bbox 1221 2377 1439 2432; x_wconf 77' lang='lat' dir='ltr'><strong>quidem</strong></span> <span class='ocrx_word' id='word_1_299' title='bbox 1470 2362 1894 2433; x_wconf 80' lang='lat' dir='ltr'><strong>cogitationibus</strong></span> <span class='ocrx_word' id='word_1_300' title='bbox 1914 2402 1929 2426; x_wconf 88' lang='lat'><strong>,</strong></span> <span class='ocrx_word' id='word_1_301' title='bbox 1960 2378 2064 2418; x_wconf 52' lang='lat' dir='ltr'><strong>res</strong></span> 
     </span>
    </p>
   </div>
   <div class='ocr_carea' id='block_1_40' title="bbox 478 2453 2055 2526">
    <p class='ocr_par' dir='ltr' id='par_1_40' title="bbox 478 2453 2055 2526">
     <span class='ocr_line' id='line_1_40' title="bbox 478 2453 2055 2526; baseline 0 -17"><span class='ocrx_word' id='word_1_302' title='bbox 478 2453 777 2523; x_wconf 76' lang='lat' dir='ltr'><strong>gendisque</strong></span> <span class='ocrx_word' id='word_1_303' title='bbox 816 2455 1095 2523; x_wconf 88' lang='lat' dir='ltr'><strong>corporeis</strong></span> <span class='ocrx_word' id='word_1_304' title='bbox 1129 2453 1551 2519; x_wconf 85' lang='lat' dir='ltr'><strong>aﬂ&#39;ectionibus,</strong></span> <span class='ocrx_word' id='word_1_305' title='bbox 1587 2456 1763 2526; x_wconf 89' lang='lat' dir='ltr'><strong>deque</strong></span> <span class='ocrx_word' id='word_1_306' title='bbox 1797 2456 2055 2525; x_wconf 79' lang='lat' dir='ltr'><strong>amplitu-</strong></span> 
     </span>
    </p>
   </div>
   <div class='ocr_carea' id='block_1_41' title="bbox 475 2542 2055 2616">
    <p class='ocr_par' dir='ltr' id='par_1_41' title="bbox 475 2542 2055 2616">
     <span class='ocr_line' id='line_1_41' title="bbox 475 2542 2055 2616; baseline 0.003 -20"><span class='ocrx_word' id='word_1_307' title='bbox 475 2542 605 2597; x_wconf 90' lang='lat' dir='ltr'><strong>dine</strong></span> <span class='ocrx_word' id='word_1_308' title='bbox 633 2552 796 2612; x_wconf 88' lang='lat' dir='ltr'><strong>atque</strong></span> <span class='ocrx_word' id='word_1_309' title='bbox 824 2544 1225 2613; x_wconf 84' lang='lat' dir='ltr'><strong>tranquillitate</strong></span> <span class='ocrx_word' id='word_1_310' title='bbox 1270 2545 1473 2599; x_wconf 92' lang='lat' dir='ltr'><strong>interni</strong></span> <span class='ocrx_word' id='word_1_311' title='bbox 1508 2546 1745 2600; x_wconf 88' lang='lat' dir='ltr'><strong>hominis</strong></span> <span class='ocrx_word' id='word_1_312' title='bbox 1766 2585 1780 2608; x_wconf 87' lang='lat'><strong>,</strong></span> <span class='ocrx_word' id='word_1_313' title='bbox 1816 2546 2055 2616; x_wconf 83' lang='lat' dir='ltr'><strong>itemque</strong></span> 
     </span>
    </p>
   </div>
   <div class='ocr_carea' id='block_1_42' title="bbox 476 2634 2057 2708">
    <p class='ocr_par' dir='ltr' id='par_1_42' title="bbox 476 2634 2057 2708">
     <span class='ocr_line' id='line_1_42' title="bbox 476 2634 2057 2708; baseline 0.002 -17"><span class='ocrx_word' id='word_1_314' title='bbox 476 2635 546 2691; x_wconf 90' lang='lat' dir='ltr'><strong>de</strong></span> <span class='ocrx_word' id='word_1_315' title='bbox 604 2651 787 2689; x_wconf 91' lang='lat' dir='ltr'><strong>rerum</strong></span> <span class='ocrx_word' id='word_1_316' title='bbox 850 2634 916 2689; x_wconf 88' lang='lat' dir='ltr'><strong>ad</strong></span> <span class='ocrx_word' id='word_1_317' title='bbox 988 2636 1135 2690; x_wconf 91' lang='lat' dir='ltr'><strong>hunc</strong></span> <span class='ocrx_word' id='word_1_318' title='bbox 1193 2638 1536 2691; x_wconf 89' lang='lat' dir='ltr'><strong>attinentium</strong></span> <span class='ocrx_word' id='word_1_319' title='bbox 1599 2638 2057 2708; x_wconf 88' lang='lat' dir='ltr'><strong>contemplatione</strong></span> 
     </span>
    </p>
   </div>
   <div class='ocr_carea' id='block_1_43' title="bbox 476 2725 2053 2797">
    <p class='ocr_par' dir='ltr' id='par_1_43' title="bbox 476 2725 2053 2797">
     <span class='ocr_line' id='line_1_43' title="bbox 476 2725 2053 2797; baseline 0.006 -19"><span class='ocrx_word' id='word_1_320' title='bbox 476 2738 544 2779; x_wconf 80' lang='lat' dir='ltr'><strong>ac</strong></span> <span class='ocrx_word' id='word_1_321' title='bbox 589 2726 771 2780; x_wconf 88' lang='lat' dir='ltr'><strong>studio</strong></span> <span class='ocrx_word' id='word_1_322' title='bbox 815 2725 1031 2779; x_wconf 86' lang='lat' dir='ltr'><strong>abunde</strong></span> <span class='ocrx_word' id='word_1_323' title='bbox 1064 2742 1164 2796; x_wconf 92' lang='lat' dir='ltr'><strong>pro</strong></span> <span class='ocrx_word' id='word_1_324' title='bbox 1193 2728 1338 2781; x_wconf 86' lang='lat' dir='ltr'><strong>virili</strong></span> <span class='ocrx_word' id='word_1_325' title='bbox 1373 2730 1626 2797; x_wconf 88' lang='lat' dir='ltr'><strong>superius</strong></span> <span class='ocrx_word' id='word_1_326' title='bbox 1663 2728 2053 2787; x_wconf 79' lang='lat' dir='ltr'><strong>disseruimus.</strong></span> 
     </span>
    </p>
   </div>
   <div class='ocr_carea' id='block_1_44' title="bbox 478 2810 2053 2887">
    <p class='ocr_par' dir='ltr' id='par_1_44' title="bbox 478 2810 2053 2887">
     <span class='ocr_line' id='line_1_44' title="bbox 478 2810 2053 2887; baseline 0.003 -19"><span class='ocrx_word' id='word_1_327' title='bbox 478 2810 587 2868; x_wconf 79' lang='lat' dir='ltr'><strong>Par</strong></span> <span class='ocrx_word' id='word_1_328' title='bbox 616 2826 701 2868; x_wconf 90' lang='lat' dir='ltr'><strong>est</strong></span> <span class='ocrx_word' id='word_1_329' title='bbox 745 2823 924 2869; x_wconf 89' lang='lat' dir='ltr'><strong>autem</strong></span> <span class='ocrx_word' id='word_1_330' title='bbox 970 2832 1077 2869; x_wconf 89' lang='lat' dir='ltr'><strong>non</strong></span> <span class='ocrx_word' id='word_1_331' title='bbox 1124 2818 1299 2870; x_wconf 92' lang='lat' dir='ltr'><strong>solum</strong></span> <span class='ocrx_word' id='word_1_332' title='bbox 1341 2818 1703 2887; x_wconf 83' lang='lat' dir='ltr'><strong>cogitationes</strong></span> <span class='ocrx_word' id='word_1_333' title='bbox 1747 2819 2053 2885; x_wconf 87' lang='lat' dir='ltr'><strong>moderari,</strong></span> 
     </span>
    </p>
   </div>
   <div class='ocr_carea' id='block_1_45' title="bbox 390 2905 2058 2977">
    <p class='ocr_par' dir='ltr' id='par_1_45' title="bbox 390 2905 2058 2977">
     <span class='ocr_line' id='line_1_45' title="bbox 390 2905 2058 2977; baseline 0.003 -16"><span class='ocrx_word' id='word_1_334' title='bbox 390 2913 399 2919; x_wconf 85' lang='lat'><strong>&#39;</strong></span> <span class='ocrx_word' id='word_1_335' title='bbox 480 2905 575 2961; x_wconf 76' lang='lat' dir='ltr'><strong>sed</strong></span> <span class='ocrx_word' id='word_1_336' title='bbox 603 2907 766 2961; x_wconf 88' lang='lat' dir='ltr'><strong>etiam</strong></span> <span class='ocrx_word' id='word_1_337' title='bbox 789 2946 803 2969; x_wconf 91' lang='lat'><strong>,</strong></span> <span class='ocrx_word' id='word_1_338' title='bbox 829 2906 1006 2976; x_wconf 88' lang='lat' dir='ltr'><strong>quoad</strong></span> <span class='ocrx_word' id='word_1_339' title='bbox 1032 2907 1153 2976; x_wconf 86' lang='lat' dir='ltr'><strong>ejus</strong></span> <span class='ocrx_word' id='word_1_340' title='bbox 1186 2906 1298 2961; x_wconf 76' lang='lat' dir='ltr'><strong>fieri</strong></span> <span class='ocrx_word' id='word_1_341' title='bbox 1328 2917 1539 2977; x_wconf 80' lang='lat' dir='ltr'><strong>potest,</strong></span> <span class='ocrx_word' id='word_1_342' title='bbox 1567 2925 1597 2962; x_wconf 92' lang='lat' dir='ltr'><strong>a</strong></span> <span class='ocrx_word' id='word_1_343' title='bbox 1619 2925 1798 2964; x_wconf 90' lang='lat' dir='ltr'><strong>rerum</strong></span> <span class='ocrx_word' id='word_1_344' title='bbox 1823 2926 2058 2967; x_wconf 83' lang='lat' dir='ltr'><strong>consue-</strong></span> 
     </span>
    </p>
   </div>
   <div class='ocr_carea' id='block_1_46' title="bbox 480 2997 2054 3070">
    <p class='ocr_par' dir='ltr' id='par_1_46' title="bbox 480 2997 2054 3070">
     <span class='ocr_line' id='line_1_46' title="bbox 480 2997 2054 3070; baseline 0.004 -17"><span class='ocrx_word' id='word_1_345' title='bbox 480 2997 671 3053; x_wconf 84' lang='lat' dir='ltr'><strong>tudine</strong></span> <span class='ocrx_word' id='word_1_346' title='bbox 702 2999 990 3053; x_wconf 88' lang='lat' dir='ltr'><strong>recedere:</strong></span> <span class='ocrx_word' id='word_1_347' title='bbox 1025 3000 1263 3055; x_wconf 80' lang='lat' dir='ltr'><strong>maxime</strong></span> <span class='ocrx_word' id='word_1_348' title='bbox 1291 3015 1477 3054; x_wconf 89' lang='lat' dir='ltr'><strong>earum</strong></span> <span class='ocrx_word' id='word_1_349' title='bbox 1500 3042 1513 3066; x_wconf 94' lang='lat'><strong>,</strong></span> <span class='ocrx_word' id='word_1_350' title='bbox 1549 3016 1668 3070; x_wconf 76' lang='lat' dir='ltr'><strong>qua:</strong></span> <span class='ocrx_word' id='word_1_351' title='bbox 1711 3017 1812 3057; x_wconf 91' lang='lat' dir='ltr'><strong>suo</strong></span> <span class='ocrx_word' id='word_1_352' title='bbox 1844 3003 1911 3057; x_wconf 91' lang='lat' dir='ltr'><strong>ad</strong></span> <span class='ocrx_word' id='word_1_353' title='bbox 1952 3018 2054 3059; x_wconf 88' lang='lat' dir='ltr'><strong>nos</strong></span> 
     </span>
    </p>
   </div>
   <div class='ocr_carea' id='block_1_47' title="bbox 2154 1887 3704 1967">
    <p class='ocr_par' dir='ltr' id='par_1_47' title="bbox 2154 1887 3704 1967">
     <span class='ocr_line' id='line_1_47' title="bbox 2154 1887 3704 1967; baseline -0.006 -17"><span class='ocrx_word' id='word_1_354' title='bbox 2154 1896 2553 1967; x_wconf 82' lang='grc' dir='ltr'>καθισταμένη.</span> <span class='ocrx_word' id='word_1_355' title='bbox 2586 1896 2769 1951; x_wconf 86' lang='grc' dir='ltr'>Κακία</span> <span class='ocrx_word' id='word_1_356' title='bbox 2805 1895 2914 1964; x_wconf 89' lang='grc' dir='ltr'><strong>γάο</strong></span> <span class='ocrx_word' id='word_1_357' title='bbox 2950 1894 3103 1947; x_wconf 71' lang='grc' dir='ltr'>οὐδὲν</span> <span class='ocrx_word' id='word_1_358' title='bbox 3133 1891 3317 1965; x_wconf 83' lang='grc' dir='ltr'>ἓτερὸν</span> <span class='ocrx_word' id='word_1_359' title='bbox 3350 1888 3552 1961; x_wconf 85' lang='grc' dir='ltr'>ἐστινῆ</span> <span class='ocrx_word' id='word_1_360' title='bbox 3587 1887 3704 1942; x_wconf 70' lang='grc' dir='ltr'>ἀπό-</span> 
     </span>
    </p>
   </div>
   <div class='ocr_carea' id='block_1_48' title="bbox 2152 1987 2580 2059">
    <p class='ocr_par' dir='ltr' id='par_1_48' title="bbox 2152 1987 2580 2059">
     <span class='ocr_line' id='line_1_48' title="bbox 2152 1987 2580 2059; baseline -0.002 -18"><span class='ocrx_word' id='word_1_361' title='bbox 2152 1987 2327 2057; x_wconf 76' lang='grc' dir='ltr'>λειψις</span> <span class='ocrx_word' id='word_1_362' title='bbox 2358 1988 2580 2059; x_wconf 79' lang='grc' dir='ltr'>ἀρετῆς.</span> 
     </span>
    </p>
   </div>
   <div class='ocr_carea' id='block_1_49' title="bbox 2682 2096 3196 2152">
    <p class='ocr_par' dir='ltr' id='par_1_49' title="bbox 2682 2096 3196 2152">
     <span class='ocr_line' id='line_1_49' title="bbox 2682 2096 3196 2152; baseline -0.006 0"><span class='ocrx_word' id='word_1_363' title='bbox 2682 2096 3076 2152; x_wconf 78' lang='grc' dir='ltr'><strong>ΚΕΦΑΑΛΙΟΝ</strong></span> <span class='ocrx_word' id='word_1_364' title='bbox 3124 2097 3196 2150; x_wconf 85' lang='grc' dir='ltr'><strong>Γ’.</strong></span> 
     </span>
    </p>
   </div>
   <div class='ocr_carea' id='block_1_50' title="bbox 2155 2184 3707 2258">
    <p class='ocr_par' dir='ltr' id='par_1_50' title="bbox 2155 2184 3707 2258">
     <span class='ocr_line' id='line_1_50' title="bbox 2155 2184 3707 2258; baseline -0.006 -11"><span class='ocrx_word' id='word_1_365' title='bbox 2155 2194 2287 2249; x_wconf 79' lang='grc' dir='ltr'>Ὀτι</span> <span class='ocrx_word' id='word_1_366' title='bbox 2326 2195 2399 2249; x_wconf 86' lang='grc' dir='ltr'>οὐ</span> <span class='ocrx_word' id='word_1_367' title='bbox 2435 2192 2530 2247; x_wconf 85' lang='grc' dir='ltr'><strong>δεῖ</strong></span> <span class='ocrx_word' id='word_1_368' title='bbox 2557 2191 2665 2257; x_wconf 81' lang='grc' dir='ltr'>τὰς</span> <span class='ocrx_word' id='word_1_369' title='bbox 2693 2190 2811 2244; x_wconf 77' lang='grc' dir='ltr'><strong>τῶν</strong></span> <span class='ocrx_word' id='word_1_370' title='bbox 2856 2186 3158 2258; x_wconf 64' lang='grc' dir='ltr'>γυναικῶν</span> <span class='ocrx_word' id='word_1_371' title='bbox 3206 2186 3540 2256; x_wconf 80' lang='grc' dir='ltr'>συντυχίας</span> <span class='ocrx_word' id='word_1_372' title='bbox 3574 2184 3707 2254; x_wconf 64' lang='grc' dir='ltr'>ἆραι</span> 
     </span>
    </p>
   </div>
   <div class='ocr_carea' id='block_1_51' title="bbox 2644 2259 3227 2325">
    <p class='ocr_par' dir='ltr' id='par_1_51' title="bbox 2644 2259 3227 2325">
     <span class='ocr_line' id='line_1_51' title="bbox 2644 2259 3227 2325; baseline -0.009 -9"><span class='ocrx_word' id='word_1_373' title='bbox 2644 2260 2878 2325; x_wconf 68' lang='grc' dir='ltr'>λάκτως</span> <span class='ocrx_word' id='word_1_374' title='bbox 2911 2259 3227 2313; x_wconf 78' lang='grc' dir='ltr'>ποιεῖσθαι.</span> 
     </span>
    </p>
   </div>
   <div class='ocr_carea' id='block_1_52' title="bbox 2232 2362 3707 2441">
    <p class='ocr_par' dir='ltr' id='par_1_52' title="bbox 2232 2362 3707 2441">
     <span class='ocr_line' id='line_1_52' title="bbox 2232 2362 3707 2441; baseline -0.005 -16"><span class='ocrx_word' id='word_1_375' title='bbox 2232 2372 2284 2425; x_wconf 86' lang='grc'>1.</span> <span class='ocrx_word' id='word_1_376' title='bbox 2320 2370 2458 2440; x_wconf 72' lang='grc' dir='ltr'>Περὶ</span> <span class='ocrx_word' id='word_1_377' title='bbox 2512 2371 2610 2441; x_wconf 82' lang='grc' dir='ltr'>μὲν</span> <span class='ocrx_word' id='word_1_378' title='bbox 2649 2370 2749 2439; x_wconf 83' lang='grc' dir='ltr'>τῆς</span> <span class='ocrx_word' id='word_1_379' title='bbox 2783 2370 3119 2432; x_wconf 83' lang='grc' dir='ltr'>ἐπιστάσεως</span> <span class='ocrx_word' id='word_1_380' title='bbox 3154 2368 3261 2420; x_wconf 84' lang='grc' dir='ltr'><strong>τῶν</strong></span> <span class='ocrx_word' id='word_1_381' title='bbox 3294 2365 3588 2437; x_wconf 80' lang='grc' dir='ltr'>λογισμῶν,</span> <span class='ocrx_word' id='word_1_382' title='bbox 3628 2362 3707 2419; x_wconf 82' lang='grc' dir='ltr'>καὶ</span> 
     </span>
    </p>
   </div>
   <div class='ocr_carea' id='block_1_53' title="bbox 2154 2454 3707 2536">
    <p class='ocr_par' dir='ltr' id='par_1_53' title="bbox 2154 2454 3707 2536">
     <span class='ocr_line' id='line_1_53' title="bbox 2154 2454 3707 2536; baseline -0.004 -20"><span class='ocrx_word' id='word_1_383' title='bbox 2154 2466 2253 2535; x_wconf 82' lang='grc' dir='ltr'>τῆς</span> <span class='ocrx_word' id='word_1_384' title='bbox 2287 2466 2620 2536; x_wconf 80' lang='grc' dir='ltr'>ἡνιοχήσεως</span> <span class='ocrx_word' id='word_1_385' title='bbox 2658 2464 2768 2517; x_wconf 83' lang='grc' dir='ltr'>τῶν</span> <span class='ocrx_word' id='word_1_386' title='bbox 2801 2462 2892 2515; x_wconf 80' lang='grc' dir='ltr'><strong>τοῦ</strong></span> <span class='ocrx_word' id='word_1_387' title='bbox 2945 2462 3195 2531; x_wconf 83' lang='grc' dir='ltr'>σώματος</span> <span class='ocrx_word' id='word_1_388' title='bbox 3245 2460 3600 2531; x_wconf 83' lang='grc' dir='ltr'>παθημάτων,</span> <span class='ocrx_word' id='word_1_389' title='bbox 3628 2454 3707 2511; x_wconf 63' lang='grc' dir='ltr'>καί.</span> 
     </span>
    </p>
   </div>
   <div class='ocr_carea' id='block_1_54' title="bbox 2154 2549 3706 2630">
    <p class='ocr_par' dir='ltr' id='par_1_54' title="bbox 2154 2549 3706 2630">
     <span class='ocr_line' id='line_1_54' title="bbox 2154 2549 3706 2630; baseline -0.007 -19"><span class='ocrx_word' id='word_1_390' title='bbox 2154 2560 2255 2630; x_wconf 83' lang='grc' dir='ltr'><strong>τῆς</strong></span> <span class='ocrx_word' id='word_1_391' title='bbox 2286 2556 2623 2629; x_wconf 80' lang='grc' dir='ltr'>εὐρυχωρίας</span> <span class='ocrx_word' id='word_1_392' title='bbox 2674 2554 2769 2607; x_wconf 76' lang='grc' dir='ltr'>κα).</span> <span class='ocrx_word' id='word_1_393' title='bbox 2797 2553 3039 2624; x_wconf 80' lang='grc' dir='ltr'>γαλήνης</span> <span class='ocrx_word' id='word_1_394' title='bbox 3084 2551 3178 2605; x_wconf 76' lang='grc' dir='ltr'>τοῦ</span> <span class='ocrx_word' id='word_1_395' title='bbox 3226 2552 3377 2604; x_wconf 75' lang='grc' dir='ltr'>ἔνδον</span> <span class='ocrx_word' id='word_1_396' title='bbox 3422 2549 3706 2622; x_wconf 80' lang='grc' dir='ltr'>ἀνθρώπου,</span> 
     </span>
    </p>
   </div>
   <div class='ocr_carea' id='block_1_55' title="bbox 2157 2642 3707 2720">
    <p class='ocr_par' dir='ltr' id='par_1_55' title="bbox 2157 2642 3707 2720">
     <span class='ocr_line' id='line_1_55' title="bbox 2157 2642 3707 2720; baseline -0.008 -14"><span class='ocrx_word' id='word_1_397' title='bbox 2157 2652 2252 2706; x_wconf 71' lang='grc' dir='ltr'>καὶ</span> <span class='ocrx_word' id='word_1_398' title='bbox 2281 2650 2381 2720; x_wconf 80' lang='grc' dir='ltr'>τῆς</span> <span class='ocrx_word' id='word_1_399' title='bbox 2406 2649 2514 2702; x_wconf 82' lang='grc' dir='ltr'><strong>τῶν</strong></span> <span class='ocrx_word' id='word_1_400' title='bbox 2538 2646 2888 2718; x_wconf 81' lang='grc' dir='ltr'>καθηκόντων</span> <span class='ocrx_word' id='word_1_401' title='bbox 2918 2644 3070 2716; x_wconf 80' lang='grc' dir='ltr'>αὐτῷ</span> <span class='ocrx_word' id='word_1_402' title='bbox 3097 2644 3330 2713; x_wconf 82' lang='grc' dir='ltr'>θεωρίας</span> <span class='ocrx_word' id='word_1_403' title='bbox 3356 2659 3417 2695; x_wconf 89' lang='grc' dir='ltr'><strong>τε</strong></span> <span class='ocrx_word' id='word_1_404' title='bbox 3445 2642 3535 2695; x_wconf 76' lang='grc' dir='ltr'><strong>καὶ</strong></span> <span class='ocrx_word' id='word_1_405' title='bbox 3559 2656 3707 2694; x_wconf 73' lang='grc' dir='ltr'>σπου-</span> 
     </span>
    </p>
   </div>
   <div class='ocr_carea' id='block_1_56' title="bbox 2155 2732 3707 2813">
    <p class='ocr_par' dir='ltr' id='par_1_56' title="bbox 2155 2732 3707 2813">
     <span class='ocr_line' id='line_1_56' title="bbox 2155 2732 3707 2813; baseline -0.006 -18"><span class='ocrx_word' id='word_1_406' title='bbox 2155 2742 2272 2813; x_wconf 85' lang='grc' dir='ltr'>δῆς,</span> <span class='ocrx_word' id='word_1_407' title='bbox 2305 2740 2637 2813; x_wconf 76' lang='grc' dir='ltr'>ἀρκούντως,</span> <span class='ocrx_word' id='word_1_408' title='bbox 2662 2738 2739 2802; x_wconf 84' lang='grc' dir='ltr'>ὡς</span> <span class='ocrx_word' id='word_1_409' title='bbox 2776 2736 2926 2809; x_wconf 81' lang='grc' dir='ltr'>ἐνῆν,</span> <span class='ocrx_word' id='word_1_410' title='bbox 2962 2737 3397 2807; x_wconf 81' lang='grc' dir='ltr'>προειρήκαμεν.</span> <span class='ocrx_word' id='word_1_411' title='bbox 3424 2735 3540 2805; x_wconf 78' lang='grc' dir='ltr'><strong>Χρὴ</strong></span> <span class='ocrx_word' id='word_1_412' title='bbox 3568 2734 3619 2786; x_wconf 85' lang='grc' dir='ltr'><strong>δέ</strong></span> <span class='ocrx_word' id='word_1_413' title='bbox 3646 2732 3707 2802; x_wconf 74' lang='grc' dir='ltr'>μὴ</span> 
     </span>
    </p>
   </div>
   <div class='ocr_carea' id='block_1_57' title="bbox 2159 2824 3707 2907">
    <p class='ocr_par' dir='ltr' id='par_1_57' title="bbox 2159 2824 3707 2907">
     <span class='ocr_line' id='line_1_57' title="bbox 2159 2824 3707 2907; baseline -0.007 -19"><span class='ocrx_word' id='word_1_414' title='bbox 2159 2835 2319 2907; x_wconf 82' lang='grc' dir='ltr'>μόνον</span> <span class='ocrx_word' id='word_1_415' title='bbox 2340 2836 2451 2898; x_wconf 90' lang='grc' dir='ltr'>τοῖς</span> <span class='ocrx_word' id='word_1_416' title='bbox 2472 2833 2751 2903; x_wconf 75' lang='grc' dir='ltr'>λογισμοῖς</span> <span class='ocrx_word' id='word_1_417' title='bbox 2776 2832 3082 2884; x_wconf 81' lang='grc' dir='ltr'>ἐπιστατεῖν</span> <span class='ocrx_word' id='word_1_418' title='bbox 3104 2829 3237 2899; x_wconf 83' lang='grc'>(17),</span> <span class='ocrx_word' id='word_1_419' title='bbox 3259 2828 3398 2881; x_wconf 83' lang='grc' dir='ltr'><strong>ἀλλά</strong></span> <span class='ocrx_word' id='word_1_420' title='bbox 3422 2824 3707 2880; x_wconf 68' lang='grc' dir='ltr'>καὶτούτων</span> 
     </span>
    </p>
   </div>
   <div class='ocr_carea' id='block_1_58' title="bbox 2154 2916 3707 2995">
    <p class='ocr_par' dir='ltr' id='par_1_58' title="bbox 2154 2916 3707 2995">
     <span class='ocr_line' id='line_1_58' title="bbox 2154 2916 3707 2995; baseline -0.008 -17"><span class='ocrx_word' id='word_1_421' title='bbox 2154 2924 2254 2995; x_wconf 81' lang='grc' dir='ltr'>τῆς</span> <span class='ocrx_word' id='word_1_422' title='bbox 2284 2923 2521 2994; x_wconf 75' lang='grc' dir='ltr'>ὁμιλίας,</span> <span class='ocrx_word' id='word_1_423' title='bbox 2548 2922 2623 2985; x_wconf 83' lang='grc' dir='ltr'>ὼς</span> <span class='ocrx_word' id='word_1_424' title='bbox 2668 2916 2779 2975; x_wconf 78' lang='grc' dir='ltr'>οἷόν</span> <span class='ocrx_word' id='word_1_425' title='bbox 2823 2937 2904 2984; x_wconf 84' lang='grc' dir='ltr'><strong>τε,</strong></span> <span class='ocrx_word' id='word_1_426' title='bbox 2955 2918 3303 2991; x_wconf 77' lang='grc' dir='ltr'>χωρίζεσθαι,</span> <span class='ocrx_word' id='word_1_427' title='bbox 3361 2919 3588 2989; x_wconf 79' lang='grc' dir='ltr'>μάλιστα</span> <span class='ocrx_word' id='word_1_428' title='bbox 3623 2918 3707 2970; x_wconf 84' lang='grc' dir='ltr'>ὅσα</span> 
     </span>
    </p>
   </div>
   <div class='ocr_carea' id='block_1_59' title="bbox 2158 3007 3709 3087">
    <p class='ocr_par' dir='ltr' id='par_1_59' title="bbox 2158 3007 3709 3087">
     <span class='ocr_line' id='line_1_59' title="bbox 2158 3007 3709 3087; baseline -0.007 -18"><span class='ocrx_word' id='word_1_429' title='bbox 2158 3014 2525 3087; x_wconf 75' lang='grc' dir='ltr'>πλησιάζοντα</span> <span class='ocrx_word' id='word_1_430' title='bbox 2555 3015 2685 3083; x_wconf 82' lang='grc' dir='ltr'>ἡμῖν</span> <span class='ocrx_word' id='word_1_431' title='bbox 2721 3013 2799 3075; x_wconf 86' lang='grc' dir='ltr'>εἰς</span> <span class='ocrx_word' id='word_1_432' title='bbox 2829 3010 3133 3082; x_wconf 77' lang='grc' dir='ltr'>ὑπόμνησίν</span> <span class='ocrx_word' id='word_1_433' title='bbox 3160 3026 3217 3062; x_wconf 91' lang='grc' dir='ltr'><strong>τε</strong></span> <span class='ocrx_word' id='word_1_434' title='bbox 3247 3008 3360 3062; x_wconf 83' lang='grc' dir='ltr'><strong>τῶν</strong></span> <span class='ocrx_word' id='word_1_435' title='bbox 3386 3007 3563 3061; x_wconf 81' lang='grc' dir='ltr'>παθῶν</span> <span class='ocrx_word' id='word_1_436' title='bbox 3584 3007 3709 3077; x_wconf 74' lang='grc' dir='ltr'>ἡμᾶς</span> 
     </span>
    </p>
   </div>
   <div class='ocr_carea' id='block_1_60' title="bbox 479 3091 2049 3185">
    <p class='ocr_par' dir='ltr' id='par_1_60' title="bbox 479 3091 2049 3160">
     <span class='ocr_line' id='line_1_60' title="bbox 479 3091 2049 3160; baseline 0.001 -12"><span class='ocrx_word' id='word_1_437' title='bbox 479 3103 706 3148; x_wconf 77' lang='lat' dir='ltr'><strong>accessu</strong></span> <span class='ocrx_word' id='word_1_438' title='bbox 742 3091 1018 3145; x_wconf 86' lang='lat' dir='ltr'><strong>libidinem</strong></span> <span class='ocrx_word' id='word_1_439' title='bbox 1054 3092 1212 3147; x_wconf 91' lang='lat' dir='ltr'><strong>nobis</strong></span> <span class='ocrx_word' id='word_1_440' title='bbox 1245 3092 1299 3145; x_wconf 91' lang='lat' dir='ltr'><strong>in</strong></span> <span class='ocrx_word' id='word_1_441' title='bbox 1335 3093 1651 3146; x_wconf 87' lang='lat' dir='ltr'><strong>memoriam</strong></span> <span class='ocrx_word' id='word_1_442' title='bbox 1691 3102 2049 3160; x_wconf 77' lang='lat' dir='ltr'><strong>revocantes,</strong></span> 
     </span>
    </p>
   </div>
   <div class='ocr_carea' id='block_1_61' title="bbox 2154 3091 3691 3185">
    <p class='ocr_par' dir='ltr' id='par_1_61' title="bbox 2157 3099 3691 3177">
     <span class='ocr_line' id='line_1_61' title="bbox 2157 3099 3691 3177; baseline -0.008 -14"><span class='ocrx_word' id='word_1_443' title='bbox 2157 3109 2392 3177; x_wconf 83' lang='grc' dir='ltr'>ἄγοντα,</span> <span class='ocrx_word' id='word_1_444' title='bbox 2443 3106 2699 3177; x_wconf 85' lang='grc' dir='ltr'>ταράττει</span> <span class='ocrx_word' id='word_1_445' title='bbox 2750 3103 2846 3156; x_wconf 79' lang='grc' dir='ltr'>κα).</span> <span class='ocrx_word' id='word_1_446' title='bbox 2901 3102 3119 3171; x_wconf 83' lang='grc' dir='ltr'>συγχέει</span> <span class='ocrx_word' id='word_1_447' title='bbox 3163 3100 3254 3153; x_wconf 85' lang='grc' dir='ltr'><strong>τὸν</strong></span> <span class='ocrx_word' id='word_1_448' title='bbox 3305 3099 3593 3171; x_wconf 69' lang='grc' dir='ltr'>λογισμὸν,</span> <span class='ocrx_word' id='word_1_449' title='bbox 3632 3113 3691 3148; x_wconf 79' lang='grc' dir='ltr'><strong>κα</strong></span> 
     </span>
    </p>
   </div>
   <div class='ocr_carea' id='block_1_62' title="bbox 480 3183 2055 3258">
    <p class='ocr_par' dir='ltr' id='par_1_62' title="bbox 480 3183 2055 3258">
     <span class='ocr_line' id='line_1_62' title="bbox 480 3183 2055 3258; baseline 0.003 -21"><span class='ocrx_word' id='word_1_450' title='bbox 480 3184 705 3237; x_wconf 79' lang='lat' dir='ltr'><strong>turbant</strong></span> <span class='ocrx_word' id='word_1_451' title='bbox 734 3198 797 3235; x_wconf 88' lang='lat' dir='ltr'><strong>ac</strong></span> <span class='ocrx_word' id='word_1_452' title='bbox 820 3183 1163 3237; x_wconf 79' lang='lat' dir='ltr'><strong>confundunt</strong></span> <span class='ocrx_word' id='word_1_453' title='bbox 1188 3191 1423 3237; x_wconf 84' lang='lat' dir='ltr'><strong>utentem</strong></span> <span class='ocrx_word' id='word_1_454' title='bbox 1446 3223 1459 3245; x_wconf 85' lang='lat'><strong>.</strong></span> <span class='ocrx_word' id='word_1_455' title='bbox 1487 3185 1735 3255; x_wconf 75' lang='lat' dir='ltr'><strong>bellaque</strong></span> <span class='ocrx_word' id='word_1_456' title='bbox 1760 3193 1814 3240; x_wconf 88' lang='lat' dir='ltr'><strong>et</strong></span> <span class='ocrx_word' id='word_1_457' title='bbox 1843 3202 2055 3258; x_wconf 75' lang='lat' dir='ltr'><strong>pugnas</strong></span> 
     </span>
    </p>
   </div>
   <div class='ocr_carea' id='block_1_63' title="bbox 480 3273 2058 3345">
    <p class='ocr_par' dir='ltr' id='par_1_63' title="bbox 480 3273 2058 3345">
     <span class='ocr_line' id='line_1_63' title="bbox 480 3273 2058 3345; baseline 0.002 -14"><span class='ocrx_word' id='word_1_458' title='bbox 480 3275 665 3331; x_wconf 81' lang='lat' dir='ltr'><strong>animo</strong></span> <span class='ocrx_word' id='word_1_459' title='bbox 696 3274 920 3329; x_wconf 81' lang='lat' dir='ltr'><strong>faciunt.</strong></span> <span class='ocrx_word' id='word_1_460' title='bbox 958 3273 1161 3328; x_wconf 86' lang='lat' dir='ltr'><strong>Bellum</strong></span> <span class='ocrx_word' id='word_1_461' title='bbox 1205 3279 1349 3329; x_wconf 90' lang='lat' dir='ltr'><strong>enim</strong></span> <span class='ocrx_word' id='word_1_462' title='bbox 1381 3278 1526 3345; x_wconf 87' lang='lat' dir='ltr'><strong>quod</strong></span> <span class='ocrx_word' id='word_1_463' title='bbox 1558 3278 1748 3332; x_wconf 86' lang='lat' dir='ltr'><strong>invitis</strong></span> <span class='ocrx_word' id='word_1_464' title='bbox 1783 3280 1943 3334; x_wconf 86' lang='lat' dir='ltr'><strong>nobis</strong></span> <span class='ocrx_word' id='word_1_465' title='bbox 1973 3294 2058 3333; x_wconf 88' lang='lat' dir='ltr'><strong>ac-</strong></span> 
     </span>
    </p>
   </div>
   <div class='ocr_carea' id='block_1_64' title="bbox 479 3367 2055 3440">
    <p class='ocr_par' dir='ltr' id='par_1_64' title="bbox 479 3367 2055 3440">
     <span class='ocr_line' id='line_1_64' title="bbox 479 3367 2055 3440; baseline 0.003 -19"><span class='ocrx_word' id='word_1_466' title='bbox 479 3367 637 3430; x_wconf 84' lang='lat' dir='ltr'><strong>cidit,</strong></span> <span class='ocrx_word' id='word_1_467' title='bbox 666 3368 897 3422; x_wconf 74' lang='lat' dir='ltr'><strong>suﬂerre</strong></span> <span class='ocrx_word' id='word_1_468' title='bbox 920 3368 1079 3436; x_wconf 89' lang='lat' dir='ltr'><strong>plane</strong></span> <span class='ocrx_word' id='word_1_469' title='bbox 1104 3383 1328 3423; x_wconf 90' lang='lat' dir='ltr'><strong>necesse</strong></span> <span class='ocrx_word' id='word_1_470' title='bbox 1357 3369 1549 3435; x_wconf 56' lang='lat' dir='ltr'><strong>fueritt;</strong></span> <span class='ocrx_word' id='word_1_471' title='bbox 1575 3370 1667 3424; x_wconf 89' lang='lat' dir='ltr'><strong>sed</strong></span> <span class='ocrx_word' id='word_1_472' title='bbox 1694 3381 2055 3440; x_wconf 86' lang='lat' dir='ltr'><strong>spontaneum</strong></span> 
     </span>
    </p>
   </div>
   <div class='ocr_carea' id='block_1_65' title="bbox 479 3457 2056 3533">
    <p class='ocr_par' dir='ltr' id='par_1_65' title="bbox 479 3457 2056 3533">
     <span class='ocr_line' id='line_1_65' title="bbox 479 3457 2056 3533; baseline 0.001 -18"><span class='ocrx_word' id='word_1_473' title='bbox 479 3457 680 3515; x_wconf 81' lang='lat' dir='ltr'><strong>bellum</strong></span> <span class='ocrx_word' id='word_1_474' title='bbox 709 3459 811 3516; x_wconf 89' lang='lat' dir='ltr'><strong>sibi</strong></span> <span class='ocrx_word' id='word_1_475' title='bbox 838 3460 982 3514; x_wconf 90' lang='lat' dir='ltr'><strong>ciere</strong></span> <span class='ocrx_word' id='word_1_476' title='bbox 1006 3468 1088 3514; x_wconf 92' lang='lat' dir='ltr'><strong>est</strong></span> <span class='ocrx_word' id='word_1_477' title='bbox 1110 3460 1593 3515; x_wconf 85' lang='lat' dir='ltr'><strong>absurdissimum.</strong></span> <span class='ocrx_word' id='word_1_478' title='bbox 1623 3463 1676 3515; x_wconf 89' lang='lat' dir='ltr'><strong>In</strong></span> <span class='ocrx_word' id='word_1_479' title='bbox 1706 3465 1884 3533; x_wconf 84' lang='lat' dir='ltr'><strong>priore</strong></span> <span class='ocrx_word' id='word_1_480' title='bbox 1909 3465 2056 3517; x_wconf 83' lang='lat' dir='ltr'><strong>enim</strong></span> 
     </span>
    </p>
   </div>
   <div class='ocr_carea' id='block_1_66' title="bbox 479 3551 2057 3625">
    <p class='ocr_par' dir='ltr' id='par_1_66' title="bbox 479 3551 2057 3625">
     <span class='ocr_line' id='line_1_66' title="bbox 479 3551 2057 3625; baseline 0.002 -18"><span class='ocrx_word' id='word_1_481' title='bbox 479 3551 698 3607; x_wconf 87' lang='lat' dir='ltr'><strong>etiamsi</strong></span> <span class='ocrx_word' id='word_1_482' title='bbox 740 3553 864 3623; x_wconf 90' lang='lat' dir='ltr'><strong>quis</strong></span> <span class='ocrx_word' id='word_1_483' title='bbox 902 3558 1214 3623; x_wconf 88' lang='lat' dir='ltr'><strong>superetur,</strong></span> <span class='ocrx_word' id='word_1_484' title='bbox 1250 3553 1390 3608; x_wconf 82' lang='lat' dir='ltr'><strong>forte</strong></span> <span class='ocrx_word' id='word_1_485' title='bbox 1430 3555 1646 3608; x_wconf 89' lang='lat' dir='ltr'><strong>veniam</strong></span> <span class='ocrx_word' id='word_1_486' title='bbox 1686 3564 2057 3625; x_wconf 85' lang='lat' dir='ltr'><strong>consequetur</strong></span> 
     </span>
    </p>
   </div>
   <div class='ocr_carea' id='block_1_67' title="bbox 482 3644 2056 3715">
    <p class='ocr_par' dir='ltr' id='par_1_67' title="bbox 482 3644 2056 3715">
     <span class='ocr_line' id='line_1_67' title="bbox 482 3644 2056 3715; baseline 0.004 -17"><span class='ocrx_word' id='word_1_487' title='bbox 482 3644 663 3715; x_wconf 84' lang='lat' dir='ltr'><strong>(absit</strong></span> <span class='ocrx_word' id='word_1_488' title='bbox 710 3655 890 3699; x_wconf 91' lang='lat' dir='ltr'><strong>tamen</strong></span> <span class='ocrx_word' id='word_1_489' title='bbox 944 3646 1047 3699; x_wconf 89' lang='lat' dir='ltr'><strong>hoc</strong></span> <span class='ocrx_word' id='word_1_490' title='bbox 1086 3662 1115 3699; x_wconf 88' lang='lat' dir='ltr'><strong>a</strong></span> <span class='ocrx_word' id='word_1_491' title='bbox 1156 3645 1360 3700; x_wconf 80' lang='lat' dir='ltr'><strong>Christi</strong></span> <span class='ocrx_word' id='word_1_492' title='bbox 1400 3648 1700 3713; x_wconf 84' lang='lat' dir='ltr'><strong>athletis):</strong></span> <span class='ocrx_word' id='word_1_493' title='bbox 1733 3655 1789 3703; x_wconf 90' lang='lat' dir='ltr'><strong>at</strong></span> <span class='ocrx_word' id='word_1_494' title='bbox 1829 3665 1962 3704; x_wconf 87' lang='lat' dir='ltr'><strong>vero</strong></span> <span class='ocrx_word' id='word_1_495' title='bbox 1998 3649 2056 3705; x_wconf 87' lang='lat' dir='ltr'><strong>in</strong></span> 
     </span>
    </p>
   </div>
   <div class='ocr_carea' id='block_1_68' title="bbox 480 3735 2056 3808">
    <p class='ocr_par' dir='ltr' id='par_1_68' title="bbox 480 3735 2056 3808">
     <span class='ocr_line' id='line_1_68' title="bbox 480 3735 2056 3808; baseline 0.004 -20"><span class='ocrx_word' id='word_1_496' title='bbox 480 3735 654 3789; x_wconf 84' lang='lat' dir='ltr'><strong>altero</strong></span> <span class='ocrx_word' id='word_1_497' title='bbox 686 3737 729 3789; x_wconf 89' lang='lat' dir='ltr'><strong>si</strong></span> <span class='ocrx_word' id='word_1_498' title='bbox 760 3737 883 3805; x_wconf 90' lang='lat' dir='ltr'><strong>quis</strong></span> <span class='ocrx_word' id='word_1_499' title='bbox 915 3737 1189 3800; x_wconf 87' lang='lat' dir='ltr'><strong>vincatur,</strong></span> <span class='ocrx_word' id='word_1_500' title='bbox 1228 3740 1739 3808; x_wconf 68' lang='lat' dir='ltr'><strong>przeterquamquod</strong></span> <span class='ocrx_word' id='word_1_501' title='bbox 1773 3740 1827 3794; x_wconf 88' lang='lat' dir='ltr'><strong>id</strong></span> <span class='ocrx_word' id='word_1_502' title='bbox 1865 3742 2056 3796; x_wconf 89' lang='lat' dir='ltr'><strong>admo-</strong></span> 
     </span>
    </p>
   </div>
   <div class='ocr_carea' id='block_1_69' title="bbox 480 3824 2056 3904">
    <p class='ocr_par' dir='ltr' id='par_1_69' title="bbox 480 3824 2056 3904">
     <span class='ocr_line' id='line_1_69' title="bbox 480 3824 2056 3904; baseline 0.006 -24"><span class='ocrx_word' id='word_1_503' title='bbox 480 3824 611 3880; x_wconf 89' lang='lat' dir='ltr'><strong>dum</strong></span> <span class='ocrx_word' id='word_1_504' title='bbox 657 3827 948 3882; x_wconf 89' lang='lat' dir='ltr'><strong>ridiculum</strong></span> <span class='ocrx_word' id='word_1_505' title='bbox 993 3837 1107 3895; x_wconf 86' lang='lat' dir='ltr'><strong>est,</strong></span> <span class='ocrx_word' id='word_1_506' title='bbox 1157 3839 1420 3899; x_wconf 69' lang='lat' dir='ltr'><strong>prmterca</strong></span> <span class='ocrx_word' id='word_1_507' title='bbox 1465 3834 1620 3886; x_wconf 80' lang='lat' dir='ltr'><strong>venia</strong></span> <span class='ocrx_word' id='word_1_508' title='bbox 1665 3843 1837 3889; x_wconf 85' lang='lat' dir='ltr'><strong>caret.</strong></span> <span class='ocrx_word' id='word_1_509' title='bbox 1868 3833 2056 3904; x_wconf 84' lang='lat' dir='ltr'><strong>itaque</strong></span> 
     </span>
    </p>
   </div>
   <div class='ocr_carea' id='block_1_70' title="bbox 480 3919 2056 3994">
    <p class='ocr_par' dir='ltr' id='par_1_70' title="bbox 480 3919 2056 3994">
     <span class='ocr_line' id='line_1_70' title="bbox 480 3919 2056 3994; baseline 0.006 -23"><span class='ocrx_word' id='word_1_510' title='bbox 480 3931 660 3988; x_wconf 67' lang='lat' dir='ltr'><strong>operte</strong></span> <span class='ocrx_word' id='word_1_511' title='bbox 686 3919 917 3989; x_wconf 90' lang='lat' dir='ltr'><strong>pretium</strong></span> <span class='ocrx_word' id='word_1_512' title='bbox 940 3928 1021 3976; x_wconf 88' lang='lat' dir='ltr'><strong>est</strong></span> <span class='ocrx_word' id='word_1_513' title='bbox 1042 3923 1410 3991; x_wconf 80' lang='lat' dir='ltr'><strong>etmnlierum</strong></span> <span class='ocrx_word' id='word_1_514' title='bbox 1440 3925 1712 3994; x_wconf 87' lang='lat' dir='ltr'><strong>colloquia</strong></span> <span class='ocrx_word' id='word_1_515' title='bbox 1741 3933 1792 3979; x_wconf 90' lang='lat' dir='ltr'><strong>et</strong></span> <span class='ocrx_word' id='word_1_516' title='bbox 1820 3940 2056 3980; x_wconf 88' lang='lat' dir='ltr'><strong>consue-</strong></span> 
     </span>
    </p>
   </div>
   <div class='ocr_carea' id='block_1_71' title="bbox 481 4009 2056 4084">
    <p class='ocr_par' dir='ltr' id='par_1_71' title="bbox 481 4009 2056 4084">
     <span class='ocr_line' id='line_1_71' title="bbox 481 4009 2056 4084; baseline 0.004 -22"><span class='ocrx_word' id='word_1_517' title='bbox 481 4009 702 4064; x_wconf 88' lang='lat' dir='ltr'><strong>tudines</strong></span> <span class='ocrx_word' id='word_1_518' title='bbox 724 4025 885 4079; x_wconf 89' lang='lat' dir='ltr'><strong>quam</strong></span> <span class='ocrx_word' id='word_1_519' title='bbox 912 4012 1148 4065; x_wconf 84' lang='lat' dir='ltr'><strong>maxime</strong></span> <span class='ocrx_word' id='word_1_520' title='bbox 1171 4011 1359 4081; x_wconf 80' lang='lat' dir='ltr'><strong>fugere</strong></span> <span class='ocrx_word' id='word_1_521' title='bbox 1377 4053 1392 4078; x_wconf 89' lang='lat'><strong>,</strong></span> <span class='ocrx_word' id='word_1_522' title='bbox 1420 4014 1525 4068; x_wconf 87' lang='lat' dir='ltr'><strong>nisi</strong></span> <span class='ocrx_word' id='word_1_523' title='bbox 1556 4014 1883 4069; x_wconf 80' lang='lat' dir='ltr'><strong>inevitabilis</strong></span> <span class='ocrx_word' id='word_1_524' title='bbox 1909 4030 2056 4084; x_wconf 74' lang='lat' dir='ltr'><strong>qua:-</strong></span> 
     </span>
    </p>
   </div>
   <div class='ocr_carea' id='block_1_72' title="bbox 479 4100 2055 4173">
    <p class='ocr_par' dir='ltr' id='par_1_72' title="bbox 479 4100 2055 4173">
     <span class='ocr_line' id='line_1_72' title="bbox 479 4100 2055 4173; baseline 0.006 -19"><span class='ocrx_word' id='word_1_525' title='bbox 479 4100 607 4155; x_wconf 86' lang='lat' dir='ltr'><strong>dam</strong></span> <span class='ocrx_word' id='word_1_526' title='bbox 651 4103 955 4159; x_wconf 86' lang='lat' dir='ltr'><strong>necessitas</strong></span> <span class='ocrx_word' id='word_1_527' title='bbox 998 4104 1179 4173; x_wconf 80' lang='lat' dir='ltr'><strong>adigat</strong></span> <span class='ocrx_word' id='word_1_528' title='bbox 1222 4104 1290 4158; x_wconf 89' lang='lat' dir='ltr'><strong>ad</strong></span> <span class='ocrx_word' id='word_1_529' title='bbox 1339 4106 1778 4161; x_wconf 82' lang='lat' dir='ltr'><strong>collocutionem.</strong></span> <span class='ocrx_word' id='word_1_530' title='bbox 1821 4106 1977 4173; x_wconf 87' lang='lat' dir='ltr'><strong>Quod</strong></span> <span class='ocrx_word' id='word_1_531' title='bbox 2007 4108 2055 4163; x_wconf 90' lang='lat' dir='ltr'><strong>si</strong></span> 
     </span>
    </p>
   </div>
   <div class='ocr_carea' id='block_1_73' title="bbox 478 4190 2054 4270">
    <p class='ocr_par' dir='ltr' id='par_1_73' title="bbox 478 4190 2054 4270">
     <span class='ocr_line' id='line_1_73' title="bbox 478 4190 2054 4270; baseline 0.005 -23"><span class='ocrx_word' id='word_1_532' title='bbox 478 4190 865 4248; x_wconf 82' lang='lat' dir='ltr'><strong>devenerimus</strong></span> <span class='ocrx_word' id='word_1_533' title='bbox 907 4192 975 4247; x_wconf 86' lang='lat' dir='ltr'><strong>ad</strong></span> <span class='ocrx_word' id='word_1_534' title='bbox 1021 4194 1124 4248; x_wconf 89' lang='lat' dir='ltr'><strong>hoc</strong></span> <span class='ocrx_word' id='word_1_535' title='bbox 1163 4196 1550 4261; x_wconf 81' lang='lat' dir='ltr'><strong>necessitatis,</strong></span> <span class='ocrx_word' id='word_1_536' title='bbox 1582 4199 1650 4252; x_wconf 86' lang='lat' dir='ltr'><strong>ab</strong></span> <span class='ocrx_word' id='word_1_537' title='bbox 1682 4199 1767 4253; x_wconf 88' lang='lat' dir='ltr'><strong>his</strong></span> <span class='ocrx_word' id='word_1_538' title='bbox 1794 4207 2054 4270; x_wconf 85' lang='lat' dir='ltr'><strong>tanquam</strong></span> 
     </span>
    </p>
   </div>
   <div class='ocr_carea' id='block_1_74' title="bbox 480 4282 2056 4359">
    <p class='ocr_par' dir='ltr' id='par_1_74' title="bbox 480 4282 2056 4359">
     <span class='ocr_line' id='line_1_74' title="bbox 480 4282 2056 4359; baseline 0.006 -22"><span class='ocrx_word' id='word_1_539' title='bbox 480 4283 550 4337; x_wconf 75' lang='lat' dir='ltr'><strong>ab</strong></span> <span class='ocrx_word' id='word_1_540' title='bbox 578 4282 703 4353; x_wconf 83' lang='lat' dir='ltr'><strong>igne</strong></span> <span class='ocrx_word' id='word_1_541' title='bbox 732 4285 1035 4340; x_wconf 87' lang='lat' dir='ltr'><strong>cavendum</strong></span> <span class='ocrx_word' id='word_1_542' title='bbox 1067 4296 1182 4354; x_wconf 88' lang='lat' dir='ltr'><strong>est,</strong></span> <span class='ocrx_word' id='word_1_543' title='bbox 1211 4295 1264 4341; x_wconf 91' lang='lat' dir='ltr'><strong>et</strong></span> <span class='ocrx_word' id='word_1_544' title='bbox 1310 4288 1377 4341; x_wconf 91' lang='lat' dir='ltr'><strong>ab</strong></span> <span class='ocrx_word' id='word_1_545' title='bbox 1417 4289 1551 4359; x_wconf 89' lang='lat' dir='ltr'><strong>ipsis</strong></span> <span class='ocrx_word' id='word_1_546' title='bbox 1595 4291 1851 4346; x_wconf 89' lang='lat' dir='ltr'><strong>ocissime</strong></span> <span class='ocrx_word' id='word_1_547' title='bbox 1889 4302 1943 4347; x_wconf 93' lang='lat' dir='ltr'><strong>et</strong></span> <span class='ocrx_word' id='word_1_548' title='bbox 1974 4309 2056 4347; x_wconf 87' lang='lat' dir='ltr'><strong>ce-</strong></span> 
     </span>
    </p>
   </div>
   <div class='ocr_carea' id='block_1_75' title="bbox 480 4373 2054 4453">
    <p class='ocr_par' dir='ltr' id='par_1_75' title="bbox 480 4373 2054 4453">
     <span class='ocr_line' id='line_1_75' title="bbox 480 4373 2054 4453; baseline 0.008 -25"><span class='ocrx_word' id='word_1_549' title='bbox 480 4373 702 4430; x_wconf 86' lang='lat' dir='ltr'><strong>lerrime</strong></span> <span class='ocrx_word' id='word_1_550' title='bbox 748 4377 1135 4433; x_wconf 90' lang='lat' dir='ltr'><strong>secedendum.</strong></span> <span class='ocrx_word' id='word_1_551' title='bbox 1180 4379 1486 4434; x_wconf 74' lang='lat' dir='ltr'><strong>Considera</strong></span> <span class='ocrx_word' id='word_1_552' title='bbox 1519 4390 1698 4437; x_wconf 87' lang='lat' dir='ltr'><strong>autem</strong></span> <span class='ocrx_word' id='word_1_553' title='bbox 1728 4382 1860 4453; x_wconf 89' lang='lat' dir='ltr'><strong>quid</strong></span> <span class='ocrx_word' id='word_1_554' title='bbox 1890 4400 1954 4440; x_wconf 90' lang='lat' dir='ltr'><strong>ea</strong></span> <span class='ocrx_word' id='word_1_555' title='bbox 1985 4386 2054 4440; x_wconf 92' lang='lat' dir='ltr'><strong>de</strong></span> 
     </span>
    </p>
   </div>
   <div class='ocr_carea' id='block_1_76' title="bbox 2158 3186 3707 3268">
    <p class='ocr_par' dir='ltr' id='par_1_76' title="bbox 2158 3186 3707 3268">
     <span class='ocr_line' id='line_1_76' title="bbox 2158 3186 3707 3268; baseline -0.008 -16"><span class='ocrx_word' id='word_1_556' title='bbox 2158 3197 2426 3268; x_wconf 84' lang='grc' dir='ltr'>πολέμους</span> <span class='ocrx_word' id='word_1_557' title='bbox 2453 3197 2546 3248; x_wconf 65' lang='grc' dir='ltr'><strong>καί¹</strong></span> <span class='ocrx_word' id='word_1_558' title='bbox 2578 3195 2793 3263; x_wconf 82' lang='grc' dir='ltr'>ἀγῶνας</span> <span class='ocrx_word' id='word_1_559' title='bbox 2821 3193 2933 3263; x_wconf 78' lang='grc'>(18)</span> <span class='ocrx_word' id='word_1_560' title='bbox 2966 3195 3184 3263; x_wconf 78' lang='grc' dir='ltr'>ἐμποιεῖ</span> <span class='ocrx_word' id='word_1_561' title='bbox 3211 3194 3275 3263; x_wconf 79' lang='grc' dir='ltr'>τῇ</span> <span class='ocrx_word' id='word_1_562' title='bbox 3308 3192 3476 3263; x_wconf 67' lang='grc' dir='ltr'>ψυχῇ.</span> <span class='ocrx_word' id='word_1_563' title='bbox 3503 3191 3599 3243; x_wconf 77' lang='grc' dir='ltr'>Τὸν</span> <span class='ocrx_word' id='word_1_564' title='bbox 3625 3186 3707 3258; x_wconf 82' lang='grc' dir='ltr'><strong>μὲν</strong></span> 
     </span>
    </p>
   </div>
   <div class='ocr_carea' id='block_1_77' title="bbox 2157 3280 3707 3363">
    <p class='ocr_par' dir='ltr' id='par_1_77' title="bbox 2157 3280 3707 3363">
     <span class='ocr_line' id='line_1_77' title="bbox 2157 3280 3707 3363; baseline -0.005 -19"><span class='ocrx_word' id='word_1_565' title='bbox 2157 3291 2267 3363; x_wconf 85' lang='grc' dir='ltr'>γὰρ</span> <span class='ocrx_word' id='word_1_566' title='bbox 2293 3290 2560 3354; x_wconf 83' lang='grc' dir='ltr'>ἀκουσίως</span> <span class='ocrx_word' id='word_1_567' title='bbox 2592 3292 2721 3361; x_wconf 78' lang='grc' dir='ltr'>ἡμῖν</span> <span class='ocrx_word' id='word_1_568' title='bbox 2767 3288 3176 3361; x_wconf 86' lang='grc' dir='ltr'>προσπίπτοντα</span> <span class='ocrx_word' id='word_1_569' title='bbox 3214 3280 3707 3357; x_wconf 78' lang='grc' dir='ltr'>καταδέχεσθαι</span> 
     </span>
    </p>
   </div>
   <div class='ocr_carea' id='block_1_78' title="bbox 2156 3375 3707 3455">
    <p class='ocr_par' dir='ltr' id='par_1_78' title="bbox 2156 3375 3707 3455">
     <span class='ocr_line' id='line_1_78' title="bbox 2156 3375 3707 3455; baseline -0.008 -19"><span class='ocrx_word' id='word_1_570' title='bbox 2156 3383 2322 3455; x_wconf 88' lang='grc' dir='ltr'>λεμον</span> <span class='ocrx_word' id='word_1_571' title='bbox 2376 3384 2669 3451; x_wconf 80' lang='grc' dir='ltr'>ἀναγκαῖον</span> <span class='ocrx_word' id='word_1_572' title='bbox 2712 3382 2777 3436; x_wconf 84' lang='grc' dir='ltr'>ἂν</span> <span class='ocrx_word' id='word_1_573' title='bbox 2819 3380 2938 3451; x_wconf 77' lang='grc' dir='ltr'>εἴη’</span> <span class='ocrx_word' id='word_1_574' title='bbox 2991 3379 3238 3433; x_wconf 79' lang='grc' dir='ltr'>ἑκούσιον</span> <span class='ocrx_word' id='word_1_575' title='bbox 3282 3378 3342 3432; x_wconf 79' lang='grc' dir='ltr'>δὲ</span> <span class='ocrx_word' id='word_1_576' title='bbox 3383 3375 3707 3448; x_wconf 82' lang='grc' dir='ltr'>δημιουργεῖν</span> 
     </span>
    </p>
   </div>
   <div class='ocr_carea' id='block_1_79' title="bbox 2157 3463 3709 3544">
    <p class='ocr_par' dir='ltr' id='par_1_79' title="bbox 2157 3463 3709 3544">
     <span class='ocr_line' id='line_1_79' title="bbox 2157 3463 3709 3544; baseline -0.008 -15"><span class='ocrx_word' id='word_1_577' title='bbox 2157 3476 2367 3538; x_wconf 74' lang='grc' dir='ltr'>ἑαυτοῖς</span> <span class='ocrx_word' id='word_1_578' title='bbox 2409 3473 2769 3543; x_wconf 85' lang='grc' dir='ltr'>ἀλογώτατον.</span> <span class='ocrx_word' id='word_1_579' title='bbox 2819 3474 2908 3526; x_wconf 81' lang='grc' dir='ltr'>Ἐν</span> <span class='ocrx_word' id='word_1_580' title='bbox 2950 3472 3045 3544; x_wconf 79' lang='grc' dir='ltr'>μὲν</span> <span class='ocrx_word' id='word_1_581' title='bbox 3085 3473 3194 3541; x_wconf 80' lang='grc' dir='ltr'><strong>γάρ</strong></span> <span class='ocrx_word' id='word_1_582' title='bbox 3238 3470 3316 3540; x_wconf 79' lang='grc' dir='ltr'>τῷ</span> <span class='ocrx_word' id='word_1_583' title='bbox 3364 3469 3603 3541; x_wconf 81' lang='grc' dir='ltr'>προτέρῳ</span> <span class='ocrx_word' id='word_1_584' title='bbox 3630 3463 3709 3517; x_wconf 78' lang='grc' dir='ltr'>καὶ</span> 
     </span>
    </p>
   </div>
   <div class='ocr_carea' id='block_1_80' title="bbox 2155 3556 3708 3639">
    <p class='ocr_par' dir='ltr' id='par_1_80' title="bbox 2155 3556 3708 3639">
     <span class='ocr_line' id='line_1_80' title="bbox 2155 3556 3708 3639; baseline -0.01 -16"><span class='ocrx_word' id='word_1_585' title='bbox 2155 3568 2190 3639; x_wconf 78' lang='grc' dir='ltr'>ἡ</span> <span class='ocrx_word' id='word_1_586' title='bbox 2235 3562 2373 3639; x_wconf 78' lang='grc' dir='ltr'>ἧττα</span> <span class='ocrx_word' id='word_1_587' title='bbox 2404 3567 2564 3636; x_wconf 78' lang='grc' dir='ltr'>τυχὸν</span> <span class='ocrx_word' id='word_1_588' title='bbox 2622 3564 2971 3639; x_wconf 73' lang='grc' dir='ltr'><strong>συγγνώμης¹</strong></span> <span class='ocrx_word' id='word_1_589' title='bbox 3000 3564 3271 3629; x_wconf 79' lang='grc' dir='ltr'>τεύξεται,</span> <span class='ocrx_word' id='word_1_590' title='bbox 3313 3562 3483 3629; x_wconf 83' lang='grc' dir='ltr'>ἀπείη</span> <span class='ocrx_word' id='word_1_591' title='bbox 3526 3560 3580 3612; x_wconf 83' lang='grc' dir='ltr'>δὲ</span> <span class='ocrx_word' id='word_1_592' title='bbox 3616 3556 3708 3609; x_wconf 81' lang='grc' dir='ltr'><strong>τῶν</strong></span> 
     </span>
    </p>
   </div>
   <div class='ocr_carea' id='block_1_81' title="bbox 2152 3647 3705 3732">
    <p class='ocr_par' dir='ltr' id='par_1_81' title="bbox 2152 3647 3705 3732">
     <span class='ocr_line' id='line_1_81' title="bbox 2152 3647 3705 3732; baseline -0.005 -17"><span class='ocrx_word' id='word_1_593' title='bbox 2152 3661 2298 3715; x_wconf 64' lang='grc' dir='ltr'>τιατά</span> <span class='ocrx_word' id='word_1_594' title='bbox 2329 3661 2563 3732; x_wconf 83' lang='grc' dir='ltr'>Χριστὸν</span> <span class='ocrx_word' id='word_1_595' title='bbox 2592 3657 2867 3729; x_wconf 80' lang='grc' dir='ltr'>ἀθλητῶν·</span> <span class='ocrx_word' id='word_1_596' title='bbox 2890 3660 2948 3709; x_wconf 83' lang='grc' dir='ltr'><strong>ἐν</strong></span> <span class='ocrx_word' id='word_1_597' title='bbox 2981 3656 3039 3709; x_wconf 80' lang='grc' dir='ltr'><strong>δὲ</strong></span> <span class='ocrx_word' id='word_1_598' title='bbox 3069 3654 3242 3725; x_wconf 73' lang='grc' dir='ltr'>τούτῳ</span> <span class='ocrx_word' id='word_1_599' title='bbox 3271 3653 3331 3706; x_wconf 71' lang='grc' dir='ltr'>τὸ</span> <span class='ocrx_word' id='word_1_600' title='bbox 3367 3652 3564 3706; x_wconf 85' lang='grc' dir='ltr'>ἁλῶναι</span> <span class='ocrx_word' id='word_1_601' title='bbox 3593 3647 3705 3720; x_wconf 75' lang='grc'>(19).</span> 
     </span>
    </p>
   </div>
   <div class='ocr_carea' id='block_1_82' title="bbox 2155 3739 3711 3824">
    <p class='ocr_par' dir='ltr' id='par_1_82' title="bbox 2155 3739 3711 3824">
     <span class='ocr_line' id='line_1_82' title="bbox 2155 3739 3711 3824; baseline -0.008 -21"><span class='ocrx_word' id='word_1_602' title='bbox 2155 3752 2293 3824; x_wconf 85' lang='grc' dir='ltr'>πρὸς</span> <span class='ocrx_word' id='word_1_603' title='bbox 2334 3752 2396 3804; x_wconf 81' lang='grc' dir='ltr'><strong>τὸ</strong></span> <span class='ocrx_word' id='word_1_604' title='bbox 2429 3751 2830 3814; x_wconf 75' lang='grc' dir='ltr'>καταγέλαστον</span> <span class='ocrx_word' id='word_1_605' title='bbox 2861 3744 3029 3811; x_wconf 80' lang='grc' dir='ltr'>εἶναι,</span> <span class='ocrx_word' id='word_1_606' title='bbox 3075 3747 3167 3801; x_wconf 77' lang='grc' dir='ltr'><strong>καὶ</strong></span> <span class='ocrx_word' id='word_1_607' title='bbox 3217 3744 3548 3813; x_wconf 80' lang='grc' dir='ltr'>συγγνώμης</span> <span class='ocrx_word' id='word_1_608' title='bbox 3578 3739 3711 3793; x_wconf 77' lang='grc' dir='ltr'>ἐστέ.-</span> 
     </span>
    </p>
   </div>
   <div class='ocr_carea' id='block_1_83' title="bbox 2158 3829 3709 3913">
    <p class='ocr_par' dir='ltr' id='par_1_83' title="bbox 2158 3829 3709 3913">
     <span class='ocr_line' id='line_1_83' title="bbox 2158 3829 3709 3913; baseline -0.006 -21"><span class='ocrx_word' id='word_1_609' title='bbox 2158 3858 2337 3913; x_wconf 85' lang='grc' dir='ltr'>ρηται.</span> <span class='ocrx_word' id='word_1_610' title='bbox 2386 3841 2506 3911; x_wconf 87' lang='grc' dir='ltr'>Χρὴ</span> <span class='ocrx_word' id='word_1_611' title='bbox 2539 3840 2715 3892; x_wconf 85' lang='grc' dir='ltr'>τοίνυν</span> <span class='ocrx_word' id='word_1_612' title='bbox 2756 3838 2847 3890; x_wconf 78' lang='grc' dir='ltr'><strong>καὶ</strong></span> <span class='ocrx_word' id='word_1_613' title='bbox 2889 3836 2987 3899; x_wconf 84' lang='grc' dir='ltr'><strong>τὰς</strong></span> <span class='ocrx_word' id='word_1_614' title='bbox 3037 3835 3145 3888; x_wconf 82' lang='grc' dir='ltr'><strong>τῶν</strong></span> <span class='ocrx_word' id='word_1_615' title='bbox 3197 3835 3474 3903; x_wconf 83' lang='grc' dir='ltr'>γυναικῶν</span> <span class='ocrx_word' id='word_1_616' title='bbox 3517 3829 3709 3901; x_wconf 79' lang='grc' dir='ltr'>ὁμιλίας</span> 
     </span>
    </p>
   </div>
   <div class='ocr_carea' id='block_1_84' title="bbox 2156 3922 3708 3999">
    <p class='ocr_par' dir='ltr' id='par_1_84' title="bbox 2156 3922 3708 3999">
     <span class='ocr_line' id='line_1_84' title="bbox 2156 3922 3708 3999; baseline -0.003 -16"><span class='ocrx_word' id='word_1_617' title='bbox 2156 3931 2250 3984; x_wconf 80' lang='grc' dir='ltr'><strong>καὶ</strong></span> <span class='ocrx_word' id='word_1_618' title='bbox 2293 3930 2581 3999; x_wconf 85' lang='grc' dir='ltr'>συντυχίας</span> <span class='ocrx_word' id='word_1_619' title='bbox 2624 3927 2701 3992; x_wconf 80' lang='grc' dir='ltr'>ὡς</span> <span class='ocrx_word' id='word_1_620' title='bbox 2742 3926 2812 3979; x_wconf 78' lang='grc' dir='ltr'>τὰ</span> <span class='ocrx_word' id='word_1_621' title='bbox 2858 3925 3090 3996; x_wconf 88' lang='grc' dir='ltr'>μάλιστα</span> <span class='ocrx_word' id='word_1_622' title='bbox 3142 3924 3400 3992; x_wconf 78' lang='grc' dir='ltr'>φεύγειν,</span> <span class='ocrx_word' id='word_1_623' title='bbox 3447 3925 3493 3975; x_wconf 85' lang='grc' dir='ltr'>εἰ</span> <span class='ocrx_word' id='word_1_624' title='bbox 3528 3922 3595 3992; x_wconf 85' lang='grc' dir='ltr'>μή</span> <span class='ocrx_word' id='word_1_625' title='bbox 3638 3932 3708 3978; x_wconf 79' lang='grc' dir='ltr'>τις</span> 
     </span>
    </p>
   </div>
   <div class='ocr_carea' id='block_1_85' title="bbox 2156 4010 3708 4092">
    <p class='ocr_par' dir='ltr' id='par_1_85' title="bbox 2156 4010 3708 4092">
     <span class='ocr_line' id='line_1_85' title="bbox 2156 4010 3708 4092; baseline -0.008 -18"><span class='ocrx_word' id='word_1_626' title='bbox 2156 4021 2533 4092; x_wconf 84' lang='grc' dir='ltr'>ἀπαραίτητος</span> <span class='ocrx_word' id='word_1_627' title='bbox 2569 4020 2782 4090; x_wconf 78' lang='grc' dir='ltr'>ἀνάγκη</span> <span class='ocrx_word' id='word_1_628' title='bbox 2830 4018 2929 4089; x_wconf 82' lang='grc' dir='ltr'>τὴν</span> <span class='ocrx_word' id='word_1_629' title='bbox 2973 4017 3265 4086; x_wconf 85' lang='grc' dir='ltr'>συντυχίαν</span> <span class='ocrx_word' id='word_1_630' title='bbox 3316 4015 3573 4085; x_wconf 79' lang='grc' dir='ltr'>βιάζοιτο.</span> <span class='ocrx_word' id='word_1_631' title='bbox 3614 4010 3708 4065; x_wconf 76' lang='grc' dir='ltr'><strong>Καὶ</strong></span> 
     </span>
    </p>
   </div>
   <div class='ocr_carea' id='block_1_86' title="bbox 2156 4104 3708 4184">
    <p class='ocr_par' dir='ltr' id='par_1_86' title="bbox 2156 4104 3708 4184">
     <span class='ocr_line' id='line_1_86' title="bbox 2156 4104 3708 4184; baseline -0.007 -18"><span class='ocrx_word' id='word_1_632' title='bbox 2156 4114 2401 4184; x_wconf 86' lang='grc' dir='ltr'>ἀνάγκης</span> <span class='ocrx_word' id='word_1_633' title='bbox 2439 4112 2495 4165; x_wconf 83' lang='grc' dir='ltr'>δὲ</span> <span class='ocrx_word' id='word_1_634' title='bbox 2534 4111 2969 4181; x_wconf 68' lang='grc' dir='ltr'>καταλαϐούσης,</span> <span class='ocrx_word' id='word_1_635' title='bbox 2999 4111 3074 4174; x_wconf 85' lang='grc' dir='ltr'>ὼς</span> <span class='ocrx_word' id='word_1_636' title='bbox 3111 4110 3219 4162; x_wconf 81' lang='grc' dir='ltr'><strong>ἀπὸ</strong></span> <span class='ocrx_word' id='word_1_637' title='bbox 3260 4110 3433 4178; x_wconf 80' lang='grc' dir='ltr'>πυρὸς</span> <span class='ocrx_word' id='word_1_638' title='bbox 3467 4104 3708 4177; x_wconf 79' lang='grc' dir='ltr'>προσήκει</span> 
     </span>
    </p>
   </div>
   <div class='ocr_carea' id='block_1_87' title="bbox 2156 4194 3709 4277">
    <p class='ocr_par' dir='ltr' id='par_1_87' title="bbox 2156 4194 3709 4277">
     <span class='ocr_line' id='line_1_87' title="bbox 2156 4194 3709 4277; baseline -0.009 -19"><span class='ocrx_word' id='word_1_639' title='bbox 2156 4203 2542 4277; x_wconf 79' lang='grc' dir='ltr'>φυλάττεσθαι,</span> <span class='ocrx_word' id='word_1_640' title='bbox 2567 4203 2662 4257; x_wconf 66' lang='grc' dir='ltr'><strong>καὶ</strong></span> <span class='ocrx_word' id='word_1_641' title='bbox 2684 4203 2947 4269; x_wconf 76' lang='grc' dir='ltr'>ὀξυτάτας</span> <span class='ocrx_word' id='word_1_642' title='bbox 2969 4203 3061 4255; x_wconf 72' lang='grc' dir='ltr'><strong>καὶ</strong></span> <span class='ocrx_word' id='word_1_643' title='bbox 3080 4202 3337 4272; x_wconf 83' lang='grc' dir='ltr'>ταχίστας</span> <span class='ocrx_word' id='word_1_644' title='bbox 3365 4200 3475 4269; x_wconf 68' lang='grc' dir='ltr'><strong>(ΞΟ)</strong></span> <span class='ocrx_word' id='word_1_645' title='bbox 3497 4194 3709 4250; x_wconf 85' lang='grc' dir='ltr'>ἀπαλλα-</span> 
     </span>
    </p>
   </div>
   <div class='ocr_carea' id='block_1_88' title="bbox 2154 4286 3709 4366">
    <p class='ocr_par' dir='ltr' id='par_1_88' title="bbox 2154 4286 3709 4366">
     <span class='ocr_line' id='line_1_88' title="bbox 2154 4286 3709 4366; baseline -0.01 -16"><span class='ocrx_word' id='word_1_646' title='bbox 2154 4297 2259 4366; x_wconf 83' lang='grc' dir='ltr'><strong>γάς</strong></span> <span class='ocrx_word' id='word_1_647' title='bbox 2289 4295 2664 4366; x_wconf 82' lang='grc' dir='ltr'>ποιουμένους.</span> <span class='ocrx_word' id='word_1_648' title='bbox 2705 4294 2984 4364; x_wconf 87' lang='grc' dir='ltr'>Σκὸπησον</span> <span class='ocrx_word' id='word_1_649' title='bbox 3006 4293 3062 4347; x_wconf 80' lang='grc' dir='ltr'>δὲ</span> <span class='ocrx_word' id='word_1_650' title='bbox 3096 4292 3148 4345; x_wconf 92' lang='grc' dir='ltr'><strong>τί</strong></span> <span class='ocrx_word' id='word_1_651' title='bbox 3184 4292 3312 4363; x_wconf 75' lang='grc' dir='ltr'>περὶ</span> <span class='ocrx_word' id='word_1_652' title='bbox 3350 4292 3537 4345; x_wconf 75' lang='grc' dir='ltr'>τούτου</span> <span class='ocrx_word' id='word_1_653' title='bbox 3566 4286 3709 4357; x_wconf 77' lang='grc' dir='ltr'>φησὶν</span> 
     </span>
    </p>
   </div>
   <div class='ocr_carea' id='block_1_89' title="bbox 2156 4374 3712 4462">
    <p class='ocr_par' dir='ltr' id='par_1_89' title="bbox 2156 4374 3712 4462">
     <span class='ocr_line' id='line_1_89' title="bbox 2156 4374 3712 4462; baseline -0.01 -18"><span class='ocrx_word' id='word_1_654' title='bbox 2156 4392 2191 4462; x_wconf 82' lang='grc' dir='ltr'>ὴ</span> <span class='ocrx_word' id='word_1_655' title='bbox 2228 4389 2413 4458; x_wconf 72' lang='grc' dir='ltr'>Σοφία·</span> <span class='ocrx_word' id='word_1_656' title='bbox 2455 4386 2753 4442; x_wconf 80' lang='grc' dir='ltr'>Ἄποδέσει</span> <span class='ocrx_word' id='word_1_657' title='bbox 2787 4403 2876 4451; x_wconf 81' lang='grc' dir='ltr'><strong>τις</strong></span> <span class='ocrx_word' id='word_1_658' title='bbox 2902 4385 3021 4452; x_wconf 81' lang='grc' dir='ltr'>πῦρ</span> <span class='ocrx_word' id='word_1_659' title='bbox 3048 4385 3119 4438; x_wconf 83' lang='grc' dir='ltr'>ἐν</span> <span class='ocrx_word' id='word_1_660' title='bbox 3153 4386 3378 4450; x_wconf 77' lang='grc' dir='ltr'>κόλπῳ,</span> <span class='ocrx_word' id='word_1_661' title='bbox 3410 4384 3481 4437; x_wconf 85' lang='grc' dir='ltr'>τὰ</span> <span class='ocrx_word' id='word_1_662' title='bbox 3510 4380 3575 4434; x_wconf 84' lang='grc' dir='ltr'>δὲ</span> <span class='ocrx_word' id='word_1_663' title='bbox 3600 4374 3712 4447; x_wconf 62' lang='lat' dir='ltr'><strong>iud-</strong></span> 
     </span>
    </p>
   </div>
   <div class='ocr_carea' id='block_1_90' title="bbox 480 4463 2049 4551">
    <p class='ocr_par' dir='ltr' id='par_1_90' title="bbox 480 4465 2049 4546">
     <span class='ocr_line' id='line_1_90' title="bbox 480 4465 2049 4546; baseline 0.007 -24"><span class='ocrx_word' id='word_1_664' title='bbox 480 4479 541 4523; x_wconf 87' lang='lat' dir='ltr'><strong>re</strong></span> <span class='ocrx_word' id='word_1_665' title='bbox 571 4465 847 4539; x_wconf 87' lang='lat' dir='ltr'><strong>Sapientia</strong></span> <span class='ocrx_word' id='word_1_666' title='bbox 880 4470 996 4540; x_wconf 87' lang='lat' dir='ltr'><strong>ipsa</strong></span> <span class='ocrx_word' id='word_1_667' title='bbox 1029 4470 1212 4525; x_wconf 84' lang='lat' dir='ltr'><strong>dicat:</strong></span> <span class='ocrx_word' id='word_1_668' title='bbox 1245 4473 1505 4543; x_wconf 78' lang='lat' dir='ltr'><strong>Alligabit</strong></span> <span class='ocrx_word' id='word_1_669' title='bbox 1536 4476 1652 4546; x_wconf 83' lang='lat' dir='ltr'><strong>quis</strong></span> <span class='ocrx_word' id='word_1_670' title='bbox 1679 4476 1849 4546; x_wconf 83' lang='lat' dir='ltr'><strong>ignem</strong></span> <span class='ocrx_word' id='word_1_671' title='bbox 1894 4478 1947 4532; x_wconf 86' lang='lat' dir='ltr'><strong>in</strong></span> <span class='ocrx_word' id='word_1_672' title='bbox 1980 4480 2049 4533; x_wconf 82' lang='lat' dir='ltr'><strong>si-</strong></span> 
     </span>
    </p>
   </div>
   <div class='ocr_carea' id='block_1_91' title="bbox 2154 4463 3709 4551">
    <p class='ocr_par' dir='ltr' id='par_1_91' title="bbox 2159 4463 3709 4551">
     <span class='ocr_line' id='line_1_91' title="bbox 2159 4463 3709 4551; baseline -0.009 -18"><span class='ocrx_word' id='word_1_673' title='bbox 2159 4497 2256 4535; x_wconf 78' lang='grc' dir='ltr'><strong>τια</strong></span> <span class='ocrx_word' id='word_1_674' title='bbox 2290 4480 2399 4551; x_wconf 69' lang='grc'>(21)</span> <span class='ocrx_word' id='word_1_675' title='bbox 2446 4480 2517 4532; x_wconf 84' lang='grc' dir='ltr'>οὐ</span> <span class='ocrx_word' id='word_1_676' title='bbox 2559 4476 2960 4537; x_wconf 72' lang='grc' dir='ltr'>καταχαύσεις</span> <span class='ocrx_word' id='word_1_677' title='bbox 3002 4474 3041 4542; x_wconf 78' lang='grc' dir='ltr'><strong>ἢ</strong></span> <span class='ocrx_word' id='word_1_678' title='bbox 3073 4473 3462 4541; x_wconf 70' lang='grc' dir='ltr'>περιπατήσει</span> <span class='ocrx_word' id='word_1_679' title='bbox 3510 4488 3595 4536; x_wconf 82' lang='grc' dir='ltr'><strong>τις</strong></span> <span class='ocrx_word' id='word_1_680' title='bbox 3629 4463 3709 4519; x_wconf 77' lang='grc' dir='ltr'>ἐπ’</span> 
     </span>
    </p>
   </div>
   <div class='ocr_carea' id='block_1_92' title="bbox 479 4565 2053 4641">
    <p class='ocr_par' dir='ltr' id='par_1_92' title="bbox 479 4565 2053 4641">
     <span class='ocr_line' id='line_1_92' title="bbox 479 4565 2053 4641; baseline 0.007 -27"><span class='ocrx_word' id='word_1_681' title='bbox 479 4574 585 4625; x_wconf 79' lang='lat' dir='ltr'><strong>nu,</strong></span> <span class='ocrx_word' id='word_1_682' title='bbox 618 4570 778 4615; x_wconf 79' lang='lat' dir='ltr'><strong>vestes</strong></span> <span class='ocrx_word' id='word_1_683' title='bbox 814 4572 991 4617; x_wconf 88' lang='lat' dir='ltr'><strong>autem</strong></span> <span class='ocrx_word' id='word_1_684' title='bbox 1018 4581 1117 4617; x_wconf 86' lang='lat' dir='ltr'><strong>non</strong></span> <span class='ocrx_word' id='word_1_685' title='bbox 1151 4565 1418 4620; x_wconf 72' lang='lat' dir='ltr'><strong>comburat</strong></span> <span class='ocrx_word' id='word_1_686' title='bbox 1443 4569 1468 4622; x_wconf 88' lang='lat'><strong><em>?</em></strong></span> <span class='ocrx_word' id='word_1_687' title='bbox 1493 4577 1584 4621; x_wconf 88' lang='lat' dir='ltr'><strong>aut</strong></span> <span class='ocrx_word' id='word_1_688' title='bbox 1616 4568 1907 4623; x_wconf 84' lang='lat' dir='ltr'><strong>ambulabit</strong></span> <span class='ocrx_word' id='word_1_689' title='bbox 1937 4572 2053 4641; x_wconf 78' lang='lat' dir='ltr'><strong>quis</strong></span> 
     </span>
    </p>
   </div>
   <div class='ocr_carea' id='block_1_93' title="bbox 478 4653 1917 4727">
    <p class='ocr_par' dir='ltr' id='par_1_93' title="bbox 478 4653 1917 4727">
     <span class='ocr_line' id='line_1_93' title="bbox 478 4653 1917 4727; baseline 0.008 -22"><span class='ocrx_word' id='word_1_690' title='bbox 478 4665 637 4720; x_wconf 74' lang='lat' dir='ltr'><strong>super</strong></span> <span class='ocrx_word' id='word_1_691' title='bbox 669 4653 921 4709; x_wconf 77' lang='lat' dir='ltr'><strong>carbones</strong></span> <span class='ocrx_word' id='word_1_692' title='bbox 951 4656 1084 4726; x_wconf 80' lang='lat' dir='ltr'><strong>ignis</strong></span> <span class='ocrx_word' id='word_1_693' title='bbox 1104 4695 1118 4721; x_wconf 89' lang='lat'><strong>,</strong></span> <span class='ocrx_word' id='word_1_694' title='bbox 1151 4665 1201 4712; x_wconf 82' lang='lat' dir='ltr'><strong>et</strong></span> <span class='ocrx_word' id='word_1_695' title='bbox 1230 4658 1381 4727; x_wconf 81' lang='lat' dir='ltr'><strong>pedes</strong></span> <span class='ocrx_word' id='word_1_696' title='bbox 1411 4676 1523 4715; x_wconf 84' lang='lat' dir='ltr'><strong>non</strong></span> <span class='ocrx_word' id='word_1_697' title='bbox 1557 4659 1820 4716; x_wconf 75' lang='lat' dir='ltr'><strong>comburat</strong></span> <span class='ocrx_word' id='word_1_698' title='bbox 1851 4662 1917 4717; x_wconf 75' lang='grc'><strong>³⁸1</strong></span> 
     </span>
    </p>
   </div>
   <div class='ocr_carea' id='block_1_94' title="bbox 550 4809 1113 4885">
    <p class='ocr_par' dir='ltr' id='par_1_94' title="bbox 550 4809 1113 4885">
     <span class='ocr_line' id='line_1_94' title="bbox 550 4809 1113 4885; baseline 0.009 -18"><span class='ocrx_word' id='word_1_699' title='bbox 550 4810 575 4846; x_wconf 82' lang='grc'><strong><em>³</em></strong></span> <span class='ocrx_word' id='word_1_700' title='bbox 602 4809 763 4868; x_wconf 86' lang='lat' dir='ltr'><strong>Prov.</strong></span> <span class='ocrx_word' id='word_1_701' title='bbox 794 4812 993 4885; x_wconf 54' lang='lat'><strong>“.327,</strong></span> <span class='ocrx_word' id='word_1_702' title='bbox 1024 4814 1113 4873; x_wconf 78' lang='grc'><strong>23.</strong></span> 
     </span>
    </p>
   </div>
   <div class='ocr_carea' id='block_1_95' title="bbox 553 4974 2053 5053">
    <p class='ocr_par' dir='ltr' id='par_1_95' title="bbox 553 4974 2053 5053">
     <span class='ocr_line' id='line_1_95' title="bbox 553 4974 2053 5053; baseline 0.005 -22"><span class='ocrx_word' id='word_1_703' title='bbox 553 4974 838 5053; x_wconf 65' lang='lat' dir='ltr'><strong>(14)_Reg.</strong></span> <span class='ocrx_word' id='word_1_704' title='bbox 870 4980 1088 5053; x_wconf 83' lang='lat' dir='ltr'><strong>_tertius</strong></span> <span class='ocrx_word' id='word_1_705' title='bbox 1124 4985 1177 5053; x_wconf 73' lang='lat' dir='ltr'><strong>et</strong></span> <span class='ocrx_word' id='word_1_706' title='bbox 1210 4978 1339 5053; x_wconf 82' lang='lat' dir='ltr'><strong>editi</strong></span> <span class='ocrx_word' id='word_1_707' title='bbox 1380 4982 1444 5049; x_wconf 83' lang='grc' dir='ltr'>τῇ</span> <span class='ocrx_word' id='word_1_708' title='bbox 1490 4982 1749 5053; x_wconf 71' lang='grc' dir='ltr'>ῥᾳθυμίᾳ.</span> <span class='ocrx_word' id='word_1_709' title='bbox 1802 4984 1905 5038; x_wconf 83' lang='lat' dir='ltr'><strong>Alii</strong></span> <span class='ocrx_word' id='word_1_710' title='bbox 1939 4990 2053 5040; x_wconf 91' lang='lat' dir='ltr'><strong>tres</strong></span> 
     </span>
    </p>
   </div>
   <div class='ocr_carea' id='block_1_96' title="bbox 479 5047 2050 5120">
    <p class='ocr_par' dir='ltr' id='par_1_96' title="bbox 479 5047 2050 5120">
     <span class='ocr_line' id='line_1_96' title="bbox 479 5047 2050 5120; baseline 0.006 -20"><span class='ocrx_word' id='word_1_711' title='bbox 479 5061 624 5120; x_wconf 83' lang='lat' dir='ltr'><strong>mss.</strong></span> <span class='ocrx_word' id='word_1_712' title='bbox 644 5047 745 5120; x_wconf 79' lang='grc' dir='ltr'><strong>τῆς</strong></span> <span class='ocrx_word' id='word_1_713' title='bbox 788 5047 1082 5120; x_wconf 69' lang='grc' dir='ltr'>ῥᾳθυμίας.</span> <span class='ocrx_word' id='word_1_714' title='bbox 1131 5048 1242 5101; x_wconf 82' lang='lat' dir='ltr'><strong>lloc</strong></span> <span class='ocrx_word' id='word_1_715' title='bbox 1280 5050 1398 5118; x_wconf 86' lang='lat' dir='ltr'><strong>ipso</strong></span> <span class='ocrx_word' id='word_1_716' title='bbox 1420 5047 1499 5104; x_wconf 50' lang='lat' dir='ltr'><strong>&#39;in&#39;</strong></span> <span class='ocrx_word' id='word_1_717' title='bbox 1532 5047 1651 5105; x_wconf 84' lang='lat' dir='ltr'><strong>loco</strong></span> <span class='ocrx_word' id='word_1_718' title='bbox 1685 5047 1853 5107; x_wconf 71' lang='lat' dir='ltr'><strong>codex</strong></span> <span class='ocrx_word' id='word_1_719' title='bbox 1892 5054 2050 5109; x_wconf 87' lang='lat' dir='ltr'><strong>Colb.</strong></span> 
     </span>
    </p>
   </div>
   <div class='ocr_carea' id='block_1_97' title="bbox 479 5117 2051 5190">
    <p class='ocr_par' dir='ltr' id='par_1_97' title="bbox 479 5117 2051 5190">
     <span class='ocr_line' id='line_1_97' title="bbox 479 5117 2051 5190; baseline 0.004 -19"><span class='ocrx_word' id='word_1_720' title='bbox 479 5119 634 5190; x_wconf 82' lang='grc' dir='ltr'>παρῇ</span> <span class='ocrx_word' id='word_1_721' title='bbox 656 5117 762 5190; x_wconf 64' lang='grc' dir='ltr'><strong>⁸τὴν</strong></span> <span class='ocrx_word' id='word_1_722' title='bbox 791 5117 1061 5176; x_wconf 50' lang='grc' dir='ltr'><strong>’τοῦζΝοο</strong></span> <span class='ocrx_word' id='word_1_723' title='bbox 1100 5120 1174 5174; x_wconf 88' lang='lat' dir='ltr'><strong>ita</strong></span> <span class='ocrx_word' id='word_1_724' title='bbox 1207 5117 1379 5173; x_wconf 84' lang='lat' dir='ltr'><strong>multo</strong></span> <span class='ocrx_word' id='word_1_725' title='bbox 1421 5130 1544 5190; x_wconf 91' lang='lat' dir='ltr'><strong>post</strong></span> <span class='ocrx_word' id='word_1_726' title='bbox 1590 5122 1699 5177; x_wconf 92' lang='lat' dir='ltr'><strong>duo</strong></span> <span class='ocrx_word' id='word_1_727' title='bbox 1734 5140 1863 5179; x_wconf 83' lang='lat' dir='ltr'><strong>mss.</strong></span> <span class='ocrx_word' id='word_1_728' title='bbox 1913 5125 2051 5188; x_wconf 81' lang='grc' dir='ltr'>ίσοις</span> 
     </span>
    </p>
   </div>
   <div class='ocr_carea' id='block_1_98' title="bbox 479 5187 852 5257">
    <p class='ocr_par' dir='ltr' id='par_1_98' title="bbox 479 5187 852 5257">
     <span class='ocr_line' id='line_1_98' title="bbox 479 5187 852 5257; baseline 0 -14"><span class='ocrx_word' id='word_1_729' title='bbox 479 5187 852 5257; x_wconf 77' lang='grc' dir='ltr'>περιέϐαλλεν.</span> 
     </span>
    </p>
   </div>
   <div class='ocr_carea' id='block_1_99' title="bbox 584 5258 1874 5330">
    <p class='ocr_par' dir='ltr' id='par_1_99' title="bbox 584 5258 1874 5330">
     <span class='ocr_line' id='line_1_99' title="bbox 584 5258 1874 5330; baseline 0.001 -17"><span class='ocrx_word' id='word_1_730' title='bbox 584 5259 665 5330; x_wconf 80' lang='grc'>15)</span> <span class='ocrx_word' id='word_1_731' title='bbox 692 5260 873 5314; x_wconf 77' lang='lat' dir='ltr'><strong>Codex</strong></span> <span class='ocrx_word' id='word_1_732' title='bbox 905 5258 1059 5314; x_wconf 88' lang='lat' dir='ltr'><strong>Colb.</strong></span> <span class='ocrx_word' id='word_1_733' title='bbox 1092 5258 1196 5313; x_wconf 71' lang='grc' dir='ltr'>ὑπὸ</span> <span class='ocrx_word' id='word_1_734' title='bbox 1229 5262 1384 5330; x_wconf 81' lang='grc' dir='ltr'>χεῖρα</span> <span class='ocrx_word' id='word_1_735' title='bbox 1410 5259 1631 5329; x_wconf 80' lang='grc' dir='ltr'>γέγονεν</span> <span class='ocrx_word' id='word_1_736' title='bbox 1662 5262 1718 5316; x_wconf 77' lang='grc' dir='ltr'><strong>ἐν</strong></span> <span class='ocrx_word' id='word_1_737' title='bbox 1743 5264 1874 5326; x_wconf 87' lang='grc' dir='ltr'>τοῖς.</span> 
     </span>
    </p>
   </div>
   <div class='ocr_carea' id='block_1_100' title="bbox 580 5329 2049 5403">
    <p class='ocr_par' dir='ltr' id='par_1_100' title="bbox 580 5329 2049 5403">
     <span class='ocr_line' id='line_1_100' title="bbox 580 5329 2049 5403; baseline 0.003 -20"><span class='ocrx_word' id='word_1_738' title='bbox 580 5329 666 5386; x_wconf 76' lang='grc'><strong>16)</strong></span> <span class='ocrx_word' id='word_1_739' title='bbox 700 5330 838 5403; x_wconf 82' lang='lat' dir='ltr'><strong>Editi</strong></span> <span class='ocrx_word' id='word_1_740' title='bbox 873 5329 1324 5403; x_wconf 33' lang='lat' dir='ltr'><strong>et_tresmss.&#39;r_b</strong></span> <span class='ocrx_word' id='word_1_741' title='bbox 1358 5332 1524 5403; x_wconf 75' lang='grc' dir='ltr'>κῦρος</span> <span class='ocrx_word' id='word_1_742' title='bbox 1573 5333 1882 5403; x_wconf 83' lang='grc' dir='ltr'>ἀνημμένη.</span> <span class='ocrx_word' id='word_1_743' title='bbox 1918 5332 2049 5403; x_wconf 77' lang='lat' dir='ltr'><strong>Reg.</strong></span> 
     </span>
    </p>
   </div>
   <div class='ocr_carea' id='block_1_101' title="bbox 480 5400 2059 5473">
    <p class='ocr_par' dir='ltr' id='par_1_101' title="bbox 480 5400 2059 5473">
     <span class='ocr_line' id='line_1_101' title="bbox 480 5400 2059 5473; baseline 0.003 -21"><span class='ocrx_word' id='word_1_744' title='bbox 480 5400 694 5471; x_wconf 81' lang='lat' dir='ltr'><strong>primus</strong></span> <span class='ocrx_word' id='word_1_745' title='bbox 722 5400 1041 5472; x_wconf 81' lang='grc' dir='ltr'>ἀνειμμένη.</span> <span class='ocrx_word' id='word_1_746' title='bbox 1066 5402 1246 5473; x_wconf 64' lang='lat' dir='ltr'><strong>(Index</strong></span> <span class='ocrx_word' id='word_1_747' title='bbox 1277 5400 1743 5473; x_wconf 55' lang='grc' dir='ltr'>Ειιιϋζάνειμένηζ</span> <span class='ocrx_word' id='word_1_748' title='bbox 1784 5400 1907 5457; x_wconf 73' lang='lat' dir='ltr'><strong>Mux</strong></span> <span class='ocrx_word' id='word_1_749' title='bbox 1939 5400 2059 5456; x_wconf 70' lang='lat' dir='ltr'><strong>vni-</strong></span> 
     </span>
    </p>
   </div>
   <div class='ocr_carea' id='block_1_102' title="bbox 482 5468 2057 5541">
    <p class='ocr_par' dir='ltr' id='par_1_102' title="bbox 482 5468 2057 5541">
     <span class='ocr_line' id='line_1_102' title="bbox 482 5468 2057 5541; baseline 0.001 -18"><span class='ocrx_word' id='word_1_750' title='bbox 482 5468 621 5541; x_wconf 52' lang='lat' dir='ltr'><strong>gata:</strong></span> <span class='ocrx_word' id='word_1_751' title='bbox 649 5479 759 5523; x_wconf 87' lang='lat' dir='ltr'><strong>tres</strong></span> <span class='ocrx_word' id='word_1_752' title='bbox 780 5468 1046 5525; x_wconf 18' lang='lat' dir='ltr'><strong>edV-Iiones</strong></span> <span class='ocrx_word' id='word_1_753' title='bbox 1070 5468 1281 5541; x_wconf 29' lang='lat' dir='ltr'><strong>etHReg.</strong></span> <span class='ocrx_word' id='word_1_754' title='bbox 1306 5472 1502 5527; x_wconf 84' lang='lat' dir='ltr'><strong>tertius</strong></span> <span class='ocrx_word' id='word_1_755' title='bbox 1532 5468 1771 5526; x_wconf 82' lang='lat' dir='ltr'><strong>secunda</strong></span> <span class='ocrx_word' id='word_1_756' title='bbox 1806 5490 1968 5527; x_wconf 90' lang='lat' dir='ltr'><strong>manu</strong></span> <span class='ocrx_word' id='word_1_757' title='bbox 2000 5476 2057 5525; x_wconf 83' lang='grc' dir='ltr'>ὲν</span> 
     </span>
    </p>
   </div>
   <div class='ocr_carea' id='block_1_103' title="bbox 483 5540 2060 5611">
    <p class='ocr_par' dir='ltr' id='par_1_103' title="bbox 483 5540 2060 5611">
     <span class='ocr_line' id='line_1_103' title="bbox 483 5540 2060 5611; baseline 0.003 -18"><span class='ocrx_word' id='word_1_758' title='bbox 483 5540 659 5611; x_wconf 74' lang='grc' dir='ltr'>τούτῳ</span> <span class='ocrx_word' id='word_1_759' title='bbox 686 5542 1078 5611; x_wconf 82' lang='grc' dir='ltr'>καθισταμένη.</span> <span class='ocrx_word' id='word_1_760' title='bbox 1113 5540 1335 5595; x_wconf 75' lang='lat' dir='ltr'><strong>Veteres</strong></span> <span class='ocrx_word' id='word_1_761' title='bbox 1364 5551 1474 5595; x_wconf 87' lang='lat' dir='ltr'><strong>tres</strong></span> <span class='ocrx_word' id='word_1_762' title='bbox 1507 5543 1627 5596; x_wconf 88' lang='lat' dir='ltr'><strong>libri</strong></span> <span class='ocrx_word' id='word_1_763' title='bbox 1669 5545 1725 5595; x_wconf 86' lang='grc' dir='ltr'><strong>ἐν</strong></span> <span class='ocrx_word' id='word_1_764' title='bbox 1752 5542 1983 5607; x_wconf 79' lang='grc' dir='ltr'>τούτοις,</span> <span class='ocrx_word' id='word_1_765' title='bbox 2006 5550 2060 5599; x_wconf 90' lang='lat' dir='ltr'><strong>et</strong></span> 
     </span>
    </p>
   </div>
   <div class='ocr_carea' id='block_1_104' title="bbox 484 5609 1965 5682">
    <p class='ocr_par' dir='ltr' id='par_1_104' title="bbox 484 5609 1965 5682">
     <span class='ocr_line' id='line_1_104' title="bbox 484 5609 1965 5682; baseline 0.002 -17"><span class='ocrx_word' id='word_1_766' title='bbox 484 5609 579 5682; x_wconf 82' lang='lat' dir='ltr'><strong>ita</strong></span> <span class='ocrx_word' id='word_1_767' title='bbox 598 5609 814 5682; x_wconf 57' lang='lat' dir='ltr'><strong>qjtoque</strong></span> <span class='ocrx_word' id='word_1_768' title='bbox 842 5613 895 5666; x_wconf 92' lang='lat' dir='ltr'><strong>in</strong></span> <span class='ocrx_word' id='word_1_769' title='bbox 925 5609 1062 5682; x_wconf 82' lang='lat' dir='ltr'><strong>Reg.</strong></span> <span class='ocrx_word' id='word_1_770' title='bbox 1094 5611 1256 5682; x_wconf 86' lang='lat' dir='ltr'><strong>tertio</strong></span> <span class='ocrx_word' id='word_1_771' title='bbox 1280 5612 1561 5682; x_wconf 9' lang='lat' dir='ltr'><strong>legebatur,</strong></span> <span class='ocrx_word' id='word_1_772' title='bbox 1578 5613 1752 5681; x_wconf 90' lang='lat' dir='ltr'><strong>prima</strong></span> <span class='ocrx_word' id='word_1_773' title='bbox 1780 5628 1965 5668; x_wconf 87' lang='lat' dir='ltr'><strong>manu.</strong></span> 
     </span>
    </p>
   </div>
   <div class='ocr_carea' id='block_1_105' title="bbox 561 5680 1965 5752">
    <p class='ocr_par' dir='ltr' id='par_1_105' title="bbox 561 5680 1965 5752">
     <span class='ocr_line' id='line_1_105' title="bbox 561 5680 1965 5752; baseline 0.001 -18"><span class='ocrx_word' id='word_1_774' title='bbox 561 5681 672 5752; x_wconf 75' lang='grc'>(17)</span> <span class='ocrx_word' id='word_1_775' title='bbox 706 5680 842 5752; x_wconf 73' lang='lat' dir='ltr'><strong>Reg.</strong></span> <span class='ocrx_word' id='word_1_776' title='bbox 871 5680 1079 5752; x_wconf 80' lang='lat' dir='ltr'><strong>primus</strong></span> <span class='ocrx_word' id='word_1_777' title='bbox 1111 5681 1388 5750; x_wconf 88' lang='grc' dir='ltr'>λογισμοῖς</span> <span class='ocrx_word' id='word_1_778' title='bbox 1427 5680 1605 5752; x_wconf 80' lang='grc' dir='ltr'>αὐτῶν</span> <span class='ocrx_word' id='word_1_779' title='bbox 1638 5684 1965 5736; x_wconf 80' lang='grc' dir='ltr'>ἐπιστατεῖν.</span> 
     </span>
    </p>
   </div>
   <div class='ocr_carea' id='block_1_106' title="bbox 559 5749 2056 5826">
    <p class='ocr_par' dir='ltr' id='par_1_106' title="bbox 559 5749 2056 5826">
     <span class='ocr_line' id='line_1_106' title="bbox 559 5749 2056 5826; baseline 0.002 -20"><span class='ocrx_word' id='word_1_780' title='bbox 559 5749 672 5815; x_wconf 87' lang='grc'>(18)</span> <span class='ocrx_word' id='word_1_781' title='bbox 704 5750 842 5806; x_wconf 80' lang='lat' dir='ltr'><strong>Editi</strong></span> <span class='ocrx_word' id='word_1_782' title='bbox 872 5749 925 5807; x_wconf 81' lang='lat' dir='ltr'><strong>et</strong></span> <span class='ocrx_word' id='word_1_783' title='bbox 954 5752 1063 5807; x_wconf 90' lang='lat' dir='ltr'><strong>duo</strong></span> <span class='ocrx_word' id='word_1_784' title='bbox 1099 5766 1229 5807; x_wconf 84' lang='lat' dir='ltr'><strong>mss.</strong></span> <span class='ocrx_word' id='word_1_785' title='bbox 1264 5749 1355 5804; x_wconf 81' lang='grc' dir='ltr'>καὶ</span> <span class='ocrx_word' id='word_1_786' title='bbox 1387 5751 1642 5820; x_wconf 83' lang='grc' dir='ltr'>ἀγωνίας.</span> <span class='ocrx_word' id='word_1_787' title='bbox 1678 5752 1809 5826; x_wconf 69' lang='lat' dir='ltr'><strong>Reg.</strong></span> <span class='ocrx_word' id='word_1_788' title='bbox 1848 5753 2056 5824; x_wconf 65' lang='lat' dir='ltr'><strong>primus</strong></span> 
     </span>
    </p>
   </div>
   <div class='ocr_carea' id='block_1_107' title="bbox 2161 4564 3708 4641">
    <p class='ocr_par' dir='ltr' id='par_1_107' title="bbox 2161 4564 3708 4641">
     <span class='ocr_line' id='line_1_107' title="bbox 2161 4564 3708 4641; baseline -0.01 -13"><span class='ocrx_word' id='word_1_789' title='bbox 2161 4571 2474 4641; x_wconf 78' lang='grc' dir='ltr'>ἀνθράκων</span> <span class='ocrx_word' id='word_1_790' title='bbox 2518 4568 2739 4637; x_wconf 76' lang='grc' dir='ltr'>πυρὸς,</span> <span class='ocrx_word' id='word_1_791' title='bbox 2790 4567 2932 4633; x_wconf 82' lang='grc' dir='ltr'>τοὺς</span> <span class='ocrx_word' id='word_1_792' title='bbox 2974 4565 3044 4620; x_wconf 84' lang='grc' dir='ltr'>δὲ</span> <span class='ocrx_word' id='word_1_793' title='bbox 3092 4564 3279 4631; x_wconf 76' lang='grc' dir='ltr'>πόδας</span> <span class='ocrx_word' id='word_1_794' title='bbox 3330 4566 3405 4620; x_wconf 83' lang='grc' dir='ltr'>οὐ</span> <span class='ocrx_word' id='word_1_795' title='bbox 3443 4574 3708 4617; x_wconf 76' lang='grc' dir='ltr'>κατακαυο</span> 
     </span>
    </p>
   </div>
   <div class='ocr_carea' id='block_1_108' title="bbox 2162 4680 2295 4728">
    <p class='ocr_par' dir='ltr' id='par_1_108' title="bbox 2162 4680 2295 4728">
     <span class='ocr_line' id='line_1_108' title="bbox 2162 4680 2295 4728; baseline -0.015 -8"><span class='ocrx_word' id='word_1_796' title='bbox 2162 4680 2295 4728; x_wconf 56' lang='grc' dir='ltr'>σευ</span> 
     </span>
    </p>
   </div>
   <div class='ocr_carea' id='block_1_109' title="bbox 2155 4978 2782 5047">
    <p class='ocr_par' dir='ltr' id='par_1_109' title="bbox 2155 4978 2782 5047">
     <span class='ocr_line' id='line_1_109' title="bbox 2155 4978 2782 5047; baseline -0.014 -8"><span class='ocrx_word' id='word_1_797' title='bbox 2155 4991 2209 5040; x_wconf 86' lang='lat' dir='ltr'><strong>et</strong></span> <span class='ocrx_word' id='word_1_798' title='bbox 2237 4982 2391 5037; x_wconf 85' lang='lat' dir='ltr'><strong>Colb.</strong></span> <span class='ocrx_word' id='word_1_799' title='bbox 2430 4980 2524 5033; x_wconf 77' lang='grc' dir='ltr'>καὶ</span> <span class='ocrx_word' id='word_1_800' title='bbox 2550 4978 2782 5047; x_wconf 85' lang='grc' dir='ltr'>ἀγῶνας.</span> 
     </span>
    </p>
   </div>
   <div class='ocr_carea' id='block_1_110' title="bbox 2228 5035 3709 5120">
    <p class='ocr_par' dir='ltr' id='par_1_110' title="bbox 2228 5035 3709 5120">
     <span class='ocr_line' id='line_1_110' title="bbox 2228 5035 3709 5120; baseline -0.014 -12"><span class='ocrx_word' id='word_1_801' title='bbox 2228 5035 2339 5120; x_wconf 76' lang='grc'>(19)</span> <span class='ocrx_word' id='word_1_802' title='bbox 2375 5035 2868 5120; x_wconf 58' lang='lat' dir='ltr'><strong>Veteres&#39;quatuor</strong></span> <span class='ocrx_word' id='word_1_803' title='bbox 2897 5046 3020 5101; x_wconf 90' lang='lat' dir='ltr'><strong>libri</strong></span> <span class='ocrx_word' id='word_1_804' title='bbox 3058 5044 3121 5120; x_wconf 68' lang='grc' dir='ltr'><strong>τδ</strong></span> <span class='ocrx_word' id='word_1_805' title='bbox 3150 5045 3373 5120; x_wconf 78' lang='grc' dir='ltr'>ἀλῷναι.</span> <span class='ocrx_word' id='word_1_806' title='bbox 3420 5039 3617 5120; x_wconf 60' lang='lat' dir='ltr'><strong>vocula</strong></span> <span class='ocrx_word' id='word_1_807' title='bbox 3654 5035 3709 5089; x_wconf 76' lang='grc' dir='ltr'>τό</span> 
     </span>
    </p>
   </div>
   <div class='ocr_carea' id='block_1_111' title="bbox 2156 5111 3704 5190">
    <p class='ocr_par' dir='ltr' id='par_1_111' title="bbox 2156 5111 3704 5190">
     <span class='ocr_line' id='line_1_111' title="bbox 2156 5111 3704 5190; baseline -0.012 -12"><span class='ocrx_word' id='word_1_808' title='bbox 2156 5111 2372 5179; x_wconf 63' lang='grc' dir='ltr'>θυεειέ</span> <span class='ocrx_word' id='word_1_809' title='bbox 2412 5111 2733 5190; x_wconf 57' lang='lat' dir='ltr'><strong>vulgatis:et</strong></span> <span class='ocrx_word' id='word_1_810' title='bbox 2762 5133 2793 5190; x_wconf 54' lang='grc' dir='ltr'>ι)</span> <span class='ocrx_word' id='word_1_811' title='bbox 2829 5118 2966 5190; x_wconf 64' lang='lat' dir='ltr'><strong>Reg.</strong></span> <span class='ocrx_word' id='word_1_812' title='bbox 3001 5118 3183 5190; x_wconf 81' lang='lat' dir='ltr'><strong>tertio.</strong></span> <span class='ocrx_word' id='word_1_813' title='bbox 3242 5117 3441 5190; x_wconf 84' lang='lat' dir='ltr'><strong>Ibidem</strong></span> <span class='ocrx_word' id='word_1_814' title='bbox 3474 5111 3598 5190; x_wconf 74' lang='lat' dir='ltr'><strong>Reg.</strong></span> <span class='ocrx_word' id='word_1_815' title='bbox 3631 5123 3704 5160; x_wconf 54' lang='lat' dir='ltr'><strong>se.</strong></span> 
     </span>
    </p>
   </div>
   <div class='ocr_carea' id='block_1_112' title="bbox 2156 5181 3705 5261">
    <p class='ocr_par' dir='ltr' id='par_1_112' title="bbox 2156 5181 3705 5261">
     <span class='ocr_line' id='line_1_112' title="bbox 2156 5181 3705 5261; baseline -0.013 -13"><span class='ocrx_word' id='word_1_816' title='bbox 2156 5193 2371 5248; x_wconf 89' lang='lat' dir='ltr'><strong>cuudus</strong></span> <span class='ocrx_word' id='word_1_817' title='bbox 2423 5181 2559 5261; x_wconf 72' lang='grc' dir='ltr'>πρὸς</span> <span class='ocrx_word' id='word_1_818' title='bbox 2602 5189 2700 5259; x_wconf 84' lang='grc' dir='ltr'><strong>τῷ.</strong></span> <span class='ocrx_word' id='word_1_819' title='bbox 2763 5181 3005 5243; x_wconf 74' lang='lat' dir='ltr'><strong>Subinde</strong></span> <span class='ocrx_word' id='word_1_820' title='bbox 3057 5188 3166 5241; x_wconf 91' lang='lat' dir='ltr'><strong>duo</strong></span> <span class='ocrx_word' id='word_1_821' title='bbox 3221 5202 3356 5241; x_wconf 91' lang='lat' dir='ltr'><strong>mss.</strong></span> <span class='ocrx_word' id='word_1_822' title='bbox 3404 5181 3612 5254; x_wconf 83' lang='grc' dir='ltr'>ὁμιλίας</span> <span class='ocrx_word' id='word_1_823' title='bbox 3652 5192 3705 5228; x_wconf 72' lang='grc' dir='ltr'><strong>τι</strong></span> 
     </span>
    </p>
   </div>
   <div class='ocr_carea' id='block_1_113' title="bbox 2156 5265 2396 5317">
    <p class='ocr_par' dir='ltr' id='par_1_113' title="bbox 2156 5265 2396 5317">
     <span class='ocr_line' id='line_1_113' title="bbox 2156 5265 2396 5317; baseline -0.004 0"><span class='ocrx_word' id='word_1_824' title='bbox 2156 5265 2251 5317; x_wconf 74' lang='grc' dir='ltr'><strong>καὶ</strong></span> <span class='ocrx_word' id='word_1_825' title='bbox 2282 5280 2396 5316; x_wconf 88' lang='grc' dir='ltr'>συν.</span> 
     </span>
    </p>
   </div>
   <div class='ocr_carea' id='block_1_114' title="bbox 2230 5318 3701 5402">
    <p class='ocr_par' dir='ltr' id='par_1_114' title="bbox 2230 5318 3701 5402">
     <span class='ocr_line' id='line_1_114' title="bbox 2230 5318 3701 5402; baseline -0.013 -15"><span class='ocrx_word' id='word_1_826' title='bbox 2230 5333 2341 5402; x_wconf 71' lang='lat'><strong>(20)</strong></span> <span class='ocrx_word' id='word_1_827' title='bbox 2369 5330 2512 5402; x_wconf 78' lang='lat' dir='ltr'><strong>Editi</strong></span> <span class='ocrx_word' id='word_1_828' title='bbox 2536 5330 2627 5383; x_wconf 73' lang='lat' dir='ltr'><strong>xui</strong></span> <span class='ocrx_word' id='word_1_829' title='bbox 2660 5328 2902 5402; x_wconf 58' lang='grc' dir='ltr'>ταχείας.</span> <span class='ocrx_word' id='word_1_830' title='bbox 2934 5327 3001 5382; x_wconf 84' lang='lat' dir='ltr'><strong>At</strong></span> <span class='ocrx_word' id='word_1_831' title='bbox 3029 5327 3138 5380; x_wconf 88' lang='lat' dir='ltr'><strong>duo</strong></span> <span class='ocrx_word' id='word_1_832' title='bbox 3157 5340 3299 5402; x_wconf 83' lang='lat' dir='ltr'><strong>_mss.</strong></span> <span class='ocrx_word' id='word_1_833' title='bbox 3332 5323 3424 5402; x_wconf 73' lang='grc' dir='ltr'>καὶ</span> <span class='ocrx_word' id='word_1_834' title='bbox 3442 5318 3701 5402; x_wconf 50' lang='grc' dir='ltr'>ταχίσταῗ</span> 
     </span>
    </p>
   </div>
   <div class='ocr_carea' id='block_1_115' title="bbox 2158 5385 3701 5523">
    <p class='ocr_par' dir='ltr' id='par_1_115' title="bbox 2158 5385 3701 5523">
     <span class='ocr_line' id='line_1_115' title="bbox 2158 5385 3701 5468; baseline -0.012 -11"><span class='ocrx_word' id='word_1_835' title='bbox 2158 5385 2361 5457; x_wconf 73' lang='lat' dir='ltr'><strong>Ibidem</strong></span> <span class='ocrx_word' id='word_1_836' title='bbox 2396 5401 2526 5468; x_wconf 71' lang='lat' dir='ltr'><strong>Reg.</strong></span> <span class='ocrx_word' id='word_1_837' title='bbox 2600 5385 2768 5455; x_wconf 51' lang='lat' dir='ltr'><strong>rimu&#39;s</strong></span> <span class='ocrx_word' id='word_1_838' title='bbox 2801 5385 3081 5468; x_wconf 77' lang='grc' dir='ltr'>Σκὸπησον</span> <span class='ocrx_word' id='word_1_839' title='bbox 3109 5395 3216 5465; x_wconf 85' lang='grc' dir='ltr'>γὰρ</span> <span class='ocrx_word' id='word_1_840' title='bbox 3243 5396 3367 5465; x_wconf 76' lang='grc' dir='ltr'>περὶ</span> <span class='ocrx_word' id='word_1_841' title='bbox 3398 5385 3581 5445; x_wconf 76' lang='grc' dir='ltr'>τούτου</span> <span class='ocrx_word' id='word_1_842' title='bbox 3606 5385 3701 5451; x_wconf 79' lang='grc' dir='ltr'>τίή</span> 
     </span>
     <span class='ocr_line' id='line_1_116' title="bbox 2161 5417 3483 5523; baseline -0.007 0"><span class='ocrx_word' id='word_1_843' title='bbox 2161 5474 2322 5523; x_wconf 72' lang='lat' dir='ltr'><strong>cateia.</strong></span> <span class='ocrx_word' id='word_1_844' title='bbox 2354 5473 2537 5523; x_wconf 69' lang='grc' dir='ltr'>φησίν.</span> <span class='ocrx_word' id='word_1_845' title='bbox 2560 5417 2697 5523; x_wconf 54' lang='lat' dir='ltr'><strong>Rea.</strong></span> <span class='ocrx_word' id='word_1_846' title='bbox 2723 5479 2951 5523; x_wconf 86' lang='lat' dir='ltr'><strong>anartus</strong></span> <span class='ocrx_word' id='word_1_847' title='bbox 2978 5467 3106 5523; x_wconf 74' lang='grc' dir='ltr'>περὶ</span> <span class='ocrx_word' id='word_1_848' title='bbox 3132 5465 3354 5523; x_wconf 83' lang='grc' dir='ltr'>τούτων.</span> <span class='ocrx_word' id='word_1_849' title='bbox 3381 5471 3483 5519; x_wconf 88' lang='lat' dir='ltr'><strong>etc.</strong></span> 
     </span>
    </p>
   </div>
   <div class='ocr_carea' id='block_1_116' title="bbox 2161 5467 3638 5541">
    <p class='ocr_par' dir='ltr' id='par_1_116' title="bbox 2161 5467 3638 5541">
     <span class='ocr_line' id='line_1_117' title="bbox 2161 5467 3638 5541; baseline -0.01 -14"><span class='ocrx_word' id='word_1_850' title='bbox 2161 5474 2322 5541; x_wconf 74' lang='grc' dir='ltr'>σοφία</span> <span class='ocrx_word' id='word_1_851' title='bbox 2354 5467 2537 5541; x_wconf 80' lang='grc' dir='ltr'>φησίν,</span> <span class='ocrx_word' id='word_1_852' title='bbox 2563 5467 2697 5541; x_wconf 79' lang='lat' dir='ltr'><strong>Reg.</strong></span> <span class='ocrx_word' id='word_1_853' title='bbox 2723 5479 2951 5541; x_wconf 89' lang='lat' dir='ltr'><strong>quartus</strong></span> <span class='ocrx_word' id='word_1_854' title='bbox 2976 5467 3106 5541; x_wconf 73' lang='grc' dir='ltr'>περὶ</span> <span class='ocrx_word' id='word_1_855' title='bbox 3132 5467 3356 5541; x_wconf 60' lang='grc' dir='ltr'>τοιξτων,</span> <span class='ocrx_word' id='word_1_856' title='bbox 3381 5471 3483 5519; x_wconf 88' lang='lat' dir='ltr'><strong>etc.</strong></span> <span class='ocrx_word' id='word_1_857' title='bbox 3529 5529 3561 5541; x_wconf 36' lang='grc' dir='ltr'><strong>μ</strong></span> <span class='ocrx_word' id='word_1_858' title='bbox 3626 5524 3638 5535; x_wconf 40' lang='grc'><strong>.</strong></span> 
     </span>
    </p>
   </div>
   <div class='ocr_carea' id='block_1_117' title="bbox 2253 5529 3703 5613">
    <p class='ocr_par' dir='ltr' id='par_1_117' title="bbox 2253 5529 3703 5613">
     <span class='ocr_line' id='line_1_118' title="bbox 2253 5529 3703 5613; baseline -0.012 -17"><span class='ocrx_word' id='word_1_859' title='bbox 2253 5541 2344 5613; x_wconf 69' lang='grc'><strong>21)</strong></span> <span class='ocrx_word' id='word_1_860' title='bbox 2368 5529 2506 5603; x_wconf 57' lang='grc' dir='ltr'>’Βέιμ</span> <span class='ocrx_word' id='word_1_861' title='bbox 2544 5529 2756 5613; x_wconf 65' lang='lat' dir='ltr'><strong>primus</strong></span> <span class='ocrx_word' id='word_1_862' title='bbox 2790 5540 2978 5613; x_wconf 79' lang='grc' dir='ltr'>ἱμάτια</span> <span class='ocrx_word' id='word_1_863' title='bbox 2998 5529 3319 5613; x_wconf 43' lang='grc' dir='ltr'>αὖτσῦηῇἱεᾳ</span> <span class='ocrx_word' id='word_1_864' title='bbox 3344 5535 3415 5588; x_wconf 85' lang='lat' dir='ltr'><strong>ita</strong></span> <span class='ocrx_word' id='word_1_865' title='bbox 3439 5529 3703 5613; x_wconf 45' lang='lat' dir='ltr'><strong>multom-</strong></span> 
     </span>
    </p>
   </div>
   <div class='ocr_carea' id='block_1_118' title="bbox 2162 5594 3697 5678">
    <p class='ocr_par' dir='ltr' id='par_1_118' title="bbox 2162 5594 3697 5678">
     <span class='ocr_line' id='line_1_119' title="bbox 2162 5594 3697 5678; baseline -0.011 -11"><span class='ocrx_word' id='word_1_866' title='bbox 2162 5594 2378 5668; x_wconf 50' lang='lat' dir='ltr'><strong>l&#39;ra‘ddo</strong></span> <span class='ocrx_word' id='word_1_867' title='bbox 2411 5594 2569 5667; x_wconf 43' lang='lat' dir='ltr'><strong>mss:</strong></span> <span class='ocrx_word' id='word_1_868' title='bbox 2583 5613 2645 5665; x_wconf 82' lang='lat' dir='ltr'><strong>Et</strong></span> <span class='ocrx_word' id='word_1_869' title='bbox 2697 5594 2754 5664; x_wconf 80' lang='grc' dir='ltr'><em>δέ</em></span> <span class='ocrx_word' id='word_1_870' title='bbox 2783 5594 2867 5674; x_wconf 80' lang='grc' dir='ltr'><strong>τὶς</strong></span> <span class='ocrx_word' id='word_1_871' title='bbox 2898 5609 3066 5678; x_wconf 81' lang='grc' dir='ltr'>λέγοι.</span> <span class='ocrx_word' id='word_1_872' title='bbox 3100 5606 3341 5663; x_wconf 78' lang='lat' dir='ltr'><strong>Subinde</strong></span> <span class='ocrx_word' id='word_1_873' title='bbox 3368 5602 3529 5659; x_wconf 76' lang='lat' dir='ltr'><strong>codex</strong></span> <span class='ocrx_word' id='word_1_874' title='bbox 3558 5594 3697 5652; x_wconf 68' lang='lat' dir='ltr'><strong>Colb&#39;.</strong></span> 
     </span>
    </p>
   </div>
   <div class='ocr_carea' id='block_1_119' title="bbox 2161 5681 2989 5739">
    <p class='ocr_par' dir='ltr' id='par_1_119' title="bbox 2161 5681 2989 5739">
     <span class='ocr_line' id='line_1_120' title="bbox 2161 5681 2989 5739; baseline -0.006 -3"><span class='ocrx_word' id='word_1_875' title='bbox 2161 5685 2192 5736; x_wconf 69' lang='grc' dir='ltr'>ἢ</span> <span class='ocrx_word' id='word_1_876' title='bbox 2230 5681 2631 5739; x_wconf 82' lang='grc' dir='ltr'>συνδιαιτᾶσθαι</span> <span class='ocrx_word' id='word_1_877' title='bbox 2664 5682 2755 5735; x_wconf 75' lang='grc' dir='ltr'><strong>ἐπὶ</strong></span> <span class='ocrx_word' id='word_1_878' title='bbox 2791 5682 2989 5735; x_wconf 78' lang='grc' dir='ltr'>πλεῖον.</span> 
     </span>
    </p>
   </div>
   <div class='ocr_carea' id='block_1_120' title="bbox 3870 344 3879 533">
    <p class='ocr_par' dir='ltr' id='par_1_120' title="bbox 3870 344 3879 533">
     <span class='ocr_line' id='line_1_121' title="bbox 3870 344 3879 533; baseline 0 0"><span class='ocrx_word' id='word_1_879' title='bbox 3870 344 3879 533; x_wconf 76' lang='lat'><strong>1</strong></span> 
     </span>
    </p>
   </div>
   <div class='ocr_carea' id='block_1_121' title="bbox 3872 638 3887 885">
    <p class='ocr_par' dir='ltr' id='par_1_121' title="bbox 3872 638 3887 885">
     <span class='ocr_line' id='line_1_122' title="bbox 3872 638 3887 885; baseline 0 0"><span class='ocrx_word' id='word_1_880' title='bbox 3874 638 3887 885; x_wconf 77' lang='lat' dir='ltr'><strong>l</strong></span> 
     </span>
    </p>
   </div>
  </div>
