4018 6226
295 357 435 412 1545

1380 342 1978 402 CONSTITUTIONES
2016 342 2453 399 MONASTIC‘E.

3405 341 3538 397 ιδιο

361 472 419 525 2.
456 469 519 523 El
546 468 604 521 δέ
626 478 712 530 τις
744 466 916 534 λέγει,
962 467 1027 518 ὲκ
1078 467 1170 518 τοῦ
1203 463 1414 532 γυναιξὶ
1460 465 1866 534 συντυγχάνειν,

2040 463 2093 517 2.
2136 462 2292 528 Quod
2326 462 2372 516 si
2399 462 2525 531 quis
2556 461 2736 528 dicat,
2768 476 2828 515 se
2857 476 2923 515 ex
2953 460 3221 531 frequenti
3252 459 3537 514 mulierum

293 557 701 616 συνδιαιτᾶσθαι
744 574 804 610 τε
847 558 941 612 ἐπὶ
988 557 1186 621 πλέον,
1233 556 1307 627 μὴ
1353 555 1869 627 παραὸλάπτεσθαι,

292 649 448 715 οὗτος
476 651 509 721 ἢ
542 652 602 703 οὐ
646 648 947 719 μετέσχηκε
990 649 1091 718 τῆς
1140 648 1234 702 τοῦ
1262 648 1489 720 ἄρρενος
1513 648 1746 717 φύσεως,
1780 650 1873 703 καὶ

294 745 411 799 ἔστι
440 761 493 796 τι
521 743 705 812 κτῆμα
735 739 844 811 (9.2)
874 740 1320 811 παραδοξότατον,
1353 742 1409 792 ὲν
1443 740 1746 810 μεταιχμίῳ
1774 740 1873 809 τῆς

294 836 509 904 φύσεως
540 832 807 904 ἑκατέρας
856 831 1029 895 ἑστὼς
1079 826 1222 901 (οἷον
1252 832 1378 894 τοὺς·
1418 831 1524 884 ἀπὸ
1563 832 1873 901 γεννήσεως

292 925 579 995 εὐνούχους
606 925 787 992 φασὶν,
816 924 930 991 εἴγε
972 924 1245 985 κάκείνοις
1274 922 1388 993 δοίη
1400 940 1498 992 μεν
1526 922 1586 974 τὸ
1613 922 1749 993 πρὸς
1775 923 1873 992 τὴν

297 1018 515 1088 θήλειαν
559 1014 768 1078 ἀπαθὲς
799 1016 890 1067 καὶ
934 1014 1220 1085 ἀκίνητονο
1265 1014 1581 1082 Ἐπιθυμιά
1623 1014 1733 1082 γὰρ
1779 1015 1874 1065 εὐ-

293 1111 521 1178 νούχου
560 1105 1057 1174 ἀποπαρθενῶσαι
1088 1104 1200 1176 ('25)
1237 1103 1466 1166 νεᾶνιν,
1511 1104 1675 1173 φησιν
1707 1107 1735 1156 ὁ
1774 1104 1871 1157 Σο-

298 1202 418 1272 φός)
440 1217 453 1233 ·
492 1200 548 1269 ἢ,
580 1201 629 1251 εἰ
669 1198 926 1268 μετέσχε,
967 1195 1357 1267 βαπτιζόμενος
1389 1194 1495 1248 ὑπὸ
1522 1194 1630 1247 τῶν
1664 1195 1870 1260 παθῶν,

297 1294 397 1346 οὐκ
427 1290 763 1350 αἰσθάνεται,
806 1290 931 1351 τοῦς
965 1286 1257 1357 μεθύοντας
1294 1286 1326 1356 ἢ
1360 1285 1747 1356 φρενιτιῶντας
1788 1303 1873 1355 μι-

303 1382 589 1455 μούμενος,
620 1382 690 1444 οἳ,
722 1379 791 1433 τὰ
821 1379 1097 1433 δεινότατα
1134 1376 1481 1441 πεπονθότες,
1518 1376 1621 1442 ἔξω
1667 1376 1872 1439 πάθους

301 1472 441 1529 εἶναι
476 1473 774 1544 νομίξουσι.
811 1472 1262 1541 Συγχωρήσωμεν
1293 1469 1347 1522 δὲ
1390 1467 1468 1538 τῷ
1506 1468 1647 1538 λόγῳ
1679 1468 1738 1521 τὸ
1770 1467 1873 1531 ἔξω

301 1567 481 1636 λόγου,
510 1567 569 1619 τὸ
599 1565 736 1618 εἷναί
769 1581 891 1616 τινα
928 1562 1002 1633 μὴ
1036 1563 1360 1632 νυττόμενον
1393 1561 1495 1613 ὑπὸ
1522 1561 1614 1613 τοῦ
1647 1559 1873 1630 ἄρρενος

302 1657 531 1719 πάθους.
570 1655 728 1708 Ἀλλά
758 1653 858 1707 κᾶν
892 1653 1057 1716 αὐτὸς
1085 1653 1158 1723 μὴ
1191 1653 1393 1723 πάσχῃ,
1416 1651 1515 1704 οὐκ
1540 1650 1605 1704 ἂν
1635 1650 1873 1714 καὶτοὺς

302 1750 491 1811 ἄλλους
547 1747 783 1809 εὐκόλως
827 1744 1102 1808 πείσειεν,
1152 1743 1228 1806 ὡς
1279 1744 1339 1796 οὐ
1395 1742 1612 1812 πάσχοι.
1671 1743 1743 1794 Τὸ
1784 1740 1867 1805 δὲ,

1974 555 2245 623 colloquio
2280 560 2446 622 atque
2487 552 2885 608 consuetudine
2926 568 3268 623 nequaquam
3304 552 3458 617 lwdi,
3491 553 3567 629 is~

1973 656 2065 701 aut
2098 647 2373 716 particeps
2405 661 2511 698 non
2538 652 2623 699 est
2652 646 2911 699 mascula:
2953 656 3162 700 naturae
3185 687 3198 711 ,
3231 655 3283 700 et
3327 658 3411 701 εει
3451 632 3569 703 res.

1971 738 2216 807 quaedam
2251 736 2725 806 portentmissima
2748 776 2762 801 ,
2793 738 2847 791 in
2875 740 3157 807 utriusque
3180 753 3342 792 sexus
3370 737 3534 792 conli-

1971 831 2064 885 nio
2116 832 2327 901 posita,
2381 831 2573 900 quales
2618 830 2810 884 dicunt
2861 846 2957 885 eos
3009 832 3102 900 qui
3146 830 3380 884 eunuchi
3425 831 3541 886 nati

1974 931 2139 987 sunt,
2172 924 2218 977 si
2249 931 2431 977 tamen
2463 923 2565 975 hoc
2596 923 2704 977 illis
2747 923 2911 976 etiam
2963 923 3155 976 demus
3204 921 3345 990 quod
3394 922 3544 974 nullo

1972 1015 2131 1069 modo
2162 1013 2374 1068 femina:
2436 1014 2660 1067 libidine
2685 1012 3007 1074 alliciantur,
3040 1021 3133 1066 aut
3163 1027 3546 1067 commovean-

1974 1114 2098 1160 tur:
2145 1105 2577 1169 Concupiscentia
2622 1106 2759 1159 enim
2802 1105 3049 1172 spadonis
3094 1104 3421 1173 devirginare
3453 1103 3547 1171 jua

1973 1199 2272 1260 vent-utam,
2300 1198 2476 1267 inquit
2504 1194 2733 1263 Sapiens
2766 1199 2785 1229 °
2814 1238 2829 1265 ,
2862 1205 2957 1251 aut
2989 1198 3032 1251 si
3070 1213 3266 1266 expers
3294 1213 3401 1251 non
3427 1203 3544 1264 est,

1974 1304 2096 1342 cum
2134 1297 2283 1343 tolus
2314 1291 2639 1345 libidinibus
2670 1290 2958 1343 immersus
2990 1290 3088 1350 sit,
3117 1289 3277 1361 544
3303 1289 3547 1344 insciens

1972 1379 2157 1431 ebrios
2207 1386 2259 1432 et
2310 1379 2658 1448 phreneticos
2707 1378 2973 1441 innitatur,
3018 1378 3146 1447 qui,
3193 1378 3536 1447 gravissimis

1973 1469 2180 1522 morbis
2210 1469 2420 1533 allecti,
2456 1470 2776 1524 existimant
2806 1485 2929 1525 esse
2956 1484 3014 1523 se
3048 1484 3076 1521 a
3117 1470 3305 1523 morbo
3346 1470 3544 1523 immu-

1972 1576 2092 1616 nes.
2120 1563 2363 1631 Agedum
2395 1563 2543 1631 quod
2570 1563 2769 1616 rationi
2798 1562 2939 1615 haud
2969 1570 3398 1616 consentaneum
3425 1571 3543 1627 est,

1973 1653 2024 1709 id
2076 1657 2218 1709 inter
2265 1656 2681 1725 disceptandum
2735 1656 3127 1718 concedamus,
3178 1672 3301 1710 esse
3352 1670 3541 1726 quem.

1973 1745 2115 1813 piam
2140 1785 2154 1809 ,
2187 1744 2280 1814 qui
2312 1745 2463 1798 nullo
2495 1745 2741 1799 mascu'o
2772 1743 2964 1798 allecto
2995 1743 3394 1798 exstimuletur.
3443 1742 3565 1797 γε..

305 1838 533 1910 μηδενὸς
583 1836 944 1907 προκειμένου
989 1835 1449 1906 κατορθώματος,
1481 1835 1604 1899 τοὺς
1648 1834 1874 1897 πολλοὺς

1981 1851 2095 1889 rum
2122 1838 2340 1889 tametsi
2367 1836 2501 1889 nihil
2534 1836 2731 1896 sentit,
2764 1843 2944 1888 tamen
2973 1850 3031 1889 se
3057 1835 3193 1888 nihil
3219 1836 3426 1890 sentire
3455 1836 3549 1889 vix

305 1929 709 1993 σκανδαλίζειν,
764 1924 918 1999 οἶμαι
981 1929 1081 1981 οὐκ
1136 1927 1416 1981 ἀκίνδυνον
1476 1926 1555 1996 τῷ
1615 1926 1871 1980 ποιοῦντι.

305 2024 539 2075 Ἔπειτα
563 2021 619 2073 δὲ
660 2020 847 2091 ἓτερον
904 2019 1051 2073 ἔστιν
1088 2019 1234 2081 ἰδεῖν,
1278 2020 1359 2071 ὅτι
1403 2017 1504 2072 κᾶν
1533 2021 1561 2071 ὁ
1615 2018 1752 2087 ἀνὴρ
1803 2017 1877 2087 μὴ

300 2114 515 2183 δέχεται
537 2111 714 2181 λύμην
740 2115 853 2174 τοῖς
880 2111 1182 2180 λογισμοῖς,
1219 2110 1332 2162 ἀλλ’
1366 2110 1465 2162 οὐκ
1495 2110 1594 2179 ἤδη
1631 2111 1724 2162 καὶ
1751 2110 1880 2178 περ)⁵

302 2205 401 2274 τῆς
441 2202 697 2270 γυναικὸς
726 2204 859 2274 ἡμῖν
902 2202 1326 2272 ἀμφισϐητήσει,
1362 2201 1437 2263 ὡς
1465 2200 1558 2252 κοι)⁸
1594 2199 1733 2268 αὑτὴ
1775 2197 1879 2264 ἔξω

303 2293 413 2347 τῶν
464 2293 558 2346 τοῦ
598 2291 848 2362 σώματος
885 2291 1118 2363 ὑπάρχει
1169 2290 1384 2344 παθῶν·
1438 2289 1571 2342 ἀλλά
1622 2287 1879 2352 πολλάκις

239 2372 245 2379 ’
305 2386 488 2454 ἐκείνη
509 2426 524 2450 ,
578 2384 809 2455 ἀσθενὴς
840 2379 972 2438 οὖσα
1004 2384 1095 2436 τὸν
1129 2382 1425 2451 λογισμὸν,
1477 2381 1569 2434 καὶ
1609 2380 1669 2433 τὸ
1707 2379 1879 2441 πάθος

306 2474 605 2547 ὀξύρροπον
650 2473 885 2542 ἔχουσα,
948 2470 1118 2525 ἔπαθέ
1156 2487 1207 2522 τι
1262 2469 1354 2522 ἐπὶ
1412 2467 1490 2538 τῷ
1554 2466 1881 2536 ἀφυλάκτως

308 2568 659 2638 ποιησαμένῳ
690 2566 797 2636 (24)
838 2565 939 2629 τὰς
990 2564 1295 2635 συντυχίας.
1338 2563 1447 2616 Καὶ
1492 2562 1652 2625 αὐτὸς
1695 2561 1789 2631 μὲν
1817 2560 1878 2612 οὑ

306 2660 610 2730 τέτρωται,
639 2656 843 2728 ἔτρωσε
885 2656 942 2711 δὲ
980 2654 1270 2718 πολλάκις,
1305 2653 1379 2716 ὡς
1432 2653 1532 2706 οὐκ
1572 2652 1877 2705 ἐπίσταται.

309 2753 422 2807 Καὶ
469 2754 526 2805 ὲν
560 2752 915 2823 προσποιήσει
963 2749 1120 2819 δῆθεν
1156 2747 1529 2818 πνευματικῆς
1567 2745 1785 2813 ἀγάπης
1821 2743 1885 2797 τὸ

311 2843 529 2911 γύναιον
565 2840 804 2911 συνεχῶς
854 2840 991 2912 πρὸς
1043 2839 1135 2893 τὸν
1168 2839 1411 2909 ἁσκητὴν
1450 2836 1843 2907 ἀφικνούμενον
1866 2872 1882 2900 ,

311 2934 535 3006 ἄρχεται
583 2933 649 2985 δι’
681 2930 973 3003 ὀφθαλμῶν
1004 2931 1103 3001 τῆς
1160 2929 1434 2999 ἁμαρτίας
1477 2929 1882 3000 ἐμφορηθῆναι,

313 3024 408 3077 καὶ
436 3023 753 3085 ἀκολάστοις
795 3022 1002 3092 ὄμμασι
1047 3020 1147 3090 τὴν
1176 3020 1270 3073 τοῦ
1310 3018 1536 3089 πλησίον
1584 3019 1725 3071 ἰδέαν
1769 3020 1887 3071 ἐπι-

314 3112 625 3174 ϐόσκεσθαι,
666 3114 759 3165 καὶ
798 3112 897 3182 τὴν
946 3110 1092 3162 ἔνδον
1136 3108 1427 3181 παρθένον,
1478 3102 1545 3177 ἧς
1598 3107 1828 3178 μάλιστα
1858 3109 1886 3161 ό

1978 1927 2194 1981 caeteris
2222 1929 2385 1980 etiam
2421 1927 2755 1997 persuadere
2783 1926 3002 1996 poterit.
3031 1924 3202 1979 Porro
3228 1925 3371 1994 quod
3402 1924 3548 1993 quis,

1977 2019 2127 2073 nulla
2156 2019 2259 2072 sibi
2289 2019 2567 2087 proposita
2598 2019 2833 2083 virtute,
2865 2018 3052 2072 multis
3099 2019 3388 2073 oll‘ensioni
3434 2025 3549 2080 est,

1980 2110 2081 2164 hoc
2132 2109 2182 2164 ei
2240 2109 2610 2179 periculosum
2667 2124 2788 2163 esse
2842 2108 3098 2163 arbitror.
3156 2107 3362 2161 Deinde
3418 2120 3554 2161 vero

1978 2200 2126 2253 aliud
2170 2201 2334 2253 etiam
2380 2200 2839 2254 considerandum
2870 2208 2985 2261 est,
3017 2199 3159 2269 quod
3191 2199 3401 2254 etiamsi
3429 2197 3554 2252 nul-

1978 2292 2083 2345 lam
2113 2292 2232 2347 viro
2275 2292 2571 2362 perniciem
2616 2292 2843 2346 all'eraut
2891 2291 3284 2360 cogitationes,
3332 2300 3388 2343 at
3436 2304 3553 2343 non

1980 2383 2105 2439 item
2134 2384 2200 2438 de
2228 2386 2455 2439 muliere
2476 2400 2693 2454 quoque
2722 2384 3009 2439 nobiscum
3037 2384 3364 2448 contendet,
3395 2382 3553 2453 quasi

1978 2488 2041 2528 ea
2071 2473 2235 2526 etiam
2268 2488 2652 2543 corporearum
2712 2473 3001 2528 libidinum
3037 2488 3232 2542 expers
3274 2474 3345 2527 sit
3372 2492 3386 2527 :
3419 2472 3554 2542 quin

1980 2564 2160 2634 potius
2185 2564 2301 2633 ipsa
2327 2580 2451 2619 cum
2471 2580 2611 2635 smpe
2637 2564 2800 2618 debili
2824 2565 3035 2621 ratione
3057 2563 3280 2634 praedita
3308 2565 3398 2629 sit,
3418 2564 3557 2616 irre-

1980 2664 2180 2726 patque
2207 2656 2363 2710 facile
2392 2657 2446 2710 in
2468 2673 2587 2712 eam
2614 2656 2805 2719 libido,
2828 2672 2891 2710 cx
2914 2672 2979 2712 eo
2996 2658 3086 2727 qui
3120 2659 3171 2710 in
3201 2657 3371 2725 ipsius
3394 2656 3557 2710 collo-

1981 2748 2258 2802 cutioncm
2330 2749 2548 2802 incaute
2596 2748 2775 2810 venit,
2806 2747 3121 2803 detrimenti
3165 2747 3372 2816 aliquid
3411 2746 3557 2802 acci-

1982 2838 2080 2907 pit.
2116 2838 2179 2891 Et
2209 2840 2327 2908 ipse
2358 2840 2577 2909 quidem
2611 2855 2717 2893 non
2755 2840 3073 2895 sauciatur:
3104 2838 3199 2894 sed
3246 2854 3355 2891 non
3388 2852 3515 2891 raro
3537 2875 3555 2900 ,

1985 2930 2110 2983 licet
2141 2930 2431 2994 nesciens,
2466 2931 2754 2985 sauciarit.
2800 2931 2867 2984 Et
2917 2930 3234 2983 muliercula
3254 2968 3269 2992 ,
3300 2944 3418 2998 qua:
3447 2928 3560 2998 spi-

1989 3022 2203 3076 ritualis
2228 3023 2439 3076 scilicet
2461 3022 2752 3076 charitatis
2778 3023 3127 3077 simulatione
3149 3031 3311 3091 atque
3338 3022 3561 3075 nomine

1991 3114 2056 3169 ad
2091 3124 2333 3170 ascctam
2385 3114 2698 3185 frequenter
2728 3115 2973 3179 accedit,
3003 3116 3194 3184 incipit
3238 3130 3334 3185 per
3370 3114 3559 3169 oculos

314 3205 543 3275 νυμφίος
574 3205 705 3274 ἐρᾷ,
766 3174 879 3265 τοῖς
926 3174 1253 3272 ἀκαθάρτοις
1315 3174 1609 3270 λογισμοῖς⁷
1646 3198 1879 3267 διαφθεί-

1993 3216 2221 3276 pcccato
2246 3206 2458 3277 impleri
2482 3246 2495 3271 ,
2525 3207 2916 3278 obtutibusque
2944 3207 3165 3261 lascivis
3192 3206 3413 3276 depasci
3444 3220 3562 3273 epe-

319 3316 432 3370 ρειν
461 3298 599 3369 ('25).
643 3299 728 3361 Ὡς
758 3296 823 3350 ἂν
853 3296 1030 3350 τοίνυν
1064 3295 1226 3367 μηδὲν
1258 3293 1367 3347 τῶν
1414 3294 1716 3366 εἰρημένων
1752 3312 1887 3365 συμ-

317 3389 476 3459 ϐαίη,
526 3386 890 3456 φυλάττεσθαι
940 3387 1238 3457 προσήκει,
1271 3387 1320 3438 εί
1360 3386 1460 3456 μὲν
1497 3381 1607 3438 οἶόν
1646 3403 1741 3449 τε,
1790 3387 1885 3441 καὶ

316 3480 613 3543 παντελῶς,
654 3481 703 3532 εἰ
740 3479 919 3550 δὲμὴ,
949 3477 1048 3541 τὰς
1077 3477 1208 3546 γοῦν
1257 3477 1456 3546 συχνάς
1502 3479 1597 3530 καὶ
1639 3478 1885 3533 ἐπιτετα-

320 3570 487 3642 μένας
513 3571 727 3641 ὁμιλίας
763 3569 874 3623 τῶν
906 3568 1180 3637 γυναικῶν
1207 3569 1299 3620 καὶ
1328 3567 1646 3637 συντυχίας,
1682 3570 1778 3639 οὐχ
1813 3569 1889 3634 ὡς

321 3659 609 3731 μισοῦντας
640 3661 699 3715 τὸ
740 3661 913 3729 γένος,
944 3660 1152 3727 ἅπαγεί
1189 3659 1308 3712 οὐδὲ
1340 3658 1415 3722 ὠς
1446 3660 1889 3729 ἁπαρνουμένους

314 3752 415 3822 τὴν
459 3752 680 3805 ἐκείνων
720 3752 1036 3820 συγγένειαν
1062 3792 1076 3817 ,
1112 3750 1248 3805 ἀλλὰ
1286 3750 1381 3802 καὶ
1426 3752 1889 3822 προσισταμένους

317 3844 413 3896 καὶ
444 3841 785 3911 ὠφελοῦντας
814 3841 923 3912 (26)
951 3845 1018 3895 τὰ
1050 3841 1282 3905 δυνατὰ,
1328 3841 1509 3893 πᾶσαν
1555 3841 1653 3911 μὲν
1699 3859 1889 3896 κοινω-

316 3918 512 3985 νοῦσαν
540 3934 635 4003 τῆς
681 3933 1027 4003 ἀνθρωπίνης
1074 3931 1322 4000 φύσεως,
1358 3930 1649 4002 ἐξαιρέτως
1686 3932 1744 3985 δὲ
1786 3932 1885 3997 τὰς

314 4025 445 4087 τοὺς
476 4026 613 4095 ὑπὲρ
642 4024 740 4093 τῆς
762 4024 983 4092 ἁγνείας
1015 4022 1232 4091 ἀγῶνας
1283 4022 1610 4091 ἀνελομένας
1641 4023 1778 4091 (27),
1807 4023 1884 4087 ὡς

317 4112 385 4165 τὰ
414 4112 617 4182 ἀδελφὰ
644 4116 772 4184 ἡμῖν
809 4112 1172 4174 συναθλούσας
1191 4126 1204 4139 ⁸
1234 4109 1332 4182 τὴν
1362 4109 1418 4164 δὲ
1462 4112 1747 4181 συντυχίαν
1782 4129 1884 4181 φυ-

317 4203 694 4275 λαττομένους,
731 4205 818 4258 ἵνα
849 4204 921 4275 μὴ
953 4202 1178 4267 πάθους,
1208 4194 1269 4255 οὗ
1317 4203 1684 4276 παρῃτήμεθα
1720 4205 1814 4257 καὶ
1838 4198 1884 4273 ᾧ

316 4295 789 4370 ἀπηγορεύσαμεν,
819 4296 1117 4366 ὑπόμνημα
1143 4295 1391 4365 γένηται.

1990 3298 2127 3351 ciem
2169 3298 2443 3367 proximi,
2484 3308 2537 3353 et
2577 3300 2844 3353 iuternam
2888 3300 3186 3368 virginem,
3236 3313 3399 3367 quant
3440 3312 3559 3350 nta-

1990 3388 2138 3443 xime
2166 3403 2406 3458 Sponsus
2452 3399 2633 3454 amat;
2685 3392 3108 3459 cogitationibus
3164 3390 3393 3459 impuris
3436 3404 3561 3444 cor-

1988 3493 2263 3549 rumpere.
2296 3478 2533 3535 Proinde
2575 3496 2644 3535 ne
2686 3496 2873 3536 eorum
2895 3520 2909 3545 ,
2943 3497 3063 3551 qum
3099 3481 3372 3545 diximus,
3401 3480 3563 3550 quid—

1988 3583 2151 3638 quam
2179 3569 2426 3633 eveniat,
2457 3572 2639 3625 omnia
2668 3587 2891 3639 prorsus
2935 3570 3026 3641 (id
3067 3571 3112 3627 si
3156 3570 3268 3625 ﬁeri
3302 3570 3561 3639 poterit),

1988 3663 2074 3717 sin
2104 3662 2287 3717 minus
2310 3704 2325 3729 ,
2356 3665 2549 3719 crebra
2581 3667 2773 3721 saltem
2803 3674 2857 3720 et
2884 3666 3043 3734 longa
3076 3666 3362 3719 mulierum
3393 3664 3562 3717 εοιιοη

1988 3755 2113 3825 quia
2145 3758 2537 3828 consortiaque
2567 3758 2788 3812 vitanda
2819 3767 2948 3814 sunt
2982 3777 2995 3812 :
3030 3774 3205 3827 neque
3250 3757 3302 3810 id
3336 3771 3402 3811 ex
3433 3756 3562 3808 odio

1989 3863 2156 3903 sexus
2177 3889 2192 3913 ,
2223 3865 2394 3919 apage
2420 3869 2434 3905 :
2469 3867 2645 3921 neque
2673 3850 2833 3920 quasi
2862 3851 3197 3920 abnegemus
3228 3849 3445 3903 illarum
3474 3861 3564 3900 co-

1988 3942 2298 4010 gnationem
2321 3983 2336 4005 ,
2362 3943 2456 3997 sed
2486 3954 2542 3997 ut
2564 3959 2750 3998 earum
2778 3944 3143 4012 patrocinium
3168 3940 3561 4010 suscipiamus,

1986 4041 2149 4101 atque
2180 4049 2278 4103 pro
2307 4036 2452 4090 virili
2486 4037 2719 4107 singulis
2749 4052 2870 4107 qua:
2902 4044 3112 4090 natura:
3146 4036 3399 4088 humana:
3429 4046 3566 4085 con-

1987 4135 2164 4179 sortes
2192 4134 2357 4190 sunt,
2390 4131 2673 4199 suppetias
2707 4128 2947 4183 feramus
2972 4167 2988 4192 ,
3031 4128 3099 4183 iis
3140 4126 3409 4186 maxime,
3442 4135 3565 4192 qua

1984 4228 2086 4283 pro
2110 4218 2365 4272 castitate
2394 4220 2448 4273 in
2482 4230 2757 4274 certamen
2795 4218 3230 4280 descenderunt,
3268 4216 3413 4270 velut
3441 4225 3563 4281 qua

1986 4308 2299 4361 communia
2329 4309 2615 4365 nnbiScum
2642 4310 2942 4364 certamina
2975 4311 3228 4363 subeant.
3260 4304 3561 4359 Caveamus

316 4398 496 4443 autem
526 4404 877 4459 congressum
939 4404 1003 4442 ac
1057 4386 1548 4452 consuetudinem.
1610 4397 1670 4444 ut
1731 4406 1803 4445 ne
1849 4391 2165 4467 libidinem,
2210 4404 2298 4458 cui
2339 4404 2458 4460 vale
2495 4405 2773 4470 diximus,
2818 4406 3014 4476 cuique
3052 4404 3302 4457 nuntium
3342 4398 3562 4454 remisi.

319 4497 474 4550 mus,
504 4485 560 4540 in
590 4486 908 4541 memoriam
937 4501 1285 4542 revocemus.

842 4600 1231 4653 ΚΕΦΑΛΛῙΟΝ
1280 4602 1353 4657 Δ’.

318 4692 448 4744 ὀτι
505 4689 599 4762 δεῖ
624 4690 697 4758 τῇ
748 4690 995 4762 δυνάμει
1037 4693 1142 4746 τοῦ
1185 4692 1460 4761 σώματος
1495 4699 1737 4762 μετρεῖν
1772 4709 1890 4759 την

387 4759 758 4832 ἐγκράτειαν·
797 4759 908 4813 καί
934 4762 1022 4814 ὅτι
1057 4763 1248 4816 καλὸν
1272 4759 1385 4816 καὶ
1420 4759 1680 4832 Eat-nonor
1710 4764 1749 4831 ἡ
1782 4764 1886 4817 τοῦ

388 4829 657 4899 σώματος
682 4832 949 4899 ἐργασία.

391 4920 440 4976 1.
510 4920 821 4974 ’Δκόλουθον
874 4922 1055 4993 μέντοι
1109 4923 1201 4975 καὶ
1253 4924 1489 4995 γαστρὸς
1542 4925 1880 4996 ἐπικρατεῖν.

393 5073 417 5105 ⁸
478 5072 645 5129 Eccli.
680 5089 775 5139 xx,
809 5074 845 5128 2

387 5226 498 5296 (22)
531 5225 750 5282 Veteres
777 5227 886 5282 duo
914 5226 1044 5297 libri
1083 5226 1196 5280 ἔστι
1230 5229 1456 5297 κτίσμα.
1489 5228 1594 5281 Alii
1623 5230 1731 5283 duo
1762 5228 1879 5282 ἔστι

314 5314 366 5351 τι
393 5298 615 5367 κτίσμα.
648 5297 787 5350 Editi
816 5306 870 5351 et
908 5296 1041 5367 Reg.
1079 5299 1272 5369 tertius
1301 5296 1414 5352 ἐστι
1434 5316 1486 5369 τι
1516 5299 1880 5369 κτῆμαηΛΙὶ-

311 5378 518 5491 ἒιὶδηιο
552 5376 673 5437 post
715 5382 847 5422 mss.
878 5368 1119 5438 quinque
1153 5367 1374 5440 δοίημεν
1422 5368 1483 5421 τὸ
1524 5367 1680 5439 πρός.
1738 5367 1879 5423 Editi

340 5454 370 5490 0
394 5453 564 5491 οιιιεν.

340 5453 564 5492 οιοιιιεν.

396 5455 759 5577 ἵᾷἓῗνῆειεῐεε
783 5506 1039 5577 quinun
1067 5506 1187 5562 libri
1220 5506 1698 5577 ἀποπαρθενῶσαι.
1738 5505 1881 5562 Editi

396 5524 506 5577 (2.))
546 5524 759 5562 veteres
800 5524 1037 5577 qumque
1068 5524 1187 5562 μοι-ι
1220 5525 1407 5562 αποπα
1448 5524 1698 5561 υενωσαι.
1738 5524 1873 5562 nuru

313 5578 761 5649 ¹ὶττοπαρθενιῖυσα.
782 5575 983 5649 Ibidem
1011 5575 1141 5647 Reg.
1171 5578 1378 5649 primus
1400 5524 1455 5647 ξ,
1476 5579 1523 5628 εἰ
1547 5578 1873 5649 μετέσχηκε.

381 5646 507 5717 (ἐμ)
526 5648 749 5717 Antiqui
788 5647 901 5717 duo
925 5646 1048 5700 libri
1076 5646 1396 5714 ἀφυλάκτως
1421 5646 1748 5717 ποιουμένῳ.

528 5708 1011 5787 Ειίίιὶ’διαφθειρει.
1046 5708 1251 5773 Αιίτεε
1280 5708 1411 5772 mss.
1447 5708 1801 5791 διαφθείρειν.

2604 4605 2832 4661 CAPUT
2872 4603 2960 4659 IV.

1996 4698 2151 4763 Quod
2179 4709 2381 4765 oportet
2414 4701 2681 4767 corporeis
2710 4697 2907 4751 viribus
2939 4696 3515 4767 abstinentiqmntett'ri
3534 4709 3561 4749 τ

2062 4780 2110 4821 et
2143 4763 2279 4836 quod
2311 4763 2547 4837 corporis
2580 4769 2730 4822 labor
2759 4767 2895 4820 bona
2926 4784 3006 4820 res
3042 4777 3118 4819 est
3152 4777 3198 4819 et
3228 4763 3483 4835 legitima.

2066 4925 2118 4979 Ι.
2160 4926 2511 4996 Consequens
2538 4925 2727 4995 utique
2754 4923 2917 4978 fuerit
2937 4964 2951 4988 ,
2984 4930 3041 4977 ut
3069 4923 3240 4976 ventri
3272 4921 3435 4975 etiam
3461 4918 3561 4976 do-

2057 5230 2169 5299 (26)
2208 5228 2339 5298 Reg.
2402 5230 2613 5298 primus
2645 5236 2714 5282 ἐι
2763 5227 2918 5282 Colb.
2985 5226 3417 5300 προϊσταμένους
3463 5225 3558 5279 καὶ

1985 5296 2441 5370 εὐεργετοῦν-ξας,Δ
2471 5300 2607 5353 velut
2643 5296 3056 5370 patrocinantui
3078 5296 3234 5366 atque
3266 5296 3559 5370 efﬁcientes

1986 5365 2253 5455 beneﬁcio.
2309 5368 2501 5422 Statim
2556 5365 2687 5424 mss.
2737 5371 2947 5439 aliquot
2989 5368 3167 5431 πάσας
3223 5365 3335 5438 μὲν
3366 5382 3558 5419 κοινωο

1987 5457 2429 5579 νοῖἕῗῗίίοᾱίεεε
2470 5507 2676 5579 aliquot
2705 5509 2920 5579 ἀγῶνας
2945 5507 3224 5579 έλομένας.
3263 5504 3558 5579 Aliquanto

1986 5571 2109 5649 post
2144 5574 2253 5653 tres
2283 5593 2417 5653 niss.
2458 5571 2520 5633 οὗ
2552 5571 2934 5653 παρῃτημεθα.
2968 5571 3107 5634 Editi
3133 5589 3189 5634 et
3225 5571 3500 5633 unus‘ms.
3528 5572 3560 5629 δ

1986 5649 2369 5719 παρῃτήμεθα.

3032 5818 3036 5822 .
3069 5813 3095 5821 η.
