  <div class='ocr_page' id='page_1' title='image "/cluster/home/n/w/nwhite01/storage/ocr_20150623/31/mdp.39015012934363/689.png"; bbox 0 0 4018 6226; ppageno 0'>
   <div class='ocr_carea' id='block_1_1' title="bbox 507 336 2149 406">
    <p class='ocr_par' dir='ltr' id='par_1_1' title="bbox 507 336 2149 406">
     <span class='ocr_line' id='line_1_1' title="bbox 507 336 2149 406; baseline -0.008 -1"><span class='ocrx_word' id='word_1_1' title='bbox 507 347 643 406; x_wconf 67' lang='grc'><strong>1547</strong></span> <span class='ocrx_word' id='word_1_2' title='bbox 1680 348 1681 351; x_wconf 67' lang='grc'><em>“</em></span> <span class='ocrx_word' id='word_1_3' title='bbox 1801 339 1864 397; x_wconf 84' lang='lat' dir='ltr'><strong>S.</strong></span> <span class='ocrx_word' id='word_1_4' title='bbox 1903 336 2149 398; x_wconf 74' lang='lat' dir='ltr'><strong>BASILII</strong></span> 
     </span>
    </p>
   </div>
   <div class='ocr_carea' id='block_1_2' title="bbox 506 454 2160 528">
    <p class='ocr_par' dir='ltr' id='par_1_2' title="bbox 506 454 2160 528">
     <span class='ocr_line' id='line_1_2' title="bbox 506 454 2160 528; baseline -0.006 -11"><span class='ocrx_word' id='word_1_5' title='bbox 506 462 802 516; x_wconf 84' lang='lat' dir='ltr'><strong>minemur.</strong></span> <span class='ocrx_word' id='word_1_6' title='bbox 834 456 1046 514; x_wconf 82' lang='lat' dir='ltr'><strong>Etenim</strong></span> <span class='ocrx_word' id='word_1_7' title='bbox 1079 455 1284 513; x_wconf 76' lang='lat' dir='ltr'><strong>ventris</strong></span> <span class='ocrx_word' id='word_1_8' title='bbox 1314 455 1606 528; x_wconf 71' lang='lat' dir='ltr'><strong>castigatio</strong></span> <span class='ocrx_word' id='word_1_9' title='bbox 1638 454 2082 512; x_wconf 90' lang='lat' dir='ltr'><strong>turbulentorum</strong></span> <span class='ocrx_word' id='word_1_10' title='bbox 2114 458 2160 515; x_wconf 75' lang='grc' dir='ltr'>Α</span> 
     </span>
    </p>
   </div>
   <div class='ocr_carea' id='block_1_3' title="bbox 508 547 2091 607">
    <p class='ocr_par' dir='ltr' id='par_1_3' title="bbox 508 547 2091 607">
     <span class='ocr_line' id='line_1_3' title="bbox 508 547 2091 607; baseline -0.003 0"><span class='ocrx_word' id='word_1_11' title='bbox 508 559 759 607; x_wconf 78' lang='lat' dir='ltr'><strong>motuum</strong></span> <span class='ocrx_word' id='word_1_12' title='bbox 786 548 1090 607; x_wconf 72' lang='lat' dir='ltr'><strong>refrenatio</strong></span> <span class='ocrx_word' id='word_1_13' title='bbox 1106 559 1196 605; x_wconf 90' lang='lat' dir='ltr'><strong>est</strong></span> <span class='ocrx_word' id='word_1_14' title='bbox 1224 567 1238 604; x_wconf 92' lang='lat'><strong>:</strong></span> <span class='ocrx_word' id='word_1_15' title='bbox 1267 547 1567 604; x_wconf 79' lang='lat' dir='ltr'><strong>refrenatio</strong></span> <span class='ocrx_word' id='word_1_16' title='bbox 1589 563 1721 603; x_wconf 89' lang='lat' dir='ltr'><strong>vero</strong></span> <span class='ocrx_word' id='word_1_17' title='bbox 1746 548 2091 604; x_wconf 87' lang='lat' dir='ltr'><strong>turbulento-</strong></span> 
     </span>
    </p>
   </div>
   <div class='ocr_carea' id='block_1_4' title="bbox 509 639 2086 713">
    <p class='ocr_par' dir='ltr' id='par_1_4' title="bbox 509 639 2086 713">
     <span class='ocr_line' id='line_1_4' title="bbox 509 639 2086 713; baseline -0.002 -15"><span class='ocrx_word' id='word_1_18' title='bbox 509 658 631 698; x_wconf 88' lang='lat' dir='ltr'><strong>rum</strong></span> <span class='ocrx_word' id='word_1_19' title='bbox 671 649 949 704; x_wconf 89' lang='lat' dir='ltr'><strong>motuum,</strong></span> <span class='ocrx_word' id='word_1_20' title='bbox 980 641 1141 713; x_wconf 85' lang='lat' dir='ltr'><strong>quies</strong></span> <span class='ocrx_word' id='word_1_21' title='bbox 1172 648 1259 697; x_wconf 89' lang='lat' dir='ltr'><strong>est</strong></span> <span class='ocrx_word' id='word_1_22' title='bbox 1285 640 1455 695; x_wconf 90' lang='lat' dir='ltr'><strong>animi</strong></span> <span class='ocrx_word' id='word_1_23' title='bbox 1482 647 1648 711; x_wconf 88' lang='lat' dir='ltr'><strong>atque</strong></span> <span class='ocrx_word' id='word_1_24' title='bbox 1677 639 2044 711; x_wconf 82' lang='lat' dir='ltr'><strong>tranquillitas</strong></span> <span class='ocrx_word' id='word_1_25' title='bbox 2072 656 2086 695; x_wconf 91' lang='lat'><strong>:</strong></span> 
     </span>
    </p>
   </div>
   <div class='ocr_carea' id='block_1_5' title="bbox 510 729 2092 804">
    <p class='ocr_par' dir='ltr' id='par_1_5' title="bbox 510 729 2092 804">
     <span class='ocr_line' id='line_1_5' title="bbox 510 729 2092 804; baseline -0.002 -15"><span class='ocrx_word' id='word_1_26' title='bbox 510 733 680 789; x_wconf 90' lang='lat' dir='ltr'><strong>animi</strong></span> <span class='ocrx_word' id='word_1_27' title='bbox 708 742 891 790; x_wconf 88' lang='lat' dir='ltr'><strong>autem</strong></span> <span class='ocrx_word' id='word_1_28' title='bbox 919 733 1298 804; x_wconf 81' lang='lat' dir='ltr'><strong>tranquillitas</strong></span> <span class='ocrx_word' id='word_1_29' title='bbox 1321 730 1448 786; x_wconf 83' lang='lat' dir='ltr'><strong>fons</strong></span> <span class='ocrx_word' id='word_1_30' title='bbox 1473 731 1697 787; x_wconf 80' lang='lat' dir='ltr'><strong>exsistit</strong></span> <span class='ocrx_word' id='word_1_31' title='bbox 1719 731 1984 786; x_wconf 83' lang='lat' dir='ltr'><strong>virtutum</strong></span> <span class='ocrx_word' id='word_1_32' title='bbox 2012 729 2092 786; x_wconf 80' lang='lat' dir='ltr'><strong>fe-</strong></span> 
     </span>
    </p>
   </div>
   <div class='ocr_carea' id='block_1_6' title="bbox 508 822 2097 895">
    <p class='ocr_par' dir='ltr' id='par_1_6' title="bbox 508 822 2097 895">
     <span class='ocr_line' id='line_1_6' title="bbox 508 822 2097 895; baseline -0.003 -14"><span class='ocrx_word' id='word_1_33' title='bbox 508 826 912 882; x_wconf 90' lang='lat' dir='ltr'><strong>cundissimus.</strong></span> <span class='ocrx_word' id='word_1_34' title='bbox 944 824 1121 880; x_wconf 91' lang='lat' dir='ltr'><strong>Porro</strong></span> <span class='ocrx_word' id='word_1_35' title='bbox 1151 824 1512 895; x_wconf 81' lang='lat' dir='ltr'><strong>temperantia</strong></span> <span class='ocrx_word' id='word_1_36' title='bbox 1537 829 1593 878; x_wconf 90' lang='lat' dir='ltr'><strong>et</strong></span> <span class='ocrx_word' id='word_1_37' title='bbox 1621 822 1927 879; x_wconf 90' lang='lat' dir='ltr'><strong>moderatio</strong></span> <span class='ocrx_word' id='word_1_38' title='bbox 1957 838 2097 877; x_wconf 81' lang='lat' dir='ltr'><strong>ven-</strong></span> 
     </span>
    </p>
   </div>
   <div class='ocr_carea' id='block_1_7' title="bbox 505 913 2091 989">
    <p class='ocr_par' dir='ltr' id='par_1_7' title="bbox 505 913 2091 989">
     <span class='ocr_line' id='line_1_7' title="bbox 505 913 2091 989; baseline -0.003 -15"><span class='ocrx_word' id='word_1_39' title='bbox 505 919 611 974; x_wconf 86' lang='lat' dir='ltr'><strong>tris</strong></span> <span class='ocrx_word' id='word_1_40' title='bbox 652 918 858 989; x_wconf 88' lang='lat' dir='ltr'><strong>optima</strong></span> <span class='ocrx_word' id='word_1_41' title='bbox 899 925 1017 983; x_wconf 86' lang='lat' dir='ltr'><strong>est,</strong></span> <span class='ocrx_word' id='word_1_42' title='bbox 1059 917 1109 972; x_wconf 88' lang='lat' dir='ltr'><strong>si</strong></span> <span class='ocrx_word' id='word_1_43' title='bbox 1145 931 1267 972; x_wconf 87' lang='lat' dir='ltr'><strong>eam</strong></span> <span class='ocrx_word' id='word_1_44' title='bbox 1310 915 1546 986; x_wconf 91' lang='lat' dir='ltr'><strong>quisque</strong></span> <span class='ocrx_word' id='word_1_45' title='bbox 1587 913 1836 986; x_wconf 90' lang='lat' dir='ltr'><strong>corporis</strong></span> <span class='ocrx_word' id='word_1_46' title='bbox 1881 913 2091 970; x_wconf 86' lang='lat' dir='ltr'><strong>viribus</strong></span> 
     </span>
    </p>
   </div>
   <div class='ocr_carea' id='block_1_8' title="bbox 509 1005 2092 1081">
    <p class='ocr_par' dir='ltr' id='par_1_8' title="bbox 509 1005 2092 1081">
     <span class='ocr_line' id='line_1_8' title="bbox 509 1005 2092 1081; baseline -0.003 -17"><span class='ocrx_word' id='word_1_47' title='bbox 509 1011 790 1067; x_wconf 85' lang='lat' dir='ltr'><strong>metiatur.</strong></span> <span class='ocrx_word' id='word_1_48' title='bbox 823 1009 1119 1065; x_wconf 84' lang='lat' dir='ltr'><strong>Enimvero</strong></span> <span class='ocrx_word' id='word_1_49' title='bbox 1150 1009 1344 1081; x_wconf 86' lang='lat' dir='ltr'><strong>ingens</strong></span> <span class='ocrx_word' id='word_1_50' title='bbox 1368 1009 1531 1063; x_wconf 90' lang='lat' dir='ltr'><strong>etiam</strong></span> <span class='ocrx_word' id='word_1_51' title='bbox 1555 1006 1831 1062; x_wconf 79' lang='lat' dir='ltr'><strong>alliictatio</strong></span> <span class='ocrx_word' id='word_1_52' title='bbox 1860 1005 1976 1062; x_wconf 90' lang='lat' dir='ltr'><strong>visa</strong></span> <span class='ocrx_word' id='word_1_53' title='bbox 2005 1012 2092 1061; x_wconf 92' lang='lat' dir='ltr'><strong>est</strong></span> 
     </span>
    </p>
   </div>
   <div class='ocr_carea' id='block_1_9' title="bbox 504 1097 2089 1175">
    <p class='ocr_par' dir='ltr' id='par_1_9' title="bbox 504 1097 2089 1175">
     <span class='ocr_line' id='line_1_9' title="bbox 504 1097 2089 1175; baseline -0.002 -19"><span class='ocrx_word' id='word_1_54' title='bbox 504 1103 840 1175; x_wconf 78' lang='lat' dir='ltr'><strong>quibusdam</strong></span> <span class='ocrx_word' id='word_1_55' title='bbox 885 1118 994 1158; x_wconf 90' lang='lat' dir='ltr'><strong>non</strong></span> <span class='ocrx_word' id='word_1_56' title='bbox 1037 1103 1262 1173; x_wconf 78' lang='lat' dir='ltr'><strong>gravis,</strong></span> <span class='ocrx_word' id='word_1_57' title='bbox 1305 1115 1537 1170; x_wconf 84' lang='lat' dir='ltr'><strong>eamque</strong></span> <span class='ocrx_word' id='word_1_58' title='bbox 1578 1099 1867 1155; x_wconf 79' lang='lat' dir='ltr'><strong>levamenti</strong></span> <span class='ocrx_word' id='word_1_59' title='bbox 1906 1097 2089 1169; x_wconf 87' lang='lat' dir='ltr'><strong>potius</strong></span> 
     </span>
    </p>
   </div>
   <div class='ocr_carea' id='block_1_10' title="bbox 508 1190 2095 1265">
    <p class='ocr_par' dir='ltr' id='par_1_10' title="bbox 508 1190 2095 1265">
     <span class='ocr_line' id='line_1_10' title="bbox 508 1190 2095 1265; baseline -0.003 -17"><span class='ocrx_word' id='word_1_60' title='bbox 508 1210 677 1265; x_wconf 88' lang='lat' dir='ltr'><strong>quam</strong></span> <span class='ocrx_word' id='word_1_61' title='bbox 706 1195 915 1250; x_wconf 87' lang='lat' dir='ltr'><strong>laboris</strong></span> <span class='ocrx_word' id='word_1_62' title='bbox 946 1195 1069 1249; x_wconf 88' lang='lat' dir='ltr'><strong>loco</strong></span> <span class='ocrx_word' id='word_1_63' title='bbox 1098 1193 1339 1248; x_wconf 86' lang='lat' dir='ltr'><strong>habuere</strong></span> <span class='ocrx_word' id='word_1_64' title='bbox 1358 1233 1372 1256; x_wconf 93' lang='lat'><strong>,</strong></span> <span class='ocrx_word' id='word_1_65' title='bbox 1404 1192 1475 1247; x_wconf 93' lang='lat' dir='ltr'><strong>ob</strong></span> <span class='ocrx_word' id='word_1_66' title='bbox 1504 1206 1784 1263; x_wconf 71' lang='lat' dir='ltr'><strong>corporeae</strong></span> <span class='ocrx_word' id='word_1_67' title='bbox 1828 1190 2095 1247; x_wconf 56' lang='lat' dir='ltr'><strong>constitue</strong></span> 
     </span>
    </p>
   </div>
   <div class='ocr_carea' id='block_1_11' title="bbox 508 1268 2090 1355">
    <p class='ocr_par' dir='ltr' id='par_1_11' title="bbox 508 1268 2090 1355">
     <span class='ocr_line' id='line_1_11' title="bbox 508 1268 2090 1355; baseline -0.003 -14"><span class='ocrx_word' id='word_1_68' title='bbox 508 1286 682 1343; x_wconf 85' lang='lat' dir='ltr'><strong>tionis</strong></span> <span class='ocrx_word' id='word_1_69' title='bbox 712 1285 1165 1355; x_wconf 80' lang='lat' dir='ltr'><strong>fortitudinisque</strong></span> <span class='ocrx_word' id='word_1_70' title='bbox 1203 1268 1515 1339; x_wconf 82' lang='lat' dir='ltr'><strong>ﬁrmitatem</strong></span> <span class='ocrx_word' id='word_1_71' title='bbox 1565 1297 1630 1338; x_wconf 93' lang='lat' dir='ltr'><strong>ac</strong></span> <span class='ocrx_word' id='word_1_72' title='bbox 1679 1282 1946 1354; x_wconf 77' lang='lat' dir='ltr'><strong>vigorem.</strong></span> <span class='ocrx_word' id='word_1_73' title='bbox 1988 1278 2090 1337; x_wconf 78' lang='lat' dir='ltr'><strong>Ve-</strong></span> 
     </span>
    </p>
   </div>
   <div class='ocr_carea' id='block_1_12' title="bbox 511 1371 2091 1447">
    <p class='ocr_par' dir='ltr' id='par_1_12' title="bbox 511 1371 2091 1447">
     <span class='ocr_line' id='line_1_12' title="bbox 511 1371 2091 1447; baseline -0.004 -14"><span class='ocrx_word' id='word_1_74' title='bbox 511 1393 633 1433; x_wconf 84' lang='lat' dir='ltr'><strong>rum</strong></span> <span class='ocrx_word' id='word_1_75' title='bbox 663 1378 813 1447; x_wconf 92' lang='lat' dir='ltr'><strong>quod</strong></span> <span class='ocrx_word' id='word_1_76' title='bbox 847 1377 902 1430; x_wconf 91' lang='lat' dir='ltr'><strong>hi</strong></span> <span class='ocrx_word' id='word_1_77' title='bbox 955 1376 1193 1431; x_wconf 90' lang='lat' dir='ltr'><strong>tolerare</strong></span> <span class='ocrx_word' id='word_1_78' title='bbox 1242 1381 1576 1445; x_wconf 88' lang='lat' dir='ltr'><strong>potuerunt,</strong></span> <span class='ocrx_word' id='word_1_79' title='bbox 1628 1374 1753 1429; x_wconf 88' lang='lat' dir='ltr'><strong>aliis</strong></span> <span class='ocrx_word' id='word_1_80' title='bbox 1798 1373 1900 1427; x_wconf 78' lang='lat' dir='ltr'><strong>fuit</strong></span> <span class='ocrx_word' id='word_1_81' title='bbox 1945 1371 2091 1444; x_wconf 82' lang='lat' dir='ltr'><strong>peri-</strong></span> 
     </span>
    </p>
   </div>
   <div class='ocr_carea' id='block_1_13' title="bbox 510 1464 2090 1525">
    <p class='ocr_par' dir='ltr' id='par_1_13' title="bbox 510 1464 2090 1525">
     <span class='ocr_line' id='line_1_13' title="bbox 510 1464 2090 1525; baseline -0.003 -1"><span class='ocrx_word' id='word_1_82' title='bbox 510 1469 733 1525; x_wconf 85' lang='lat' dir='ltr'><strong>clitandi</strong></span> <span class='ocrx_word' id='word_1_83' title='bbox 783 1482 973 1523; x_wconf 90' lang='lat' dir='ltr'><strong>causa.</strong></span> <span class='ocrx_word' id='word_1_84' title='bbox 1021 1464 1157 1520; x_wconf 84' lang='lat' dir='ltr'><strong>Nam</strong></span> <span class='ocrx_word' id='word_1_85' title='bbox 1211 1465 1510 1521; x_wconf 87' lang='lat' dir='ltr'><strong>discrimen</strong></span> <span class='ocrx_word' id='word_1_86' title='bbox 1572 1472 1792 1519; x_wconf 89' lang='lat' dir='ltr'><strong>tantum</strong></span> <span class='ocrx_word' id='word_1_87' title='bbox 1820 1464 2090 1519; x_wconf 86' lang='lat' dir='ltr'><strong>invenerit</strong></span> 
     </span>
    </p>
   </div>
   <div class='ocr_carea' id='block_1_14' title="bbox 512 1553 2089 1631">
    <p class='ocr_par' dir='ltr' id='par_1_14' title="bbox 512 1553 2089 1631">
     <span class='ocr_line' id='line_1_14' title="bbox 512 1553 2089 1631; baseline -0.005 -16"><span class='ocrx_word' id='word_1_88' title='bbox 512 1560 642 1631; x_wconf 87' lang='lat' dir='ltr'><strong>quis</strong></span> <span class='ocrx_word' id='word_1_89' title='bbox 672 1574 904 1631; x_wconf 89' lang='lat' dir='ltr'><strong>corpora</strong></span> <span class='ocrx_word' id='word_1_90' title='bbox 934 1561 1080 1614; x_wconf 84' lang='lat' dir='ltr'><strong>inter</strong></span> <span class='ocrx_word' id='word_1_91' title='bbox 1106 1564 1162 1612; x_wconf 88' lang='lat' dir='ltr'><strong>et</strong></span> <span class='ocrx_word' id='word_1_92' title='bbox 1188 1571 1421 1628; x_wconf 88' lang='lat' dir='ltr'><strong>corpora</strong></span> <span class='ocrx_word' id='word_1_93' title='bbox 1440 1597 1456 1622; x_wconf 94' lang='lat'><strong>,</strong></span> <span class='ocrx_word' id='word_1_94' title='bbox 1488 1562 1754 1627; x_wconf 88' lang='lat' dir='ltr'><strong>quantum</strong></span> <span class='ocrx_word' id='word_1_95' title='bbox 1795 1570 1872 1611; x_wconf 78' lang='lat' dir='ltr'><strong>aes</strong></span> <span class='ocrx_word' id='word_1_96' title='bbox 1899 1561 1954 1610; x_wconf 91' lang='lat' dir='ltr'><strong>et</strong></span> <span class='ocrx_word' id='word_1_97' title='bbox 1988 1553 2089 1610; x_wconf 82' lang='lat' dir='ltr'><strong>fer-</strong></span> 
     </span>
    </p>
   </div>
   <div class='ocr_carea' id='block_1_15' title="bbox 510 1646 2090 1721">
    <p class='ocr_par' dir='ltr' id='par_1_15' title="bbox 510 1646 2090 1721">
     <span class='ocr_line' id='line_1_15' title="bbox 510 1646 2090 1721; baseline -0.004 -14"><span class='ocrx_word' id='word_1_98' title='bbox 510 1667 637 1709; x_wconf 89' lang='lat' dir='ltr'><strong>rum</strong></span> <span class='ocrx_word' id='word_1_99' title='bbox 668 1667 699 1706; x_wconf 93' lang='lat' dir='ltr'><strong>a</strong></span> <span class='ocrx_word' id='word_1_100' title='bbox 727 1650 1094 1708; x_wconf 85' lang='lat' dir='ltr'><strong>sarmentitiis</strong></span> <span class='ocrx_word' id='word_1_101' title='bbox 1124 1650 1289 1721; x_wconf 82' lang='lat' dir='ltr'><strong>lignis</strong></span> <span class='ocrx_word' id='word_1_102' title='bbox 1318 1647 1598 1704; x_wconf 69' lang='lat' dir='ltr'><strong>diﬁ‘erunt.</strong></span> <span class='ocrx_word' id='word_1_103' title='bbox 1632 1646 1817 1716; x_wconf 87' lang='lat' dir='ltr'><strong>Itaque</strong></span> <span class='ocrx_word' id='word_1_104' title='bbox 1846 1660 1946 1717; x_wconf 89' lang='lat' dir='ltr'><strong>pro</strong></span> <span class='ocrx_word' id='word_1_105' title='bbox 1976 1646 2090 1700; x_wconf 86' lang='lat' dir='ltr'><strong>suis</strong></span> 
     </span>
    </p>
   </div>
   <div class='ocr_carea' id='block_1_16' title="bbox 509 1736 2083 1816">
    <p class='ocr_par' dir='ltr' id='par_1_16' title="bbox 509 1736 2083 1816">
     <span class='ocr_line' id='line_1_16' title="bbox 509 1736 2083 1816; baseline -0.006 -16"><span class='ocrx_word' id='word_1_106' title='bbox 509 1745 746 1816; x_wconf 88' lang='lat' dir='ltr'><strong>quisque</strong></span> <span class='ocrx_word' id='word_1_107' title='bbox 789 1745 1002 1799; x_wconf 88' lang='lat' dir='ltr'><strong>viribus</strong></span> <span class='ocrx_word' id='word_1_108' title='bbox 1030 1743 1192 1815; x_wconf 67' lang='grc'><strong>545</strong></span> <span class='ocrx_word' id='word_1_109' title='bbox 1225 1740 1640 1813; x_wconf 87' lang='lat' dir='ltr'><strong>temperantiam</strong></span> <span class='ocrx_word' id='word_1_110' title='bbox 1683 1737 1844 1793; x_wconf 87' lang='lat' dir='ltr'><strong>debet</strong></span> <span class='ocrx_word' id='word_1_111' title='bbox 1883 1736 2083 1793; x_wconf 89' lang='lat' dir='ltr'><strong>colere.</strong></span> 
     </span>
    </p>
   </div>
   <div class='ocr_carea' id='block_1_17' title="bbox 2187 336 3729 404">
    <p class='ocr_par' dir='ltr' id='par_1_17' title="bbox 2187 336 3729 404">
     <span class='ocr_line' id='line_1_17' title="bbox 2187 336 3729 404; baseline 0.006 -10"><span class='ocrx_word' id='word_1_112' title='bbox 2187 336 2405 396; x_wconf 72' lang='lat' dir='ltr'><strong>MAGNI</strong></span> <span class='ocrx_word' id='word_1_113' title='bbox 2672 348 2679 353; x_wconf 85' lang='lat'>&#39;</span> <span class='ocrx_word' id='word_1_114' title='bbox 3607 345 3729 404; x_wconf 67' lang='lat'><strong>1348</strong></span> 
     </span>
    </p>
   </div>
   <div class='ocr_carea' id='block_1_18' title="bbox 2186 451 3723 526">
    <p class='ocr_par' dir='ltr' id='par_1_18' title="bbox 2186 451 3723 526">
     <span class='ocr_line' id='line_1_18' title="bbox 2186 451 3723 526; baseline 0.005 -21"><span class='ocrx_word' id='word_1_115' title='bbox 2186 452 2429 526; x_wconf 79' lang='grc' dir='ltr'>Γαστρὸς</span> <span class='ocrx_word' id='word_1_116' title='bbox 2454 451 2564 526; x_wconf 83' lang='grc' dir='ltr'><strong>γάρ</strong></span> <span class='ocrx_word' id='word_1_117' title='bbox 2584 453 2929 524; x_wconf 87' lang='grc' dir='ltr'>παιδαγωγία</span> <span class='ocrx_word' id='word_1_118' title='bbox 2952 453 3139 509; x_wconf 81' lang='grc' dir='ltr'>παθῶν</span> <span class='ocrx_word' id='word_1_119' title='bbox 3160 455 3277 510; x_wconf 76' lang='grc' dir='ltr'>ἐστι</span> <span class='ocrx_word' id='word_1_120' title='bbox 3296 455 3511 520; x_wconf 83' lang='grc' dir='ltr'>κόλασις</span> <span class='ocrx_word' id='word_1_121' title='bbox 3526 471 3539 488; x_wconf 89' lang='grc'><strong>·</strong></span> <span class='ocrx_word' id='word_1_122' title='bbox 3561 458 3723 513; x_wconf 81' lang='grc' dir='ltr'>παθῶν</span> 
     </span>
    </p>
   </div>
   <div class='ocr_carea' id='block_1_19' title="bbox 2191 544 3728 622">
    <p class='ocr_par' dir='ltr' id='par_1_19' title="bbox 2191 544 3728 622">
     <span class='ocr_line' id='line_1_19' title="bbox 2191 544 3728 622; baseline 0.003 -22"><span class='ocrx_word' id='word_1_123' title='bbox 2191 544 2249 600; x_wconf 85' lang='grc' dir='ltr'><strong>δὲ</strong></span> <span class='ocrx_word' id='word_1_124' title='bbox 2283 546 2504 611; x_wconf 86' lang='grc' dir='ltr'>κόλασις</span> <span class='ocrx_word' id='word_1_125' title='bbox 2535 548 2804 622; x_wconf 77' lang='grc' dir='ltr'><strong>ἀταραξία</strong></span> <span class='ocrx_word' id='word_1_126' title='bbox 2830 549 2924 602; x_wconf 82' lang='grc' dir='ltr'><strong>καὶ</strong></span> <span class='ocrx_word' id='word_1_127' title='bbox 2958 548 3164 621; x_wconf 79' lang='grc' dir='ltr'>γαλήνη</span> <span class='ocrx_word' id='word_1_128' title='bbox 3201 547 3376 622; x_wconf 82' lang='grc' dir='ltr'>ψυχῆς</span> <span class='ocrx_word' id='word_1_129' title='bbox 3398 566 3413 581; x_wconf 92' lang='grc'><strong>·</strong></span> <span class='ocrx_word' id='word_1_130' title='bbox 3450 549 3639 622; x_wconf 82' lang='grc' dir='ltr'>γαλήνη</span> <span class='ocrx_word' id='word_1_131' title='bbox 3677 550 3728 605; x_wconf 79' lang='grc' dir='ltr'><strong>δὲ</strong></span> 
     </span>
    </p>
   </div>
   <div class='ocr_carea' id='block_1_20' title="bbox 2189 636 3729 713">
    <p class='ocr_par' dir='ltr' id='par_1_20' title="bbox 2189 636 3729 713">
     <span class='ocr_line' id='line_1_20' title="bbox 2189 636 3729 713; baseline 0.003 -20"><span class='ocrx_word' id='word_1_132' title='bbox 2189 636 2367 710; x_wconf 69' lang='grc' dir='ltr'>ψυχῆς</span> <span class='ocrx_word' id='word_1_133' title='bbox 2396 639 2608 711; x_wconf 82' lang='grc' dir='ltr'><strong>ἀρετῶν</strong></span> <span class='ocrx_word' id='word_1_134' title='bbox 2634 638 2744 708; x_wconf 76' lang='grc'><strong>(28)</strong></span> <span class='ocrx_word' id='word_1_135' title='bbox 2773 640 3119 712; x_wconf 71' lang='grc' dir='ltr'>γονιμωτάτῃ</span> <span class='ocrx_word' id='word_1_136' title='bbox 3147 642 3317 713; x_wconf 82' lang='grc' dir='ltr'>πηγή.</span> <span class='ocrx_word' id='word_1_137' title='bbox 3355 641 3655 713; x_wconf 87' lang='grc' dir='ltr'>Ἐγκράτεια</span> <span class='ocrx_word' id='word_1_138' title='bbox 3679 644 3729 697; x_wconf 79' lang='grc' dir='ltr'>δὲ</span> 
     </span>
    </p>
   </div>
   <div class='ocr_carea' id='block_1_21' title="bbox 2189 732 3728 805">
    <p class='ocr_par' dir='ltr' id='par_1_21' title="bbox 2189 732 3728 805">
     <span class='ocr_line' id='line_1_21' title="bbox 2189 732 3728 805; baseline 0.001 -19"><span class='ocrx_word' id='word_1_139' title='bbox 2189 732 2426 803; x_wconf 85' lang='grc' dir='ltr'>γαστρὸς</span> <span class='ocrx_word' id='word_1_140' title='bbox 2448 733 2647 805; x_wconf 82' lang='grc' dir='ltr'><strong>ἀρίστη</strong></span> <span class='ocrx_word' id='word_1_141' title='bbox 2681 735 2715 805; x_wconf 83' lang='grc' dir='ltr'><strong>ή</strong></span> <span class='ocrx_word' id='word_1_142' title='bbox 2743 734 2958 805; x_wconf 81' lang='grc' dir='ltr'><strong>ἑκάστῳ</strong></span> <span class='ocrx_word' id='word_1_143' title='bbox 2992 733 3336 805; x_wconf 74' lang='grc' dir='ltr'><strong>μετρουμένη</strong></span> <span class='ocrx_word' id='word_1_144' title='bbox 3366 732 3501 804; x_wconf 81' lang='grc' dir='ltr'>πρὸς</span> <span class='ocrx_word' id='word_1_145' title='bbox 3532 733 3622 804; x_wconf 78' lang='grc' dir='ltr'>τὴν</span> <span class='ocrx_word' id='word_1_146' title='bbox 3646 734 3728 788; x_wconf 77' lang='grc' dir='ltr'>τοῦ</span> 
     </span>
    </p>
   </div>
   <div class='ocr_carea' id='block_1_22' title="bbox 2191 820 3728 896">
    <p class='ocr_par' dir='ltr' id='par_1_22' title="bbox 2191 820 3728 896">
     <span class='ocr_line' id='line_1_22' title="bbox 2191 820 3728 896; baseline 0.001 -21"><span class='ocrx_word' id='word_1_147' title='bbox 2191 820 2442 894; x_wconf 86' lang='grc' dir='ltr'>σώματος</span> <span class='ocrx_word' id='word_1_148' title='bbox 2476 822 2727 892; x_wconf 87' lang='grc' dir='ltr'>δύναμιν.</span> <span class='ocrx_word' id='word_1_149' title='bbox 2762 823 2958 887; x_wconf 82' lang='grc' dir='ltr'>Ἐνίοις</span> <span class='ocrx_word' id='word_1_150' title='bbox 2987 823 3086 895; x_wconf 83' lang='grc' dir='ltr'><strong>μὲν</strong></span> <span class='ocrx_word' id='word_1_151' title='bbox 3122 824 3231 896; x_wconf 83' lang='grc' dir='ltr'>γὰρ</span> <span class='ocrx_word' id='word_1_152' title='bbox 3266 824 3362 877; x_wconf 84' lang='grc' dir='ltr'>καὶ</span> <span class='ocrx_word' id='word_1_153' title='bbox 3397 824 3728 894; x_wconf 81' lang='grc' dir='ltr'>ὲπιτεταμένη</span> 
     </span>
    </p>
   </div>
   <div class='ocr_carea' id='block_1_23' title="bbox 2190 914 3731 985">
    <p class='ocr_par' dir='ltr' id='par_1_23' title="bbox 2190 914 3731 985">
     <span class='ocr_line' id='line_1_23' title="bbox 2190 914 3731 985; baseline 0 -18"><span class='ocrx_word' id='word_1_154' title='bbox 2190 914 2533 969; x_wconf 80' lang='grc' dir='ltr'><strong>κακοπάθεια</strong></span> <span class='ocrx_word' id='word_1_155' title='bbox 2563 914 2768 979; x_wconf 79' lang='grc' dir='ltr'>ἄλυπος</span> <span class='ocrx_word' id='word_1_156' title='bbox 2795 914 2973 985; x_wconf 78' lang='grc' dir='ltr'>ὤφθη,</span> <span class='ocrx_word' id='word_1_157' title='bbox 2998 915 3094 968; x_wconf 73' lang='grc' dir='ltr'><strong>καὶ</strong></span> <span class='ocrx_word' id='word_1_158' title='bbox 3116 916 3298 979; x_wconf 79' lang='grc' dir='ltr'><strong>ἄνεσις</strong></span> <span class='ocrx_word' id='word_1_159' title='bbox 3323 915 3569 985; x_wconf 83' lang='grc' dir='ltr'>μᾶλλονῆ</span> <span class='ocrx_word' id='word_1_160' title='bbox 3591 916 3731 979; x_wconf 79' lang='grc' dir='ltr'>πόνος</span> 
     </span>
    </p>
   </div>
   <div class='ocr_carea' id='block_1_24' title="bbox 2192 1004 3733 1079">
    <p class='ocr_par' dir='ltr' id='par_1_24' title="bbox 2192 1004 3733 1079">
     <span class='ocr_line' id='line_1_24' title="bbox 2192 1004 3733 1079; baseline 0 -19"><span class='ocrx_word' id='word_1_161' title='bbox 2192 1004 2337 1072; x_wconf 76' lang='grc' dir='ltr'>εδοξε</span> <span class='ocrx_word' id='word_1_162' title='bbox 2366 1006 2455 1060; x_wconf 85' lang='grc' dir='ltr'>διὰ</span> <span class='ocrx_word' id='word_1_163' title='bbox 2484 1006 2547 1060; x_wconf 81' lang='grc' dir='ltr'>τὸ</span> <span class='ocrx_word' id='word_1_164' title='bbox 2577 1007 2803 1079; x_wconf 64' lang='grc' dir='ltr'>στερρὸν</span> <span class='ocrx_word' id='word_1_165' title='bbox 2838 1006 2933 1059; x_wconf 70' lang='grc' dir='ltr'><strong>καὶ</strong></span> <span class='ocrx_word' id='word_1_166' title='bbox 2961 1005 3239 1059; x_wconf 83' lang='grc' dir='ltr'>άνένδοτον</span> <span class='ocrx_word' id='word_1_167' title='bbox 3261 1006 3372 1076; x_wconf 80' lang='grc'><strong>(29)</strong></span> <span class='ocrx_word' id='word_1_168' title='bbox 3400 1008 3497 1077; x_wconf 80' lang='grc' dir='ltr'><strong>τῆς</strong></span> <span class='ocrx_word' id='word_1_169' title='bbox 3525 1006 3610 1060; x_wconf 84' lang='grc' dir='ltr'>τοῦ</span> <span class='ocrx_word' id='word_1_170' title='bbox 3642 1006 3733 1060; x_wconf 83' lang='grc' dir='ltr'><strong>σώ-</strong></span> 
     </span>
    </p>
   </div>
   <div class='ocr_carea' id='block_1_25' title="bbox 2193 1087 3733 1171">
    <p class='ocr_par' dir='ltr' id='par_1_25' title="bbox 2193 1087 3733 1171">
     <span class='ocr_line' id='line_1_25' title="bbox 2193 1087 3733 1171; baseline 0.002 -20"><span class='ocrx_word' id='word_1_171' title='bbox 2193 1114 2363 1169; x_wconf 85' lang='grc' dir='ltr'>ματος</span> <span class='ocrx_word' id='word_1_172' title='bbox 2413 1100 2760 1171; x_wconf 83' lang='grc' dir='ltr'>κατασκευῆς</span> <span class='ocrx_word' id='word_1_173' title='bbox 2820 1100 2912 1154; x_wconf 66' lang='grc' dir='ltr'><strong>κα)⁵</strong></span> <span class='ocrx_word' id='word_1_174' title='bbox 2959 1087 3240 1171; x_wconf 82' lang='grc' dir='ltr'>δυνάμεως</span> <span class='ocrx_word' id='word_1_175' title='bbox 3260 1115 3274 1130; x_wconf 89' lang='grc'><strong>·</strong></span> <span class='ocrx_word' id='word_1_176' title='bbox 3321 1099 3384 1153; x_wconf 78' lang='grc' dir='ltr'><strong>τὸ</strong></span> <span class='ocrx_word' id='word_1_177' title='bbox 3438 1099 3496 1152; x_wconf 85' lang='grc' dir='ltr'>δὲ</span> <span class='ocrx_word' id='word_1_178' title='bbox 3547 1099 3733 1166; x_wconf 80' lang='grc' dir='ltr'><strong>τούτοις</strong></span> 
     </span>
    </p>
   </div>
   <div class='ocr_carea' id='block_1_26' title="bbox 2190 1190 3733 1263">
    <p class='ocr_par' dir='ltr' id='par_1_26' title="bbox 2190 1190 3733 1263">
     <span class='ocr_line' id='line_1_26' title="bbox 2190 1190 3733 1263; baseline -0.001 -18"><span class='ocrx_word' id='word_1_179' title='bbox 2190 1191 2416 1245; x_wconf 82' lang='grc' dir='ltr'>ἀνεκτὸν</span> <span class='ocrx_word' id='word_1_180' title='bbox 2438 1192 2644 1263; x_wconf 79' lang='grc' dir='ltr'>ἑτέροις</span> <span class='ocrx_word' id='word_1_181' title='bbox 2673 1191 2934 1245; x_wconf 78' lang='grc' dir='ltr'><strong>κινδύνων</strong></span> <span class='ocrx_word' id='word_1_182' title='bbox 2958 1191 3215 1254; x_wconf 78' lang='grc' dir='ltr'>ὑπόθεσις</span> <span class='ocrx_word' id='word_1_183' title='bbox 3242 1190 3453 1259; x_wconf 83' lang='grc' dir='ltr'>γέγονε.</span> <span class='ocrx_word' id='word_1_184' title='bbox 3488 1191 3733 1262; x_wconf 83' lang='grc' dir='ltr'>Σωμάτων</span> 
     </span>
    </p>
   </div>
   <div class='ocr_carea' id='block_1_27' title="bbox 2189 1283 3731 1357">
    <p class='ocr_par' dir='ltr' id='par_1_27' title="bbox 2189 1283 3731 1357">
     <span class='ocr_line' id='line_1_27' title="bbox 2189 1283 3731 1357; baseline 0 -20"><span class='ocrx_word' id='word_1_185' title='bbox 2189 1285 2301 1357; x_wconf 82' lang='grc' dir='ltr'>γὰρ</span> <span class='ocrx_word' id='word_1_186' title='bbox 2332 1284 2467 1356; x_wconf 85' lang='grc' dir='ltr'>πρὸς</span> <span class='ocrx_word' id='word_1_187' title='bbox 2498 1284 2728 1356; x_wconf 85' lang='grc' dir='ltr'>σώματα</span> <span class='ocrx_word' id='word_1_188' title='bbox 2767 1283 3038 1357; x_wconf 78' lang='grc' dir='ltr'>τοσαύτην</span> <span class='ocrx_word' id='word_1_189' title='bbox 3069 1284 3134 1339; x_wconf 83' lang='grc' dir='ltr'>ἄν</span> <span class='ocrx_word' id='word_1_190' title='bbox 3155 1301 3237 1347; x_wconf 89' lang='grc' dir='ltr'><strong>τις</strong></span> <span class='ocrx_word' id='word_1_191' title='bbox 3282 1283 3433 1356; x_wconf 78' lang='grc' dir='ltr'>εὖροι</span> <span class='ocrx_word' id='word_1_192' title='bbox 3477 1283 3731 1354; x_wconf 65' lang='grc' dir='ltr'>διαφορὰν,</span> 
     </span>
    </p>
   </div>
   <div class='ocr_carea' id='block_1_28' title="bbox 2190 1375 3734 1448">
    <p class='ocr_par' dir='ltr' id='par_1_28' title="bbox 2190 1375 3734 1448">
     <span class='ocr_line' id='line_1_28' title="bbox 2190 1375 3734 1448; baseline 0 -19"><span class='ocrx_word' id='word_1_193' title='bbox 2190 1375 2322 1447; x_wconf 82' lang='grc' dir='ltr'>ὅσην</span> <span class='ocrx_word' id='word_1_194' title='bbox 2349 1375 2550 1447; x_wconf 83' lang='grc' dir='ltr'>χαλκοῦ</span> <span class='ocrx_word' id='word_1_195' title='bbox 2601 1376 2696 1430; x_wconf 77' lang='grc' dir='ltr'>καὶ</span> <span class='ocrx_word' id='word_1_196' title='bbox 2728 1376 2946 1447; x_wconf 86' lang='grc' dir='ltr'>σιδήρου</span> <span class='ocrx_word' id='word_1_197' title='bbox 2996 1375 3135 1448; x_wconf 80' lang='grc' dir='ltr'>πρὸς</span> <span class='ocrx_word' id='word_1_198' title='bbox 3174 1375 3245 1429; x_wconf 81' lang='grc' dir='ltr'><strong>τά</strong></span> <span class='ocrx_word' id='word_1_199' title='bbox 3287 1375 3601 1447; x_wconf 83' lang='grc' dir='ltr'>φρυγανώδη</span> <span class='ocrx_word' id='word_1_200' title='bbox 3640 1377 3734 1430; x_wconf 84' lang='grc' dir='ltr'>τῶν</span> 
     </span>
    </p>
   </div>
   <div class='ocr_carea' id='block_1_29' title="bbox 2191 1462 3733 1537">
    <p class='ocr_par' dir='ltr' id='par_1_29' title="bbox 2191 1462 3733 1537">
     <span class='ocr_line' id='line_1_29' title="bbox 2191 1462 3733 1537; baseline -0.002 -16"><span class='ocrx_word' id='word_1_201' title='bbox 2191 1462 2385 1530; x_wconf 82' lang='grc' dir='ltr'><strong>ξύλων.</strong></span> <span class='ocrx_word' id='word_1_202' title='bbox 2421 1466 2584 1520; x_wconf 84' lang='grc' dir='ltr'>Ὥστε</span> <span class='ocrx_word' id='word_1_203' title='bbox 2635 1469 2961 1537; x_wconf 75' lang='grc' dir='ltr'>ἐγκράτειαν</span> <span class='ocrx_word' id='word_1_204' title='bbox 3006 1465 3277 1537; x_wconf 81' lang='grc' dir='ltr'>αἱρεῖσθαι</span> <span class='ocrx_word' id='word_1_205' title='bbox 3321 1468 3581 1537; x_wconf 79' lang='grc' dir='ltr'>προσήκει</span> <span class='ocrx_word' id='word_1_206' title='bbox 3617 1467 3733 1537; x_wconf 72' lang='grc' dir='ltr'>πρὸς</span> 
     </span>
    </p>
   </div>
   <div class='ocr_carea' id='block_1_30' title="bbox 2190 1556 3732 1630">
    <p class='ocr_par' dir='ltr' id='par_1_30' title="bbox 2190 1556 3732 1630">
     <span class='ocr_line' id='line_1_30' title="bbox 2190 1556 3732 1630; baseline 0.001 -21"><span class='ocrx_word' id='word_1_207' title='bbox 2190 1556 2346 1626; x_wconf 86' lang='grc' dir='ltr'>λόγον</span> <span class='ocrx_word' id='word_1_208' title='bbox 2374 1558 2474 1629; x_wconf 80' lang='grc' dir='ltr'>τῆς</span> <span class='ocrx_word' id='word_1_209' title='bbox 2522 1557 2874 1630; x_wconf 77' lang='grc' dir='ltr'>ὑπαρχούσης</span> <span class='ocrx_word' id='word_1_210' title='bbox 2911 1557 3215 1628; x_wconf 89' lang='grc' dir='ltr'>δυνάμεως.</span> <span class='ocrx_word' id='word_1_211' title='bbox 3258 1558 3476 1630; x_wconf 74' lang='grc' dir='ltr'>Ἀρεταὶ</span> <span class='ocrx_word' id='word_1_212' title='bbox 3529 1558 3618 1628; x_wconf 81' lang='grc' dir='ltr'>μὲν</span> <span class='ocrx_word' id='word_1_213' title='bbox 3642 1558 3732 1629; x_wconf 82' lang='grc' dir='ltr'>γὰρ</span> 
     </span>
    </p>
   </div>
   <div class='ocr_carea' id='block_1_31' title="bbox 2191 1648 3731 1722">
    <p class='ocr_par' dir='ltr' id='par_1_31' title="bbox 2191 1648 3731 1722">
     <span class='ocr_line' id='line_1_31' title="bbox 2191 1648 3731 1722; baseline 0.001 -21"><span class='ocrx_word' id='word_1_214' title='bbox 2191 1649 2248 1702; x_wconf 82' lang='grc' dir='ltr'>ὲν</span> <span class='ocrx_word' id='word_1_215' title='bbox 2286 1649 2419 1721; x_wconf 82' lang='grc' dir='ltr'>μόνῃ</span> <span class='ocrx_word' id='word_1_216' title='bbox 2452 1652 2517 1721; x_wconf 80' lang='grc' dir='ltr'>τῇ</span> <span class='ocrx_word' id='word_1_217' title='bbox 2541 1650 2684 1722; x_wconf 77' lang='grc' dir='ltr'>ψυχῇ</span> <span class='ocrx_word' id='word_1_218' title='bbox 2717 1648 3145 1721; x_wconf 86' lang='grc' dir='ltr'>κατορθούμεναι</span> <span class='ocrx_word' id='word_1_219' title='bbox 3174 1651 3345 1703; x_wconf 82' lang='grc' dir='ltr'>πᾶσαι</span> <span class='ocrx_word' id='word_1_220' title='bbox 3379 1651 3538 1704; x_wconf 80' lang='grc' dir='ltr'>πᾶσιν</span> <span class='ocrx_word' id='word_1_221' title='bbox 3561 1649 3731 1720; x_wconf 83' lang='grc' dir='ltr'>ὁμοίως</span> 
     </span>
    </p>
   </div>
   <div class='ocr_carea' id='block_1_32' title="bbox 2189 1737 3737 1813">
    <p class='ocr_par' dir='ltr' id='par_1_32' title="bbox 2189 1737 3737 1813">
     <span class='ocr_line' id='line_1_32' title="bbox 2189 1737 3737 1813; baseline 0 -19"><span class='ocrx_word' id='word_1_222' title='bbox 2189 1741 2585 1813; x_wconf 75' lang='grc' dir='ltr'>ταχθήσονταισ</span> <span class='ocrx_word' id='word_1_223' title='bbox 2646 1737 2756 1795; x_wconf 68' lang='grc' dir='ltr'>οἷον</span> <span class='ocrx_word' id='word_1_224' title='bbox 2810 1741 3092 1813; x_wconf 84' lang='grc' dir='ltr'><strong>πραότης,</strong></span> <span class='ocrx_word' id='word_1_225' title='bbox 3149 1743 3457 1805; x_wconf 76' lang='grc' dir='ltr'><strong>ἐπιείκεια,</strong></span> <span class='ocrx_word' id='word_1_226' title='bbox 3513 1758 3737 1795; x_wconf 77' lang='grc' dir='ltr'>ταπεινο-</span> 
     </span>
    </p>
   </div>
   <div class='ocr_carea' id='block_1_33' title="bbox 508 1809 2092 1910">
    <p class='ocr_par' dir='ltr' id='par_1_33' title="bbox 508 1809 2087 1910">
     <span class='ocr_line' id='line_1_33' title="bbox 508 1809 2087 1910; baseline -0.005 -17"><span class='ocrx_word' id='word_1_227' title='bbox 508 1809 580 1894; x_wconf 52' lang='lat' dir='ltr'><strong>Iit</strong></span> <span class='ocrx_word' id='word_1_228' title='bbox 607 1809 831 1910; x_wconf 81' lang='lat' dir='ltr'><strong>quidem</strong></span> <span class='ocrx_word' id='word_1_229' title='bbox 865 1853 986 1908; x_wconf 65' lang='lat' dir='ltr'><strong>qua:</strong></span> <span class='ocrx_word' id='word_1_230' title='bbox 1017 1809 1075 1892; x_wconf 72' lang='lat' dir='ltr'><strong>in</strong></span> <span class='ocrx_word' id='word_1_231' title='bbox 1106 1809 1229 1893; x_wconf 73' lang='lat' dir='ltr'><strong>solo</strong></span> <span class='ocrx_word' id='word_1_232' title='bbox 1258 1809 1444 1890; x_wconf 82' lang='lat' dir='ltr'><strong>animo</strong></span> <span class='ocrx_word' id='word_1_233' title='bbox 1474 1831 1794 1888; x_wconf 87' lang='lat' dir='ltr'><strong>adolescunt</strong></span> <span class='ocrx_word' id='word_1_234' title='bbox 1820 1831 2049 1886; x_wconf 80' lang='lat' dir='ltr'><strong>virtutes</strong></span> <span class='ocrx_word' id='word_1_235' title='bbox 2072 1871 2087 1895; x_wconf 90' lang='lat'><strong>,</strong></span> 
     </span>
    </p>
   </div>
   <div class='ocr_carea' id='block_1_34' title="bbox 2186 1809 3735 1910">
    <p class='ocr_par' dir='ltr' id='par_1_34' title="bbox 2192 1809 3735 1903">
     <span class='ocr_line' id='line_1_34' title="bbox 2192 1809 3735 1903; baseline 0.001 -20"><span class='ocrx_word' id='word_1_236' title='bbox 2192 1809 2468 1902; x_wconf 77' lang='grc' dir='ltr'>φροσύνη,</span> <span class='ocrx_word' id='word_1_237' title='bbox 2522 1809 2885 1903; x_wconf 55' lang='grc' dir='ltr'>ἀγαθωσύνη,</span> <span class='ocrx_word' id='word_1_238' title='bbox 2943 1809 3259 1902; x_wconf 78' lang='grc' dir='ltr'>φιλαδελφία</span> <span class='ocrx_word' id='word_1_239' title='bbox 3284 1871 3303 1887; x_wconf 82' lang='grc'><strong>.</strong></span> <span class='ocrx_word' id='word_1_240' title='bbox 3348 1833 3410 1887; x_wconf 82' lang='grc' dir='ltr'><strong>τὸ</strong></span> <span class='ocrx_word' id='word_1_241' title='bbox 3441 1832 3642 1896; x_wconf 78' lang='grc' dir='ltr'>ἄδολον,</span> <span class='ocrx_word' id='word_1_242' title='bbox 3683 1832 3735 1885; x_wconf 77' lang='grc' dir='ltr'><strong>τὸ</strong></span> 
     </span>
    </p>
   </div>
   <div class='ocr_carea' id='block_1_35' title="bbox 510 1925 2089 2000">
    <p class='ocr_par' dir='ltr' id='par_1_35' title="bbox 510 1925 2089 2000">
     <span class='ocr_line' id='line_1_35' title="bbox 510 1925 2089 2000; baseline -0.006 -16"><span class='ocrx_word' id='word_1_243' title='bbox 510 1944 704 1986; x_wconf 90' lang='lat' dir='ltr'><strong>omnes</strong></span> <span class='ocrx_word' id='word_1_244' title='bbox 732 1930 992 1985; x_wconf 87' lang='lat' dir='ltr'><strong>omnibus</strong></span> <span class='ocrx_word' id='word_1_245' title='bbox 1021 1929 1307 2000; x_wconf 80' lang='lat' dir='ltr'><strong>aequaliter</strong></span> <span class='ocrx_word' id='word_1_246' title='bbox 1337 1925 1649 1982; x_wconf 66' lang='lat' dir='ltr'><strong>excolendae</strong></span> <span class='ocrx_word' id='word_1_247' title='bbox 1676 1931 2089 1996; x_wconf 85' lang='lat' dir='ltr'><strong>proponentur;</strong></span> 
     </span>
    </p>
   </div>
   <div class='ocr_carea' id='block_1_36' title="bbox 512 2014 2087 2085">
    <p class='ocr_par' dir='ltr' id='par_1_36' title="bbox 512 2014 2087 2085">
     <span class='ocr_line' id='line_1_36' title="bbox 512 2014 2087 2085; baseline -0.004 -10"><span class='ocrx_word' id='word_1_248' title='bbox 512 2020 679 2075; x_wconf 83' lang='lat' dir='ltr'><strong>veluti</strong></span> <span class='ocrx_word' id='word_1_249' title='bbox 735 2018 1134 2085; x_wconf 85' lang='lat' dir='ltr'><strong>mansuetudo,</strong></span> <span class='ocrx_word' id='word_1_250' title='bbox 1192 2033 1408 2073; x_wconf 88' lang='lat' dir='ltr'><strong>morum</strong></span> <span class='ocrx_word' id='word_1_251' title='bbox 1461 2014 1731 2081; x_wconf 82' lang='lat' dir='ltr'><strong>facilitas,</strong></span> <span class='ocrx_word' id='word_1_252' title='bbox 1776 2014 2087 2078; x_wconf 91' lang='lat' dir='ltr'><strong>humilitas,</strong></span> 
     </span>
    </p>
   </div>
   <div class='ocr_carea' id='block_1_37' title="bbox 512 2105 2093 2179">
    <p class='ocr_par' dir='ltr' id='par_1_37' title="bbox 512 2105 2093 2179">
     <span class='ocr_line' id='line_1_37' title="bbox 512 2105 2093 2179; baseline -0.003 -15"><span class='ocrx_word' id='word_1_253' title='bbox 512 2110 732 2166; x_wconf 84' lang='lat' dir='ltr'><strong>bonitas</strong></span> <span class='ocrx_word' id='word_1_254' title='bbox 756 2153 771 2179; x_wconf 87' lang='lat'><strong>,</strong></span> <span class='ocrx_word' id='word_1_255' title='bbox 804 2110 1082 2166; x_wconf 80' lang='lat' dir='ltr'><strong>fraternus</strong></span> <span class='ocrx_word' id='word_1_256' title='bbox 1120 2124 1298 2176; x_wconf 90' lang='lat' dir='ltr'><strong>amor,</strong></span> <span class='ocrx_word' id='word_1_257' title='bbox 1334 2108 1666 2175; x_wconf 87' lang='lat' dir='ltr'><strong>sinceritas,</strong></span> <span class='ocrx_word' id='word_1_258' title='bbox 1716 2105 1958 2162; x_wconf 91' lang='lat' dir='ltr'><strong>studium</strong></span> <span class='ocrx_word' id='word_1_259' title='bbox 2006 2121 2093 2160; x_wconf 81' lang='lat' dir='ltr'><strong>ve-</strong></span> 
     </span>
    </p>
   </div>
   <div class='ocr_carea' id='block_1_38' title="bbox 510 2194 2091 2264">
    <p class='ocr_par' dir='ltr' id='par_1_38' title="bbox 510 2194 2091 2264">
     <span class='ocr_line' id='line_1_38' title="bbox 510 2194 2091 2264; baseline -0.003 -9"><span class='ocrx_word' id='word_1_260' title='bbox 510 2199 734 2264; x_wconf 78' lang='lat' dir='ltr'><strong>ritatis,</strong></span> <span class='ocrx_word' id='word_1_261' title='bbox 788 2200 1236 2264; x_wconf 88' lang='lat' dir='ltr'><strong>commiseratio,</strong></span> <span class='ocrx_word' id='word_1_262' title='bbox 1293 2199 1535 2264; x_wconf 88' lang='lat' dir='ltr'><strong>lenitas,</strong></span> <span class='ocrx_word' id='word_1_263' title='bbox 1590 2196 1926 2252; x_wconf 89' lang='lat' dir='ltr'><strong>humanitas.</strong></span> <span class='ocrx_word' id='word_1_264' title='bbox 1980 2194 2091 2251; x_wconf 85' lang='lat' dir='ltr'><strong>Has</strong></span> 
     </span>
    </p>
   </div>
   <div class='ocr_carea' id='block_1_39' title="bbox 511 2288 2094 2361">
    <p class='ocr_par' dir='ltr' id='par_1_39' title="bbox 511 2288 2094 2361">
     <span class='ocr_line' id='line_1_39' title="bbox 511 2288 2094 2361; baseline -0.004 -15"><span class='ocrx_word' id='word_1_265' title='bbox 511 2292 661 2346; x_wconf 88' lang='lat' dir='ltr'><strong>enim</strong></span> <span class='ocrx_word' id='word_1_266' title='bbox 684 2292 918 2347; x_wconf 80' lang='lat' dir='ltr'><strong>virtutes</strong></span> <span class='ocrx_word' id='word_1_267' title='bbox 941 2290 1179 2347; x_wconf 85' lang='lat' dir='ltr'><strong>dicimus</strong></span> <span class='ocrx_word' id='word_1_268' title='bbox 1202 2290 1372 2345; x_wconf 91' lang='lat' dir='ltr'><strong>animi</strong></span> <span class='ocrx_word' id='word_1_269' title='bbox 1400 2305 1525 2347; x_wconf 89' lang='lat' dir='ltr'><strong>esse</strong></span> <span class='ocrx_word' id='word_1_270' title='bbox 1549 2288 1855 2361; x_wconf 88' lang='lat' dir='ltr'><strong>peculiares</strong></span> <span class='ocrx_word' id='word_1_271' title='bbox 1875 2328 1891 2356; x_wconf 95' lang='lat'><strong>,</strong></span> <span class='ocrx_word' id='word_1_272' title='bbox 1924 2303 2094 2358; x_wconf 88' lang='lat' dir='ltr'><strong>quau-</strong></span> 
     </span>
    </p>
   </div>
   <div class='ocr_carea' id='block_1_40' title="bbox 511 2379 2093 2454">
    <p class='ocr_par' dir='ltr' id='par_1_40' title="bbox 511 2379 2093 2454">
     <span class='ocr_line' id='line_1_40' title="bbox 511 2379 2093 2454; baseline -0.003 -17"><span class='ocrx_word' id='word_1_273' title='bbox 511 2383 805 2454; x_wconf 86' lang='lat' dir='ltr'><strong>doquidem</strong></span> <span class='ocrx_word' id='word_1_274' title='bbox 845 2383 915 2439; x_wconf 89' lang='lat' dir='ltr'><strong>ad</strong></span> <span class='ocrx_word' id='word_1_275' title='bbox 958 2398 1052 2439; x_wconf 90' lang='lat' dir='ltr'><strong>eas</strong></span> <span class='ocrx_word' id='word_1_276' title='bbox 1094 2392 1151 2439; x_wconf 94' lang='lat' dir='ltr'><strong>et</strong></span> <span class='ocrx_word' id='word_1_277' title='bbox 1195 2382 1470 2454; x_wconf 88' lang='lat' dir='ltr'><strong>parandas</strong></span> <span class='ocrx_word' id='word_1_278' title='bbox 1497 2389 1552 2437; x_wconf 93' lang='lat' dir='ltr'><strong>et</strong></span> <span class='ocrx_word' id='word_1_279' title='bbox 1579 2379 1911 2437; x_wconf 76' lang='lat' dir='ltr'><strong>excolendas</strong></span> <span class='ocrx_word' id='word_1_280' title='bbox 1954 2380 2093 2434; x_wconf 88' lang='lat' dir='ltr'><strong>nihil</strong></span> 
     </span>
    </p>
   </div>
   <div class='ocr_carea' id='block_1_41' title="bbox 510 2468 2095 2543">
    <p class='ocr_par' dir='ltr' id='par_1_41' title="bbox 510 2468 2095 2543">
     <span class='ocr_line' id='line_1_41' title="bbox 510 2468 2095 2543; baseline -0.001 -17"><span class='ocrx_word' id='word_1_281' title='bbox 510 2473 747 2543; x_wconf 90' lang='lat' dir='ltr'><strong>amplius</strong></span> <span class='ocrx_word' id='word_1_282' title='bbox 775 2488 975 2543; x_wconf 89' lang='lat' dir='ltr'><strong>corpus</strong></span> <span class='ocrx_word' id='word_1_283' title='bbox 1003 2473 1187 2527; x_wconf 87' lang='lat' dir='ltr'><strong>animo</strong></span> <span class='ocrx_word' id='word_1_284' title='bbox 1219 2470 1435 2527; x_wconf 83' lang='lat' dir='ltr'><strong>confert</strong></span> <span class='ocrx_word' id='word_1_285' title='bbox 1455 2511 1474 2538; x_wconf 90' lang='lat'><strong>,</strong></span> <span class='ocrx_word' id='word_1_286' title='bbox 1506 2469 1619 2526; x_wconf 89' lang='lat' dir='ltr'><strong>nisi</strong></span> <span class='ocrx_word' id='word_1_287' title='bbox 1656 2469 1805 2541; x_wconf 89' lang='lat' dir='ltr'><strong>quod</strong></span> <span class='ocrx_word' id='word_1_288' title='bbox 1844 2468 1895 2524; x_wconf 90' lang='lat' dir='ltr'><strong>ei</strong></span> <span class='ocrx_word' id='word_1_289' title='bbox 1938 2469 2095 2524; x_wconf 84' lang='lat' dir='ltr'><strong>locus</strong></span> 
     </span>
    </p>
   </div>
   <div class='ocr_carea' id='block_1_42' title="bbox 511 2559 2091 2629">
    <p class='ocr_par' dir='ltr' id='par_1_42' title="bbox 511 2559 2091 2629">
     <span class='ocr_line' id='line_1_42' title="bbox 511 2559 2091 2629; baseline -0.001 -12"><span class='ocrx_word' id='word_1_290' title='bbox 511 2563 730 2618; x_wconf 83' lang='lat' dir='ltr'><strong>consilii</strong></span> <span class='ocrx_word' id='word_1_291' title='bbox 768 2570 825 2618; x_wconf 91' lang='lat' dir='ltr'><strong>et</strong></span> <span class='ocrx_word' id='word_1_292' title='bbox 865 2564 1023 2619; x_wconf 90' lang='lat' dir='ltr'><strong>curia</strong></span> <span class='ocrx_word' id='word_1_293' title='bbox 1067 2571 1187 2629; x_wconf 91' lang='lat' dir='ltr'><strong>est,</strong></span> <span class='ocrx_word' id='word_1_294' title='bbox 1228 2562 1324 2619; x_wconf 88' lang='lat' dir='ltr'><strong>ubi</strong></span> <span class='ocrx_word' id='word_1_295' title='bbox 1363 2566 1432 2618; x_wconf 89' lang='lat' dir='ltr'><strong>de</strong></span> <span class='ocrx_word' id='word_1_296' title='bbox 1472 2561 1559 2619; x_wconf 89' lang='lat' dir='ltr'><strong>his</strong></span> <span class='ocrx_word' id='word_1_297' title='bbox 1587 2562 1946 2618; x_wconf 90' lang='lat' dir='ltr'><strong>deliberatur.</strong></span> <span class='ocrx_word' id='word_1_298' title='bbox 1983 2559 2091 2616; x_wconf 90' lang='lat' dir='ltr'><strong>Sed</strong></span> 
     </span>
    </p>
   </div>
   <div class='ocr_carea' id='block_1_43' title="bbox 511 2654 2094 2727">
    <p class='ocr_par' dir='ltr' id='par_1_43' title="bbox 511 2654 2094 2727">
     <span class='ocr_line' id='line_1_43' title="bbox 511 2654 2094 2727; baseline -0.001 -16"><span class='ocrx_word' id='word_1_299' title='bbox 511 2656 883 2722; x_wconf 82' lang='lat' dir='ltr'><strong>abstinentia,</strong></span> <span class='ocrx_word' id='word_1_300' title='bbox 935 2670 1330 2727; x_wconf 89' lang='lat' dir='ltr'><strong>corporearum</strong></span> <span class='ocrx_word' id='word_1_301' title='bbox 1382 2654 1589 2710; x_wconf 83' lang='lat' dir='ltr'><strong>virium</strong></span> <span class='ocrx_word' id='word_1_302' title='bbox 1634 2654 1823 2710; x_wconf 89' lang='lat' dir='ltr'><strong>habita</strong></span> <span class='ocrx_word' id='word_1_303' title='bbox 1878 2655 2094 2710; x_wconf 82' lang='lat' dir='ltr'><strong>ratione</strong></span> 
     </span>
    </p>
   </div>
   <div class='ocr_carea' id='block_1_44' title="bbox 510 2747 2093 2820">
    <p class='ocr_par' dir='ltr' id='par_1_44' title="bbox 510 2747 2093 2820">
     <span class='ocr_line' id='line_1_44' title="bbox 510 2747 2093 2820; baseline -0.001 -17"><span class='ocrx_word' id='word_1_304' title='bbox 510 2749 811 2820; x_wconf 90' lang='lat' dir='ltr'><strong>unicuique</strong></span> <span class='ocrx_word' id='word_1_305' title='bbox 841 2750 1257 2820; x_wconf 69' lang='lat' dir='ltr'><strong>praescribetur,</strong></span> <span class='ocrx_word' id='word_1_306' title='bbox 1291 2748 1372 2804; x_wconf 89' lang='lat' dir='ltr'><strong>sic</strong></span> <span class='ocrx_word' id='word_1_307' title='bbox 1401 2755 1463 2803; x_wconf 89' lang='lat' dir='ltr'><strong>ut</strong></span> <span class='ocrx_word' id='word_1_308' title='bbox 1491 2763 1672 2819; x_wconf 90' lang='lat' dir='ltr'><strong>neque</strong></span> <span class='ocrx_word' id='word_1_309' title='bbox 1699 2747 1886 2804; x_wconf 88' lang='lat' dir='ltr'><strong>minus</strong></span> <span class='ocrx_word' id='word_1_310' title='bbox 1926 2762 2093 2818; x_wconf 87' lang='lat' dir='ltr'><strong>quam</strong></span> 
     </span>
    </p>
   </div>
   <div class='ocr_carea' id='block_1_45' title="bbox 509 2840 2095 2912">
    <p class='ocr_par' dir='ltr' id='par_1_45' title="bbox 509 2840 2095 2912">
     <span class='ocr_line' id='line_1_45' title="bbox 509 2840 2095 2912; baseline -0.002 -16"><span class='ocrx_word' id='word_1_311' title='bbox 509 2856 611 2912; x_wconf 86' lang='lat' dir='ltr'><strong>pro</strong></span> <span class='ocrx_word' id='word_1_312' title='bbox 637 2840 848 2897; x_wconf 85' lang='lat' dir='ltr'><strong>viribus</strong></span> <span class='ocrx_word' id='word_1_313' title='bbox 892 2841 1332 2910; x_wconf 88' lang='lat' dir='ltr'><strong>contendamus,</strong></span> <span class='ocrx_word' id='word_1_314' title='bbox 1374 2855 1556 2911; x_wconf 90' lang='lat' dir='ltr'><strong>neque</strong></span> <span class='ocrx_word' id='word_1_315' title='bbox 1598 2840 1743 2895; x_wconf 91' lang='lat' dir='ltr'><strong>ultra</strong></span> <span class='ocrx_word' id='word_1_316' title='bbox 1782 2840 1929 2895; x_wconf 88' lang='lat' dir='ltr'><strong>vires</strong></span> <span class='ocrx_word' id='word_1_317' title='bbox 1972 2854 2095 2911; x_wconf 88' lang='lat' dir='ltr'><strong>pro-</strong></span> 
     </span>
    </p>
   </div>
   <div class='ocr_carea' id='block_1_46' title="bbox 509 2930 2090 3003">
    <p class='ocr_par' dir='ltr' id='par_1_46' title="bbox 509 2930 2090 3003">
     <span class='ocr_line' id='line_1_46' title="bbox 509 2930 2090 3003; baseline -0.001 -18"><span class='ocrx_word' id='word_1_318' title='bbox 509 2930 847 3002; x_wconf 86' lang='lat' dir='ltr'><strong>grediamur.</strong></span> <span class='ocrx_word' id='word_1_319' title='bbox 887 2930 1028 2986; x_wconf 87' lang='lat' dir='ltr'><strong>Nam</strong></span> <span class='ocrx_word' id='word_1_320' title='bbox 1062 2940 1131 2988; x_wconf 89' lang='lat' dir='ltr'><strong>et</strong></span> <span class='ocrx_word' id='word_1_321' title='bbox 1172 2931 1312 2998; x_wconf 86' lang='lat' dir='ltr'><strong>hoc,</strong></span> <span class='ocrx_word' id='word_1_322' title='bbox 1359 2931 1580 3003; x_wconf 89' lang='lat' dir='ltr'><strong>opinor,</strong></span> <span class='ocrx_word' id='word_1_323' title='bbox 1627 2930 2090 2986; x_wconf 88' lang='lat' dir='ltr'><strong>considerandum</strong></span> 
     </span>
    </p>
   </div>
   <div class='ocr_carea' id='block_1_47' title="bbox 508 3023 2093 3095">
    <p class='ocr_par' dir='ltr' id='par_1_47' title="bbox 508 3023 2093 3095">
     <span class='ocr_line' id='line_1_47' title="bbox 508 3023 2093 3095; baseline 0 -18"><span class='ocrx_word' id='word_1_324' title='bbox 508 3030 595 3078; x_wconf 88' lang='lat' dir='ltr'><strong>est</strong></span> <span class='ocrx_word' id='word_1_325' title='bbox 616 3062 630 3087; x_wconf 94' lang='lat'><strong>,</strong></span> <span class='ocrx_word' id='word_1_326' title='bbox 661 3033 722 3078; x_wconf 91' lang='lat' dir='ltr'><strong>ut</strong></span> <span class='ocrx_word' id='word_1_327' title='bbox 749 3040 822 3080; x_wconf 91' lang='lat' dir='ltr'><strong>ne</strong></span> <span class='ocrx_word' id='word_1_328' title='bbox 851 3025 1106 3095; x_wconf 90' lang='lat' dir='ltr'><strong>corporis</strong></span> <span class='ocrx_word' id='word_1_329' title='bbox 1133 3023 1348 3081; x_wconf 89' lang='lat' dir='ltr'><strong>viribus</strong></span> <span class='ocrx_word' id='word_1_330' title='bbox 1388 3039 1487 3095; x_wconf 89' lang='lat' dir='ltr'><strong>per</strong></span> <span class='ocrx_word' id='word_1_331' title='bbox 1522 3023 1873 3080; x_wconf 88' lang='lat' dir='ltr'><strong>immodicam</strong></span> <span class='ocrx_word' id='word_1_332' title='bbox 1927 3023 2093 3078; x_wconf 81' lang='lat' dir='ltr'><strong>absti-</strong></span> 
     </span>
    </p>
   </div>
   <div class='ocr_carea' id='block_1_48' title="bbox 511 3116 2160 3220">
    <p class='ocr_par' dir='ltr' id='par_1_48' title="bbox 511 3116 2160 3220">
     <span class='ocr_line' id='line_1_48' title="bbox 511 3116 2160 3220; baseline 0.001 -50"><span class='ocrx_word' id='word_1_333' title='bbox 511 3117 750 3172; x_wconf 85' lang='lat' dir='ltr'><strong>nentiam</strong></span> <span class='ocrx_word' id='word_1_334' title='bbox 782 3118 1076 3183; x_wconf 87' lang='lat' dir='ltr'><strong>resolutis,</strong></span> <span class='ocrx_word' id='word_1_335' title='bbox 1106 3118 1285 3188; x_wconf 87' lang='lat' dir='ltr'><strong>ipsum</strong></span> <span class='ocrx_word' id='word_1_336' title='bbox 1329 3118 1398 3172; x_wconf 88' lang='lat' dir='ltr'><strong>ad</strong></span> <span class='ocrx_word' id='word_1_337' title='bbox 1439 3118 1587 3173; x_wconf 86' lang='lat' dir='ltr'><strong>bona</strong></span> <span class='ocrx_word' id='word_1_338' title='bbox 1628 3131 1797 3187; x_wconf 87' lang='lat' dir='ltr'><strong>opera</strong></span> <span class='ocrx_word' id='word_1_339' title='bbox 1842 3116 1990 3173; x_wconf 87' lang='lat' dir='ltr'><strong>iners</strong></span> <span class='ocrx_word' id='word_1_340' title='bbox 2035 3126 2090 3172; x_wconf 86' lang='lat' dir='ltr'><strong>et</strong></span> <span class='ocrx_word' id='word_1_341' title='bbox 2114 3159 2160 3220; x_wconf 63' lang='grc' dir='ltr'>α</span> 
     </span>
    </p>
   </div>
   <div class='ocr_carea' id='block_1_49' title="bbox 509 3207 2086 3280">
    <p class='ocr_par' dir='ltr' id='par_1_49' title="bbox 509 3207 2086 3280">
     <span class='ocr_line' id='line_1_49' title="bbox 509 3207 2086 3280; baseline 0.001 -18"><span class='ocrx_word' id='word_1_342' title='bbox 509 3207 808 3263; x_wconf 85' lang='lat' dir='ltr'><strong>invalidum</strong></span> <span class='ocrx_word' id='word_1_343' title='bbox 850 3207 1168 3264; x_wconf 88' lang='lat' dir='ltr'><strong>reddamus.</strong></span> <span class='ocrx_word' id='word_1_344' title='bbox 1214 3207 1400 3280; x_wconf 76' lang='lat' dir='ltr'><strong>Neque</strong></span> <span class='ocrx_word' id='word_1_345' title='bbox 1435 3209 1582 3264; x_wconf 91' lang='lat' dir='ltr'><strong>enim</strong></span> <span class='ocrx_word' id='word_1_346' title='bbox 1627 3207 1773 3266; x_wconf 83' lang='lat' dir='ltr'><strong>Deus</strong></span> <span class='ocrx_word' id='word_1_347' title='bbox 1809 3222 1935 3264; x_wconf 89' lang='lat' dir='ltr'><strong>cum</strong></span> <span class='ocrx_word' id='word_1_348' title='bbox 1993 3208 2086 3263; x_wconf 90' lang='lat' dir='ltr'><strong>ho-</strong></span> 
     </span>
    </p>
   </div>
   <div class='ocr_carea' id='block_1_50' title="bbox 509 3299 2086 3366">
    <p class='ocr_par' dir='ltr' id='par_1_50' title="bbox 509 3299 2086 3366">
     <span class='ocr_line' id='line_1_50' title="bbox 509 3299 2086 3366; baseline -0.001 -11"><span class='ocrx_word' id='word_1_349' title='bbox 509 3300 715 3356; x_wconf 82' lang='lat' dir='ltr'><strong>minem</strong></span> <span class='ocrx_word' id='word_1_350' title='bbox 746 3301 1006 3356; x_wconf 88' lang='lat' dir='ltr'><strong>conderet</strong></span> <span class='ocrx_word' id='word_1_351' title='bbox 1030 3340 1046 3366; x_wconf 93' lang='lat'><strong>,</strong></span> <span class='ocrx_word' id='word_1_352' title='bbox 1074 3317 1199 3357; x_wconf 89' lang='lat' dir='ltr'><strong>eum</strong></span> <span class='ocrx_word' id='word_1_353' title='bbox 1228 3301 1460 3357; x_wconf 88' lang='lat' dir='ltr'><strong>inertem</strong></span> <span class='ocrx_word' id='word_1_354' title='bbox 1494 3307 1551 3356; x_wconf 94' lang='lat' dir='ltr'><strong>et</strong></span> <span class='ocrx_word' id='word_1_355' title='bbox 1573 3299 1814 3356; x_wconf 90' lang='lat' dir='ltr'><strong>otiosum</strong></span> <span class='ocrx_word' id='word_1_356' title='bbox 1842 3315 1966 3356; x_wconf 89' lang='lat' dir='ltr'><strong>esse</strong></span> <span class='ocrx_word' id='word_1_357' title='bbox 1997 3315 2086 3354; x_wconf 76' lang='lat' dir='ltr'><strong>vo-</strong></span> 
     </span>
    </p>
   </div>
   <div class='ocr_carea' id='block_1_51' title="bbox 508 3391 2081 3463">
    <p class='ocr_par' dir='ltr' id='par_1_51' title="bbox 508 3391 2081 3463">
     <span class='ocr_line' id='line_1_51' title="bbox 508 3391 2081 3463; baseline 0.002 -18"><span class='ocrx_word' id='word_1_358' title='bbox 508 3391 642 3458; x_wconf 88' lang='lat' dir='ltr'><strong>luit,</strong></span> <span class='ocrx_word' id='word_1_359' title='bbox 697 3393 795 3448; x_wconf 87' lang='lat' dir='ltr'><strong>sed</strong></span> <span class='ocrx_word' id='word_1_360' title='bbox 834 3392 904 3461; x_wconf 86' lang='lat' dir='ltr'><strong>ad</strong></span> <span class='ocrx_word' id='word_1_361' title='bbox 937 3392 1112 3449; x_wconf 79' lang='lat' dir='ltr'><strong>ollicia</strong></span> <span class='ocrx_word' id='word_1_362' title='bbox 1142 3408 1242 3449; x_wconf 88' lang='lat' dir='ltr'><strong>sua</strong></span> <span class='ocrx_word' id='word_1_363' title='bbox 1286 3400 1575 3448; x_wconf 90' lang='lat' dir='ltr'><strong>actuosum</strong></span> <span class='ocrx_word' id='word_1_364' title='bbox 1622 3400 2081 3463; x_wconf 88' lang='lat' dir='ltr'><strong>promptumque:</strong></span> 
     </span>
    </p>
   </div>
   <div class='ocr_carea' id='block_1_52' title="bbox 508 3484 2086 3557">
    <p class='ocr_par' dir='ltr' id='par_1_52' title="bbox 508 3484 2086 3557">
     <span class='ocr_line' id='line_1_52' title="bbox 508 3484 2086 3557; baseline -0.001 -19"><span class='ocrx_word' id='word_1_365' title='bbox 508 3484 953 3556; x_wconf 82' lang='lat' dir='ltr'><strong>quandoquidem</strong></span> <span class='ocrx_word' id='word_1_366' title='bbox 974 3484 1183 3541; x_wconf 79' lang='lat' dir='ltr'><strong>Adamo</strong></span> <span class='ocrx_word' id='word_1_367' title='bbox 1206 3484 1466 3557; x_wconf 66' lang='lat' dir='ltr'><strong>praecepit</strong></span> <span class='ocrx_word' id='word_1_368' title='bbox 1486 3522 1502 3550; x_wconf 93' lang='lat'><strong>,</strong></span> <span class='ocrx_word' id='word_1_369' title='bbox 1530 3492 1592 3540; x_wconf 91' lang='lat' dir='ltr'><strong>ut</strong></span> <span class='ocrx_word' id='word_1_370' title='bbox 1614 3484 1887 3540; x_wconf 89' lang='lat' dir='ltr'><strong>laboraret</strong></span> <span class='ocrx_word' id='word_1_371' title='bbox 1910 3485 1965 3538; x_wconf 87' lang='lat' dir='ltr'><strong>iu</strong></span> <span class='ocrx_word' id='word_1_372' title='bbox 1992 3498 2086 3554; x_wconf 83' lang='lat' dir='ltr'><strong>pa-</strong></span> 
     </span>
    </p>
   </div>
   <div class='ocr_carea' id='block_1_53' title="bbox 506 3576 2088 3651">
    <p class='ocr_par' dir='ltr' id='par_1_53' title="bbox 506 3576 2088 3651">
     <span class='ocr_line' id='line_1_53' title="bbox 506 3576 2088 3651; baseline -0.001 -19"><span class='ocrx_word' id='word_1_373' title='bbox 506 3576 727 3645; x_wconf 83' lang='lat' dir='ltr'><strong>radiso,</strong></span> <span class='ocrx_word' id='word_1_374' title='bbox 755 3578 1022 3651; x_wconf 89' lang='lat' dir='ltr'><strong>illumque</strong></span> <span class='ocrx_word' id='word_1_375' title='bbox 1046 3579 1354 3635; x_wconf 90' lang='lat' dir='ltr'><strong>custodiret</strong></span> <span class='ocrx_word' id='word_1_376' title='bbox 1380 3578 1398 3609; x_wconf 85' lang='grc'><strong>⁷</strong></span> <span class='ocrx_word' id='word_1_377' title='bbox 1429 3578 1578 3650; x_wconf 89' lang='lat' dir='ltr'><strong>(etsi</strong></span> <span class='ocrx_word' id='word_1_378' title='bbox 1609 3576 1758 3633; x_wconf 90' lang='lat' dir='ltr'><strong>enim</strong></span> <span class='ocrx_word' id='word_1_379' title='bbox 1787 3576 1939 3632; x_wconf 91' lang='lat' dir='ltr'><strong>hisce</strong></span> <span class='ocrx_word' id='word_1_380' title='bbox 1968 3592 2088 3632; x_wconf 64' lang='lat' dir='ltr'><strong>vero</strong></span> 
     </span>
    </p>
   </div>
   <div class='ocr_carea' id='block_1_54' title="bbox 507 3663 2087 3739">
    <p class='ocr_par' dir='ltr' id='par_1_54' title="bbox 507 3663 2087 3739">
     <span class='ocr_line' id='line_1_54' title="bbox 507 3663 2087 3739; baseline 0.001 -21"><span class='ocrx_word' id='word_1_381' title='bbox 507 3663 595 3720; x_wconf 86' lang='lat' dir='ltr'><strong>bis</strong></span> <span class='ocrx_word' id='word_1_382' title='bbox 623 3664 871 3736; x_wconf 87' lang='lat' dir='ltr'><strong>subjecta</strong></span> <span class='ocrx_word' id='word_1_383' title='bbox 899 3674 985 3722; x_wconf 89' lang='lat' dir='ltr'><strong>est</strong></span> <span class='ocrx_word' id='word_1_384' title='bbox 1013 3667 1164 3722; x_wconf 92' lang='lat' dir='ltr'><strong>notio</strong></span> <span class='ocrx_word' id='word_1_385' title='bbox 1192 3666 1439 3739; x_wconf 67' lang='lat' dir='ltr'><strong>quaedam</strong></span> <span class='ocrx_word' id='word_1_386' title='bbox 1464 3664 1780 3730; x_wconf 88' lang='lat' dir='ltr'><strong>sublimior,</strong></span> <span class='ocrx_word' id='word_1_387' title='bbox 1812 3665 2087 3721; x_wconf 91' lang='lat' dir='ltr'><strong>nihilomi-</strong></span> 
     </span>
    </p>
   </div>
   <div class='ocr_carea' id='block_1_55' title="bbox 510 3758 2087 3831">
    <p class='ocr_par' dir='ltr' id='par_1_55' title="bbox 510 3758 2087 3831">
     <span class='ocr_line' id='line_1_55' title="bbox 510 3758 2087 3831; baseline 0.003 -21"><span class='ocrx_word' id='word_1_388' title='bbox 510 3771 618 3813; x_wconf 87' lang='lat' dir='ltr'><strong>nus</strong></span> <span class='ocrx_word' id='word_1_389' title='bbox 644 3767 847 3822; x_wconf 74' lang='lat' dir='ltr'><strong>,tamen</strong></span> <span class='ocrx_word' id='word_1_390' title='bbox 891 3758 1011 3829; x_wconf 89' lang='lat' dir='ltr'><strong>ipse</strong></span> <span class='ocrx_word' id='word_1_391' title='bbox 1055 3759 1219 3814; x_wconf 86' lang='lat' dir='ltr'><strong>etiam</strong></span> <span class='ocrx_word' id='word_1_392' title='bbox 1251 3759 1509 3831; x_wconf 89' lang='lat' dir='ltr'><strong>proprius</strong></span> <span class='ocrx_word' id='word_1_393' title='bbox 1537 3758 1833 3815; x_wconf 85' lang='lat' dir='ltr'><strong>verborum</strong></span> <span class='ocrx_word' id='word_1_394' title='bbox 1885 3773 2087 3815; x_wconf 87' lang='lat' dir='ltr'><strong>sensus</strong></span> 
     </span>
    </p>
   </div>
   <div class='ocr_carea' id='block_1_56' title="bbox 506 3846 2085 3924">
    <p class='ocr_par' dir='ltr' id='par_1_56' title="bbox 506 3846 2085 3924">
     <span class='ocr_line' id='line_1_56' title="bbox 506 3846 2085 3924; baseline 0.003 -23"><span class='ocrx_word' id='word_1_395' title='bbox 506 3846 816 3906; x_wconf 85' lang='lat' dir='ltr'><strong>imitatione</strong></span> <span class='ocrx_word' id='word_1_396' title='bbox 845 3864 909 3905; x_wconf 93' lang='lat' dir='ltr'><strong>ac</strong></span> <span class='ocrx_word' id='word_1_397' title='bbox 946 3850 1131 3907; x_wconf 89' lang='lat' dir='ltr'><strong>studio</strong></span> <span class='ocrx_word' id='word_1_398' title='bbox 1169 3852 1369 3923; x_wconf 90' lang='lat' dir='ltr'><strong>dignus</strong></span> <span class='ocrx_word' id='word_1_399' title='bbox 1407 3852 1571 3924; x_wconf 88' lang='lat' dir='ltr'><strong>est),</strong></span> <span class='ocrx_word' id='word_1_400' title='bbox 1617 3859 1673 3907; x_wconf 92' lang='lat' dir='ltr'><strong>et</strong></span> <span class='ocrx_word' id='word_1_401' title='bbox 1719 3858 1837 3906; x_wconf 91' lang='lat' dir='ltr'><strong>tum</strong></span> <span class='ocrx_word' id='word_1_402' title='bbox 1884 3850 2085 3906; x_wconf 82' lang='lat' dir='ltr'><strong>deinde</strong></span> 
     </span>
    </p>
   </div>
   <div class='ocr_carea' id='block_1_57' title="bbox 502 3942 2082 4015">
    <p class='ocr_par' dir='ltr' id='par_1_57' title="bbox 502 3942 2082 4015">
     <span class='ocr_line' id='line_1_57' title="bbox 502 3942 2082 4015; baseline 0.001 -19"><span class='ocrx_word' id='word_1_403' title='bbox 502 3947 862 4013; x_wconf 86' lang='lat' dir='ltr'><strong>posteaquam</strong></span> <span class='ocrx_word' id='word_1_404' title='bbox 906 3959 973 3999; x_wconf 76' lang='lat' dir='ltr'><strong>ex</strong></span> <span class='ocrx_word' id='word_1_405' title='bbox 1014 3959 1082 4000; x_wconf 92' lang='lat' dir='ltr'><strong>eo</strong></span> <span class='ocrx_word' id='word_1_406' title='bbox 1114 3945 1325 4014; x_wconf 86' lang='lat' dir='ltr'><strong>ejectus</strong></span> <span class='ocrx_word' id='word_1_407' title='bbox 1367 3953 1487 4010; x_wconf 91' lang='lat' dir='ltr'><strong>est,</strong></span> <span class='ocrx_word' id='word_1_408' title='bbox 1527 3943 1903 4015; x_wconf 85' lang='lat' dir='ltr'><strong>pronuntiavit</strong></span> <span class='ocrx_word' id='word_1_409' title='bbox 1943 3942 2082 4008; x_wconf 79' lang='lat' dir='ltr'><strong>fore,</strong></span> 
     </span>
    </p>
   </div>
   <div class='ocr_carea' id='block_1_58' title="bbox 506 4029 2089 4108">
    <p class='ocr_par' dir='ltr' id='par_1_58' title="bbox 506 4029 2089 4108">
     <span class='ocr_line' id='line_1_58' title="bbox 506 4029 2089 4108; baseline 0.003 -25"><span class='ocrx_word' id='word_1_410' title='bbox 506 4037 569 4083; x_wconf 85' lang='lat' dir='ltr'><strong>ut</strong></span> <span class='ocrx_word' id='word_1_411' title='bbox 596 4029 652 4084; x_wconf 90' lang='lat' dir='ltr'><strong>in</strong></span> <span class='ocrx_word' id='word_1_412' title='bbox 681 4031 885 4108; x_wconf 76' lang='lat' dir='ltr'><strong>sudore</strong></span> <span class='ocrx_word' id='word_1_413' title='bbox 913 4033 1098 4088; x_wconf 83' lang='lat' dir='ltr'><strong>vultus</strong></span> <span class='ocrx_word' id='word_1_414' title='bbox 1125 4033 1212 4089; x_wconf 90' lang='lat' dir='ltr'><strong>sui</strong></span> <span class='ocrx_word' id='word_1_415' title='bbox 1241 4033 1558 4089; x_wconf 89' lang='lat' dir='ltr'><strong>comederet</strong></span> <span class='ocrx_word' id='word_1_416' title='bbox 1598 4049 1797 4105; x_wconf 88' lang='lat' dir='ltr'><strong>panem</strong></span> <span class='ocrx_word' id='word_1_417' title='bbox 1829 4033 1875 4087; x_wconf 86' lang='grc'><strong>⁸.</strong></span> <span class='ocrx_word' id='word_1_418' title='bbox 1922 4032 2089 4100; x_wconf 77' lang='lat' dir='ltr'><strong>Quod</strong></span> 
     </span>
    </p>
   </div>
   <div class='ocr_carea' id='block_1_59' title="bbox 507 4124 2085 4195">
    <p class='ocr_par' dir='ltr' id='par_1_59' title="bbox 507 4124 2085 4195">
     <span class='ocr_line' id='line_1_59' title="bbox 507 4124 2085 4195; baseline 0.003 -20"><span class='ocrx_word' id='word_1_419' title='bbox 507 4130 688 4178; x_wconf 82' lang='lat' dir='ltr'><strong>autem</strong></span> <span class='ocrx_word' id='word_1_420' title='bbox 714 4139 778 4179; x_wconf 90' lang='lat' dir='ltr'><strong>ea</strong></span> <span class='ocrx_word' id='word_1_421' title='bbox 802 4140 924 4195; x_wconf 71' lang='lat' dir='ltr'><strong>qua:</strong></span> <span class='ocrx_word' id='word_1_422' title='bbox 949 4124 1159 4181; x_wconf 80' lang='lat' dir='ltr'><strong>Adamo</strong></span> <span class='ocrx_word' id='word_1_423' title='bbox 1186 4126 1333 4181; x_wconf 83' lang='lat' dir='ltr'><strong>dicta</strong></span> <span class='ocrx_word' id='word_1_424' title='bbox 1365 4134 1532 4192; x_wconf 88' lang='lat' dir='ltr'><strong>sunt,</strong></span> <span class='ocrx_word' id='word_1_425' title='bbox 1575 4127 1721 4182; x_wconf 86' lang='lat' dir='ltr'><strong>dicta</strong></span> <span class='ocrx_word' id='word_1_426' title='bbox 1760 4126 1873 4183; x_wconf 90' lang='lat' dir='ltr'><strong>sint</strong></span> <span class='ocrx_word' id='word_1_427' title='bbox 1914 4125 2085 4179; x_wconf 86' lang='lat' dir='ltr'><strong>omni-</strong></span> 
     </span>
    </p>
   </div>
   <div class='ocr_carea' id='block_1_60' title="bbox 505 4214 2080 4291">
    <p class='ocr_par' dir='ltr' id='par_1_60' title="bbox 505 4214 2080 4291">
     <span class='ocr_line' id='line_1_60' title="bbox 505 4214 2080 4291; baseline 0.001 -22"><span class='ocrx_word' id='word_1_428' title='bbox 505 4214 610 4270; x_wconf 90' lang='lat' dir='ltr'><strong>bus</strong></span> <span class='ocrx_word' id='word_1_429' title='bbox 637 4230 706 4270; x_wconf 80' lang='lat' dir='ltr'><strong>ex</strong></span> <span class='ocrx_word' id='word_1_430' title='bbox 728 4230 796 4271; x_wconf 93' lang='lat' dir='ltr'><strong>eo</strong></span> <span class='ocrx_word' id='word_1_431' title='bbox 823 4216 1073 4273; x_wconf 87' lang='lat' dir='ltr'><strong>oriundis</strong></span> <span class='ocrx_word' id='word_1_432' title='bbox 1092 4257 1107 4283; x_wconf 93' lang='lat'><strong>,</strong></span> <span class='ocrx_word' id='word_1_433' title='bbox 1137 4233 1205 4273; x_wconf 79' lang='lat' dir='ltr'><strong>ex</strong></span> <span class='ocrx_word' id='word_1_434' title='bbox 1231 4235 1289 4274; x_wconf 91' lang='lat' dir='ltr'><strong>re</strong></span> <span class='ocrx_word' id='word_1_435' title='bbox 1314 4220 1667 4291; x_wconf 88' lang='lat' dir='ltr'><strong>perspicuum</strong></span> <span class='ocrx_word' id='word_1_436' title='bbox 1713 4226 1821 4274; x_wconf 91' lang='lat' dir='ltr'><strong>est.</strong></span> <span class='ocrx_word' id='word_1_437' title='bbox 1868 4217 2080 4273; x_wconf 71' lang='lat' dir='ltr'><strong>Etenim</strong></span> 
     </span>
    </p>
   </div>
   <div class='ocr_carea' id='block_1_61' title="bbox 506 4306 2081 4380">
    <p class='ocr_par' dir='ltr' id='par_1_61' title="bbox 506 4306 2081 4380">
     <span class='ocr_line' id='line_1_61' title="bbox 506 4306 2081 4380; baseline 0.003 -19"><span class='ocrx_word' id='word_1_438' title='bbox 506 4306 657 4361; x_wconf 91' lang='lat' dir='ltr'><strong>illum</strong></span> <span class='ocrx_word' id='word_1_439' title='bbox 689 4306 833 4365; x_wconf 87' lang='lat' dir='ltr'><strong>Deus</strong></span> <span class='ocrx_word' id='word_1_440' title='bbox 854 4310 1072 4380; x_wconf 90' lang='lat' dir='ltr'><strong>quidem</strong></span> <span class='ocrx_word' id='word_1_441' title='bbox 1094 4313 1258 4367; x_wconf 89' lang='lat' dir='ltr'><strong>morti</strong></span> <span class='ocrx_word' id='word_1_442' title='bbox 1289 4311 1533 4380; x_wconf 85' lang='lat' dir='ltr'><strong>addixit,</strong></span> <span class='ocrx_word' id='word_1_443' title='bbox 1559 4312 1645 4368; x_wconf 90' lang='lat' dir='ltr'><strong>his</strong></span> <span class='ocrx_word' id='word_1_444' title='bbox 1667 4312 1850 4367; x_wconf 88' lang='lat' dir='ltr'><strong>verbis</strong></span> <span class='ocrx_word' id='word_1_445' title='bbox 1875 4330 1888 4365; x_wconf 93' lang='lat'><strong>:</strong></span> <span class='ocrx_word' id='word_1_446' title='bbox 1915 4310 2081 4365; x_wconf 85' lang='lat' dir='ltr'><strong>Terra</strong></span> 
     </span>
    </p>
   </div>
   <div class='ocr_carea' id='block_1_62' title="bbox 503 4401 2082 4475">
    <p class='ocr_par' dir='ltr' id='par_1_62' title="bbox 503 4401 2082 4475">
     <span class='ocr_line' id='line_1_62' title="bbox 503 4401 2082 4475; baseline 0.002 -21"><span class='ocrx_word' id='word_1_447' title='bbox 503 4416 595 4465; x_wconf 76' lang='lat' dir='ltr'><strong>es,</strong></span> <span class='ocrx_word' id='word_1_448' title='bbox 621 4401 755 4455; x_wconf 78' lang='lat' dir='ltr'><strong>etin</strong></span> <span class='ocrx_word' id='word_1_449' title='bbox 798 4411 996 4457; x_wconf 85' lang='lat' dir='ltr'><strong>terram</strong></span> <span class='ocrx_word' id='word_1_450' title='bbox 1036 4405 1311 4459; x_wconf 79' lang='lat' dir='ltr'><strong>reverteris</strong></span> <span class='ocrx_word' id='word_1_451' title='bbox 1341 4407 1363 4438; x_wconf 76' lang='grc'><strong>⁸</strong></span> <span class='ocrx_word' id='word_1_452' title='bbox 1395 4424 1408 4460; x_wconf 93' lang='lat'>:</span> <span class='ocrx_word' id='word_1_453' title='bbox 1443 4406 1539 4460; x_wconf 91' lang='lat' dir='ltr'><strong>sed</strong></span> <span class='ocrx_word' id='word_1_454' title='bbox 1578 4420 1770 4461; x_wconf 91' lang='lat' dir='ltr'><strong>omnes</strong></span> <span class='ocrx_word' id='word_1_455' title='bbox 1811 4413 2018 4475; x_wconf 86' lang='lat' dir='ltr'><strong>quotqu</strong></span> <span class='ocrx_word' id='word_1_456' title='bbox 2061 4413 2082 4457; x_wconf 93' lang='lat' dir='ltr'><strong>t</strong></span> 
     </span>
    </p>
   </div>
   <div class='ocr_carea' id='block_1_63' title="bbox 504 4493 2150 4570">
    <p class='ocr_par' dir='ltr' id='par_1_63' title="bbox 504 4493 2150 4570">
     <span class='ocr_line' id='line_1_63' title="bbox 504 4493 2150 4570; baseline 0.005 -23"><span class='ocrx_word' id='word_1_457' title='bbox 504 4493 574 4548; x_wconf 88' lang='lat' dir='ltr'><strong>ab</strong></span> <span class='ocrx_word' id='word_1_458' title='bbox 604 4509 670 4551; x_wconf 89' lang='lat' dir='ltr'><strong>eo</strong></span> <span class='ocrx_word' id='word_1_459' title='bbox 698 4495 965 4568; x_wconf 76' lang='lat' dir='ltr'><strong>originem</strong></span> <span class='ocrx_word' id='word_1_460' title='bbox 995 4496 1201 4554; x_wconf 82' lang='lat' dir='ltr'><strong>duxere</strong></span> <span class='ocrx_word' id='word_1_461' title='bbox 1222 4538 1238 4564; x_wconf 90' lang='lat'><strong>,</strong></span> <span class='ocrx_word' id='word_1_462' title='bbox 1270 4514 1382 4553; x_wconf 93' lang='lat' dir='ltr'><strong>non</strong></span> <span class='ocrx_word' id='word_1_463' title='bbox 1414 4512 1574 4555; x_wconf 91' lang='lat' dir='ltr'><strong>secus</strong></span> <span class='ocrx_word' id='word_1_464' title='bbox 1606 4513 1670 4553; x_wconf 89' lang='lat' dir='ltr'><strong>ac</strong></span> <span class='ocrx_word' id='word_1_465' title='bbox 1699 4497 1815 4570; x_wconf 89' lang='lat' dir='ltr'><strong>ipse</strong></span> <span class='ocrx_word' id='word_1_466' title='bbox 1845 4499 2071 4569; x_wconf 71' lang='lat' dir='ltr'><strong>hujusce</strong></span> <span class='ocrx_word' id='word_1_467' title='bbox 2104 4499 2150 4556; x_wconf 80' lang='grc' dir='ltr'><strong>ιι</strong></span> 
     </span>
    </p>
   </div>
   <div class='ocr_carea' id='block_1_64' title="bbox 532 4697 1726 4768">
    <p class='ocr_par' dir='ltr' id='par_1_64' title="bbox 532 4697 1726 4768">
     <span class='ocr_line' id='line_1_64' title="bbox 532 4697 1726 4768; baseline 0.006 -17"><span class='ocrx_word' id='word_1_468' title='bbox 532 4699 562 4751; x_wconf 71' lang='grc' dir='ltr'>ἐι</span> <span class='ocrx_word' id='word_1_469' title='bbox 593 4697 731 4757; x_wconf 86' lang='lat' dir='ltr'><strong>Gen.</strong></span> <span class='ocrx_word' id='word_1_470' title='bbox 768 4715 829 4768; x_wconf 84' lang='grc' dir='ltr'><strong>ιι,</strong></span> <span class='ocrx_word' id='word_1_471' title='bbox 859 4700 946 4756; x_wconf 77' lang='grc'><strong>15.</strong></span> <span class='ocrx_word' id='word_1_472' title='bbox 1020 4700 1043 4732; x_wconf 81' lang='grc'><strong>⁸</strong></span> <span class='ocrx_word' id='word_1_473' title='bbox 1075 4699 1191 4757; x_wconf 87' lang='lat' dir='ltr'><strong>Gen</strong></span> <span class='ocrx_word' id='word_1_474' title='bbox 1252 4717 1335 4767; x_wconf 88' lang='grc' dir='ltr'>ιιι,</span> <span class='ocrx_word' id='word_1_475' title='bbox 1370 4701 1457 4758; x_wconf 82' lang='grc'><strong>19.</strong></span> <span class='ocrx_word' id='word_1_476' title='bbox 1539 4704 1560 4736; x_wconf 73' lang='grc' dir='ltr'><strong>ο</strong></span> <span class='ocrx_word' id='word_1_477' title='bbox 1599 4702 1726 4758; x_wconf 88' lang='lat' dir='ltr'><strong>ibid.</strong></span> 
     </span>
    </p>
   </div>
   <div class='ocr_carea' id='block_1_65' title="bbox 593 4878 2068 4956">
    <p class='ocr_par' dir='ltr' id='par_1_65' title="bbox 593 4878 2068 4956">
     <span class='ocr_line' id='line_1_65' title="bbox 593 4878 2068 4956; baseline 0.001 -22"><span class='ocrx_word' id='word_1_478' title='bbox 593 4879 685 4956; x_wconf 64' lang='lat'><strong>28)</strong></span> <span class='ocrx_word' id='word_1_479' title='bbox 718 4878 809 4956; x_wconf 72' lang='lat' dir='ltr'><strong>Sic</strong></span> <span class='ocrx_word' id='word_1_480' title='bbox 834 4890 1045 4956; x_wconf 72' lang='lat' dir='ltr'><strong>veteres</strong></span> <span class='ocrx_word' id='word_1_481' title='bbox 1075 4888 1311 4956; x_wconf 74' lang='lat' dir='ltr'><strong>quatuor</strong></span> <span class='ocrx_word' id='word_1_482' title='bbox 1337 4883 1485 4956; x_wconf 79' lang='lat' dir='ltr'><strong>libri.</strong></span> <span class='ocrx_word' id='word_1_483' title='bbox 1512 4883 1652 4956; x_wconf 82' lang='lat' dir='ltr'><strong>Editi</strong></span> <span class='ocrx_word' id='word_1_484' title='bbox 1682 4882 1953 4956; x_wconf 79' lang='grc' dir='ltr'>ἀταραξία</span> <span class='ocrx_word' id='word_1_485' title='bbox 1974 4884 2068 4937; x_wconf 77' lang='grc' dir='ltr'>καὶ</span> 
     </span>
    </p>
   </div>
   <div class='ocr_carea' id='block_1_66' title="bbox 501 4949 2068 5073">
    <p class='ocr_par' dir='ltr' id='par_1_66' title="bbox 501 4949 2068 5073">
     <span class='ocr_line' id='line_1_66' title="bbox 501 4949 2068 5073; baseline 0.002 -68"><span class='ocrx_word' id='word_1_486' title='bbox 731 4949 929 5023; x_wconf 73' lang='grc' dir='ltr'>ψυχῆς,</span> <span class='ocrx_word' id='word_1_487' title='bbox 957 4949 1186 5024; x_wconf 75' lang='grc' dir='ltr'>ἀρετῶν.</span> <span class='ocrx_word' id='word_1_488' title='bbox 1228 4953 1375 5024; x_wconf 88' lang='lat' dir='ltr'><strong>quod</strong></span> <span class='ocrx_word' id='word_1_489' title='bbox 1397 4955 1647 5009; x_wconf 89' lang='lat' dir='ltr'><strong>mutilum</strong></span> <span class='ocrx_word' id='word_1_490' title='bbox 1678 4949 1805 5009; x_wconf 73' lang='lat' dir='ltr'><strong>erat</strong></span> <span class='ocrx_word' id='word_1_491' title='bbox 1832 4949 1887 5010; x_wconf 84' lang='lat' dir='ltr'><strong>et</strong></span> <span class='ocrx_word' id='word_1_492' title='bbox 1916 4968 2068 5008; x_wconf 85' lang='lat' dir='ltr'><strong>man-</strong></span> 
     </span>
    </p>
   </div>
   <div class='ocr_carea' id='block_1_67' title="bbox 533 5036 645 5074">
    <p class='ocr_par' dir='ltr' id='par_1_67' title="bbox 533 5036 645 5074">
     <span class='ocr_line' id='line_1_67' title="bbox 533 5036 645 5074; baseline -0.018 0"><span class='ocrx_word' id='word_1_493' title='bbox 533 5036 645 5074; x_wconf 91' lang='lat' dir='ltr'><strong>um.</strong></span> 
     </span>
    </p>
   </div>
   <div class='ocr_carea' id='block_1_68' title="bbox 590 5088 1822 5180">
    <p class='ocr_par' dir='ltr' id='par_1_68' title="bbox 590 5088 1822 5180">
     <span class='ocr_line' id='line_1_68' title="bbox 590 5088 1822 5180; baseline 0.002 -34"><span class='ocrx_word' id='word_1_494' title='bbox 710 5088 844 5180; x_wconf 55' lang='grc' dir='ltr'>ξος.</span> <span class='ocrx_word' id='word_1_495' title='bbox 872 5093 1084 5180; x_wconf 74' lang='lat' dir='ltr'><strong>primus</strong></span> <span class='ocrx_word' id='word_1_496' title='bbox 1117 5094 1341 5180; x_wconf 61' lang='grc' dir='ltr'>στερρὸν</span> <span class='ocrx_word' id='word_1_497' title='bbox 1370 5092 1466 5180; x_wconf 49' lang='grc' dir='ltr'>καὶ.</span> <span class='ocrx_word' id='word_1_498' title='bbox 1494 5092 1822 5164; x_wconf 83' lang='grc' dir='ltr'>δυσένδοτον.</span> 
     </span>
    </p>
   </div>
   <div class='ocr_carea' id='block_1_69' title="bbox 567 5091 1762 5300">
    <p class='ocr_par' dir='ltr' id='par_1_69' title="bbox 567 5091 1762 5300">
     <span class='ocr_line' id='line_1_69' title="bbox 590 5091 1762 5217; baseline 0 -70"><span class='ocrx_word' id='word_1_499' title='bbox 590 5091 680 5215; x_wconf 58' lang='grc' dir='ltr'><strong>ἐξ)</strong></span> <span class='ocrx_word' id='word_1_500' title='bbox 707 5091 844 5213; x_wconf 52' lang='lat' dir='ltr'><strong>ﬁeg.</strong></span> <span class='ocrx_word' id='word_1_501' title='bbox 874 5093 1084 5175; x_wconf 75' lang='lat' dir='ltr'><strong>primus</strong></span> <span class='ocrx_word' id='word_1_502' title='bbox 1117 5094 1341 5216; x_wconf 57' lang='grc' dir='ltr'>στερρᾒ</span> <span class='ocrx_word' id='word_1_503' title='bbox 1370 5092 1466 5217; x_wconf 54' lang='lat' dir='ltr'><strong>atas.</strong></span> <span class='ocrx_word' id='word_1_504' title='bbox 1494 5092 1762 5164; x_wconf 77' lang='grc' dir='ltr'>δυσένδοτε</span> 
     </span>
     <span class='ocr_line' id='line_1_70' title="bbox 567 5091 1762 5300; baseline 0.004 -17"><span class='ocrx_word' id='word_1_505' title='bbox 567 5091 681 5300; x_wconf 55' lang='lat' dir='ltr'><strong>iui</strong></span> <span class='ocrx_word' id='word_1_506' title='bbox 702 5177 1079 5300; x_wconf 60' lang='grc' dir='ltr'><strong>Αἶῗὲὶιιίίἷῗῖἰξξῗ</strong></span> <span class='ocrx_word' id='word_1_507' title='bbox 1104 5181 1542 5300; x_wconf 56' lang='grc' dir='ltr'><strong>ῧζῖξλδῖιηῖδῗιῗεζῗιέ</strong></span> <span class='ocrx_word' id='word_1_508' title='bbox 1565 5232 1762 5288; x_wconf 87' lang='grc' dir='ltr'>διελθεῖ</span> 
     </span>
    </p>
   </div>
   <div class='ocr_carea' id='block_1_70' title="bbox 628 5230 2067 5304">
    <p class='ocr_par' dir='ltr' id='par_1_70' title="bbox 628 5230 2067 5304">
     <span class='ocr_line' id='line_1_71' title="bbox 628 5230 2067 5304; baseline 0.003 -20"><span class='ocrx_word' id='word_1_509' title='bbox 628 5230 925 5304; x_wconf 70' lang='grc' dir='ltr'><strong>1)ᾼιιιί‹ιὶιί</strong></span> <span class='ocrx_word' id='word_1_510' title='bbox 954 5233 1065 5288; x_wconf 91' lang='lat' dir='ltr'><strong>duo</strong></span> <span class='ocrx_word' id='word_1_511' title='bbox 1104 5230 1547 5304; x_wconf 71' lang='grc' dir='ltr'>Ιίιιτῖδυνάμεως</span> <span class='ocrx_word' id='word_1_512' title='bbox 1565 5232 1814 5298; x_wconf 85' lang='grc' dir='ltr'>διελθεῖν,</span> <span class='ocrx_word' id='word_1_513' title='bbox 1861 5248 2067 5299; x_wconf 81' lang='lat' dir='ltr'><strong>eamus,</strong></span> 
     </span>
    </p>
   </div>
   <div class='ocr_carea' id='block_1_71' title="bbox 500 5301 2101 5370">
    <p class='ocr_par' dir='ltr' id='par_1_71' title="bbox 500 5301 2101 5370">
     <span class='ocr_line' id='line_1_72' title="bbox 500 5301 2101 5370; baseline 0.001 -15"><span class='ocrx_word' id='word_1_514' title='bbox 500 5301 895 5356; x_wconf 68' lang='lat' dir='ltr'><strong>contendamus.</strong></span> <span class='ocrx_word' id='word_1_515' title='bbox 917 5304 1022 5358; x_wconf 85' lang='lat' dir='ltr'><strong>Alii</strong></span> <span class='ocrx_word' id='word_1_516' title='bbox 1049 5319 1184 5359; x_wconf 89' lang='lat' dir='ltr'><strong>mss.</strong></span> <span class='ocrx_word' id='word_1_517' title='bbox 1210 5312 1265 5359; x_wconf 89' lang='lat' dir='ltr'><strong>et</strong></span> <span class='ocrx_word' id='word_1_518' title='bbox 1286 5301 1417 5359; x_wconf 43' lang='lat' dir='ltr'><strong>edi&#39;t‘i</strong></span> <span class='ocrx_word' id='word_1_519' title='bbox 1441 5303 1696 5366; x_wconf 87' lang='grc' dir='ltr'>διαθλεῖν,</span> <span class='ocrx_word' id='word_1_520' title='bbox 1723 5306 2068 5370; x_wconf 70' lang='lat' dir='ltr'><strong>deterremus,</strong></span> <span class='ocrx_word' id='word_1_521' title='bbox 2096 5324 2101 5327; x_wconf 88' lang='grc'><strong>·</strong></span> 
     </span>
    </p>
   </div>
   <div class='ocr_carea' id='block_1_72' title="bbox 501 5372 2067 5445">
    <p class='ocr_par' dir='ltr' id='par_1_72' title="bbox 501 5372 2067 5445">
     <span class='ocr_line' id='line_1_73' title="bbox 501 5372 2067 5445; baseline 0.003 -21"><span class='ocrx_word' id='word_1_522' title='bbox 501 5386 804 5445; x_wconf 65' lang='grc' dir='ltr'>σαθηεηιιιξ.</span> <span class='ocrx_word' id='word_1_523' title='bbox 846 5372 1145 5445; x_wconf 83' lang='lat' dir='ltr'><strong>Utramque</strong></span> <span class='ocrx_word' id='word_1_524' title='bbox 1173 5376 1500 5444; x_wconf 87' lang='lat' dir='ltr'><strong>scripturam</strong></span> <span class='ocrx_word' id='word_1_525' title='bbox 1549 5375 1716 5445; x_wconf 86' lang='lat' dir='ltr'><strong>recipi</strong></span> <span class='ocrx_word' id='word_1_526' title='bbox 1763 5390 1925 5445; x_wconf 83' lang='lat' dir='ltr'><strong>posse</strong></span> <span class='ocrx_word' id='word_1_527' title='bbox 1955 5391 2067 5445; x_wconf 89' lang='lat' dir='ltr'><strong>non</strong></span> 
     </span>
    </p>
   </div>
   <div class='ocr_carea' id='block_1_73' title="bbox 501 5442 2067 5570">
    <p class='ocr_par' dir='ltr' id='par_1_73' title="bbox 501 5442 2067 5570">
     <span class='ocr_line' id='line_1_74' title="bbox 501 5442 2067 5515; baseline 0.002 -20"><span class='ocrx_word' id='word_1_528' title='bbox 501 5456 633 5511; x_wconf 83' lang='lat' dir='ltr'><strong>nego</strong></span> <span class='ocrx_word' id='word_1_529' title='bbox 654 5442 873 5511; x_wconf 87' lang='lat' dir='ltr'><strong>quidem</strong></span> <span class='ocrx_word' id='word_1_530' title='bbox 903 5463 918 5498; x_wconf 89' lang='lat'><strong>:</strong></span> <span class='ocrx_word' id='word_1_531' title='bbox 945 5443 1040 5499; x_wconf 89' lang='lat' dir='ltr'><strong>sed</strong></span> <span class='ocrx_word' id='word_1_532' title='bbox 1058 5442 1201 5515; x_wconf 30' lang='lat' dir='ltr'><strong>’puto</strong></span> <span class='ocrx_word' id='word_1_533' title='bbox 1226 5442 1460 5515; x_wconf 85' lang='lat' dir='ltr'><strong>priorem</strong></span> <span class='ocrx_word' id='word_1_534' title='bbox 1492 5444 1643 5500; x_wconf 81' lang='lat' dir='ltr'><strong>alteri</strong></span> <span class='ocrx_word' id='word_1_535' title='bbox 1665 5442 2067 5514; x_wconf 54' lang='lat' dir='ltr'><strong>pra-ferendam</strong></span> 
     </span>
     <span class='ocr_line' id='line_1_75' title="bbox 502 5513 2067 5570; baseline 0.001 -5"><span class='ocrx_word' id='word_1_536' title='bbox 502 5526 639 5566; x_wconf 70' lang='lat' dir='ltr'><strong>esse.</strong></span> <span class='ocrx_word' id='word_1_537' title='bbox 672 5513 750 5567; x_wconf 85' lang='lat' dir='ltr'><strong>Ita</strong></span> <span class='ocrx_word' id='word_1_538' title='bbox 775 5513 921 5569; x_wconf 86' lang='lat' dir='ltr'><strong>enim</strong></span> <span class='ocrx_word' id='word_1_539' title='bbox 945 5513 1060 5569; x_wconf 84' lang='lat' dir='ltr'><strong>haec</strong></span> <span class='ocrx_word' id='word_1_540' title='bbox 1093 5515 1205 5570; x_wconf 90' lang='lat' dir='ltr'><strong>duo</strong></span> <span class='ocrx_word' id='word_1_541' title='bbox 1228 5516 1392 5570; x_wconf 88' lang='lat' dir='ltr'><strong>verba</strong></span> <span class='ocrx_word' id='word_1_542' title='bbox 1420 5514 1829 5568; x_wconf 80' lang='grc' dir='ltr'>ὲπεκτείνεσθαι</span> <span class='ocrx_word' id='word_1_543' title='bbox 1858 5523 1912 5568; x_wconf 86' lang='lat' dir='ltr'><strong>et</strong></span> <span class='ocrx_word' id='word_1_544' title='bbox 1935 5514 2067 5568; x_wconf 86' lang='grc' dir='ltr'>διελ-</span> 
     </span>
    </p>
   </div>
   <div class='ocr_carea' id='block_1_74' title="bbox 502 5523 2067 5656">
    <p class='ocr_par' dir='ltr' id='par_1_74' title="bbox 502 5523 2067 5656">
     <span class='ocr_line' id='line_1_76' title="bbox 502 5523 2067 5570; baseline 0.001 -5"><span class='ocrx_word' id='word_1_545' title='bbox 502 5526 639 5566; x_wconf 74' lang='lat' dir='ltr'><strong>csse.</strong></span> <span class='ocrx_word' id='word_1_546' title='bbox 672 5523 750 5567; x_wconf 86' lang='lat' dir='ltr'><strong>Ita</strong></span> <span class='ocrx_word' id='word_1_547' title='bbox 775 5523 921 5569; x_wconf 84' lang='lat' dir='ltr'><strong>enim</strong></span> <span class='ocrx_word' id='word_1_548' title='bbox 945 5523 1060 5569; x_wconf 61' lang='lat' dir='ltr'><strong>haec</strong></span> <span class='ocrx_word' id='word_1_549' title='bbox 1093 5523 1205 5570; x_wconf 88' lang='lat' dir='ltr'><strong>duo</strong></span> <span class='ocrx_word' id='word_1_550' title='bbox 1228 5523 1392 5570; x_wconf 85' lang='lat' dir='ltr'><strong>verba</strong></span> <span class='ocrx_word' id='word_1_551' title='bbox 1420 5523 1829 5568; x_wconf 77' lang='grc' dir='ltr'>ὲπεκτείνεσθαι</span> <span class='ocrx_word' id='word_1_552' title='bbox 1858 5523 1912 5568; x_wconf 86' lang='lat' dir='ltr'><strong>et</strong></span> <span class='ocrx_word' id='word_1_553' title='bbox 1935 5523 2067 5568; x_wconf 86' lang='grc' dir='ltr'>διελ-</span> 
     </span>
     <span class='ocr_line' id='line_1_77' title="bbox 503 5578 2067 5656; baseline 0.004 -24"><span class='ocrx_word' id='word_1_554' title='bbox 503 5578 750 5656; x_wconf 44' lang='grc' dir='ltr'>θεῖν-διιιί</span> <span class='ocrx_word' id='word_1_555' title='bbox 796 5584 1026 5656; x_wconf 76' lang='lat' dir='ltr'><strong>invicem</strong></span> <span class='ocrx_word' id='word_1_556' title='bbox 1069 5586 1498 5656; x_wconf 82' lang='lat' dir='ltr'><strong>respondebunt,</strong></span> <span class='ocrx_word' id='word_1_557' title='bbox 1539 5585 1617 5641; x_wconf 86' lang='lat' dir='ltr'><strong>ita</strong></span> <span class='ocrx_word' id='word_1_558' title='bbox 1669 5593 1732 5640; x_wconf 91' lang='lat' dir='ltr'><strong>ut</strong></span> <span class='ocrx_word' id='word_1_559' title='bbox 1772 5592 2067 5656; x_wconf 89' lang='lat' dir='ltr'><strong>utrumque</strong></span> 
     </span>
    </p>
   </div>
   <div class='ocr_carea' id='block_1_75' title="bbox 501 5649 1731 5724">
    <p class='ocr_par' dir='ltr' id='par_1_75' title="bbox 501 5649 1731 5724">
     <span class='ocr_line' id='line_1_78' title="bbox 501 5649 1731 5724; baseline 0.005 -20"><span class='ocrx_word' id='word_1_560' title='bbox 501 5649 757 5724; x_wconf 78' lang='lat' dir='ltr'><strong>hoc_loc9_</strong></span> <span class='ocrx_word' id='word_1_561' title='bbox 776 5654 1046 5724; x_wconf 73' lang='lat' dir='ltr'><strong>signiticet</strong></span> <span class='ocrx_word' id='word_1_562' title='bbox 1077 5649 1240 5711; x_wconf 49' lang='lat' dir='ltr'><strong>ire—et</strong></span> <span class='ocrx_word' id='word_1_563' title='bbox 1268 5654 1593 5712; x_wconf 77' lang='lat' dir='ltr'><strong>contendere.</strong></span> <span class='ocrx_word' id='word_1_564' title='bbox 1725 5697 1731 5703; x_wconf 85' lang='lat'><strong>.</strong></span> 
     </span>
    </p>
   </div>
   <div class='ocr_carea' id='block_1_76' title="bbox 567 5721 2064 5799">
    <p class='ocr_par' dir='ltr' id='par_1_76' title="bbox 567 5721 2064 5799">
     <span class='ocr_line' id='line_1_79' title="bbox 567 5721 2064 5799; baseline 0.003 -24"><span class='ocrx_word' id='word_1_565' title='bbox 567 5721 680 5795; x_wconf 72' lang='lat'><strong>(52)</strong></span> <span class='ocrx_word' id='word_1_566' title='bbox 715 5721 941 5799; x_wconf 70' lang='lat' dir='ltr'><strong>veteres</strong></span> <span class='ocrx_word' id='word_1_567' title='bbox 980 5734 1217 5795; x_wconf 85' lang='lat' dir='ltr'><strong>quatuor</strong></span> <span class='ocrx_word' id='word_1_568' title='bbox 1247 5726 1374 5782; x_wconf 87' lang='lat' dir='ltr'><strong>libri</strong></span> <span class='ocrx_word' id='word_1_569' title='bbox 1416 5725 1585 5798; x_wconf 78' lang='grc' dir='ltr'>άργδν</span> <span class='ocrx_word' id='word_1_570' title='bbox 1617 5724 1780 5782; x_wconf 76' lang='grc' dir='ltr'>αὑτὸν</span> <span class='ocrx_word' id='word_1_571' title='bbox 1812 5725 1907 5780; x_wconf 72' lang='grc' dir='ltr'>καὶ</span> <span class='ocrx_word' id='word_1_572' title='bbox 1945 5725 2064 5780; x_wconf 84' lang='grc' dir='ltr'>ἀκί-</span> 
     </span>
    </p>
   </div>
   <div class='ocr_carea' id='block_1_77' title="bbox 2191 1920 3735 1996">
    <p class='ocr_par' dir='ltr' id='par_1_77' title="bbox 2191 1920 3735 1996">
     <span class='ocr_line' id='line_1_80' title="bbox 2191 1920 3735 1996; baseline 0.001 -21"><span class='ocrx_word' id='word_1_573' title='bbox 2191 1920 2515 1995; x_wconf 78' lang='grc' dir='ltr'>φιλάληθες,</span> <span class='ocrx_word' id='word_1_574' title='bbox 2554 1923 2615 1977; x_wconf 87' lang='grc' dir='ltr'><strong>τὸ</strong></span> <span class='ocrx_word' id='word_1_575' title='bbox 2649 1922 2961 1995; x_wconf 80' lang='grc' dir='ltr'>συμπαθὲς,</span> <span class='ocrx_word' id='word_1_576' title='bbox 2999 1923 3061 1977; x_wconf 81' lang='grc' dir='ltr'><strong>τὸ</strong></span> <span class='ocrx_word' id='word_1_577' title='bbox 3091 1924 3326 1996; x_wconf 76' lang='grc' dir='ltr'>ἥμερον,</span> <span class='ocrx_word' id='word_1_578' title='bbox 3354 1925 3418 1978; x_wconf 85' lang='grc' dir='ltr'><strong>τὸ</strong></span> <span class='ocrx_word' id='word_1_579' title='bbox 3459 1923 3735 1994; x_wconf 76' lang='grc' dir='ltr'>φιλάνθρω·</span> 
     </span>
    </p>
   </div>
   <div class='ocr_carea' id='block_1_78' title="bbox 2189 2013 3736 2088">
    <p class='ocr_par' dir='ltr' id='par_1_78' title="bbox 2189 2013 3736 2088">
     <span class='ocr_line' id='line_1_81' title="bbox 2189 2013 3736 2088; baseline 0.001 -20"><span class='ocrx_word' id='word_1_580' title='bbox 2189 2032 2320 2070; x_wconf 87' lang='grc' dir='ltr'>πον·</span> <span class='ocrx_word' id='word_1_581' title='bbox 2382 2015 2583 2080; x_wconf 89' lang='grc' dir='ltr'>ταύτας</span> <span class='ocrx_word' id='word_1_582' title='bbox 2634 2013 2743 2087; x_wconf 84' lang='grc' dir='ltr'>γὰρ</span> <span class='ocrx_word' id='word_1_583' title='bbox 2811 2014 3121 2088; x_wconf 77' lang='grc' dir='ltr'>ἐξαιρέτους</span> <span class='ocrx_word' id='word_1_584' title='bbox 3182 2015 3366 2087; x_wconf 78' lang='grc' dir='ltr'>φαμὲν</span> <span class='ocrx_word' id='word_1_585' title='bbox 3424 2016 3524 2087; x_wconf 82' lang='grc' dir='ltr'>τῆς</span> <span class='ocrx_word' id='word_1_586' title='bbox 3581 2016 3736 2086; x_wconf 76' lang='grc' dir='ltr'>ψυχῆς</span> 
     </span>
    </p>
   </div>
   <div class='ocr_carea' id='block_1_79' title="bbox 2189 2103 3732 2178">
    <p class='ocr_par' dir='ltr' id='par_1_79' title="bbox 2189 2103 3732 2178">
     <span class='ocr_line' id='line_1_82' title="bbox 2189 2103 3732 2178; baseline 0.001 -20"><span class='ocrx_word' id='word_1_587' title='bbox 2189 2103 2411 2177; x_wconf 76' lang='grc' dir='ltr'>ἀρετάς,</span> <span class='ocrx_word' id='word_1_588' title='bbox 2443 2104 2672 2175; x_wconf 78' lang='grc' dir='ltr'>ἐπείπερ</span> <span class='ocrx_word' id='word_1_589' title='bbox 2715 2107 2796 2168; x_wconf 87' lang='grc' dir='ltr'><strong>είς</strong></span> <span class='ocrx_word' id='word_1_590' title='bbox 2838 2105 2937 2177; x_wconf 83' lang='grc' dir='ltr'>τὴν</span> <span class='ocrx_word' id='word_1_591' title='bbox 2973 2105 3151 2161; x_wconf 76' lang='grc' dir='ltr'>αὐτῶν</span> <span class='ocrx_word' id='word_1_592' title='bbox 3192 2105 3386 2178; x_wconf 84' lang='grc' dir='ltr'>κτῆσίν</span> <span class='ocrx_word' id='word_1_593' title='bbox 3421 2124 3479 2160; x_wconf 92' lang='grc' dir='ltr'><strong>τε</strong></span> <span class='ocrx_word' id='word_1_594' title='bbox 3509 2107 3598 2161; x_wconf 72' lang='grc' dir='ltr'>καὶ</span> <span class='ocrx_word' id='word_1_595' title='bbox 3624 2124 3732 2160; x_wconf 70' lang='grc' dir='ltr'>κατι</span> 
     </span>
    </p>
   </div>
   <div class='ocr_carea' id='block_1_80' title="bbox 2189 2194 3733 2269">
    <p class='ocr_par' dir='ltr' id='par_1_80' title="bbox 2189 2194 3733 2269">
     <span class='ocr_line' id='line_1_83' title="bbox 2189 2194 3733 2269; baseline 0.003 -21"><span class='ocrx_word' id='word_1_596' title='bbox 2189 2194 2421 2267; x_wconf 86' lang='grc' dir='ltr'>όρθωσιν</span> <span class='ocrx_word' id='word_1_597' title='bbox 2448 2194 2599 2249; x_wconf 76' lang='grc' dir='ltr'>οὐδὲν</span> <span class='ocrx_word' id='word_1_598' title='bbox 2630 2194 2792 2249; x_wconf 83' lang='grc' dir='ltr'>πλέον</span> <span class='ocrx_word' id='word_1_599' title='bbox 2829 2196 2889 2250; x_wconf 82' lang='grc' dir='ltr'><strong>τὸ</strong></span> <span class='ocrx_word' id='word_1_600' title='bbox 2924 2195 3085 2267; x_wconf 80' lang='grc' dir='ltr'>σῶμα</span> <span class='ocrx_word' id='word_1_601' title='bbox 3110 2199 3175 2268; x_wconf 81' lang='grc' dir='ltr'>τῇ</span> <span class='ocrx_word' id='word_1_602' title='bbox 3221 2196 3369 2269; x_wconf 81' lang='grc' dir='ltr'>ψυχῇ</span> <span class='ocrx_word' id='word_1_603' title='bbox 3426 2198 3733 2269; x_wconf 73' lang='grc' dir='ltr'>συνεισφέρει</span> 
     </span>
    </p>
   </div>
   <div class='ocr_carea' id='block_1_81' title="bbox 2190 2285 3710 2362">
    <p class='ocr_par' dir='ltr' id='par_1_81' title="bbox 2190 2285 3710 2362">
     <span class='ocr_line' id='line_1_84' title="bbox 2190 2285 3710 2362; baseline 0.001 -22"><span class='ocrx_word' id='word_1_604' title='bbox 2190 2287 2224 2359; x_wconf 77' lang='grc' dir='ltr'>ἢ</span> <span class='ocrx_word' id='word_1_605' title='bbox 2252 2287 2314 2341; x_wconf 84' lang='grc' dir='ltr'><strong>τὸ</strong></span> <span class='ocrx_word' id='word_1_606' title='bbox 2349 2285 2731 2360; x_wconf 85' lang='grc' dir='ltr'>βουλευτήριον</span> <span class='ocrx_word' id='word_1_607' title='bbox 2760 2288 2897 2359; x_wconf 83' lang='grc' dir='ltr'>αύτῇ</span> <span class='ocrx_word' id='word_1_608' title='bbox 2923 2289 3178 2358; x_wconf 78' lang='grc' dir='ltr'>γενέσθαι</span> <span class='ocrx_word' id='word_1_609' title='bbox 3211 2291 3328 2360; x_wconf 77' lang='grc'><strong>(⁸50)</strong></span> <span class='ocrx_word' id='word_1_610' title='bbox 3364 2291 3467 2362; x_wconf 85' lang='grc' dir='ltr'>τῆς</span> <span class='ocrx_word' id='word_1_611' title='bbox 3500 2291 3617 2362; x_wconf 73' lang='grc' dir='ltr'>περὶ</span> <span class='ocrx_word' id='word_1_612' title='bbox 3652 2290 3710 2345; x_wconf 82' lang='grc' dir='ltr'><strong>αύ</strong></span> 
     </span>
    </p>
   </div>
   <div class='ocr_carea' id='block_1_82' title="bbox 2190 2377 3725 2455">
    <p class='ocr_par' dir='ltr' id='par_1_82' title="bbox 2190 2377 3725 2455">
     <span class='ocr_line' id='line_1_85' title="bbox 2190 2377 3725 2455; baseline 0.001 -22"><span class='ocrx_word' id='word_1_613' title='bbox 2190 2378 2297 2433; x_wconf 85' lang='grc' dir='ltr'><strong>τῶν</strong></span> <span class='ocrx_word' id='word_1_614' title='bbox 2325 2377 2659 2448; x_wconf 74' lang='grc' dir='ltr'>διασκέψεως</span> <span class='ocrx_word' id='word_1_615' title='bbox 2675 2396 2689 2410; x_wconf 88' lang='grc'><strong>·</strong></span> <span class='ocrx_word' id='word_1_616' title='bbox 2720 2381 3018 2452; x_wconf 75' lang='grc' dir='ltr'>ἐγκράτεια</span> <span class='ocrx_word' id='word_1_617' title='bbox 3044 2381 3104 2435; x_wconf 83' lang='grc' dir='ltr'>δὲ</span> <span class='ocrx_word' id='word_1_618' title='bbox 3137 2381 3358 2454; x_wconf 78' lang='grc' dir='ltr'>ἑκάστῳ</span> <span class='ocrx_word' id='word_1_619' title='bbox 3385 2382 3518 2455; x_wconf 72' lang='grc' dir='ltr'>πρὸς</span> <span class='ocrx_word' id='word_1_620' title='bbox 3544 2382 3630 2454; x_wconf 76' lang='grc' dir='ltr'>τὴν</span> <span class='ocrx_word' id='word_1_621' title='bbox 3654 2383 3725 2434; x_wconf 75' lang='grc' dir='ltr'>δύο</span> 
     </span>
    </p>
   </div>
   <div class='ocr_carea' id='block_1_83' title="bbox 2190 2470 3722 2545">
    <p class='ocr_par' dir='ltr' id='par_1_83' title="bbox 2190 2470 3722 2545">
     <span class='ocr_line' id='line_1_86' title="bbox 2190 2470 3722 2545; baseline 0.002 -21"><span class='ocrx_word' id='word_1_622' title='bbox 2190 2487 2353 2541; x_wconf 74' lang='grc' dir='ltr'>ναμιν</span> <span class='ocrx_word' id='word_1_623' title='bbox 2380 2470 2473 2523; x_wconf 79' lang='grc' dir='ltr'>τοῦ</span> <span class='ocrx_word' id='word_1_624' title='bbox 2506 2470 2756 2542; x_wconf 81' lang='grc' dir='ltr'>σώματος</span> <span class='ocrx_word' id='word_1_625' title='bbox 2790 2471 3159 2543; x_wconf 81' lang='grc' dir='ltr'>ὁρισθήσεται,</span> <span class='ocrx_word' id='word_1_626' title='bbox 3198 2473 3345 2527; x_wconf 83' lang='grc' dir='ltr'>ὥστε</span> <span class='ocrx_word' id='word_1_627' title='bbox 3384 2476 3517 2545; x_wconf 80' lang='grc' dir='ltr'>μήτε</span> <span class='ocrx_word' id='word_1_628' title='bbox 3545 2473 3722 2527; x_wconf 69' lang='grc' dir='ltr'>ἔλαττοι</span> 
     </span>
    </p>
   </div>
   <div class='ocr_carea' id='block_1_84' title="bbox 2189 2564 3730 2639">
    <p class='ocr_par' dir='ltr' id='par_1_84' title="bbox 2189 2564 3730 2639">
     <span class='ocr_line' id='line_1_87' title="bbox 2189 2564 3730 2639; baseline 0.001 -22"><span class='ocrx_word' id='word_1_629' title='bbox 2189 2565 2290 2634; x_wconf 83' lang='grc' dir='ltr'>τῆς</span> <span class='ocrx_word' id='word_1_630' title='bbox 2319 2564 2672 2636; x_wconf 80' lang='grc' dir='ltr'>ὑπαρχούσης</span> <span class='ocrx_word' id='word_1_631' title='bbox 2717 2564 3002 2636; x_wconf 82' lang='grc' dir='ltr'>δυνάμεως</span> <span class='ocrx_word' id='word_1_632' title='bbox 3038 2564 3266 2620; x_wconf 83' lang='grc' dir='ltr'>διελθεῖν</span> <span class='ocrx_word' id='word_1_633' title='bbox 3307 2565 3443 2639; x_wconf 70' lang='lat' dir='ltr'><strong>(Si),</strong></span> <span class='ocrx_word' id='word_1_634' title='bbox 3484 2568 3609 2638; x_wconf 87' lang='grc' dir='ltr'>μήτε</span> <span class='ocrx_word' id='word_1_635' title='bbox 3643 2567 3730 2619; x_wconf 84' lang='grc' dir='ltr'>τοῖι</span> 
     </span>
    </p>
   </div>
   <div class='ocr_carea' id='block_1_85' title="bbox 2192 2656 3728 2729">
    <p class='ocr_par' dir='ltr' id='par_1_85' title="bbox 2192 2656 3728 2729">
     <span class='ocr_line' id='line_1_88' title="bbox 2192 2656 3728 2729; baseline 0.001 -19"><span class='ocrx_word' id='word_1_636' title='bbox 2192 2656 2332 2728; x_wconf 82' lang='grc' dir='ltr'>ὑπὲρ</span> <span class='ocrx_word' id='word_1_637' title='bbox 2377 2656 2475 2729; x_wconf 79' lang='grc' dir='ltr'>τὴν</span> <span class='ocrx_word' id='word_1_638' title='bbox 2510 2657 2741 2729; x_wconf 83' lang='grc' dir='ltr'>δύναμιν</span> <span class='ocrx_word' id='word_1_639' title='bbox 2795 2658 3223 2713; x_wconf 84' lang='grc' dir='ltr'>ὲπεκτείνεσθαι.</span> <span class='ocrx_word' id='word_1_640' title='bbox 3282 2659 3400 2713; x_wconf 78' lang='grc' dir='ltr'><strong>Καὶ</strong></span> <span class='ocrx_word' id='word_1_641' title='bbox 3444 2658 3592 2713; x_wconf 85' lang='grc' dir='ltr'>τοῦτο</span> <span class='ocrx_word' id='word_1_642' title='bbox 3618 2657 3728 2728; x_wconf 81' lang='grc' dir='ltr'>γὰρ,</span> 
     </span>
    </p>
   </div>
   <div class='ocr_carea' id='block_1_86' title="bbox 2190 2742 3727 2821">
    <p class='ocr_par' dir='ltr' id='par_1_86' title="bbox 2190 2742 3727 2821">
     <span class='ocr_line' id='line_1_89' title="bbox 2190 2742 3727 2821; baseline 0.012 -22"><span class='ocrx_word' id='word_1_643' title='bbox 2190 2742 2365 2819; x_wconf 73' lang='grc' dir='ltr'>οἶμαι,</span> <span class='ocrx_word' id='word_1_644' title='bbox 2399 2749 2668 2820; x_wconf 85' lang='grc' dir='ltr'>προσήκει</span> <span class='ocrx_word' id='word_1_645' title='bbox 2716 2751 2960 2815; x_wconf 80' lang='grc' dir='ltr'>σκοπεῖν,</span> <span class='ocrx_word' id='word_1_646' title='bbox 3000 2749 3150 2811; x_wconf 85' lang='grc' dir='ltr'>ὅπως</span> <span class='ocrx_word' id='word_1_647' title='bbox 3186 2748 3275 2812; x_wconf 84' lang='grc' dir='ltr'><strong>ἂν,</strong></span> <span class='ocrx_word' id='word_1_648' title='bbox 3316 2750 3391 2821; x_wconf 79' lang='grc' dir='ltr'>μὴ</span> <span class='ocrx_word' id='word_1_649' title='bbox 3436 2752 3499 2820; x_wconf 77' lang='grc' dir='ltr'>τῇ</span> <span class='ocrx_word' id='word_1_650' title='bbox 3529 2748 3727 2819; x_wconf 63' lang='grc' dir='ltr'>ἀμετρίαι</span> 
     </span>
    </p>
   </div>
   <div class='ocr_carea' id='block_1_87' title="bbox 2190 2836 3705 2912">
    <p class='ocr_par' dir='ltr' id='par_1_87' title="bbox 2190 2836 3705 2912">
     <span class='ocr_line' id='line_1_90' title="bbox 2190 2836 3705 2912; baseline -0.002 -19"><span class='ocrx_word' id='word_1_651' title='bbox 2190 2840 2292 2911; x_wconf 82' lang='grc' dir='ltr'>τῆς</span> <span class='ocrx_word' id='word_1_652' title='bbox 2337 2840 2664 2909; x_wconf 75' lang='grc' dir='ltr'>ἐγκρατείας</span> <span class='ocrx_word' id='word_1_653' title='bbox 2697 2839 2797 2912; x_wconf 79' lang='grc' dir='ltr'><strong>τὴν</strong></span> <span class='ocrx_word' id='word_1_654' title='bbox 2837 2838 3067 2912; x_wconf 90' lang='grc' dir='ltr'>δύναμιν</span> <span class='ocrx_word' id='word_1_655' title='bbox 3094 2839 3190 2893; x_wconf 80' lang='grc' dir='ltr'>τοῦ</span> <span class='ocrx_word' id='word_1_656' title='bbox 3236 2839 3489 2911; x_wconf 84' lang='grc' dir='ltr'>σώματος</span> <span class='ocrx_word' id='word_1_657' title='bbox 3525 2836 3705 2894; x_wconf 84' lang='grc' dir='ltr'>καταλύ</span> 
     </span>
    </p>
   </div>
   <div class='ocr_carea' id='block_1_88' title="bbox 2193 2929 3731 3004">
    <p class='ocr_par' dir='ltr' id='par_1_88' title="bbox 2193 2929 3731 3004">
     <span class='ocr_line' id='line_1_91' title="bbox 2193 2929 3731 3004; baseline -0.002 -18"><span class='ocrx_word' id='word_1_658' title='bbox 2193 2948 2408 2996; x_wconf 87' lang='grc' dir='ltr'>σαντες,</span> <span class='ocrx_word' id='word_1_659' title='bbox 2444 2931 2622 3003; x_wconf 82' lang='grc' dir='ltr'>ἀργὸν</span> <span class='ocrx_word' id='word_1_660' title='bbox 2648 2931 2780 2986; x_wconf 80' lang='grc' dir='ltr'>αὐτὸ</span> <span class='ocrx_word' id='word_1_661' title='bbox 2799 2931 2896 2986; x_wconf 80' lang='grc' dir='ltr'>καὶ</span> <span class='ocrx_word' id='word_1_662' title='bbox 2927 2931 3210 3003; x_wconf 81' lang='grc' dir='ltr'>ἄπρακτον</span> <span class='ocrx_word' id='word_1_663' title='bbox 3241 2930 3381 3004; x_wconf 79' lang='grc' dir='ltr'>πρὸς</span> <span class='ocrx_word' id='word_1_664' title='bbox 3403 2932 3471 2985; x_wconf 83' lang='grc' dir='ltr'>τὰ</span> <span class='ocrx_word' id='word_1_665' title='bbox 3502 2929 3731 2984; x_wconf 64' lang='grc' dir='ltr'>σπουδαῖα</span> 
     </span>
    </p>
   </div>
   <div class='ocr_carea' id='block_1_89' title="bbox 2189 3021 3725 3097">
    <p class='ocr_par' dir='ltr' id='par_1_89' title="bbox 2189 3021 3725 3097">
     <span class='ocr_line' id='line_1_92' title="bbox 2189 3021 3725 3097; baseline -0.003 -18"><span class='ocrx_word' id='word_1_666' title='bbox 2189 3024 2298 3080; x_wconf 85' lang='grc' dir='ltr'><strong>τῶν</strong></span> <span class='ocrx_word' id='word_1_667' title='bbox 2330 3025 2583 3097; x_wconf 82' lang='grc' dir='ltr'>πράξεων</span> <span class='ocrx_word' id='word_1_668' title='bbox 2607 3026 2993 3096; x_wconf 75' lang='grc' dir='ltr'>ἁποερήνωμεν.</span> <span class='ocrx_word' id='word_1_669' title='bbox 3026 3025 3101 3081; x_wconf 62' lang='lat' dir='ltr'><strong>Oli</strong></span> <span class='ocrx_word' id='word_1_670' title='bbox 3131 3025 3241 3097; x_wconf 77' lang='grc' dir='ltr'><strong>γὰρ</strong></span> <span class='ocrx_word' id='word_1_671' title='bbox 3273 3024 3339 3097; x_wconf 84' lang='grc' dir='ltr'>δὴ</span> <span class='ocrx_word' id='word_1_672' title='bbox 3373 3024 3534 3079; x_wconf 83' lang='grc' dir='ltr'>ποιῶν</span> <span class='ocrx_word' id='word_1_673' title='bbox 3560 3024 3586 3077; x_wconf 85' lang='grc' dir='ltr'><strong>ὁ</strong></span> <span class='ocrx_word' id='word_1_674' title='bbox 3623 3021 3725 3087; x_wconf 67' lang='grc' dir='ltr'>Θεὸς</span> 
     </span>
    </p>
   </div>
   <div class='ocr_carea' id='block_1_90' title="bbox 2190 3110 3708 3187">
    <p class='ocr_par' dir='ltr' id='par_1_90' title="bbox 2190 3110 3708 3187">
     <span class='ocr_line' id='line_1_93' title="bbox 2190 3110 3708 3187; baseline -0.001 -20"><span class='ocrx_word' id='word_1_675' title='bbox 2190 3115 2282 3170; x_wconf 78' lang='grc' dir='ltr'>τὸν</span> <span class='ocrx_word' id='word_1_676' title='bbox 2310 3114 2595 3187; x_wconf 83' lang='grc' dir='ltr'>ἄνθρωπον</span> <span class='ocrx_word' id='word_1_677' title='bbox 2625 3116 2794 3186; x_wconf 83' lang='grc' dir='ltr'>ἀργὸν</span> <span class='ocrx_word' id='word_1_678' title='bbox 2818 3116 2912 3168; x_wconf 80' lang='grc' dir='ltr'>καὶ</span> <span class='ocrx_word' id='word_1_679' title='bbox 2936 3115 3190 3186; x_wconf 82' lang='grc' dir='ltr'>ἀκίνητον</span> <span class='ocrx_word' id='word_1_680' title='bbox 3221 3116 3387 3169; x_wconf 81' lang='grc' dir='ltr'>αὐτὸν</span> <span class='ocrx_word' id='word_1_681' title='bbox 3411 3110 3545 3169; x_wconf 78' lang='grc' dir='ltr'>εἶναι</span> <span class='ocrx_word' id='word_1_682' title='bbox 3574 3111 3708 3184; x_wconf 78' lang='grc' dir='ltr'>βεὸού</span> 
     </span>
    </p>
   </div>
   <div class='ocr_carea' id='block_1_91' title="bbox 2190 3203 3703 3281">
    <p class='ocr_par' dir='ltr' id='par_1_91' title="bbox 2190 3203 3703 3281">
     <span class='ocr_line' id='line_1_94' title="bbox 2190 3203 3703 3281; baseline -0.001 -21"><span class='ocrx_word' id='word_1_683' title='bbox 2190 3207 2349 3279; x_wconf 81' lang='grc' dir='ltr'>ληται</span> <span class='ocrx_word' id='word_1_684' title='bbox 2391 3206 2536 3280; x_wconf 74' lang='grc'><strong>(52),</strong></span> <span class='ocrx_word' id='word_1_685' title='bbox 2578 3207 2697 3261; x_wconf 83' lang='grc' dir='ltr'>ἀλλ’</span> <span class='ocrx_word' id='word_1_686' title='bbox 2748 3207 2972 3280; x_wconf 75' lang='grc' dir='ltr'>ἐνεργὸν</span> <span class='ocrx_word' id='word_1_687' title='bbox 3021 3208 3291 3280; x_wconf 82' lang='grc' dir='ltr'>ὑπάρχειν</span> <span class='ocrx_word' id='word_1_688' title='bbox 3338 3209 3475 3281; x_wconf 78' lang='grc' dir='ltr'>πρὸς</span> <span class='ocrx_word' id='word_1_689' title='bbox 3516 3208 3579 3262; x_wconf 72' lang='grc' dir='ltr'>τὰ</span> <span class='ocrx_word' id='word_1_690' title='bbox 3618 3203 3703 3260; x_wconf 84' lang='grc' dir='ltr'><strong>καθ</strong></span> 
     </span>
    </p>
   </div>
   <div class='ocr_carea' id='block_1_92' title="bbox 2187 3297 3723 3373">
    <p class='ocr_par' dir='ltr' id='par_1_92' title="bbox 2187 3297 3723 3373">
     <span class='ocr_line' id='line_1_95' title="bbox 2187 3297 3723 3373; baseline -0.003 -18"><span class='ocrx_word' id='word_1_691' title='bbox 2187 3301 2420 3373; x_wconf 84' lang='grc' dir='ltr'>ήκοντα,</span> <span class='ocrx_word' id='word_1_692' title='bbox 2449 3300 2508 3354; x_wconf 79' lang='grc' dir='ltr'>ὲν</span> <span class='ocrx_word' id='word_1_693' title='bbox 2546 3300 2645 3372; x_wconf 81' lang='grc' dir='ltr'>μὲν</span> <span class='ocrx_word' id='word_1_694' title='bbox 2686 3299 2764 3371; x_wconf 86' lang='grc' dir='ltr'>τῷ</span> <span class='ocrx_word' id='word_1_695' title='bbox 2801 3301 3116 3373; x_wconf 79' lang='grc' dir='ltr'>παραδείσῳ</span> <span class='ocrx_word' id='word_1_696' title='bbox 3164 3300 3432 3366; x_wconf 87' lang='grc' dir='ltr'>κελεύσας</span> <span class='ocrx_word' id='word_1_697' title='bbox 3458 3300 3545 3354; x_wconf 75' lang='grc' dir='ltr'><strong>τὸν</strong></span> <span class='ocrx_word' id='word_1_698' title='bbox 3587 3297 3723 3366; x_wconf 69' lang='grc' dir='ltr'>Ἀδὰμ</span> 
     </span>
    </p>
   </div>
   <div class='ocr_carea' id='block_1_93' title="bbox 2186 3386 3725 3464">
    <p class='ocr_par' dir='ltr' id='par_1_93' title="bbox 2186 3386 3725 3464">
     <span class='ocr_line' id='line_1_96' title="bbox 2186 3386 3725 3464; baseline -0.005 -19"><span class='ocrx_word' id='word_1_699' title='bbox 2186 3391 2534 3464; x_wconf 72' lang='grc' dir='ltr'>ἐργάζεσθαι,</span> <span class='ocrx_word' id='word_1_700' title='bbox 2571 3391 2668 3446; x_wconf 74' lang='grc' dir='ltr'>καὶ</span> <span class='ocrx_word' id='word_1_701' title='bbox 2696 3390 2984 3462; x_wconf 82' lang='grc' dir='ltr'>φυλάττειν</span> <span class='ocrx_word' id='word_1_702' title='bbox 3006 3390 3170 3446; x_wconf 80' lang='grc' dir='ltr'>αὑτὸν</span> <span class='ocrx_word' id='word_1_703' title='bbox 3192 3391 3279 3462; x_wconf 85' lang='grc' dir='ltr'>(εί</span> <span class='ocrx_word' id='word_1_704' title='bbox 3310 3391 3421 3464; x_wconf 83' lang='grc' dir='ltr'>γὰρ</span> <span class='ocrx_word' id='word_1_705' title='bbox 3448 3390 3539 3445; x_wconf 84' lang='grc' dir='ltr'><strong>καί</strong></span> <span class='ocrx_word' id='word_1_706' title='bbox 3557 3386 3725 3457; x_wconf 74' lang='grc' dir='ltr'>θεωρία</span> 
     </span>
    </p>
   </div>
   <div class='ocr_carea' id='block_1_94' title="bbox 2185 3478 3723 3557">
    <p class='ocr_par' dir='ltr' id='par_1_94' title="bbox 2185 3478 3723 3557">
     <span class='ocr_line' id='line_1_97' title="bbox 2185 3478 3723 3557; baseline -0.011 -10"><span class='ocrx_word' id='word_1_707' title='bbox 2185 3484 2263 3557; x_wconf 81' lang='grc' dir='ltr'><strong>τῷ</strong></span> <span class='ocrx_word' id='word_1_708' title='bbox 2286 3484 2434 3557; x_wconf 80' lang='grc' dir='ltr'><strong>ρητῷ</strong></span> <span class='ocrx_word' id='word_1_709' title='bbox 2458 3485 2796 3557; x_wconf 82' lang='grc' dir='ltr'>πρόσκειται,</span> <span class='ocrx_word' id='word_1_710' title='bbox 2835 3484 2969 3538; x_wconf 79' lang='grc' dir='ltr'>ἀλλὰ</span> <span class='ocrx_word' id='word_1_711' title='bbox 3001 3483 3133 3552; x_wconf 84' lang='grc' dir='ltr'>γοῦν</span> <span class='ocrx_word' id='word_1_712' title='bbox 3171 3484 3269 3537; x_wconf 84' lang='grc' dir='ltr'><strong>καὶ</strong></span> <span class='ocrx_word' id='word_1_713' title='bbox 3301 3483 3363 3537; x_wconf 83' lang='grc' dir='ltr'>τὸ</span> <span class='ocrx_word' id='word_1_714' title='bbox 3405 3482 3561 3537; x_wconf 81' lang='grc' dir='ltr'>ίδικὸν</span> <span class='ocrx_word' id='word_1_715' title='bbox 3591 3478 3723 3550; x_wconf 69' lang='grc' dir='ltr'>ζήλου</span> 
     </span>
    </p>
   </div>
   <div class='ocr_carea' id='block_1_95' title="bbox 2186 3570 3722 3648">
    <p class='ocr_par' dir='ltr' id='par_1_95' title="bbox 2186 3570 3722 3648">
     <span class='ocr_line' id='line_1_98' title="bbox 2186 3570 3722 3648; baseline -0.003 -17"><span class='ocrx_word' id='word_1_716' title='bbox 2186 3577 2281 3631; x_wconf 82' lang='grc' dir='ltr'>καὶ</span> <span class='ocrx_word' id='word_1_717' title='bbox 2308 3576 2543 3645; x_wconf 84' lang='grc' dir='ltr'>σπουδῆς</span> <span class='ocrx_word' id='word_1_718' title='bbox 2572 3575 2778 3648; x_wconf 82' lang='grc' dir='ltr'>ἄξιον),</span> <span class='ocrx_word' id='word_1_719' title='bbox 2814 3577 2952 3648; x_wconf 85' lang='grc' dir='ltr'>μετὰ</span> <span class='ocrx_word' id='word_1_720' title='bbox 2981 3577 3040 3630; x_wconf 82' lang='grc' dir='ltr'><strong>δὲ</strong></span> <span class='ocrx_word' id='word_1_721' title='bbox 3060 3575 3158 3648; x_wconf 76' lang='grc' dir='ltr'>τὴν</span> <span class='ocrx_word' id='word_1_722' title='bbox 3182 3576 3396 3631; x_wconf 76' lang='grc' dir='ltr'>ἐκεῖθεν</span> <span class='ocrx_word' id='word_1_723' title='bbox 3416 3576 3661 3629; x_wconf 72' lang='grc' dir='ltr'>ἔκπτωσιν</span> <span class='ocrx_word' id='word_1_724' title='bbox 3677 3570 3722 3623; x_wconf 68' lang='grc' dir='ltr'><strong>ἐν</strong></span> 
     </span>
    </p>
   </div>
   <div class='ocr_carea' id='block_1_96' title="bbox 2189 3664 3721 3742">
    <p class='ocr_par' dir='ltr' id='par_1_96' title="bbox 2189 3664 3721 3742">
     <span class='ocr_line' id='line_1_99' title="bbox 2189 3664 3721 3742; baseline -0.018 1"><span class='ocrx_word' id='word_1_725' title='bbox 2189 3668 2371 3741; x_wconf 69' lang='grc' dir='ltr'><strong>ἰδρίῖνιτι</strong></span> <span class='ocrx_word' id='word_1_726' title='bbox 2402 3669 2496 3723; x_wconf 69' lang='grc' dir='ltr'><strong>τοῦ</strong></span> <span class='ocrx_word' id='word_1_727' title='bbox 2551 3669 2846 3742; x_wconf 81' lang='grc' dir='ltr'>προσώπου</span> <span class='ocrx_word' id='word_1_728' title='bbox 2879 3670 2970 3723; x_wconf 79' lang='grc' dir='ltr'><strong>τὸν</strong></span> <span class='ocrx_word' id='word_1_729' title='bbox 3015 3670 3178 3740; x_wconf 81' lang='grc' dir='ltr'>ἄρτον</span> <span class='ocrx_word' id='word_1_730' title='bbox 3231 3670 3433 3724; x_wconf 77' lang='grc' dir='ltr'>ἐσθίειν</span> <span class='ocrx_word' id='word_1_731' title='bbox 3482 3664 3721 3736; x_wconf 51' lang='grc' dir='ltr'>άποφηνάτ</span> 
     </span>
    </p>
   </div>
   <div class='ocr_carea' id='block_1_97' title="bbox 2189 3756 3725 3835">
    <p class='ocr_par' dir='ltr' id='par_1_97' title="bbox 2189 3756 3725 3835">
     <span class='ocr_line' id='line_1_100' title="bbox 2189 3756 3725 3835; baseline -0.005 -20"><span class='ocrx_word' id='word_1_732' title='bbox 2189 3778 2368 3833; x_wconf 88' lang='grc' dir='ltr'>μενος.</span> <span class='ocrx_word' id='word_1_733' title='bbox 2410 3761 2493 3815; x_wconf 85' lang='grc' dir='ltr'><strong>Τὰ</strong></span> <span class='ocrx_word' id='word_1_734' title='bbox 2534 3760 2593 3815; x_wconf 81' lang='grc' dir='ltr'>δὲ</span> <span class='ocrx_word' id='word_1_735' title='bbox 2633 3762 2772 3835; x_wconf 80' lang='grc' dir='ltr'>πρὸς</span> <span class='ocrx_word' id='word_1_736' title='bbox 2814 3762 2906 3816; x_wconf 86' lang='grc' dir='ltr'><strong>τὸν</strong></span> <span class='ocrx_word' id='word_1_737' title='bbox 2956 3760 3126 3834; x_wconf 78' lang='grc' dir='ltr'>Ἀδὰμ</span> <span class='ocrx_word' id='word_1_738' title='bbox 3169 3762 3464 3834; x_wconf 79' lang='grc' dir='ltr'>εἰρημένα,</span> <span class='ocrx_word' id='word_1_739' title='bbox 3507 3761 3583 3814; x_wconf 84' lang='grc' dir='ltr'><strong>ὅτι</strong></span> <span class='ocrx_word' id='word_1_740' title='bbox 3611 3756 3725 3809; x_wconf 66' lang='grc' dir='ltr'>πᾶσι</span> 
     </span>
    </p>
   </div>
   <div class='ocr_carea' id='block_1_98' title="bbox 2186 3847 3721 3926">
    <p class='ocr_par' dir='ltr' id='par_1_98' title="bbox 2186 3847 3721 3926">
     <span class='ocr_line' id='line_1_101' title="bbox 2186 3847 3721 3926; baseline -0.004 -16"><span class='ocrx_word' id='word_1_741' title='bbox 2186 3855 2299 3918; x_wconf 80' lang='grc' dir='ltr'>τοῖς</span> <span class='ocrx_word' id='word_1_742' title='bbox 2350 3852 2410 3919; x_wconf 73' lang='grc' dir='ltr'><strong>ἐξ</strong></span> <span class='ocrx_word' id='word_1_743' title='bbox 2459 3852 2627 3909; x_wconf 80' lang='grc' dir='ltr'>αὐτοῦ</span> <span class='ocrx_word' id='word_1_744' title='bbox 2673 3854 3090 3926; x_wconf 83' lang='grc' dir='ltr'>γεγεννημένοις</span> <span class='ocrx_word' id='word_1_745' title='bbox 3135 3853 3275 3926; x_wconf 77' lang='lat'><strong>(’55)</strong></span> <span class='ocrx_word' id='word_1_746' title='bbox 3323 3855 3560 3926; x_wconf 72' lang='grc' dir='ltr'>εἴρηται,</span> <span class='ocrx_word' id='word_1_747' title='bbox 3595 3847 3721 3920; x_wconf 74' lang='grc' dir='ltr'>δῆλον</span> 
     </span>
    </p>
   </div>
   <div class='ocr_carea' id='block_1_99' title="bbox 2184 3938 3718 4020">
    <p class='ocr_par' dir='ltr' id='par_1_99' title="bbox 2184 3938 3718 4020">
     <span class='ocr_line' id='line_1_102' title="bbox 2184 3938 3718 4020; baseline -0.001 -19"><span class='ocrx_word' id='word_1_748' title='bbox 2184 3947 2452 4004; x_wconf 82' lang='grc' dir='ltr'>ἐντεῦθεν.</span> <span class='ocrx_word' id='word_1_749' title='bbox 2482 3949 2594 4004; x_wconf 77' lang='grc' dir='ltr'><strong>Καὶ</strong></span> <span class='ocrx_word' id='word_1_750' title='bbox 2652 3948 2762 4020; x_wconf 83' lang='grc' dir='ltr'>γὰρ</span> <span class='ocrx_word' id='word_1_751' title='bbox 2785 3948 2876 4001; x_wconf 83' lang='grc' dir='ltr'><strong>τὸν</strong></span> <span class='ocrx_word' id='word_1_752' title='bbox 2919 3947 3147 4001; x_wconf 83' lang='grc' dir='ltr'>θάνατον</span> <span class='ocrx_word' id='word_1_753' title='bbox 3191 3944 3362 4018; x_wconf 85' lang='grc' dir='ltr'>ὥρισε</span> <span class='ocrx_word' id='word_1_754' title='bbox 3415 3945 3509 4016; x_wconf 84' lang='grc' dir='ltr'><strong>μὲν</strong></span> <span class='ocrx_word' id='word_1_755' title='bbox 3548 3945 3574 3997; x_wconf 83' lang='grc' dir='ltr'>ὁ</span> <span class='ocrx_word' id='word_1_756' title='bbox 3614 3938 3718 4000; x_wconf 73' lang='grc' dir='ltr'>θεὸς</span> 
     </span>
    </p>
   </div>
   <div class='ocr_carea' id='block_1_100' title="bbox 2184 4028 3719 4108">
    <p class='ocr_par' dir='ltr' id='par_1_100' title="bbox 2184 4028 3719 4108">
     <span class='ocr_line' id='line_1_103' title="bbox 2184 4028 3719 4108; baseline -0.006 -17"><span class='ocrx_word' id='word_1_757' title='bbox 2184 4039 2306 4092; x_wconf 76' lang='grc' dir='ltr'>κατ’</span> <span class='ocrx_word' id='word_1_758' title='bbox 2331 4039 2560 4104; x_wconf 79' lang='grc' dir='ltr'>ἐκείνου,</span> <span class='ocrx_word' id='word_1_759' title='bbox 2592 4037 2681 4107; x_wconf 85' lang='grc' dir='ltr'><em>Γῆ</em></span> <span class='ocrx_word' id='word_1_760' title='bbox 2713 4034 2788 4101; x_wconf 78' lang='grc' dir='ltr'>εἴ,</span> <span class='ocrx_word' id='word_1_761' title='bbox 2805 4036 2905 4092; x_wconf 78' lang='grc' dir='ltr'><strong>καί</strong></span> <span class='ocrx_word' id='word_1_762' title='bbox 2932 4040 3021 4104; x_wconf 74' lang='grc' dir='ltr'>εἰς</span> <span class='ocrx_word' id='word_1_763' title='bbox 3054 4036 3172 4108; x_wconf 77' lang='grc' dir='ltr'><strong>γῆν</strong></span> <span class='ocrx_word' id='word_1_764' title='bbox 3197 4036 3530 4104; x_wconf 75' lang='grc' dir='ltr'>ἀπελεύσῃ,</span> <span class='ocrx_word' id='word_1_765' title='bbox 3555 4028 3719 4086; x_wconf 78' lang='grc' dir='ltr'>εἰπών’</span> 
     </span>
    </p>
   </div>
   <div class='ocr_carea' id='block_1_101' title="bbox 2185 4128 3715 4202">
    <p class='ocr_par' dir='ltr' id='par_1_101' title="bbox 2185 4128 3715 4202">
     <span class='ocr_line' id='line_1_104' title="bbox 2185 4128 3715 4202; baseline -0.007 -15"><span class='ocrx_word' id='word_1_766' title='bbox 2185 4132 2387 4193; x_wconf 82' lang='grc' dir='ltr'>πάντες</span> <span class='ocrx_word' id='word_1_767' title='bbox 2431 4131 2489 4185; x_wconf 84' lang='grc' dir='ltr'>δὲ</span> <span class='ocrx_word' id='word_1_768' title='bbox 2535 4132 2584 4186; x_wconf 76' lang='grc' dir='ltr'>οἱ</span> <span class='ocrx_word' id='word_1_769' title='bbox 2628 4132 2687 4198; x_wconf 78' lang='grc' dir='ltr'><strong>ἐξ</strong></span> <span class='ocrx_word' id='word_1_770' title='bbox 2728 4128 2894 4185; x_wconf 76' lang='grc' dir='ltr'>αὑτοῦ</span> <span class='ocrx_word' id='word_1_771' title='bbox 2935 4131 3223 4200; x_wconf 78' lang='grc' dir='ltr'>γεγονότες</span> <span class='ocrx_word' id='word_1_772' title='bbox 3275 4129 3530 4202; x_wconf 81' lang='grc' dir='ltr'>μετέσχον</span> <span class='ocrx_word' id='word_1_773' title='bbox 3575 4137 3715 4195; x_wconf 80' lang='grc' dir='ltr'>παρα-</span> 
     </span>
    </p>
   </div>
   <div class='ocr_carea' id='block_1_102' title="bbox 2183 4210 3717 4293">
    <p class='ocr_par' dir='ltr' id='par_1_102' title="bbox 2183 4210 3717 4293">
     <span class='ocr_line' id='line_1_105' title="bbox 2183 4210 3717 4293; baseline -0.007 -17"><span class='ocrx_word' id='word_1_774' title='bbox 2183 4222 2427 4292; x_wconf 84' lang='grc' dir='ltr'>πλησίως</span> <span class='ocrx_word' id='word_1_775' title='bbox 2458 4221 2651 4293; x_wconf 76' lang='grc' dir='ltr'>ἐκείνῳ</span> <span class='ocrx_word' id='word_1_776' title='bbox 2678 4219 2772 4274; x_wconf 77' lang='grc' dir='ltr'>τοῦ</span> <span class='ocrx_word' id='word_1_777' title='bbox 2814 4219 3041 4284; x_wconf 88' lang='grc' dir='ltr'>πάθους.</span> <span class='ocrx_word' id='word_1_778' title='bbox 3067 4220 3349 4291; x_wconf 86' lang='grc' dir='ltr'>Προσήκει</span> <span class='ocrx_word' id='word_1_779' title='bbox 3384 4218 3556 4272; x_wconf 85' lang='grc' dir='ltr'>τοίνυν</span> <span class='ocrx_word' id='word_1_780' title='bbox 3583 4210 3717 4286; x_wconf 79' lang='grc' dir='ltr'>μηδὲν</span> 
     </span>
    </p>
   </div>
   <div class='ocr_carea' id='block_1_103' title="bbox 2182 4299 3719 4386">
    <p class='ocr_par' dir='ltr' id='par_1_103' title="bbox 2182 4299 3719 4386">
     <span class='ocr_line' id='line_1_106' title="bbox 2182 4299 3719 4386; baseline -0.007 -17"><span class='ocrx_word' id='word_1_781' title='bbox 2182 4316 2523 4386; x_wconf 85' lang='grc' dir='ltr'>καινοτομεῖν</span> <span class='ocrx_word' id='word_1_782' title='bbox 2569 4312 2720 4386; x_wconf 79' lang='grc' dir='ltr'>παρᾶ</span> <span class='ocrx_word' id='word_1_783' title='bbox 2770 4311 2868 4384; x_wconf 82' lang='grc' dir='ltr'>τὴν</span> <span class='ocrx_word' id='word_1_784' title='bbox 2922 4310 3083 4382; x_wconf 84' lang='grc' dir='ltr'>φύσιν</span> <span class='ocrx_word' id='word_1_785' title='bbox 3129 4311 3226 4365; x_wconf 73' lang='grc' dir='ltr'>καὶ</span> <span class='ocrx_word' id='word_1_786' title='bbox 3275 4312 3402 4374; x_wconf 77' lang='grc' dir='ltr'>τοὺς</span> <span class='ocrx_word' id='word_1_787' title='bbox 3448 4310 3596 4379; x_wconf 84' lang='grc' dir='ltr'>ὄρους</span> <span class='ocrx_word' id='word_1_788' title='bbox 3640 4299 3719 4354; x_wconf 67' lang='grc' dir='ltr'>τοῦ</span> 
     </span>
    </p>
   </div>
   <div class='ocr_carea' id='block_1_104' title="bbox 2182 4395 3715 4480">
    <p class='ocr_par' dir='ltr' id='par_1_104' title="bbox 2182 4395 3715 4480">
     <span class='ocr_line' id='line_1_107' title="bbox 2182 4395 3715 4480; baseline -0.011 -18"><span class='ocrx_word' id='word_1_789' title='bbox 2182 4407 2468 4480; x_wconf 81' lang='grc' dir='ltr'>εὐεργέτου</span> <span class='ocrx_word' id='word_1_790' title='bbox 2499 4405 2598 4477; x_wconf 78' lang='grc' dir='ltr'>τῆς</span> <span class='ocrx_word' id='word_1_791' title='bbox 2630 4404 2847 4475; x_wconf 82' lang='grc' dir='ltr'>φύσεως</span> <span class='ocrx_word' id='word_1_792' title='bbox 2872 4404 3008 4475; x_wconf 71' lang='grc'><strong>(54),</strong></span> <span class='ocrx_word' id='word_1_793' title='bbox 3035 4404 3149 4457; x_wconf 78' lang='grc' dir='ltr'>ἀλλ’</span> <span class='ocrx_word' id='word_1_794' title='bbox 3183 4403 3490 4474; x_wconf 76' lang='grc' dir='ltr'>ἐμμένοντα</span> <span class='ocrx_word' id='word_1_795' title='bbox 3518 4395 3715 4454; x_wconf 84' lang='grc' dir='ltr'>τούτοις,</span> 
     </span>
    </p>
   </div>
   <div class='ocr_carea' id='block_1_105' title="bbox 2181 4483 3721 4573">
    <p class='ocr_par' dir='ltr' id='par_1_105' title="bbox 2181 4483 3721 4573">
     <span class='ocr_line' id='line_1_108' title="bbox 2181 4483 3721 4573; baseline -0.005 -20"><span class='ocrx_word' id='word_1_796' title='bbox 2181 4499 2495 4573; x_wconf 70' lang='grc' dir='ltr'>ἔμπρακτον</span> <span class='ocrx_word' id='word_1_797' title='bbox 2533 4497 2676 4568; x_wconf 71' lang='grc' dir='ltr'>ἔχειν</span> <span class='ocrx_word' id='word_1_798' title='bbox 2702 4495 2764 4549; x_wconf 82' lang='grc' dir='ltr'><strong>τὸ</strong></span> <span class='ocrx_word' id='word_1_799' title='bbox 2790 4495 2972 4567; x_wconf 82' lang='grc' dir='ltr'>σῶμα,</span> <span class='ocrx_word' id='word_1_800' title='bbox 3023 4493 3275 4566; x_wconf 79' lang='grc' dir='ltr'>μηδαμοῦ</span> <span class='ocrx_word' id='word_1_801' title='bbox 3309 4495 3431 4555; x_wconf 82' lang='grc' dir='ltr'>ταῖς</span> <span class='ocrx_word' id='word_1_802' title='bbox 3462 4483 3721 4560; x_wconf 55' lang='grc' dir='ltr'>ἀμετρίαις</span> 
     </span>
    </p>
   </div>
   <div class='ocr_carea' id='block_1_106' title="bbox 2174 4873 3710 4954">
    <p class='ocr_par' dir='ltr' id='par_1_106' title="bbox 2174 4873 3710 4954">
     <span class='ocr_line' id='line_1_109' title="bbox 2174 4873 3710 4954; baseline -0.009 -18"><span class='ocrx_word' id='word_1_803' title='bbox 2174 4898 2333 4954; x_wconf 79' lang='grc' dir='ltr'>νητον</span> <span class='ocrx_word' id='word_1_804' title='bbox 2364 4875 2500 4954; x_wconf 65' lang='grc' dir='ltr'>εἶναι</span> <span class='ocrx_word' id='word_1_805' title='bbox 2525 4879 2789 4954; x_wconf 72' lang='grc' dir='ltr'>βούλεται.</span> <span class='ocrx_word' id='word_1_806' title='bbox 2820 4875 2961 4954; x_wconf 75' lang='lat' dir='ltr'><strong>Editi</strong></span> <span class='ocrx_word' id='word_1_807' title='bbox 2985 4883 3039 4930; x_wconf 62' lang='grc' dir='ltr'>(ιι</span> <span class='ocrx_word' id='word_1_808' title='bbox 3062 4874 3196 4954; x_wconf 62' lang='lat' dir='ltr'><strong>Beg.</strong></span> <span class='ocrx_word' id='word_1_809' title='bbox 3229 4873 3425 4954; x_wconf 58' lang='lat' dir='ltr'><strong>tertius</strong></span> <span class='ocrx_word' id='word_1_810' title='bbox 3454 4879 3510 4925; x_wconf 87' lang='lat' dir='ltr'><strong>ut</strong></span> <span class='ocrx_word' id='word_1_811' title='bbox 3531 4883 3579 4954; x_wconf 55' lang='lat' dir='ltr'><strong>in</strong></span> <span class='ocrx_word' id='word_1_812' title='bbox 3598 4877 3710 4954; x_wconf 52' lang='lat' dir='ltr'><strong>c311-</strong></span> 
     </span>
    </p>
   </div>
   <div class='ocr_carea' id='block_1_107' title="bbox 2183 4938 3708 5023">
    <p class='ocr_par' dir='ltr' id='par_1_107' title="bbox 2183 4938 3708 5023">
     <span class='ocr_line' id='line_1_110' title="bbox 2183 4938 3708 5023; baseline -0.005 -22"><span class='ocrx_word' id='word_1_813' title='bbox 2183 4938 2354 5023; x_wconf 71' lang='lat' dir='ltr'><strong>tn&#39;xtu.</strong></span> <span class='ocrx_word' id='word_1_814' title='bbox 2400 4938 2611 5023; x_wconf 62' lang='lat' dir='ltr'><strong>Nec&#39;ita</strong></span> <span class='ocrx_word' id='word_1_815' title='bbox 2658 4949 2829 5023; x_wconf 78' lang='lat' dir='ltr'><strong>multo</strong></span> <span class='ocrx_word' id='word_1_816' title='bbox 2875 4938 3172 5023; x_wconf 55' lang='lat' dir='ltr'><strong>infraﬁuo&#39;</strong></span> <span class='ocrx_word' id='word_1_817' title='bbox 3193 4959 3331 5023; x_wconf 54' lang='lat' dir='ltr'><strong>mss.</strong></span> <span class='ocrx_word' id='word_1_818' title='bbox 3370 4943 3455 4995; x_wconf 83' lang='lat' dir='ltr'><strong>‘Ev</strong></span> <span class='ocrx_word' id='word_1_819' title='bbox 3494 4938 3708 5023; x_wconf 52' lang='grc' dir='ltr'>μξξγᾴξτ</span> 
     </span>
    </p>
   </div>
   <div class='ocr_carea' id='block_1_108' title="bbox 2182 5012 3709 5092">
    <p class='ocr_par' dir='ltr' id='par_1_108' title="bbox 2182 5012 3709 5092">
     <span class='ocr_line' id='line_1_111' title="bbox 2182 5012 3709 5092; baseline -0.014 -18"><span class='ocrx_word' id='word_1_820' title='bbox 2182 5022 2425 5076; x_wconf 82' lang='lat' dir='ltr'><strong>Subinde</strong></span> <span class='ocrx_word' id='word_1_821' title='bbox 2462 5019 2570 5074; x_wconf 92' lang='lat' dir='ltr'><strong>duo</strong></span> <span class='ocrx_word' id='word_1_822' title='bbox 2615 5035 2749 5074; x_wconf 82' lang='lat' dir='ltr'><strong>mss.</strong></span> <span class='ocrx_word' id='word_1_823' title='bbox 2788 5016 3112 5092; x_wconf 75' lang='grc' dir='ltr'>ἐργάζεσθαι</span> <span class='ocrx_word' id='word_1_824' title='bbox 3161 5015 3252 5068; x_wconf 78' lang='grc' dir='ltr'><strong>καὶ</strong></span> <span class='ocrx_word' id='word_1_825' title='bbox 3285 5012 3376 5066; x_wconf 77' lang='grc' dir='ltr'><strong>τὸν</strong></span> <span class='ocrx_word' id='word_1_826' title='bbox 3422 5012 3709 5081; x_wconf 83' lang='grc' dir='ltr'>παράδεισον</span> 
     </span>
    </p>
   </div>
   <div class='ocr_carea' id='block_1_109' title="bbox 2215 5108 3364 5145">
    <p class='ocr_par' dir='ltr' id='par_1_109' title="bbox 2215 5108 3364 5145">
     <span class='ocr_line' id='line_1_112' title="bbox 2215 5108 3364 5145; baseline -0.004 0"><span class='ocrx_word' id='word_1_827' title='bbox 2215 5108 2479 5145; x_wconf 72' lang='grc' dir='ltr'>υλαττειν.</span> <span class='ocrx_word' id='word_1_828' title='bbox 3359 5114 3364 5117; x_wconf 88' lang='grc'>·</span> 
     </span>
    </p>
   </div>
   <div class='ocr_carea' id='block_1_110' title="bbox 2174 5109 3548 5233">
    <p class='ocr_par' dir='ltr' id='par_1_110' title="bbox 2174 5109 3548 5233">
     <span class='ocr_line' id='line_1_113' title="bbox 2174 5109 3364 5163; baseline -0.009 -17"><span class='ocrx_word' id='word_1_829' title='bbox 2174 5109 2479 5163; x_wconf 72' lang='grc' dir='ltr'>φυλάττειν.</span> <span class='ocrx_word' id='word_1_830' title='bbox 3359 5114 3364 5117; x_wconf 93' lang='grc'><strong><em>-</em></strong></span> 
     </span>
     <span class='ocr_line' id='line_1_114' title="bbox 2245 5155 3548 5233; baseline -0.011 -16"><span class='ocrx_word' id='word_1_831' title='bbox 2245 5163 2355 5233; x_wconf 76' lang='grc'>(55)</span> <span class='ocrx_word' id='word_1_832' title='bbox 2385 5160 2607 5233; x_wconf 61' lang='grc' dir='ltr'>Υοιειθε</span> <span class='ocrx_word' id='word_1_833' title='bbox 2636 5159 2745 5214; x_wconf 90' lang='lat' dir='ltr'><strong>duo</strong></span> <span class='ocrx_word' id='word_1_834' title='bbox 2779 5156 2905 5211; x_wconf 90' lang='lat' dir='ltr'><strong>libri</strong></span> <span class='ocrx_word' id='word_1_835' title='bbox 2940 5155 3344 5233; x_wconf 54' lang='grc' dir='ltr'>γεγενημένοις.</span> <span class='ocrx_word' id='word_1_836' title='bbox 3524 5215 3548 5227; x_wconf 35' lang='grc' dir='ltr'><em>υ</em></span> 
     </span>
    </p>
   </div>
   <div class='ocr_carea' id='block_1_111' title="bbox 2243 5224 3706 5302">
    <p class='ocr_par' dir='ltr' id='par_1_111' title="bbox 2243 5224 3706 5302">
     <span class='ocr_line' id='line_1_115' title="bbox 2243 5224 3706 5302; baseline -0.016 -15"><span class='ocrx_word' id='word_1_837' title='bbox 2243 5224 2352 5302; x_wconf 66' lang='lat'><strong>{34)</strong></span> <span class='ocrx_word' id='word_1_838' title='bbox 2389 5231 2609 5302; x_wconf 9' lang='lat' dir='ltr'><strong>Editiget</strong></span> <span class='ocrx_word' id='word_1_839' title='bbox 2637 5237 2874 5299; x_wconf 86' lang='lat' dir='ltr'><strong>quatuor</strong></span> <span class='ocrx_word' id='word_1_840' title='bbox 2903 5224 3101 5283; x_wconf 84' lang='lat' dir='ltr'><strong>saltem</strong></span> <span class='ocrx_word' id='word_1_841' title='bbox 3121 5224 3253 5302; x_wconf 71' lang='lat' dir='ltr'><strong>mss.</strong></span> <span class='ocrx_word' id='word_1_842' title='bbox 3279 5224 3436 5302; x_wconf 69' lang='grc' dir='ltr'>δρους</span> <span class='ocrx_word' id='word_1_843' title='bbox 3460 5224 3550 5299; x_wconf 80' lang='grc' dir='ltr'><strong>τοῦ</strong></span> <span class='ocrx_word' id='word_1_844' title='bbox 3568 5227 3706 5302; x_wconf 44' lang='lat' dir='ltr'><strong>susp.</strong></span> 
     </span>
    </p>
   </div>
   <div class='ocr_carea' id='block_1_112' title="bbox 2171 5283 3704 5372">
    <p class='ocr_par' dir='ltr' id='par_1_112' title="bbox 2171 5283 3704 5372">
     <span class='ocr_line' id='line_1_116' title="bbox 2171 5283 3704 5372; baseline -0.013 -16"><span class='ocrx_word' id='word_1_845' title='bbox 2171 5283 2713 5372; x_wconf 49' lang='lat' dir='ltr'><strong>yéééa’cﬁ¢&quot;¢&#39;o&amp;¢.s&#39;;,</strong></span> <span class='ocrx_word' id='word_1_846' title='bbox 2735 5305 2791 5372; x_wconf 91' lang='lat' dir='ltr'><strong>e_t</strong></span> <span class='ocrx_word' id='word_1_847' title='bbox 2828 5308 3009 5372; x_wconf 79' lang='lat' dir='ltr'><strong>tamen</strong></span> <span class='ocrx_word' id='word_1_848' title='bbox 3034 5283 3436 5372; x_wconf 68' lang='lat' dir='ltr'><strong>eruditissimus</strong></span> <span class='ocrx_word' id='word_1_849' title='bbox 3462 5290 3541 5342; x_wconf 88' lang='lat' dir='ltr'><strong>vir</strong></span> <span class='ocrx_word' id='word_1_850' title='bbox 3567 5283 3704 5372; x_wconf 53' lang='lat' dir='ltr'><strong>Gott}:</strong></span> 
     </span>
    </p>
   </div>
   <div class='ocr_carea' id='block_1_113' title="bbox 2171 5361 3721 5441">
    <p class='ocr_par' dir='ltr' id='par_1_113' title="bbox 2171 5361 3721 5441">
     <span class='ocr_line' id='line_1_117' title="bbox 2171 5361 3721 5441; baseline -0.013 -16"><span class='ocrx_word' id='word_1_851' title='bbox 2171 5361 2542 5441; x_wconf 30' lang='lat' dir='ltr'><strong>helisius&#39;vpro</strong></span> <span class='ocrx_word' id='word_1_852' title='bbox 2586 5361 2876 5441; x_wconf 77' lang='grc' dir='ltr'>εὐεργέτου</span> <span class='ocrx_word' id='word_1_853' title='bbox 2921 5366 3206 5441; x_wconf 75' lang='lat' dir='ltr'><strong>legendum</strong></span> <span class='ocrx_word' id='word_1_854' title='bbox 3251 5361 3721 5441; x_wconf 53' lang='grc' dir='ltr'>ιιιιεύεργετικοιιη-</span> 
     </span>
    </p>
   </div>
   <div class='ocr_carea' id='block_1_114' title="bbox 2171 5419 3696 5513">
    <p class='ocr_par' dir='ltr' id='par_1_114' title="bbox 2171 5419 3696 5513">
     <span class='ocr_line' id='line_1_118' title="bbox 2171 5419 3696 5513; baseline -0.007 -17"><span class='ocrx_word' id='word_1_855' title='bbox 2171 5419 2549 5513; x_wconf 55' lang='grc' dir='ltr'><strong>ῖίῦἓῆὶίῐοὲιίιῇ</strong></span> <span class='ocrx_word' id='word_1_856' title='bbox 2581 5419 2740 5513; x_wconf 49' lang='lat'><strong>1152&#39;</strong></span> <span class='ocrx_word' id='word_1_857' title='bbox 2763 5419 2836 5492; x_wconf 78' lang='lat' dir='ltr'><strong>se</strong></span> <span class='ocrx_word' id='word_1_858' title='bbox 2856 5419 3203 5492; x_wconf 54' lang='lat' dir='ltr'><strong>emendatum</strong></span> <span class='ocrx_word' id='word_1_859' title='bbox 3229 5432 3391 5513; x_wconf 77' lang='lat' dir='ltr'><strong>vertit</strong></span> <span class='ocrx_word' id='word_1_860' title='bbox 3417 5419 3514 5513; x_wconf 66' lang='lat' dir='ltr'><strong>hoc</strong></span> <span class='ocrx_word' id='word_1_861' title='bbox 3534 5419 3696 5513; x_wconf 41' lang='lat' dir='ltr'><strong>utili?!</strong></span> 
     </span>
    </p>
   </div>
   <div class='ocr_carea' id='block_1_115' title="bbox 2170 5501 3698 5581">
    <p class='ocr_par' dir='ltr' id='par_1_115' title="bbox 2170 5501 3698 5581">
     <span class='ocr_line' id='line_1_119' title="bbox 2170 5501 3698 5581; baseline -0.013 -15"><span class='ocrx_word' id='word_1_862' title='bbox 2170 5501 2372 5581; x_wconf 70' lang='lat' dir='ltr'><strong>dliquid</strong></span> <span class='ocrx_word' id='word_1_863' title='bbox 2416 5511 2593 5565; x_wconf 78' lang='lat' dir='ltr'><strong>moliri</strong></span> <span class='ocrx_word' id='word_1_864' title='bbox 2614 5517 2815 5581; x_wconf 57' lang='lat' dir='ltr'><strong>prium</strong></span> <span class='ocrx_word' id='word_1_865' title='bbox 2845 5515 3114 5581; x_wconf 71' lang='lat' dir='ltr'><strong>naturam,</strong></span> <span class='ocrx_word' id='word_1_866' title='bbox 3142 5515 3192 5560; x_wconf 80' lang='lat' dir='ltr'><strong>et</strong></span> <span class='ocrx_word' id='word_1_867' title='bbox 3235 5501 3377 5581; x_wconf 68' lang='lat' dir='ltr'><strong>ultrq</strong></span> <span class='ocrx_word' id='word_1_868' title='bbox 3421 5503 3698 5581; x_wconf 36' lang='lat' dir='ltr'><strong>naturis}?</strong></span> 
     </span>
    </p>
   </div>
   <div class='ocr_carea' id='block_1_116' title="bbox 2169 5571 3699 5652">
    <p class='ocr_par' dir='ltr' id='par_1_116' title="bbox 2169 5571 3699 5652">
     <span class='ocr_line' id='line_1_120' title="bbox 2169 5571 3699 5652; baseline -0.013 -16"><span class='ocrx_word' id='word_1_869' title='bbox 2169 5571 2358 5652; x_wconf 58' lang='lat' dir='ltr'><strong>agam</strong></span> <span class='ocrx_word' id='word_1_870' title='bbox 2386 5581 2586 5637; x_wconf 82' lang='lat' dir='ltr'><strong>modos.</strong></span> <span class='ocrx_word' id='word_1_871' title='bbox 2612 5571 2758 5637; x_wconf 81' lang='lat' dir='ltr'><strong>Nihil</strong></span> <span class='ocrx_word' id='word_1_872' title='bbox 2787 5578 2843 5633; x_wconf 88' lang='lat' dir='ltr'><strong>in</strong></span> <span class='ocrx_word' id='word_1_873' title='bbox 2886 5571 3121 5649; x_wconf 84' lang='lat' dir='ltr'><strong>vulgatis</strong></span> <span class='ocrx_word' id='word_1_874' title='bbox 3154 5571 3468 5632; x_wconf 87' lang='lat' dir='ltr'><strong>mutandum</strong></span> <span class='ocrx_word' id='word_1_875' title='bbox 3512 5573 3699 5621; x_wconf 76' lang='lat' dir='ltr'><strong>censui-</strong></span> 
     </span>
    </p>
   </div>
   <div class='ocr_carea' id='block_1_117' title="bbox 2169 5669 2309 5708">
    <p class='ocr_par' dir='ltr' id='par_1_117' title="bbox 2169 5669 2309 5708">
     <span class='ocr_line' id='line_1_121' title="bbox 2169 5669 2309 5708; baseline 0 0"><span class='ocrx_word' id='word_1_876' title='bbox 2169 5669 2309 5708; x_wconf 79' lang='lat' dir='ltr'><strong>nius.</strong></span> 
     </span>
    </p>
   </div>
   <div class='ocr_carea' id='block_1_118' title="bbox 2290 5932 2435 5961">
    <p class='ocr_par' dir='ltr' id='par_1_118' title="bbox 2290 5932 2435 5961">
     <span class='ocr_line' id='line_1_122' title="bbox 2290 5932 2435 5961; baseline 0 -18"><span class='ocrx_word' id='word_1_877' title='bbox 2290 5932 2435 5961; x_wconf 43' lang='grc' dir='ltr'><strong>βίη</strong></span> 
     </span>
    </p>
   </div>
   <div class='ocr_carea' id='block_1_119' title="bbox 3917 262 3920 904">
    <p class='ocr_par' dir='ltr' id='par_1_119' title="bbox 3917 772 3919 904">
     <span class='ocr_line' id='line_1_123' title="bbox 3917 772 3919 904; baseline 0 0"><span class='ocrx_word' id='word_1_878' title='bbox 3917 772 3919 904; x_wconf 54' lang='grc' dir='ltr'><em>Ν</em></span> 
     </span>
    </p>
   </div>
  </div>
