4018 6226
254 369 395 426 1349
418 410 419 413 η
1343 361 1942 420 CONSTITUTIONES
1982 360 2421 418 MONASTICAS.
3369 363 3505 419 1550
3532 388 3535 395 λ

254 489 687 561 παραλυόμενον.
703 486 871 541 Τοῦτο
897 488 1025 559 γὰρ,
1053 482 1228 558 οἶμαι,
1256 486 1483 557 ἀρίστης
1513 485 1821 555 οἰκονομίας

1948 483 2249 538 :alamitatis
2280 482 2575 553 participes
2604 482 2889 537 exstitere.
2924 479 3194 537 Convenit
3218 481 3386 552 igitur
3430 483 3506 536 ni-

254 582 396 645 ὲστὶ,
414 580 477 634 τὸ
500 581 613 645 τοῖς
642 579 917 651 κειμένοις
943 577 1359 633 κατακολουθεῖν
1382 579 1550 649 ὅροις.

1948 577 2016 631 hil
2063 577 2326 630 innovare
2376 585 2573 646 praeter
2620 582 2868 629 naturam
2915 576 3329 645 terminosque,
3368 588 3505 643 quos

256 676 353 745 qui
400 685 613 731 naturae
638 676 941 730 commodis
967 675 1244 738 consulit,
1270 674 1621 744 praescrihit:
1677 673 1769 728 sed
1839 674 1892 727 in
1935 674 2021 727 his
2063 673 2383 737 immorari,
2430 688 2740 743 corpusque
2785 672 2851 724 ad
2903 674 3169 742 agendum
3216 679 3463 742 paratum
3489 711 3503 737 ,

258 785 535 832 nusquam
563 787 692 827 vero
722 787 819 842 per
846 770 1357 825 immoderationem
1399 771 1703 825 resolutum
1752 770 1974 825 habere.
2036 769 2162 824 Hmc
2192 777 2276 825 est
2326 770 2506 835 enim,
2556 784 2677 824 meo
2734 769 2952 839 quidem
2989 769 3197 839 judicio
3224 810 3238 834 ,
3300 769 3506 839 optima

260 867 457 936 agendi
481 868 624 923 ratio
645 904 658 928 ,
706 874 941 923 statutos
970 866 1172 922 limites
1203 882 1442 922 servare.

334 987 387 1041 2.
420 988 629 1047 ’Ἄλλως
648 1005 707 1040 τε
729 989 823 1041 καὶ
850 991 913 1041 ὲκ
943 988 1202 1042 πλειόνων
1232 987 1545 1060 μαρτυριῶν
1564 988 1661 1057 τῆς
1683 986 1831 1051 Θείας

265 1077 486 1148 Γραφῆς
517 1075 711 1147 ἔχομεν
737 1077 800 1130 ἂν
833 1077 944 1147 (55)
976 1078 1243 1147 συστῆσαι
1276 1078 1365 1130 τὸν
1398 1076 1574 1144 λόγον.
1626 1075 1687 1128 Ἦ
1724 1076 1831 1147 γὰρ

263 1169 386 1223 θεία
417 1168 606 1239 Γραφὴ
651 1168 981 1239 ἐργάζεσθαι
1034 1167 1133 1238 μὲν
1172 1167 1403 1231 κελεύει,
1434 1168 1526 1221 καὶ
1566 1165 1833 1219 κινεῖσθαι

262 1259 342 1330 τῷ
388 1257 627 1328 σώματι,
669 1259 763 1311 καὶ
828 1258 1026 1328 μᾶλλον
1078 1257 1278 1329 ἐτέρων
1330 1257 1633 1328 ὑπερείδειν
1670 1256 1831 1309 ἀσθέ-

262 1367 413 1404 νειαν
445 1348 576 1420 (56),
607 1348 640 1418 ἢ
675 1349 772 1418 τῆς
809 1350 937 1418 παρ’
962 1347 1162 1419 ἐτέρων
1199 1348 1406 1401 δεῖσθαι
1427 1348 1608 1418 χειρός
1627 1363 1640 1377 ο
1669 1364 1836 1399 κατα-

268 1441 552 1512 μαραίνειν
574 1439 628 1491 δὲ
651 1438 808 1492 τοῦτο
830 1440 923 1491 καὶ
942 1439 1239 1511 παραλύειν
1258 1440 1378 1502 ταῖς
1394 1438 1649 1509 ἀμέτροις
1677 1439 1836 1508 ἐκτή-

266 1531 414 1597 ξεσιν
455 1530 723 1601 οὐδαμῶς.
772 1531 881 1584 Καὶ
914 1530 1102 1583 τούτου
1147 1529 1584 1596 ἀξιοπιστότατόν
1612 1529 1721 1600 (57)
1754 1546 1835 1581 σοι

265 1622 574 1693 παρέξομαι
627 1622 874 1691 μάρτυρα
918 1621 1007 1674 τὸν
1046 1621 1197 1690 ἆγιον
1237 1618 1466 1685 Παῦλον,
1504 1618 1580 1690 πὴ
1621 1619 1717 1689 μὲν
1752 1617 1837 1670 λέ-

264 1730 463 1767 νοντα·
499 1711 821 1779 Ἀκούομέν
841 1728 1010 1777 τινας
1046 1712 1114 1765 ἐν
1142 1712 1281 1781 ὑμῖν
1302 1711 1568 1777 ἀτάκτως
1598 1725 1840 1793 περιπα-

2005 982 2059 1035 2.
2116 979 2386 1035 Caeterum
2453 978 2727 1047 possimus
2779 978 2941 1031 etiam
3002 978 3249 1048 pluribus
3310 982 3508 1038 divina:

1937 1071 2237 1141 Scripturae
2284 1070 2613 1125 testimoniis
2656 1076 2905 1123 nostrum
2957 1084 3262 1125 sermonem
3310 1076 3509 1128 conlirc

1935 1181 2105 1220 mare.
2158 1165 2350 1218 Divina
2402 1180 2635 1235 namque
2677 1163 2961 1233 Scriptura
2993 1167 3207 1233 Operari
3236 1166 3412 1237 jubet,
3456 1176 3512 1224 et

1935 1272 2163 1328 corpore
2195 1257 2421 1321 moveri,
2452 1264 2506 1311 et
2530 1255 2712 1326 potius
2755 1255 2987 1309 aliorum
3019 1254 3214 1312 fulcire
3247 1258 3507 1313 debilita-

1938 1356 2069 1414 tem,
2107 1364 2268 1419 quam
2322 1348 2547 1404 alterius
2593 1364 2757 1402 manu
2796 1346 3079 1417 indigere:
3110 1357 3165 1402 at
3209 1350 3341 1404 illud
3385 1352 3512 1408 tabe

1940 1439 2229 1494 absumere
2276 1448 2329 1493 et
2375 1438 2685 1492 immodicis
2737 1437 3178 1493 aﬂlictationibus
3220 1456 3507 1505 enervare,

1942 1544 2051 1581 non
2093 1528 2242 1583 item.
2284 1527 2462 1597 Atque
2511 1527 2674 1596 hujus
2724 1528 2803 1581 rei
2853 1534 3044 1582 testem
3098 1527 3201 1582 ﬁde
3261 1514 3533 1597 dignissi-V

1942 1634 2093 1673 mum
2141 1618 2237 1671 tibi
2268 1617 2533 1671 adducam
2579 1628 2827 1671 sanctum
2864 1615 3115 1681 Paulum,
3164 1616 3257 1687 qui
3306 1618 3509 1674 alicubi

1944 1708 2165 1777 quidem
2196 1708 2328 1762 dicit
2356 1727 2368 1762 :
2397 1708 2654 1761 Audimus
2687 1708 2940 1778 quosdam
2966 1710 3098 1761 inter
3123 1725 3209 1762 vos
3240 1710 3512 1764 ambulare

265 1803 541 1867 τοῦντας,
592 1801 785 1872 μηδὲν
830 1803 1281 1872 ἐργαζομένους’
1335 1804 1427 1857 κα)¹
1484 1804 1581 1874 τήν
1640 1803 1837 1874 ἀργίαν

1948 1801 2260 1863 inordinate,
2295 1799 2427 1853 nihil
2463 1809 2733 1866 operantes
2760 1799 2822 1851 ¹⁰.
2861 1798 3000 1864 Quin
3031 1809 3085 1854 et
3119 1801 3395 1867 inertiam,
3428 1819 3514 1857 0r-

266 1895 493 1958 ἁταξίαν
543 1894 994 1965 ἀποφηνάμενονο
1038 1897 1158 1948 Οὐκ
1214 1893 1637 1963 ἠτακτήσαμεν
1696 1893 1833 1965 γὰρ,

269 1975 454 2056 φησὶν,
472 1987 541 2039 ἐν
565 1986 726 2055 ὑμῖν,
751 1986 892 2039 οὐδὲ
919 1985 1142 2053 δωρεὰν
1157 1986 1337 2053 ἄρτον
1357 1985 1654 2056 ἐφάγομεν
1681 1984 1839 2053 παρά

265 2095 450 2143 τινος,
472 2078 608 2132 ἀλλ’
633 2078 702 2130 ἐν
722 2077 886 2141 κόπῳ
916 2076 1014 2130 καὶ
1038 2078 1239 2146 μόχθῳ
1253 2077 1472 2143 νυκτὸς
1494 2078 1591 2131 καὶ
1618 2078 1839 2147 ἡμέρας

266 2165 639 2236 ἐργαζόμενοι
659 2181 672 2193 ·
697 2165 869 2218 καὶτὸ
897 2166 1084 2219 τούτου
1108 2167 1266 2221 πλέον
1290 2167 1398 2237 (58)
1415 2185 1428 2198 °
1457 2168 1589 2234 Ταῖς
1610 2169 1839 2237 χρείαις

265 2275 385 2325 μου
407 2256 507 2311 καὶ
532 2256 656 2323 τοῖς
677 2253 819 2312 οὖσι
842 2258 968 2327 μετ’
989 2257 1136 2327 ἐμοῦ
1160 2259 1550 2327 ὑπηρέτησαν
1573 2263 1630 2313 αἱ
1647 2259 1839 2329 χεῖρες

268 2345 476 2404 αὖται’
507 2348 734 2419 ἑτέρωθι
780 2350 836 2401 δὲ
863 2350 1021 2402 πάλιν
1045 2364 1058 2376 ·
1084 2350 1206 2403 Ἵνα
1251 2349 1639 2420 ἐργαζόμενοι,
1674 2353 1837 2422 φησι,

270 2439 379 2491 τὸν
393 2438 621 2493 ἑαυτῶν
634 2438 814 2508 ἄρτον
835 2441 1083 2493 ἐσθίωσι
1102 2456 1115 2468 ·
1144 2440 1236 2493 καὶ
1253 2440 1412 2494 πάλιν
1434 2440 1641 2495 ἄλλοθι·
1680 2442 1844 2495 Ἡσυ-

269 2529 489 2598 χάζειν,
520 2528 617 2583 καί
650 2528 929 2597 πράττειν
952 2531 1024 2584 τὰ
1048 2530 1188 2595 ἴδια,
1228 2530 1327 2583 καὶ
1353 2530 1689 2601 ἐργάζεσθαι
1716 2532 1843 2600 ταῖς

270 2621 486 2689 χερσὶν
503 2619 692 2683 ὑμῶν.
730 2621 908 2690 Τύφου
934 2621 1134 2683 παντὸς
1158 2620 1267 2692 ('59)
1298 2620 1643 2692 ἀπηλλάχθαι
1677 2640 1845 2694 προσ-

270 2715 395 2782 ήκει
424 2711 513 2765 τὸν
538 2712 803 2783 ἀσκητὴν,
842 2713 936 2766 καὶ
974 2713 1075 2782 τὴν
1102 2713 1273 2782 μέσην
1311 2712 1480 2775 ὅντως
1510 2714 1604 2766 καὶ
1639 2712 1844 2783 βασιλι-

272 2802 377 2873 κὴν
408 2802 524 2856 ὁδὸν
550 2803 933 2874 πορευόμενον,
966 2803 1060 2855 ἐπὶ
1082 2802 1287 2874 θάτερα
1327 2801 1592 2874 μηδαμῶς
1627 2802 1847 2856 ἀποκλίο

272 2910 421 2947 νεινο
454 2893 595 2964 μήτε
638 2892 735 2964 τὴν
771 2894 951 2947 ἄνεσιν
984 2893 1380 2965 ἀσπαζόμενον,
1415 2896 1550 2965 μήτε
1577 2897 1642 2967 τῇ
1677 2895 1844 2966 ὑπερ-

273 2984 404 3055 ϐολῇ
446 2984 545 3054 τῆς
590 2984 911 3055 ἐγκρατείας
958 2984 1279 3056 ἀχρειοῢντα
1325 2985 1385 3039 τὸ
1432 2987 1610 3058 σῶμα.
1656 2989 1718 3041 Ei
1749 2988 1845 3058 μὲν

275 3074 385 3147 γὰρ
429 3074 593 3127 καλὸν
640 3071 707 3146 ἦν
758 3074 1048 3147 παρεῖσθαι
1100 3074 1176 3145 τῷ
1224 3074 1457 3146 σώματι,
1497 3079 1593 3131 καὶ
1634 3076 1844 3131 κεῖσθαι

1939 1890 2086 1946 dinis
2114 1889 2479 1945 desertionem
2514 1890 2889 1959 pronuntiavit
2918 1908 2929 1943 :
2970 1889 3091 1944 Non
3112 1893 3271 1956 enim,
3306 1894 3508 1963 inquit,

1940 1980 2238 2035 inordinate
2284 1981 2537 2051 gessimus
2572 1996 2665 2032 nos
2705 1979 2839 2031 inter
2887 1996 2997 2043 vos,
3030 1997 3189 2050 neque
3218 1984 3385 2051 gratis
3414 1999 3512 2045 pa-

1939 2090 2055 2127 nem
2086 2070 2520 2125 manducavimus
2553 2069 2617 2123 ab
2652 2069 2849 2139 aliqua,
2882 2070 2970 2124 sed
3000 2073 3053 2124 in
3087 2071 3285 2137 labore,
3310 2082 3359 2127 et
3383 2072 3513 2141 fati-

1942 2166 2169 2235 gatione,
2207 2171 2352 2217 nocte
2383 2172 2431 2217 et
2457 2162 2541 2216 die
2571 2170 2841 2231 operantes
2867 2163 2930 2216 ¹¹.
2960 2162 3024 2216 Et
3050 2163 3193 2232 quod
3222 2164 3327 2218 hoc
3347 2166 3511 2220 etiam
3588 2208 3591 2211 .

1945 2254 2122 2323 majus
2164 2259 2249 2307 est
2280 2272 2293 2305 :
2322 2251 2402 2304 Ad
2434 2268 2494 2304 ea
2535 2267 2650 2320 qua:
2688 2251 2815 2304 mihi
2849 2267 2975 2319 opus
3017 2265 3188 2314 erant,
3234 2263 3281 2305 et
3315 2252 3394 2306 Itis
3422 2254 3513 2323 qui

1944 2361 2141 2398 mecum
2180 2351 2320 2406 sunt,
2356 2343 2786 2421 ministraverunt
2812 2360 2996 2395 manus
3022 2342 3401 2413 δήθὶδιιεη.
3434 2348 3509 2397 At:

1944 2437 2141 2491 iterum
2186 2435 2293 2487 alio
2344 2435 2399 2488 in
2448 2435 2611 2487 loco.
2650 2432 2717 2485 Ut
2766 2444 3059 2502 operantes,
3110 2434 3311 2503 inquit,
3356 2451 3513 2488 suum

1941 2543 2127 2595 panem
2161 2525 2474 2579 manducent
2499 2526 2562 2578 ¹³.
2602 2524 2666 2578 Et
2697 2541 2892 2580 rursus
2933 2525 3064 2579 alibi
3098 2544 3110 2579 :
3146 2523 3214 2578 Ut
3241 2527 3401 2597 quieti
3438 2527 3515 2580 si-

1946 2619 2036 2679 tis,
2081 2626 2128 2669 et
2155 2627 2207 2669 ut
2237 2626 2460 2670 vestrum
2485 2617 2747 2685 negotium
2783 2616 2978 2685 agatis,
3009 2625 3057 2669 et
3086 2616 3366 2684 operemini
3394 2633 3513 2670 ma-

1945 2710 2097 2763 nibus
2126 2708 2306 2762 vestris
2332 2707 2394 2762 ιδ.
2428 2707 2653 2777 Oportet
2699 2715 2939 2762 ascetam
2986 2707 3054 2761 ab
3099 2707 3248 2761 omni
3277 2706 3421 2763 fastu
3457 2708 3518 2763 li-

1944 2802 2133 2857 berum
2175 2815 2318 2865 esse,
2353 2806 2407 2854 et
2444 2799 2588 2853 viam
2616 2814 2743 2853 vere
2782 2799 3017 2854 mediam
3063 2806 3117 2853 et
3150 2798 3354 2870 regiam
3386 2816 3495 2856 eun

1949 2900 2078 2958 tem,
2129 2906 2409 2960 nunquam
2468 2888 2536 2943 ad
2582 2889 2899 2943 alterutram
2948 2896 3159 2959 partem
3206 2889 3513 2959 declinare;

1948 2999 2125 3054 neque
2168 2982 2367 3037 dedere
2421 2999 2480 3037 se
2520 2981 2790 3047 mollitiei,
2826 2997 3006 3053 neque
3034 2997 3130 3052 per
3174 2982 3517 3039 abstinentia

1948 3076 2455 3132 immoderationem
2492 3091 2692 3145 corpus
2727 3075 2921 3129 inutile
2951 3074 3198 3129 reddere.
3231 3072 3444 3131 Etenim
3469 3084 3517 3133 εἰ

272 3139 466 3235 νεκρὸν
486 3139 745 3238 ἔμπνουν,
773 3139 1045 3232 τοιούτους
1078 3139 1391 3232 πάντως-ἂν
1412 3139 1520 3240 (40)
1543 3171 1690 3240 ἡμᾶς
1715 3187 1844 3223 κατ-

1955 3168 2158 3222 bonum
2203 3174 2350 3223 esset
2397 3167 2681 3241 hominem
2731 3182 2961 3237 corpore
2994 3165 3228 3221 fractum
3271 3182 3416 3232 esse,
3465 3174 3519 3222 et

274 3258 572 3313 εσκεύασεν
618 3259 676 3325 ἐξ
720 3259 892 3330 ἀρχῆς
936 3260 964 3312 6
1006 3259 1171 3323 Θεὸςο
1220 3261 1267 3312 εἰ
1316 3260 1371 3312 δὲ
1432 3260 1492 3313 οὐ
1547 3261 1845 3332 πεποίηκεν

273 3347 470 3412 οὕτως,
518 3348 733 3414 πάντως
782 3350 809 3403 ὅ
846 3353 898 3402 τί
935 3367 1037 3421 περ
1072 3348 1138 3403 ἂν
1181 3350 1345 3404 καλὸν
1383 3350 1542 3420 ἔγνω,
1574 3351 1730 3406 τοῦτο
1755 3353 1848 3406 καὶ

275 3442 601 3494 ἀπετέλεσεν
621 3458 634 3472 ·
662 3444 709 3495 εἰ
734 3442 790 3495 δὲ
818 3442 953 3514 ὅπερ
986 3443 1147 3496 καλὸν
1181 3439 1268 3515 ἦν,
1297 3443 1453 3497 τοῦτο
1485 3447 1632 3516 ἡμᾶς
1667 3447 1850 3519 ἀπειρ-

276 3530 502 3599 γάσατο,
538 3533 935 3604 ἁμαρτάνουσιν
968 3536 1017 3587 οί
1061 3533 1122 3587 τὸ
1152 3535 1331 3598 καλῶς
1372 3534 1615 3606 ποιηθὲν,
1661 3535 1735 3600 ὡς
1765 3534 1851 3589 έν-

277 3638 448 3691 εστιν,
472 3625 535 3678 οὺ
562 3625 938 3695 φυλάττοντες.

352 3825 405 3880 ’5.
442 3826 537 3879 Ἐν
565 3820 657 3878 οὖν
685 3826 712 3879 6
756 3825 1003 3897 ἀσκητὴς
1038 3825 1139 3895 τῆς
1176 3823 1455 3889 εὐσεϐείας
1486 3825 1770 3891 σκοπείτω,
1802 3827 1851 3880 εί

284 3919 466 3989 μήπου
505 3917 671 3972 κακία
714 3917 801 3970 διά
846 3917 1115 3989 ῥᾳθυμίας
1151 3916 1484 3985 ἐνεφώλευσε
1517 3921 1583 3988 τῇ
1608 3917 1775 3989 ψυχῇ,
1804 3920 1852 3971 εἰ

287 4027 470 4080 μήπου
494 4009 527 4079 ὴ
556 4009 714 4079 νῆψις
749 4010 842 4062 καὶ
868 4011 900 4079 ή
933 4016 1067 4080 πρὸς
1094 4009 1225 4062 Θεὸν
1250 4009 1471 4081 ἐκτενὴς
1494 4010 1592 4080 τῆς
1620 4010 1855 4073 διανοίας

281 4100 545 4163 ἀπότασις
574 4100 818 4170 ἐξελύθη,
856 4102 904 4153 εί
941 4102 1120 4171 μήπου
1148 4103 1176 4153 ὁ
1200 4101 1294 4154 τοῦ
1332 4100 1648 4171 Πνεύματος
1694 4102 1853 4170 ἁγια-

284 4192 443 4261 σμὸς,
476 4192 567 4245 καὶ
594 4188 628 4243 ό
658 4191 865 4244 ἐκεῖθεν
897 4190 1252 4260 ἐγγενόμενος
1288 4193 1353 4261 τῇ
1392 4190 1537 4261 ψυχῇ
1575 4189 1855 4261 φωτισμὺς

282 4281 609 4354 ὴμαυρώθη.
664 4282 770 4345 Ὡς,
804 4280 918 4349 εἴγε
970 4280 1038 4334 τά
1090 4282 1352 4352 εἰρημένα
1397 4282 1637 4351 ἀκμάζοι
1684 4282 1853 4346 καλὰ,

282 4374 532 4441 οὐδαμῶς
555 4374 743 4442 καιρὸν
770 4372 880 4438 ἕξει
898 4372 966 4425 τά
991 4373 1138 4443 πάθη
1168 4373 1260 4426 τοῦ
1313 4372 1559 4443 σώματος
1599 4374 1857 4440 κατεξαν-

1950 3259 2077 3314 dum
2123 3259 2361 3329 spiraret
2401 3260 2735 3328 viveretque,
2776 3266 3050 3312 mortuum
3101 3266 3280 3311 tamen
3311 3257 3518 3327 jacere,
3564 3322 3565 3325 η

1951 3353 2140 3422 utique
2183 3368 2284 3406 nos
2317 3351 2454 3405 tales
2488 3349 2630 3405 Deus
2666 3349 2732 3403 ab
2764 3349 2922 3403 initio
2970 3348 3326 3404 condidisset.
3362 3348 3518 3415 Quod

1951 3443 1997 3498 si
2038 3459 2146 3498 non
2180 3443 2253 3496 ita
2286 3442 2435 3507 fecit,
2478 3441 2702 3496 omnino
2741 3441 2888 3510 quod
2927 3441 3129 3494 bonum
3173 3456 3297 3496 esse
3344 3443 3517 3504 novit,

1952 3532 2055 3587 hoc
2081 3533 2242 3587 etiam
2256 3532 2473 3601 cliecit;
2504 3533 2589 3587 sin
2619 3538 2798 3585 autem
2824 3545 2924 3584 nos
2949 3530 3044 3594 ita,
3072 3539 3133 3584 ut
3152 3530 3353 3585 bonum
3379 3542 3518 3595 erat,

1951 3624 2215 3689 condidit,
2241 3630 2473 3694 peccant
2499 3623 2592 3693 qui
2625 3622 2770 3693 quod
2798 3622 2934 3676 bene
2973 3620 3177 3675 factum
3210 3630 3315 3690 est,
3350 3639 3523 3693 quau-

1950 3722 2069 3769 tum
2102 3714 2157 3768 in
2190 3712 2325 3784 ipsis
2349 3720 2453 3778 est,
2484 3727 2829 3784 nequaquam
2866 3718 3107 3766 servant.

2023 3828 2076 3883 '5.
2124 3825 2301 3881 Unum
2344 3826 2510 3898 igitur
2538 3825 3094 3895 consideret.pietatis
3144 3824 3342 3887 cultor,
3389 3840 3521 3878 num

1953 3919 2195 3989 pravitas
2225 3918 2406 3987 aliqua
2440 3932 2535 3987 per
2570 3916 2838 3971 incuriam
2870 3917 2925 3969 in
2957 3916 3139 3969 anima
3175 3930 3271 3970 sua
3302 3915 3524 3969 delitue-

1955 4011 2050 4072 rit,
2084 4010 2345 4065 numcubi
2379 4008 2660 4079 vigilantia
2689 4017 2743 4062 et
2769 4009 3059 4062 vehemens
3081 4007 3249 4061 animi
3272 4008 3325 4060 in
3353 4006 3524 4061 Deum

1956 4101 2187 4155 intentio
2224 4101 2587 4171 oblanguerit,
2624 4117 2753 4154 num
2784 4099 3021 4169 Spiritus
3052 4098 3435 4162 sanctiﬁcatio,
3469 4106 3523 4153 et

1956 4204 2079 4259 quae
2113 4190 2264 4243 illinc
2298 4190 2486 4243 animo
2516 4189 2724 4244 accedit
2751 4189 3067 4254 illustratio,
3108 4189 3402 4243 obscurata
3430 4189 3520 4243 sit.

1957 4278 2092 4333 Nam
2125 4280 2170 4335 si
2201 4279 2422 4350 vigeant
2463 4296 2586 4351 qua:
2617 4280 2859 4335 diximus
2890 4280 3052 4347 bona,
3097 4281 3305 4334 nullum
3353 4281 3528 4334 rebelc

1959 4370 2110 4425 landi
2153 4371 2334 4425 locum
2367 4372 2642 4426 invenient
2672 4370 2987 4426 affectiones
3028 4373 3302 4441 corporis,
3344 4373 3527 4425 animo

289 4464 557 4528 ἵστασθαι,
585 4465 683 4534 τῆς
702 4464 877 4534 ψυχῆς
898 4464 1127 4535 πρὸςτά
1156 4465 1266 4517 ἄνω
1294 4463 1403 4535 (41)
1434 4464 1845 4535 ἀσχολουμένης,

1963 4462 2017 4516 in
2053 4463 2306 4534 supernis
2353 4471 2642 4533 occupato,
2675 4464 2990 4533 nullamque
3024 4463 3239 4531 corpori
3279 4462 3527 4516 excitan-

286 4556 382 4607 καὶ
402 4555 502 4608 οὐκ
533 4556 836 4627 ἐνδιδούσης
860 4556 1049 4626 καιρὸν
1090 4554 1166 4625 τῷ
1198 4554 1409 4625 σώματι
1429 4555 1530 4625 τῆς
1562 4556 1851 4609 διαναστά-

286 4648 426 4707 σεὶως
470 4646 578 4697 τῶν
628 4644 836 4701 παθῶν.
900 4645 963 4698 Et
1008 4646 1135 4715 γὰρ,
1181 4646 1572 4716 διανοουμένων
1605 4646 1764 4717 ἡμῶν
1800 4664 1850 4699 τι

287 4732 549 4797 πολλάκις
601 4734 741 4787 κατά
795 4735 887 4789 τὸν
943 4733 1054 4802 βίον
1114 4735 1346 4806 συντόνῳ
1381 4734 1645 4805 λογισμῷ,
1698 4735 1851 4805 καὶὴ

287 4825 409 4893 ὄψις
433 4825 527 4880 καὶ
556 4828 589 4896 ἡ
624 4826 760 4897 ἀκοὴ
791 4827 1146 4899 ἀνενέργητος
1170 4826 1372 4897 ἔμεινε,
1406 4827 1499 4880 καὶ
1520 4827 1614 4896 ὅλη
1646 4827 1677 4896 ἡ
1710 4826 1855 4897 ψυχὴ

286 4914 382 4967 τοῦ
405 4916 786 4987 ἐνθυμήματος
828 4915 1027 4987 ἔχεται,
1057 4916 1430 4970 καταλιποῦσα
1452 4917 1548 4980 τὰς
1580 4917 1859 4986 αἰσθήσεις

289 5007 549 5077 ἐρήμους,
607 5007 784 5080 πολλῷ
826 5008 1023 5079 μᾶλλον
1056 5010 1104 5061 εί
1139 5010 1167 5061 ὁ
1205 5009 1344 5071 θεῖος
1382 5007 1521 5079 ἔρως
1552 5006 1853 5079 ἐνακμάζοι

364 5183 407 5214 ¹⁰
440 5182 483 5236 11
522 5181 715 5239 Thess.
760 5198 842 5249 ιιι,
876 5183 962 5239 ii.
1039 5183 1080 5215 “
1118 5182 1251 5238 ibid.
1283 5182 1337 5245 7,
1364 5182 1416 5236 8.

365 5379 475 5448 (55)
506 5378 635 5449 Reg.
668 5380 878 5449 primus
907 5378 1123 5448 ἔχοιμεν
1167 5377 1252 5432 ἄν.

354 5446 478 5519 ,(56)
508 5446 685 5519 (3οΗεᾷ
715 5449 868 5504 Colb.
907 5446 1107 5519 ἐτέρων
1136 5449 1426 5518 ὑπηρετεῖν
1450 5446 1720 5519 ἀσθενείᾳ.
1748 5446 1862 5501 Hoc

294 5521 641 5601 ipsoln‘loco
665 5518 807 5601 Reg.7
832 5518 1104 5601 secundus
1132 5519 1232 5601 τῆς
1260 5520 1458 5601 ἐτέρῶν
1492 5518 1715 5601 δεῖσθαι.

367 5588 479 5661 (57)
510 5589 731 5645 Veteres
752 5587 883 5643 Vduo
908 5590 1033 5661 libri
1079 5590 1267 5641 τούτου
1304 5587 1631 5652 ἀξιόπιστον.
1662 5587 1865 5643 Ibidem

293 5658 431 5729 Reg.
461 5658 748 5718 secundus
781 5658 1020 5730 παρέξω.
1181 5729 1186 5730 7
1226 5728 1233 5730 7
1350 5728 1390 5730 __
1487 5729 1496 5730 7
1544 5729 1548 5730 7
1748 5710 1751 5711 ν

372 5728 482 5799 (58)
521 5733 750 5789 Codices
778 5728 886 5786 duo
909 5739 1112 5783 τουτων
1139 5728 1316 5785 πλέον.
1349 5728 1503 5785 Haud
1542 5729 1697 5799 longe
1724 5744 1866 5782 unus

1499 5182 1540 5212 ¹²
1572 5182 1691 5237 Aet.
1724 5197 1814 5247 xx,
1841 5182 1929 5236 54.

1961 4555 2152 4609 darum
2201 4555 2488 4610 libidinum
2546 4555 2892 4609 occasionem
2939 4554 3232 4608 tribuente.
3286 4552 3343 4605 Si
3381 4553 3527 4606 enim

1962 4661 2106 4715 saepe
2128 4661 2252 4700 cum
2281 4662 2383 4702 nos
2412 4647 2479 4701 de
2509 4646 2785 4716 aliquibus
2826 4645 3050 4715 hujusce
3081 4646 3204 4700 vita:
3241 4644 3405 4699 rebus
3442 4645 3529 4696 in—

1960 4743 2112 4790 tento
2158 4734 2345 4789 animo
2395 4735 2726 4805 cogitamus,
2774 4742 2886 4788 tum
2942 4734 3092 4789 visus
3140 4743 3253 4787 tum
3308 4732 3529 4786 auditus

1962 4824 2166 4879 inertes
2196 4834 2521 4894 permanent
2567 4833 2621 4881 et
2654 4826 2893 4890 desides,
2929 4828 3239 4895 animaque,
3275 4825 3531 4880 sensibus

1960 4914 2080 4967 sine
2109 4913 2391 4969 iunctione
2434 4914 2733 4976 derelictis,
2791 4921 2903 4965 tota
2955 4914 3009 4965 in
3054 4913 3157 4966 hac
3204 4912 3532 4981 cogitatione
3582 4976 3586 4982 7

1960 5008 2157 5075 haeret;
2190 5007 2389 5078 potiori
2423 5006 2547 5077 jure
2574 5007 2619 5062 si
2647 5007 2878 5077 viguerit
2913 5005 2968 5059 in
3016 5005 3201 5059 animo
3231 5010 3420 5059 nostro
3448 5002 3534 5055 di-
3582 5002 3589 5008 “

2009 5182 2051 5213 ¹³
2077 5181 2116 5236 ll
2147 5181 2344 5237 Thess.
2375 5196 2455 5247 tu,
2492 5181 2581 5235 19..
2662 5181 2705 5212 ιδ
2732 5179 2747 5232 l
2778 5179 2972 5236 Thess.
3001 5196 3071 5243 iv,
3106 5180 3190 5234 Η.

1960 5392 2092 5433 mss.
2126 5376 2221 5429 καὶ
2246 5377 2404 5431 πάλιν
2433 5377 2686 5446 ἀλλαχοῦ.

2033 5446 2144 5518 (59)
2179 5446 2313 5515 Reg.
2343 5449 2616 5518 secundus
2647 5447 2825 5515 Τύφου
2857 5449 2965 5518 γὰρ
2987 5449 3202 5511 παντός.
3244 5447 3534 5515 Aliquanto

1962 5516 2368 5589 post_du_9_mss
2411 5518 2514 5589 7é‘l't‘t
2543 5516 2763 5589 Gates-Epig
2792 5516 3074 5589 μηδαμῶς.
3456 5588 3459 5589 7
3583 5526 3602 5545 λ

2035 5585 2144 5655 (40)
2177 5586 2318 5666 Editi
2352 5586 2559 5650 πάντας
2591 5585 2686 5641 ἄν(
2721 5585 2952 5643 Veteres
2973 5601 3209 5662 quatuor
3234 5590 3359 5646 libri
3392 5588 3536 5651 πάν·-

1964 5673 2090 5717 τως,
2125 5665 2350 5714 rectius.

2037 5724 2146 5797 (41)
2168 5724 2333 5784 .Unus
2360 5742 2464 5783 ms.
2497 5726 2633 5799 πρὸς
2655 5727 2715 5781 τὸ
2746 5729 2878 5785 ἄνω.
2930 5772 2936 5778 .
