4018 6226
446 282 587 340 1555

1817 267 1895 330 is.
1939 273 2183 330 BASlLll
2224 260 2438 330 MAGNI

3528 275 3642 331 1556

447 406 618 451 retur.
651 393 736 449 A'd
768 399 1075 450 extremum
1125 389 1288 447 etiam
1320 404 1420 461 pro
1467 387 1915 460 cruciﬁgentibus
1957 405 2012 445 se

2119 389 2407 462 ρωσάντων
2468 388 2629 443 αὐτὸν
2699 388 3083 459 ἀναδέχεσθαι·
3141 388 3437 462 πραότητος
3477 390 3529 444 δὲ
3562 386 3643 445 καὶ

448 487 807 559 crucifigitur.
835 483 1266 540 Mansuetudinis
1295 490 1477 538 autem
1507 490 1562 538 et
1588 482 1853 545 lenitatis,
1892 496 2019 537 cum

447 596 638 636 omnes
677 596 742 635 ex
768 576 1113 635 convenienti
1164 575 1269 631 sibi
1294 574 1630 646 benignitate
1679 573 1921 638 admisit,
1955 586 2019 628 ac

447 670 793 741 colloquendi
836 669 1067 740 praebuit
1119 666 1446 731 libertatem,
1498 679 1610 720 non
1654 665 1788 721 viris
1832 664 2018 735 probis

448 762 633 825 modo,
667 761 764 817 sed
792 761 859 816 iis
902 760 1086 822 etiam,
1120 757 1322 828 quibus
1371 757 1552 813 studia
1583 757 1896 827 turpissima
1931 754 2015 809 fa-

446 855 687 908 miliaria
727 861 884 909 erant
913 868 976 908 ac
1008 858 1292 908 consueta.
1325 850 1512 919 Itaque
1558 848 1638 905 sic
1667 856 2018 905 accesserunt

449 952 629 1000 scorta
662 958 725 999 ac
766 943 1079 1014 publicani;
1129 957 1239 997 non
1278 948 1337 995 ut
1375 940 1617 995 libidinis
1660 946 1753 994 aut
1778 940 2018 994 avaritiae

449 1035 701 1089 morbum
734 1040 1017 1105 augerent,
1041 1033 1135 1089 sed
1169 1040 1227 1085 ut
1252 1032 1593 1101 detergercnt
1619 1031 1869 1085 morbum
1899 1031 2017 1084 ani-

450 1138 568 1177 maa.
602 1122 784 1192 Neque
815 1122 987 1191 magis
1013 1118 1492 1173 confundebantur
1528 1132 1594 1172 ex
1623 1116 1878 1187 nequitia:
1903 1130 2016 1171 suae

448 1214 811 1276 conscientia,
848 1226 1009 1282 quam
1046 1211 1103 1262 in
1124 1224 1219 1279 spe
1252 1207 1473 1262 medela:
1498 1207 1849 1263 conﬁderent.
1878 1205 2015 1261 Nam

448 1304 794 1358 inveniebant
825 1300 1215 1372 experientiam
1273 1314 1368 1369 spe
1401 1300 1566 1354 etiam
1612 1299 1881 1354 altiorem.
1911 1297 2018 1351 liu-

448 1394 726 1448 manitatis
755 1408 974 1463 quoque
1003 1398 1056 1445 et
1088 1390 1497 1454 misericordia,
1531 1403 1657 1443 cum
1706 1404 1855 1444 nunc
1894 1387 2015 1458 qui-

448 1487 568 1539 dem
589 1484 731 1537 fame
760 1484 814 1537 in
845 1482 1065 1537 deserto
1093 1480 1366 1535 confectis
1387 1480 1664 1551 capiosam
1683 1494 1925 1534 mensam
1949 1495 2015 1533 ex

446 1585 692 1647 tempore
764 1577 1119 1641 construxit,
1168 1588 1371 1644 eosque
1436 1572 1725 1641 dupliciter
1781 1571 2012 1640 accepit,

447 1680 561 1724 tum
590 1684 770 1723 rerum
793 1668 1224 1723 necessariarum
1250 1667 1429 1737 copia,
1459 1673 1574 1719 tum
1607 1663 1861 1719 insolenti
1885 1678 2014 1732 sup-

2125 482 2479 552 ήμερότητος,
2514 479 2591 552 τῷ
2633 480 2837 545 πάντας
2871 480 3191 553 προσίεσθαι
3235 482 3368 553 μετά
3393 481 3483 552 τῆς
3518 483 3641 553 αὐτῷ

2125 572 2439 643 πρεπούσης
2464 573 2856 645 χρηστότητος,
2900 572 2999 626 καὶ
3053 571 3252 644 θάρσος
3293 570 3491 642 ὁμιλίας
3532 590 3647 643 παρ-

2126 662 2268 733 έχειν
2291 664 2351 716 οὐ
2384 666 2497 727 τοῖς
2544 664 2849 727 σπουδαίοις
2876 664 2983 717 τῶν
3008 663 3307 738 ἀνθρώπων
3349 663 3512 735 μόνον,
3548 663 3643 717 ἀλλ’

2124 755 2223 826 ἤδη
2248 757 2356 837 καὶ.
2382 749 2462 819 οἷς
2485 755 2553 808 τὰ
2580 756 2835 826 αἴσχιστα
2868 756 3205 828 ἐπιτηδεύειν
3236 756 3381 827 φίλον
3418 757 3503 811 καὶ
3545 756 3650 809 σύν-

2124 847 2271 917 ηθες.
2309 847 2462 902 Οὕτω
2487 848 2615 918 γοῦν
2649 851 2843 921 πόρναι
2870 850 2964 904 καλ⁸
2993 849 3221 903 τελῶναι
3254 848 3543 922 προσίεσαν,
3567 850 3650 919 οὐχ

2124 935 2208 987 ἴνα
2235 937 2295 988 τὺ
2321 936 2531 1008 νόσημα
2562 940 2660 1008 τῆς
2693 938 2947 1008 λαγνείας
2985 939 3017 1010 ἢ
3046 938 3148 1009 τῆς
3178 938 3289 1010 (55)
3328 938 3651 1009 φιλαργυρίας

2123 1027 2449 1099 αύξήσωσιν,
2497 1029 2609 1082 ἀλλ’
2664 1031 2752 1084 ἶνα
2790 1031 2850 1084 τὸ
2894 1030 3110 1100 νόσημα
3131 1031 3228 1101 τῆς
3252 1029 3421 1101 ψυχῆς
3450 1031 3648 1099 ἀποτρίο

2121 1118 2347 1189 ψωνται.
2379 1122 2490 1174 Καὶ
2512 1122 2571 1174 οὐ
2615 1122 2935 1175 κατεδύοντο
2962 1122 3160 1192 μᾶλλον
3189 1122 3265 1193 τῷ
3295 1122 3538 1175 συνειδότι
3567 1123 3650 1191 τῆς

2123 1211 2460 1282 πονηρίας,ἢ
2493 1211 2758 1284 ἐθάρρουν
2791 1215 2858 1284 τῇ
2891 1212 3067 1265 ἐλπίδι
3103 1212 3205 1283 τῆς
3235 1212 3530 1286 θεραπείας.
3566 1211 3652 1264 Ei;-

2124 1317 2308 1371 ρισκον
2340 1300 2447 1372 γὰρ
2481 1304 2573 1355 καὶ
2598 1303 2696 1373 τὴν
2726 1304 2918 1374 πεῖραν
2951 1303 3047 1372 τῆς
3074 1303 3284 1366 ἐλπίδος
3328 1302 3651 1373 ὑψηλοτέραν.

2122 1389 2231 1460 Τῆς
2290 1388 2345 1441 δὲ
2374 1389 2785 1460 φιλανθρωπίας
2822 1391 2913 1443 καὶ
2948 1389 3049 1459 τῆς
3080 1389 3467 1458 εὐσπλαγχνίας
3510 1384 3652 1439 αὐτοῦ

2120 1480 2241 1532 τίνα
2287 1479 2354 1533 τά
2395 1479 2805 1549 ὑποδείγματα;
2835 1479 2995 1549 ’Δρτι
3042 1479 3139 1549 μὲν
3170 1480 3227 1531 ἐν
3265 1480 3330 1549 τῇ
3362 1477 3539 1548 ἐρήμῳ
3559 1477 3655 1536 τοῖς

2122 1569 2226 1623 ὑπὸ
2280 1570 2484 1634 ἐνδείας
2534 1570 2879 1641 ὲκλυομένοις
2929 1570 3210 1641 τράπεζαν
3262 1568 3421 1621 αὑτὸν
3472 1565 3656 1637 σχεδιά-

2122 1661 2233 1724 ζειν
2289 1662 2399 1733 (56)
2462 1662 2788 1733 ἀμφιλαφῆ,
2848 1660 3008 1732 διπλῇ
3058 1661 3415 1731 δεξιούμενον,
3477 1657 3549 1728 τῷ
3605 1674 3658 1709 τε

448 1762 724 1831 peditandi
755 1760 915 1815 modo
942 1760 1010 1827 ²¹;
1040 1776 1187 1815 nunc
1210 1775 1365 1822 vero,
1396 1773 1519 1813 cum
1557 1758 1815 1811 misertus
1831 1763 1914 1809 est
1939 1755 2012 1824 ja-

2123 1752 2336 1824 ἀφθόνῳ
2368 1754 2467 1824 τῆς
2501 1753 2690 1823 χρείας
2727 1752 2820 1806 καὶ
2851 1753 2929 1824 τῷ
2951 1754 3233 1825 παραδόξῳ
3260 1752 3352 1805 τοῦ
3376 1749 3656 1823 πορισμοῦ·

422 1836 708 1915 centium,
735 1852 881 1922 quod
907 1851 1145 1920 dispersi
1168 1857 1421 1907 cssentet
1441 1848 1690 1918 dissipati
1717 1846 1862 1901 velut
1885 1860 2017 1900 oves

446 1953 666 2015 pastore
694 1952 941 1999 carentes
959 1946 1026 2006 ",
1060 1951 1114 1998 et
1140 1958 1265 1998 cum
1295 1943 1511 1997 sanavit
1537 1953 1831 2010 corporeas
1863 1937 2017 1991 inﬁr-

447 2035 684 2096 mitates,
719 2042 773 2087 et
797 2034 986 2087 vitiata
1020 2049 1083 2087 ac
1119 2033 1367 2087 mutilata
1394 2031 1639 2086 membra
1670 2028 2016 2098 redintegra-

440 2125 542 2188 vit,
573 2126 827 2195 itemque,
860 2123 1076 2193 quando
1102 2132 1154 2178 et
1185 2124 1351 2178 animi
1391 2122 1634 2187 morbos,
1676 2130 1732 2177 et
1771 2120 2017 2175 indissoo

443 2215 633 2269 lubilia
672 2223 1018 2286 peccatorum
1057 2215 1295 2281 vincula,
1330 2223 1381 2269 et
1414 2214 1776 2269 violentarum
1808 2212 2016 2282 pactio-

440 2321 575 2359 num
599 2306 987 2376 obligationes,
1011 2320 1149 2375 quas
1172 2319 1296 2359 cum
1320 2304 1765 2374 diabolopeccati
1790 2310 2019 2373 parente

443 2404 919 2459 contraxeramus,
962 2397 1232 2451 dissolvit.
1282 2394 1499 2461 Quanta
1544 2403 1724 2449 autem
1771 2394 2018 2449 exhibuit

444 2488 771 2543 hunilitatis
799 2488 1079 2557 exempla?
1108 2487 1323 2544 Etenim
1372 2502 1482 2540 non
1511 2500 1675 2540 carne
1719 2486 1898 2540 solum
1933 2486 2016 2540 il-

442 2579 573 2645 dui,
629 2578 724 2634 sed
776 2587 1062 2649 parentum
1124 2579 1330 2642 etiam,
1383 2591 1482 2646 pro
1528 2576 1780 2645 praesenti
1824 2590 2014 2629 eorum

445 2678 615 2734 statu,
650 2670 935 2724 lnunilium
982 2669 1179 2739 partim
1230 2668 1347 2723 ﬁeri
1402 2667 1565 2733 ﬁlius,
1597 2665 1793 2735 partim
1834 2665 2016 2736 putari

443 2762 614 2817 voluit
643 2779 658 2827 ;
696 2761 807 2816 ﬁeri
848 2760 1089 2830 quidem,
1134 2760 1324 2814 matris
1358 2777 1372 2812 :
1404 2758 1583 2827 putari
1616 2766 1818 2822 autem,
1845 2757 2013 2821 illius,

443 2853 537 2923 qui
577 2860 731 2921 pater
761 2858 845 2906 est
894 2852 1195 2922 appellatus
1230 2850 1297 2902 ³³.
1336 2849 1477 2914 Quot
1508 2849 1849 2918 prudentiae?
1890 2863 2015 2903 cum

442 2943 608 2997 modo
634 2940 985 3004 Sadducaeos,
1019 2940 1112 3011 qui
1144 2939 1379 3009 quodam
1411 2946 1619 3009 septem
1644 2936 1875 2992 fratrum
1904 2938 2014 2990 vita

442 3037 767 3091 functorum
821 3034 988 3088 unius
1037 3043 1093 3087 et
1153 3029 1400 3101 ejusdem
1453 3024 1640 3084 uxoris
1690 3028 2010 3083 maritorum

442 3132 757 3180 commento
818 3121 1277 3178 resurrectionem
1332 3119 1564 3174 irridere
1630 3119 2010 3186 conabantur,

439 3215 700 3271 refutavit
721 3216 801 3282 “;
833 3213 994 3268 modo
1016 3212 1411 3266 Pharisaeorum
1434 3209 1731 3280 discipulos
1756 3225 1864 3264 una
1886 3226 2013 3265 cum

440 3307 768 3363 Herodianis
810 3306 1016 3376 pudore
1050 3304 1250 3368 affecit,
1300 3302 1395 3362 ubi
1427 3302 1652 3372 ancipiti
1695 3302 1798 3357 bac
1832 3310 1886 3357 et
1917 3317 2011 3356 ca-

438 3397 621 3469 ptiosa
652 3398 951 3467 quaestione
982 3395 1297 3466 praposita:
1331 3392 1475 3447 Num
1501 3391 1702 3448 Cwsari
1726 3393 1853 3455 dare
1893 3410 2013 3447 con-

440 3506 560 3544 sum
598 3498 816 3558 oportet,
864 3505 932 3541 an
975 3503 1078 3541 non
1098 3487 1167 3552 ”,
1228 3485 1540 3555 ambiguum
1582 3499 1893 3556 ancepsque
1932 3500 2014 3541 re-

442 3596 708 3650 sponsum
739 3589 1087 3647 acceperunt,
1118 3574 1262 3647 quod
1293 3591 1416 3631 cum
1438 3591 1549 3630 non
1578 3575 1717 3642 dari,
1741 3575 1835 3630 sed
1857 3574 2012 3630 reddi

440 3673 778 3743 praciperet,
824 3679 1036 3741 poterat
1081 3677 1315 3739 utraque
1354 3676 1513 3739 parte
1558 3669 1775 3724 illorum
1822 3683 2013 3724 amen~

439 3762 574 3815 tiam
603 3776 873 3817 resecare.
918 3759 1137 3814 Reddite
1165 3759 1335 3824 enim,
1370 3758 1567 3828 inquit,
1592 3775 1709 3828 qua:
1739 3767 1860 3812 sunt
1892 3756 2008 3813 C(2-

436 3854 604 3920 saris,
644 3851 911 3907 Casari"
938 3871 949 3904 :
980 3850 1214 3906 Caesaris
1243 3850 1387 3904 enim
1423 3858 1542 3905 erat
1588 3850 1880 3913 numisma,
1913 3864 2011 3903 cu-

432 3946 528 4014 jus
560 3946 848 4015 imaginem
878 3959 941 3997 ac
977 3944 1395 4012 inscriptionem
1420 3941 1653 3997 ferebat.

508 4037 559 4091 6.
607 4036 669 4090 Et
699 4038 779 4091 hae
819 4044 946 4091 sunt
972 4037 1260 4106 praecipua).
1305 4035 1472 4089 animi
1506 4035 1762 4099 virtutes,
1795 4042 1850 4090 et
1872 4050 2010 4106 prae-

438 4138 523 4182 ter
566 4127 687 4182 illas
733 4128 856 4182 aliae
902 4130 1065 4183 etiam
1115 4126 1347 4181 inﬁnitis
1391 4126 1641 4196 partibus
1690 4128 1920 4196 plures:
1953 4136 2008 4182 at

435 4217 685 4289 corporis
737 4225 870 4289 quot
914 4225 969 4272 et
1003 4226 1223 4288 quanta:
1269 4226 1490 4274 exstant
1518 4218 1716 4274 dotes?
1760 4217 2007 4285 Quarum

435 4309 895 4366 ostendendarum
952 4325 1120 4366 causa
1174 4309 1410 4364 maxime
1469 4309 1691 4363 allatum
1735 4319 1818 4365 est
1842 4308 2008 4382 549

2118 1844 2242 1916 ἄρτι
2274 1846 2330 1899 δὲ
2360 1847 2452 1898 ἐπὶ
2479 1849 2590 1909 τοῖς
2625 1846 2899 1917 κειμένοις
2936 1845 3411 1917 σπλαγχνίζεσθαι,
3436 1846 3512 1897 ὅτι
3538 1838 3659 1913 ἦσαν

2117 1937 2436 2008 ἐσκυλμένοι
2486 1938 2579 1992 καὶ
2629 1938 2955 2010 ἐρριμμένοι
2988 1939 3063 2002 ὡς
3104 1938 3353 2009 πρόϐατα
3389 1936 3460 2007 μὴ
3492 1935 3661 2005 ἔχοντα

2120 2029 2382 2100 ποιμένα’
2443 2031 2537 2084 καλ¹
2608 2032 2790 2084 ίᾶσθαι
2853 2033 2950 2102 μὲν
3018 2031 3333 2102 σωματικὰς
3384 2028 3662 2091 ἀσθενείας,

2117 2120 2294 2184 λώϐας
2321 2138 2379 2174 τε
2412 2121 2592 2193 μελῶν
2620 2121 2712 2175 καὶ
2738 2120 3014 2192 πηρώσεις
3047 2119 3473 2193 ἐπανορθοῦσθαι
3496 2137 3509 2149 ο
3532 2118 3662 2170 λύειν

2117 2211 2172 2265 δὲ
2196 2213 2290 2265 καὶ
2316 2211 2554 2283 ψυχικὰς
2589 2213 2920 2283 ἀρρωστίας,
2972 2212 3066 2265 καὶ
3113 2211 3518 2283 ἁμαρτημάτων
3559 2207 3665 2261 ἀλύ-

2117 2321 2241 2367 τους
2266 2304 2519 2374 δεσμοὺς,
2561 2305 2656 2358 καὶ
2696 2302 3063 2374 στραγγαλιάς
3097 2302 3285 2373 βιαίων
3317 2301 3665 2370 συναλλαγμά-

2116 2412 2243 2458 των,
2276 2395 2344 2459 ἃς
2372 2395 2507 2466 πρὸς
2530 2395 2624 2449 τὸν
2654 2396 2864 2468 πατέρα
2900 2397 2999 2466 τῆς
3036 2396 3311 2469 ἁμαρτίας
3336 2397 3425 2449 τὸν
3447 2393 3665 2447 διάϐολον

2117 2485 2477 2556 πεποιήμεθα.
2539 2485 3051 2556 Ταπεινοφροσύνης
3077 2487 3133 2539 δὲ
3181 2486 3348 2556 ἡλίκα
3383 2484 3451 2538 τὰ
3477 2481 3667 2537 ὑποδεί-

2115 2593 2331 2647 γματα;
2395 2576 2469 2630 Τὸ
2524 2576 2599 2648 μὴ
2666 2577 2826 2648 μόνον
2873 2576 3090 2630 ἑλέσθαι
3154 2579 3335 2648 σάρκα
3401 2572 3665 2647 περιῦαλέ·

2118 2666 2273 2731 σθαι,
2294 2667 2427 2721 ἀλλά
2480 2667 2588 2738 γὰρ
2637 2668 2749 2740 (57)
2806 2668 2901 2721 καὶ
2944 2668 3232 2733 ταπεινῶν,
3258 2667 3487 2723 κατὰτὸ
3513 2665 3667 2736 παρὸν

2118 2758 2318 2829 σχῆμα,
2341 2759 2542 2827 γονέων
2577 2762 2704 2823 παῖς
2740 2760 2800 2814 τὸ
2822 2760 2919 2831 μὲν
2949 2760 3238 2829 γενέσθαι,
3262 2760 3326 2813 τὸ
3350 2760 3407 2812 δὲ
3438 2756 3668 2829 νομισθῆ-

2114 2868 2234 2905 ναι·
2262 2852 2514 2919 γενέσθαι
2567 2854 2664 2924 μὲν
2703 2853 2803 2924 τῆς
2849 2854 3076 2926 μητρὸς,
3124 2851 3446 2924 νομισθῆναι
3486 2851 3540 2904 δὲ
3581 2847 3663 2902 τοῦ

2114 2942 2395 3013 λεχθέντος
2448 2946 2671 3016 πατρός.
2723 2946 3041 3017 Φρονήσεως
3083 2946 3142 2999 δὲ
3181 2946 3246 2998 τὸ
3285 2946 3410 3018 ἄρτι
3438 2943 3544 3014 (58)
3578 2942 3665 3012 μὲν

2114 3036 2406 3108 διελέγχειν
2421 3038 2544 3101 τοὺς
2570 3038 2955 3104 Σαδδουκαίους
2987 3038 3241 3110 διαγελᾷν
3273 3038 3373 3111 τὴν
3397 3039 3666 3093 ἀνάστασιν

2116 3127 2490 3198 πειρωμένους
2538 3127 2617 3198 τῷ
2665 3129 2942 3201 πλάσματι
2988 3130 3096 3183 τῶν
3128 3130 3270 3183 ἑπτὰ
3310 3128 3547 3198 ἀδελφῶν
3587 3124 3668 3176 ἐπὶ

2117 3218 2217 3287 μιᾷ
2265 3220 2477 3289 γαμετῇ
2525 3217 2866 3272 τεθνεώτων·
2898 3218 3023 3290 ἄρτι
3056 3219 3112 3273 δὲ
3149 3220 3279 3283 τοὺς
3317 3216 3559 3290 μαθητὰς
3575 3212 3669 3266 τῶν

2113 3309 2417 3380 Φαρισαίων
2474 3310 2611 3380 μετά
2688 3310 2798 3363 τῶν
2868 3308 3213 3382 Ἦρωδιανῶν
3276 3306 3667 3379 καταισχύνειν,

2114 3397 2296 3468 ήνίκα,
2327 3400 2388 3452 τὸ
2423 3401 2812 3471 ἀμφίκρημνον
2841 3400 3101 3472 ἐρώτημα
3145 3399 3589 3472 προὸαλλόμενοι,
3609 3394 3671 3447 Εἰ

2112 3488 2233 3543 δέοι
2259 3489 2497 3559 κῆνσον
2516 3493 2766 3561 Καίσαρι
2786 3491 3012 3560 δοῦναι,
3041 3491 3080 3559 ἢ
3122 3491 3215 3556 οὒ,
3252 3492 3540 3561 ἀπόκρισιν
3567 3486 3667 3539 ἑδέ-

2113 3598 2267 3651 χοντο
2330 3583 2650 3653 περιδέξιον,
2714 3583 2799 3651 ἐφ’
2858 3583 3091 3655 ἑκάτερα
3146 3582 3293 3636 ἑλεῖν
3336 3582 3437 3653 τὴν
3466 3578 3669 3634 ἐκείνων

2112 3677 2295 3729 ἄνοιαν
2311 3675 2638 3746 δυναμένην,
2669 3676 2789 3746 οὐχὶ
2803 3674 3006 3737 δοῦναι,
3029 3674 3162 3727 ἀλλά
3196 3673 3490 3727 ἀποδοῦναι
3521 3684 3670 3740 προσ-

2110 3768 2433 3822 τάσσουσαν.
2469 3767 2739 3822 Ἀπόδοτε
2781 3767 2914 3838 γὰρ,
2956 3767 3110 3837 φησὶ,
3148 3767 3221 3820 τὰ
3249 3765 3361 3819 τοῦ
3390 3766 3668 3829 Καίσαρος

2109 3855 2190 3927 τῷ
2245 3861 2533 3928 Καίσαρι·
2580 3859 2768 3931 ἐπειδὴ
2812 3858 2873 3912 τὸ
2918 3859 3159 3929 νόμισμα
3198 3858 3482 3929 Καίσαρος
3511 3842 3668 3925 ἦν,οὗ

2109 3952 2208 4022 τὴν
2237 3951 2418 4005 εἰκόνα
2447 3951 2538 4004 καὶ
2557 3950 2654 4022 τὴν
2683 3950 2992 4022 ἐπιγραφὴν
3028 3949 3214 4021 ἔφερε.

2181 4040 2232 4094 6.
2272 4042 2382 4094 Καὶ
2423 4040 2491 4093 τά
2514 4041 2632 4111 ,μὲν
2686 4039 3071 4113 προηγούμενα
3109 4038 3218 4092 τῶν
3250 4036 3670 4110 κατορθωμάτων

2109 4131 2298 4196 ταῦτα,
2325 4132 2641 4185 καὶτούτων
2668 4131 2878 4203 ἀπείρῳ
2900 4130 2977 4202 τῷ
2995 4129 3215 4201 ἀριθμῷ
3246 4130 3472 4184 πλείονα
3492 4142 3508 4158 ⁵
3547 4125 3600 4179 ιὰ
3621 4122 3671 4175 δὲ

2108 4225 2203 4279 τοῦ
2232 4223 2480 4295 σώματος
2502 4222 2684 4293 ἡλίκα,
2712 4225 2805 4276 καὶ
2824 4224 2953 4288 ὅσα;
2973 4218 3075 4276 ’Ὧν
3110 4222 3276 4277 ἕνεκα
3312 4221 3542 4292 μάλιστα
3560 4231 3674 4286 προ-

2107 4318 2271 4388 ῆκται
2294 4315 2401 4387 (59)
2434 4316 2528 4369 καὶ
2574 4315 2636 4369 τὸ
2668 4314 2992 4385 ὑπόδειγμα.
3020 4314 3177 4367 Κατὰ
3205 4314 3310 4385 μὲν
3339 4311 3439 4383 τὴν
3467 4307 3673 4380 πρώτην

435 4401 762 4471 exemplum.
798 4399 855 4455 In
889 4401 1065 4471 prima
1080 4399 1300 4470 quidem
1334 4407 1492 4455 aetate
1525 4400 1778 4456 subditus
1799 4414 1999 4472 paren-

2116 4408 2323 4480 ἠλικίαν
2360 4410 2471 4471 τοῖς
2507 4407 2753 4475 γονεῦσιν
2790 4405 3251 4476 ὑποτασσόμενος,
3285 4404 3505 4459 ἅπαντα
3529 4400 3675 4453 πόνον

434 4494 667 4555 tibus",
703 4508 919 4548 omnem
964 4492 1203 4547 laborem
1236 4490 1579 4560 corporalem
1610 4491 1717 4548 leni
1767 4508 1831 4549 ac
1870 4494 2002 4551 obe-

434 4585 603 4641 dienti
635 4587 817 4640 animo
849 4601 972 4640 cum
1008 4585 1140 4655 ipsis
1172 4583 1451 4639 sustinuit.
1480 4582 1620 4638 Cum
1648 4585 1794 4639 enim
1826 4585 2004 4641 homi-

2109 4500 2418 4571 σωματικὸν
2452 4498 2643 4571 πράως
2661 4498 2756 4553 καὶ
2779 4498 3046 4561 εὐπειθῶς
3068 4497 3438 4567 συνδιέφερεν.
3464 4490 3674 4560 Ἀνδρεᾲ

2107 4592 2216 4665 γὰρ
2238 4592 2388 4656 ὄντες
2413 4592 2523 4663 (60)
2572 4593 2769 4675 δίκαιοι
2821 4592 2919 4663 μὲν
2953 4592 3046 4644 καὶ
3080 4590 3352 4653 εὐσεϐεῖς,
3385 4579 3675 4675 «meat

430 4692 535 4733 nes
564 4677 642 4731 illi
678 4676 1014 4747 essentjusti
1047 4675 1265 4745 quidem
1311 4686 1364 4730 et
1392 4675 1487 4745 pii,
1521 4676 1616 4731 sed
1649 4690 1920 4747 pauperes
1948 4687 2002 4735 et

2116 4681 2198 4734 ιιαὶ
2216 4682 2336 4751 λτῶν
2356 4672 2667 4750 ἀναγκαίων
2690 4683 2789 4735 οὐκ
2817 4680 3037 4752 εὔποροι
3059 4682 3175 4752 (καὶ
3211 4678 3483 4750 μάρτυςή
3516 4672 3674 4742 φάτνη

500 4833 545 4909 ξι
580 4831 887 4909 Mattb.__igv,
913 4830 982 4885 ’52
1035 4846 1186 4902 seqq.
1262 4831 1307 4864 ²¹
1337 4828 1525 4884 Matth.
1546 4829 1726 4895 Ix,56.
1790 4830 2287 4900 "Matll.xnr,55.
2344 4836 2751 4902 “Matth.xxn,
2785 4836 2876 4892 25.
2918 4834 3143 4909 fﬂibld.
3178 4834 3311 4906 ‘17.,
3341 4833 3389 4864 “
3417 4830 3549 4888 ibid.
3576 4823 3668 4881 2|.

422 4904 476 4935 ³³⁷
514 4902 645 4955 Luc.
677 4917 736 4967 ιι,
772 4902 858 4954 51.
888 4919 893 4925 ο

418 5055 767 5125 τταλδεχεσθαι,
799 5065 858 5110 ιιι
901 5064 1045 5109 esset
1072 5053 1149 5125 τῷ
1192 5054 1605 5127 καταδέχεσθαι,
1652 5056 2000 5125 quemadmo-

428 5131 559 5179 dum
588 5140 694 5197 non
744 5127 902 5196 longe
928 5133 1124 5197 auctor
1165 5125 1401 5196 scripsit
1424 5125 1501 5197 τῷ
1538 5126 1745 5190 πάντας
1782 5127 2001 5197 προσίε-

430 5198 575 5249 σθαι.
624 5194 699 5248 Ita
750 5194 894 5249 enim
928 5195 1129 5249 habent
1176 5194 1388 5265 veteres
1439 5194 1550 5265 duo
1593 5197 1743 5260 libri,
1778 5194 1889 5251 non
1941 5204 2002 5251 ut

429 5266 631 5335 vulgati
650 5266 720 5336 τὸ
760 5266 965 5327 πάντας
996 5264 1331 5336 προσίεσθαι.

502 5334 615 5405 (55)
650 5334 804 5391 Unus
852 5352 955 5390 ms.
996 5334 1250 5402 λαγνείας
1284 5336 1376 5406 καί
1407 5338 1526 5406 τῆς.
1565 5334 1673 5390 Nec
1714 5336 1784 5390 ita
1826 5336 1999 5389 multo

429 5418 555 5475 post
583 5407 753 5460 codex
777 5406 927 5460 Colb.
950 5405 1127 5474 ψυχῆς
1152 5405 1576 5476 ἀπορρίψωνται,
1603 5422 1711 5460 non
1732 5409 1804 5460 ita
1828 5415 1993 5461 recte.

433 5473 677 5529 Subinde
711 5477 850 5530 idem
884 5491 989 5530 ms.
1020 5473 1369 5544 Εὗρισκονδὲ
1401 5474 1513 5529 καί.

504 5545 615 5613 (56)
648 5544 738 5598 Sic
760 5545 915 5615 Regii
947 5546 1290 5615 secunduset
1312 5548 1539 5615 tertius,
1559 5560 1667 5599 non
1696 5559 1804 5599 uno
1829 5546 1996 5600 verbo

2106 5058 2228 5111 libri
2258 5052 2619 5129 δεξιούμενον.

2107 5128 2291 5252 rb(5.7)
2330 5120 2528 5183 Vocula
2566 5128 2674 5198 γάρ
2703 5120 2884 5181 addita
2925 5133 3010 5181 est
3040 5140 3107 5180 ex
3136 5125 3423 5181 veteribus
3451 5128 3673 5194 quatuor

2131 5214 2145 5251 ι
2188 5214 2280 5252 I‘IS.
3086 5210 3089 5213 -

2131 5210 2280 5253 IDI‘IS.
3086 5210 3089 5213 ’

2178 5268 2289 5336 (58)
2321 5265 2454 5338 Reg.
2493 5266 2767 5323 secundus
2808 5266 2887 5338 τῷ
2918 5264 3207 5338 ἄρτικᾼιίἰ
3237 5279 3395 5338 ίηιεε.
3442 5270 3497 5338 et
3550 5255 3670 5338 editi

2178 5286 2289 5355 (96)
2324 5286 2454 5350 ueg:
2493 5286 2767 5323 secundus
2808 5286 2887 5376 τῖ)
2918 5286 3065 5335 αρτι.
3105 5286 3395 5346 Alll.ll155.
3442 5286 3497 5317 ut
3550 5286 3670 5315 cum

2107 5338 2166 5390 τὸ
2194 5356 2336 5409 αρτι.
2377 5339 2577 5409 Ibidem
2600 5338 2754 5409 Colb.
2785 5337 3045 5409 ἐλεγχειν.
3084 5335 3201 5403 Nec.
3234 5343 3313 5388 ita
3361 5332 3534 5389 multo
3560 5336 3671 5400 post

2105 5408 2246 5462 ideni
2275 5425 2378 5463 ms.
2411 5408 2503 5461 ἐπὶ
2535 5408 2665 5478 μιᾶς
2693 5408 2956 5478 γαμετῆς.

2176 5478 2286 5548 (59)
2322 5478 2471 5532 Unus
2497 5477 2599 5548 nis.
2636 5477 2868 5547 μάλιστα
2892 5477 3186 5547 παρῆκται.

2177 5535 2287 5616 (60)
2327 5548 2502 5603 Editio
2541 5535 2741 5618 Veneta
2781 5557 2834 5602 et
2874 5535 3110 5618 quatuor
3150 5559 3287 5600 mss.
3313 5541 3542 5618 Ἄνδρες
3570 5535 3668 5607 γὰρ

431 5613 886 5687 αὐτοσχεδιάζειν,
938 5614 1277 5687 ιιιγερτίρείι
1310 5614 1688 5687 Conibeﬁsius,
1721 5617 1900 5687 et__uli
1939 5617 1992 5669 in

2116 5613 2279 5683 5ντες.
2303 5621 2435 5674 Aliae
2464 5618 2585 5673 duae
2612 5613 3227 5687 editiones—"Avﬂpwzm
3261 5613 3375 5685 γὰρ
3403 5613 3571 5671 ὄντες.

433 5685 666 5755 vulgatis
705 5684 917 5755 legitur.
951 5684 1153 5739 Ibidem
1196 5685 1323 5739 editi
1357 5683 1721 5756 δεξιουμένην.
1769 5684 1992 5742 Veteres
