4018 6226
516 411 541 466 Ι
551 408 653 468 359

1747 399 1807 458 S.
1847 400 2094 455 BASILII
2136 400 2348 458 MAGNI

3599 417 3707 474 £360

515 528 758 587 Joannes
798 530 917 598 ipse
953 523 1133 583 eﬂ'ecit
1166 543 1178 579 :
1215 524 1309 596 qui
1358 540 1427 581 ex
1477 537 1684 579 arcano
1732 523 1971 594 quodam
2008 519 2091 576 Dei

2207 525 2365 580 τοῦτο
2390 526 2448 579 δὲ
2488 527 2691 593 Ἠλίας,
2730 530 2886 585 τοῦτο
2906 531 2960 584 δέ
2989 534 3082 586 καὶ
3117 532 3365 602 Ἰωάννης
3399 530 3576 598 αὐτὸς,
3601 534 3713 587 olm-

517 620 753 678 consilio
781 619 876 674 diu
921 617 980 675 in
1018 618 1240 675 deserto
1274 623 1673 681 commoratus,
1716 614 2099 686 completoque

518 716 625 770 hoc
672 712 907 768 consilio
940 711 1010 766 ad
1057 711 1336 782 regionem
1375 711 1581 765 cultam
1621 706 1925 780 profectus,
1964 713 2098 761 tunc

519 815 575 865 et
596 804 939 880 praedicavit,
970 812 1024 860 et
1043 804 1340 875 baptizavit
1367 803 1538 874 (quod
1570 802 1812 875 pertinet
1836 799 1904 855 ad
1929 799 2099 853 actio-

520 900 692 973 nem),
749 906 804 956 et
843 899 915 956 ob
972 913 1128 954 suam
1172 897 1428 967 loquendi
1476 897 1785 953 libertatem
1831 893 2135 948 adversus.

521 990 816 1060 Herodem,
845 997 1121 1047 certamen
1153 989 1407 1045 absolvit.
1444 986 1562 1044 Hoc
1588 997 1641 1045 et
1668 986 1851 1042 omnis
1876 989 2097 1040 sancto-

522 1097 649 1137 rum
693 1088 894 1147 turma,
927 1087 981 1135 et
1012 1080 1128 1150 ipse
1153 1076 1314 1135 Jesus
1358 1077 1509 1144 fecit,
1541 1078 1599 1133 in
1646 1074 1855 1147 agendo
1885 1072 2098 1130 scilicet

521 1157 883 1248 perseverans
913 1191 926 1227 :
957 1180 1016 1225 ut
1048 1169 1325 1226 undelibet
1364 1171 1588 1239 planum
1624 1175 1772 1224 esset
1820 1174 1875 1220 et
1905 1163 2095 1235 explo-

521 1275 704 1321 ratum
745 1279 869 1319 cum
897 1278 963 1318 ex
1000 1272 1210 1316 natura).
1239 1260 1476 1331 legibus,
1512 1269 1626 1316 tum
1674 1274 1741 1314 ex
1787 1257 2095 1312 divinarum

526 1357 934 1429 Scripturarum
985 1353 1261 1417 doctrina,
1308 1361 1424 1407 tum
1482 1367 1549 1407 ex
1587 1349 1838 1423 omnium
1874 1356 2096 1403 sancto-

521 1465 644 1505 rum
673 1448 857 1513 factis,
893 1456 1010 1503 tum
1035 1464 1104 1503 ex
1133 1446 1352 1503 vivendi
1389 1445 1604 1501 ratione
1632 1443 1809 1515 ipsius
1836 1440 2096 1497 Servato-

501 1544 603 1600 φὶς
634 1541 833 1604 nostri,
863 1550 978 1596 tum
1011 1556 1078 1595 ex
1117 1539 1306 1611 regula
1336 1540 1460 1594 vita:
1493 1538 1742 1593 virorum
1775 1536 1860 1607 pie
1892 1533 2093 1605 degen-

492 1618 680 1711 j'tium,
722 1635 925 1689 melius
966 1649 1091 1689 esse
1138 1642 1303 1704 atque
1349 1627 1750 1702 praestabilius,
1797 1628 1845 1683 si
1890 1640 2092 1697 corpus

422 1792 425 1793 γ
490 1728 738 1794 ‘ﬁrmum
773 1728 844 1784 sit
874 1725 1282 1792 ac'robustnm,
1313 1736 1478 1795 quam
1508 1722 1556 1777 si
1583 1721 1897 1778 ‘exsolutum
1930 1720 2003 1774 sit
2028 1732 2092 1773 ac

486 1828 838 1891 ~enervatum
868 1838 887 1872 ελ
912 1818 1176 1888 itemque,
1226 1814 1575 1872 si‘reddatur
1611 1812 1681 1868 ad
1713 1812 1889 1868 bonas
1919 1812 2092 1866 actio-

504 1920 998 1981 nesstrenuum,
1051 1924 1215 1979 quam
1277 1910 1326 1964 si
1377 1906 1687 1964 voluntaria
1739 1904 2091 1960 aﬂlictatione

517 2014 669 2056 mers
702 1999 796 2054 ﬁat
822 2013 887 2053 ac
915 1998 1095 2053 deses.

1135 2109 1363 2167 CAPUT
1401 2110 1464 2166 ν.

520 2205 674 2272 Quod
708 2205 941 2259 convenit
969 2215 1200 2259 accolam
1251 2206 1305 2259 in
1345 2206 1415 2258 iis
1466 2204 1728 2273 operibus,
1760 2220 1877 2274 qum
1919 2204 2089 2273 ipsum

1020 2276 1259 2341 deceant,
1280 2275 1586 2350 egcercitari.

590 2366 858 2423 Caeterum
888 2368 945 2421 in
983 2368 1053 2424 iis
1089 2384 1149 2423 se
1191 2367 1453 2438 operibus
1491 2380 1752 2424 exercere
1780 2374 1963 2423 asceta
1995 2367 2090 2422 de-

514 2459 630 2527 bet,
674 2473 795 2530 quae
833 2459 935 2514 sibi
974 2460 1303 2514 conveniant
1333 2479 1346 2513 :
1376 2474 1499 2529 quae
1542 2459 1800 2514 videlicet
1838 2457 1909 2512 ab
1937 2455 2089 2511 omni

509 2555 875 2625 rauponaria,
900 2554 1246 2625 longiorique
1273 2555 1474 2610 mentis
1514 2553 1839 2609 avocatione
1869 2559 1923 2608 et
1941 2551 2089 2622 turpi

520 2644 677 2699 lucro
705 2643 885 2699 aliena
917 2642 1050 2705 sint,
1079 2658 1311 2714 quaeque
1340 2642 1689 2698 manentibus
1711 2643 1852 2696 intra
1887 2649 2088 2696 tectum

522 2735 683 2792 nobis
713 2744 774 2790 ut
807 2735 1103 2805 plurimum
1131 2734 1322 2789 conﬁci
1357 2737 1592 2805 possint,
1641 2743 1700 2789 ut
1732 2743 1787 2790 et
1812 2734 2091 2804 complea-

521 2837 612 2883 tur
641 2843 803 2898 opus,
838 2837 892 2882 et
923 2826 1078 2897 quies
1109 2834 1378 2882 servetur.
1414 2826 1573 2893 Quod
1596 2827 1647 2882 si
1675 2824 1981 2896 oportuerit
2018 2824 2090 2880 ob

522 2921 891 2977 inevitabilem
932 2922 1223 2991 quamdam
1262 2921 1650 2976 necessitatem
1690 2934 1830 2989 opus
1869 2918 2090 2989 aliquod

522 3013 688 3067 etiam
731 3013 836 3069 sub
866 3013 958 3067 dio
987 3013 1198 3084 perlici,
1243 3028 1313 3067 ne
1341 3012 1446 3066 hoc
1470 3011 1691 3082 quidem
1727 3011 2091 3082 philosophia:

523 3106 771 3160 futurum
805 3113 887 3160 est
922 3104 1333 3174 impedimento.
1354 3104 1478 3169 ‘Qui
1511 3104 1657 3158 enim
1690 3118 1818 3160 vere
1844 3104 2091 3175 philoso-

2201 618 2361 691 νομίᾳ
2418 610 2516 684 μὶν
2540 620 2836 693 ἀπορρήτῳ
2871 622 2970 695 τὴν
2996 623 3215 695 χρονίαν
3247 625 3304 677 ἐν
3334 625 3402 695 τῇ
3432 623 3601 696 ἐρήμῳ
3620 623 3712 677 δια-

2197 711 2390 784 τριϐὴν
2443 704 2840 785 ποιησάμενος·
2896 715 3033 787 μετά
3070 716 3129 770 δέ
3170 715 3270 789 τὴν
3327 714 3586 788 πλήρωσιν
3632 715 3716 786 τῆς

2198 794 2632 873 οῖκονομίας,ἐπὶ
2663 803 2760 873 τὴν
2788 807 3205 878 κεκοσμημένην
3230 806 3413 879 χώραν
3440 805 3609 872 ἐλθὼν,
3636 822 3719 878 κηδ

2202 889 2414 962 ρύσσων
2446 909 2505 946 τε
2532 888 2626 946 καὶ
2672 892 2947 963 βαπτίζων
2972 936 2986 960 ,
3015 895 3052 950 ἃ
3081 896 3177 949 τοῦ
3207 898 3463 969 πράττειν
3487 896 3621 965 ἐστὶ,
3642 896 3720 951 καὶ

2197 982 2263 1036 ἐκ
2288 981 2410 1053 τῆς(
2415 981 2510 1054 65)
2532 983 2666 1055 πρὸς
2691 984 2783 1039 τὸν
2822 985 3067 1058 Ἡρώδην
3087 989 3396 1059 παρρησίας
3414 988 3511 1061 τὴν
3530 988 3724 1059 ἄθλησιν

2194 1073 2585 1147 τελειούμενος.
2610 1069 2781 1131 Τοῦτο
2807 1079 2901 1131 καὶ
2933 1080 3041 1142 πᾶς
3062 1080 3090 1132 ὁ
3116 1078 3223 1132 τῶν
3240 1078 3409 1149 ἁγίων
3439 1080 3720 1149 κατάλογος,

2197 1167 2293 1220 καὶ
2337 1168 2543 1239 Ἰησοῦς
2568 1169 2729 1234 αὐτὸς
2756 1170 2815 1223 ἐν
2835 1170 2914 1241 τῷ
2945 1171 3206 1244 πράττειν
3234 1172 3490 1226 διατελῶν
3514 1189 3528 1204 υ
3559 1172 3630 1237 ὡς
3663 1169 3728 1225 εἶ-

2196 1274 2285 1313 ναι
2325 1259 2590 1316 πάντοθεν
2648 1262 2804 1334 δῆλον
2862 1263 2926 1318 ἐκ
2949 1282 3009 1318 τε
3041 1264 3151 1321 τῶν
3202 1266 3381 1337 νόμων
3414 1268 3509 1338 τῆς
3542 1267 3726 1338 φύσεως

2195 1352 2288 1406 καὶ
2315 1352 2417 1424 τῆς
2457 1353 2802 1420 διδασκαλίας
2818 1356 2932 1415 ,τῶν
2973 1357 3132 1412 θείων
3160 1357 3389 1431 Γραφῶν
3408 1400 3424 1426 ,
3477 1359 3537 1412 ἐκ
3559 1375 3614 1413 τε
3636 1359 3731 1411 τῶν

2193 1444 2306 1507 τοῖς
2364 1443 2539 1514 ἁγίοις
2586 1446 2758 1501 ἅπασι
2813 1448 3235 1520 πεπραγμένων,
3270 1448 3334 1503 ἔκ
3374 1465 3437 1502 τε
3479 1449 3573 1518 τῆς
3600 1447 3729 1502 πολι-

2191 1535 2342 1599 τείας
2365 1534 2459 1590 τοῦ
2510 1538 2763 1611 Σωτῆρος
2797 1539 2971 1612 ἡμῶν,
3003 1542 3095 1595 καὶ
3140 1542 3237 1595 τοῦ
3275 1542 3494 1606 κανόνος
3520 1542 3612 1612 τῆς
3640 1540 3733 1595 τῶν

2193 1628 2561 1685 εὐσεϐούντων
2611 1631 2760 1703 ζωῆς
2782 1674 2797 1697 ,
2848 1634 2931 1688 ὅτι
2959 1633 3124 1689 καλὸν
3166 1634 3261 1688 καὶ
3314 1634 3583 1706 συμφέρον
3622 1651 3730 1686 συν-

2193 1722 2415 1777 εστάναι
2445 1722 2666 1795 μᾶλλον,
2696 1725 2731 1798 ἢ
2767 1726 3059 1798 παρεῖσθαι
3080 1725 3159 1797 τῷ
3188 1725 3437 1802 σώματι·
3468 1726 3558 1780 καὶ
3609 1728 3734 1791 ἐνερ-

2192 1814 2286 1883 γὸν
2317 1815 2474 1869 τοῦτο
2505 1817 2766 1889 παρέχειν
2788 1820 2910 1884 ταῖς
2931 1814 3164 1888 ἀγαθαῖς
3186 1817 3453 1891 πράξεσιν
3476 1860 3491 1885 ,
3516 1817 3549 1888 ἢ
3585 1817 3735 1889 ἁργον

2190 1908 2451 1974 ἑκουσίως
2482 1910 2785 1972 ἀποτελεῖν,

2710 2112 3110 2168 ΚΕΦΑΛΑΙΟΝ
3154 2113 3213 2168 Ε⁸

2188 2203 2320 2260 ὀτι
2349 2205 2645 2276 προσήκει
2675 2205 2784 2260 τὸν
2808 2205 3087 2276 amantior
3115 2205 3260 2276 ἔργα
3288 2203 3656 2272 ἐπιτηδεύειν
3680 2200 3742 2256 τὰ

2714 2275 3019 2347 πρέποντα
3063 2275 3195 2347 (66).

2273 2367 2634 2440 Ἐργάζεσθαι
2667 2368 2851 2441 μέντοι
2905 2367 2997 2422 τὸν
3023 2365 3267 2439 ἀσκητὴν
3300 2367 3574 2439 προσήκει
3626 2364 3747 2437 ἔργα

2190 2458 2260 2514 τὰ
2304 2460 2606 2533 πρέποντα,
2639 2462 2741 2516 ὅσα
2768 2460 3074 2533 καπηλείας
3135 2461 3350 2531 ἁπάσης
3371 2503 3387 2526 ,
3423 2461 3520 2514 καὶ
3563 2473 3747 2529 μακρο-

2190 2554 2364 2627 τέρων
2421 2553 2857 2627 πρισπασμῶν,
2909 2553 3005 2608 καὶ
3038 2553 3492 2626 αἰσχροκερδείας
3531 2549 3751 2621 ἀπήλλα-

2190 2665 2316 2702 κται
2334 2666 2348 2680 ·
2381 2648 2482 2702 ὅσα
2503 2649 2826 2720 ὑπωροφίων
2854 2648 3122 2719 μενόντων
3156 2646 3337 2718 ἡμῶν,
3373 2647 3454 2709 ὡς
3479 2643 3548 2698 τὰ
3575 2640 3749 2701 πολλὰ,

2191 2737 2552 2792 ἐπιτελεῖσθαι
2606 2736 2861 2802 δύναται,
2916 2738 3003 2791 ἵνα
3036 2734 3150 2807 (67)
3181 2737 3276 2790 καὶ
3326 2735 3395 2789 τὸ
3444 2733 3608 2806 ἔργον
3628 2731 3753 2798 πληο

2193 2830 2396 2904 ρῶται,
2437 2830 2533 2884 καὶ
2590 2829 2792 2902 ἡσυχία
2827 2828 3180 2899 φυλάττηται.
3234 2825 3297 2880 Ei
3324 2827 3390 2881 δέ
3446 2843 3502 2880 τι
3532 2825 3638 2878 δέοι
3678 2818 3755 2874 διὰ

2189 2920 2289 2992 τὴν
2322 2920 2631 2989 ἀναγκαίαν.
2657 2919 2842 2992 χρείαν
2874 2918 2967 2973 καὶ
2993 2917 3257 2989 ὕπαιθρον
3279 2917 3453 2989 ἔργον
3480 2914 3756 2974 ἐπιτελεῖν,

2190 3012 2313 3067 ούδέ
2365 3011 2526 3065 τοῦτο
2572 3011 2670 3083 τὴν
2704 3009 3020 3081 φιλοσοφίαν
3048 3008 3302 3063 κωλύσει.
3373 3008 3437 3061 Ὁ
3474 3006 3586 3077 γάρ
3615 3006 3757 3076 ἀκρι-

2193 3104 2296 3178 ϐὴς
2350 3104 2659 3174 φιλόσοφος,
2691 3103 3105 3175 φροντιστήριον
3138 3099 3275 3172 ἔχων
3316 3099 3386 3153 τὸ
3422 3098 3621 3169 σῶμα,
3681 3094 3763 3148 καὶ

521 3196 668 3266 phus
696 3203 803 3262 est,
825 3196 873 3250 ei
905 3210 1028 3249 cum
1057 3210 1260 3264 corpus
1287 3194 1364 3249 sit
1388 3194 1510 3249 loco
1533 3193 1735 3250 scholae
1776 3203 1831 3251 et
1861 3211 2090 3266 gymna-

2193 3197 2520 3268 καταγωγὴν
2549 3193 2648 3266 τῆς
2672 3194 2846 3267 ψυχῆς
2880 3193 3094 3265 ἀσφαλῆ
3121 3234 3136 3259 ,
3189 3192 3290 3246 κᾶν
3314 3189 3414 3246 ἐπ’
3468 3191 3671 3262 ἀγορᾶς
3697 3187 3762 3240 ὢν

521 3284 615 3350 sii,
657 3285 839 3357 sitque
873 3283 1050 3338 eidem
1093 3284 1261 3336 animi
1299 3283 1458 3337 sedes
1491 3280 1826 3347 ﬁrmissima,
1870 3282 2090 3338 etiamsi

521 3378 581 3431 in
612 3376 732 3432 foro
761 3377 945 3443 fuerit,
968 3377 1083 3431 sive
1109 3376 1165 3431 in
1196 3381 1489 3440 conventu,
1513 3375 1632 3430 sive
1650 3375 1706 3428 in
1738 3380 1946 3439 monte,
1976 3373 2093 3431 sive

522 3472 579 3523 in
609 3484 764 3541 agro,
796 3469 912 3524 sive
943 3469 998 3523 in
1025 3467 1203 3524 media
1231 3466 1600 3523 multitudinis
1633 3465 1964 3536 frequentia,
1991 3481 2090 3522 ceu

520 3562 578 3616 in
627 3561 868 3616 naturali
911 3561 1245 3615 monasterio
1291 3558 1943 3630 commoratur:quippe
1994 3558 2091 3629 qui

522 3653 672 3709 intus
718 3653 788 3709 ad
838 3668 897 3709 se
944 3652 1171 3707 advocet
1212 3651 1479 3716 animum,
1529 3659 1585 3706 et
1619 3650 1688 3707 de
1735 3651 1922 3717 rebus,
1970 3664 2094 3721 qum

519 3747 627 3802 sibi
657 3745 1006 3808 conveniant,
1040 3743 1479 3813 philosophetur.
1520 3739 1666 3796 Fieri
1710 3742 1857 3797 enim
1887 3746 2088 3811 potest,

515 3846 583 3892 ut
611 3844 666 3894 et
697 3836 791 3907 qui
820 3836 964 3891 domi
995 3834 1225 3897 desidet,
1269 3835 1318 3887 is
1354 3841 1538 3887 tamen
1566 3840 1748 3888 mente
1779 3831 1926 3888 foras
1960 3845 2090 3887 eva-

522 3937 700 4000 getur,
742 3936 797 3983 et
821 3927 915 3997 qui
960 3927 1014 3981 in
1042 3924 1160 3979 foro
1185 3932 1459 3990 versatur,
1492 3924 1561 3989 is,
1607 3924 1655 3979 si
1685 3923 1895 3995 vigilet,
1931 3922 2090 3994 quasi

521 4020 580 4076 in
599 4019 895 4076 solitudine
920 4018 1015 4081 sit,
1048 4031 1173 4071 cum
1201 4026 1256 4072 et
1276 4017 1342 4072 ad
1366 4017 1722 4087 semetipsum
1743 4024 1799 4072 et
1823 4015 1893 4071 ad
1915 4013 2089 4070 Deum

519 4113 698 4166 solum
736 4122 1034 4166 conversus
1071 4109 1165 4171 sit,
1195 4108 1573 4179 tumultusque
1600 4122 1668 4164 ex
1700 4107 1868 4163 rebus
1904 4105 2088 4162 sensi-

521 4203 724 4259 bilibus
751 4204 807 4257 in
836 4202 1078 4256 animum
1112 4202 1414 4271 irrepentes
1445 4214 1793 4273 nequaquam
1828 4200 2088 4257 sensibus

513 4293 776 4365 excipiat.

1115 4405 1342 4463 CAPUT
1397 4405 1488 4462 VI.

512 4501 678 4569 Quod
716 4516 820 4558 non
862 4501 1097 4555 convenit
1139 4508 1371 4554 occatam
1422 4499 1634 4569 incaute
1675 4513 1795 4553 cum
1844 4495 2088 4552 omnibus

724 4572 728 4577 '
974 4570 1306 4625 thominibus
1349 4568 1596 4639 colloqui.

592 4662 644 4715 1.
684 4661 803 4718 Jam
849 4678 919 4718 ne
946 4662 1083 4717 illud
1112 4659 1336 4732 quidem
1367 4658 1541 4725 decet,
1571 4659 1815 4731 seipsum
1856 4656 2090 4714 homini-

517 4754 626 4810 bus
673 4755 928 4811 omnibus
973 4754 1330 4821 concredere,
1378 4761 1475 4808 aut
1510 4767 1570 4808 se
1602 4752 1838 4823 aperire,
1889 4757 1984 4806 aut
2026 4764 2087 4805 se

522 4845 739 4900 nicaute
764 4845 1031 4916 detegere.
1064 4844 1172 4911 Qui
1204 4846 1347 4901 enim
1384 4843 1687 4900 secundum
1730 4840 1900 4898 Deum
1932 4840 2083 4907 vivit,

520 4936 651 4991 huic
685 4937 999 5008 complures
1027 4937 1379 5002 insidiantur,
1428 4945 1593 5007 atque
1634 4935 1673 4989 ii
1709 4935 1814 5005 ipsi
1843 4934 2087 5005 plerum-

516 5043 629 5098 que
656 5029 751 5099 qui
791 5038 919 5085 sunt
947 5030 995 5085 ei
1029 5028 1489 5099 coniunctissimi,
1538 5042 1681 5107 saepe
1713 5028 1879 5082 vitam
1914 5026 2088 5096 ipsius

521 5120 828 5190 explorant.
870 5121 1060 5190 Itaque
1093 5136 1271 5191 operae
1313 5121 1546 5191 pretium
1597 5127 1684 5177 est
1728 5134 1837 5191 non
1878 5125 2088 5173 temere

518 5226 648 5266 eum
674 5213 915 5269 externis
947 5213 1223 5282 congredi.
1260 5214 1319 5267 Si
1347 5213 1515 5280 enim,
1547 5221 1609 5269 ut
1625 5212 1781 5284 551
1807 5212 1885 5268 ait
1906 5212 2085 5267 Evan-

595 5388 706 5460 (65)
743 5389 839 5445 Sic
869 5389 1051 5447 Vossii
1098 5398 1255 5446 vetus
1283 5390 1419 5446 liber
1444 5397 1499 5445 et
1530 5391 1619 5444 alii
1654 5398 1791 5446 tres.
1816 5389 1959 5444 Editi
1991 5390 2085 5460 βαι

524 5459 728 5531 goa-ijv
762 5462 870 5514 ἀπὸ
897 5460 991 5515 τοῦ
1030 5461 1288 5531 πράττειν
1329 5461 1408 5512 ἔτι
1438 5460 1532 5531 καὶ
1552 5462 1619 5531 ἐκ
1653 5461 1779 5531 τῆς,
1806 5459 2084 5530 corrupte.

522 5525 651 5601 Post
675 5532 896 5585 verbum
929 5525 1228 5596 ἀποτελεῖν,
1258 5532 1403 5601 Quod
1432 5530 1496 5601 _i_n
1538 5529 1646 5601 ﬁne
1692 5525 2086 5601 hujusncapitis

531 5598 749 5665 legitur,
775 5601 1021 5657 additum
1052 5598 1324 5656 invenitur
1347 5600 1404 5655 in
1432 5598 1612 5656 Vossii
1644 5598 1814 5655 veteri
1842 5598 1981 5656 libro
2001 5599 2086 5653 διὰ

522 5664 939 5753 «vesaevo
956 5670 1309 5753 satiasse.

593 5736 705 5812 (Q6)
723 5736 868 5812 _Editi
896 5736 1231 5812 ἐπιτηδεύειν
1251 5740 1695 5812 ’τά-προσήκοντα.
1722 5739 1946 5811 Antiqui
1973 5750 2083 5812 tres

529 5802 653 5861 libri
680 5802 746 5861 τὰ
769 5802 1061 5879 πρέπον-ταί
1096 5809 1213 5865 Mox
1251 5802 1390 5866 editi
1410 5802 1671 5882 προσήκει
1700 5813 1765 5869 τὰ
1794 5802 1927 5884 ἔργα
1954 5810 2060 5881 τερὲ

2119 4561 2168 4621 D

2191 3289 2329 3363 τύχῃ
2364 3288 2499 3360 (68),
2531 3289 2633 3343 κᾶν
2675 3289 2733 3341 ὲν
2762 3286 3064 3358 πανηγύρει
3087 3326 3101 3350 ,
3143 3283 3247 3339 κᾶν
3274 3286 3333 3337 ἐν
3382 3285 3507 3356 ὄρει
3526 3323 3543 3350 ,
3574 3281 3674 3337 κᾶν
3717 3280 3767 3332 ἐν

2192 3380 2348 3454 ἀγρῷ
2373 3421 2389 3447 ,
2426 3380 2527 3435 κᾶν
2582 3378 2784 3452 μεταξὺ
2818 3378 3055 3451 πλήθους
3084 3375 3279 3431 πολλοῦ
3304 3420 3319 3443 ,
3364 3378 3431 3431 ὲν
3455 3375 3538 3448 τῷ
3570 3371 3764 3444 φυσικῷ

2195 3472 2543 3546 μοναστηρίῳ
2598 3471 2944 3542 καθίδρυται,
2995 3469 3139 3523 ἔνδον
3194 3469 3462 3539 συνάγων
3510 3468 3605 3523 τὸν
3629 3464 3767 3527 νοῦν,

2190 3565 2288 3621 καὶ
2326 3563 2632 3635 φιλοσοφῶν
2656 3563 2724 3618 τὰ
2750 3563 2899 3634 αύτῷ
2941 3562 3237 3633 πρέποντα.
3262 3553 3519 3617 Δυνατὸν
3556 3560 3663 3634 γὰρ
3688 3556 3766 3611 καὶ

2190 3659 2328 3713 οἴκοι
2403 3656 2713 3728 καθήμενον
2738 3695 2754 3720 ,
2808 3654 2914 3719 ἔξω
2969 3654 3417 3724 περιπλανᾶσθαι
3485 3654 3605 3715 τοῖς
3639 3650 3771 3716 λογι-

2192 3750 2350 3821 σμοῖς
2372 3765 2386 3780 ο
2433 3747 2527 3802 καὶ
2573 3746 2665 3799 ἐπὶ
2714 3745 2814 3816 τῆς
2844 3745 3050 3816 ἀγορᾶς
3096 3742 3262 3811 ὄντα,
3293 3745 3554 3815 νήφοντα
3589 3740 3645 3794 δέ
3664 3778 3678 3801 ,
3703 3736 3769 3797 ὡς

2188 3842 2279 3894 ἐπ’
2310 3838 2545 3913 ἐρημίας
2594 3835 2767 3902 εῖναι,
2810 3837 2946 3910 πρὸς
2998 3836 3188 3891 ἑαυτόν
3215 3852 3277 3889 τε
3326 3836 3434 3890 καὶ
3483 3833 3626 3907 πρὸς
3654 3828 3770 3884 Θεδν

2194 3933 2352 4005 μόνον
2403 3930 2858 4004 ἐπιστρεφόμενον
2886 3972 2900 3996 ,
2954 3928 3050 3982 καὶ
3099 3930 3159 3982 ού
3191 3928 3504 4000 δεχόμενον
3558 3926 3676 3985 ταῖς
3700 3921 3749 3973 ai

2192 4023 2415 4096 σθήσεσι
2476 4022 2603 4088 τοὺς
2647 4022 2712 4076 ἐκ
2760 4018 2872 4074 τῶν
2896 4017 3168 4091 αἰσθητῶν
3192 4020 3261 4090 τῇ
3312 4017 3480 4091 ψυχῇ
3524 4012 3773 4089 θορύϐους

2191 4115 2648 4189 προσπίπτοντας.

2671 4401 3068 4459 ΚΕΦΑᾹΑΙῧΝ
3101 4404 3192 4470 ς’.

2192 4502 2322 4556 Ὅτι
2339 4501 2411 4556 οὐ
2432 4512 2547 4569 χρη
2572 4496 3114 4569 πὼινζάναρώποις
3139 4485 3529 4569 ἀφυλάκτως
3552 4491 3781 4547 συνδιο-

2574 4513 3114 4569 πασινιαναρωποις
3139 4513 3179 4551 α

2574 4570 2795 4637 τρίϐειν
2823 4568 2929 4623 τὸν
2959 4513 3263 4635 ἀσκηττῇῗ

2258 4663 2310 4718 1.
2361 4661 2594 4735 Θαρῤεἶν
2621 4662 2679 4716 δὲ
2720 4661 2856 4732 μηδὲ
2883 4662 3045 4715 πᾶσιν
3071 4657 3398 4732 ἀνθρώποις
3434 4657 3661 4721 ἑαυτὸν,
3696 4668 3783 4725 μηδ

2186 4759 2243 4813 δὲ
2287 4755 2634 4827 ἀπογυμνοῦν
2671 4794 2687 4819 ,
2750 4752 2884 4824 μηδὲ
2953 4748 3371 4805 ἀνακαλύπτειν
3458 4747 3780 4819 ἀφυλάκτως

2187 4849 2475 4919 προσήκει.
2528 4845 2763 4908 Πολλοὺς
2788 4843 2897 4914 γὰρ
2940 4843 3196 4913 ἐφέδρους
3252 4841 3285 4893 ό
3322 4842 3488 4895 κατὰ
3520 4838 3661 4894 θεὸν
3699 4853 3782 4889 πο·

2187 4941 2530 5012 λιτευόμενος
2559 4939 2703 5010 ἔχει’
2742 4937 2837 4990 καὶ
2873 4937 3070 4998 αὐτοὺς
3104 4933 3381 4998 πολλάκις
3412 4937 3556 4999 τοὺς
3592 4934 3779 4987 οἰκειο-

2185 5036 2406 5099 τάτους,
2462 5033 2560 5105 τῆς
2601 5027 2794 5085 ἐαυτοῦ
2851 5029 2995 5100 ζωῆς
3050 5027 3481 5093 κατασκόπους.
3516 5029 3782 5101 Προσήκει

2184 5125 2365 5179 τοίνυν
2420 5123 2494 5195 μὴ
2546 5120 2940 5182 ἀϐασανίστους
2972 5116 3241 5171 ποιεῖσθαι
3294 5115 3412 5181 τὰς
3468 5118 3621 5189 πρὸς
3668 5112 3782 5170 soi-8

2186 5212 2384 5284 ἔξωθεν
2444 5213 2729 5284 συντυχίας
2756 5252 2770 5266 .
2815 5209 2877 5264 Ei
2925 5208 3035 5280 γὰρ
3082 5205 3376 5279 ὀΣωτὴρ,
3438 5208 3689 5281 ὣςφησι
3731 5219 3787 5257 το

2395 5462 2534 5534 Editi
2556 5461 2755 5534 δύναιτξ
2774 5461 2840 5516 ἂν
2863 5460 3202 5534 ῖναηΔιΔιηιιε.
3226 5463 3359 5514 tres
3383 5457 3659 5534 δύναται·
3685 5457 3785 5534 ἵνα.

2189 5535 2243 5608 in
2266 5526 2455 5608 ’νοερεί
2489 5532 2840 5608 veteri_lib_ro
2866 5532 2941 5608 i_ta
2979 5529 3171 5608 legitur
3210 5537 3360 5608 post
3392 5530 3667 5608 vo_cul_am
3693 5526 3785 5608 ἀνι

2186 5605 2327 5660 ὥστε
2352 5603 2442 5657 τὸν
2461 5603 2613 5656 τόνον
2638 5600 2741 5673 τῆς,
2755 5601 2930 5673 ψυχῆς
2949 5598 3165 5673 καῖ-τὴν
3176 5598 3281 5673 τῆς
3307 5599 3540 5673 ἀρετῆς
3561 5598 3791 5673 θεωρίαν

2184 5675 2273 5764 διά
2299 5677 2409 5797 1:11;!
2421 5666 3133 5744 ἐπιτεταγμένηξέργασίας
3149 5666 3222 5740 μὴ
3240 5666 3785 5742 ἀπάμόλύνεινῇῖνσ

2186 5763 2281 5801 και
2302 5762 2333 5798 τ
2413 5760 2559 5812 ργον.
2946 5809 2955 5812 _

2258 5814 2371 5888 (68)
2396 5809 2584 5872 codex
2611 5812 2767 5872 Coib.
2798 5812 2873 5869 ὣν
2897 5809 3064 5882 τύχοι.
