4018 6226
380 328 507 384 1561

1474 314 2074 388 ἕθΝὸΤ-ΙΤΗΤΙΟΝΕΞ
2111 327 2551 386 ΜΟΝΑΞΤΙΕᾸΕ.

3501 326 3636 379 £569.

376 445 705 514 Εὑαγγέλιον
733 486 747 508 ,
797 447 896 499 οὐκ
926 445 1178 500 ἐπίστευε
1217 450 1330 512 τοῖς
1360 451 1523 504 πᾶσιν
1579 452 1770 506 ἑαυτὸν
1819 452 1956 522 (Αὐ-

2066 451 2282 521 gelium,
2326 467 2436 506 non
2471 465 2727 505 omnibus
2767 452 3006 519 seipsum
3039 443 3636 506 concredehakScrva—

373 536 476 602 τὸς
512 535 641 608 γὰρ,
703 537 887 607 φησὶν,
951 539 983 590 ό
1029 537 1271 606 Ἰησοῦς
1324 539 1437 610 (69)
1478 544 1588 596 οὐκ
1636 542 1953 598 ἐπίστευεν

372 628 592 682 ἑαυτὸν
639 627 876 701 αὐτοῖς)
909 646 923 660 ο
984 628 1033 681 εἰ
1068 631 1307 696 ἐκεῖνος,
1341 633 1369 685 6
1406 633 1646 705 καθαρὸς
1671 674 1685 699 ,
1722 636 1750 688 ὁ
1804 634 1955 705 ἄμω-

375 734 478 788 μος
499 757 514 780 ,
545 719 574 770 6
620 718 988 790 ἀνεπίληπτος
1011 758 1026 782 ,
1065 721 1093 773 6
1127 719 1334 785 δίκαιος
1360 764 1375 788 ,
1422 725 1450 776 6
1495 725 1555 777 :6
1587 727 1696 777 πᾶν
1751 725 1954 797 ἀρετὴ,

375 809 495 873 πῶς
538 812 699 880 ἡμεῖς
750 811 800 864 οἱ
865 811 1218 882 ἁμαρτωλοὶ,
1274 813 1322 866 οἱ
1411 815 1722 878 εύόλισθοι,
1783 817 1833 869 οἱ
1879 816 1955 888 ’μὴ

375 902 518 958 κατὰ
545 902 744 956 σκοπὸν
771 905 858 957 ἀεὶ
893 904 1253 976 εύοδούμενοι,
1293 906 1454 961 τοῦτο
1487 908 1586 978 μὲν
1618 908 1705 962 διὰ
1734 908 1830 980 τὴν
1859 927 1957 979 φυ-

377 994 536 1067 σικὴν
559 995 841 1050 ἀσθένειαν
865 1037 880 1063 ,
901 996 1059 1051 τοῦτο
1083 998 1139 1051 δὲ
1165 997 1252 1051 διὰ
1281 999 1372 1052 τὸν
1405 1000 1655 1070 πονηρῶς
1689 1001 1784 1054 καὶ
1807 1001 1956 1055 ἀνεν-

371 1088 542 1151 δότως
571 1088 701 1158 ἡμῖν
733 1089 1172 1159 προσπαλαίοντα
1199 1131 1214 1156 ,
1252 1091 1476 1154 ἑαυτοὺς
1536 1091 1832 1167 ἐκδιδόντες
1864 1110 1957 1148 πε-

381 1181 622 1250 ριέργοις
645 1180 952 1251 ἀνθρώποις
984 1181 1116 1252 (70),
1135 1182 1253 1252 οὐχὶ
1276 1182 1519 1254 πονηρὰς
1544 1169 1957 1256 ἐπισπασάμεθα

373 1269 646 1334 διαϐολὰς,
671 1272 765 1324 καὶ
789 1273 999 1345 ἑαυτοῖς
1017 1271 1088 1326 τὰ
1112 1274 1382 1331 σκάνδαλα
1405 1275 1792 1346 καταπήξομεν
1806 1275 1919 1347 (71)
1942 1293 1956 1340 ;

378 1361 645 1426 Πολλάκις
674 1364 782 1434 γὰρ
815 1364 862 1417 οἱ
896 1366 1122 1436 πονηροὶ
1151 1366 1245 1419 καὶ
1277 1366 1346 1420 τά
1385 1366 1564 1430 καλῶς
1611 1367 1960 1439 πραττόμενα

375 1452 680 1506 διαϐάλλειν
719 1454 1078 1526 ἐπιχειροῦσι,
1115 1457 1210 1510 κα)¹
1245 1456 1320 1528 μὴ
1352 1456 1676 1528 ἀλοιδόρητα
1702 1441 1962 1530 καταλιμ-

378 1540 569 1596 πάνειν
615 1544 708 1597 καὶ
762 1543 832 1598 τά
889 1545 1208 1616 μικρότατα,
1258 1547 1366 1601 τῶν
1421 1549 1789 1618 πταισμάτων,
1865 1550 1960 1603 άν-

377 1650 614 1702 εχονται.

2057 553 2142 598 tor
2185 544 2329 616 (Ipse
2372 548 2532 608 enim,
2575 543 2776 614 inquit,
2825 542 2980 597 Iesus
3019 559 3124 595 non
3161 539 3399 602 credebat
3446 551 3634 594 semet-

2055 627 2230 705 ipsum
2271 637 2348 690 eis
2370 637 2470 706 ³³)’;
2509 637 2554 690 si
2589 636 2698 698 ille,
2749 635 2876 688 licet
2907 650 3097 704 purus,
3132 633 3466 702 inculpatus,
3490 632 3632 685 nulli

2057 714 2486 795 reprehensioni.
2509 726 2802 790 obnoxius,
2833 724 3047 794 justus,
3084 722 3127 779 si
3164 722 3372 792 illequi
3396 737 3631 791 prorsus

2030 818 2232 873 virtus
2261 821 2376 887 ipsa
2422 827 2560 883 erat,
2605 817 2678 870 ita
2719 832 2778 872 se
2824 815 3016 885 gessit,
3053 813 3330 884 quomodo
3371 827 3630 882 nospec-
3714 831 3726 858 λ

2058 914 2292 969 catorcs,
2341 908 2408 962 ad
2471 908 2685 978 lapsum
2738 907 3030 976 proclives,
3075 918 3309 974 quorum
3365 904 3465 958 viae
3519 916 3628 956 non

2061 1013 2274 1069 semper
2317 999 2538 1054 directae
2581 1007 2708 1054 sunt
2752 999 2817 1052 ad
2860 1013 3107 1067 scopum,
3162 996 3363 1067 part-im
3409 1001 3631 1064 propter

2061 1089 2426 1146 infirmitatem
2470 1092 2795 1156 naturalem,
2838 1092 3034 1160 partim
3080 1098 3300 1159 prOpter
3353 1101 3478 1142 eum
3531 1085 3627 1154 qui

2061 1182 2296 1254 maligne
2327 1198 2390 1239 ac
2416 1182 2629 1239 fortiter
2654 1184 2813 1239 nobis
2845 1183 3186 1246 adversatur,
3220 1181 3516 1252 quomodo,
3545 1179 3628 1234 in»

2061 1287 2247 1342 quam,
2286 1273 2398 1329 ﬁeri
2431 1275 2652 1345 poterit,
2695 1285 2755 1328 ut
2786 1275 2831 1329 si
2861 1275 3229 1344 nosmetipsos
3272 1271 3508 1328 curiosis
3535 1269 3632 1326 ho-

2063 1365 2303 1421 minibus
2327 1367 2746 1436 prodiderimus,
2771 1383 2882 1422 non
2905 1365 3206 1420 eouﬂemus
3228 1365 3282 1419 in
3311 1379 3411 1419 nos
3433 1377 3631 1434 pravas

2064 1459 2390 1525 calumnias,
2441 1456 2495 1514 et
2534 1460 2693 1515 nobis
2741 1461 2875 1530 ipsis
2919 1460 3246 1514 offendicula
3295 1475 3402 1514 non
3445 1467 3629 1512 strua—

2065 1565 2187 1606 mus
2212 1551 2236 1604 ?
2263 1549 2398 1606 Nam
2432 1541 2654 1622 maligni
2705 1567 2767 1607 ea
2803 1553 2964 1608 etiam
2997 1569 3117 1623 qum
3163 1558 3309 1606 recte
3339 1551 3495 1614 ﬁunt,
3537 1563 3633 1603 car-

2066 1641 2321 1696 lumniari
2355 1658 2465 1698 non
2515 1659 2642 1697 raro
2684 1653 2975 1711 conantur,
3005 1654 3058 1699 et
3102 1659 3171 1698 ne
3201 1643 3474 1699 levissima
3511 1643 3636 1713 qui.

2066 1731 2187 1786 dem
2219 1742 2398 1787 errata
2427 1749 2457 1786 a
2487 1725 2754 1789 conviciis
2785 1736 3048 1788 immunia
3079 1735 3310 1804 relinqui
3348 1735 3556 1790 sinunt.
3593 1794 3596 1796 γ

446 1809 501 1864 2.
521 1811 640 1884 Χρὴ
666 1810 842 1866 τοίνυν
867 1813 1681 1890 πεφυλαγμέναςΠΞ)ποιεῖσθαι
1702 1818 1800 1881 τὰς
1821 1817 1955 1890 πρὸς

2127 1824 2180 1878 2.
2223 1822 2329 1877 Par
2367 1833 2451 1879 est
2482 1825 2646 1894 igitur
2678 1833 2840 1904 caute
2873 1841 2996 1878 cum
3040 1827 3282 1881 externis
3317 1825 3650 1879 hominibus.

377 1919 503 1967 τους
549 1903 745 1972 ἔξωθεν
777 1907 1013 1978 ὁμιλίας.
1082 1906 1376 1978 Συμϐαίνει
1435 1908 1532 1980 γὰρ
1564 1909 1744 1973 αὐτοῖς
1776 1925 1828 1962 τι
1863 1910 1955 1962 καὶ

375 1995 564 2068 ἕτερον
610 1997 780 2073 πάθος
817 1999 922 2052 ὑπὸ
953 1997 1228 2070 λογισμῶν
1272 1999 1536 2071 ἀπειρίας.
1574 2000 1795 2054 ἐπὶτῶν
1827 2000 1956 2053 ἀνα-

377 2092 742 2163 χωρησάντων
795 2093 890 2146 :06
941 2091 1077 2164 βίου.
1143 2091 1620 2169 ’Υπολαμϐάνουσι
1679 2093 1786 2166 γὰρ
1816 2132 1831 2157 ,
1884 2094 1946 2146 οὗ

377 2184 476 2256 τὴν
533 2182 760 2255 γνώμην
795 2185 1209 2256 μετατεθεῖσθαι
1254 2185 1361 2240 τῶν
1391 2185 1822 2258 μετατιθεμένων
1845 2186 1955 2257 (75)

379 2276 480 2347 τὴν
507 2276 799 2344 πολιτείαν,
817 2277 953 2331 ἀλλὰ
970 2277 1070 2350 τὴν
1090 2278 1249 2346 φύσιν
1269 2278 1452 2341 αὐτοῖς
1485 2279 1582 2350 τὴν
1613 2277 1957 2350 ἀνθρωπίνην

384 2364 846 2433 μετεσκευάσθαιο
897 2367 989 2419 καὶ
1040 2367 1101 2422 06
1137 2366 1381 2438 κρίνουσι
1433 2366 1559 2430 τοὺς
1593 2367 1837 2437 ἀσκητάς
1883 2367 1957 2432 ὡς

380 2456 441 2507 ἐν
473 2455 669 2508 πάθεσι
701 2457 800 2527 μὲν
821 2459 934 2521 τοῖς
962 2459 1148 2522 αὐτοῖς
1182 2457 1601 2530 στρεφομένους,
1633 2458 1860 2528 δυνάμει
1900 2459 1956 2512 δὲ

379 2544 556 2616 ψυχῆς
599 2546 695 2600 καὶ
735 2546 1088 2619 ἀλλοτριώσει
1119 2551 1185 2621 τῇ
1224 2550 1357 2621 πρὸς
1381 2549 1480 2614 τὰς
1507 2551 1699 2620 ἡδονάς
1732 2552 1958 2623 ἐπικρα-

380 2633 604 2703 τοῦντας
629 2639 807 2693 αὐτῶν
825 2640 936 2711 (74)
955 2635 974 2671 ·’
1003 2641 1118 2694 ἀλλ’
1150 2642 1371 2706 οἴονται,
1398 2644 1479 2695 ὅτι
1512 2643 1688 2714 πάντη
1716 2643 1956 2697 ἐκποδὼν

381 2731 450 2784 τά
493 2733 638 2805 πάθη
669 2733 766 2804 τῆς
797 2733 890 2787 :06
923 2732 1173 2804 σώματος
1230 2734 1409 2788 αὐτῶν
1456 2734 1670 2804 φύσεως
1711 2735 1954 2804 γέγονεν.

387 2822 548 2875 Ὅθεν
597 2823 697 2895 δὴ,
759 2823 854 2877 καὶ¹
898 2823 952 2878 εῐ
997 2842 1050 2878 τι
1096 2823 1288 2894 μικρὸν
1324 2825 1352 2876 6
1428 2825 1792 2897 πνευματικὸς
1839 2824 1956 2877 δια-

387 2916 581 2988 μάρτοι
628 2915 723 2970 τοῦ
791 2917 992 2980 καλοῦ,
1059 2918 1261 2980 εὐθέως
1322 2919 1600 2982 ἅπαντες,
1658 2917 1751 2970 καὶ
1801 2918 1848 2970 οἱ
1898 2917 1958 2970 :6

385 3010 514 3079 πρὶν
569 3007 891 3080 θερμότατοι
934 3009 1210 3063 ἐπαινέται
1252 3009 1344 3061 καὶ
1377 3009 1718 3079 θαυμασταὶ,
1772 3008 1956 3078 πικροὶ

385 3100 678 3171 κατήγοροι
725 3101 1008 3170 γίνονται,
1055 3101 1150 3154 καὶ
1203 3101 1568 3171 διελέγχουσιν
1600 3102 1846 3164 ἑαυτοὺς,
1869 3101 1957 3153 οὐ·

384 3191 442 3244 δὲ
513 3191 776 3264 πρότερον
825 3192 1045 3263 ἀληθεῖς
1099 3192 1258 3268 τοὺς.
1297 3192 1552 3256 ἐπαίνους
1629 3191 1958 3263 ποιούμενοι.
1989 3175 2032 3231 C-

388 3281 656 3354 Καθάπερ
712 3282 821 3354 γὰρ
874 3281 1107 3352 ἀθλητοῦ
1160 3300 1304 3346 τινος
1386 3282 1771 3352 ὀλισθήσαντος
1795 3322 1811 3346 ,
1868 3283 1958 3336 εύ-

387 3372 486 3438 66;
511 3376 538 3428 6
558 3375 850 3440 ἀντίπαλος
883 3370 1333 3452 κατεξανίσταται
1367 3373 1544 3428 παίων
1585 3373 1679 3430 καὶ
1721 3389 1963 3444 προσκα-

387 3467 668 3522 ταϐάλλων
695 3469 872 3522 αὐτόν·
917 3467 1060 3521 οὕτω
1092 3467 1182 3520 καὶ
1212 3468 1409 3520 ἐκεῖνοι
1461 3465 1593 3537 (75),
1635 3465 1772 3518 ὲπὰν
1813 3465 1962 3518 ἴδωσι

389 3559 483 3612 τὸν
550 3561 608 3612 ὲν
654 3560 886 3630 ἀσκήσει
937 3558 1139 3632 ἀρετῆς
1195 3556 1462 3621 διαζῶντα
1513 3556 1706 3628 μικρόν
1768 3573 1819 3610 τι
1871 3556 1962 3608 :06

392 3651 559 3704 καλοῦ
629 3651 1097 3723 διαμαρτήσαντα,
1134 3649 1462 3703 ἐπιτίθενται
1512 3651 1633 3712 ταῖς
1675 3647 1962 3727 λοιδορίαις

393 3743 488 3797 καὶ
543 3746 656 3808 ταῖς
689 3744 957 3808 διαϐολαῖς
981 3786 996 3810 ,
1028 3743 1242 3824 ὥσπερ
1288 3741 1580 3818 τοξεύμασι
1640 3741 1925 3812 βάλλοντες
1947 3756 1959 3770 ·

391 3836 454 3888 οὐ
503 3835 849 3908 λογιζόμενοι
903 3821 1030 3891 καθ⁴
1075 3821 1333 3901 ἑαυτοὺς,
1386 3837 1466 3889 ὅτι
1509 3836 1662 3889 αὐτοὶ
1725 3834 1822 3906 μὲν
1877 3833 1962 3902 ἐφ’

395 3929 631 3998 ἑκάστης
663 3931 876 4003 ἡμέρας
919 3929 1569 4004 μυρίοις-τιτρώσκονται
1609 3931 1724 3994 τοῖς
1784 3928 1964 3999 βέλεσι

393 4020 502 4072 τῶν
558 4020 766 4075 παθῶν.
812 4021 875 4075 Οἱ
938 4020 995 4075 δέ
1039 4037 1104 4090 γε
1166 4021 1263 4092 τῆς
1302 4020 1584 4083 εὐσεϐείας
1634 4018 1962 4088 ἀγωνισταὶ,

398 4115 595 4184 καίπερ
643 4113 748 4166 61:6
799 4113 906 4168 τῶν
947 4113 1147 4184 ὁμοίων
1201 4112 1640 4186 πολιορκούμενοι
1669 4110 1888 4175 παθῶν,
1929 4109 1962 4181 ἢ

399 4205 571 4275 μικρά
603 4222 724 4258 τινα
744 4243 759 4266 ,
811 4203 842 4275 ἥ
869 4203 1020 4257 οὐδὲν
1075 4204 1332 4268 πολλάκις
1363 4203 1466 4256 61:6
1496 4201 1698 4256 τούτων
1725 4203 1963 4272 ἐπηρεά-

397 4294 580 4357 ζονται
600 4312 612 4324 ·
669 4294 763 4349 καὶ
794 4295 966 4349 ταῦτα
990 4333 1006 4358 ,
1052 4295 1145 4348 καὶ
1171 4295 1260 4348 τὸν
1291 4293 1694 4363 ἀνταγωνιστὴν
1741 4292 1965 4363 σφοδρό-

397 4403 552 4454 τερον
605 4387 748 4459 ἢπερ
797 4388 992 4440 ἐκεῖνοι
1039 4387 1331 4458 δεχόμενοι.
1406 4385 1664 4456 Ἐπείπερ
1691 4376 1836 4438 οὗτοι
1866 4384 1966 4455 μὲν

396 4474 488 4526 τὸν
511 4474 646 4542 1:96;
685 4477 891 4529 ἐκεῖνον
916 4476 1101 4545 ἀγῶνα
1126 4475 1561 4547 διωμολόγησαν,
1589 4475 1683 4529 καὶ
1717 4475 1858 4546 μέγα
1889 4474 1966 4546 τῷ

400 4565 620 4636 πονηρῷ
642 4565 702 4618 :6
723 4566 862 4620 κατὰ
887 4566 1091 4620 τούτων
1113 4566 1346 4638 ἅρασθαι
1393 4570 1559 4632 νῖκος,
1593 4565 1752 4620 πάλιν
1792 4564 1904 4636 (76)
1921 4565 1964 4618 δ’

399 4653 466 4709 αὖ
498 4656 559 4709 :6
591 4657 890 4729 ἡττηθῆναι
941 4658 1158 4730 καιρίαν
1187 4659 1287 4728 τὴν
1343 4658 1557 4730 πληγὴν
1593 4659 1858 4728 ἤνεγκεν,
1896 4658 1972 4720 ὡς

397 4745 697 4816 ὁλοσχερῶς
736 4747 829 4799 καὶ
870 4747 1038 4800 πᾶσιν
1078 4747 1279 4818 ἀρετῆς
1315 4747 1530 4816 μέρεσιν
1570 4747 1888 4818 ἡττηθέντι·
1945 4751 1972 4800 6

398 4835 455 4887 δὲ
492 4837 627 4908 πρὸς
659 4838 784 4901 τοὺς
810 4837 887 4909 τῷ
938 4837 1040 4908 βίῳ
1086 4839 1523 4908 προσνείμαντας
1554 4838 1784 4901 ἑαυτοὺς
1807 4854 1974 4900 καταέ

476 4991 521 5022 ³³
549 4990 704 5046 Joan.
740 5007 800 5057 ιι,
828 4990 919 5045 24.

473 5145 596 5217 (69)
617 5146 837 5217 Antiqui
855 5147 962 5202 duo
992 5145 1114 5202 libri
1145 5148 1172 5198 6
1212 5146 1433 5217 Ἰησοῦς.
1464 5143 1742 5201 Articulus
1775 5144 1828 5197 in
1849 5145 1969 5196 vul-

397 5232 459 5286 ga
474 5218 543 5271 tis
569 5216 770 5271 deerat.

475 5285 586 5356 (70)
617 5287 800 5356 Codex
831 5285 990 5342 Voss.
1027 5285 1321 5348 ἐκδιδόντες
1352 5287 1606 5356 πονηροῖς
1635 5284 1792 5356 άνθρ.

477 5354 590 5425 (71)
625 5354 778 5411 Unus
831 5372 935 5412 ms.
987 5354 1507 5426 ὲπισπασώμεθαμῖ
1549 5355 1968 5426 καταπήξωμεν.

406 5423 528 5498 μοχ
563 5423 670 5498 duo
699 5427 1248 5498 ῐηεεηὲπιχειροῡσιν,
1281 5423 1402 5478 οὐδὲ
1431 5423 1766 5496 ἀλοιδόρητα.
1791 5424 1970 5479 Codex

403 5494 560 5567 Coll).
576 5565 580 5567 _
594 5494 1118 5567 s§:xe:906a:,pﬁ:e
1147 5496 1232 5550 ἀλ.

480 5565 591 5632 (72)
612 5564 835 5621 Veteres
868 5564 992 5620 duo'
1017 5567 1138 5619 libri
1170 5566 1616 5636 πεφυλαγμένως.

481 5636 593 5704 (75)
620 5637 799 5690 Codex
828 5636 982 5691 Colb.
1039 5637 1146 5688 τῶν
1185 5634 1576 5706 μεταθεμένων.
1614 5636 1804 5688 Statim
1841 5634 1969 5703 Reg.

421 5709 621 5762 tertius
642 5717 695 5762 et
726 5707 857 5763 editi
890 5708 1341 5772 μετασκευάτθαι.
1402 5707 1504 5762 Alii
1537 5715 1646 5763 tres
1678 5721 1806 5760 mss.
1850 5721 1971 5756 μετ-

2062 1915 2424 1971 confabulari.
2455 1914 2590 1969 Nam
2618 1917 2866 1970 incidunt
2897 1925 2948 1971 ct
2981 1917 3033 1970 in
3069 1917 3215 1971 aliud
3249 1917 3521 1986 quoddam
3551 1918 3635 1969 vi-

2061 2008 2220 2075 tium,
2256 2009 2386 2063 dum
2415 2009 2482 2064 de
2512 2009 2580 2064 iis
2614 2003 2705 2078 qui
2747 2024 2776 2064 e
2814 1994 3013 2063 saeculo
3061 2016 3427 2071 recesserunt,
3462 2008 3636 2075 impe-

2062 2099 2167 2154 rite
2215 2113 2280 2153 ae
2331 2090 2527 2156 inscite
2585 2084 2857 2170 cogitant.
2903 2098 3267 2169 Suspieantur
3307 2101 3452 2154 enim
3522 2114 3631 2154 non

2068 2196 2302 2242 mentem
2333 2189 2772 2258 sententiamque
2803 2204 3017 2254 eorum,
3052 2189 3144 2258 qui
3176 2191 3300 2243 vita:
3324 2203 3496 2260 genus
3530 2187 3633 2240 im-

2062 2287 2364 2342 mutarunt,
2404 2263 2746 2334 immutatam
2790 2279 2981 2342 fuisse,
3023 2281 3130 2334 sed.
3153 2280 3327 2349 ipsam
3378 2286 3632 2332 naturam

2065 2372 2353 2425 humanam
2377 2371 2595 2441 penitus
2619 2372 2674 2426 in
2699 2372 2818 2426 illis.
2833 2371 3008 2427 fuisse
3035 2371 3505 2430 transformatam,
3531 2383 3632 2422 nec

2059 2463 2310 2534 judicant
2357 2464 2426 2519 de
2461 2465 2680 2526 ascetis,
2737 2476 2995 2534 tauquam
3042 2449 3491 2523 dehominibus,
3539 2463 3633 2531 qui

2063 2573 2190 2613 cum
2259 2559 2313 2612 in
2363 2557 2554 2614 iisdem
2608 2559 2894 2615 affectibus
2945 2567 3258 2630 versentur,
3299 2574 3394 2614 eos
3447 2568 3634 2612 tamen

2068 2649 2236 2704 animi
2279 2651 2508 2714 viribus,
2547 2658 2602 2705 et
2629 2667 2725 2707 sua
2763 2666 2792 2704 a
2822 2651 3196 2720 voluptatibus
3232 2650 3636 2728 abalienatione

2065 2743 2318 2806 vincant;
2352 2743 2444 2799 sed
2489 2743 2829 2798 arbitrantur
2878 2748 3128 2813 corporis
3160 2759 3347 2802 eorum
3383 2750 3633 2796 naturam

2066 2830 2351 2886 affectibus
2372 2832 2688 2887 nullomodo
2709 2832 2997 2886 obnoxiam
3027 2847 3168 2886 esse.
3202 2816 3424 2900 Ex'quo
3457 2830 3534 2890 fit.
3574 2838 3635 2884 ut

2066 2925 2112 2979 si
2149 2923 2232 2978 vel
2273 2923 2552 2992 paululum
2601 2924 2900 2993 spiritualis
2939 2924 3023 2976 vir
3070 2939 3098 2976 a
3133 2930 3282 2977 recto
3328 2922 3638 2986 declinarit,

2065 3015 2248 3071 statim
2283 3030 2493 3078 omnes,
2521 3017 2685 3072 etiam
2719 3017 2751 3070 ii
2784 3018 2884 3085 ipsi
2923 3017 3017 3085 qui
3055 3023 3210 3070 erant
3237 3023 3390 3068 antea
3425 3013 3636 3069 ferven-

2065 3107 2264 3164 tissimi
2293 3108 2609 3163 laudatores
2631 3107 3122 3177 admiratoresque,
3153 3106 3283 3161 fiant
3308 3105 3641 3159 amarulenti

2068 3203 2442 3260 accusatores,
2477 3204 2640 3267 atque
2663 3196 2800 3250 adeo
2829 3213 2940 3250 nou
2965 3212 3123 3254 ver-as
3146 3195 3338 3248 laudes
3361 3195 3512 3263 prius
3540 3195 3639 3246 tri-

2067 3289 2253 3346 buisse
2277 3289 2704 3344 convincuntur.
2744 3286 3209 3353 Quemadmodum
3241 3286 3386 3340 enim
3423 3285 3640 3338 labente

2069 3382 2253 3453 aliquo
2295 3382 2518 3444 athleta,
2550 3380 2836 3435 confestim
2887 3378 3236 3434 adversarius
3285 3376 3536 3447 insurgit,
3571 3377 3637 3428 il-

2070 3470 2290 3540 lumque
2329 3469 2475 3534 ferit,
2513 3485 2576 3522 ac
2625 3469 2798 3538 magis
2832 3467 3130 3538 prosternit
3162 3486 3174 3520 :
3209 3466 3290 3520 sic
3333 3466 3494 3519 etiam
3537 3463 3634 3528 illi,

2070 3561 2161 3616 ubi
2217 3561 2454 3616 viderint
2504 3576 2628 3615 eum
2677 3561 2767 3629 qui
2806 3562 2859 3614 iu
2906 3560 3124 3613 virtutis
3163 3558 3425 3611 exercitio
3478 3556 3634 3618 vivit.

2070 3653 2343 3707 tantillum
2389 3668 2419 3706 a
2454 3660 2605 3706 recto
2635 3650 2944 3714 deflexisse,
3000 3659 3112 3703 tum
3143 3648 3318 3718 ipsum
3374 3647 3640 3700 conviciis

2070 3743 2472 3813 calumniisque
2503 3740 2726 3812 perinde
2763 3749 2822 3797 ut.
2855 3739 3121 3796 immissis
3157 3737 3487 3810 quibusdam
3526 3736 3640 3807 spi-

2070 3837 2209 3893 culis
2239 3837 2579 3898 insectantur
2609 3854 2621 3888 :
2648 3848 2826 3904 neque
2849 3840 3104 3902 reputant
3135 3846 3345 3894 secum,
3371 3845 3431 3886 se
3464 3827 3640 3898 quoti-

2071 3929 2158 3985 die
2178 3928 2484 3983 innumeris
2512 3927 2766 3982 vitiorum
2799 3927 2922 3982 telis
2950 3924 3222 3994 transfigi.
3259 3923 3328 3977 At
3364 3937 3496 3978 vero
3519 3925 3638 3990 pie-

2071 4021 2202 4076 tatis
2230 4030 2688 4091 propugnatores,
2722 4019 2939 4074 etiamsi
2966 4019 3036 4073 ab
3058 4017 3250 4072 iisdem
3285 4017 3644 4073 obsideantut'

2073 4110 2382 4175 affectibus,
2423 4127 2567 4182 saepe
2594 4119 2774 4166 tamen
2799 4113 2866 4165 ab
2895 4111 2983 4166 his
3015 4119 3110 4164 aut
3140 4125 3352 4180 parum,
3387 4118 3481 4163 aut
3509 4107 3645 4164 nihil

2073 4204 2350 4274 accipiunt
2377 4203 2727 4269 detrimenti;
2769 4205 2952 4272 idque,
2984 4203 3232 4272 quamvis
3271 4199 3644 4255 adversarium

2072 4295 2532 4350 vehementiorem
2574 4309 2736 4365 quam
2772 4295 2848 4348 illi
2884 4295 3213 4349 sustineant.
3263 4291 3396 4344 Nam
3439 4290 3492 4344 bi
3522 4291 3658 4360 qui-._

2072 4385 2195 4440 dem
2223 4385 2274 4440 ei
2306 4400 2364 4440 se
2392 4385 2737 4442 adversarios
2768 4386 2999 4456 professi
3043 4393 3190 4450 sunt,
3233 4391 3287 4437 et
3322 4383 3500 4451 magni
3543 4381 3644 4434 ali.

2073 4473 2205 4546 quid
2234 4474 2488 4544 adeptum
2537 4491 2599 4532 se
2640 4492 2763 4532 esse
2793 4476 3091 4530 arbitratur
3133 4474 3404 4542 malignus
3452 4471 3562 4534 ille,
3595 4471 3641 4524 si

2075 4566 2141 4620 de
2174 4565 2311 4636 ipsis
2343 4575 2584 4638 reportet
2613 4568 2921 4629 victoriam,
2948 4573 3270 4634 contraque,
3305 4564 3350 4618 si
3382 4577 3641 4619 succum.-

2073 4657 2172 4722 bit,
2205 4666 2359 4729 putat
2392 4657 2730 4713 mortiferam
2763 4659 2969 4728 plagam
3017 4658 3121 4713 sibi
3155 4657 3347 4728 infligi,
3383 4664 3642 4725 tanquam

2074 4748 2168 4816 qui
2200 4746 2442 4818 perfecte
2488 4757 2542 4802 et
2575 4749 2630 4801 in
2656 4750 2912 4804 omnibus
2936 4749 3154 4803 virtutis
3185 4746 3434 4817 partibus
3464 4747 3644 4800 victus

2077 4838 2149 4902 sit
2183 4858 2194 4891 :
2226 4839 2321 4898 sed
2354 4840 2552 4894 bellum
2591 4840 2680 4904 iis,
2721 4841 2815 4910 qui
2860 4857 2918 4898 se
2959 4839 3162 4904 mundo
3206 4839 3515 4909 saeculoque
3544 4836 3641 4891 ad-

2072 5146 2417 5199 εσκευάσθαι.

2143 5218 2254 5286 (74)
2277 5217 2454 5270 Codex
2479 5214 2632 5286 Colb.
2654 5213 3078 5286 ἐπικρατοῦντας
3104 5215 3333 5286 ξαυτῶν.
3355 5215 3640 5284 Aliquanto

2073 5284 2197 5355 post
2239 5284 2384 5340 editi
2419 5284 2580 5355 Ὅθεν
2617 5284 2702 5353 δὴ,
2737 5284 2843 5355 καὶ
2873 5287 2938 5355 εἰ,
2967 5286 3068 5336 ὅτι.
3107 5285 3330 5340 Veteres
3357 5294 3467 5340 tres
3522 5287 3642 5339 libri

2074 5354 2128 5409 ετ
2155 5375 2227 5410 τι.
2282 5354 2435 5408 Haud
2485 5354 2814 5426 longeuediti
2865 5354 3144 5426 ἐπαινέται
3190 5357 3283 5408 καὶ
3319 5357 3641 5426 θαυμαστοί,

2075 5429 2235 5482 male.
2271 5426 2490 5495 Antiqui
2522 5423 2630 5477 duo
2654 5423 2773 5476 libri
2802 5431 2994 5492 prmter
3032 5425 3276 5480 Combef.
3312 5423 3644 5495 θαυμασταί,

2078 5499 2232 5552 bene.
3447 5503 3451 5506 ’

2149 5567 2258 5630 (75)
2291 5563 2470 5619 Codex
2503 5563 2656 5618 Coll).
2692 5563 2859 5626 οὕτως
2896 5562 3150 5616 κάκεῖνοι.

2152 5638 2262 5709 (76)
2293 5637 2523 5693 Codices
2557 5634 2798 5691 nonnulli
2828 5635 2921 5694 καὶ
2956 5634 3135 5690 πάλιν.
