4018 6226
429 391 607 508 ᾔίῦθό

1771 395 1829 452 8.
1878 395 2118 453 BASII‘Ji
2156 394 2382 454 MAGNI‘

3560 400 3677 458 ὲόϐί

465 516 743 580 dixerunt,
780 513 1012 579 illattun,
1038 515 1345 585 despicatui
1382 516 1633 581 habetur,
1664 518 1859 587 partim
1890 518 2037 588 quod

2152 520 2487 589 πεφρόνηται
2539 498 2805 590 πόλεμοςξο
2855 517 2915 573 τὺ
2952 519 3084 591 μὲν,
3130 520 3211 573 ὅτι
3260 521 3319 573 οί·
3336 518 3560 583 πλεῖστοι
3591 525 3678 581 αὐτ

463 608 701 663 maxima
740 623 927 663 eorum
960 623 1088 677 pars
1123 608 1190 662 ad
1230 623 1385 663 suam
1429 608 1638 663 cladem
1683 616 2031 679 stragemque

465 709 660 768 suapte
706 708 900 768 sponte
946 707 1196 765 currant,
1233 699 1610 770 voluptatibus
1652 700 1826 755 variis
1876 708 2039 769 atque

465 789 861 858 cupiditatibus
910 790 976 844 ad
1024 799 1306 860 peccatum
1360 790 1557 853 allecti,
1608 790 2039 860 adversarioque

466 880 752 934 victoriam
784 881 853 935 de
902 897 961 936 se
993 880 1247 937 facillime
1292 880 1678 951 reportandam
1724 880 2035 943 oﬂerentes,

466 972 665 1039 partim
693 973 845 1040 quod.
869 974 906 1026 ii
938 974 1101 1028 etiam
1145 974 1239 1043 qui
1290 989 1481 1043 parum
1519 980 1743 1043 peccato
1771 972 2038 1027 obsistere

466 1060 742 1126 videntur,
786 1064 860 1118 ob
902 1064 1051 1117 varia
1092 1064 1475 1134 impedimenta
1539 1062 1684 1117 haud
1746 1062 1960 1117 difﬁcile
2006 1078 2037 1115 a

465 1153 729 1219 palaestra»
765 1154 1046 1219 secedant,
1077 1154 1236 1225 552
1273 1164 1326 1210 et
1370 1165 1520 1226 terga
1550 1165 1841 1221 vertentes,
1872 1157 2035 1210 vehe-

466 1253 790 1315 menterque
835 1247 1049 1316 sagittis
1082 1247 1257 1315 petiti,
1313 1248 1516 1304 multas
1561 1264 1625 1302 ac
1662 1246 1835 1303 foedas
1863 1247 2036 1303 cladis

468 1350 585 1389 sua:
616 1344 776 1390 notas
807 1334 1001 1390 ferant.

539 1429 591 1480 5.
634 1426 788 1492 Quod
813 1429 857 1482 si
893 1429 1033 1482 forte
1061 1429 1328 1492 nonnulli,
1361 1428 1565 1497 impetu
1601 1431 1765 1483 etiam
1806 1427 2036 1482 munda-

464 1534 661 1573 Harum
707 1534 960 1573 curarum
1000 1528 1278 1589 superato,
1322 1520 1546 1591 maligni
1576 1520 1722 1573 illius
1754 1519 1896 1575 bello
1937 1520 2036 1574 ob-

466 1625 625 1663 versa
648 1610 786 1665 facie
810 1626 1084 1681 opponere
1113 1626 1173 1666 se
1197 1619 1514 1681 potuerunt,
1540 1627 1650 1665 non
1679 1619 1860 1664 tamen
1885 1611 2036 1680 paria

466 1703 768 1756 certamina
802 1704 1204 1767 sustinuerunt,
1234 1705 1329 1758 sed
1374 1704 1571 1769 multo,
1607 1704 1692 1759 vel
1730 1704 1911 1775 potius
1946 1703 2033 1757 in:

469 1789 920 1859 finitispartibus
950 1791 1163 1846 minora
1212 1802 1339 1846 sunt
1368 1803 1674 1848 ascetarum
1718 1793 2036 1846 certamini-

2140 606 2251 660 τῶν
2300 608 2625 679 αὐτομάτως
2656 609 2749 661 ἐπὶ
2778 608 2874 680 τὴν
2903 602 3073 681 ἧτταν
3114 607 3392 681 τρέχουσι,
3423 613 3535 674 ταῖς
3577 628 3680 666 ποι-

2141 698 2322 763 κίλαις
2342 699 2557 771 ἡδοναῖς
2598 700 2691 754 καί
2719 700 3037 771 ἐπιθυμίαις
3094 701 3234 773 πρὸς
3273 702 3371 772 τὴν
3435 703 3681 774 ἁμαρτίαν

2138 788 2515 861 δελεαζόμενοι
2542 830 2557 856 ,
2598 792 2695 853 καὶ
2757 790 2956 845 ἄπονον
3006 790 3155 861 αὐτῷ
3200 792 3296 863 τὴν
3339 790 3458 845 καθ’
3496 792 3680 856 ἑαυτῶν

2139 881 2295 952 νίκην
2348 883 2708 954 παρέχοντες*
2741 880 2803 936 τὸ
2842 882 2900 935 δὲ
2930 921 2944 946 ,
2988 882 3069 934 ὅτι
3097 882 3190 934 καὶ
3217 884 3264 934 οἱ
3308 880 3576 945 δοκοῦντες
3605 898 3682 951 μι-

2139 974 2271 1044 κρὸν
2319 958 2454 1047 πρὸς
2504 974 2601 1045 τὴν
2666 973 2941 1045 ἁμαρτίαν
3004 973 3307 1045 ἀνταίρειν,
3378 975 3488 1036 τοῖς
3524 972 3680 1026 ποικί-

2137 1065 2250 1130 λοις
2294 1069 2701 1138 περισπασμοῖς
2744 1065 2980 1130 εὐκόλως
3026 1066 3126 1137 τῆς
3161 1065 3394 1133 ἀγωνίας
3443 1064 3679 1134 ἀφέλκονσ

2137 1175 2260 1223 ται,
2294 1161 2387 1212 καὶ
2435 1159 2502 1213 τὰ
2541 1159 2688 1221 νῶτα
2739 1158 3067 1230 στρέψαντες
3108 1157 3240 1227 (77),
3288 1158 3383 1211 καὶ
3412 1157 3678 1221 ἀνενδότως

2140 1250 2498 1321 βαλλόμενοι,
2532 1249 2725 1305 ,πολλά
2755 1250 2851 1303 καὶ
2888 1248 3091 1319 αίσχρά
3120 1249 3219 1319 τῆς
3256 1249 3427 1319 ἥττης
3463 1247 3528 1301 τά
3578 1247 3677 1301 στί-

2136 1358 2318 1413 γματα
2338 1343 2613 1413 φέρουσιν.

2207 1436 2262 1489 5.
2304 1436 2368 1488 Εἰ
2396 1435 2461 1489 δέ
2480 1436 2580 1489 πού
2609 1452 2777 1501 τινες,
2806 1434 2907 1496 καὶ,
2925 1434 3025 1506 τὴν
3060 1433 3231 1511 φορὰν
3280 1435 3389 1490 τῶν
3438 1434 3685 1507 βιωτικῶν

2137 1529 2537 1599 περισπασμῶν
2578 1514 2932 1600 βιασάμενοι,
2978 1527 3290 1597 ἀντιϐλέψαι
3322 1529 3451 1599 πρὸ,
3493 1527 3576 1580 τὸν
3599 1525 3685 1585 τοῦ,

2136 1620 2373 1692 πονηροῦ
2402 1619 2719 1691 δεδύνηνται
2755 1619 2990 1690 πόλεμον
3015 1658 3029 1682 ,
3083 1618 3199 1671 ἀλλ’
3226 1614 3319 1672 οὖν
3348 1606 3412 1688 γε
3441 1615 3688 1681 ού,τοιού-.

2135 1728 2260 1775 τους
2302 1710 2517 1779 ἀγῶνας
2576 1712 2898 1783 διήνεγκαν,
2947 1711 3082 1764 ἀλλά
3138 1710 3316 1781 πολλῷ
3359 1712 3452 1764 καὶ
3493 1708 3680 1780 ἀπείρῳ

2135 1803 2213 1874 τῷ
2280 1804 2462 1875 μέτρῳ
2514 1803 2623 1857 τῶν
2677 1803 2986 1874 ἀσκητικῶν
3034 1803 3390 1874 λειπομένους
3456 1802 3580 1873 (78).
3630 1802 3681 1855 '0

466 1876 593 1933 bus.
634 1878 788 1933 Alter
832 1881 977 1935 enim
1015 1880 1294 1936 contendit
1324 1884 1561 1936 retinere
1586 1882 1676 1951 jus
1731 1898 1912 1949 suum,
1948 1890 2003 1935 at

2144 1897 2237 1967 μὲν
2294 1894 2403 1967 γὰρ
2438 1895 2545 1950 τῶν
2589 1896 2811 1951 δικαίων
2852 1899 3073 1968 κρατεῖν
3104 1897 3215 1966 (79)
3269 1896 3560 1949 ἐσπούδακε
3601 1894 3691 1948 καὶ

467 1982 575 2035 que
599 1968 653 2023 in
690 1970 897 2034 litibus,
931 1987 1051 2041 qua:
1074 1970 1142 2026 de
1172 1974 1531 2042 praesentibus
1559 1973 1715 2039 ﬁunt,
1744 1975 2035 2044 pertinaci-

467 2070 551 2112 ter
588 2059 867 2128 decertat;
918 2063 1054 2117 alter
1092 2079 1223 2117 vero
1252 2064 1335 2117 vel
1365 2064 1431 2118 de
1461 2064 1586 2134 jure
1630 2066 1792 2118 etiam
1830 2080 1930 2119 suo
1969 2066 2036 2119 iis

468 2153 565 2222 qui
611 2168 799 2209 secum
832 2154 1063 2224 litigant,
1113 2155 1382 2220 concedit,
1428 2155 1714 2224 perﬁciens
1758 2157 1925 2211 illud:
1957 2156 2034 2209 Ab

467 2261 528 2296 ιο
552 2245 643 2315 qui
673 2244 849 2313 aufert
877 2262 994 2315 qua:
1024 2258 1115 2300 tua
1149 2257 1291 2310 sunt,
1328 2262 1389 2298 ne
1420 2256 1588 2313 repete
1607 2245 1674 2300 “.
1698 2243 1791 2300 Ille
1817 2261 2038 2315 percus-

467 2353 567 2393 sus
596 2339 833 2408 perculit
872 2339 1137 2403 vicissim,
1182 2347 1237 2393 et
1272 2338 1499 2392 affectus
1544 2336 1748 2406 injuria
1778 2337 2034 2407 injuriam

465 2430 709 2486 vicissim
749 2431 934 2494 infert,
966 2440 1128 2501 atque
1165 2431 1268 2485 hoc
1304 2439 1463 2500 pacto
1499 2436 1646 2485 stare
1680 2445 1739 2484 se
1768 2431 1823 2484 in
1853 2445 2036 2498 aequa-

465 2517 622 2573 .itate
661 2521 959 2575 arbitratur
988 2541 1001 2575 :
1038 2521 1126 2575 bic
1161 2536 1288 2575 vero
1314 2521 1529 2585 tolerat,
1560 2520 1740 2590 quoad
1770 2519 2028 2590 injuriam

467 2609 694 2666 facienti
725 2620 818 2666 aut
859 2612 1025 2666 etiam
1055 2613 1273 2667 ferienti
1312 2611 1622 2666 satietatem
1657 2610 1925 2665 attulerit.
1969 2609 2038 2662 Et

469 2699 560 2756 hic
593 2700 733 2755 idem
768 2701 952 2756 studet
989 2702 1244 2757 omnibus
1271 2703 1523 2772 corporis
1545 2703 1916 2772 voluptatibus
1943 2702 2040 2755 do—

472 2791 713 2846 minari:
750 2793 888 2847 alter
926 2808 1056 2848 vero
1101 2794 1167 2849 ad
1213 2794 1517 2849 satietatem
1574 2810 1747 2864 usque
1796 2794 2039 2864 indulget

470 2886 860 2954 voluptatibus.
897 2886 1183 2952 Quomodo
1214 2888 1379 2955 igitur
1407 2889 1498 2950 qui
1528 2887 1690 2941 civile
1716 2887 1842 2941 vitae
1867 2902 2038 2957 genus

470 2976 646 3038 ducit,
680 2978 822 3031 inter
875 2978 1110 3033 athletas
1152 2980 1552 3044 numerabitur,
1588 2981 1635 3034 si
1687 2996 1813 3035 cum
1856 2989 2038 3036 asceta

471 3080 820 3139 comparetur
838 3071 866 3123 ?-
893 3069 1063 3125 Velim
1109 3071 1429 3127 consideres
1473 3080 1529 3126 et
1572 3072 1744 3137 aliud,
1778 3072 1926 3143 quod
1968 3072 2036 3127 iis

472 3162 696 3216 solitum
724 3169 809 3215 est
844 3177 946 3216 usu
982 3162 1188 3224 venire,
1219 3162 1314 3231 qui
1363 3177 1705 3219 communem
1749 3178 1815 3218 ac
1848 3164 2039 3233 vulga-

471 3268 589 3308 rem
626 3254 790 3307 vitam
835 3262 1162 3323 sequuntur,
1206 3253 1649 3325 quandocunque
1699 3270 1789 3309 res
1829 3264 2041 3310 asceta-

471 3359 595 3398 rum
624 3343 957 3411 expendunt.
990 3342 1163 3395 Simul
1193 3358 1257 3395 ac
1286 3344 1431 3396 enim
1456 3352 1639 3398 asceta
1673 3358 1887 3413 aequum
1920 3359 2043 3398 esse

470 3435 716 3499 duxerit,
755 3450 955 3506 corpus
996 3444 1121 3505 post
1161 3437 1375 3505 longam
1407 3434 1603 3490 famem
1639 3435 1898 3489 alimento
1927 3434 2045 3489 suf-

473 3526 691 3592 fulcire,
735 3536 866 3582 tunc
908 3529 1066 3598 quasi
1097 3526 1146 3582 is
1181 3527 1538 3596 incorporeus
1589 3533 1754 3591 esset,
1787 3532 1842 3580 et
1874 3534 2045 3580 mate-

474 3620 569 3676 ria:
609 3635 830 3690 expers,
874 3620 1055 3689 ipsum
1100 3631 1193 3673 aut
1243 3619 1398 3685 nihil,
1432 3626 1526 3672 aut
1554 3634 1719 3689 quam
1761 3618 2043 3687 paululum

473 3710 718 3765 alimenti
747 3726 962 3766 sumere
991 3712 1200 3765 volunt.

546 3802 600 3856 4.
634 3802 769 3859 Etsi
807 3803 1044 3859 viderint
1074 3810 1325 3858 ascetam
1350 3817 1457 3857 non
1491 3806 1715 3858 omnino
1754 3802 2046 3858 immiseri—

474 3893 719 3950 corditer
759 3909 961 3965 corpus
1002 3904 1259 3959 tractare,
1303 3893 1400 3949 sed
1435 3895 1633 3965 partim
1666 3895 1858 3950 saltem
1902 3910 2044 3964 prae-

476 3990 621 4042 senti
653 3989 970 4043 necessitati
1004 3986 1346 4051 satisfacere,
1388 4002 1513 4041 eum
1547 3988 1815 4042 conviciis
1853 4002 1918 4041 ac
1952 4002 2047 4040 ca-

474 4079 702 4133 numniis
731 4086 1144 4141 consectantur,
1177 4092 1242 4132 ac
1273 4093 1369 4133 eos
1398 4085 1599 4133 vocant
1631 4079 1918 4142 beluones,
1950 4092 2049 4131 vo-

476 4184 765 4238 racesque,
807 4176 862 4223 et
913 4168 974 4221 id,
1015 4169 1254 4225 dedecus
1300 4169 1634 4240 bibendique
1684 4170 2049 4239 intemperan-

477 4262 613 4315 tiam
666 4263 736 4316 ab
777 4276 887 4315 uno
945 4262 1000 4314 in
1051 4275 1242 4317 omnes
1295 4262 1647 4317 extendunt:
1686 4277 1861 4331 neque
1914 4261 2049 4316 illud

478 4361 756 4422 reputant,
791 4369 868 4418 se,
902 4369 1025 4408 cum
1062 4355 1169 4417 bis,
1220 4360 1274 4408 et
1303 4369 1368 4408 ex
1414 4352 1550 4423 ipsis
1588 4354 1839 4408 nonnulli
1883 4352 2046 4407 etiam

476 4452 565 4499 ter
602 4446 689 4500 die
746 4447 930 4501 cibum
980 4447 1221 4517 capiant,
1271 4458 1325 4501 et
1374 4448 1518 4501 escis
1565 4444 1932 4501 crassissimis
1986 4458 2051 4499 ac

2137 1986 2452 2056 φιλονείκως
2481 1985 2855 2054 διαγωνίζεται
2909 1988 2968 2040 ἐν
3002 1991 3122 2052 ταῖς
3174 1988 3303 2058 περὶ
3339 1986 3410 2040 τά
3467 1985 3692 2057 παρόντα.Δ

2137 2076 2635 2147 ἀμφισϐητήσεων·
2682 2079 2710 2129 6
2738 2076 2793 2128 δὲ
2825 2076 2919 2129 καὶ
2966 2077 3075 2130 τῶν
3107 2077 3332 2131 δικαίων
3369 2079 3481 2141 τοῖς
3502 2077 3681 2146 ἀμφισ-

2137 2169 2360 2241 ϐητοῦσι
2392 2172 2742 2242 παραχωρεῖ,
2773 2169 2995 2242 πληρῶν
3036 2171 3131 2236 τὸ,
3186 2170 3332 2225 Ἀπὸ
3371 2169 3476 2223 τοῦ
3505 2169 3681 2237 αἴρον-

2136 2271 2239 2318 τος
2293 2254 2365 2308 τὰ
2392 2254 2493 2319 σὰ,
2534 2253 2621 2322 μὴ
2654 2255 2909 2308 ἀπαίτει.
2958 2254 3017 2308 Ὀ
3046 2255 3161 2326 μὲν,
3209 2253 3521 2324 τυπτηθεὶς,
3572 2255 3681 2307 ἀντ-

2137 2346 2408 2418 ετύπτησε
2440 2385 2455 2410 ,
2504 2347 2598 2399 καὶ
2652 2345 2964 2417 ἀδικηθεὶς,
3019 2346 3346 2417 ἀντηδίκησε
3373 2384 3390 2410 ,
3446 2344 3536 2398 καὶ
3570 2342 3681 2396 ταύο

2136 2456 2203 2509 τῃ
2257 2424 2491 2491 τὸίσον
2552 2436 2695 2508 ἔχειν
2752 2438 3163 2510 ὑπολαμϐάνει·
3233 2441 3263 2492 6
3330 2438 3386 2491 δὲ
3454 2435 3687 2508 καρτερεῖ

2142 2528 2299 2599 μέχρι
2323 2527 2728 2599 τοσούτου,ᾰχρι
2755 2528 2913 2600 κόρον
2934 2527 3012 2598 τῷ
3035 2526 3306 2581 ἀδικοῦντι
3334 2529 3367 2599 ἢ
3388 2526 3493 2595 (80)
3516 2521 3682 2592 καὶτῷ

2138 2620 2349 2672 παίοντι
2383 2620 2688 2690 ὲμποιήσει.
2721 2619 2828 2671 Καὶ
2857 2621 2886 2672 6
2922 2620 3022 2689 μὲν
3052 2620 3238 2672 πασῶν
3260 2620 3372 2672 τῶν
3396 2618 3486 2672 τοῦ
3514 2617 3677 2687 σώμα-

2138 2728 2227 2774 τος
2274 2710 2476 2781 ἡδονῶν
2542 2713 2762 2779 κρατεῖν
2810 2711 3224 2774 διεσπούδακεν,
3283 2713 3314 2763 6
3369 2711 3424 2764 δὲ
3458 2712 3514 2762 ἐν
3555 2709 3680 2777 κόρῳ

2138 2803 2403 2873 διατρίϐει
2423 2803 2533 2856 τῶν
2559 2803 2781 2874 ἡδονῶν.
2817 2802 2941 2866 Πῶς
2991 2800 3084 2856 οὖν
3110 2803 3177 2857 ἂν
3212 2803 3313 2856 καὶ
3359 2803 3466 2872 (81)
3513 2802 3681 2868 ἀγωνι-

2143 2895 2273 2965 στὴς
2295 2898 2323 2947 6
2358 2895 2609 2964 βιωτικὸς
2648 2896 2928 2966 νομισθείη
2963 2895 3102 2966 πρὸς
3136 2896 3228 2950 τὸν
3253 2895 3495 2966 ἀσκητὴν
3531 2890 3682 2964 κρινό-

2144 3003 2330 3056 μενος;
2365 2988 2641 3057 Σκόπησον
2672 2987 2729 3039 δὲ
2756 2987 2849 3045 καὶ
2894 2972 3101 3058 ἕτερον,
3136 2988 3273 3059 ὅπερ
3310 2986 3538 3055 πάσχειν
3575 2979 3683 3034 σύν-

2151 3073 2283 3145 ηθες
2331 3078 2444 3138 τοῖς
2490 3075 2568 3145 τῷ
2602 3076 2827 3147 παρόντι
2871 3074 2971 3145 βίῳ
3012 3075 3399 3146 προσέχουσιν,
3453 3072 3603 3143 ἡνίκα
3628 3068 3684 3121 ἂν

2140 3167 2209 3220 τὰ
2242 3167 2368 3238 περὶ
2397 3168 2521 3230 τοὺς
2568 3166 2812 3234 ἀσκητάς
2871 3164 3218 3231 ὲξετάζωσιν.
3262 3163 3511 3219 Ἐπειδὰν
3535 3162 3628 3233 γὰρ
3659 3162 3683 3212 6

2142 3256 2384 3327 ἀσκητὴς
2421 3257 2485 3309 ἐκ
2518 3258 2733 3326 μακρᾶς
2758 3256 2857 3325 τῆς
2884 3254 3092 3317 ἐνδείας
3120 3256 3428 3327 ὑπερείδειν
3458 3255 3517 3308 τὸ
3548 3252 3688 3320 σῶμα.

2142 3349 2317 3417 τροφῇ
2358 3344 2536 3408 καλῶς
2567 3345 2709 3415 ἔχειν
2734 3344 3004 3416 ἡγήσαιτο
3042 3343 3179 3415 (82),
3210 3346 3465 3417 καθάπερ
3499 3340 3694 3411 ἀσιίψιιι-Δ

2142 3437 2234 3489 τόν
2256 3454 2315 3489 τε
2351 3437 2443 3490 καὶ
2474 3436 2634 3490 ἀῦλον
2657 3477 2672 3502 ,
2701 3436 2735 3508 ἢ
2768 3436 2829 3489 οὐ
2862 3435 3110 3507 μετέχειν
3136 3440 3349 3512 τροφῆς
3369 3480 3385 3508 ,
3477 3438 3569 3509 τῆς
3591 3435 3686 3502 ὲλοτ

2145 3529 2336 3601 χίστης
2359 3530 2593 3583 θέλουσι.

2215 3799 2271 3853 4.
2311 3798 2430 3852 Κάν
2459 3800 2610 3853 ίδωσι
2644 3800 2736 3854 τὸν
2762 3802 3006 3873 ἀσκητὴν
3047 3800 3123 3872 μὴ
3153 3799 3333 3871 πάντη
3381 3795 3473 3852 τοῦ
3528 3793 3685 3864 σώμα-

2145 3910 2237 3956 τος
2263 3892 2497 3962 ἀφειδῶς
2528 3892 2754 3965 ἔχοντα,
2781 3894 2917 3948 ἀλλὰ
2948 3895 3104 3966 μέρει
3129 3893 3262 3962 γοῦν
3289 3910 3394 3947 τινι
3414 3891 3507 3963 τὴν
3538 3887 3687 3973 ὑπεὶρ·

2148 4000 2347 4055 χουσαν
2404 3983 2619 4037 ἔνδειαν
2662 3984 3067 4056 θεραπεύοντα,
3124 3981 3421 4055 λοιδοροῦσι
3468 3978 3555 4033 καὶ
3593 3975 3687 4028 δια-

2149 4075 2402 4128 ϐάλλουσι
2430 4115 2445 4138 ,
2508 4076 2605 4128 καὶ
2652 4076 2973 4139 πολυσίτους
3030 4075 3183 4138 τινὰς
3232 4075 3328 4128 καὶ
3385 4069 3686 4151 λαιμάργως

2149 4167 2479 4222 ἀποκαλοῦσι
2504 4210 2520 4234 ,
2554 4169 2655 4237 τὴν
2688 4167 2827 4221 κατὰ
2858 4166 2953 4221 τοῦ
2980 4166 3099 4231 ἑνὸς
3127 4166 3287 4238 ὓϐριν
3312 4166 3406 4219 καὶ
3435 4156 3688 4233 παροινίαν

2151 4260 2244 4313 ἐπὶ
2279 4260 2406 4322 τοὺς
2463 4260 2671 4322 πάντας
2720 4260 3091 4323 ἐκτείνοντεςο
3145 4259 3205 4311 οὐ
3246 4255 3594 4326 λογιζόμενοι,
3622 4249 3688 4301 ὅτι

2152 4350 2305 4403 αὐτοὶ
2356 4349 2452 4419 μὲν
2481 4348 2561 4411 δὶς
2583 4389 2597 4411 ,
2634 4348 2764 4402 ἔνιοι
2800 4349 2858 4402 δὲ
2891 4348 3069 4402 αὐτῶν
3098 4347 3192 4401 καὶ
3214 4347 3341 4419 τρὶς
3391 4345 3485 4415 τῆς
3507 4339 3689 4412 ἡμέρας

2155 4436 2458 4508 σιτούμενοι
2489 4437 2670 4490 σιτίων
2699 4436 2768 4488 τὰ
2808 4436 3096 4507 παχύτατα
3130 4436 3224 4488 καὶ
3259 4434 3513 4497 πιότατα,
3559 4425 3691 4483 ἀπεί-

477 4538 881 4609 pinguissimis,
903 4540 1220 4610 ingentique
1246 4540 1496 4592 carnium
1518 4537 1663 4592 mole
1684 4538 2040 4601 exsatientur,

2156 4548 2249 4602 ρου
2295 4547 2355 4583 τε
2395 4530 2564 4599 ὄγκου
2599 4529 2774 4602 κρεῶν
2822 4529 3218 4601 ἐμφορούμενοι
3244 4570 3261 4594 ,
3302 4527 3392 4582 καὶ
3415 4525 3548 4578 οίνου
3576 4518 3689 4630 πλῆ-

478 4629 941 4700 immodicamque
992 4630 1102 4684 vini
1150 4629 1364 4699 c0piam
1413 4628 1728 4690 infundant,
1773 4628 2052 4680 nihilomi-

481 4737 589 4776 nus
610 4729 793 4776 tame‘n
826 4722 1051 4791 perinde
1083 4731 1247 4791 atque
1269 4736 1435 4775 canes
1467 4728 1590 4790 post
1614 4719 1828 4790 longam
1856 4720 2052 4772 famem

482 4825 519 4864 ιι
542 4810 781 4867 vinculis
813 4812 1045 4877 solutos,
1070 4812 1275 4867 mensis
1306 4812 1541 4866 inhiare.
1579 4809 1685 4865 Sed
1712 4811 1827 4865 veri
1858 4818 2047 4863 asceta.

482 4909 540 4953 et
580 4901 838 4957 alimento
872 4903 1182 4958 siccissimo
1232 4911 1484 4965 utuntur,
1533 4911 1586 4956 et
1618 4902 1674 4955 in
1708 4917 1816 4971 quo
1854 4911 2051 4971 pneter

485 4995 912 5049 .uJuecillitatem
948 5003 1142 5052 tenues
1185 4996 1479 5050 admodum
1513 4995 1581 5048 ad
1618 4994 1872 5050 alendum
1905 4995 2048 5048 vires

557 5155 602 5186 “
627 5152 762 5209 Luc.
790 5170 864 5219 v1,
896 5153 984 5209 50.

555 5292 670 5434 (77)
693 5291 919 5348 Veteres
943 5295 1052 5351 duo
1078 5295 1204 5375 libri
1228 5296 1370 5353 νῶτα
1409 5294 1725 5366 τρέψαντες.

556 5363 648 5432 (78
702 5362 853 5433 Regii
882 5366 1157 5419 secundus
1188 5374 1243 5420 et
1279 5378 1507 5434 quartus
1545 5366 1660 5419 ἀλλ’
1692 5383 1725 5416 οε

556 5358 670 5436 (78)
702 5358 1174 5436 Regiisecundus‘
1188 5374 1243 5420 et
1279 5358 1660 5436 quartus'dn’
1692 5359 1784 5418 οὖν
1814 5381 1875 5436 γε
1912 5358 2054 5436 οὗτοι

482 5435 543 5484 οὐ
583 5435 709 5495 τοὺς
758 5433 1399 5510 ἀγῶνας-διήνεγκαν...
1447 5436 1555 5488 τῶν
1605 5434 1917 5503 ἁσκητικῶν
1951 5433 2058 5485 λεί-

485 5520 700 5557 πονται.

559 5572 667 5639 (79)
701 5571 881 5628 Codex
929 5574 1083 5629 Colb.
1133 5591 1257 5630 cum
1292 5574 1594 5651 νοεεητῶν
1624 5574 1766 5628 ἰδίων
1816 5576 2056 5646 κρατεῖν,

486 5657 587 5693 sua
619 5658 826 5695 servare
860 5654 1101 5699 conatur.

566 5713 673 5785 (80)
706 5710 966 5767 Voculam
1019 5716 1051 5784 ἧ
1112 5714 1417 5771 addidimus
1457 5732 1522 5770 cx
1577 5715 1817 5785 antiquis
1851 5713 2060 5768 duobus

486 5779 663 5836 libris.

2155 4622 2247 4685 θος
2276 4622 2512 4693 ἄμετρον
2568 4622 2881 4693 ἐγχεόμενοι
2911 4665 2925 4687 ,
2971 4622 3145 4686 οὕτως
3181 4622 3275 4674 ἐπὶ
3320 4619 3418 4682 τάς
3449 4610 3691 4687 τραπέζας

2155 4715 2444 4784 κεχήνασίν
2473 4753 2487 4778 ’
2533 4714 2721 4786 ὥσπερ
2770 4713 3039 4777 σκύλακες
3082 4713 3218 4783 μετὰ
3263 4709 3474 4783 μακρὰν
3517 4705 3691 4759 ἔνδειαν

2154 4808 2261 4861 τῶν
2314 4804 2526 4875 δεσμῶν
2573 4805 2881 4874 ἀφεθέντες.
2929 4806 2990 4857 υἱ
3054 4805 3110 4857 δέ
3161 4820 3226 4871 γε
3294 4801 3431 4865 κατά
3471 4795 3692 4866 ἀλήθειαν

2156 4900 2392 4970 ἀσκηταὶ
2415 4900 2588 4968 τροιρῇ
2628 4914 2687 4949 τε
2718 4896 2988 4967 ξηροτάτῃ
3045 4896 3380 4967 κέχρηνται,
3418 4890 3506 4944 καὶ
3544 4883 3691 4949 ὀλίγον

2156 4992 2356 5064 ἐχούσῃ
2399 4990 2515 5063 (85)
2570 4992 2665 5046 σὺν
2707 4989 2959 5060 ἀσθενείᾳ
2989 4989 3050 5042 τὸ
3089 4988 3386 5060 τρόφιμον,
3437 4982 3534 5044 καὶ,
3567 4971 3693 5045 παρὰ

2232 5290 2346 5362 (81)
2373 5290 2514 5347 Editi
2537 5290 2662 5359 Πῶς
2682 5283 2779 5343 οὖν,
2805 5286 2967 5343 καὶ...
3001 5281 3252 5355 νομισθῇ.
3278 5278 3350 5335 At
3376 5289 3501 5330 mss.
3522 5268 3617 5325 duo
3641 5264 3689 5312 ut

2160 5363 2214 5414 in
2250 5369 2526 5414 contextu.

2159 5370 2526 5513 liliisgiii‘xégf
2556 5428 2829 5486 secundus
2867 5426 3164 5513 ῂῖίήσηται·
3197 5414 3688 5513 Alma}?

2161 5477 2612 5570 uti—Aumnié
2634 5477 2771 5570 'post
2819 5477 3071 5569 ediii'pij
3097 5490 3277 5557 παντί,
3320 5487 3469 5543 male.
3498 5477 3565 5532 Vc

2162 5572 2285 5626 libri
2312 5572 2506 5639 πάντη.
2830 5637 2859 5639 ,Α
2916 5636 2926 5639 _
3197 5632 3219 5639 Α
3425 5622 3533 5639 ..ω
3578 5607 3681 5639 Mm;

2241 5611 2603 5711 iésjwih'iiqui
2659 5640 2773 5711 duo
2805 5636 2930 5691 libri
2975 5635 3175 5711 ὀλίγον
3195 5632 3395 5711 ἔχῳσιζ
3425 5611 3684 5711 Μοὲἐύίιί

2172 5685 2393 5776 ὄιέαξέξ
2424 5685 2714 5777 καίτάξει.
2747 5708 2816 5762 Αι
2847 5724 2978 5764 mss.
3012 5685 3122 5761 tres
3152 5685 3319 5764 ἀπ’ἆξ·
3346 5698 3395 5749 οἵ
3415 5710 3471 5762 γε
3495 5685 3637 5751 τάξει.
3679 5714 3683 5742 ;
