4018 6226
423 361 562 419 1585

1514 350 2112 414 CONS’ﬂTUTlONES
2149 347 2591 406 MONASTICA'S.

3535 336 3666 387 1566

426 475 606 531 πᾶσαν
638 491 735 547 την
768 473 981 545 ημέραν
1022 471 1168 538 ἅπαξ
1195 490 1208 504 ·
1241 472 1293 526 οῖ
1319 489 1382 541 γε
1414 472 1566 537 τάξει
1611 470 1800 543 δίαζῇν
1825 471 1993 538 ἐγνω-

2095 465 2306 530 sint,‘et
2331 462 2624 527 comedunt
2656 460 2820 516 semel
2862 473 2956 530 per
2990 462 3159 509 totam
3196 451 3337 506 diem
3366 465 3379 502 :
3409 445 3499 516 qui
3541 462 3665 498 cum

425 568 582 631 κότες
606 607 622 632 ,
667 567 762 619 καὶ
818 564 976 619 τοῦτο
1040 562 1276 636 μετρίως
1342 565 1437 617 καὶ
1481 563 1857 634 ἐπιστημόνως
1915 576 1993 612 σι·-

424 654 711 725 τούμενοι,
750 651 975 714 εἰκότως
1015 651 1166 721 παρά
1214 649 1308 702 τὸν
1361 648 1554 719 καιρὸν
1598 647 1697 717 τῆς
1733 648 1994 716 σιτήσεως

424 746 524 816 τὴν
570 744 759 816 χρείαν
790 745 908 811 μετ’
939 742 1412 813 εύπαρῤησιόιστου
1442 739 1536 792 τοῦ
1566 738 1860 800 συνειδότος
1882 735 1994 806 (84)

425 834 725 907 χορηγοῦσι
768 833 846 904 τῷ
887 833 1120 904 σώματι.
1165 832 1263 885 Διά
1296 848 1378 884 τοι
1423 829 1582 882 τοῦτο
1621 829 1888 899 προσήκει
1921 826 1995 897 μὴ

425 927 527 998 τὴν
556 925 868 999 ἐλευθερίαν
894 924 1049 996 ἡμῶν
1087 923 1368 995 κρίνεσθαι
1403 922 1507 975 ὑπὸ
1539 921 1705 992 ἄλλης
1751 921 1992 990 συνειδή-

429 1036 590 1082 σεως.
625 1018 688 1070 Et
733 1016 841 1088 γάρ
879 1018 1044 1086 ἡμεῖς
1088 1014 1271 1087 χάριτι
1306 1012 1603 1083 μετέχομεν
1628 1053 1642 1077 ,
1672 1013 1725 1064 τί
1760 1012 1995 1081 βλασφη-

431 1107 677 1180 μούμεθα
702 1108 843 1178 ὑπὲρ
870 1101 944 1161 ὧν
975 1110 1135 1178 ἡμεῖς
1175 1103 1635 1177 εὐχαριστοῦμεν;
1668 1102 1766 1175 τὴν
1791 1103 1996 1157 ἔνδειαν

428 1199 525 1251 καὶ
556 1197 654 1269 τὴν
704 1196 805 1268 τῆς
848 1198 1053 1268 τροφῆς
1101 1196 1374 1250 εὐτέλειαν
1408 1196 1546 1265 μετά
1587 1195 1866 1267 ’τοσαύτης
1908 1196 1996 1248 εύ-

428 1286 702 1359 φροσύνης
751 1287 1063 1360 αἱρούμενοι
1087 1328 1103 1354 ,
1166 1288 1284 1359 μεθ’
1318 1289 1450 1360 ὅσης
1496 1287 1617 1342 οὐδὲ
1650 1290 1845 1341 ἐκεῖνοι
1896 1288 1995 1359 τὴν

429 1379 817 1453 ὑπέρλαμπρον
847 1381 938 1434 καὶ
958 1381 1269 1452 παντοδαπῆ
1294 1381 1403 1453 (85)
1433 1380 1532 1452 τῆς
1564 1380 1831 1451 πολυόψου
1864 1397 1997 1453 τρα-

430 1471 601 1538 πέζης
656 1472 1028 1543 παρασκευήν.
1088 1471 1152 1525 Εἰ
1194 1471 1254 1525 δέ
1297 1488 1382 1535 τις
1411 1472 1855 1543 τῶν-εἰρημένων
1887 1473 1997 1525 ἀν-

434 1558 668 1630 θρώπων
720 1561 813 1613 ἐπὶ
865 1560 1099 1614 συνέσει.
1132 1561 1227 1625 καὶ
1271 1559 1526 1630 εὐλαὸεία
1561 1560 1836 1633 γνώριμος
1873 1562 1993 1633 εἴη,

429 1649 525 1702 καὶ
562 1650 628 1702 δι’
670 1648 851 1713 αίδοῦς
898 1651 1019 1719 ἄγοι
1045 1651 1435 1723 τὸν,ήμέτερον
1480 1651 1592 1722 βίον
1616 1693 1631 1717 ,
1677 1652 1852 1723 τούτῳ
1889 1670 1996 1706 κοι-

430 1744 615 1794 νωνεῖν
645 1742 924 1814 τραπέζης
942 1780 967 1808 ι,
997 1745 1044 1797 εί
1073 1743 1261 1799 τούτου
1283 1744 1527 1818 δεήσειεν
1549 1746 1991 1817 ἐπεσκεμμένως,

427 1834 528 1887 οὐκ
564 1832 775 1902 ἄλογον.

958 1948 1350 2002 ΚΕΦΑΛΑΙΟΝ
1395 1950 1466 2003 Ζ’.

431 2031 554 2086 Ὅτι
575 2032 648 2087 οὐ
672 2031 792 2104 χρὴ
826 2035 1064 2104 συχνὰς
1094 2036 1191 2089 καὶ
1231 2037 1674 2105 ἀϐασανίστους
1702 2039 1992 2103 ποιεῖσθαι

981 2106 1087 2171 τὰς
1117 2106 1457 2189 προόδους..

508 2195 552 2248 1.
584 2196 703 2267 Χρὴ
728 2196 786 2251 δὲ
838 2198 974 2268 μηδὲ
1001 2199 1273 2269 προφάσει
1305 2200 1406 2271 τῆς
1452 2200 1560 2257 τῶν
1602 2201 1843 2273 ἀδελφῶν
1875 2205 1994 2258 ἐπι-

429 2285 675 2357 σκέψεως
702 2305 761 2342 τε
784 2289 878 2343 καὶ
915 2290 1204 2360 συντυχίας
1246 2291 1445 2357 πολλάς
1474 2294 1567 2347 καὶ
1600 2294 1798 2363 συχνὰς
1826 2300 1994 2349 ποιεῖ-

429 2379 556 2433 σθαι
577 2379 671 2443 τὰς
711 2379 976 2451 ἐκδημίας
1000 2381 1136 2452 (ἔστι
1162 2382 1269 2455 γάρ
1299 2383 1576 2445 καὶτοῦτο
1608 2384 1881 2459 διαϐολική
1910 2406 1994 2452 τις

427 2469 668 2534 ἐπίνοια,
689 2471 1030 2541 πειρωμένου
1060 2473 1155 2531 τοῦ
1188 2472 1384 2544 ἐχθροῦ
1422 2474 1510 2527 διὰ
1534 2474 1647 2545 (86)
1680 2470 1780 2546 τῆς
1808 2478 1992 2531 τοιαύ-

426 2577 526 2630 της
571 2561 788 2631 μεθόδου
825 2563 886 2616 τὸ
937 2564 1197 2628 εὐσταθὲς
1237 2553 1396 2636 ἡμῶν
1434 2567 1529 2620 καὶ
1561 2565 1621 2618 τὸ
1665 2568 1994 2638 τεταγμένον

423 2653 526 2721 τῆς
551 2651 695 2723 ζωῆς
717 2653 1033 2724 παραλύειν,
1058 2656 1152 2709 καὶ
1173 2658 1251 2720 είς
1276 2656 1578 2726 φιληδονίας
1605 2659 1698 2711 καὶ
1720 2658 1994 2731 λογισμῶν

427 2745 834 2810 ἀκαταστασίας
875 2747 1164 2819 διαφόρους
1202 2749 1526 2821 ἐμϐάλλειν)
1549 2768 1563 2781 ο
1599 2750 1720 2805 καθ’
1766 2753 1993 2824 ἡσυχίαν

426 2837 485 2897 δὲ
523 2839 735 2903 ἑαυτοῖς
765 2840 1104 2911 ὁμιλοῦντας,
1139 2842 1559 2899 διασκέπτεσθαί
1598 2862 1655 2897 τε
1687 2845 1781 2899 καὶ
1826 2847 1993 2900 ἐπαν-

427 2927 625 2998 ορθοῦν
671 2930 739 2984 τά
767 2932 866 3003 τῆς
892 2932 1069 3003 ψυχῆς
1098 2935 1487 3007 ἁμαρτήματα.
1528 2938 1587 2990 ὐ
1617 2937 1725 3010 γάρ
1757 2939 1879 3011 ἄρτι
1903 2941 1993 2995 τὸν

425 3021 630 3092 κόσμυν
665 3027 729 3095 τῇ
785 3023 896 3095 (87)
942 3024 1176 3079 διαθέσει
1206 3027 1539 3087 καταλιπὼν.
1585 3030 1694 3084 ἀπὸ
1738 3031 1834 3103 μὲν
1892 3033 1994 3104 τῆς

426 3113 679 3210 τὰ
712 3115 852 3210 καλά
888 3116 1122 3210 νεύσεως
1159 3119 1220 3210 to
1266 3123 1546 3175 ἐπαινετὸν
1563 3123 1674 3194 ἔχει
1695 3142 1710 3156 ·
1750 3124 1902 3181 οὔπω
1937 3127 1994 3181 δὲ
2021 3153 2062 3210 c

425 3205 488 3267 τὸ
516 3204 717 3260 τέλειον
754 3206 862 3259 τῶν
905 3208 1115 3280 ἀρετῶν
1154 3209 1446 3281 κέκτηται·
1494 3213 1752 3279 πολλάκις
1782 3215 1838 3269 δὲ
1875 3216 1992 3269 ούδέ

421 3298 759 3369 διανενόηται
805 3299 895 3353 τὸν
940 3300 1140 3370 τρόπον
1185 3301 1285 3371 τῆς
1344 3303 1523 3358 αὐτῶν
1574 3306 1993 3378 κατορθώσεως,

423 3389 562 3441 ἀλλὰ
604 3389 793 3455 δεῖται,
856 3391 977 3444 καθ’
1007 3393 1237 3462 ἡσυχίαν
1288 3395 1479 3449 ἑαυτὸν
1529 3396 1991 3468 ἐπισκεψάμενος,

426 3479 661 3532 κατιδεῖν
688 3498 746 3534 τε
770 3480 869 3545 τὰς
894 3483 1161 3548 ἀτάκτους
1187 3484 1287 3554 τῆς
1319 3484 1493 3557 ψυχῆς
1522 3487 1697 3557 ὁρμὰς
1730 3489 1821 3541 καὶ
1843 3491 1995 3560 κινή-

427 3588 562 3635 σεις,
586 3572 679 3626 καὶ
708 3573 929 3639 ταύταις
960 3575 1222 3643 γενναίως
1251 3578 1739 3644 ἀνταγωνίσασθαι,
1768 3579 1863 3633 καὶ
1884 3582 1995 3642 τοῖς

427 3662 697 3732 κρείττοσι
738 3663 1013 3737 λογισμοῖς
1059 3666 1155 3730 τάς
1209 3666 1433 3731 ἀταξίας
1477 3668 1991 3739 ἐπανορθώσασθαιθ

424 3752 577 3816 τάξις
625 3753 733 3823 γάρ
776 3753 952 3825 ψυχῆς
985 3756 1184 3827 ἀρετῆς
1232 3755 1492 3826 σύνθεμα.
1549 3759 1604 3810 Ὀ
1656 3758 1841 3813 τοίνυν
1877 3759 1994 3813 δια-

426 3843 629 3907 παντὸς
659 3845 717 3898 ἐν
740 3845 1082 3916 ,ἀποδημίαις
1118 3847 1216 3905 καὶ
1242 3847 1603 3917 μεταϐάσεσιν
1629 3847 1725 3913 ὢν,
1774 3850 1869 3903 καὶ
1909 3850 1997 3903 ἀεὶ

425 3932 485 3984 τὸ
535 3932 634 4002 τῆς
673 3933 853 4004 ψυχῆς
901 3935 1122 3989 σύννουν
1174 3938 1267 3990 καὶ
1297 3938 1720 4009 πεπυκνωμένον
1764 3939 1995 4011 ῥιπίζων

426 4021 522 4085 καὶ
545 4020 797 4092 διαχέων,
820 4024 913 4087 καὶ
937 4022 1072 4094 πρὸς
1110 4023 1209 4087 τὰς
1236 4024 1428 4095 ἡδονὰς
1460 4026 1553 4078 τοῦ
1587 4027 1834 4097 σώματος
1873 4028 1992 4099 βλὲτ-

428 4128 552 4162 πειν
587 4111 724 4164 κατά
779 4112 971 4182 μικρὸν
1020 4113 1358 4183 ἐθιζόμενος,
1395 4115 1510 4178 πῶς
1539 4116 1825 4185 δυνήσεται
1866 4136 1995 4172 κατ-

431 4200 558 4251 ιδεῖν
589 4199 696 4270 (88)
731 4201 943 4263 ἐαυτὸν,
967 4200 1003 4271 ἢ
1034 4201 1234 4269 γνῶναι
1281 4203 1349 4256 τά
1398 4203 1472 4275 μὴ
1510 4205 1689 4269 καλῶς
1715 4206 1924 4277 ἔχοντα,
1958 4209 1990 4278 ἦ

428 4290 565 4361 πρὸς
599 4291 661 4344 τὸ
701 4291 817 4345 δέον
867 4290 1005 4344 αὐτὰ
1037 4291 1521 4365 μεθαρμόσασθαι,
1562 4294 1659 4367 τὴν
1696 4296 1871 4368 ψυχὴν
1914 4298 1992 4359 ἔτι

424 4380 739 4451 διερεθίζων
773 4381 909 4454 πρὸς
937 4384 1201 4447 ἐμπαθεῖς
1227 4384 1491 4449 διαθέσεις
1515 4403 1526 4414 ·

497 4650 551 4703 2.
585 4649 704 4721 Χρὴ
740 4649 918 4704 τοίνυν
947 4650 1124 4721 ἡσυχῆ
1156 4651 1336 4720 μένειν
1357 4650 1425 4703 τά
1456 4649 1645 4713 πολλὰ,
1674 4653 1768 4705 καὶ
1802 4669 1994 4723 καρτε-

429 4741 542 4808 ρεῖν
590 4739 831 4805 ἕκαστον,
859 4741 959 4812 τὴν
1001 4741 1137 4793 ἰδίαν
1179 4741 1502 4813 καταγωγὴν
1525 4782 1538 4805 ,
1576 4743 1662 4795 ἴνα
1709 4743 1807 4815 ἔχῃ
1838 4744 1994 4797 τοῦτο

422 4833 523 4902 τῆς
543 4832 860 4896 εὐσταθείας
879 4832 986 4885 τῶν
1008 4833 1223 4904 τρόπων
1245 4834 1537 4904 μαρτύριον
1556 4835 1693 4905 (89)·
1720 4835 1794 4905 μὴ
1818 4836 1992 4907 πάντη

427 4922 527 4995 μὲν
576 4921 935 4994 καθεῖρχθαι,
977 4924 1111 4985 ἀλλά
1154 4924 1251 4987 τάς
1280 4942 1339 4977 τε
1389 4925 1690 4992 ἀναγκαίας
1739 4927 1993 4997 προόδους

421 5014 929 5085 εὐπαρρησιάστους
958 5015 1246 5079 ποιεῖσθαι,
1282 5017 1340 5069 ἐν
1370 5011 1457 5079 αἷς
1485 5016 1636 5069 οὐδὲν
1666 5016 1725 5069 τὺ
1757 5018 1992 5080 συνειδὸς

422 5105 783 5174 ἐπισκήπτει,
823 5106 918 5165 καῗι
963 5107 1089 5171 τοὺς
1124 5106 1428 5176 βελτίστους
1468 5124 1525 5159 τε
1573 5107 1663 5160 καὶ⁵
1705 5108 1992 5178 ὠφελιμω-

420 5196 617 5259 τάτους
649 5195 739 5249 διά
783 5197 1055 5262 πολιτείας
1099 5198 1383 5270 ἀκρίϐειαν
1426 5199 1535 5252 τῶν
1585 5198 1827 5267 ἀδελφῶν
1870 5203 1991 5252 ἐπι-

493 5329 604 5415 (84)
638 5329 731 5412 Sic
770 5340 983 5415 veteres
1021 5340 1255 5403 quatuor
1293 5332 1436 5389 libri.
1468 5332 1609 5388 Editi
1644 5334 1760 5403 μετ’
1786 5333 1991 5404 εὐπαρ-

426 5399 617 5469 ρησίας
635 5401 728 5454 τοῦ
756 5402 950 5455 συνειδ.

494 5469 604 5544 (85)
635 5470 999 5544 Codices‘duo
1046 5473 1140 5525 xui.
1181 5473 1545 5544 παντοδαπὴν.
1580 5472 1774 5527 Statim
1820 5473 1990 5529 codex

421 5534 597 5612 Coll);
610 5540 844 5612 eljoﬁm
870 5540 1130 5612 δεήσειεν.

493 5607 609 5683 (8ῥ)
820 5607 1138 5683 ἐχθροῦ-καῖ
1163 5612 1267 5666 διά.
1302 5615 1369 5666 Αι
1392 5629 1524 5683 mss.
1560 5612 1719 5683 ἐχθοῦ
1757 5612 1863 5667 διά.

495 5630 609 5676 (001
645 5630 785 5693 Et]!!!
820 5630 1013 5734 εέυρου
1043 5630 1138 5665 και
1163 5630 1267 5666 οια.
1302 5630 1369 5666 Al
1392 5630 1524 5668 mss.
1560 5630 1719 5683 εχυου
1757 5630 1863 5667 οια.

495 5678 798 5763 (Ηλξιίιιι
878 5698 961 5763 ρτι
995 5680 1085 5763 τδν
1113 5682 1439 5763 Smper-sil.
1456 5682 1685 5763 Veteres
1712 5683 1987 5763 duonlibri

424 5746 547 5817 ἄρτι
570 5750 716 5806 τόνδε
750 5750 841 5805 τὸν
877 5746 1092 5821 δεσμόν,
1126 5746 1222 5822 qui"
1254 5746 1461 5823 reliquit
1502 5755 1779 5809 vinculum.
1814 5746 1988 5810 \losisii

2094 556 2345 610 ordinate
2369 554 2537 609 vitam
2572 553 2770 622 degere
2816 548 3127 612 statuerint,
3178 542 3565 609 moderateque
3602 553 3665 591 ac

2094 647 2394 717 prudenter
2420 645 2604 701 cibum
2630 650 2869 705 sumant,
2893 641 3017 711 jure
3043 653 3107 693 ac
3129 635 3323 694 merito
3353 632 3447 687 ubi
3470 629 3662 686 edendi

2095 748 2314 808 tempus
2356 737 2598 803 advenit,
2637 745 2767 789 tunc
2808 734 2990 788 animo
3022 725 3309 801 religionis
3341 724 3514 779 libero
3542 736 3665 775 cor-

2095 830 2214 900 pori
2256 828 2570 884 necessaria
2601 825 2972 897 suppeditant.
3003 818 3363 888 Quamobrem
3412 812 3664 868 convenit

2092 922 2400 985 libertatem
2450 927 2694 976 nostram
2737 918 2804 972 ab
2850 916 2955 970 alia
2994 909 3327 968 conscientia
3372 921 3482 961 non
3518 903 3665 974 judi-

2099 1013 2234 1066 cari.
2282 1012 2339 1065 Si
2375 1011 2522 1065 enim
2551 1024 2652 1063 nos
2684 1021 2806 1062 cum
2838 1004 3010 1074 gratia
3046 1000 3373 1075 accipimus,
3405 994 3535 1064 quid
3564 1006 3664 1061 pro

2093 1103 2164 1157 iis
2189 1101 2255 1157 de
2285 1101 2487 1172 quibus
2522 1098 2726 1179 gratias
2763 1096 3000 1167 agimus,
3032 1084 3514 1160 blasphemamur?
3534 1084 3663 1138 dum

2094 1178 2438 1259 tenuitatem,
2481 1175 2702 1261 cibique
2738 1189 3003 1243 vilitatem
3039 1191 3188 1239 tanta
3220 1192 3347 1234 cum
3389 1175 3665 1231 hilaritate

2097 1284 2501 1356 amplectimur,
2537 1264 2663 1336 cum
2700 1285 2904 1349 quanta
2947 1290 3015 1330 ne
3048 1273 3127 1328 illi
3158 1269 3380 1341 quidem
3427 1263 3665 1336 splendi—

2097 1364 2387 1431 dissimum
2434 1383 2488 1429 et
2516 1373 2870 1444 omnigenum
2913 1381 3115 1424 mensae
3146 1361 3468 1418 lautissima:
3498 1371 3667 1427 appa-

2099 1474 2308 1522 ratum.
2346 1466 2501 1532 Quod
2536 1465 2580 1520 si
2608 1463 2879 1535 quispiam
2915 1476 2980 1515 ex
3008 1459 3117 1523 liis,
3148 1468 3289 1526 quos
3322 1451 3455 1515 dixi,
3491 1448 3668 1503 homi-

2096 1556 2261 1611 nibus
2309 1555 2380 1609 ob
2430 1554 2776 1625 prudentiam
2830 1565 2895 1604 ac
2930 1550 3186 1621 pietatem
3230 1549 3396 1598 notus
3444 1542 3537 1603 sit,
3570 1541 3668 1593 ba-

2105 1647 2335 1717 beatque
2385 1646 2439 1700 in
2496 1645 2802 1701 reverentia
2849 1650 3098 1696 nostrum
3156 1637 3280 1691 vitae
3331 1634 3663 1693 institutum,

2106 1752 2229 1793 eum
2264 1744 2452 1792 nostra
2499 1751 2687 1791 mensa
2716 1721 3114 1801 circumspecte
3147 1725 3574 1788 communicare,
3619 1722 3667 1776 si

2026 1819 2070 1874 Β
2106 1829 2159 1885 id
2190 1832 2582 1898 usus‘poscat,
2621 1843 2650 1881 a
2687 1825 2898 1881 ratione
2936 1824 3171 1876 alienum
3207 1834 3316 1871 non
3350 1822 3452 1872 est.

2598 1938 2756 2017 553
2781 1933 3009 1991 CAPUT
3048 1931 3138 1989 vn

2257 2029 2409 2105 Quod
2439 2049 2540 2085 non
2574 2037 2775 2098 oportet
2807 2026 2986 2091 crebro
3020 2034 3069 2080 et
3100 2036 3285 2078 temere
3311 2019 3483 2075 θανεάὶ

2175 2213 2227 2249 ι.
2264 2203 2444 2263 Atque
2486 2202 2648 2247 etiam
2685 2204 2864 2260 operte
2894 2198 3126 2260 pretium
3170 2193 3275 2247 est,
3318 2191 3665 2250 nequaquam

2094 2291 2359 2353 praetextu
2415 2289 2470 2337 et
2516 2279 2727 2335 visendi
2774 2279 2997 2342 fratres,
3047 2284 3101 2330 et
3149 2289 3275 2329 cum
3325 2272 3462 2348 ipsis
3505 2271 3666 2323 collo

2096 2375 2323 2445 quendi,
2358 2372 2555 2428 crebro
2589 2385 2651 2425 ac
2697 2370 3011 2440 frequenter
3050 2364 3406 2441 peregrinari.
3436 2360 3570 2414 Nam
3612 2367 3667 2412 et

2097 2469 2201 2523 hoc
2242 2466 2574 2522 diabolicum
2609 2462 2885 2534 quoddam
2918 2461 3197 2514 inventum
3239 2465 3323 2511 est
3355 2475 3366 2509 :
3398 2453 3665 2524 siquidem

2095 2569 2327 2616 conatur
2355 2556 2701 2612 adversarius
2726 2551 2996 2624 ejusmodi
3031 2549 3267 2604 artificio
3298 2544 3665 2601 constantiam

2096 2658 2367 2714 nostram,
2394 2656 2455 2703 et
2479 2648 2601 2702 vitae
2626 2653 2827 2702 nostrae
2854 2643 3200 2714 disciplinam
3229 2649 3497 2701 evertere,
3533 2654 3665 2692 nos-

2094 2757 2201 2813 que
2246 2739 2618 2811 voluptatibus
2658 2752 2722 2792 ac
2765 2736 2933 2792 variis
2978 2734 3366 2805 cogitationum
3419 2730 3669 2785 tumulti-

2095 2836 2203 2890 bus
2263 2833 2562 2905 implicare.
2606 2829 2719 2883 Imo
2768 2843 2899 2882 vero
2935 2826 3221 2881 nobiscum
3275 2823 3443 2877 tacite
3491 2821 3668 2875 collo-

2096 2922 2336 2994 quendo,
2363 2912 2587 2992 peccata
2629 2916 2823 2971 animae
2853 2923 2906 2971 et
2938 2914 3246 2985 expendere
3285 2921 3339 2968 et
3376 2910 3668 2967 emendare

2094 3015 2378 3072 debemus.
2403 3011 2509 3078 Qui
2541 3009 2684 3065 enim
2713 3024 2888 3079 nuper
2918 3022 2983 3061 ex
3016 3006 3198 3060 animo
3229 3005 3373 3057 hunc
3404 3002 3666 3055 mundum

2094 3104 2405 3175 dereliquit,
2438 3102 2509 3157 ob
2540 3115 2693 3157 suam
2720 3098 2938 3169 quidem
2980 3095 3047 3149 ad
3082 3096 3223 3149 bona
3245 3094 3661 3163 propensionem

2098 3196 2405 3254 laudandus
2448 3201 2532 3250 est
2558 3210 2572 3247 :
2602 3200 2656 3246 at
2677 3190 2919 3246 nondum
2948 3196 3127 3242 tamen
3153 3188 3414 3240 virtutum
3438 3198 3663 3238 assecu-

2097 3301 2186 3346 tus
2207 3297 2291 3346 est
2321 3286 2735 3359 perfectionem,
2768 3283 2879 3336 imo
2907 3282 3085 3357 etiam.
3099 3278 3374 3349 quomodo
3404 3292 3499 3331 eas
3533 3291 3667 3329 con—

2097 3378 2251 3449 sequi
2277 3377 2469 3448 possit,
2503 3390 2572 3430 ne
2596 3373 2859 3443 cogitavit
2886 3370 3140 3442 quidem;
3172 3369 3243 3423 ob
3264 3368 3429 3437 idque
3450 3366 3498 3421 ei
3526 3380 3668 3435 upus

2095 3480 2201 3534 est,
2230 3469 2513 3540 praemisso
2544 3466 2701 3535 prius
2723 3465 2807 3518 sui
2830 3463 3002 3532 ipsius
3022 3462 3186 3514 tacito
3213 3460 3486 3521 examine,
3513 3459 3665 3510 inor-

2096 3561 2325 3615 dinatos.
2353 3557 2520 3612 animi
2565 3559 2797 3624 impetus
2831 3567 2894 3607 ac
2916 3559 3107 3622 ,motus
3152 3561 3432 3614 excutere,
3472 3549 3668 3617 bisque

2095 3654 2310 3711 fortiter
2340 3649 2633 3711 obluctari,
2661 3656 2716 3701 et
2742 3644 3063 3700 melioribus
3098 3642 3344 3697 consiliis
3376 3641 3669 3711 perturba-

2095 3745 2298 3797 tionem
2326 3740 2554 3805 sedare;
2582 3752 2709 3791 nam
2732 3735 3210 3795 animi-ordinatio
3247 3748 3310 3786 ac
3339 3733 3548 3787 sedatio
3578 3746 3668 3783 ar-

2093 3841 2411 3901 gumentum
2442 3838 2529 3887 est
2558 3826 2942 3893 virtutis.'Qui
2973 3827 3141 3897 igitur
3171 3826 3392 3880 assidue
3423 3823 3664 3893 peregri-

2094 3936 2278 3992 natur,
2328 3925 2638 3993 transitque
2690 3919 2933 3974 deloco
2983 3917 3038 3971 in
3087 3917 3288 3981 locum,
3343 3929 3407 3968 ac
3452 3927 3667 3983 semper

2095 4020 2261 4074 animi
2292 4017 2651 4079 attentionem
2703 4012 3064 4079 crebramque
3101 4007 3507 4063 meditationem
3537 4020 3668 4059 ven-

2097 4112 2237 4175 tilat,
2281 4117 2336 4164 et
2364 4108 2615 4172 effundit,
2648 4103 3025 4176 paulatimque
3069 4101 3339 4155 assuescit
3372 4099 3438 4152 ad
3471 4112 3672 4166 corpo-

2095 4204 2179 4258 ris
2210 4201 2521 4272 voluptates
2547 4196 2850 4266 respicere,
2874 4190 3150 4263 quomodo
3173 4190 3374 4260 poterit
3398 4190 3669 4257 inspicere

2096 4295 2375 4364 seipsum,
2398 4298 2491 4343 aut
2538 4300 2837 4359 agnoscere
2875 4298 2938 4337 ea
2972 4297 3094 4352 quae
3126 4298 3186 4337 se
3235 4296 3347 4335 non
3400 4289 3549 4334 recte
3580 4279 3670 4331 lia—

2093 4388 2242 4447 bent,
2289 4390 2384 4437 aut
2419 4381 2537 4451 ipsa
2562 4379 2630 4433 ad
2664 4379 2953 4432 honestum
2984 4376 3357 4442 decorumque
3383 4386 3664 4433 revocare,

2026 4495 2071 4549 ι)
2101 4491 2227 4531 cum
2262 4475 2437 4545 magis
2481 4488 2545 4527 ac
2592 4472 2767 4542 magis
2800 4469 2868 4524 ad
2903 4468 3132 4523 vitiosas
3182 4465 3498 4520 allectiones
3546 4465 3668 4517 ani-

2098 4582 2222 4622 mus
2252 4566 2402 4619 illius
2433 4562 2715 4617 irritetur?

2167 4655 2226 4710 2.
2261 4654 2370 4708 Par
2398 4662 2482 4708 est
2508 4654 2675 4721 igitur
2712 4652 2766 4704 in
2802 4650 2984 4719 quiete
3016 4655 3074 4701 ut
3104 4646 3399 4717 plurimum
3425 4658 3665 4709 manere,

2096 4756 2149 4801 et
2172 4746 2471 4817 quemlibet
2493 4746 2545 4797 in
2576 4743 2792 4814 prOpria
2822 4742 2950 4796 sedc
2973 4740 3286 4809 persistere,
3313 4744 3383 4803 ut,
3404 4737 3505 4789 hoc
3530 4752 3663 4794 con-

2096 4822 2311 4895 stantiae
2364 4853 2578 4891 morum
2624 4835 2998 4897 testimonium
3044 4832 3279 4896 habeat:
3311 4845 3429 4884 non
3481 4838 3660 4891 tamen

2094 4946 2322 5001 prorsus
2351 4930 2406 4982 in
2441 4928 2576 4983 cella
2612 4940 2713 4980 sua
2757 4926 3029 4979 inclusum
3072 4938 3214 4985 esse,
3260 4921 3352 4976 sed
3387 4921 3574 4987 libere,
3621 4924 3665 4975 si

2097 5031 2384 5092 propterea
2420 5020 2559 5073 nihil
2604 5017 2947 5071 conscientia
2990 5015 3305 5084 exprobret,
3340 5014 3667 5068 necessitate

2095 5123 2325 5185 cogente
2362 5129 2426 5182 eg
2440 5112 2587 5181 redi,
2614 5118 2668 5165 et
2689 5108 3059 5178 .fratres.vitte
3088 5106 3400 5176 integritate
3437 5111 3492 5159 et
3524 5107 3668 5174 cpti-

2096 5222 2215 5261 mos
2249 5212 2303 5260 et
2339 5203 2666 5258 utilissimos
2710 5200 2966 5264 invisere,
3013 5197 3106 5253 sed
3153 5199 3227 5252 ita
3264 5208 3466 5260 tamen,
3503 5204 3562 5249 ut
3596 5212 3661 5249 ex

2092 5343 2251 5391 vetus
2301 5333 2440 5388 liber
2479 5338 2531 5386 et
2579 5330 2733 5384 Colb.
2772 5336 2829 5381 ut
2871 5328 2925 5381 in
2961 5334 3239 5389 contextu,
3294 5324 3517 5378 rectius.
3548 5322 3665 5375 Alia

2092 5412 2299 5476 quanto
2330 5410 2453 5476 post
2483 5400 2650 5476 code;
2686 5400 2843 5476 Vpss.
2878 5398 3112 5476 ἀταξίας
3139 5394 3588 5476 ἐπανορθοῦσθαι.

2132 5462 2143 5482 ³
2165 5462 2276 5544 (88)
2312 5462 2493 5527 Codex
2524 5470 2682 5544 (Jolb.
2717 5470 2749 5539 ἢ
2782 5462 3038 5522 κατιδεῖν.
3072 5466 3181 5521 Nec
3211 5468 3285 5519 ita
3315 5462 3489 5523 inulto
3523 5462 3669 5516 infra

2094 5539 2235 5609 idem
2261 5539 2365 5597 ins.
2397 5544 2474 5604 είς
2494 5540 2599 5611 τὴν
2616 5539 2756 5611 ίδίαν
2772 5554 2969 5611 καταγ.

2164 5613 2276 5681 (89)
2318 5602 2682 5681 Veteres'duo
2704 5608 2825 5681 libri
2850 5602 3165 5681 εὐσταθείας
3202 5605 3291 5681 cev
3317 5602 3516 5681 τρόπον
3541 5620 3668 5681 μαρ-

2092 5673 2309 5768 auios}.
2346 5680 2503 5745 llaud
2526 5682 2683 5750 longe
2706 5679 2875 5734 codex
2901 5675 3051 5733 Colb.
3085 5692 3206 5732 cum
3243 5675 3399 5739 Voss.
3428 5673 3668 5745 βελτίους

2093 5771 2146 5806 τε
2176 5766 2281 5807 και.
2438 5766 2443 5771 ”
2541 5770 2543 5773 ’
