4018 6226
390 254 528 309 1567

1703 258 1758 313 S.
1803 258 2047 314 BASILII
2089 258 2307 314 MAGNI

3497 263 3634 320 £568

388 377 512 432 utili
573 391 875 447 congressu
921 376 1186 430 virtutum
1241 376 1422 445 captat
1473 377 1719 447 exempla
1766 376 1993 446 :quod.

2092 375 2413 440 ’κέπτεσθαι,
2449 375 2862 447 παραδείγματα
2890 375 3099 447 ἀρετῶν
3136 376 3201 430 ὲκ
3228 376 3325 448 τῆς
3356 377 3641 448 ὠφελίμου

391 478 787 539 consequetur,
826 468 894 533 si,
935 476 995 521 ut
1025 467 1285 530 diximus,
1323 468 1377 520 in
1413 466 1732 538 prodeundo
1766 468 1961 522 modus

391 567 665 624 teneatur,
717 558 966 630 nihilque
1032 558 1125 612 ﬁat
1187 557 1330 628 quod
1384 558 1706 628 reprehendi
1764 558 1960 629 possit.

393 651 549 723 Szpe
586 654 732 707 enim
766 652 990 708 insitum
1021 652 1181 706 etiam
1228 650 1411 704 animo
1459 650 1674 704 taedium
1716 649 1966 705 exeundo

396 744 919 816 dissipatur;idque
957 745 1011 799 in
1065 759 1232 800 causa
1278 752 1360 798 est
1404 759 1505 797 cur
1550 744 1748 798 iterum
1795 742 1966 797 veluti

393 834 870 898 eonvaleseamus,
918 847 983 888 ac
1035 833 1315 902 paululum
1364 833 1723 903 respiremus.
1770 831 1968 886 alacri-

396 933 588 997 terque
635 925 704 979 ad
751 925 1051 980 certamina
1101 940 1201 995 pro
1234 924 1434 995 pietate
1465 925 1752 981 subeunda
1780 924 1966 979 venia-

398 1032 543 1072 mus.
579 1015 736 1084 Quod
780 1017 829 1071 si
867 1017 1012 1088 quis,
1049 1016 1195 1087 quod
1245 1032 1276 1071 e
1306 1016 1443 1071 cella
1486 1030 1596 1071 non
1634 1015 1966 1087 egrediatur,

398 1116 690 1178 propterea
709 1108 909 1163 sentiat
936 1107 1003 1163 de
1035 1123 1094 1163 se
1123 1107 1434 1179 magniﬁce,
1467 1107 1515 1162 is
1539 1105 1775 1171 noverit,
1809 1121 1870 1162 se
1898 1105 1969 1160 ob

403 1216 515 1255 rem
555 1201 771 1256 inanem
810 1199 1011 1255 inﬂari.
1042 1198 1232 1271 Neque
1269 1203 1415 1256 enim
1458 1215 1567 1254 non
1602 1198 1772 1264 exire,
1814 1214 1880 1253 ex
1910 1212 1970 1253 se

402 1291 735 1347 laudandum
782 1302 885 1359 est,
938 1299 1032 1347 aut
1075 1292 1202 1346 data
1246 1292 1536 1347 occasione
1577 1290 1750 1353 exire,
1791 1296 1972 1360 potest

402 1385 579 1438 virum
613 1385 841 1455 probum
871 1394 966 1438 aut
996 1384 1306 1454 improbum
1331 1383 1561 1439 reddere
1590 1402 1602 1436 :
1634 1381 1971 1438 sed'Iirmum

403 1487 458 1530 et
488 1475 824 1530 immutabile
841 1474 1107 1545 judicium
1128 1477 1274 1531 circa
1300 1475 1524 1542 bonum,
1561 1483 1655 1529 aut
1680 1483 1872 1529 contra
1897 1474 1974 1530 le—

405 1568 547 1622 vitas
595 1575 649 1622 et
689 1568 1056 1623 inconstantia
1095 1569 1370 1625 hominem
1419 1570 1625 1624 bonum
1670 1570 1849 1627 reddit
1889 1570 1972 1624 vel

404 1661 630 1715 malum.
658 1660 716 1715 Si
759 1662 884 1731 quis
910 1676 1043 1716 vero
1080 1670 1441 1732 posteaquam
1469 1663 1671 1717 bonum
1701 1662 1755 1716 in
1789 1663 1972 1717 animo

407 1753 634 1808 ﬁrmiter
680 1753 1137 1818 constabiliverit,
1171 1752 1542 1825 diuturnaque
1583 1752 1978 1809 exercitatione
2007 1743 2051 1799 Β

405 1843 913 1919 ευθετηοηᾱοτιιιπ
945 1843 1236 1898 atlectuum
1307 1844 1698 1914 experientiam
1749 1843 1978 1911 adeptus

407 1931 571 2003 554
604 1934 787 1999 fuerit,
822 1943 875 1988 et
906 1934 1128 1989 domitis
1171 1935 1416 2004 corporis
1461 1934 1780 1989 libidinibus
1823 1949 1980 1989 coer—

407 2026 585 2079 euerit
634 2026 904 2081 tumultus
952 2010 1239 2091 animales,
1287 2034 1403 2080 tum
1470 2026 1691 2082 demum
1753 2026 1985 2080 rationis

409 2118 568 2173 freno
616 2120 865 2174 conlisus
923 2120 1054 2174 velit
1111 2118 1456 2191 frequentius
1509 2135 1573 2175 ac
1618 2118 1872 2175 crebrius
1916 2117 1984 2173 ad

409 2209 762 2266 aedificandas
800 2210 1214 2281 visit-andosque
1244 2209 1440 2266 fratres
1472 2210 1679 2281 egredi,
1710 2225 1858 2274 eum,
1889 2210 1984 2280 qui

408 2301 688 2379 ejusmodi
703 2310 806 2368 est,
832 2303 975 2357 ratio
1004 2301 1073 2357 ad
1094 2303 1409 2358 exeundum
1443 2303 1629 2374 potius
1656 2302 1901 2365 inducet,
1927 2309 1988 2356 ut

410 2397 589 2467 posita
636 2412 802 2468 super
848 2395 1178 2451 candelabro
1222 2396 1465 2461 lucerna,
1518 2393 1782 2449 doctrinae
1831 2394 1988 2449 bona

411 2488 599 2543 lumen
635 2488 911 2560 impertiat
938 2487 1195 2543 erunibus
1230 2506 1243 2541 :
1276 2487 1322 2543 si
1358 2486 1523 2542 modo
1552 2487 1793 2542 confidat
1827 2501 1989 2557 posse

412 2589 467 2635 et
490 2595 740 2636 sermone
786 2590 840 2636 et
885 2596 1050 2652 opere
1097 2580 1340 2652 seipsum
1389 2580 1455 2633 iis
1486 2580 1813 2650 quibuscum
1855 2595 1989 2635 eon-

413 2671 678 2741 greditur,
726 2688 825 2727 ceu
872 2671 1163 2742 quamdam
1216 2673 1483 2726 virtutum
1530 2671 1772 2725 scholam
1832 2670 1989 2725 exhi-

414 2765 547 2820 bere
576 2783 590 2820 :
623 2774 677 2819 et
717 2765 763 2820 si
802 2766 1156 2836 semetipsum
1199 2765 1274 2818 ita
1307 2763 1624 2827 muniverit,
1660 2771 1722 2818 ut
1755 2763 1990 2833 Aposto-

415 2856 503 2912 lus
539 2856 675 2911 dixit
700 2876 712 2910 :
751 2854 832 2910 Ne
863 2856 1018 2925 forte,
1042 2873 1156 2910 cum
1184 2856 1307 2910 aliis
1333 2855 1750 2924 pradicauerim,
1768 2857 1877 2924 ipse
1906 2870 1989 2909 re-

416 2934 610 3017 probus
634 2947 829 3016 e/ﬁciar
852 2948 916 3001 ³⁸.

1005 3059 1234 3118 CAPUT
1271 3060 1406 3117 VIII.

419 3150 577 3224 Quod
633 3153 823 3224 ascetis
875 3153 1214 3208 instabilibus
1270 3151 1592 3224 conﬁdentia
1647 3169 1711 3207 ac
1779 3152 1992 3207 liber/as

495 3223 740 3345 loqitendi
775 3224 954 3277 danda
989 3240 1093 3279 non
1118 3227 1188 3279 sit
1216 3238 1233 3277 .'
1262 3223 1377 3279 imo
1404 3240 1519 3279 vero
1544 3223 1683 3293 quod
1710 3224 1766 3278 Ιιὶ
1796 3224 1994 3281 vitandi

495 3310 577 3345 sm
608 3334 622 3345 .
992 3300 1013 3319 ⁹

493 3300 622 3348 sint.
992 3300 1013 3319 ⁴⁹

494 3406 549 3462 1.
585 3409 764 3478 Atque
803 3408 838 3462 ii
894 3409 1077 3464 etiam
1111 3408 1321 3465 vitandi
1362 3415 1514 3474 sunt,
1569 3409 1665 3481 qui
1713 3409 2001 3466 instabiles

427 3507 578 3564 sunt,
614 3508 671 3555 et
710 3500 873 3557 modo
901 3501 969 3556 ad
1000 3502 1123 3566 bos.
1154 3501 1315 3557 modo
1344 3503 1412 3557 ad
1453 3502 1579 3558 illos
1608 3502 1809 3559 fratres
1840 3519 1998 3558 acce—

426 3592 588 3657 duut,
622 3600 677 3647 et
729 3593 1028 3663 irrequieto
1078 3609 1141 3649 ac
1190 3594 1507 3650 vehementi
1554 3594 1757 3664 impetu
1798 3594 2002 3665 jugiter

428 3683 773 3738 circumeunt
822 3684 1179 3751 monasteria,
1226 3694 1281 3739 et
1324 3685 1487 3755 plane
1526 3685 1830 3755 spiritualis
1875 3686 2005 3740 ἀηθ-

429 3774 630 3831 ctionis
664 3775 891 3830 obtentu
925 3785 979 3830 et
1006 3776 1250 3842 nomine,
1282 3779 1467 3834 carnis
1500 3778 1722 3848 explent
1752 3778 2005 3832 volunta—

428 3876 516 3924 tes
579 3884 593 3919 :
646 3883 879 3940 quorum
927 3869 982 3923 in
1036 3870 1231 3925 animis
1273 3870 1424 3924 nulla
1470 3870 1613 3926 inest
1654 3871 2004 3933 constantia,

434 3961 587 4015 nulla
620 3960 915 4024 stabilitas,
947 3960 1099 4015 nulla
1138 3961 1449 4031 disciplina,
1478 3962 1663 4017 nullus
1703 3963 2009 4032 prudentia:

435 4061 665 4107 ornatus
696 4071 712 4120 ;
747 4052 842 4109 sed
874 4052 1058 4123 potius
1094 4053 1359 4124 quidquid
1390 4054 1669 4110 curiosum
1693 4070 1758 4110 ac
1782 4071 2008 4124 pravum

434 4153 542 4207 est,
576 4144 844 4214 quidquid
884 4143 1149 4200 refertum
1178 4153 1263 4202 est
1294 4146 1659 4202 inconstantia
1699 4154 1753 4202 et
1789 4146 2012 4202 demen-

435 4236 534 4301 tia,
570 4235 698 4291 dolo
735 4243 789 4290 et
824 4236 1191 4301 simulatione,
1242 4238 1530 4293 mendacio
1565 4245 1619 4293 et
1669 4238 2013 4295 fraudulenta

438 4327 775 4385 adulatione.
834 4327 898 4383 Ili
949 4330 1097 4383 enim
1152 4337 1278 4385 sunt
1314 4340 1367 4385 et
1416 4331 1611 4400 lingua
1652 4330 1911 4402 imperiti,
1957 4340 2015 4386 et

439 4430 633 4475 ventre
684 4420 1140 4490 intemperantes,
1186 4433 1243 4477 et
1296 4423 1480 4477 animo
1525 4436 1739 4495 semper
1777 4422 1904 4479 elati
1947 4435 2013 4477 ac

514 4579 603 4633 ³⁸1
634 4580 759 4637 Cor.
792 4595 869 4646 ιιι,
908 4578 1004 4637 27.

516 4740 629 4816 (90)
659 4739 785 4796 Haec
841 4741 1029 4816 verba,
1074 4738 1492 4816 παραδείγματα
1548 4738 1758 4816 ἀρετῷν
1790 4737 1874 4816 ,ἐκ
1922 4736 2016 4816 τῆς

444 4808 720 4883 ὠφελίμου
769 4812 1057 4883 συντυχίας
1109 4808 1476 4883 λαμϐἀνοντα,
1525 4810 1873 4883 reperiuntur
1899 4808 2021 4874 qui-

446 4878 569 4939 dem
600 4878 654 4936 in
693 4878 1013 4953 vulgatis'et
1035 4882 1092 4953 in
1123 4878 1221 4934 ora
1258 4878 1415 4953 Regii
1445 4879 1597 4953 ter_t_ii_
1622 4893 1799 4953 manu
1833 4891 2024 4931 recen—

448 4956 588 5009 tiore
619 4971 632 5007 :
665 4953 759 5008 sed
785 4947 839 5006 in
861 4952 1088 5022 reliquis
1110 4965 1249 5007 mss.
1280 4947 1502 5006 desunt.
1524 4947 1727 5004 Ibidem
1756 4947 1866 5017 duo
1886 4960 2021 5000 mss.

447 5022 990 5096 ἐμμέτρονςμέντοις
1196 5089 1275 5096 ,-
1337 5088 1395 5096 -.
1845 5083 1888 5096 ..
1988 5083 2024 5096 ..

524 5083 646 5159 ἰ91)’
678 5083 901 5162 Antiqui
950 5093 1060 5147 duo
1084 5090 1211 5147 libri
1249 5088 1558 5144 διαλύουσα.
1582 5087 1812 5162 _Ibidem
1845 5083 2027 5139 Vossii

449 5157 608 5219 vetus
640 5163 776 5219 liber
799 5157 854 5218 et
891 5163 983 5217 alii
1013 5162 1123 5217 duo
1165 5161 1542 5233 ὲπιρῥὼσασα.
1582 5157 1752 5213 Paulo
1792 5163 1915 5227 post
1936 5171 2027 5210 co-

452 5233 743 5305 dexVoss.
776 5233 1200 5305 προθυμοτέρως
1232 5232 1534 5305 προσιέναι.

524 5304 638 5377 (92)
669 5295 1127 5377 Unus'ms.'péya
1159 5295 1365 5377 φρονεῖ.
1398 5303 1522 5355 Mox
1547 5299 1679 5355 editi
1714 5295 2030 5377 φυσῴμενος

456 5366 765 5496 ambiguam.
797 5374 952 5445 Regii
983 5366 1267 5431 'seeundus
1295 5379 1350 5429 et
1377 5377 1605 5441 quartus
1649 5366 2028 5439 φυσιούμενος,

456 5460 546 5496 me
571 5462 676 5496 IIIS.

456 5460 676 5501 mettus.

532 5516 642 5581 (93)
672 5515 874 5576 Regius
900 5515 1174 5572 secundus
1205 5512 1405 5583 φαῦλον
1446 5510 1726 5583 ἀποτελεῖν
1754 5527 1766 5538 ·
1795 5506 1893 5583 l‘lbi‘
1926 5519 2031 5583 vox

459 5575 600 5639 οἶδεν
626 5575 925 5655 supplenda
961 5597 1064 5645 est.
1096 5575 1227 5642 Mox'
1257 5585 1431 5640 codex
1465 5581 1622 5639 Voss.
1673 5596 1771 5651 pro
1800 5575 2033 5650 βεϐαίως

461 5658 623 5713 habet
655 5657 892 5718 τελείως.
988 5663 995 5673 ’

2070 467 2360 538 συντυχίας
2385 466 2727 538 λαμϐάνοντα
2753 467 2885 538 (90),
2927 468 3256 539 ἐμμέτρους,
3293 469 3374 532 ὡς
3406 468 3638 539 ἔφημεν,

2070 560 2163 612 καὶ
2184 558 2583 629 ἀνεπιλήπτους
2604 558 2703 620 τὰς
2725 557 2982 628 προόδους
3003 558 3341 627 ποιούμενον.
3373 554 3645 618 Πολλάκις

2070 650 2180 722 γὰρ
2201 651 2295 705 καί
2320 650 2545 721 ἀκηδίαν
2570 648 2932 720 ἐγγενομένην
2961 651 3028 720 τῇ
3049 648 3195 719 ψυχῇ
3225 649 3259 718 ὴ
3288 645 3645 718 πρόοδοςδια-

2071 744 2280 799 λύσασα
2298 745 2430 816 (91),
2455 744 2614 799 πάλιν
2637 738 2747 796 οἷον
2767 742 3069 814 ἐπιρρῶσαι
3089 742 3181 795 καὶ
3198 739 3540 794 ἀναπνεῦσαι
3565 756 3649 808 μι-

2074 837 2204 909 κρὸν
2222 836 2601 908 παρασχοῦσα,
2621 835 2915 907 προθύμως
2937 833 3218 906 προσιέναι
3241 835 3356 896 τοῖς
3377 830 3527 903 ὑπὲρ
3549 830 3646 901 τῆς

2074 930 2356 994 εὐσεϐείας
2387 929 2732 999 ἀγωνίσμασι
2769 927 3002 982 δίδωσιν.
3041 926 3105 979 Et
3135 925 3193 979 δέ
3229 942 3313 988 τις
3344 924 3447 978 ἐπὶ
3474 921 3553 993 τῷ
3577 923 3649 994 μὴ

2074 1021 2323 1094 προϊέναι
2362 1020 2457 1073 τοῦ
2501 1019 2772 1091 δωματίου
2803 1017 2945 1090 μέγα
2972 1015 3188 1089 φρονοίη
3214 1016 3348 1087 (92),
3374 1015 3511 1067 ῐστω
3539 1013 3652 1068 διαί

2075 1112 2217 1182 κένῳ
2246 1109 2605 1180 φυσιούμενος
2631 1109 2936 1179 πράγματι.
2974 1105 3110 1160 Οὐδὲ
3144 1104 3253 1174 γὰρ
3283 1104 3348 1159 τὸ
3404 1104 3483 1175 μὴ
3524 1120 3653 1173 προ-

2075 1203 2216 1257 ϊέναι
2249 1203 2369 1257 καθ’
2414 1202 2574 1256 ἑαυτὸ
2602 1201 2798 1266 καλὸν,
2841 1200 2875 1272 ἢ
2909 1200 2972 1253 τὸ
3002 1197 3145 1253 κατά
3183 1196 3379 1267 καιρὸν
3405 1194 3650 1267 προϊέναι

2078 1298 2240 1352 καλὸν
2284 1299 2319 1369 ἢ
2360 1296 2560 1367 φαῦλον
2605 1272 2745 1349 οἶδεν
2788 1293 3115 1367 ἐργάξεσθαι
3138 1310 3152 1324 θ
3206 1290 3319 1346 ἀλλ’
3352 1293 3392 1362 ἡ
3431 1291 3562 1364 περὶ
3594 1290 3653 1342 τὸ

2078 1389 2243 1444 καλὸν
2271 1388 2465 1460 βεϐαία
2493 1388 2588 1443 καὶ¹
2630 1387 2885 1458 ἀκίνητος
2920 1387 3123 1457 κρίσις,
3146 1385 3180 1455 ἢ
3218 1382 3554 1447 τούναντίον,
3596 1381 3655 1433 τὸ

2082 1481 2441 1553 εὖμετὰθετον
2494 1480 2779 1534 σπουδαῖον
2811 1478 2845 1548 ἢ
2882 1478 3082 1548 φαῦλον
3128 1476 3387 1530 ἀποτελεῖ
3421 1474 3557 1547 (93).
3590 1474 3650 1526 EI

2080 1574 2139 1628 δέ
2182 1591 2296 1638 τις,
2338 1573 2398 1626 τὸ
2442 1571 2604 1626 καλὸν
2648 1573 2716 1642 τῇ
2748 1570 2892 1641 ψυχῇ
2942 1568 3174 1640 βεϐαίως
3216 1566 3649 1639 ἐνιδρυσάμενος,

2085 1667 2180 1721 καὶ
2212 1670 2277 1736 τῇ
2311 1665 2500 1737 χρονίᾳ
2532 1665 2761 1736 ἀσκήσει
2789 1663 2887 1732 τῆς
2912 1661 3021 1716 τῶν
3052 1660 3238 1717 παθῶν
3274 1658 3653 1729 κυϐερνήσεως

2079 1759 2177 1831 τὴν
2206 1758 2499 1830 ἐμπειρίαν
2524 1755 2706 1809 λαϐὼν
2728 1796 2744 1822 ,
2789 1754 2884 1808 καὶ
2921 1753 3167 1825 δαμάσας
3195 1752 3295 1824 μὲν
3338 1749 3445 1813 τὰς
3474 1764 3651 1818 σωμα-

2082 1852 2240 1916 τικὰς
2287 1849 2556 1923 ἀκρασίας
2606 1847 2743 1919 (94),
2789 1845 3088 1917 χαλινώσας
3138 1845 3196 1899 δὲ
3262 1844 3366 1907 τὰς
3424 1840 3653 1912 ψυχικὰς

2081 1944 2324 2011 ἀταξίας,
2356 1942 2574 2014 0αρρὦ
2602 1941 2658 1994 δὲ
2684 1940 2763 2011 τῷ
2793 1939 2889 1993 τοῦ
2918 1937 3179 2008 λογισμοῦ
3210 1935 3439 2007 χαλινῷ,
3471 1949 3655 2005 συχνο-

2082 2034 2245 2104 τέρας
2275 2032 2417 2086 θέλοι
2448 2032 2561 2101 (95)
2592 2029 2863 2084 ποιεῖσθαι
2905 2028 3005 2092 τάς
3047 2027 3307 2099 προόδους
3335 2027 3420 2089 είς
3457 2024 3651 2078 οἰκοδο-

2086 2124 2192 2197 μὴν
2216 2125 2307 2178 καὶ
2330 2110 2617 2191 ἐπίσκεψιν
2646 2118 2912 2190 ἀδελφῶν,
2929 2119 3021 2172 τὸν
3050 2115 3290 2172 τοιοῦτον
3329 2116 3429 2170 καὶ
3454 2130 3653 2186 παρορ-

2089 2218 2252 2290 μήσει
2295 2216 2494 2287 μᾶλλον
2535 2218 2564 2269 ὁ
2613 2214 2769 2282 λόγος
2808 2211 2904 2265 ἐπὶ
2953 2211 3053 2282 τὴν
3082 2209 3307 2281 πρόοδον
3333 2248 3351 2274 ,
3401 2207 3524 2271 ἵνα,
3567 2205 3652 2258 τὸν

2086 2310 2277 2381 λύχνον
2325 2309 2416 2362 ἐπὶ
2464 2308 2563 2379 τὴν
2602 2306 2821 2378 λυχνίαν
2865 2304 3034 2367 τιθεὶς
3055 2342 3071 2366 ,
3124 2302 3258 2355 πᾶσι
3288 2298 3356 2352 τδ
3405 2297 3521 2368 φῶς
3560 2296 3654 2365 τῆς

2086 2403 2195 2457 τῶν
2225 2401 2406 2457 καλῶν
2453 2400 2806 2470 καθηγήσεως
2834 2399 3149 2469 χορηγήσῃ·
3184 2394 3347 2465 μόνον
3392 2393 3505 2460 εἴγε
3535 2389 3652 2459 θαρ-

2092 2494 2211 2566 ροίη
2232 2493 2365 2565 (96).
2391 2491 2468 2555 ὡς
2497 2491 2592 2546 καὶ
2616 2490 2759 2561 λόγῳ
2778 2490 2874 2545 καὶ
2892 2488 3039 2558 ἔργῳ
3065 2484 3436 2538 διδασκαλεῖον
3460 2478 3653 2551 ἀρετῶν

2091 2585 2282 2639 ἑαυτὸν
2306 2584 2595 2654 δυνήσεται
2622 2582 2733 2645 τοῖς
2774 2579 3196 2649 συντυγχάνουσι
3229 2574 3494 2647 παρέχειν
3515 2588 3531 2602 σ
3568 2569 3651 2623 καὶ

2090 2675 2263 2738 οὕτως
2319 2671 2741 2741 ὲξασφαλίσαιτο
2780 2668 3006 2734 ἑαυτὸν,
3052 2664 3234 2728 καθὼς
3263 2665 3294 2717 δ
3350 2657 3652 2718 Ἀπόστολος

2092 2767 2281 2838 εἴρηκε
2303 2784 2316 2796 ·
2358 2764 2454 2831 Μή
2493 2778 2641 2832 πως,
2687 2762 2898 2826 ἄλλοις
2928 2758 3211 2828 κηρύξας,
3247 2754 3439 2822 αὐτὸς
3473 2750 3651 2807 ἀδόκι-

2092 2878 2205 2931 μος
2230 2858 2505 2929 γένωμαι.
2972 2889 2976 2893 ι

2629 3059 3023 3118 ΚΕΦΔΔᾹΙΟΝ
3054 3056 3137 3112 Η’.

2094 3169 2225 3218 ’Ὅτι
2252 3165 2335 3216 ὀὐ
2366 3161 2483 3232 χρὴ
2507 3158 2639 3232 τοῖς
2673 3150 2997 3232 ἀπαιτοῦσι
3028 3148 3156 3232 ,τῶν
3179 3145 3475 3232 ⁹ἀσηιηζιῖξνξ
3490 3156 3648 3232 geret;

2172 3206 2729 3298 ὂάξοὲἑυῖ
2774 3226 2870 3277 καὶ
2924 3219 3264 3292 πφῤηίας
3287 3255 3303 3280 ,
3334 3206 3523 3271 ’ἀλλᾶ
3565 3206 3652 3262 καί

2169 3306 2419 3368 τούτους
2454 3298 2880 3370 φυλάττεσθαι.

2172 3419 2225 3472 1.
2262 3412 2630 3468 Φυλάττεσθαι
2683 3409 2865 3481 μέντοι
2896 3406 3162 3478 προσήκει
3199 3404 3297 3458 καὶ
3339 3402 3464 3464 τοὺς
3507 3396 3651 3450 ἀστα-

2098 3510 2357 3571 τοῦντας,
2388 3506 2484 3560 καὶ
2524 3503 2709 3558 ἄλλοτε
2742 3501 2879 3572 πρὸς
2920 3499 3112 3561 ἄλλους
3153 3496 3262 3549 τῶν
3295 3490 3533 3561 ἀδελφῶν
3554 3482 3652 3557 (97)

2105 3598 2548 3673 μεταϐαίνοντας,
2578 3595 2672 3647 καὶ
2703 3590 3000 3653 ἀπαύστοις
3028 3589 3123 3642 καὶ
3149 3587 3448 3646 ἀνενδότοις
3477 3576 3651 3650 ὁρμαῖς

2102 3672 2395 3753 διαπαντὸς
2440 3685 2890 3758 περινοστοῦντας
2916 3682 2985 3735 τά
3022 3679 3382 3754 μοναστήρια,
3423 3672 3512 3727 καὶ
3540 3681 3653 3758 προ-

2105 3784 2268 3853 φάσει
2308 3781 2467 3853 δῆθεν
2510 3757 2889 3849 πνευματικῆς
2939 3776 3160 3844 ἀγάπης
3205 3770 3274 3825 τὰ
3326 3769 3427 3840 τῆς
3477 3757 3651 3833 σαρκὸς

2107 3873 2518 3948 ἑκπληροῦντας
2546 3871 2827 3942 θελήματα
2849 3887 2862 3900 '
2906 3868 3059 3921 οὐδὲν
3094 3865 3312 3936 βέϐαιον
3333 3902 3349 3927 ,
3377 3858 3492 3914 οὐδὲ
3529 3852 3652 3948 ἱδρυο

2112 3966 2306 4038 μένον,
2355 3962 2478 4016 οὐδὲ
2514 3959 2811 4023 εὔτακτον,
2854 3957 2976 4010 οὐδὲ
3010 3955 3223 4009 συνέσει
3270 3941 3651 4018 κεκοσμημένον

2110 4036 2168 4109 έν
2201 4058 2321 4119 ταῖς
2352 4054 2552 4125 ψυχαῖς
2592 4052 2847 4123 ἔχοντας,
2900 4047 3038 4103 ἀλλὰ
3083 4047 3193 4099 πᾶν
3238 4045 3267 4097 ὃ
3299 4060 3352 4096 τι
3396 4036 3653 4109 περίεργον

2113 4150 2208 4202 καὶ
2236 4147 2528 4216 κακόηθες,
2562 4139 2885 4215 ρεμϐασμοῦ
2924 4140 3017 4193 καὶ
3045 4137 3361 4207 ἀλογιστίας
3397 4128 3655 4193 πεπληρωη

2118 4237 2477 4312 μένον,ιδόλου
2515 4237 2609 4290 καὶ
2651 4234 3010 4303 ὑποκρίσεως,
3043 4228 3391 4301 ψευδολογίας
3536 4217 3655 4268 ἀπα-

2115 4309 2283 4400 τηλῆς
2306 4327 2611 4389 κολακείας.
2636 4320 2793 4379 Οὗτοι
2818 4321 3068 4392 γλῶσσαν
3089 4319 3202 4389 (98)
3232 4318 3332 4387 μὲν
3359 4309 3651 4368 ἀπαίδευτοι,

2120 4422 2362 4495 γαστέρα
2403 4420 2460 4475 δὲ
2507 4419 2785 4492 ἀκρατεῖς,
2811 4416 2990 4488 ψυχὴν
3015 4414 3072 4467 δὲ
3111 4408 3399 4470 διαπαντὸς
3443 4405 3655 4464 ἐπτερω·

2055 4739 2095 4791 1)
2196 4729 2308 4800 (94)
2348 4726 2440 4781 Sic
2486 4714 2645 4800 mss;
2676 4732 2786 4779 tres
2831 4728 3028 4793 praeter
3062 4716 3224 4772 Voss.
3265 4712 3379 4767 Vox
3424 4697 3656 4773 ἀκρασίας

2124 4797 2309 4855 deerat
2344 4800 2396 4850 in
2425 4797 2676 4867 vulgatis.
2954 4859 2968 4867 _
3097 4859 3110 4867 _
3127 4858 3149 4867 _
3169 4856 3202 4867 κ
3334 4851 3352 4867 ,
3370 4850 3401 4867 ..

2749 4859 3075 4934 συχνοτέρας
3094 4856 3287 4911 ἐθέλει.
3324 4850 3467 4905 Alius
3493 4838 3653 4893 ἐθέλοι·

2125 4938 2470 4994 Αιὶυεθέλει.
2960 4999 2978 5006 _
3038 4999 3090 5006 __
3134 4997 3146 5006 _
3240 5001 3254 5006 _
3373 4993 3397 5006 ,,
3466 4978 3605 5006 un;

2198 4982 2523 5079 δέ)νῆξᾷξῆ
2567 5012 2726 5062 vetus
2773 5002 2911 5057 liber
2955 4997 3186 5137 θαὲροίτι
3235 4993 3424 5065 ἑαυτῷ.
3466 4985 3563 5040 Nec
3594 4982 3654 5030 ita

2198 5081 2302 5134 ulto
2332 5085 2453 5137 post
2486 5077 2595 5132 duo
2627 5090 2760 5132 mss.
2801 5071 2973 5134 οὕτως
3002 5074 3028 5124 ὲ
3064 5069 3452 5137 ησφαλίσατοημ
3558 5112 3651 5137 Ah

2127 5069 2305 5136 multo
2332 5085 2453 5148 post
2486 5077 2595 5132 duo
2627 5071 2973 5148 ωδε-,οὓτως
2997 5069 3511 5148 ἐξῂσφριλίσαῖτζοαμ
3542 5112 3651 5148 Mx.

2203 5112 2302 5133 mu
2332 5112 2453 5148 νυο.
2486 5112 2595 5132 ...ιν
2628 5112 2760 5132 mss.
2802 5112 2972 5134 ww,
3002 5112 3452 5140 ...,.,-τ.....η---μ
3634 5126 3651 5141 μ

2203 5149 2312 5220 (97)
2351 5147 2595 5220 Veteres
2617 5148 2728 5220 duo
2765 5143 2889 5220 libri
2925 5141 3022 5195 καὶ
3059 5140 3317 5202 ἀπιόντας
3346 5132 3514 5190 ἄλλοτε
3542 5112 3651 5186 πρδτ

2134 5213 2327 5303 mea?
2352 5218 2463 5303 εείδν
2491 5217 2771 5303 ἀδελφῶγν,
2792 5213 3055 5303 cel-“3‘3:
3356 5275 3407 5303 ι.
3428 5279 3541 5303 η...
3561 5244 3650 5303 mis

2209 5262 2324 5373 (es;
2352 5262 3061 5373 sustentarem
3085 5280 3337 5373 γλώσσηᾲ
3348 5262 3626 5373 Ag

2209 5320 2321 5373 8.00]
2354 5320 2502 5343 unua
2534 5320 2638 5342 una.
2674 5320 2728 5342 co
2749 5320 2880 5341 υυιιι
2903 5320 3061 5336 υυ-ν.
3097 5320 3321 5352 “Nam”.
3348 5320 3409 5329 .--
3429 5320 3457 5323 μ
3482 5320 3495 5364 ζ
3594 5320 3647 5393 κῆ

2138 5358 2733 5442 nauseantem?
2759 5362 3059 5442 ροειιιηυξ
3081 5328 3649 5442 ωεςξξιῐξξιῐίῖδῖίὲυι

2137 5405 3465 5510 593$?“13823536?é'olﬁgétesreeré‘it:
3474 5405 3646 5510 .‘f‘lii‘i‘;

2141 5469 2197 5555 ἷιῖ
2215 5469 2593 5557 Ἔόἐιὲιῖῖἱόἔῖ
2620 5469 3509 5567 i266"agitabiliéitkpévou;
3533 5469 3608 5531 λογ

2142 5588 2330 5644 σμους.
