4018 6226
297 328 436 383 1569
1381 343 1973 420 εΟΝΞΤΙτυΤΙΟΝΕΒ
2003 347 2446 406 ΜΟΝΑΞἸἹΩΛΕ.
3393 353 3535 410 1570

300 446 450 511 μένοι
488 446 583 497 καὶ
622 447 980 520 ριπιζόμενοι,
1015 452 1307 525 λογισμοὺς
1343 460 1482 512 κατὰ
1527 461 1623 532 τὴν
1673 464 1868 532 πτῆσιν

1975 466 2237 527 νυιιιλιςιιί,
2273 482 2506 534 quorum
2541 474 2905 538 cogitationes
2953 468 3400 534 vespertillonum
3434 485 3529 523 vo-

297 536 404 586 τῶν
434 537 759 608 νυκτερίδων
793 541 1028 610 ἔχοντες,
1059 547 1295 617 οὐδαμοῦ
1339 552 1471 621 πρὸς
1501 554 1561 606 τὺ
1590 553 1717 606 εὐθὺ
1754 555 1861 621 (99)

300 628 617 694 βλέποντας,
655 632 790 685 ἀλλὰ
822 635 1008 689 σκολιὰ
1042 640 1134 691 καὶ
1177 641 1591 714 εύμετάτρεπτα
1634 647 1865 715 πετομέ-

298 734 420 780 νους
441 735 455 747 ⁸
483 719 609 772 ἄλλο
643 722 793 794 παρὰ
824 725 920 788 τὰς
966 727 1184 796 πρώτας
1229 732 1403 803 ὁρμὰς
1438 734 1827 802 ὑποφαίνοντας
1846 772 1863 800 ,

299 810 394 861 καὶ
424 811 557 881 πρὸς
604 813 791 884 ἕτερον
819 816 896 886 τῷ
936 819 1280 892 εὐμεταϐόλῳ
1320 825 1420 894 τῆς
1463 828 1683 898 γνώμης
1716 829 1864 899 παρὰ

298 900 455 966 δόξαν
484 905 664 956 πᾶσαν
694 909 1043 978 φερομένους,
1072 914 1240 968 πολλὰ
1265 916 1555 982 ἔοποντας,
1591 920 1684 972 καὶ
1717 921 1864 974 οὐδὲν

300 993 708 1062 προϐαίνοντος.

367 1083 422 1137 2.
471 1085 707 1142 Ἐοίκασι
742 1091 798 1143 δὲ
844 1094 936 1147 καὶ
985 1096 1090 1149 τῶν
1125 1098 1432 1168 ὑποζυγίων
1464 1105 1575 1165 τοῖς
1609 1103 1735 1173 περὶ
1767 1102 1865 1167 τὰς

303 1174 476 1242 μύλας
509 1177 898 1251 ἐλαυνομένοις,
918 1183 952 1237 ἃ
975 1187 1143 1240 πολλὰ
1173 1189 1455 1259 βαδίζοντα
1478 1194 1568 1245 ἐπὶ
1587 1194 1676 1246 τὸν
1705 1195 1865 1247 αὐτὸν

300 1265 386 1317 ἀεὶ
414 1267 575 1320 τόπον
605 1271 914 1342 εὑρίσκεται
936 1292 951 1307 ·
976 1280 1067 1330 καὶ
1093 1280 1152 1332 τὸ
1181 1282 1280 1350 μὲν
1305 1283 1461 1354 σῶμα
1490 1284 1745 1338 κόπτεται
1767 1285 1864 1356 (Ι),

300 1358 362 1407 τὸ
387 1357 444 1410 δὲ
483 1360 654 1431 βραχὺ
682 1366 876 1435 χωρίον
917 1369 1166 1439 οὐδαμῶς
1205 1374 1550 1445 ὑπερϐαίνει’
1595 1376 1735 1429 οὕτω
1773 1378 1868 1430 κά-

303 1450 490 1513 κεῖνοι,
527 1451 818 1518 διαπαντὸς
864 1461 990 1529 περὶ
1029 1463 1096 1515 τὰ
1141 1464 1282 1534 πάθη
1315 1465 1407 1516 τοῦ
1467 1467 1712 1536 σώματος
1761 1467 1867 1520 ίλυ-

303 1540 600 1611 σπώμενοι,
651 1548 801 1600 οὐδὲν
833 1553 923 1604 ἐπὶ
983 1553 1044 1605 τὸ
1087 1557 1455 1625 πνευματικὸν
1497 1557 1626 1627 ὕψος
1672 1560 1868 1630 προκό-

301 1648 522 1685 πτουσιο
561 1636 808 1706 τρέχουσι
847 1640 901 1692 δὲ
937 1642 1131 1696 κύκλον
1161 1646 1465 1714 ἀπέραντον
1493 1652 1611 1712 ταῖς
1641 1651 1732 1702 τοῦ
1765 1651 1869 1702 σώ-

303 1737 471 1790 ματος
508 1725 823 1796 ἐπιθυμίαις
848 1732 938 1784 καὶ
971 1734 1182 1802 ἡδοναῖς
1223 1737 1310 1788 ἀεὶ
1343 1738 1744 1810 συνδονούμενοι
1769 1743 1864 1811 (2),

300 1815 395 1866 καὶ
423 1816 528 1868 ἀπὸ
551 1817 660 1870 τῶν
690 1822 866 1875 αὐτῶν
902 1825 992 1875 ἐπὶ
1016 1825 1083 1877 τὰ
1103 1827 1239 1880 αὐτὰ
1266 1829 1424 1881 πάλιν
1450 1832 1756 1902 φερόμενοι,
1775 1835 1866 1886 καὶ
1898 1813 1940 1868 Β

297 1905 397 1975 τῆς
443 1913 682 1979 πονηρᾶς
725 1912 965 1978 δουλείας
1001 1917 1098 1969 οὐκ
1153 1919 1433 1988 ἀφιέμενοι
1478 1921 1566 1974 διὰ
1625 1923 1722 1993 τὴν
1773 1927 1869 1994 τῆς

300 2001 672 2069 προαιρέσεως
710 2004 1026 2076 μοχθηρίαν.
1056 2001 1235 2070 Οὗτοι,
1279 2010 1340 2063 τὸ
1381 2013 1565 2082 σχῆμα
1607 2014 1701 2066 τοῦ
1738 2033 1870 2086 προ-

303 2090 469 2143 ϐάτου
495 2093 599 2145 τῶν
622 2094 870 2165 ὁρώντων
894 2098 1084 2172 δέλεαρ
1111 2103 1558 2174 προϐαλλόμενοι,
1597 2107 1744 2161 ἔνδον
1771 2108 1870 2179 τὴν

301 2182 478 2253 λίχνον
508 2187 582 2255 (5)
615 2190 704 2240 καὶ
749 2192 990 2263 κακοήθη
1021 2197 1114 2247 καὶ
1158 2195 1390 2251 ὕπουλον
1432 2199 1691 2254 ἀλώπεκα
1740 2204 1871 2274 κρύ-

301 2293 517 2339 πτουσι,
567 2279 792 2345 πολλοὺς
824 2284 1007 2338 δὲκαὶ
1055 2289 1426 2360 παρατρέπειν
1470 2293 1562 2344 ἐπὶ
1607 2295 1706 2364 τὴν
1752 2295 1870 2365 ἴσην

301 2369 498 2421 κακίαν
545 2372 966 2437 σπουδάζουσιν
1011 2378 1124 2432 ὅσοι
1182 2381 1562 2455 κυϐερνήσεως
1608 2384 1870 2456 λογισμοῦ

298 2459 673 2532 ἁμοιροῦντες,
699 2468 791 2518 καὶ
817 2467 893 2538 τῷ
925 2470 1102 2534 καλῶς
1127 2473 1218 2526 καὶ
1246 2474 1425 2539 κακῶς
1455 2477 1638 2545 ἄγοντι
1673 2480 1871 2550 ῥᾳδίως

304 2551 702 2621 προστίθενται,
726 2556 882 2611 τοῦτο
913 2560 1077 2614 καλὸν
1102 2564 1442 2633 νομίσαντες,
1473 2568 1607 2640 ὅπερ
1629 2570 1692 2623 ἄν
1720 2587 1802 2634 τις
1834 2572 1866 2641 ἢ

300 2641 510 2710 ὀρθῶς,
542 2645 572 2713 ἢ
607 2646 843 2712 πιθανῶς
873 2651 1231 2722 ὑφηγήσεται.
1275 2658 1384 2709 Καὶ
1429 2659 1650 2723 τούτους
1693 2663 1870 2715 τοίνυν

303 2733 439 2801 πρὸς
461 2735 521 2786 τὸ
542 2737 736 2790 οἰκεῖον
765 2739 1046 2795 καθέλκειν
1077 2746 1434 2809 σπουδάζουσι
1466 2749 1869 2822 βάραθρον,τὴν

302 2824 629 2898 διαστροφὴν
660 2832 838 2886 αὐτῶν
865 2835 940 2904 (4)
968 2838 1171 2892 οἰκείαν
1209 2841 1507 2910 ἀπολογίαν
1546 2841 1684 2900 εἷναι
1721 2848 1870 2917 νομί-

302 2914 504 2984 ζοντες,
546 2920 640 2972 καὶ
669 2922 766 2992 τὴν
807 2925 1052 2997 ἑταιρίαν
1089 2931 1186 3000 τῆς
1229 2934 1493 3003 πονηρίας
1529 2935 1637 2988 τῶν
1675 2914 1870 3007 ἐγκλη-

304 3010 490 3077 μάτων
537 3013 848 3070 ἐλάττωσιν.
909 3020 1141 3086 Τούτους
1191 3020 1283 3077 οῦν
1322 3027 1388 3079 ὲκ
1427 3029 1625 3092 παντὸς
1665 3031 1868 3100 τρόπου

306 3104 572 3172 προσήκει
608 3107 987 3174 φυλάττεσθαι,
1012 3113 1088 3177 ὡς
1126 3115 1190 3168 ἂν
1221 3119 1345 3188 μήτ’
1376 3119 1566 3184 ἄλλους
1590 3121 1784 3191 βλάψαι
1811 3123 1868 3175 ὲν

303 3195 369 3262 τῇ
409 3193 500 3246 τοῦ
542 3195 774 3266 ψυχικοῦ
827 3201 1011 3273 λοιμοῦ
1049 3208 1364 3276 μεταδόσει,
1399 3211 1492 3263 καὶ
1529 3213 1680 3264 αὐτοὶ
1735 3214 1870 3266 πάν-

299 3281 457 3376 τοθεν
491 3289 819 3359 εἰργόμενοι,
869 3294 965 3363 ὀψὲ
999 3295 1130 3364 γοῦν
1170 3299 1306 3369 πρὸς
1338 3301 1398 3353 τὸ
1429 3303 1590 3354 καλὸν
1622 3305 1872 3376 ἐπιστρέ-

299 3373 464 3442 ψωσι,
509 3381 854 3450 παιδαγωγὸν
883 3387 982 3456 τὴν
1035 3389 1294 3461 αἰσχύνην
1334 3391 1700 3463 λαμϐάνοντες
1723 3435 1738 3459 ,
1779 3399 1872 3452 καὶ

299 3465 399 3535 τὴν
442 3469 549 3522 τῶν
606 3475 907 3529 σπουδαίων
960 3479 1308 3552 ἀποστροφὴν
1334 3484 1614 3538 νουθεσίαν
1651 3489 1730 3550 είς
1772 3488 1871 3560 τὴν

299 3557 398 3627 τῆς
444 3561 639 3626 κακίας
694 3566 1030 3640 ἀπαλλαγήν.
1086 3572 1256 3626 Τοῦτο
1304 3575 1412 3648 γὰρ
1457 3579 1549 3630 καὶ
1587 3581 1615 3631 ὁ
1660 3557 1872 3645 Παῦλος

299 3648 534 3716 ἐδίδαξε,
579 3655 752 3724 λέγων
785 3663 913 3732 περ).
953 3662 1060 3716 τῶν
1096 3665 1267 3736 μηδὲν
1317 3668 1696 3740 ἐργαζομένων
1735 3671 1870 3725 ἀλλὰ

300 3745 843 3831 περιεργαζομένων·
885 3755 1122 3819 Τοῦτον,
1162 3759 1314 3828 φησὶ,
1349 3763 1740 3831 σημειοῦσθε,
1771 3765 1869 3818 καὶ

297 3830 384 3900 μὴ
415 3841 948 3910 συναναμίγνυσθε
973 3847 1155 3914 αὐτῷ,
1189 3850 1290 3905 ἵνα
1315 3851 1601 3922 ἐντραπῇ.

825 4042 1224 4103 ΚΕΦᾹΛΛῘΟΝ
1266 4051 1342 4105 Θ’.

303 4127 433 4180 ’Ὁτι
489 4131 718 4218 κλξὶρου
749 4135 809 4218 Ai}
860 4143 1237 4218 προστασίας
1281 4145 1559 4218 ἀδελφῶν
1599 4148 1872 4218 οὐδαμῶς

569 4203 832 4271 ἐφίεσθαι
862 4211 1156 4279 προσήκει
1180 4203 1286 4266 adv
1310 4203 1604 4284 ἁσκῆτήν.

376 4291 592 4375 Κλήρου
644 4295 858 4364 μέντοι,
909 4301 941 4370 ἢ
986 4305 1318 4372 προστασίας
1349 4305 1591 4374 ἀδελφῶν
1621 4307 1870 4375 ἐφίεσθαι

298 4383 392 4433 τον
427 4384 666 4457 ἁσκητὴν
699 4390 950 4461 οὐδαμῶς
983 4396 1248 4465 προσήκει
1269 4397 1368 4465 (ii).
1417 4398 1730 4451 Διαϐολικὸν
1761 4399 1870 4471 γὰρ

1968 556 2135 608 latum
2189 557 2492 621 imitantur,
2529 573 2799 627 nusquam
2840 558 2905 612 ad
2939 567 3150 612 rectum
3193 567 3526 629 spectantes,

1966 647 2057 701 sed
2116 650 2334 717 oblique
2390 666 2454 704 ac
2505 666 2762 719 perverse
2815 654 3060 704 volantes
3111 667 3124 702 :
3181 652 3381 721 quippe
3435 651 3529 720 qui

1967 741 2145 808 primo
2181 741 2382 809 impetu
2411 741 2555 795 aliud
2581 758 2689 812 pra!
2712 758 2769 796 se
2800 740 2998 804 ferant,
3035 743 3126 796 sed
3163 759 3286 797 mox
3331 742 3533 796 mentis

1965 831 2322 886 instabilitate
2370 834 2436 886 ad
2483 835 2629 887 aliud
2680 834 2925 888 ferantur
2968 844 3162 903 praeter
3216 835 3529 902 Opinionem

1965 937 2203 987 omnem,
2248 937 2499 992 repentes
2534 942 2642 980 non
2673 942 2903 995 parum,
2937 933 2990 978 at
3034 927 3183 980 nullo
3217 925 3376 978 modo
3406 941 3532 994 pro-

1965 1014 2290 1082 gredieutes.

2029 1105 2084 1157 2.
2121 1107 2263 1171 Quin
2293 1108 2457 1161 etiam
2510 1110 2717 1164 similes
2745 1119 2872 1163 sunt
2907 1109 3194 1178 jumeutis,
3231 1124 3353 1178 qua
3388 1107 3534 1162 circa

1969 1196 2140 1249 Inolas
2183 1207 2304 1250 aeta
2351 1198 2581 1251 multum
2625 1199 2924 1253 conficiunt
2977 1199 3209 1260 itineris,
3257 1207 3311 1252 et
3351 1208 3534 1252 tamen

1966 1286 2154 1339 eodem
2207 1289 2263 1341 in
2323 1289 2444 1343 loco
2501 1305 2717 1360 semper
2780 1289 3146 1360 reperiuntur,
3201 1297 3255 1344 et
3305 1303 3536 1358 corpore

1967 1378 2281 1449 defatigato,
2341 1383 2458 1450 ipsa
2503 1392 2680 1436 tamen
2725 1383 2868 1436 ultra
2915 1382 3098 1451 exigui
3142 1382 3247 1435 loei
3301 1381 3535 1452 spatium

1968 1485 2074 1524 non
2129 1473 2555 1538 progrediuntur
2610 1491 2623 1527 :
2670 1473 2750 1527 sic
2803 1474 2878 1526 illi
2936 1489 3176 1542 quoque,
3226 1473 3431 1542 jugiter
3479 1472 3535 1526 in

1969 1563 2220 1631 corporis
2259 1565 2577 1620 libidinibus
2607 1565 2857 1628 volutati,
2890 1566 3042 1620 nullo
3075 1565 3236 1618 modo
3278 1564 3344 1618 ad
3374 1563 3538 1633 spiri-

1968 1653 2171 1706 tualem
2220 1654 2564 1708 altitudinem
2606 1655 2910 1725 procedunt
2949 1672 2962 1707 :
2997 1656 3128 1726 quin
3176 1657 3358 1725 potius
3405 1670 3538 1709 con—

1974 1743 2166 1796 ficiunt
2202 1745 2468 1799 circulum
2503 1747 2936 1813 interminatum,
2974 1755 3030 1801 ut
3063 1748 3155 1816 qui
3189 1761 3402 1817 semper
3429 1761 3540 1801 una

1971 1851 2093 1889 cum
2127 1837 2378 1906 corporis
2414 1839 2880 1907 concupiscentiis
2913 1853 2976 1892 ac
3029 1839 3402 1908 voluptatibus
3427 1837 3539 1892 cir-

1969 1933 2350 1995 cumagantur,
2386 1942 2692 1997 rursusque
2723 1928 2973 1982 ferantur
3016 1944 3080 1982 ex
3126 1928 3318 1983 iisdem
3358 1929 3415 1980 in
3442 1941 3538 1980 ea-

1969 2014 2114 2078 dem,
2147 2032 2248 2070 nec
2275 2032 2305 2069 a
2343 2019 2487 2071 mala
2525 2021 2788 2073 servitute
2825 2020 3146 2085 liberentltr,
3177 2018 3249 2073 ob
3293 2019 3541 2074 volunta-

1971 2109 2040 2162 tis
2071 2125 2182 2163 suze
2213 2111 2552 2179 pravitatem.
2591 2110 2653 2164 ili
2687 2112 2756 2166 ob
2781 2112 3105 2166 intuentium
3139 2103 3329 2166 oculos
3360 2111 3542 2181 posito

1972 2199 2156 2253 habitu
2194 2201 2358 2254 ovillo
2405 2201 2566 2270 quasi
2605 2201 2777 2254 illicio
2809 2202 3071 2270 quodam,
3106 2202 3254 2255 intus
3289 2201 3537 2269 gulosam

1971 2290 2370 2360 malignumque
2439 2301 2494 2345 et
2579 2292 2861 2347 subdolam
2924 2293 3136 2362 vulpem
3224 2291 3538 2354 occultant,

1970 2381 2277 2449 multosque
2308 2383 2360 2435 in
2392 2383 2640 2437 eamdem
2671 2400 2891 2454 quoque
2925 2385 3225 2454 nequitiam
3261 2383 3540 2453 impellere

1969 2485 2237 2526 conantur
2288 2490 2300 2524 :
2351 2477 2442 2544 qui
2494 2491 2618 2528 cum
2675 2477 2908 2536 rationis
2954 2479 3115 2531 clavo
3151 2477 3537 2540 destituantur,

1973 2563 2129 2619 facile
2157 2567 2271 2620 sive
2301 2567 2442 2621 bono
2474 2568 2588 2621 sive
2628 2570 2774 2622 malo
2809 2569 3027 2623 durtori
3065 2584 3272 2624 morem
3304 2576 3495 2639 gerunt
3523 2587 3538 2631 ;

1970 2671 2023 2715 et
2065 2661 2330 2730 quidquid
2380 2678 2408 2715 a
2440 2665 2634 2732 quovis
2678 2672 2770 2716 aut
2801 2662 2962 2733 555
2999 2673 3144 2718 recte
3193 2672 3284 2716 aut
3339 2662 3540 2733 proba-

1971 2756 2152 2810 biliter
2207 2757 2310 2811 sibi
2363 2759 2705 2827 propositum
2755 2769 2860 2823 est,
2908 2761 2961 2814 id
3007 2761 3076 2814 ab
3127 2761 3260 2830 ipsis
3309 2761 3544 2815 habetur

1970 2849 2192 2903 bonum.
2268 2847 2454 2919 Itaque
2502 2852 2602 2904 hos
2665 2867 2884 2922 quoque
2947 2853 3168 2907 student
3218 2854 3434 2908 trahere
3486 2853 3540 2906 in

1972 2955 2128 2994 suam
2167 2941 2406 3010 ipsorqu
2460 2946 2778 3012 perniciem,
2825 2945 2928 2998 rati
2977 2960 3166 2999 eorum
3208 2946 3539 3014 nequitiam,

1971 3047 2125 3086 suam
2190 3035 2432 3104 ipsorum
2495 3037 2866 3092 defensionem
2939 3053 3093 3102 esse,
3153 3038 3542 3108 pravitatisque

1895 3125 2316 3219 Csocietatem,
2374 3127 2812 3183 imminutionem
2865 3129 3184 3182 criminum.
3248 3127 3312 3181 Hi
3378 3129 3545 3198 igitur

1973 3221 2102 3267 sunt
2144 3215 2370 3269 omnino
2404 3215 2666 3284 fugiendi,
2703 3223 2760 3269 ut
2802 3232 2870 3269 ne
2920 3215 3324 3270 communicata
3375 3214 3529 3267 anim

1970 3315 2124 3374 peste
2168 3314 2403 3361 noceant
2433 3307 2578 3368 aliis,
2623 3307 2715 3361 sed
2766 3307 2820 3359 lii
2865 3307 2966 3375 ipsi
3011 3306 3289 3360 undelibet
3321 3303 3543 3359 coerciti

1970 3411 2096 3449 sero
2143 3398 2336 3451 saltem
2389 3399 2456 3452 ad
2506 3398 2708 3452 bonum
2758 3407 3174 3459 convertantur,
3229 3396 3440 3465 pudore
3487 3397 3542 3450 in

1982 3481 2094 3540 illis
2124 3486 2401 3556 paedagogi
2447 3488 2594 3541 vices
2633 3489 2906 3555 explente,
2952 3496 3112 3556 atque
3143 3486 3386 3540 virorum
3419 3499 3544 3553 pro-

1975 3579 2170 3633 borum
2225 3580 2352 3633 odio
2395 3580 2546 3648 ipsos
2589 3580 2655 3632 de
2696 3579 2954 3647 nequitia:
3013 3578 3139 3647 fuga
3191 3577 3539 3630 admonente.

1971 3669 2085 3724 lloc
2130 3670 2275 3724 enim
2325 3669 2512 3723 docuit
2555 3679 2608 3722 et
2670 3668 2894 3731 Paulus,
2952 3669 3184 3736 loquens
3231 3665 3301 3721 de
3337 3665 3406 3719 iis
3449 3666 3542 3733 qui

1975 3764 2124 3834 operi
2159 3765 2289 3817 nulli
2333 3763 2681 3825 incumbunt,
2727 3763 2820 3818 sed
2858 3768 3027 3832 agunt
3057 3761 3274 3814 curiose
3311 3777 3323 3812 :
3365 3757 3543 3817 Hunc.

1971 3853 2171 3925 inquit,
2218 3864 2418 3917 notate,
2474 3863 2524 3908 et
2573 3872 2634 3909 ne
2677 3852 3121 3907 commisceamini
3171 3868 3289 3904 cum
3332 3850 3448 3917 ilio,
3489 3858 3547 3902 ut

1971 3947 2330 4016 confundatur
2359 3949 2403 3979 ³⁸

2570 4063 2795 4117 CAPUT
2834 4061 2923 4116 IX.

1975 4155 2127 4220 Quod
2151 4172 2254 4208 non
2289 4157 2545 4216 convenit,
2579 4166 2633 4206 ut
2667 4165 2844 4207 οδε-ειη
2869 4153 3047 4220 cupiat
3074 4167 3305 4223 unquam
3340 4150 3546 4221 ingredi

2275 4227 2325 4278 in
2355 4225 2574 4287 clerum,
2607 4236 2700 4278 aut
2729 4224 2984 4294 fratribus
3016 4223 3234 4291 pra’ﬁci.

2040 4315 2308 4370 (laterum
2345 4331 2690 4386 nequaquam
2727 4314 3004 4378 convenit,
3042 4320 3103 4367 ut
3141 4321 3326 4369 asceta
3359 4313 3546 4382 cupiat.

1975 4420 2215 4490 unquam
2260 4407 2469 4476 ingredi
2513 4407 2568 4459 in
2611 4407 2839 4470 clerum,
2877 4414 2970 4459 aut
3012 4403 3277 4458 fratribus
3311 4405 3542 4472 praefici.

300 4473 363 4522 τὸ
382 4474 612 4545 νόσημα,
634 4481 724 4532 καὶ
749 4482 1037 4553 φιλαρχίας
1065 4489 1125 4538 τὸ
1149 4486 1397 4558 ἔγκλημα
1415 4507 1427 4519 ’
1457 4490 1593 4560 ὅπερ
1616 4490 1713 4558 τῆς
1734 4491 1870 4545 ἀνω-

1979 4473 2114 4548 Νὶιιι
2157 4473 2426 4550 diabolica
2477 4493 2582 4548 ista
2628 4493 2799 4563 pestis
2845 4502 2952 4555 est,
3001 4491 3260 4560 labesque
3300 4489 3545 4542 libidinis

300 4565 452 4617 τάτω
478 4568 569 4620 τοῦ
594 4570 834 4627 διαϐόλου
862 4578 1121 4648 πονηρίας
1149 4580 1224 4651 (6)
1250 4581 1309 4632 τὸ
1337 4580 1643 4651 γνώρισμα.
1669 4582 1874 4636 Κάκεῖ-

301 4673 392 4719 νος
413 4658 520 4730 γὰρ
549 4663 652 4716 ὑπὸ
679 4667 866 4720 τούτου
897 4669 990 4722 τοῦ
1026 4671 1227 4735 πάθους
1253 4661 1333 4736 είς
1366 4672 1425 4725 τὸ
1459 4673 1557 4743 τῆς
1587 4673 1868 4746 ὑπερηφα-

378 4815 486 4869 ³⁶ΙΙ
518 4817 711 4876 Thess.
745 4837 825 4885 ιιι,
855 4823 939 4878 M.

377 4972 657 5051 (θθχξὶθς,
684 4979 875 5031 tertius
901 4990 951 5032 et
985 4981 1113 5034 editi
1148 4983 1281 5051 πρὸς
1304 4984 1362 5036 τὸ
1392 4985 1565 5047 εύθές.
1600 4984 1703 5038 Alii
1741 5001 1872 5040 mss.

302 5041 624 5124 εὐθύ-’.Νεᾶ
648 5047 922 5124 ita_nlu|to_
964 5051 1013 5124 in
1027 5052 1114 5124 fra
1138 5041 1282 5124 editi,
1301 5055 1435 5105 ἀλλὰ
1472 5041 1640 5124 παρά,
1676 5073 1872 5121 verum,

304 5111 415 5194 ἐτεά.
452 5114 672 5194 Veteres
712 5117 821 5194 duo
871 5121 998 5194 Libri
1036 5122 1192 5194 ἄλλα,
1231 5123 1362 5177 alia.
1399 5125 1500 5177 Alii
1545 5111 1652 5177 ἱιιιί»
1686 5111 1875 5194 pratici

304 5181 468 5259 Voss.
492 5185 638 5259 άλλο,
667 5187 832 5259 aliud.
873 5188 1112 5246 Subinde
1138 5181 1289 5246 Cttib.
1319 5194 1474 5259 δόξαν
1505 5181 1739 5248 ᾶπασοίν.

307 5321 318 5331 ο
378 5254 453 5334 (1)
485 5257 671 5334 Codeit
699 5258 848 5334 Colb.
885 5268 938 5312 et
984 5261 1114 5334 Reg.
1163 5264 1357 5317 tertius
1391 5254 1720 5318 emendatus
1756 5279 1878 5334 per-

305 5323 434 5376 inde
465 5334 520 5378 ut
545 5326 676 5378 editi
708 5327 985 5382 κόπτεται.
1018 5323 1121 5385 Alii
1153 5343 1264 5386 tres
1288 5351 1418 5389 mss.
1454 5335 1729 5386 κόπτουσι.

384 5393 455 5463 (2)
489 5394 662 5449 Editio
699 5395 898 5473 Veneta
943 5413 1154 5473 et_tres
1201 5420 1330 5456 mss.
1387 5404 1868 5473 συνδιανοούμενοι.

306 5460 449 5542 ﬁeg.
480 5473 706 5542 quartus
762 5470 1240 5542 συνδιατιθέμενοι.
1295 5473 1574 5528 Editioues
1611 5460 1786 5528 Pariis.
1821 5483 1875 5528 et

306 5530 468 5606 Basil.
489 5530 752 5606 :guv'riovou
761 5556 929 5606 μενοι.

382 5603 457 5669 (5)
489 5601 1156 5682 Vossii_ve'tus_l_ibersip;
1184 5611 1389 5681 λίχνην.
1428 5618 1718 5682 Aliquanto
1747 5619 1873 5682 post

305 5671 416 5724 duo
445 5689 576 5745 ntss.
607 5675 829 5739 πολλοὺς
864 5679 919 5730 δὲ
952 5680 1058 5732 καί,
1102 5671 1379 5737 Ᾱῑὶιιέίιιδ.
1405 5692 1456 5734 et
1483 5671 1610 5738 editi
1647 5671 1872 5745 πολλούς

302 5757 363 5793 τε
403 5743 514 5797 καί.
562 5746 802 5802 Subinde
841 5749 1006 5803 codex
1046 5752 1195 5806 (Julii.
1245 5770 1365 5808 eum
1411 5753 1566 5808 Voss.
1611 5743 1872 5822 κυϐερνήὲ

1977 4584 2292 4640 dominandi
2349 4603 2362 4639 :
2405 4600 2526 4654 quae
2557 4599 2646 4638 res
2680 4598 2909 4639 summa:
2941 4581 3142 4636 diaboli
3176 4579 3430 4649 nequitia
3462 4579 3547 4630 iu-

1975 4676 2130 4746 sigue
2178 4685 2282 4731 est.
2314 4675 2449 4731 Nam
2493 4685 2546 4731 et.
2590 4676 2684 4731 ille
2720 4675 2789 4729 ab
2829 4673 2934 4728 hoc
2971 4672 3102 4726 vitio
3133 4685 3372 4742 praeceps
3390 4681 3547 4724 actus

1978 4999 2114 5046 σςως
2143 4984 2438 5054 λογισμῶν.

2047 5041 2124 5120 (tv)
2153 5041 2337 5109 (lodeit
2383 5052 2542 5107 Voss.
2587 5057 2641 5105 et
2682 5047 3030 5123 Golbertiuus
3075 5041 3547 5123 τῇνβιαστροςρὴν

1977 5114 2178 5186 αυτῶν,
2227 5132 2280 5196 et
2301 5125 2400 5196 _ita
2447 5137 2667 5191 quoque
2713 5120 2935 5196 habent.
2963 5114 3140 5196 Regii
3172 5117 3282 5171 duo
3327 5114 3548 5196 codices

1973 5184 2264 5248 emendati.
2301 5193 2429 5261 Reg.
2467 5184 2696 5261 quartus
2727 5198 2781 5242 et
2811 5188 2937 5242 editi
2962 5184 3068 5261 εῇξ
3095 5185 3422 5261 διαστροφῆς
3444 5184 3544 5261 αὐ-

1973 5229 2264 5248 υ...ω.ι...ι..
2508 5229 2696 5244 ...ωηο
2727 5229 2781 5242 ι.
2811 5229 2937 5242 νυ...
2975 5229 3060 5250 ..ς
3096 5229 3245 5240 νη-.
3292 5229 3314 5238 ν
3366 5229 3420 5245 .,
3445 5229 3506 5234 ν-

1973 5264 2102 5326 τῶν,
2133 5265 2276 5318 haud
2305 5229 2622 5316 rediefll'lov
2653 5261 2762 5313 duo
2785 5273 2916 5312 mss.
2954 5229 3146 5318 ἄλλους
3177 5229 3432 5326 βλάψᾶιὲν
3465 5256 3540 5306 ἐν.

1975 5324 2218 5404 Subinde
2255 5333 2422 5404 codex
2455 5331 2614 5404 Coll).
2645 5329 2783 5404 πρὸς
2801 5327 2877 5404 μτὸ
2911 5326 3073 5404 καλὸν
3099 5324 3541 5404 ἐπιστρέψαντες.

2047 5405 2123 5474 (5)
2158 5403 2334 5457 Vossii
2368 5409 2522 5454 vetus
2563 5394 2700 5474 libet:
2732 5397 2981 5474 οὐδαμῶς
3014 5394 3308 5474 προσῆκον.
3341 5394 3544 5448 Ibidem

1975 5468 2117 5527 idem
2149 5490 2250 5554 ius.
2277 5487 2399 5554 cum
2425 5470 2577 5554 (ξ-οιιζ.
2602 5469 2709 5554 γάρ
2742 5470 2857 5520 ἐστι
2876 5468 2946 5554 ab
2970 5468 3200 5554 νόσημα,

2047 5544 2122 5612 (6)
2151 5543 2330 5614 Codex
2357 5541 2512 5614 (ξοΙΙ).
2539 5533 2782 5614 διαϐόλου
2805 5533 3246 5614 πολιτ-είαςζήΜοξ
3272 5533 3382 5587 duo
3407 5548 3542 5614 mss.

1974 5621 2027 5666 et
2056 5607 2186 5666 editi
2227 5613 2305 5673 εἰς
2345 5610 2404 5660 τὸ
2447 5609 2742 5679 περιφανὲς
2777 5609 3183 5679 κατενήνεκται,
3229 5607 3283 5657 in
3333 5607 3542 5658 ruinam

1976 5684 2311 5750 conspicuam
2341 5678 2588 5752 delapsus
2623 5691 2719 5733 est.
2751 5679 2900 5752 Regii
2933 5678 3206 5735 secundus
3230 5682 3280 5731 ct
3313 5681 3544 5746 quartus

1977 5762 2033 5806 ut
2066 5754 2118 5808 iu
2145 5761 2422 5818 contextu,
2450 5751 2664 5805 melius.
