4018 6226
278 385 417 444 ³5⁵³3
730 435 733 438 .
1369 380 1504 437 CON
1515 378 1974 436 STITUTIONES
2014 378 2157 435 ΜΟΝ
2165 375 2456 434 ΑΒΤΙΟΕ.
3391 371 3488 425 1ὓῖ
3498 363 3527 415 4

273 521 336 556 τε
369 501 463 556 τὸν
491 500 604 572 (12)
630 498 878 554 διάκενον
906 501 1019 570 τῆςι
1045 500 1315 570 εὐφημίας
1344 500 1538 570 μισθὸν
1570 498 1863 553 ἀπαιτοῦν-

1988 513 2129 568 »ρει-ει
2166 511 2447 569 peragere,
2503 507 2669 565 quam
2709 492 2789 547 eis
2839 489 2934 546 Dei
2976 502 3161 543 causa
3190 484 3529 548 incumbere,

274 611 392 658 τες,
429 593 654 655 εἰκότως
687 594 780 645 καὶ
826 591 1051 654 δικαίως
1094 591 1204 643 τῶν
1239 590 1398 644 θείων
1443 590 1688 661 ἀμοιῦῶν
1729 591 1864 644 ἀπο-

1988 590 2174 645 dcirco
2218 588 2369 644 inani
2419 585 2600 641 laudis
2650 582 2903 638 mercede
2947 581 3017 634 ab
3070 579 3180 634 illis
3221 577 3531 645 elllagitata,

280 686 580 754 πίπτομεν,
610 683 672 735 οὐ
699 678 776 753 τῷ
815 680 934 752 Θεῷ
978 679 1286 745 πονοῦντες,
1321 681 1456 734 ἀλλὰ
1503 684 1615 744 τοῖς
1658 679 1866 752 ἀνθρώ-

282 792 409 838 ποις
438 774 663 837 ἑαυτοὺς
691 772 1104 844 ἐργατεύοντεςο
1130 774 1261 844 παρ’
1288 766 1362 826 ὧν
1399 772 1497 843 τὴν
1526 772 1726 843 ζημίαν
1758 771 1866 824 τῶν

291 866 499 935 μισθῶν
526 867 647 919 ἀντὶ
685 863 890 935 μισθῶν
937 862 1302 934 κομιζόμενοι,
1330 865 1383 917 τί
1414 864 1507 917 καὶ
1542 864 1693 935 παρὰ
1730 862 1865 915 Θεοῦ

288 958 705 1026 ᾁπαιτήσωμεν,
758 948 804 1022 ᾧ
857 955 1010 1009 οὐδὲν
1072 954 1405 1025 ἐργάσασθαι
1462 953 1865 1026 προειλόμεθα;

290 1048 403 1102 Καὶ
434 1051 517 1103 ὅτι
549 1047 705 1101 τοῦτό
747 1049 895 1100 ἐστιν
942 1046 1157 1116 ἀληθὲς,
1184 1045 1413 1099 ἄκουσον
1457 1045 1552 1098 τοῦ
1589 1045 1736 1117 ἱεροῦ
1766 1045 1870 1097 Εὑ-

292 1139 551 1208 αγγελίου
576 1138 845 1207 λέγοντος,
876 1139 1007 1209 περὶ
1032 1136 1141 1189 τῶν
1168 1136 1257 1190 διὰ
1291 1136 1610 1208 ἀνθρώπους
1636 1137 1706 1189 τὰ
1732 1134 1872 1189 καλὰ

293 1230 574 1302 δρώντωνο
613 1227 801 1309 Ἀμὴν
829 1228 983 1299 λέγω
1009 1228 1177 1307 ὑμῖν,
1203 1228 1503 1299 ἀπέχουσι
1525 1229 1631 1281 τὸν
1652 1226 1873 1303 μισθὸν

296 1319 521 1388 αὐτῶν.

370 1502 423 1556 2.
458 1501 722 1571 Φύγωμεν
770 1494 863 1554 οὖν
917 1497 1239 1565 κενοδοξίαν,
1281 1496 1372 1549 τὸν
1404 1494 1608 1563 γλυκὺν
1638 1492 1865 1552 ,σκυλευ-

297 1588 399 1659 τὴν
430 1591 523 1640 τοῦ
567 1586 937 1658 πνευματικοῦ
974 1586 1225 1648 πλούτου,
1274 1584 1364 1637 τὸν
1392 1584 1520 1655 ἡδὺν
1547 1582 1655 1637 τῶν
1688 1581 1878 1653 ἡμετὲ-

304 1695 413 1749 ρων
459 1676 644 1747 ψυχῶν
693 1676 981 1747 πολέμιον,
1030 1675 1121 1729 τὸν
1174 1676 1313 1745 σῆτα
1359 1673 1469 1727 τῶν
1526 1673 1760 1745 ἀρετῶν,
1788 1672 1879 1725 τὸν

304 1769 425 1847 μεθ’
465 1769 657 1840 ἡδονῆς
701 1767 770 1821 τὰ
807 1768 1054 1839 ἡμετέρα
1086 1767 1225 1820 καλὰ
1268 1765 1608 1836 ληιζόμενον,
1655 1765 1746 1817 τὸν
1793 1763 1880 1834 μέ-

1963 681 2085 752 jure
2120 695 2184 733 ac
2214 679 2411 734 merito
2439 675 2746 731 excidimus
2780 687 2811 725 a
2839 670 3040 726 divinis
3070 667 3531 723 remunerationi-

1967 772 2093 833 bus,
2127 784 2235 823 non
2285 768 2596 823 laborantes
2641 763 2775 827 Deo,
2805 761 2902 816 sed
2938 758 3252 815 hominibus
3294 762 3536 811 nosmet—

1968 864 2119 933 ipsos
2147 860 2428 931 Operarios
2470 858 2716 911 iocantes
2756 873 2770 907 :
2806 866 2838 905 a
2872 851 3070 921 quibus
3110 848 3157 903 si
3199 847 3363 902 semel
3403 859 3540 915 prae-

1969 955 2200 1008 miorum
2219 951 2488 1021 jacturam
2511 962 2610 1018 pro
2623 944 2860 1015 praemiis
2872 939 3260 1010 receperimus,
3276 936 3406 1007 quid
3423 937 3538 1006 jam

1970 1062 2001 1101 a
2030 1045 2138 1101 Deo
2162 1057 2458 1115 exposcere
2497 1049 2812 1110 possumus,
2843 1034 3004 1101 cujus
3042 1030 3217 1100 gratia
3258 1027 3391 1081 nihil
3439 1041 3541 1079 un-

1971 1151 2138 1207 quam
2202 1133 2472 1204 agendum
2533 1127 2693 1183 nobis
2768 1120 3194 1195 proposuimus?
3242 1117 3301 1172 ld
3361 1125 3541 1207 autem

1970 1202 2163 1278 verum
2222 1202 2345 1276 esse
2393 1219 2546 1275 disce
2599 1231 2668 1271 ex
2703 1227 2864 1269 sacro
2918 1207 3234 1278 Evangelio,
3290 1204 3438 1275 quod
3473 1202 3544 1257 de

1972 1316 2043 1371 iis
2097 1314 2193 1384 qui
2239 1312 2523 1368 hominum
2569 1322 2699 1377 ergo
2740 1303 2950 1359 faciunt
2990 1302 3155 1367 bona,
3210 1298 3288 1353 ait
3329 1294 3545 1351 :Amen

1973 1405 2090 1459 dico
2119 1403 2282 1469 vobis,
2326 1401 2584 1471 recipiunt
2614 1395 2901 1452 mercedem
2938 1409 3093 1448 suam
3122 1390 3190 1444 ⁸⁷.

2043 1497 2100 1552 2.
2158 1495 2405 1567 Agedum
2461 1491 2737 1562 fugiamus
2784 1501 2984 1541 vanam
3031 1483 3278 1555 gloriam,
3332 1477 3547 1533 dulcem

1975 1589 2128 1644 illum
2185 1587 2551 1658 spiritualium
2614 1582 2929 1638 divitiarum
2976 1576 3317 1647 praedonem,
3344 1571 3546 1640 jucun—

1977 1679 2107 1735 dum
2158 1677 2466 1732 animarum
2514 1679 2835 1728 nostrarum
2903 1668 3143 1730 hostem,
3186 1663 3451 1718 virtutum
3486 1658 3550 1711 ti-

1981 1784 2162 1834 neam,
2210 1783 2321 1823 non
2375 1762 2673 1835 injucunde
2718 1762 2864 1818 bona
2916 1767 3106 1814 nostra
3147 1757 3490 1826 diripientem
3532 1770 3545 1804 :

301 1836 409 1912 λιτι
433 1836 692 1929 χρίσαντα
719 1836 953 1929 (15)ντῆς
978 1836 1185 1919 οἰκείας
1212 1857 1426 1923 ἀπάτης
1450 1854 1511 1907 τὸ
1536 1852 1877 1924 δηλητήριον,

1988 1877 2105 1933 qua:
2139 1859 2348 1914 fraudis
2375 1873 2488 1913 suae
2511 1870 2780 1911 venenum
2813 1853 2974 1908 melle
3002 1851 3184 1916 illinit,
3218 1846 3552 1919 porrigitque

302 1953 399 2017 καὶ
423 1954 542 2014 ταῖς
569 1950 826 2014 διανοίαις
863 1949 970 2003 τῶν
1012 1947 1316 2019 ἀνθρώπων
1345 1946 1442 2024 τὴν
1487 1944 1737 2015 ὀλεθρίαν
1760 1944 1882 2015 ὀρέ-

300 2056 467 2107 γοντα
494 2039 715 2101 κύλικα,
751 2039 858 2105 ἵνα,
894 2034 1068 2108 οἶμαι,
1122 2038 1215 2090 τοῦ
1257 2036 1464 2100 πάθους
1500 2033 1880 2105 ἐμφορηθῶσιν

302 2132 613 2202 ἀπλήστως.
652 2130 826 2183 Γλυκὺ
875 2130 982 2201 γὰρ
1028 2127 1341 2200 ἀνθρωπίνη
1389 2125 1514 2190 δόξα
1553 2127 1666 2188 τοῖς
1714 2125 1882 2178 ἀπαι-

301 2224 527 2285 δεύτοις.
556 2221 761 2284 Ἀλλως
786 2220 843 2273 δὲ
866 2222 959 2274 καὶ
984 2220 1219 2292 κρίσεως
1245 2218 1413 2290 ὀρθῆς
1442 2216 1676 2278 εὐκόλως
1702 2217 1880 2287 ἁμαρ-

303 2314 486 2367 τάνειν
529 2314 655 2375 τοὺς
693 2311 916 2374 ἁλόντας
962 2310 1389 2383 παρασκευάζει.
1428 2309 1484 2362 '0
1524 2309 1631 2379 γὰρ
1683 2306 1883 2378 ταύτης

303 2405 587 2475 ἐφιέμενος
641 2404 740 2467 τὰς
797 2406 894 2475 μὲν
933 2404 1138 2467 οἰκείας
1185 2403 1398 2473 κρίσεις
1443 2401 1705 2465 κατέλυσε
1737 2400 1883 2469 (44)--

302 2496 462 2549 τοῦτο
487 2496 543 2549 δὲ
575 2497 824 2567 νενόμικε
856 2496 1058 2567 τίμιον,
1102 2496 1239 2572 ὅπερ
1278 2494 1342 2547 ἂν
1385 2494 1535 2565 παρὰ
1575 2493 1682 2546 τῶν
1719 2510 1885 2564 προσ-

303 2587 574 2657 τυχόντων
614 2587 980 2658 θαυμάζηται.
1022 2587 1130 2651 Ὡς,
1178 2587 1313 2655 εἴγε,
1371 2586 1597 2657 πονηροὶ
1653 2585 1804 2649 ὄντες
1850 2585 1884 2656 ἢ

306 2678 597 2746 ἀλόγιστοι,
637 2678 964 2749 θαυμάζοιεν
998 2678 1066 2731 τὰ
1105 2679 1274 2742 κακὰ,
1311 2677 1470 2731 τοῦτο
1516 2679 1705 2751 δράσει
1746 2679 1882 2732 πάν-

304 2786 415 2832 τως
445 2772 473 2823 ό
499 2769 902 2840 ἐπαινούμενος,
946 2771 1081 2841 ὅπερ
1126 2770 1252 2831 τοὺς
1292 2770 1485 2839 κριτὰς
1536 2770 1643 2823 τῶν
1673 2769 1887 2825 οἰκείων

308 2859 749 2930 ἐπιτηδευμάτων
810 2860 973 2914 καλὸν
1031 2860 1383 2931 ὑπειληφέναι
1448 2860 1765 2931 νενόμικεν
1813 2860 1889 2923 ὡς

307 2945 579 3023 εἶναιτὴν
623 2950 930 3018 κενοδοξίαν
974 2952 1035 3005 οὐ
1089 2951 1251 3023 μόνον
1296 2952 1608 3023 καθαιρέτιν
1636 2950 1751 3023 (15)
1781 2950 1889 3003 τῶν

309 3042 490 3097 καλῶν
528 3043 797 3114 πράξεων,
822 3043 958 3097 ἀλλὰ
1000 3045 1094 3096 καὶ
1138 3043 1244 3097 τῶν
1272 3044 1525 3116 πονηρῶν
1557 3044 1768 3116 όδηγόν.
1799 3044 1890 3096 Διὸ

1981 1947 2272 2003 exitiosum
2321 1945 2579 2013 poculum
2633 1942 2909 1997 mentibus
2969 1939 3276 2004 hominum,
3338 1943 3399 1990 ut
3446 1934 3553 1987 hoc

1982 2040 2136 2103 vitio,
2169 2038 2386 2108 opinor,
2422 2034 2824 2104 inexplebiliter
2855 2032 3194 2087 imbuantur.
3224 2027 3360 2083 Nam
3396 2024 3554 2080 dulce

1983 2131 2242 2201 quiddam
2303 2135 2389 2183 est
2438 2126 2710 2196 imperitis
2778 2124 3017 2178 humana
3060 2121 3268 2191 ‘gloria.
3332 2114 3555 2171 Accedit

1982 2223 2179 2283 etiam,
2227 2217 2375 2289 quod
2431 2232 2570 2287 quos
2632 2212 2869 2284 subegit,
2925 2227 3021 2267 eos
3068 2209 3220 2264 nullo
3270 2204 3486 2275 negotio
3522 2219 3555 2255 a

1983 2322 2133 2371 recto
2167 2310 2377 2380 judicio
2424 2308 2651 2362 inducat
2681 2306 2735 2359 in
2771 2308 3036 2360 errarem.
3072 2300 3177 2367 Qui
3218 2299 3366 2354 enim
3405 2296 3555 2351 illius

1986 2411 2200 2458 tenetur
2248 2398 2538 2461 desiderio,
2598 2397 2646 2451 is
2690 2403 2753 2449 ut
2810 2392 3008 2449 evertit
3052 2404 3151 2446 sua
3200 2386 3435 2457 cogitata
3491 2397 3557 2435 ac

1982 2493 2211 2564 judicia,
2247 2492 2317 2545 ita
2349 2487 2615 2559 quidquid
2648 2483 2944 2556 plebecula
2971 2487 3056 2536 est
3103 2472 3473 2536 admirationi,
3502 2470 3556 2524 id

1984 2586 2261 2642 existimat
2289 2582 2571 2638 eximium.
2615 2579 2736 2645 Quo
2770 2576 2828 2631 ﬁt
2856 2583 2915 2633 ut
2956 2574 3002 2633 si
3032 2571 3182 2642 pravi
3206 2567 3424 2638 quidam
3447 2565 3558 2619 sint

1985 2684 2081 2731 aut
2129 2673 2406 2728 temerarii
2471 2670 2566 2741 qui
2627 2683 2751 2739 quae
2806 2665 2949 2721 mala
3007 2668 3136 2718 sunt
3197 2657 3556 2714 admirentur,

1985 2766 2300 2822 necessario
2326 2779 2390 2819 ea
2419 2777 2541 2833 qua:
2584 2775 2615 2814 a
2657 2758 2966 2815 studiorum
3013 2766 3240 2810 suorum
3274 2746 3561 2818 iudicibus

1987 2861 2043 2914 in
2088 2857 2247 2913 bonis
2286 2856 2415 2927 poni
2452 2851 2767 2915 crediderit,
2801 2848 3051 2903 facturus
3096 2844 3189 2907 sit,
3225 2840 3317 2912 qui
3349 2838 3562 2893 laudari

1988 2966 2047 3006 se
2085 2947 2234 3019 cupit
2267 2925 2306 3013 ;—
2353 2945 2453 3010 sic,
2486 2948 2549 2999 ut
2589 2940 2770 2995 inanis
2815 2936 2973 3011 557
3025 2932 3194 3003 gloria
3232 2944 3340 2983 non
3367 2925 3563 2980 exstir-

1988 3047 2079 3113 pet
2125 3017 2286 3095 modo
2339 3035 2516 3090 bonas
2594 3032 2862 3093 actiones,
2924 3025 3029 3081 sed.
3072 3024 3142 3079 ad
3185 3021 3354 3075 malas
3398 3017 3562 3073 etiam

309 3129 375 3198 δὴ
415 3107 699 3202 προσήκει,
746 3132 882 3202 πρὸς
922 3131 1014 3183 τὸν
1061 3131 1217 3203 ὀρθὸν
1258 3107 1437 3201 λόγον,
1483 3134 1578 3186 καὶ
1619 3107 1755 3202 πρὸς
1792 3132 1885 3185 τὸν

1989 3107 2282 3188 conducat.
2341 3128 2450 3182 Par
2494 3132 2578 3181 est
2629 3123 2795 3193 igitur
2847 3117 3022 3174 oculis
3065 3114 3121 3168 in
3165 3120 3373 3167 rectam
3406 3107 3567 3161 ratio-

310 3223 443 3274 Θεὸν
468 3221 759 3291 βλέποντας
778 3222 867 3275 τὸν
887 3222 980 3275 τοῦ
1002 3223 1161 3295 ὀρθοῦ
1179 3225 1333 3292 λόγου
1362 3223 1700 3295 καθηγητὴν,
1719 3224 1890 3297 ταύτῃ

315 3311 550 3381 βαδίζειν
578 3312 709 3382 (16),
749 3306 893 3384 ᾖπερ
934 3311 1000 3365 ἂν
1043 3315 1072 3366 ὁ
1115 3313 1246 3377 Θεὸς
1275 3314 1579 3384 ὑφηγῆται’
1608 3314 1712 3367 κᾶν
1743 3315 1895 3365 ὲπαι-

313 3402 445 3455 νῶσί
468 3402 579 3474 (17)
602 3420 742 3466 τινες
759 3404 857 3476 τὴν
882 3403 1134 3474 τοιαύτην
1156 3404 1292 3467 ὁδὸν,
1311 3405 1384 3476 μὴ
1406 3405 1545 3474 μέγα
1564 3404 1767 3457 τιθέναι
1797 3405 1887 3458 τὸν

313 3495 536 3548 ἐκείνων
570 3494 809 3558 ἔπαινον,
852 3497 987 3567 πρὸς
1024 3496 1115 3548 τὸν
1156 3495 1359 3549 ἄνωθεν
1401 3496 1690 3565 ἐπαινέτην
1725 3495 1893 3566 ὁρῶν-

312 3600 434 3648 τας,
468 3586 778 3655 συγχαίρειν
810 3584 865 3637 δὲ
900 3586 1058 3655 μόνον
1107 3588 1289 3648 αὐτοῖς
1336 3586 1433 3657 τῆς
1476 3584 1642 3657 ὀρθῆς
1672 3588 1798 3657 περὶ
1825 3586 1893 3640 τὰ

314 3675 457 3728 καλὰ
481 3676 712 3747 κρίσεως
730 3693 743 3705 ο
773 3675 875 3730 κᾶν
903 3676 1144 3745 ψέγωσιν
1191 3677 1389 3748 ἕτεροι,
1442 3677 1705 3748 μηδαμῶς
1729 3694 1895 3732 κατα-

313 3765 556 3833 δύεσθαι,
594 3767 899 3833 ταλανίζειν
939 3768 997 3822 δὲ
1043 3769 1284 3833 ἐκείνους
1313 3769 1437 3834 τοὺς
1470 3768 1636 3841 ὀρθῆς
1666 3770 1895 3840 κρίσεως

316 3856 711 3929 ἀμοιροῦντας,
732 3861 826 3913 καὶ
848 3860 1037 3923 σκότος
1072 3860 1306 3926 διανοίας
1343 3861 1406 3914 τὸ
1444 3860 1743 3915 δεινότατον
1772 3863 1897 3915 ὑπο-

328 3950 598 4003 μένοντας.

326 3966 604 4019 μενοντας,

847 4064 1240 4127 ΚΕΦΛΛΑῙΟΝ
1280 4065 1381 4118 ΙΑ’.

750 4178 883 4248 Περὶ
911 4178 1216 4246 εὐκαιρίας
1258 4178 1475 4249 λόγων.

391 4292 578 4346 Ταῦτα
627 4294 732 4364 μὲν.
767 4288 860 4347 οὖν
903 4293 970 4347 τὰ
1017 4290 1357 4363 κεφαλαιώδη
1396 4291 1505 4345 τῶν
1546 4290 1900 4363 κατορθωμά-

318 4403 452 4450 των,
487 4385 630 4457 ἅπερ
667 4386 729 4438 οὐ
768 4385 904 4457 πρὸς
949 4384 1011 4437 τὸ
1046 4384 1273 4455 μέγεθος
1310 4384 1410 4455 τῆς
1449 4384 1656 4447 οἰκείας
1697 4383 1900 4455 ἀρετῆς

318 4477 688 4549 διηγόρευται,
717 4477 853 4549 πρὸς
884 4476 940 4529 δὲ
973 4476 1034 4529 τὸ
1074 4477 1272 4547 μέτρον
1302 4475 1403 4546 τῆς
1442 4475 1716 4547 ἡμετέρας
1741 4476 1901 4529 δυνά-

326 4586 506 4638 μεως·
535 4568 632 4632 τὰς
674 4569 921 4639 μέντοιγε
966 4567 1203 4638 καθεξῆς
1251 4567 1472 4638 ἀρετὰς,
1512 4569 1634 4621 ὅσαι
1663 4568 1725 4621 τὸ
1762 4569 1897 4639 πρό-

321 4677 508 4731 χειρον
531 4655 660 4731 ἦθος
687 4660 1064 4730 ὲπικοσμοῦσι,
1092 4659 1270 4731 ῥᾴδιον
1300 4654 1453 4729 οἶμαι
1499 4658 1734 4712 κατιδεῖν
1764 4658 1901 4712 ᾶπα-

324 4767 433 4812 σιν,
464 4744 574 4803 οἷον
595 4750 765 4819 λόγων
797 4750 1080 4820 εὐκαιρίαν
1107 4751 1201 4803 καὶ
1231 4750 1364 4819 πρὸς
1396 4749 1456 4801 τὸ
1477 4749 1747 4820 χρήσιμον
1773 4766 1899 4821 προ-

326 4844 521 4913 φορὰν.
580 4843 861 4917 Χρήσιμος)
902 4841 947 4894 δ’
998 4841 1065 4896 ἂν
1114 4841 1200 4913 εἴη
1247 4841 1375 4912 ἢτὸ
1422 4842 1550 4911 περὶ
1597 4840 1795 4912 ἀρετῆς
1821 4841 1897 4912 ,ὲν

401 4995 445 5027 ³⁷
470 4994 663 5052 Matth.
691 5011 769 5061 τι,
802 4996 858 5065 5.

340 5175 345 5179 ο
402 5151 513 5225 (l2)
551 5151 777 5225 Veteres
814 5151 924 5225 d_u_0
953 5151 1080 5225 libri
1105 5150 1344 5225 _éxe£v_o_w
1384 5149 1597 5225 στελεόν.
1630 5145 1902 5225 -ᾼιὶίηὼιο

327 5216 556 5276 ἐκείνων
587 5223 645 5276 δὲ
672 5222 783 5276 τόν.
826 5222 965 5276 Editi
1001 5222 1224 5274 ἐκείνων
1243 5216 1355 5277 τόν.
1389 5218 1596 5273 Ibidem
1627 5216 1779 5289 Regii
1814 5230 1901 5271 se-

331 5292 633 5362 cundusget
660 5301 892 5362 quartus
913 5292 1119 5345 δίκαιον
1146 5290 1244 5360 τῆς
1263 5289 1568 5362 εὐφημίας.

406 5361 517 5442 (
548 5356 695 5442 Reg."
715 5362 1153 5442 quartusps’yn
1180 5356 1468 5442 χρίσαντα,
1499 5365 1551 5412 et
1579 5356 1652 5442 ita
1683 5370 1901 5442 quoque

333 5424 599 5500 scriptum
631 5424 917 5485 invenitur
957 5424 1012 5484 in
1047 5424 1487 5501 Reg—"secundo,
1525 5428 1619 5483 sed
1662 5424 1900 5482 secunda

333 5503 600 5555 duntaxat
640 5514 827 5556 manu.
861 5502 1016 5556 Alius
1057 5516 1160 5555 ms.
1194 5508 1249 5554 et
1292 5499 1420 5555 editi
1455 5497 1764 5556 γρὼσαντα,
1791 5511 1900 5550 non

333 5511 600 5555 duntaxat
640 5514 827 5557 manu.
861 5511 1016 5556 Alius
1057 5516 1160 5555 IIIS.
1194 5511 1249 5554 ει
1292 5511 1420 5555 θαιιι
1455 5511 1764 5557 γρωσαντα,
1791 5511 1901 5550 non

336 5515 600 5624 alumna:
640 5515 827 5557 manu.
861 5515 1016 5556 Anus
1057 5516 1160 5555 ms.
1194 5515 1249 5554 et
1292 5515 1420 5555 eam
1455 5515 1764 5569 χρωσαντα,

336 5583 412 5632 ιο
443 5586 530 5625 rec
594 5609 608 5624 .

411 5640 521 5710 (14)
550 5636 1101 5710 Εᾶίῑίᾉκαταλύσειεν.
1144 5643 1294 5692 Unus
1321 5653 1424 5694 ms.
1455 5635 1769 5692 καταλύσει.
1797 5632 1901 5688 Alii

339 5719 453 5763 tres
504 5707 670 5764 'rzeter
694 5708 855 5763 Voss.
897 5707 1175 5761 κατέλυσε.
1232 5738 1237 5743 -

410 5725 520 5833 (εξ)
554 5779 734 5833 Codex
757 5779 910 5833 Colb.
948 5785 1001 5833 et
1038 5775 1166 5833 lien.
1200 5794 1230 5833 α

410 5773 520 5850 (l5)
554 5779 734 5837 Codex
757 5779 910 5835 Colb.
948 5785 1001 5833 et
1038 5775 1166 5848 Reg.
1200 5784 1429 5848 quartus
1465 5776 1623 5849 μόνον
1649 5773 1903 5846 καθαιρέ-

1993 3239 2115 3279 nem
2146 3230 2201 3277 et
2246 3222 2301 3275 in
2333 3219 2501 3274 Deum
2529 3218 2711 3271 rectae
2735 3210 2965 3267 rationis
3007 3205 3402 3262 moderatorem
3435 3212 3567 3252 con-

1988 3313 2173 3382 jectis,
2218 3311 2323 3364 hoc
2352 3307 2567 3362 itineris
2600 3298 2841 3375 ingredi,
2878 3314 2988 3373 quo
3028 3296 3171 3350 Deus
3204 3293 3357 3364 praeit
3388 3289 3566 3344 ducit-

1993 3377 2118 3473 que.
2190 3398 2317 3463 Sive
2383 3405 2564 3451 autem
2634 3392 2859 3448 laudent
2931 3385 3178 3442 nonnulli
3252 3377 3567 3449 hujusmodi

1993 3496 2160 3561 viam,
2215 3508 2327 3546 non
2373 3494 2590 3565 oportet
2632 3499 2822 3542 eorum
2870 3479 3086 3535 laudem
3134 3474 3315 3545 magni
3365 3470 3567 3530 facere,

1992 3587 2196 3641 erectis
2235 3584 2289 3636 in
2318 3561 2620 3650 supernum
2664 3576 3003 3636 laudatorem
3054 3567 3253 3633 oculis,
3287 3562 3381 3618 sed
3434 3561 3569 3629 ipsis

1994 3675 2263 3729 duntaxat
2313 3648 2405 3725 dei
2430 3678 2584 3723 recto
2628 3665 2778 3719 circa
2823 3663 2966 3716 bona
2994 3655 3207 3735 judicio
3249 3648 3511 3723 gratulari
3551 3664 3565 3699 :

1996 3766 2115 3822 sive
2157 3765 2467 3832 vituperent
2499 3756 2614 3823 alii,
2656 3764 3002 3823 nequaquam
3044 3742 3297 3802 convenit
3329 3735 3568 3809 regredi,

1996 3865 2052 3911 at
2097 3853 2350 3910 misereri
2397 3863 2611 3913 eorum,
2648 3843 2796 3916 quod
2834 3841 2951 3897 veri
2976 3836 3172 3910 judicii
3213 3839 3342 3889 sunt
3375 3843 3571 3900 exper-

1999 3954 2103 4013 tes,
2138 3944 2274 4001 etin
2303 3937 2646 4013 gravissimis
2675 3933 2874 3989 mentis
2913 3927 3158 3985 tenebris
3188 3924 3424 3995 iaceant.

2271 4129 2277 4134 _
2608 4048 2837 4108 CAPUT
2878 4024 2965 4102 x1;

2272 4172 2352 4227 De
2379 4170 2563 4225 idoneo
2594 4167 2665 4222 ad
2696 4164 3010 4236 loquendum
3042 4170 3288 4229 tempore.

2069 4286 2195 4342 llaec
2224 4284 2447 4357 quidem
2477 4281 2754 4353 praecipua
2794 4283 2925 4334 sunt
2953 4273 3150 4337 ollicia,
3182 4279 3443 4357 quaeinon
3473 4276 3571 4357 pro

2000 4394 2113 4435 suae
2147 4352 2479 4449 praestantiae
2510 4369 2909 4444 magnitudine,
2952 4364 3049 4421 sed
3076 4377 3176 4434 pro
3204 4356 3369 4414 modo
3398 4352 3572 4438 facti!-

2001 4464 2135 4526 tatis
2173 4477 2380 4525 nostra:
2413 4466 2687 4536 explicata
2719 4467 2848 4518 sunt
2884 4477 2898 4514 :
2939 4470 3062 4528 quae
3093 4467 3223 4508 vero
3266 4453 3572 4536 sequuntur

2002 4565 2259 4625 virtutes,
2308 4574 2430 4630 quae
2462 4557 2716 4627 vulgares
2766 4564 2948 4606 mores
2982 4549 3273 4605 exornant,
3309 4553 3405 4603 eae,
3453 4534 3571 4602 opi-

2003 4670 2126 4719 nor,
2178 4652 2337 4707 facile
2367 4652 2424 4706 in
2460 4649 2706 4705 omnium
2740 4646 2969 4699 veniunt
3011 4640 3386 4706 conspectum,
3424 4628 3573 4680 velut

2002 4754 2088 4801 est
2118 4743 2379 4814 loquendi
2412 4736 2820 4811 opportunitas,
2860 4739 2916 4788 et
2948 4729 3101 4785 utilis
3124 4725 3414 4781 verborum
3445 4733 3571 4787 pro-

2003 4838 2155 4893 latio.
2183 4834 2330 4891 Utile
2365 4842 2546 4889 autem
2580 4828 2746 4886 fuerit
2770 4866 2787 4896 ,
2821 4831 2916 4885 aut
2945 4822 3013 4878 de
3040 4819 3240 4876 virtute
3268 4818 3572 4884 opportune

2008 5155 2112 5207 τιν,
2148 5148 2203 5196 et
2224 5141 2301 5195 ita
2327 5152 2544 5209 quoque
2573 5134 2777 5209 habent
2804 5131 2894 5209 alii
2924 5132 3033 5209 duo
3064 5144 3237 5209 mss...
3255 5124 3349 5182 sed
3395 5123 3569 5209 solum

2009 5193 2261 5268 éé'c'mida
2279 5193 2472 5265 manu:
2490 5206 2600 5261 Nec
2628 5202 2932 5260 audiendus
2953 5193 3445 5268 Combetisius,_qui
3469 5193 3569 5259 legi

2007 5266 2091 5337 ait
2115 5283 2171 5336 in
2197 5281 2311 5335 suis
2335 5277 2638 5336 codicibus,
2666 5271 3231 5342 vaOalpscga,_cumPt
3254 5268 3306 5342 i_n
3332 5266 3418 5317 his
3437 5278 3572 5342 (μη)-

2008 5331 2421 5422 alie'éc'ﬁpidn
2453 5347 2526 5405 sit
2555 5331 2888 5422 καθαιρέτιν.
2938 5331 3117 5422 Ε(ίίμο
3158 5336 3334 5390 Paris.
3383 5331 3573 5385 καθαι-

2008 5408 2191 5493 ῥέτηντ
2216 5408 2339 5493 llfox
2364 5430 2631 5493 unusms.
2662 5408 2794 5493 ἀλλά
2815 5408 3067 5493 γέρκκναὶ.

2106 5476 2194 5555 ιὀ)
2229 5488 2412 5543 Codex
2433 5486 2591 5540 Colh.
2618 5476 3194 5555 caomv'paeagawjv.

2106 5540 2452 5628 lijilleteres
2489 5555 2696 5628 aliquot
2738 5540 2863 5605 libri
2888 5540 3189 5628 exaggam.
3237 5541 3390 5628 E‘Iditi’
3418 5540 3572 5628 ἐπαε-

2009 5608 2190 5684 νοῧσίί
2209 5608 2623 5683 Necita—mult'o
2650 5619 2986 5692 postcodex
3018 5616 3172 5671 Colb.
3206 5614 3287 5692 ¹μὴ
3321 5611 3468 5692 μέγα
3494 5608 3571 5662 τί-

2011 5699 2218 5753 θεσθαι.
2275 5697 2404 5768 Reg.
2429 5685 2722 5766 primus-et
2745 5689 2902 5746 Voss.
2932 5686 3004 5760 μὴ
3029 5685 3427 5758 μετατίθεσθαι,
3452 5696 3572 5736 cor-

2010 5778 2185 5842 ruptc.
