4018 6226
357 330 497 384 1377

1442 314 2050 380 'CONSTITUTIONES
2088 316 2524 378 MONAS’I‘ICJ‘Z.

3472 329 3611 383 1578

354 452 457 514 ἔνι,
487 448 582 502 καὶ
620 448 794 519 πρᾶον
824 446 972 511 ὄντα,
1004 446 1102 501 σὺν
1138 446 1283 515 λόγῳ
1315 441 1812 513 διαθερμαίνεσθαι,
1845 441 1937 493 κα)⁸

2041 440 2224 504 caede;
2268 440 2478 508 hocque
2522 448 2634 491 tum
2660 478 2675 502 ,
2710 451 2836 493 cum
2893 440 3222 496 conﬂassent
3260 443 3491 498 vitulum
3519 447 3562 477 ³⁵⁸
3594 462 3607 496 :

351 543 415 596 τὸ
439 542 538 613 τῆς
570 539 872 612 πραότητος
911 539 987 611 μὴ
1016 540 1347 610 διαφθείρειν
1392 536 1574 590 καλόν.
1627 533 1700 586 Τὸ
1726 536 1783 587 δὲ
1814 534 1937 587 ἀκί-

354 651 517 705 νητον
550 632 751 703 μένειν,
782 631 816 701 ἢ
848 631 1072 695 δεόντως
1115 630 1189 702 μὴ
1221 630 1547 699 ἀγανακτεῖν
1576 624 1710 696 (26),
1741 626 1938 696 ἀργίας

354 726 454 797 τῆς
482 724 720 793 φύσεως,
770 723 830 776 οὐ
880 723 1182 795 πραότητος
1227 721 1293 775 ἂν
1326 721 1435 791 εἴη.
1464 720 1543 789 Τῇ
1575 718 1631 770 δὲ
1672 718 1937 788 πραότητι

354 816 569 886 πέφυκέ
610 832 730 879 πως
778 816 873 869 καὶ
918 815 983 868 τὸ
1035 814 1357 879 ἀνεξίκακον
1391 811 1640 866 ἕπεσθαι.
1689 810 1936 883 Πραότης

353 910 466 981 γὰρ
509 908 860 975 ἀνεξικακίας
902 910 1104 978 μήτηρ.
1142 902 1307 959 Οὐδὲν
1354 905 1409 958 δὲ
1458 900 1619 975 ἦττον
1652 906 1764 965 τοῖς
1797 901 1937 954 κατά

352 1001 612 1072 ἀλήθειαν
669 998 935 1070 πραέσιν,
978 997 1112 1052 ἀλλά
1164 997 1238 1067 μὴ
1296 995 1557 1066 βαρύτητι
1620 990 1940 1062 πεπληγμέι

354 1110 466 1154 νοις
493 1090 605 1161 (27)
632 1090 693 1143 τὸ
724 1086 873 1159 ἦθος,
898 1090 991 1141 καὶ
1011 1088 1072 1141 τὸ
1098 1084 1332 1159 χρηστὸν
1373 1084 1762 1155 συγκέκραται.
1799 1082 1841 1132 Χ
1850 1097 1941 1150 ρη-

348 1184 550 1254 Δστότης
587 1180 695 1251 γὰρ
751 1179 847 1251 ὕλη
897 1179 1219 1251 πραότητος.
1271 1175 1457 1229 Ταῦτα
1514 1174 1589 1236 δὲ,
1645 1170 1940 1241 συγκιρνὼ-

344 1290 495 1343 ημενα
536 1270 784 1343 ἀλλήλοις
823 1270 915 1322 καὶ
954 1268 1330 1338 συντιθέμενα,
1380 1266 1444 1319 τὸ
1495 1263 1784 1335 κράτιστον
1827 1260 1937 1314 τῶν

346 1364 565 1435 »ἀρετῶν
595 1364 692 1434 τὴν
715 1362 935 1431 ἀγάπην
964 1360 1235 1413 ἀποτελεῖ.

2035 540 2148 584 tum
2192 533 2377 596 etiam,
2414 548 2537 585 cum
2568 547 2627 586 se
2658 548 2752 602 per
2781 532 3112 603 Beelphegor
3136 535 3516 605 inquinassent
3541 540 3609 595 “’.

2033 623 2212 689 Quare
2242 634 2421 694 potest
2448 627 2611 679 etiam
2646 634 2967 681 mansuetus
3006 643 3129 681 cum
3162 630 3374 683 ratione
3402 646 3603 685 excan-

2033 715 2297 780 descere,
2355 732 2456 769 nec
2532 723 2717 769 tamen
2782 719 3224 774 mansuetudinis
3287 721 3609 790 dignitatem

2034 816 2401 875 corrumpere.
2421 803 2554 858 Nam
2586 806 2735 860 nullo
2762 807 2922 861 modo
2954 811 3306 876 commoveri,
3338 820 3431 865 aut
3469 823 3611 865 tem-

2038 899 2243 967 pestive
2278 914 2383 951 non
2406 899 2700 968 indignari,
2737 900 3008 954 lentitudo
3040 901 3203 957 fuerit
3234 916 3461 965 naturae,
3500 919 3609 956 non

2037 991 2419 1046 mansuetudo.
2467 992 2647 1061 Atque
2696 993 2859 1047 etiam
2915 994 3179 1062 patientia
3233 997 3391 1057 solet,
3423 996 3609 1049 nescio

2035 1083 2333 1151 quomodo,
2380 1084 2655 1139 lenitatem
2686 1088 2862 1155 sequi.
2895 1086 3115 1141 Lenitas
3142 1087 3285 1140 enim
3328 1096 3501 1141 mater
3527 1097 3611 1141 est

2033 1174 2330 1243 patientiae.
2390 1175 2658 1231 Caeterum
2707 1178 3063 1234 nihilominus
3120 1178 3175 1232 in
3220 1179 3288 1233 iis
3337 1180 3431 1249 qui
3486 1195 3612 1233 vere

2036 1267 2304 1320 mansueti
2364 1276 2513 1331 sunt,
2560 1284 2661 1324 nec
2717 1270 2918 1323 habent
2968 1286 3149 1326 mores
3196 1273 3488 1325 severitate
3528 1280 3610 1323 at-
3702 1272 3706 1277 ’

2033 1356 2194 1410 tritos
2253 1372 2317 1410 ac
2364 1359 2604 1423 vitiatos,
2648 1362 2909 1430 permisla
2945 1370 3031 1415 est
3071 1363 3236 1417 etiam
3274 1364 3606 1432 benignitas.

342 1458 571 1511 Etenim
612 1455 1052 1510 mansuetudinis
1092 1454 1317 1508 materia
1348 1450 1657 1531 benignitas
1696 1455 1799 1504 est.
1834 1444 1957 1500 nam
2004 1457 2190 1503 autem
2244 1452 2387 1506 inter
2425 1468 2484 1507 se
2525 1454 2786 1523 permista
2829 1470 2890 1508 ac
2922 1456 3233 1525 conjuncta,
3271 1456 3611 1525 praestantis-

340 1549 555 1605 simam
587 1550 848 1603 virtutum
878 1546 1203 1601 cbaritatem
1241 1544 1502 1599 eﬂiciuut.

872 1641 1267 1695 ΚΕΦΑΛΑΙΟΝ
1304 1642 1400 1694 IA'.

867 1734 1004 1801 Περὶ
1052 1733 1429 1802 φρονήσεως.

431 1826 654 1880 Πάντων
701 1824 883 1896 μέντοι
916 1824 1023 1878 τῶν
1057 1822 1451 1894 πραττομένων
1486 1819 1746 1893 φρόνησιν
1786 1817 1934 1888 ἡγεῖ-

358 1918 485 1973 σθαι
525 1920 806 1989 προσήκει.
853 1918 1168 1988 Φρονήσεως
1215 1916 1323 1986 γάρ
1361 1914 1486 1983 δίχα
1523 1914 1629 1965 πᾶν
1671 1912 1793 1975 ὅτι,
1831 1911 1934 1965 κᾶν

354 2009 523 2063 καλὸν
556 2005 691 2061 εἶναι
731 2008 883 2077 δοκῇ,
932 2008 1013 2068 είς
1044 2007 1243 2060 κακίαν
1276 2004 1364 2059 διὰ
1403 2004 1501 2074 τῆς
1539 2002 1794 2072 ἀκαιρίας
1840 2001 1935 2053 καὶ

358 2101 458 2167 τῆς
514 2099 778 2169 ἀμετρίας
829 2098 1110 2168 μετέπεσε.
1147 2098 1321 2165 Λόγου
1364 2095 1421 2148 δὲ
1483 2093 1578 2147 καὶ
1622 2094 1933 2163 φρονήσεως

359 2195 473 2255 τοῖς
503 2190 723 2259 ἀγαθοῖς
764 2190 855 2243 τὸν
908 2188 1097 2261 καιρὸν
1148 2189 1242 2242 καὶ
1280 2188 1342 2241 τὸ
1395 2185 1590 2257 μέτρον
1638 2181 1933 2253 ὁρίζοντος,

362 2283 670 2354 θαυμαστόν
697 2300 749 2335 τι
779 2282 840 2334 τὸ
868 2281 969 2351 τῆς
1003 2284 1251 2352 χρήσεως
1283 2278 1460 2333 αὐτῶν
1500 2274 1689 2347 κέρδος
1723 2276 1836 2339 τοῖς
1876 2291 1934 2327 τε

357 2376 561 2430 διδοῦσι
594 2376 819 2438 καὶτοῖς
843 2372 1179 2444 λαμϐάνουσι
1201 2372 1426 2440 γίνεται.

873 2547 1265 2603 ΚΕΦΑΛΛΙΟΝ
1304 2549 1406 2602 1Ε’.

716 2641 853 2708 Περὶ
892 2642 1148 2705 πίστεως
1182 2640 1281 2692 καὶ
1308 2632 1595 2706 ἐλπίδος.¹

434 2735 657 2787 Πάντων
701 2733 882 2802 μέντοι
931 2731 1038 2783 τῶν
1093 2730 1509 2800 ἐγχειρημάτων
1563 2729 1801 2800 ἡγείσθω
1846 2726 1937 2781 πί-

365 2844 478 2885 στις
515 2829 547 2897 ἠ
591 2828 667 2888 είς
714 2825 864 2890 Θεὸν,
896 2822 989 2875 καὶ
1035 2820 1348 2875 συνεπέσθω
1390 2821 1451 2873 τὸ
1491 2820 1699 2883 εῠελπι,
1736 2821 1822 2873 ἵνα
1868 2821 1934 2890 τῇ

366 2920 465 2989 μὲν
512 2919 691 2970 πίστει
722 2916 831 2984 (28)
864 2915 1090 2982 δύναμιν
1124 2914 1222 2983 τῆς
1260 2912 1436 2982 ψυχῆς
1472 2912 1826 2984 ὲρειδώμεθα,
1866 2915 1932 2983 τῇ

360 3009 419 3062 δὲ
450 3008 761 3079 εὑελπιστίᾳ
784 3008 918 3079 πρὸς
946 3008 1014 3059 τὰ
1044 3005 1183 3058 καλὰ
1211 3002 1635 3075 προθυμώμεθα.
1666 3004 1798 3056 Οὐδὲ
1827 3004 1934 3073 γάρ

2609 1635 2837 1690 CAPUT
2876 1635 3016 1692 XIV.

2617 1726 2693 1779 De
2718 1726 3018 1795 prudentia.

2108 1812 2375 1867 Caeterum
2428 1815 2481 1869 in
2534 1817 2792 1871 omnibus
2839 1834 2962 1887 qua:
3017 1817 3394 1887 suscipiuntur
3445 1820 3608 1875 rebus

2041 1906 2363 1960 antecedere
2386 1906 2673 1976 prudentia
2706 1908 2884 1963 debet.
2923 1907 3055 1963 Nam
3089 1910 3227 1962 citra
3264 1912 3606 1979 prudentiam

2038 1995 2221 2048 omnia
2256 1996 2420 2049 etiam
2456 2012 2578 2066 qua;
2610 1997 2865 2051 videntur
2884 2013 3008 2052 esse
3034 1999 3193 2061 bona,
3220 1999 3290 2052 ob
3319 2000 3607 2054 adversum

2041 2094 2255 2157 tempus
2280 2095 2333 2141 et
2361 2088 2433 2140 ob
2455 2087 2956 2144 immoderationem
2976 2098 3268 2144 vertuntur
3292 2093 3343 2144 in
3375 2092 3561 2145 vitium
3591 2110 3603 2146 :

2039 2178 2136 2233 sed
2177 2179 2223 2233 si
2254 2179 2393 2232 ratio
2422 2187 2476 2233 et
2505 2180 2793 2248 prudentia
2827 2189 3042 2251 tempus
3084 2198 3147 2237 ac
3183 2184 3401 2237 modum
3446 2185 3609 2239 rebus

2039 2269 2198 2322 bonis
2231 2270 2564 2339 praescribat,
2590 2271 2840 2326 mirabile
2878 2273 3148 2338 quoddam
3181 2275 3608 2329 emolumentum

2039 2375 2106 2413 ex
2141 2360 2381 2428 ipsarum
2424 2374 2525 2413 usu
2556 2370 2669 2413 tum
2706 2375 2739 2413 a
2769 2360 3050 2427 dantibus,
3079 2370 3194 2415 tum
3228 2362 3298 2416 ab
3330 2363 3608 2433 accipien-

2041 2451 2186 2506 tibus
2217 2452 2533 2523 percipitur.
3072 2468 3077 2473 ‘

2629 2542 2860 2599 CAPUT
2900 2542 3015 2598 XV.

2604 2634 2681 2689 De
2712 2635 2815 2705 fide
2853 2648 2903 2689 et
2937 2650 3025 2703 spe

2108 2727 2272 2800 Atqui
2326 2745 2414 2784 res
2452 2744 2643 2782 omnes
2706 2742 2844 2797 quas
2902 2728 3286 2797 aggredimur,
3339 2729 3611 2799 praecedat

2042 2820 2177 2877 ﬁdes
2208 2823 2264 2875 in
2295 2820 2484 2884 Deum,
2519 2821 2919 2888 comiteturque
2963 2834 3089 2888 spes
3132 2821 3296 2883 bona,
3326 2830 3384 2875 ut
3416 2823 3612 2876 anima:

2040 2912 2259 2984 quidem
2288 2913 2434 2966 vires
2464 2911 2757 2965 fulciamus
2792 2925 2888 2980 per
2918 2910 3101 2973 lidcm,
3135 2926 3229 2981 per
3254 2912 3451 2966 bonam
3481 2929 3613 2968 vero

2042 3020 2194 3075 spem
2222 3003 2514 3059 reddamur
2541 3002 2607 3055 ad
2640 3002 2781 3056 bona
2815 3002 3048 3058 alacres.
3078 3002 3264 3072 Neque
3289 3004 3434 3057 enim
3466 3007 3614 3059 ullus

361 3100 397 3169 ἡ
422 3098 549 3168 περὶ
574 3097 639 3151 τὰ
669 3096 805 3149 καλά
842 3095 947 3149 τῶν
988 3094 1289 3165 ἀνθρώπων
1334 3095 1643 3167 ὲγχείρησις
1675 3095 1795 3165 δίχα
1839 3096 1934 3164 τῆς

2039 3096 2322 3150 hominum
2353 3097 2409 3149 in
2445 3096 2610 3151 rebus
2651 3095 2813 3150 bonis
2852 3104 3083 3151 conatus
3124 3097 3330 3166 absque
3376 3111 3612 3167 superna

362 3188 566 3243 ἄνωθεν
596 3187 847 3258 βοηθείας
884 3188 1330 3257 τελειωθήσεται·
1367 3187 1487 3239 οὐδὲ
1529 3188 1560 3257 ὴ
1602 3186 1805 3239 ἀνωθεν
1834 3186 1932 3255 χά-

366 3298 450 3350 ρις
487 3281 578 3333 ἐπὶ
614 3280 705 3333 τὸν
750 3280 824 3351 μὴ
875 3279 1238 3343 σπουδάζοντα
1288 3278 1636 3350 παραγένοιτ’
1679 3280 1777 3333 ἄν·
1818 3280 1932 3332 ἀλλ’

363 3372 598 3442 ἑκάτερα
626 3370 1029 3441 συγκεκρᾶσθαι
1052 3372 1339 3441 προσήκει,
1378 3370 1610 3440 σπουδήν
1637 3387 1697 3422 τε
1727 3370 1935 3439 ἀνθρω-

363 3462 525 3534 πίνην
566 3462 659 3515 καὶ
698 3460 795 3531 τὴν
838 3460 926 3513 διά
955 3463 1053 3530 τῆς
1083 3460 1317 3523 πίστεως
1357 3459 1561 3514 ἀνωθεν
1590 3458 1933 3531 καθήκουσαν

364 3551 679 3623 συμμαχίαν
703 3553 782 3615 εἰς
805 3550 1080 3603 τελείωσιν
1108 3550 1329 3619 ἀρετῆς.

883 3661 1277 3715 ΚΕΦΑΛΑΙΟΝ
1319 3662 1437 3726 Iq'.

779 3753 915 3821 Περὶ
953 3752 1528 3820 ταπεινοφροσύνης.

447 3846 569 3898 Ἐπὶ
595 3849 726 3899 πᾶσι
759 3846 938 3916 μέντοι
977 3847 1089 3908 τοῖς
1118 3844 1245 3915 παρ’
1285 3844 1441 3914 ἡμῶν
1481 3843 1935 3915 κατορθουμένοις

364 3938 400 4009 ἠ
431 3936 576 4009 ψυχὴ
603 3937 701 4007 τῆς
728 3935 1115 4008 κατορθώσεως
1141 3935 1241 3999 τὰς
1269 3935 1446 3998 αίτίας
1472 3936 1565 3987 ἐπὶ
1602 3936 1694 3988 τὸν
1727 3936 1934 3987 Δεσπόο

363 4046 469 4099 την,
501 4029 847 4100 ἀναφερὲτω,
891 4028 1056 4099 μηδὲν
1109 4027 1243 4091 ὅλως
1286 4026 1584 4097 κατορθοῦν
1620 4026 1680 4090 ἐξ
1731 4028 1935 4091 οἰκείας

364 4119 686 4192 λογιζομένη
714 4118 993 4190 δυνάμεως
1025 4120 1156 4189 (29).
1202 4119 1263 4171 Ἦ
1296 4116 1405 4188 γὰρ
1452 4117 1673 4188 τοιαύτη
1698 4117 1936 4179 διάθεσις

362 4210 462 4283 τὴν
484 4210 976 4281 ταπεινοφροσύνην
1009 4211 1138 4281 ἡμῖν
1180 4210 1424 4279 ἐμποιεῖν
1457 4207 1687 4277 πέφυκε.
1733 4209 1934 4261 Ταπει-

366 4303 669 4375 νοφροσύνη
712 4303 769 4357 δὲ
815 4302 1316 4374 θησαυροφυλὼιιον
1358 4299 1589 4371 ἀρετῶν.
1629 4300 1815 4355 Ταῦτά
1854 4319 1934 4356 σοι

367 4394 497 4464 παρ’
536 4394 713 4464 ἡμῶν,
755 4392 830 4456 ὡς
880 4392 944 4446 ἄν
986 4409 1069 4456 τις
1118 4393 1280 4455 εἴποι,
1332 4389 1616 4461 σπέρματα
1659 4391 1766 4444 τῶν
1809 4393 1934 4463 περὶ

369 4486 567 4557 ἀρετῆς
622 4485 825 4553 λόγων
872 4487 935 4538 σὺ
972 4484 1066 4548 δὲ,
1113 4483 1292 4537 λαϐὼν
1341 4483 1618 4549 ἐντεῦθεν,
1670 4485 1936 4556 πολύχουν

367 4579 502 4648 ἡμῖν
521 4576 749 4647 ἕργασαι
773 4577 863 4631 τὸν
883 4578 1115 4649 καρπὸν,
1143 4578 1236 4629 καὶ
1259 4577 1465 4647 πλήρου
1482 4577 1571 4629 τὸν
1597 4577 1696 4647 τῆς
1726 4579 1932 4647 Σοφίας

368 4668 658 4737 ),όγον,.τὺν
698 4670 894 4722 διδόναι
925 4669 1213 4723 κελεύοντα
1265 4671 1374 4733 τοῖς
1424 4671 1607 4738 σοφοῖς
1656 4670 1931 4742 ἀφορμὰς,

368 4762 455 4812 ἵνα
480 4759 775 4831 σοφώτεροι
801 4761 1081 4830 γένωνται.

883 4874 1274 4927 ΚΕΦΑΛΑΙΟΝ
1314 4876 1412 4927 ΙΖ’.

368 4964 530 5019 Κατὰ
571 4965 803 5031 πόσους
842 4968 1101 5036 τρόπους
1150 4968 1203 5018 οὶ
1250 4965 1498 5032 πονηροὶ
1541 4968 1818 5036 λογισμοὶ
1868 4968 1937 5021 ἐν

825 5035 996 5105 ψυχῇ
1053 5036 1471 5089 συνίστανται.

442 5127 494 5180 1.
537 5127 750 5199 Ἐπειδὴ
777 5128 833 5181 δὲ
858 5128 1159 5198 φθάσαντες
1182 5126 1291 5196 (50)
1319 5126 1415 5196 μὲν
1443 5126 1541 5196 ἤδη
1572 5127 1641 5179 τὰ
1665 5130 1791 5201 περὶ
1829 5130 1937 5184 τῶν

2038 3203 2141 3258 ope
2185 3187 2276 3242 lict
2322 3206 2337 3243 :
2384 3204 2561 3259 neque
2613 3203 2904 3243 accessura
2960 3204 3199 3258 unquam
3251 3196 3336 3244 est
3377 3205 3613 3259 superna

2040 3280 2217 3351 gratia
2262 3280 2332 3334 ad
2365 3279 2527 3351 559
2557 3280 2833 3336 hominem
2864 3296 2971 3335 non
3020 3281 3327 3337 studiosum
3354 3301 3368 3349 ;
3421 3285 3516 3339 sed
3545 3287 3614 3340 ad

2040 3370 2337 3442 perfectum
2374 3373 2593 3427 virtutis
2622 3373 2903 3427 cumulum
2934 3373 3227 3441 conjuncta
3282 3374 3447 3429 simul
3490 3392 3615 3431 esse

2042 3473 2273 3533 utraque
2310 3464 2424 3518 baac
2453 3472 2708 3534 Oportet,
2761 3473 2817 3519 et
2865 3466 3165 3519 humanum
3214 3468 3504 3533 studium,
3560 3479 3615 3525 et

2041 3557 2263 3612 caeleste
2291 3556 2554 3610 auxilium
2598 3572 2695 3626 per
2723 3556 2882 3610 [idem
2920 3572 2949 3611 ο
2980 3558 3232 3626 superuis
3266 3562 3609 3617 accersitum.

2617 3668 2845 3722 CAPUT
2890 3668 3029 3723 XVI.

2604 3760 2682 3815 De
2724 3763 3037 3817 humilitate.

2112 3852 2276 3923 Atqui
2300 3852 2353 3906 in
2381 3852 2636 3907 omnibus
2662 3868 2780 3919 quae
2799 3862 2944 3907 recte
2974 3871 3002 3907 a
3024 3855 3180 3909 nobis
3212 3855 3368 3922 Iinnt,
3389 3856 3605 3910 animus

2043 3959 2239 4000 causas
2270 3952 2433 3999 rectae
2458 3944 2688 3999 actionis
2713 3945 2913 3999 referat
2942 3945 3171 4001 Domino
3202 3959 3457 4018 acceptas
3482 3989 3495 4006 .
3535 3950 3613 4000 ni-

2042 4039 2119 4093 hil
2148 4040 2370 4093 omnino
2392 4038 2509 4093 suis
2540 4054 2600 4092 se
2629 4038 2841 4094 viribus
2875 4050 3020 4095 recte
3047 4040 3225 4097 facere
3251 4050 3422 4097 ratus.
3453 4041 3610 4111 Ejus-

2042 4131 2188 4185 modi
2229 4130 2376 4185 enim
2422 4130 2648 4186 ad‘ectns
2683 4131 2823 4185 solet
2863 4132 3217 4188 humilitatem
3251 4135 3303 4188 in
3340 4134 3497 4189 nobis
3530 4136 3612 4189 in-

2041 4238 2321 4291 generare.
2366 4220 2640 4276 Virtutum
2687 4232 2864 4279 autem
2898 4227 3149 4279 aerarium
3200 4226 3479 4281 humilitas
3506 4239 3607 4281 est.

2043 4311 2167 4368 Ilaec
2204 4314 2325 4377 tibi,
2361 4322 2420 4367 ut
2453 4314 2523 4366 ita
2558 4314 2733 4367 dicam
2758 4356 2774 4380 ,
2824 4331 2855 4369 a
2891 4317 3050 4371 nobis
3090 4325 3470 4386 proponuntur
3511 4332 3609 4370 ceu

2042 4404 2288 4471 quzedam
2329 4419 2642 4459 sermonum
2677 4404 2744 4458 ad
2797 4406 3054 4459 virtutem
3110 4407 3470 4474 spectantium
3525 4423 3613 4460 se-

2044 4497 2189 4547 mina
2218 4515 2229 4549 :
2269 4504 2324 4547 tn
2353 4512 2481 4549 vero
2513 4497 2597 4551 his
2627 4497 2755 4550 hinc
2798 4500 3036 4566 acceptis
3062 4537 3077 4560 ,
3126 4500 3476 4566 multiplicem
3514 4514 3613 4550 no-

2042 4584 2127 4639 bis
2157 4586 2391 4639 I'ructum
2424 4587 2628 4657 profer,
2655 4596 2708 4641 et
2740 4590 2897 4658 exple
2930 4591 3029 4641 hoc
3060 4590 3351 4657 Sapientiae
3381 4588 3608 4651 dictum,

2039 4677 2182 4746 quod
2237 4677 2579 4746 sapientibus
2626 4678 2780 4746 jubet
2829 4679 3146 4733 occasiones
3195 4679 3358 4743 dari,
3411 4687 3468 4731 ut
3524 4695 3612 4733 sa-

2040 4768 2338 4837 pientiores
2377 4769 2508 4822 ﬁant
2537 4769 2601 4823 “.

2613 4883 2840 4937 CAPUT
2886 4884 3047 4939 XVII.

2045 5040 2183 5105 Quot
2217 5036 2385 5091 modis
2429 5038 2587 5091 mala:
2624 5040 2679 5092 in
2712 5055 2889 5093 animo
2923 5040 3264 5108 cogitationes
3306 5049 3613 5094 nascantur.

2117 5131 2167 5184 I.
2202 5130 2337 5184 Cum
2374 5138 2552 5185 autem
2579 5131 2690 5200 jam
2721 5142 2878 5186 antea
2911 5132 3378 5202 disputaret-imus
3411 5133 3478 5186 de
3521 5149 3615 5184 cu-

438 5286 481 5317 ³’
508 5284 679 5342 Exod.
712 5299 884 5349 xxxn,
920 5284 1009 5338 Ἦ.
1084 5284 1129 5315 ¹⁵⁰
1157 5282 1317 5339 Num.
1352 5300 1476 5348 xxv,
1507 5284 1562 5338 5.
1638 5283 1678 5313 "
1705 5281 1864 5337 Prov.
1898 5300 1973 5348 ix,
1996 5284 2048 5337 9.

443 5442 557 5511 (‘26)
585 5437 740 5511 Unus
770 5455 872 5511 ms.
899 5455 1021 5495 cum
1053 5437 1211 5495 Voss.
1232 5440 1425 5511 μένειν
1459 5440 1546 5492 ὅτε
1574 5438 1690 5511 δέον
1731 5439 1936 5507 ἀγανα-

372 5508 549 5564 κτεῖν.
576 5509 788 5580 Ibidem
808 5510 915 5580 duo
947 5525 1080 5565 mss.
1113 5509 1277 5580 ἀργία
1308 5510 1540 5578 φύσεως.
1574 5508 1704 5578 Reg.
1737 5524 1937 5563 secun-

373 5580 719 5665 Ξιιξάργίοξς.
754 5578 896 5634 Editi
920 5580 1129 5649 ἁρνίας.
1155 5578 1402 5637 Subinde
1425 5580 1532 5634 duo
1564 5597 1695 5635 mss.
1726 5579 1792 5632 ἂν
1826 5580 1934 5651 εἴη.

331 5778 343 5801 γ
377 5650 774 5790 Εᾱὶὲἵῗέύῃύει
807 5717 958 5775 CoIb.
997 5719 1255 5791 βαρύτητι
1290 5719 1702 5791 πεπειλημένοις
1740 5718 1897 5791 [sic[.

2114 5441 2225 5509 (28)
2257 5438 2453 5495 Vocem
2481 5440 2660 5494 πίστει
2689 5440 2999 5495 addidimus
3025 5457 3089 5494 ex
3134 5441 3289 5500 lii.ris
3316 5443 3613 5501 veteribus.

2115 5512 2226 5578 (29)
2253 5512 2433 5565 Codex
2463 5512 2618 5565 Colb.
2652 5510 2973 5580 λογιζομένη
3005 5512 3265 5575 διανοίας.

2115 5582 2227 5654 ('50)
2272 5581 2509 5654 Veteres;
2540 5591 2651 5654 tres
2699 5582 2851 5654 libri
2879 5582 3096 5654 Ἐπειδὴ
3143 5584 3245 5654 καὶ
3289 5584 3614 5654 φθάσαντες.

2045 5649 2199 5706 IIa‘ud
2237 5653 2392 5723 longe
2414 5652 2580 5709 codex
2614 5650 2769 5710 Coll).
2800 5651 2861 5705 οὐ
2888 5649 3225 5722 διειλάμεθα.
