4018 6226
408 305 553 372 t57’9

1741 285 1815 357 τε.
1834 284 2095 357 Βλεῐιιι
2115 287 2332 355 metu

3524 276 3665 352 {580

411 430 791 504 gitationibus,
822 427 1000 497 neque
1041 428 1223 480 tamen
1247 424 1381 493 quot
1421 421 1600 477 modis
1627 420 1990 492 cogitationes

2096 417 2365 489 λογισμῶν
2392 414 2755 487 ἐξητάσαμεν,
2782 416 2843 469 οὓ
2871 409 3257 485 διειλόμεθαδέ
3289 410 3432 465 κατά
3464 408 3671 475 πόσους

414 537 594 592 prava:
618 524 673 575 in
695 526 848 575 recto
876 518 1152 572 intellectu
1183 515 1523 578 exoriantur,
1547 512 1983 573 distinxerimus,

402 614 467 667 "id
497 626 714 682 quoque
760 624 908 664 nunc
941 606 1309 677 adjiciendum
1353 620 1477 660 esse
1521 604 1878 668 censuimus,
1929 610 1987 655 ut

404 702 815 773 perfectissima
858 701 930 755 sit
984 698 1149 768 hujus
1202 696 1376 767 partis
1425 696 1703 749 tractatio.
1763 692 1987 748 Duobus

415 795 579 864 igitur
613 793 788 848 modis
835 791 1171 845 intellectum
1216 797 1427 842 rectum
1479 785 1745 841 infestant
1796 793 1987 854 turpes

405 884 793 954 cogitationes,
819 896 945 935 cum
978 888 1072 933 aut
1112 879 1328 933 animus
1374 893 1443 932 ex
1495 893 1592 933 sua
1623 876 1797 946 ipsius
1845 875 1987 929 osci-

418 975 592 1027 tatitia
624 975 678 1027 in
710 989 792 1036 ea,
827 986 948 1042 qua:
981 986 1089 1024 non
1112 969 1329 1034 decent,
1348 982 1519 1037 vagus
1549 966 1739 1029 fertur,
1770 964 1990 1019 incidit-

420 1080 527 1134 que
560 1079 627 1119 ex
656 1061 1137 1133 imaginationibus
1166 1060 1220 1113 in
1250 1058 1517 1113 absurdas
1549 1056 1985 1127 imaginationes,

421 1162 516 1207 aut
572 1168 698 1208 cum
754 1151 1005 1205 diabolus
1057 1148 1323 1203 insidiose
1382 1155 1617 1202 conatur
1680 1147 1847 1200 menti
1900 1160 1989 1201 res

418 1247 632 1316 ineptas
660 1245 922 1314 objicere,
945 1257 1174 1311 eantque
1202 1257 1233 1293 a
1263 1255 1449 1294 rerum
1476 1238 1833 1292 laudabilium
1865 1252 1991 1292 con-

415 1333 762 1401 templatione
791 1329 1336 1394 considerationeque
1367 1340 1616 1379 avocare.
1656 1324 1791 1379 Cum
1827 1326 1993 1395 igitur

419 1426 658 1487 animus,
686 1424 982 1477 attentione
1012 1436 1077 1475 ac
1108 1420 1460 1475 contentione
1492 1418 1697 1473 mentis
1720 1419 1986 1484 remissa,

420 1515 613 1569 obvias
673 1526 857 1567 rerum
910 1512 1072 1566 etiam
1135 1509 1439 1580 vulgarium
1472 1509 1787 1561 .memorias
1823 1507 1991 1562 semel

422 1605 744 1674 susceperit,
773 1611 905 1657 tunc
938 1602 1248 1657 intellectus
1282 1601 1480 1655 inscite
1506 1599 1991 1669 imprudenterque

418 1698 476 1752 in
517 1712 611 1753 eas
638 1712 749 1761 rcs,
780 1711 903 1765 quae
935 1696 1015 1751 sic
1044 1695 1099 1748 in
1134 1694 1399 1748 memoria
1451 1692 1699 1759 haerent,
1750 1707 1991 1762 praeceps

2087 508 2321 579 τρόπους
2370 509 2426 561 αἱ
2473 507 2705 579 πονηραὶ
2762 505 2960 560 ἔννοιαι
3006 507 3119 568 τοῖς
3156 503 3336 575 ὀρθοῖς
3385 503 3674 573 λογισμοῖς

2088 600 2428 669 ἐπιφύονται,
2454 600 2549 653 νῦν
2591 600 2686 653 καὶ⁵
2712 598 2869 653 τοῦτο
2896 598 3212 669 προσθεῖναι
3243 593 3672 665 ἐδικαιώσαμεν,

2087 691 2228 746 ῶστε
2288 687 2425 745 εἶναι
2475 692 2818 761 τελειοτάτην
2860 690 2959 761 τὴν
3002 690 3098 743 τοῦ
3145 689 3344 760 μέρους
3391 686 3671 751 ἐξέτασιν.

2088 787 2193 840 Δύο
2222 787 2400 840 τοίνυν
2456 787 2668 858 τρόποι,
2715 785 2844 840 καθ’
2892 784 2987 847 οὓς
3045 786 3102 838 αἱ
3154 785 3423 857 ἀπρεπεῖς
3467 781 3676 834 ἔννοιαι

2089 878 2478 951 παρενοχλοῦσι
2528 882 2640 942 τοῖς
2686 877 2867 950 ὀρθοῖς
2907 878 3186 948 λογισμοῖς
3207 893 3223 909 ⁶
3264 876 3298 948 ἢ
3339 876 3439 947 τῆς
3490 874 3677 944 ψυχῆς

2087 973 2208 1026 κατ’
2241 972 2448 1026 οίκείαν
2479 970 2768 1045 ὀλιγωρίαν
2804 972 2933 1043 περὶ
2972 971 3043 1024 τά
3074 971 3185 1041 (51)
3220 970 3294 1041 μὴ
3323 969 3680 1040 προσήκοντα

2090 1065 2467 1136 πλανωμένης,
2504 1065 2602 1119 καὶ
2644 1063 2967 1133 φαντασίαις
3010 1065 3074 1117 ἐκ
3122 1061 3435 1132 φαντασιῶν
3481 1060 3679 1129 ἀλογὶιν

2092 1174 2235 1221 στοις
2256 1156 2709 1227 ἐντογχανούσης,
2806 1158 2930 1209 κατ’
2971 1154 3260 1225 ἐπιϐουλὴν
3289 1153 3385 1207 τοῦ
3421 1153 3677 1207 διαϐόλου

2090 1248 2428 1320 πειρωμένου
2468 1248 2808 1320 πραγμάτων
2852 1246 3080 1309 ἀτοπίας
3110 1246 3429 1316 ὑποφαίνειν
3455 1247 3523 1316 τῇ
3544 1244 3677 1298 δια-

2089 1341 2230 1413 νοίᾳ,
2264 1340 2361 1395 καὶ
2387 1340 2592 1411 ταύτην
2634 1340 2869 1408 ἀπάγειν
2911 1341 3011 1408 τῆς
3046 1336 3156 1391 τῶν
3199 1335 3503 1390 ἐπαινετῶν
3539 1334 3678 1387 θεω-

2092 1433 2215 1505 ρίας
2263 1433 2358 1487 καὶ
2399 1431 2759 1500 διασκέψεως.
2803 1431 2971 1483 Ὅταν
3016 1429 3115 1500 μὲν
3156 1422 3249 1481 οὖν
3302 1428 3337 1499 ή
3384 1426 3569 1497 ψυχὴ,
3612 1425 3680 1478 τὸ

2092 1524 2295 1577 πυκνὸν
2350 1524 2444 1577 καὶ
2497 1522 2743 1575 σύντονον
2800 1523 2901 1591 τῆς
2953 1520 3193 1582 διανοίας
3238 1517 3635 1588 ὑποχαλάσασα
3656 1557 3675 1580 ,

2095 1616 2314 1685 μνήμας
2340 1613 2439 1676 τὰς
2465 1610 2875 1685 προστυχοῦσας
2906 1610 3000 1663 καὶ
3029 1608 3138 1661 τῶν
3168 1607 3440 1679 τυχόντων
3466 1607 3677 1676 ἀναφέ-

2096 1722 2165 1779 ρῃ
2193 1706 2304 1778 (52)
2330 1706 2692 1777 πραγμάτων.
2713 1702 3016 1773 τηνικαῦτα
3046 1703 3078 1753 6
3097 1700 3375 1771 λογισμὸς,
3409 1698 3678 1753 ἀπαιδεᾷ-

418 1800 596 1853 actus,
632 1788 688 1841 in
715 1787 907 1857 eisque
930 1787 1139 1841 diutius
1171 1792 1491 1852 occupatus,
1525 1799 1591 1839 ex
1624 1784 1905 1839 erroribus
1931 1784 1986 1837 in

2096 1810 2195 1861 τως
2268 1796 2365 1851 ποια)⁵
2420 1793 2869 1866 ἀνεπιστημόνως
2922 1791 3059 1862 πρὸς
3113 1790 3185 1843 τά
3233 1788 3677 1861 μνημονευθέντα

418 1881 611 1950 longos
647 1894 865 1933 errores
913 1880 1130 1938 transit,
1160 1893 1224 1931 ac
1254 1876 1474 1931 tandem
1510 1890 1895 1945 saepenumero.
1934 1875 1990 1929 in

418 1967 770 2037 turpissimas
801 1974 966 2035 atque
1016 1965 1472 2035 ﬂagitiosissimas
1509 1966 1868 2035 cogitationes
1896 1964 1991 2019 des-

418 2058 639 2113 labitur.
668 2057 896 2128 Oportet
926 2066 1109 2112 autem
1141 2057 1413 2126 ejusmodi
1443 2057 1611 2111 animi
1636 2057 1903 2110 incuriam
1925 2071 1991 2112 ac

416 2148 741 2203 effusionem
770 2147 1025 2203 densiore
1070 2156 1125 2202 et
1176 2149 1476 2202 coarctiore
1526 2148 1727 2202 mentis
1757 2148 1994 2216 applica-

417 2239 567 2293 tione
597 2238 920 2300 emendare,
962 2247 1311 2307 mentemque
1342 2238 1624 2305 reducere,
1660 2250 1714 2294 et
1745 2255 1862 2293 eam
1893 2240 1991 2295 bo-

419 2345 611 2384 norum
643 2330 1099 2398 contemplatione
1132 2330 1201 2384 ad
1231 2330 1472 2400 aliquam
1514 2346 1630 2386 rem
1662 2337 1990 2401 praesentem

415 2421 618 2493 jugiter
642 2423 932 2492 appellere.
960 2448 963 2451 -

486 2631 538 2684 2.
569 2632 704 2685 Cum
741 2640 924 2684 autem
951 2630 1202 2687 diabolus
1242 2630 1493 2686 insidiari
1521 2632 1855 2702 aggreditur,
1892 2650 1989 2689 co-

420 2732 699 2791 naturque
754 2723 1105 2777 vehementer
1158 2723 1448 2777 admodum
1503 2724 1797 2779 suscitatas
1844 2740 1875 2779 a
1926 2741 1991 2782 se

419 2816 779 2885 cogitationes
820 2815 967 2868 velut
1009 2815 1180 2884 ignita
1207 2816 1456 2884 quaedam
1504 2817 1715 2886 Spicula
1749 2818 1803 2871 in
1835 2818 1990 2888 quie-

416 2912 534 2958 tum
570 2919 633 2959 ac
670 2912 921 2973 pacatum
963 2906 1204 2959 animum
1251 2906 1601 2975 intorquere,
1634 2922 1869 2979 eumque
1898 2909 1994 2966 de-

415 3003 645 3067 repente
679 2997 992 3060 incendere,
1014 3004 1068 3051 et
1096 2997 1468 3053 immissarum
1493 3001 1663 3054 semel
1685 3002 1990 3070 specierum

421 3088 716 3142 memorias
736 3086 1027 3142 diuturnas
1069 3101 1132 3142 ac
1160 3094 1380 3144 tenaces
1407 3088 1642 3156 efﬁcere,
1673 3091 1835 3164 560
1865 3102 1994 3150 tunc

420 3178 701 3248 vigilantia
752 3177 984 3247 quadam
1035 3186 1091 3233 et
1139 3179 1436 3234 attentione
1488 3179 1717 3236 fortiore
1766 3183 1995 3240 insidias

418 3269 732 3339 hujusmodi
775 3269 950 3324 vitare
1001 3269 1295 3334 debemus,
1331 3284 1441 3324 non
1490 3286 1651 3327 secus
1681 3288 1746 3328 ac
1792 3275 1995 3329 athleta

419 3359 618 3430 aliquis
651 3359 900 3415 custodia
928 3360 1164 3430 quadam
1196 3361 1617 3433 diligentissima
1648 3376 1701 3420 et
1748 3368 1996 3437 corporis

418 3450 662 3521 agilitate
690 3466 799 3505 non
846 3452 979 3506 sinit
1013 3453 1347 3522 apprehendi
1397 3471 1457 3510 se
1506 3458 1575 3513 ab
1621 3459 1991 3528 adversariis;

415 3553 474 3597 et
491 3543 561 3598 de
584 3549 783 3598 caetero
807 3544 1110 3614 precationi
1143 3555 1197 3600 et
1240 3549 1467 3617 superni
1497 3551 1740 3620 praesidii
1771 3552 1995 3606 invoca-

419 3635 556 3691 tioni
596 3651 822 3707 prorsus
853 3637 980 3692 belli
1013 3640 1252 3694 cessatio
1297 3647 1353 3695 et
1413 3643 1645 3697 telorum
1702 3644 1994 3701 declinatio

420 3727 726 3783 tribuenda:
758 3736 905 3783 sunt.
947 3727 1062 3785 Hoc
1088 3732 1234 3786 enim
1262 3747 1364 3788 nos
1392 3733 1577 3789 docuit
1608 3734 1835 3803 Paulus,
1866 3754 1991 3794 cum

422 3817 593 3873 dixit:
627 3817 695 3872 In
722 3819 963 3874 omnibus
994 3831 1254 3876 sumentes
1278 3833 1486 3878 scutum
1506 3824 1651 3894 ﬁdei,
1669 3827 1723 3882 in
1746 3845 1848 3899 quo
1867 3846 1994 3898 pos-

424 3913 542 3967 sitis
566 3917 744 3967 omnia
773 3916 878 3969 tela
916 3915 1222 3985 nequissimi
1256 3918 1406 3987 ignea
1434 3922 1764 3991 exstinguere
1788 3928 1854 3982 ⁸³.
1879 3924 1996 3982 Etsi

424 4005 594 4075 igitur
626 4006 962 4089 etiam_inter
990 4007 1258 4063 orandum
1290 4021 1545 4080 suggerat
1575 4028 1773 4083 pravas
1796 4017 1994 4089 imagi-

2089 1888 2200 1943 τῶν
2245 1888 2590 1961 πραγμάτων
2619 1885 2938 1957 φερόμενος,
2986 1881 3197 1946 τούτοις
3249 1899 3309 1935 τε
3348 1883 3442 1936 ἐπὶ
3483 1883 3675 1934 πλεῖον

2091 1981 2567 2054 ἐνασχολούμενος,
2604 1978 2839 2039 πλάνους
2865 1976 2931 2027 ἐκ
2969 1974 3186 2029 πλάνων
3226 1973 3535 2044 μεταϐαίνει
3558 1974 3675 2043 (55)

2095 2076 2359 2148 μακροὺς,
2387 2075 2482 2128 καὶ
2508 2075 2588 2137 είς
2619 2070 2980 2142 αἱσχρότητας
3013 2066 3274 2129 πολλάκις
3309 2067 3403 2120 καὶ
3430 2066 3666 2128 ἀτοπίας

2091 2166 2307 2221 ἐννοιῶν
2346 2164 2710 2235 καταστρέφει
2750 2162 2811 2214 τὸ
2852 2160 3177 2214 τελευταῖον.
3232 2157 3394 2210 Ἀλλά
3433 2158 3531 2230 τὴν
3573 2159 3675 2229 μὲν

2091 2258 2345 2329 τοιαύτην
2366 2258 2660 2330 ὀλιγωρίαν
2697 2256 2795 2327 τῆς
2828 2255 3008 2326 ψυχῆς
3046 2254 3139 2307 καὶ
3178 2250 3424 2321 διάχυσιν
3468 2268 3675 2303 πυκνοὸ

2090 2354 2228 2425 τέρᾳ
2265 2351 2361 2405 καὶ
2390 2347 2858 2421 ἐπιστρεφεστέρᾳ
2881 2349 2948 2417 τῇ
2987 2346 3088 2415 τῆς
3124 2343 3363 2406 διανοίας
3386 2342 3677 2395 ἐπιστάσει

2091 2445 2432 2517 διορθοῦσθαι
2459 2445 2558 2499 καὶ
2583 2442 2873 2510 ἐπανάγειν
2902 2442 3003 2507 δεῖ,
3034 2441 3128 2493 καὶ
3152 2442 3218 2510 τῇ
3260 2439 3396 2511 πρὸς
3423 2439 3486 2492 τὸ
3518 2456 3665 2510 παρ-

2092 2537 2151 2590 ὸν
2188 2537 2274 2590 ἀεὶ
2299 2536 2427 2607 περὶ
2451 2534 2520 2588 τὰ
2550 2533 2691 2586 καλὰ
2718 2530 2996 2601 διασκέψει
3027 2529 3435 2602 προσασχολεῖν.

2161 2628 2215 2681 2.
2242 2628 2410 2680 Ὅταν
2441 2624 2497 2678 δὲ
2527 2627 2555 2678 6
2583 2624 2826 2688 διάϐολος
2862 2621 3230 2676 ἐπιϐουλεύειν
3261 2623 3536 2693 ἐπιχειρῇ,
3573 2622 3670 2674 καὶ

2097 2719 2235 2791 μετὰ
2288 2717 2488 2789 πολλῆς
2537 2716 2638 2786 τῆς
2698 2716 3060 2787 σφοδρότητος
3114 2714 3301 2786 ῶσπερ
3373 2713 3497 2767 τίνά
3543 2704 3671 2784 βέλη

2094 2810 2465 2883 πεπυρωμένα
2497 2809 2625 2872 τοὺς
2652 2811 2780 2879 παρ’
2809 2807 2973 2860 αὑτοῦ
2999 2807 3108 2880 (54)
3136 2800 3430 2877 λογισμοὺς
3467 2808 3672 2859 ἐνιέναι

2094 2907 2441 2981 ἡσυχαζούσῃ
2477 2906 2571 2959 καὶ
2613 2903 2896 2975 ὴρεμούσῃ
2944 2900 3198 2973 βιάζηται
3253 2904 3320 2972 τῇ
3356 2901 3528 2972 ψυχῇ,
3581 2902 3677 2954 καὶ

2092 3000 2294 3070 ταύτην
2327 2996 2592 3067 αἰφνίδιον
2630 2995 2936 3065 ἐμπιπρᾷν,
2968 2995 3064 3048 καὶ
3094 2992 3314 3064 χρονίας
3347 2992 3442 3045 καὶ
3479 2992 3678 3044 δυσεκ-

2095 3096 2286 3159 λύτους
2322 3092 2422 3157 τὰς
2462 3092 2680 3163 μνήμας
2705 3089 2813 3143 τῶν
2838 3087 2986 3153 ἀπαξ
3024 3086 3403 3158 ἐμϐληθέντων
3438 3084 3676 3156 ἐργάξε-

2100 3188 2240 3242 σθαι·
2273 3183 2569 3256 τηνικαῦτα
2603 3182 2756 3253 νήψει
2778 3180 2872 3233 καὶ
2895 3179 3189 3251 προσεχείᾳ
3222 3177 3332 3248 ('55)
3358 3174 3679 3229 mavrovunés

2099 3298 2170 3353 pq.
2208 3279 2306 3342 τὰς
2337 3276 2592 3339 τοιαύτας
2618 3267 2909 3336 ἐπιϐουλὰς
2936 3270 3325 3337 ὑπεξίστασθαι
3363 3268 3463 3335 δεῖ,
3496 3268 3674 3322 καθά-

2097 3387 2201 3443 περ
2236 3366 2470 3439 ἀθλητοῦ
2511 3383 2655 3429 τινος
2697 3362 3068 3434 ἀκριϐεστάτη
3104 3361 3315 3432 φυλακῇ
3371 3360 3467 3412 καὶ
3518 3359 3675 3429 τάχει

2098 3461 2347 3533 σώματος
2395 3459 2493 3522 τὰς
2525 3457 2697 3520 λαϐὰς
2731 3456 2837 3511 τῶν
2876 3453 3186 3508 ἀντιπάλων
3230 3451 3632 3523 ἐκτρεπομένου
3657 3458 3673 3481 δ

2097 3554 2190 3608 καὶ
2216 3553 2277 3605 τὸ
2310 3552 2418 3605 πᾶν
2449 3552 2515 3621 τῇ
2542 3550 2818 3620 προσευχῇ
2863 3547 2955 3600 καὶ
2982 3548 3047 3617 τῇ
3087 3544 3371 3616 ἐπικλήσει
3401 3546 3505 3616 τῆς
3542 3543 3677 3597 άνω-

2096 3645 2187 3699 θεν
2208 3642 2524 3715 συμμαχίας
2543 3633 2744 3693 διδόναι
2773 3637 2871 3709 τὴν
2916 3636 3013 3691 τοῦ
3055 3636 3290 3707 πολέμου
3322 3635 3436 3708 (56)
3480 3634 3675 3688 καθαί-

2097 3754 2247 3810 ρεσιν
2287 3736 2381 3788 καὶ
2419 3733 2517 3805 τὴν
2561 3732 2670 3786 τῶν
2717 3729 3071 3800 τοξευμάτων
3121 3728 3458 3801 ἀποτροπήν.
3504 3725 3675 3780 Τοῦτο

2095 3831 2204 3903 γὰρ
2227 3829 2373 3901 ἡμᾶς
2401 3830 2430 3881 6
2455 3817 2668 3889 Παῦλος
2692 3823 2895 3889 ἐδίδαξε
2922 3822 3097 3889 λέγων
3114 3829 3129 3850 δ
3170 3819 3297 3873 Ἐπὶ
3318 3815 3510 3903 mima:
3528 3816 3674 3870 dra-

2095 3900 2388 3984 λαϐόντες
2422 3917 2530 3970 τὸν
2567 3914 2783 3984 θυρεὸν
2830 3913 2943 3981 τῆς
2995 3912 3290 3976 πίστεως,
3340 3909 3410 3962 ἐν
3468 3900 3517 3975 ᾧ
3568 3907 3673 3961 δυ-

2095 4015 2363 4084 νήσεσθε
2393 4009 2604 4079 πάντας
2629 4009 2700 4064 τὰ
2726 4007 2886 4074 βέλη
2923 4004 3030 4059 τοῦ
3063 4001 3329 4071 πονηροῦ
3371 4001 3445 4055 τὰ
3487 4016 3673 4054 πεπυ-

426 4097 696 4160 nationes,
724 4082 1049 4153 ne'desistat
1071 4101 1289 4155 animus
1310 4102 1380 4157 ab
1406 4082 1635 4173 orando,
1668 4123 1846 4179 neque
1869 4082 1991 4181 pra-

2096 4082 2326 4175 ρωμένα
2358 4101 2596 4156 σϐέσαι.
2623 4099 2744 4153 Κᾶν
2773 4097 2950 4152 τοίνυν
2986 4097 3045 4148 ἐν
3077 4095 3269 4157 αὑταῖς
3283 4094 3404 4157 ταῖς
3441 4109 3674 4163 προσευ-

422 4201 551 4239 vum
604 4187 738 4241 illud
798 4189 973 4245 hostis
1040 4205 1263 4259 semen,
1332 4203 1427 4249 aut
1486 4196 1902 4270 imaginationes
1964 4220 1991 4259 a

2097 4200 2221 4269 χαῖς
2275 4194 2551 4267 ὑποϐάλλῃ
2603 4193 2715 4262 (57)
2760 4190 2860 4255 τὰς
2914 4189 3158 4259 πονηρὰς
3210 4186 3541 4258 φαντασίας,
3602 4185 3675 4257 μὴ

425 4278 700 4348 versipelli
724 4280 818 4334 illo
842 4282 1245 4354 praestigiatore
1289 4289 1586 4347 suscitatas
1634 4301 1788 4362 putet
1836 4310 1991 4350 suam

2098 4287 2413 4358 ἀφιστάσθω
2458 4289 2491 4357 η
2532 4283 2678 4354 ψυχὴ
2713 4282 2809 4335 τοῦ
2846 4279 3260 4352 προσεύχεσθαι,
3312 4278 3445 4349 μηδέ
3481 4277 3676 4330 οἰέσθω

426 4371 600 4442 ipsius
630 4372 1023 4441 agriculturam
1055 4390 1200 4437 esse,
1234 4377 1329 4432 sed
1360 4379 1490 4434 illud
1514 4396 1697 4436 secum
1723 4384 1994 4454 cogitans,

2099 4383 2272 4435 οἰκεῖα
2314 4374 2453 4433 εἶναι
2494 4376 2739 4448 γεώργια
2773 4374 2871 4438 τὰς
2910 4373 3152 4445 πονηρὰς
3192 4371 3287 4424 τοῦ
3327 4370 3522 4441 ἐχθροῦ
3557 4371 3675 4424 ἐπι-

425 4462 495 4514 ab
526 4461 839 4531 impudente
879 4462 987 4525 illo,
1016 4464 1275 4533 nequitiae
1304 4465 1588 4523 inventore
1632 4470 1991 4526 absurdarum

2104 4472 2344 4545 σποράς,
2378 4470 2474 4523 καὶ
2509 4468 2606 4532 τὰς
2630 4467 2725 4520 τοῦ
2762 4467 3008 4521 ποικίλου
3037 4455 3442 4536 θαυματοποιοῦ
3477 4480 3676 4532 φάντα-ι

426 4552 820 4622 cogitationum
852 4553 1090 4623 speciem
1140 4554 1421 4625 imprimi,
1475 4557 1695 4614 insistat
1732 4560 1997 4619 intentius

425 4641 749 4710 precationi,
784 4653 1043 4714 rogetque
1066 4641 1257 4708 Deum,
1295 4652 1354 4698 ut
1382 4647 1584 4701 malum
1634 4650 1767 4705 illud
1809 4653 1996 4707 muni-

429 4748 552 4787 men
583 4733 653 4787 ab
690 4733 1002 4791 inentarum
1041 4735 1438 4807 cogitationum
1474 4743 1736 4798 memoria
1775 4754 2001 4801 exstru-

504 4887 762 4961 l"Ephes.
799 4909 875 4957 νι,
911 4894 965 4949 7.

503 5002 617 5077 (51)
648 5002 781 5074 Reg.
809 5005 1087 5077 secundus
1116 5007 1403 5076 ολιγωριαν
1433 5005 1529 5059 ἐπὶ
1566 5006 1655 5077 τά.
1699 5006 1996 5077 Aliquanto

432 5082 557 5148 onst
568 5072 820 5148 ⁸Βιξξςεῄρνί
826 5092 949 5148 mus
971 5077 1268 5148 ἀλογίστως
1286 5072 1740 5148 ἐντυγχανούσης.

503 5143 615 5214 (52)
636 5140 781 5217 Εᾱὶᾗί
806 5140 1091 5217 ἀναφέροιξ
1131 5147 1200 5200 Αι
1229 5160 1383 5217 mssa
1411 5140 1523 5201 tres
1563 5140 1824 5217 ἀναφέρῃ.
1879 5144 1992 5202 Nec

503 5164 615 5214 (οι)
638 5164 781 5197 natu
813 5164 1091 5217 αναφεροι.
1131 5164 1200 5200 At
1229 5164 1363 5201 mss.
1411 5164 1523 5201 tres
1563 5164 1734 5216 αναφε

434 5214 506 5265 ita
542 5214 710 5286 multo
740 5213 883 5270 infra
915 5218 1045 5286 ltcg.
1076 5217 1282 5286 primus
1304 5215 1400 5269 καὶ
1422 5218 1634 5278 τούτοις
1661 5164 1772 5269 ἐπε

507 5285 617 5351 (55)
656 5281 880 5356 Veteres
909 5281 1020 5356 duo
1049 5281 1172 5339 libri
1210 5291 1264 5338 et
1286 5286 1420 5356 editi
1452 5286 1794 5356 μεταμείϐει,
1832 5287 1993 5339 male.

434 5352 567 5421 Reg.
605 5355 815 5425 primus
843 5363 897 5410 et
931 5355 1086 5410 Colb.
1131 5352 1465 5425 μεταϐαίνει,
1492 5352 1658 5410 recte.
1702 5358 1996 5426 Aliquanto

433 5434 729 5497 postuqus
754 5440 856 5480 ms.
890 5426 1196 5496 πυκνοτάτῃ
1228 5426 1321 5497 καὶ
1353 5427 1568 5497 ἐπιστρ.

504 5495 618 5565 (54)
649 5493 803 5567 Unus
824 5511 928 5550 ms.
961 5497 1090 5565 παρ’
1109 5493 1328 5567 ἑαυτοῦ.
1364 5493 1700 5567 Ηιιιιάιοηεο
1725 5496 1855 5550 editi
1890 5494 1981 5565 βιά

435 5564 607 5636 ζεταιέ
641 5566 710 5636 ᾼι
742 5581 874 5621 mss.
900 5564 1147 5619 nonnulli
1174 5566 1447 5636 βιάζηται.

640 5633 821 5707 godex
853 5636 1006 5689 Colb.
1040 5636 1136 5688 καὶ
1165 5633 1400 5707 προσοχῇ
1437 5653 1554 5707 συν.

506 5703 618 5774 (56)
649 5702 870 5762 Veteres
900 5708 1140 5775 quinque
1170 5702 1292 5760 libri
1321 5702 1411 5760 τοῦ
1442 5706 1697 5778 πολέμου.
1731 5707 1870 5763 Editi
1903 5706 1994 5762 τοῦ

2107 4567 2227 4629 σίας
2244 4582 2257 4595 ·
2288 4562 2424 4617 ἀλλὰ
2441 4561 2771 4632 λογισαμένη
2798 4563 2866 4631 τῇ
2900 4559 3144 4629 ἀναιδείᾳ
3170 4556 3263 4610 τοῦ
3285 4556 3383 4626 τῆς
3413 4555 3675 4627 πονηρίας

2106 4652 2323 4726 εὑρετοῦ
2376 4651 2473 4722 τὴν
2525 4651 2634 4703 τῶν
2684 4649 2902 4703 ἀτόπων
2960 4647 3179 4701 ἐννοιῶν
3235 4646 3537 4715 φαντασίαν
3592 4645 3677 4714 γίο

2107 4744 2315 4811 νεσθαι,
2355 4742 2553 4815 μᾶλλον
2582 4739 2692 4813 (58)
2725 4739 3039 4794 ἐπιτεινέτω
3066 4738 3164 4810 τὴν
3190 4737 3561 4809 πρόσπτωσιν,
3584 4735 3675 4791 καὶ

2104 5007 2387 5079 πολεμίου,
2413 5006 2581 5079 [tostis
2607 5008 2831 5073 cladem,
2856 5017 2915 5079 et
2953 5007 3025 5061 ita
3060 5006 3161 5079 legi
3196 5012 3491 5079 oporteret,
3517 5006 3565 5079 si
3592 5006 3675 5079 rel

2102 5075 2252 5133 unus
2270 5093 2372 5132 ms.
2413 5077 2544 5132 huic
2589 5078 2808 5133 lectioni
2844 5078 3067 5132 faveret.
3095 5075 3204 5131 Nec
3231 5080 3305 5131 ita
3325 5078 3499 5131 multo
3537 5075 3675 5130 infra

2102 5163 2237 5231 mss.
2289 5148 2541 5202 nonnulli
2583 5151 2612 5201 ὁ
2648 5148 2883 5212 Παῦλος.
2923 5148 3204 5201 Articulus
3248 5146 3438 5201 deerat
3476 5147 3533 5201 in
3563 5147 3673 5201 vul-

2140 5233 2264 5271 atts.

2317 5285 2463 5372 Εάὶξὶ
2488 5287 2805 5372 ὓπρϐάλλεις
2837 5287 2905 5339 At
2929 5302 3063 5372 mss.
3092 5286 3339 5372 nonpulli
3377 5285 3673 5372 ὑποϐαλλη,

2098 5357 2382 5429 Αιίιιεγιῐιεζ
2415 5358 2682 5429 ὑποϐάλῃ,
2713 5357 3008 5426 Aliquanto
3041 5366 3164 5428 post
3190 5355 3300 5409 duo
3328 5371 3464 5411 mss.
3501 5355 3676 5418 ποικί-

2100 5427 2197 5491 λας
2222 5427 2385 5479 αὑτοῦ
2412 5414 2730 5496 φαντασίας.

2173 5496 2286 5568 (58)
2318 5496 2471 5569 Unus
2497 5513 2598 5569 ms.
2630 5513 2952 5569 φαντασιαν,
2987 5499 3123 5569 αὐτῇ
3159 5497 3377 5569 μᾶλλον.
3410 5496 3536 5569 Αιίἱε
3565 5503 3674 5547 tres

2104 5566 2426 5639 φαντασίαν,
2451 5566 2623 5639 ταύτῃ
2648 5566 2876 5639 μᾶλλον.
2912 5566 3404 5639 Ιυίόειῇέᾱίιίηὴν
3428 5566 3663 5639 πρόπτω

2104 5654 2206 5690 σιν.
2239 5636 2385 5710 Libri
2411 5636 2617 5710 antiqui
2641 5636 3017 5710 πρόσπτωσιν,
3047 5637 3199 5693 Haud
3225 5636 3388 5710 longe
3410 5637 3520 5690 duo
3542 5650 3669 5689 mss.

2102 5706 2572 5777 ἀποσκεδασθῆναι
2594 5707 2755 5778 αὐτῇ.
