4018 6226
540 234 681 297 I383

1884 227 1948 286 'S.
1987 219 2233 283 BASIL’II
2274 220 2484 281 MAGNI
3629 222 3738 278 im

538 354 849 426 regionibus
875 351 1250 424 profecti,tam
1271 323 1510 422 perfecte
1526 359 1579 405 ct
1604 350 1818 405 sincere
1850 349 1905 402 in
1938 360 2107 402 unum

2217 344 2384 413 γενῶν
2412 344 2506 397 καὶ
2533 343 2724 415 χωρῶν
2752 338 3062 411 κινηθέντες
3098 340 3176 401 είς
3209 332 3471 406 τοσαύτην
3501 334 3744 407 ἀκρίϐειαν

535 447 821 511 coaluere,
860 454 918 499 ut
948 445 1164 500 animus
1192 460 1335 499 unus
1365 452 1623 499 cernatur
1665 443 1719 496 in
1755 441 1944 495 multis
1985 454 2110 494 cor-

534 538 764 608 poribus
788 581 802 603 ,
847 537 1016 591 multa
1063 553 1193 593 vero
1225 551 1455 605 corpora
1484 535 1682 590 utentis
1713 534 1877 588 unius
1907 544 2109 603 organa

538 644 662 683 esse
690 629 1114 697 comperiantur.
1158 626 1260 693 Qui
1294 626 1544 680 inﬁrmus
1568 634 1652 681 est
1680 640 1928 694 corpore,
1965 622 2108 675 mul-

533 729 626 774 tos
658 720 819 774 habet
854 734 961 773 una
988 734 1173 773 secum
1203 733 1268 773 ex
1297 718 1490 771 allectu
1542 718 1785 771 inﬁrmos
1818 734 1833 769 :
1865 715 1955 784 qui
1987 712 2109 767 aui-

542 827 630 865 mo
653 819 878 883 aegrotat
908 826 972 865 ac
1019 812 1281 874 concidit,
1315 811 1363 865 ei
1416 818 1613 880 prmsto
1674 818 1803 863 sunt
1857 807 2043 871 multi,
2080 820 2111 859 a

532 903 739 972 quibus
792 912 1038 967 curetur,
1072 902 1380 972 pariterque
1420 901 1682 970 erigatur.
1738 898 1802 953 lli
1856 897 2110 968 aequabili

536 995 662 1062 jure
684 994 826 1048 inter
855 1009 914 1047 se
940 993 1034 1047 alii
1068 994 1298 1047 aliorum
1325 1001 1378 1046 et
1409 991 1550 1045 servi
1592 1002 1751 1054 sunt,
1777 999 1830 1044 et
1861 989 2110 1051 domini,

536 1091 596 1138 et
628 1084 685 1138 in
717 1083 971 1139 libertate
999 1084 1203 1139 invicta
1259 1082 1576 1138 servitutem
1622 1082 1726 1136 sibi
1759 1081 1990 1134 invicem
2018 1095 2113 1135 ex-

542 1174 732 1230 hibent
760 1174 1191 1245 integerrimam,
1224 1188 1388 1243 quam
1425 1172 1474 1224 vi
1507 1188 1614 1225 non
1659 1173 1867 1241 peperit
1899 1169 2111 1225 fortuiti

541 1263 774 1332 alicujus
807 1279 970 1318 casus
1014 1262 1355 1325 necessitas,
1389 1276 1511 1331 quae
1562 1276 1670 1314 non
1726 1274 1946 1331 parvam
1998 1262 2113 1316 suis

538 1355 772 1425 captivis
795 1355 951 1410 aﬂ'ert
978 1355 1284 1417 tristitiam.
1326 1355 1423 1409 sed
1452 1369 1571 1408 eam
1601 1368 1726 1408 eum
1759 1353 1958 1424 gaudio
1987 1368 2114 1422 pro-

540 1447 702 1503 duxit
748 1446 975 1501 liberum
1018 1448 1185 1501 animi
1217 1448 1546 1515 arbitrium;
1581 1447 1855 1502 charitate
1911 1448 2113 1502 liberos

544 1538 796 1593 homines
825 1539 960 1592 alios
991 1539 1113 1594 aliis
1157 1538 1487 1608 subjiciente
1510 1579 1526 1603 ,
1562 1554 1627 1594 ac
1654 1541 1916 1594 voluntati
1949 1540 2114 1593 liber-

540 1638 710 1683 tatem
742 1636 1013 1685 servante.
1046 1626 1209 1685 Tales
1262 1645 1363 1684 nos
1413 1631 1481 1684 ab
1512 1630 1672 1684 initio
1701 1629 1844 1685 Deus
1875 1646 1996 1685 esse
2027 1645 2114 1684 vo-

543 1720 668 1784 luit,
698 1728 754 1775 et
784 1736 849 1775 ea
875 1720 942 1775 de
966 1735 1133 1775 causa
1165 1720 1431 1774 condidit.
1463 1719 1550 1785 Hi,
1583 1728 1808 1790 peccato
1839 1719 2000 1790 primi
2027 1736 2119 1791 pa-

543 1812 717 1866 rentis
746 1811 875 1866 Adae
916 1814 1211 1877 occultato,
1256 1814 1545 1883 antiquum
1596 1823 1854 1868 revocant
1890 1815 2115 1869 bonum.

544 1901 752 1958 Divisio
778 1905 922 1958 enim
959 1904 1340 1985 dissensioque
1363 1912 1418 1961 et
1450 1905 1653 1959 bellum
1687 1920 1796 1959 non
1836 1912 2119 1960 exstarent

546 1997 689 2050 inter
719 1994 988 2063 homines,
1019 1996 1123 2050 nisi
1182 2005 1464 2064 peccatum
1517 2004 1767 2049 naturam
1810 1994 2115 2051 divisisset.

2211 438 2536 509 ταυτότητος
2580 436 3033 508 συνηρμόσθησαν
3057 475 3072 496 ,
3115 433 3256 485 ὥστε
3320 431 3451 501 μίαν
3491 431 3657 502 ψυχήν
3698 434 3746 487 ἐν

2212 529 2426 593 πολλοῖς
2471 532 2688 600 σώμασι
2722 526 3063 599 θεωρεῖσθαι,
3114 526 3210 578 καὶ
3239 523 3313 577 τὰ
3358 522 3523 576 πολλά
3558 521 3750 593 σώματα

2215 622 2342 691 μιᾶς
2394 618 2619 690 γνώμης
2680 619 2890 691 ὄργανα
2960 615 3291 673 δείκνυσθαι.
3337 616 3396 667 '0
3445 612 3665 666 ἀσθενῶν
3703 613 3751 667 τὺ

2214 711 2375 782 σῶμα
2430 711 2654 774 πολλοὺς
2709 711 2822 781 εχει
2861 713 2928 783 τῇ
2979 710 3216 763 διαθέσει
3270 707 3749 776 συτκάμνοντας·ὀ

2212 802 2383 855 νοσῶν
2425 801 2518 855 καὶ
2564 803 2921 856 καταπίπτων
2960 806 3026 874 τῇ
3066 802 3212 873 ψυχῇ
3261 799 3486 862 πολλοὺς
3514 797 3619 868 εχει
3647 799 3749 861 τοὺς

2215 894 2477 965 ἰωμένους
2510 896 2603 947 καὶ
2634 894 3111 958 συνδιανιστῶντας
3146 893 3331 947 αὐτόν.
3384 891 3635 961 Ἀλλήλων
3665 892 3747 943 tot.

2212 986 2407 1050 δουλοι,
2437 986 2681 1057 ἀλλήλων
2712 987 2913 1056 κύριοι,
2956 986 3052 1039 καὶ
3082 987 3145 1037 ὲν
3173 987 3237 1056 τῇ
3275 983 3476 1054 ἀμάχῳ
3511 980 3750 1051 ἐλευθερίᾳ

2213 1081 2313 1151 τὴν
2345 1078 2746 1151 ἀκριϐεστέραν
2788 1079 3034 1133 δουλείαν
3067 1078 3180 1148 (47)
3217 1076 3469 1147 ἀλλήλοις
3496 1072 3750 1127 ἀντεπιδεί-

2214 1190 2454 1232 κνυνται.
2482 1172 2549 1243 ἢν
2570 1172 2668 1225 οὐκ
2721 1172 2932 1243 ἀνάγκη
2964 1170 3337 1243 περιστάσεως
3370 1166 3505 1238 πρὸς
3530 1164 3637 1236 βίαν
3661 1164 3748 1229 (48)

2214 1265 2488 1335 ἐπήγαγε,
2520 1263 2722 1334 πολλὴν
2758 1263 3001 1335 φέρουσα
3033 1264 3146 1324 τοῖς
3171 1258 3361 1314 ἁλοῦσι
3398 1257 3495 1328 τὴν
3535 1255 3747 1326 ἀθυμίαν,

2213 1356 2350 1410 ἀλλά
2387 1354 2614 1426 γνώμης
2653 1355 2717 1409 τὸ
2761 1356 3089 1426 αὐθαίρετον
3135 1353 3252 1423 μετ’
3296 1349 3622 1421 εὐφροσύνης
3656 1347 3749 1416 ἐδη-

2217 1451 2547 1523 μιούργησεν
2569 1467 2584 1480 ·
2629 1449 2850 1518 ἀγάπης
2878 1448 3005 1511 τοὺς
3032 1443 3354 1516 ἐλευθέρους
3387 1437 3747 1508 ὖποτασσούσης

2213 1541 2482 1614 ἀλλήλοις,
2520 1541 2615 1594 καὶ
2638 1539 2717 1609 τῷ
2743 1538 3053 1609 αὐθαιρέτῳ
3081 1535 3144 1590 τὸ
3182 1533 3466 1605 ἐλεύθερον
3503 1528 3748 1601 φυλαττού-

2219 1650 2338 1705 ⁶ης’
2382 1632 2670 1695 Τοιούτους
2714 1632 2863 1701 ἡμᾶς
2901 1630 2958 1696 ἐξ
2991 1628 3169 1701 ἀρχῆς
3201 1631 3231 1681 ὁ
3256 1625 3392 1689 Θεὸς
3423 1620 3557 1678 εἶναι
3599 1621 3745 1693 βεϐού-

2219 1726 2378 1797 ληται
2414 1727 2547 1797 (49),
2577 1725 2672 1779 καὶ
2696 1724 2787 1776 ἐπὶ
2816 1722 3026 1786 τούτοις
3065 1718 3514 1792 ἐδημιούργησεν.
3545 1708 3681 1769 Οὗτοι
3700 1712 3745 1766 τὸ

2219 1819 2442 1889 ἀρχαῖον
2513 1814 2908 1871 ἀνακαλοῦνται
2994 1812 3158 1866 καλὸν
3186 1852 3203 1874 ,
3270 1809 3365 1863 τοῦ
3433 1807 3745 1878 ἀρχιπάτορος

2231 1911 2402 1982 Ἀδὰμ
2428 1910 2527 1982 τὴν
2558 1907 2832 1981 ἁμαρτίαν
2856 1906 3339 1966 ἐπικαλύπτοντες.
3369 1901 3625 1970 Διαίρεσις
3646 1898 3743 1966 γὰρ,

2219 2002 2316 2056 καὶ
2375 2002 2690 2067 διάστασις,
2743 2000 2839 2053 καὶ
2897 1997 3130 2067 πόλεμος
3183 1996 3287 2048 οὐκ
3353 1992 3420 2047 ἂν
3482 1987 3545 2062 ἦν
3587 1991 3637 2043 ἐν
3672 1989 3744 2041 ἀν·

546 2086 614 2140 Hi
645 2086 974 2152 Servatoris,
1026 2087 1515 2158 institutorumque
1561 2087 1685 2143 vitae
1738 2087 1897 2157 ejus,
1952 2103 2119 2158 quam

546 2180 601 2233 in
634 2195 799 2234 carne
829 2179 1010 2250 degit,
1063 2180 1367 2235 imitatores
1403 2192 1528 2235 sunt
1570 2181 1794 2237 sinceri.
1849 2180 2120 2246 Quemad-

546 2272 768 2324 modum
799 2270 944 2324 enim
978 2270 1068 2324 ille
1106 2276 1297 2323 coacto
1326 2269 1717 2339 discipulorum
1750 2282 1893 2324 coetu
1936 2287 1969 2324 ο
1994 2290 2003 2320 ι
2028 2271 2119 2323 nia

546 2362 882 2424 communia,
917 2369 972 2417 et
1024 2361 1267 2431 seipsum
1322 2377 1672 2417 communem
1720 2362 1952 2432 praebuit
1985 2378 2122 2433 apor-

548 2455 745 2509 stolis:
782 2454 856 2507 ita
886 2454 941 2507 hi
965 2469 1185 2526 quoque
1216 2454 1343 2508 duci
1375 2454 1715 2520 obedientes,
1736 2455 1782 2509 si
1815 2453 1978 2509 modo
1992 2469 2122 2524 pro-

548 2544 614 2597 be
653 2547 775 2598 vitae
799 2546 1041 2615 regulam
1070 2546 1382 2605 observent.
1413 2546 1786 2616 apostolorum
1822 2559 1886 2597 ac
1904 2543 2118 2598 Domini

2220 2571 2349 2608 κεν·
2383 2549 2524 2607 οὕτω
2567 2552 2658 2605 καὶ
2700 2541 2845 2603 οὗτοι
2894 2547 2974 2618 τῷ
3031 2544 3434 2615 καθηγουμένῳ
3467 2539 3740 2609 πειθόμενα,

549 2637 723 2706 ipsius
756 2636 972 2691 vivendi
995 2653 1170 2707 genus
1200 2645 1456 2691 accurate
1486 2637 1788 2691 imitantur.
1814 2633 1881 2727 Hi
1900 2638 2118 2706 angelo«

2218 2647 2337 2717 οἵγε
2397 2643 2579 2706 καλῶς
2634 2644 2724 2697 τὸν
2762 2641 2961 2695 κανόνα
3010 2638 3104 2692 τοῦ
3159 2637 3279 2707 βίου
3326 2633 3739 2727 διαφυλάσσοντεςῖ

546 2743 667 2782 rum
700 2729 1022 2783 aemulantur
1051 2730 1237 2792 vitam,
1273 2729 1491 2791 illorum
1522 2729 1770 2798 exemplo
1801 2714 2117 2782 societatem

2220 2739 2318 2811 τὴν
2354 2739 2463 2792 τῶν
2509 2735 2821 2790 ἀποστόλων
2859 2732 2954 2787 καὶ
2993 2730 3088 2784 τοῦ
3129 2729 3339 2801 Κυρίου
3377 2714 3739 2811 πολιτείαν-μετ’

547 2820 837 2889 diligenter
858 2827 1094 2874 tuentes.
1126 2818 1286 2873 Nulla
1319 2830 1404 2875 est
1439 2819 1506 2873 lis
1529 2819 1668 2873 inter
1697 2820 1942 2889 angelos,
1968 2818 2118 2873 nulla

2223 2806 2513 2899 ἀκριϐείας
2543 2826 2905 2897 μεμίμηνταί.
2935 2815 3092 2875 Οὗτοι
3119 2818 3219 2889 τὴν
3247 2817 3356 2870 τῶν
3382 2813 3607 2883 ἀγγέλων
3632 2806 3739 2876 ζωήν

547 2914 862 2975 contentio,
916 2912 1065 2965 nulla
1108 2910 1519 2975 controversia,
1576 2910 1671 2966 sed
1725 2911 1958 2980 quisque
1997 2925 2118 2980 quae

2221 2917 2546 2990 ἐζηλώκασι,
2578 2915 2639 2967 τὸ
2679 2912 3011 2976 κοινωνικὸν,
3054 2909 3245 2980 ὥσπερ
3284 2909 3494 2970 ἐκεῖνοι,
3530 2903 3587 2955 δι’
3624 2901 3741 2967 ἀκρι-

547 3000 791 3055 omnium
835 3011 1002 3065 sunt,
1052 3002 1314 3072 possidet,
1348 3010 1402 3057 et
1450 3009 1633 3056 tamen
1663 3017 1855 3056 omnes
1910 3002 2118 3072 integra

2222 3010 2374 3076 Gaia;
2405 3008 2758 3079 φυλάξαντες.
2808 3006 2922 3058 Οὐκ
2978 3003 3124 3056 ἔστιν
3168 3004 3229 3056 ἐν
3268 2999 3512 3070 ἀγγέλοις
3552 2996 3666 3067 ἔρις,
3693 2990 3738 3042 οὐ

2220 2091 2482 2164 θρώποις,
2522 2090 2595 2163 μὴ
2625 2091 2723 2162 τῆς
2768 2088 3044 2160 ἁμαρτίας
3092 2083 3455 2155 διατεμοὺσης
3484 2081 3573 2151 τὴν
3603 2078 3744 2148 φύσιν.

2264 2179 2381 2239 ὗτοι
2413 2184 2662 2256 ἀκριϐεῖς
2707 2181 2940 2253 μιμηταὶ
2971 2179 3066 2233 τοῦ
3110 2178 3367 2248 Σωτῆρος
3405 2174 3494 2228 καὶ
3532 2173 3620 2242 τῆς
3654 2166 3743 2222 κατ’

2220 2280 2383 2334 αὑτὸν
2426 2281 2483 2331 ὲν
2529 2278 2691 2351 σαρκὶ
2735 2272 3008 2335 πολιτείας
3046 2271 3405 2342 ὑπάρχουσιν.
3451 2267 3636 2334 Ὥσπερ
3664 2261 3743 2330 γὰρ

2219 2373 2447 2435 ἐκεῖνος,
2512 2368 2670 2443 χορὸν
2735 2364 2991 2438 μαθητῶν
3048 2362 3479 2431 συστησάμενος,
3526 2352 3660 2409 κοινά
3692 2366 3741 2402 τα

2221 2462 2421 2527 πάντα,
2450 2461 2546 2514 καὶ
2579 2459 2755 2513 κοινὸν
2783 2458 2975 2511 ἑαυτὸν
3010 2456 3123 2519 τοῖς
3167 2451 3487 2512 ἀποστόλοις
3519 2446 3743 2518 παρέσχτ-

549 3094 693 3149 bona
725 3095 866 3164 apud
900 3095 1113 3165 seipsos
1139 3095 1462 3149 recondunt.
1512 3093 1629 3148 Non
1665 3101 1795 3148 sunt
1826 3094 1971 3148 enim
2020 3111 2121 3149 an-

551 3184 795 3254 gelorum
826 3182 1027 3238 divitiae
1079 3185 1306 3239 materia
1358 3183 1601 3253 quaedam
1662 3182 2120 3253 circumscripta,

550 3288 692 3346 quae,
724 3276 1162 3346 quandocunque
1208 3277 1263 3331 in
1309 3278 1494 3347 plures
1547 3275 1805 3329 distribui
1839 3291 1977 3346 opus
2013 3276 2121 3343 sit,

548 3365 795 3419 sectione
823 3365 1081 3436 indigeat,
1107 3365 1202 3422 sed
1227 3368 1504 3437 possessio
1532 3374 1616 3421 est
1638 3380 1832 3438 expers
1859 3368 2120 3434 materiae,

549 3467 606 3512 et
633 3458 829 3514 mentis
862 3457 1084 3514 divitia).

629 3642 683 3699 5.
715 3642 782 3697 Et
824 3643 1029 3699 idcirco
1062 3643 1204 3700 bona
1236 3643 1371 3709 hzec,
1406 3658 1531 3697 cum
1567 3650 1713 3715 apud
1741 3645 1988 3716 singulos
2031 3646 2123 3701 in-

552 3744 702 3809 tegra
732 3745 1104 3808 permaneant,
1127 3753 1319 3792 omnes
1341 3753 1405 3793 ex
1428 3753 1585 3808 aequo
1613 3739 1853 3793 clliciunt
1877 3740 2075 3794 divites
2105 3759 2119 3796 :

551 3832 753 3902 quippe
808 3846 929 3901 quae
973 3831 1303 3901 peculiarem
1357 3832 1494 3903 ipsis
1541 3833 1943 3902 possessionem
1990 3834 2121 3889 nulli

554 3920 941 3975 controversia:
975 3927 1070 3973 aut
1107 3921 1443 3976 contentioni
1492 3922 1785 3994 obnoxiam
1827 3924 2119 3994 praebeant.

553 4008 687 4064 Nam
711 4011 1114 4082 comtemplatio
1149 4011 1349 4065 summi
1384 3987 1545 4083 56$
1577 4013 1701 4068 boni
1722 4053 1736 4076 ,
1769 3987 1844 4069 et—
1859 4015 2121 4070 virtutum

553 4102 998 4157 manifestissima
1028 4106 1470 4173 comprehensio,
1515 4107 1831 4176 angelorum
1875 4116 1960 4162 est
2006 4110 2124 4162 the-

555 4207 774 4257 saurus,
819 4193 887 4247 ad
926 4208 1046 4262 quae
1091 4195 1365 4264 respicere
1407 4196 1536 4250 licet
1562 4197 1840 4262 omnibus,
1870 4214 2120 4268 unoquo-

555 4299 665 4354 que
703 4285 895 4339 horum
942 4286 1191 4339 notitiam
1223 4302 1287 4339 ac
1324 4288 1729 4357 possessionem
1760 4290 2119 4359 adipisccute.

2226 3103 2542 3174 φιλονεικία,
2587 3102 2687 3154 οὐκ
2732 3098 3172 3170 ἀμφισϐήτησις·
3214 3096 3441 3156 ἕκαστος
3473 3091 3536 3144 τὰ
3573 3088 3739 3141 πάντων

2226 3195 2358 3266 ἔχει.
2412 3193 2507 3247 καὶ
2562 3191 2760 3255 πάντες
2805 3188 3074 3258 ὁλόκληρα
3130 3189 3262 3257 παρ’
3304 3186 3505 3245 ἑαυτοῖς
3536 3180 3598 3233 τὰ
3634 3173 3737 3229 καλά

2223 3286 2592 3357 ταμιεύονται.
2617 3284 2691 3337 Οὐ
2723 3283 2831 3352 γάρ
2855 3282 3001 3333 ἐστιν
3034 3279 3132 3351 ὖλη
3166 3278 3595 3349 ἐμπερίγραπτος
3615 3273 3640 3324 ὁ
3658 3266 3736 3320 τῶν

2224 3377 2471 3447 ἀγγέλων
2515 3375 2778 3437 πλοῦτος,
2817 3373 3046 3443 δεομένη
3088 3371 3285 3441 τομῆς,
3332 3368 3489 3439 ἡνίκα
3525 3365 3583 3417 ἂν
3609 3357 3734 3413 αὐτὴν

2225 3471 2466 3524 πλείοσιν
2506 3467 2857 3539 ἐπινέμεσθαι
2886 3465 2979 3536 δέῃ
3012 3464 3146 3535 (50)·
3185 3463 3304 3516 ἀλλ’
3333 3460 3488 3524 άῦλος
3515 3459 3545 3527 ή
3568 3452 3731 3521 κτῆσις,

2225 3565 2321 3616 καὶ
2348 3564 2586 3625 διανοίας
2614 3564 2642 3614 ό
2670 3559 2917 3622 πλοῦτος.

2294 3658 2347 3710 3.
2393 3656 2500 3708 Kal.
2531 3653 2619 3708 διά
2645 3652 2802 3707 τοῦτο
2825 3651 2953 3722 παρ’
2986 3648 3236 3713 ἑκάστοις
3266 3646 3521 3715 ὁλόκληρα
3546 3641 3605 3693 τά
3624 3630 3733 3689 καλά

2228 3749 2458 3819 μένοντα
2522 3747 2730 3809 πάντας
2800 3744 3057 3813 ἰσοτίμως
3126 3740 3410 3802 πλουσίους
3477 3729 3731 3805 ἐργάζεται,

2224 3838 2707 3910 ἀναμφισϐήτητον
2739 3836 2920 3898 αὐτοῖς
2952 3834 3046 3887 καὶ
3064 3834 3277 3904 ἄμαχον
3310 3830 3403 3901 τήν
3427 3825 3611 3881 οἰκείαν

2228 3948 2311 3983 σιν
2341 3928 2668 3999 παρέχοντα.
2722 3924 2937 3996 Θεωρία
2981 3922 3093 3994 γὰρ
3138 3921 3235 3973 τοῦ
3279 3916 3538 3973 ἀνωτάτου
3586 3920 3729 3999 καλου.

2225 4023 2319 4076 καὶ
2379 3997 2588 4092 ἀρετῶν
2650 4016 2958 4088 σαφεστάτη
3015 4013 3333 4084 κατάληψις,
3388 4008 3489 4062 τῶν
3536 3997 3730 4070 ἀγγέλων

2225 4113 2342 4166 ἐστὶ
2388 4091 2941 4183 θησαύρισμα,-πρός
2991 4104 3027 4159 ἀ
3072 4105 3289 4175 βλέπειν
3332 4102 3521 4156 ἅπασιν
3553 4091 3729 4183 ἔξεστιν.

2223 4202 2512 4273 ὀλόκληρον
2536 4200 2715 4256 αὐτῶν
2744 4199 2841 4269 τὴν
2866 4197 3066 4266 γνῶσιν
3100 4197 3194 4249 καὶ
3226 4196 3322 4265 τὴν
3353 4192 3529 4260 κτῆσιν
3551 4180 3729 4281 ἑκάστοξ

2225 4292 2611 4364 λαμῦάνοντος.
2648 4291 2891 4343 Τοιοῦτοι
2923 4292 2970 4343 οἱ
3003 4288 3141 4342 κατὰ
3169 4287 3416 4359 ἀλήθειαν
3443 4274 3664 4364 ἀσκηταὶ,
3685 4274 3729 4319 0'3

553 4375 717 4465 Tal/cs
742 4376 1015 4432 exsistunt
1063 4377 1158 4447 qui
1209 4378 1318 4430 veri
1359 4388 1490 4432 sunt
1537 4386 1760 4435 ascetac.
1782 4379 1873 4447 qui
1919 4395 2118 4448 nequa-

2226 4385 2333 4435 τῶν
2358 4384 2560 4453 γηίνων
2593 4381 3063 4453 μεταποιούμενοι,
3097 4378 3231 4433 ἀλλά
3256 4377 3361 4430 τῶν
3389 4369 3624 4444 οὐρανίων

554 4484 717 4539 quam
746 4467 1026 4522 vindicant
1068 4468 1170 4523 sibi
1220 4468 1528 4531 terrestria,
1577 4470 1672 4522 sed
1714 4469 2022 4539 disceptant
2058 4471 2126 4554 de

2230 4447 2636 4546 φισδίίτίοδντεξο
2667 4474 2761 4526 καὶ
2803 4447 3123 4544 ἀμερίστοις
3159 4469 3432 4538 διανομαῖς
3465 4462 3526 4514 τά
3550 4452 3664 4546 at???
3694 4447 3728 4499 οἱ

2230 4542 2430 4630 πάντες
2463 4569 2592 4639 παρ’
2624 4568 2831 4629 ἑαυτοῖς
2850 4542 3094 4626 ἕκαστος
3137 4562 3398 4639 ὁλόκληρα
3433 4542 3721 4639 θησαυρίζονῖ

2227 4674 2340 4721 τες·
2399 4626 2627 4729 ’Ἀρετῆς
2670 4662 2778 4727 γὰρ
2812 4626 2857 4727 -ἠ
2912 4654 3127 4724 κτῆσις,
3180 4638 3273 4706 καὶ
3306 4626 3728 4716 κατορθωμάτωνὸ

2228 4749 2487 4814 πλοῦτος,
2545 4749 2640 4802 καὶ
2683 4747 2962 4811 πλεονεξία
3007 4745 3262 4816 ἐπαινετὴ
3283 4783 3297 4805 ,
3350 4739 3437 4793 καὶ
3481 4731 3726 4816 ἀδάκρίῧος

2229 4840 2475 4911 ἁρπαγὴ,
2506 4841 2600 4893 καὶ
2628 4838 2899 4909 ἀπληστία
2930 4814 3353 4907 στεφανουμένη,
3385 4827 3470 4882 καὶ
3502 4826 3527 4877 ὁ
3550 4820 3613 4892 μὴ
3635 4814 3725 4911 pia.

2229 4904 2453 5003 ξόμενος
2487 4931 2687 5002 ἔνοχος.
2724 4904 2930 4994 Πάντες
2957 4904 3310 5001 ἁρπάζοντες,
3345 4923 3432 4977 καὶ
3468 4904 3725 5003 οὐδεκμάδν

2228 5001 2508 5094 κοῦμενος,
2563 5001 2657 5076 καὶ
2709 5022 2798 5076 διὰ
2842 5023 2998 5075 τοῦτο
3042 5023 3231 5092 εἰρήνη
3280 5017 3354 5088 τῷ
3397 5009 3586 5099 πλούτιρ
3621 5001 3716 5099 βρας

2229 5115 2486 5171 δεύουσα.
2558 5112 2716 5169 Οὗτοι
2769 5115 2867 5185 τῆς
2929 5114 3339 5184 ἐπηγγελμένης
3391 5096 3629 5191 βασιλέως
3662 5096 3722 5191 ,τά

2228 5207 2407 5275 ἀγαθὰ
2435 5208 2867 5277 προαρπάζουσι,
2891 5207 2989 5276 τὴν
3019 5206 3277 5275 ἐνάρετον
3288 5196 3476 5254 ἑαυτῶν
3502 5186 3721 5277 πολιτείαν

2227 5300 2320 5351 καὶ
2359 5299 2639 5352 κοινωνίαν
2671 5299 2894 5371 ἀκριϐὲς
2940 5300 3162 5369 μίμημα
3190 5297 3283 5366 τῆς
3314 5293 3473 5344 ἐκεῖσε
3494 5282 3718 5345 διαγωτης

554 4562 891 4623 ctelestibus,
917 4561 1218 4632 eademque
1246 4562 1448 4632 singuli
1475 4562 1773 4617 individuis
1795 4565 2125 4634 quihusdam

556 4650 942 4719 partitionibus
993 4652 1134 4721 apud
1172 4667 1231 4706 se
1269 4653 1502 4722 quisque
1543 4653 1752 4723 integra
1801 4655 2122 4709 recondunt.

556 4740 785 4797 Virtutis
829 4745 975 4797 enim
1005 4746 1281 4814 possessio
1311 4752 1416 4811 est,
1455 4751 1512 4800 et
1551 4755 1703 4828 recte
1745 4745 2011 4800 factorum
2043 4747 2128 4799 di-

556 4837 719 4899 vitize,
746 4844 801 4890 et
843 4835 1113 4891 laudanda
1148 4839 1395 4901 avaritia,
1439 4847 1494 4892 et
1536 4838 1897 4909 lacrymarum
1930 4855 2126 4909 expers

558 4929 771 5001 rapina,
811 4936 865 4982 et
890 4929 1216 4983 insatiabilis
1240 4929 1474 4984 aviditas
1517 4944 1774 4984 coronam
1805 4940 2125 4994 consecuta,

557 5028 611 5072 et
650 5035 774 5074 reus
813 5018 1040 5074 cllicitur
1073 5020 1327 5091 quisquis
1359 5022 1466 5075 vim
1516 5038 1626 5076 non
1676 5022 1825 5077 facit.
1882 5020 2129 5092 Rapiunt

556 5126 769 5176 omnes,
793 5121 848 5164 et
878 5126 1038 5166 nemo
1083 5111 1318 5165 allicitur
1352 5112 1574 5179 injuria,
1601 5112 1673 5166 ob
1698 5112 1861 5181 idqne
1899 5128 1999 5182 pax
2030 5113 2128 5169 has

558 5203 778 5259 divitias
809 5203 1111 5274 dispensat.
1160 5205 1224 5259 Ili
1268 5207 1522 5276 promissi
1567 5206 1714 5275 regni
1761 5207 1898 5259 bona
1941 5206 2128 5273 praeri-

558 5295 733 5365 piunt,
756 5294 849 5364 qui
898 5310 993 5349 uer
1030 5297 1286 5351 eximiam
1322 5312 1476 5352 suam
1513 5297 1727 5351 vivendi
1762 5297 2029 5351 rationem
2063 5314 2126 5350 ac

2302 5523 2413 5591 ('49)
2432 5521 2583 5591 Regii
2605 5520 2714 5574 duo
2738 5535 2870 5575 mss.
2898 5518 3235 5591 βεϐούλευτοἶ
3253 5514 3392 5591 Alius
3410 5500 3707 5581 βεϐούλευται.

769 5516 951 5592 Codex
976 5516 1134 5592 _Co|b.
1158 5526 1215 5592 et
1249 5515 1286 5592 ’ζ
1290 5533 1401 5573 oss.
1431 5517 1830 5592 ἀκριβεστάτην
1856 5516 2121 5592 δουλείαν.
2302 5523 2345 5592 ('4

2298 5587 2411 5665 (ὅθ)
2440 5587 2622 5648 Codex
2648 5591 2804 5646 Coll).
2838 5587 3187 5661 ἐπινέμεσθαι
3216 5587 3338 5641 δέοι.

630 5586 738 5658 (i8)
770 5588 988 5658 Antiqui
1026 5598 1136 5640 tres
1166 5589 1284 5641 libri
1316 5586 1518 5656 praeter
1538 5586 1948 5658 (Σοιιιίιείίπρὸς
1980 5588 2118 5657 βίαν.

558 5651 692 5710 Illud
723 5651 858 5726 πρός
899 5651 952 5712 in
987 5658 1149 5714 editis
1187 5651 1617 5713 desiderabatur.
