4018 6226
308 296 450 354 i385

1394 290 1996 349 CONSTITUTIONES
2036 289 2474 348 MONASTICJE.

3418 290 3549 350 1586

302 422 398 461 ut
430 406 813 470 καταστάσεως
844 405 1236 481 παριστῶντες.
1290 398 1447 458 Οὗτοι
1485 404 1584 476 τὴν
1616 405 1878 475 ἀκτησίαν

1999 406 2295 460 societatem
2358 405 2515 474 plane
2583 406 2864 458 imitentur
2923 405 3086 460 vitam
3146 407 3424 462 cmlestem
3484 421 3550 462 ac

304 499 527 562 τελείως
558 497 949 569 κατώρθωσαν,
999 495 1155 549 οὐδὲν
1185 495 1314 550 ῐδιον
1358 495 1594 566 ἔχοντες,
1640 494 1884 566 ἀλλήλων

304 590 364 644 δε
403 590 473 643 τὰ
505 590 702 644 πάντα.
751 588 980 642 Ἣλίκων
1021 590 1154 659 ἡμῖν
1186 586 1405 655 ἀγαθῶν
1436 589 1469 656 ἡ
1498 586 1592 639 τοῦ
1633 586 1885 655 Σωτῆρος

306 681 718 753 ὲνανθρώπησις
751 679 1008 751 πρόξενος
1032 681 1241 749 γέγονε,
1282 680 1468 748 σαφῶς
1492 672 1637 731 οὗτοι
1680 676 1758 747 τῷ
1789 677 1887 747 βίῳ

305 768 750 842 τῶνάνθρώπων
793 769 1100 835 ὑπέδειξαν,
1131 770 1228 841 τὴν
1255 769 1612 841 διερρωγυῖαν
1658 769 1765 820 τῶν
1794 769 1888 820 ἀν·-

308 861 542 934 θρώπων
577 861 757 927 φύσιν,
790 863 883 916 καὶ
925 864 1005 926 εἰς
1037 864 1207 933 μυρία
1233 861 1698 932 κατατμηθεῖσαι),
1727 860 1789 913 τό
1821 877 1883 928 γε

308 954 398 1007 ἐπ’
445 955 626 1017 αὐτοῖς
672 954 809 1024 (51),
844 953 1007 1007 πάλιν
1052 955 1376 1022 συνάγοντες
1426 952 1565 1023 πρὸς
1595 953 1794 1021 ἑαυτήν
1827 969 1886 1005 τε

310 1046 407 1100 καὶ
446 1046 583 1116 πρὸς
609 1045 701 1099 τὸν
732 1046 884 1098 Θεόν.
917 1045 1086 1099 Τοῦτο
1114 1046 1222 1118 γὰρ
1256 1047 1317 1099 τὸ
1343 1045 1635 1114 κεφάλαιον
1664 1044 1765 1112 τῆς
1791 1043 1885 1096 τοῦ

310 1140 563 1210 Σωτῆρος
596 1138 737 1192 κατὰ
787 1138 964 1210 σάρκα
995 1137 1326 1207 οἰκονομίας,
1364 1137 1448 1190 ἵνα
1483 1135 1578 1207 τὴν
1612 1135 1887 1207 ἀνθρωπί-

310 1245 410 1300 νην
443 1227 601 1298 φύσιν
629 1227 764 1299 πρὸς
788 1228 984 1298 ἑαυτήν
1005 1244 1063 1279 τε
1086 1228 1179 1279 καὶ
1206 1226 1340 1297 πρὸς
1369 1227 1560 1279 ἑαυτὸν
1584 1225 1885 1298 συναγάγῃ,

312 1322 406 1375 καὶ
456 1320 555 1391 τὴν
610 1319 854 1391 πονηρὰν
893 1320 1206 1389 κατατομὴν
1250 1317 1467 1385 ἐξελὼν,
1515 1318 1613 1389 τὴν
1654 1318 1888 1388 ἀρχαίαν

312 1411 717 1481 ἀνακαλέσηται
771 1411 993 1462 ἕνωσιν
1031 1409 1282 1481 καθάπερ
1311 1426 1396 1472 τις
1437 1408 1657 1480 ἄριστος
1707 1408 1889 1478 ἰατρὸς

314 1501 478 1572 σῶμα
518 1503 661 1555 κατά
691 1501 859 1554 πολλά
892 1500 1030 1572 μέρη
1062 1500 1331 1571 διαιρεθὲν
1370 1501 1683 1571 φαρμάκοις
1710 1517 1886 1569 σωτη-

315 1592 456 1663 ρίοις
488 1591 846 1645 ἀνασυνδέων.

391 1683 440 1737 ί.
480 1684 588 1737 Καὶ
618 1682 790 1736 ταῦτα
822 1681 1056 1751 διῆλθον,
1102 1682 1197 1751 ούχ
1223 1682 1310 1735 ἵνα
1339 1680 1779 1753 φιλοτιμήσωμαί
1810 1698 1885 1749 τι,

315 1778 409 1830 κα).
436 1778 547 1839 τοῖς
580 1774 759 1843 λόγοις
788 1774 976 1846 ὲπάρω
1006 1774 1072 1827 τὰ
1102 1774 1209 1828 τῶν
1235 1773 1590 1828 κοινοόιακῶν
1622 1774 1729 1846 (32)
1758 1791 1889 1829 κατ·
1920 1765 1963 1820 Β

312 1865 607 1938 ορθὼματα
637 1865 718 1936 (οὐ
745 1864 853 1936 γὰρ
876 1865 1109 1935 τοσαύτη
1139 1864 1368 1935 δύναμις
1391 1864 1497 1918 τῶν
1524 1864 1674 1935 ἐμῶν
1693 1865 1887 1933 λόγων,

313 1959 458 2014 ὥστε
514 1960 572 2013 τά
621 1960 834 2031 μεγάλα
878 1958 1184 2029 σεμνύνειν,
1232 1958 1544 2012 τούναντίον
1584 1958 1642 2012 δὲ
1692 1958 1889 2029 μᾶλλον

313 2053 408 2106 καὶ
446 2050 726 2123 ἀμαυροῦν
754 2054 821 2123 τῇ
852 2051 980 2122 περὶ
1011 2051 1110 2123 τὴν
1154 2050 1407 2121 διήγησιν
1436 2050 1733 2123 ἀσθενείᾳ),
1776 2050 1889 2104 ἀλλ’

315 2145 426 2207 ἶνα,
453 2144 528 2208 ὼς
552 2138 662 2198 οἶόν
694 2162 775 2211 τε,
804 2143 996 2197 διέλθω
1017 2145 1111 2197 καῖ
1141 2142 1392 2207 ἐπιδείξω
1415 2143 1526 2214 (55)
1555 2144 1618 2196 τὸ
1640 2143 1732 2196 τοῦ
1764 2160 1893 2196 κατ-

312 2236 630 2309 ορθὼματος
672 2236 804 2305 ὕψος
850 2236 944 2289 καὶ
993 2234 1240 2306 μέγεθος.
1286 2235 1351 2287 Τί
1384 2235 1491 2306 γὰρ
1537 2234 1601 2288 ἂν
1646 2237 1726 2299 εἰς
1778 2236 1891 2289 ἴσον

316 2327 459 2381 ἔλθοι
483 2327 562 2398 τῷ
599 2327 748 2398 καλῷ
774 2327 947 2397 τούτῳ
992 2326 1081 2380 διά
1129 2326 1504 2396 συγκρίσεως;
1561 2328 1733 2379 Ὅπου
1781 2327 1890 2398 γὰρ

316 2419 500 2491 πατὴρ
532 2419 629 2489 μὲν
670 2414 749 2481 εἷς
778 2418 1112 2489 μιμούμενος
1139 2418 1230 2471 τὸν
1262 2418 1372 2472 ἄνω
1417 2418 1658 2489 Πατέρα,
1704 2418 1892 2481 παῖδες

315 2510 373 2564 δὲ
418 2510 605 2564 πολλοὶ
645 2511 801 2581 νικᾷν
851 2510 1242 2573 ἐσπουδακότες
1288 2510 1549 2581 ἀλλήλους
1596 2513 1715 2573 ταῖς
1764 2511 1891 2582 περὶ

316 2605 410 2659 τὸν
461 2604 771 2676 προστάτην
818 2603 1085 2666 εὐνοίαις,
1133 2603 1316 2666 παῖδες
1370 2602 1505 2674 πρὸς
1561 2602 1785 2666 ἑαυτούς
1832 2619 1893 2654 τε

316 2696 687 2766 ὁμονοοῦντες,
723 2698 816 2748 καὶ
847 2696 937 2748 τὸν
968 2696 1181 2766 πατέρα
1208 2698 1328 2758 ταῖς
1358 2694 1631 2766 ὲναρέτοις
1664 2694 1893 2767 πράξεσι

317 2788 670 2858 δεξιούμενοι,
701 2788 763 2841 ού
791 2786 950 2855 φύσιν
990 2787 1086 2856 τῆς
1132 2787 1423 2855 συναφείας
1455 2786 1633 2840 αἰτίαν
1665 2787 1896 2857 ἐπιγρα-

320 2882 564 2952 φόμενοι,
595 2880 751 2950 λόγον
792 2879 849 2933 δὲ
891 2877 1478 2950 φύσεωςβεϐαιότερον
1514 2879 1611 2952 τῇς
1652 2877 1896 2941 ὲνώσεως

319 2973 561 3044 ἀρχηγὸν
616 2974 709 3026 κα)¹
760 2971 976 3041 φύλακα
1033 2973 1408 3044 ποιησάμενοι,
1454 2976 1547 3026 καὶ
1581 2971 1897 3044 Πνεύματος

321 3064 477 3132 ἁγίου
518 3063 701 3135 δεσμῴ
734 3063 1112 3134 κρατούμενοι.
1166 3063 1298 3115 Τίνα
1339 3062 1405 3115 ἂν
1445 3062 1630 3116 εἰκόνα
1669 3062 1774 3115 τῶν
1804 3064 1897 3115 ἐπὶ

320 3157 423 3226 τῆς
454 3156 557 3226 γῆς
602 3158 682 3218 εἰς
727 3154 1070 3227 παράστασιν
1102 3153 1273 3224 ἔχοιεν
1302 3153 1414 3223 (54)
1446 3155 1543 3225 τῆς
1568 3154 1659 3207 τοῦ
1699 3171 1895 3225 κατορ-

324 3248 575 3318 θώματος
605 3247 839 3317 ἁρετῆς;
889 3244 1048 3298 Ἀλλά
1082 3244 1189 3296 τῶν
1220 3244 1318 3314 μὲν
1357 3245 1448 3299 ἐπὶ
1485 3246 1583 3316 τῆς
1612 3244 1715 3315 γῆς
1746 3245 1897 3298 οὐδε-

328 3338 488 3409 μίαν·
522 3338 659 3407 μόνη
689 3337 746 3407 δὲ
773 3339 805 3405 ὴ
834 3336 946 3390 ἄνω
974 3336 1217 3389 λείπεται
1447 3335 1686 3407 Ἀπαθὴς
1718 3337 1746 3388 ὁ
1788 3337 1901 3391 ἄνω

328 3432 551 3502 Πατήρο
584 3431 705 3500 δίχα
738 3429 942 3492 πάθους
974 3430 1068 3481 καὶ
1097 3424 1274 3493 οὗτος,
1305 3428 1447 3498 λόγῳ
1492 3428 1618 3490 τοὺς
1656 3428 1902 3491 ἅπαντας

328 3524 753 3597 προσαγόμενος.
796 3523 1056 3595 Ἀφθοροι
1090 3524 1139 3575 οἱ
1172 3521 1357 3585 παῖδες
1389 3520 1481 3575 τοῦ
1502 3521 1613 3575 ἀνω
1653 3520 1896 3591 Πατρός·

326 3616 562 3688 ἀφθορία
608 3617 700 3669 καὶ
741 3615 963 3679 τούτους
1005 3616 1405 3686 εἰσεποιήσατο.
1468 3614 1678 3685 ’Λγάπη
1726 3613 1905 3665 συνδεῖ

327 3710 397 3763 τά
434 3709 580 3763 ἄνω*
614 3709 801 3779 ἀγάπη
841 3709 934 3761 καὶ
970 3708 1191 3770 τούτους
1224 3706 1361 3777 πρὸς
1401 3704 1660 3775 ἀλλήλους
1707 3705 1904 3775 συνήρ-

332 3815 518 3870 μοσεν.
571 3800 776 3862 Ὄντως
806 3798 1139 3870 ἀπαγορεύει
1170 3797 1283 3868 (56)
1333 3796 1467 3869 πρὸς
1510 3795 1609 3867 τὴν
1648 3794 1904 3867 τοιαύτην

330 3891 587 3961 φάλαγγα
623 3890 719 3945 καὶ
751 3890 911 3953 αύτὸς
941 3891 971 3942 ό
1004 3888 1267 3952 διάϐολος,
1298 3889 1397 3941 οὐκ
1427 3888 1611 3960 ἀρκῶν
1654 3887 1791 3957 πρὸς
1819 3904 1907 3940 το-

332 3982 556 4045 σούτους
587 3981 911 4050 ἀγωνιστὰς,
945 3980 1115 4045 οὕτως
1162 3979 1435 4043 εὐσταλῶς
1482 3981 1576 4033 καὶ
1608 3996 1910 4051 συγκεκρο-

330 4075 581 4148 τημένως
608 4077 726 4127 κατ’
752 4074 957 4128 ἐκείνου
991 4073 1400 4145 στρατεύοντας,
1435 4072 1531 4125 καὶ
1557 4071 1811 4125 τοσοῦτον
1838 4074 1904 4142 τῇ

333 4167 522 4238 ἀγάπῃ
559 4166 958 4236 συνησπικότας
985 4165 1233 4235 ἀλλήλοις
1265 4166 1359 4218 καὶ
1385 4164 1792 4236 φραττομένους
1831 4163 1909 4236 τῷ

335 4256 634 4328 Πνεύματι,
679 4257 817 4310 ὥστε
849 4258 982 4327 μήτε
1018 4256 1361 4327 βραχυτάτην
1392 4256 1513 4309 τινὰ
1559 4256 1910 4327 παρείσδυσιν

334 4352 454 4413 ταῖς
484 4349 691 4402 ἐκείνου
742 4347 921 4417 βολαῖς
948 4352 1268 4418 παρασχεῖν.
1304 4349 1504 4402 Σκόπει
1536 4364 1625 4419 μοι
1668 4348 1769 4419 τὴν
1803 4347 1912 4401 τῶν

1988 506 2210 551 statum.
2264 496 2325 549 lli
2368 505 2496 550 sunt
2530 495 2766 564 perfecte
2811 497 3025 567 inopes,
3068 498 3203 551 nihil
3245 498 3549 567 proprium,

1985 590 2077 642 sed
2129 589 2309 641 omnia
2360 589 2500 641 inter
2533 604 2591 641 se
2631 590 2941 641 communia
2982 589 3263 644 habentes.
3303 588 3449 654 Quot
3497 600 3553 645 et

1985 686 2187 749 quanta
2208 679 2349 733 bona
2375 679 2531 734 nobis
2555 679 2859 733 conciliarit
2883 679 3189 736 Servatoris
3225 682 3548 744 incarnatio,

1986 773 2040 825 bi
2093 773 2199 841 ipsi
2260 781 2444 841 aperte
2495 772 2733 827 humano
2772 773 2953 849 generi
3005 774 3399 838 ostenderunt,
3457 775 3550 844 qui

1987 864 2327 919 confractam
2370 864 2650 917 hominum
2706 874 2975 929 naturam,
3029 873 3083 918 et
3131 866 3185 919 in
3233 867 3551 921 innumeras

1986 961 2170 1024 partes
2196 953 2511 1019 dissectam,
2546 962 2809 1022 quantum
2853 955 2907 1007 in
2939 955 3073 1024 ipsis
3107 954 3229 1018 fuit,
3277 972 3471 1011 rursus
3497 964 3552 1010 et

1989 1046 2056 1099 ad
2110 1046 2345 1115 seipsam
2390 1052 2441 1099 et
2491 1044 2558 1097 ad
2620 1043 2788 1098 Deum
2835 1045 3193 1115 collegerunt.
3231 1047 3353 1100 Haec
3405 1048 3549 1102 enim

1989 1152 2201 1190 summa
2246 1146 2332 1191 est
2368 1151 2555 1190 eorum
2596 1150 2715 1206 quae
2745 1136 2799 1189 in
2832 1151 2997 1192 carne
3030 1146 3181 1207 gesta
3220 1147 3348 1192 sunt
3376 1153 3407 1190 a
3434 1138 3553 1191 Sal-

1991 1237 2196 1289 vatore,
2255 1234 2313 1279 ut
2355 1226 2649 1280 humanam
2702 1237 2954 1280 naturam
3005 1236 3113 1280 tam
3174 1228 3242 1282 ad
3294 1229 3552 1298 seipsam,

1988 1333 2148 1389 quam
2181 1325 2236 1371 et
2280 1318 2347 1372 ad
2393 1318 2636 1388 seipsum
2687 1319 2849 1372 etiam
2894 1327 3222 1382 accerseret,
3252 1328 3306 1373 et
3340 1320 3555 1373 sublata

1988 1424 2152 1478 prava
2203 1412 2443 1465 sectione
2481 1417 2759 1464 revocaret
2811 1410 3044 1479 priscam
3075 1409 3553 1480 conjumtionem,

1991 1515 2097 1553 non
2124 1516 2282 1557 secus
2311 1515 2374 1555 ac
2400 1501 2643 1556 medicus
2662 1501 2917 1570 optimus,
2945 1502 3035 1571 qui
3065 1517 3264 1572 corpus
3291 1503 3474 1571 plures
3499 1503 3554 1555 in

1989 1602 2173 1663 partes
2208 1594 2489 1648 concisum
2525 1593 2857 1649 salutaribus
2898 1592 3308 1650 medicamentis
3337 1595 3553 1666 religat.

2047 1684 2102 1739 4.
2136 1686 2311 1755 Atque
2334 1684 2449 1738 haec
2481 1686 2757 1751 recensui,
2783 1702 2890 1740 non
2918 1694 2975 1739 ut
3001 1687 3202 1756 glorier
3234 1686 3344 1741 ullo
3375 1694 3552 1753 pacto,

1990 1784 2045 1833 et
2071 1778 2470 1833 coenobitarum
2514 1785 2662 1832 recte
2691 1777 2834 1832 facta
2864 1778 3049 1833 verbis
3076 1779 3328 1833 extollam
3359 1778 3557 1849 (neque

1990 1870 2135 1925 enim
2169 1878 2322 1924 tanta
2363 1869 2496 1923 mihi
2545 1870 2686 1924 inest
2723 1869 2935 1924 dicendi
2974 1871 3224 1934 facultas,
3258 1878 3319 1925 ut
3349 1872 3556 1925 valeam

1991 1976 2187 2034 magna
2218 1975 2511 2025 exornare,
2561 1962 2671 2016 imo
2708 1962 2890 2031 potius
2928 1962 3015 2016 bis
3044 1962 3265 2019 oﬂ'undo
3303 1964 3556 2019 tenebras

1991 2070 2089 2125 per
2128 2068 2303 2108 meam
2354 2054 2410 2107 in
2465 2052 2702 2108 dicendo
2747 2053 3161 2124 infirmitatem),
3204 2055 3301 2110 sed
3340 2063 3399 2110 ut
3427 2070 3557 2125 pne-

1993 2146 2126 2201 clari
2161 2146 2327 2214 hujus
2368 2144 2605 2201 instituti
2640 2143 2982 2201 altitudinem
3020 2146 3558 2218 magnitudinemque

1992 2253 2092 2308 pro
2138 2238 2349 2293 viribus
2391 2238 2659 2307 explicem
2728 2252 2794 2310 ac
2860 2238 3163 2293 ostendam.
3220 2239 3360 2304 Quid
3410 2241 3554 2294 enim

1992 2338 2171 2401 potest
2227 2346 2294 2385 ex
2346 2345 2504 2400 aequo
2554 2344 2677 2384 cum
2730 2330 2836 2386 boc
2894 2330 3037 2385 bono
3080 2330 3423 2401 comparari?
3479 2330 3558 2386 lbi

1992 2421 2137 2477 enim
2181 2428 2241 2475 ut
2282 2431 2437 2491 pater
2483 2438 2627 2478 unus
2673 2429 2778 2485 est,
2830 2422 2922 2492 qui
2969 2422 3214 2476 imitatur
3258 2438 3558 2492 supernum

1991 2511 2232 2577 Patrem,
2269 2512 2345 2565 ita
2389 2514 2701 2583 complures
2743 2512 2837 2567 filii
2901 2520 3049 2575 sunt,
3092 2514 3184 2583 qui
3234 2514 3451 2568 vincere
3500 2529 3560 2569 se

1995 2603 2233 2657 invicem
2281 2618 2379 2658 sua
2430 2603 2486 2657 in
2536 2602 2849 2673 praefectum
2901 2603 3275 2659 benevolentia
3315 2605 3556 2668 student,

1996 2694 2114 2757 filii,
2176 2693 2421 2763 inquam,
2477 2694 2572 2763 qui
2613 2703 2668 2748 et
2720 2695 2863 2748 inter
2908 2709 2968 2749 se
3017 2694 3382 2749 concordibus
3431 2705 3559 2751 sunt

1995 2783 2219 2849 animis,
2269 2791 2324 2838 et
2375 2793 2581 2853 patrem
2634 2782 2870 2853 egregiis
2933 2782 3124 2837 ofﬁciis
3180 2790 3234 2837 et
3280 2782 3561 2852 obsequiis

1995 2882 2425 2947 prosequuntur,
2478 2891 2585 2929 non
2630 2875 2685 2929 in
2738 2882 2932 2929 natura
2985 2884 3281 2931 statuentes
3330 2877 3563 2946 conjun-

1997 2971 2198 3024 ctionis
2251 2984 2315 3021 ac
2359 2967 2780 3022 necessitudinis
2829 2982 2942 3021 sua:
3003 2982 3265 3033 causam;
3325 2968 3421 3024 sed
3479 2968 3565 3023 ﬁr-

1924 3101 1968 3159 C
2001 3062 2228 3119 miorem
2268 3070 2463 3118 natura
2491 3059 2759 3116 rationem
2786 3058 3092 3117 concordia
3132 3075 3246 3118 sua:
3272 3060 3466 3118 ducem
3501 3075 3566 3118 ac

2002 3156 2283 3210 custodem
2311 3160 2658 3223 reponentes.
2692 3168 2859 3223 seque
2882 3153 3321 3223 constringentes
3347 3154 3566 3210 vinculo

2003 3246 2243 3317 Spiritus
2278 3246 2475 3301 sancti.
2507 3244 2638 3310 Quae
2660 3243 2770 3315 jam
2802 3260 2984 3299 rerum
3017 3245 3358 3300 terrestrium
3387 3245 3566 3315 imago

2000 3338 2176 3408 possit
2208 3336 2455 3407 praeclari
2503 3336 2652 3390 illius
2688 3335 2927 3389 instituti
2976 3335 3348 3405 praestantiam
3380 3351 3446 3391 ac
3482 3337 3569 3391 di-

2002 3430 2263 3500 gnitatem
2291 3426 2639 3497 exprimere?
2669 3425 2832 3495 Atqui
2879 3424 3127 3495 profecto
3165 3426 3316 3480 nulla
3347 3425 3568 3495 quidem

2002 3526 2088 3574 est
2111 3518 2168 3571 in
2198 3515 2453 3578 terrenis,
2505 3514 2600 3569 sed
2623 3514 2739 3569 sola
2760 3527 3000 3582 superna
3028 3512 3373 3583 relinquitur.
3394 3512 3571 3568 Nullis

2005 3608 2291 3665 aﬂectibus
2335 3606 2607 3661 obnoxius
2658 3612 2743 3659 est
2795 3601 2959 3658 Pater
3006 3603 3288 3670 cmlestis;
3341 3602 3429 3657 bis
3482 3603 3573 3657 hic

2004 3714 2223 3771 quoque
2267 3698 2528 3753 immunis
2579 3705 2685 3760 est,
2746 3695 2854 3751 sibi
2906 3708 3162 3750 sermone
3213 3708 3279 3748 ac
3322 3692 3571 3747 doctrina

2005 3792 2309 3848 concilians
2350 3803 2561 3845 omnes.
2604 3786 2912 3856 lncorrupti
2944 3784 3043 3839 lilii
3070 3784 3312 3840 cmlestis
3348 3782 3572 3851 Patris;

2006 3885 2110 3941 hos
2153 3883 2320 3940 etiam
2370 3880 2649 3951 adaptavit
2698 3877 3005 3949 integritas.
3064 3876 3316 3932 Charitas
3371 3890 3575 3932 conne-

2008 3978 2108 4032 ctit
2153 3990 2388 4047 superna
2419 3991 2436 4042 ;
2469 3971 2711 4029 Charitas
2742 3971 2907 4026 etiam
2953 3969 3053 4025 bos
3105 3969 3247 4023 inter
3290 3982 3350 4024 se
3373 3969 3576 4023 coadu»

2008 4068 2177 4123 navit.
2224 4066 2363 4122 Vere
2407 4073 2463 4119 et
2518 4061 2771 4118 diabolus
2821 4062 2939 4131 ipse
2977 4062 3047 4116 de
3091 4060 3409 4131 bujusmodi
3439 4061 3576 4132 pha-

2011 4161 2170 4231 lange
2199 4159 2477 4227 desperat,
2509 4158 2683 4227 impar
2717 4162 2797 4209 tot
2826 4153 3222 4224 pugnatoribus
3254 4152 3392 4207 adeo
3430 4166 3581 4207 com-

2012 4255 2192 4325 posite
2220 4250 2377 4323 563
2397 4264 2459 4305 ac
2476 4246 2766 4305 confertim
2795 4246 3061 4301 adversus
3082 4244 3261 4315 ipsum
3292 4243 3580 4297 militanti-

2014 4348 2138 4411 bus,
2168 4352 2430 4412 tantaque
2473 4356 2596 4395 cum
2641 4338 2930 4401 cliaritate,
2963 4336 3283 4392 testitudine
3335 4334 3479 4388 inter
3524 4348 3584 4387 se

338 4442 477 4496 ἑπτὰ
505 4441 880 4497 Μακκαὸαίων
909 4441 1197 4512 σύμφωνον
1240 4440 1486 4510 ἄθλησιν,
1531 4441 1624 4495 καὶ
1657 4441 1898 4513 εὑρήσεις

2017 4438 2182 4502 facta,
2228 4433 2590 4495 certantibus,
2644 4430 2963 4501 Spirituque
2995 4428 3068 4482 ita
3121 4425 3289 4496 septis
3329 4434 3384 4479 ct
3433 4440 3586 4479 com-

337 4533 491 4605 παρά
515 4532 720 4595 τούτοις
758 4532 1091 4604 θερμοτέραν
1122 4533 1220 4601 τὴν
1256 4532 1591 4603 συμφωνίαν.
1624 4533 1760 4602 Περὶ
1791 4531 1912 4584 τού-

337 4644 447 4679 των
474 4624 638 4678 Δαϐὶδ
682 4626 710 4677 ὀ
760 4625 1044 4695 προφήτης
1084 4625 1141 4677 ἐν
1183 4625 1345 4695 ᾠδαῖς
1393 4623 1654 4693 ἀνεϐόησε
1703 4623 1907 4691 λέγων·

351 4717 500 4772 Ἰδοὺ
534 4715 635 4784 δὴ,
663 4717 722 4769 τί
769 4716 994 4778 καλὸν,
1042 4716 1079 4781 ἢ
1128 4716 1183 4768 τί
1232 4716 1511 4782 τερπνὸν,
1571 4714 1708 4767 ἀλλ’
1762 4713 1800 4781 ἢ
1849 4712 1916 4767 τὸ

340 4810 640 4865 κατοικεῖν
670 4808 972 4878 ἀδελφοὺς
997 4808 1095 4861 ἐπὶ
1128 4809 1193 4862 τὸ
1218 4809 1403 4871 auro;
1436 4808 1513 4879 τῷ
1550 4807 1649 4878 μὲν
1679 4806 1828 4875 καλῷ
1857 4805 1916 4858 τὸ

340 4900 433 4954 τοῦ
478 4900 594 4972 βίου
640 4899 860 4970 δόκιμον
906 4898 1209 4970 παριστὰς,
1255 4897 1334 4968 τῷ
1368 4897 1424 4949 δὲ
1468 4896 1685 4968 τερπνῷ
1711 4898 1810 4965 τὴν
1853 4897 1916 4947 ἐκ

340 4996 439 5065 τῆς
491 4995 745 5065 ὁμονοίας
786 4995 879 5047 καὶ
936 4994 1035 5063 τῆς
1085 4990 1329 5055 ὲνώσεως
1379 4990 1735 5063 εὐφροσύνην.
1788 4988 1922 5042 Τοῦ-

416 5147 528 5218 (Si)
561 5147 744 5203 Codex
776 5146 933 5202 Voss.
969 5156 1023 5201 et
1052 5146 1208 5201 Colb.
1230 5146 1292 5199 τό
1316 5162 1380 5214 γε
1406 5146 1491 5198 ἐπ’
1516 5146 1722 5207 αὺτοῖς.
1761 5142 1905 5197 Editi

345 5218 489 5271 κατά
519 5235 581 5287 γε
611 5218 673 5270 τὸ
698 5218 784 5270 ἐπ’
819 5218 1021 5280 αὐτοῖς.

419 5283 542 5357 (52)
567 5288 790 5356 Antiqui
837 5295 948 5342 tres
989 5288 1113 5342 libri
1144 5285 1251 5341 τῶν
1296 5285 1645 5339 κοινωνικῶν.
1682 5283 1825 5338 Editi
1866 5290 1919 5337 et

348 5356 482 5426 Reg.
513 5359 709 5413 tertius
728 5356 1102 5412 κοινοϐιακῶν.

419 5425 531 5497 (55)
564 5429 747 5483 Codex
770 5428 926 5482 Colb.
962 5428 1057 5480 ml.
1087 5425 1435 5496 ἐπιδείξαιμι.

420 5493 533 5568 (54)
562 5498 708 5552 Idem
744 5497 914 5552 codex
940 5496 1096 5568 ςξοιι).
1127 5500 1207 5560 είς
1232 5493 1537 5567 παράταξιν
1574 5497 1771 5565 σχοῖεν.
1821 5493 1922 5547 Le-

347 5566 689 5640 ctioinepta.
726 5568 910 5640 Codex
943 5566 1104 5640 Voss.
1138 5567 1304 5621 habet
1319 5566 1549 5637 quoque
1579 5568 1778 5636 σχοῖεν.

421 5638 534 5709 (55)
570 5632 955 5709 Antiquteduze
972 5637 1240 5691 editiones
1273 5644 1328 5691 et
1345 5632 1591 5708 quatuor
1615 5632 1752 5690 mss.
1787 5632 1920 5705 μόνη

670 5733 944 5794 Panos.
986 5731 1105 5792 Gn.
1154 5731 1390 5792 XXXI.

2020 4529 2267 4594 munitis,
2316 4535 2372 4581 ut
2424 4541 2493 4581 ne
2533 4524 2818 4578 minimum
2849 4520 3067 4591 quidem
3101 4519 3249 4573 illius
3286 4517 3583 4572 assultibus

2022 4634 2310 4675 accessum
2365 4616 2662 4686 praebeant.
2711 4613 3016 4670 Considera
3070 4610 3203 4664 mihi
3255 4606 3585 4663 concordem

2023 4721 2231 4782 septem
2280 4708 2708 4762 Machabaeorum
2761 4717 3020 4773 pugnam,
3072 4698 3317 4754 invenies
3369 4712 3589 4766 quoque

2024 4803 2165 4874 apud
2199 4802 2299 4855 hos
2343 4797 2693 4854 concordiam
2740 4792 3151 4849 ferventiorem.
3193 4787 3270 4842 De
3302 4787 3389 4841 bis
3422 4785 3587 4838 David

2023 4894 2287 4965 propheta
2327 4891 2383 4944 in
2427 4888 2548 4944 odis
2577 4884 2922 4945 exclamavit,
2958 4896 3023 4934 ac
3057 4880 3192 4934 dixit
3225 4898 3237 4933 :
3278 4877 3411 4931 Ecce
3454 4893 3591 4929 nunc

2027 4982 2152 5056 quid
2195 4984 2409 5047 bonum,
2452 4981 2527 5034 vel
2552 4975 2677 5048 quid
2703 4972 3020 5045 jucundum,
3068 4972 3172 5025 nisi
3201 4970 3442 5023 habitare
3473 4967 3590 5036 [ra-

2013 5142 2070 5194 δὲ
2103 5142 2168 5210 τῇ
2195 5138 2307 5192 ἅνω
2334 5136 2573 5189 λείπεται
2600 5148 2614 5161 ·
2645 5130 2738 5185 ubi
2770 5130 2924 5210 μόνη,
2952 5135 3010 5209 ut
3035 5124 3167 5179 milii
3198 5125 3430 5210 videturt
3456 5122 3593 5210 srri-

2024 5193 2174 5280 ptun'i
2216 5212 2536 5280 oportuerat
2581 5217 2706 5280 cum
2743 5193 3126 5280 t'sub'scripto,
3165 5197 3342 5280 ¹μόνῃ,
3370 5193 3593 5280 Hetnsclra

2022 5261 2502 5348 aperite-inferior
2533 5282 2629 5348 est.
2670 5269 2851 5348 secuti
2881 5261 3088 5348 sumus
3112 5261 3415 5348 editipi'i'em.
3438 5261 3595 5344 Pari:

2024 5332 2282 5405 siensem.
2320 5332 2440 5399 Mox
2491 5345 2661 5397 codex
2704 5340 2858 5393 Colb.
2895 5338 2989 5390 καὶ
3032 5332 3452 5405 οὗτοςηγοιιιιιιι
3503 5332 3595 5385 καί

2022 5402 2209 5476 deerat
2261 5419 2318 5471 in
2370 5415 2624 5485 vulgatis.
2680 5409 2882 5465 Ibidem
2926 5406 3097 5461 codex
3138 5404 3298 5459 Colb.
3353 5402 3596 5466 ἅπαντας

2027 5488 2419 5562 προαγόμενος.
2591 5550 2605 5562 ι
2736 5550 2758 5562 _
2912 5548 2924 5562 ν
3163 5544 3175 5560 υ

2099 5505 2419 5609 οαγογέενος.
2736 5550 2758 5566 η
3163 5544 3175 5560 ⁹

2099 5560 2211 5633 (56)
2288 5572 2372 5630 eg.
2402 5550 2676 5610 secundus
2704 5567 2875 5613 ουτως
2902 5548 3254 5617 ἀπαγορεύει.

3211 5706 3286 5766 Mi-
