  <div class='ocr_page' id='page_1' title='image "/cluster/home/n/w/nwhite01/storage/ocr_20150623/31/mdp.39015012934363/709.png"; bbox 0 0 4018 6226; ppageno 0'>
   <div class='ocr_carea' id='block_1_1' title="bbox 529 292 670 347">
    <p class='ocr_par' dir='ltr' id='par_1_1' title="bbox 529 292 670 347">
     <span class='ocr_line' id='line_1_1' title="bbox 529 292 670 347; baseline -0.007 -1"><span class='ocrx_word' id='word_1_1' title='bbox 529 292 670 347; x_wconf 64' lang='grc' dir='ltr'><strong>Π)ὃῖ</strong></span> 
     </span>
    </p>
   </div>
   <div class='ocr_carea' id='block_1_2' title="bbox 1870 281 2476 342">
    <p class='ocr_par' dir='ltr' id='par_1_2' title="bbox 1870 281 2476 342">
     <span class='ocr_line' id='line_1_2' title="bbox 1870 281 2476 342; baseline -0.007 -1"><span class='ocrx_word' id='word_1_2' title='bbox 1870 287 1929 342; x_wconf 88' lang='lat' dir='ltr'><strong>S.</strong></span> <span class='ocrx_word' id='word_1_3' title='bbox 1971 285 2217 341; x_wconf 81' lang='lat' dir='ltr'><strong>BASILII</strong></span> <span class='ocrx_word' id='word_1_4' title='bbox 2257 281 2476 339; x_wconf 79' lang='lat' dir='ltr'><strong>MAGNI</strong></span> 
     </span>
    </p>
   </div>
   <div class='ocr_carea' id='block_1_3' title="bbox 3618 287 3732 341">
    <p class='ocr_par' dir='ltr' id='par_1_3' title="bbox 3618 287 3732 341">
     <span class='ocr_line' id='line_1_3' title="bbox 3618 287 3732 341; baseline 0.009 -1"><span class='ocrx_word' id='word_1_5' title='bbox 3618 287 3732 341; x_wconf 68' lang='lat'><strong>1388</strong></span> 
     </span>
    </p>
   </div>
   <div class='ocr_carea' id='block_1_4' title="bbox 532 397 2094 479">
    <p class='ocr_par' dir='ltr' id='par_1_4' title="bbox 532 400 2094 476">
     <span class='ocr_line' id='line_1_4' title="bbox 532 400 2094 476; baseline -0.004 -13"><span class='ocrx_word' id='word_1_6' title='bbox 532 418 637 463; x_wconf 77' lang='lat' dir='ltr'><strong>tres</strong></span> <span class='ocrx_word' id='word_1_7' title='bbox 676 410 731 463; x_wconf 86' lang='lat' dir='ltr'><strong>iu</strong></span> <span class='ocrx_word' id='word_1_8' title='bbox 774 423 935 461; x_wconf 81' lang='lat' dir='ltr'><strong>unum</strong></span> <span class='ocrx_word' id='word_1_9' title='bbox 963 404 1048 460; x_wconf 77' lang='lat'><strong>&quot;?</strong></span> <span class='ocrx_word' id='word_1_10' title='bbox 1085 400 1189 460; x_wconf 86' lang='lat' dir='ltr'><strong>Per</strong></span> <span class='ocrx_word' id='word_1_11' title='bbox 1232 404 1435 460; x_wconf 87' lang='lat' dir='ltr'><strong>bonum</strong></span> <span class='ocrx_word' id='word_1_12' title='bbox 1477 402 1699 476; x_wconf 85' lang='lat' dir='ltr'><strong>quidem</strong></span> <span class='ocrx_word' id='word_1_13' title='bbox 1731 404 2094 474; x_wconf 70' lang='lat' dir='ltr'><strong>integritatem</strong></span> 
     </span>
    </p>
   </div>
   <div class='ocr_carea' id='block_1_5' title="bbox 2199 397 3737 479">
    <p class='ocr_par' dir='ltr' id='par_1_5' title="bbox 2200 397 3737 479">
     <span class='ocr_line' id='line_1_5' title="bbox 2200 397 3737 479; baseline -0.001 -24"><span class='ocrx_word' id='word_1_14' title='bbox 2200 420 2291 456; x_wconf 90' lang='grc' dir='ltr'><strong>τον</strong></span> <span class='ocrx_word' id='word_1_15' title='bbox 2318 402 2431 473; x_wconf 87' lang='lat'><strong>(57)</strong></span> <span class='ocrx_word' id='word_1_16' title='bbox 2472 402 2524 454; x_wconf 85' lang='lat' dir='ltr'><strong>oi</strong></span> <span class='ocrx_word' id='word_1_17' title='bbox 2563 402 2836 472; x_wconf 83' lang='grc' dir='ltr'><strong>μετιόντες</strong></span> <span class='ocrx_word' id='word_1_18' title='bbox 2863 401 2951 479; x_wconf 65' lang='grc' dir='ltr'><strong>τόν</strong></span> <span class='ocrx_word' id='word_1_19' title='bbox 2985 399 3099 471; x_wconf 80' lang='grc' dir='ltr'><strong>βίον</strong></span> <span class='ocrx_word' id='word_1_20' title='bbox 3133 397 3272 472; x_wconf 88' lang='grc' dir='ltr'><strong>μετά</strong></span> <span class='ocrx_word' id='word_1_21' title='bbox 3313 397 3601 471; x_wconf 89' lang='grc' dir='ltr'><strong>ἀκριϐείας,</strong></span> <span class='ocrx_word' id='word_1_22' title='bbox 3634 401 3737 470; x_wconf 72' lang='grc' dir='ltr'><strong>ἐμοὶ</strong></span> 
     </span>
    </p>
   </div>
   <div class='ocr_carea' id='block_1_6' title="bbox 530 496 2100 570">
    <p class='ocr_par' dir='ltr' id='par_1_6' title="bbox 530 496 2100 570">
     <span class='ocr_line' id='line_1_6' title="bbox 530 496 2100 570; baseline -0.003 -16"><span class='ocrx_word' id='word_1_23' title='bbox 530 501 695 570; x_wconf 88' lang='lat' dir='ltr'><strong>hujus</strong></span> <span class='ocrx_word' id='word_1_24' title='bbox 714 501 843 555; x_wconf 63' lang='lat' dir='ltr'><strong>vita</strong></span> <span class='ocrx_word' id='word_1_25' title='bbox 882 496 1138 567; x_wconf 75' lang='lat' dir='ltr'><strong>exprimit</strong></span> <span class='ocrx_word' id='word_1_26' title='bbox 1167 514 1183 561; x_wconf 87' lang='lat'><strong>;</strong></span> <span class='ocrx_word' id='word_1_27' title='bbox 1218 512 1315 568; x_wconf 88' lang='lat' dir='ltr'><strong>per</strong></span> <span class='ocrx_word' id='word_1_28' title='bbox 1353 496 1656 566; x_wconf 88' lang='lat' dir='ltr'><strong>jucundum</strong></span> <span class='ocrx_word' id='word_1_29' title='bbox 1689 512 1837 560; x_wconf 81' lang='lat' dir='ltr'><strong>vero,</strong></span> <span class='ocrx_word' id='word_1_30' title='bbox 1870 512 2100 552; x_wconf 60' lang='lat' dir='ltr'><strong>concor.</strong></span> 
     </span>
    </p>
   </div>
   <div class='ocr_carea' id='block_1_7' title="bbox 2206 493 3442 566">
    <p class='ocr_par' dir='ltr' id='par_1_7' title="bbox 2206 493 3442 566">
     <span class='ocr_line' id='line_1_7' title="bbox 2206 493 3442 566; baseline -0.004 -17"><span class='ocrx_word' id='word_1_31' title='bbox 2206 496 2403 559; x_wconf 83' lang='grc' dir='ltr'><strong>δοκεῖν,</strong></span> <span class='ocrx_word' id='word_1_32' title='bbox 2436 495 2534 566; x_wconf 77' lang='grc' dir='ltr'><strong>τὴν</strong></span> <span class='ocrx_word' id='word_1_33' title='bbox 2564 493 2827 547; x_wconf 83' lang='grc' dir='ltr'><strong>ἀνωτάτω</strong></span> <span class='ocrx_word' id='word_1_34' title='bbox 2855 493 3187 564; x_wconf 75' lang='grc' dir='ltr'><strong>ἐζηλωκέναι</strong></span> <span class='ocrx_word' id='word_1_35' title='bbox 3226 494 3442 564; x_wconf 84' lang='grc' dir='ltr'><strong>ἀρετήν.</strong></span> 
     </span>
    </p>
   </div>
   <div class='ocr_carea' id='block_1_8' title="bbox 529 584 3741 659">
    <p class='ocr_par' dir='ltr' id='par_1_8' title="bbox 529 584 3741 659">
     <span class='ocr_line' id='line_1_8' title="bbox 529 584 3741 659; baseline -0.003 -12"><span class='ocrx_word' id='word_1_36' title='bbox 529 592 635 649; x_wconf 69' lang='lat' dir='ltr'><strong>dite</strong></span> <span class='ocrx_word' id='word_1_37' title='bbox 668 600 735 648; x_wconf 26' lang='lat' dir='ltr'><strong>tet</strong></span> <span class='ocrx_word' id='word_1_38' title='bbox 780 589 1157 645; x_wconf 88' lang='lat' dir='ltr'><strong>unanimitatis</strong></span> <span class='ocrx_word' id='word_1_39' title='bbox 1206 589 1469 644; x_wconf 71' lang='lat' dir='ltr'><strong>laetitiam.</strong></span> <span class='ocrx_word' id='word_1_40' title='bbox 1508 588 1623 644; x_wconf 83' lang='lat' dir='ltr'><strong>Hoc</strong></span> <span class='ocrx_word' id='word_1_41' title='bbox 1670 589 1888 643; x_wconf 83' lang='lat' dir='ltr'><strong>vivendi</strong></span> <span class='ocrx_word' id='word_1_42' title='bbox 1927 604 2102 659; x_wconf 86' lang='lat' dir='ltr'><strong>genus</strong></span> <span class='ocrx_word' id='word_1_43' title='bbox 2136 589 2230 659; x_wconf 90' lang='lat' dir='ltr'><strong>qui</strong></span> <span class='ocrx_word' id='word_1_44' title='bbox 2260 599 2519 643; x_wconf 89' lang='lat' dir='ltr'><strong>accurate</strong></span> <span class='ocrx_word' id='word_1_45' title='bbox 2555 602 2618 642; x_wconf 85' lang='lat' dir='ltr'><strong>ac</strong></span> <span class='ocrx_word' id='word_1_46' title='bbox 2650 588 2940 659; x_wconf 80' lang='lat' dir='ltr'><strong>diligenter</strong></span> <span class='ocrx_word' id='word_1_47' title='bbox 2967 586 3246 650; x_wconf 84' lang='lat' dir='ltr'><strong>excolunt,</strong></span> <span class='ocrx_word' id='word_1_48' title='bbox 3296 584 3351 639; x_wconf 81' lang='lat' dir='ltr'><strong>lii</strong></span> <span class='ocrx_word' id='word_1_49' title='bbox 3408 584 3538 639; x_wconf 92' lang='lat' dir='ltr'><strong>mihi</strong></span> <span class='ocrx_word' id='word_1_50' title='bbox 3587 584 3741 639; x_wconf 84' lang='lat' dir='ltr'><strong>viden-</strong></span> 
     </span>
    </p>
   </div>
   <div class='ocr_carea' id='block_1_9' title="bbox 529 685 1553 758">
    <p class='ocr_par' dir='ltr' id='par_1_9' title="bbox 529 685 1553 758">
     <span class='ocr_line' id='line_1_9' title="bbox 529 685 1553 758; baseline -0.004 -15"><span class='ocrx_word' id='word_1_51' title='bbox 529 696 620 743; x_wconf 85' lang='lat' dir='ltr'><strong>tur</strong></span> <span class='ocrx_word' id='word_1_52' title='bbox 648 701 963 758; x_wconf 82' lang='lat' dir='ltr'><strong>supremam</strong></span> <span class='ocrx_word' id='word_1_53' title='bbox 995 685 1251 740; x_wconf 87' lang='lat' dir='ltr'><strong>virtutem</strong></span> <span class='ocrx_word' id='word_1_54' title='bbox 1285 686 1553 739; x_wconf 62' lang='lat' dir='ltr'><strong>aemulari.</strong></span> 
     </span>
    </p>
   </div>
   <div class='ocr_carea' id='block_1_10' title="bbox 1090 797 1507 855">
    <p class='ocr_par' dir='ltr' id='par_1_10' title="bbox 1090 797 1507 855">
     <span class='ocr_line' id='line_1_10' title="bbox 1090 797 1507 855; baseline -0.007 0"><span class='ocrx_word' id='word_1_55' title='bbox 1090 797 1316 855; x_wconf 77' lang='lat' dir='ltr'><strong>CAPUT</strong></span> <span class='ocrx_word' id='word_1_56' title='bbox 1368 798 1507 855; x_wconf 78' lang='lat' dir='ltr'><strong>XIX.</strong></span> 
     </span>
    </p>
   </div>
   <div class='ocr_carea' id='block_1_11' title="bbox 526 886 2105 961">
    <p class='ocr_par' dir='ltr' id='par_1_11' title="bbox 526 886 2105 961">
     <span class='ocr_line' id='line_1_11' title="bbox 526 886 2105 961; baseline -0.006 -13"><span class='ocrx_word' id='word_1_57' title='bbox 526 892 684 961; x_wconf 77' lang='lat' dir='ltr'><strong>Quod</strong></span> <span class='ocrx_word' id='word_1_58' title='bbox 718 900 918 960; x_wconf 81' lang='lat' dir='ltr'><strong>oportet</strong></span> <span class='ocrx_word' id='word_1_59' title='bbox 947 901 1180 944; x_wconf 79' lang='lat' dir='ltr'><strong>ascetam</strong></span> <span class='ocrx_word' id='word_1_60' title='bbox 1207 905 1325 940; x_wconf 83' lang='lat' dir='ltr'><strong>cum</strong></span> <span class='ocrx_word' id='word_1_61' title='bbox 1360 889 1514 961; x_wconf 75' lang='lat' dir='ltr'><strong>ﬁrmo</strong></span> <span class='ocrx_word' id='word_1_62' title='bbox 1545 889 1820 961; x_wconf 77' lang='lat' dir='ltr'><strong>proposito</strong></span> <span class='ocrx_word' id='word_1_63' title='bbox 1862 886 2105 940; x_wconf 75' lang='lat' dir='ltr'><strong>accedere</strong></span> 
     </span>
    </p>
   </div>
   <div class='ocr_carea' id='block_1_12' title="bbox 738 959 1865 1019">
    <p class='ocr_par' dir='ltr' id='par_1_12' title="bbox 738 959 1865 1019">
     <span class='ocr_line' id='line_1_12' title="bbox 738 959 1865 1019; baseline -0.004 -4"><span class='ocrx_word' id='word_1_64' title='bbox 738 959 810 1015; x_wconf 83' lang='lat' dir='ltr'><strong>ad</strong></span> <span class='ocrx_word' id='word_1_65' title='bbox 840 962 1121 1015; x_wconf 82' lang='lat' dir='ltr'><strong>asceticam</strong></span> <span class='ocrx_word' id='word_1_66' title='bbox 1161 961 1344 1019; x_wconf 78' lang='lat' dir='ltr'><strong>vitam,</strong></span> <span class='ocrx_word' id='word_1_67' title='bbox 1375 968 1424 1011; x_wconf 87' lang='lat' dir='ltr'><strong>et</strong></span> <span class='ocrx_word' id='word_1_68' title='bbox 1456 959 1518 1013; x_wconf 83' lang='lat' dir='ltr'><strong>de</strong></span> <span class='ocrx_word' id='word_1_69' title='bbox 1551 960 1865 1013; x_wconf 79' lang='lat' dir='ltr'><strong>obedientia.</strong></span> 
     </span>
    </p>
   </div>
   <div class='ocr_carea' id='block_1_13' title="bbox 602 1071 2102 1149">
    <p class='ocr_par' dir='ltr' id='par_1_13' title="bbox 602 1071 2102 1149">
     <span class='ocr_line' id='line_1_13' title="bbox 602 1071 2102 1149; baseline -0.007 -15"><span class='ocrx_word' id='word_1_70' title='bbox 602 1078 778 1149; x_wconf 74' lang='lat' dir='ltr'><strong>Atque</strong></span> <span class='ocrx_word' id='word_1_71' title='bbox 807 1078 875 1132; x_wconf 85' lang='lat' dir='ltr'><strong>iis</strong></span> <span class='ocrx_word' id='word_1_72' title='bbox 914 1076 1160 1147; x_wconf 86' lang='lat' dir='ltr'><strong>quidem,</strong></span> <span class='ocrx_word' id='word_1_73' title='bbox 1193 1077 1287 1145; x_wconf 87' lang='lat' dir='ltr'><strong>qui</strong></span> <span class='ocrx_word' id='word_1_74' title='bbox 1332 1074 1639 1145; x_wconf 85' lang='lat' dir='ltr'><strong>perspicaci</strong></span> <span class='ocrx_word' id='word_1_75' title='bbox 1677 1081 1861 1129; x_wconf 87' lang='lat' dir='ltr'><strong>mente</strong></span> <span class='ocrx_word' id='word_1_76' title='bbox 1887 1071 2102 1143; x_wconf 69' lang='lat' dir='ltr'><strong>praaditi</strong></span> 
     </span>
    </p>
   </div>
   <div class='ocr_carea' id='block_1_14' title="bbox 527 1166 2098 1237">
    <p class='ocr_par' dir='ltr' id='par_1_14' title="bbox 527 1166 2098 1237">
     <span class='ocr_line' id='line_1_14' title="bbox 527 1166 2098 1237; baseline -0.006 -9"><span class='ocrx_word' id='word_1_77' title='bbox 527 1176 680 1236; x_wconf 87' lang='lat' dir='ltr'><strong>sunt,</strong></span> <span class='ocrx_word' id='word_1_78' title='bbox 712 1170 893 1227; x_wconf 89' lang='lat' dir='ltr'><strong>oratio</strong></span> <span class='ocrx_word' id='word_1_79' title='bbox 935 1176 1148 1232; x_wconf 84' lang='lat' dir='ltr'><strong>nostra,</strong></span> <span class='ocrx_word' id='word_1_80' title='bbox 1180 1181 1309 1223; x_wconf 90' lang='lat' dir='ltr'><strong>cum</strong></span> <span class='ocrx_word' id='word_1_81' title='bbox 1356 1167 1615 1237; x_wconf 84' lang='lat' dir='ltr'><strong>superius</strong></span> <span class='ocrx_word' id='word_1_82' title='bbox 1643 1166 1873 1235; x_wconf 83' lang='lat' dir='ltr'><strong>hujusce</strong></span> <span class='ocrx_word' id='word_1_83' title='bbox 1921 1172 2098 1220; x_wconf 88' lang='lat' dir='ltr'><strong>status</strong></span> 
     </span>
    </p>
   </div>
   <div class='ocr_carea' id='block_1_15' title="bbox 524 1257 2101 1334">
    <p class='ocr_par' dir='ltr' id='par_1_15' title="bbox 524 1257 2101 1334">
     <span class='ocr_line' id='line_1_15' title="bbox 524 1257 2101 1334; baseline -0.006 -16"><span class='ocrx_word' id='word_1_84' title='bbox 524 1263 890 1334; x_wconf 85' lang='lat' dir='ltr'><strong>proprietates</strong></span> <span class='ocrx_word' id='word_1_85' title='bbox 933 1273 1351 1330; x_wconf 80' lang='lat' dir='ltr'><strong>exponeremus,</strong></span> <span class='ocrx_word' id='word_1_86' title='bbox 1405 1257 1626 1313; x_wconf 79' lang='lat' dir='ltr'><strong>vivendi</strong></span> <span class='ocrx_word' id='word_1_87' title='bbox 1672 1257 1914 1328; x_wconf 87' lang='lat' dir='ltr'><strong>regulam</strong></span> <span class='ocrx_word' id='word_1_88' title='bbox 1962 1271 2101 1327; x_wconf 66' lang='lat' dir='ltr'><strong>prae-</strong></span> 
     </span>
    </p>
   </div>
   <div class='ocr_carea' id='block_1_16' title="bbox 524 1350 2103 1427">
    <p class='ocr_par' dir='ltr' id='par_1_16' title="bbox 524 1350 2103 1427">
     <span class='ocr_line' id='line_1_16' title="bbox 524 1350 2103 1427; baseline -0.006 -15"><span class='ocrx_word' id='word_1_89' title='bbox 524 1356 765 1427; x_wconf 82' lang='lat' dir='ltr'><strong>scripsit.</strong></span> <span class='ocrx_word' id='word_1_90' title='bbox 798 1352 1023 1418; x_wconf 67' lang='lat' dir='ltr'><strong>Verum,</strong></span> <span class='ocrx_word' id='word_1_91' title='bbox 1062 1352 1324 1421; x_wconf 88' lang='lat' dir='ltr'><strong>quoniam</strong></span> <span class='ocrx_word' id='word_1_92' title='bbox 1371 1366 1550 1421; x_wconf 68' lang='lat' dir='ltr'><strong>Operae</strong></span> <span class='ocrx_word' id='word_1_93' title='bbox 1578 1350 1816 1421; x_wconf 80' lang='lat' dir='ltr'><strong>pretium</strong></span> <span class='ocrx_word' id='word_1_94' title='bbox 1847 1356 1931 1404; x_wconf 89' lang='lat' dir='ltr'><strong>est</strong></span> <span class='ocrx_word' id='word_1_95' title='bbox 1975 1363 2103 1419; x_wconf 86' lang='lat' dir='ltr'><strong>pro-</strong></span> 
     </span>
    </p>
   </div>
   <div class='ocr_carea' id='block_1_17' title="bbox 522 1442 2099 1519">
    <p class='ocr_par' dir='ltr' id='par_1_17' title="bbox 522 1442 2099 1519">
     <span class='ocr_line' id='line_1_17' title="bbox 522 1442 2099 1519; baseline -0.004 -18"><span class='ocrx_word' id='word_1_96' title='bbox 522 1456 645 1519; x_wconf 79' lang='lat' dir='ltr'><strong>pter</strong></span> <span class='ocrx_word' id='word_1_97' title='bbox 686 1446 1052 1518; x_wconf 82' lang='lat' dir='ltr'><strong>simpliciores</strong></span> <span class='ocrx_word' id='word_1_98' title='bbox 1102 1444 1323 1511; x_wconf 81' lang='lat' dir='ltr'><strong>fratres,</strong></span> <span class='ocrx_word' id='word_1_99' title='bbox 1369 1445 1536 1500; x_wconf 91' lang='lat' dir='ltr'><strong>etiam</strong></span> <span class='ocrx_word' id='word_1_100' title='bbox 1588 1442 1938 1499; x_wconf 82' lang='lat' dir='ltr'><strong>manifestius</strong></span> <span class='ocrx_word' id='word_1_101' title='bbox 1999 1442 2099 1495; x_wconf 76' lang='lat' dir='ltr'><strong>liu-</strong></span> 
     </span>
    </p>
   </div>
   <div class='ocr_carea' id='block_1_18' title="bbox 516 1534 2098 1613">
    <p class='ocr_par' dir='ltr' id='par_1_18' title="bbox 516 1534 2098 1613">
     <span class='ocr_line' id='line_1_18' title="bbox 516 1534 2098 1613; baseline -0.007 -15"><span class='ocrx_word' id='word_1_102' title='bbox 516 1542 676 1613; x_wconf 83' lang='lat' dir='ltr'><strong>jusce</strong></span> <span class='ocrx_word' id='word_1_103' title='bbox 731 1539 966 1598; x_wconf 91' lang='lat' dir='ltr'><strong>instituti</strong></span> <span class='ocrx_word' id='word_1_104' title='bbox 1031 1538 1352 1610; x_wconf 73' lang='lat' dir='ltr'><strong>praescripta</strong></span> <span class='ocrx_word' id='word_1_105' title='bbox 1426 1536 1744 1606; x_wconf 81' lang='lat' dir='ltr'><strong>singulatim</strong></span> <span class='ocrx_word' id='word_1_106' title='bbox 1801 1534 2098 1604; x_wconf 78' lang='lat' dir='ltr'><strong>explicare,</strong></span> 
     </span>
    </p>
   </div>
   <div class='ocr_carea' id='block_1_19' title="bbox 515 1626 2099 1705">
    <p class='ocr_par' dir='ltr' id='par_1_19' title="bbox 515 1626 2099 1705">
     <span class='ocr_line' id='line_1_19' title="bbox 515 1626 2099 1705; baseline -0.005 -17"><span class='ocrx_word' id='word_1_107' title='bbox 515 1636 743 1705; x_wconf 86' lang='lat' dir='ltr'><strong>jamjam</strong></span> <span class='ocrx_word' id='word_1_108' title='bbox 794 1633 859 1689; x_wconf 87' lang='lat' dir='ltr'><strong>ad</strong></span> <span class='ocrx_word' id='word_1_109' title='bbox 910 1633 1015 1687; x_wconf 91' lang='lat' dir='ltr'><strong>hoc</strong></span> <span class='ocrx_word' id='word_1_110' title='bbox 1064 1638 1475 1688; x_wconf 82' lang='lat' dir='ltr'><strong>convertamur.</strong></span> <span class='ocrx_word' id='word_1_111' title='bbox 1535 1626 1764 1699; x_wconf 87' lang='lat' dir='ltr'><strong>Oportet</strong></span> <span class='ocrx_word' id='word_1_112' title='bbox 1815 1628 1983 1699; x_wconf 91' lang='lat' dir='ltr'><strong>igitur</strong></span> <span class='ocrx_word' id='word_1_113' title='bbox 2042 1627 2099 1680; x_wconf 91' lang='lat' dir='ltr'><strong>in</strong></span> 
     </span>
    </p>
   </div>
   <div class='ocr_carea' id='block_1_20' title="bbox 519 1719 2095 1796">
    <p class='ocr_par' dir='ltr' id='par_1_20' title="bbox 519 1719 2095 1796">
     <span class='ocr_line' id='line_1_20' title="bbox 519 1719 2095 1796; baseline -0.006 -15"><span class='ocrx_word' id='word_1_114' title='bbox 519 1725 716 1796; x_wconf 90' lang='lat' dir='ltr'><strong>primis</strong></span> <span class='ocrx_word' id='word_1_115' title='bbox 747 1739 872 1780; x_wconf 89' lang='lat' dir='ltr'><strong>eum</strong></span> <span class='ocrx_word' id='word_1_116' title='bbox 899 1725 993 1795; x_wconf 92' lang='lat' dir='ltr'><strong>qui</strong></span> <span class='ocrx_word' id='word_1_117' title='bbox 1021 1723 1090 1778; x_wconf 87' lang='lat' dir='ltr'><strong>ad</strong></span> <span class='ocrx_word' id='word_1_118' title='bbox 1120 1722 1393 1793; x_wconf 85' lang='lat' dir='ltr'><strong>ejusmodi</strong></span> <span class='ocrx_word' id='word_1_119' title='bbox 1423 1722 1643 1777; x_wconf 86' lang='lat' dir='ltr'><strong>vivendi</strong></span> <span class='ocrx_word' id='word_1_120' title='bbox 1669 1736 1842 1791; x_wconf 89' lang='lat' dir='ltr'><strong>genus</strong></span> <span class='ocrx_word' id='word_1_121' title='bbox 1864 1719 2095 1782; x_wconf 86' lang='lat' dir='ltr'><strong>accedit,</strong></span> 
     </span>
    </p>
   </div>
   <div class='ocr_carea' id='block_1_21' title="bbox 2717 794 3246 849">
    <p class='ocr_par' dir='ltr' id='par_1_21' title="bbox 2717 794 3246 849">
     <span class='ocr_line' id='line_1_21' title="bbox 2717 794 3246 849; baseline -0.004 0"><span class='ocrx_word' id='word_1_122' title='bbox 2717 795 3109 849; x_wconf 76' lang='grc' dir='ltr'><strong>ΚΕΦΑΛΑΙΟΝ</strong></span> <span class='ocrx_word' id='word_1_123' title='bbox 3146 794 3246 847; x_wconf 85' lang='grc' dir='ltr'><strong>ΙΘ’.</strong></span> 
     </span>
    </p>
   </div>
   <div class='ocr_carea' id='block_1_22' title="bbox 2210 883 3743 960">
    <p class='ocr_par' dir='ltr' id='par_1_22' title="bbox 2210 883 3743 960">
     <span class='ocr_line' id='line_1_22' title="bbox 2210 883 3743 960; baseline -0.003 -17"><span class='ocrx_word' id='word_1_124' title='bbox 2210 890 2328 943; x_wconf 88' lang='grc' dir='ltr'><strong>Ὅτι</strong></span> <span class='ocrx_word' id='word_1_125' title='bbox 2373 888 2489 960; x_wconf 74' lang='grc' dir='ltr'><strong>χρὴ</strong></span> <span class='ocrx_word' id='word_1_126' title='bbox 2526 889 2642 960; x_wconf 60' lang='grc' dir='ltr'><strong>τὸν</strong></span> <span class='ocrx_word' id='word_1_127' title='bbox 2673 886 2956 960; x_wconf 73' lang='grc' dir='ltr'><strong>ἁσκητὴν</strong></span> <span class='ocrx_word' id='word_1_128' title='bbox 2976 886 3193 960; x_wconf 75' lang='grc' dir='ltr'><strong>,βεϐαίᾳ</strong></span> <span class='ocrx_word' id='word_1_129' title='bbox 3236 886 3454 960; x_wconf 48' lang='grc' dir='ltr'><strong>κρίσει-</strong></span> <span class='ocrx_word' id='word_1_130' title='bbox 3469 883 3743 951; x_wconf 75' lang='grc' dir='ltr'><strong>προσιέναι</strong></span> 
     </span>
    </p>
   </div>
   <div class='ocr_carea' id='block_1_23' title="bbox 2474 954 3509 1027">
    <p class='ocr_par' dir='ltr' id='par_1_23' title="bbox 2474 954 3509 1027">
     <span class='ocr_line' id='line_1_23' title="bbox 2474 954 3509 1027; baseline -0.006 -14"><span class='ocrx_word' id='word_1_131' title='bbox 2474 954 2547 1027; x_wconf 73' lang='grc' dir='ltr'><strong>τῇ</strong></span> <span class='ocrx_word' id='word_1_132' title='bbox 2577 958 2861 1026; x_wconf 80' lang='grc' dir='ltr'><strong>ἀσκήσει,</strong></span> <span class='ocrx_word' id='word_1_133' title='bbox 2904 954 3005 1011; x_wconf 77' lang='grc' dir='ltr'><strong>καὶ</strong></span> <span class='ocrx_word' id='word_1_134' title='bbox 3044 957 3175 1023; x_wconf 79' lang='grc' dir='ltr'><strong>περὶ</strong></span> <span class='ocrx_word' id='word_1_135' title='bbox 3217 954 3509 1023; x_wconf 82' lang='grc' dir='ltr'><strong>ὑπακοῆς.</strong></span> 
     </span>
    </p>
   </div>
   <div class='ocr_carea' id='block_1_24' title="bbox 2277 1065 3742 1142">
    <p class='ocr_par' dir='ltr' id='par_1_24' title="bbox 2277 1065 3742 1142">
     <span class='ocr_line' id='line_1_24' title="bbox 2277 1065 3742 1142; baseline -0.004 -17"><span class='ocrx_word' id='word_1_136' title='bbox 2277 1073 2403 1135; x_wconf 81' lang='grc' dir='ltr'>Τοῖς</span> <span class='ocrx_word' id='word_1_137' title='bbox 2453 1071 2549 1142; x_wconf 80' lang='grc' dir='ltr'><strong>μὲν</strong></span> <span class='ocrx_word' id='word_1_138' title='bbox 2585 1066 2677 1124; x_wconf 78' lang='grc' dir='ltr'><strong>οὖν</strong></span> <span class='ocrx_word' id='word_1_139' title='bbox 2728 1070 3056 1142; x_wconf 85' lang='grc' dir='ltr'><strong>διορατικοῖς</strong></span> <span class='ocrx_word' id='word_1_140' title='bbox 3092 1068 3184 1120; x_wconf 84' lang='grc' dir='ltr'><strong>τὸν</strong></span> <span class='ocrx_word' id='word_1_141' title='bbox 3213 1065 3337 1120; x_wconf 81' lang='grc' dir='ltr'><strong>νοῦν</strong></span> <span class='ocrx_word' id='word_1_142' title='bbox 3380 1069 3530 1136; x_wconf 85' lang='grc' dir='ltr'><strong>ἐν·τῇ</strong></span> <span class='ocrx_word' id='word_1_143' title='bbox 3587 1067 3742 1137; x_wconf 85' lang='grc' dir='ltr'><strong>προδι-</strong></span> 
     </span>
    </p>
   </div>
   <div class='ocr_carea' id='block_1_25' title="bbox 2209 1159 3746 1238">
    <p class='ocr_par' dir='ltr' id='par_1_25' title="bbox 2209 1159 3746 1238">
     <span class='ocr_line' id='line_1_25' title="bbox 2209 1159 3746 1238; baseline -0.005 -20"><span class='ocrx_word' id='word_1_144' title='bbox 2209 1167 2407 1238; x_wconf 83' lang='grc' dir='ltr'><strong>ηγήσει</strong></span> <span class='ocrx_word' id='word_1_145' title='bbox 2436 1164 2546 1217; x_wconf 81' lang='grc' dir='ltr'><strong>τῶν</strong></span> <span class='ocrx_word' id='word_1_146' title='bbox 2571 1164 2673 1232; x_wconf 81' lang='grc' dir='ltr'><strong>τῆς</strong></span> <span class='ocrx_word' id='word_1_147' title='bbox 2701 1163 2975 1225; x_wconf 79' lang='grc' dir='ltr'><strong>πολιτείας</strong></span> <span class='ocrx_word' id='word_1_148' title='bbox 3003 1159 3307 1230; x_wconf 76' lang='grc' dir='ltr'><strong>ἰδιωμάτων</strong></span> <span class='ocrx_word' id='word_1_149' title='bbox 3336 1159 3428 1213; x_wconf 84' lang='grc' dir='ltr'><strong>τὸν</strong></span> <span class='ocrx_word' id='word_1_150' title='bbox 3460 1159 3645 1212; x_wconf 83' lang='grc' dir='ltr'><strong>κανόνα</strong></span> <span class='ocrx_word' id='word_1_151' title='bbox 3667 1159 3746 1229; x_wconf 80' lang='grc' dir='ltr'><strong>τῆς</strong></span> 
     </span>
    </p>
   </div>
   <div class='ocr_carea' id='block_1_26' title="bbox 2207 1247 3745 1326">
    <p class='ocr_par' dir='ltr' id='par_1_26' title="bbox 2207 1247 3745 1326">
     <span class='ocr_line' id='line_1_26' title="bbox 2207 1247 3745 1326; baseline -0.007 -15"><span class='ocrx_word' id='word_1_152' title='bbox 2207 1257 2479 1321; x_wconf 81' lang='grc' dir='ltr'><strong>πολιτείας</strong></span> <span class='ocrx_word' id='word_1_153' title='bbox 2502 1258 2531 1308; x_wconf 89' lang='grc' dir='ltr'><strong>ό</strong></span> <span class='ocrx_word' id='word_1_154' title='bbox 2555 1256 2713 1324; x_wconf 88' lang='grc' dir='ltr'><strong>λόγος</strong></span> <span class='ocrx_word' id='word_1_155' title='bbox 2752 1255 3007 1326; x_wconf 87' lang='grc' dir='ltr'><strong>ὡρίσατο.</strong></span> <span class='ocrx_word' id='word_1_156' title='bbox 3052 1252 3270 1322; x_wconf 84' lang='grc' dir='ltr'><strong>Ἐπειδὴ</strong></span> <span class='ocrx_word' id='word_1_157' title='bbox 3296 1251 3352 1303; x_wconf 83' lang='grc' dir='ltr'><strong>δὲ</strong></span> <span class='ocrx_word' id='word_1_158' title='bbox 3396 1251 3648 1322; x_wconf 84' lang='grc' dir='ltr'><strong>προσήκει</strong></span> <span class='ocrx_word' id='word_1_159' title='bbox 3675 1247 3745 1301; x_wconf 78' lang='grc' dir='ltr'><strong>διὰ</strong></span> 
     </span>
    </p>
   </div>
   <div class='ocr_carea' id='block_1_27' title="bbox 2204 1343 3744 1418">
    <p class='ocr_par' dir='ltr' id='par_1_27' title="bbox 2204 1343 3744 1418">
     <span class='ocr_line' id='line_1_27' title="bbox 2204 1343 3744 1418; baseline -0.006 -15"><span class='ocrx_word' id='word_1_160' title='bbox 2204 1352 2332 1414; x_wconf 79' lang='grc' dir='ltr'><strong>τοὺς</strong></span> <span class='ocrx_word' id='word_1_161' title='bbox 2383 1347 2783 1418; x_wconf 80' lang='grc' dir='ltr'><strong>ἁπλουστέρους</strong></span> <span class='ocrx_word' id='word_1_162' title='bbox 2836 1347 2946 1400; x_wconf 85' lang='grc' dir='ltr'><strong>τῶν</strong></span> <span class='ocrx_word' id='word_1_163' title='bbox 2994 1344 3241 1413; x_wconf 69' lang='grc' dir='ltr'><strong>ἀδελφῶν</strong></span> <span class='ocrx_word' id='word_1_164' title='bbox 3292 1344 3387 1397; x_wconf 75' lang='grc' dir='ltr'><strong>καὶ</strong></span> <span class='ocrx_word' id='word_1_165' title='bbox 3450 1343 3744 1413; x_wconf 78' lang='grc' dir='ltr'><strong>σαφέστερον</strong></span> 
     </span>
    </p>
   </div>
   <div class='ocr_carea' id='block_1_28' title="bbox 2205 1429 3745 1506">
    <p class='ocr_par' dir='ltr' id='par_1_28' title="bbox 2205 1429 3745 1506">
     <span class='ocr_line' id='line_1_28' title="bbox 2205 1429 3745 1506; baseline -0.005 -14"><span class='ocrx_word' id='word_1_166' title='bbox 2205 1438 2461 1493; x_wconf 74' lang='grc' dir='ltr'><strong>ἐκθέσθαι</strong></span> <span class='ocrx_word' id='word_1_167' title='bbox 2498 1437 2589 1491; x_wconf 82' lang='grc' dir='ltr'><strong>τὸν</strong></span> <span class='ocrx_word' id='word_1_168' title='bbox 2617 1437 2718 1506; x_wconf 79' lang='grc' dir='ltr'><strong>τῆς</strong></span> <span class='ocrx_word' id='word_1_169' title='bbox 2752 1435 3026 1498; x_wconf 76' lang='grc' dir='ltr'><strong>πολιτείας</strong></span> <span class='ocrx_word' id='word_1_170' title='bbox 3059 1436 3143 1504; x_wconf 81' lang='grc' dir='ltr'><strong>ἐφ’</strong></span> <span class='ocrx_word' id='word_1_171' title='bbox 3185 1436 3403 1505; x_wconf 78' lang='grc' dir='ltr'><strong>ἑκάστῳ</strong></span> <span class='ocrx_word' id='word_1_172' title='bbox 3436 1434 3641 1497; x_wconf 83' lang='grc' dir='ltr'><strong>κανόνα,</strong></span> <span class='ocrx_word' id='word_1_173' title='bbox 3672 1429 3745 1485; x_wconf 74' lang='grc' dir='ltr'><strong>ἐπὶ</strong></span> 
     </span>
    </p>
   </div>
   <div class='ocr_carea' id='block_1_29' title="bbox 2206 1525 3744 1603">
    <p class='ocr_par' dir='ltr' id='par_1_29' title="bbox 2206 1525 3744 1603">
     <span class='ocr_line' id='line_1_29' title="bbox 2206 1525 3744 1603; baseline -0.007 -18"><span class='ocrx_word' id='word_1_174' title='bbox 2206 1530 2364 1586; x_wconf 78' lang='grc' dir='ltr'><strong>τοῦτο</strong></span> <span class='ocrx_word' id='word_1_175' title='bbox 2407 1531 2473 1603; x_wconf 86' lang='grc' dir='ltr'><strong>δὴ</strong></span> <span class='ocrx_word' id='word_1_176' title='bbox 2519 1530 2614 1583; x_wconf 74' lang='grc' dir='ltr'><strong>καὶ</strong></span> <span class='ocrx_word' id='word_1_177' title='bbox 2650 1527 2978 1602; x_wconf 67' lang='grc' dir='ltr'><strong>τρεψώμεθα</strong></span> <span class='ocrx_word' id='word_1_178' title='bbox 3025 1527 3159 1597; x_wconf 84' lang='grc'>(58).</span> <span class='ocrx_word' id='word_1_179' title='bbox 3209 1526 3331 1597; x_wconf 81' lang='grc' dir='ltr'><strong>Χρὴ</strong></span> <span class='ocrx_word' id='word_1_180' title='bbox 3377 1525 3552 1577; x_wconf 83' lang='grc' dir='ltr'>τοίνυν</span> <span class='ocrx_word' id='word_1_181' title='bbox 3579 1525 3744 1595; x_wconf 75' lang='grc' dir='ltr'><strong>πρόγε</strong></span> 
     </span>
    </p>
   </div>
   <div class='ocr_carea' id='block_1_30' title="bbox 2202 1617 3745 1693">
    <p class='ocr_par' dir='ltr' id='par_1_30' title="bbox 2202 1617 3745 1693">
     <span class='ocr_line' id='line_1_30' title="bbox 2202 1617 3745 1693; baseline -0.006 -15"><span class='ocrx_word' id='word_1_182' title='bbox 2202 1626 2458 1678; x_wconf 85' lang='grc' dir='ltr'><strong>ἀπάντων</strong></span> <span class='ocrx_word' id='word_1_183' title='bbox 2477 1623 2567 1677; x_wconf 70' lang='grc' dir='ltr'><strong>τὸν</strong></span> <span class='ocrx_word' id='word_1_184' title='bbox 2595 1621 2954 1693; x_wconf 80' lang='grc' dir='ltr'><strong>προσελθόντα</strong></span> <span class='ocrx_word' id='word_1_185' title='bbox 2983 1623 3051 1692; x_wconf 82' lang='grc' dir='ltr'><strong>τῇ</strong></span> <span class='ocrx_word' id='word_1_186' title='bbox 3080 1619 3304 1692; x_wconf 78' lang='grc' dir='ltr'><strong>τοιαύτῃ</strong></span> <span class='ocrx_word' id='word_1_187' title='bbox 3334 1617 3593 1689; x_wconf 75' lang='grc' dir='ltr'><strong>πολιτείᾳ,</strong></span> <span class='ocrx_word' id='word_1_188' title='bbox 3617 1618 3745 1687; x_wconf 85' lang='grc' dir='ltr'><strong>ἐστη-</strong></span> 
     </span>
    </p>
   </div>
   <div class='ocr_carea' id='block_1_31' title="bbox 2206 1706 3745 1786">
    <p class='ocr_par' dir='ltr' id='par_1_31' title="bbox 2206 1706 3745 1786">
     <span class='ocr_line' id='line_1_31' title="bbox 2206 1706 3745 1786; baseline -0.003 -20"><span class='ocrx_word' id='word_1_189' title='bbox 2206 1714 2483 1786; x_wconf 84' lang='grc' dir='ltr'><strong>ριγμένον,</strong></span> <span class='ocrx_word' id='word_1_190' title='bbox 2524 1713 2620 1766; x_wconf 80' lang='grc' dir='ltr'><strong>καὶ</strong></span> <span class='ocrx_word' id='word_1_191' title='bbox 2663 1712 2896 1783; x_wconf 78' lang='grc' dir='ltr'><strong>ἑδραῖον,</strong></span> <span class='ocrx_word' id='word_1_192' title='bbox 2939 1712 3033 1763; x_wconf 71' lang='grc' dir='ltr'><strong>καὶ</strong></span> <span class='ocrx_word' id='word_1_193' title='bbox 3078 1711 3334 1779; x_wconf 88' lang='grc' dir='ltr'><strong>ἀκίνητον</strong></span> <span class='ocrx_word' id='word_1_194' title='bbox 3367 1709 3507 1778; x_wconf 80' lang='grc' dir='ltr'><strong>ἔχειν</strong></span> <span class='ocrx_word' id='word_1_195' title='bbox 3547 1709 3603 1762; x_wconf 78' lang='grc' dir='ltr'><strong>τὸ</strong></span> <span class='ocrx_word' id='word_1_196' title='bbox 3640 1706 3745 1779; x_wconf 82' lang='grc' dir='ltr'><strong>φρό-</strong></span> 
     </span>
    </p>
   </div>
   <div class='ocr_carea' id='block_1_32' title="bbox 520 1800 2094 1884">
    <p class='ocr_par' dir='ltr' id='par_1_32' title="bbox 520 1811 2094 1882">
     <span class='ocr_line' id='line_1_32' title="bbox 520 1811 2094 1882; baseline -0.004 -10"><span class='ocrx_word' id='word_1_197' title='bbox 520 1815 797 1882; x_wconf 87' lang='lat' dir='ltr'><strong>stabilem,</strong></span> <span class='ocrx_word' id='word_1_198' title='bbox 830 1814 1048 1870; x_wconf 88' lang='lat' dir='ltr'><strong>ﬁrmum</strong></span> <span class='ocrx_word' id='word_1_199' title='bbox 1093 1823 1149 1869; x_wconf 83' lang='lat' dir='ltr'><strong>et</strong></span> <span class='ocrx_word' id='word_1_200' title='bbox 1198 1813 1531 1868; x_wconf 88' lang='lat' dir='ltr'><strong>immobilem</strong></span> <span class='ocrx_word' id='word_1_201' title='bbox 1587 1812 1832 1866; x_wconf 89' lang='lat' dir='ltr'><strong>animum</strong></span> <span class='ocrx_word' id='word_1_202' title='bbox 1872 1811 2094 1874; x_wconf 88' lang='lat' dir='ltr'><strong>habere,</strong></span> 
     </span>
    </p>
   </div>
   <div class='ocr_carea' id='block_1_33' title="bbox 2199 1800 3743 1884">
    <p class='ocr_par' dir='ltr' id='par_1_33' title="bbox 2201 1800 3743 1875">
     <span class='ocr_line' id='line_1_33' title="bbox 2201 1800 3743 1875; baseline -0.003 -18"><span class='ocrx_word' id='word_1_203' title='bbox 2201 1820 2371 1875; x_wconf 86' lang='grc' dir='ltr'><strong>νημα,</strong></span> <span class='ocrx_word' id='word_1_204' title='bbox 2411 1802 2504 1856; x_wconf 76' lang='grc' dir='ltr'><strong>καὶ</strong></span> <span class='ocrx_word' id='word_1_205' title='bbox 2547 1802 2729 1873; x_wconf 82' lang='grc' dir='ltr'><strong>κρίσιν</strong></span> <span class='ocrx_word' id='word_1_206' title='bbox 2756 1804 2870 1865; x_wconf 90' lang='grc' dir='ltr'><strong>τοῖς</strong></span> <span class='ocrx_word' id='word_1_207' title='bbox 2907 1800 3182 1871; x_wconf 79' lang='grc' dir='ltr'><strong>πνεύμασι</strong></span> <span class='ocrx_word' id='word_1_208' title='bbox 3226 1801 3327 1872; x_wconf 84' lang='grc' dir='ltr'><strong>τῆς</strong></span> <span class='ocrx_word' id='word_1_209' title='bbox 3378 1800 3633 1871; x_wconf 78' lang='grc' dir='ltr'>πονηρίας</span> <span class='ocrx_word' id='word_1_210' title='bbox 3667 1800 3743 1852; x_wconf 85' lang='grc' dir='ltr'><strong>ἀν-</strong></span> 
     </span>
    </p>
   </div>
   <div class='ocr_carea' id='block_1_34' title="bbox 520 1903 2097 1978">
    <p class='ocr_par' dir='ltr' id='par_1_34' title="bbox 520 1903 2097 1978">
     <span class='ocr_line' id='line_1_34' title="bbox 520 1903 2097 1978; baseline -0.002 -18"><span class='ocrx_word' id='word_1_211' title='bbox 520 1921 586 1961; x_wconf 87' lang='lat' dir='ltr'><strong>ac</strong></span> <span class='ocrx_word' id='word_1_212' title='bbox 622 1906 964 1978; x_wconf 83' lang='lat' dir='ltr'><strong>propositum</strong></span> <span class='ocrx_word' id='word_1_213' title='bbox 1000 1904 1308 1975; x_wconf 88' lang='lat' dir='ltr'><strong>ejusmodi,</strong></span> <span class='ocrx_word' id='word_1_214' title='bbox 1355 1904 1503 1974; x_wconf 87' lang='lat' dir='ltr'><strong>quod</strong></span> <span class='ocrx_word' id='word_1_215' title='bbox 1546 1905 1803 1975; x_wconf 73' lang='lat' dir='ltr'><strong>nequitiae</strong></span> <span class='ocrx_word' id='word_1_216' title='bbox 1870 1903 2097 1973; x_wconf 88' lang='lat' dir='ltr'><strong>spiritus</strong></span> 
     </span>
    </p>
   </div>
   <div class='ocr_carea' id='block_1_35' title="bbox 518 1996 2097 2067">
    <p class='ocr_par' dir='ltr' id='par_1_35' title="bbox 518 1996 2097 2067">
     <span class='ocr_line' id='line_1_35' title="bbox 518 1996 2097 2067; baseline -0.005 -14"><span class='ocrx_word' id='word_1_217' title='bbox 518 1999 780 2055; x_wconf 82' lang='lat' dir='ltr'><strong>invadere</strong></span> <span class='ocrx_word' id='word_1_218' title='bbox 835 2013 900 2053; x_wconf 87' lang='lat' dir='ltr'><strong>ac</strong></span> <span class='ocrx_word' id='word_1_219' title='bbox 947 2006 1160 2053; x_wconf 89' lang='lat' dir='ltr'><strong>mutare</strong></span> <span class='ocrx_word' id='word_1_220' title='bbox 1204 2012 1311 2052; x_wconf 90' lang='lat' dir='ltr'><strong>non</strong></span> <span class='ocrx_word' id='word_1_221' title='bbox 1356 1996 1594 2067; x_wconf 88' lang='lat' dir='ltr'><strong>possint,</strong></span> <span class='ocrx_word' id='word_1_222' title='bbox 1618 1996 1858 2064; x_wconf 81' lang='lat' dir='ltr'><strong>itemque</strong></span> <span class='ocrx_word' id='word_1_223' title='bbox 1885 2002 2097 2066; x_wconf 81' lang='lat' dir='ltr'><strong>marty-</strong></span> 
     </span>
    </p>
   </div>
   <div class='ocr_carea' id='block_1_36' title="bbox 517 2088 2095 2158">
    <p class='ocr_par' dir='ltr' id='par_1_36' title="bbox 517 2088 2095 2158">
     <span class='ocr_line' id='line_1_36' title="bbox 517 2088 2095 2158; baseline -0.003 -13"><span class='ocrx_word' id='word_1_224' title='bbox 517 2107 641 2147; x_wconf 87' lang='lat' dir='ltr'><strong>rum</strong></span> <span class='ocrx_word' id='word_1_225' title='bbox 670 2091 1035 2147; x_wconf 84' lang='lat' dir='ltr'><strong>constantiam</strong></span> <span class='ocrx_word' id='word_1_226' title='bbox 1072 2089 1324 2144; x_wconf 90' lang='lat' dir='ltr'><strong>ﬁrmitate</strong></span> <span class='ocrx_word' id='word_1_227' title='bbox 1355 2090 1520 2143; x_wconf 86' lang='lat' dir='ltr'><strong>animi</strong></span> <span class='ocrx_word' id='word_1_228' title='bbox 1553 2103 1728 2158; x_wconf 90' lang='lat' dir='ltr'><strong>usque</strong></span> <span class='ocrx_word' id='word_1_229' title='bbox 1759 2088 1825 2142; x_wconf 91' lang='lat' dir='ltr'><strong>ad</strong></span> <span class='ocrx_word' id='word_1_230' title='bbox 1865 2100 2095 2141; x_wconf 86' lang='lat' dir='ltr'><strong>mortem</strong></span> 
     </span>
    </p>
   </div>
   <div class='ocr_carea' id='block_1_37' title="bbox 516 2180 2096 2249">
    <p class='ocr_par' dir='ltr' id='par_1_37' title="bbox 516 2180 2096 2249">
     <span class='ocr_line' id='line_1_37' title="bbox 516 2180 2096 2249; baseline -0.004 -11"><span class='ocrx_word' id='word_1_231' title='bbox 516 2183 826 2245; x_wconf 84' lang='lat' dir='ltr'><strong>ostendere,</strong></span> <span class='ocrx_word' id='word_1_232' title='bbox 861 2183 943 2237; x_wconf 87' lang='lat' dir='ltr'><strong>sic</strong></span> <span class='ocrx_word' id='word_1_233' title='bbox 975 2190 1049 2238; x_wconf 94' lang='lat' dir='ltr'><strong>.ut</strong></span> <span class='ocrx_word' id='word_1_234' title='bbox 1089 2188 1144 2236; x_wconf 92' lang='lat' dir='ltr'><strong>et</strong></span> <span class='ocrx_word' id='word_1_235' title='bbox 1187 2180 1278 2235; x_wconf 92' lang='lat' dir='ltr'><strong>Dei</strong></span> <span class='ocrx_word' id='word_1_236' title='bbox 1310 2181 1565 2235; x_wconf 86' lang='lat' dir='ltr'><strong>mandata</strong></span> <span class='ocrx_word' id='word_1_237' title='bbox 1600 2181 1984 2249; x_wconf 88' lang='lat' dir='ltr'><strong>amplectatur,</strong></span> <span class='ocrx_word' id='word_1_238' title='bbox 2040 2185 2096 2232; x_wconf 90' lang='lat' dir='ltr'><strong>et</strong></span> 
     </span>
    </p>
   </div>
   <div class='ocr_carea' id='block_1_38' title="bbox 520 2269 2098 2343">
    <p class='ocr_par' dir='ltr' id='par_1_38' title="bbox 520 2269 2098 2343">
     <span class='ocr_line' id='line_1_38' title="bbox 520 2269 2098 2343; baseline -0.003 -17"><span class='ocrx_word' id='word_1_239' title='bbox 520 2272 804 2343; x_wconf 80' lang='lat' dir='ltr'><strong>magistris</strong></span> <span class='ocrx_word' id='word_1_240' title='bbox 860 2273 979 2327; x_wconf 88' lang='lat' dir='ltr'><strong>suis</strong></span> <span class='ocrx_word' id='word_1_241' title='bbox 1020 2273 1376 2340; x_wconf 85' lang='lat' dir='ltr'><strong>obtemperet.</strong></span> <span class='ocrx_word' id='word_1_242' title='bbox 1412 2269 1538 2327; x_wconf 70' lang='lat' dir='ltr'><strong>Haec</strong></span> <span class='ocrx_word' id='word_1_243' title='bbox 1568 2269 1714 2326; x_wconf 88' lang='lat' dir='ltr'><strong>enim</strong></span> <span class='ocrx_word' id='word_1_244' title='bbox 1743 2270 1907 2339; x_wconf 85' lang='lat' dir='ltr'><strong>hujus</strong></span> <span class='ocrx_word' id='word_1_245' title='bbox 1939 2270 2098 2324; x_wconf 84' lang='lat' dir='ltr'><strong>insti-</strong></span> 
     </span>
    </p>
   </div>
   <div class='ocr_carea' id='block_1_39' title="bbox 515 2361 2093 2439">
    <p class='ocr_par' dir='ltr' id='par_1_39' title="bbox 515 2361 2093 2439">
     <span class='ocr_line' id='line_1_39' title="bbox 515 2361 2093 2439; baseline 0 -24"><span class='ocrx_word' id='word_1_246' title='bbox 515 2363 622 2417; x_wconf 89' lang='lat' dir='ltr'><strong>tuti</strong></span> <span class='ocrx_word' id='word_1_247' title='bbox 665 2377 878 2417; x_wconf 90' lang='lat' dir='ltr'><strong>summa</strong></span> <span class='ocrx_word' id='word_1_248' title='bbox 930 2370 1036 2418; x_wconf 86' lang='lat' dir='ltr'><strong>est.</strong></span> <span class='ocrx_word' id='word_1_249' title='bbox 1095 2361 1568 2439; x_wconf 82' lang='lat' dir='ltr'><strong>Quemadmodum</strong></span> <span class='ocrx_word' id='word_1_250' title='bbox 1604 2367 1751 2417; x_wconf 89' lang='lat' dir='ltr'><strong>enim</strong></span> <span class='ocrx_word' id='word_1_251' title='bbox 1798 2361 1963 2427; x_wconf 88' lang='lat' dir='ltr'><strong>Dens,</strong></span> <span class='ocrx_word' id='word_1_252' title='bbox 1995 2361 2093 2432; x_wconf 91' lang='lat' dir='ltr'><strong>qui</strong></span> 
     </span>
    </p>
   </div>
   <div class='ocr_carea' id='block_1_40' title="bbox 514 2451 2094 2520">
    <p class='ocr_par' dir='ltr' id='par_1_40' title="bbox 514 2451 2094 2520">
     <span class='ocr_line' id='line_1_40' title="bbox 514 2451 2094 2520; baseline -0.001 -13"><span class='ocrx_word' id='word_1_253' title='bbox 514 2451 678 2508; x_wconf 75' lang='lat' dir='ltr'><strong>Pater</strong></span> <span class='ocrx_word' id='word_1_254' title='bbox 719 2455 965 2509; x_wconf 90' lang='lat' dir='ltr'><strong>omnium</strong></span> <span class='ocrx_word' id='word_1_255' title='bbox 1008 2460 1064 2507; x_wconf 92' lang='lat' dir='ltr'><strong>et</strong></span> <span class='ocrx_word' id='word_1_256' title='bbox 1100 2461 1206 2520; x_wconf 89' lang='lat' dir='ltr'><strong>est,</strong></span> <span class='ocrx_word' id='word_1_257' title='bbox 1241 2461 1297 2509; x_wconf 87' lang='lat' dir='ltr'><strong>et</strong></span> <span class='ocrx_word' id='word_1_258' title='bbox 1340 2455 1523 2509; x_wconf 89' lang='lat' dir='ltr'><strong>vocari</strong></span> <span class='ocrx_word' id='word_1_259' title='bbox 1552 2453 1690 2518; x_wconf 90' lang='lat' dir='ltr'><strong>vult,</strong></span> <span class='ocrx_word' id='word_1_260' title='bbox 1724 2452 2094 2508; x_wconf 85' lang='lat' dir='ltr'><strong>obedientiam</strong></span> 
     </span>
    </p>
   </div>
   <div class='ocr_carea' id='block_1_41' title="bbox 515 2540 2090 2614">
    <p class='ocr_par' dir='ltr' id='par_1_41' title="bbox 515 2540 2090 2614">
     <span class='ocr_line' id='line_1_41' title="bbox 515 2540 2090 2614; baseline 0.003 -21"><span class='ocrx_word' id='word_1_261' title='bbox 515 2540 921 2612; x_wconf 79' lang='lat' dir='ltr'><strong>integerrimam</strong></span> <span class='ocrx_word' id='word_1_262' title='bbox 954 2556 985 2594; x_wconf 90' lang='lat' dir='ltr'><strong>a</strong></span> <span class='ocrx_word' id='word_1_263' title='bbox 1018 2542 1136 2597; x_wconf 87' lang='lat' dir='ltr'><strong>suis</strong></span> <span class='ocrx_word' id='word_1_264' title='bbox 1176 2543 1352 2597; x_wconf 86' lang='lat' dir='ltr'><strong>servis</strong></span> <span class='ocrx_word' id='word_1_265' title='bbox 1383 2543 1553 2614; x_wconf 75' lang='lat' dir='ltr'><strong>exigit</strong></span> <span class='ocrx_word' id='word_1_266' title='bbox 1586 2560 1598 2595; x_wconf 89' lang='lat'>:</span> <span class='ocrx_word' id='word_1_267' title='bbox 1633 2545 1707 2598; x_wconf 86' lang='lat' dir='ltr'><strong>ita</strong></span> <span class='ocrx_word' id='word_1_268' title='bbox 1754 2558 1975 2613; x_wconf 88' lang='lat' dir='ltr'><strong>quoque</strong></span> <span class='ocrx_word' id='word_1_269' title='bbox 2005 2543 2090 2597; x_wconf 89' lang='lat' dir='ltr'><strong>in-</strong></span> 
     </span>
    </p>
   </div>
   <div class='ocr_carea' id='block_1_42' title="bbox 512 2633 2094 2706">
    <p class='ocr_par' dir='ltr' id='par_1_42' title="bbox 512 2633 2094 2706">
     <span class='ocr_line' id='line_1_42' title="bbox 512 2633 2094 2706; baseline 0.002 -19"><span class='ocrx_word' id='word_1_270' title='bbox 512 2637 598 2687; x_wconf 77' lang='lat' dir='ltr'><strong>ter</strong></span> <span class='ocrx_word' id='word_1_271' title='bbox 639 2633 889 2689; x_wconf 86' lang='lat' dir='ltr'><strong>homines</strong></span> <span class='ocrx_word' id='word_1_272' title='bbox 938 2633 1239 2703; x_wconf 85' lang='lat' dir='ltr'><strong>spiritualis</strong></span> <span class='ocrx_word' id='word_1_273' title='bbox 1286 2642 1440 2704; x_wconf 88' lang='lat' dir='ltr'><strong>pater</strong></span> <span class='ocrx_word' id='word_1_274' title='bbox 1485 2635 1553 2689; x_wconf 89' lang='lat' dir='ltr'><strong>ad</strong></span> <span class='ocrx_word' id='word_1_275' title='bbox 1607 2634 1700 2691; x_wconf 89' lang='lat' dir='ltr'><strong>Dei</strong></span> <span class='ocrx_word' id='word_1_276' title='bbox 1754 2636 1900 2706; x_wconf 85' lang='lat' dir='ltr'><strong>leges</strong></span> <span class='ocrx_word' id='word_1_277' title='bbox 1956 2649 2094 2705; x_wconf 69' lang='lat' dir='ltr'><strong>prte-</strong></span> 
     </span>
    </p>
   </div>
   <div class='ocr_carea' id='block_1_43' title="bbox 515 2723 2092 2797">
    <p class='ocr_par' dir='ltr' id='par_1_43' title="bbox 515 2723 2092 2797">
     <span class='ocr_line' id='line_1_43' title="bbox 515 2723 2092 2797; baseline 0.002 -20"><span class='ocrx_word' id='word_1_278' title='bbox 515 2723 719 2793; x_wconf 87' lang='lat' dir='ltr'><strong>scripta</strong></span> <span class='ocrx_word' id='word_1_279' title='bbox 769 2739 869 2778; x_wconf 92' lang='lat' dir='ltr'><strong>sua</strong></span> <span class='ocrx_word' id='word_1_280' title='bbox 918 2725 1377 2787; x_wconf 85' lang='lat' dir='ltr'><strong>accommodans,</strong></span> <span class='ocrx_word' id='word_1_281' title='bbox 1433 2727 1800 2782; x_wconf 83' lang='lat' dir='ltr'><strong>obedientiam</strong></span> <span class='ocrx_word' id='word_1_282' title='bbox 1855 2728 2092 2797; x_wconf 89' lang='lat' dir='ltr'><strong>requirit</strong></span> 
     </span>
    </p>
   </div>
   <div class='ocr_carea' id='block_1_44' title="bbox 513 2813 2094 2888">
    <p class='ocr_par' dir='ltr' id='par_1_44' title="bbox 513 2813 2094 2888">
     <span class='ocr_line' id='line_1_44' title="bbox 513 2813 2094 2888; baseline 0.002 -20"><span class='ocrx_word' id='word_1_283' title='bbox 513 2813 944 2884; x_wconf 86' lang='lat' dir='ltr'><strong>disceptationis</strong></span> <span class='ocrx_word' id='word_1_284' title='bbox 986 2818 1469 2887; x_wconf 84' lang='lat' dir='ltr'><strong>contentionisque</strong></span> <span class='ocrx_word' id='word_1_285' title='bbox 1504 2826 1807 2888; x_wconf 81' lang='lat' dir='ltr'><strong>expertem.</strong></span> <span class='ocrx_word' id='word_1_286' title='bbox 1843 2817 1901 2872; x_wconf 91' lang='lat' dir='ltr'><strong>Si</strong></span> <span class='ocrx_word' id='word_1_287' title='bbox 1947 2819 2094 2873; x_wconf 90' lang='lat' dir='ltr'><strong>enim</strong></span> 
     </span>
    </p>
   </div>
   <div class='ocr_carea' id='block_1_45' title="bbox 511 2904 2096 2978">
    <p class='ocr_par' dir='ltr' id='par_1_45' title="bbox 511 2904 2096 2978">
     <span class='ocr_line' id='line_1_45' title="bbox 511 2904 2096 2978; baseline 0.003 -20"><span class='ocrx_word' id='word_1_288' title='bbox 511 2905 610 2974; x_wconf 90' lang='lat' dir='ltr'><strong>qui</strong></span> <span class='ocrx_word' id='word_1_289' title='bbox 667 2904 994 2960; x_wconf 56' lang='lat' dir='ltr'><strong>mechanica</strong></span> <span class='ocrx_word' id='word_1_290' title='bbox 1041 2905 1205 2960; x_wconf 86' lang='lat' dir='ltr'><strong>alicui</strong></span> <span class='ocrx_word' id='word_1_291' title='bbox 1253 2908 1380 2973; x_wconf 91' lang='lat' dir='ltr'><strong>arti,</strong></span> <span class='ocrx_word' id='word_1_292' title='bbox 1408 2923 1598 2962; x_wconf 88' lang='lat' dir='ltr'><strong>earum</strong></span> <span class='ocrx_word' id='word_1_293' title='bbox 1649 2908 1924 2971; x_wconf 86' lang='lat' dir='ltr'><strong>videlicet,</strong></span> <span class='ocrx_word' id='word_1_294' title='bbox 1974 2923 2096 2978; x_wconf 65' lang='lat' dir='ltr'><strong>quae</strong></span> 
     </span>
    </p>
   </div>
   <div class='ocr_carea' id='block_1_46' title="bbox 513 2995 2093 3069">
    <p class='ocr_par' dir='ltr' id='par_1_46' title="bbox 513 2995 2093 3069">
     <span class='ocr_line' id='line_1_46' title="bbox 513 2995 2093 3069; baseline 0.003 -20"><span class='ocrx_word' id='word_1_295' title='bbox 513 2995 584 3050; x_wconf 87' lang='lat' dir='ltr'><strong>ad</strong></span> <span class='ocrx_word' id='word_1_296' title='bbox 622 3005 943 3065; x_wconf 81' lang='lat' dir='ltr'><strong>praesentem</strong></span> <span class='ocrx_word' id='word_1_297' title='bbox 970 2996 1143 3050; x_wconf 84' lang='lat' dir='ltr'><strong>vitam</strong></span> <span class='ocrx_word' id='word_1_298' title='bbox 1174 2998 1337 3052; x_wconf 78' lang='lat' dir='ltr'><strong>utiles</strong></span> <span class='ocrx_word' id='word_1_299' title='bbox 1368 3006 1518 3061; x_wconf 89' lang='lat' dir='ltr'><strong>sunt,</strong></span> <span class='ocrx_word' id='word_1_300' title='bbox 1546 2999 1788 3055; x_wconf 90' lang='lat' dir='ltr'><strong>studium</strong></span> <span class='ocrx_word' id='word_1_301' title='bbox 1831 3000 2093 3069; x_wconf 89' lang='lat' dir='ltr'><strong>impertit,</strong></span> 
     </span>
    </p>
   </div>
   <div class='ocr_carea' id='block_1_47' title="bbox 513 3088 2096 3159">
    <p class='ocr_par' dir='ltr' id='par_1_47' title="bbox 513 3088 2096 3159">
     <span class='ocr_line' id='line_1_47' title="bbox 513 3088 2096 3159; baseline 0.003 -16"><span class='ocrx_word' id='word_1_302' title='bbox 513 3102 744 3159; x_wconf 87' lang='lat' dir='ltr'><strong>prorsus</strong></span> <span class='ocrx_word' id='word_1_303' title='bbox 771 3088 958 3143; x_wconf 90' lang='lat' dir='ltr'><strong>obedit</strong></span> <span class='ocrx_word' id='word_1_304' title='bbox 988 3090 1204 3155; x_wconf 89' lang='lat' dir='ltr'><strong>artiﬁci,</strong></span> <span class='ocrx_word' id='word_1_305' title='bbox 1237 3106 1414 3159; x_wconf 88' lang='lat' dir='ltr'><strong>neque</strong></span> <span class='ocrx_word' id='word_1_306' title='bbox 1441 3092 1552 3145; x_wconf 88' lang='lat' dir='ltr'><strong>ulla</strong></span> <span class='ocrx_word' id='word_1_307' title='bbox 1594 3092 1648 3145; x_wconf 92' lang='lat' dir='ltr'><strong>in</strong></span> <span class='ocrx_word' id='word_1_308' title='bbox 1682 3107 1740 3146; x_wconf 91' lang='lat' dir='ltr'><strong>re</strong></span> <span class='ocrx_word' id='word_1_309' title='bbox 1773 3092 2096 3148; x_wconf 84' lang='lat' dir='ltr'><strong>adversatur</strong></span> 
     </span>
    </p>
   </div>
   <div class='ocr_carea' id='block_1_48' title="bbox 2205 1891 3744 1967">
    <p class='ocr_par' dir='ltr' id='par_1_48' title="bbox 2205 1891 3744 1967">
     <span class='ocr_line' id='line_1_48' title="bbox 2205 1891 3744 1967; baseline -0.005 -17"><span class='ocrx_word' id='word_1_310' title='bbox 2205 1895 2553 1967; x_wconf 86' lang='grc' dir='ltr'><strong>επιχείρητον</strong></span> <span class='ocrx_word' id='word_1_311' title='bbox 2580 1894 2673 1947; x_wconf 74' lang='grc' dir='ltr'><strong>καὶ</strong></span> <span class='ocrx_word' id='word_1_312' title='bbox 2701 1893 3055 1965; x_wconf 83' lang='grc' dir='ltr'><strong>ἀμετάθετον,</strong></span> <span class='ocrx_word' id='word_1_313' title='bbox 3087 1892 3180 1945; x_wconf 73' lang='grc' dir='ltr'><strong>καὶ</strong></span> <span class='ocrx_word' id='word_1_314' title='bbox 3207 1892 3502 1964; x_wconf 76' lang='grc' dir='ltr'><strong>μαρτύρων</strong></span> <span class='ocrx_word' id='word_1_315' title='bbox 3532 1891 3744 1945; x_wconf 79' lang='grc' dir='ltr'><strong>ἔνστασιν</strong></span> 
     </span>
    </p>
   </div>
   <div class='ocr_carea' id='block_1_49' title="bbox 2202 1982 3743 2060">
    <p class='ocr_par' dir='ltr' id='par_1_49' title="bbox 2202 1982 3743 2060">
     <span class='ocr_line' id='line_1_49' title="bbox 2202 1982 3743 2060; baseline -0.005 -17"><span class='ocrx_word' id='word_1_316' title='bbox 2202 1991 2268 2060; x_wconf 77' lang='grc' dir='ltr'><strong>τῇ</strong></span> <span class='ocrx_word' id='word_1_317' title='bbox 2302 1990 2400 2059; x_wconf 74' lang='grc' dir='ltr'><strong>τῆς</strong></span> <span class='ocrx_word' id='word_1_318' title='bbox 2424 1987 2600 2056; x_wconf 82' lang='grc' dir='ltr'><strong>ψυχῆς</strong></span> <span class='ocrx_word' id='word_1_319' title='bbox 2635 1984 3036 2039; x_wconf 76' lang='grc' dir='ltr'><strong>ἐπιδείκνυσθαι</strong></span> <span class='ocrx_word' id='word_1_320' title='bbox 3068 1983 3381 2055; x_wconf 84' lang='grc' dir='ltr'><strong>βεϐαιότητι</strong></span> <span class='ocrx_word' id='word_1_321' title='bbox 3410 1984 3569 2055; x_wconf 80' lang='grc' dir='ltr'><strong>μέχρι</strong></span> <span class='ocrx_word' id='word_1_322' title='bbox 3606 1982 3743 2036; x_wconf 85' lang='grc' dir='ltr'><strong>θανά-</strong></span> 
     </span>
    </p>
   </div>
   <div class='ocr_carea' id='block_1_50' title="bbox 2202 2073 3744 2147">
    <p class='ocr_par' dir='ltr' id='par_1_50' title="bbox 2202 2073 3744 2147">
     <span class='ocr_line' id='line_1_50' title="bbox 2202 2073 3744 2147; baseline -0.006 -13"><span class='ocrx_word' id='word_1_323' title='bbox 2202 2098 2318 2144; x_wconf 87' lang='grc' dir='ltr'><strong>του,</strong></span> <span class='ocrx_word' id='word_1_324' title='bbox 2345 2079 2454 2133; x_wconf 86' lang='grc' dir='ltr'><strong>τῶν</strong></span> <span class='ocrx_word' id='word_1_325' title='bbox 2492 2096 2552 2132; x_wconf 89' lang='grc' dir='ltr'><strong>τε</strong></span> <span class='ocrx_word' id='word_1_326' title='bbox 2585 2077 2813 2131; x_wconf 82' lang='grc' dir='ltr'><strong>ἐντολῶν</strong></span> <span class='ocrx_word' id='word_1_327' title='bbox 2845 2076 2938 2131; x_wconf 80' lang='grc' dir='ltr'><strong>τοῦ</strong></span> <span class='ocrx_word' id='word_1_328' title='bbox 2972 2076 3107 2131; x_wconf 86' lang='grc' dir='ltr'><strong>Θεοῦ</strong></span> <span class='ocrx_word' id='word_1_329' title='bbox 3137 2076 3499 2147; x_wconf 82' lang='grc' dir='ltr'><strong>ἀντεχόμενον</strong></span> <span class='ocrx_word' id='word_1_330' title='bbox 3525 2074 3647 2145; x_wconf 86' lang='lat'><strong>(59),</strong></span> <span class='ocrx_word' id='word_1_331' title='bbox 3670 2073 3744 2128; x_wconf 79' lang='grc' dir='ltr'><strong>καὶ</strong></span> 
     </span>
    </p>
   </div>
   <div class='ocr_carea' id='block_1_51' title="bbox 2202 2167 3741 2245">
    <p class='ocr_par' dir='ltr' id='par_1_51' title="bbox 2202 2167 3741 2245">
     <span class='ocr_line' id='line_1_51' title="bbox 2202 2167 3741 2245; baseline -0.005 -19"><span class='ocrx_word' id='word_1_332' title='bbox 2202 2174 2300 2245; x_wconf 82' lang='grc' dir='ltr'><strong>τὴν</strong></span> <span class='ocrx_word' id='word_1_333' title='bbox 2355 2172 2602 2241; x_wconf 83' lang='grc' dir='ltr'><strong>ὑπακοὴν</strong></span> <span class='ocrx_word' id='word_1_334' title='bbox 2656 2173 2770 2245; x_wconf 87' lang='grc' dir='ltr'><strong>τοῖς</strong></span> <span class='ocrx_word' id='word_1_335' title='bbox 2826 2169 3261 2240; x_wconf 86' lang='grc' dir='ltr'><strong>καθηγουμένοις</strong></span> <span class='ocrx_word' id='word_1_336' title='bbox 3320 2167 3741 2238; x_wconf 75' lang='grc' dir='ltr'><strong>ἐπιδεικνύμενον.</strong></span> 
     </span>
    </p>
   </div>
   <div class='ocr_carea' id='block_1_52' title="bbox 2203 2242 3743 2332">
    <p class='ocr_par' dir='ltr' id='par_1_52' title="bbox 2203 2242 3743 2332">
     <span class='ocr_line' id='line_1_52' title="bbox 2203 2242 3743 2332; baseline -0.004 -16"><span class='ocrx_word' id='word_1_337' title='bbox 2203 2242 2375 2316; x_wconf 80' lang='grc' dir='ltr'><strong>Τοῦτο</strong></span> <span class='ocrx_word' id='word_1_338' title='bbox 2407 2262 2515 2332; x_wconf 88' lang='grc' dir='ltr'><strong>γάρ</strong></span> <span class='ocrx_word' id='word_1_339' title='bbox 2544 2263 2643 2331; x_wconf 85' lang='grc' dir='ltr'><strong>τῆς</strong></span> <span class='ocrx_word' id='word_1_340' title='bbox 2674 2242 2945 2324; x_wconf 84' lang='grc' dir='ltr'><strong>πολιτείας</strong></span> <span class='ocrx_word' id='word_1_341' title='bbox 2979 2260 3097 2313; x_wconf 79' lang='grc' dir='ltr'><strong>ἐστὶ</strong></span> <span class='ocrx_word' id='word_1_342' title='bbox 3134 2260 3195 2313; x_wconf 85' lang='grc' dir='ltr'><strong>τὸ</strong></span> <span class='ocrx_word' id='word_1_343' title='bbox 3225 2260 3538 2329; x_wconf 78' lang='grc' dir='ltr'><strong>κεφάλαιον.</strong></span> <span class='ocrx_word' id='word_1_344' title='bbox 3570 2260 3743 2329; x_wconf 82' lang='grc' dir='ltr'><strong>Ὠσπερ</strong></span> 
     </span>
    </p>
   </div>
   <div class='ocr_carea' id='block_1_53' title="bbox 2203 2346 3743 2426">
    <p class='ocr_par' dir='ltr' id='par_1_53' title="bbox 2203 2346 3743 2426">
     <span class='ocr_line' id='line_1_53' title="bbox 2203 2346 3743 2426; baseline -0.005 -20"><span class='ocrx_word' id='word_1_345' title='bbox 2203 2353 2313 2426; x_wconf 86' lang='grc' dir='ltr'><strong>γὰρ</strong></span> <span class='ocrx_word' id='word_1_346' title='bbox 2356 2353 2385 2406; x_wconf 91' lang='grc' dir='ltr'><strong>ό</strong></span> <span class='ocrx_word' id='word_1_347' title='bbox 2413 2353 2567 2415; x_wconf 82' lang='grc' dir='ltr'><strong>Θεὸς,</strong></span> <span class='ocrx_word' id='word_1_348' title='bbox 2603 2352 2795 2422; x_wconf 76' lang='grc' dir='ltr'><strong>Πατὴρ</strong></span> <span class='ocrx_word' id='word_1_349' title='bbox 2824 2351 3082 2405; x_wconf 82' lang='grc' dir='ltr'><strong>ἁπάντων</strong></span> <span class='ocrx_word' id='word_1_350' title='bbox 3126 2352 3219 2403; x_wconf 71' lang='grc' dir='ltr'><strong>καὶ</strong></span> <span class='ocrx_word' id='word_1_351' title='bbox 3246 2349 3346 2413; x_wconf 84' lang='grc' dir='ltr'><strong>ὢν,</strong></span> <span class='ocrx_word' id='word_1_352' title='bbox 3378 2351 3473 2403; x_wconf 78' lang='grc' dir='ltr'><strong>καὶ</strong></span> <span class='ocrx_word' id='word_1_353' title='bbox 3500 2346 3743 2403; x_wconf 79' lang='grc' dir='ltr'><strong>καλεῖσθαι</strong></span> 
     </span>
    </p>
   </div>
   <div class='ocr_carea' id='block_1_54' title="bbox 2202 2438 3744 2516">
    <p class='ocr_par' dir='ltr' id='par_1_54' title="bbox 2202 2438 3744 2516">
     <span class='ocr_line' id='line_1_54' title="bbox 2202 2438 3744 2516; baseline -0.006 -16"><span class='ocrx_word' id='word_1_354' title='bbox 2202 2443 2493 2511; x_wconf 82' lang='grc' dir='ltr'><strong>καταξιῶν,</strong></span> <span class='ocrx_word' id='word_1_355' title='bbox 2528 2443 2931 2516; x_wconf 87' lang='grc' dir='ltr'><strong>ἀκριϐεστάτην</strong></span> <span class='ocrx_word' id='word_1_356' title='bbox 2961 2441 3114 2515; x_wconf 86' lang='grc' dir='ltr'><strong>παρὰ</strong></span> <span class='ocrx_word' id='word_1_357' title='bbox 3144 2442 3255 2496; x_wconf 84' lang='grc' dir='ltr'><strong>τῶν</strong></span> <span class='ocrx_word' id='word_1_358' title='bbox 3302 2441 3470 2498; x_wconf 80' lang='grc' dir='ltr'><strong>αὑτοῦ</strong></span> <span class='ocrx_word' id='word_1_359' title='bbox 3518 2438 3744 2513; x_wconf 67' lang='grc' dir='ltr'><strong>θεραπόν-</strong></span> 
     </span>
    </p>
   </div>
   <div class='ocr_carea' id='block_1_55' title="bbox 2201 2528 3745 2607">
    <p class='ocr_par' dir='ltr' id='par_1_55' title="bbox 2201 2528 3745 2607">
     <span class='ocr_line' id='line_1_55' title="bbox 2201 2528 3745 2607; baseline -0.005 -16"><span class='ocrx_word' id='word_1_360' title='bbox 2201 2555 2315 2591; x_wconf 87' lang='grc' dir='ltr'><strong>των</strong></span> <span class='ocrx_word' id='word_1_361' title='bbox 2344 2539 2565 2590; x_wconf 82' lang='grc' dir='ltr'><strong>ἀπαιτεῖ</strong></span> <span class='ocrx_word' id='word_1_362' title='bbox 2582 2536 2678 2607; x_wconf 79' lang='grc' dir='ltr'><strong>τὴν</strong></span> <span class='ocrx_word' id='word_1_363' title='bbox 2713 2535 3039 2591; x_wconf 81' lang='grc' dir='ltr'><strong>εὐπείθειαν·</strong></span> <span class='ocrx_word' id='word_1_364' title='bbox 3074 2534 3216 2588; x_wconf 77' lang='grc' dir='ltr'><strong>οὕτω</strong></span> <span class='ocrx_word' id='word_1_365' title='bbox 3236 2535 3338 2589; x_wconf 77' lang='grc' dir='ltr'><strong>καὶ</strong></span> <span class='ocrx_word' id='word_1_366' title='bbox 3364 2537 3395 2589; x_wconf 90' lang='grc' dir='ltr'><strong>ό</strong></span> <span class='ocrx_word' id='word_1_367' title='bbox 3418 2528 3745 2604; x_wconf 69' lang='grc' dir='ltr'><strong>πνευματικὸς</strong></span> 
     </span>
    </p>
   </div>
   <div class='ocr_carea' id='block_1_56' title="bbox 2203 2622 3745 2703">
    <p class='ocr_par' dir='ltr' id='par_1_56' title="bbox 2203 2622 3745 2703">
     <span class='ocr_line' id='line_1_56' title="bbox 2203 2622 3745 2703; baseline -0.004 -19"><span class='ocrx_word' id='word_1_368' title='bbox 2203 2634 2260 2685; x_wconf 87' lang='grc' dir='ltr'><strong>ἐν</strong></span> <span class='ocrx_word' id='word_1_369' title='bbox 2298 2628 2604 2703; x_wconf 86' lang='grc' dir='ltr'><strong>ἀνθρώποις</strong></span> <span class='ocrx_word' id='word_1_370' title='bbox 2630 2630 2812 2701; x_wconf 83' lang='grc' dir='ltr'><strong>πατὴρ</strong></span> <span class='ocrx_word' id='word_1_371' title='bbox 2839 2629 2975 2699; x_wconf 79' lang='grc' dir='ltr'><strong>πρὸς</strong></span> <span class='ocrx_word' id='word_1_372' title='bbox 3001 2629 3127 2693; x_wconf 74' lang='grc' dir='ltr'><strong>τοὺς</strong></span> <span class='ocrx_word' id='word_1_373' title='bbox 3158 2628 3251 2681; x_wconf 79' lang='grc' dir='ltr'><strong>τοῦ</strong></span> <span class='ocrx_word' id='word_1_374' title='bbox 3279 2627 3417 2682; x_wconf 82' lang='grc' dir='ltr'><strong>Θεοῦ</strong></span> <span class='ocrx_word' id='word_1_375' title='bbox 3451 2627 3635 2698; x_wconf 89' lang='grc' dir='ltr'><strong>νόμους</strong></span> <span class='ocrx_word' id='word_1_376' title='bbox 3667 2622 3745 2686; x_wconf 76' lang='grc' dir='ltr'><strong>τὰς</strong></span> 
     </span>
    </p>
   </div>
   <div class='ocr_carea' id='block_1_57' title="bbox 2203 2720 3742 2795">
    <p class='ocr_par' dir='ltr' id='par_1_57' title="bbox 2203 2720 3742 2795">
     <span class='ocr_line' id='line_1_57' title="bbox 2203 2720 3742 2795; baseline -0.006 -17"><span class='ocrx_word' id='word_1_377' title='bbox 2203 2723 2395 2778; x_wconf 80' lang='grc' dir='ltr'><strong>ἐαυτοῦ</strong></span> <span class='ocrx_word' id='word_1_378' title='bbox 2439 2720 2708 2788; x_wconf 77' lang='grc' dir='ltr'><strong>διατάξεις</strong></span> <span class='ocrx_word' id='word_1_379' title='bbox 2752 2721 3029 2795; x_wconf 79' lang='grc' dir='ltr'><strong>ἁρμόζων,</strong></span> <span class='ocrx_word' id='word_1_380' title='bbox 3084 2721 3491 2793; x_wconf 79' lang='grc' dir='ltr'><strong>ἀναμφίλεκτον</strong></span> <span class='ocrx_word' id='word_1_381' title='bbox 3538 2721 3627 2792; x_wconf 79' lang='grc' dir='ltr'><strong>τὴν</strong></span> <span class='ocrx_word' id='word_1_382' title='bbox 3662 2720 3742 2770; x_wconf 81' lang='grc' dir='ltr'><strong>ὐπ-</strong></span> 
     </span>
    </p>
   </div>
   <div class='ocr_carea' id='block_1_58' title="bbox 2202 2811 3741 2886">
    <p class='ocr_par' dir='ltr' id='par_1_58' title="bbox 2202 2811 3741 2886">
     <span class='ocr_line' id='line_1_58' title="bbox 2202 2811 3741 2886; baseline -0.005 -18"><span class='ocrx_word' id='word_1_383' title='bbox 2202 2817 2369 2885; x_wconf 79' lang='grc' dir='ltr'><strong>ακοὴν</strong></span> <span class='ocrx_word' id='word_1_384' title='bbox 2403 2816 2644 2869; x_wconf 87' lang='grc' dir='ltr'><strong>ἀπαιτεῖ.</strong></span> <span class='ocrx_word' id='word_1_385' title='bbox 2690 2816 2753 2868; x_wconf 81' lang='lat' dir='ltr'><strong>Et</strong></span> <span class='ocrx_word' id='word_1_386' title='bbox 2782 2814 2892 2886; x_wconf 82' lang='grc' dir='ltr'><strong>γάρ</strong></span> <span class='ocrx_word' id='word_1_387' title='bbox 2936 2816 2965 2866; x_wconf 83' lang='grc' dir='ltr'>ὁ</span> <span class='ocrx_word' id='word_1_388' title='bbox 2989 2814 3151 2885; x_wconf 82' lang='grc' dir='ltr'><strong>τέχνῃ</strong></span> <span class='ocrx_word' id='word_1_389' title='bbox 3180 2814 3291 2867; x_wconf 79' lang='grc' dir='ltr'><strong>τινὶ</strong></span> <span class='ocrx_word' id='word_1_390' title='bbox 3329 2812 3439 2867; x_wconf 82' lang='grc' dir='ltr'><strong>τῶν</strong></span> <span class='ocrx_word' id='word_1_391' title='bbox 3480 2811 3741 2883; x_wconf 81' lang='grc' dir='ltr'><strong>βαναύσων,</strong></span> 
     </span>
    </p>
   </div>
   <div class='ocr_carea' id='block_1_59' title="bbox 2200 2902 3743 2979">
    <p class='ocr_par' dir='ltr' id='par_1_59' title="bbox 2200 2902 3743 2979">
     <span class='ocr_line' id='line_1_59' title="bbox 2200 2902 3743 2979; baseline 0.005 -17"><span class='ocrx_word' id='word_1_392' title='bbox 2200 2908 2406 2962; x_wconf 91' lang='grc' dir='ltr'><strong>τούτων</strong></span> <span class='ocrx_word' id='word_1_393' title='bbox 2447 2907 2512 2979; x_wconf 82' lang='grc' dir='ltr'><strong>δὴ</strong></span> <span class='ocrx_word' id='word_1_394' title='bbox 2539 2907 2649 2962; x_wconf 84' lang='grc' dir='ltr'><strong>τῶν</strong></span> <span class='ocrx_word' id='word_1_395' title='bbox 2677 2907 2814 2978; x_wconf 86' lang='grc' dir='ltr'><strong>πρὸς</strong></span> <span class='ocrx_word' id='word_1_396' title='bbox 2839 2905 2938 2976; x_wconf 79' lang='grc' dir='ltr'><strong>τὴν</strong></span> <span class='ocrx_word' id='word_1_397' title='bbox 2981 2905 3262 2976; x_wconf 81' lang='grc' dir='ltr'><strong>παροῦσαν</strong></span> <span class='ocrx_word' id='word_1_398' title='bbox 3289 2902 3439 2976; x_wconf 76' lang='grc' dir='ltr'><strong>ζωὴν</strong></span> <span class='ocrx_word' id='word_1_399' title='bbox 3480 2905 3600 2974; x_wconf 79' lang='grc' dir='ltr'><strong>ἡμῖν</strong></span> <span class='ocrx_word' id='word_1_400' title='bbox 3638 2917 3743 2971; x_wconf 83' lang='grc' dir='ltr'><strong>χρη·</strong></span> 
     </span>
    </p>
   </div>
   <div class='ocr_carea' id='block_1_60' title="bbox 2204 2989 3742 3071">
    <p class='ocr_par' dir='ltr' id='par_1_60' title="bbox 2204 2989 3742 3071">
     <span class='ocr_line' id='line_1_60' title="bbox 2204 2989 3742 3071; baseline -0.007 -18"><span class='ocrx_word' id='word_1_401' title='bbox 2204 2999 2399 3071; x_wconf 89' lang='grc' dir='ltr'><strong>σίμων,</strong></span> <span class='ocrx_word' id='word_1_402' title='bbox 2447 3000 2636 3052; x_wconf 77' lang='grc' dir='ltr'><strong>ἐαυτὸν</strong></span> <span class='ocrx_word' id='word_1_403' title='bbox 2678 2998 2937 3063; x_wconf 81' lang='grc' dir='ltr'><strong>ἐκδιδοὺς,</strong></span> <span class='ocrx_word' id='word_1_404' title='bbox 2990 2998 3155 3051; x_wconf 77' lang='grc' dir='ltr'><strong>παντὶ</strong></span> <span class='ocrx_word' id='word_1_405' title='bbox 3194 2998 3388 3068; x_wconf 82' lang='grc' dir='ltr'><strong>τρόπῳ</strong></span> <span class='ocrx_word' id='word_1_406' title='bbox 3420 2996 3647 3051; x_wconf 83' lang='grc' dir='ltr'><strong>πείθεται</strong></span> <span class='ocrx_word' id='word_1_407' title='bbox 3682 2989 3742 3061; x_wconf 79' lang='grc' dir='ltr'><strong>τῷ</strong></span> 
     </span>
    </p>
   </div>
   <div class='ocr_carea' id='block_1_61' title="bbox 2201 3086 3741 3165">
    <p class='ocr_par' dir='ltr' id='par_1_61' title="bbox 2201 3086 3741 3165">
     <span class='ocr_line' id='line_1_61' title="bbox 2201 3086 3741 3165; baseline -0.007 -18"><span class='ocrx_word' id='word_1_408' title='bbox 2201 3094 2455 3165; x_wconf 80' lang='grc' dir='ltr'><strong>τεχνίτῃ,</strong></span> <span class='ocrx_word' id='word_1_409' title='bbox 2499 3094 2594 3146; x_wconf 74' lang='grc' dir='ltr'><strong>καὶ</strong></span> <span class='ocrx_word' id='word_1_410' title='bbox 2645 3090 2764 3145; x_wconf 76' lang='grc' dir='ltr'><strong>κατ’</strong></span> <span class='ocrx_word' id='word_1_411' title='bbox 2819 3091 2971 3145; x_wconf 77' lang='grc' dir='ltr'><strong>οὐδὲν</strong></span> <span class='ocrx_word' id='word_1_412' title='bbox 3022 3090 3367 3144; x_wconf 79' lang='grc' dir='ltr'><strong>ἐναντιοῦται</strong></span> <span class='ocrx_word' id='word_1_413' title='bbox 3412 3092 3523 3152; x_wconf 87' lang='grc' dir='ltr'><strong>τοῖς</strong></span> <span class='ocrx_word' id='word_1_414' title='bbox 3569 3086 3741 3139; x_wconf 83' lang='grc' dir='ltr'><strong>ἐκείνου</strong></span> 
     </span>
    </p>
   </div>
   <div class='ocr_carea' id='block_1_62' title="bbox 512 3177 2094 3259">
    <p class='ocr_par' dir='ltr' id='par_1_62' title="bbox 512 3178 2094 3254">
     <span class='ocr_line' id='line_1_62' title="bbox 512 3178 2094 3254; baseline 0.003 -21"><span class='ocrx_word' id='word_1_415' title='bbox 512 3178 661 3234; x_wconf 91' lang='lat' dir='ltr'><strong>illius</strong></span> <span class='ocrx_word' id='word_1_416' title='bbox 709 3180 1019 3250; x_wconf 63' lang='lat' dir='ltr'><strong>praeceptis,</strong></span> <span class='ocrx_word' id='word_1_417' title='bbox 1063 3190 1118 3235; x_wconf 89' lang='lat' dir='ltr'><strong>et</strong></span> <span class='ocrx_word' id='word_1_418' title='bbox 1166 3196 1235 3235; x_wconf 88' lang='lat' dir='ltr'><strong>ne</strong></span> <span class='ocrx_word' id='word_1_419' title='bbox 1279 3183 1561 3252; x_wconf 84' lang='lat' dir='ltr'><strong>paululum</strong></span> <span class='ocrx_word' id='word_1_420' title='bbox 1609 3183 1829 3252; x_wconf 90' lang='lat' dir='ltr'><strong>quidem</strong></span> <span class='ocrx_word' id='word_1_421' title='bbox 1874 3184 1942 3237; x_wconf 73' lang='lat' dir='ltr'><strong>ab</strong></span> <span class='ocrx_word' id='word_1_422' title='bbox 1978 3185 2094 3254; x_wconf 90' lang='lat' dir='ltr'><strong>ipso</strong></span> 
     </span>
    </p>
   </div>
   <div class='ocr_carea' id='block_1_63' title="bbox 2199 3177 3739 3259">
    <p class='ocr_par' dir='ltr' id='par_1_63' title="bbox 2201 3177 3739 3259">
     <span class='ocr_line' id='line_1_63' title="bbox 2201 3177 3739 3259; baseline -0.006 -21"><span class='ocrx_word' id='word_1_423' title='bbox 2201 3187 2639 3259; x_wconf 84' lang='grc' dir='ltr'><strong>προστάγμασιν,</strong></span> <span class='ocrx_word' id='word_1_424' title='bbox 2670 3182 2795 3238; x_wconf 72' lang='grc' dir='ltr'><strong>οὔτε</strong></span> <span class='ocrx_word' id='word_1_425' title='bbox 2830 3184 2935 3256; x_wconf 78' lang='grc' dir='ltr'><strong>μὴν</strong></span> <span class='ocrx_word' id='word_1_426' title='bbox 2961 3184 3099 3256; x_wconf 80' lang='grc' dir='ltr'><strong>πρὸς</strong></span> <span class='ocrx_word' id='word_1_427' title='bbox 3126 3184 3187 3237; x_wconf 60' lang='lat' dir='ltr'><strong>ea</strong></span> <span class='ocrx_word' id='word_1_428' title='bbox 3214 3183 3556 3255; x_wconf 85' lang='grc' dir='ltr'><strong>βραχύτατον</strong></span> <span class='ocrx_word' id='word_1_429' title='bbox 3583 3177 3739 3232; x_wconf 82' lang='grc' dir='ltr'><strong>τούτου</strong></span> 
     </span>
    </p>
   </div>
   <div class='ocr_carea' id='block_1_64' title="bbox 514 3269 2094 3345">
    <p class='ocr_par' dir='ltr' id='par_1_64' title="bbox 514 3269 2094 3345">
     <span class='ocr_line' id='line_1_64' title="bbox 514 3269 2094 3345; baseline 0.002 -19"><span class='ocrx_word' id='word_1_430' title='bbox 514 3269 741 3335; x_wconf 86' lang='lat' dir='ltr'><strong>secedit,</strong></span> <span class='ocrx_word' id='word_1_431' title='bbox 779 3270 878 3325; x_wconf 89' lang='lat' dir='ltr'><strong>sed</strong></span> <span class='ocrx_word' id='word_1_432' title='bbox 932 3273 1084 3327; x_wconf 90' lang='lat' dir='ltr'><strong>omni</strong></span> <span class='ocrx_word' id='word_1_433' title='bbox 1119 3282 1364 3343; x_wconf 82' lang='lat' dir='ltr'><strong>tempore</strong></span> <span class='ocrx_word' id='word_1_434' title='bbox 1408 3273 1463 3327; x_wconf 92' lang='lat' dir='ltr'><strong>in</strong></span> <span class='ocrx_word' id='word_1_435' title='bbox 1498 3274 1675 3329; x_wconf 86' lang='lat' dir='ltr'><strong>oculis</strong></span> <span class='ocrx_word' id='word_1_436' title='bbox 1717 3275 1963 3345; x_wconf 89' lang='lat' dir='ltr'><strong>magistri</strong></span> <span class='ocrx_word' id='word_1_437' title='bbox 1989 3282 2094 3340; x_wconf 88' lang='lat' dir='ltr'><strong>est,</strong></span> 
     </span>
    </p>
   </div>
   <div class='ocr_carea' id='block_1_65' title="bbox 512 3362 2098 3437">
    <p class='ocr_par' dir='ltr' id='par_1_65' title="bbox 512 3362 2098 3437">
     <span class='ocr_line' id='line_1_65' title="bbox 512 3362 2098 3437; baseline 0.004 -22"><span class='ocrx_word' id='word_1_438' title='bbox 512 3362 808 3431; x_wconf 86' lang='lat' dir='ltr'><strong>cibumque</strong></span> <span class='ocrx_word' id='word_1_439' title='bbox 839 3372 894 3417; x_wconf 89' lang='lat' dir='ltr'><strong>et</strong></span> <span class='ocrx_word' id='word_1_440' title='bbox 918 3371 1106 3431; x_wconf 90' lang='lat' dir='ltr'><strong>potum</strong></span> <span class='ocrx_word' id='word_1_441' title='bbox 1130 3378 1192 3418; x_wconf 91' lang='lat' dir='ltr'><strong>ac</strong></span> <span class='ocrx_word' id='word_1_442' title='bbox 1231 3364 1499 3435; x_wconf 87' lang='lat' dir='ltr'><strong>reliquum</strong></span> <span class='ocrx_word' id='word_1_443' title='bbox 1534 3366 1738 3420; x_wconf 87' lang='lat' dir='ltr'><strong>victum</strong></span> <span class='ocrx_word' id='word_1_444' title='bbox 1769 3365 1841 3421; x_wconf 92' lang='lat' dir='ltr'><strong>ab</strong></span> <span class='ocrx_word' id='word_1_445' title='bbox 1873 3381 1938 3422; x_wconf 90' lang='lat' dir='ltr'><strong>eo</strong></span> <span class='ocrx_word' id='word_1_446' title='bbox 1959 3381 2098 3437; x_wconf 69' lang='lat' dir='ltr'><strong>pra:-</strong></span> 
     </span>
    </p>
   </div>
   <div class='ocr_carea' id='block_1_66' title="bbox 514 3453 2097 3528">
    <p class='ocr_par' dir='ltr' id='par_1_66' title="bbox 514 3453 2097 3528">
     <span class='ocr_line' id='line_1_66' title="bbox 514 3453 2097 3528; baseline 0.003 -19"><span class='ocrx_word' id='word_1_447' title='bbox 514 3453 779 3524; x_wconf 81' lang='lat' dir='ltr'><strong>scriptum</strong></span> <span class='ocrx_word' id='word_1_448' title='bbox 829 3456 1062 3526; x_wconf 90' lang='lat' dir='ltr'><strong>recipit;</strong></span> <span class='ocrx_word' id='word_1_449' title='bbox 1110 3457 1282 3513; x_wconf 90' lang='lat' dir='ltr'><strong>multo</strong></span> <span class='ocrx_word' id='word_1_450' title='bbox 1323 3458 1499 3528; x_wconf 89' lang='lat' dir='ltr'><strong>magis</strong></span> <span class='ocrx_word' id='word_1_451' title='bbox 1528 3460 1621 3528; x_wconf 91' lang='lat' dir='ltr'><strong>qui</strong></span> <span class='ocrx_word' id='word_1_452' title='bbox 1664 3458 1730 3512; x_wconf 88' lang='lat' dir='ltr'><strong>ad</strong></span> <span class='ocrx_word' id='word_1_453' title='bbox 1777 3458 2097 3513; x_wconf 86' lang='lat' dir='ltr'><strong>discendam</strong></span> 
     </span>
    </p>
   </div>
   <div class='ocr_carea' id='block_1_67' title="bbox 513 3541 2097 3616">
    <p class='ocr_par' dir='ltr' id='par_1_67' title="bbox 513 3541 2097 3616">
     <span class='ocr_line' id='line_1_67' title="bbox 513 3541 2097 3616; baseline 0.004 -21"><span class='ocrx_word' id='word_1_454' title='bbox 513 3541 732 3612; x_wconf 88' lang='lat' dir='ltr'><strong>pietatis</strong></span> <span class='ocrx_word' id='word_1_455' title='bbox 773 3544 1193 3615; x_wconf 88' lang='lat' dir='ltr'><strong>sanctitatisque</strong></span> <span class='ocrx_word' id='word_1_456' title='bbox 1256 3546 1608 3616; x_wconf 89' lang='lat' dir='ltr'><strong>disciplinam</strong></span> <span class='ocrx_word' id='word_1_457' title='bbox 1664 3546 1955 3610; x_wconf 86' lang='lat' dir='ltr'><strong>accedunt,</strong></span> <span class='ocrx_word' id='word_1_458' title='bbox 2004 3547 2097 3602; x_wconf 91' lang='lat' dir='ltr'><strong>ubi</strong></span> 
     </span>
    </p>
   </div>
   <div class='ocr_carea' id='block_1_68' title="bbox 514 3630 2098 3710">
    <p class='ocr_par' dir='ltr' id='par_1_68' title="bbox 514 3630 2098 3710">
     <span class='ocr_line' id='line_1_68' title="bbox 514 3630 2098 3710; baseline 0.003 -20"><span class='ocrx_word' id='word_1_459' title='bbox 514 3637 683 3691; x_wconf 78' lang='lat' dir='ltr'><strong>semel</strong></span> <span class='ocrx_word' id='word_1_460' title='bbox 720 3638 1103 3707; x_wconf 87' lang='lat' dir='ltr'><strong>persuaserint</strong></span> <span class='ocrx_word' id='word_1_461' title='bbox 1140 3630 1270 3704; x_wconf 82' lang='lat' dir='ltr'><strong>sibi,</strong></span> <span class='ocrx_word' id='word_1_462' title='bbox 1319 3654 1380 3695; x_wconf 89' lang='lat' dir='ltr'><strong>se</strong></span> <span class='ocrx_word' id='word_1_463' title='bbox 1414 3640 1685 3710; x_wconf 89' lang='lat' dir='ltr'><strong>ejusmodi</strong></span> <span class='ocrx_word' id='word_1_464' title='bbox 1741 3641 2029 3696; x_wconf 89' lang='lat' dir='ltr'><strong>scientiam</strong></span> <span class='ocrx_word' id='word_1_465' title='bbox 2066 3655 2098 3695; x_wconf 87' lang='lat' dir='ltr'><strong>a</strong></span> 
     </span>
    </p>
   </div>
   <div class='ocr_carea' id='block_1_69' title="bbox 512 3727 2096 3802">
    <p class='ocr_par' dir='ltr' id='par_1_69' title="bbox 512 3727 2096 3802">
     <span class='ocr_line' id='line_1_69' title="bbox 512 3727 2096 3802; baseline 0.003 -19"><span class='ocrx_word' id='word_1_466' title='bbox 512 3727 768 3799; x_wconf 68' lang='lat' dir='ltr'><strong>praefecto</strong></span> <span class='ocrx_word' id='word_1_467' title='bbox 798 3730 1041 3786; x_wconf 84' lang='lat' dir='ltr'><strong>ediscere</strong></span> <span class='ocrx_word' id='word_1_468' title='bbox 1061 3745 1244 3801; x_wconf 88' lang='lat' dir='ltr'><strong>posse,</strong></span> <span class='ocrx_word' id='word_1_469' title='bbox 1281 3746 1340 3787; x_wconf 86' lang='lat' dir='ltr'><strong>se</strong></span> <span class='ocrx_word' id='word_1_470' title='bbox 1373 3730 1459 3786; x_wconf 87' lang='lat' dir='ltr'><strong>bis</strong></span> <span class='ocrx_word' id='word_1_471' title='bbox 1487 3734 1829 3802; x_wconf 74' lang='lat' dir='ltr'><strong>praestabunt</strong></span> <span class='ocrx_word' id='word_1_472' title='bbox 1865 3734 2096 3789; x_wconf 90' lang='lat' dir='ltr'><strong>omnino</strong></span> 
     </span>
    </p>
   </div>
   <div class='ocr_carea' id='block_1_70' title="bbox 512 3818 2097 3893">
    <p class='ocr_par' dir='ltr' id='par_1_70' title="bbox 512 3818 2097 3893">
     <span class='ocr_line' id='line_1_70' title="bbox 512 3818 2097 3893; baseline 0.004 -19"><span class='ocrx_word' id='word_1_473' title='bbox 512 3818 722 3875; x_wconf 82' lang='lat' dir='ltr'><strong>dociles</strong></span> <span class='ocrx_word' id='word_1_474' title='bbox 740 3835 803 3875; x_wconf 84' lang='lat' dir='ltr'><strong>ac</strong></span> <span class='ocrx_word' id='word_1_475' title='bbox 819 3837 1049 3893; x_wconf 86' lang='lat' dir='ltr'><strong>prorsus</strong></span> <span class='ocrx_word' id='word_1_476' title='bbox 1066 3823 1371 3893; x_wconf 90' lang='lat' dir='ltr'><strong>morigeros</strong></span> <span class='ocrx_word' id='word_1_477' title='bbox 1399 3825 1658 3880; x_wconf 89' lang='lat' dir='ltr'><strong>omnibus</strong></span> <span class='ocrx_word' id='word_1_478' title='bbox 1680 3825 1737 3879; x_wconf 92' lang='lat' dir='ltr'><strong>in</strong></span> <span class='ocrx_word' id='word_1_479' title='bbox 1780 3826 1965 3889; x_wconf 90' lang='lat' dir='ltr'><strong>rebus,</strong></span> <span class='ocrx_word' id='word_1_480' title='bbox 2000 3840 2097 3880; x_wconf 88' lang='lat' dir='ltr'><strong>ne-</strong></span> 
     </span>
    </p>
   </div>
   <div class='ocr_carea' id='block_1_71' title="bbox 511 3913 2097 3988">
    <p class='ocr_par' dir='ltr' id='par_1_71' title="bbox 511 3913 2097 3988">
     <span class='ocr_line' id='line_1_71' title="bbox 511 3913 2097 3988; baseline 0.005 -23"><span class='ocrx_word' id='word_1_481' title='bbox 511 3924 619 3981; x_wconf 89' lang='lat' dir='ltr'><strong>que</strong></span> <span class='ocrx_word' id='word_1_482' title='bbox 665 3926 879 3977; x_wconf 89' lang='lat' dir='ltr'><strong>eorum,</strong></span> <span class='ocrx_word' id='word_1_483' title='bbox 923 3929 1047 3983; x_wconf 66' lang='lat' dir='ltr'><strong>qua:</strong></span> <span class='ocrx_word' id='word_1_484' title='bbox 1086 3913 1354 3984; x_wconf 88' lang='lat' dir='ltr'><strong>imperata</strong></span> <span class='ocrx_word' id='word_1_485' title='bbox 1396 3924 1561 3980; x_wconf 90' lang='lat' dir='ltr'><strong>sunt,</strong></span> <span class='ocrx_word' id='word_1_486' title='bbox 1595 3925 1893 3988; x_wconf 81' lang='lat' dir='ltr'><strong>exposcent</strong></span> <span class='ocrx_word' id='word_1_487' title='bbox 1929 3918 2097 3973; x_wconf 67' lang='grc' dir='ltr'><strong>τειιίοο</strong></span> 
     </span>
    </p>
   </div>
   <div class='ocr_carea' id='block_1_72' title="bbox 508 4004 2093 4080">
    <p class='ocr_par' dir='ltr' id='par_1_72' title="bbox 508 4004 2093 4080">
     <span class='ocr_line' id='line_1_72' title="bbox 508 4004 2093 4080; baseline 0.004 -21"><span class='ocrx_word' id='word_1_488' title='bbox 508 4018 660 4069; x_wconf 79' lang='lat' dir='ltr'><strong>nem,</strong></span> <span class='ocrx_word' id='word_1_489' title='bbox 686 4004 783 4060; x_wconf 88' lang='lat' dir='ltr'><strong>sed</strong></span> <span class='ocrx_word' id='word_1_490' title='bbox 805 4004 1110 4074; x_wconf 89' lang='lat' dir='ltr'><strong>injunctum</strong></span> <span class='ocrx_word' id='word_1_491' title='bbox 1140 4020 1281 4076; x_wconf 90' lang='lat' dir='ltr'><strong>opus</strong></span> <span class='ocrx_word' id='word_1_492' title='bbox 1323 4007 1651 4076; x_wconf 88' lang='lat' dir='ltr'><strong>perﬁcient;</strong></span> <span class='ocrx_word' id='word_1_493' title='bbox 1694 4017 2093 4080; x_wconf 61' lang='lat' dir='ltr'><strong>praeterquam-</strong></span> 
     </span>
    </p>
   </div>
   <div class='ocr_carea' id='block_1_73' title="bbox 513 4094 2094 4173">
    <p class='ocr_par' dir='ltr' id='par_1_73' title="bbox 513 4094 2094 4173">
     <span class='ocr_line' id='line_1_73' title="bbox 513 4094 2094 4173; baseline 0.007 -25"><span class='ocrx_word' id='word_1_494' title='bbox 513 4094 663 4166; x_wconf 88' lang='lat' dir='ltr'><strong>quod</strong></span> <span class='ocrx_word' id='word_1_495' title='bbox 695 4095 743 4149; x_wconf 87' lang='lat' dir='ltr'><strong>si</strong></span> <span class='ocrx_word' id='word_1_496' title='bbox 777 4109 969 4151; x_wconf 88' lang='lat' dir='ltr'><strong>eorum</strong></span> <span class='ocrx_word' id='word_1_497' title='bbox 1006 4110 1130 4165; x_wconf 63' lang='lat' dir='ltr'><strong>qua:</strong></span> <span class='ocrx_word' id='word_1_498' title='bbox 1161 4096 1228 4150; x_wconf 92' lang='lat' dir='ltr'><strong>ad</strong></span> <span class='ocrx_word' id='word_1_499' title='bbox 1256 4098 1488 4153; x_wconf 89' lang='lat' dir='ltr'><strong>salutem</strong></span> <span class='ocrx_word' id='word_1_500' title='bbox 1526 4100 1780 4164; x_wconf 88' lang='lat' dir='ltr'><strong>attinent,</strong></span> <span class='ocrx_word' id='word_1_501' title='bbox 1812 4101 2094 4173; x_wconf 87' lang='lat' dir='ltr'><strong>quidpiam</strong></span> 
     </span>
    </p>
   </div>
   <div class='ocr_carea' id='block_1_74' title="bbox 513 4184 2094 4262">
    <p class='ocr_par' dir='ltr' id='par_1_74' title="bbox 513 4184 2094 4262">
     <span class='ocr_line' id='line_1_74' title="bbox 513 4184 2094 4262; baseline 0.004 -21"><span class='ocrx_word' id='word_1_502' title='bbox 513 4184 789 4256; x_wconf 85' lang='lat' dir='ltr'><strong>ignorent,</strong></span> <span class='ocrx_word' id='word_1_503' title='bbox 831 4186 1020 4241; x_wconf 91' lang='lat' dir='ltr'><strong>licebit</strong></span> <span class='ocrx_word' id='word_1_504' title='bbox 1074 4187 1322 4243; x_wconf 81' lang='lat' dir='ltr'><strong>modeste</strong></span> <span class='ocrx_word' id='word_1_505' title='bbox 1374 4198 1431 4244; x_wconf 86' lang='lat' dir='ltr'><strong>et</strong></span> <span class='ocrx_word' id='word_1_506' title='bbox 1485 4188 1649 4262; x_wconf 65' lang='grc'><strong>564</strong></span> <span class='ocrx_word' id='word_1_507' title='bbox 1693 4206 1820 4246; x_wconf 90' lang='lat' dir='ltr'><strong>cum</strong></span> <span class='ocrx_word' id='word_1_508' title='bbox 1875 4192 2094 4248; x_wconf 90' lang='lat' dir='ltr'><strong>decenti</strong></span> 
     </span>
    </p>
   </div>
   <div class='ocr_carea' id='block_1_75' title="bbox 511 4279 2092 4350">
    <p class='ocr_par' dir='ltr' id='par_1_75' title="bbox 511 4279 2092 4350">
     <span class='ocr_line' id='line_1_75' title="bbox 511 4279 2092 4350; baseline 0.004 -18"><span class='ocrx_word' id='word_1_509' title='bbox 511 4279 818 4334; x_wconf 88' lang='lat' dir='ltr'><strong>reverentia</strong></span> <span class='ocrx_word' id='word_1_510' title='bbox 883 4279 1223 4350; x_wconf 84' lang='lat' dir='ltr'><strong>interrogare</strong></span> <span class='ocrx_word' id='word_1_511' title='bbox 1280 4295 1346 4335; x_wconf 91' lang='lat' dir='ltr'><strong>ac</strong></span> <span class='ocrx_word' id='word_1_512' title='bbox 1384 4282 1591 4338; x_wconf 90' lang='lat' dir='ltr'><strong>doceri.</strong></span> <span class='ocrx_word' id='word_1_513' title='bbox 1658 4281 1851 4340; x_wconf 89' lang='lat' dir='ltr'><strong>Omnis</strong></span> <span class='ocrx_word' id='word_1_514' title='bbox 1910 4293 2092 4340; x_wconf 89' lang='lat' dir='ltr'><strong>autem</strong></span> 
     </span>
    </p>
   </div>
   <div class='ocr_carea' id='block_1_76' title="bbox 513 4367 2093 4442">
    <p class='ocr_par' dir='ltr' id='par_1_76' title="bbox 513 4367 2093 4442">
     <span class='ocr_line' id='line_1_76' title="bbox 513 4367 2093 4442; baseline 0.006 -21"><span class='ocrx_word' id='word_1_515' title='bbox 513 4367 752 4425; x_wconf 88' lang='lat' dir='ltr'><strong>hominis</strong></span> <span class='ocrx_word' id='word_1_516' title='bbox 779 4368 1063 4439; x_wconf 88' lang='lat' dir='ltr'><strong>diligentia</strong></span> <span class='ocrx_word' id='word_1_517' title='bbox 1093 4370 1148 4425; x_wconf 89' lang='lat' dir='ltr'><strong>in</strong></span> <span class='ocrx_word' id='word_1_518' title='bbox 1189 4385 1257 4425; x_wconf 86' lang='lat' dir='ltr'><strong>eo</strong></span> <span class='ocrx_word' id='word_1_519' title='bbox 1289 4372 1538 4442; x_wconf 86' lang='lat' dir='ltr'><strong>ponenda</strong></span> <span class='ocrx_word' id='word_1_520' title='bbox 1573 4381 1678 4434; x_wconf 82' lang='lat' dir='ltr'><strong>est,</strong></span> <span class='ocrx_word' id='word_1_521' title='bbox 1718 4381 1779 4429; x_wconf 87' lang='lat' dir='ltr'><strong>ut</strong></span> <span class='ocrx_word' id='word_1_522' title='bbox 1811 4390 1880 4429; x_wconf 90' lang='lat' dir='ltr'><strong>ne</strong></span> <span class='ocrx_word' id='word_1_523' title='bbox 1923 4376 2093 4430; x_wconf 88' lang='lat' dir='ltr'><strong>animi</strong></span> 
     </span>
    </p>
   </div>
   <div class='ocr_carea' id='block_1_77' title="bbox 510 4457 2088 4536">
    <p class='ocr_par' dir='ltr' id='par_1_77' title="bbox 510 4457 2088 4536">
     <span class='ocr_line' id='line_1_77' title="bbox 510 4457 2088 4536; baseline 0.008 -24"><span class='ocrx_word' id='word_1_524' title='bbox 510 4457 741 4515; x_wconf 87' lang='lat' dir='ltr'><strong>altitudo</strong></span> <span class='ocrx_word' id='word_1_525' title='bbox 809 4459 881 4516; x_wconf 92' lang='lat' dir='ltr'><strong>ob</strong></span> <span class='ocrx_word' id='word_1_526' title='bbox 932 4461 1285 4533; x_wconf 86' lang='lat' dir='ltr'><strong>insurgentes</strong></span> <span class='ocrx_word' id='word_1_527' title='bbox 1340 4464 1652 4534; x_wconf 84' lang='lat' dir='ltr'><strong>voluptates</strong></span> <span class='ocrx_word' id='word_1_528' title='bbox 1720 4465 2088 4536; x_wconf 83' lang='lat' dir='ltr'><strong>deprimatur.</strong></span> 
     </span>
    </p>
   </div>
   <div class='ocr_carea' id='block_1_78' title="bbox 586 4615 1119 4682">
    <p class='ocr_par' dir='ltr' id='par_1_78' title="bbox 586 4615 1119 4682">
     <span class='ocr_line' id='line_1_78' title="bbox 586 4615 1119 4682; baseline 0.004 -12"><span class='ocrx_word' id='word_1_529' title='bbox 586 4615 792 4672; x_wconf 74' lang='lat' dir='ltr'><strong>uPsal.</strong></span> <span class='ocrx_word' id='word_1_530' title='bbox 825 4632 1030 4682; x_wconf 77' lang='lat' dir='ltr'><strong>cxxxu,</strong></span> <span class='ocrx_word' id='word_1_531' title='bbox 1070 4619 1119 4673; x_wconf 86' lang='grc' dir='ltr'><strong>Ι.</strong></span> 
     </span>
    </p>
   </div>
   <div class='ocr_carea' id='block_1_79' title="bbox 2199 3267 3738 3350">
    <p class='ocr_par' dir='ltr' id='par_1_79' title="bbox 2199 3267 3738 3350">
     <span class='ocr_line' id='line_1_79' title="bbox 2199 3267 3738 3350; baseline -0.006 -19"><span class='ocrx_word' id='word_1_532' title='bbox 2199 3278 2514 3350; x_wconf 75' lang='grc' dir='ltr'><strong>χωρίζεται,</strong></span> <span class='ocrx_word' id='word_1_533' title='bbox 2542 3277 2677 3331; x_wconf 88' lang='grc' dir='ltr'><strong>ἀλλά</strong></span> <span class='ocrx_word' id='word_1_534' title='bbox 2704 3276 2883 3330; x_wconf 87' lang='grc' dir='ltr'><strong>πάντα</strong></span> <span class='ocrx_word' id='word_1_535' title='bbox 2908 3275 3098 3347; x_wconf 82' lang='grc' dir='ltr'><strong>καιρὸν</strong></span> <span class='ocrx_word' id='word_1_536' title='bbox 3133 3276 3191 3328; x_wconf 81' lang='grc' dir='ltr'><strong>ἐν</strong></span> <span class='ocrx_word' id='word_1_537' title='bbox 3216 3275 3518 3346; x_wconf 82' lang='grc' dir='ltr'><strong>ὀφθαλμοῖς</strong></span> <span class='ocrx_word' id='word_1_538' title='bbox 3541 3276 3643 3325; x_wconf 87' lang='grc' dir='ltr'><strong>ἐστι</strong></span> <span class='ocrx_word' id='word_1_539' title='bbox 3667 3267 3738 3323; x_wconf 80' lang='grc' dir='ltr'><strong>τοῦ</strong></span> 
     </span>
    </p>
   </div>
   <div class='ocr_carea' id='block_1_80' title="bbox 2198 3362 3739 3440">
    <p class='ocr_par' dir='ltr' id='par_1_80' title="bbox 2198 3362 3739 3440">
     <span class='ocr_line' id='line_1_80' title="bbox 2198 3362 3739 3440; baseline -0.005 -18"><span class='ocrx_word' id='word_1_540' title='bbox 2198 3369 2536 3434; x_wconf 86' lang='grc' dir='ltr'><strong>διδασκάλου,</strong></span> <span class='ocrx_word' id='word_1_541' title='bbox 2566 3368 2766 3440; x_wconf 86' lang='grc' dir='ltr'><strong>βρῶσίν</strong></span> <span class='ocrx_word' id='word_1_542' title='bbox 2790 3385 2848 3422; x_wconf 92' lang='grc' dir='ltr'><strong>τε</strong></span> <span class='ocrx_word' id='word_1_543' title='bbox 2884 3368 2977 3420; x_wconf 75' lang='grc' dir='ltr'><strong>καὶ</strong></span> <span class='ocrx_word' id='word_1_544' title='bbox 3012 3368 3169 3421; x_wconf 87' lang='grc' dir='ltr'><strong>πόσιν</strong></span> <span class='ocrx_word' id='word_1_545' title='bbox 3195 3367 3293 3420; x_wconf 71' lang='grc' dir='ltr'><strong>καὶ</strong></span> <span class='ocrx_word' id='word_1_546' title='bbox 3322 3368 3423 3437; x_wconf 83' lang='grc' dir='ltr'><strong>τὴν</strong></span> <span class='ocrx_word' id='word_1_547' title='bbox 3455 3365 3611 3436; x_wconf 84' lang='grc' dir='ltr'><strong>ἀλλην</strong></span> <span class='ocrx_word' id='word_1_548' title='bbox 3631 3362 3739 3415; x_wconf 84' lang='grc' dir='ltr'><strong>δίαι-</strong></span> 
     </span>
    </p>
   </div>
   <div class='ocr_carea' id='block_1_81' title="bbox 2199 3450 3738 3531">
    <p class='ocr_par' dir='ltr' id='par_1_81' title="bbox 2199 3450 3738 3531">
     <span class='ocr_line' id='line_1_81' title="bbox 2199 3450 3738 3531; baseline -0.005 -18"><span class='ocrx_word' id='word_1_549' title='bbox 2199 3477 2297 3515; x_wconf 93' lang='grc' dir='ltr'><strong>ταν</strong></span> <span class='ocrx_word' id='word_1_550' title='bbox 2330 3460 2589 3531; x_wconf 80' lang='grc' dir='ltr'><strong>ὑπομένει</strong></span> <span class='ocrx_word' id='word_1_551' title='bbox 2616 3457 2841 3529; x_wconf 84' lang='grc' dir='ltr'><strong>ταύτην,</strong></span> <span class='ocrx_word' id='word_1_552' title='bbox 2871 3459 2938 3529; x_wconf 81' lang='grc' dir='ltr'><strong>ἦν</strong></span> <span class='ocrx_word' id='word_1_553' title='bbox 2970 3458 3036 3512; x_wconf 81' lang='grc' dir='ltr'><strong>ἂν</strong></span> <span class='ocrx_word' id='word_1_554' title='bbox 3068 3459 3274 3521; x_wconf 86' lang='grc' dir='ltr'><strong>ἐκεῖνος</strong></span> <span class='ocrx_word' id='word_1_555' title='bbox 3304 3458 3532 3530; x_wconf 89' lang='grc' dir='ltr'><strong>όρίσειεν</strong></span> <span class='ocrx_word' id='word_1_556' title='bbox 3550 3473 3565 3488; x_wconf 78' lang='grc' dir='ltr'><strong><em>ο</em></strong></span> <span class='ocrx_word' id='word_1_557' title='bbox 3595 3450 3738 3521; x_wconf 79' lang='grc' dir='ltr'><strong>πολλῷ</strong></span> 
     </span>
    </p>
   </div>
   <div class='ocr_carea' id='block_1_82' title="bbox 2203 3543 3735 3622">
    <p class='ocr_par' dir='ltr' id='par_1_82' title="bbox 2203 3543 3735 3622">
     <span class='ocr_line' id='line_1_82' title="bbox 2203 3543 3735 3622; baseline 0.001 -19"><span class='ocrx_word' id='word_1_558' title='bbox 2203 3550 2401 3622; x_wconf 82' lang='grc' dir='ltr'><strong>μᾶλλον</strong></span> <span class='ocrx_word' id='word_1_559' title='bbox 2426 3552 2475 3602; x_wconf 83' lang='grc' dir='ltr'><strong>οἱ</strong></span> <span class='ocrx_word' id='word_1_560' title='bbox 2517 3549 2648 3620; x_wconf 80' lang='grc' dir='ltr'><strong>πρὸς</strong></span> <span class='ocrx_word' id='word_1_561' title='bbox 2685 3548 2784 3620; x_wconf 85' lang='grc' dir='ltr'><strong>τὴν</strong></span> <span class='ocrx_word' id='word_1_562' title='bbox 2815 3548 3049 3619; x_wconf 81' lang='grc' dir='ltr'><strong>μάθησιν</strong></span> <span class='ocrx_word' id='word_1_563' title='bbox 3072 3548 3172 3618; x_wconf 83' lang='grc' dir='ltr'><strong>τῆς</strong></span> <span class='ocrx_word' id='word_1_564' title='bbox 3204 3548 3490 3612; x_wconf 79' lang='grc' dir='ltr'><strong>εὐσεϐείας</strong></span> <span class='ocrx_word' id='word_1_565' title='bbox 3533 3548 3618 3601; x_wconf 76' lang='grc' dir='ltr'><strong>καὶ</strong></span> <span class='ocrx_word' id='word_1_566' title='bbox 3659 3543 3735 3614; x_wconf 83' lang='grc' dir='ltr'><strong>τῆς</strong></span> 
     </span>
    </p>
   </div>
   <div class='ocr_carea' id='block_1_83' title="bbox 2203 3637 3734 3713">
    <p class='ocr_par' dir='ltr' id='par_1_83' title="bbox 2203 3637 3734 3713">
     <span class='ocr_line' id='line_1_83' title="bbox 2203 3637 3734 3713; baseline -0.005 -17"><span class='ocrx_word' id='word_1_567' title='bbox 2203 3642 2444 3713; x_wconf 73' lang='grc' dir='ltr'><strong>ἰσότητος</strong></span> <span class='ocrx_word' id='word_1_568' title='bbox 2493 3641 2909 3710; x_wconf 84' lang='grc' dir='ltr'><strong>ἀφικνούμενοι,</strong></span> <span class='ocrx_word' id='word_1_569' title='bbox 2961 3638 3110 3704; x_wconf 76' lang='grc' dir='ltr'><strong>ἅπαξ</strong></span> <span class='ocrx_word' id='word_1_570' title='bbox 3157 3641 3483 3703; x_wconf 85' lang='grc' dir='ltr'><strong>πεπεικότες</strong></span> <span class='ocrx_word' id='word_1_571' title='bbox 3530 3637 3734 3697; x_wconf 75' lang='grc' dir='ltr'><strong>ἑαυτοὺς.</strong></span> 
     </span>
    </p>
   </div>
   <div class='ocr_carea' id='block_1_84' title="bbox 2197 3727 3735 3800">
    <p class='ocr_par' dir='ltr' id='par_1_84' title="bbox 2197 3727 3735 3800">
     <span class='ocr_line' id='line_1_84' title="bbox 2197 3727 3735 3800; baseline -0.003 -17"><span class='ocrx_word' id='word_1_572' title='bbox 2197 3730 2280 3783; x_wconf 84' lang='grc' dir='ltr'><strong>ὅτι</strong></span> <span class='ocrx_word' id='word_1_573' title='bbox 2304 3729 2622 3799; x_wconf 74' lang='grc' dir='ltr'><strong>δυνήσονται</strong></span> <span class='ocrx_word' id='word_1_574' title='bbox 2653 3728 2803 3800; x_wconf 87' lang='grc' dir='ltr'><strong>παρά</strong></span> <span class='ocrx_word' id='word_1_575' title='bbox 2836 3728 2931 3782; x_wconf 79' lang='grc' dir='ltr'><strong>τοῦ</strong></span> <span class='ocrx_word' id='word_1_576' title='bbox 2958 3728 3374 3799; x_wconf 81' lang='grc' dir='ltr'><strong>καθηγουμένου</strong></span> <span class='ocrx_word' id='word_1_577' title='bbox 3404 3729 3498 3799; x_wconf 80' lang='grc' dir='ltr'><strong>τὴν</strong></span> <span class='ocrx_word' id='word_1_578' title='bbox 3521 3727 3735 3796; x_wconf 86' lang='grc' dir='ltr'><strong>τοιαύτην</strong></span> 
     </span>
    </p>
   </div>
   <div class='ocr_carea' id='block_1_85' title="bbox 2198 3817 3735 3893">
    <p class='ocr_par' dir='ltr' id='par_1_85' title="bbox 2198 3817 3735 3893">
     <span class='ocr_line' id='line_1_85' title="bbox 2198 3817 3735 3893; baseline -0.003 -17"><span class='ocrx_word' id='word_1_579' title='bbox 2198 3822 2512 3893; x_wconf 77' lang='grc' dir='ltr'><strong>ἐπιστήμην</strong></span> <span class='ocrx_word' id='word_1_580' title='bbox 2562 3821 2768 3886; x_wconf 80' lang='grc' dir='ltr'><strong>λαϐεῖν,</strong></span> <span class='ocrx_word' id='word_1_581' title='bbox 2813 3822 2994 3874; x_wconf 84' lang='grc' dir='ltr'><strong>πᾶσαν</strong></span> <span class='ocrx_word' id='word_1_582' title='bbox 3038 3820 3351 3875; x_wconf 80' lang='grc' dir='ltr'><strong>εὐπείθειαν</strong></span> <span class='ocrx_word' id='word_1_583' title='bbox 3386 3822 3477 3875; x_wconf 80' lang='grc' dir='ltr'><strong>καὶ</strong></span> <span class='ocrx_word' id='word_1_584' title='bbox 3507 3820 3597 3891; x_wconf 78' lang='grc' dir='ltr'><strong>τὴν</strong></span> <span class='ocrx_word' id='word_1_585' title='bbox 3635 3817 3735 3887; x_wconf 75' lang='grc' dir='ltr'><strong>περὶ</strong></span> 
     </span>
    </p>
   </div>
   <div class='ocr_carea' id='block_1_86' title="bbox 2199 3909 3732 3986">
    <p class='ocr_par' dir='ltr' id='par_1_86' title="bbox 2199 3909 3732 3986">
     <span class='ocr_line' id='line_1_86' title="bbox 2199 3909 3732 3986; baseline -0.003 -17"><span class='ocrx_word' id='word_1_586' title='bbox 2199 3915 2375 3969; x_wconf 87' lang='grc' dir='ltr'><strong>πάντα</strong></span> <span class='ocrx_word' id='word_1_587' title='bbox 2389 3913 2789 3986; x_wconf 87' lang='grc' dir='ltr'><strong>ἀκριϐεστάτην</strong></span> <span class='ocrx_word' id='word_1_588' title='bbox 2805 3913 3049 3984; x_wconf 79' lang='grc' dir='ltr'><strong>ὑπακοὴν</strong></span> <span class='ocrx_word' id='word_1_589' title='bbox 3066 3913 3277 3977; x_wconf 89' lang='grc' dir='ltr'><strong>τούτοις</strong></span> <span class='ocrx_word' id='word_1_590' title='bbox 3298 3909 3732 3979; x_wconf 83' lang='grc' dir='ltr'><strong>είσοίσονται(6ο)⁶</strong></span> 
     </span>
    </p>
   </div>
   <div class='ocr_carea' id='block_1_87' title="bbox 2197 4005 3735 4078">
    <p class='ocr_par' dir='ltr' id='par_1_87' title="bbox 2197 4005 3735 4078">
     <span class='ocr_line' id='line_1_87' title="bbox 2197 4005 3735 4078; baseline -0.007 -17"><span class='ocrx_word' id='word_1_591' title='bbox 2197 4007 2293 4062; x_wconf 77' lang='grc' dir='ltr'><strong>καὶ</strong></span> <span class='ocrx_word' id='word_1_592' title='bbox 2335 4008 2457 4078; x_wconf 74' lang='grc' dir='ltr'>οὐχὶ</span> <span class='ocrx_word' id='word_1_593' title='bbox 2491 4007 2584 4061; x_wconf 86' lang='grc' dir='ltr'><strong>τὸν</strong></span> <span class='ocrx_word' id='word_1_594' title='bbox 2611 4006 2766 4076; x_wconf 90' lang='grc' dir='ltr'><strong>λόγον</strong></span> <span class='ocrx_word' id='word_1_595' title='bbox 2804 4005 2913 4059; x_wconf 86' lang='grc' dir='ltr'><strong>τῶν</strong></span> <span class='ocrx_word' id='word_1_596' title='bbox 2955 4006 3403 4077; x_wconf 75' lang='grc' dir='ltr'><strong>ἐπιτεταγμένων</strong></span> <span class='ocrx_word' id='word_1_597' title='bbox 3445 4006 3735 4074; x_wconf 79' lang='grc' dir='ltr'><strong>ἀπαιτήσου-</strong></span> 
     </span>
    </p>
   </div>
   <div class='ocr_carea' id='block_1_88' title="bbox 2198 4094 3733 4171">
    <p class='ocr_par' dir='ltr' id='par_1_88' title="bbox 2198 4094 3733 4171">
     <span class='ocr_line' id='line_1_88' title="bbox 2198 4094 3733 4171; baseline -0.006 -18"><span class='ocrx_word' id='word_1_598' title='bbox 2198 4115 2313 4154; x_wconf 73' lang='grc' dir='ltr'><strong>σιν*</strong></span> <span class='ocrx_word' id='word_1_599' title='bbox 2350 4098 2487 4152; x_wconf 86' lang='grc' dir='ltr'><strong>ἀλλά</strong></span> <span class='ocrx_word' id='word_1_600' title='bbox 2533 4098 2594 4152; x_wconf 82' lang='grc' dir='ltr'><strong>τὸ</strong></span> <span class='ocrx_word' id='word_1_601' title='bbox 2639 4098 2798 4171; x_wconf 71' lang='grc' dir='ltr'><strong>ἔργον</strong></span> <span class='ocrx_word' id='word_1_602' title='bbox 2849 4098 2911 4151; x_wconf 84' lang='grc' dir='ltr'><strong>τὸ</strong></span> <span class='ocrx_word' id='word_1_603' title='bbox 2958 4094 3389 4169; x_wconf 81' lang='grc' dir='ltr'><strong>ἐπιτεταγμένον</strong></span> <span class='ocrx_word' id='word_1_604' title='bbox 3434 4095 3733 4151; x_wconf 76' lang='grc' dir='ltr'><strong>ἐπιτελέσου·</strong></span> 
     </span>
    </p>
   </div>
   <div class='ocr_carea' id='block_1_89' title="bbox 2197 4189 3734 4262">
    <p class='ocr_par' dir='ltr' id='par_1_89' title="bbox 2197 4189 3734 4262">
     <span class='ocr_line' id='line_1_89' title="bbox 2197 4189 3734 4262; baseline -0.005 -18"><span class='ocrx_word' id='word_1_605' title='bbox 2197 4208 2301 4256; x_wconf 90' lang='grc' dir='ltr'><strong>σιν,</strong></span> <span class='ocrx_word' id='word_1_606' title='bbox 2336 4192 2385 4245; x_wconf 86' lang='grc' dir='ltr'><strong>εί</strong></span> <span class='ocrx_word' id='word_1_607' title='bbox 2417 4191 2491 4262; x_wconf 83' lang='grc' dir='ltr'><strong>μὴ</strong></span> <span class='ocrx_word' id='word_1_608' title='bbox 2515 4190 2790 4253; x_wconf 79' lang='grc' dir='ltr'><strong>τοσοῦτον,</strong></span> <span class='ocrx_word' id='word_1_609' title='bbox 2821 4190 2947 4243; x_wconf 82' lang='grc' dir='ltr'><strong>ὅσον</strong></span> <span class='ocrx_word' id='word_1_610' title='bbox 2977 4190 3311 4257; x_wconf 80' lang='grc' dir='ltr'><strong>ἀγνοοῦντάς</strong></span> <span class='ocrx_word' id='word_1_611' title='bbox 3340 4209 3391 4245; x_wconf 92' lang='grc' dir='ltr'><strong>τι</strong></span> <span class='ocrx_word' id='word_1_612' title='bbox 3432 4189 3540 4244; x_wconf 85' lang='grc' dir='ltr'><strong>τῶν</strong></span> <span class='ocrx_word' id='word_1_613' title='bbox 3564 4200 3734 4241; x_wconf 86' lang='grc' dir='ltr'><strong>συντει-</strong></span> 
     </span>
    </p>
   </div>
   <div class='ocr_carea' id='block_1_90' title="bbox 2195 4281 3733 4354">
    <p class='ocr_par' dir='ltr' id='par_1_90' title="bbox 2195 4281 3733 4354">
     <span class='ocr_line' id='line_1_90' title="bbox 2195 4281 3733 4354; baseline -0.004 -18"><span class='ocrx_word' id='word_1_614' title='bbox 2195 4283 2392 4337; x_wconf 91' lang='grc' dir='ltr'><strong>νόντων</strong></span> <span class='ocrx_word' id='word_1_615' title='bbox 2424 4283 2562 4354; x_wconf 79' lang='grc' dir='ltr'><strong>πρὸς</strong></span> <span class='ocrx_word' id='word_1_616' title='bbox 2603 4281 2900 4353; x_wconf 88' lang='grc' dir='ltr'><strong>σωτηρίαν,</strong></span> <span class='ocrx_word' id='word_1_617' title='bbox 2931 4282 3174 4353; x_wconf 76' lang='grc' dir='ltr'><strong>κοσμίως</strong></span> <span class='ocrx_word' id='word_1_618' title='bbox 3206 4284 3302 4336; x_wconf 75' lang='grc' dir='ltr'><strong>καὶ</strong></span> <span class='ocrx_word' id='word_1_619' title='bbox 3351 4283 3488 4354; x_wconf 84' lang='grc' dir='ltr'><strong>μετά</strong></span> <span class='ocrx_word' id='word_1_620' title='bbox 3512 4281 3602 4351; x_wconf 80' lang='grc' dir='ltr'><strong>τῆς</strong></span> <span class='ocrx_word' id='word_1_621' title='bbox 3628 4292 3733 4347; x_wconf 74' lang='grc' dir='ltr'><strong>πρε-</strong></span> 
     </span>
    </p>
   </div>
   <div class='ocr_carea' id='block_1_91' title="bbox 2196 4372 3729 4448">
    <p class='ocr_par' dir='ltr' id='par_1_91' title="bbox 2196 4372 3729 4448">
     <span class='ocr_line' id='line_1_91' title="bbox 2196 4372 3729 4448; baseline -0.004 -19"><span class='ocrx_word' id='word_1_622' title='bbox 2196 4374 2403 4448; x_wconf 87' lang='grc' dir='ltr'><strong>πούσης</strong></span> <span class='ocrx_word' id='word_1_623' title='bbox 2434 4374 2617 4439; x_wconf 71' lang='grc' dir='ltr'><strong>αἰδοῦς</strong></span> <span class='ocrx_word' id='word_1_624' title='bbox 2651 4374 2762 4447; x_wconf 83' lang='lat'><strong>(6|)</strong></span> <span class='ocrx_word' id='word_1_625' title='bbox 2811 4378 3021 4448; x_wconf 81' lang='grc' dir='ltr'><strong>ἐρωτᾷν</strong></span> <span class='ocrx_word' id='word_1_626' title='bbox 3051 4378 3147 4430; x_wconf 77' lang='grc' dir='ltr'><strong>καὶ</strong></span> <span class='ocrx_word' id='word_1_627' title='bbox 3191 4376 3559 4430; x_wconf 84' lang='grc' dir='ltr'><strong>παιδεύεσθαι.</strong></span> <span class='ocrx_word' id='word_1_628' title='bbox 3604 4372 3729 4426; x_wconf 70' lang='lat' dir='ltr'><strong>uas:</strong></span> 
     </span>
    </p>
   </div>
   <div class='ocr_carea' id='block_1_92' title="bbox 2195 4459 3729 4540">
    <p class='ocr_par' dir='ltr' id='par_1_92' title="bbox 2195 4459 3729 4540">
     <span class='ocr_line' id='line_1_92' title="bbox 2195 4459 3729 4540; baseline -0.003 -18"><span class='ocrx_word' id='word_1_629' title='bbox 2195 4468 2252 4522; x_wconf 76' lang='grc' dir='ltr'><strong>δὲ</strong></span> <span class='ocrx_word' id='word_1_630' title='bbox 2283 4468 2485 4539; x_wconf 81' lang='grc' dir='ltr'><strong>σπουδὴ</strong></span> <span class='ocrx_word' id='word_1_631' title='bbox 2516 4467 2610 4521; x_wconf 82' lang='grc' dir='ltr'><strong>τοῦ</strong></span> <span class='ocrx_word' id='word_1_632' title='bbox 2652 4466 2941 4540; x_wconf 86' lang='grc' dir='ltr'><strong>ἀνθρώπου</strong></span> <span class='ocrx_word' id='word_1_633' title='bbox 2976 4469 3137 4536; x_wconf 73' lang='grc' dir='ltr'><strong>ἔστω,</strong></span> <span class='ocrx_word' id='word_1_634' title='bbox 3183 4469 3333 4533; x_wconf 86' lang='grc' dir='ltr'><strong>ὅπως</strong></span> <span class='ocrx_word' id='word_1_635' title='bbox 3366 4468 3440 4539; x_wconf 81' lang='grc' dir='ltr'><strong>μὴ</strong></span> <span class='ocrx_word' id='word_1_636' title='bbox 3480 4467 3537 4520; x_wconf 79' lang='grc' dir='ltr'><strong>τὸ</strong></span> <span class='ocrx_word' id='word_1_637' title='bbox 3564 4459 3729 4532; x_wconf 69' lang='grc' dir='ltr'><strong>ὑψηλδι</strong></span> 
     </span>
    </p>
   </div>
   <div class='ocr_carea' id='block_1_93' title="bbox 582 4766 2094 4844">
    <p class='ocr_par' dir='ltr' id='par_1_93' title="bbox 582 4768 2086 4844">
     <span class='ocr_line' id='line_1_93' title="bbox 582 4768 2086 4844; baseline 0.004 -22"><span class='ocrx_word' id='word_1_638' title='bbox 582 4771 691 4844; x_wconf 61' lang='grc' dir='ltr'><strong>(ξῖ)</strong></span> <span class='ocrx_word' id='word_1_639' title='bbox 716 4768 873 4829; x_wconf 81' lang='lat' dir='ltr'><strong>Unus</strong></span> <span class='ocrx_word' id='word_1_640' title='bbox 910 4789 1016 4828; x_wconf 91' lang='lat' dir='ltr'><strong>ms.</strong></span> <span class='ocrx_word' id='word_1_641' title='bbox 1052 4780 1105 4828; x_wconf 87' lang='lat' dir='ltr'><strong>et</strong></span> <span class='ocrx_word' id='word_1_642' title='bbox 1129 4773 1257 4829; x_wconf 84' lang='lat' dir='ltr'><strong>editi</strong></span> <span class='ocrx_word' id='word_1_643' title='bbox 1290 4772 1494 4827; x_wconf 89' lang='grc' dir='ltr'><strong>τούτων</strong></span> <span class='ocrx_word' id='word_1_644' title='bbox 1525 4774 1594 4827; x_wconf 90' lang='grc' dir='ltr'><strong>οί.</strong></span> <span class='ocrx_word' id='word_1_645' title='bbox 1628 4771 1733 4826; x_wconf 79' lang='lat' dir='ltr'><strong>Alii</strong></span> <span class='ocrx_word' id='word_1_646' title='bbox 1765 4773 1875 4844; x_wconf 72' lang='lat' dir='ltr'><strong>duo</strong></span> <span class='ocrx_word' id='word_1_647' title='bbox 1896 4774 2086 4828; x_wconf 82' lang='grc' dir='ltr'><strong>τοῦτον</strong></span> 
     </span>
    </p>
   </div>
   <div class='ocr_carea' id='block_1_94' title="bbox 2199 4766 3729 4844">
    <p class='ocr_par' dir='ltr' id='par_1_94' title="bbox 2262 4766 3729 4844">
     <span class='ocr_line' id='line_1_94' title="bbox 2262 4766 3729 4844; baseline -0.003 -15"><span class='ocrx_word' id='word_1_648' title='bbox 2262 4773 2376 4844; x_wconf 85' lang='grc'><strong>(60)</strong></span> <span class='ocrx_word' id='word_1_649' title='bbox 2404 4773 2547 4829; x_wconf 85' lang='lat' dir='ltr'><strong>Editi</strong></span> <span class='ocrx_word' id='word_1_650' title='bbox 2569 4782 2624 4829; x_wconf 84' lang='lat' dir='ltr'><strong>et</strong></span> <span class='ocrx_word' id='word_1_651' title='bbox 2652 4791 2786 4832; x_wconf 90' lang='lat' dir='ltr'><strong>mss.</strong></span> <span class='ocrx_word' id='word_1_652' title='bbox 2803 4775 3010 4840; x_wconf 88' lang='grc' dir='ltr'><strong>τούτοις</strong></span> <span class='ocrx_word' id='word_1_653' title='bbox 3026 4777 3350 4832; x_wconf 82' lang='grc' dir='ltr'><strong>είσοίσονται</strong></span> <span class='ocrx_word' id='word_1_654' title='bbox 3374 4791 3390 4806; x_wconf 76' lang='grc' dir='ltr'><strong><em>ο</em></strong></span> <span class='ocrx_word' id='word_1_655' title='bbox 3412 4773 3613 4835; x_wconf 89' lang='lat' dir='ltr'><strong>melius,</strong></span> <span class='ocrx_word' id='word_1_656' title='bbox 3635 4766 3729 4844; x_wconf 68' lang='lat' dir='ltr'><strong>ppi-</strong></span> 
     </span>
    </p>
   </div>
   <div class='ocr_carea' id='block_1_95' title="bbox 506 4842 2089 4916">
    <p class='ocr_par' dir='ltr' id='par_1_95' title="bbox 506 4842 2089 4916">
     <span class='ocr_line' id='line_1_95' title="bbox 506 4842 2089 4916; baseline 0.003 -21"><span class='ocrx_word' id='word_1_657' title='bbox 506 4845 579 4916; x_wconf 64' lang='lat' dir='ltr'><strong>gi.</strong></span> <span class='ocrx_word' id='word_1_658' title='bbox 608 4842 804 4916; x_wconf 77' lang='lat' dir='ltr'><strong>Statim</strong></span> <span class='ocrx_word' id='word_1_659' title='bbox 839 4858 972 4916; x_wconf 81' lang='lat' dir='ltr'><strong>mss.</strong></span> <span class='ocrx_word' id='word_1_660' title='bbox 1005 4845 1250 4916; x_wconf 83' lang='lat' dir='ltr'><strong>nonnulli</strong></span> <span class='ocrx_word' id='word_1_661' title='bbox 1285 4846 1408 4916; x_wconf 75' lang='grc' dir='ltr'><strong>ἐμοὶ</strong></span> <span class='ocrx_word' id='word_1_662' title='bbox 1430 4844 1601 4916; x_wconf 84' lang='grc' dir='ltr'><strong>δοκεῖ.</strong></span> <span class='ocrx_word' id='word_1_663' title='bbox 1628 4843 1815 4916; x_wconf 72' lang='lat' dir='ltr'><strong>Editio</strong></span> <span class='ocrx_word' id='word_1_664' title='bbox 1837 4842 2013 4899; x_wconf 87' lang='lat' dir='ltr'><strong>Paris.</strong></span> <span class='ocrx_word' id='word_1_665' title='bbox 2032 4852 2089 4899; x_wconf 90' lang='lat' dir='ltr'><strong>et</strong></span> 
     </span>
    </p>
   </div>
   <div class='ocr_carea' id='block_1_96' title="bbox 508 4910 2088 4985">
    <p class='ocr_par' dir='ltr' id='par_1_96' title="bbox 508 4910 2088 4985">
     <span class='ocr_line' id='line_1_96' title="bbox 508 4910 2088 4985; baseline 0.003 -20"><span class='ocrx_word' id='word_1_666' title='bbox 508 4910 645 4982; x_wconf 78' lang='lat' dir='ltr'><strong>Reg.</strong></span> <span class='ocrx_word' id='word_1_667' title='bbox 677 4914 873 4968; x_wconf 90' lang='lat' dir='ltr'><strong>tertius</strong></span> <span class='ocrx_word' id='word_1_668' title='bbox 918 4914 1045 4985; x_wconf 72' lang='grc' dir='ltr'><strong>ἐμοὶ</strong></span> <span class='ocrx_word' id='word_1_669' title='bbox 1084 4914 1260 4967; x_wconf 84' lang='grc' dir='ltr'><strong>δοκεῖν</strong></span> <span class='ocrx_word' id='word_1_670' title='bbox 1282 4910 1446 4985; x_wconf 64' lang='grc' dir='ltr'><strong>ξἐθό</strong></span> <span class='ocrx_word' id='word_1_671' title='bbox 1475 4914 1655 4985; x_wconf 76' lang='lat' dir='ltr'><strong>scribi</strong></span> <span class='ocrx_word' id='word_1_672' title='bbox 1694 4913 1976 4985; x_wconf 61' lang='lat' dir='ltr'><strong>debuisset</strong></span> <span class='ocrx_word' id='word_1_673' title='bbox 2020 4930 2088 4970; x_wconf 77' lang='lat' dir='ltr'><strong>ex</strong></span> 
     </span>
    </p>
   </div>
   <div class='ocr_carea' id='block_1_97' title="bbox 544 4982 2090 5056">
    <p class='ocr_par' dir='ltr' id='par_1_97' title="bbox 544 4982 2090 5056">
     <span class='ocr_line' id='line_1_97' title="bbox 544 4982 2090 5056; baseline 0.003 -22"><span class='ocrx_word' id='word_1_674' title='bbox 544 4982 991 5056; x_wconf 70' lang='lat' dir='ltr'><strong>rammaticorum</strong></span> <span class='ocrx_word' id='word_1_675' title='bbox 1034 4985 1243 5056; x_wconf 75' lang='lat' dir='ltr'><strong>regulis</strong></span> <span class='ocrx_word' id='word_1_676' title='bbox 1274 4984 1511 5056; x_wconf 78' lang='grc' dir='ltr'><strong>δοκοῦσι.</strong></span> <span class='ocrx_word' id='word_1_677' title='bbox 1545 4983 1726 5039; x_wconf 84' lang='lat' dir='ltr'><strong>Codex</strong></span> <span class='ocrx_word' id='word_1_678' title='bbox 1763 4982 1922 5040; x_wconf 88' lang='lat' dir='ltr'><strong>Voss.</strong></span> <span class='ocrx_word' id='word_1_679' title='bbox 1965 4985 2090 5056; x_wconf 71' lang='grc' dir='ltr'><strong>ἐμοὶ</strong></span> 
     </span>
    </p>
   </div>
   <div class='ocr_carea' id='block_1_98' title="bbox 569 5052 1366 5126">
    <p class='ocr_par' dir='ltr' id='par_1_98' title="bbox 569 5052 1366 5126">
     <span class='ocr_line' id='line_1_98' title="bbox 569 5052 1366 5126; baseline 0 0"><span class='ocrx_word' id='word_1_680' title='bbox 569 5054 686 5126; x_wconf 55' lang='grc' dir='ltr'><strong>κεῖν</strong></span> <span class='ocrx_word' id='word_1_681' title='bbox 713 5052 912 5126; x_wconf 60' lang='grc' dir='ltr'><strong>μέλλον</strong></span> <span class='ocrx_word' id='word_1_682' title='bbox 941 5053 998 5126; x_wconf 64' lang='grc' dir='ltr'><strong>δὲ</strong></span> <span class='ocrx_word' id='word_1_683' title='bbox 1120 5053 1366 5126; x_wconf 70' lang='grc' dir='ltr'><strong>ἀληθεξᾳο</strong></span> 
     </span>
    </p>
   </div>
   <div class='ocr_carea' id='block_1_99' title="bbox 580 5121 2088 5205">
    <p class='ocr_par' dir='ltr' id='par_1_99' title="bbox 580 5121 2088 5205">
     <span class='ocr_line' id='line_1_99' title="bbox 580 5121 2088 5205; baseline 0.002 -30"><span class='ocrx_word' id='word_1_684' title='bbox 580 5121 694 5205; x_wconf 60' lang='grc' dir='ltr'><strong>(ξιξ)</strong></span> <span class='ocrx_word' id='word_1_685' title='bbox 717 5121 914 5205; x_wconf 55' lang='grc' dir='ltr'><strong>(ξοάεξ</strong></span> <span class='ocrx_word' id='word_1_686' title='bbox 946 5121 1102 5178; x_wconf 66' lang='lat' dir='ltr'><strong>Colb&#39;.</strong></span> <span class='ocrx_word' id='word_1_687' title='bbox 1141 5121 1489 5205; x_wconf 74' lang='grc' dir='ltr'><strong>τρεψῶμεθα.</strong></span> <span class='ocrx_word' id='word_1_688' title='bbox 1523 5122 1841 5205; x_wconf 50' lang='lat' dir='ltr'><strong>Aliustnss.</strong></span> <span class='ocrx_word' id='word_1_689' title='bbox 1874 5134 1929 5205; x_wconf 90' lang='lat' dir='ltr'><strong>et</strong></span> <span class='ocrx_word' id='word_1_690' title='bbox 1954 5124 2088 5205; x_wconf 86' lang='lat' dir='ltr'><strong>editi</strong></span> 
     </span>
    </p>
   </div>
   <div class='ocr_carea' id='block_1_100' title="bbox 505 5191 2093 5350">
    <p class='ocr_par' dir='ltr' id='par_1_100' title="bbox 505 5191 2093 5350">
     <span class='ocr_line' id='line_1_100' title="bbox 505 5191 2089 5265; baseline 0.003 -21"><span class='ocrx_word' id='word_1_691' title='bbox 505 5191 844 5263; x_wconf 79' lang='grc' dir='ltr'><strong>τρεψόμεθα.</strong></span> <span class='ocrx_word' id='word_1_692' title='bbox 875 5192 1010 5262; x_wconf 77' lang='lat' dir='ltr'><strong>Reg.</strong></span> <span class='ocrx_word' id='word_1_693' title='bbox 1046 5191 1278 5263; x_wconf 75' lang='lat' dir='ltr'><strong>quartus</strong></span> <span class='ocrx_word' id='word_1_694' title='bbox 1314 5191 1609 5265; x_wconf 76' lang='grc' dir='ltr'><strong>τρέψομαι.</strong></span> <span class='ocrx_word' id='word_1_695' title='bbox 1641 5194 1937 5264; x_wconf 82' lang='lat' dir='ltr'><strong>Aliquanto</strong></span> <span class='ocrx_word' id='word_1_696' title='bbox 1964 5203 2089 5264; x_wconf 92' lang='lat' dir='ltr'><strong>post</strong></span> 
     </span>
     <span class='ocr_line' id='line_1_101' title="bbox 506 5263 2093 5350; baseline 0.002 -34"><span class='ocrx_word' id='word_1_697' title='bbox 506 5263 638 5350; x_wconf 84' lang='lat' dir='ltr'><strong>editi</strong></span> <span class='ocrx_word' id='word_1_698' title='bbox 661 5263 936 5343; x_wconf 70' lang='grc' dir='ltr'><strong>πνεύμασι</strong></span> <span class='ocrx_word' id='word_1_699' title='bbox 962 5266 1073 5350; x_wconf 77' lang='grc' dir='ltr'><strong>τρῖς</strong></span> <span class='ocrx_word' id='word_1_700' title='bbox 1094 5264 1377 5337; x_wconf 87' lang='grc' dir='ltr'><strong>πονηρίας.</strong></span> <span class='ocrx_word' id='word_1_701' title='bbox 1404 5264 1627 5335; x_wconf 79' lang='lat' dir='ltr'><strong>Antiqui</strong></span> <span class='ocrx_word' id='word_1_702' title='bbox 1650 5272 1763 5322; x_wconf 90' lang='lat' dir='ltr'><strong>tres</strong></span> <span class='ocrx_word' id='word_1_703' title='bbox 1786 5265 1909 5319; x_wconf 90' lang='lat' dir='ltr'><strong>libri</strong></span> <span class='ocrx_word' id='word_1_704' title='bbox 1933 5265 2093 5319; x_wconf 84' lang='grc' dir='ltr'><strong>πνεύ-</strong></span> 
     </span>
    </p>
   </div>
   <div class='ocr_carea' id='block_1_101' title="bbox 509 5348 1090 5416">
    <p class='ocr_par' dir='ltr' id='par_1_101' title="bbox 509 5348 1090 5416">
     <span class='ocr_line' id='line_1_102' title="bbox 509 5348 1090 5416; baseline 0.007 -32"><span class='ocrx_word' id='word_1_705' title='bbox 509 5348 772 5416; x_wconf 34' lang='grc' dir='ltr'><strong>μασιΛίτηις</strong></span> <span class='ocrx_word' id='word_1_706' title='bbox 804 5348 1090 5416; x_wconf 81' lang='grc' dir='ltr'><strong>πονηριας.</strong></span> 
     </span>
    </p>
   </div>
   <div class='ocr_carea' id='block_1_102' title="bbox 577 5402 2088 5476">
    <p class='ocr_par' dir='ltr' id='par_1_102' title="bbox 577 5402 2088 5476">
     <span class='ocr_line' id='line_1_103' title="bbox 577 5402 2088 5476; baseline 0.003 -19"><span class='ocrx_word' id='word_1_707' title='bbox 577 5402 692 5473; x_wconf 80' lang='lat'><strong>(59)</strong></span> <span class='ocrx_word' id='word_1_708' title='bbox 720 5402 850 5474; x_wconf 74' lang='lat' dir='ltr'><strong>Reg.</strong></span> <span class='ocrx_word' id='word_1_709' title='bbox 883 5402 1093 5474; x_wconf 75' lang='lat' dir='ltr'><strong>primus</strong></span> <span class='ocrx_word' id='word_1_710' title='bbox 1113 5412 1169 5462; x_wconf 87' lang='lat' dir='ltr'><strong>et</strong></span> <span class='ocrx_word' id='word_1_711' title='bbox 1198 5404 1355 5462; x_wconf 86' lang='lat' dir='ltr'><strong>Colb.</strong></span> <span class='ocrx_word' id='word_1_712' title='bbox 1385 5404 1521 5476; x_wconf 76' lang='grc' dir='ltr'><strong>Θεοῦ</strong></span> <span class='ocrx_word' id='word_1_713' title='bbox 1555 5404 1899 5476; x_wconf 88' lang='grc' dir='ltr'><strong>ἀνεχόμενον.</strong></span> <span class='ocrx_word' id='word_1_714' title='bbox 1932 5403 2088 5476; x_wconf 77' lang='lat' dir='ltr'><strong>Haud</strong></span> 
     </span>
    </p>
   </div>
   <div class='ocr_carea' id='block_1_103' title="bbox 507 5471 2089 5548">
    <p class='ocr_par' dir='ltr' id='par_1_103' title="bbox 507 5471 2089 5548">
     <span class='ocr_line' id='line_1_104' title="bbox 507 5471 2089 5548; baseline 0.004 -22"><span class='ocrx_word' id='word_1_715' title='bbox 507 5471 840 5548; x_wconf 32' lang='lat' dir='ltr'><strong>longe’upds</strong></span> <span class='ocrx_word' id='word_1_716' title='bbox 868 5471 984 5548; x_wconf 54' lang='lat' dir='ltr'><strong>ms;</strong></span> <span class='ocrx_word' id='word_1_717' title='bbox 1024 5489 1155 5548; x_wconf 67' lang='lat' dir='ltr'><strong>cum</strong></span> <span class='ocrx_word' id='word_1_718' title='bbox 1192 5475 1443 5548; x_wconf 81' lang='lat' dir='ltr'><strong>Combet‘.</strong></span> <span class='ocrx_word' id='word_1_719' title='bbox 1475 5471 1683 5546; x_wconf 82' lang='grc' dir='ltr'><strong>Ὥσπερ</strong></span> <span class='ocrx_word' id='word_1_720' title='bbox 1712 5471 1913 5548; x_wconf 28' lang='grc' dir='ltr'><strong>γάρ-ό.-</strong></span> <span class='ocrx_word' id='word_1_721' title='bbox 1934 5474 2089 5533; x_wconf 84' lang='lat' dir='ltr'><strong>Alius</strong></span> 
     </span>
    </p>
   </div>
   <div class='ocr_carea' id='block_1_104' title="bbox 507 5538 2087 5616">
    <p class='ocr_par' dir='ltr' id='par_1_104' title="bbox 507 5538 2087 5616">
     <span class='ocr_line' id='line_1_105' title="bbox 507 5538 2087 5616; baseline 0.003 -19"><span class='ocrx_word' id='word_1_722' title='bbox 507 5538 680 5616; x_wconf 70' lang='lat' dir='ltr'><strong>eode:</strong></span> <span class='ocrx_word' id='word_1_723' title='bbox 711 5543 900 5616; x_wconf 73' lang='grc' dir='ltr'><strong>ὥσπερ</strong></span> <span class='ocrx_word' id='word_1_724' title='bbox 926 5538 1086 5616; x_wconf 30' lang='grc' dir='ltr'><strong>οὖν-ό.</strong></span> <span class='ocrx_word' id='word_1_725' title='bbox 1111 5544 1317 5616; x_wconf 72' lang='lat' dir='ltr'><strong>vocula</strong></span> <span class='ocrx_word' id='word_1_726' title='bbox 1354 5552 1586 5616; x_wconf 87' lang='lat' dir='ltr'><strong>utraque</strong></span> <span class='ocrx_word' id='word_1_727' title='bbox 1621 5538 1676 5616; x_wconf 71' lang='lat' dir='ltr'><strong>in</strong></span> <span class='ocrx_word' id='word_1_728' title='bbox 1708 5538 1871 5601; x_wconf 75' lang='lat' dir='ltr'><strong>editis</strong></span> <span class='ocrx_word' id='word_1_729' title='bbox 1894 5545 2087 5614; x_wconf 91' lang='lat' dir='ltr'><strong>juncta</strong></span> 
     </span>
    </p>
   </div>
   <div class='ocr_carea' id='block_1_105' title="bbox 510 5610 2087 5685">
    <p class='ocr_par' dir='ltr' id='par_1_105' title="bbox 510 5610 2087 5685">
     <span class='ocr_line' id='line_1_106' title="bbox 510 5610 2087 5685; baseline 0.004 -20"><span class='ocrx_word' id='word_1_730' title='bbox 510 5613 711 5685; x_wconf 66' lang='lat' dir='ltr'><strong>fuerat,</strong></span> <span class='ocrx_word' id='word_1_731' title='bbox 744 5610 955 5685; x_wconf 69' lang='grc' dir='ltr'><strong>Ὥσπερ</strong></span> <span class='ocrx_word' id='word_1_732' title='bbox 986 5613 1094 5685; x_wconf 86' lang='grc' dir='ltr'><strong>γὰρ</strong></span> <span class='ocrx_word' id='word_1_733' title='bbox 1135 5610 1227 5669; x_wconf 79' lang='grc' dir='ltr'><strong>οὖν</strong></span> <span class='ocrx_word' id='word_1_734' title='bbox 1263 5617 1311 5670; x_wconf 92' lang='grc' dir='ltr'><strong>ό.</strong></span> <span class='ocrx_word' id='word_1_735' title='bbox 1353 5610 1596 5672; x_wconf 76' lang='lat' dir='ltr'><strong>Subinde</strong></span> <span class='ocrx_word' id='word_1_736' title='bbox 1648 5615 1758 5671; x_wconf 91' lang='lat' dir='ltr'><strong>duo</strong></span> <span class='ocrx_word' id='word_1_737' title='bbox 1810 5610 1944 5673; x_wconf 79' lang='lat' dir='ltr'><strong>mss.</strong></span> <span class='ocrx_word' id='word_1_738' title='bbox 1978 5615 2087 5672; x_wconf 83' lang='grc' dir='ltr'><strong>τῶν</strong></span> 
     </span>
    </p>
   </div>
   <div class='ocr_carea' id='block_1_106' title="bbox 508 5682 1103 5750">
    <p class='ocr_par' dir='ltr' id='par_1_106' title="bbox 508 5682 1103 5750">
     <span class='ocr_line' id='line_1_107' title="bbox 508 5682 1103 5750; baseline -0.002 -11"><span class='ocrx_word' id='word_1_739' title='bbox 508 5682 706 5739; x_wconf 68' lang='grc' dir='ltr'><strong>ἑαυτοῦ</strong></span> <span class='ocrx_word' id='word_1_740' title='bbox 740 5682 1103 5750; x_wconf 81' lang='grc' dir='ltr'><strong>θεραπόντων.</strong></span> 
     </span>
    </p>
   </div>
   <div class='ocr_carea' id='block_1_107' title="bbox 2190 4840 3725 4918">
    <p class='ocr_par' dir='ltr' id='par_1_107' title="bbox 2190 4840 3725 4918">
     <span class='ocr_line' id='line_1_108' title="bbox 2190 4840 3725 4918; baseline -0.001 -20"><span class='ocrx_word' id='word_1_741' title='bbox 2190 4840 2315 4918; x_wconf 71' lang='lat' dir='ltr'><strong>nor.</strong></span> <span class='ocrx_word' id='word_1_742' title='bbox 2357 4840 2622 4918; x_wconf 76' lang='lat' dir='ltr'><strong>scriptum</strong></span> <span class='ocrx_word' id='word_1_743' title='bbox 2668 4846 2862 4901; x_wconf 88' lang='lat' dir='ltr'><strong>fuisset</strong></span> <span class='ocrx_word' id='word_1_744' title='bbox 2887 4846 3081 4918; x_wconf 76' lang='grc' dir='ltr'><strong>τούτῳ,</strong></span> <span class='ocrx_word' id='word_1_745' title='bbox 3115 4862 3314 4918; x_wconf 80' lang='lat' dir='ltr'><strong>nempe</strong></span> <span class='ocrx_word' id='word_1_746' title='bbox 3352 4840 3725 4918; x_wconf 62' lang='grc' dir='ltr'><strong>καθηγουμένιξ-</strong></span> 
     </span>
    </p>
   </div>
   <div class='ocr_carea' id='block_1_108' title="bbox 2191 4906 3728 4983">
    <p class='ocr_par' dir='ltr' id='par_1_108' title="bbox 2191 4906 3728 4983">
     <span class='ocr_line' id='line_1_109' title="bbox 2191 4906 3728 4983; baseline -0.003 -15"><span class='ocrx_word' id='word_1_747' title='bbox 2191 4912 2395 4970; x_wconf 80' lang='lat' dir='ltr'><strong>Ibidem</strong></span> <span class='ocrx_word' id='word_1_748' title='bbox 2424 4906 2534 4969; x_wconf 80' lang='lat' dir='ltr'><strong>duo</strong></span> <span class='ocrx_word' id='word_1_749' title='bbox 2565 4929 2700 4971; x_wconf 91' lang='lat' dir='ltr'><strong>mss.</strong></span> <span class='ocrx_word' id='word_1_750' title='bbox 2743 4931 2868 4969; x_wconf 91' lang='lat' dir='ltr'><strong>cum</strong></span> <span class='ocrx_word' id='word_1_751' title='bbox 2920 4906 3080 4971; x_wconf 65' lang='lat' dir='ltr'><strong>Vos&#39;s.</strong></span> <span class='ocrx_word' id='word_1_752' title='bbox 3114 4906 3269 4983; x_wconf 65' lang='grc' dir='ltr'><strong>λόγοῦ</strong></span> <span class='ocrx_word' id='word_1_753' title='bbox 3306 4916 3413 4970; x_wconf 86' lang='grc' dir='ltr'><strong>τῶν</strong></span> <span class='ocrx_word' id='word_1_754' title='bbox 3461 4906 3728 4983; x_wconf 71' lang='grc' dir='ltr'><strong>ἐπιταγμά-</strong></span> 
     </span>
    </p>
   </div>
   <div class='ocr_carea' id='block_1_109' title="bbox 2188 4982 3727 5067">
    <p class='ocr_par' dir='ltr' id='par_1_109' title="bbox 2188 4982 3727 5067">
     <span class='ocr_line' id='line_1_110' title="bbox 2188 4982 3727 5067; baseline -0.003 -29"><span class='ocrx_word' id='word_1_755' title='bbox 2188 5002 2366 5039; x_wconf 89' lang='grc' dir='ltr'><strong>των...</strong></span> <span class='ocrx_word' id='word_1_756' title='bbox 2394 4985 2555 5067; x_wconf 59' lang='grc' dir='ltr'><strong>ξργον</strong></span> <span class='ocrx_word' id='word_1_757' title='bbox 2583 4984 2690 5067; x_wconf 60' lang='grc' dir='ltr'><strong>τῷν</strong></span> <span class='ocrx_word' id='word_1_758' title='bbox 2714 4985 3135 5067; x_wconf 66' lang='grc' dir='ltr'><strong>ἐπιταχθέντων.</strong></span> <span class='ocrx_word' id='word_1_759' title='bbox 3168 4982 3309 5067; x_wconf 77' lang='lat' dir='ltr'><strong>Editi</strong></span> <span class='ocrx_word' id='word_1_760' title='bbox 3339 4986 3491 5067; x_wconf 74' lang='grc' dir='ltr'><strong>λόγον</strong></span> <span class='ocrx_word' id='word_1_761' title='bbox 3510 4982 3727 5067; x_wconf 12' lang='grc' dir='ltr'><strong>τῶν,</strong></span> 
     </span>
    </p>
   </div>
   <div class='ocr_carea' id='block_1_110' title="bbox 2188 5050 3727 5127">
    <p class='ocr_par' dir='ltr' id='par_1_110' title="bbox 2188 5050 3727 5127">
     <span class='ocr_line' id='line_1_111' title="bbox 2188 5050 3727 5127; baseline -0.002 -19"><span class='ocrx_word' id='word_1_762' title='bbox 2188 5050 2606 5127; x_wconf 69' lang='grc' dir='ltr'><strong>τεταγμένων...</strong></span> <span class='ocrx_word' id='word_1_763' title='bbox 2639 5054 2797 5123; x_wconf 78' lang='grc' dir='ltr'><strong>ἔργον</strong></span> <span class='ocrx_word' id='word_1_764' title='bbox 2824 5050 2931 5108; x_wconf 78' lang='grc' dir='ltr'><strong>τῶν</strong></span> <span class='ocrx_word' id='word_1_765' title='bbox 2958 5057 3364 5127; x_wconf 84' lang='grc' dir='ltr'><strong>ἐπιταγμάτων,</strong></span> <span class='ocrx_word' id='word_1_766' title='bbox 3396 5050 3573 5127; x_wconf 79' lang='lat' dir='ltr'><strong>eadem</strong></span> <span class='ocrx_word' id='word_1_767' title='bbox 3597 5050 3727 5119; x_wconf 75' lang='lat' dir='ltr'><strong>plane</strong></span> 
     </span>
    </p>
   </div>
   <div class='ocr_carea' id='block_1_111' title="bbox 2191 5123 3641 5194">
    <p class='ocr_par' dir='ltr' id='par_1_111' title="bbox 2191 5123 3641 5194">
     <span class='ocr_line' id='line_1_112' title="bbox 2191 5123 3641 5194; baseline -0.006 -13"><span class='ocrx_word' id='word_1_768' title='bbox 2191 5123 2483 5181; x_wconf 85' lang='lat' dir='ltr'><strong>sententia.</strong></span> <span class='ocrx_word' id='word_1_769' title='bbox 2516 5125 2649 5193; x_wconf 77' lang='lat' dir='ltr'><strong>Reg.</strong></span> <span class='ocrx_word' id='word_1_770' title='bbox 2685 5134 2915 5194; x_wconf 83' lang='lat' dir='ltr'><strong>quartus</strong></span> <span class='ocrx_word' id='word_1_771' title='bbox 2944 5138 3001 5179; x_wconf 93' lang='lat' dir='ltr'><strong>ut</strong></span> <span class='ocrx_word' id='word_1_772' title='bbox 3034 5128 3087 5179; x_wconf 92' lang='lat' dir='ltr'><strong>in</strong></span> <span class='ocrx_word' id='word_1_773' title='bbox 3121 5123 3400 5187; x_wconf 68' lang='lat' dir='ltr'><strong>ccutestu,</strong></span> <span class='ocrx_word' id='word_1_774' title='bbox 3437 5123 3641 5194; x_wconf 75' lang='lat' dir='ltr'><strong>rectius.</strong></span> 
     </span>
    </p>
   </div>
   <div class='ocr_carea' id='block_1_112' title="bbox 2262 5183 3722 5268">
    <p class='ocr_par' dir='ltr' id='par_1_112' title="bbox 2262 5183 3722 5268">
     <span class='ocr_line' id='line_1_113' title="bbox 2262 5183 3722 5268; baseline -0.008 -18"><span class='ocrx_word' id='word_1_775' title='bbox 2262 5197 2343 5268; x_wconf 68' lang='lat' dir='ltr'><strong>(ﬁt</strong></span> <span class='ocrx_word' id='word_1_776' title='bbox 2357 5196 2381 5268; x_wconf 92' lang='lat'><strong>)_</strong></span> <span class='ocrx_word' id='word_1_777' title='bbox 2402 5183 3212 5268; x_wconf 52' lang='grc' dir='ltr'><strong>ϐοόθίνοὲεηπροσηκούσης</strong></span> <span class='ocrx_word' id='word_1_778' title='bbox 3232 5183 3588 5268; x_wconf 30' lang='grc' dir='ltr'><strong>αἰδοῦς-,Ροει</strong></span> <span class='ocrx_word' id='word_1_779' title='bbox 3615 5183 3722 5268; x_wconf 69' lang='lat' dir='ltr'><strong>illud</strong></span> 
     </span>
    </p>
   </div>
   <div class='ocr_carea' id='block_1_113' title="bbox 2192 5256 3724 5336">
    <p class='ocr_par' dir='ltr' id='par_1_113' title="bbox 2192 5256 3724 5336">
     <span class='ocr_line' id='line_1_114' title="bbox 2192 5256 3724 5336; baseline -0.009 -17"><span class='ocrx_word' id='word_1_780' title='bbox 2192 5256 2544 5336; x_wconf 71' lang='grc' dir='ltr'><strong>παιδεύεσθαι</strong></span> <span class='ocrx_word' id='word_1_781' title='bbox 2574 5256 3254 5336; x_wconf 55' lang='grc' dir='ltr'><strong>Ιθειιιιιιιι-Ῑιαεόνρτὺίῖἰιι</strong></span> <span class='ocrx_word' id='word_1_782' title='bbox 3284 5256 3461 5336; x_wconf 63' lang='grc' dir='ltr'><strong>νοέείἰ</strong></span> <span class='ocrx_word' id='word_1_783' title='bbox 3492 5258 3644 5336; x_wconf 68' lang='lat' dir='ltr'><strong>veteri</strong></span> <span class='ocrx_word' id='word_1_784' title='bbox 3677 5256 3724 5336; x_wconf 67' lang='lat' dir='ltr'><strong>li-</strong></span> 
     </span>
    </p>
   </div>
   <div class='ocr_carea' id='block_1_114' title="bbox 2192 5328 3719 5406">
    <p class='ocr_par' dir='ltr' id='par_1_114' title="bbox 2192 5328 3719 5406">
     <span class='ocr_line' id='line_1_115' title="bbox 2192 5328 3719 5406; baseline -0.004 -17"><span class='ocrx_word' id='word_1_785' title='bbox 2192 5334 2293 5390; x_wconf 94' lang='lat' dir='ltr'><strong>bro</strong></span> <span class='ocrx_word' id='word_1_786' title='bbox 2321 5345 2375 5390; x_wconf 89' lang='lat' dir='ltr'><strong>et</strong></span> <span class='ocrx_word' id='word_1_787' title='bbox 2409 5336 2461 5388; x_wconf 92' lang='lat' dir='ltr'><strong>in</strong></span> <span class='ocrx_word' id='word_1_788' title='bbox 2490 5328 2795 5406; x_wconf 42' lang='lat' dir='ltr'><strong>Colbtetin</strong></span> <span class='ocrx_word' id='word_1_789' title='bbox 2829 5334 2960 5406; x_wconf 85' lang='lat' dir='ltr'><strong>Reg.</strong></span> <span class='ocrx_word' id='word_1_790' title='bbox 2988 5338 3357 5406; x_wconf 39' lang='grc' dir='ltr'><strong>νήπια-πᾶσα</strong></span> <span class='ocrx_word' id='word_1_791' title='bbox 3377 5335 3429 5387; x_wconf 83' lang='grc' dir='ltr'><strong>δὲ</strong></span> <span class='ocrx_word' id='word_1_792' title='bbox 3458 5328 3659 5406; x_wconf 62' lang='grc' dir='ltr'><strong>σπουδῇ,</strong></span> <span class='ocrx_word' id='word_1_793' title='bbox 3678 5331 3719 5374; x_wconf 61' lang='grc' dir='ltr'><strong>εί</strong></span> 
     </span>
    </p>
   </div>
   <div class='ocr_carea' id='block_1_115' title="bbox 2192 5398 3721 5479">
    <p class='ocr_par' dir='ltr' id='par_1_115' title="bbox 2192 5398 3721 5479">
     <span class='ocr_line' id='line_1_116' title="bbox 2192 5398 3721 5479; baseline -0.003 -20"><span class='ocrx_word' id='word_1_794' title='bbox 2192 5421 2315 5475; x_wconf 73' lang='lat' dir='ltr'><strong>quae</strong></span> <span class='ocrx_word' id='word_1_795' title='bbox 2336 5414 2644 5479; x_wconf 80' lang='lat' dir='ltr'><strong>sequuntur</strong></span> <span class='ocrx_word' id='word_1_796' title='bbox 2670 5403 2739 5458; x_wconf 91' lang='lat' dir='ltr'><strong>ad</strong></span> <span class='ocrx_word' id='word_1_797' title='bbox 2770 5398 2937 5479; x_wconf 55' lang='lat' dir='ltr'><strong>ﬁne&quot;?</strong></span> <span class='ocrx_word' id='word_1_798' title='bbox 2964 5398 3301 5479; x_wconf 30' lang='lat' dir='ltr'><strong>uisqueaﬂoc</strong></span> <span class='ocrx_word' id='word_1_799' title='bbox 3332 5415 3503 5479; x_wconf 79' lang='lat' dir='ltr'><strong>autem</strong></span> <span class='ocrx_word' id='word_1_800' title='bbox 3536 5398 3721 5479; x_wconf 57' lang='lat' dir='ltr'><strong>addjlaf</strong></span> 
     </span>
    </p>
   </div>
   <div class='ocr_carea' id='block_1_116' title="bbox 2192 5472 3721 5544">
    <p class='ocr_par' dir='ltr' id='par_1_116' title="bbox 2192 5472 3721 5544">
     <span class='ocr_line' id='line_1_117' title="bbox 2192 5472 3721 5544; baseline -0.006 -15"><span class='ocrx_word' id='word_1_801' title='bbox 2192 5472 2438 5531; x_wconf 84' lang='lat' dir='ltr'><strong>mentum</strong></span> <span class='ocrx_word' id='word_1_802' title='bbox 2483 5475 2688 5544; x_wconf 89' lang='lat' dir='ltr'><strong>editum</strong></span> <span class='ocrx_word' id='word_1_803' title='bbox 2722 5475 2944 5543; x_wconf 87' lang='lat' dir='ltr'><strong>quidem</strong></span> <span class='ocrx_word' id='word_1_804' title='bbox 2987 5472 3098 5544; x_wconf 80' lang='lat' dir='ltr'><strong>jain</strong></span> <span class='ocrx_word' id='word_1_805' title='bbox 3152 5475 3329 5531; x_wconf 78' lang='lat' dir='ltr'><strong>fuerat</strong></span> <span class='ocrx_word' id='word_1_806' title='bbox 3370 5490 3400 5527; x_wconf 90' lang='lat' dir='ltr'><strong>a</strong></span> <span class='ocrx_word' id='word_1_807' title='bbox 3439 5472 3721 5544; x_wconf 61' lang='lat' dir='ltr'><strong>doctissimo</strong></span> 
     </span>
    </p>
   </div>
   <div class='ocr_carea' id='block_1_117' title="bbox 2191 5531 3716 5601">
    <p class='ocr_par' dir='ltr' id='par_1_117' title="bbox 2191 5531 3716 5601">
     <span class='ocr_line' id='line_1_118' title="bbox 2191 5531 3716 5601; baseline -0.007 -3"><span class='ocrx_word' id='word_1_808' title='bbox 2191 5547 2312 5601; x_wconf 91' lang='lat' dir='ltr'><strong>viro</strong></span> <span class='ocrx_word' id='word_1_809' title='bbox 2339 5546 2554 5600; x_wconf 81' lang='lat' dir='ltr'><strong>Andrea</strong></span> <span class='ocrx_word' id='word_1_810' title='bbox 2591 5531 2781 5599; x_wconf 66' lang='lat' dir='ltr'><strong>Scottb</strong></span> <span class='ocrx_word' id='word_1_811' title='bbox 2834 5545 2888 5598; x_wconf 91' lang='lat' dir='ltr'><strong>in</strong></span> <span class='ocrx_word' id='word_1_812' title='bbox 2919 5531 3090 5601; x_wconf 61' lang='lat' dir='ltr'><strong>va&#39;riis</strong></span> <span class='ocrx_word' id='word_1_813' title='bbox 3119 5547 3235 5601; x_wconf 92' lang='lat' dir='ltr'><strong>suis</strong></span> <span class='ocrx_word' id='word_1_814' title='bbox 3267 5540 3578 5601; x_wconf 86' lang='lat' dir='ltr'><strong>lectionibus</strong></span> <span class='ocrx_word' id='word_1_815' title='bbox 3601 5556 3612 5590; x_wconf 77' lang='grc' dir='ltr'>ε</span> <span class='ocrx_word' id='word_1_816' title='bbox 3638 5531 3716 5588; x_wconf 86' lang='lat' dir='ltr'><strong>sed</strong></span> 
     </span>
    </p>
   </div>
   <div class='ocr_carea' id='block_1_118' title="bbox 2190 5602 3717 5686">
    <p class='ocr_par' dir='ltr' id='par_1_118' title="bbox 2190 5602 3717 5686">
     <span class='ocr_line' id='line_1_119' title="bbox 2190 5602 3717 5686; baseline -0.006 -15"><span class='ocrx_word' id='word_1_817' title='bbox 2190 5616 2478 5686; x_wconf 83' lang='lat' dir='ltr'><strong>nonnulla,</strong></span> <span class='ocrx_word' id='word_1_818' title='bbox 2509 5630 2631 5686; x_wconf 68' lang='lat' dir='ltr'><strong>quae</strong></span> <span class='ocrx_word' id='word_1_819' title='bbox 2660 5613 2805 5669; x_wconf 84' lang='lat' dir='ltr'><strong>foede</strong></span> <span class='ocrx_word' id='word_1_820' title='bbox 2825 5625 3081 5686; x_wconf 81' lang='lat' dir='ltr'><strong>corrupta</strong></span> <span class='ocrx_word' id='word_1_821' title='bbox 3104 5623 3277 5682; x_wconf 86' lang='lat' dir='ltr'><strong>erant,</strong></span> <span class='ocrx_word' id='word_1_822' title='bbox 3308 5631 3374 5671; x_wconf 76' lang='lat' dir='ltr'><strong>ex</strong></span> <span class='ocrx_word' id='word_1_823' title='bbox 3411 5609 3587 5668; x_wconf 82' lang='lat' dir='ltr'><strong>codice</strong></span> <span class='ocrx_word' id='word_1_824' title='bbox 3612 5602 3717 5659; x_wconf 81' lang='lat' dir='ltr'><strong>Col-</strong></span> 
     </span>
    </p>
   </div>
   <div class='ocr_carea' id='block_1_119' title="bbox 2189 5685 2867 5743">
    <p class='ocr_par' dir='ltr' id='par_1_119' title="bbox 2189 5685 2867 5743">
     <span class='ocr_line' id='line_1_120' title="bbox 2189 5685 2867 5743; baseline -0.003 -2"><span class='ocrx_word' id='word_1_825' title='bbox 2189 5685 2407 5743; x_wconf 89' lang='lat' dir='ltr'><strong>bertino</strong></span> <span class='ocrx_word' id='word_1_826' title='bbox 2440 5685 2867 5743; x_wconf 89' lang='lat' dir='ltr'><strong>emendavimus.</strong></span> 
     </span>
    </p>
   </div>
  </div>
