4018 6226
351 326 372 380 1
385 326 488 381 389

345 443 446 511 τῆς
487 440 662 510 ψυχης
708 439 804 493 διὰ·
836 441 935 510 τῆς
985 441 1402 504 ἐπαναστάσεως
1445 441 1552 494 τῶν
1599 443 1803 511 ἡδονῶν
1829 461 1921 497 τα-

347 532 658 602 πεινωθείη.
705 531 828 595 Πῶς
860 533 967 603 γὰρ
999 531 1065 585 ἂν
1105 532 1184 584 ἔτι
1212 533 1433 586 δύναται
1463 534 1599 604 πρὸς
1622 535 1684 587 τὸ
1718 553 1915 604 συγγε-

345 622 436 685 νὲς
464 624 558 695 καὶ
595 624 784 676 νοητὸν
810 623 924 692 φῶς
949 623 1222 695 ἐλευθέρῳ
1250 625 1544 692 ἀναϐλέψαι
1583 625 1660 695 τῷ
1707 625 1914 696 ὄμματι

345 714 380 783 ὴ
427 713 837 784 προσηλωθεῖσα
885 715 1032 767 κάτω
1072 714 1217 784 ψυχὴ
1246 717 1310 785 τῇ
1357 717 1516 786 ἡδονῇ
1550 717 1650 785 τῆς
1687 721 1912 785 σαρκός;

345 805 438 858 Διὸ
476 805 580 877 χρὴ
641 806 745 875 πρό
805 822 866 873 γε
919 806 1136 859 πάντων
1188 805 1285 876 τὴν
1327 807 1654 877 ἐγκράτειαν
1705 809 1912 870 ἀσκεῖν,

344 896 562 966 ἀσφαλῆ
605 896 838 968 φρουρὸν
868 897 968 966 τὴς
1001 898 1354 968 σωφροσύνης
1379 897 1769 967 τυγχάνουσαν,
1821 899 1916 951 καὶ

342 987 436 1040 τὸν
461 988 701 1058 ἡγεμόνα
728 986 851 1041 νοῦν
881 989 955 1059 μὴ
990 986 1374 1058 συγχωροῦσαν
1407 981 1508 1040 ὧδε
1537 989 1759 1042 κάκεῖσε
1783 989 1915 1060 ῥέμ-

345 1077 558 1132 ϐεσθαι.
601 1078 866 1149 Καθάπερ
901 1080 1010 1150 γὰρ
1041 1081 1101 1159 τρ
1136 1082 1659 1153 περιεστεγασμένον
1688 1081 1777 1134 διὰ
1806 1099 1912 1134 σω-

343 1173 518 1242 λήνων
555 1172 696 1244 ὖδωρ
720 1173 896 1245 ὄρθιον
941 1175 1045 1226 ὑπὸ
1088 1175 1184 1244 τῆς
1231 1175 1624 1244 ἀναθλιὸούσης
1659 1175 1797 1245 βίας.
1822 1176 1913 1228 ἐπὶ

342 1265 404 1316 τὸ
426 1263 537 1316 ἄνω
568 1264 811 1334 φέρεται,
843 1265 942 1318 οὐκ
971 1265 1109 1334 ἔχων
1131 1268 1262 1319 ὅπου
1291 1265 1565 1337 διαχυθείη
1587 1283 1599 1296 °
1647 1264 1788 1318 οὕτω
1821 1267 1912 1319 καὶ

340 1354 371 1408 6
396 1355 564 1417 νοῦςὸ
592 1353 947 1425 ἀνθρώπινος,
982 1355 1230 1426 καθάπερ
1261 1356 1498 1424 σωλῆνος
1527 1354 1785 1423 στεγανοῦ
1815 1354 1912 1423 τῆς

341 1444 663 1515 ἐγκρατείας
690 1444 868 1498 αὐτῶν
896 1447 1228 1516 πανταχόθεν
1255 1445 1740 1517 περισφιγγούσης,
1781 1446 1912 1498 ἀνα-

340 1535 675 1607 ληφθήσεταί
703 1553 820 1600 πως
847 1537 951 1589 ὑπὸ
977 1537 1073 1607 τῆς
1099 1538 1191 1590 τοῦ
1237 1538 1501 1591 κινεῖσθαι
1537 1536 1752 1604 φύσεως
1776 1537 1910 1606 πρὸς

338 1628 440 1699 τὴν
482 1627 589 1681 τῶν
646 1627 990 1699 ὑψηλοτέρων
1052 1628 1368 1698 ἐπιθυμίαν,
1415 1629 1514 1682 ούκ
1575 1628 1712 1699 ἔχων
1776 1629 1908 1680 ὅπου

338 1718 588 1790 διαῤῥυῇ.
629 1718 763 1772 Οὐδὲ
806 1719 914 1790 γὰρ
958 1720 1147 1787 στῆναί
1199 1736 1328 1771 ποτε
1372 1719 1600 1772 δυνατόν
1651 1720 1768 1771 ἐστι
1817 1718 1909 1770 τὸν

340 1810 643 1880 ἀεικίνητον
673 1810 778 1862 ὑπὸ
798 1809 890 1862 τοῦ
913 1810 1269 1880 πεποιηκότος
1295 1809 1550 1879 εἰληφότα
1578 1808 1674 1878 τὴν
1713 1808 1873 1876 φύσιν
1892 1825 1904 1838 ·
1941 1849 1983 1902 Β

339 1899 435 1952 καὶ
471 1900 552 1962 εἰς
575 1899 643 1951 τὰ
688 1899 893 1968 μάταια
925 1898 1188 1953 κινεῖσθαι
1236 1898 1597 1970 κωλυόμενον,
1633 1899 1910 1969 ἀμήχανον

342 1990 420 2060 μὴ
446 1989 582 2059 πρὸς
602 1989 699 2060 τὴν
726 1989 980 2060 ἀλήθειαν
1007 1991 1222 2053 πάντως
1244 1990 1633 2060 εὐθυπορῆσαι.
1675 1989 1908 2060 Ἐγκρά-

335 2097 486 2134 τειαν
544 2080 601 2134 δὲ
665 2080 946 2151 ἡγούμεθα
1002 2081 1278 2151 ὁρίζεσθαι
1326 2082 1388 2133 οὐ
1448 2081 1606 2150 μόνον
1660 2079 1759 2148 τὴν
1804 2079 1911 2132 τῶν

339 2170 646 2241 βρωμάτων
680 2171 889 2242 ἀποχὴν
926 2171 1105 2241 (τοῦτο
1130 2171 1240 2242 γὰρ
1261 2159 1469 2223 ’πολλοὶ
1502 2172 1596 2225 καὶ
1626 2170 1734 2223 τῶν
1781 2171 1910 2241 παρ’

337 2262 562 2334 Ἕλλησι
595 2262 897 2332 φιλοσόφων
929 2261 1340 2333 κατώρθωσαν),
1367 2262 1501 2339 ἀλλά
1531 2262 1635 2332 πρό
1672 2279 1734 2329 γε
1777 2261 1912 2314 πάν-

333 2370 443 2407 των
484 2355 574 2406 τὸν
596 2352 702 2406 τῶν
728 2353 1021 2423 ὀφθαλμῶν
1053 2353 1387 2424 ῥεμϐασμόν.
1443 2340 1507 2405 Τί
1545 2354 1650 2425 γὰρ
1695 2351 1909 2422 ὄφελος,

335 2446 407 2508 εἰ,
442 2446 622 2499 σιτίων
651 2445 1006 2515 ἀπεχόμενος,
1052 2444 1293 2515 μοιχείας
1337 2444 1631 2498 ἀκολασίαν
1670 2443 1758 2496 διὰ
1802 2442 1911 2496 τῶν

331 2534 628 2606 ὀφθαλμῶν
669 2534 947 2605 ἐσθίεις,ῆ
990 2538 1100 2597 τοῖς
1143 2535 1275 2586 ὠσὶν
1314 2532 1453 2587 ἑκὼν
1499 2533 1766 2603 ἀκροᾶσαι
1804 2548 1909 2601 μα-

332 2630 494 2693 ταίας
523 2629 617 2682 καὶ
659 2627 968 2689 διαϐολικάς
997 2626 1212 2695 φωνάς;
1263 2625 1427 2678 Οὐδὲν
1459 2623 1650 2692 ὄφελος
1686 2623 1910 2694 βρωμά-

331 2738 443 2775 των
487 2719 807 2790 άπέχεσθαι,
847 2719 1012 2786 τύφον
1052 2717 1107 2770 δὲ
1136 2714 1580 2788 ύψηλοφροσύνης
1626 2716 1719 2768 καὶ
1750 2715 1911 2783 κενῆς

332 2811 494 2882 δόξης
545 2812 637 2866 καὶ
687 2810 888 2874 παντὸς
921 2809 1125 2872 πάθους
1175 2813 1249 2881 μὴ
1295 2809 1614 2880 ἀπέχεσθαι.
1657 2809 1727 2861 ’Ἡ
1762 2808 1814 2860 τί
1848 2824 1911 2875 γε

331 2902 525 2972 ὄφελος
569 2901 995 2972 ὲγκρατεύεσθαι
1034 2902 1140 2955 ἀπὸ
1174 2901 1497 2973 βρωμάτων,
1544 2901 1640 2954 καὶ
1685 2899 1791 2952 ἀπὸ
1823 2899 1913 2952 λο-

333 2992 546 3062 γισμῶν
586 2979 838 3062 πονηρῶν
886 2993 979 3044 καὶ
1030 2991 1271 3062 ματαίων
1303 2991 1377 3062 μὴ
1423 2989 1769 3060 ἀπέχεσθαι;
1818 2989 1910 3042 Διὸ

333 3083 429 3136 καὶ
457 3085 486 3136 6
531 3084 846 3147 Ἀπόστολος
876 3083 1057 3151 ἔλεγεν
1077 3101 1088 3112 ο
1126 3082 1420 3152 Φοϐοῦμαι
1441 3082 1526 3151 μή
1559 3100 1682 3148 πως
1710 3079 1908 3150 εσθαρῇ

1437 312 2036 382 CONSTITUTIONES
2075 326 2514 382 MONASTICXE.

3460 311 3608 415 1390:

2021 441 2305 508 Quomodo
2334 442 2479 496 enim
2509 442 2692 496 anima
2727 443 2875 496 humi
2919 458 3015 514 per
3044 443 3226 501 carnis
3259 447 3590 510 vo.uptatem

2021 533 2255 597 conﬁxa,
2287 541 2463 603 potest
2507 533 2685 587 adhuc
2724 533 2894 588 libero
2940 535 3134 589 obtutu
3176 535 3232 586 in
3278 531 3435 587 aliine
3485 532 3591 585 sibi

2021 632 2185 694 atque
2230 625 2570 694 intelligibile
2617 626 2798 679 lumen
2853 627 3172 696 suspicere?
3224 625 3406 692 Quare
3466 635 3592 678 ante

2021 717 2204 772 omnia
2243 717 2654 787 temperantiam
2700 718 3036 772 castimonia:
3065 725 3240 770 tutum
3281 715 3603 778 custodem,

2020 813 2073 860 et
2106 821 2226 875 qua:
2272 807 2560 876 prtesidem
2612 815 2846 860 mentem
2891 808 2999 860 huc
3064 807 3193 861 illuc
3250 822 3436 861 errare
3478 787 3603 878 non:

2021 901 2188 964 sinat,
2224 899 2400 953 excoli
2427 907 2665 968 oportet.
2707 899 2771 953 Ut
2803 900 2948 952 enim
2979 901 3270 952 constricta
3301 915 3396 968 per
3425 913 3590 952 cana-

2021 986 2100 1040 les
2134 1001 2296 1056 aqua,
2324 1003 2448 1040 cum
2480 1002 2587 1040 non
2617 986 2810 1041 habeat
2837 1002 2944 1056 quo
2970 1003 3029 1042 se
3064 987 3350 1051 diﬁ‘undat,
3383 995 3529 1042 recta
3557 1002 3588 1040 a

2019 1076 2413 1146 comprimente
2452 1077 2504 1128 vi
2538 1078 2589 1130 in
2627 1077 2795 1129 altum
2850 1077 3023 1130 fertur
3059 1097 3071 1132 :
3105 1078 3177 1130 ita
3217 1087 3271 1130 et
3317 1078 3588 1131 humanus

2021 1169 2238 1223 animus
2261 1169 2618 1237 temperantia
2656 1169 2812 1236 quasi
2844 1179 3084 1238 angusto
3113 1168 3368 1238 .quodam
3412 1167 3591 1222 canali

2021 1260 2302 1314 undelibet
2372 1261 2742 1323 constrictus,
2811 1261 3213 1330 quodammodo
3281 1277 3346 1316 ex
3406 1269 3589 1315 motus

2019 1359 2211 1402 natura
2261 1349 2328 1402 ad
2368 1365 2550 1404 rerum
2596 1350 2977 1404 sublimiorum
3018 1350 3344 1406 desiderium
3373 1351 3590 1405 attolle-

2018 1449 2128 1504 tur,
2184 1442 2279 1509 qui
2340 1442 2598 1504 scilicet,
2647 1457 2756 1512 quo
2815 1440 3141 1504 etl'undatur,
3203 1459 3309 1496 non
3365 1443 3586 1497 habeat.

2018 1529 2202 1599 Neque
2263 1532 2407 1586 enim
2458 1533 2676 1586 animus
2729 1546 2968 1602 unquam
3023 1541 3168 1586 stare
3230 1541 3429 1602 potest,
3492 1535 3585 1602 qui

2021 1623 2288 1692 ejusmodi
2321 1630 2568 1676 naturam
2599 1638 2629 1676 a
2682 1622 2976 1677 Conditore
3014 1624 3244 1692 accepit,
3287 1632 3345 1677 ut
3375 1637 3588 1692 semper

2017 1724 2322 1777 moveatur,
2379 1723 2432 1767 et
2488 1715 2532 1768 si
2604 1714 2954 1782 prohibeatur
3009 1729 3228 1768 movere
3274 1730 3332 1768 se
3378 1715 3444 1768 ad
3497 1729 3586 1768 res

2016 1820 2207 1866 vanas,
2244 1805 2358 1859 ﬁeri
2387 1820 2493 1859 non
2520 1813 2721 1873 potest,
2758 1812 2818 1857 ut
2852 1805 2918 1857 ad
2951 1806 3235 1860 veritatem
3290 1813 3436 1859 recta
3466 1820 3577 1859 om-

2015 1894 2146 1948 nino
2174 1910 2282 1948 non
2327 1894 2532 1950 tendat.
2563 1893 3000 1964 Temperantiam
3032 1902 3213 1948 autem
3257 1895 3584 1949 arbitramur

2014 2000 2123 2039 non
2174 1985 2288 2039 sola
2340 1985 2587 2039 ciborum
2633 1986 2962 2041 abstinentia
3013 1987 3390 2040 circumscribi
3457 1986 3582 2055 (hoc

2010 2077 2155 2130 enim
2182 2077 2338 2129 multi
2367 2085 2422 2129 et
2453 2076 2592 2145 apud
2617 2078 2846 2147 gentiles
2886 2078 3189 2148 pbiIOSOphi
3219 2079 3581 2150 factitarunt}.

2011 2167 2106 2222 sed
2143 2169 2374 2222 maxime
2404 2169 2689 2222 oculorum
2738 2178 2991 2222 accurata
3031 2171 3410 2239 occupatione.
3439 2170 3583 2237 Quid

2010 2259 2155 2313 enim
2190 2259 2413 2328 prodest
2447 2275 2476 2313 a
2520 2261 2661 2316 cibis
2691 2262 2983 2325 abstinere,
3019 2263 3065 2317 si
3119 2263 3370 2319 adulterii
3407 2260 3584 2318 libidi-

2011 2364 2133 2403 nem
2175 2365 2272 2419 per
2304 2351 2497 2405 oculos
2528 2367 2711 2414 vores,
2750 2360 2844 2406 aut
2887 2352 3081 2408 lubens
3106 2368 3275 2408 vanas
3299 2369 3363 2409 ae
3393 2354 3584 2409 diabo-

2010 2438 2146 2492 licas
2159 2454 2322 2495 voces
2345 2439 2569 2494 auribus
2585 2433 3161 2497 audias?Abstinentia
3182 2459 3408 2513 prorsus
3423 2445 3584 2498 inuti-

2011 2529 2080 2586 lis
2107 2540 2210 2596 est,
2231 2531 2336 2585 nisi
2355 2539 2409 2586 et
2425 2546 2456 2584 a
2474 2530 2618 2585 fastu
2650 2541 2705 2585 et
2731 2549 2761 2584 a
2783 2532 3059 2602 superbia,
3083 2542 3138 2590 et
3164 2549 3194 2588 a
3217 2550 3358 2589 vana
3385 2536 3577 2606 gloria.

2011 2629 2064 2677 et
2115 2623 2184 2677 ab
2225 2626 2371 2678 omni
2433 2624 2630 2680 aﬂ'cctu
2686 2626 2886 2680 vitioso
2933 2626 3232 2680 abstineas.
3289 2627 3397 2681 Aut
3437 2629 3568 2697 quid

2013 2714 2138 2768 inde
2169 2715 2544 2781 emolumenti,
2593 2717 2640 2771 si
2691 2716 2966 2770 abstineas
3005 2715 3074 2769 ab
3110 2717 3276 2780 escis,
3320 2733 3350 2770 a
3397 2718 3582 2786 pravis

2013 2815 2194 2860 autem
2237 2815 2290 2860 et
2336 2807 2492 2863 vanis
2526 2808 2952 2879 cogitationibus
2995 2825 3104 2864 non
3147 2825 3374 2878 prorsus
3412 2809 3582 2863 absti-

2013 2897 2182 2953 neas?
2226 2897 2591 2964 Quamobrem
2637 2899 2932 2972 Apostolus
2976 2901 3192 2956 dicebat
3241 2919 3254 2954 :
3306 2900 3484 2956 Timeo
3519 2919 3584 2956 ne

2013 3001 2423 3058 corrumpantur
2463 3008 2645 3045 sensus
2692 2975 2851 3046 vestri
2902 2993 2968 3046 “.
3005 2993 3391 3049 Abstineamus
3420 2993 3584 3066 igitur

2013 3079 2082 3134 ab
2107 3080 2194 3134 his
2225 3081 2500 3145 omnibus,
2528 3097 2597 3138 ne
2627 3083 2822 3138 merito
2850 3082 3065 3138 Domini
3095 3085 3377 3140 accusatio
3401 3086 3584 3140 veniat

332 3173 407 3226 τὰ
437 3173 705 3243 νοήματα
753 3174 940 3243 ἡμῶν.
986 3175 1301 3245 Ἐγκρατεῖς
1343 3170 1436 3227 οὖν
1464 3171 1749 3243 γενώμεθα
1800 3172 1909 3224 ἀπὸ

2013 3171 2069 3226 in
2109 3188 2210 3227 nos
2253 3190 2494 3244 quoque,
2543 3182 2804 3245 tanquam
2856 3176 2951 3248 qui
2983 3177 3294 3233 excolemus
3325 3179 3579 3246 culicem,

331 3265 536 3316 τούτων
569 3264 843 3326 ἁπάντων,
870 3265 1076 3335 μήποτε
1098 3265 1321 3326 εἰκότως
1342 3265 1435 3316 καὶ
1469 3263 1718 3333 ἐφ’ἡμᾶς
1747 3264 1780 3332 ἡ
1811 3260 1905 3315 τοῦ

2013 3265 2281 3319 camelum
2313 3283 2441 3322 vero
2467 3269 2759 3337 glutiamus
2787 3269 2853 3322 ".

335 3355 538 3426 Κυρίου
572 3355 774 3427 μέμψις
807 3356 970 3420 ἔλθοι,
1011 3357 1084 3420 ώς
1125 3356 1216 3409 τὸν
1260 3354 1495 3410 κώνωπα
1539 3355 1902 3420 διυλιζόντων,
1941 3354 2040 3427 τὴν
2065 3356 2122 3409 δὲ
2153 3356 2398 3428 κάμηλον
2431 3359 2855 3414 καταπινόντων.
2953 3396 2980 3422 ,

845 3533 1242 3608 ΚΕΦΑΑΑΨΝ
1283 3535 1382 3604 pc.

336 3646 456 3700 Ὀτι
476 3647 547 3699 οὐ
565 3644 694 3718 χρὴ
727 3645 826 3711 τὰς
876 3645 1024 3718 πρὸς
1070 3644 1211 3718 τοὺς
1241 3647 1559 3718 βιωτικοὺς
1589 3649 1904 3718 συγγενεῖς

407 3715 784 3786 μεταδιώκειν
810 3717 1064 3784 ὁμιλίας,
1102 3715 1139 3785 ἣ
1169 3721 1242 3770 τὰ
1284 3717 1531 3771 ἐκείνων
1553 3715 1901 3787 φροντίζειν.

405 3830 455 3883 1.
505 3829 786 3898 Συγγενῶν
831 3829 1012 3900 μέντοι
1045 3831 1139 3883 καὶ
1167 3831 1335 3900 φίλων
1357 3833 1450 3885 καὶ
1491 3833 1696 3900 γονέων
1725 3850 1903 3902 κεχω-

335 3923 516 3978 οισθαι
565 3923 817 3975 τοσοῦτον
869 3926 934 3994 τῇ
992 3922 1229 3976 διαθέσει
1281 3925 1566 3994 προσήκει,
1617 3925 1738 3976 ὅσον
1792 3923 1904 3992 (62)

333 4013 461 4076 τοὺς
503 4011 804 4075 τεθνεῶτας
855 4012 1069 4083 ὁρῶμεν
1105 4012 1212 4065 τῶν
1245 4010 1462 4075 ζώντων
1505 4013 1901 4084 ἀφεστηκότας.

336 4103 444 4156 Καὶ
493 4103 599 4172 γὰρ
650 4105 678 4156 ὁ
709 4104 850 4156 κατά
889 4104 1144 4175 ἀλήθειαν
1187 4105 1322 4175 πρὸς
1366 4106 1494 4168 τοὺς
1536 4107 1656 4158 κατ’
1704 4103 1904 4176 ἀρετὴν

333 4193 552 4262 ἀγῶνας
593 4194 1016 4265 ἀποδυσάμενος,
1065 4197 1157 4248 καὶ
1199 4194 1277 4265 τῷ
1315 4197 1504 4266 κόσμῳ
1550 4197 1713 4248 παντὶ
1766 4195 1904 4266 μετά

331 4285 441 4338 τῶν
474 4287 531 4338 ὲν
561 4286 639 4356 τῷ
664 4287 853 4357 κόσμῳ
880 4287 1094 4340 πάντων
1126 4288 1555 4357 ἀποταξάμενος,
1605 4290 1699 4342 καὶ
1740 4305 1903 4341 σταυ-

336 4377 516 4450 ρώσας
560 4379 766 4442 ἑαυτὸν,
803 4380 890 4432 ἵνα
937 4380 1000 4432 τὸ
1029 4380 1233 4452 πλῆρες
1279 4381 1436 4444 εἴπω,
1467 4379 1544 4450 τῷ
1573 4381 1780 4451 κόσμῳ,
1811 4381 1902 4433 τέ-

2608 3533 2836 3588 CAPUT
2875 3534 2990 3588 XX.

2008 3646 2160 3712 Quod
2185 3645 2450 3716 colloquia
2495 3661 2613 3698 cum
2644 3647 2881 3715 cognatis
2943 3647 3138 3716 sarculo
3193 3647 3420 3702 adductas
3476 3666 3580 3703 non

2114 3725 2235 3769 sunt
2261 3715 2570 3786 requirenda
2591 3754 2606 3780 ,
2641 3732 2800 3785 neque
2832 3732 2913 3770 res
2949 3715 3164 3790 illorum
3197 3719 3468 3772 curandw.

2083 3827 2136 3880 l.
2177 3826 2444 3880 Convenit
2476 3827 2666 3896 utique
2693 3836 2803 3882 tam
2837 3827 3148 3897 disjunctos
3179 3845 3301 3886 esse
3331 3832 3523 3887 aﬂ‘ectu
3547 3850 3578 3888 a

2007 3918 2254 3988 cognatis
2281 3917 2583 3988 amicisque
2613 3925 2666 3974 et
2715 3919 3065 3989 parentibus,
3118 3937 3279 3992 quam
3333 3928 3578 3994 separari

2007 4008 2254 4062 videmus
2283 4017 2529 4064 mortuos
2565 4024 2595 4063 a
2625 4010 2953 4070 viventibus.
2997 4011 3102 4078 Qui
3158 4015 3302 4068 enim
3349 4031 3409 4070 se
3450 4034 3578 4071 vere

2008 4101 2076 4155 ad
2107 4101 2389 4155 subeunda
2420 4103 2639 4157 virtutis
2686 4105 2985 4158 certamina
3024 4106 3212 4169 exuit,
3266 4109 3577 4180 mundoque

2006 4195 2262 4248 universo
2303 4209 2366 4247 ac
2398 4195 2560 4248 rebus
2593 4195 2850 4249 omnibus
2883 4196 3179 4252 mundanis
3209 4200 3461 4254 nuntium
3488 4217 3578 4256 re-

2005 4284 2196 4346 misit,
2256 4293 2310 4338 et
2369 4293 2428 4338 ut
2467 4286 2701 4355 amplius
2742 4287 2946 4358 aliquid
2982 4289 3197 4356 dicam,
3247 4293 3339 4362 qui
3373 4295 3577 4348 mundo

2006 4375 2278 4430 cruciﬁxit
2302 4376 2565 4446 seipsum,
2584 4379 2787 4433 mundo
2815 4387 2868 4434 et
2897 4381 3151 4438 omnibus
3180 4385 3272 4452 qui
3298 4385 3352 4438 in
3375 4387 3577 4448 mundo

334 4465 499 4537 θνηκε
527 4467 604 4537 τῷ
637 4468 844 4537 κόσμῳ,
880 4469 973 4521 καὶ
1015 4471 1146 4522 πᾶσι
1180 4472 1290 4530 τοῖς
1335 4469 1392 4520 ὲν
1441 4469 1520 4538 τῷ
1549 4468 1758 4539 κόσμῳ,
1798 4469 1901 4521 κᾶν

2011 4473 2155 4531 sunt,
2184 4473 2436 4520 mortuus
2469 4474 2575 4533 est,
2607 4468 2724 4524 sive
2758 4477 3014 4539 parentes
3049 4470 3276 4538 fuerint,
3309 4474 3426 4528 sive
3465 4474 3576 4528 fra-

332 4561 505 4627 γονεῖς
537 4556 658 4622 ὦσι,
710 4560 812 4612 κᾶν
844 4560 1080 4628 ἀδελφοὶ,
1114 4559 1217 4613 κᾶν
1246 4559 1427 4630 τρίτον
1475 4560 1509 4630 ἢ
1557 4561 1816 4631 τέταρτον
1867 4561 1899 4631 ἢ
1944 4625 1949 4631 ν

331 4647 617 4701 πολλοστὸν
652 4648 854 4719 βαθμὸν
888 4650 985 4718 τῆς
1019 4649 1336 4716 συγγενείας
1372 4648 1675 4720 ἐπέχοντες.
1707 4650 1770 4702 Εἰ
1804 4650 1923 4718 μὲν·

331 4736 424 4793 οὖν
455 4743 772 4810 μετασταῖεν
806 4743 852 4793 οἱ
881 4741 1266 4812 γεγεννηκότες
1297 4739 1391 4793 τοῦ
1438 4739 1574 4809 βίου,
1625 4742 1719 4795 καὶ
1765 4742 1901 4812 πρὸς

329 4833 430 4902 τὴν
455 4832 728 4884 πολιτείαν
755 4832 848 4885 τοῦ
879 4833 1066 4895 παιδὸς
1103 4832 1514 4902 μετατάξαιντο,
1547 4833 1764 4903 ἀληθῶς
1793 4836 1900 4886 εἱσι

329 4927 613 4992 συγγενεῖς
633 4943 645 4954 ·
678 4925 738 4977 οὐ
774 4924 869 4995 τὴν
899 4925 1118 4992 γονέων,
1168 4925 1302 4978 ἀλλὰ
1329 4927 1428 4996 τὴν
1461 4927 1706 4994 ἀδελφῶν
1747 4927 1899 4991 τάξιν

329 5015 638 5084 ἐπέχοντες.
655 5015 843 5085 Πατὴρ
861 5015 968 5082 γάρ
994 5017 1139 5066 ἐστιν
1161 5013 1541 5085 ἀληθέστατος,
1562 5015 1775 5087 πρῶτος
1795 5016 1902 5086 (65)
1937 5022 1942 5028 ’

333 5107 433 5175 μὲν
484 5109 512 5160 6
561 5106 670 5160 τῶν
717 5107 968 5160 ἁπάντων
1019 5109 1239 5178 Πατήρ·
1291 5107 1319 5157 6
1371 5107 1620 5178 δεύτερος
1666 5107 1723 5161 δὲ
1786 5111 1904 5178 μετ’

329 5199 535 5249 ἐκεῖνον
566 5199 594 5250 ὀ
618 5198 718 5266 τῆς
748 5197 1120 5267 πνευματικῆς
1149 5196 1563 5267 καθηγούμενος
1603 5198 1898 5262 πολιτείας.

332 5288 393 5340 Et
421 5288 477 5340 δὲ
509 5288 717 5358 μένοιεν
740 5290 789 5341 οἱ
818 5292 1096 5356 συγγενεῖς
1119 5289 1209 5341 τὸν
1237 5289 1500 5359 πρότερον
1524 5288 1902 5359 ἀσπασάμενοι

330 5377 465 5448 βίον,
503 5380 666 5452 μέρος
694 5380 798 5433 εῑσὶ
827 5379 920 5432 τοῦ
955 5380 1180 5449 κόσμου,
1212 5375 1274 5434 οὗ
1305 5381 1464 5450 ἡμεῖς
1498 5379 1899 5452 κεχωρίσμεθα,

417 5532 525 5588 “l‘l
559 5535 685 5590 Cor.
722 5551 802 5602 ιι,
839 5535 891 5588 5.
969 5533 1014 5565 ⁸⁸
1048 5532 1237 5588 Matth.
1272 5549 1430 5598 mn,
1466 5533 1559 5589 24.

403 5689 512 5746 (σε)
545 5687 685 5743 Editi
713 5691 822 5746 ὅσω
849 5688 994 5751 τούς.
1033 5688 1101 5741 At
1129 5702 1260 5744 mss.
1289 5688 1428 5742 ὅσον.

2007 4567 2140 4625 tres,
2171 4559 2284 4614 sive
2306 4560 2551 4624 tertium,
2585 4569 2678 4615 aut
2707 4576 2989 4632 quartum,
3020 4571 3115 4617 aut
3144 4565 3573 4620 remotissimum

2004 4649 2348 4717 cognationis
2371 4652 2601 4720 gradum
2625 4653 2928 4707 obtineant.
2954 4653 3022 4707 Et
3045 4655 3262 4721 quidem
3293 4656 3339 4710 si
3370 4671 3573 4726 paren-

2001 4749 2086 4796 tes
2115 4744 2446 4798 secesserint
2476 4759 2506 4797 a
2534 4745 2734 4800 saeculo
2760 4785 2776 4810 ,
2820 4753 2873 4800 et
2909 4746 2976 4800 ad
3013 4748 3108 4801 ﬁlii
3149 4763 3208 4802 se
3237 4749 3452 4804 vivendi
3486 4765 3576 4802 ra-

2002 4835 2204 4888 tionem
2240 4835 2596 4899 contulerint,
2648 4843 2780 4891 tunc
2819 4852 2947 4893 vere
2983 4848 3114 4892 sunt
3163 4841 3409 4908 cognati;
3463 4855 3574 4895 non

1997 4933 2309 4994 parentum,
2341 4927 2438 4981 sed
2474 4923 2702 4982 fratrum
2723 4929 3032 4984 obtinentes
3051 4929 3212 5001 565
3237 4931 3436 4985 locum.
3471 4930 3575 4985 Pa-

2003 5025 2087 5071 ter
2110 5018 2254 5072 enim
2289 5026 2374 5074 est
2408 5019 2753 5084 verissimus,
2785 5023 2997 5091 primus
3031 5025 3251 5092 quidem
3287 5024 3575 5078 universo-

2001 5123 2125 5163 rum
2153 5109 2317 5166 Pater
2345 5129 2360 5177 ;
2396 5113 2672 5169 secundus
2699 5127 2830 5168 vero
2857 5123 2982 5184 post
3012 5115 3188 5180 illum,
3220 5116 3266 5170 is
3289 5117 3384 5186 qui
3419 5118 3575 5186 praeit

2003 5199 2059 5254 in
2085 5203 2387 5272 spiritualis
2408 5205 2534 5258 vitae
2557 5205 2824 5260 instituto.
2853 5204 2910 5260 Si
2940 5223 3069 5262 vero
3094 5218 3322 5278 pergant
3354 5211 3572 5278 cognati

2002 5293 2170 5347 vitam
2196 5296 2430 5365 priorem
2459 5296 2716 5359 retinere,
2737 5310 2865 5366 pars
2889 5309 3016 5352 sunt
3044 5301 3254 5363 mundi,
3279 5315 3308 5352 a
3333 5317 3440 5370 qua
3472 5318 3573 5357 nos

2004 5384 2242 5452 separati
2271 5400 2484 5447 sumus,
2509 5394 2563 5440 et
2593 5386 2704 5455 jam
2729 5387 2879 5441 nulla
2911 5403 2980 5442 ex
3010 5398 3164 5460 parte
3192 5394 3407 5460 cognati
3441 5407 3546 5448 su“

2083 5685 2192 5758 (65)
2226 5685 2445 5744 Veteres
2482 5687 2590 5746 duo
2623 5689 2745 5745 libri
2787 5692 3016 5762 πρῶτος.
3051 5693 3188 5751 Editi
3228 5699 3462 5770 πρῶτον.
