4018 6226
476 348 608 406 {391

1800 354 1859 407 S.
1902 351 1980 405 BA
1992 348 2139 403 SILI]
2179 347 2393 404 MAGNI

3577 344 3714 402 1592

475 480 654 528 nonis,
693 481 809 534 qui,
844 467 1048 519 carnali
1102 466 1321 522 homine
1377 467 1659 538 deposito,
1705 484 1826 524 eam
1879 484 2042 539 quam

2150 468 2239 517 xui.
2285 467 2406 519 κατ’
2443 465 2594 516 οὐδὲν
2625 464 2985 533 προσήκοντες
3015 461 3102 515 τὸν
3140 461 3276 514 κατὰ
3304 462 3481 533 σάρκα
3509 464 3725 532 ἀνθρω-

473 577 598 615 cum
633 559 768 628 ipsis
807 559 1142 615 habebamus
1186 561 1653 630 propinquitatem
1703 563 2041 617 exuerimus.

473 652 579 717 Qui
609 659 790 705 autem
825 651 1107 706 hominum
1149 653 1349 706 saeculo
1377 651 1719 707 addictorum
1747 654 2043 708 amicitiam

474 743 767 814 diligenter
804 744 1055 827 requirit,
1089 745 1379 815 studetque
1428 746 1691 801 continuo
1740 761 1863 800 cum
1910 746 2045 814 ipsis

474 833 757 904 congredi.
789 836 837 888 is
860 851 925 889 ex
957 835 1246 906 colloquiis
1280 834 1519 890 assiduis
1566 834 1792 891 aﬂ‘ectus
1828 836 2043 890 illorum

474 926 773 981 introducit
824 928 879 982 in
928 932 1194 996 animum,
1228 945 1290 984 ac
1322 945 1518 985 rursus
1552 937 1731 983 mente
1756 929 2047 998 cogitatio-

474 1013 640 1069 nibus
668 1016 962 1071 mundanis
987 1019 1212 1087 rcpleta,
1239 1033 1269 1071 a
1302 1020 1443 1074 bono
1477 1019 1758 1088 proposito
1801 1019 2002 1073 excidit
2028 1059 2042 1082 ,

477 1112 642 1174 atque
675 1116 917 1161 semovet
949 1123 1008 1163 se
1031 1123 1061 1161 a
1096 1109 1363 1178 spirituali
1389 1112 1657 1179 sapientia
1682 1151 1696 1175 ,
1747 1118 1800 1164 et
1828 1111 2044 1163 animus

477 1194 627 1250 illius
662 1195 823 1250 rediit
867 1196 934 1250 ad
960 1198 1222 1252 vomitum
1258 1199 1518 1269 priorem,
1553 1208 1716 1269 atque
1746 1202 1880 1255 adeo
1916 1216 2036 1256 sau-

476 1285 656 1339 ciatur
687 1286 755 1341 ab
780 1288 967 1352 hoste,
1003 1290 1096 1358 qui
1125 1291 1452 1359 cognatione
1480 1293 1692 1346 carnali
1724 1293 1895 1347 vitam
1929 1293 2043 1364 spi-

476 1379 728 1435 ritualem
761 1381 1075 1435 conturbat.

538 1547 592 1601 2.
629 1547 922 1603 Precemur
967 1553 1149 1622 itaque
1179 1556 1385 1623 optima
1415 1559 1677 1628 cognatis.
1710 1562 1940 1628 nostris,
1959 1562 2045 1632 ju-

472 1639 698 1703 stitiam,
727 1641 948 1711 inquam
978 1682 994 1706 ,
1048 1651 1103 1699 et
1138 1645 1395 1714 pietatem
1417 1691 1430 1711 ,
1466 1656 1522 1704 et
1552 1665 1673 1719 quas
1707 1666 1811 1707 nos
1860 1655 2041 1724 magni

475 1730 723 1786 fecimus.
779 1730 942 1787 Decet
980 1735 1127 1788 enim
1170 1751 1270 1791 nos
1316 1737 1431 1792 haec
1466 1740 1723 1808 precari:
1772 1741 1880 1797 illis
1912 1756 2041 1798 vero

2146 574 2247 609 πον
2275 554 2649 625 ἀποθεμένοις,
2680 553 2772 606 καὶ
2807 554 3237 621 ἀποδυσαμένοις
3277 553 3376 622 τὴν
3409 552 3546 624 πρὸς
3575 554 3724 606 ὲκεί-

2144 665 2266 711 νους
2289 647 2580 701 οίκείωσιν.
2633 649 2693 700 Ὀ
2717 647 2775 700 δέ
2807 645 2905 717 τὴν
2932 645 3039 698 τῶν
3072 644 3339 714 βιωτικῶν
3363 645 3545 714 φιλίαν
3580 644 3722 715 μετὰ

2140 738 2423 808 ἀκριδείας
2472 736 2972 808 κατασπαζόμενος,
3019 738 3113 791 καὶ
3164 737 3372 800 τούτοις
3427 737 3721 800 διαπαντὸς

2143 831 2489 902 προσομιλεῖν
2531 832 2850 901 ἐφιέμενος,
2898 833 2999 893 τὰς
3043 831 3266 883 ἐκείνων
3317 831 3584 893 διαθέσεις
3632 829 3721 883 διὰ

2141 923 2242 990 τῆς
2300 920 2556 991 συνεχοῦς
2603 919 2820 990 ὁμιλίας
2848 921 2929 982 είς
2990 919 3088 990 τὴν
3133 916 3308 988 ψυχὴν
3368 917 3719 986 είσῳκίσατο.

2145 1011 2312 1064 Πάλιν
2356 1029 2416 1063 τε
2480 1011 2576 1065 τοῦ
2627 1010 2888 1081 κοσμικοῦ
2955 1011 3299 1081 φρονήματος
3353 1009 3724 1078 ἀναπλησθεὶς

2145 1105 2243 1176 τὴν
2275 1104 2533 1167 διάνοιαν,
2580 1105 2678 1174 τῆς
2721 1104 2935 1173 ἀγαθῆς
2974 1103 3277 1165 ἐνστάσεως
3325 1102 3720 1165 ἀποπέπτωκε,

2147 1197 2356 1251 καὶτοῦ
2383 1196 2750 1266 πνευματικοῦ
2798 1197 3143 1267 φρονήματος
3181 1194 3470 1266 ἐχωρίσθη,
3509 1195 3607 1247 καὶ
3632 1194 3722 1246 τὸν

2148 1286 2412 1357 πρότερον
2445 1285 2637 1356 ἔμετον
2678 1283 2985 1355 ἀνεμάξατο
3016 1287 3080 1356 τῇ
3113 1285 3279 1354 ψυχῇ,
3311 1287 3406 1337 καὶ
3445 1284 3599 1355 παρὰ
3625 1283 3720 1337 τοῦ

2142 1374 2341 1447 ἐχθροῦ
2387 1376 2681 1447 τέτρωται,-
2723 1375 2812 1430 διὰ
2846 1375 2947 1445 τῆς
2974 1375 3241 1445 σαρκικῆς
3276 1374 3593 1444 συγγενείας
3620 1373 3719 1443 τὴν

2143 1469 2518 1539 πνευματικὴν
2552 1468 2823 1520 πολιτείαν
2856 1466 3299 1531 ἐπιθολώσαντος.

2196 1558 2267 1612 αἳ.
2309 1550 2432 1621 Tot;
2459 1560 2555 1629 μὲν
2579 1554 2673 1611 οῦν
2694 1557 3009 1626 συγγενέσιν
3036 1557 3321 1628 εὐχώμεθα
3350 1557 3417 1609 τά
3445 1557 3718 1626 βέλτιστα,

2142 1650 2507 1721 δικαιοσύνην,
2540 1651 2704 1720 φημὶ,
2742 1652 2835 1704 καὶ
2874 1651 3173 1712 εὐσέϐειαν,
3198 1651 3293 1703 κα)⁸
3327 1650 3521 1713 ταῦτα,
3573 1650 3719 1722 ἅπερ

2145 1743 2304 1813 ἡμεῖς
2319 1742 2475 1812 τίμια
2495 1740 2860 1812 πεποιήμεθα.
2879 1741 3062 1794 Ταῦτα
3083 1741 3194 1811 (64)
3219 1740 3328 1810 γὰρ
3352 1743 3485 1812 ἡμῖν
3506 1741 3719 1812 πρέπον

472 1820 751 1886 conducit,
785 1830 843 1877 ut
875 1838 1037 1892 opera
1084 1835 1273 1882 nostra
1319 1829 1432 1884 haec
1464 1831 1583 1900 ipsa
1611 1841 2040 1903 consequantur.

2150 1833 2419 1904 εύχεσθαι,
2449 1833 2723 1897 κάκείνοις
2754 1834 2883 1905 παρ’
2923 1833 3081 1905 ἡμῶν
3124 1832 3464 1903 καρποῦσθαι
3510 1834 3719 1904 συμφέ-

472 1910 654 1979 Quare
701 1924 801 1969 nos
841 1930 1018 1985 neque
1062 1917 1237 1972 simus
1287 1919 1355 1974 de
1407 1920 1518 1977 illis
1548 1923 1813 1988 solliciti,
1868 1941 2046 1997 neque

473 2007 642 2060 anxii.
673 2003 807 2058 Nam
835 2006 1108 2071 diabolus,
1140 2023 1264 2063 cum
1290 2010 1677 2068 animadvertit
1700 2029 1803 2070 nos
1827 2031 2044 2074 omnem

472 2098 824 2167 temporalem
857 2114 1043 2154 curam
1075 2104 1312 2167 exuisse,
1339 2116 1390 2159 et
1411 2107 1725 2164 succinctos
1745 2119 1810 2164 ad
1843 2113 2042 2167 cmlum

470 2203 719 2251 currere,
745 2197 859 2243 tum
890 2191 1137 2248 referens
1179 2196 1339 2251 nobis
1371 2199 1804 2272 propinquorum
1838 2219 2046 2260 memo-

472 2277 630 2341 riam,
666 2294 873 2350 nosque
926 2281 996 2335 ad
1040 2298 1128 2339 res
1171 2284 1385 2340 illorum
1441 2291 1716 2344 curandas
1776 2293 2042 2363 adigeus,

472 2378 665 2458 auctor
694 2382 799 2436 est,
834 2381 894 2426 ut
941 2375 1106 2429 etiam
1142 2391 1297 2431 utens
1336 2379 1407 2449 sit
1455 2380 1522 2436 de
1554 2383 1851 2442 mundanis
1880 2403 2046 2458 nego-

473 2456 566 2510 tiis
598 2457 852 2520 sollicita,
887 2458 1015 2512 dum
1041 2464 1244 2529 cogitat
1276 2479 1397 2532 quae
1423 2465 1535 2519 sint
1563 2478 1919 2539 cognatorum
1957 2456 2046 2528 “fa-

473 2548 739 2614 cultates,
786 2551 1178 2614 abundentne,
1232 2569 1299 2607 an
1331 2555 1545 2621 desint,
1607 2576 1726 2629 quae
1786 2563 1923 2634 ipsis
1978 2581 2044 2620 ex

473 2644 819 2697 commerciis
849 2645 1175 2712 proveniant
1233 2646 1383 2700 lucra
1405 2688 1420 2712 ,
1470 2658 1523 2703 et
1558 2664 1820 2721 quantum
1854 2671 1920 2711 ex
1960 2658 2046 2712 his

472 2741 780 2802 augeantur
818 2735 1063 2801 divitiae;
1115 2752 1236 2807 quae
1260 2738 1492 2807 jactura}
1519 2754 1820 2799 nascantur
1848 2764 1913 2802 ex
1950 2750 2048 2803 ad-

472 2823 649 2877 versis
678 2824 800 2879 vitae
824 2827 1069 2888 casibus,
1097 2836 1151 2881 et
1172 2839 1437 2899 quantum
1458 2849 1525 2888 ex
1553 2834 1638 2891 his
1661 2837 1879 2893 illorum
1914 2856 2047 2912 opes

472 2915 908 2972 imminuantur:
944 2918 1199 2990 facitque,
1235 2932 1293 2974 ut
1324 2938 1446 2977 cum
1506 2927 1586 2981 eis
1627 2929 1873 2985 laetemur
1925 2936 2048 3004 qui-

472 3004 595 3059 dem
621 3005 690 3061 de
722 3010 998 3078 prosperis
1054 3011 1297 3080 ipsorum
1344 3019 1713 3083 successibus,
1745 3026 2045 3082 contriste-

2150 1942 2260 1995 pov.
2310 1926 2473 2001 Αὐτοὶ
2517 1925 2575 1978 δὲ
2612 1926 2711 1995 τῆς
2755 1926 2884 1996 περὶ
2932 1923 3156 1978 ἐκείνων
3190 1924 3468 1995 φροντίδος
3514 1942 3574 1978 τε
3625 1927 3720 1978 καὶ

2151 2018 2420 2092 μερίμνης
2459 2019 2581 2083 τοὺς
2608 2017 2901 2088 λογισμοὺς
2934 2017 3310 2087 άπολύσωμεν.
3371 2018 3429 2069 '0
3456 2016 3567 2089 γὰρ
3606 2017 3721 2072 διά-

2146 2106 2320 2173 ϐολος,
2348 2107 2679 2177 θεασάμενος
2707 2106 3148 2177 ἀποδυσαμένους
3177 2108 3329 2178 ἡμᾶς
3352 2108 3532 2159 πᾶσαν
3560 2123 3722 2177 φρον-

2145 2200 2264 2253 τίδα
2296 2199 2576 2271 βιωτικὴν,
2618 2200 2712 2253 καὶ
2762 2199 3043 2262 εὐσταλεῖς
3079 2199 3170 2251 ἐπὶ
3206 2199 3296 2252 τὸν
3329 2199 3557 2269 οὐρανὸν
3596 2201 3722 2271 τρέ-

2146 2311 2358 2365 χοντας,
2392 2293 2491 2365 τὴν
2516 2293 2642 2364 περὶ
2675 2293 2802 2355 τοὺς
2829 2294 3107 2360 συγγενεῖς
3133 2293 3265 2362 ἡμῖν
3290 2293 3723 2363 ἐνεργασάμενος

2147 2385 2375 2449 ἔννοιαν,
2429 2385 2498 2438 τά
2542 2400 2601 2436 τε
2645 2384 2868 2438 ἐκείνων
2924 2382 3227 2457 φροντίζειν
3271 2384 3719 2452 παρασκευάσας,

2148 2479 2241 2532 καὶ
2267 2478 2345 2541 εἱς
2378 2477 2476 2541 τὰς
2507 2475 2766 2547 βιωτικὰς
2799 2476 3084 2547 φροντίδας
3127 2475 3218 2527 τὸν
3265 2475 3525 2545 λογισμὸν
3572 2491 3721 2546 μερι-

2151 2571 2289 2642 μνᾷν
2326 2568 2734 2639 παρασκευάζει
2758 2583 2772 2598 ο
2800 2569 2884 2631 τίς
2930 2568 3028 2638 μὲν
3059 2569 3091 2637 ἡ
3127 2566 3236 2619 τῶν
3272 2567 3490 2620 οἰκείων
3516 2583 3723 2637 περιου-

2149 2663 2259 2723 σία,
2289 2661 2383 2715 καὶ¹
2424 2663 2471 2714 εἱ
2515 2661 2876 2732 αὑτάρκης,ἢ
2920 2659 3125 2731 ἐνδεὴς,
3159 2660 3281 2712 τίνα
3322 2660 3378 2712 δὲ
3414 2659 3481 2713 τά
3516 2661 3581 2712 ἐκ
3613 2658 3721 2712 τῶν

2150 2750 2609 2822 συναλλαγμάτων
2641 2751 2824 2813 αὐτοῖς
2847 2749 3252 2821 προσγενόμενα
3292 2749 3483 2821 κέρδη,
3513 2750 3609 2802 καὶ
3632 2750 3721 2802 ἐπὶ

2151 2846 2313 2900 πόσον
2345 2845 2438 2897 τὸν
2483 2842 2709 2896 πλοῦτον
2744 2841 3043 2907 αὐξάνοντα
3066 2858 3079 2871 ·
3112 2840 3255 2905 τίνες
3297 2841 3356 2894 δὲ
3395 2842 3461 2894 ὲκ
3492 2840 3602 2895 τῶν
3627 2840 3720 2894 τοῦ

2151 2936 2264 3007 βίου
2303 2936 2679 3007 περιστάσεων
2707 2933 2900 3004 ζημίαι
2943 2932 3403 3005 προσπίπτουσαι,
3432 2933 3527 2985 καὶ
3559 2932 3721 2985 πόσον

2148 3027 2247 3097 τὴν
2286 3026 2634 3096 ὑπάρχουσαν
2679 3022 2997 3076 ὲλαττοῦσαι
3043 3021 3379 3092 περιουσίαν.
3438 3022 3550 3075 Καὶ
3603 3038 3722 3073 συνο

473 3108 597 3149 mur
627 3111 759 3151 vero
784 3098 855 3152 ob
891 3099 1215 3163 infortunia,
1246 3109 1299 3153 et
1332 3103 1505 3159 simus
1536 3106 1779 3175 ipsorum
1809 3110 2044 3169 inimicis

2151 3116 2374 3189 ήδεσθαι
2415 3116 2514 3187 μὲν
2554 3117 2701 3168 ποιεῖ
2746 3116 2865 3178 ταῖς
2908 3113 3192 3185 εὐπορίαις
3235 3113 3447 3176 αὐτῶν,
3497 3112 3720 3167 συναθυ-

473 3187 715 3253 inimici,
757 3189 941 3259 idque,
978 3191 1105 3245 licet
1153 3194 1446 3260 jubeamur
1489 3199 1700 3252 nullum
1756 3202 2041 3260 inimicum

473 3278 677 3334 habere
705 3279 771 3349 "°,
797 3281 1033 3353 itemque
1061 3285 1398 3354 gaudeamus
1428 3304 1534 3342 una
1564 3307 1687 3345 cum
1710 3296 1926 3359 amicis,
1950 3299 2044 3368 qui

472 3381 601 3426 sunt
629 3386 772 3443 saepe
801 3374 1009 3444 indigni
1045 3377 1320 3446 spirituali
1349 3384 1699 3451 cognatione,
1730 3394 1786 3439 et
1814 3388 2047 3448 oblecte-

472 3479 598 3518 mur
630 3465 697 3520 de
730 3466 951 3536 injustis
995 3483 1060 3523 ac
1112 3468 1474 3528 fraudulentis
1530 3474 1773 3544 ipsorum
1834 3480 2041 3538 lucris:

472 3570 641 3624 prava
673 3557 909 3627 denique
941 3561 1122 3624 omnia
1150 3564 1528 3630 temporalium
1578 3582 1759 3622 rerum
1817 3573 2000 3627 studia
2027 3614 2043 3641 ,

471 3646 675 3716 quibus
703 3650 884 3705 exutis
924 3651 1237 3720 spirituales
1267 3654 1626 3724 cogitationes
1661 3660 2047 3720 introduxera-

473 3754 620 3803 mus,
648 3741 737 3796 ille
759 3740 940 3797 denuo
972 3741 1180 3798 inducit
1227 3746 1283 3800 in
1334 3757 1589 3815 mentem,
1621 3758 1785 3822 atque
1812 3757 2046 3813 terrenis

473 3846 537 3885 ac
584 3833 876 3889 mundanis
908 3835 1332 3905 cogitationibus
1388 3839 1536 3896 illius
1591 3857 1757 3913 opera
1801 3848 2044 3903 animum

470 3938 693 3979 rursum
743 3925 1106 3983 subeuntibus
1147 3928 1384 3983 destruit
1440 3932 1713 3988 internum
1767 3946 2043 4007 ascetam,

473 4015 755 4083 solamque
790 4023 1027 4070 statuam
1085 4019 1336 4071 monachi
1385 4019 1614 4090 ﬁguram
1658 4026 2051 4084 circumferen-

475 4115 584 4159 tem
619 4105 822 4161 ellicit:
859 4122 980 4176 quae
1010 4108 1220 4164 scilicet
1266 4125 1538 4181 nusquam
1575 4116 1869 4174 virtutibus
1926 4121 2046 4174 ani-

473 4209 619 4253 mata
659 4199 749 4255 sit.
808 4198 962 4270 Saepe
992 4202 1153 4256 etiam
1190 4204 1259 4259 ob
1305 4205 1578 4275 ingentem
1615 4211 1668 4265 in
1703 4214 2046 4285 prepinquos

472 4291 904 4348 benevolentiam
961 4302 1146 4350 asceta
1202 4312 1370 4354 ausus
1423 4309 1507 4356 est
1578 4311 1632 4357 et
1693 4307 2043 4378 sacrilegium

473 4383 834 4447 committere,
869 4392 927 4437 ut
961 4386 1154 4454 inopia:
1204 4389 1511 4445 mederetur
1542 4404 1921 4463 cognatorum.
1953 4399 2046 4453 Et-

2158 3213 2275 3282 μεῖν
2297 3227 2360 3261 τε
2385 3213 2503 3272 ταῖς
2529 3207 2827 3278 ἀστοχίαις,
2863 3205 3263 3277 συνεχθραίνειν
3292 3205 3349 3258 δὲ
3378 3208 3490 3267 τοῖς
3511 3204 3719 3278 ἐχθροῖς

2155 3304 2271 3376 (καὶ
2305 3303 2481 3368 τοῦτο,
2511 3300 2898 3370 κελευομένους
2940 3299 3142 3371 μηδένα
3181 3299 3324 3369 ἔχειν
3352 3298 3588 3370 ἐχθρὸν),
3629 3299 3719 3352 καὶ

2156 3394 2469 3464 συγχαίρειν
2498 3395 2610 3454 τοῖς
2648 3390 2821 3458 φίλοις
2846 3389 2947 3440 οὐκ
2972 3385 3143 3451 ἀξίοις
3171 3383 3290 3440 οὖσι
3329 3386 3588 3449 πολλάκις
3623 3383 3716 3453 τῆς

2156 3483 2531 3556 πνευματικῆς
2575 3480 2921 3542 οίκειώσεως,
2981 3479 3192 3550 χαίρειν
3242 3479 3300 3531 δὲ
3354 3480 3447 3532 καὶ
3477 3480 3570 3531 ἐπὶ
3612 3479 3718 3539 τοῖς

2153 3576 2361 3634 ἀδίκοις
2406 3574 2586 3627 αὐτῶν
2634 3573 2729 3626 καὶ
2765 3572 3094 3643 παραλόγοις
3137 3570 3373 3642 κέρδεσι,
3405 3572 3500 3624 καὶ
3546 3571 3716 3632 πάσας

2151 3668 2251 3731 τὰς
2289 3666 2532 3737 πονηρὰς
2558 3663 2665 3717 τῶν
2705 3662 2975 3734 βιωτικῶν
3008 3663 3314 3716 ὑποθέσεων
3345 3662 3631 3727 διαθέσεις,
3657 3660 3716 3723 ἃς

2153 3757 2571 3828 ἀποδυσάμενοι,
2617 3756 2715 3819 τὰς
2757 3752 3133 3824 πνευματικὰς
3182 3754 3391 3817 ἐννοίας
3439 3751 3717 3823 εἱσῳκισά-

2157 3852 2317 3923 μεθα,
2352 3850 2514 3904 πάλιν
2540 3848 2821 3917 ἐπεισάγει
2854 3849 2964 3911 τοῖς
3003 3845 3302 3917 λογισμοῖς,
3339 3846 3433 3900 καὶ
3462 3846 3523 3899 τὸ
3545 3846 3715 3899 ὑλικὸν

2152 3945 2248 3999 καὶ
2269 3942 2532 4013 κοσμικδν
2553 3941 2806 4012 φρόνημα
2834 3942 2898 4010 τῇ
2923 3940 3067 4010 ψυχῇ
3091 3938 3251 3992 πάλιν
3272 3936 3714 4007 ἐνεργασάμενος.

2150 4036 2241 4090 τὸν
2272 4036 2419 4090 ἔνδον
2464 4034 2710 4105 ἀσκητὴν
2754 4030 3036 4096 καταλύει,
3084 4029 3178 4084 καὶ
3222 4029 3516 4100 ἀνδριάντα

2153 4125 2391 4196 ἀσκητοῦ
2422 4124 2483 4178 τὸ
2516 4125 2705 4195 σχῆμα
2738 4123 3054 4194 περιφέρειν
3086 4121 3513 4193 παρασκευάζει,
3559 4120 3711 4192 μηδα-

2156 4217 2256 4289 μοῦ
2288 4216 2635 4287 ἐψυχωμένον
2668 4217 2784 4278 ταῖς
2831 4215 3070 4285 ἀρεταῖς.
3106 4211 3371 4275 Πολλάκις
3412 4211 3471 4265 δὲ
3499 4211 3586 4265 διὰ
3624 4208 3712 4271 τὰς

2152 4308 2283 4381 περὶ
2320 4309 2449 4371 τοὺς
2481 4307 2760 4376 συγγενεῖς
2794 4302 3146 4366 ὲπιταθείσας
3175 4301 3387 4364 εὐνοίας
3432 4301 3710 4372 ἐτόλμησεν

2150 4403 2181 4456 ὁ
2207 4398 2450 4469 ἀσκητὴς
2480 4397 2571 4451 καὶ
2608 4394 2912 4468 ἱεροσυλίαν
2939 4394 3294 4467 ἐργάσασθαι,
3326 4393 3469 4448 ὥστε
3499 4393 3592 4466 τὴν
3613 4391 3707 4445 τῶν

473 4477 617 4530 enim
649 4490 768 4545 qua:
802 4491 902 4546 pro
942 4478 1170 4541 sanctis,
1202 4480 1295 4549 qui
1330 4483 1543 4552 seipsos
1582 4483 1692 4540 Deo
1749 4487 2004 4545 dicarunt
2027 4531 2043 4556 ,

2152 4491 2429 4561 συγγενῶν
2495 4487 2700 4543 ἔνδειαν
2760 4485 3113 4558 θεραπεῦσαι.
3178 4486 3259 4539 Τὰ
3314 4486 3423 4558 γὰρ
3474 4488 3553 4551 είς
3597 4483 3707 4546 τοὺς

475 4577 785 4635 servantur,
811 4585 900 4625 res
923 4585 1112 4636 sacrae,
1145 4587 1383 4644 vereque
1421 4574 1532 4631 Deo
1555 4588 1887 4637 consecratae
1925 4599 2049 4640 esse

473 4669 527 4715 et
550 4662 949 4732 intelliguntur,
985 4672 1041 4718 et
1075 4664 1414 4733 judicantur.
1442 4667 1805 4734 Quamobrem
1841 4675 1934 4745 qui
1964 4685 2049 4730 ta-

474 4753 606 4806 lium
635 4754 911 4823 quidpiam
944 4755 1161 4822 aufert,
1214 4772 1357 4814 unus
1390 4769 1476 4815 est
1507 4777 1573 4817 ex
1606 4762 1673 4818 iis
1695 4766 1791 4835 qui
1819 4767 2051 4823 sacrile-

474 4848 621 4916 gium
653 4847 853 4901 audent
885 4857 1221 4917 perpetrare.

544 4939 598 4992 5.
634 4937 865 5009 Cognito
894 4940 1062 5011 igitur
1102 4924 1432 4999 intolerabili
1487 4946 1581 5001 illo
1610 4946 1846 5013 damno,
1900 4950 2046 5020 quod

473 5044 536 5082 ex
565 5028 748 5082 studio
772 5030 825 5083 in
845 5032 1183 5102 propinquos
1199 5042 1418 5091 nostros
1437 5037 1705 5103 nascitur,
1731 5050 2045 5111 susceptam

473 5137 661 5174 eorum
718 5138 887 5178 causa
932 5125 1354 5182 sollicitudinem
1406 5135 1677 5200 tanquam.
1714 5131 2045 5188 diabolicum

474 5211 640 5264 telum
680 5212 973 5283 fugiamus.
1021 5214 1157 5271 Nam
1196 5227 1250 5273 et
1297 5218 1560 5277 Dominus
1610 5223 1727 5293 ipse
1777 5223 2049 5295 ejusmodi

474 5300 727 5357 allectum
781 5319 846 5359 ac
890 5310 1340 5366 consuetudinem
1373 5311 1536 5383 566
1576 5315 1745 5369 vetuit
1778 5334 1791 5370 :
1826 5316 1920 5385 qui
1953 5317 2049 5371 uni

474 5408 542 5447 ex
574 5394 862 5467 discipulis
901 5397 955 5452 id
990 5414 1098 5454 non
1126 5403 1396 5470 permisit,
1423 5412 1481 5459 ut
1512 5406 1718 5461 diceret
1762 5409 1886 5463 vale
1917 5424 2042 5478 pro-

584 5553 628 5584 “
646 5552 837 5608 Matth.
869 5572 924 5618 ν,
959 5555 1043 5610 44.

550 5668 662 5735 (64)
694 5667 826 5739 Reg.
882 5668 1156 5725 secundus
1212 5668 1394 5724 Ταῦτα
1451 5670 1547 5740 μὲν
1598 5670 1724 5740 γάρ.
1776 5668 1899 5726 Mox
1939 5671 2049 5727 duo

477 5752 612 5793 mss.
644 5739 769 5800 περὶ
802 5740 1042 5796 ἐκείνων.

2149 4585 2358 4654 ἁγίους,
2411 4581 2538 4645 τοὺς
2589 4578 2887 4642 ἀναθέντας
2919 4580 3146 4643 ἑαυτοὺς
3171 4578 3249 4648 τῷ
3291 4578 3430 4650 Θεῷ,
3471 4576 3706 4650 ταμιευό-

2151 4692 2289 4748 μενα
2322 4674 2441 4745 ἱερά
2470 4674 2565 4727 καὶ
2593 4671 2807 4742 ἀληθῶς
2830 4670 3158 4743 ἀναθήματα
3178 4674 3378 4726 νοεῖται
3407 4672 3501 4725 καὶ
3526 4670 3691 4734 ἐκλαμ·

2148 4769 2391 4823 ϐάνεται.
2437 4768 2497 4821 '0
2539 4763 2717 4819 τοίνυν
2762 4764 2966 4818 τούτων
2999 4781 3050 4816 τι
3083 4764 3466 4835 νοσφιζόμενος
3492 4760 3569 4827 εἷς
3602 4764 3703 4815 ἐστι

2147 4861 2258 4915 τῶν
2300 4857 2605 4931 ἱεροσυλίας
2637 4853 3125 4925 κατατολμώντων.

2224 4948 2278 5003 3.
2319 4947 2544 5009 Γνόντες
2586 4939 2680 4998 οῦν
2722 4945 2820 5015 τῆς
2854 4943 2984 5015 περὶ
3012 4945 3140 5007 τοὺς
3167 4945 3401 5008 οἰκείους
3438 4942 3703 5000 διαθέσεως

2149 5037 2248 5109 τὴν
2282 5036 2555 5107 ἀφόρητον
2602 5033 2826 5106 βλάϐην,
2872 5033 3132 5104 φύγωμεν
3177 5033 3277 5106 τὴν
3330 5035 3457 5105 περὶ
3501 5032 3699 5087 ἐκείνων

2151 5127 2428 5200 φροντίδα,
2457 5127 2534 5189 ὡς
2559 5124 2862 5179 διαδολικὺν
2892 5125 3055 5177 ὅπλον
3087 5124 3459 5196 ὑπάρχουσαν.
3488 5125 3590 5178 Καὶ
3609 5124 3700 5190 γὰρ

2148 5224 2312 5287 αὐτὸς
2353 5224 2381 5275 ὁ
2417 5222 2621 5294 Κύριος
2668 5221 2768 5292 τὴν
2801 5222 3057 5292 τοιαύτην
3093 5224 3278 5293 σχέσιν
3321 5225 3413 5276 καὶ
3443 5222 3703 5293 συνήθειαν

2149 5314 2551 5387 ἀπηγόρευσεν,
2585 5314 2667 5368 ἐνὶ
2703 5314 2803 5383 μὲν
2844 5313 2953 5367 τῶν
2985 5314 3244 5384 μαθητῶν
3276 5316 3374 5369 οὐκ
3398 5313 3699 5385 ἐπιτρέψας,

2147 5409 2267 5463 οὐδὲ
2282 5408 2412 5463 αὐτὸ
2431 5408 2590 5478 μόνον
2610 5410 2724 5469 τοῖς
2742 5407 2962 5470 οἰκείοις
2988 5406 3098 5476 (65)
3124 5407 3484 5473 συντάξασθαι
3508 5424 3522 5437 ο
3547 5404 3702 5471 ἑτέρῳ

2230 5669 2344 5738 (65)
2374 5669 2609 5726 Verbum
2646 5673 3004 5738 συντάξασθαι
3036 5674 3251 5728 videtur
3284 5675 3389 5730 hoc
3423 5676 3536 5730 loco
3574 5671 3705 5727 sumi

2161 5755 2259 5810 pro
2306 5741 2696 5805 ἀποτάξασθαι.
2747 5746 3070 5800 renuntiare.
3102 5745 3216 5800 vale
3247 5747 3435 5801 dicere.
3479 5745 3706 5811 Scriptor
