4018 6226
358 357 381 410 Ι
391 356 493 410 595

1441 351 2040 409 CONSTITUTIONES
2079 348 2516 406 MONASTICJE.

3469 343 3602 400 1394

356 474 411 524 δὲ
446 472 566 524 οὐδὲ
598 469 674 540 τῷ
714 471 926 541 σώματι
968 472 1062 525 τοῦ
1107 475 1306 542 πατρὸς
1337 471 1630 536 τεθνεῶτος
1672 473 1777 543 γῆν
1826 474 1925 525 ἐπ-

2049 471 2249 541 )ἱηίιυίε
2279 489 2291 525 :
2325 485 2427 524 nec
2457 467 2634 530 alteri,
2673 475 2729 521 ut
2769 468 2854 521 vel
2902 466 3136 522 cadaver
3189 465 3388 519 mortui
3434 468 3605 536 patris

358 561 695 632 αμήσασθαι.
725 561 814 632 Τῷ
848 563 944 632 μὲν
975 561 1083 632 γὰρ
1119 561 1475 626 συντάξασθαι
1498 562 1800 633 βουλομένῳ
1827 565 1937 625 τοῖς

357 654 576 714 οἰκείοις
595 653 755 723 φησίν
767 669 780 683 ·
800 653 1008 720 Οὐδείς
1023 655 1320 709 ἐπιϐαλὼν
1335 655 1446 722 τὴν
1460 655 1627 724 χεζοα
1643 655 1828 708 αὐτοῦ
1843 655 1937 708 ἐπ’

357 741 628 809 ἄροτρον,
653 740 751 794 καὶ
775 741 1024 805 βλέπων
1055 745 1141 807 εὶς
1165 742 1237 795 τὰ
1261 743 1474 803 ὀπίσω,
1506 743 1747 807 εὔθετός
1769 743 1938 796 ἐστιν

357 834 444 895 είς
473 830 584 898 τὴν
615 831 942 895 βασιλείαν
970 831 1085 884 τῶν
1105 830 1376 898 οὐρανῶν
1397 831 1504 901 (66)
1529 850 1540 864 ·
1561 831 1638 902 τῷ
1686 832 1741 884 δὲ
1773 832 1939 900 θάψαι

357 923 448 977 τὸν
489 922 700 992 πατέρα
755 923 1174 993 παρακαλοῦντι,
1228 925 1568 978 Ἀκολούθει
1614 941 1736 992 μοι,
1783 925 1936 994 φησὶ,

359 1014 473 1075 καὶ,
535 1013 706 1080 ’Ἄφες
763 1012 904 1078 τοὺς
969 1014 1220 1081 νεκροὺς
1281 1013 1467 1082 θάψαι
1524 1015 1665 1080 τοὺς
1710 1013 1940 1067 ἑαυτῶν

361 1104 623 1171 νελρούς.
665 1104 851 1156 Καίτοι
900 1104 1115 1157 ἐδόκουν
1139 1105 1511 1173 εὖλογωτάτας
1557 1106 1649 1158 καὶ
1678 1103 1939 1157 δικαιοτά-

361 1211 457 1256 τας
482 1195 748 1248 ποιεῖσθαι
774 1194 872 1258 τὰς
899 1195 1111 1266 δεήσεις
1136 1196 1385 1266 ἑκάτεροι
1405 1214 1416 1225 ·
1451 1197 1564 1250 ἀλλ’
1586 1197 1688 1249 οὑκ
1714 1196 1939 1248 ἐπένευ-

362 1305 454 1341 σεν
484 1289 513 1341 ὁ
536 1288 744 1360 Σωτὴρ,
768 1287 887 1340 οὐδὲ
903 1288 1037 1357 πρὸς
1057 1289 1118 1342 τὸ
1147 1288 1351 1360 ἀκαρὲς
1376 1288 1506 1357 γοῦν
1537 1289 1747 1359 ἀφῆκεν
1773 1286 1938 1340 αὐτοῦ

361 1377 684 1450 χωρίζεσθαι
697 1380 820 1442 τοὺς
834 1380 1126 1450 τροφίμους
1148 1379 1249 1448 τῆς
1262 1381 1369 1432 τῶν
1392 1380 1632 1451 οὐρανῶν
1645 1378 1938 1450 βασιλείας,

361 1469 446 1523 ἶνα
466 1470 539 1541 μή
573 1485 624 1521 τι
646 1467 740 1522 τοῦ
769 1468 970 1539 ὑψηλοῦ
993 1471 1087 1523 καὶ
1109 1469 1359 1540 οὐρανίου
1383 1472 1727 1542 φρονήματος
1749 1487 1940 1527 ταπει-

325 1565 342 1583 ⁶
361 1561 573 1632 νότερον
595 1561 627 1631 ἢ
653 1560 940 1632 πράξαιεν,
965 1559 998 1629 ἢ
1044 1561 1352 1628 λογίσαιντο
1373 1564 1438 1632 τῇ
1479 1563 1605 1634 περ).
1629 1561 1728 1624 τὰς
1747 1562 1942 1633 γηίνας

361 1652 455 1706 καὶ
501 1650 766 1722 σαρκικὰς
815 1651 1083 1715 διαθέσεις
1119 1655 1284 1724 ῥοπῇ.
1331 1653 1407 1714 ὡς
1449 1654 1549 1706 οὐκ
1574 1652 1842 1716 ὲξὸν,τοὺς
1873 1652 1944 1707 τὰ

361 1743 584 1814 οὐράνια
613 1741 943 1815 φρονοῦντας
974 1743 1083 1796 τῶν
1107 1744 1200 1795 ὲπὶ
1233 1744 1335 1812 γῆς
1360 1743 1504 1813 ἔχειν
1528 1743 1683 1811 λόγον
1707 1743 1844 1805 τινὰ,
1867 1744 1941 1806 ὡς

2039 564 2206 618 humo
2235 560 2604 632 superinjecta
2656 566 2987 630 contegeret.
3037 556 3101 610 Ei
3146 557 3312 618 enim,
3349 557 3441 624 qui
3488 557 3607 609 vale

2039 654 2360 724 propinquis
2393 653 2507 706 suis
2539 652 2722 706 dicere
2767 651 3018 715 volebat,
3065 650 3243 705 dixit:
3282 647 3450 702 Nemo
3468 649 3604 704 ,νηίτ-

2041 757 2150 800 tens
2193 763 2406 800 manum
2431 761 2581 797 suam
2617 744 2685 796 ad
2712 753 2986 808 aratrum,
3042 742 3403 810 et-respiciens
3428 749 3566 794 retro
3588 779 3602 802 ,

2039 850 2192 908 aptus
2217 849 2291 894 est
2314 855 2470 907 regno
2501 836 2749 890 cwlorum
2777 836 2840 888 ⁵⁷.
2867 835 3036 889 Alteri
3072 849 3219 897 vero,
3253 834 3343 902 qui
3377 832 3607 902 sepelire

2039 939 2248 1001 patrem
2285 929 2594 1000 postulabat
2622 946 2634 982 :
2670 926 2890 997 Sequere
2916 944 2994 980 me
3035 926 3101 986 ⁸⁸,
3129 926 3323 993 inquit.
3355 931 3408 977 et
3431 965 3444 985 ,
3484 923 3606 978 Sine

2043 1033 2099 1075 ut
2134 1023 2326 1075 mortui
2361 1022 2616 1088 sepeliant
2660 1029 2891 1071 mortuos
2934 1033 3056 1070 suos
3087 1017 3151 1068 ⁸³.
3184 1015 3246 1067 Et
3279 1015 3495 1085 quidem
3526 1015 3607 1068 vi-

2042 1113 2272 1167 debatur
2303 1120 2529 1182 uterque
2565 1127 2674 1165 rem
2725 1110 3094 1178 aequissimam
3134 1107 3609 1175 justissimamque

2041 1220 2269 1274 rogare:
2304 1204 2398 1260 sed
2429 1204 2686 1257 Servator
2715 1218 2822 1256 non
2869 1201 3135 1270 probavit,
3162 1208 3213 1254 et
3264 1216 3330 1254 ne
3384 1199 3610 1254 minimo

2041 1297 2258 1368 quidem
2289 1297 2552 1366 temporis
2587 1301 2860 1348 momento
2904 1293 3152 1362 permisit
3197 1307 3226 1345 a
3259 1307 3316 1346 se
3369 1291 3607 1361 disjungi

2042 1390 2292 1443 alumnos
2321 1387 2471 1458 regni
2506 1387 2789 1446 emlorum,
2832 1401 2899 1438 ne
2927 1385 3032 1437 alta
3057 1391 3110 1438 et
3145 1383 3354 1437 cmlesti
3383 1381 3611 1436 medita-

2041 1479 2189 1533 tione
2234 1478 2494 1532 humilius
2533 1475 2740 1544 aliquid
2785 1490 2848 1528 ex
2881 1474 3117 1544 quadam
3158 1474 3223 1528 ad
3270 1480 3517 1528 terrenos
3557 1479 3608 1527 et

2042 1567 2290 1622 carnales
2318 1565 2542 1622 aﬂ’ectus
2578 1565 2941 1636 propensioue
2972 1574 3065 1618 aut
3095 1564 3356 1626 facerent,
3383 1571 3476 1616 aut
3512 1577 3612 1616 co-

2042 1657 2312 1729 gitarent,
2351 1672 2475 1711 cum
2531 1673 2638 1712 non
2671 1658 2830 1710 liceat
2872 1651 3112 1710 cmlestia
3146 1654 3463 1710 curantibus
3508 1651 3610 1706 ali-

2043 1763 2206 1818 quam
2246 1748 2448 1802 hahere
2479 1762 2661 1801 rerum
2713 1753 3053 1801 terrenarum
3111 1748 3410 1810 rationem,
3463 1745 3612 1799 velut

361 1836 463 1907 ήδη
501 1834 873 1906 μεταστάντας
919 1834 1031 1905 (67)
1065 1835 1162 1888 καὶ
1186 1835 1592 1905 ὑπερκοσμίους
1633 1839 1700 1906 τῇ
1733 1835 1940 1906 διανοίᾳ

2049 1837 2150 1908 |am
2187 1839 2468 1894 translatis
2509 1846 2562 1892 et
2607 1839 2790 1893 animo
2841 1853 3007 1906 supra
3063 1837 3327 1891 mundum
3380 1837 3608 1892 erectis.

363 1927 774 1997 γεγενημένους.
823 1928 887 1980 Εἰ
931 1927 988 1979 δὲ
1019 1927 1164 1994 λέγοι
1190 1943 1294 1990 τις,
1319 1927 1400 1979 ὅτι
1434 1927 1558 1990 Πῶς
1589 1922 1681 1980 οὖν
1716 1929 1744 1980 6
1777 1927 1941 1997 νόμος

363 2019 568 2073 κελεύει
595 2019 704 2072 τῶν
729 2019 944 2073 οἰκείων
966 2019 1290 2090 φροντίζειν,
1315 2020 1486 2088 λέγων
1504 2037 1516 2050 ·
1545 2020 1653 2074 Καὶ
1680 2017 1798 2073 ἀπὸ
1822 2016 1940 2072 τῶν

363 2114 593 2168 οἰκείων
651 2113 759 2167 τοῦ
830 2112 1172 2181 σπέρματός
1234 2130 1350 2166 σου
1418 2115 1532 2181 οὐχ
1595 2114 1884 2179 ὐπερόψει
1919 2127 1934 2141 ο

363 2204 564 2274 ὁμοίως
596 2204 771 2257 δὲκαὶ
811 2205 840 2256 ὁ
896 2205 1244 2268 Ἀπόστολος·
1288 2207 1356 2257 El
1390 2204 1458 2257 δέ
1495 2223 1583 2270 τις
1611 2203 1729 2257 τῶν
1752 2203 1936 2267 ἰδίων,

365 2297 461 2350 καὶ
483 2296 753 2364 μάλιστα
791 2294 908 2348 τῶν
935 2297 1168 2348 οἰκείων
1209 2298 1280 2348 οὐ
1314 2294 1574 2362 προνοεῖ,
1603 2294 1717 2362 τὴν
1735 2295 1942 2347 πίστιν

366 2387 634 2456 ἤρνηται,
654 2387 750 2441 καὶ
777 2387 950 2441 ἔστιν
973 2387 1233 2441 ἀπίστου
1258 2388 1472 2455 χείρων
1496 2430 1509 2451 ,
1549 2386 1809 2455 σύντομον
1830 2385 1938 2457 (68)

372 2479 464 2550 τὴν
493 2479 784 2550 ἀπόκρισιν
835 2478 1211 2550 παρεξόμεθα·
1257 2480 1336 2531 ὅτι
1383 2481 1411 2531 ὁ
1442 2479 1582 2540 θεῖος
1623 2477 1940 2538 Ἀπόστολος

367 2572 501 2645 πρὸς
537 2574 660 2636 τοὺς
693 2571 996 2642 βιωτικοὺς,
1030 2570 1165 2639 πρὸς
1193 2571 1314 2633 τοὺς
1346 2569 1436 2622 τὸν
1480 2568 1660 2622 ὑλικὸν
1714 2567 1939 2621 πλοῦτον

369 2665 606 2736 Σχοντας,
653 2665 746 2718 καὶ
806 2664 1137 2734 δυναμένους
1184 2662 1626 2734 παραμυθεῖσθαι
1675 2663 1774 2732 τὴν
1828 2660 1938 2714 τῶν

371 2758 642 2825 συγγενῶν
682 2756 888 2810 ἔνδειαν
910 2797 924 2821 ,
963 2757 1120 2810 τοῦτο
1152 2757 1392 2826 εἴρηκεν.
1433 2754 1663 2825 Ὁμοίως
1705 2755 1762 2806 δὲ
1793 2754 1887 2807 καὶ
1913 2755 1942 2806 6

374 2849 529 2920 νόμος
555 2848 728 2902 ταῦτά
750 2865 902 2917 φησι,
931 2849 1025 2901 καὶ
1073 2849 1160 2901 ἵνα
1191 2845 1592 2917 συντομώτερον
1625 2845 1782 2908 εἴπω,
1806 2845 1942 2916 πρὸς

375 2943 494 3005 τοὺς
515 2941 742 3006 ζῶντας,
769 2942 828 2994 οὐ
864 2941 998 3011 πρὸς
1020 2941 1144 3002 τοὺς
1168 2939 1466 3001 τεθνεῶτας
1485 2957 1498 2970 ο
1530 2939 1806 2992 άνεύθυνοι
1833 2937 1942 3008 γὰρ

370 3033 570 3094 παντὸς
605 3032 715 3100 (69)
759 3031 999 3085 τοιούτου
1041 3031 1351 3101 ὀφλήματος
1385 3023 1528 3082 οὗτοί
1573 3045 1655 3097 γε.

437 3125 492 3180 4.
533 3125 605 3177 Σὺ
633 3125 688 3176 δὲ
712 3124 972 3194 τέθνηκας
1009 3124 1126 3193 μὲν,
1156 3124 1249 3178 καὶ
1275 3123 1614 3194 ὲσταύρωσαι
1649 3122 1728 3192 τῷ
1755 3123 1942 3193 κόσμῳ

2045 1929 2198 1995 Quod
2235 1929 2281 1984 si
2331 1931 2528 1984 dixerit
2567 1931 2878 2000 quispiam:
2919 1929 3201 1996 Quomodo
3257 1930 3421 2000 igitur
3457 1929 3613 1998 jubet

2045 2023 2128 2076 lex
2185 2036 2372 2075 curam
2409 2023 2690 2090 suscipere
2717 2031 3074 2090 cognatorum
3098 2061 3111 2084 ,
3171 2021 3257 2076 his
3290 2021 3509 2075 verbis:
3543 2019 3614 2074 Et

2043 2113 2360 2184 propinquos
2385 2114 2599 2167 seminis
2627 2114 2703 2165 tui
2734 2130 2796 2166 ne
2827 2113 3084 2180 despicias
3117 2113 3201 2177 '°;
3234 2121 3288 2166 et
3320 2112 3614 2181 Apostolus

2046 2206 2296 2261 similiter
2326 2225 2339 2259 :
2377 2205 2438 2260 Si
2468 2207 2584 2276 quis
2611 2215 2786 2259 autem
2817 2222 3033 2259 suorum
3058 2215 3105 2259 et
3136 2207 3362 2259 maxime
3399 2207 3613 2274 propin—

2045 2315 2264 2367 quorum
2294 2315 2478 2352 curam
2507 2315 2609 2352 non
2638 2299 2812 2361 liabet,
2851 2298 3006 2366 ﬁdem
3037 2299 3259 2367 negavit,
3284 2307 3331 2350 et
3379 2307 3454 2350 est
3493 2297 3615 2365 inﬁ-

2044 2390 2150 2444 deli
2174 2390 2400 2444 deterior
2425 2391 2468 2422 δι
2493 2430 2508 2455 ,
2538 2391 2587 2444 ei
2624 2389 2809 2460 paucis
2839 2391 3308 2458 respondebimus,
3337 2389 3440 2444 hoc
3471 2404 3498 2442 a
3532 2387 3616 2442 di-

2045 2483 2172 2536 vino
2225 2482 2488 2553 Apostolo
2534 2483 2601 2535 ad
2644 2483 2893 2536 homines
2949 2482 3147 2536 smeulo
3206 2481 3490 2543 addictos,
3549 2480 3616 2535 ad

2045 2574 2296 2630 homines
2320 2577 2408 2644 qui
2439 2582 2685 2629 terrenas
2705 2589 2836 2642 Opes
2863 2572 3236 2642 possidebant,
3259 2577 3617 2640 poterantque

2046 2676 2398 2736 cognatorum
2432 2666 2666 2734 inopiam
2701 2666 2879 2720 levare
2905 2705 2918 2726 ,
2955 2666 3159 2718 dictum
3224 2664 3408 2717 fuisse.
3450 2660 3618 2716 Simi-

2048 2757 2169 2810 liter
2196 2757 2279 2810 lex
2307 2758 2469 2810 etiam
2516 2757 2630 2810 haec
2661 2756 2818 2814 dixit.
2851 2763 3014 2824 atque
3050 2765 3109 2807 ut
3153 2754 3328 2807 dicam
3361 2754 3576 2807 brevius
3599 2790 3616 2818 ,

2047 2862 2227 2902 sermo
2256 2855 2338 2902 est
2367 2848 2436 2901 de
2471 2848 2802 2911 viventibus,
2839 2862 2947 2900 non
2978 2846 3044 2900 de
3069 2845 3297 2899 mortuis
3325 2865 3336 2897 :
3373 2843 3619 2914 quando-

2046 2939 2266 3009 quidem
2299 2939 2354 2994 hi
2382 2939 2451 2994 ab
2481 2939 2630 2994 omni
2663 2937 2993 3009 hujusmodi
3013 2936 3378 2997 (ιὼίωωί
3401 2944 3582 2993 sunt..-

2121 3117 2176 3170 4.
2209 3116 2290 3169 Tu
2346 3123 2525 3168 autem
2566 3121 2815 3168 mortuus
2863 3129 2946 3175 es,
2991 3123 3044 3168 et
3076 3111 3174 3166 toti
3208 3110 3409 3166 mundo
3444 3111 3626 3165 cruci-

373 3214 551 3265 παντί.
617 3213 1049 3283 Ἀποταξάμενος
1099 3213 1207 3284 γὰρ
1253 3214 1328 3283 τῷ
1371 3213 1539 3282 ὑλικῷ
1579 3214 1809 3283 πλούτῳ,
1847 3215 1944 3284 τὴν

2051 3206 2209 3264 ﬁxus.
2249 3205 2491 3276 Rejectis
2537 3206 2682 3260 enim
2727 3206 2960 3260 terrenis
2999 3205 3207 3259 divitiis
3238 3204 3522 3273 amplexus
3565 3217 3626 3258 es

375 3304 638 3373 ἀκτησίαν
695 3304 1020 3375 ἠγάπησας’
1062 3305 1284 3358 σεαυτὸν
1320 3305 1374 3356 δὲ
1421 3305 1638 3367 ἀναθεὶς
1684 3306 1760 3375 τῷ
1803 3305 1943 3376 Θεῷ,

375 3395 656 3465 κειμήλιον
692 3396 918 3464 γέγονας
951 3393 1046 3447 τοῦ
1088 3393 1244 3448 Θεοῦ.
1302 3394 1389 3458 Ὡς
1438 3393 1689 3456 τεθνεὼς,
1737 3394 1948 3447 ἐλεύθε-

379 3505 469 3560 ρος
498 3485 545 3540 εἰ
572 3489 749 3556 πάσης
779 3489 877 3557 τῆς
913 3493 1040 3558 περὶ
1067 3489 1192 3550 τοὺς
1229 3490 1506 3554 συγγενεῖς
1540 3487 1800 3555 εἰσφορᾶς
1822 3503 1834 3516 ο
1872 3487 1946 3549 ὡς

379 3582 657 3651 ἀκτήμων,
704 3580 854 3633 οὐδὲν
887 3580 1030 3650 ἔχεις
1061 3580 1089 3632 ὃ
1121 3581 1452 3652 χορηγήσῃς.
1489 3578 1598 3630 Καὶ
1643 3577 1773 3630 αὐτὸ
1801 3578 1857 3630 δὲ
1885 3577 1945 3630 τὸ

381 3671 543 3741 σῶμα
587 3673 1036 3742 καρποφορήσας.
1085 3672 1179 3724 καὶ
1206 3670 1326 3724 οὐδὲ
1354 3669 1561 3722 ἐκείνου
1595 3669 1779 3721 λοιπὸν
1807 3669 1945 3738 ἔχων

378 3762 476 3830 τὴν
503 3760 748 3826 ἐξουσίαν
790 3762 864 3824 ὡς
896 3760 1261 3831 ἀναθήματος,
1307 3760 1368 3812 οὑ
1417 3759 1572 3830 θέμις
1608 3776 1688 3812 σοι
1717 3759 1828 3829 (70)
1865 3761 1945 3822 εἰς

380 3854 681 3925 ἀνθρώπων
722 3855 915 3925 χρῆσιν
948 3849 1118 3907 εἶναι’
1158 3854 1340 3924 μόνοις
1376 3853 1432 3904 δὲ
1475 3855 1584 3914 τοῖς
1625 3852 1948 3922 ὁμοτρόποις

378 3943 456 4004 ὡς
497 3945 591 3996 καὶ
638 3946 819 4008 αὐτοῖς
863 3945 980 4015 Θεῷ
1023 3945 1084 3998 τὺ
1117 3947 1222 3998 πᾶν
1273 3944 1644 4013 ἀνακειμένοις
1687 3942 1950 4013 συμπολι-

385 4034 654 4088 τεύεσθαι.
687 4035 856 4088 Πόθεν
901 4031 993 4089 οὖν
1025 4053 1106 4088 σοι
1143 4035 1373 4106 ἁρμόσει
1405 4034 1473 4087 τὰ
1516 4034 1956 4104 μνημονευθέντα

389 4127 608 4196 ῥήματα
652 4127 750 4196 τῆς
786 4129 943 4196 ἁγίας
972 4128 1228 4199 Γραφῆς;
1272 4127 1304 4196 ἢ
1338 4127 1452 4189 πῶς
1481 4128 1577 4196 οὐχ
1617 4127 1955 4198 ἁμαρτήσεις

384 4215 485 4278 τὰς
525 4217 716 4270 ἑαυτοῦ
745 4219 1031 4288 ὁμολογίας
1058 4220 1185 4288 περὶ
1213 4219 1312 4286 τὴν
1344 4219 1574 4288 ἄσκησιν
1614 4216 1820 4270 ἀθετῶν
1844 4234 1858 4282 ;

2051 3308 2424 3374 paupertatem
2453 3319 2465 3354 :
2499 3307 2551 3354 et
2577 3316 2700 3353 cum
2725 3307 2778 3353 te
2809 3301 2923 3369 ipse
2947 3298 3140 3353 dicasti
3169 3297 3298 3361 Deo,
3327 3296 3418 3351 Dei
3452 3295 3627 3350 factus

2050 3412 2111 3450 es
2144 3395 2461 3448 thesaurus.
2498 3391 2566 3445 Ut
2597 3401 2864 3453 mortuus,
2895 3391 3028 3444 liber
3058 3407 3116 3444 es
3143 3391 3211 3444 ab
3237 3389 3381 3443 omni
3418 3389 3470 3440 in
3503 3403 3628 3455 pro-

2056 3487 2288 3557 pinquos
2323 3485 2679 3554 pecuniarum
2729 3483 3056 3536 collatione:
3114 3492 3172 3534 ut
3233 3480 3367 3532 nihil
3404 3478 3628 3532 omnino

2051 3578 2374 3648 possidens,
2409 3577 2543 3629 nihil
2597 3575 2768 3629 habes
2807 3573 2951 3643 quod
2989 3572 3259 3643 largiaris.
3311 3570 3424 3623 lnIo
3463 3570 3626 3622 etiam

2051 3685 2174 3724 cum
2233 3670 2409 3738 ipsum
2470 3683 2668 3736 corpus
2716 3667 3020 3725 obtuleris,
3081 3671 3135 3716 et
3189 3662 3256 3715 de
3309 3667 3507 3714 caetero
3561 3673 3630 3712 ne

2051 3763 2198 3818 illius
2223 3760 2441 3831 quidem
2491 3767 2812 3829 potestatem
2869 3757 3108 3817 habeas,
3171 3763 3432 3822 tanquam
3475 3749 3621 3820 quod

2057 3871 2144 3910 res
2174 3855 2244 3909 sit
2277 3852 2386 3907 Deo
2408 3859 2752 3915 consecrata,
2775 3851 2873 3904 tibi
2903 3865 2968 3904 eo
2997 3848 3074 3902 uti
3106 3863 3211 3901 non
3251 3845 3376 3900 licet
3422 3843 3489 3897 ad
3539 3841 3634 3895 hu-

2060 3961 2278 4000 manum
2313 3959 2512 4000 usum:
2549 3942 2642 3998 sed
2677 3956 2800 3996 cum
2834 3941 2901 3995 iis
2937 3940 3068 3995 solis
3097 3941 3190 4010 qui
3245 3935 3434 3991 iisdem
3467 3934 3635 3988 mori-

2062 4040 2167 4095 bus
2195 4037 2404 4109 praediti
2443 4043 2594 4098 sunt,
2641 4033 3079 4105 quandoquidem
3115 4041 3169 4086 et
3209 4030 3312 4100 ipsi
3362 4034 3488 4083 sunt
3525 4024 3634 4078 Deo

2061 4144 2290 4199 prorsus
2317 4127 2506 4190 dicati,
2533 4127 2740 4181 versari
2788 4125 2975 4179 debes.
3008 4122 3110 4189 Oui
3157 4121 3320 4191 igitur
3350 4120 3404 4172 in
3427 4124 3480 4172 te
3511 4130 3638 4170 con-

2063 4220 2284 4275 venient
2313 4235 2433 4288 quze
2471 4235 2539 4274 ex
2581 4226 2773 4274 sancta
2807 4214 3092 4286 Scriptura
3121 4213 3405 4270 retulimus
3437 4207 3639 4264 verba?

387 4320 481 4364 aut
514 4313 786 4382 quomodo
817 4323 1140 4382 peccaturus
1172 4328 1276 4366 non
1303 4328 1383 4376 es,
1409 4313 1453 4367 si
1490 4311 1690 4375 fcedus,
1724 4313 1869 4382 quod
1900 4322 1956 4368 tu
2006 4316 2122 4385 ipse
2153 4316 2221 4371 de
2275 4317 2503 4372 colenda
2564 4316 2767 4386 pietate
2824 4329 2947 4367 cum
2982 4311 3090 4367 Deo
3125 4309 3331 4365 inivisti
3354 4349 3368 4373 ,
3421 4306 3634 4360 irritum

390 4406 600 4459 facias?

888 4520 1281 4576 ΚΕΦΑᾹΑΙΟΝ
1322 4523 1450 4576 KA'.

392 4608 512 4659 Ὅτι
556 4611 626 4661 οὐ
654 4606 741 4660 δεῖ
779 4606 888 4674 τῆς
927 4607 1336 4676 πνευματικῆς
1373 4608 1779 4679 ἀδελφότητος
1818 4609 1960 4663 ἀπο-

991 4680 1338 4732 κόπτεσθαι.

466 4795 516 4846 l.
558 4793 676 4864 Χρὴ
711 4793 890 4863 μέντοι
921 4794 1198 4847 καὶτοῦτο
1243 4792 1530 4845 πεπεῖσθαι
1564 4793 1772 4861 σαφῶς,
1811 4793 1891 4844 ὅτι
1936 4793 1963 4842 6

392 4885 538 4951 ἅπαξ
564 4889 641 4948 εἰς
678 4885 969 4954 σύνδεσμον
1015 4887 1108 4938 καὶ
1143 4885 1434 4951 συνάφειαν
1467 4884 1634 4936 ἐλθὼν
1669 4901 1962 4952 πνευματι-

393 4974 495 5043 κῆς
525 4975 883 5044 ἀδελφότης-ος
915 4977 1011 5044 οὐχ
1048 4970 1155 5037 οἷός
1176 4976 1220 5026 τ’
1253 4974 1318 5026 ἂν
1411 4973 1521 5043 (7|)
1554 4972 1960 5026 ἀποκόπτεσθαι

395 5065 489 5118 καὶ
516 5065 839 5136 χωρίζεσθαι
873 5067 1094 5128 τούτων,
1127 5062 1206 5127 οἷς
1247 5064 1616 5135 συνηρμόσθη.
1649 5065 1708 5117 Ei
1739 5065 1846 5133 γὰρ
1873 5065 1962 5117 άν-

395 5155 604 5225 θρωποι
645 5157 902 5220 πολλάκις
933 5159 1012 5220 είς
1039 5156 1319 5211 κοινωνίαν
1353 5156 1466 5225 βίου
1509 5156 1696 5208 τούτου
1729 5156 1822 5207 τοῦ
1853 5155 1963 5207 ὑλι-

475 5311 516 5341 ⁶⁷
537 5310 670 5366 Luc.
698 5324 773 5377 lx,
802 5312 890 5366 6‘3.
966 5312 1010 5342 ⁸⁸
1034 5312 1159 5366 ibid.
1197 5313 1283 5366 59.
1360 5315 1403 5342 δ’
1428 5310 1556 5364 ibid.
1593 5309 1679 5362 6t).

397 5471 542 5524 enim
591 5487 701 5524 non
733 5471 968 5526 obscure
1000 5471 1226 5540 respIcit
1258 5470 1322 5524 ad
1360 5470 1495 5523 illud
1548 5469 1707 5524 Luca:
1759 5485 1836 5540 Ix,
1867 5468 1927 5520 6l
1961 5485 1974 5519 :

401 5541 606 5609 Sequar
635 5551 703 5605 te,
743 5541 977 5602 Domine,
1006 5539 1357 5607 sedpermitte
1381 5542 1510 5593 mihi
1539 5543 1686 5609 prius
1720 5549 1774 5592 ut
1806 5539 1976 5592 dicam

401 5614 515 5663 tmte
549 5611 615 5663 iis
649 5613 737 5679 qui
767 5622 888 5663 sunt
919 5611 1062 5662 domi
1095 5627 1239 5663 ntere.

473 5680 584 5747 (66)
621 5678 750 5751 lteg.
784 5682 994 5750 primus
1024 5682 1169 5732 ἐστιν
1205 5682 1260 5732 ἐν
1292 5681 1354 5749 τῇ
1385 5679 1624 5751 βασιλείᾳ
1651 5678 1777 5732 τῶν.

474 5751 585 5819 (67)
627 5750 777 5805 Unus
801 5767 904 5806 IIIS.
933 5752 1035 5820 ἤδη
1071 5751 1527 5820 μεταναστάντας.

1992 4528 2034 4581 D

2642 4515 2870 4571 CAPUT
2909 4512 3046 4568 XXI.

2068 4613 2220 4678 Quod
2259 4627 2360 4665 non
2399 4619 2599 4680 oportet
2630 4628 2662 4663 a
2711 4608 2978 4676 spirituali
3020 4606 3357 4676 fraternitate
3391 4618 3635 4657 resecari.

2140 4787 2192 4839 ι.
2225 4784 2344 4840 JaIn
2381 4785 2513 4839 illud
2567 4797 2786 4853 quoque
2835 4796 2933 4850 pro
2984 4789 3136 4834 certo
3177 4776 3486 4831 habendum
3521 4782 3640 4839 est,

2074 4894 2222 4940 eum,
2249 4878 2340 4947 qui
2375 4877 2540 4932 semel
2577 4874 2899 4928 fraternitati
2949 4870 3225 4942 spirituali
3264 4867 3517 4936 alligatus
3557 4874 3645 4920 est.

2067 4978 2120 5024 et
2150 4969 2466 5038 adjunctus,
2487 4967 2658 5028 abiis,
2686 4967 2885 5035 quibus
2929 4963 3136 5017 ascitus
3171 4971 3277 5023 est,
3307 4959 3457 5012 nullo
3480 4955 3643 5010 modo

2070 5063 2306 5115 resecari
2341 5076 2404 5113 ac
2440 5060 2680 5129 separari
2714 5073 2893 5126 posse.
2937 5053 2995 5108 Si
3018 5054 3161 5108 enim
3198 5051 3447 5106 homines
3477 5064 3644 5117 saepe-

2072 5169 2301 5208 numero
2344 5154 2396 5206 iu
2441 5152 2754 5206 societatem
2809 5156 3036 5201 terrena:
3093 5143 3257 5212 hujus
3295 5145 3419 5196 vita:
3447 5153 3645 5195 conve-

1759 5309 1802 5339 ⁵ο
1826 5309 1927 5364 lsa.
1962 5324 2113 5372 LVIII,
2157 5308 2205 5361 7.
2282 5305 2367 5357 ⁵⁸1
2401 5304 2540 5357 Tim.
2577 5321 2626 5367 v,
2659 5304 2690 5355 8

2152 5464 2266 5532 (68)
2293 5462 2474 5515 Codex
2504 5460 2657 5532 Coll).
2695 5475 2952 5532 συντομον
2982 5454 3130 5525 αὐτῷ
3166 5456 3282 5523 τήν.

2151 5524 2264 5602 (69)
2297 5533 2434 5584 EIliti
2471 5531 2705 5602 ni\nsg._
2732 5528 2801 5602 ᾼι
2836 5524 2967 5580 mss.
2993 5524 3110 5602 tres;
3135 5524 3353 5602 τιαντός.

2153 5592 2266 5673 (70')
2300 5603 2504 5673 vocula
2537 5618 2616 5673 σοι
2642 5599 2823 5673 aliqua
2850 5606 2935 5673 est
2967 5612 3031 5673 ex
3059 5595 3210 5673 libris
3233 5592 3524 5673 veteribus.

2156 5666 2266 5736 (71)
2297 5672 2520 5726 Veteres
2549 5671 2658 5723 duo
2699 5668 2817 5722 libri
2856 5667 2919 5719 ἂν
2945 5667 3048 5736 εἴη.
3094 5666 3384 5732 Altquanto
3416 5672 3536 5732 post
3562 5672 3657 5713 co-

2084 5739 2183 5799 dex
2213 5744 2368 5799 Voss.
2401 5743 2547 5813 mpii
2576 5741 2642 5794 τὰ
2677 5738 2977 5809 συμϐάντα.
