4018 6226
490 326 631 389 1395

1796 333 1854 393 S.
1893 334 2140 391 BASlLfl
2182 338 2402 395 MAGNI

3550 340 3666 397 1596

474 447 721 510 nientes,
769 460 879 501 non
910 454 1117 516 queunt
1146 446 1286 501 citra
1338 455 1494 516 pacta
1538 448 1819 517 separari:
1865 458 1921 505 et
1954 451 2048 521 qui

2151 454 2249 509 κοῦ
2281 471 2662 527 συνερχομενοι
2694 458 2794 512 οὐκ
2841 454 2909 509 ἂν
2940 454 3188 509 δύναιντο
3227 453 3372 523 παρὰ
3397 454 3460 508 τὰ
3487 457 3666 526 συμϐα-

473 552 577 590 noc
626 536 789 605 facit,
838 535 997 608 567
1047 536 1264 592 futurus
1297 546 1382 592 est
1432 553 1561 594 reus
1602 539 2044 609 prmscriptarum

475 630 809 684 multarum:
849 631 1008 701 longe
1045 630 1216 702 magis
1236 631 1330 701 qui
1364 630 1541 687 {mdes
1570 632 1753 687 inierit
1787 632 2047 702 spiritua-

472 725 542 780 lis
569 724 716 780 illius
741 726 1108 790 contubernii,
1145 726 1289 796 quod
1341 725 1779 781 indissolubilem
1825 740 1888 779 ac
1919 741 2044 796 per-

474 822 691 883 petuam
717 815 1159 884 conjunctionem
1183 816 1367 878 habet,
1398 815 1445 869 is
1470 816 1710 885 seipsum
1735 815 1804 868 ab
1828 815 1897 868 iis
1928 814 2046 884 qui-

474 904 578 956 bus
609 904 902 972 permistus
930 912 1046 965 est,
1087 904 1373 974 seiungere
1404 919 1469 957 ac
1510 919 1759 959 resecare
1802 919 1910 957 non
1947 918 2044 972 po-

453 993 623 1067 terit.
654 993 904 1065 Alioqui,
956 995 1002 1050 si
1051 995 1155 1049 hoc
1211 994 1376 1059 facit,
1408 996 1585 1065 poenis
1640 995 1978 1065 gravissimis
2013 1010 2044 1050 e

474 1086 616 1139 cmlo
659 1085 963 1159 iuﬂigendis
1012 1087 1307 1143 obnoxiqu
1365 1102 1424 1143 se
1483 1088 1682 1142 reddit.
1735 1088 1947 1142 Etenim
1996 1089 2042 1142 si

474 1176 671 1230 mulier
694 1191 813 1245 quae
832 1176 899 1230 ad
928 1176 1023 1230 viri
1058 1178 1304 1245 pervenit
1343 1176 1684 1239 societatem,
1714 1190 1838 1229 cum
1868 1190 2044 1246 eoque

474 1267 680 1321 carnali
717 1268 910 1336 copula
938 1268 1230 1336 conjuncta
1275 1266 1395 1329 fuit,
1429 1267 1474 1321 si
1503 1267 1731 1324 insidias
1759 1267 1863 1336 ipsi
1896 1274 2047 1323 stru-

473 1358 623 1415 xisse
652 1358 1109 1427 deprehendatur,
1157 1366 1330 1413 morte
1361 1359 1659 1413 multatur:
1692 1365 1897 1428 quanto
1926 1373 2044 1411 ma-

475 1451 558 1519 gis
588 1450 682 1519 qui
726 1450 996 1519 spirituali
1041 1450 1291 1504 societati
1351 1450 1559 1506 ascitus
1607 1459 1737 1516 est,
1796 1452 1879 1513 is,
1928 1451 2046 1521 ipso

477 1540 683 1612 Spiritu
727 1547 921 1595 sancto
969 1548 1108 1595 teste
1162 1554 1224 1594 ac
1275 1541 1645 1603 internuntio,
1699 1554 1828 1595 reus
1872 1541 1930 1593 tlt
1975 1540 2046 1594 ob

475 1649 754 1690 secessum
777 1633 800 1687 ?

540 1725 597 1780 2.
625 1725 1094 1793 Quemadmodum
1127 1725 1292 1797 igitur
1333 1725 1582 1795 corporis
1613 1725 1857 1780 membra
1881 1762 1895 1786 ,
1949 1738 2044 1777 na-

475 1829 611 1875 turae
638 1820 856 1874 vinculo
877 1820 1131 1889 colligata
1150 1859 1163 1882 ,
1209 1834 1318 1872 non
1352 1826 1582 1887 possunt
1612 1833 1642 1872 a
1675 1832 1906 1888 corpore
1927 1818 2047 1872 abs-

474 1912 643 1974 cindi,
675 1921 786 1975 aut,
819 1913 866 1967 si
902 1912 1147 1966 abscissa
1201 1910 1437 1974 fuerint,
1488 1919 1762 1965 mortuum
1792 1911 1849 1965 ﬁt
1898 1911 2045 1981 quod

476 2004 813 2060 abscinditur
842 2023 856 2058 :
897 2003 976 2060 sic
1001 2011 1055 2058 et
1082 2011 1262 2060 aseeta
1289 2005 1383 2073 qui
1412 2005 1465 2057 iu
1496 2004 1782 2074 collegium
1815 2001 2044 2058 fratrum

472 2102 763 2165 cooptatus
791 2104 897 2156 est,
941 2093 1286 2164 Spiritusque
1333 2092 1559 2156 foedere,
1593 2093 1735 2163 quod
1767 2094 2043 2148 vinculum

473 2193 558 2242 est
585 2186 805 2240 vinculo
841 2194 1053 2239 naturae
1081 2183 1294 2248 fortius,
1322 2184 1521 2252 ligatus
1574 2182 1676 2235 fuit
1717 2189 1774 2236 et
1802 2182 2041 2245 vinctus,

472 2279 582 2347 iam
613 2277 682 2332 ab
718 2277 786 2331 iis
818 2277 1145 2345 quibuscum
1193 2274 1481 2344 copulatus
1528 2282 1651 2337 est,
1699 2286 1809 2326 non
1841 2273 2044 2342 poterit

474 2371 733 2425 resecari.
775 2368 1012 2437 Alioqui,
1045 2368 1090 2421 si
1125 2366 1227 2420 hoc
1259 2365 1410 2429 facit,
1440 2370 1693 2418 mortuus
1717 2370 1803 2418 est
1837 2362 2041 2428 animo,

474 2471 528 2517 et
560 2461 803 2531 privatus
830 2459 1069 2531 Spiritus
1100 2459 1295 2529 gratia,
1330 2465 1388 2512 ut
1413 2456 1505 2526 qui
1565 2455 1620 2510 id
1665 2454 1845 2510 foedus
1896 2455 2043 2526 quod

473 2572 540 2611 eo
577 2565 801 2610 auctore
840 2555 1056 2617 inierat,
1088 2552 1389 2607 violaverit.
1443 2550 1499 2605 Si
1550 2564 1681 2605 vero
1718 2548 1922 2618 aliquis
1957 2548 2044 2602 di~

474 2657 586 2710 cat,
615 2662 813 2719 pravos
841 2660 963 2700 esse
983 2644 1215 2713 aliquos
1262 2644 1462 2695 fratres
1518 2627 1650 2712 (non
1679 2640 1825 2693 enim
1855 2650 2045 2691 omnes

475 2739 759 2796 accusabit
791 2756 804 2790 :
856 2738 902 2792 si
934 2736 1150 2807 quidem
1192 2749 1303 2789 non
1338 2734 1479 2786 malo
1533 2731 1763 2786 consilio
1793 2729 2046 2800 pepigere

476 2831 814 2892 societatem,
841 2829 921 2884 sic
945 2835 1004 2881 ut
1035 2842 1144 2880 uno
1177 2840 1452 2880 consensu
1491 2823 1618 2877 mali
1649 2823 1761 2877 sint
1791 2820 2043 2891 omnes);

479 2927 524 2981 si
560 2924 684 2994 quis
713 2922 878 2993 igitur
914 2918 1090 2981 dicat,
1122 2917 1401 2986 improbos
1427 2930 1550 2970 esse
1568 2914 1780 2983 aliquos
1806 2913 2005 2966 fratres
2027 2952 2040 2975 ,

479 3025 533 3070 et
555 3016 772 3069 incaute
794 3013 997 3067 bonum
1023 3009 1090 3063 ab
1130 3009 1213 3062 his
1239 3006 1430 3069 everti,
1460 3004 1655 3074 negligi
1679 3003 2044 3064 honestatem,

2148 545 2310 599 θέντα
2339 546 2686 616 χωρίζεσθαι,
2715 546 2749 615 ἢ
2774 546 2805 598 ὁ
2837 545 2997 599 τοῦτο
3024 544 3138 616 (72)
3174 544 3337 597 ποιῶν
3358 544 3523 615 ἔνοχος
3544 546 3670 600 ἔσται

2143 642 2256 703 τοῖς
2309 640 2635 712 ὡρισμένοις
2687 639 3014 710 ἐπιτιμίοις·
3075 637 3253 707 πολλῷ
3304 636 3489 706 μᾶλλον
3534 638 3560 689 ὁ
3605 639 3671 701 εἰς

2146 732 2417 802 σύμϐασιν
2457 732 2628 785 ἐλθὼν
2670 731 3045 801 πνευματικῆς
3077 729 3423 801 συμϐιώσεως
3456 731 3544 799 τῆς
3566 730 3675 784 ἀλυ-

2144 842 2236 878 τον
2264 825 2373 895 (7'5)
2402 826 2496 878 καὶ
2528 822 2745 878 αἰώνιον
2786 821 2885 893 τὴν
2925 821 3219 891 συνάφειαν
3253 820 3573 891 κεκτημένης
3593 821 3676 890 οὐχ

2145 912 2255 980 οἷός
2286 919 2335 970 τ’
2369 916 2439 969 ἂν
2468 915 2551 986 είη
2589 915 2832 986 μερίζειν
2864 914 2957 968 καὶ
3002 911 3330 966 ἀποκόπτειν
3371 911 3546 965 ἑαυτὸν
3573 909 3676 964 τού-

2146 1024 2276 1070 των,
2316 1003 2397 1071 οἷς
2451 1006 2779 1075 συνεκράθη.
2820 1006 2888 1056 Ἢ
2945 1002 3103 1055 τοῦτο
3152 1001 3341 1066 ποιῶν,
3395 1000 3674 1072 βαρυτάτοις

2149 1100 2339 1153 ἑαυτὸν
2387 1101 2500 1162 τοῖς
2552 1097 2758 1152 ἀνωθεν
2812 1095 3107 1166 ἐπιτιμίοις
3151 1093 3452 1148 ὑποϐάλλει.
3489 1092 3549 1145 Εί
3587 1091 3675 1164 γὰρ

2146 1191 2302 1262 γυνὴ,
2319 1192 2353 1260 ἡ
2384 1191 2463 1252 είς
2496 1187 2781 1241 κοινωνίαν
2797 1185 2987 1257 ἀνδρὸς
3011 1183 3314 1254 ἀφιγμένη,
3330 1182 3421 1236 καὶ
3446 1180 3678 1252 σαρκικὴν

2143 1282 2337 1352 ἔχουσα
2375 1281 2473 1350 τὴν
2507 1279 2801 1347 συνάφειαν
2833 1276 3021 1340 αὐτοῦ,
3054 1277 3106 1328 εί
3141 1276 3253 1345 (74)
3290 1273 3459 1344 τούτῳ
3490 1271 3678 1325 ἐπιϐου-

2145 1375 2374 1427 λεύουσα
2434 1370 2710 1445 φωραθείη
2732 1411 2747 1436 ,
2801 1369 3015 1440 θανάτῳ
3059 1365 3502 1430 καταδικάζεταν
3551 1365 3679 1434 πόσῳ

2148 1465 2347 1536 μᾶλλον
2395 1465 2425 1516 ὁ
2476 1465 2819 1533 πνευματικῇ
2873 1460 3127 1531 κοινωνίᾳ
3177 1450 3555 1530 συναρμοσθεὶς
3604 1455 3677 1508 ὑπ’

2143 1550 2291 1620 αὑτῷ
2319 1549 2556 1620 μάρτυρι
2592 1550 2687 1602 καὶ
2716 1549 2912 1621 μεσίτῃ
2932 1547 3011 1618 τῷ
3037 1546 3316 1621 Πνεύματι
3348 1544 3582 1606 ὑπόδικος
3604 1536 3710 1599 ἐπὶ⁹

2143 1639 2223 1711 τῷ
2254 1618 2515 1712 χωρισμῷ
2546 1618 2752 1708 γίνεται
2776 1648 2803 1704 ;=
2883 1618 2907 1621 vr
3208 1618 3232 1641 ⁸

2215 1732 2268 1786 2.
2311 1734 2525 1804 Ὥσπερ
2545 1727 2637 1786 οὖν
2667 1731 2738 1784 τὰ
2768 1731 2902 1803 μέλη
2925 1730 3023 1784 τοῦ
3052 1730 3324 1800 σώματος,
3354 1727 3555 1796 φύσεως
3580 1740 3681 1778 συν-

2150 1824 2437 1895 ηρτημένα
2474 1823 2678 1895 δεσμῷ,
2710 1825 2810 1878 οὐκ
2847 1822 2913 1877 ἂν
2941 1822 3033 1875 τοῦ
3079 1821 3330 1892 σώματος
3373 1818 3680 1891 ἀπορρήγνυ-

2148 1915 2271 1970 σθαι
2298 1915 2534 1979 δύναιτο,
2569 1916 2626 1987 ἢ,
2672 1919 2721 1969 εἰ
2751 1914 3113 1987 ἀπορραγείη.
3148 1914 3342 1984 νεκρὸν
3366 1912 3429 1966 τδ
3463 1913 3678 1982 ἀπορρη-

2145 2009 2411 2080 γνύμενον
2452 2009 2644 2077 γένοιτ’
2678 2009 2743 2062 ἄν
2767 2024 2781 2038 ⁸
2831 2006 2973 2061 οὓτω
3006 2007 3099 2060 καὶ
3127 2005 3370 2076 ἀσκητὴς
3400 2002 3681 2071 ἀδελφότητι

2148 2100 2570 2171 συναπτόμενος,
2633 2100 2728 2153 καὶ
2778 2098 2992 2168 φύσεως
3049 2097 3380 2169 ἰσχυροτέρῳ
3419 2092 3587 2165 δεσμῷ
3624 2094 3679 2162 τῇ

2147 2191 2240 2246 τοῦ
2303 2191 2618 2264 Πνεύματος
2680 2191 2979 2263 ἀρμολογίᾳ
3036 2188 3402 2260 κρατούμενος
3426 2226 3445 2250 ,
3489 2186 3579 2239 οὐκ
3627 2182 3680 2236 ἄν

2148 2284 2393 2353 ἐξουσίαν
2418 2283 2530 2354 ἔχοι
2557 2281 2849 2352 τέμνεσθαι
2878 2283 3102 2343 τούτων,
3128 2274 3209 2344 οἷς
3244 2276 3597 2350 συνηρμόσθη.
3623 2274 3681 2327 Ἦ

2146 2375 2315 2429 ποιῶν
2342 2374 2519 2436 τοῦτο,
2545 2373 2736 2444 νεκρός
2769 2375 2885 2425 ἐστι
2916 2374 2983 2443 τῇ
3012 2370 3159 2441 ψυχῇ
3192 2370 3330 2441 (75),
3362 2368 3453 2422 καὶ
3487 2369 3682 2437 ἐστερη-

2150 2470 2311 2542 μένος
2357 2469 2453 2539 τῆς
2483 2466 2578 2520 τοῦ
2627 2465 2942 2535 Πνεύματος
2974 2463 3214 2534 χάριτος,
3260 2455 3351 2515 οἷα
3394 2460 3456 2530 δὴ
3486 2459 3576 2529 τὴν
3610 2456 3680 2508 ἐπ’

2147 2561 2309 2616 αὑτοῦ
2362 2559 2631 2630 σύμϐασιν
2688 2558 2980 2628 ἀθετήσας.
3051 2556 3112 2608 Et
3180 2554 3237 2608 δέ
3279 2554 3425 2622 λέγοι
3479 2568 3573 2614 τις,
3615 2549 3682 2602 ὃτι

2148 2651 2341 2722 φαῦλοί
2374 2668 2516 2714 τινες
2540 2648 2646 2702 τῶν
2672 2647 2913 2717 ἀδελφῶν
2933 2663 2950 2680 ο
2971 2647 3032 2699 οὐ
3071 2645 3179 2717 γάρ
3207 2644 3455 2705 ἅπαντας
3480 2641 3684 2695 αἰτιάσε-

2146 2761 2236 2797 ται
2251 2762 2264 2775 ο
2285 2744 2345 2797 οὐ
2367 2741 2475 2813 γὰρ
2504 2741 2595 2793 ἐπὶ
2623 2739 2792 2810 κακίᾳ
2815 2737 2913 2809 τὴν
2939 2737 3224 2791 κοινωνίαν
3241 2734 3556 2804 πεποίηνται
3572 2728 3682 2801 (76),

2147 2837 2288 2889 ὥστε
2378 2834 2587 2895 πάντας
2654 2830 2957 2901 συμφώνως
3020 2823 3159 2880 εἶναι
3223 2824 3465 2888 κακούςο
3521 2824 3565 2874 εί
3609 2814 3685 2874 οὖν

2147 2930 2316 2997 λέγοι,
2350 2929 2431 2980 ὅτι
2458 2924 2647 2995 φαῦλοί
2680 2940 2823 2986 τινες
2844 2921 2952 2974 τῶν
2977 2920 3240 2989 ἀδελφῶν,
3274 2916 3685 2986 καὶ-ἀφυλάκτως

2148 3018 2210 3071 τὸ
2247 3017 2447 3086 ἀγαθὸν
2498 3014 2865 3086 παραλύοντες
2894 3011 3027 3082 (Π),
3079 3011 3174 3064 καὶ
3220 3011 3328 3081 τῆς
3370 3006 3686 3078 κοσμιότητος

480 3107 666 3163 haberi
687 3104 986 3175 despicatui
1009 3100 1421 3156 convenientem
1448 3096 1647 3154 ascetis
1675 3094 2043 3166 disciplinam,

2151 3108 2494 3180 ἀμελοῦντες,
2529 3107 2623 3160 καὶ⁵
2652 3106 2750 3176 τὴν
2783 3105 3095 3177 πρέπουσαν
3133 3102 3404 3172 ἀσκηταῖς
3441 3095 3687 3170 ἀκρίϐειαν

478 3199 551 3255 ob
580 3198 743 3268 idque
782 3211 813 3250 a
850 3194 1049 3249 talibus
1095 3190 1337 3262 separari
1384 3203 1444 3244 se
1497 3194 1784 3258 oportere,
1819 3185 1867 3241 is
1895 3200 2048 3241 sece-

479 3290 642 3346 dendi
670 3287 1023 3344 sufﬁcientem
1062 3298 1283 3340 causam
1323 3296 1429 3336 uon
1476 3278 1826 3348 excogitavit.
1860 3275 2048 3346 Neque

478 3383 625 3438 enim
671 3378 898 3440 Petrus,
944 3384 1038 3431 aut
1093 3375 1368 3437 Andreas,
1419 3377 1510 3426 aut
1552 3367 1794 3425 Joannes
1828 3377 2049 3441 prOpter

477 3469 633 3526 Iuda:
678 3468 976 3538 nequitiam
1019 3465 1409 3520 submoverunt
1430 3476 1490 3516 se
1519 3476 1550 3513 a
1587 3458 1800 3529 reliquo
1831 3466 2049 3529 aposto—

485 3564 661 3617 lorum
685 3560 875 3624 choro,
909 3572 1086 3628 neque
1114 3555 1254 3610 alius
1277 3553 1567 3623 quisquam
1599 3550 1878 3620 apostolus
1911 3549 2051 3602 hanc

483 3653 551 3707 ad
578 3650 945 3707 recedendum
974 3663 1166 3704 ansam
1222 3647 1488 3715 arripuit,
1534 3660 1711 3714 neque
1756 3644 2050 3713 quominus

485 3742 732 3798 ubediret
767 3739 1025 3803 Christo,
1067 3738 1139 3792 ob
1188 3736 1335 3790 illius
1376 3737 1694 3805 pravitatem
1728 3734 1838 3788 ullo
1889 3732 2051 3788 modo

488 3833 782 3904 impeditus
841 3839 963 3887 est:
1011 3829 1105 3884 sed
1165 3828 1504 3882 documentis
1550 3825 1761 3881 Domini
1807 3825 2051 3881 obsecuti

486 3924 883 3979 aemulabantur
916 3921 1170 3991 pietatem
1213 3933 1277 3971 ac
1299 3917 1552 3972 virtutem
1575 3960 1588 3982 ,
1623 3933 1730 3971 non
1764 3927 1941 3971 autem
1987 3919 2053 3972 ad

488 4017 804 4071 imitandam
840 4014 987 4069 illius
1029 4014 1439 4082 perversitatem
1488 4011 1917 4067 adducebantur.
1963 4010 2055 4065 Sic

488 4108 583 4179 qui
615 4107 691 4161 ait
711 4125 724 4159 :
744 4104 922 4175 Cogor
941 4112 1161 4175 propter
1186 4104 1357 4158 malos
1390 4119 1419 4156 a
1452 4102 1723 4170 spirituali
1750 4103 2057 4158 communi-

489 4208 602 4255 tate
630 4198 902 4268 separari,
939 4212 1047 4250 non
1079 4194 1328 4251 idoneam
1366 4195 1747 4249 inconstantiae
1785 4210 1898 4248 su:e
1928 4209 2056 4248 cau—

490 4306 608 4346 sam
653 4289 897 4348 invenit:
936 4287 1068 4358 quin
1117 4288 1296 4356 potius
1337 4296 1482 4341 terra
1534 4294 1754 4355 petrosa
1785 4293 1871 4340 est
1906 4286 2054 4355 ipse,

491 4384 584 4455 qui
612 4382 858 4437 veritatis
898 4380 1204 4434 doctrinam
1236 4378 1383 4432 alere
1424 4393 1534 4431 non
1569 4385 1743 4447 potest
1775 4378 1847 4432 ob
1885 4378 2057 4431 consi~

2150 3199 2516 3273 παρορῶντες,
2565 3200 2659 3252 καὶ
2707 3197 2793 3251 διὰ
2837 3196 2992 3250 τοῦτο
3027 3195 3299 3266 προσήκει
3336 3192 3443 3246 τῶν
3467 3187 3687 3243 τοιούτων

2148 3293 2495 3365 χωρίζεσθαι,
2523 3294 2623 3345 οὐκ
2661 3290 2935 3361 ἀρκοῦσαν
2984 3286 3284 3354 ἀπολογίαν
3315 3285 3408 3340 τοῦ
3445 3275 3686 3355 χωρισμυῦ

2148 3386 2351 3456 ταύτην
2389 3385 2754 3454 ἐπινενόηκεν.
2803 3379 2937 3433 Ούδέ
2977 3379 3086 3451 γὰρ
3111 3376 3408 3451 Πέτρος,ἦ
3449 3372 3687 3444 Ἀνδρέας.

2149 3476 2184 3547 ἢ
2229 3475 2479 3543 Ἰωάννης
2515 3473 2603 3525 διὰ
2629 3472 2728 3542 τὴν
2758 3469 2851 3523 τοῦ
2894 3469 3062 3523 Ἰούδα
3106 3468 3377 3538 πονηρίαν
3408 3461 3689 3534 ἀπερράγη-

2154 3584 2252 3620 σαν
2301 3566 2395 3619 τοῦ
2434 3563 2620 3619 λοιποῦ
2654 3563 2761 3616 τῶν
2808 3558 3131 3616 ἀποστόλων·
3154 3558 3346 3629 χοροῦ,
3380 3555 3494 3611 οὐδὲ
3535 3550 3688 3623 ἕτερός

2154 3677 2237 3721 τις
2282 3657 2393 3710 τῶν
2450 3654 2759 3710 ἀποστόλων
2806 3652 3008 3724 ταύτην
3059 3650 3319 3721 ἀφορμὴν
3376 3644 3689 3702 ἀποστάσεως

2158 3752 2465 3821 ἐποιήσατο,
2486 3747 2606 3801 οὐδέ
2627 3765 2680 3799 τι
2718 3745 2853 3817 πρὸς
2875 3745 2935 3798 τὸ
2962 3742 3243 3797 πείθεσθαι
3277 3741 3356 3811 τῷ
3384 3734 3586 3811 Χριστῷ
3606 3729 3690 3821 duo

2157 3844 2255 3913 τῆς
2302 3820 2514 3895 ἐκείνου
2567 3839 2865 3911 μοχθηρίας
2919 3834 3261 3905 ἐνεποδίσθῃ·
3313 3831 3447 3886 ἀλλά
3473 3831 3576 3890 τοῖς
3612 3820 3689 3877 τοῦ

2158 3930 2358 4002 Κυρίου
2391 3926 2811 3998 πειθαρχοῦντες
2840 3924 3127 3994 διδάγμασι
3151 3922 3292 3996 (78),
3321 3923 3419 3993 τὴν
3446 3915 3690 3972 εὐσέϐειαν

2156 4023 2249 4075 καὶ
2294 4019 2390 4091 τὴν
2430 4020 2629 4090 ἀρετὴν
2678 4017 2923 4088 ἐζήλουν,
2958 4016 3018 4069 ού
3066 4015 3171 4085 μὴν
3202 4014 3344 4085 πρὸς
3386 4013 3483 4083 τὴν
3512 4006 3691 4062 ἐκείνου

2158 4114 2422 4184 πονηρίαν
2460 4111 2930 4181 ἐπιστρεφόμενοι.
2978 4107 3162 4170 Οῦτως
3200 4108 3230 4159 ὁ
3269 4106 3459 4174 λέγων,
3497 4102 3572 4155 ὅτι
3610 4094 3691 4149 Διά

2157 4204 2284 4266 τοὺς
2323 4201 2559 4270 φαύλους
2585 4196 2911 4270 χωρίζεσθαι
2943 4194 3321 4265 πνευματικῆς
3352 4189 3693 4257 ἀναγκάζομαι

2160 4290 2471 4361 συναφείας,
2493 4290 2594 4342 οὐκ
2622 4287 2841 4355 εῦλογον
2872 4284 3143 4356 πρόφασιν
3171 4282 3362 4352 ἐξεῦρε
3394 4281 3488 4349 τῆς
3519 4272 3694 4331 οἰκείας

2158 4381 2568 4450 ἀϐεϐαιότητος·
2614 4376 2749 4432 ἀλλὰ
2795 4376 2909 4429 ἐστι
2961 4375 3060 4445 μὲν
3098 4374 3258 4436 αὐτὸς
3306 4371 3379 4441 γῆ
3426 4362 3691 4437 πετρώδης.

491 4451 549 4532 lii
601 4474 1032 4537 instabilitatem,
1064 4471 1159 4526 sed
1194 4484 1290 4538 per
1335 4467 1559 4523 modica:
1608 4468 1925 4523 tentationis
1969 4484 2048 4524 as-

2161 4473 2250 4525 τδν
2286 4472 2387 4541 τῆς
2430 4468 2685 4539 ἀληθείας
2713 4468 2872 4536 λόγον
2920 4464 3180 4536 ἐκθρέψαι
3212 4463 3301 4517 διὰ
3332 4459 3549 4530 γνώμης
3585 4451 3692 4541 ἀϐεῖ

490 4566 717 4626 sultum,
760 4571 854 4617 aut
890 4559 1516 4616 aﬂectuumvitiosorum
1550 4559 2053 4629 intemperantiam,

491 4659 783 4713 honestum
811 4653 1025 4709 vivendi
1061 4668 1233 4723 genus
1258 4667 1368 4706 non
1400 4651 1626 4721 perfert,
1654 4654 1949 4722 statimque
1976 4659 2058 4709 te-

489 4765 683 4807 nerum
730 4748 996 4804 doctrinae
1024 4761 1247 4816 germen
1291 4760 1385 4814 per
1421 4744 1675 4800 vitiorum
1708 4756 1903 4801 aestum
1937 4762 2059 4801 are-

489 4843 613 4898 scit.
640 4842 819 4911 Atque
847 4853 1045 4894 causas
1080 4838 1404 4892 verisimiles
1435 4837 1653 4905 quidem
1691 4838 1833 4903 illas,
1864 4846 1921 4892 ut
1949 4839 2053 4897 sibi

560 5015 672 5086 ‘72)
700 5016 918 5086 Antiqui
954 5022 1065 5086 tres
1094 5011 1226 5086 libri
1244 5022 1435 5086 praeter
1453 5010 1706 5071 Combel.
1732 4974 1799 5066 "ll
1831 5017 1859 5067 ὁ
1886 5013 2058 5075 τοῦτο.

490 5083 700 5140 Vocula
725 5086 769 5157 ζὴ
802 5083 860 5139 iii
889 5085 1049 5157 editis
1077 5083 1509 5157 desiderabatur.

562 5157 676 5227 (73)
711 5141 943 5227 Codices
994 5155 1117 5227 duo
1147 5152 1502 5227 συμϐιώσεως
1545 5153 1645 5222 τῆς
1692 5141 2066 5227 exerceam

493 5222 603 5282 duo
634 5222 687 5280 (ἐι
733 5226 865 5279 editi
917 5222 1270 5293 συμϐιώσεως
1301 5222 1396 5292 τὴν
1428 5222 1640 5275 ἄλυτον.
1689 5224 1871 5278 Codex
1909 5225 2059 5278 Colb.

495 5313 560 5349 συ
568 5294 862 5368 μϐιώσεωςί
880 5298 991 5368 τοῖς
1026 5293 1234 5368 ἄλυτον.
1246 5335 1257 5347 .
1269 5334 1280 5345 .
1315 5310 1486 5361 κεκτη
1497 5293 1695 5368 μένοις.

568 5362 681 5433 (74)
721 5364 993 5419 Particula
1028 5366 1097 5425 εἰ,
1130 5377 1291 5429 quam
1308 5379 1389 5433 ex
1427 5363 1697 5417 veteribus
1731 5362 1881 5417 libris
1904 5362 2061 5433 addi-

497 5431 701 5501 dimus,
728 5438 914 5490 deerat
942 5437 993 5487 in
1022 5434 1276 5502 vulgatis.
1304 5431 1421 5485 Mox
1448 5439 1559 5485 tres
1589 5447 1720 5502 mss.
1745 5447 1867 5486 cum
1903 5432 2060 5488 Voss.

497 5505 677 5574 πολλῷ
699 5504 1194 5578 μᾶλλονη-ὃιιὶιίιηίθ
1224 5502 1332 5578 duo
1360 5517 1490 5578 mss.
1525 5501 1677 5578 ἐντῷ
1698 5502 1991 5578 χωρισμῷ.

570 5570 682 5645 (75)
699 5570 895 5631 'Codex
918 5572 1070 5627 Colb.
1093 5574 1209 5624 ὲστι
1230 5572 1327 5641 τὴν
1350 5570 1546 5692 φυχήν.
1576 5570 1767 5626 Statim
1793 5570 1899 5625 duo
1930 5588 2069 5629 mss.

575 5661 623 5692 m
657 5645 815 5692 Voss-
842 5646 1156 5692 Πνεύιιατος
1183 5657 1354 5692 γοοηγ
1380 5647 1467 5692 ac.

500 5661 623 5700 cum
657 5645 815 5701 Voss.
842 5646 1156 5711 Πνεῦματος
1183 5645 1467 5711 χορηγίαςζ

574 5715 685 5787 (Ἱϐ)
723 5716 862 5769 Editi
893 5705 1512 5778 κοιεὶωνὶακθ’ποιῆ’σεται.
1545 5705 1768 5767 Veteres
1798 5716 1908 5768 tres
1940 5711 2062 5769 libri

2163 4536 2421 4634 ϐαιότητα
2458 4536 2535 4633 μη
2561 4560 2874 4630 δυνάμενος,
2903 4556 3041 4611 ἀλλά
3070 4555 3157 4609 διὰ
3195 4550 3393 4625 μικροῦ
3425 4536 3695 4617 πειρασμοῦ

2163 4655 2467 4728 προσϐολὴν
2509 4653 2640 4725 (79),
2689 4652 2723 4723 ἢ
2773 4649 3040 4722 ἀκρασίαν
3087 4644 3297 4711 παθῶν,
3348 4643 3445 4712 τὴν
3478 4638 3696 4728 σώφρονα

2165 4746 2437 4801 πολιτείαν
2464 4744 2560 4814 οὐχ
2587 4742 2892 4813 ὑπομένων,
2922 4739 3083 4802 εὐθύς
3110 4756 3169 4791 τε
3208 4731 3615 4804 ἀποξηραίνεται
3634 4720 3698 4791 τῷ

2160 4839 2401 4898 καύσωνι
2611 4832 2798 4888 παθῶν
2849 4831 2909 4884 τὸ
2950 4830 3046 4900 τῆς
3080 4826 3427 4887 διδασκαλίας
3472 4812 3699 4889 ἀρτιφυὲς

2166 5023 2362 5086 praeter
2390 5011 2634 5086 Combef.
2660 5017 2726 5086 _et
2764 5007 2922 5086 Voss.
2961 5004 3302 5086 πεποίηνται,
3325 5008 3502 5086 ’τευξεέ

2238 5053 2350 5157 ᾗῒὶ
2378 5053 2751 5157 ἔτῖίὶξῖιῆίᾏῇὦ
2782 5053 2922 5157 ἰῐιῖἷῖ
2952 5053 3266 5157 estw...
3292 5053 3697 5157 '_e;3u_l§xfg§_f§

2164 5130 2346 5209 xui.th
2359 5130 2579 5224 τὶᾶρξιὶίῗ
2587 5130 2887 5221 Aliquanto
2916 5157 3038 5216 post
3065 5144 3194 5214 Reg.
3227 5130 3496 5196 secundus
3522 5130 3697 5193 ταύτην

2164 5226 2524 5279 ἐπινενόηται.

2166 5243 2235 5278 επ
2260 5243 2375 5277 νενο
2416 5243 2524 5276 ται.

2166 5365 2176 5376 _
2226 5245 2348 5365 (‘78)
2368 5243 2559 5385 ﬁnde):
2584 5290 2738 5385 CoLb.
2762 5284 3178 5385 πειθαρχοῦνξῖεξ
3199 5262 3697 5385 προὶσξέἱμεσιὲ

2165 5350 2444 5418 ita‘m'ulto
2477 5362 2618 5416 infra
2660 5361 2770 5413 duo
2813 5350 3045 5411 mss'."et
3090 5352 3245 5406 Voss.
3293 5350 3528 5416 ἐζήλουν,
3567 5350 3694 5417 ουοεν

2174 5436 2309 5503 πρὸς
2338 5435 2457 5503 τήν.
2495 5431 2736 5503 Subinde
2768 5428 3048 5503 duo_mss.
3069 5404 3694 5503 _eytatpgécpov‘rg..lbtdem

2378 5483 2700 5557 ’ὗέὶυέιίιητ
2726 5505 2783 5554 et
2810 5496 2903 5550 alii
2929 5496 3037 5549 duo
3063 5492 3198 5546 Οὔτε
3228 5483 3331 5544 οὖν’
3347 5489 3375 5540 ὁ
3398 5483 3559 5551 λέγων

2244 5571 2602 5643 (Ἰωνειθιέε
2628 5568 2885 5643 duo‘lihri
2917 5581 3039 5637 cum
3068 5562 3224 5619 Voss,
3252 5557 3341 5614 διὰ
3372 5550 3560 5626 μικρὰν
3593 5554 3695 5595 πει.

2176 5637 2383 5715 ρασ
2419 5658 2559 5704 τινος
2587 5637 2779 5710 προσϐ.
