4018 6226
412 294 549 351 I597

1494 294 2092 353 CONSTITUTIONES
2130 294 2569 352 MONASTICIE.

3503 286 3639 344 1598

411 408 726 480 βλάστημα·
759 411 1057 482 προφάσεις
1100 413 1155 465 δὲ
1198 412 1309 482 (8υ)
1352 414 1563 475 εἰκαίας
1606 414 1701 467 καὶ
1739 414 1839 466 οὐκ
1867 415 1963 483 ἀρα

2076 413 2186 482 ipse
2210 413 2521 482 persuadet,
2553 410 2649 467 sed
2672 424 2793 481 qua
2822 419 3003 463 tamen
3045 406 3111 461 ad
3146 421 3206 461 se
3241 403 3641 460 defendendum

408 499 609 564 κούσας
639 502 775 574 πρὸς
799 503 1087 572 ἀπολογίαν
1118 505 1209 556 ἐπὶ
1230 504 1322 557 τοῦ
1354 504 1591 574 βήματος
1612 504 1703 557 τοῦ
1736 504 1969 575 Χριστοῦ

407 595 549 647 κατά
581 594 951 667 πληροφορίαν
982 597 1185 650 οἰκείαν
1227 598 1475 662 ἐπινοῶν,
1511 598 1604 650 καὶ
1648 597 1837 649 ἐαυτὸν
1884 598 1973 649 εὐ-

406 685 579 748 κόλως
604 674 1099 759 παρακρουόμενος.
1133 688 1295 741 Οὐδὲν
1330 688 1437 759 γὰρ
1468 687 1562 741 τοῦ
1593 688 1782 741 ἑαυτὸν
1830 688 1972 740 ἀπα-

405 779 505 847 τᾷν
542 777 925 849 εὐκολώτερον,
960 779 1142 849 ἐπειδὴ
1182 778 1374 850 κριτὴς
1406 779 1631 841 ἕκαστος
1664 778 1836 848 ἐαυτῷ
1878 794 1971 830 κε-

408 869 735 939 χαρισμένος
800 868 1040 937 γίνεται,
1097 872 1163 924 τά
1222 872 1353 941 ἡδέα
1408 871 1607 942 κρίνων
1669 870 1775 940 (81)
1836 869 1970 922 εἶναι

409 978 471 1013 συ
480 962 587 1030 μφέ
598 979 769 1031 ροντα.

478 1052 531 1106 5.
567 1054 747 1104 Ἔστω
786 1053 963 1104 τοίνυν
996 1055 1022 1105 6
1045 1052 1282 1117 τοιοῦτος
1326 1054 1792 1125 κατακεκριμένος
1822 1052 1972 1124 παρὰ

407 1142 636 1212 ἀληθεία
661 1142 974 1214 δικαζούσῃ,
1009 1143 1084 1205 ὡς
1131 1144 1441 1198 σκανδάλων
1471 1143 1724 1206 ὑπόθεσις
1763 1144 1972 1196 πλείοσι

409 1232 825 1302 καθιστάμενος,
861 1233 979 1303 ἦτοι
1003 1233 1224 1303 πονηρῷ
1256 1234 1611 1303 ὑποδείγματι
1644 1233 1781 1305 πρὸς
1814 1233 1973 1303 ζῆλον

408 1324 517 1377 τῶν
563 1325 690 1377 ἴσων
716 1325 1084 1395 ἀτοπημὰτων
1115 1324 1426 1395 διερεθίζων
1459 1327 1565 1388 ἀεὶ,
1601 1326 1694 1378 καὶ
1723 1324 1975 1378 τοῦοοὺαί

408 1415 741 1487 κληρονόμος
775 1416 1080 1484 γενόμενος.
1109 1418 1214 1471 Καὶ
1250 1417 1536 1486 συμφέρει
1562 1416 1721 1482 αὺτῷ
1756 1418 1854 1469 ἵνα
1868 1417 1974 1484 μύ-

407 1509 517 1569 λος
548 1506 745 1570 ἀγυιὰς
792 1505 1098 1574 κρεμασθῇ
1139 1507 1273 1574 περὶ
1300 1506 1407 1559 τὸν
1434 1505 1970 1575 τράχηλονλαύτονῦ,

410 1593 507 1646 καὶ
536 1592 980 1660 καταποντισθῇ
1010 1595 1079 1647 ἐν
1104 1593 1183 1659 τῷ
1224 1592 1465 1663 πελάγει
1494 1591 1601 1659 τῆς
1629 1590 1968 1658 θαλάσσης.

420 1685 590 1738 Ἐπάν
627 1686 736 1755 γὰρ
771 1684 881 1755 (82)
920 1685 1066 1756 ψυχὴ
1109 1687 1410 1739 ἀπόστασιν
1448 1684 1686 1753 ἐθισθείη
1710 1722 1724 1745 ,
1773 1683 1972 1753 πολλῆς

2078 511 2203 556 ante
2239 502 2473 555 tribunal
2524 499 2728 555 Christi
2760 494 2912 554 haud
2940 497 3072 552 satis
3104 495 3310 549 idonea:
3339 501 3465 547 sunt
3492 508 3645 548 com-

2081 593 2387 647 miniscitur
2412 612 2426 658 ;
2470 592 2715 663 fallitque
2740 590 3093 658 semetipsum
3126 586 3301 642 facile.
3326 585 3469 639 Nihil
3499 585 3642 639 enim

2079 686 2296 741 facilius
2323 694 2429 751 εει,
2469 702 2633 755 quam
2665 685 2905 754 seipsum
2944 679 3379 751 decipere,quod
3412 678 3645 747 quisque

2078 780 2182 834 sibi
2217 779 2514 835 benevolus
2538 779 2800 847 jusloque
2826 775 3196 845 indulgentior
3222 772 3385 841 judex
3418 778 3521 833 est,
3555 768 3647 838 ju-

2079 870 2256 923 cunda
2291 870 2547 939 judicans
2574 884 2697 923 esse
2726 865 3111 922 conducibilia.

2148 1046 2200 1098 3.
2243 1042 2606 1108 Quamobrem
2633 1043 2725 1113 qui
2754 1040 3021 1111 ejusmodi
3049 1048 3167 1101 est,
3201 1038 3272 1091 sit
3302 1037 3419 1105 ipso
3451 1034 3645 1089 verita-

2078 1135 2151 1188 tis
2178 1134 2341 1205 568
2360 1134 2569 1203 judicio
2596 1133 2992 1187 condemnatus
3010 1170 3023 1193 ,
3050 1138 3310 1198 tanquam
3337 1126 3429 1196 qui
3460 1125 3646 1180 multis

2081 1228 2327 1280 scandali
2378 1227 2610 1281 exsistat
2658 1225 2917 1287 occasio,
2972 1230 3065 1275 aut
3114 1223 3277 1275 etiam
3326 1233 3493 1289 pravo
3543 1233 3644 1272 suo

2080 1320 2328 1387 exemplo
2371 1332 2586 1386 semper
2630 1318 2767 1370 alios
2814 1316 2878 1369 ad
2923 1311 3234 1384 liujusmodi
3273 1310 3469 1380 flagitia
3516 1310 3644 1362 imi-

2080 1410 2244 1465 tanda
2287 1418 2580 1479 provocet,
2626 1416 2681 1461 et
2723 1409 2873 1462 vocis
2916 1407 3064 1460 illius
3104 1422 3179 1458 va:
3224 1405 3396 1457 hazres
3429 1401 3642 1456 evadat.

2082 1502 2150 1557 Et
2182 1500 2390 1568 expedit
2424 1503 2470 1555 ei
2515 1511 2571 1552 ut
2615 1499 2964 1567 suspendatur
2998 1498 3137 1551 mola
3166 1497 3403 1549 asinaria
3434 1495 3501 1547 ad
3532 1511 3645 1548 cat-

2082 1594 2189 1646 tum
2236 1593 2382 1659 ejus,
2429 1599 2479 1643 et
2522 1590 2854 1659 demergatur
2897 1590 2950 1641 in
2998 1586 3319 1656 profundum
3368 1585 3531 1638 maris
3575 1583 3641 1635 ⁸⁸.

2082 1683 2215 1737 Cum
2243 1681 2386 1735 enim
2421 1681 2586 1734 semel
2620 1682 2798 1732 anima
2842 1678 3131 1733 defectioni
3175 1676 3482 1732 assuefacta
3528 1675 3648 1728 fue-

410 1774 746 1843 ἐμπίπλαται
778 1775 1065 1845 ἀκρασίας,
1094 1774 1407 1841 πλεονεξίας
1435 1792 1492 1827 τε
1529 1775 1622 1827 καὶ
1638 1791 1972 1845 γαστριμαρ⁴

2079 1772 2186 1838 rit,
2233 1773 2401 1824 multa
2438 1769 2855 1839 intemperantia
2893 1769 3153 1838 repletur,
3186 1767 3561 1836 avaritiaque,
3592 1774 3647 1820 et

409 1865 554 1932 γίας,
603 1864 829 1933 ψεύδους
877 1882 934 1918 τε
987 1869 1078 1917 καὶ
1129 1866 1309 1935 πάσης
1360 1864 1719 1934 κακοηθείας·
1768 1867 1861 1918 καὶ
1913 1865 1975 1919 τὸ

406 1955 715 2008 τελευταῖον
768 1959 849 2018 εἰς
894 1955 984 2009 τὸν
1010 1956 1258 2027 πυθμένα
1292 1958 1653 2027 καταστρέφει
1682 1957 1781 2026 τῆς
1813 1974 1975 2026 πονη-

411 2046 529 2115 ρίας
559 2048 672 2109 τοῖς
721 2047 968 2116 ἐσχάτοις
1023 2048 1395 2117 ἐμπειρομένη
1446 2050 1653 2111 κακοῖς.
1697 2050 1754 2101 '0
1797 2048 1975 2101 τοίνυν

407 2137 517 2190 τῶν
542 2137 798 2191 τοιούτων
826 2138 1014 2209 ὁδηγὸς
1046 2140 1462 2209 καθιστάμενος,
1503 2142 1774 2194 σκοπείτω
1798 2141 1976 2194 πόσων

408 2227 595 2297 ψυχῶν
621 2230 891 2293 ἀπωλείας
923 2230 1103 2301 ἔνοχος
1123 2232 1361 2300 γίνεται·
1399 2233 1426 2285 ὃ
1456 2249 1518 2300 γε
1553 2232 1685 2302 μηδὲ
1714 2232 1849 2303 πρὸς
1878 2231 1975 2294 τὰς

409 2318 636 2383 εὐθύνας
652 2320 749 2391 τῆς
770 2321 962 2373 ἐαυτοῦ
984 2323 1161 2392 ψυχῆς
1184 2324 1413 2393 ἀρκέσαι
1456 2323 1766 2393 δυνάμενος.
1788 2324 1852 2375 Τί
1868 2323 1974 2394 γάρ

407 2411 528 2482 οὐχὶ
556 2412 753 2483 μᾶλλον
791 2414 819 2466 6
847 2414 1083 2477 τοιοῦτος
1135 2419 1377 2485 μιμεῖται
1410 2417 1500 2468 τὸν
1544 2417 1713 2485 μέγαν
1748 2416 1972 2487 Πέτρον,

408 2503 502 2555 καὶ
557 2502 858 2572 ὑπόδειγμα
904 2502 1123 2573 βεϐαίας
1164 2504 1415 2568 πίστεως,
1452 2505 1545 2559 καὶ
1578 2508 1678 2575 τῆς
1712 2507 1838 2575 περὶ
1868 2505 1975 2557 τῶν

409 2590 587 2645 καλῶν
612 2590 721 2661 (85)
752 2592 1052 2655 ὲνστάσεως
1081 2597 1194 2656 τοῖς
1224 2593 1427 2657 λοιποῖς
1445 2595 1670 2662 γίνεται,
1704 2596 1808 2659 ἴνα,
1838 2596 1976 2665 λάμ-

409 2699 600 2744 ποντος
650 2684 745 2735 τοῦ
779 2685 954 2753 φωτὸς
991 2686 1097 2738 τῶν
1130 2686 1335 2740 ἐκείνου
1391 2688 1847 2759 κατορθωμάτων,
1882 2692 1975 2743 καὶ

407 2776 455 2827 οί
479 2775 534 2827 ἐν
565 2777 742 2829 σκότει
775 2778 872 2845 τῆς
917 2778 1178 2848 πονηρίας
1226 2779 1498 2846 διάγοντες
1534 2780 1625 2832 ἐπὶ
1648 2782 1707 2833 τὸ
1733 2784 1975 2851 κρεῖττον

408 2864 773 2935 ὀδηγηθῶσιν;
804 2869 1033 2921 Ἔπειτα
1065 2868 1121 2920 δέ
1156 2869 1279 2922 Νῶε
1318 2871 1415 2940 μὲν
1446 2874 1473 2924 6
1496 2871 1700 2934 δικαίος
1725 2873 1824 2923 οὐκ
1854 2868 1973 2924 εἷπε

409 2959 545 3023 πρὸς
585 2959 677 3012 τὸν
724 2960 875 3025 Θεὸν,
930 2961 1011 3013 ὅτι
1056 2964 1147 3012 Δεῖ
1205 2980 1271 3032 με
1315 2962 1541 3029 ἐκϐῆναι
1587 2964 1681 3017 τοῦ
1743 2964 1971 3034 κόσμου,

410 3050 596 3121 ἐπειδὴ
630 3052 828 3115 πάντες
860 3053 964 3104 είσὶ
998 3053 1240 3125 πονηροὶ,
1266 3053 1379 3105 ἁλλ’
1409 3054 1745 3125 ἐκαρτέρησε
1774 3056 1972 3123 μᾶλλον

410 3139 714 3211 ἀθλητικῶς
748 3143 856 3211 (84)
903 3143 995 3194 καὶ
1044 3144 1325 3209 γενναίως,
1363 3145 1456 3197 καὶ
1498 3145 1698 3212 μεταξύ
1736 3143 1972 3196 ἀϐύσσου

412 3233 671 3303 πονηρίας
705 3233 801 3303 τὴν
842 3233 1119 3287 εὐσέϐειαν
1170 3234 1495 3304 ἁχείμαστον
1540 3234 1846 3304 διετήρησε,
1883 3235 1976 3287 καὶ

411 3323 547 3393 πρὸς
577 3324 666 3377 τὸν
708 3327 983 3389 Δεσπότην
1020 3324 1268 3394 οὐδαμῶς
1301 3325 1642 3387 ἐστασίασεν,
1673 3325 1806 3377 ἁλλά
1838 3325 1973 3377 ὐπο-

415 3418 547 3485 μονῇ
582 3418 676 3468 καὶ
727 3418 989 3488 καρτερίᾳ
1043 3417 1247 3485 μεταξὺ
1279 3416 1385 3469 τῶν
1416 3417 1673 3486 κυμάτων
1715 3417 1810 3486 τῆς
1844 3418 1973 3469 ἀσε-

410 3506 562 3569 ϐείας
602 3506 699 3577 τὴν
743 3509 966 3578 φορτίδα
996 3507 1106 3577 (85)
1136 3508 1230 3577 τῆς
1263 3507 1541 3569 εὐσεϐείας
1583 3506 1969 3577 περιεσώσατο.

411 3594 519 3649 Καὶ
546 3594 667 3648 Λὼτ
723 3598 778 3648 ἐν
837 3597 1107 3666 Σοδόμοις,
1156 3596 1355 3665 μεταξύ
1414 3595 1677 3667 τοσαύτης
1722 3598 1974 3660 ἀσεϐείας

409 3682 503 3733 καὶ
531 3682 870 3752 παρανομίας
899 3686 991 3737 καὶ
1013 3684 1276 3753 ἁθεσμίας
1312 3685 1693 3754 στρεφόμενος,
1719 3686 1816 3758 τὴν
1849 3688 1967 3759 ἀρε-

409 3771 505 3839 τὴν
534 3772 919 3845 ἀπαράφθορον
947 3774 1279 3841 διεφύλαξεν,
1316 3775 1551 3844 οὐδαμοῦ
1579 3777 1774 3838 κακαῖς
1810 3776 1976 3828 ἐαλω-

410 3867 565 3916 κυῖαν
584 3864 891 3929 ἐπιϐουλαῖς
912 3884 924 3896 ·
962 3867 1095 3920 ἀλλὰ
1121 3867 1320 3937 μεταξὺ
1340 3866 1683 3931 ξενοκτόνων,
1710 3868 1804 3921 καὶ
1821 3866 1974 3939 ὕϐρει

409 3956 576 4026 πολλῇ
609 3958 701 4009 καὶ
723 3958 985 4029 ἀκολασίᾳ
1010 3961 1148 4013 κατὰ
1171 3959 1277 4013 τῶν
1307 3960 1403 4027 τῆς
1429 3958 1641 4026 φύσεως
1663 3958 1973 4028 φερομένων

409 4048 644 4118 θεσμῶν,
675 4050 771 4120 τὴν
809 4050 1115 4122 ἁγιωσύνην
1144 4051 1403 4120 ἀμίαντον
1444 4050 1604 4112 αὐτός
1638 4067 1695 4102 τε
1728 4050 1971 4113 διέσωσε,

408 4139 503 4191 καὶ
536 4142 646 4201 τοῖς
679 4139 901 4203 λοιποῖς,
938 4142 1010 4203 ὡς
1036 4141 1182 4211 ἐνῆν,
1224 4141 1554 4210 εἰσηγήσατο
1584 4139 1713 4209 (86),
1745 4139 1973 4209 πράξεσι

408 4225 515 4296 πρὸ
540 4229 647 4280 τῶν
675 4227 846 4297 λόγων
874 4229 934 4280 τὸ
984 4230 1143 4282 καλὸν
1167 4228 1519 4282 ἐκπαιδεύων.
1558 4230 1628 4280 Σὺ
1667 4228 1723 4280 δέ
1766 4245 1975 4297 προφα-

408 4318 533 4391 σίζῃ
583 4320 680 4383 τὰς
711 4320 818 4373 τῶν
863 4322 1102 4389 ἀδελφῶν
1145 4322 1433 4392 ὀλιγωρίας
1465 4322 1496 4392 ἢ
1538 4319 1720 4383 οὐσας,
1759 4320 1792 4390 ἦ
1825 4319 1974 4389 παρά

409 4412 502 4463 σού
558 4411 947 4483 πλαττομένας,
1000 4413 1096 4482 τὴν
1139 4412 1473 4466 ἀποστασίαν
1510 4412 1726 4476 ἐννοῶν,
1757 4412 1847 4464 καὶ
1875 4412 1972 4483 τὴν

407 4502 658 4573 ἀθέτησιν
700 4504 793 4555 τοῦ
850 4505 1002 4571 ἁγίου
1056 4504 1369 4574 Πνεύματος
1410 4502 1799 4572 μηχανώμενος
1837 4501 1968 4571 (87),

405 4596 501 4648 καὶ
543 4597 641 4666 τῆς
695 4598 887 4650 ἑαυτοῦ
928 4598 1185 4667 πονηρίας
1228 4598 1320 4650 καὶ
1356 4597 1464 4648 τῶν
1495 4597 1671 4649 πόνων
1696 4596 1803 4649 τῶν
1831 4597 1972 4667 ὑπὲρ

478 4752 521 4782 ⁵¹
543 4750 728 4804 Matth.
761 4766 915 4815 xvm,
946 4752 998 4805 6.
1076 4752 1122 4783 ⁸³
1144 4751 1280 4806 Gen.
1318 4766 1392 4815 vr,
1424 4754 1477 4807 9.
1555 4753 1600 4783 ⁸⁸
1624 4751 1757 4807 Gen.
1803 4767 1920 4806 χιχ.

476 4909 587 4977 (8U)
619 4907 709 4962 Sic
740 4910 944 4977 antiqui
977 4909 1251 4974 treslibri,
1275 4924 1383 4962 non
1415 4918 1470 4962 ut
1502 4908 1652 4971 editi,
1684 4911 1737 4963 in
1769 4909 1966 4978 quibus

402 4980 594 5063 vocula
626 4978 685 5063 δέ
725 4995 829 5031 ηοη
868 4980 1081 5063 legitur.
1117 4981 1408 5048 Aliquanto
1444 4990 1567 5048 post
1599 4979 1769 5033 codex
1800 4978 1960 5035 Voss.

403 5049 643 5119 εὐκόλως
663 5049 935 5119 ἁποκρουό
943 5066 1119 5118 μενος.

474 5118 583 5187 (81)
616 5117 794 5172 Codex
816 5116 995 5173 'Colb.
1032 5120 1099 5171 τὰ
1147 5120 1254 5171 ἴδια
1288 5119 1506 5188 κρίνων.
1548 5116 1656 5188 Nec
1689 5118 1760 5188 ita
1792 5120 1963 5172 multo

402 5188 544 5239 infra
576 5188 711 5257 idem
742 5204 838 5243 ms.
872 5188 1284 5257 καθιστάμενος,
1311 5186 1360 5240 οἳ
1390 5186 1528 5255 τῷ...
1554 5187 1960 5257 διερεθίζονται.

474 5257 583 5326 (82)
616 5256 749 5326 Reg.
797 5260 1071 5312 secundus
1112 5256 1214 5311 ἐὰν

404 5342 527 5379 cum
569 5326 728 5399 Voss.
772 5328 978 5399 ἐθισθῇ.
1024 5327 1265 5383 Subinde
1296 5326 1464 5382 codex
1505 5327 1660 5381 Colb.
1708 5328 1969 5398 πονηρίας

401 5400 513 5459 τοῖς
540 5397 853 5465 αἰσχίστοις.

476 5467 585 5534 (85)
617 5467 799 5521 Codex
831 5468 982 5521 Colb.
1017 5468 1144 5537 περὶ
1173 5467 1233 5519 τὸ
1260 5467 1443 5521 καλόν.

475 5537 587 5608 (84)
618 5536 850 5608 Antiqui
871 5538 979 5590 duo
1012 5535 1133 5591 libri
1174 5538 1315 5608 μάλα
1344 5535 1668 5608 ἀθλητικῶς.

479 5606 589 5674 (85)
624 5608 765 5661 Editi
803 5607 901 5676 τὴν
940 5608 1214 5676 φροντίδα.
1251 5607 1404 5676 Regii
1437 5606 1631 5662 tertius
1659 5614 1711 5662 et
1742 5615 1973 5675 quartus

406 5677 503 5747 τὴν
528 5678 774 5749 φορτίδα,
796 5678 950 5733 bene.
973 5678 1125 5732 Alius
1148 5677 1317 5733 codex
1340 5678 1522 5733 itidem
1551 5676 1749 5748 Regius
1771 5687 1975 5732 utram-

1261 5258 1391 5328 γάρ.
1438 5258 1630 5328 Statim
1677 5258 1786 5310 duo
1829 5274 1962 5311 mss.
1998 5308 2003 5313 .

2074 1863 2376 1926 edacitate,
2431 1863 2717 1916 mendacio
2765 1869 2929 1933 atque
2975 1861 3317 1932 malignitate
3360 1858 3542 1921 omni,
3591 1866 3647 1913 et

2076 1964 2352 2027 postremo
2384 1957 2440 2009 in
2473 1956 2635 2009 imam
2670 1955 2969 2026 nequitiam
3014 1952 3209 2015 fertur,
3254 1952 3414 2007 malis
3463 1959 3648 2007 extre-

2074 2042 2179 2096 mis
2209 2042 2393 2096 infixa.
2425 2040 2528 2107 Qui
2564 2043 2725 2112 igitur
2755 2043 2947 2096 talium
2981 2041 3089 2095 dux
3118 2042 3429 2108 exstiterit,
3460 2039 3645 2095 consi-

2075 2132 2228 2186 deret
2257 2140 2389 2202 quot
2417 2134 2727 2189 animarum
2770 2134 3030 2189 interitus
3071 2148 3199 2187 reus
3238 2132 3330 2187 ﬁat
3365 2152 3377 2186 :
3420 2133 3512 2202 qui
3563 2140 3647 2185 ta-

2076 2238 2199 2277 men
2229 2239 2296 2278 ne
2327 2224 2522 2278 anima:
2550 2226 2769 2294 quidem
2816 2240 2929 2280 suae
2970 2226 3168 2279 rationi
3215 2224 3504 2278 reddenda:
3545 2239 3647 2295 par

2075 2331 2199 2371 esse
2226 2317 2424 2386 possit.
2448 2316 2561 2372 Cur
2584 2317 2729 2372 enim
2761 2317 2853 2385 qui
2882 2316 3154 2385 ejusmodi
3187 2328 3305 2378 est,
3335 2331 3442 2370 non
3475 2316 3647 2386 magis

2076 2407 2324 2462 imitatur
2372 2424 2630 2478 magnum
2679 2407 2932 2471 Petrum,
2984 2408 3151 2476 fitque
3200 2407 3425 2478 reliquis
3473 2406 3643 2464 firma:

2076 2500 2201 2554 fidei
2241 2508 2294 2555 et
2323 2500 2633 2555 constantis
2686 2499 2738 2553 in
2784 2499 2944 2553 bonis
2983 2499 3150 2553 animi
3193 2500 3501 2569 exemplum
3524 2487 3563 2564 ,’
3582 2508 3645 2555 ut

2078 2590 2317 2660 fulgente
2349 2591 2614 2645 virtutum
2651 2591 2797 2645 illius
2842 2591 3163 2659 splendore,
3197 2591 3361 2646 etiam
3394 2592 3429 2644 ii
3463 2591 3555 2660 qui
3589 2591 3646 2646 in

2076 2682 2335 2751 nequitiae
2365 2682 2609 2736 tenebris
2636 2680 2875 2751 degunt,
2909 2680 2976 2734 ad
3009 2682 3270 2748 quiddam
3314 2680 3512 2737 melius
3550 2682 3647 2737 de-

2078 2774 2348 2829 ducantur
2381 2774 2472 2827 l"?
2504 2772 2707 2828 Deinde
2736 2789 2867 2829 vero
2896 2772 3009 2827 Noe
3032 2773 3214 2842 justus
3246 2773 3336 2828 ille
3364 2772 3647 2843 haudqua-

2077 2880 2239 2933 quam
2267 2863 2376 2919 Deo
2404 2865 2576 2919 dixit:
2609 2862 2833 2933 Oportet
2862 2865 3010 2919 exire
3040 2880 3127 2919 me
3151 2865 3218 2919 de
3250 2864 3452 2918 mundo
3476 2904 3490 2927 ,
3519 2880 3644 2921 cum

2078 2956 2189 3010 sint
2218 2955 2369 3024 pravi
2400 2970 2631 3020 omnes;
2660 2955 2756 3009 sed
2789 2954 2971 3024 potius
3004 2954 3261 3009 athletico
3289 2969 3352 3009 ac
3382 2969 3648 3026 generoso

2078 3047 2261 3101 animo
2286 3047 2674 3117 perseveravit,
2698 3047 3041 3116 servavitque
3062 3049 3117 3100 in
3142 3048 3425 3118 pravitatis
3448 3048 3647 3119 abysso

2023 3138 2041 3159 ‘
2081 3139 2431 3209 tranquillam
2495 3154 2557 3192 ac
2609 3148 2855 3210 pacatam
2910 3140 3200 3209 pietatem,
3250 3154 3349 3193 nec
3398 3155 3645 3209 unquam

2078 3232 2337 3288 dissensit
2363 3249 2391 3286 a
2421 3231 2651 3287 Domino
2672 3271 2686 3295 ,
2715 3233 2807 3287 sed
2842 3248 2936 3302 per
2968 3232 3282 3301 patientiam
3310 3240 3377 3284 ac
3408 3232 3647 3287 toleran-

2077 3326 2209 3376 tiam
2241 3324 2294 3377 in
2326 3324 2518 3378 mediis
2550 3324 2846 3393 impietatis
2894 3322 3152 3377 fluctibus
3198 3323 3418 3391 pietatis
3451 3338 3648 3377 onera-

2078 3416 2215 3467 riam
2264 3415 2443 3468 navim
2491 3422 2664 3468 tutam
2712 3422 2766 3468 et
2810 3414 3141 3469 incolumem
3186 3415 3440 3483 praestitit
3469 3414 3535 3467 ⁸⁸.
3580 3413 3647 3466 Ει

2077 3505 2178 3559 Lot
2226 3507 2280 3559 in
2334 3504 2589 3561 Sodomis
2639 3507 2779 3560 inter
2808 3514 3017 3559 tantam
3061 3505 3395 3575 impietatem
3438 3504 3645 3575 iniqui-

2079 3604 2354 3665 tatemque
2400 3612 2463 3650 ac
2510 3597 2832 3666 injustitiam
2879 3597 3119 3666 degens,
3162 3599 3419 3651 virtutem
3460 3596 3645 3651 incor-

2077 3695 2290 3758 ruptam
2324 3687 2651 3752 custodivit,
2686 3703 2863 3757 neque
2895 3689 3022 3744 ullis
3050 3689 3275 3744 omnino
3318 3702 3518 3756 passus
3559 3693 3653 3743 est.

2078 3779 2261 3849 pravis
2288 3779 2503 3834 insidiis
2534 3779 2962 3833 circumventam
3007 3780 3389 3849 captivamque
3431 3779 3642 3834 teneri:

2078 3880 2241 3941 atque
2292 3870 2435 3925 inter
2488 3870 2764 3939 hospitum
2822 3868 3241 3936 interfectores,
3292 3884 3499 3939 eosque
3551 3870 3647 3940 qui

2079 3962 2249 4015 multa
2282 3960 2579 4030 petulantia
2608 3968 2770 4030 atque
2794 3960 3018 4015 libidine
3044 3968 3233 4040 contra
3264 3968 3473 4019 natura
3500 3961 3645 4036 leges

2078 4050 2414 4117 ferebantur,
2461 4062 2513 4108 et
2552 4052 2671 4124 ipse
2700 4053 3047 4111 conservavit
3074 4058 3425 4112 sanctitatem
3457 4059 3647 4113 incon-

2078 4146 2398 4198 taminatam
2425 4186 2439 4209 ,
2475 4154 2530 4199 et
2560 4147 2806 4217 reliquos
2836 4148 2903 4201 ad
2933 4164 3052 4203 eam
3086 4149 3406 4203 exhortatus
3433 4157 3517 4205 est
3547 4164 3647 4220 pro

2077 4236 2251 4298 virili,
2285 4237 2439 4306 prius
2474 4236 2631 4295 factis
2663 4254 2828 4309 quam
2858 4241 3041 4296 verbis
3082 4241 3316 4297 edocens
3346 4243 3547 4297 bonum
3582 4257 3649 4299 ac

2076 4328 2356 4382 virtutem.
2387 4328 2468 4382 Tu
2500 4346 2629 4385 vero
2662 4331 2932 4387 meditans
2963 4332 3326 4388 defectionem
3351 4374 3363 4395 ,
3411 4349 3476 4391 ac
3520 4331 3648 4402 Spi-

2006 4450 2048 4503 Β
2078 4416 2216 4472 ritus
2254 4419 2433 4473 sancti
2479 4435 2759 4476 secessum
2804 4423 3155 4490 excogitans,
3204 4422 3433 4477 fratrum
3475 4425 3647 4494 negli-

2079 4506 2291 4576 gentias
2322 4518 2416 4561 aut
2442 4525 2601 4565 veras
2635 4520 2727 4564 aut
2759 4527 2787 4563 a
2817 4520 2869 4565 te
2896 4512 3160 4567 confictas
3206 4512 3499 4581 praetendis
3519 4552 3532 4574 ,
3569 4512 3647 4566 fa-

2082 4598 2294 4668 cisque,
2328 4611 2385 4653 ut
2416 4600 2565 4654 illata
2595 4600 2860 4657 fratribus
2887 4602 3162 4656 calumnia
3188 4602 3345 4671 quasi
3371 4602 3645 4673 quoddam

2069 4924 2175 4980 que
2188 4909 2511 4978 scripturam
2531 4910 2767 4980 exhibet,
2790 4910 3021 4979 primam
3045 4910 3219 4980 prima
3248 4925 3646 4975 manu,secun-
3701 4920 3727 4980 λέ

2069 4979 2193 5049 dam
2229 4980 2491 5049 secunda.
2544 4979 2785 5034 Subinde
2814 4981 2923 5035 duo
2949 4979 3085 5037 mss.
3126 4982 3351 5049 perinde
3384 4990 3446 5038 ut
3477 4981 3642 5038 Voss.
3701 4979 3713 5029 ἶ

2068 5048 2303 5117 οὐδαμοῦ
2344 5048 2535 5111 κακίας
2547 5090 2558 5103 .

2142 5118 2504 5191 (86)_Veter_es
2534 5119 2641 5171 duo
2664 5119 2787 5171 libri
2815 5128 2869 5173 et
2903 5119 3033 5173 editi
3059 5120 3376 5191 διηγήσατο.
3405 5121 3511 5175 Alii
3534 5122 3644 5176 duo

2072 5203 2191 5240 cum
2211 5187 2383 5258 Voss.
2410 5189 2754 5258 εἰσηγήσατο,
2778 5191 3009 5258 rectius.

2145 5257 2257 5324 (87)
2281 5256 2451 5331 illud,
2488 5256 2705 5331 και-τὴν
2730 5257 3104 5331 ἀθέτησινὲτού
3141 5259 3294 5326 ἁγίου
3320 5260 3641 5331 Πνεύματος

2122 5326 2490 5397 ηχανὼμενος,
2527 5328 2835 5381 addidimus
2869 5326 2934 5381 ex
2969 5327 3304 5394 Colbeitino,
3342 5345 3443 5384 nec
3478 5326 3641 5386 aliter

2099 5394 2275 5469 egitur
2306 5398 2357 5449 in
2388 5394 2933 5469 Vossiiveterilibro
2966 5405 3019 5469 et
3055 5398 3108 5452 in
3139 5399 3270 5469 Reg.
3303 5401 3497 5469 primo,
3529 5400 3637 5455 nisi

2080 5468 2223 5535 quod
2256 5482 2355 5517 vox
2391 5468 2542 5532 ἁγίου
2573 5468 2625 5520 in
2665 5467 2755 5521 liis
2777 5467 2927 5521 libris
2966 5468 3123 5522 desit.
3159 5467 3351 5522 Statim
3378 5469 3507 5523 editi
3531 5471 3639 5522 τῶν

2078 5538 2253 5589 πόνων
2275 5535 2583 5608 τῶνπόνων
2612 5556 2622 5567 σ
2651 5537 2743 5590 sed
2773 5552 2875 5608 vox
2903 5536 3076 5589 πόνων
3098 5545 3149 5608 ει
3172 5539 3351 5608 inepte
3375 5547 3427 5593 et
3449 5548 3641 5594 contra

2078 5612 2318 5659 veterum
2342 5607 2603 5660 librorum
2632 5608 2785 5660 fidem
2815 5606 2898 5661 bis
2926 5608 3067 5660 edita
3099 5606 3440 5667 fuerat...Mox
3469 5609 3661 5665 codex.

2082 5674 2241 5731 Voss.
2268 5676 2365 5731 τὴν
2393 5676 2500 5729 τῶν
2530 5675 2738 5747 ἀρετῶν
2768 5676 2991 5749 ἐργάζῃ.
