4018 6226
483 313 623 371 1599

1787 316 1842 369 S.
1884 313 2124 370 BASiLlI
2166 312 2377 367 MAGNI

3574 314 3691 369 Nihil

481 397 852 490 velamentum
879 436 952 484 sit
982 436 1037 484 et
1065 437 1171 484 tua:
1196 430 1517 498 pravitatis,
1548 440 1604 486 et
1632 438 1737 486 tuae
1770 433 1823 485 in
1856 432 2048 485 labori-

2160 428 2363 499 ἀρετῆς
2420 443 2676 500 οκνηριας
2738 429 3144 500 παραπέτασμα
3193 428 3289 501 τὴν
3329 429 3437 483 τῶν
3476 431 3693 502 ἀδελφῶν

482 525 586 579 bus
612 520 894 592 segnitiei,
927 536 1069 590 quos
1098 536 1195 588 pro
1225 522 1425 577 virtute
1453 522 1721 577 debueras
1744 523 1949 577 subire.

554 616 607 670 4.
649 613 831 681 Quare
873 614 971 683 qui
1012 614 1139 667 talis
1187 614 1387 678 fuerit,
1418 614 1503 670 his
1541 615 1804 684 exemplis
1833 614 1900 668 ad
1933 613 2050 667 fru-

474 715 602 774 gem
650 704 929 758 meliorem
975 712 1301 768 revocatus,
1354 706 1410 759 in
1454 706 1632 775 pactis
1673 721 1798 759 cum
1845 704 2051 775 Spiritu

483 794 636 848 initis
661 795 1007 864 acquiescat,
1039 796 1239 865 quibus
1268 812 1327 852 se
1354 797 1409 850 in
1434 797 1626 866 primis
1655 797 1895 852 caelestis
1922 812 2052 865 para

473 866 571 958 itus
603 886 952 941 incunabulis
983 887 1319 942 devinxerat.
1340 886 1526 958 Neque
1556 889 1699 943 enim
1732 889 1777 943 si
1807 890 2052 958 contige-

473 949 591 1044 ιι’ἰι,
625 986 683 1032 ut
714 995 859 1033 unus
887 980 1091 1050 digitus
1125 981 1345 1035 molesti
1378 949 1585 1050 aliquid
1626 982 1679 1034 in
1721 997 1883 1036 manu
1928 997 2051 1050 per-

484 1067 655 1131 ferat,
700 1070 965 1123 continuo
1012 1070 1174 1124 etiam
1228 1070 1370 1124 alius
1412 1073 1647 1125 resecari
1697 1071 2052 1140 pertinaciter

484 1160 629 1213 volet
657 1178 670 1212 ι
702 1160 796 1216 sed
825 1161 1057 1230 primum
1087 1162 1303 1231 quidem
1334 1163 1579 1219 dolorem
1612 1164 1832 1234 effugiet
1863 1180 2053 1236 ampuo

473 1242 742 1314 (talionis,
791 1252 990 1308 deinde
1034 1269 1164 1308 vero
1206 1256 1546 1324 permanebit
1596 1256 1784 1311 firmus
1826 1266 1880 1312 et
1917 1273 2052 1312 con-

472 1348 670 1406 :stans,
701 1349 761 1395 ut
792 1350 846 1397 et
876 1358 1097 1413 operam
1133 1359 1254 1397 eam
1284 1360 1406 1413 quae
1437 1360 1465 1398 a
1500 1348 1842 1416 periclitante
1873 1348 2051 1404 danda

472 1440 663 1498 esset,
693 1434 784 1489 det
809 1435 926 1504 ipse
950 1436 1166 1504 corpori
1192 1476 1206 1498 ,
1236 1445 1287 1490 et
1313 1452 1383 1491 ne
1410 1451 1604 1493 manus
1634 1441 1857 1494 omnino
1886 1441 2053 1495 ramis

472 1514 827 1581 naturalibus
858 1528 1093 1596 spoliata
1112 1568 1128 1593 ,
1160 1530 1383 1599 proprio
1412 1540 1467 1584 et
1494 1533 1684 1585 innato
1710 1541 1907 1587 ornatu
1936 1533 2051 1603 pri-

470 1622 656 1673 'vetur.
683 1618 856 1673 Velim
889 1620 1054 1690 igitur
1084 1622 1386 1676 transferas
1429 1621 1594 1693 569
1630 1625 1938 1692 exemplum
1983 1624 2051 1678 ad

468 1717 720 1762 rascetam
742 1748 755 1769 ,
808 1716 861 1763 et
905 1710 1193 1763 considera
1224 1719 1487 1780 quantum
1520 1712 1763 1791 dolorem
1795 1728 1858 1767 ac
1884 1713 2051 1769 dede-

2153 517 2366 590 ἐργάζῃ
2398 518 2670 590 διαϐολήν.

2222 609 2445 662 4.”Ωστε
2479 609 2862 682 σωφρονισοε“ις
2895 613 2923 664 6
2950 610 3187 674 τοιοῦτος
3217 615 3325 675 τοῖς
3346 613 3698 684 ὑποδείγμασι,

2156 702 2430 771 στεργέτω
2447 703 2546 771 τὴν
2568 704 2831 772 ἁρμονίαν
2848 702 2941 755 τοῦ
2966 703 3298 773 Πνεύματος,
3325 705 3391 775 ἦν
3407 706 3578 776 ἑαυτῷ
3604 707 3699 777 (88)

2155 795 2283 864 περὶ
2316 795 2414 857 τὰς
2456 795 2679 865 πρώτας
2727 793 3142 865 σπαργανὼσεις
3178 797 3276 865 τῆς
3313 797 3558 866 οὐρανίου
3584 800 3703 868 κυή-

2156 903 2290 949 σεως
2325 886 2723 956 συνηρμόσατο.
2784 886 2919 940 Οὔτε
2959 887 3087 957 γὰρ,
3130 889 3177 940 εί
3225 888 3463 958 συμϐαίη
3495 890 3583 942 ἐπὶ
3616 890 3699 960 τῆς

2156 978 2335 1048 χειρὸς
2357 978 2451 1030 ἕνα
2472 978 2579 1029 τῶν
2602 978 2880 1030 δακτύλων
2918 977 3108 1031 παθεῖν
3129 995 3179 1029 τι
3213 979 3320 1030 τῶν
3342 978 3594 1047 ἀνιαρῶν,
3614 980 3701 1049 ἤδη

2158 1071 2251 1122 καὶ
2280 1073 2307 1122 6
2327 1069 2510 1139 ἕτερος
2535 1068 3244 1139 ἐκτμηθῆναιφιλονεικήσει
3264 1085 3275 1096 ·
3312 1068 3448 1120 ἀλλὰ
3473 1068 3701 1137 φεύξεται

2160 1162 2256 1232 μὲν
2287 1162 2500 1233 πρῶτον
2554 1160 2613 1213 τὸ
2666 1161 2911 1228 ἀλγεινὸν
2947 1163 3045 1231 τῆς
3090 1161 3283 1230 τομῆς,
3319 1162 3509 1214 ἔπειτα
3545 1162 3597 1214 δὲ
3623 1165 3704 1216 καὶ

2155 1254 2398 1324 στερρῶς
2437 1255 2761 1324 παραμενεῖ,
2790 1252 2929 1305 ὥστε
2958 1254 3051 1305 καὶ
3072 1253 3170 1323 τὴν
3209 1253 3300 1305 τοῦ
3328 1252 3703 1315 κινδυνεύοντος

2154 1342 2523 1413 ἀντεισφέρειν
2573 1343 2762 1413 χρείαν
2798 1342 2873 1413 τῷ
2912 1341 3143 1413 σώματι,
3178 1345 3272 1396 καὶ
3318 1342 3394 1414 μὴ
3422 1344 3592 1413 πάντη
3616 1344 3701 1413 τὴν

2155 1436 2309 1504 χεῖρα
2346 1434 2447 1486 τῶν
2494 1432 2735 1501 φυσικῶν
2783 1433 2992 1486 κλάδων
3028 1432 3421 1505 ἀφαιρεθεῖσαν
3454 1435 3703 1505 ἀποσυλη-

2154 1523 2313 1593 θῆναι
2340 1524 2432 1576 τοῦ
2457 1522 2657 1576 οἰκείου
2692 1524 2895 1594 κόσμου
2928 1524 3021 1576 καὶ¹
3057 1523 3391 1594 προσφυοῦς.
3421 1524 3703 1591 Μετένεγκε

2153 1614 2331 1666 τοίνυν
2353 1614 2445 1666 ἐπὶ
2474 1613 2562 1666 τὸν
2607 1615 2853 1684 ἀσκητὴν
2884 1614 2945 1666 τὸ
2978 1614 3305 1684 ὑπόδειγμα,
3332 1617 3429 1669 καὶ
3460 1616 3704 1686 σκὸπησον

2154 1707 2277 1759 ὅσον
2305 1705 2467 1773 ἀλγος
2507 1704 2601 1758 καὶ
2625 1704 2893 1774 ἀκοσμίαν
2922 1708 3042 1767 ταῖς
3064 1707 3412 1776 αἰσθητικαῖς
3439 1707 3625 1776 ψυχαῖς
3648 1712 3703 1778 τῇ

469 1810 580 1852 'cus
611 1799 811 1854 animis
840 1801 954 1855 acri
980 1816 1146 1855 sensu
1179 1803 1421 1870 praeditis
1450 1819 1547 1873 per
1577 1787 1939 1860 resectionem
1972 1806 2048 1860 af-

2155 1797 2408 1865 ἀποκοπῇ
2456 1795 2871 1867 κατεργάζεται,
2906 1797 2999 1850 καὶ
3027 1796 3173 1859 ὅπως
3205 1798 3397 1851 ἑαυτὸν
3418 1799 3599 1868 νεκρὸν
3628 1801 3705 1852 καὶ

481 1888 649 1953 ferat,
686 1899 739 1945 et
771 1893 1045 1960 quomodo
1068 1895 1371 1948 constituat
1414 1897 1655 1964 seipsum
1694 1907 1966 1953 mortuum
1994 1908 2049 1954 et

468 1978 606 2035 'vita
647 1990 944 2036 exsortem.
994 1982 1149 2049 Quod
1178 1992 1359 2039 autem
1390 1994 1692 2054 pratceptor
1721 1987 2046 2055 discipulum

469 2086 643 2126 'suum
692 2072 760 2126 ad
808 2072 1133 2143 pravitatem
1188 2075 1449 2130 inducere
1499 2092 1606 2130 non
1653 2078 1816 2140 velit,
1865 2079 1943 2133 sic
1993 2087 2052 2132 ut

479 2179 647 2234 prava
680 2165 925 2235 magistri
957 2167 1233 2221 institutio
1262 2183 1428 2223 causa
1460 2168 1734 2239 discipulo
1762 2173 1835 2224 sit
1878 2187 2032 2226 seces

467 2269 575 2311 :sus
606 2264 769 2326 atque
793 2255 1116 2314 defectionis
1141 2302 1154 2325 ,
1186 2260 1287 2313 hoc
1326 2260 1485 2314 modo
1505 2301 1518 2324 ,
1555 2261 1599 2315 si
1637 2262 1845 2331 placet,
1878 2264 2055 2324 consi-

467 2333 755 2400 ‘deretnus.
798 2345 938 2411 Quid
980 2355 1066 2402 est
1094 2348 1291 2416 pater?
1318 2349 1446 2418 quid
1480 2365 1610 2404 vero
1639 2360 1724 2407 est
1752 2353 2055 2423 magister?

467 2436 785 2491 ‘Pzedotriba
818 2446 1067 2508 uterque.
1101 2439 1255 2493 Alter
1294 2439 1514 2509 quidem
1564 2441 1675 2495 filio
1702 2482 1714 2502 ,
1747 2444 1887 2497 alter
1924 2457 2054 2497 vero

476 2525 754 2596 discipulo
786 2526 1033 2581 studiose
1066 2535 1325 2595 precatur
1353 2544 1416 2581 ac
1452 2530 1565 2583 vult
1596 2530 1841 2584 meliora.
1876 2530 2034 2600 Siqui

487 2615 603 2671 dem
648 2624 704 2672 et
736 2617 870 2672 illud
911 2618 1159 2673 naturale
1190 2620 1440 2688 patribus
1466 2630 1584 2684 est,
1616 2629 1676 2675 ut
1702 2630 1892 2691 optent
1920 2623 2055 2679 libe-

475 2722 572 2762 ros
602 2707 705 2763 sibi
736 2722 860 2763 esse
889 2724 1052 2777 quam
1085 2710 1322 2779 Optimos
1352 2718 1405 2764 et
1434 2711 1926 2781 prudentissimos,
1955 2714 2055 2769 ho-

466 2798 937 2868 ‘nestissimosque
963 2814 1027 2853 ac
1059 2800 1499 2857 modestissimos
1530 2819 1541 2855 :
1574 2818 1683 2872 quo
1709 2815 1762 2857 et
1794 2804 1887 2858 filii
1917 2806 2052 2859 clari

466 2888 627 2952 sint,
658 2898 712 2945 et
738 2897 931 2959 patres
956 2892 1251 2946 virtutibus
1281 2893 1374 2946 lilii
1402 2894 1469 2946 ad
1518 2909 1578 2948 se
1620 2894 2052 2953 redundantibus

464 2982 652 3050 imagis
682 2982 1069 3036 iuclareseant.
1097 2982 1363 3039 Similiter
1385 2993 1439 3039 et
1472 2988 1739 3053 palmstra:
1768 2989 2050 3058 magistri,

466 3088 621 3143 'quos
654 3075 757 3143 ipsi
787 3084 1083 3136 exercent,
1116 3092 1212 3131 eos
1241 3087 1296 3130 et
1322 3078 1737 3135 strenuissimos
1762 3087 1816 3134 et
1843 3080 2052 3150 peritis-

477 3166 650 3236 simis
679 3164 892 3221 edicere
923 3168 1178 3233 student,
1230 3176 1289 3222 ut
1338 3184 1463 3222 cum
1514 3170 1728 3225 fortiter
1773 3187 1837 3225 ac
1881 3174 2052 3242 perite

476 3271 800 3326 prosperum
860 3267 1137 3313 certamen
1208 3259 1560 3329 peregerint,
1611 3259 2049 3315 adversariorum

479 3348 612 3401 fiart
645 3346 916 3418 splendidi
956 3349 1224 3415 victores,
1257 3366 1561 3420 eorumque
1589 3352 1826 3421 legitima
1870 3366 2050 3422 pugna

463 3437 770 3494 'manifesta
814 3440 933 3496 laus
983 3441 1054 3495 sit
1097 3443 1505 3512 magistrorum.
1558 3441 1821 3514 Quisquis
1869 3454 2050 3499 autem

477 3532 722 3585 animum
752 3532 816 3586 ad
847 3533 1154 3588 docendum
1188 3535 1433 3599 induxit,
1464 3536 1798 3591 naturaliter
1817 3537 1933 3591 vult
1961 3535 2048 3590 di-

477 3625 724 3694 scipulos
774 3640 905 3681 suos
960 3627 1028 3681 ad
1079 3627 1539 3696 perfectissimam
1591 3627 2047 3683 documentorum

460 3733 703 3773 esuorum
731 3721 1099 3790 comitionem
1129 3723 1437 3791 pervenire.
1470 3720 1606 3777 Cum
1640 3723 1807 3794 igitur
1838 3725 1912 3777 ita
1940 3725 2050 3779 sint

460 3817 672 3892 [natura
700 3810 875 3867 affecti
910 3820 1095 3883 patres
1117 3855 1129 3877 ,
1161 3814 1436 3883 quomodo
1468 3830 1576 3868 non
1609 3816 1811 3884 optarit
1842 3816 2047 3869 sancti-

460 3900 606 3956 :tatis
635 3901 847 3969 doctor,
883 3914 941 3958 ut
972 3920 1108 3958 suus
1139 3906 1444 3975 discipulus
1482 3905 1747 3960 reddatur
1775 3906 2045 3976 Optimus.

459 4006 541 4047 iac
586 3995 859 4063 spirituali
904 3997 1172 4067 sapientia
1214 3998 1702 4066 sapientissimus?
1744 3999 2046 4068 praesertim

460 4073 599 4137 'cwm
648 4086 815 4148 sciat,
866 4102 960 4150 se,
1009 4088 1053 4142 si
1101 4104 1236 4143 suus
1262 4088 1566 4159 discipulus
1604 4089 1732 4144 talis
1773 4092 2044 4153 evaserit,

472 4182 591 4228 tum
620 4177 763 4245 apud
794 4178 1042 4233 homines
1074 4178 1319 4232 futurum
1348 4180 1655 4243 celebrem,
1686 4188 1800 4233 tum
1829 4195 1859 4234 a
1889 4179 2049 4235 Chri-

474 4274 561 4321 sto
583 4268 815 4322 eximias
842 4283 1077 4324 coronas
1107 4281 1573 4334 consecuturum,
1602 4272 2043 4343 quandoquidem

440 4354 712 4413 'famulos
754 4358 900 4413 illius
921 4399 935 4422 ,
985 4360 1064 4412 vel
1085 4401 1099 4425 ,
1154 4366 1213 4413 ut
1259 4362 1460 4415 rectius
1483 4360 1662 4415 dicam
1693 4364 1738 4395 ⁸⁸
1759 4403 1774 4423 ,
1810 4363 2008 4418 fratres
2029 4404 2042 4426 ,

471 4446 692 4515 quando
720 4455 776 4501 et
806 4448 908 4501 hac
939 4463 1070 4504 voce
1099 4450 1177 4503 uti
1217 4449 1473 4505 Christus
1514 4451 1723 4508 voluit.
1764 4452 2045 4523 diligentia

473 4553 538 4595 ac
567 4555 699 4595 cura
727 4555 826 4596 sua
856 4541 1030 4596 effecit
1065 4541 1240 4612 ipsius
1268 4544 1553 4597 consortio
1583 4545 1801 4613 dignos.

541 4799 594 4854 5.
639 4801 743 4856 Sed
775 4810 829 4858 et
860 4804 1007 4857 aliud
1043 4814 1302 4874 praterea
1334 4806 1750 4862 consideremus
1776 4847 1788 4867 ,
1820 4822 1964 4876 quoa
1999 4806 2046 4861 si

466 4896 648 4950 malus
681 4899 919 4951 evaserit
950 4895 1258 4967 discipulus
1290 4898 1362 4952 ob
1396 4899 1566 4969 ipsius
1599 4899 2005 4953 institutionem
2027 4939 2040 4959 ,

467 4988 734 5043 lnurenda
776 4991 848 5045 sit
892 4991 1159 5061 magistro
1195 4991 1392 5061 judicii
1438 5000 1685 5062 tempore
1726 4990 2037 5045 indelebilis

538 5146 585 5178 ³⁸
606 5145 798 5201 Matth.
836 5162 937 5209 xu,
966 5144 1054 5200 49.

534 5303 650 5374 (88)
684 5302 907 5358 Veteres
936 5303 1044 5374 duo
1073 5304 1198 5374 libri
1231 5309 1284 5357 et
1320 5303 1449 5357 editi
1484 5303 1548 5374 ἣν
1578 5302 1775 5374 ἐαυτῷ.
1803 5307 1903 5359 Alii
1935 5304 2045 5359 duo
2085 5337 2097 5347 -

454 5372 597 5427 ‘ms’s.
627 5375 694 5441 ἣν
717 5375 897 5427 αὐτόν.
931 5373 1113 5428 Codex
1150 5373 1305 5428 Voss.
1338 5374 1406 5443 ἢν
1440 5372 1652 5428 ἑαυτόν.
1680 5372 1881 5430 Ibidem
1909 5375 2045 5429 Vos-

466 5445 531 5514 sii
562 5452 718 5497 vetus
749 5445 883 5498 liber
908 5453 960 5498 et
986 5445 1073 5497 alii
1099 5443 1207 5497 duo
1232 5444 1378 5514 παρά
1407 5445 1505 5507 τάς
1530 5463 1542 5476 ’
1572 5460 1731 5514 quem
1762 5448 1939 5500 locum
1968 5446 2041 5498 ita

467 5512 534 5584 ad
566 5514 787 5567 verbum
833 5514 1287 5583 interpretabcre,
1314 5512 1473 5584 quam
1510 5512 1611 5567 sibi
1643 5517 1697 5566 in
1728 5517 1912 5584 primis
1942 5532 2043 5568 caa-

470 5581 616 5635 lestis
645 5593 829 5648 partus
862 5581 1046 5652 fasciis
1081 5586 1297 5654 aptavit.
1336 5583 1448 5635 Hoc
1479 5594 1582 5645 est,
1608 5581 1767 5654 quain
1790 5587 1899 5652 ipse
1920 5601 2043 5653 pro-

485 5668 636 5705 essus
666 5663 741 5705 est
774 5656 825 5705 in
859 5654 1040 5720 primis
1072 5654 1294 5706 cmfestis
1324 5663 1508 5721 partus
1542 5654 1897 5717 incunabulis.
1955 5672 2041 5709 seu

484 5724 650 5775 uitiis.
681 5722 885 5778 Vocula
918 5741 968 5776 τι
998 5724 1179 5777 addita
1210 5733 1293 5778 est
1328 5739 1433 5778 non
1476 5726 1630 5793 longe.
1674 5742 1737 5779 ex
1774 5728 2041 5780 tjombcfi-

2158 1886 2303 1956 ζωῆς
2344 1889 2609 1957 ἀμέτοχον
2656 1889 2965 1957 ἀποφαίνει.
3009 1891 3131 1942 Ὅτι
3177 1890 3234 1943 δὲ
3285 1894 3314 1944 6
3354 1892 3705 1963 ἀφηγούμενος

2154 1980 2252 2032 οὐκ
2278 1979 2343 2033 ἂν
2368 1980 2539 2034 ἕλοιτο
2566 1980 2658 2034 τὸν
2675 1981 2821 2052 αὐτῷ
2845 1981 3281 2052 μαθητευόμενον
3309 1984 3448 2055 πρὸς
3474 1985 3706 2056 πονηρίαν

2154 2072 2390 2139 ενάγειν,
2438 2071 2577 2125 ὥστε
2610 2072 2708 2143 τὴν
2743 2074 2981 2144 πονηράν
3016 2075 3236 2145 ἀγωγὴν
3278 2076 3374 2128 τοῦ
3414 2076 3705 2130 διδασκάλου

2156 2165 2427 2233 πρόφασιν
2458 2164 2533 2235 τῷ
2580 2165 2794 2236 μαθητῇ
2850 2166 3126 2236 χωρισμοῦ
3163 2167 3417 2234 γενέσθαι
3459 2170 3549 2221 καὶ
3588 2170 3705 2221 ἀπο·

2160 2256 2417 2319 στάσεως,
2447 2255 2639 2321 οὕτως,
2662 2260 2706 2310 εἰ
2726 2258 2892 2323 δοκεῖ,
2933 2260 3277 2331 σκεψώμεθα.
3308 2264 3374 2316 Τί
3404 2265 3499 2334 μὲν
3526 2266 3703 2334 πατήρς

2151 2344 2206 2395 τί
2239 2345 2294 2397 δὲ
2321 2345 2636 2408 διδάσκαλος
2659 2364 2673 2410 ;
2700 2349 3059 2420 Παιδοτρίὸης
3090 2353 3247 2405 ἑκά-τε
3260 2369 3373 2422 ρος.
3407 2354 3463 2406 Ὀ
3497 2354 3588 2423 μὲν
3613 2352 3705 2423 γὰρ

2154 2435 2234 2505 τῷ
2268 2437 2440 2501 παιδὶ,
2474 2439 2501 2490 6
2527 2438 2582 2490 δὲ
2607 2438 2685 2508 τῷ
2720 2440 2934 2511 μαθητῇ
2967 2440 3223 2511 εὔχεσθαί
3254 2461 3316 2497 τε
3348 2444 3416 2497 τά
3448 2444 3702 2515 κρείττονα

2154 2527 2248 2580 καὶ
2267 2526 2614 2597 βουλεύεσθαι
2646 2529 3020 2585 διεσπούδακε.
3056 2531 3223 2597 Φύσις
3258 2534 3362 2601 μὲν
3396 2532 3504 2603 γὰρ
3528 2532 3701 2602 πατρά-

2156 2635 2238 2673 σιν
2274 2617 2527 2689 εὔχεσθαι
2579 2622 2704 2683 τοὺς
2737 2621 2932 2685 παῖδας
2961 2622 3036 2685 ὡς
3063 2623 3377 2693 βελτίστους
3419 2626 3509 2678 καὶ
3548 2640 3702 2695 φρονι-

2158 2710 2438 2782 μωτάτους
2470 2711 2742 2779 γενέσθαι,
2772 2716 3178 2779 κοσμιωτάτους
3216 2733 3275 2768 τε
3311 2717 3406 2770 καὶ
3444 2714 3703 2787 μετριωτάο

2156 2819 2299 2867 τους,
2350 2803 2437 2856 ἵνα
2467 2803 2516 2854 οἱ
2569 2804 2666 2873 μὲν
2712 2804 2896 2867 παῖδες
2931 2794 3284 2876 εὐδοκιμοῖεν,
3321 2809 3373 2859 οἱ
3406 2807 3462 2861 δὲ
3501 2806 3702 2876 πατέρες

2153 2889 2527 2961 εὐκλεέστεροι
2576 2892 2817 2959 γένοιντο
2872 2897 2937 2964 τῇ
2990 2895 3075 2947 ἐπ’
3122 2896 3320 2959 αὐτοὺς
3354 2898 3588 2967 ἀναφορᾷ
3613 2895 3703 2947 τῶν

2154 2980 2333 3034 καλῶν
2365 2982 2458 3034 τοῦ
2493 2981 2678 3045 παιδός
2702 3000 2715 3013 ο
2755 2985 2954 3056 σπουδὴ
2985 2985 3039 3037 δὲ
3064 2985 3157 3038 καὶ
3186 2986 3553 3059 παιδοτρίῶις
3572 2986 3701 3039 ἀλκι-
3792 2982 3803 2991 ”

2159 3074 2440 3143 μωτάτους
2486 3092 2543 3126 τε
2601 3075 2695 3127 καὶ
2753 3076 3182 3145 τεχνικωτάτους
3229 3081 3361 3142 τοὺς
3412 3079 3500 3131 ὑπ’
3545 3076 3698 3131 αὐτῶν

2157 3164 2529 3233 ἀσκουμένους
2554 3166 2828 3233 γενέσθαι,
2847 3167 2955 3230 ἵνα,
2983 3168 3143 3239 ῥώμῃ
3176 3170 3266 3221 καὶ
3288 3169 3549 3240 ἐμπειρίᾳ
3571 3184 3699 3239 περι-

2156 3254 2326 3320 δέξιον
2357 3256 2419 3309 τὸ
2470 3257 2756 3328 ἀγώνισμα
2806 3259 3196 3330 ποιησάμενοι,
3241 3261 3483 3333 λαμπροὶ
3516 3261 3699 3328 νικητιὶ

2156 3348 2264 3401 τῶν
2304 3349 2611 3404 ἀντιπάλων
2644 3351 3023 3420 ἀποδειχθιῖωι,
3072 3352 3168 3405 καὶ
3197 3355 3229 3422 ἡ
3269 3353 3478 3407 τούτων
3510 3354 3699 3421 ἔννομος

2157 3439 2379 3509 ἄθλησις
2410 3441 2519 3511 (89)
2566 3442 2673 3495 τῶν
2718 3441 3144 3513 καθηγουμένων
3178 3445 3357 3516 σαφὴς
3392 3445 3596 3508 ἔπαινος
3624 3443 3698 3511 γέ-

2156 3549 2334 3600 νηται.
2376 3532 2540 3595 Φύσις
2592 3533 2649 3585 δὲ
2708 3533 2872 3587 παντὶ
2916 3533 2992 3603 τῷ
3038 3534 3309 3588 διδάσκειν
3365 3536 3696 3609 προῃρημένῳ

2155 3625 2215 3676 τὸ
2273 3624 2445 3676 Θέλειν
2501 3628 2579 3687 εἰς
2632 3626 3030 3696 ἀκριϐεστάτην
3091 3626 3397 3696 κατάληψιν
3438 3624 3694 3695 ἀφικέσθαι

2154 3715 2262 3768 τῶν
2287 3716 2631 3786 διδαγμάτων
2677 3718 2801 3781 τοὺς
2843 3716 3108 3787 μαθητάς.
3138 3718 3251 3787 Τῆς
3285 3720 3468 3773 τοίνυν
3492 3717 3590 3771 τῶν
3611 3733 3696 3768 πα-

2154 3807 2328 3876 τέρων
2353 3808 2461 3876 (90)
2486 3807 2697 3875 φύσεως
2726 3808 2912 3861 τοῦτον
2936 3808 3238 3877 ἐπεχούσης
3270 3809 3365 3861 τὸν
3395 3809 3571 3877 λόγον,
3596 3805 3693 3867 πῶς

2155 3901 2253 3952 οὐκ
2282 3899 2348 3952 ἂν
2378 3902 2471 3953 καὶ
2490 3904 2518 3953 6
2542 3901 2640 3970 τῆς
2662 3901 2936 3970 ὁσιότητος
2959 3900 3250 3971 παιδευτὴς
3268 3901 3365 3955 τὸν
3394 3902 3520 3972 παρ’
3555 3896 3695 3953 αὑτοῦ

2158 3993 2544 4062 παιδευόμενον
2591 3991 2807 4059 εὔξαιτο
2849 3992 3200 4046 ἀκακώτατὸν
3243 4010 3302 4047 τε
3335 3995 3429 4048 καὶ
3457 3990 3696 4063 σωφρονέ-

2157 4100 2348 4136 στατον
2393 4082 2491 4154 τὴν
2520 4083 2892 4153 πνευματικὴν
2923 4084 3114 4153 σοφίαν
3154 4084 3563 4156 ἀποδειχθῆναις
3594 4081 3695 4135 καί·

2156 4192 2262 4246 περ
2292 4176 2476 4243 σαφῶς,
2501 4175 2883 4245 ἐπιστάμενος,
2924 4176 3027 4239 ὅτι,
3050 4178 3288 4231 τοιούτου
3318 4177 3596 4249 γενομένου
3615 4171 3694 4226 τοῦ

2157 4266 2424 4337 μαθητοῦ,
2474 4269 2569 4321 καὶ
2620 4269 2772 4338 παρά
2813 4260 3126 4339 ’ἀνθρώποις
3172 4271 3400 4351 εὐκλεὴς
3432 4271 3592 4331 ἔσται,
3619 4265 3696 4319 καὶ

2158 4359 2306 4431 παρὰ
2355 4359 2447 4412 τοῦ
2488 4360 2724 4431 Χριστοῦ
2758 4360 3044 4431 λαμπροὺς
3081 4363 3395 4426 ὑποδέξεται
3440 4362 3545 4431 (91)
3590 4358 3693 4420 τοὺς

2157 4450 2473 4518 στεφάνους,
2501 4452 2576 4514 ὡς
2609 4453 2734 4515 τοὺς
2762 4454 2978 4517 οἰκέτας
2995 4453 3179 4516 αὐτοῦ,
3215 4454 3412 4523 μᾶλλον
3440 4453 3495 4507 δὲ
3526 4450 3691 4509 εἰπεῖν,

2154 4542 2435 4609 ἀδελφοὺς,
2494 4543 2682 4612 ἐπειδὴ
2716 4545 2809 4596 καὶ
2851 4544 3008 4597 τοῦτο
3040 4543 3272 4614 Χριστὸς
3308 4544 3495 4607 εἵλετο,
3534 4540 3692 4604 ἀξίους

2153 4634 2250 4702 τῆς
2280 4633 2415 4704 πρὸς
2444 4633 2605 4686 αὐτὸν
2631 4635 2957 4698 οἰκειώσεως
2977 4635 3067 4688 διὰ
3086 4636 3180 4706 τῆς
3215 4635 3380 4688 αὐτοῦ
3404 4631 3689 4705 ἐπιμελείας

2152 4724 2255 4775 ἀπε
2266 4723 2441 4793 ργασά
2449 4743 2606 4793 μενος

2306 4814 2415 4866 Καὶ
2436 4815 2621 4886 ἕτερον
2650 4817 2705 4869 δὲ
2729 4816 3039 4886 σκοπῶμεν,
3067 4817 3161 4881 ὡς,
3190 4820 3235 4870 εἰ
3270 4818 3464 4886 φαῦλος
3491 4817 3517 4868 6
3542 4812 3692 4884 μαθη-

2146 4904 2244 4973 τὴς
2268 4905 2478 4972 γένοιτο
2521 4907 2669 4978 παρά
2696 4908 2794 4978 τὴν
2815 4908 2975 4961 αὐτοῦ
2995 4909 3237 4980 ἀγωγὴν,
3265 4908 3517 4978 αἰσχύνην
3533 4907 3689 4970 ἀπαρ-

2144 4984 2411 5064 ηγόρητον
2453 4994 2563 5060 ἔξει
2607 4997 2697 5051 ἐπὶ
2747 4999 2847 5069 τῆς
2897 4999 3280 5070 οἱκουμενικῆς
3321 4997 3455 5052 κατά
3489 4995 3571 5049 τὸν
3605 4992 3689 5059 τῆς

2152 5306 2217 5358 sii
2254 5306 2422 5359 veteri
2461 5307 2619 5360 libro.
2646 5304 2889 5361 Subinde
2926 5306 3094 5361 codex
3123 5306 3280 5361 Colb.
3310 5300 3632 5374 φιλονεικείη.

2222 5378 2332 5450 (ξαρ)
2360 5377 2542 5450 {inde}
2570 5378 2725 5431 Colb.
2758 5378 2982 5450 ἔννομος
3015 5376 3337 5450 ἄσκησις-μ
3466 5444 3475 5450 _
3629 5437 3650 5450 η,

2221 5445 2333 5517 (90)
2366 5445 2540 5517 Yossii
2571 5458 2727 5501 vetus
2757 5444 2895 5500 liber
2919 5455 2972 5499 et
3010 5447 3100 5499 alii
3132 5444 3240 5501 duo
3268 5446 3375 5514 Τῆς
3400 5444 3564 5496 τοίνυν
3592 5444 3683 5490 τῶν

2152 5516 2517 5585 πραγμάτων,
2548 5534 2665 5570 cum
2702 5518 2865 5587 igitur
2888 5533 2968 5570 res
2992 5517 3070 5569 ita
3094 5533 3147 5571 se
3174 5517 3393 5591 habeant
3424 5520 3593 5579 suapte
3608 5524 3683 5560 na-

2150 5596 2292 5639 tura.
3653 5639 3675 5651 ο

2220 5656 2332 5726 (91)
2367 5653 2457 5708 Sic
2486 5667 2697 5727 veteres
2720 5656 2928 5727 aliquot
2956 5656 3099 5711 libri.
3135 5655 3275 5711 Editi
3308 5652 3452 5713 παρά
3473 5651 3679 5711 Χοιστου

2148 5723 2433 5796 λαμπροὺς
2468 5726 2814 5799 ἀποδέξηται.
