4018 6226
321 325 339 376 i
352 321 449 377 ιοι

1410 316 2011 375 CONSTITUTIONES
2050 282 2492 380 nouasrtcm.

3434 323 3571 408 “99

317 438 550 509 κρίσεως
599 451 788 507 καιρόν
845 433 1206 507 πανηγύρεως
1251 437 1281 489 ὁ
1337 436 1736 508 ὑφηγούμενος,
1797 439 1892 491 καὶ

1998 439 2298 511 ignominia
2327 457 2512 497 coram
2540 442 2691 497 orbis
2719 449 2992 497 terrarum
3020 443 3239 514 publico
3263 451 3567 508 conventu,

316 530 408 582 ἐπὶ
452 526 548 580 τοῦ
610 527 888 596 πανδήμου
910 526 1021 580 τῶν
1060 526 1328 599 οὐρανίων
1382 526 1748 600 ἀθροίσματος
1778 529 1888 601 (92)

315 619 415 672 οὑκ
434 621 773 688 αἰσχυνεῖται
794 617 975 688 μόνον,
996 618 1130 671 ἀλλά
1158 619 1251 671 καὶ
1268 618 1687 688 κολασθήσεται.
1719 621 1890 673 Πόθεν

313 708 408 765 οὖν
458 712 815 781 ἐγγενήσεται
861 710 923 764 τὸ
964 710 1038 782 μὴ
1079 712 1199 782 οὑχὶ
1223 712 1448 783 θελῆσαι
1481 713 1571 765 τὸν
1613 713 1890 783 καθηγού-

318 818 479 872 μενον
533 803 758 873 κόσμιόν
812 819 872 854 τε
911 803 1005 855 καὶ
1032 804 1251 873 ἐπιεικῆ
1290 803 1544 873 γενέσθαι
1575 804 1666 857 τὸν
1694 806 1891 856 οἰκεῖον

313 899 608 970 ὁμιλητήν;
654 899 763 953 Καὶ
807 900 983 965 ἄλλως
1016 901 1073 955 δὲ
1118 901 1440 972 ἀλυσιτελὴς
1483 900 1561 970 τῷ
1590 900 1893 970 διδασκάλῳ

312 994 347 1060 ὴ
381 991 475 1044 τοῦ
512 990 755 1062 μαθητοῦ
807 994 1062 1065 πονηρία.
1100 994 1316 1063 Ἐπειδὴ
1351 994 1460 1066 γὰρ
1493 992 1591 1064 τὴν
1630 994 1767 1064 πρὸς
1801 992 1893 1045 ἀλ-

313 1083 508 1155 λήλους
534 1086 790 1156 ἑκάτερος
817 1088 926 1157 (95)
964 1085 1266 1144 συμϐίωσιν
1296 1087 1518 1148 εἴλοντο,
1541 1081 1608 1155 ἧς
1632 1085 1695 1138 ἂν
1728 1086 1892 1155 μετά-

314 1195 419 1249 σχῃ
446 1180 708 1249 πονηρίας
736 1181 764 1231 ὁ
798 1180 1064 1251 μαθητὴς,
1086 1180 1193 1233 τῶν
1227 1179 1432 1251 ταύτης
1470 1178 1700 1249 καρπῶν
1751 1177 1895 1249 πρῶ-

312 1288 407 1324 τον
442 1272 762 1343 μεταδίδωσι
804 1273 883 1343 τῷ
937 1273 1272 1343 διδασκάλῳ·
1323 1271 1513 1343 ὥσπερ
1585 1270 1654 1324 τά
1715 1270 1894 1323 ἰοϐόλα

314 1363 424 1416 τῶν
469 1362 713 1435 ἑρπετῶν
747 1367 860 1427 τοῖς
906 1364 1167 1418 θάλπουσι
1197 1364 1416 1436 πρῶτον
1452 1362 1626 1429 ἐνίησι
1661 1363 1753 1415 τὸν
1786 1361 1889 1413 ἱόν·

315 1456 391 1519 ώς
434 1453 571 1509 εἶναι
613 1456 882 1509 πάντοθεν
932 1455 1109 1527 δῆλον,
1160 1455 1224 1509 ἐκ
1281 1473 1340 1509 τε
1383 1456 1485 1525 τῆς
1520 1454 1735 1524 φύσεως
1783 1453 1894 1506 τῶν

316 1547 678 1618 πραγμάτων,
711 1548 774 1601 ἐκ
812 1565 870 1601 τε
896 1548 991 1601 τοῦ
1025 1548 1431 1613 λυσιτελοῦντος
1460 1548 1538 1619 τῷ
1573 1547 1778 1615 ἄγοντι,
1811 1547 1893 1599 ὅτι

316 1636 549 1701 εὔξεται,
597 1639 691 1691 καὶ
738 1638 917 1691 πάντα
967 1637 1165 1709 τρόπον
1219 1638 1530 1703 σπουδάσει,
1564 1636 1783 1705 ἐπιεικῆ
1832 1653 1892 1689 τε

314 1730 410 1782 καὶ
448 1730 676 1800 κόσμιον
716 1730 806 1783 τὸν
830 1731 921 1782 ὑπ’
951 1729 1100 1799 αὑτῴ
1126 1729 1511 1799 παιδευόμενον
1534 1729 1889 1799 καταστῆναι.

314 1820 378 1872 Et
411 1822 507 1891 μὲν
528 1820 638 1894 γὰρ
686 1817 755 1892 ἦν
808 1821 1006 1884 κακίας
1032 1822 1127 1874 καὶ
1153 1822 1418 1893 πονηρίας
1447 1821 1732 1890 ἀλείπτης,
1756 1820 1892 1891 πρὸς

310 1913 469 1967 τοῦτο
527 1915 744 1978 πάντως
792 1914 945 1983 ἄγειν
985 1914 1050 1967 ἂν
1101 1914 1163 1967 τὸ
1196 1914 1370 1984 πέρας
1409 1915 1536 1976 τοὺς
1569 1915 1699 1982 παρ’
1728 1912 1892 1964 αὑτοῦ

312 2006 687 2076 ἀσκουμένους
712 2006 1074 2060 ἐσπούδακεν’
1110 2008 1157 2059 εἰ
1192 2006 1248 2060 δὲ
1274 2006 1475 2080 ἀρετῆς
1501 2007 1595 2059 καὶ
1624 2005 1895 2058 δικαιοσύ-

311 2115 409 2168 νης
437 2098 550 2150 ἐστὶ
568 2098 879 2168 παιδευτὴς,
902 2098 1002 2151 οὑκ
1032 2098 1095 2151 ἂν
1118 2097 1356 2152 ἐναντίον
1379 2095 1530 2168 οἶμαι
1548 2099 1658 2159 τοῖς
1675 2096 1895 2159 οἰκείοις

315 2193 693 2263 σπουδάσμασι
753 2192 813 2245 τὸ
854 2192 1025 2263 πέρας
1056 2193 1147 2243 ἐπὶ
1185 2191 1276 2244 τὸν
1315 2190 1755 2261 μαθητευόμενον
1782 2188 1894 2259 (9-4)

310 2284 540 2354 ἐκϐῆναι
568 2283 759 2335 ἕλοιτο.
796 2283 1020 2335 ’Ἀπασα
1048 2282 1228 2333 τοίνυν
1264 2282 1538 2351 πρόφασις
1564 2278 1783 2347 εὔλογος
1817 2278 1895 2349 τῷ

312 2374 621 2445 βουλομένῳ
696 2372 1028 2444 χωρίζεσθαι
1109 2371 1481 2441 πνευματικοῦ
1552 2373 1895 2442 συστήματος

310 2464 660 2536 περιῄρηται.
692 2464 849 2516 Αἰτία
896 2463 953 2515 δὲ
983 2464 1132 2532 αύτῷ
1166 2461 1455 2534 ἀπεδείχθη
1495 2462 1594 2533 τῆς
1640 2461 1896 2533 τοιαύτης
1924 2518 1930 2525 ,

315 2556 544 2627 γνώμης
585 2558 617 2627 ή
663 2555 773 2607 τῶν
828 2554 1015 2608 παθῶν
1059 2554 1332 2621 ἀκρασία,
1368 2554 1463 2608 καὶ
1505 2556 1536 2626 ή
1587 2555 1716 2626 περὶ
1770 2555 1896 2618 τοὺς

312 2647 509 2709 πόνους
563 2647 844 2718 ὀλιγωρία,
910 2647 1004 2700 καὶ
1045 2647 1108 2699 τὸ
1139 2647 1238 2717 τῆς
1279 2646 1513 2717 κρίσεως
1546 2645 1745 2718 σαθρὸν
1784 2645 1895 2718 (95)

310 2739 407 2793 καὶ
433 2738 701 2793 ἀϐέϐαιον.
742 2739 817 2792 Οὑ
852 2738 958 2811 γάρ
986 2739 1218 2809 ἤκουσεν
1259 2732 1413 2800 οὑτος
1444 2736 1596 2810 παρά
1634 2738 1728 2790 τοῦ
1757 2754 1895 2809 προ-

312 2830 485 2900 φήτου
515 2830 696 2895 Δαδὶδ,
717 2832 798 2883 ὅτι
819 2829 1105 2898 Μακάριοι
1128 2833 1180 2883 οἱ
1206 2829 1635 2898 φυλάσσοντες
1662 2829 1892 2897 κρίσιν·

309 2921 361 2971 οἱ
391 2919 773 2989 φυλάσσοντες,
814 2921 932 2990 οὑχὶ
982 2921 1031 2974 οἱ
1060 2920 1435 2984 καταλύοντες.
1474 2915 1631 2974 Οὗτοί
1672 2922 1809 2973 εἰσιν
1847 2923 1895 2974 οί

308 3014 424 3074 τοῖς
475 3014 677 3083 μωροῖς
721 3012 1097 3083 ὁμοιωθέντες,
1139 3015 1188 3066 οἰ
1235 3014 1328 3066 ἐπὶ
1374 3014 1476 3084 τῆς
1514 3013 1763 3083 ψάμμου,
1798 3013 1897 3086 τῆς

313 3104 453 3157 κατά
493 3104 591 3174 τὴν
641 3101 868 3174 γνώμην
916 3104 1324 3176 ἀΰεὸαιότητος,
1375 3105 1465 3159 τὸν
1508 3104 1756 3176 θεμέλιον
1795 3106 1894 3176 τῆς

318 3196 693 3268 πνευματικῆς
739 3195 978 3260 τιθέντες
1019 3198 1328 3268 οἰκοδομῆς,
1366 3197 1425 3251 ὃν
1457 3197 1635 3266 ὀλίγαι
1663 3197 1895 3267 ψεκάδες

315 3289 657 3360 τπιρασμῶν,
692 3289 787 3343 καὶ
821 3289 1025 3360 βραχὺς
1059 3290 1360 3362 χείμαρρος
1393 3289 1500 3341 τῶν
1525 3288 1621 3341 τοῦ
1655 3288 1893 3359 πονηροῦ

314 3379 517 3448 ἐφόδων
546 3380 677 3451 (96),
716 3381 1026 3449 ὑφελκύσας
1079 3382 1178 3452 τὴν
1218 3381 1555 3452 ὑποϐάθραν,
1593 3379 1802 3433 διέλυσέ
1836 3397 1895 3433 τε

317 3472 410 3525 καὶ
441 3472 835 3544 διεσκόρπισεν.

834 3582 1231 3635 ΚΕΦΑΛΑῘΟΝ
1270 3583 1397 3635 ΚΒ’.

641 3674 777 3741 Περὶ
812 3672 1090 3742 ὑπακοῆς
1120 3672 1552 3744 πληρέστερον.

391 3764 441 3817 Ι.
482 3765 668 3828 Ὅπως
732 3766 831 3836 μὲν
880 3763 973 3819 οὖν
1022 3769 1287 3838 προσήκει
1318 3766 1407 3820 τὸν
1457 3765 1603 3832 ἆπαξ
1630 3765 1898 3819 ἐνωθέντα

318 3857 673 3929 πνευματικῷ
732 3860 1034 3931 συστήματι
1076 3859 1363 3929 φυλάττειν
1395 3858 1493 3930 τὴν
1528 3858 1721 3911 ἕνωσιν
1754 3859 1900 3912 ἀδιά-

317 3949 498 4014 λυτον,
535 3948 675 4003 κατά
708 3949 767 4003 τὸ
798 3949 915 4004 ἐνὸν
949 3950 1281 4022 ὑπεθέμεθα.
1307 3950 1421 4004 Νῦν
1448 3950 1492 4004 δ’
1518 3946 1586 4005 αὖ
1616 3950 1778 4005 πάλιν
1808 3951 1899 4004 τὸν

322 4052 388 4086 πε
399 4036 449 4105 pl
491 4035 589 4106 τῆς
633 4037 880 4108 ὑπακοῆς
906 4038 1063 4108 λόγον
1087 4057 1153 4109 γυ
1163 4038 1454 4110 μνάσωμεν
1472 4042 1615 4108 ’,καὶ
1637 4040 1900 4113 πρότερον

325 4126 423 4195 μὲν
454 4125 540 4179 διὰ
572 4127 816 4199 βραχέων
847 4128 1182 4194 ἐπελθόντες,
1212 4131 1307 4184 νῦν
1333 4130 1390 4183 δὲ
1415 4131 1737 4204 τελεώτερον
1759 4134 1902 4186 ἑκτι-

321 4215 538 4286 θέμενοι
561 4234 575 4247 ο
635 4219 731 4271 καὶ
769 4219 1053 4291 δείξωμεν,
1099 4223 1305 4294 ὁπόσην
1344 4223 1372 4274 ὁ
1411 4224 1647 4296 ἀκριϐὴς
1679 4226 1904 4279 ἀπαιτεῖ

320 4307 476 4378 λόγος
518 4312 668 4383 παρὰ
715 4312 823 4366 τῶν
861 4314 1115 4385 ἀσκητῶν
1148 4316 1223 4387 τῷ
1272 4317 1571 4388 προεστῶτι
1601 4319 1698 4389 τὴν
1724 4320 1903 4373 εὑπεί-

322 4399 491 4453 θειαν.
540 4402 627 4469 Ἐξ
658 4404 826 4474 αὐτῆς
851 4404 959 4477 γάρ
990 4407 1085 4478 τῆς
1114 4408 1276 4477 ἁγίας
1306 4410 1531 4480 Γραφῆς
1571 4412 1900 4483 πειράσομαι

321 4493 525 4562 ταύτης
563 4494 621 4546 τὸ
657 4495 853 4567 μέτρον
890 4496 1238 4568 διασαφῆσαι.
1290 4499 1502 4564 Παῦλος
1534 4503 1562 4554 ὁ
1584 4487 1897 4567 ἀπόστολος,

335 4583 625 4652 Ῥωμαίοις
662 4586 1010 4651 ἐπιστέλλων,
1047 4589 1377 4659 προστάσσει
1396 4590 1507 4660 (97)
1533 4593 1733 4656 πάσαις
1755 4594 1905 4660 ἐξου-

327 4675 467 4739 σίαις
500 4677 892 4749 ὑπερεχούσαις
932 4682 1353 4750 ὑποτάσσεσθαι,
1378 4683 1647 4750 ἐξουσίαις
1667 4689 1785 4750 ταῖς
1811 4685 1907 4739 τοῦ

396 4834 441 4865 ⁵⁸
464 4834 606 4890 Psal.
634 4851 719 4899 cv,
758 4837 810 4890 5.

401 4950 509 5023 (92)
544 4951 685 5005 Editi
707 4955 735 5006 ὁ
763 4952 1159 5022 ὑφηγούμενος,
1185 4952 1278 5005 καὶ
1297 4955 1325 5006 ὁ
1350 4952 1449 5023 τῆς
1480 4952 1759 5022 ὁσιότητος
1784 4970 1910 5006 παι-

325 5022 516 5091 δευτὴς
558 5024 652 5075 ἐπὶ
684 5023 797 5075 τοῦ.
833 5026 901 5077 At
930 5040 1064 5077 mss.
1102 5031 1160 5076 ut
1196 5024 1246 5075 in
1295 5022 1572 5076 contextu.
1609 5023 1706 5075 Hic
1754 5026 1909 5079 locus

329 5094 491 5162 paulo
518 5095 675 5147 aliter
700 5096 752 5145 in
779 5091 913 5162 Reg.
941 5095 1116 5161 primo
1135 5095 1351 5161 legitur,
1372 5109 1566 5160 nempe
1587 5093 1692 5145 hoc
1722 5094 1903 5154 modo,

327 5165 641 5235 αἰσχύνεται
686 5163 946 5233 αἰσχύνην
996 5164 1413 5235 ἀπαρηγόρητον
1458 5164 1551 5215 ἐπὶ
1590 5164 1687 5235 τῆς
1732 5165 1909 5215 οἰκου-

373 5233 497 5316 ένης
518 5233 657 5313 κατά
680 5236 778 5316 τὴν
801 5235 898 5303 τῆς
927 5233 1161 5316 κρίσεως
1186 5234 1376 5316 καιρὸν
1394 5233 1782 5316 πανηγύρεως,
1814 5235 1908 5316 κα).

360 5305 420 5355 πὶ
451 5304 545 5355 τοῦ
589 5302 870 5374 πανδήμου
921 5302 1028 5356 τῶν
1066 5303 1341 5374 οὐρανίων
1381 5302 1769 5372 ἀθροίσματος,
1814 5305 1908 5355 καὶ

325 5374 429 5428 οὑκ
460 5373 775 5444 αἰσχύνεται
808 5375 988 5443 μόνον,
1020 5384 1121 5428 etc.
1157 5373 1300 5425 Editi
1334 5373 1531 5426 habent
1572 5388 1792 5444 quoque
1814 5376 1903 5426 αἰ-

330 5444 604 5514 σχύνεται.
642 5446 710 5497 At
743 5460 874 5497 mss.
911 5447 1156 5498 nonnulli
1188 5445 1525 5512 αἰσχυνεῖται
1562 5443 1741 5513 μόνον.

401 5514 515 5581 {95)
552 5512 774 5584 Veteres
807 5514 917 5567 duo
964 5515 1088 5584 libri
1135 5530 1259 5568 cum
1292 5514 1448 5567 Voss.
1481 5512 1905 5584 éxdtepoc._Mox

333 5585 475 5639 idem
504 5583 675 5636 codex
708 5585 862 5637 Voss.
895 5593 947 5639 et
976 5583 1107 5652 Reg.
1144 5586 1355 5653 primus
1398 5583 1464 5636 ἂν
1495 5582 1716 5654 μετέχῃ.
1754 5582 1907 5636 Haud

332 5655 490 5723 longe
518 5653 879 5725 duomssmzbv
906 5655 1106 5725 ταύτης
1137 5656 1367 5724 καρπόν.
1403 5654 1601 5710 ibidem
1636 5653 1764 5723 Reg.
1797 5654 1906 5723 pri-

332 5721 457 5780 mus
498 5721 812 5792 μεταδώσει.

1993 546 2095 586 nec
2137 534 2210 588 sit
2259 533 2424 588 modo
2472 532 2681 604 pudore
2725 533 3041 589 adiciendus
3083 549 3269 588 coram
3312 534 3572 590 universo

1992 626 2236 679 cmlitum
2263 627 2479 696 agmine
2499 667 2512 688 ,
2545 642 2730 679 verum
2755 626 2919 680 etiam
2953 625 3262 695 puniendus
3292 625 3382 681 sit.
3415 624 3571 681 Unde

1993 717 2164 787 igitur
2214 717 2339 780 ﬁet,
2399 726 2458 771 ut
2504 727 2807 787 praeceptor
2848 719 3179 786 discipulum
3223 732 3384 772 suum
3434 716 3572 771 bene

1993 818 2266 865 moratum
2300 826 2365 864 ac
2397 811 2705 865 modestum
2740 826 2862 865 esse
2900 812 3081 866 nolit?
3111 813 3177 865 Et
3218 810 3421 880 alioqui
3451 824 3571 863 ma-

1992 904 2167 974 gistro
2207 920 2312 958 non
2361 903 2646 972 profutura
2697 913 2781 959 est
2825 902 3082 972 discipuli
3126 903 3407 972 pravitas:
3444 916 3568 955 cum

1991 996 2138 1049 enim
2171 996 2333 1049 ambo
2365 997 2505 1050 alter
2533 1011 2656 1049 cum
2692 995 2866 1049 altero
2895 1001 3110 1049 aetatem
3137 992 3337 1062 degere
3364 999 3572 1047 statue—

1992 1089 2100 1151 rit,
2137 1088 2190 1142 in
2220 1089 2368 1158 quod
2401 1089 2596 1142 vitium
2633 1087 2940 1156 discipulus
2984 1084 3269 1148 inciderit,
3298 1084 3419 1156 ejus
3457 1082 3575 1137 fru-

1992 1189 2116 1235 ctus
2142 1181 2379 1250 primum
2404 1197 2529 1235 cum
2561 1181 2827 1251 magistro
2859 1178 3229 1233 communicat
3253 1194 3268 1243 ;
3301 1190 3454 1230 more
3481 1190 3574 1230 ve-

1993 1281 2321 1327 nenatorum
2354 1279 2707 1342 serpentum,
2755 1270 2847 1340 qui
2893 1285 2924 1324 a
2966 1270 3168 1340 quibus
3209 1267 3484 1333 fovemur,
3517 1266 3571 1320 in

1992 1378 2087 1417 eos
2120 1364 2357 1432 primum
2402 1363 2559 1417 virus
2611 1361 2936 1415 immittunt.
2986 1359 3168 1426 Quare
3222 1358 3570 1428 perspicuum

1993 1462 2077 1510 est
2110 1455 2390 1525 undique,
2424 1469 2553 1509 cum
2586 1469 2650 1508 ex
2684 1468 2867 1508 rerum
2905 1460 3103 1506 natura
3125 1490 3140 1515 ,
3173 1458 3289 1505 tum
3323 1464 3387 1505 ex
3418 1450 3572 1504 utili-

1994 1552 2104 1599 tate
2134 1545 2508 1608 instituentis,
2544 1552 2860 1613 optaturum
2892 1544 3073 1614 ipsum
3097 1583 3112 1609 ,
3142 1557 3207 1597 ac
3251 1551 3572 1597 curaturum

1994 1634 2143 1688 omni
2174 1633 2368 1697 modo,
2400 1641 2460 1687 ut
2493 1649 2627 1688 suus
2657 1632 2968 1703 discipulus
2997 1631 3090 1687 ﬁat
3120 1633 3326 1701 probus
3359 1646 3422 1686 ac
3449 1647 3573 1686 mo-

1996 1726 2209 1780 destus.
2240 1725 2452 1780 Etenim
2486 1726 2533 1780 si
2562 1727 2786 1781 malitia:
2815 1740 2880 1780 ac
2920 1727 3180 1797 nequitia:
3220 1724 3362 1781 foret
3405 1725 3575 1795 magi-

1997 1827 2131 1878 sler.
2165 1819 2231 1873 ad
2261 1819 2407 1872 hunc
2437 1819 2665 1873 omnino
2696 1819 2857 1874 ﬁnem
2887 1835 2984 1877 eos
3016 1820 3109 1890 qui
3148 1819 3218 1873 ab
3256 1819 3377 1888 ipso
3417 1833 3575 1872 exer-

1995 1922 2212 1975 centur,
2242 1911 2489 1967 studeret
2519 1911 2860 1981 perducere:
2895 1911 2940 1966 si
2969 1926 3100 1966 vero
3129 1911 3325 1966 doctor
3353 1917 3437 1965 est
3464 1910 3578 1964 vir-

1996 2005 2129 2059 tutis
2157 2020 2219 2059 ac
2243 2005 2506 2073 iustitiae,
2541 2005 2967 2075 haudquaquam
2998 2005 3178 2068 volet,
3225 2003 3440 2073 Opinor,
3488 2001 3577 2055 di-

1996 2097 2269 2165 scipulum
2318 2113 2479 2152 suum
2527 2096 2595 2151 ad
2639 2097 2980 2151 contrarium
3025 2096 3143 2151 Suis
3175 2096 3347 2165 ipsius
3380 2092 3578 2149 studiis

1997 2188 2161 2258 570
2190 2187 2350 2242 ﬁnem
2399 2190 2709 2259 pervenire.
2754 2189 2945 2258 itaque
2995 2204 3186 2258 arquus
3217 2189 3397 2241 omnis
3438 2202 3579 2257 prae-

1997 2290 2181 2336 textus
2210 2281 2463 2336 sublatus
2491 2289 2577 2337 est
2601 2281 2673 2346 ei,
2702 2281 2795 2351 qui
2822 2281 2936 2334 vult
2964 2296 2992 2333 a
3020 2279 3288 2349 spirituali
3319 2278 3580 2333 societate

1997 2375 2270 2444 separari.
2324 2372 2512 2428 Posita
2559 2381 2645 2428 est
2686 2385 2868 2427 autem
2916 2373 3019 2443 ipsi
3061 2373 3132 2426 ob
3177 2371 3368 2425 oculos
3414 2384 3578 2424 causa

1996 2467 2164 2537 hujus
2193 2468 2449 2533 consilii,
2496 2466 2916 2536 intemperantia
2962 2465 3255 2520 aﬂcctuum
3281 2505 3296 2528 ,
3329 2463 3578 2518 laborum

1994 2561 2331 2632 negligentia
2353 2601 2366 2623 ,
2401 2561 2713 2630 corruptela
2742 2574 2805 2614 ac
2835 2559 3169 2614 instabilitas
3195 2557 3411 2628 judicii.
3459 2555 3579 2610 Non

1997 2654 2145 2709 enim
2182 2654 2397 2709 audivit
2424 2655 2471 2708 is
2504 2669 2535 2707 a
2561 2652 2833 2724 propheta
2868 2651 3036 2705 David
3060 2691 3075 2715 ,
3104 2650 3257 2705 Beati
3290 2651 3379 2721 qui
3404 2658 3578 2703 custo-

1997 2747 2153 2801 diunt
2177 2747 2443 2818 judicium
2480 2748 2569 2814 ⁵⁶;
2609 2748 2702 2818 qui
2745 2746 3098 2806 custodiunt,
3143 2760 3253 2798 non
3296 2743 3390 2814 qui
3428 2758 3583 2798 ever-

2002 2849 2145 2894 tunt.
2200 2840 2263 2894 lli
2311 2847 2442 2896 sunt
2490 2840 2584 2910 qui
2629 2837 2798 2894 fatuis
2845 2837 3263 2894 assimilantur:
3298 2833 3391 2919 qui
3418 2849 3584 2905 super

1998 2948 2222 2987 arenam
2248 2931 2636 2987 inconstantiae
2659 2931 2860 2987 mentis
2878 2972 2892 2995 ,
2917 2929 3133 2986 aadiiieii
3157 2927 3463 3000 spiritualis
3494 2942 3587 2997 po-

2000 3030 2232 3077 suerunt
2284 3022 2743 3087 fundamentum,
2788 3022 2934 3091 quod
2984 3016 3173 3090 pauca?
3219 3019 3584 3073 tentationum

1923 3134 1967 3195 ε
1997 3122 2197 3184 guttaa,
2249 3122 2305 3170 et
2358 3113 2612 3170 modicus
2664 3122 2883 3169 torrens
2934 3111 3192 3195 ah‘illius
3233 3109 3455 3179 maligni
3503 3124 3586 3163 as-

1998 3206 2238 3263 sultibus
2292 3194 2598 3274 excitatus,
2651 3206 2935 3261 subtracto
2976 3185 3184 3270 fulcro,
3230 3202 3480 3259 dissolvit
3520 3216 3585 3256 ac

1996 3297 2222 3366 disjicit.

2576 3586 2807 3642 CAPUT
2852 3585 3014 3644 XXII.

2466 3677 2538 3732 De
2568 3678 2861 3732 obedientia
2890 3680 3118 3733 uberius.
3408 3736 3411 3741 _

2076 3770 2126 3824 1.
2168 3769 2458 3837 Quomodo
2482 3771 2703 3841 quidem
2735 3769 3136 3827 indissolubilis
3168 3769 3486 3839 conjunctio
3510 3769 3582 3825 ab

2000 3878 2101 3927 eo,
2148 3866 2242 3933 qui
2286 3879 2345 3919 se
2389 3864 2557 3918 semel
2607 3862 2883 3933 spirituali
2928 3863 3183 3918 societati
3230 3863 3577 3932 adjunxerit,

2002 3956 2271 4010 servanda
2300 3956 2410 4020 sit,
2441 3955 2621 4027 quoad
2648 3957 2925 4027 potuimus
2947 3997 2961 4023 ,
2987 3954 3346 4011 ostendimus.
3380 3953 3580 4009 Verum

2001 4065 2149 4104 nunc
2179 4049 2377 4104 iterum
2408 4049 2476 4105 de
2504 4048 2815 4104 obedientia
2848 4049 3203 4105 instituamus
3234 4063 3541 4104 sermonem
3563 4086 3578 4111 ,

2000 4146 2055 4193 et
2082 4137 2229 4207 quod
2259 4139 2515 4207 superius
2542 4138 2731 4208 paucis
2770 4138 3232 4209 perstrinximus,
3275 4153 3424 4193 nunc
3464 4137 3585 4192 dili-

2002 4231 2221 4301 gentius
2264 4232 2637 4303 explicemus,
2670 4231 3136 4301 ostendamusque
3171 4239 3431 4300 quautam
3475 4229 3585 4284 exi-

2004 4332 2095 4394 gat
2122 4325 2190 4379 ab
2215 4326 2418 4381 ascetis
2440 4340 2565 4394 erga
2596 4323 2913 4395 praal‘ectum
2941 4324 3303 4379 obedientiam
3329 4329 3583 4407 accurata

2004 4416 2277 4470 doctrina.
2312 4416 2391 4469 Ex
2423 4416 2540 4486 ipsa
2587 4417 2732 4471 enim
2778 4414 3062 4486 Scriptura
3106 4415 3322 4470 adnitar
3363 4416 3581 4468 modum
3660 4417 3664 4421 ‘

2008 4506 2155 4561 illius
2182 4520 2245 4560 ac
2271 4521 2585 4560 mensuram
2610 4506 2911 4561 declarare.
2937 4505 3016 4560 Ad
3040 4503 3313 4559 Romanos
3337 4503 3584 4558 scribens

2009 4586 2291 4666 apostolus
2313 4597 2548 4661 Paulus,
2573 4598 2768 4666 subjici
2794 4614 2887 4651 eos
2911 4605 2963 4651 et
2992 4596 3352 4666 potestatibus
3373 4592 3585 4647 cunctis

2014 4689 2561 4758 supereminentibus
2598 4689 2791 4757 jubet,
2823 4686 3116 4741 mundanis
3138 4729 3152 4752 ,
3185 4688 3405 4756 inquam
3427 4723 3441 4748 ,
3475 4698 3584 4738 non

2082 4953 2193 5017 (9-4)
2226 4951 2455 5005 Codices
2488 4949 2733 5004 nonnulli
2762 4949 2854 5001 ἐπὶ
2887 4947 2995 5000 τῶν
3023 4945 3496 5017 μαθητευομένω-ν.

2084 4964 2171 5017 (94
2226 4964 2455 5005 uources
2488 4964 2733 5004 nonnum
2762 4964 2854 5001 επι
2887 4965 2995 5000 των
3065 4964 3496 5017 αυητευομενων.

2227 5021 2379 5096 ξομε
2409 5037 2512 5074 ms.
2552 5021 2643 5096 καὶ
2665 5020 2731 5096 τὸ
2756 4964 3095 5096 τῆὶοἰκεῖάς
3111 5015 3338 5096 γνώμης
3367 5014 3584 5096 σαθρόνἐ

2083 5086 2195 5163 (96)
2229 5092 2508 5163 Editioncs
2556 5091 2720 5144 Basil.
2760 5098 2814 5141 et
2844 5088 3021 5163 Paris.
3068 5086 3308 5163 τῶνητοῦ
3347 5086 3587 5163 πονηροῦ

2012 5156 2217 5232 ἐφόδων
2247 5182 2259 5193 ·
2298 5163 2393 5215 sed
2420 5162 2504 5215 hae
2532 5163 2650 5214 dua:
2671 5174 2849 5232 _voces
2878 5158 3073 5232 ad»)...
3092 5158 3294 5232 ἐφόδων
3320 5156 3584 5232 neque_in

2012 5225 2171 5287 Voss.
2206 5248 2382 5301 neque
2415 5233 2469 5285 in
2495 5232 2616 5286 aliis
2653 5229 2868 5301 duobus
2893 5244 3027 5283 mss.
3062 5225 3435 5301 inveniuntur.
3459 5225 3584 5301 Δ(Σο--

2010 5305 2111 5359 (lex
2138 5293 2307 5379 Coll).
2330 5301 2437 5379 τῶν
2474 5301 2567 5353 τοῦ
2606 5299 2842 5379 πονηροῦ
2864 5299 3315 5379 ,προπεμμάτωη
3359 5293 3586 5375 ἐφελκὺ-

2009 5390 2127 5436 σας.
2173 5374 2277 5425 Αιίὶ
2326 5372 2435 5424 duo
2498 5387 2632 5426 mss.
2680 5368 2979 5441 χείμαρρος
3025 5368 3135 5421 τῶν
3187 5368 3279 5420 τοῦ
3311 5368 3585 5437 πονηροῦ,

1960 5442 1967 5453 ’
2006 5445 2335 5513 ὑφελκύσας.

2078 5515 2190 5583 (97)
2222 5512 2364 5566 Editi
2412 5511 2727 5583 προτάσσει.
2766 5504 2835 5564 At
2880 5526 3015 5583 mss.
3070 5506 3586 5583 ﬁpOﬂdGGEt._Aii-

2006 5576 2213 5708 (μιεὲιό
2243 5589 2366 5652 post
2398 5576 2569 5639 codex
2614 5582 2768 5637 Colh.
2806 5583 2901 5635 καὶ
2932 5582 3059 5642 τοὺς
3094 5576 3587 5647 ἁντιτασσομένους

2007 5672 2106 5709 κατ
2178 5671 2259 5722 γε.
