4092 6384
286 269 3487 307 M

1282 533 2181 658 PREFATIO
2229 516 2309 586 (⁸)

299 1023 333 1072 l.
355 1021 546 1074 Fortasse
563 1017 737 1072 nullum
762 1019 850 1072 est
873 1015 1193 1071 hominum
1223 1029 1433 1084 genus,
1463 1015 1584 1087 qui.
1597 1030 1723 1071 ma-
1753 1018 1799 1070 Α
1838 1029 1976 1070 cum
1988 1029 2082 1069 res
2099 1013 2372 1070 omnium
2387 1009 2745 1082 gravissima
2759 1018 2989 1083 agatur.
3019 1017 3138 1070 Hoc
3152 1016 3352 1072 autem
3366 1031 3496 1073 mu-

239 1106 306 1177 gis
326 1106 554 1162 nocuerint
585 1107 716 1161 bonis
734 1105 961 1172 studiis,
990 1121 1181 1176 quam
1211 1120 1441 1170 eorum,
1467 1105 1572 1176 qui
1584 1119 1726 1160 vcra
1837 1119 1951 1160 nus
1967 1120 2090 1159 non
2118 1103 2179 1159 in
2201 1118 2627 1176 quemcunque
2650 1103 2946 1170 convenit,
2979 1104 3085 1159 sed
3105 1105 3168 1160 in
3189 1121 3329 1161 eum
3369 1110 3496 1162 tan-

235 1199 492 1253 sanotorum
523 1198 704 1251 Patrum
747 1195 968 1267 scripta
1017 1211 1156 1250 cum
1199 1194 1363 1250 falsis
1410 1195 1724 1250 miscuere.
1840 1192 2467 1264 tummodo,quinuIlo
2485 1191 3042 1264 praeviojudicio,de
3061 1195 3492 1266 rchusjudicet.

232 1287 343 1347 Quot
365 1285 485 1342 enim
507 1285 629 1341 mala
643 1285 757 1340 hinc
779 1288 836 1340 et
855 1284 999 1339 olim
1017 1288 1159 1342 nata
1181 1284 1319 1353 sint,
1343 1288 1397 1339 et
1426 1283 1606 1339 hodie
1627 1299 1729 1339 na—
1840 1286 2052 1339 Verum
2083 1298 2421 1356 paucorum
2453 1285 2540 1337 est
2565 1281 2696 1337 haec
2725 1281 2932 1338 virtus.
2967 1283 3080 1338 Alii
3100 1285 3262 1340 enim
3291 1285 3354 1340 in
3380 1285 3495 1341 cri-

228 1367 425 1443 scantur,
440 1389 590 1440 nemo,
616 1373 695 1446 qui
715 1389 834 1429 non
862 1373 1111 1428 omnino
1139 1388 1343 1427 rerum
1363 1371 1726 1428 ecclesiasti-
1840 1373 1963 1429 ticis
1990 1371 2499 1445 disputationibus
2532 1371 2861 1427 severiores
2889 1376 3048 1444 sunt,
3086 1373 3309 1446 quibus
3349 1375 3498 1430 nihil

222 1479 380 1520 carum
415 1463 543 1518 rudis
576 1463 647 1532 sit,
671 1463 921 1532 ignorat.
968 1464 1261 1533 Dogmata
1301 1460 1726 1521 obscuranlur,
1839 1462 2120 1534 probetur
2145 1477 2355 1516 eorum
2379 1476 2514 1532 quae
2564 1460 2758 1514 caeteri
2807 1460 3070 1532 probant
3103 1481 3115 1530 ;
3169 1462 3268 1519 alii
3301 1462 3501 1518 indul-

217 1552 451 1608 imdantur
482 1551 697 1618 moralia,
740 1550 987 1606 historia
1033 1549 1286 1618 vacillat,
1322 1549 1562 1605 traditio
1599 1564 1728 1621 per—
1837 1549 3503 1625 gentiores,quibusindiscriminatimplaceantquaecun-

213 1641 440 1708 turbatur,
467 1645 524 1704 et,
555 1643 603 1695 ut
622 1639 780 1696 verbo
821 1640 1041 1706 dicam,
1078 1640 1125 1694 si
1159 1638 1343 1694 semel
1380 1639 1546 1710 apud
1593 1655 1726 1695 san-
1837 1657 1952 1713 que
1983 1657 2020 1696 a
2041 1641 2218 1708 vulgo
2240 1644 2482 1711 recepta
2505 1641 2662 1693 sunt.
2697 1640 2988 1710 Utrosque
3015 1655 3498 1710 peccare,nemo.

209 1734 307 1786 ctos
326 1733 481 1785 Patres
499 1729 712 1798 genuina
732 1745 868 1784 cum
892 1727 1244 1784 adulterinis
1260 1727 1723 1800 confundantur,
1837 1731 2072 1804 opinor,
2105 1728 2454 1784 difﬁtebitur
2487 1745 2500 1782 :
2545 1727 2651 1782 sed
2692 1728 2806 1783 utri
2850 1729 3046 1798 magis
3083 1735 3355 1802 peccent,
3403 1731 3503 1787 alii

202 1818 366 1876 omnia
387 1818 511 1874 inter
527 1834 577 1873 se
603 1817 862 1874 confundi
892 1833 1136 1873 necesse
1167 1821 1277 1872 est.
1839 1819 2144 1877 videbunt.
2170 1822 2394 1874 Interea
2416 1831 2548 1888 ego,
2579 1816 2794 1889 quieo,
2817 1819 2980 1888 quod
2999 1819 3315 1890 amplexus
3340 1837 3501 1888 sum,

252 1912 294 1962 2.
325 1908 454 1979 Ejus,
481 1906 616 1979 quod
639 1906 761 1975 dixi,
782 1906 927 1962 mali
945 1906 1348 1979 frequentiora
1372 1909 1510 1961 sunt
1531 1922 1728 1962 exem-
1839 1905 2018 1962 studii
2039 1921 2256 1976 genere
2285 1903 2585 1976 ejusmodi
2602 1905 2966 1977 qneestiones
2998 1907 3234 1964 criticas
3274 1908 3502 1978 agitare

186 1996 287 2070 pla,
314 2012 468 2069 quam
489 2000 541 2051 ut
558 1995 731 2067 aliqua
745 1995 959 2050 referre
979 2010 1132 2066 opus
1155 1997 1249 2049 sit.
1285 1994 1346 2049 In
1373 1994 1730 2050 memoriam
1838 1994 2236 2064 cogor,libere
2262 1993 2512 2065 quidem
2532 2009 2730 2050 meam
2755 1995 3109 2052 sententiam
3135 2012 3500 2068 proponam,

185 2092 348 2142 tamen
363 2085 608 2141 revocabo
632 2081 1060 2157 impudentiam
1091 2082 1650 2155 Apollinaristarum
1675 2087 1729 2139 et
1837 2083 1942 2138 sed
1966 2083 2046 2138 ita
2078 2087 2296 2153 tamen,
2337 2087 2396 2138 ut
2427 2082 2666 2155 proprie
2696 2099 2822 2138 non
2840 2083 3132 2154 judicem,
3162 2085 3262 2140 sed
3300 2086 3500 2142 erudi-

177 2174 619 2246 Eutychianorum,
636 2173 879 2245 quicum
894 2188 1002 2228 sua
1018 2188 1126 2244 pro
1145 2171 1389 2227 sinceris
1407 2187 1476 2227 ac
1498 2187 1729 2242 germa-
1838 2176 2036 2229 torum
2043 2170 2341 2242 judicium
2364 2175 2707 2242 exspectem
2729 2171 2808 2227 ad
2825 2171 3252 2242 judicandum.
3286 2177 3372 2232 Ita
3391 2175 3498 2246 igi-

169 2266 249 2321 nis
271 2269 564 2321 sanctorum
587 2267 807 2320 Patrum
839 2263 1071 2336 scriptis
1103 2262 1612 2335 promulgassent,
1647 2263 1728 2318 ita
1840 2267 1934 2319 tur
1959 2262 2260 2318 animatus
2291 2277 2420 2316 rem
2449 2261 2789 2332 aggredior.

164 2359 322 2411 totam
358 2353 667 2410 infestarunt
701 2352 1044 2417 Ecclesiam,
1084 2357 1147 2406 ut
1170 2351 1471 2422 ejusmodi
1503 2351 1725 2407 vulnus
1756 2365 1797 2420 Β
2056 2353 2083 2418 §
2118 2355 2162 2406 l.
2196 2352 2282 2406 De
2311 2351 2577 2406 oratione
2597 2351 2860 2407 secunda
2883 2353 2946 2407 in
2957 2353 3286 2422 jejunium.

157 2443 446 2500 coalescere
465 2459 526 2498 ac
553 2441 729 2498 sanari
757 2442 1019 2498 necdum
1048 2440 1331 2512 potuerit.
1355 2443 1502 2496 Nam
1523 2439 1728 2496 hodie-
1909 2445 1963 2496 4.
1993 2439 2164 2497 Nulla
2193 2444 2280 2496 est
2308 2439 2604 2497 dissensio
2653 2440 2804 2497 inter
2832 2442 3097 2498 eruditos
3126 2444 3201 2499 de
3230 2445 3502 2503 oratione

153 2548 251 2606 que
279 2538 426 2589 tanta
451 2536 530 2588 est
552 2531 825 2587 dissensio
857 2532 1006 2586 inter
1038 2529 1304 2585 eruditos
1336 2529 1410 2584 de
1435 2545 1727 2601 quorum-
1837 2531 2114 2603 primain
2118 2531 2444 2600 jejunium.
2472 2529 2703 2585 Etenim
2719 2535 2842 2586 tam
2862 2531 3108 2603 elegans
3127 2537 3501 2608 est,tamque

153 2621 268 2678 iam
295 2621 619 2694 scriptorum
636 2625 887 2690 auctore,
909 2619 1038 2674 utsi
1064 2618 1549 2691 quisautmagni
1569 2617 1728 2674 illius
1840 2619 2054 2676 Basilio
2093 2619 2301 2689 digna,
2334 2622 2400 2674 ut
2444 2619 2497 2674 ei
2538 2618 2816 2674 omnium
2865 2620 3113 2676 calculis
3153 2622 3496 2682 tribuatur:

153 2707 1728 2784 lthanasiiepiscopiAlexandrini,autJuliisummipon-
1839 2709 1946 2765 sed
1983 2709 2056 2764 de
2097 2707 2364 2765 oratione
2390 2707 2660 2764 secunda
2688 2724 2812 2764 non
2841 2725 3035 2765 unum
3082 2712 3356 2768 omnium
3408 2715 3500 2786 ju-

154 2800 296 2868 ﬁcis,
335 2805 430 2858 aut
455 2799 1144 2871 GregoriiThaumaturgi
1182 2797 1591 2853 testimonium
1623 2797 1724 2852 ali-
1836 2798 2061 2854 dicium
2085 2802 2190 2854 est.
2216 2798 2331 2852 Viri
2362 2797 2693 2853 doctissimi
2720 2797 3125 2856 Tillemontius
3149 2806 3206 2858 et
3226 2803 3498 2876 Dupinus

156 2891 266 2946 uod
293 2890 553 2963 proferat,
573 2889 764 2945 statim
794 2888 1026 2958 audias,
1053 2886 1156 2960 qui
1178 2887 1383 2942 dicant
1403 2903 1526 2942 non
1550 2887 1728 2943 Atha—
1836 2904 1971 2944 eam
1984 2887 2211 2944 habent
2223 2903 2332 2960 pro
2353 2902 2496 2942 vero
2521 2886 2718 2942 Basilii
2733 2887 2854 2943 fetu
2874 2905 2885 2942 :
2907 2904 2942 2944 a
2959 2889 3183 2960 quibus
3212 2891 3494 2950 dissentit

153 2980 348 3051 lsium,
375 2995 492 3036 non
510 2978 745 3045 Iulium,
779 2993 902 3033 non
931 2975 1278 3047 Gregorium
1311 2977 1457 3032 talia
1474 2975 1723 3048 dixisse,
1836 2976 2662 3048 Erasmus,cujus.vcrbahaec
2682 2981 2825 3033 sunt
2845 2977 2906 3033 in
2923 2979 3173 3051 epistola
3209 2982 3288 3037 ad
3317 2985 3496 3039 Joan-

157 3069 195 3124 d
232 3067 668 3140 Apollinarium,
715 3067 887 3137 cujus
930 3066 1073 3121 olim
1114 3065 1406 3137 opuscula
1437 3065 1723 3137 quaedam
1832 3085 1974 3124 nem
1997 3067 2336 3122 Cholerum.
2370 3067 2680 3121 Posterior
2720 3065 2968 3124 homitia
2991 3070 3140 3125 mihi
3173 3087 3292 3126 non
3318 3073 3489 3128 ‘vide-

154 3159 327 3214 mmis
352 3157 464 3212 illis
478 3157 615 3212 viris
641 3155 892 3211 subdole
917 3155 1137 3211 tributa.
1159 3159 1320 3225 sunt,
1339 3171 1462 3226 quo
1491 3153 1723 3209 facilius
1833 3163 1931 3214 tur
1966 3158 2196 3224 Basilii,
2231 3155 2333 3212 sed
2352 3156 2609 3210 studiosi
2634 3157 2971 3225 cujuspiam
2999 3174 3120 3214 sese
3140 3160 3222 3215 ad
3267 3162 3492 3230 prioris

153 3245 534 3319 oplicioresin
556 3261 817 3302 errorem
849 3243 1516 3304 inducerentur.Sed.ut
1549 3259 1712 3298 nunc
1833 3246 2276 3304 aemulationem
2297 3245 2646 3301 exercentis.
2687 3245 2973 3315 Equidem
2995 3263 3114 3302 non
3129 3252 3496 3320 pugnabo,si

153 3335 582 3408 Apollinaristis
599 3335 1048 3405 etEutychianis
1070 3334 1612 3406 taceam,universe
1628 3333 1719 3388 di-
1829 3337 1961 3408 quis
1983 3335 2285 3390 diversum
2311 3335 2527 3389 sentiat
2560 3351 2572 3402 ;
2598 3333 2864 3389 arbitror
2895 3340 3094 3391 tamen
3122 3339 3409 3406 eruditos,
3440 3342 3494 3395 si

153 3424 858 3482 ninnumeraincomoda
883 3425 1212 3480 eodemillo
1227 3440 1299 3480 ex
1325 3423 1716 3494 fonte,ﬂuxis-
1828 3426 2077 3495 propius
2100 3424 2474 3480 admoverim
2499 3424 2720 3493 oculos,
2744 3429 3214 3484 meaesententioz
3233 3429 3491 3485 subscri-

153 3515 350 3570 Videas
363 3515 460 3570 vel
482 3512 926 3569 eruditissimos
947 3513 1128 3582 viros,
1149 3513 1314 3586 quod
1331 3511 1717 3583 in_ejusmodi
1823 3522 2058 3584 pturos.
2091 3513 2286 3569 Probo
2315 3527 2503 3582 genus
2521 3513 2995 3584 exercitationis,
3011 3521 3076 3570 at
3100 3532 3303 3573 eorum
3315 3519 3490 3588 fucos

153 3622 220 3661 os
237 3604 594 3660 subdititios
615 3602 957 3670 inciderint,
983 3603 1200 3675 quovis
1220 3603 1341 3674 poti
1353 3619 1421 3657 us
1438 3601 1714 3674 perveni-
1826 3620 1945 3659 non
1961 3602 2480 3673 probo,qui_notha
2493 3617 2565 3656 ac
2581 3600 3012 3671 degenerantia
3025 3620 3391 3661 summorum
3408 3609 3490 3663 vi-

152 3709 311 3748 uam
332 3708 462 3764 quo
499 3690 1132 3762 volunt,eosdemque,
1167 3690 1394 3746 interea
1417 3692 1562 3744 dum
1587 3705 1713 3744 sco-
1744 3719 1784 3772 ο
1831 3709 2035 3748 rerum
2051 3692 2246 3746 titulis
2261 3690 2941 3759 obtrudunt_orbi.0uod
2957 3691 3361 3750 Tillemontius
3384 3695 3483 3761 ait,

153 3783 478 3854 iattigisse
522 3797 588 3837 se
629 3780 1110 3849 arbitrantur,ab
1153 3797 1224 3837 eo
1257 3781 1480 3853 saepius
1526 3795 1713 3852 quam
1825 3780 2015 3837 videri
2045 3782 2363 3835 Erasmum
2395 3778 2785 3850 posteriorem
2811 3779 2883 3834 de
2902 3782 3142 3849 jejunio
3172 3782 3485 3840 homiliam

154 3871 373 3926 issime
392 3868 878 3925 abesse.Credas
896 3869 1229 3941 aliquando
1252 3868 1710 3941 antiquissimos
1825 3870 2035 3927 nonob
2046 3869 2230 3926 aliam
2242 3868 2568 3939 causamin
2581 3868 2800 3941 spuriis
2813 3870 3305 3944 pusuisse,quam
3320 3874 3487 3945 quod

154 3959 492 4015 ivissimos
519 3957 855 4031 scriptores
871 3975 1071 4014 rerum
1085 3958 1580 4028 gravissimarum
1607 3963 1714 4012 tes-
1825 3961 1888 4016 in
1926 3960 2128 4016 multis
2159 3976 2298 4014 cum
2321 3959 2518 4031 prima
2545 3958 2900 4021 consentiat,
2935 3959 3096 4015 credi
3119 3966 3314 4033 potest
3343 3967 3488 4022 Era-

153 4048 479 4118 lhiberi,et
492 4052 717 4103 tamen
733 4047 778 4102 si
791 4063 884 4103 res
897 4049 1176 4104 attentius
1189 4046 1718 4115 consideretur,ho-
1826 4050 2280 4123 smiiepistolam
2300 4066 2424 4105 non
2442 4049 2838 4118 legisse.Nam
2857 4066 2931 4105 ex
2947 4051 3077 4122 ejus
3095 4052 3291 4107 verbis
3307 4054 3484 4126 planc

151 4157 159 4187 ι
194 4142 258 4194 et
289 4137 734 4193 recentissimi
775 4142 831 4192 et
877 4137 1277 4210 abjectissimij
1306 4137 1714 4192 testimonium
1827 4144 2061 4198 constat
2078 4156 2211 4196 eam
2242 4138 2580 4194 orationem
2623 4155 2693 4194 eo
2725 4140 2972 4195 nomine
2996 4140 3109 4195 sibi
3142 4149 3485 4213 suspectam

151 4226 454 4282 rtur.Etsi
474 4229 708 4283 autem
732 4225 835 4280 illa
855 4225 1030 4298 quasi
1047 4226 1174 4282 lues
1189 4225 1712 4298 neminipepercit,
1825 4232 2016 4286 visam
2047 4227 2428 4300 fuisse,quod
2449 4244 2485 4282 a
2505 4227 2722 4299 prioris
2740 4227 3036 4298 elegantia
3059 4233 3240 4302 atque
3266 4231 3487 4288 festivi-

153 4334 168 4371 ι
204 4315 444 4371 nescio
492 4315 837 4388 quomodo
865 4316 1132 4385 contigit,
1165 4320 1229 4371 ut
1253 4316 1509 4372 Basilius
1543 4316 1715 4388 pejus
1826 4323 1945 4376 tate
1974 4319 2296 4388 degeneret
2326 4334 2338 4368 :
2373 4316 2433 4372 in
2457 4332 2579 4388 quo
2611 4333 2774 4383 eum,
2810 4321 2873 4372 ut
2900 4335 3106 4372 verum
3129 4318 3334 4388 fatear,
3359 4338 3484 4378 non

188 4421 263 4460 re
299 4420 525 4477 quam
568 4403 690 4459 alii
736 4404 930 4459 sancti
963 4407 1161 4460 Patres
1197 4409 1479 4477 acceptus
1506 4405 1600 4461 sit.
1633 4408 1717 4460 Ita
1827 4409 2076 4466 omnino
2099 4425 2134 4464 a
2163 4423 2302 4463 vero
2334 4405 2545 4462 abesse
2577 4409 2744 4477 pulo.
2780 4408 2954 4472 Quod
2981 4409 3145 4464 addit
3171 4410 3485 4467 Tillemon-

165 4510 337 4550 vera
398 4494 554 4565 ejus
605 4492 848 4565 scripta
898 4493 1340 4565 permiscentur
1389 4494 1579 4562 falsis,
1630 4499 1712 4556 ut,
1826 4500 1965 4570 tius,
1994 4497 2387 4570 posteriorem
2409 4496 2567 4550 hanc
2591 4495 2949 4552 concionem
2981 4498 3152 4553 citari
3183 4515 3218 4554 a
3253 4502 3486 4558 Joanne

154 4584 224 4640 ia
255 4583 351 4640 ab
391 4581 554 4639 aliis
588 4581 928 4652 diligenter
973 4581 1442 4654 distinguantur,
1481 4584 1717 4640 errandi
1825 4591 2199 4645 Damasceno
2220 4585 2370 4642 etab
2391 4583 2943 4657 Euthymio,idnon
2959 4587 3488 4662 esttale,utipsius

154 4689 184 4728 3
223 4688 362 4745 pas
374 4672 521 4727 Sim
559 4671 929 4741 legentibus
981 4672 1286 4728 Oﬁel‘atur-
1829 4676 2187 4735 sententiam
2205 4674 2462 4730 multum
2482 4672 2816 4742 conﬁrmet,
2837 4690 2975 4728 cum
2999 4677 3335 4734 adulterina
3349 4681 3487 4735 scri-

158 4763 233 4817 io
271 4761 590 4834 quidem
635 4760 810 4817 viros
839 4760 1217 4817 doctissimos
1237 4760 1478 4816 duobus
1498 4761 1718 4817 abhinc
1826 4773 1931 4841 pta
1944 4781 2308 4838 magnorum
2323 4763 2589 4819 virorum
2603 4763 2847 4818 nomine
2868 4763 2944 4818 ab
2961 4764 3220 4836 antiquis
3239 4767 3489 4840 scripto-

153 4853 262 4907 :in
292 4867 384 4908 co
425 4851 822 4923 egregiam,
851 4867 1100 4923 operam
1122 4851 1418 4923 posuisse,
1453 4855 1515 4906 ut
1553 4853 1720 4923 apud
1826 4857 1994 4912 ribus
2026 4871 2147 4910 non
2174 4869 2311 4909 raro
2336 4851 2500 4908 citari
2519 4851 2849 4906 videamus.
2870 4854 2989 4921 Ego
3015 4869 3154 4908 cum
3172 4856 3288 4911 hoc
3305 4857 3488 4914 breve

156 4941 444 4996 :Patres
466 4941 763 4997 sincera
780 4939 858 4997 ab
877 4940 1224 4996 adulterinis
1244 4945 1715 5010 secernerentur,
1829 4943 2191 5018 opusculum
2207 4942 2489 5012 legerem,
2514 4942 2911 4996 animadverti
2927 4941 3042 4996 alia
3059 4959 3129 4997 ex
3149 4944 3347 5014 prima
3359 4961 3487 5000 ora-

154 5046 684 5086 ucccssurem
708 5031 992 5102 gessisse,
1016 5029 1399 5102 utrebuspcr
1419 5029 1715 5085 seobscu-
1747 5073 1790 5126 Β
1830 5035 1988 5090 tione
2015 5036 2256 5104 sumpta
2278 5048 2431 5101 esse,
2465 5031 2584 5086 alia
2614 5046 2685 5085 ex
2708 5031 2921 5086 eadem
2961 5031 3193 5087 imitata
3225 5052 3237 5102 ;
3288 5039 3490 5104 poste-.-

189 5120 653 5176 maximam
680 5120 889 5175 lucem
920 5118 1220 5175 attulerint
1251 5137 1263 5186 ;
1295 5118 1401 5174 sed
1441 5125 1642 5175 tamen
1670 5122 1718 5175 si
1747 5118 1785 5126 ”
1829 5123 2045 5178 riorem
2103 5121 2416 5176 homiliam
2457 5136 2585 5192 npn
2623 5120 3030 5189 inelegantcm
3061 5121 3314 5194 quidem
3337 5139 3488 5192 esse,

154 5211 340 5282 qua.
382 5209 794 5280 diligenter
809 5208 1146 5282 expendere
1179 5208 1356 5275 volet,
1388 5209 1716 5281 praestabo,
1829 5209 1937 5265 sed
1958 5212 2222 5281 primam
2248 5207 2756 5277 elegantissimam
2782 5225 2793 5261 :
2815 5207 3032 5263 miram
3051 5209 3385 5281 quamdam
3405 5209 3491 5283 di-

155 5315 267 5353 u‘e
291 5297 410 5354 illi
454 5297 604 5353 ubi
649 5314 734 5353 se
765 5302 1056 5354 exerceat.
1086 5297 1341 5368 Dignum
1369 5313 1514 5354 sane
1546 5313 1720 5367 argu-
1829 5299 2005 5354 cendi
2037 5298 2277 5370 copiam
2307 5297 2370 5351 in
2400 5297 2598 5368 prima
2637 5297 2907 5352 oratione
2938 5298 3209 5369 reperiri,
3243 5314 3380 5370 quae
3430 5299 3492 5352 in

213 5389 306 5444 in
329 5387 580 5460 quod
624 5403 867 5444 omnes
882 5402 1062 5444 omne
1079 5386 1348 5442 studium
1387 5387 1719 5455 conferant,
1831 5386 2102 5445 secunda
2131 5386 2324 5442 multo
2345 5386 2545 5442 minor
2574 5390 2688 5455 est,
2721 5390 2778 5442 et
2812 5387 3136 5456 ejusmodi,
3164 5393 3228 5442 ut
3278 5387 3330 5442 si
3369 5402 3494 5457 qua

176 5588 242 5645 ).
296 5586 558 5645 Prud.
610 5587 926 5643 Maranus
955 5585 1019 5641 in
1066 5585 1201 5642 Vita
1225 5585 1291 5644 S.
1315 5587 1562 5657 Basilii,
1585 5602 1764 5660 capp.
1783 5589 1870 5659 41,
1907 5587 1994 5658 42,
2029 5590 2086 5644 et
2114 5589 2202 5644 43.
2224 5587 2377 5641 Emr.
2409 5587 2577 5641 PATR.

443 5688 780 5745 PATROL.
809 5686 889 5742 Ga
915 5685 1100 5742 XXXI.
3070 5693 3098 5748 ι
