4092 6380
434 269 492 322 η
1937 265 2334 328 PREFATIO.
3790 290 3854 344 η

427 407 578 466 ratio
605 407 762 465 hanc
788 407 1103 466 mmmam
1123 411 1469 482 suspectam
1499 407 1750 465 reddere
1780 407 1988 480 possit,
2011 422 2083 465 ea
2110 393 2157 446 Α
2190 392 2293 448 nio
2322 401 2561 454 corruat
2587 413 2832 457 necesse
2857 408 2964 459 est.
3002 405 3175 470 Quod
3206 409 3408 462 autem
3441 407 3730 464 orationis
3743 425 3851 466 au-

425 497 709 570 maxime,
740 513 880 554 meo
898 497 1145 570 quidem
1170 497 1420 569 judicio,
1451 497 1590 554 inde
1619 497 1806 570 repeti
1827 495 2071 554 debeat.

425 587 559 642 Haec
573 590 772 643 autem
781 587 931 643 dum
941 586 1108 659 apud
1119 603 1215 643 me
1231 591 1598 659 reputarem,
1623 603 1694 643 eo
1711 584 2079 644 inclinabam

421 677 488 731 ut
523 675 682 732 hanc
725 676 1061 732 orationem
1093 676 1247 733 inter
1286 676 1490 750 spuria
1520 692 1894 733 recenserem
1926 693 1938 731 :
1973 675 2080 731 sed

425 780 567 820 cum
595 781 806 822 rursus
847 765 1177 836 cogitarem
1209 771 1518 823 auctorem
1550 764 1968 822 commentarii
2015 766 2078 820 in

424 852 649 910 Isaiam
675 855 775 924 (a),
799 853 901 926 qui
922 857 979 909 et
1007 853 1135 926 ipse
1157 858 1372 926 quarto
1395 854 1618 910 saeculo
1639 853 1973 921 vivebat,ex
1985 869 2080 909 ea-

423 940 564 997 dem
583 941 683 998 illa
703 941 989 998 concione
1019 957 1142 998 non
1173 942 1321 998 nihil
1336 943 1724 1015 excerpsisse,
1748 942 2073 998 haerebam.

421 1031 586 1102 Opus
618 1030 778 1086 enim
803 1034 930 1087 tam
955 1031 1289 1104 Antiquum
1314 1047 1438 1088 non
1469 1031 1641 1087 facile
1670 1030 1836 1102 rejici
1857 1029 2076 1086 debere

417 1120 775 1188 arbitrabar;
797 1119 1233 1193 eoquelminus,
1261 1120 1428 1192 quod
1440 1121 1636 1194 primo
1661 1124 1907 1192 aspectu
1927 1118 2075 1174 mihi

416 1208 572 1266 lcvia
599 1208 1104 1273 esseviderentur,
1134 1226 1271 1282 quae
1285 1225 1562 1266 morosus
1590 1209 1775 1266 homo
1793 1211 2072 1264 Erasmus

419 1297 740 1370 obiecerat.
769 1299 1101 1369 Postquam
1127 1303 1330 1355 tamen
1362 1315 1490 1354 rem
1523 1298 1706 1371 paulo
1725 1297 2073 1367 diligentius

417 1386 815 1458 consideravi,
836 1386 1111 1460 duasque
1126 1387 1236 1443 has
1263 1389 1349 1444 De
1354 1388 1591 1458 jejunio
1605 1387 1906 1444 orationes
1919 1387 2073 1441 inter

414 1491 479 1532 se
499 1475 744 1544 contuli,
776 1475 943 1532 facile
974 1475 1273 1532 adductus
1307 1482 1540 1549 sum,ut
1568 1477 1966 1550 posteriorem
2009 1476 2072 1531 in

415 1565 760 1624 adulterinis
787 1580 1097 1639 ponerem.
1132 1569 1301 1637 Nam,
1327 1572 1384 1623 et
1403 1566 1547 1633 dixi,
1567 1566 1862 1639 posterior
1874 1565 2072 1638 priore

413 1659 471 1713 et
493 1655 789 1727 elegantia
823 1660 877 1711 et
907 1656 1083 1728 copia
1122 1655 1314 1712 multo
1351 1656 1598 1712 inferior
1629 1660 1739 1712 est.
1777 1660 1970 1728 Atque
2009 1655 2070 1712 in

2191 485 2619 558 ctor,quisquis
2635 491 2862 556 est,hoc
2901 493 3042 564 ipso
3070 493 3128 548 in
3152 494 3284 551 loco
3321 496 3716 553 concionatus
3757 501 3848 565 sit,

2190 571 2296 628 ubi
2324 573 2585 646 inclytus
2614 585 2845 652 martyr
2888 582 3162 638 Barlaam
3195 584 3747 656 sepultusjacebat,
3789 587 3850 641 id

2189 663 2398 730 negari
2413 679 2535 721 non
2559 673 2776 738 potest,
2806 669 2918 724 nisi
2947 670 3024 726 ab
3052 687 3152 734 eo,
3184 673 3288 744 qui
3318 673 3479 729 hanc
3511 676 3849 731 orationem

2189 765 2507 824 nunquam
2533 755 2760 825 legerit.
2796 762 2877 814 lta
2909 761 3070 815 enim
3094 761 3154 815 in
3183 778 3254 816 ea
3285 764 3575 834 scriptum
3617 765 3849 819 inveni-

2189 853 2326 894 mus
2359 857 2479 897 non
2517 843 2694 914 longe
2728 845 2804 902 ab
2838 846 3004 902 initio
3056 851 3218 920 (pag.
3267 853 3384 920 I39)
3419 869 3430 906 :
3469 857 3726 924 Λαμπρὸυ
3758 857 3847 904 καὶ

2186 930 2310 1002 παρ’
2356 933 2478 1002 ἡμῖν
2523 930 2627 991 ἠδη
2680 940 2764 986 τὸν
2812 937 3083 1008 ὰρῥκίέὠνα
3115 940 3453 1011 καρποῦνται,
3500 951 3640 1002 ταῐςς
3706 944 3846 1015 παρὰ

2185 1022 2389 1071 πάντων
2447 1021 2632 1085 ἐνθέοις
2698 1028 2973 1097 deﬁniat;
3027 1033 3378 1100 κροτοῦμενοι,
3457 1036 3546 1082 καὶ
3628 1037 3845 1104 μυρίους

2185 1107 2241 1159 ἐκ
2296 1111 2466 1180 τάφων
2509 1117 2872 1182 chr/mehr”;
2932 1113 3151 1187 δήμους.
3204 1124 3369 1170 Τοῦτο
3395 1115 3462 1176 δὴ
3517 1125 3575 1171 τό
3614 1128 3688 1190 τῷ
3737 1139 3843 1191 γιν-

2184 1203 2311 1269 ναίῳ
2381 1205 2603 1273 τήμερον
2671 1203 2913 1277 Baeticis:
2985 1211 3360 1278 πεπραγμὲνόνο
3424 1217 3603 1278 ἤχησε
3658 1212 3758 1283 γὰρ
3811 1217 3839 1268 ἡ

2181 1287 2431 1360 πολεμικὴ
2483 1291 2574 1342 τοῦ
2626 1296 2885 1366 μάρτυρος
2950 1294 3197 1366 σάλπιγξ,
3249 1302 3336 1348 καὶ
3392 1303 3513 1359 τούς
3569 1308 3664 1360 τῆς
3697 1300 3840 1351 οὐσι-

2181 1377 2322 1440 ϐείας
2374 1379 2605 1445 ὁπλίτας,
2659 1383 2726 1443 ὠς
2776 1383 2949 1456 ὁρᾶτε,
2983 1390 3290 1456 συνὴγαγπ.
3336 1388 3736 1457 Splendidam
3787 1395 3841 1444 et

2178 1467 2348 1536 apud
2373 1485 2476 1525 nos
2491 1471 2892 1530 arrhabonem
2900 1477 3030 1543 jam
3048 1475 3314 1532 obtinent
3321 1492 3479 1548 ,cmn
3514 1480 3678 1534 inter
3696 1480 3843 1534 divi-

2179 1573 2292 1614 nas
2319 1560 2776 1618 acclamationes
2798 1566 3063 1620 omnium
3074 1567 3300 1634 plausu
3316 1568 3723 1636 celebrentur,
3742 1585 3840 1640 po-

2180 1649 2500 1720 pulumque
2517 1653 3062 1722 frequentissimum
3087 1671 3116 1710 e
3135 1657 3426 1725 sepulcris
3453 1666 3837 1728 congregent.

407 1746 523 1803 hac
549 1761 688 1802 mea
713 1745 1008 1801 sententia
1035 1745 1430 1802 conﬁrmatus
1465 1762 1622 1816 sum,
1656 1761 1796 1802 cum
1824 1745 2071 1801 memini
2101 1743 2142 1798 Β
2179 1740 2510 1808 Hocipsum
2544 1756 2689 1798 sane
2702 1745 2763 1797 in
2789 1745 2942 1812 forti
2960 1760 3034 1800 ac
3059 1751 3303 1801 strenuo
3325 1749 3624 1804 Barlaam
3663 1749 3837 1805 hodie

411 1836 676 1894 multain
689 1835 958 1892 secunda
973 1835 1378 1908 legi,quorum
1393 1835 1512 1893 alia
1523 1853 1595 1892 ex
1610 1836 1809 1909 prima
1825 1840 2072 1908 sumpta
2172 1830 2412 1899 factum
2432 1835 2533 1886 est:
2551 1831 2820 1888 insonuit
2839 1836 2995 1889 enim
3030 1835 3246 1891 bellica
3269 1839 3565 1907 martyris
3598 1839 3832 1903 tuba,et

411 1931 632 1996 essent,
647 1925 764 1983 alia
775 1941 849 1982 ex
871 1925 1088 1981 eadem
1109 1940 1415 1998 expressa:
1431 1926 1602 1999 quod
1619 1942 1839 1999 parum
1857 1925 2067 1982 decere

407 2015 1246 2089 existimavicopiosissimum
1262 2015 1461 2072 virum
1478 2016 1781 2082 Basilium,
1801 2016 2065 2084 cui,cum

404 2104 568 2162 idem
579 2108 1007 2175 argumentum
1026 2103 1120 2160 bis
1134 2104 1288 2160 inter
1302 2103 1794 2161 concionandum
1809 2107 2064 2159 tractare

406 2192 604 2263 vellet,
652 2208 764 2249 nec
802 2207 899 2248 res
945 2207 1055 2248 nec
1084 2192 1271 2249 verba
1299 2208 1573 2266 unquam
1601 2191 1868 2248 defuere.
1904 2193 1968 2246 Et
1987 2205 2062 2246 ne

406 2281 1252 2355 quispiamidtemeredictum
1286 2281 1469 2337 fuisse
1496 2281 1854 2354 suspicetur,
1885 2279 2061 2335 velim

401 2370 566 2442 legat
583 2369 1023 2443 pulcherrimas
1035 2369 1164 2428 illas
1185 2372 1269 2427 De
1293 2372 1639 2442 gratiarum
1661 2371 1898 2427 actione
1922 2385 2059 2425 con-

405 2463 607 2518 ciones
635 2465 806 2529 (tom.
835 2463 878 2532 l,
909 2475 972 2533 p.
999 2462 1068 2515 2L
1093 2465 1151 2517 et
1171 2461 1307 2532 33’),
1339 2477 1602 2535 quarum
1634 2461 1695 2516 in
1727 2458 2060 2533 posteriore

403 2551 553 2610 nihil
578 2551 863 2625 repetitur
881 2565 1090 2607 eorum
1130 2566 1266 2623 quae
1297 2550 1359 2606 in
1387 2550 1584 2623 priore
1612 2548 1774 2605 dicta
1801 2548 2055 2605 fuerant.

475 2645 504 2711 §
535 2645 604 2699 ll.
636 2644 722 2700 De
742 2642 1013 2698 oratione
1035 2642 1288 2711 septima
1320 2641 1554 2697 decima
1585 2641 1647 2696 in
1688 2639 1986 2696 Barlaam

1051 2735 1382 2801 martyrem
1393 2774 1405 2786 .

475 2826 524 2881 5.
543 2826 675 2881 Haec
696 2821 906 2892 oratio,
924 2821 986 2878 in
1010 2837 1134 2896 qua
1144 2819 1518 2895 praeconium
1540 2819 1820 2877 Barlaam
1836 2821 2058 2891 marty-

400 2913 482 2972 ris
494 2913 849 2983 continetur,
874 2911 1072 2969 brevis
1099 2910 1349 2984 quidem
1378 2913 1487 2975 est,
1510 2909 1616 2964 sed
1645 2909 1726 2965 ita
1742 2909 1985 2978 elegans
2002 2911 2060 2963 et

401 3006 634 3073 ornata,
650 3006 716 3058 ut
727 3002 776 3074 ej
789 3019 856 3058 us
867 3005 1096 3070 auctor,
1121 3000 1471 3073 quicunque
1490 2998 1586 3054 ille
1618 2997 1746 3065 fuit,
1771 3002 2059 3070 praestan-

2169 1920 2417 1989 pietatis
2447 1921 2683 1988 milites,
2710 1928 2778 1977 ut
2809 1925 3438 1992 cernitis,convocavit
3475 1945 3486 1982 :
3519 1944 3658 2000 quae
3709 1944 3837 1984 ver-

2172 2007 2256 2065 ba
2283 2010 2365 2065 ita
2383 2016 2584 2082 aperte
2613 2012 2939 2068 ostendunt
2960 2013 3115 2069 hanc
3146 2015 3482 2072 orationem
3512 2017 3574 2072 in
3608 2033 3680 2073 eo
3698 2019 3835 2075 loco

2172 2097 2444 2155 habitam
2461 2099 2641 2156 fuisse
2666 2101 2769 2157 ubi
2787 2118 3005 2174 corpus
3025 2103 3356 2160 beatissimi
3373 2107 3654 2178 martyris
3689 2110 3831 2163 Bar-

2168 2185 2335 2243 laam
2356 2188 2674 2246 humatum
2705 2195 2851 2258 erat,
2887 2196 2950 2247 ut
2977 2192 3039 2248 id
3068 2208 3191 2250 non
3221 2199 3429 2267 putem
3459 2195 3819 2268 probatione

2167 2273 2437 2346 indigere
2453 2282 2558 2334 aut
2585 2279 2976 2350 expositione.

2240 2405 2294 2459 6.
2319 2403 2656 2473 Cumigitur
2676 2404 3086 2461 Tillemontius
3117 2406 3343 2478 optime
3377 2407 3622 2466 videret.
3654 2409 3703 2466 si
3726 2411 3832 2468 Ba-

2168 2489 2302 2547 silio
2331 2491 2459 2548 haec
2491 2492 2681 2548 oratio
2709 2510 2832 2549 non
2872 2494 3432 2563 tribueretur,suam
3481 2498 3831 2569 opinionem

2165 2581 2510 2638 necessario
2533 2582 2844 2650 ruituram,
2877 2584 3024 2640 nihil
3066 2585 3269 2642 omisit
3325 2602 3557 2654 eorum,
3605 2588 3830 2662 quibus

2165 2669 2417 2743 probari
2441 2677 2648 2744 posset
2675 2689 2812 2730 eam
2842 2674 2973 2744 ejus
2990 2690 3141 2732 esse.
3179 2678 3242 2730 Et
3281 2676 3548 2748 primum
3579 2679 3826 2751 quidem

2168 2759 2496 2817 afﬁrmanti
2510 2762 2766 2834 Dupino,
2782 2763 3121 2836 scriptionis
3143 2779 3334 2834 genus
3351 2768 3545 2836 magis
3557 2768 3825 2840 phrasim

2169 2849 2584 2922 Chrysostomi
2615 2851 2794 2919 olere,
2827 2868 3013 2924 quam
3053 2854 3266 2924 Basilii,
3288 2855 3371 2911 ita
3396 2856 3742 2928 respondet,
3764 2862 3827 2914 ut

2169 2943 2372 3012 aperte
2394 2940 2686 3010 significet
2707 2958 2767 2997 se
2800 2941 2968 2997 aliter
2997 2942 3214 2999 sentire
3246 2961 3262 2997 :
3295 2943 3513 3000 deinde
3544 2945 3712 3003 addit
3738 2947 3828 3005 vir

2169 3028 2571 3098 doctissimus,
2586 3046 2708 3087 non
2727 3031 2969 3087 solitum
2985 3033 3494 3104 Chrysostomum
3509 3034 3601 3092 bis
3615 3035 3689 3092 de
3705 3053 3826 3093 uno

399 3099 701 3196 ξξεῗιωυηξ
741 3091 944 3196 Ῑοίξξξξη
987 3087 2059 3196 inierA?f§f°féi_E?l:Erl31253392.;
2099 3100 2140 3156 C
2171 3122 2227 3174 et
2258 3119 2473 3175 eodem
2495 3125 2668 3176 santo
2695 3136 3038 3177 sermonem
3069 3122 3317 3179 habere.
3351 3126 3415 3179 Et
3455 3125 3621 3196 quod
3669 3142 3822 3183 non-

401 3179 920 3241 Iidemautemilli,
953 3193 1111 3252 quos
1143 3181 1320 3234 antea
1348 3176 1682 3242 nominavi,
1726 3174 2058 3232 doctissimi

397 3271 510 3328 viri
539 3268 945 3327 Tillemontius
967 3272 1024 3324 et
1040 3267 1310 3341 Dupinus
1339 3266 1414 3322 de
1437 3265 1877 3322 eadissentiunt
1907 3265 2060 3320 inter

397 3378 484 3418 se.
508 3359 916 3418 Tillemontius
944 3358 1146 3431 ipsam
1175 3356 1381 3412 tribuit
1411 3355 1628 3412 Basilio
1668 3358 1882 3426 Magno
1927 3356 2005 3426 (b)
2039 3371 2052 3420 ;

396 3451 668 3524 Dupinus
691 3449 1147 3520 Chrysostomo,
1175 3445 1281 3502 sed
1313 3445 1397 3502 ita
1428 3449 1651 3513 tamen,
1686 3449 1750 3501 ut
1781 3444 1925 3501 satis
1950 3445 2056 3500 ha-

393 3538 592 3596 buerit
636 3537 880 3605 dixisse,
924 3537 1082 3593 hanc
1126 3535 1458 3591 orationem
1512 3535 1590 3590 ad
1637 3533 2051 3606 Chrysostomi

391 3629 664 3703 phrasim
689 3627 886 3698 magis
918 3623 1678 3693 accedere,etverisimilius
1701 3623 1888 3679 videri
1911 3639 2049 3680 eam

389 3719 661 3777 habitam
693 3717 873 3774 fuisse
903 3715 1252 3772 Antiochize.
1287 3712 1588 3786 Suspicari
1611 3713 1862 3769 fortasse
1883 3718 2049 3785 pote-

389 3809 464 3866 rit
492 3808 728 3881 aliquis,
754 3823 885 3862 rem
905 3805 1080 3878 parvi
1107 3803 1400 3860 momenti
1430 3818 1582 3865 esse,
1627 3817 1738 3858 nec
1787 3801 2048 3858 multum

387 3899 606 3955 referre
638 3895 753 3953 utri
780 3895 1131 3956 ascribatur,
1165 3909 1306 3948 cum
1335 3897 1587 3965 uterque
1623 3890 1810 3946 etﬁde
1824 3891 2046 3962 dignus

389 3988 484 4060 sit,
499 3992 555 4044 et
573 3985 788 4043 eadem
826 3983 1175 4042 auctoritate
1189 3981 1352 4054 apud
1366 3980 1632 4037 eruditos
1655 3979 1913 4053 polleat;
1942 3979 2043 4037 sed

386 4092 512 4134 non
527 4076 609 4133 ita
629 4079 738 4132 est.
774 4073 918 4130 Inde
948 4073 1111 4129 enim
1142 4069 1392 4127 omnino
1429 4068 1651 4142 pendet
1676 4070 1928 4142 qumstio
1960 4070 2046 4126 hi-

389 4165 628 4232 storica,
675 4180 812 4238 qua:
859 4162 1028 4219 aliter
1077 4160 1225 4218 solvi
1271 4175 1394 4216 non
1429 4163 1642 4232 potest,
1667 4160 1781 4215 nisi
1811 4164 2047 4217 constet

386 4255 502 4311 utri
529 4253 751 4312 ascribi
771 4252 991 4308 debeat
1018 4251 1148 4308 haec
1177 4249 1386 4306 oratio.
1405 4249 1633 4304 Etenim
1665 4249 1713 4305 si
1754 4251 1938 4306 semel
1968 4253 2047 4306 Ba

385 4344 518 4401 silio
539 4344 853 4410 tribuatur,
890 4355 1264 4414 consequens
1293 4339 1421 4406 erit,
1451 4343 1516 4395 ut
1556 4339 1765 4396 merito
1811 4338 2046 4396 dicatur

2169 3208 2368 3265 nullos
2386 3209 2582 3278 magis
2599 3227 2835 3267 movere
2849 3215 3065 3283 potest,
3088 3211 3166 3267 ait
3184 3228 3316 3268 eam
3341 3213 3670 3270 orationem
3696 3216 3825 3286 jam

2167 3297 2403 3370 pridem
2430 3299 2758 3370 ascriptam
2775 3299 2959 3354 fuisse
2989 3299 3225 3368 Basilio,
3253 3317 3393 3357 cum
3416 3302 3547 3372 ejus
3580 3306 3825 3362 nomine

2165 3387 2374 3444 citetur
2394 3388 2455 3444 in
2485 3387 2736 3444 concilio
2767 3388 3044 3460 septimo,
3095 3389 3412 3463 eidemque
3440 3391 3740 3449 tribuatur
3765 3399 3822 3451 et

2163 3493 2200 3534 ε.
2235 3479 2464 3533 Joanne
2493 3480 2884 3544 Damasceno,
2919 3483 3025 3534 eta
3055 3479 3463 3552 Metaphraste.
3493 3481 3666 3546 Quod
3695 3499 3823 3556 per-

2160 3566 2307 3622 tinet
2350 3566 2597 3640 quidem
2628 3566 2706 3622 ad
2745 3566 3200 3624 similitudinem
3243 3567 3401 3641 styli,
3439 3574 3545 3628 aut
3602 3569 3825 3628 discre-

2157 3657 2452 3728 pantiam,
2481 3661 2928 3726 argumentum,
2962 3656 3130 3730 quod
3156 3657 3295 3713 inde
3321 3658 3561 3731 petitur,
3578 3660 3823 3718 validis-

2159 3746 2381 3802 simum
2401 3761 2777 3814 esse,nemo,
2808 3745 3049 3818 opinor,
3072 3746 3448 3804 inliciabitur
3475 3766 3486 3803 :
3514 3749 3620 3806 sed
3654 3750 3824 3824 quod

2158 3835 2363 3892 attinet
2397 3834 2475 3891 ad
2505 3835 2885 3891 autoritatem
2939 3835 3189 3892 Joannis
3216 3837 3576 3895 Damasceni
3602 3844 3659 3896 et
3709 3842 3818 3897 Me-

2157 3925 2507 3998 taphrastis,
2541 3924 2892 3982 autconcilii
2923 3925 3186 3999 septimi,
3218 3926 3470 3999 quilibet
3495 3929 3676 4001 paulo
3707 3930 3818 3987 hu-

2158 4015 2398 4072 manior
2447 4015 2615 4072 novit
2665 4014 2968 4086 ejusmodi
2993 4016 3336 4074 testimonia
3355 4017 3499 4075 talia
3525 4034 3818 4091 nonesse,

2160 4110 2226 4162 ut
2245 4122 2318 4162 ex
2342 4105 2414 4162 iis
2445 4104 2672 4178 aliquid
2701 4110 2862 4162 certo
2893 4104 3179 4162 concludi
3209 4108 3418 4181 possit.
3454 4111 3571 4165 Nec
3600 4111 3817 4180 magis,

2157 4202 2224 4253 ut
2251 4196 2401 4254 mihi
2437 4194 2686 4270 quidem
2733 4195 2988 4266 videtur,
3044 4195 3204 4253 valet
3251 4197 3312 4252 id
3367 4204 3816 4270 argumentum,

2156 4285 2416 4360 quodex
2459 4285 2901 4343 consuetudine
2925 4285 3340 4359 Chrysostomi
3372 4290 3494 4360 peti
3528 4289 3816 4360 diximus,

2157 4392 2298 4432 cum
2319 4390 2498 4431 casus
2528 4373 2699 4431 multi
2723 4390 2882 4448 saepe
2913 4375 3188 4432 mutandi
3211 4377 3398 4434 moris
3426 4379 3816 4438 occasionem

382 4432 896 4538 mammam?
909 4429 2047 4538 ωοιιιθυᾳξιιδξίξεθρωξαςεωεειριῖειάο.
2079 4455 2122 4510 ι)
2157 4429 2492 4538 satis}.
2527 4429 2678 4532 ergo
2709 4429 2771 4520 ί..
2801 4429 2876 4520 ξ.
2904 4429 3197 4520 sagi-.1
3211 4429 3602 4537 ῖέιῑίίὶιῐι-ζίῑξ
3615 4429 3812 4537 3.11;:

381 4523 507 4596 ciae,
533 4527 589 4579 et
610 4521 969 4578 eodemloco
989 4519 1256 4592 sepultus
1282 4517 1484 4574 fuisse:
1514 4517 1564 4572 si
1615 4519 2050 4591 Chrysostomo

379 4611 688 4670 fatendum
703 4610 831 4678 erit,
845 4614 1120 4667 sanctum
1136 4611 1462 4678 martyrem
1482 4608 1812 4664 Antiochiae
1840 4613 2049 4682 etpas-

375 4719 512 4759 sum
526 4702 804 4772 fuisse,et
829 4699 1150 4774 sepultum.
1181 4700 1247 4754 Et
1266 4697 1552 4771 vero,qui
1587 4697 2041 4755 Tillemontium

374 4789 581 4862 secuti,
609 4789 817 4846 dicunt
845 4788 1091 4844 beatum
1124 4790 1456 4857 martyrem
1481 4785 1755 4842 Barlaam
1776 4791 2040 4843 (Jesareie

371 4879 768 4954 Cappadociae
783 4882 1158 4934 etmortuum
1174 4880 1229 4931 et
1249 4874 1615 4932 tumulatum
1643 4874 1850 4942 fuisse,
1878 4876 2044 4934 nullo

367 4967 484 5023 alio
516 4971 875 5038 argumento
897 4964 1190 5032 nituntur,
1219 4979 1405 5036 quam
1436 4962 1604 5034 quod
1637 4955 1909 5032 Basilius,
1934 4965 2038 5036 qui

364 5060 650 5114 Caesarea:
672 5056 1061 5114 concionatus
1077 5053 1262 5110 fuisse
1284 5051 1907 5122 creditur,orationem
1922 5054 2038 5110 hoc

358 5145 495 5220 ipso
523 5146 584 5203 in
612 5145 746 5203 loco
779 5145 1077 5214 habuerit,
1111 5143 1212 5198 ubi
1233 5141 1541 5198 fortissimi
1571 5141 1809 5198 athletae
1838 5147 2036 5200 tumu-

355 5235 451 5292 lus
479 5236 1013 5301 visebatur.Quare
1041 5233 1090 5290 si
1120 5231 1319 5288 Basilii
1351 5246 1475 5287 non
1492 5231 1584 5301 sit,
1616 5231 1890 5304 ipsorum
1903 5235 2030 5308 opi-

420 5380 505 5446 (α)
537 5382 684 5445 Lege
710 5379 878 5435 Praef.
910 5382 1033 5435 tom
1066 5379 1106 5444 l,
1130 5392 1195 5432 ιι.
1237 5380 1303 5431 62
1334 5377 1392 5431 et
1419 5375 1510 5430 64.
1535 5404 1607 5419 -
1664 5376 1750 5433 Cf.
1781 5377 1848 5434 D.
1874 5381 1992 5439 Ma-

349 5465 482 5513 ran,
507 5451 567 5506 in
596 5453 730 5508 Vita
764 5453 818 5508 S.
863 5449 1102 5512 Basilii,
1131 5463 1271 5520 cup.
1303 5451 1393 5502 42.
1432 5447 1600 5504 Emr.

416 5541 436 5561 '
466 5541 728 5612 Paginas
763 5538 1024 5608 intellige
1055 5535 1331 5612 editionis
1366 5536 1752 5594 Garnerianae

2156 4557 2455 4626 quantum
2486 4553 2548 4608 in
2579 4552 2882 4624 ejusmodi
2912 4553 3091 4610 rebus
3112 4554 3244 4610 ﬁeri
3289 4558 3508 4627 potest,
3553 4571 3590 4613 a
3633 4557 3814 4613 nobis

2157 4648 2556 4713 cognoscatur
2569 4643 2756 4699 utrius
2772 4642 3048 4716 phrasim
3061 4649 3118 4701 et
3155 4659 3389 4701 morem
3405 4646 3602 4717 magis
3617 4647 3816 4719 sapiat

2153 4732 2283 4790 haec
2303 4734 2511 4805 oratio,
2547 4731 2818 4789 Basiliine
2854 4749 2934 4788 an
2966 4733 3377 4805 Chrysostomi
3406 4751 3419 4790 :
3453 4735 3620 4809 quod
3646 4751 3812 4793 nunc

2152 4823 2328 4880 nobis
2350 4821 2826 4880 examinandum
2859 4823 3279 4895 proponimus.

2219 4954 2274 5003 7.
2311 4951 2444 5004 llaec
2473 4947 2666 5004 oratio
2685 4962 2825 5002 cum
2845 4945 3204 5003 brevissima
3235 4947 3326 5018 sit,
3371 4947 3577 5022 aliqua
3604 4945 3809 5007 simili-

2149 5037 2371 5094 tudinis
2392 5043 2496 5094 aut
2521 5033 2942 5108 discrepantia;
2974 5037 3111 5109 styli
3140 5037 3392 5108 vestigia
3422 5038 3482 5094 in
3519 5054 3592 5096 ea
3643 5039 3808 5097 inve-

2143 5131 2274 5188 nire
2303 5127 2721 5184 difficillimum
2752 5130 2859 5182 est:
2896 5127 3171 5200 experiar
3197 5130 3485 5192 tamen,si
3504 5145 3630 5202 qua
3652 5130 3802 5187 indl-

2143 5236 2279 5278 care
2304 5218 2557 5292 possim.
2595 5217 2848 5289 Reperio
2894 5223 3096 5274 autem
3123 5217 3218 5274 vel
3248 5218 3381 5291 ipso
3425 5219 3614 5288 initio,
3661 5237 3799 5293 qua:

2176 5385 2258 5459 (b)
2282 5381 2508 5440 Tillem.
2543 5383 2581 5436 t.
2613 5381 2696 5448 lx,
2721 5395 2781 5452 p.
2807 5383 2921 5454 685
2949 5398 2961 5448 ;
2993 5381 3147 5453 Dup.
3178 5385 3217 5437 t.
3250 5384 3318 5450 ll,
3341 5397 3402 5454 p.
3438 5385 3562 5440 544.

1793 5543 2065 5619 quarum
2098 5547 2316 5604 seriem
2339 5543 2501 5619 typis
2527 5541 2933 5619 pressioribus
2952 5543 3380 5616 expressimus.
3409 5544 3576 5602 'l‘om.
3637 5550 3654 5600 t
3694 5545 3788 5603 ed.

343 5609 662 5671 Benedf:
691 5615 978 5670 nostraet.
1006 5614 1027 5666 ι
1058 5613 1116 5666 et
1148 5609 1190 5663 ll
1227 5627 1239 5678 ;
1276 5611 1318 5664 tt
1350 5631 1412 5656 =
1436 5611 1657 5666 nostrae
1689 5612 1728 5667 t.
1758 5609 1832 5667 Ill
1855 5630 1868 5681 ;
1900 5639 1961 5663 =
1999 5617 2072 5674 lll
2103 5622 2332 5678 nostrae
2352 5609 2501 5691 _t.'lV
2531 5617 2682 5670 EDIT.
2709 5616 2885 5684 Pun,
