4092 6416
385 288 410 339 1
420 289 451 340 5
1920 270 2280 331 ΡΒΕΡΑΤΙΟ
2289 315 2302 329 .
3749 289 3811 342 ιθ

381 427 467 464 σοι
510 410 718 481 μισθὸν,
786 400 876 458 διαὶ
938 407 1032 463 τὴν
1089 404 1144 456 ἐκ
1197 411 1293 465 τῆς
1352 401 1645 475 ὑπεροψίας
1704 400 2022 473 ἐγγινομένηι

2150 401 2318 474 prius
2337 400 2586 473 quidem
2605 402 2845 460 dicendi
2867 418 3058 474 genus
3074 406 3378 476 ejusmodi
3394 422 3547 475 esse,
3568 411 3632 465 ut
3645 408 3811 467 nullo

379 498 677 571 φιλοσοφίαν
716 494 789 556 εἰς
839 497 928 546 τὸν
976 496 1154 568 καιρὸν
1211 502 1304 554 τῆς
1360 491 1624 552 ἀπουσίας
1680 490 1852 543 αὐτῶν
1896 508 2034 562 χρη-

379 590 716 660 σιμεύουσαν.
751 584 1042 654 Expende
1068 585 1211 640 illas
1240 584 1305 639 in
1326 598 1419 639 res
1440 583 1638 650 utiles,
1662 582 1805 636 dum
1827 594 2039 649 suppe-

373 679 530 743 tunt,
558 680 625 729 ut
652 689 787 730 cum
817 679 1034 741 erepta:
1058 672 1318 742 fuerint,
1350 671 1583 740 duplex
1625 670 1738 725 tibi
1778 673 2037 739 quaestus

375 764 670 831 obveniat,
698 768 823 818 tum
851 762 919 818 ob
933 768 1225 831 paratam
1253 760 1363 816 tibi
1380 760 1734 828 mercedem,
1762 758 1920 829 quod
1940 772 2037 813 eas

376 856 598 924 optime
626 852 1003 921 expenderis,
1059 857 1184 905 tum
1231 850 1302 905 ob
1332 850 1692 920 acquisitam
1726 863 1801 904 ea:
1829 863 2036 904 earum

378 949 719 1013 contemptu
759 939 1200 1012 philosophiam
1248 945 1303 996 et
1346 940 1733 1009 patientiam,
1759 954 1891 1010 quae
1930 937 2042 993 tibi

379 1040 501 1091 tum
519 1035 631 1090 erit
648 1034 804 1102 usui,
828 1048 963 1089 cum
980 1032 1101 1087 illis
1110 1032 1301 1101 fueris
1312 1030 1652 1087 destitutus.
1667 1032 1731 1085 Et
1746 1028 2039 1101 quoniam

376 1127 656 1196 suscepta
665 1121 1085 1193 estdisputatio
1098 1121 1229 1176 haec
1245 1120 1528 1192 martyris
1543 1135 1728 1175 causa
1744 1117 2036 1188 Barlaam,

375 1211 640 1269 alienum
670 1226 794 1266 non
830 1209 1068 1265 videtur
1097 1207 1331 1280 aliquid
1370 1206 1635 1280 proferre
1678 1222 1752 1263 ex
1790 1222 1861 1263 ea
1903 1222 2038 1263 ora-

374 1302 556 1369 tione,
596 1315 785 1372 quam
811 1298 887 1355 de
927 1297 1255 1354 fortissimo
1281 1297 1384 1353 illa
1420 1296 1643 1353 athleta
1686 1296 2037 1368 Chrysosto-

373 1407 514 1447 mus
540 1388 772 1446 habuit.
796 1387 1062 1443 Primum
1082 1386 1264 1457 igitur
1283 1390 1573 1442 occurunt
1592 1386 1723 1441 haec
1744 1384 1950 1442 verba.
1972 1385 2035 1454 (t.

374 1483 443 1548 II,
468 1495 529 1552 p.
554 1479 705 1549 682):
744 1477 934 1547 Ἀλγῶν
960 1472 1017 1528 δὲ
1038 1480 1125 1528 καὶ
1144 1478 1391 1547 πάσχων,
1415 1479 1505 1532 τὴν
1525 1482 1623 1528 τῶν
1636 1474 1932 1547 ἀσωμάτων
1945 1470 2040 1525 δυ-

2151 490 2269 547 alio
2289 492 2487 563 magis
2512 491 2842 549 delectatus
2885 493 2958 549 sit
2991 494 3478 565 Chrysostomus,
3513 497 3810 569 posterius

2148 595 2291 636 vero
2306 582 2458 637 inter
2476 596 2549 637 ea
2566 580 2856 654 loquendi
2873 597 3093 652 genera
3103 585 3399 640 recenseri
3413 584 3653 654 debere,
3672 602 3810 659 quae

2149 668 2199 722 si
2226 684 2350 724 non
2375 668 2459 725 ita
2480 669 2908 741 Chrysostomo
2935 672 3133 727 amica
3152 678 3348 728 essent
3368 678 3433 728 ut
3450 672 3600 728 illud
3622 674 3808 745 prius,

2150 761 2212 814 at
2237 758 2289 813 ei
2312 762 2515 815 tamen
2545 758 2805 815 multum
2842 776 3084 833 quoque
3117 760 3436 831 placerent.
3475 761 3618 818 Hinc
3649 767 3812 834 patet

2149 864 2287 905 vere
2313 849 2432 905 dici
2470 849 2732 917 solitum,
2766 851 2916 907 alios
2946 851 3074 907 aliis
3110 851 3418 908 obiectari.
3460 853 3611 908 Cum
3647 852 3808 909 enim

2148 954 2356 994 recens
2378 938 2490 994 sim
2516 955 2553 994 a
2576 938 2828 996 lectione
2850 944 3354 1013 panegyricarum
3378 941 3575 997 Basilii
3597 942 3811 998 oratio-

2148 1041 2321 1095 num,
2352 1026 2655 1084 afﬁrmare
2678 1028 2824 1083 mihi
2845 1028 3021 1084 licere
3043 1028 3317 1096 arbitror,
3342 1028 3489 1085 illud
3518 1028 3807 1102 loquendi

2150 1130 2362 1185 genus,
2390 1131 2513 1188 quo
2545 1120 2649 1171 aut
2675 1116 2925 1172 verbum
2958 1115 3277 1188 φιλοσοφεῖν,
3312 1123 3416 1173 aut
3444 1134 3561 1173 vox
3593 1116 3806 1189 φιλοσο-

2151 1210 2240 1276 φία
2262 1205 2492 1277 passim
2517 1221 2554 1260 a
2579 1205 3009 1277 Chrysostomo
3041 1205 3361 1263 adhibetur
3398 1206 3481 1262 ad
3527 1206 3806 1263 virtutem

2149 1301 2489 1368 martyrum
2518 1295 3004 1366 signiﬁcandam,
3033 1296 3236 1369 ipsum
3270 1302 3471 1353 tamen
3500 1313 3807 1370 nusquam

2150 1386 2214 1443 in
2242 1386 2334 1454 iis,
2365 1402 2522 1458 quas
2546 1385 2691 1453 dixi,
2721 1386 2914 1442 Basilii
2938 1386 3312 1442 orationibus
3327 1386 3601 1443 inveniri.
3626 1386 3810 1442 Velim

2150 1475 2430 1546 legantur
2448 1475 2828 1547 panegyricus
2848 1474 2963 1530 illae
2980 1474 3300 1544 orationes,
3321 1490 3478 1548 quas
3499 1474 3574 1530 de
3600 1474 3812 1544 glorio-

371 1570 570 1639 νάμεων
620 1566 671 1619 ἐν
725 1571 930 1638 σώματι
985 1565 1155 1636 θνητῷ
1210 1564 1527 1636 φιλοσοφίανς
1557 1560 1896 1619 ἐνεδείκνυτο.
1928 1562 2022 1619 Set

2153 1564 2407 1620 sissimis
2422 1563 2788 1636 quibusdam
2810 1563 3181 1634 martyribus
3197 1563 3410 1619 habuit
3430 1564 3520 1619 vir
3535 1579 3811 1619 summus

370 1657 576 1713 dolens
602 1671 674 1712 ac
686 1656 940 1727 patiens,
975 1655 1469 1723 incorporearum
1490 1654 1779 1710 virtutum
1807 1654 1871 1708 in
1890 1667 2045 1708 mor-

2155 1651 2427 1722 Basilius,
2472 1656 2535 1708 ut
2560 1652 2758 1721 magis
2810 1651 3178 1721 intelligatur
3222 1667 3435 1707 verum
3475 1667 3605 1707 esse
3643 1651 3810 1724 quod

373 1747 489 1803 tali
515 1725 768 1816 corpore
789 1743 1234 1814 philosophiam
1262 1757 1392 1812 prm
1420 1757 1482 1799 se
1517 1742 1773 1812 ferebat.
1818 1740 2042 1797 Deinde
2081 1725 2124 1781 Β
2331 1741 2599 1797 Vidimus
2626 1757 2874 1814 quoque
2906 1741 3406 1813 Chrysostomum
3435 1741 3691 1797 libenter
3726 1741 3809 1797 uti

361 1827 546 1892 'oﬁ‘ert
571 1849 634 1889 se
662 1833 811 1889 illud
842 1834 1004 1905 (pag.
1040 1835 1168 1899 686)
1192 1849 1204 1886 :
1241 1831 1303 1883 Εἰ
1326 1828 1385 1883 δὲ
1428 1830 1514 1883 ἐπὶ
1534 1839 1629 1893 τῆς
1662 1831 1896 1892 Παλαιᾶς
1923 1837 2041 1884 Δια-

372 1926 541 1986 θήκης
563 1920 734 1977 ταῦτα
764 1921 1116 1996 ἀπηγόρευτο,
1140 1919 1317 1992 πολλῷ
1343 1919 1538 1993 μᾶλλον
1567 1920 1653 1973 ἐπὶ
1674 1930 1769 1983 τῆς
1790 1922 2032 1995 χάριτος,

369 2014 492 2066 ἔνθα
520 2011 707 2064 πλείων
737 2013 767 2069 ἡ
804 2010 1107 2083 φιλοσοφία.
1143 2009 1314 2076 Quod
1360 2011 1414 2065 δέ
1462 2009 1587 2065 hac
1646 2011 1868 2065 Veteris
1904 2012 2035 2067 Tes-

372 2102 625 2159 tamenti
654 2106 915 2169 tempore
933 2098 1433 2169 prohibebantur,
1463 2099 1653 2154 multo
1682 2100 1875 2169 magis
1895 2105 2035 2155 lem-

357 2205 512 2261 pore
521 2191 759 2261 gratiae,
776 2188 879 2245 ubi
893 2190 1096 2258 major
1115 2192 1197 2244 est
1220 2186 1634 2257 philosophia.
1649 2191 1805 2243 Inter
1820 2192 2032 2245 caetera

362 2279 543 2336 velim
570 2279 847 2349 legantur
873 2293 1011 2351 qua;
1041 2277 1504 2349 Chrysostomus
1534 2275 1770 2348 scripsit
1796 2276 1858 2332 in
1884 2281 2029 2334 stre-

360 2368 690 2425 nuissimos
712 2369 1010 2439 martyres
1041 2368 1382 2422 Romanum
1423 2369 1481 2420 et
1522 2364 1846 2430 lulianum,
1885 2365 2029 2422 item

360 2473 499 2529 quae
527 2455 691 2512 idem
721 2455 959 2528 scripsit
1009 2453 1071 2510 in
1103 2453 1349 2511 beatam
1386 2453 1699 2510 Drosidem
1731 2457 1788 2509 et
1826 2453 1887 2509 in
1917 2456 2029 2512 Ma-

358 2545 643 2602 chabseos
679 2563 692 2601 :
743 2544 967 2617 quibus
1004 2544 1067 2600 in
1103 2543 1478 2601 orationibus
1510 2547 1795 2616 praestare
1828 2543 2025 2600 ausim

354 2639 661 2708 repertum
689 2633 759 2690 iri
801 2632 1141 2690 testimonia
1178 2632 1388 2701 multa,
1428 2632 1653 2705 quibus
1693 2633 1862 2706 quod
1901 2632 2025 2689 dixi

353 2723 605 2780 miriﬁce
630 2722 1034 2779 conﬁrmetur.
1066 2725 1197 2779 Non
1233 2737 1452 2794 parum
1488 2737 1734 2795 quoque
1768 2723 2024 2793 Chryso-

355 2815 555 2869 stomo
569 2811 768 2885 placet
781 2814 1095 2884 pratorum
1111 2812 1486 2884 comparatio
1501 2812 1563 2867 in
1582 2810 2020 2882 signiﬁcatione

348 2901 437 2958 rei
454 2905 639 2975 gratae
661 2917 732 2958 ac
747 2902 1055 2973 jucundaa.
1082 2900 1367 2974 Exempla
1391 2899 1641 2974 aliquot,
1666 2904 1732 2957 ut
1748 2900 2019 2973 quidque

346 2996 642 3058 occurret,
675 2990 1014 3062 subjiciam.
1048 2990 1131 3046 lta
1158 2990 1338 3061 igitur
1365 2991 1828 3063 Chrysostomus
1852 2990 2014 3046 locu-

2148 1835 2463 1905 pratorum
2499 1831 2953 1903 comparatione
2985 1830 3066 1887 ad
3096 1829 3485 1887 indicandam
3517 1846 3644 1887 rem
3672 1846 3808 1901 gra-

2146 1926 2305 1990 tam;
2327 1925 2384 1977 et
2404 1926 2607 1978 tamen
2639 1920 2719 1977 ob
2747 1936 2905 1988 eam,
2927 1936 3115 1992 quam
3134 1919 3321 1987 attuli,
3350 1935 3625 1985 causam,
3650 1934 3807 1976 asse-

2143 2015 2424 2071 veranter
2453 2010 2651 2067 dicere
2673 2025 2854 2083 posse
2884 2009 3111 2077 videor,
3133 2009 3284 2065 nihil
3306 2008 3420 2066 tale
3451 2009 3618 2082 apud
3646 2009 3806 2065 Basi-

2140 2099 2290 2157 lium
2316 2100 2560 2173 reperiri
2599 2100 2662 2155 in
2707 2099 2777 2155 iis
2823 2099 3242 2168 concionibus,
3291 2099 3353 2155 in
3402 2100 3626 2172 quibus
3672 2100 3801 2172 ipse

2140 2190 2433 2262 praeclara
2444 2189 2911 2245 fortissimorum
2933 2188 3341 2260 quorumdam
3356 2193 3694 2261 martyrum
3715 2188 3802 2245 fa-

2140 2280 2348 2336 cinora
2371 2278 2576 2335 litteris
2600 2278 2884 2352 prodidit.
2919 2278 3048 2334 Ima
3078 2278 3258 2334 etiam
3307 2278 3436 2334 haec
3487 2283 3799 2351 pratorum

2139 2370 2534 2442 comparatio,
2560 2384 2697 2441 quae
2719 2368 2865 2423 satis
2888 2368 3319 2440 Chrysostomo
3345 2367 3670 2435 arridebat,
3697 2370 3799 2423 Ba-

2139 2458 2340 2513 silium
2372 2462 2495 2513 tam
2519 2472 2738 2529 parum
2765 2457 3113 2520 commovit,
3148 2460 3214 2511 ut
3242 2456 3444 2528 ipsum
3476 2472 3551 2512 ne
3575 2456 3635 2512 in
3667 2455 3799 2512 aliis

2135 2546 2385 2619 quidem
2398 2546 2521 2602 suis
2533 2546 2910 2602 orationibus
2924 2561 2994 2601 ea
3008 2562 3186 2600 usum
3206 2543 3389 2601 fuisse
3405 2551 3636 2618 putem.
3664 2548 3687 2600 .Ι
3697 2562 3797 2601 am

2133 2639 2457 2696 redeamus
2473 2638 2553 2694 ad
2568 2642 3014 2694 controversam
3033 2637 3387 2705 orationem,
3408 2642 3466 2693 et
3487 2637 3797 2694 videamus

2136 2735 2267 2786 uter
2295 2730 2427 2800 ejus
2459 2729 2532 2784 sit
2559 2727 2862 2798 legitimus
2890 2742 3130 2800 parens,
3156 2727 3486 2784 Basiliusne
3508 2743 3588 2784 an
3615 2728 3796 2801 Chry-

2136 2822 2464 2875 sostomus.
2488 2817 2638 2873 illud
2661 2821 2862 2873 autem
2882 2816 3172 2889 loquendi
3195 2816 3593 2889 genus,quod
3606 2818 3793 2889 Chry-

2135 2912 2404 2964 sostomo
2451 2914 2579 2963 tam
2621 2905 2916 2963 familiare
2961 2923 3093 2962 esse
3141 2906 3403 2971 ostendi,
3435 2922 3558 2978 quo
3589 2911 3791 2963 tamen

2137 2996 2390 3053 Basilius
2427 2996 2489 3051 in
2530 2994 2857 3053 laudandis
2880 2994 3253 3068 martyribus
3295 3010 3599 3068 nusquam
3642 3012 3789 3052 usus

348 3097 443 3157 tus
465 3080 631 3138 estin
653 3080 927 3154 quadam
947 3079 1299 3149 oratione(t.
1321 3083 1388 3135 ll.
1411 3096 1470 3152 p.
1492 3079 1638 3151 670),
1662 3095 1785 3151 qua
1805 3095 2018 3136 omnes
2061 3081 2104 3136 (Ζ
2134 3086 2324 3143 fuisse
2353 3086 2735 3159 comperitur,
2776 3085 2838 3140 in
2868 3101 2963 3153 ea,
2995 3084 3071 3141 de
3100 3101 3225 3158 qua
3253 3085 3475 3155 agitur,
3516 3086 3787 3142 oratione

348 3170 533 3229 simul
595 3173 892 3241 martyres
927 3168 1184 3225 laudat:
1232 3167 1393 3220 Ἀλλὰ
1442 3174 1634 3230 κήποις
1678 3165 2019 3243 ἐνδιατρῖψαι

351 3259 552 3333 βούλει,
574 3264 665 3311 καὶ
689 3257 906 3331 λειμῶσι
924 3262 1011 3310 καὶ
1038 3254 1382 3331 παραδείσοις
1459 3259 1674 3315 Verum
1696 3260 1851 3315 enim
1879 3274 2018 3315 vero

346 3351 415 3406 in
454 3349 644 3406 hortis
686 3348 921 3405 versari
963 3349 1155 3417 cupis,
1208 3349 1273 3403 in
1307 3348 1507 3418 pratis
1545 3353 1601 3403 et
1649 3348 1962 3405 viridariis
1992 3352 2021 3403 ?

348 3440 467 3495 Nec
508 3437 592 3494 ita
633 3436 824 3494 multo
861 3435 1017 3493 infra
1060 3452 1222 3505 eum,
1272 3452 1457 3509 quem
1495 3436 1644 3508 dixi,
1680 3436 1884 3493 locum
1934 3438 2018 3493 sic

347 3544 559 3587 rursus
603 3527 821 3598 legitur
868 3545 882 3583 :
940 3529 1121 3589 Οὕτως
1177 3524 1258 3579 ἀεὶ
1307 3526 1409 3579 ἀπὸ
1449 3535 1548 3579 τῶν
1596 3531 1874 3602 μαρτύρων
1924 3526 2014 3581 ἐπ-

349 3625 591 3691 ανίωμεν,
640 3619 744 3670 ἀπὸ
801 3620 977 3691 μύρων
1027 3626 1409 3690 πνευματικῶν,
1459 3618 1563 3669 ἀπὸ
1619 3616 1876 3689 λειμώνων
1933 3621 2017 3669 οὺ-

349 3715 554 3783 ρανίων,
595 3713 704 3764 etc.
738 3709 838 3764 Ita
865 3723 1097 3778 semper
1132 3723 1171 3764 a
1208 3707 1584 3778 martyribus
1613 3714 2012 3779 revertamur,

349 3800 427 3857 ab
447 3799 770 3869 unguentis
786 3797 1235 3866 spiritualibus,
1253 3812 1291 3853 a
1308 3796 1642 3853 calestibus
1659 3798 1880 3866 pratis,
1900 3801 2010 3853 etc.

350 3888 585 3944 Discere
612 3886 767 3955 licet,
796 3890 864 3941 ut
891 3884 1123 3953 monui,
1146 3900 1218 3940 ex
1238 3900 1312 3941 ea
1332 3884 1641 3951 concione,
1664 3900 1757 3956 qae
1784 3884 1857 3941 de
1881 3901 2014 3942 san-

350 3977 618 4035 ctissimo
639 3981 904 4049 martyre
925 3979 1198 4032 Romano
1219 3974 1428 4031 habita
1450 3978 1559 4041 cst,
1579 3980 1807 4031 certum
1824 3976 2012 4048 quod-

349 4068 495 4124 dam
511 4065 748 4122 dicendi
763 4080 955 4136 gcnus
973 4079 1271 4136 pprquam
1283 4062 1574 4120 familiare
1589 4064 2013 4136 Chrysostomo

348 4156 560 4213 fuisse:
587 4170 795 4212 rursus
825 4171 898 4210 ex
926 4128 1140 4210 eadem
1162 4152 1366 4209 locum
1395 4167 1692 4225 promam,
1726 4169 1848 4225 quo
1876 4170 2014 4227 pro-

349 4245 485 4303 bari
513 4244 701 4318 possit
729 4260 888 4314 eam,
920 4243 995 4299 de
1027 4258 1152 4315 qua
1181 4257 1345 4298 nunc
1375 4242 1590 4312 agitur,
1621 4242 1859 4299 dicendi
1890 4244 2013 4299 for-

347 4334 583 4393 mulam
605 4333 721 4407 ipsi
749 4348 994 4406 quoque
1013 4347 1140 4388 non
1168 4347 1385 4404 parum
1403 4330 1723 4404 placuisse.
1749 4332 1887 4403 Ejus
1909 4348 2013 4389 au-

2131 3175 2412 3247 usurpari
2449 3174 2888 3232 animadverto.
2925 3178 2990 3229 ln
3027 3173 3351 3246 ipsa,enim
3384 3172 3467 3229 ita
3498 3173 3787 3247 scriptum

2118 3264 2343 3335 legitur
2372 3263 2561 3337 (apud
2595 3262 2766 3318 Basil.
2802 3270 2841 3319 t.
2894 3266 2957 3329 ll,
3011 3278 3074 3335 p.
3124 3264 3278 3333 139):
3331 3268 3785 3334 Διασκαπτόμιναι

2128 3353 2347 3426 πλευραὶ
2414 3349 2799 3414 δεδαπάνηντο,
2859 3350 2968 3403 ἀλλ’
3018 3353 3049 3409 ὴ
3110 3359 3201 3402 τοῦ
3261 3358 3588 3425 φρονήματος
3642 3352 3783 3409 ἡνθιι

2130 3443 2428 3516 φιλοσοφία.
2464 3443 2740 3512 Perfossa
2765 3442 2963 3497 latera
2985 3440 3483 3497 absumebantur:
3507 3442 3610 3497 sed
3626 3457 3786 3498 men-

2128 3535 2203 3589 tis
2225 3531 2612 3602 philosophia
2634 3530 2966 3600 ef/lorebat.
2993 3529 3267 3586 Similiter
3287 3531 3661 3602 comparatio
3684 3530 3786 3588 illa

2126 3625 2461 3693 pratorum,
2490 3635 2629 3691 quae
2652 3618 3079 3690 Chrysostomo
3117 3632 3243 3674 non
3286 3619 3525 3687 ingrata
3552 3623 3698 3688 erat,
3729 3624 3787 3675 et

2123 3711 2261 3784 ipsa
2288 3725 2533 3783 quoque
2564 3709 2627 3764 in
2655 3724 2746 3775 ea,
2774 3707 2849 3763 de
2880 3723 3005 3779 qua
3035 3722 3198 3762 nunc
3238 3708 3645 3765 controversia
3676 3714 3783 3775 est,

2124 3799 2395 3857 oratione
2414 3815 2452 3855 a
2477 3796 2747 3870 quolibet
2772 3796 2935 3852 cerni
2965 3799 3175 3868 potest.
3212 3795 3327 3852 Sed
3354 3796 3556 3869 ipsum
3582 3802 3786 3855 aucto-

2123 3906 2274 3959 rem,
2306 3888 2582 3961 quisquis
2613 3890 2721 3955 est,
2754 3884 2963 3943 audire
2990 3890 3256 3957 praestat.
3288 3887 3379 3942 Sic
3394 3885 3575 3955 igitur
3593 3886 3784 3960 loqui-

2124 3984 2221 4035 tur
2244 3977 2435 4050 (apud
2460 3975 2632 4033 Basil.
2657 3990 2717 4048 p.
2755 3976 2920 4045 140):
2965 3974 3325 4048 Κολαστὴριον
3364 3974 3513 4037 ξύλον
3551 3978 3619 4039 ὡς
3667 3995 3780 4028 σω-

2125 4074 2299 4141 τήριον
2356 4064 2740 4139 ἀσπαζόμενος,
2793 4062 3079 4137 κλείσμασι
3132 4060 3512 4138 δεσμωτηρίων
3562 4068 3629 4128 ὡς
3678 4065 3783 4118 λει-

2124 4165 2266 4228 μῶσι
2296 4160 2623 4229 τερπόμενος.
2649 4153 2953 4224 Supplicii
2977 4154 3209 4224 lignum
3232 4154 3394 4209 velut
3411 4155 3677 4211 salutare
3695 4169 3782 4210 os-

2126 4244 2476 4307 culabatur,
2506 4243 2687 4313 septis
2724 4258 3042 4301 carcerum
3079 4259 3184 4300 ceu
3218 4245 3415 4314 pratis
3450 4243 3780 4315 gaudebat.

2127 4333 2446 4401 Quomodo
2476 4349 2621 4404 ergo
2654 4332 2886 4404 Basilio,
2919 4349 3057 4390 cum
3088 4333 3163 4390 de
3201 4339 3465 4407 martyre
3506 4333 3782 4391 Bariaam

346 4429 467 4481 tem
497 4406 797 4480 haecisunt
824 4422 1011 4478 verba
1040 4422 1104 4494 (t.
1141 4424 1209 4492 ll,
1253 4437 1313 4494 p.
1361 4421 1523 4491 614):
1581 4426 1680 4474 Καὶ
1724 4423 1899 4496 ὥσπερ
1960 4421 2011 4474 ἐν
2049 4406 2095 4461 D
2127 4422 2926 4491 sermonemhaberet,venit
2949 4422 3010 4479 in
3036 4406 3779 4496 mentemutiquibusdam

349 4514 462 4587 ἱερᾴ
521 4520 705 4585 πομπῇ
777 4515 1104 4586 χορεύοντες,
1175 4515 1266 4562 καὶ
1342 4510 1394 4562 ἐν
1459 4510 1670 4583 λειμῶνι
1732 4514 2009 4573 παίζοντες

348 4602 574 4676 χλοερῷ,
620 4600 755 4653 οὕτω
790 4603 884 4663 τὰς
929 4605 1187 4676 τιμωρίας
1234 4602 1453 4662 ἕκαστος
1486 4603 1739 4675 ἣρπαζεν“
1781 4600 1860 4654 Ει
1915 4615 2012 4657 ve-

351 4692 441 4747 lut
465 4692 529 4747 in
557 4705 737 4747 sacra
762 4704 989 4760 pompa
1018 4689 1268 4746 choreas
1299 4689 1605 4755 ducentes,
1639 4694 1695 4743 et
1735 4691 1799 4744 in
1831 4688 2016 4745 viridi

336 4787 522 4852 prato
549 4781 834 4851 ludentes,
865 4781 950 4837 ita
980 4780 1313 4850 arripiebat
1346 4779 1759 4850 unusquisque
1784 4780 2015 4837 crucia-

347 4875 462 4926 tus.
486 4870 579 4926 Ad
597 4869 759 4926 idem
780 4869 1267 4926 conﬁrmandum
1281 4867 1480 4924 afferri
1497 4873 1757 4940 possunt
1773 4884 1910 4940 qute
1930 4869 2013 4924 le-

345 4965 570 5031 guntur
589 4961 754 5033 apud
775 4961 1274 5033 Chrysostomum
1291 4959 1352 5013 in
1376 4973 1448 5013 ea
1464 4973 1652 5030 quam
1669 4957 1797 5027 jam
1815 4959 2013 5017 citavi-

340 5065 481 5105 mus
507 5050 816 5122 concione,
840 5049 944 5105 ubi
966 5048 1238 5105 videlicet
1258 5046 1546 5103 omnibus
1580 5045 1761 5101 simul
1791 5051 2013 5107 sanctis

340 5140 716 5213 praeconium
735 5140 936 5196 tribuit
957 5143 1158 5195 orator
1178 5136 1465 5209 optimus.
1493 5136 1585 5193 Sic
1602 5141 1804 5193 autem
1823 5138 2012 5214 loqui-

340 5232 437 5282 tur
459 5229 517 5300 (t.
553 5227 619 5295 ΙΙ,
665 5244 724 5300 p.
775 5228 933 5300 654):
982 5228 1104 5295 Οὐχ
1161 5224 1298 5276 οὓτω
1353 5223 1593 5295 λειμῶνες
1640 5224 1743 5276 εἰσι
1784 5234 2007 5303 τερπνοὶ,

338 5313 477 5388 ῥόδα
508 5319 597 5368 καὶ
624 5320 681 5369 ’ία
714 5320 1073 5390 παρεχόμενοι
1117 5321 1225 5376 τοῖς
1271 5316 1564 5385 θεωμένοις,
1607 5315 1675 5376 ὡς
1722 5322 2005 5392 μαρτύρων

336 5403 509 5477 τάφοι.
533 5407 671 5462 Νοη
700 5407 791 5461 ita
822 5420 928 5461 nos
956 5409 1137 5473 prata
1164 5404 1489 5469 delectant,
1519 5404 1661 5460 dum
1698 5420 1865 5463 rosas
1888 5402 2006 5465 vici

337 5495 545 5568 lasque
573 5494 935 5566 spectandas
961 5493 1379 5563 suppeditant,
1421 5509 1494 5549 ac
1534 5500 1878 5566 martyrum
1912 5505 2001 5554 tu-

335 5586 509 5642 muli.
546 5587 630 5640 Ex
657 5583 881 5657 quibus
915 5581 1236 5654 omnibus,
1270 5582 1516 5655 Opinor,
1551 5580 1732 5656 plane
1768 5592 2007 5647 constat

2122 4510 2416 4585 loquendi
2444 4510 2784 4582 generibus,
2825 4510 3048 4584 quibus
3081 4528 3386 4585 nusquam
3414 4512 3476 4567 in
3507 4512 3680 4569 certis
3709 4527 3783 4569 ac

2124 4598 2470 4658 indubitatis
2496 4601 2619 4656 suis
2644 4600 3019 4657 orationibus
3055 4616 3199 4656 usus
3227 4599 3410 4656 fuisse
3441 4600 3734 4657 invenitur
3753 4600 3783 4655 ?

2125 4695 2331 4755 Nonne
2359 4689 2538 4761 longe
2550 4689 2926 4763 probabilius
2941 4694 3030 4746 est
3041 4693 3445 4746 controversae
3458 4688 3639 4761 hujus
3651 4705 3781 4747 ora-

2126 4780 2300 4838 tionis
2330 4796 2539 4837 verum
2573 4795 2643 4836 ac
2670 4778 3009 4848 legitimum
3035 4783 3349 4852 parentem
3375 4794 3504 4835 esse
3530 4780 3784 4853 Chryso-

2128 4874 2414 4937 stomum,
2444 4867 2549 4941 qui
2577 4867 2669 4935 iis,
2698 4882 2852 4939 quas
2868 4866 3013 4937 dixi,
3040 4865 3280 4923 dicendi
3306 4867 3579 4924 formulis
3608 4868 3783 4926 fami-

2122 4959 2344 5016 liariter
2373 4959 2459 5014 uti
2481 4956 2735 5013 soleret?
2762 4958 2925 5012 Hanc
2945 4956 3279 5013 orationem
3298 4956 3634 5028 longiorem
3651 4974 3782 5016 esse

2121 5063 2536 5123 percuperem.
2571 5046 2640 5101 id
2671 5045 2719 5102 si
2749 5049 2923 5108 esset,
2956 5045 3199 5118 saepius,
3222 5045 3457 5118 opinor,
3490 5052 3618 5104 tum
3647 5063 3780 5105 ver.

2119 5140 2272 5196 bum
2317 5137 2629 5210 φιλοσοφεῖν,
2664 5140 2795 5192 tum
2832 5139 3147 5207 pratorum
3187 5136 3559 5209 comparatio
3605 5137 3669 5193 in
3708 5154 3780 5195 ea

2121 5232 2481 5294 occurreret;
2506 5227 2712 5299 sicque
2732 5225 2928 5296 magis
2948 5224 3581 5300 intelligereturipsam
3595 5228 3781 5301 Chry-

2122 5322 2391 5375 sostomo
2408 5315 2589 5373 tribui
2600 5314 2839 5372 debere.
2859 5314 3104 5371 Accedit
3120 5315 3322 5387 etiam,
3340 5316 3509 5389 quod
3525 5316 3776 5374 Basilius

2117 5409 2181 5465 in
2198 5406 2583 5481 panegyricis
2604 5405 2728 5461 suis
2757 5404 3133 5461 orationibus
3157 5420 3395 5478 semper
3410 5410 3612 5462 utatur
3631 5422 3776 5464 voce

2118 5498 2243 5571 ἀνὴρ
2271 5496 2351 5554 ad
2380 5497 2545 5569 ipsos
2574 5498 2885 5567 martyres,
2919 5509 3074 5567 quos
3111 5493 3339 5558 laudat,
3373 5495 3733 5554 iudicandos
3758 5513 3771 5553 :

2117 5587 2580 5659 Chrysostomus
2592 5599 2731 5641 vero
2758 5582 2820 5640 in
2843 5583 2914 5640 iis
2942 5598 3096 5656 quas
3121 5583 3296 5642 citavi
3317 5584 3691 5643 orationibus
3717 5591 3776 5644 et
