4092 6384
314 343 376 396 l7
402 336 407 343 '
1811 334 2201 391 PREFATIO.
3685 344 3747 395 ,ε

304 464 368 521 in
388 463 755 537 quibusdam
778 463 907 521 aliis
921 478 1240 536 nunquam
1255 478 1392 519 eam
1410 478 1623 521 vocem
1642 463 1758 519 hoc
1779 475 1948 517 sensu

2070 459 2449 529 ἑκπιπτοῦσης,
2499 470 2594 523 τῆς
2635 466 2813 536 χειρὸς
2842 460 2900 515 δὲ
2944 464 3019 515 ἔτι
3058 469 3338 536 τεταμένης
3380 483 3509 537 προς
3542 464 3740 523 πάλην.

306 557 574 626 usurpat.
610 554 693 608 Ex
722 568 845 625 quo
884 552 970 623 ﬁt,
1014 557 1079 608 ut
1113 553 1243 609 11th
1275 553 1485 609 concio
1527 554 1957 626 Chrysostomo

299 642 498 716 potius
528 642 709 698 tribui
738 642 974 712 debeat,
1006 659 1196 716 quam
1227 643 1465 700 Basilio.

372 736 423 788 9.
460 734 726 799 Exstant,
767 735 833 787 ut
870 747 941 788 ex
987 731 1158 788 dictis
1185 735 1371 805 patet,
1404 746 1712 788 sermones
1743 730 1866 787 duo
1897 730 1959 787 in

300 820 575 878 Barlaam
590 823 1106 892 martyrem.Unus
1123 821 1201 878 ab
1218 822 1639 894 omnibusjuno
1657 835 1959 878 consensu

303 910 581 967 scribitur
627 912 1059 984 Chrysostomo
1097 928 1110 966 :
1155 911 1322 982 alter,
1379 912 1454 968 de
1514 927 1636 985 quo
1674 911 1954 981 agimus,

297 1000 360 1057 in
393 1000 868 1058 controversiam
899 1005 1164 1058 vocatur.
1194 1002 1327 1068 Sed,
1352 1001 1471 1057 nisi
1494 1001 1671 1058 valde
1693 1000 1883 1065 fallor,
1909 1000 1958 1056 si

298 1088 436 1163 quis
475 1089 629 1147 duas
671 1090 784 1146 has
830 1090 1132 1148 orationes
1188 1091 1340 1148 inter
1388 1106 1450 1147 se
1498 1090 1956 1165 comparaverit,

296 1178 607 1252 utriusque
631 1180 915 1237 eumdem
951 1184 1260 1237 auctorem
1297 1197 1427 1237 esse
1453 1180 1623 1237 facile
1650 1180 1954 1250 intelliget.

296 1269 519 1325 Auctor
546 1268 727 1339 enim,
759 1269 1105 1344 quicunque
1135 1269 1230 1325 ille
1262 1269 1392 1340 fuit,
1424 1270 1527 1343 qui
1552 1270 1712 1326 hanc
1742 1270 1956 1326 oratio-

296 1371 438 1413 nem
477 1359 904 1430 pronuntiavit,
949 1375 1089 1415 cum
1124 1360 1335 1432 paucis
1373 1358 1571 1416 verbis
1613 1358 1958 1416 concionari

296 1446 617 1517 statuisset,
675 1446 824 1504 nihil
870 1447 1035 1504 aliud
1082 1448 1197 1505 sibi
1255 1448 1643 1521 proposuisse
1698 1447 1955 1517 videtur,

296 1550 485 1608 quam
496 1536 798 1608 epitomen
810 1536 1149 1610 quamdam
1162 1536 1725 1594 alterius'concionis
1738 1536 1952 1594 facere.

298 1626 364 1680 Et
380 1640 524 1680 vero
551 1624 853 1698 quidquid
879 1626 942 1681 in
971 1625 1229 1697 longiori
1259 1626 1549 1683 concione
1579 1624 1656 1683 de
1686 1626 1958 1698 martyrii

296 1729 513 1785 genere
540 1720 837 1782 narratur,
886 1731 1068 1772 omne
1096 1716 1159 1772 id
1200 1716 1263 1773 in
1293 1717 1478 1773 altera
1506 1716 1766 1773 breviter
1794 1732 1956 1773 sum-

2072 549 2237 617 Quod
2246 556 2603 618 postremum
2625 556 2983 607 tormentum
2996 553 3136 608 eiab
3154 554 3414 609 inimicis
3426 554 3743 611 admotum

2069 645 2173 695 est.
2194 639 2432 695 Etenim
2455 640 2713 697 libamen
2728 641 3099 696 dwmonibus
3115 641 3373 709 βαι-τωδὶ,
3394 643 3587 711 ignem
3612 658 3743 699 arm

2069 743 2203 783 cum
2231 728 2671 797 imposuissent,
2704 729 3038 785 adductum
3068 734 3405 799 martyrem
3434 737 3578 787 ante
3602 746 3736 787 eum

2068 817 2305 883 sistunt,
2329 824 2509 888 atque
2528 820 2842 875 dexteram
2858 819 3140 888 supinam
3167 833 3353 889 super
3381 819 3583 875 altare
3598 834 3741 888 pro-

2070 907 2313 963 tendere
2316 907 2620 977 jubentes,
2644 923 2832 965 manu
2855 909 3020 965 velut
3046 923 3203 965 aerea
3233 922 3349 964 ara
3374 909 3737 987 abusisunt,

2068 997 2315 1052 ardente
2348 998 2526 1053 thure
2562 999 2625 1051 in
2668 1013 2737 1055 ea
2781 1000 3046 1069 maligne
3086 1000 3461 1069 impositam.
3494 999 3738 1055 Etenim

2064 1086 2311 1156 ﬂamma
2328 1087 2568 1158 quidem
2589 1103 2837 1144 manum
2854 1088 3138 1159 perrosit,
3169 1089 3274 1145 sed
3298 1094 3502 1145 tamen
3522 1103 3741 1144 manus

2060 1177 2400 1245 permansit
2425 1178 2737 1246 ﬂammam
2777 1178 2958 1250 quasi
2986 1180 3247 1234 cinerem
3295 1183 3538 1248 gestans
3568 1192 3591 1233 .·
3618 1193 3742 1233 non

2067 1265 2230 1322 dedit
2261 1272 2496 1336 tergum
2517 1268 2791 1324 saevienti
2808 1269 2941 1338 igni
2968 1269 3364 1338 fugitivorum
3390 1268 3453 1321 in
3485 1281 3732 1332 morem,

2065 1356 2170 1412 sed
2186 1356 2430 1412 immota
2446 1358 2712 1426 perstitit
2730 1363 2946 1413 contra
2963 1359 3274 1428 ﬂammam
3296 1361 3543 1413 strenue
3562 1356 3740 1411 dimi-

2067 1460 2327 1504 cans.....
2355 1448 2666 1516 ﬂammam
2696 1448 2864 1503 inter
2892 1454 2945 1503 et
2975 1450 3291 1504 dexteram
3321 1445 3623 1516 martyris
3646 1446 3743 1500 in-

2066 1536 2417 1593 struebatur
2445 1538 2612 1594 lucta
2656 1554 2669 1591 :
2708 1537 2812 1593 sed
2855 1537 3104 1594 dextera
3141 1551 3360 1593 novam
3409 1535 3739 1608 quamdam

2070 1626 2467 1682 luctaminum
2488 1626 2801 1682 victoriam
2824 1625 3102 1694 habebat,
3118 1624 3607 1696 quandoquidem
3632 1638 3740 1694 per

2066 1716 2325 1772 mediam
2346 1719 2927 1786 manumjtraseunte
2944 1717 3213 1786 ﬂamma,
3248 1730 3471 1772 manus
3495 1713 3578 1771 ad
3611 1715 3738 1769 luc-

298 1803 630 1877 matimque
667 1804 894 1861 dictum
941 1809 1049 1877 est,
1094 1806 1177 1862 sic
1212 1810 1277 1863 ut
1310 1805 1572 1863 dubitari
1607 1806 1709 1862 vix
1742 1806 1953 1879 possit,
1985 1815 2031 1870 Β
2070 1809 2193 1862 tam
2212 1806 2662 1877 porrigebatur.
2692 1808 2776 1861 Ex
2796 1805 3019 1879 quibus
3048 1805 3395 1875 intelligitur
3414 1820 3541 1861 non
3570 1819 3733 1860 eam-

298 1891 447 1965 quin
484 1892 794 1965 utriusque
824 1892 1111 1950 orationis
1149 1909 1308 1949 unus
1333 1897 1391 1950 et
1418 1893 1583 1950 idem
1606 1909 1828 1967 parens
1860 1894 1951 1952 sit.

300 1984 425 2037 lmo
455 1996 578 2037 non
608 1980 822 2038 eadem
853 1982 1050 2039 solum
1086 1983 1437 2040 summatim
1475 1983 1855 2057 reperiuntur
1894 1984 1958 2041 in

298 2070 557 2127 breviori
586 2071 877 2127 concione
909 2088 922 2127 :
966 2072 1075 2128 sed
1114 2072 1329 2129 eadem
1366 2072 1547 2130 etiam
1585 2073 1775 2130 verba
1802 2089 1957 2131 non-

296 2174 615 2233 nunquam
642 2160 1022 2216 adhibentur.
1051 2164 1117 2217 Et
1144 2165 1210 2218 ut
1236 2178 1307 2219 ea
1329 2162 1404 2218 de
1429 2178 1494 2218 re
1517 2163 1797 2236 aquovis
1817 2163 1956 2220 faci-

296 2248 413 2304 lius
443 2248 769 2305 existimari
796 2249 1005 2322 passit,
1036 2250 1240 2323 aliqua
1268 2251 1403 2308 loca
1432 2268 1506 2308 ex
1540 2258 1796 2326 utraque
1825 2269 1957 2310 ora-

302 2337 461 2394 tione
516 2338 872 2394 exscribam.
930 2343 993 2394 ln
1035 2338 1291 2410 longiori
1328 2340 1507 2411 igitur
1544 2342 1849 2400 concione'
1873 2341 1956 2398 sic

302 2426 516 2497 legitur
544 2428 729 2500 (apud
750 2429 1054 2500 Chrysost.
1088 2433 1128 2485 t.
1172 2434 1238 2497 ll,
1270 2447 1331 2504 p.
1362 2435 1467 2487 682
1495 2436 1553 2489 et
1585 2433 1773 2506 seq.):
1810 2432 1957 2486 Ὀλό-

307 2514 496 2589 κληρον
540 2515 591 2568 ἐν
629 2525 691 2589 τῇ
735 2513 886 2589 δεξιᾷ
921 2521 1090 2591 πυρὰν
1122 2517 1435 2592 βαστάζων.
1460 2563 1471 2576 .
1495 2566 1506 2577 .
1531 2564 1543 2577 .
1566 2564 1579 2577 .
1620 2527 1710 2575 καὶ
1740 2525 1839 2594 γάρ
1869 2528 1956 2576 καὶ

300 2613 452 2657 τοῦτο
493 2614 588 2667 τῆς
636 2605 827 2659 ἕκείνου
874 2613 1193 2681 κακουργίας
1243 2606 1325 2675 ἧν,
1381 2613 1468 2662 τὸν
1525 2616 1597 2684 μὴ
1658 2612 1841 2674 εὐθέως
1899 2615 1955 2665 εκ

293 2698 584 2766 προοιμίων
632 2694 843 2765 χαλεπά
888 2700 1171 2768 προσάγειν
1219 2695 1286 2749 τὰ
1333 2704 1764 2771 μηχανήματα...
1824 2700 1957 2764 ἐξελ-

295 2785 451 2836 θόντα
506 2781 566 2837 δὲ
617 2784 773 2838 αὑτὸν
830 2786 902 2847 εἰς
949 2790 1107 2859 μέσον
1153 2786 1427 2859 equi-701w",
1482 2794 1548 2841 Τί
1604 2796 1773 2842 τοίνυν
1836 2790 1952 2845 ἐστὶ

292 2876 350 2925 τὸ
392 2874 691 2946 μηχάνημα
725 2893 736 2937 ;
779 2879 880 2933 Τὴν
923 2882 1083 2950 χεῖρα
1120 2875 1452 2939 κελεὺσαντες
1493 2879 1683 2931 ὑπτίαν
1730 2879 1953 2933 ἐκτεῖναι

292 2961 528 3036 ὑπεράνω
587 2959 679 3016 τοῦ
749 2961 955 3037 βωμοῦ,
1011 2964 1269 3024 ἐπέθηκαν
1323 2966 1585 3040 ἄνθρακας
1653 2990 1741 3021 και
1807 2969 1954 3023 λιϐα-

291 3056 449 3105 νωτὸν
618 3058 881 3127 χειρὶ.....
942 3057 1086 3128 ἔμενε
1147 3059 1247 3132 γάρ
1305 3058 1332 3109 ὁ
1387 3061 1644 3132 μακάριος
1702 3059 1952 3133 Βαρλαοίμ

2068 1895 2208 1951 dem
2243 1894 2440 1951 solum
2466 1895 2826 1952 sententiam
2855 1894 2918 1951 in
2949 1894 3192 1951 duabus
3222 1895 3316 1950 his
3349 1892 3731 1950 orationibus

2066 1984 2332 2057 reperiri,
2352 1983 2478 2047 sed,
2508 1988 2573 2041 ut
2595 1984 2737 2049 dixi,
2763 1985 2978 2041 eadem
3004 1984 3193 2041 verba
3212 1984 3275 2040 in
3300 1987 3557 2056 utraque
3578 1976 3729 2039 non-

2065 2089 2384 2148 nunquam
2406 2074 2705 2147 usurpari.
2723 2076 2991 2145 Namjhaa
3009 2090 3209 2144 voces,
3230 2071 3398 2139 δεξιὰ,
3424 2072 3734 2146 βαστάζων,

2064 2166 2368 2238 προσὰγειν,
2431 2163 2656 2237 ἀγαγὼν,
2731 2168 3049 2238 μηχάνημα,
3108 2163 3461 2228 κελεύσαντες,
3519 2165 3735 2229 ὑπτιαν,

2068 2253 2275 2328 βωμοῦ,
2344 2254 2643 2326 λιϐανωτὸν,
2695 2258 2855 2329 ἔμενε,
2904 2260 3083 2329 μέσον,
3133 2255 3427 2323 ἐξέπιπτον,
3485 2269 3622 2326 quas
3672 2253 3737 2308 in

2065 2344 2336 2415 longiore
2349 2346 2637 2403 concione
2652 2345 3298 2413 inveniuntur,eaedem
3314 2348 3370 2400 et
3384 2344 3444 2399 in
3459 2342 3735 2399 breviore

2065 2432 2363 2504 leguntur,
2405 2434 2541 2491 licet
2570 2434 2793 2507 saepius
2820 2435 2989 2491 aliter
3010 2433 3267 2490 inﬂexte.
3320 2432 3451 2489 Scio
3484 2431 3736 2504 quidem

2065 2538 2271 2580 rarum
2300 2539 2426 2580 non
2455 2538 2608 2592 esse,
2635 2528 2701 2580 ut
2730 2524 2852 2580 duo
2884 2523 3202 2597 scriptores
3238 2523 3347 2595 qui
3367 2521 3530 2578 idem
3560 2535 3737 2590 argu-

2064 2618 2338 2670 mentum
2356 2617 2626 2682 tractent,
2649 2613 2851 2670 nonin
2870 2613 3176 2669 sententiis
3195 2612 3403 2682 modo,
3424 2611 3531 2668 sed
3555 2610 3736 2667 etiam

2062 2702 2126 2759 in
2155 2703 2458 2777 aliquibus
2487 2704 2685 2760 verbis
2718 2703 3050 2776 aliquando
3081 2701 3485 2759 conveniant:
3537 2699 3645 2756 sed
3671 2699 3736 2755 in

2063 2792 2157 2849 his
2188 2809 2325 2866 quae
2351 2794 2595 2867 protuli,
2628 2797 2751 2850 tam
2779 2792 2970 2850 multa
2999 2796 3139 2849 sunt
3166 2807 3301 2864 quae
3325 2791 3480 2847 inter
3501 2805 3564 2846 se
3586 2803 3731 2846 con-

2062 2883 2328 2947 veniunt,
2364 2888 2430 2939 ut
2454 2887 2664 2956 putem
2684 2899 2807 2939 non
2837 2882 3010 2939 facile
3037 2881 3289 2956 proferri
3320 2895 3499 2953 posse
3530 2894 3733 2935 exem-

2057 2973 2236 3046 plum
2266 2973 2537 3046 aliquod,
2559 2973 2622 3029 in
2651 2988 2774 3045 quo
2805 2972 2927 3029 duo
2958 2972 3280 3045 scriptores
3304 2969 3369 3025 in
3386 2974 3510 3026 tam
3527 2967 3733 3024 multis

2064 3062 2126 3118 in
2141 3066 2266 3119 tam
2285 3062 2497 3135 paucis
2517 3061 2719 3118 verbis
2739 3060 3149 3117 convenerint.
3171 3062 3366 3125 Quare
3385 3057 3565 3126 longe
3582 3055 3732 3111 mihi

292 3139 471 3201 ἀκλινῆ
532 3148 624 3195 καὶ
683 3142 1053 3218 ἀπερίτρεπτον
1118 3152 1290 3219 τηρῶν
1358 3152 1453 3205 τήν
1520 3155 1770 3223 χεῖρα....
1841 3148 1948 3202 ἁλλ¹

2062 3152 2444 3210 verisimilius
2489 3152 2725 3209 videtur
2764 3151 3080 3224 utriusque
3124 3148 3413 3206 orationis
3450 3163 3644 3203 unum
3675 3150 3733 3202 et

291 3232 360 3293 ὡς
433 3230 488 3293 ἐξ
558 3228 863 3305 ἀδάμαντος
944 3243 1236 3307 πεπηγυῖα,
1331 3239 1493 3299 οὕτως
1584 3237 1951 3312 ἀπερίτρεπτος

294 3321 555 3392 ἕμενεν....
618 3328 709 3374 καὶ
762 3325 812 3375 οἱ
867 3327 959 3396 μὲν
1010 3325 1265 3398 οἶνθρακες
1320 3330 1380 3379 τὸ
1433 3329 1592 3399 μέσον
1631 3337 1726 3390 τῆς
1771 3333 1952 3403 χειρὸς

296 3406 677 3484 διατρήσαντες
722 3412 994 3475 ἐξέπιπτον
1024 3416 1186 3481 κάτω,
1218 3418 1248 3474 ἡ
1297 3413 1356 3468 δε
1396 3413 1611 3491 ἀνδρεία
1639 3426 1736 3480 τῆς
1765 3417 1951 3489 ψυχῆς

291 3498 352 3550 οὐ
383 3494 671 3555 διέπιπτεν.
692 3501 1005 3571 [ntegrum
1026 3504 1089 3559 in
1105 3503 1355 3561 dextera
1369 3520 1589 3576 pyram
1614 3512 1949 3577 gestans....

291 3588 505 3645 etenim
522 3590 634 3646 hoc
649 3605 881 3663 quoque
903 3593 1153 3648 malitia
1171 3594 1340 3650 illius
1354 3596 1498 3665 fuit,
1522 3595 1684 3667 quod
1699 3598 1900 3652 statim
1915 3611 1953 3652 a

286 3679 589 3749 principio
602 3694 817 3749 graves
836 3681 1153 3737 machinas
1173 3698 1295 3739 non
1310 3684 1661 3741 admoverit.
1759 3699 1951 3756 egres-

289 3782 420 3825 sum
449 3775 650 3826 autem
680 3770 856 3826 illum
892 3786 1026 3828 cum
1061 3771 1124 3827 in
1160 3772 1419 3830 medium
1454 3774 1829 3831 adduxisset.
1854 3817 1867 3830 .
1889 3816 1903 3830 .
1926 3817 1939 3831 .

292 3858 600 3927 Quodnam
614 3860 807 3931 igitur
816 3860 978 3916 illud
992 3865 1078 3917 est
1090 3863 1643 3920 machinamentum
1656 3865 1684 3921 ?
1700 3866 1840 3922 Cum
1860 3879 1949 3919 su-

280 3962 388 4018 per
432 3963 605 4005 aram
642 3950 961 4006 extendere
995 3966 1241 4007 manum
1287 3954 1569 4022 supinam
1602 3954 1944 4024 jussissent,

282 4052 515 4108 prunas
537 4043 593 4095 et
622 4037 761 4095 thus
780 4040 995 4095 manui
1010 4040 1519 4110 imposuerunt....
1554 4043 1760 4099 beatus
1787 4044 1946 4100 enim

285 4127 579 4183 Barlaam
604 4142 714 4184 nec
741 4128 1101 4185 inclinatam
1131 4144 1240 4186 nec
1262 4131 1564 4189 inversam
1593 4148 1842 4190 manum
1866 4142 1945 4192 te-

282 4230 428 4272 nens
447 4218 824 4286 permansit..
837 4258 874 4272 ..
896 4218 1014 4288 sed,
1036 4219 1212 4290 quasi
1225 4234 1302 4276 ea:
1317 4220 1643 4279 adamante
1664 4233 1943 4287 concreta

282 4310 448 4371 esset,
488 4321 704 4362 manus
731 4307 846 4363 illa
868 4308 1265 4377 permanebat
1290 4313 1605 4367 immota...
1642 4318 1698 4370 et
1719 4331 1944 4385 prunas

281 4395 523 4465 quidem
554 4408 688 4451 cum
718 4397 919 4452 volam
946 4411 1163 4453 manus
1189 4398 1629 4468 perforassent,
1662 4404 1941 4465 deorsum

2062 3245 2349 3302 eumdem
2387 3247 2695 3301 auctorem
2726 3259 2878 3308 esse,
2909 3242 3016 3316 qui
3045 3257 3187 3298 cum
3214 3239 3382 3296 idem
3408 3252 3733 3309 argumen-

2060 3338 2192 3390 tum
2221 3334 2315 3390 bis
2336 3337 2592 3391 tractare
2625 3332 2951 3400 statuisset,
2991 3331 3053 3387 in
3086 3328 3410 3403 posteriore
3441 3326 3731 3383 concione

2062 3423 2368 3496 epitomen
2428 3422 2644 3495 prioris
2709 3420 2934 3479 fecerit.
2993 3420 3177 3477 Plane
3231 3422 3435 3476 autem
3492 3416 3730 3472 constat

2060 3511 2278 3584 prioris
2302 3516 2609 3567 auctorem
2628 3510 3128 3582 Chrysostomum
3148 3524 3278 3565 esse
3303 3524 3316 3563 :
3351 3519 3728 3577 consequens

2062 3603 2149 3655 est
2177 3594 2359 3669 igitur
2395 3602 2462 3654 ut
2489 3599 2785 3671 posterior
2813 3598 2866 3653 ci
2895 3613 3141 3671 quoque
3170 3596 3491 3652 tribuatur.

2136 3691 2222 3744 10.
2246 3686 2396 3742 Satis
2434 3686 2683 3758 quidem
2723 3685 2939 3753 sciunt,
2969 3686 3076 3758 qui
3103 3684 3357 3757 paulum
3389 3682 3574 3738 modo
3602 3695 3727 3737 ver-

2061 3776 2174 3832 sati
2191 3775 2406 3831 suntin
2422 3774 2693 3845 legendis
2713 3774 3120 3847 Chrysostomi
3136 3772 3392 3845 scriptis,
3408 3785 3723 3826 summum

2056 3866 2220 3921 hunc
2234 3864 2435 3921 virum
2452 3864 2780 3936 aliquando
2803 3863 3229 3920 concionatum
3244 3861 3427 3917 fuisse
3448 3862 3586 3915 ante
3602 3857 3723 3930 epi-

2057 3971 2315 4029 scopum
2344 3954 2695 4012 Flavianum
2725 3971 2739 4009 :
2765 3956 2871 4011 sed
2889 3958 3108 4019 tamen,
3130 3952 3422 4026 quoniam
3447 3951 3530 4007 ita
3546 3964 3723 4022 expet

2053 4046 2161 4113 dit,
2205 4045 2340 4103 loca
2376 4045 2582 4119 aliqua
2618 4045 2842 4119 quibus
2888 4044 2951 4101 id
2995 4048 3199 4117 aperte
3236 4040 3610 4111 ostendatur,
3655 4038 3720 4094 in

2052 4136 2325 4193 medium
2354 4134 2659 4192 adducere
2702 4150 2829 4191 non
2870 4134 3117 4208 pigebit.
3153 4135 3301 4190 Cum
3326 4131 3504 4202 igitur
3535 4130 3717 4201 Chry-

2052 4229 2360 4282 sostomus
2389 4224 2875 4282 Machabaaorum
2896 4223 3108 4281 laudes
3128 4226 3419 4286 narraret,
3443 4220 3527 4276 ita
3554 4218 3714 4275 locu-

2051 4317 2148 4370 tus
2195 4318 2285 4370 est
2331 4314 2389 4385 (ἲ.
2450 4314 2517 4384 ΙΙ,
2562 4328 2622 4386 p.
2667 4315 2829 4385 631):
2883 4312 3019 4365 Ἀλλ’
3067 4314 3177 4386 ὥρα
3221 4311 3402 4364 λοιπὸν
3442 4314 3715 4361 καταπαῦ-

2056 4423 2146 4457 σαι
2200 4404 2287 4457 τόν
2327 4404 2497 4476 λόγον,
2550 4405 2684 4457 ὥστε
2732 4403 2980 4457 πλειόνων
3028 4404 3218 4465 αὐτοὺς
3269 4400 3565 4454 ἀπολοῦσαι
3613 4406 3712 4452 τῶν

285 4484 604 4549 cadebant,
665 4489 731 4541 at
788 4486 1010 4543 anima:
1051 4487 1351 4555 fortitudo
1396 4505 1517 4545 non
1570 4495 1937 4555 concidebat.

2059 4497 2321 4567 εγκωμίων
2350 4495 2493 4567 παρὰ
2512 4502 2586 4565 τῷ
2624 4501 2779 4565 κοινῷ
2812 4490 3142 4565 διδασκάλῳ.
3169 4492 3290 4549 Sed
3314 4493 3447 4561 jam
3479 4496 3711 4558 tempus

284 4574 428 4638 Quae
475 4577 677 4629 autem
714 4572 777 4629 in
814 4573 1075 4631 breviori
1119 4576 1386 4633 oratione
1424 4577 1707 4649 leguntur
1754 4587 1943 4658 (apud

284 4659 456 4717 Basil.
486 4675 547 4733 ρ.
582 4662 703 4733 140)
732 4659 862 4717 haec
901 4666 1076 4718 sunt:
1112 4663 1170 4715 Ὀ
1201 4659 1268 4721 δὴ
1300 4663 1593 4719 τελευταῖον
1624 4669 1767 4742 αὐτῷ
1796 4677 1941 4749 παρὰ

276 4758 377 4802 τῶν
413 4750 774 4823 πολεμοὺντων
804 4760 1074 4825 προσῆκτο
1106 4755 1429 4828 μηχάνημα.
1465 4762 1645 4830 Βωμόν
1677 4760 1938 4839 γάρ’πρὸς

280 4843 369 4897 τὴν
411 4847 509 4891 τῶν
550 4836 812 4913 δαιμόνων
862 4838 1093 4900 σπονδήν
1138 4841 1544 4913 ἀνακαύσαντες,
1606 4848 1785 4903 ἱστᾶσι
1811 4836 1936 4928 παρ’

172 4980 189 4991 κ
279 4925 420 4999 αὑτῷ
468 4926 744 5001 ἀγαγόντες
788 4933 875 4983 τὸν
916 4933 1176 5006 μάρτυρα,
1209 4938 1299 4985 καὶ
1328 4942 1400 5006 τῷ
1442 4934 1607 5009 βωμῷ
1636 4943 1727 4997 τὴν
1758 4925 1936 5005 δεξιάν

279 5020 467 5069 ὑπτίαν
506 5017 834 5092 ἐπαιωρήσαι
872 5019 1221 5087 κελεύσαντες,
1257 5025 1325 5085 ὡς
1355 5024 1540 5095 χαλκῶ
1569 5028 1934 5105 θυσιαστηρίῳ

277 5114 341 5179 τῇ
367 5111 513 5181 χειρὶ
532 5113 948 5180 κατεχρήσαντο,
972 5108 1253 5164 λιϐανωτόν
1285 5112 1418 5185 αὐτῇ
1443 5119 1744 5189 κακοὺργως
1765 5122 1934 5177 ήνθέν-

278 5213 359 5257 τες
405 5194 796 5283 φλεγόμενοι...
844 5204 900 5250 Ἢ
944 5201 1036 5271 μεν
1076 5202 1175 5273 γάρ
1217 5200 1340 5273 φλὸξ
1375 5206 1465 5260 τὴν
1512 5211 1671 5278 χεῖρα
1716 5204 1931 5283 διέτρω-

276 5301 379 5354 γεν,
434 5286 577 5357 ἔμενε
632 5281 690 5337 δὲ
742 5288 772 5344 ἡ
818 5291 936 5362 χεὶρ
998 5289 1066 5350 ὡς
1110 5292 1297 5364 τέφραν
1362 5296 1457 5349 τήν
1512 5292 1674 5366 φλόγα
1730 5281 1932 5369 βαστά-

283 5376 471 5437 ζουσα·
525 5374 621 5427 οὐκ
665 5371 827 5428 ἔδωκε
874 5384 949 5448 τῷ
989 5377 1299 5451 πολεμοῦντι
1338 5383 1472 5433 κατὰ
1519 5386 1639 5445 τοὺς
1690 5384 1931 5458 φυγάδας

276 5464 341 5514 τὰ
410 5472 567 5529 νῶτα,
619 5461 733 5515 ἀλλ’
802 5464 1055 5539 ἄτρεπτος
1111 5469 1336 5527 εἱστήκει
1382 5472 1517 5523 κατὰ
1572 5472 1755 5545 φλογὸς
1813 5474 1933 5551 ἀρι-

277 5554 634 5607 στεύουσα....
672 5551 784 5604 ἀλλ’
819 5553 882 5612 ἦν
929 5563 1024 5617 τῆς
1075 5552 1251 5619 δεξιᾶς
1297 5565 1446 5618 καινή
1487 5581 1564 5623 τις
1605 5570 1704 5615 τῶν
1746 5563 1934 5618 παλαι-

278 5642 490 5712 σμάτων
519 5644 549 5698 ἠ
605 5645 742 5706 νίκη,
786 5644 880 5705 τὴς
910 5646 1000 5715 μὲν
1046 5644 1228 5717 φλογὸς
1275 5644 1368 5700 διὰ
1412 5653 1578 5721 μέσου
1615 5661 1709 5715 τῆς
1752 5659 1931 5731 χειρὸς

2054 4589 2162 4654 εει,
2199 4589 2268 4639 ut
2298 4585 2479 4653 ﬁnem
2519 4584 2761 4640 dicendi
2799 4584 3124 4653 faciamus,
3156 4598 3272 4654 quo
3298 4581 3583 4651 pluribus
3612 4579 3713 4634 illi

2052 4672 2335 4732 laudibus
2371 4689 2409 4731 a
2457 4673 2758 4730 communi
2800 4673 3043 4728 doctore
3071 4672 3480 4729 cumulentur.
3526 4671 3593 4724 In
3637 4683 3709 4724 ea

2047 4766 2250 4820 autem
2280 4762 2569 4827 oratione,
2594 4777 2731 4835 quae
2752 4762 2814 4817 in
2840 4760 3030 4817 Natali
3064 4759 3299 4816 Domini
3322 4756 3710 4831 pronuntiata

2046 4856 2155 4920 est,
2186 4852 2271 4908 ita
2294 4850 2523 4907 editum
2543 4850 2845 4907 inv'enitur
2873 4869 2885 4920 ;
2920 4856 3009 4902 Ἔν
3041 4847 3099 4903 δὲ
3127 4850 3305 4902 λοιπὸν
3338 4848 3509 4911 εἰπων,
3543 4865 3707 4898 κατα-

2044 4944 2234 4994 παύσω
2276 4944 2363 4993 τὸν
2409 4939 2583 5012 λόγον,
2632 4948 2706 5012 τῷ
2756 4948 2914 5012 κοινῷ
2967 4935 3279 5010 διδασκάλῳ
3313 4944 3414 4990 τῶν
3458 4939 3707 5009 μειζόνων

2042 5031 2468 5105 παραχωρήσας.
2496 5032 2690 5088 Unum
2714 5035 2956 5087 tantum
2983 5030 3037 5085 si
3057 5044 3218 5085 nunc
3241 5026 3552 5094 addidero,
3572 5039 3709 5083 ora-

2042 5121 2196 5177 tioni
2219 5121 2563 5191 meceﬁnem
2585 5121 2921 5189 imponam:
2948 5133 3083 5190 quae
3104 5120 3345 5184 maiora
3364 5121 3527 5179 sunt,
3552 5128 3708 5171 com-

2041 5211 2216 5268 muni
2249 5211 2481 5267 doctori
2518 5210 2771 5267 dicenda
2809 5210 3179 5282 relinquens.
3209 5210 3417 5281 Operae
3447 5204 3707 5279 pretium

2041 5305 2130 5357 est
2156 5316 2318 5356 nunc
2350 5299 2567 5356 referre
2612 5315 2748 5373 quae
2778 5298 2842 5354 in
2891 5303 3277 5355 controversa
3306 5296 3593 5354 concione
3622 5294 3707 5349 1e-

2040 5393 2283 5461 guntur,
2322 5394 2390 5446 ut
2417 5390 2689 5447 locorum
2732 5390 3112 5446 contentione
3143 5391 3200 5444 et
3237 5384 3707 5459 comparatione

2040 5478 2269 5536 facilius
2297 5480 2581 5550 cognosci
2606 5478 2797 5552 possit
2815 5479 2933 5535 utri
2952 5479 3083 5534 haec
3108 5477 3300 5534 oratio
3319 5474 3579 5532 adscribi
3605 5467 3709 5529 de-

2038 5568 2201 5641 beat,
2249 5569 2485 5638 Basilio,
2515 5585 2594 5626 an
2641 5569 3096 5641 Chrysostomo.
3134 5568 3283 5625 Sunt
3311 5570 3515 5624 autem
3544 5564 3707 5635 ejus-

2042 5657 2209 5714 modi
2232 5658 2427 5730 (Basil.
2457 5664 2498 5716 t.
2533 5658 2601 5725 ΙΙ,
2640 5673 2703 5730 p.
2733 5661 2854 5728 141)
2883 5677 2896 5714 :
2934 5658 3085 5710 Ἀλλὰ
3120 5663 3170 5709 τί
3198 5654 3468 5716 παιδικοῖς
3511 5655 3704 5707 ἐλαττῶ
