4092 6388
340 318 402 370 ιθ
1840 311 2235 369 PRAEFATIO.
3690 331 3759 385 20

336 446 392 495 ὸν
420 442 639 517 ἀριστέα
669 441 999 514 ψελλίσμασι
1034 459 1047 504 ;
1088 440 1218 502 Tati;
1260 440 1837 514 μεγαλοπρεπεστέραις
1887 442 1992 491 τοί-

2117 438 2412 509 omnibus,
2441 449 2741 519 quotquot
2769 446 3039 517 aderant,
3080 455 3415 522 martyrum
3449 452 3760 525 sepulcris,

336 553 424 585 νυν
486 536 572 585 τὸν
628 532 699 595 εἰς
761 531 918 584 αὐτὸν
965 532 1124 604 ὕμνον
1180 535 1658 605 παραχωρήσωμεν
1714 528 1995 600 ’γλώτταιςο

335 624 430 686 τὰς
487 622 972 696 μηαλοφωνοτέρας
1021 627 1122 673 τῶν
1181 617 1524 673 διδασκάλων
1577 619 1658 672 ἐπ’
1704 618 1847 690 αὐτῷ
1902 638 1996 671 κα-

336 712 566 786 λέσωμεν
597 711 909 784 σάλπιγγας.
935 710 1091 779 Quid
1114 715 1313 767 autem
1337 710 1569 780 puerili
1588 709 1853 765 balbutie
1881 708 1998 763 vic-

340 809 528 859 torem
538 816 823 873 magnum
836 800 1104 870 deprimo
1117 800 1145 856 ?
1163 802 1380 856 Locum
1392 799 1686 870 martyris
1702 797 2000 855 laudandi

338 893 615 951 cedamus
640 892 857 963 linguis
882 890 1519 962 magniﬁcentioribus,
1542 895 1721 962 atque
1743 888 2001 945 vocalio-

337 998 432 1040 res
443 983 753 1039 doctorum
767 986 831 1037 tu
838 982 939 1037 bas
951 980 1033 1036 ad
1042 981 1107 1036 id
1113 981 1490 1049 praeconium
1501 980 1838 1035 invitemus.
1848 975 2002 1032 Fieri

338 1071 589 1145 quidem
616 1074 831 1144 potest,
864 1074 929 1126 ut
953 1068 1125 1126 fallar
1156 1087 1169 1125 :
1218 1068 1325 1125 sed
1351 1084 1491 1125 cum
1519 1066 1812 1125 brevioris
1841 1064 2001 1121 illius

337 1161 645 1219 couciouis
682 1163 990 1217 auctorem
1032 1158 1217 1215 audio
1255 1158 1338 1216 ita
1374 1157 1743 1232 loquentem,
1804 1157 2003 1213 locum

340 1252 632 1322 martyris
653 1250 956 1307 laudandi
977 1249 1260 1306 cedamus
1284 1249 1505 1320 linguis
1524 1246 2003 1317 magniﬁcentio—

337 1341 527 1409 ribus,
555 1345 690 1408 etc.,
708 1338 918 1397 audire
942 1338 1090 1395 mihi
1118 1338 1328 1395 videor
1357 1338 1872 1410 Chrysostomum,
1894 1334 2001 1409 qui

339 1446 480 1488 cum
522 1429 808 1503 episcopo
853 1427 1141 1484 Flaviano
1176 1426 1577 1484 couciouandi
1614 1426 1818 1483 locum
1856 1425 2003 1482 dare

339 1519 534 1590 vellet,
568 1518 651 1576 ita
676 1517 846 1591 loqui
873 1516 1122 1574 solebat.
1158 1519 1272 1573 Nec
1297 1516 1625 1590 quisquam
1653 1514 1870 1572 dixerit
1890 1530 2004 1571 uu-

338 1624 573 1666 merum
602 1605 971 1679 singularem
999 1606 1062 1662 iu
1090 1605 1222 1662 aliis
1244 1621 1399 1679 quas
1422 1604 1684 1662 iudicavi
1704 1603 2007 1661 coucioui-

334 1699 452 1755 bus
464 1696 769 1770 usurpari,
781 1694 879 1752 hic
889 1710 1033 1752 vero
1045 1694 1341 1768 pluralem
1350 1737 1364 1751 .
1382 1694 1465 1751 Fit
1475 1694 1638 1751 enim
1650 1693 2003 1768 aliquando,

2106 525 2434 585 obscurum
2459 544 2585 587 non
2608 530 2843 589 videtur
2858 533 3354 606 Chrysostomum
3377 537 3457 594 ad
3480 539 3760 610 martyris

2106 615 2381 673 Barlaam
2410 619 2711 676 tumulum
2742 637 3083 681 sermonem
3121 631 3461 682 convertere
3506 644 3519 683 :
3573 643 3763 698 eoque

2106 704 2325 776 magis,
2355 707 2522 779 quod
2550 708 3031 785 Chrysostomus,
3062 730 3203 771 cum
3233 715 3296 771 in
3324 716 3448 772 suis
3475 717 3758 773 orationi-

2105 792 2224 850 bus
2245 796 2425 852 utitur
2442 812 2697 856 numero
2719 799 3007 873 singulari
3027 806 3250 878 μάρτυς,
3271 821 3413 862 eum
3432 810 3762 878 martyrem

2108 883 2420 956 signiﬁcet,
2436 902 2622 960 quem
2639 888 2926 948 laudibus
2947 908 3162 951 ornare
3180 895 3550 963 instituisset,
3574 896 3655 953 ob
3675 894 3762 951 id-

2109 988 2229 1046 que
2269 975 2372 1032 vix
2398 976 2654 1035 dubium
2683 995 2814 1037 esse
2840 987 3057 1056 potest,
3093 984 3240 1058 quin
3268 985 3383 1043 hoc
3412 986 3593 1043 etiam
3628 986 3764 1043 loco

2109 1067 2438 1136 martyrem
2466 1068 2738 1127 Barlaam
2766 1070 3032 1130 indicare
3053 1074 3326 1143 voluerit,
3350 1091 3487 1133 cum
3510 1090 3765 1133 numero

2113 1153 2402 1224 singulari
2430 1173 2577 1214 usus
2606 1158 2700 1216 sit.
2732 1161 3003 1219 Arbitror
3030 1163 3210 1235 igitur
3237 1165 3765 1239 Chrysostomum,

2111 1258 2252 1300 cum
2279 1243 2408 1300 hac
2435 1246 2622 1304 verba
2652 1251 3084 1321 pronuntiaret,
3118 1268 3254 1310 cum
3278 1255 3436 1312 enim
3468 1256 3766 1313 hominem

2111 1340 2450 1404 correptum
2466 1353 2499 1392 a
2516 1336 2984 1411 damonejuxta
3004 1345 3292 1415 martyris
3312 1347 3661 1415 sepulcrum
3678 1347 3767 1402 vi-

2110 1423 2288 1495 deris,
2307 1427 2417 1481 etc.
2428 1464 2443 1495 ,
2461 1428 2744 1500 martyris
2760 1430 3031 1489 Barlaam
3050 1447 3240 1491 manu
3254 1434 3557 1492 tumulum
3573 1439 3769 1492 osten-

2113 1510 2295 1569 disse.
2334 1514 2448 1571 Sed
2496 1517 2548 1572 si
2584 1517 2855 1576 adversa
2882 1520 3184 1593 opinionis
3209 1521 3557 1582 defensores
3586 1525 3772 1582 semel

2114 1600 2411 1661 fateantur
2435 1604 2733 1677 prolixam
2762 1608 2921 1687 hanc
2941 1611 3274 1670 orationem
3294 1613 3567 1671 habitam
3584 1614 3770 1671 fuisse

2115 1706 2188 1749 eo
2210 1690 2364 1766 loco,
2397 1694 2505 1751 ubi
2531 1697 2816 1770 martyris
2845 1699 3120 1758 Barlaam
3150 1717 3371 1776 corpus
3395 1702 3658 1774 jacebat,
3681 1704 3770 1761 fa-

338 1792 405 1845 ut
419 1791 685 1845 oratores
703 1799 960 1843 numero
976 1784 1196 1858 plurali
1210 1787 1477 1855 utantur,
1500 1800 1642 1843 cum
1661 1783 1711 1840 si
1727 1787 2003 1841 accurate
2035 1795 2077 1851 Β
2114 1784 2350 1839 teautur
2373 1799 2616 1842 necesse
2645 1791 2736 1844 est
2755 1790 3037 1862 martyris
3062 1790 3220 1849 illius
3239 1793 3537 1850 tumulum
3569 1794 3771 1851 Antio-

337 1877 508 1952 loqui
551 1876 785 1943 vellent,
838 1877 1147 1932 uterentur
1188 1873 1482 1946 singulari
1523 1890 1536 1930 :
1580 1881 1685 1931 aut
1724 1874 2001 1944 fortasse,

339 1966 509 2041 quod
535 1982 574 2024 a
598 1980 739 2023 vero
758 1979 885 2022 non
912 1962 1217 2033 abhorret,
1239 1964 1361 2022 duo
1388 1963 1656 2038 episcopi
1686 1964 2005 2022 conoioua-

340 2056 458 2114 turi
487 2058 656 2113 erant
680 2058 821 2128 post
849 2054 1367 2126 Chrysostomum,
1407 2053 1514 2127 qui
1543 2057 1865 2127 propterea
1895 2070 2004 2111 nu-

338 2162 578 2203 merum
608 2143 1004 2201 multitudinis
1039 2141 1327 2201 adhibere
1356 2143 1647 2200 debuerit.
1682 2145 1848 2202 Certe
1877 2145 2005 2217 qui-

340 2236 482 2293 dem
500 2252 574 2293 ex
593 2235 733 2309 ipsa
753 2233 1060 2291 couciouis
1081 2232 1372 2291 brevitate
1392 2233 1688 2305 conjicere
1706 2232 1860 2305 licet,
1886 2239 2004 2292 tres

338 2325 604 2382 vicissim
645 2328 788 2381 tunc
823 2323 1213 2381 concionatos
1252 2322 1728 2397 fuisse,quorum
1765 2325 2002 2398 primus

340 2415 515 2472 fuerit
542 2414 1032 2487 Chrysostomus,
1051 2412 1202 2470 alter
1219 2412 1562 2483 Flavianus,
1582 2413 1785 2470 tertius
1809 2414 2005 2488 quivis

344 2503 680 2563 alius.Nihil
694 2507 898 2560 autem
910 2501 989 2560 ad
998 2501 1377 2577 propositum
1392 2500 1588 2570 refert,
1604 2508 1807 2561 utrum
1821 2520 2005 2577 unus,

344 2610 424 2654 an
455 2595 579 2652 duo
609 2593 876 2666 episcopi
902 2592 999 2651 his
1028 2610 1166 2667 qua
1188 2592 1410 2667 protuli
1439 2593 1641 2651 verbis
1662 2594 1743 2653 ad
1772 2595 2008 2653 coucio-

342 2684 617 2743 naudum
646 2683 992 2741 iuviteutur.
1024 2683 1257 2741 Etenim
1295 2682 1419 2740 sive
1449 2698 1663 2752 unum,
1697 2683 1823 2741 sive
1852 2685 2009 2743 duos

343 2774 533 2843 dicas,
563 2772 743 2847 plane
771 2770 1073 2829 constabit
1101 2771 1233 2843 ejus
1262 2771 1339 2829 de
1365 2788 1490 2845 qua
1514 2771 1856 2846 disputatur
1878 2791 2011 2835 ora-

344 2862 522 2920 tionis
541 2861 826 2923 Basiliam
852 2865 1163 2919 auctorem
1193 2874 1317 2918 non
1338 2877 1496 2931 esse,
1520 2878 1661 2921 cum
1690 2880 1872 2923 nemo
1897 2883 2009 2925 uu-

346 2968 534 3027 quam
576 2954 714 3024 post
747 2950 951 3024 ipsum
995 2949 1388 3008 conoionatus
1426 2951 1609 3009 fuisse
1645 2952 2007 3016 inveniatur.

425 3044 535 3112 lO',
568 3043 863 3099 Praterea
911 3040 959 3096 si
996 3041 1304 3115 quispiam
1345 3041 1459 3099 has
1501 3041 1658 3100 duas
1690 3046 2010 3105 conciones

2113 1869 2263 1927 chia
2282 1872 2595 1945 exstitisse,
2622 1880 2726 1933 aut
2744 1878 2948 1950 potius
2970 1879 3031 1936 in
3052 1895 3201 1951 agro
3216 1882 3606 1953 Autiocheno,
3631 1898 3772 1940 cum

2112 1960 2609 2033 Chrysostomum
2636 1964 2973 2037 longiorem
3001 1968 3166 2026 illam
3187 1971 3541 2028 concionem
3558 1972 3642 2029 ibi
3662 1973 3771 2030 ha-

2109 2049 2315 2107 buisse
2345 2056 2594 2112 constet.
2620 2057 2771 2125 Ergo
2800 2056 3038 2114 brevior
3061 2060 3254 2116 oratio
3276 2061 3604 2118 Antiochia
3622 2078 3773 2135 quo-

2110 2155 2230 2213 que
2258 2143 2646 2213 pronuntiata
2670 2149 2779 2217 est,
2814 2162 2953 2202 cum
2980 2151 3368 2220 pronuntiata
3397 2150 3473 2207 sit
3499 2166 3769 2224 quoque,

2109 2233 2178 2285 ut
2203 2245 2279 2286 ex
2305 2230 2479 2288 dictis
2509 2236 2670 2305 patet
2689 2234 2789 2305 (b),
2821 2250 2893 2292 eo
2923 2235 3053 2309 ipso
3081 2238 3143 2294 in
3174 2238 3326 2309 loco,
3362 2238 3467 2296 ubi
3499 2240 3770 2297 tamulus

2112 2321 2395 2394 martyris
2418 2324 2692 2381 Barlaam
2713 2324 2941 2383 aderat.
2960 2326 3111 2383 Nam
3132 2328 3260 2384 sine
3280 2329 3470 2386 dubio
3486 2345 3609 2386 non
3626 2330 3779 2387 duo-

2111 2408 2230 2467 bus
2253 2410 2399 2467 locis
2423 2411 2652 2484 positus
2677 2412 2869 2471 fuerat
2892 2417 3021 2486 ejus
3051 2418 3331 2490 martyris
3361 2418 3652 2474 tumulus.
3691 2422 3773 2475 Ex

2111 2494 2335 2568 quibus
2363 2494 2615 2554 efﬁcitur
2638 2498 2974 2557 breviorem
3000 2500 3166 2558 illam
3200 2504 3557 2560 concionem
3589 2504 3779 2576 Chry-

2114 2584 2364 2641 sostomi
2390 2601 2541 2656 esse,
2572 2603 2696 2644 non
2728 2589 2946 2658 Basilii,
2969 2590 3075 2663 qui
3103 2591 3434 2649 Antiochia
3460 2608 3778 2666 nunquam

2118 2674 2512 2732 conciouatus
2533 2676 2625 2734 sit.
2650 2677 2822 2743 Quod
2838 2678 3126 2747 diximus,
3150 2684 3481 2753 martyrem
3501 2682 3780 2739 Barlaam

2116 2767 2375 2821 mortem
2402 2764 2622 2822 obiisse
2649 2768 2999 2836 Antiochia,
3030 2768 3094 2825 id
3121 2775 3319 2841 potest
3338 2770 3689 2828 confirmari
3722 2776 3780 2829 et

2118 2871 2194 2912 ex
2208 2853 2481 2921 Eusebio,
2502 2854 2607 2927 qui
2628 2871 2767 2912 cum
2787 2855 2863 2913 de
2885 2857 3253 2929 martyribus
3278 2859 3675 2933 Cappadocia
3693 2861 3778 2918 lo-

2119 2944 2345 3018 quitur,
2366 2943 2514 3000 nihil
2531 2943 2691 3008 dicit,
2711 2945 2954 3019 quodin
2975 2946 3137 3004 hunc
3155 2953 3429 3005 sanctum
3448 2955 3775 3022 martyrem

2121 3033 2442 3091 convenire
2459 3034 2649 3107 possit
2680 3052 2694 3091 :
2728 3040 2786 3092 et
2809 3039 3038 3105 contra,
3063 3053 3205 3094 cum
3233 3037 3499 3111 loquitur
3524 3039 3600 3095 de
3622 3056 3778 3098 mar-

346 3133 530 3208 paulo
554 3132 839 3189 attentius
864 3129 1092 3201 legerit,
1127 3134 1445 3205 utramque
1475 3147 1547 3189 eo
1575 3131 1709 3191 loco
1738 3134 2006 3194 habitam

2125 3122 2359 3196 tyribus
2380 3124 2731 3195 Antiochia,
2750 3125 3061 3199 quoddam
3077 3126 3354 3200 supplicii
3373 3144 3564 3199 genus
3582 3130 3779 3199 refert,

347 3223 555 3293 fuisse,
584 3221 692 3278 ubi
719 3219 1005 3292 martyris
1039 3218 1317 3277 Barlaam
1344 3220 1610 3279 tumulus
1640 3227 1786 3294 erat,
1814 3224 2009 3296 facile,

326 3310 585 3386 'opinor,
624 3309 908 3367 fatebitur
953 3309 1070 3381 (a).
1115 3312 1196 3365 De
1232 3308 1494 3367 breviori
1534 3311 1784 3386 quidem
1811 3315 2014 3373 nullus

349 3387 701 3472 ambigendi
718 3399 893 3456 locus
907 3413 1037 3456 esse
1058 3402 1280 3472 potest,
1301 3414 1443 3456 cum
1464 3399 1528 3457 id
1552 3401 1639 3459 ita
1658 3417 1789 3460 esse
1812 3410 2017 3478 aperte

349 3490 673 3550 ostendant
700 3504 840 3563 qua
871 3503 1055 3562 supra
1082 3487 1417 3558 retulimus,
1448 3506 1709 3565 quaque
1735 3493 1852 3551 hoc
1882 3494 2017 3556 loco

346 3597 559 3639 rursus
589 3578 925 3636 exscribere
952 3577 1102 3636 nihil
1120 3592 1361 3635 necesse
1388 3583 1498 3636 est.
1531 3583 1734 3654 Neque
1757 3596 1903 3642 vero
1933 3586 2011 3644 de

347 3669 604 3742 longiori
634 3668 801 3726 aliud
824 3667 1125 3739 judicium
1153 3667 1459 3741 prolatum
1485 3669 1557 3727 iri
1583 3676 1753 3745 puto,
1788 3674 1904 3733 nisi
1933 3677 2013 3735 ab

349 3759 441 3829 iis,
458 3759 565 3834 qui
583 3758 792 3816 omnia
811 3758 874 3814 iu
894 3761 1214 3831 utramque
1228 3762 1465 3832 partem
1479 3758 1855 3833 interpretari
1873 3779 2016 3837 pro-

346 3851 608 3915 ﬁtentur,
648 3863 775 3905 non
812 3850 1015 3906 autem
1042 3846 1123 3904 ab
1165 3846 1257 3916 iis,
1289 3847 1397 3919 qui
1425 3848 1771 3921 simpliciter
1797 3867 2009 3911 verum

350 3941 651 4012 quarunt.
684 3939 771 3994 lta
789 3939 993 3993 autem
1022 3935 1086 3992 iu
1115 3934 1422 4008 prolixiori
1451 3935 1553 3993 illa
1570 3937 1859 3998 concione
1872 3940 2017 4014 legi-

351 4033 449 4086 tur
496 4029 563 4101 (ι.
613 4026 683 4098 ΙΙ,
736 4042 799 4100 p.
850 4029 976 4083 685i
1018 4044 1032 4082 :
1078 4020 1357 4088 Ὑπὸδιξαι
1405 4027 1493 4078 τὸν
1538 4032 1869 4103 στεφανίτην,
1920 4036 2013 4087 καὶ

351 4113 618 4190 μηδέποτε
673 4113 808 4189 ἀφῇς
865 4114 1084 4178 ἐξελθεῖν
1141 4122 1235 4177 τῆς
1297 4111 1534 4178 διανοίας
1584 4124 1680 4179 τῆς
1738 4127 1857 4183 σῆς,
1921 4123 2018 4176 Διὰ

353 4213 507 4258 τοῦτο
562 4205 700 4277 ὑμᾶς
754 4206 843 4257 καὶ
897 4204 1044 4277 παρὰ
1092 4205 1187 4266 τάς
1237 4204 1400 4267 θήκας
1448 4211 1547 4257 τῶν
1594 4204 1755 4278 ἁγίων
1812 4213 2018 4285 μαρτύ..

354 4312 455 4370 ρων
493 4294 775 4367 ἠγάγομεν,
806 4292 891 4346 ἳνα
920 4297 1029 4359 καί,
1074 4296 1185 4349 etc.
1221 4293 1475 4362 Suscipe
1512 4295 1802 4355 victorem
1851 4315 2021 4357 cora.

352 4390 588 4453 natum,
618 4399 724 4441 nec
752 4397 1022 4455 unquam
1052 4395 1127 4439 ex
1155 4387 1351 4440 mente
1379 4388 1487 4441 tua
1517 4388 1685 4443 exire
1705 4389 2013 4455 permitte.

2127 3213 2296 3287 quod
2326 3228 2451 3271 non
2480 3212 2563 3271 ita
2600 3214 2859 3271 multum
2887 3215 2967 3272 ab
3007 3216 3250 3274 historia
3292 3217 3455 3275 beati
3495 3219 3776 3276 Barlaam

2128 3302 2381 3360 abludit.
2410 3303 2550 3375 Ejus
2578 3304 2706 3360 hac
2737 3308 2876 3361 sunt
2900 3304 3089 3362 verba
3127 3306 3202 3378 (ε)
3236 3324 3248 3362 :
3291 3311 3418 3359 Tor's
3448 3312 3539 3381 μὲν
3569 3308 3780 3372 ni).va

2129 3387 2494 3463 ἀναιρομένων,
2553 3389 2640 3442 οἶα
2693 3394 2866 3462 ’γέγονε
2918 3398 3026 3453 τοῖς
3080 3391 3161 3443 ἐπ’
3220 3392 3484 3467 Ἀραϐίας,
3544 3397 3661 3446 τοτὲ
3725 3390 3785 3447 δὴ

2129 3472 2196 3531 τά
2262 3478 2418 3539 σκελη
2492 3483 2911 3552 καταγνυμένων,
2983 3476 3070 3533 οἶα
3131 3488 3241 3544 τοῖς
3308 3481 3359 3534 ἑν
3429 3479 3789 3555 Καππαδοκίᾳ

2130 3570 2563 3645 συμϐέϐηκε......
2616 3574 2680 3623 Τί
2728 3566 2813 3623 δεῖ
2856 3579 2954 3624 τῶν
2999 3571 3080 3624 ἐπ’
3133 3571 3460 3643 Ἀντιοχείας
3506 3571 3788 3636 ἀναζωπυ-

2127 3668 2233 3737 ρεῖν
2288 3665 2383 3719 τὴν
2431 3665 2689 3733 μνήμηνς
2744 3660 3004 3733 ἐσχάραις
3043 3664 3206 3733 πυρὸς
3265 3660 3358 3713 οὐκ
3414 3661 3484 3725 εἰς
3543 3665 3784 3728 θάνατον,

2128 3750 2241 3804 ἀλλ’
2299 3750 2385 3803 ἐπὶ
2456 3755 2634 3824 μακρᾷ
2689 3755 2917 3824 τιμωρίᾳ
2981 3755 3415 3824 κατοπτωμένων·
3490 3752 3675 3827 ἐτέρων
3737 3770 3789 3805 τι

2129 3844 2315 3896 θᾶττον
2367 3844 2461 3900 τὴν
2515 3838 2690 3904 δεξιὰν
2738 3840 2907 3892 αὐτῶν
2956 3845 3084 3915 πυρὶ
3137 3844 3433 3908 καθιέντων,
3488 3843 3518 3901 ἣ
3570 3852 3665 3905 τῆς
3713 3845 3789 3896 ἓν·

2126 3927 2285 4005 αγοῦς
2315 3933 2502 3994 θυσίας
2539 3930 2921 4003 ἐφαπτομένων.
2957 3925 3188 4001 Quippe
3234 3947 3368 3989 cum
3406 3933 3779 3992 admirandi

2127 4027 2451 4093 martyres,
2468 4021 2691 4093 partim
2710 4021 3016 4077 securibus
3037 4023 3178 4079 casi
3197 4022 3338 4089 sint,
3372 4029 3438 4080 ut
3458 4024 3523 4079 in
3550 4023 3786 4080 Arabia

2129 4114 2401 4185 contigit,
2441 4112 2668 4182 partim
2719 4111 3030 4180 sit/fractis
3082 4113 3364 4168 cruribus
3418 4113 3783 4180 interierint,

2130 4201 2626 4277 quemadmodum
2647 4200 2866 4257 accidit
2888 4201 2950 4257 in
2970 4200 3453 4271 Cappadocia....
3474 4204 3614 4258 Jam
3637 4217 3777 4259 vero

2128 4307 2199 4350 ea
2215 4306 2344 4363 qua
2363 4290 2530 4360 apud
2542 4290 2925 4346 Antiochiam
2944 4296 3111 4359 gesta
3130 4290 3444 4362 sunt,quid
3457 4306 3605 4360 opus
3622 4297 3704 4347 est
3722 4291 3786 4346 in

2131 4383 2476 4440 memoriam
2501 4394 2783 4437 revocare
2804 4384 2833 4435 7
2864 4380 2968 4436 ubi
3005 4380 3117 4436 alii
3155 4381 3467 4436 craticulis
3497 4380 3783 4451 impositi,

352 4474 588 4531 Idcirco
621 4487 724 4530 vos
752 4472 933 4529 etiam
971 4471 1054 4528 ad
1084 4472 1241 4542 ipsos
1278 4478 1629 4532 sanctorum
1663 4483 2011 4549 martyrum
2042 4501 2092 4557 Β
2129 4471 2597 4530 nonadmortem
2610 4469 3484 4542 usque,sedaddiuturnitatem
3499 4469 3787 4540 supplicii

350 4565 580 4622 loculos
607 4561 992 4629 adduximus,
1019 4566 1105 4629 ut,
1127 4563 1238 4618 etc.
1262 4563 1382 4619 Nec
1401 4562 1484 4621 ita
1502 4563 1695 4621 multo
1717 4570 1856 4639 post
1875 4567 2009 4625 hac

349 4652 661 4726 subjungit
696 4651 1162 4735 Chrysostomus
1203 4650 1375 4724 (ibid.
1407 4668 1469 4725 p,
1504 4654 1633 4724 686)
1665 4670 1681 4720 ;
1730 4656 1825 4708 Διά
1851 4664 2008 4712 τοῦτο

347 4747 434 4797 καὶ
502 4744 654 4815 ἡμεῖς
710 4740 933 4795 ἐνταῦθα
1006 4739 1443 4815 συνεληλϋθαμεν·
1509 4747 1673 4804 σκηνὴ
1727 4747 1830 4820 ’γάρ
1892 4746 2008 4802 ἐστι

349 4836 699 4908 στρατιωτικὴ
759 4838 857 4883 τῶν
928 4832 1207 4904 μαρτύρων
1267 4831 1293 4882 ὁ
1365 4831 1618 4903 τάφος....
1688 4840 1850 4888 Ὅταν
1906 4838 2007 4912 γὰρ

345 4919 471 4995 ἴδῃς
518 4918 866 4993 δαιμονιῶντα
903 4919 1173 4994 ἄνθρωπον
1207 4921 1352 4993 παρὰ
1393 4925 1482 4974 τόν
1525 4923 1685 4994 τάφον
1732 4931 1824 4976 τοῦ
1876 4928 2008 5001 μάρ-

346 5031 501 5086 τυρος
518 5029 746 5083 κειμενον
765 5009 969 5080 ὕπτιον,
1001 5014 1112 5067 etc.
1144 5010 1382 5067 Idcirco
1407 5025 1514 5068 nos
1544 5013 1725 5069 etiam
1755 5014 1849 5070 hic
1870 5032 2007 5073 con-

343 5101 611 5158 venimus
622 5115 643 5156 :
657 5100 977 5157 tentorium
993 5101 1153 5158 enim
1170 5104 1257 5157 est
1273 5100 1541 5159 militare
1554 5105 1894 5172 martyrum
1912 5110 2005 5161 tu-

341 5190 585 5247 mulus..
597 5232 634 5246 ..
666 5189 811 5246 Cum
828 5190 979 5246 enim
997 5190 1293 5248 hominem
1316 5197 1662 5261 correptum
1678 5206 1717 5248 a
1736 5194 2005 5253 damone

329 5283 521 5351 juxta
548 5281 837 5351 martyris
856 5281 1198 5349 sepulcrum
1227 5280 1451 5339 videris
1479 5282 1766 5352 supinum
1789 5286 1998 5353 jacen-

338 5376 474 5442 tem,
505 5373 622 5429 etc.
668 5372 997 5443 Postquam
1024 5369 1184 5429 enim
1212 5370 1521 5430 institutus
1561 5386 1759 5430 sermo
1789 5372 1898 5432 fuit
1924 5373 2000 5432 de

408 5602 501 5672 (a)
538 5602 689 5672 Lege
711 5615 881 5657 num.
909 5606 961 5658 5.

419 5672 510 5745 (ὁ)
544 5674 695 5745 Lege
720 5684 892 5734 num.
916 5672 1224 5734 eumdem.

2130 4562 2551 4632 terrebantur;
2574 4560 2687 4617 alii
2703 4559 2953 4617 dextras
2978 4574 3118 4616 suas
3146 4560 3208 4616 in
3237 4560 3434 4629 ignem
3465 4561 3785 4615 immittere

2124 4652 2492 4720 maluerunt,
2546 4665 2726 4723 quam
2787 4651 2967 4719 impia
3021 4649 3353 4707 libamenta
3406 4650 3781 4720 contingere.

2122 4743 2310 4799 Nemo
2329 4742 2512 4807 enim,
2533 4740 2767 4813 opinor,
2782 4738 2967 4795 homo
2984 4736 3334 4795 ditﬁtebitur
3349 4738 3633 4810 martyris
3653 4740 3783 4794 Bar-

2117 4832 2281 4890 laam
2326 4829 2638 4888 historiam
2687 4827 2909 4884 ultimis
2959 4826 3192 4885 Eusebii
3221 4827 3421 4884 verbis
3456 4830 3598 4885 satis
3641 4831 3780 4901 apte

2117 4918 2489 4979 adumbrari.
2504 4922 2619 4975 Nec
2634 4917 2961 4991 quisquam
2976 4916 3191 4974 dixerit
3205 4917 3265 4972 in
3281 4916 3521 4973 duabus
3537 4916 3630 4972 his
3649 4930 3781 4973 ora-
3860 4980 3875 4987 ,

2116 5010 2378 5069 tionibus
2394 5008 2640 5082 reperiri
2654 5024 2793 5081 qua
2810 5007 2961 5063 inter
2982 5023 3043 5062 se
3067 5012 3171 5063 aut
3192 5006 3493 5063 contraria
3514 5008 3653 5073 sint,
3677 5012 3782 5063 aut

2116 5100 2419 5159 contraria
2437 5113 2567 5155 esse
2595 5097 2935 5165 videantur,
2966 5096 3047 5152 ob
3079 5097 3260 5169 idque
3289 5096 3455 5169 ipsas
3477 5096 3579 5153 uui
3607 5101 3665 5152 et
3696 5096 3778 5151 ei-

2115 5191 2256 5248 dem
2285 5186 2554 5261 scriptori
2588 5186 2767 5243 tribui
2807 5201 2934 5243 uon
2964 5185 3202 5241 debere.
3239 5188 3458 5243 Notum
3504 5188 3783 5243 est'enim

2113 5285 2403 5351 oratores,
2438 5293 2578 5335 cum
2618 5276 2972 5351 quempiam
3008 5275 3384 5333 laudandum
3413 5276 3527 5332 sibi
3558 5291 3782 5349 propo-

2112 5374 2286 5437 nunt,
2305 5369 2452 5428 locis
2468 5366 2841 5442 quibusdam
2862 5365 3291 5424 communibus
3312 5365 3396 5424 uti
3416 5364 3641 5429 solitos,
3658 5381 3783 5423 eos-

2184 5606 2271 5677 (c)
2302 5596 2460 5661 Hist.
2494 5600 2637 5660 eccl.
2680 5598 2789 5657 lib.
2821 5615 2945 5671 vui,
2979 5615 3117 5675 cap.
3154 5603 3241 5658 t2.
