4092 6410
286 340 346 394 2i
1820 339 2202 396 PRASFATIO.
3654 350 3724 400 22

285 478 405 534 que
429 477 603 534 saepe,
624 461 672 516 si
690 460 782 517 bis
805 460 880 517 de
905 475 1027 517 uno
1039 461 1321 517 eteodem
1340 475 1681 517 sermonem
1697 462 1946 532 habent,

2065 461 2330 528 ὃεὶξαντος
2355 464 2448 520 διὰ
2466 475 2562 528 τῆς
2603 467 2964 538 ἐμφυσήσεως,
2984 472 3065 520 ὄτι
3095 471 3152 521 τὸ
3189 467 3398 542 Πνεῦμα
3423 477 3518 532 τῆς
3546 472 3722 531 θεῑκῆς

284 567 410 608 non
439 555 563 608 tam
592 566 825 617 curare,
854 555 918 607 ut
945 566 1017 606 ea
1057 566 1196 623 quae
1227 566 1300 606 ex
1331 550 1760 606 communibus
1799 551 1949 608 locis

285 640 466 712 petita
498 643 658 707 sunt,
687 638 1049 696 conveniant
1071 639 1226 695 inter
1250 654 1334 699 se.
1365 655 1553 711 quam
1575 644 1640 695 ut
1670 640 1743 712 is,
1766 656 1952 713 quem

285 728 535 786 laudare
562 727 789 797 volunt,
823 742 1073 802 quoquo
1103 728 1288 785 modo
1317 727 1612 785 laudetur.
1647 731 1838 795 Quare
1868 729 1954 785 ni-

285 817 370 875 hil
385 819 605 875 mirum
623 818 673 874 si
687 818 1170 890 Chrysostomus,
1186 818 1291 890 qui
1307 817 1382 874 de
1395 821 1659 890 martyre
1677 818 1953 876 Barlaam

284 908 618 965 orationem
649 907 1082 981 panegyricam
1124 907 1216 964 bis
1265 907 1498 974 habuit,
1531 909 1813 966 contrarii
1843 909 1952 966 ali-

285 997 432 1070 quid
457 998 522 1054 in
549 998 976 1055 communibus
1002 997 1097 1054 his
1125 997 1274 1054 locis
1303 1001 1408 1054 aut
1433 997 1613 1066 dicat,
1636 1001 1740 1055 aut
1755 997 1952 1056 dicere

283 1087 574 1144 videatur.
617 1089 909 1144 Praeterea
950 1087 998 1143 si
1026 1086 1310 1159 martyris
1339 1085 1614 1143 Barlaam
1639 1087 1952 1146 historiam

282 1176 497 1233 melius
521 1177 914 1250 postmodum
935 1176 1102 1233 novit
1119 1176 1605 1248 Chrysostomus,
1627 1192 1752 1234 non
1772 1177 1951 1234 video

284 1282 390 1322 cur
418 1267 482 1323 in
510 1266 828 1340 posteriori
860 1283 974 1324 sua
1004 1266 1294 1324 concione
1332 1266 1813 1324 circumstantias
1841 1267 1950 1325 ali-

280 1372 435 1429 quas
453 1355 623 1413 aliter
635 1372 881 1413 narrare
894 1372 1018 1412 non
1039 1356 1316 1430 potuerit.
1338 1357 1472 1412 lmo
1489 1372 1630 1414 vero
1650 1357 1734 1413 ita
1752 1357 1950 1415 facere

281 1445 509 1502 debuit.
541 1445 696 1502 Nihil
723 1461 866 1516 ergo
891 1445 1077 1503 oﬂicit
1105 1448 1326 1502 nostrae
1355 1445 1626 1519 opinioni
1654 1462 1948 1519 quarum-

278 1535 425 1592 dam
446 1535 1036 1592 circumstantiarum
1052 1536 1307 1592 varietas
1330 1553 1344 1590 :
1371 1535 1478 1592 sed
1496 1535 1644 1592 illud
1667 1550 1802 1592 eam
1822 1552 1949 1594 ma-

278 1625 439 1681 xime
459 1625 797 1690 conﬁrmat,
817 1625 986 1698 quod
1008 1625 1210 1698 ipsum
1230 1625 1504 1699 martyrii
1520 1641 1714 1697 genus
1732 1625 1950 1683 iisdem

279 1715 401 1772 fere
422 1714 642 1783 verbis,
669 1718 736 1771 ut
757 1731 830 1772 ex
855 1714 1030 1771 dictis
1049 1718 1301 1771 constat.
1327 1715 1435 1786 (a),
1459 1715 1520 1771 in
1540 1718 1798 1788 utraque
1820 1731 1951 1773 ora~

281 1804 442 1861 tione
481 1804 825 1878 explicetur.
860 1807 945 1861 Ex
972 1804 1199 1877 quibus
1222 1803 1508 1861 omnibus
1535 1803 1689 1861 efﬁci
1714 1805 1950 1862 videtur

279 1898 611 1966 martyrem
661 1893 939 1950 Barlaam
995 1909 1192 1966 neque
1223 1896 1514 1951 Caesareae
1547 1893 1948 1967 Cappadociae

281 1987 589 2040 mortuum
612 1997 765 2054 esse,
787 1996 986 2055 neque
1003 1981 1078 2039 de
1099 1997 1172 2039 eo
1195 1982 1476 2039 Basilium
1493 1983 1822 2040 orationem
1847 1983 1950 2041 ha-

277 2073 501 2141 buisse,
529 2087 728 2145 neque
753 2088 826 2129 eo
854 2088 1038 2145 quem
1087 2088 1232 2128 mox
1280 2071 1404 2128 dixi
1454 2072 1588 2130 loco
1643 2074 1948 2146 sepultum

277 2162 488 2218 fuisse.
519 2165 712 2219 Monet
741 2161 1183 2218 eruditissimus
1210 2161 1300 2217 vir
1324 2162 1753 2232 Tillemontius,
1783 2179 1946 2220 mar-

275 2253 425 2326 tyris
439 2252 707 2311 Barlaam
726 2252 947 2309 festum
964 2251 1125 2311 diem
1136 2251 1199 2307 in
1212 2251 1588 2325 quibusdam
1605 2256 1948 2310 Graecorum

276 2343 622 2414 Menologiis
651 2342 747 2398 die
777 2342 1015 2398 decima
1045 2345 1208 2398 sexta
1233 2342 1586 2399 Novembris
1610 2344 1835 2401 notari:
1883 2345 1947 2402 in

276 2431 408 2488 aliis
436 2447 601 2499 vero,
632 2430 1154 2504 quemadmodum
1184 2435 1241 2488 et
1279 2431 1342 2488 in
1380 2431 1800 2505 Martyrologio
1836 2437 1946 2492 Ro-

278 2537 486 2586 mano,
513 2521 609 2578 die
639 2521 876 2578 decima
904 2536 1069 2578 nona
1105 2520 1329 2578 mensis
1359 2521 1652 2594 ejusdem.

308 2655 336 2728 ἓ
367 2659 458 2711 Ill.
493 2655 579 2712 De
623 2654 868 2712 homilia
916 2655 979 2710 in
1026 2659 1302 2711 sanctum
1354 2654 1672 2727 baptisma,
1707 2671 1809 2715 seu
1837 2657 1910 2714 de

889 2745 1129 2814 Spiritu
1175 2752 1401 2802 sancto.

351 2885 435 2937 tt.
479 2881 618 2937 Haec
647 2880 838 2938 oratio
859 2879 942 2937 ita
967 2879 1031 2936 in
1053 2887 1309 2954 utraque
1333 2880 1594 2937 editione
1619 2881 1942 2939 Parisiensi

277 2968 642 3035 inscribitur,
672 2968 878 3042 Ὁμιλία
907 2970 978 3031 εἰς
1032 2972 1089 3021 τὸ
1138 2969 1283 3042 οἷσγιον
1316 2969 1617 3043 βάπτισμα,
1669 2970 1941 3027 Homilia

2075 555 2256 618 οὐσίας
2289 556 2424 620 ἐστὶ,
2451 560 2541 608 καὶ
2583 555 2642 607 οὐ
2671 564 2766 618 τῆς
2799 565 3018 618 κτιστῆς
3043 560 3266 628 φύσεως,
3300 558 3528 631 aliquid
3547 574 3722 631 repe-

2059 645 2170 713 rio,
2202 646 2369 718 quod
2390 662 2422 702 e
2448 645 2881 702 consuetudine
2911 645 3110 701 Basilii
3139 646 3363 702 dictum
3389 647 3572 705 fuisse
3597 662 3722 704 non

2061 739 2228 807 puto.
2264 735 2382 790 Etsi
2411 735 2573 790 enim
2603 739 2806 791 orator
2836 735 3103 808 optimus
3135 734 3338 791 multis
3385 736 3720 794 admodum

2060 821 2206 878 locis
2255 822 2550 895 quiddam
2616 821 2892 878 divinum
2949 822 3264 896 exprimat,
3325 827 3528 879 tamen
3573 839 3722 879 voce

2065 914 2231 974 θεῐκὸς
2258 927 2590 984 nusquam,
2612 912 2780 984 quod
2810 911 3058 985 quidem
3079 912 3268 968 sciam
3291 910 3493 968 utitur.
3527 913 3721 978 Quare

2062 1017 2202 1058 cum
2231 1001 2490 1074 probare
2521 1017 2772 1058 conarer
2807 1000 3054 1058 ultimos
3083 1000 3240 1057 duos
3268 1001 3334 1056 in
3361 1001 3720 1056 Eunomium

2059 1090 2244 1146 libros
2263 1090 2324 1146 in
2341 1091 2557 1163 spuriis
2587 1090 2732 1163 poni
2760 1090 3000 1155 debere,
3024 1090 3174 1147 inter
3193 1090 3313 1147 alia
3336 1093 3719 1161 argumenta,

2060 1179 2281 1253 quibus
2305 1179 2384 1237 ad
2412 1180 2474 1236 id
2503 1179 3031 1253 comprobandum
3060 1196 3208 1236 usus
3237 1196 3397 1247 sum,
3425 1180 3542 1236 hoc
3567 1195 3720 1252 quo-

2059 1284 2178 1342 que
2207 1269 2519 1341 reperitur,
2542 1267 2709 1340 quod
2728 1284 2850 1325 vox
2873 1271 3063 1340 θεῑκός,
3090 1283 3226 1341 quae
3256 1267 3335 1324 ab
3362 1267 3720 1326 indubitatis

2059 1357 2558 1430 Basiliipperibus
2579 1357 2774 1429 abest,
2798 1358 3020 1430 sa‘pius
3038 1356 3100 1414 in
3116 1357 3211 1426 iis,
3228 1374 3383 1431 quos
3399 1356 3542 1424 dixi,
3555 1355 3721 1413 libris

2060 1451 2354 1504 occurrat.
2388 1450 2454 1504 Et
2485 1447 2654 1520 quod
2681 1447 3090 1521 suspicionem
3114 1451 3316 1518 auget,
3345 1446 3411 1503 in
3437 1446 3554 1502 hoc
3588 1445 3722 1502 bre-

2057 1536 2305 1594 vissimo
2333 1536 2630 1610 opusculo
2658 1553 2779 1594 vox
2805 1539 2972 1599 θεῑκός
2993 1552 3117 1594 non
3137 1537 3219 1593 ita
3237 1536 3427 1593 multo
3443 1539 3580 1610 post
3597 1551 3722 1592 rur-

2061 1643 2166 1682 sus
2193 1615 2533 1683 adhibetur.
2565 1629 2632 1682 Et
2659 1625 2810 1682 illud
2829 1642 3074 1700 quoque
3099 1625 3372 1699 displicet
3391 1626 3551 1699 (pag.
3576 1625 3720 1696 585),

2059 1721 2118 1770 τὸ
2147 1718 2268 1789 γὰρ,
2303 1718 2482 1768 Πάντα
2531 1713 2604 1769 δι’
2645 1715 2806 1770 αὐτοῦ
2837 1715 3058 1789 ἐγένετο,
3098 1720 3214 1790 περὶ
3240 1715 3334 1768 τοῦ
3363 1714 3594 1778 πλήθους
3623 1722 3722 1767 τῶν

1989 1789 2029 1844 Β
2060 1806 2363 1879 κτισμάτων
2411 1804 2550 1860 ἐστί.
2607 1805 2780 1861 Illud
2823 1807 3002 1874 enim,
3052 1789 3324 1862 «omnia
3379 1819 3489 1875 per
3525 1804 3719 1875 ipsum

2057 1897 2231 1966 facta
2254 1900 2392 1951 sunt
2414 1895 2486 1964 δ’,
2511 1913 2542 1948 ›
2573 1895 2655 1951 ad
2693 1900 3120 1952 creaturarum
3152 1894 3608 1952 multitudinem
3633 1909 3724 1950 rc-

2053 1986 2214 2056 ferri
2233 1984 2422 2042 debet.
2442 1983 2707 2040 Primum
2725 1984 2886 2040 edim
2902 1983 3116 2042 ultima
3132 1982 3340 2055 verba,
3356 1987 3583 2058 περὶτοῦ
3599 1983 3726 2042 πλή-

2061 2078 2181 2138 θους
2207 2081 2308 2128 τῶν
2333 2076 2639 2147 κτισμάτων
2671 2073 2808 2143 ἐστί,
2833 2077 2900 2131 ut
2926 2077 3123 2131 Graece
3149 2078 3393 2148 repunt,
3421 2073 3506 2130 ita
3533 2077 3589 2130 et
3617 2074 3722 2130 La-

2057 2164 2201 2221 tine.
2231 2163 2321 2221 Ita
2347 2162 2509 2220 enim
2539 2163 2619 2220 ad
2660 2163 2918 2219 verbum
2947 2161 3315 2236 interpretari
3347 2162 3484 2219 licet
3510 2179 3522 2218 :
3563 2163 3726 2219 illud

2057 2255 2236 2322 enim,
2271 2253 2534 2310 «Omnia
2551 2268 2667 2323 per
2689 2254 2883 2324 ipsum
2900 2254 3078 2323 facta
3097 2258 3260 2321 sunt,
3274 2275 3303 2303 »
3325 2253 3397 2309 de
3418 2258 3727 2310 creatura-

2057 2359 2195 2400 rum
2218 2343 2609 2400 multitudine
2637 2349 2742 2399 est.
2772 2341 2937 2399 Certe
2958 2341 3030 2410 si,
3060 2341 3166 2416 qui
3189 2341 3391 2398 Latine
3409 2341 3626 2413 sciunt,
3640 2341 3724 2398 sic

2054 2433 2221 2507 loqui
2241 2448 2367 2490 non
2387 2431 2596 2501 solent,
2618 2432 2892 2500 Basilius,
2908 2431 3013 2505 qui
3030 2434 3374 2488 Crescarum
3388 2431 3725 2488 litterarum

2053 2523 2452 2596 peritissimus
2484 2525 2629 2591 erat,
2650 2521 2733 2579 ita
2760 2524 2957 2578 Graece
2975 2521 3215 2579 locutus
3237 2521 3420 2578 fuisse
3442 2536 3569 2577 non
3590 2536 3724 2578 cen-

2054 2612 2280 2669 sendus
2317 2616 2430 2669 est.
2469 2610 2695 2668 Deinde
2723 2610 2893 2679 illud,
2924 2610 3094 2685 quod
3119 2610 3286 2668 initio
3315 2609 3547 2684 periodi
3567 2609 3725 2684 posi-

2053 2705 2302 2770 tumest,
2318 2715 2443 2758 non
2455 2700 2654 2771 magis
2685 2699 2924 2758 arridet.
2948 2700 3099 2758 Cum
3125 2700 3290 2758 enim
3315 2698 3564 2758 Basilius
3584 2715 3722 2773 pro-

2053 2790 2189 2865 pria
2215 2790 2532 2863 Scriptura;
2552 2789 2742 2848 verba
2755 2790 2952 2861 refert,
2975 2789 3038 2846 in
3059 2805 3170 2846 suo
3193 2805 3472 2847 sermone
3495 2787 3722 2862 aliquid

2055 2881 2279 2946 inserit,
2301 2896 2426 2953 quo
2452 2879 2558 2953 qui
2579 2879 2854 2946 audiunt,
2876 2884 2981 2937 aut
2997 2880 3227 2951 legunt,
3257 2879 3623 2953 Scripturam
3644 2879 3722 2935 ci-

2056 2970 2170 3027 tari
2190 2973 2552 3026 moneantur
2569 2981 2594 3040 ,'
2617 2983 2729 3026 nec
2749 2973 3058 3042 putoeum
3078 2969 3160 3026 ita
3177 2967 3520 3026 locuturum
3535 2967 3720 3024 fuisse

279 3059 339 3114 in
364 3064 636 3115 sanctum
671 3058 1010 3127 baptisma:
1043 3056 1150 3112 sed
1177 3057 1398 3113 mirum
1418 3057 1606 3114 videri
1625 3057 1804 3114 debet
1822 3058 1940 3114 hoc
1984 3100 2025 3156 Ο
2056 3059 2218 3117 nude
2258 3062 2316 3116 et
2352 3058 2719 3132 simpliciter,
2765 3062 2826 3110 τὸ
2857 3061 2977 3132 γὰρ,
3012 3062 3210 3128 Πάντα,
3243 3062 3354 3116 etc.
3393 3060 3480 3114 Me
3531 3056 3721 3114 movit

276 3148 640 3221 opusculum
680 3147 764 3203 sic
791 3146 854 3203 in
883 3145 1145 3219 vulgatis
1175 3146 1529 3219 inscriptum
1555 3147 1766 3215 fuisse,
1798 3162 1940 3204 cum

275 3237 338 3294 in
365 3237 462 3293 his
485 3252 678 3293 unum
706 3236 1004 3292 duntaxat
1030 3235 1282 3293 verbum
1311 3235 1502 3292 obiter
1529 3235 1606 3292 de
1635 3235 1938 3309 baptismo

273 3325 506 3382 dicatur
531 3324 612 3382 ad
641 3324 1140 3398 conprobandam
1174 3324 1422 3397 Spiritus
1451 3325 1643 3382 sancti
1669 3325 1941 3382 divinita-

274 3419 416 3471 tem.
449 3415 622 3470 Nunc
655 3414 730 3485 is,
760 3427 944 3486 quem
974 3428 1118 3469 mox
1167 3412 1396 3483 notavi,
1454 3413 1680 3482 titulus,
1730 3412 1943 3486 Ὀμιλιία

275 3504 346 3566 εἰς
369 3506 426 3556 τὸ
447 3503 596 3575 ἅγιον
620 3501 914 3576 Bap-naua,
940 3502 1211 3558 Homilia
1231 3502 1296 3557 in
1316 3507 1598 3559 sanctum
1625 3503 1939 3573 baptisma,

273 3592 417 3649 huic
443 3590 983 3648 lucubratiunculaa
1007 3590 1222 3646 melius
1246 3589 1605 3655 conveniret,
1633 3607 1771 3647 cum
1792 3606 1933 3647 non-

273 3681 442 3738 nulla
470 3696 501 3736 e
532 3680 714 3750 Regio
745 3679 950 3735 codice
985 3682 1119 3736 1907
1161 3678 1596 3747 addiderimus,
1626 3679 1688 3735 in
1718 3679 1942 3752 quibus

271 3770 550 3842 scriptor,
581 3768 859 3842 quisquis
888 3772 996 3839 est,
1031 3768 1106 3824 de
1155 3767 1526 3840 baptismate
1569 3767 1716 3824 data
1760 3783 1947 3841 opera

275 3858 647 3916 mentionem
676 3857 835 3915 facit.
870 3857 985 3914 Sed
1013 3858 1142 3914 haec
1165 3855 1322 3912 levia
1343 3859 1516 3925 sunt;
1547 3856 1680 3928 jam
1707 3856 1786 3913 ad
1814 3872 1946 3928 gra-

199 3984 202 3992 ι
274 3949 443 4006 viora
460 3947 935 4021 properandum.
950 3947 1273 4004 Videamus
1302 3946 1480 4018 igitur
1500 3962 1650 4003 num
1665 3947 1795 4004 haec
1815 3962 1944 4004 ora-

276 4037 544 4095 tiuncula
572 4036 768 4092 Basilii
799 4036 896 4104 sit,
928 4037 1102 4108 cujus
1131 4036 1194 4092 in
1221 4035 1392 4092 libris
1420 4035 1740 4093 invenitur.
1774 4039 1841 4093 Et
1868 4051 1946 4094 ne

277 4127 384 4184 diu
410 4126 647 4183 animos
679 4141 1010 4199 suspensos
1035 4126 1379 4193 distineam,
1421 4126 1557 4182 dico
1613 4125 1762 4181 nihil
1796 4125 1945 4181 mihi

276 4215 464 4272 videri
493 4215 554 4271 in
577 4215 693 4272 hac
713 4213 1002 4271 concione
1023 4214 1240 4271 Basilio
1261 4215 1474 4285 Magno
1495 4215 1770 4285 dignum.
1795 4215 1945 4270 Cum

278 4305 441 4361 enim
459 4303 521 4360 in
550 4303 748 4360 Basilii
768 4303 1143 4360 orationibus
1161 4303 1526 4376 prooemium
1547 4302 1861 4376 quoddam
1889 4306 1947 4358 et

2056 3149 2257 3216 etiam,
2291 3147 2460 3220 quod
2487 3147 2744 3204 verbum
2775 3150 2988 3220 φάσκειν
3016 3148 3079 3204 in
3104 3147 3206 3205 illa
3231 3145 3606 3204 oratiuncula
3625 3145 3720 3202 bis

2053 3236 2381 3311 repererim
2406 3257 2420 3293 :
2452 3235 2621 3310 quod
2650 3236 2857 3293 nescio
2881 3241 3084 3294 tamen
3105 3252 3184 3294 an
3210 3236 3274 3293 in
3293 3234 3536 3292 sinceris
3561 3233 3719 3292 Basi-

2050 3327 2114 3383 lii
2138 3325 2512 3383 orationibus
2539 3325 2788 3382 totidem
2825 3326 3080 3398 legatur.
3130 3329 3248 3384 Nec
3286 3341 3431 3384 sane
3467 3324 3720 3381 meliora

2054 3418 2197 3471 sunt
2222 3430 2362 3487 quas
2394 3414 2628 3486 eRegio
2673 3413 2882 3471 codice
2921 3414 3306 3471 addidimus:
3354 3412 3525 3487 quod
3576 3411 3718 3469 satis

2053 3519 2127 3560 ex
2164 3502 2294 3560 solo
2331 3502 2503 3560 initio
2558 3504 2844 3574 cognosci
2897 3507 3113 3577 potest.
3172 3507 3259 3562 Ita
3300 3502 3462 3560 enim
3511 3500 3720 3575 incipit

2051 3593 2223 3664 (pag.
2263 3593 2393 3662 585)
2433 3609 2447 3647 :
2507 3596 2648 3644 Ἐπεὶ
2696 3589 2754 3645 δὲ
2813 3601 2947 3646 Θεοῦ
2997 3601 3092 3646 τοῦ
3138 3591 3337 3665 ἀγαθοῦ
3392 3591 3599 3666 χάριτι,
3650 3599 3712 3650 τῆ

2055 3687 2227 3754 μνήμῃ
2259 3687 2361 3733 τῶν
2405 3687 2499 3733 τοῦ
2538 3688 2845 3752 μονογενοῦς
2893 3683 3020 3735 Υἰοῦ
3077 3689 3168 3734 τοῦ
3213 3688 3340 3735 Θεοῦ
3393 3689 3484 3734 τοῦ
3533 3681 3718 3746 ζῶντος

2053 3771 2322 3844 ῥημάτων,
2372 3771 2461 3821 καὶ
2504 3776 2603 3820 τῶν
2659 3769 2816 3841 ἁγίών
2868 3772 3030 3823 αὐτοῦ
3084 3769 3459 3843 εὐαγγελιστῶν
3516 3789 3570 3822 τε
3627 3771 3718 3820 καὶ

2055 3857 2359 3912 ἀποστόλων
2442 3861 2532 3909 καὶ
2605 3866 2902 3931 προφητῶν,
2980 3859 3251 3932 αὐτάρκως
3307 3861 3456 3931 ἡμῖν
3495 3877 3718 3930 σαφηνι-

2059 3947 2260 3998 σοίντων
2314 3943 2399 3995 τὸν
2446 3946 2565 4017 περὶ
2606 3950 2697 3995 τοῦ
2747 3945 2884 3995 κατὰ
2925 3947 2982 3997 τὸ
3041 3943 3334 4016 εὐαγγῦ.ιον
3381 3950 3473 3996 τοῦ
3522 3946 3717 4018 Κυρίου

2058 4036 2202 4107 ἡμῶν
2232 4033 2407 4090 Ἰησοῦ
2435 4038 2672 4107 Χριστοῦ
2705 4032 3080 4106 βαπτίσματος
3109 4033 3280 4106 λόγον,
3336 4030 3718 4106 ἐπαιδεύθημεν

2057 4125 2138 4176 ὅτι
2204 4125 2262 4174 τὸ
2327 4125 2417 4195 μὲν
2486 4121 2534 4174 ἐν
2600 4130 2672 4193 τῷ
2739 4127 2866 4196 πυρὶ
2933 4122 3217 4196 βάπτισμα
3282 4121 3572 4196 ἐλεγκτικὸν
3627 4125 3718 4195 μέν

2059 4213 2174 4266 ἐστι
2230 4215 2405 4274 πάσης
2464 4216 2676 4276 κακίας,
2740 4209 2978 4265 δεκτικὸν
3039 4210 3098 4267 δὲ
3144 4221 3239 4274 τῆς
3295 4217 3430 4266 κατά
3488 4216 3718 4287 Χριστὸν

2063 4299 2424 4366 δικαιοσύνης,
2457 4307 2613 4373 μῖσος
2643 4321 2734 4373 μεν
2780 4301 3027 4374 ἐμποιοῦν
3060 4310 3154 4364 τῆς
3191 4305 3395 4368 κακῖας,
3447 4304 3719 4375 ἐπιθυμίαν

279 4393 751 4468 pulcherrimum
800 4396 856 4449 et
908 4368 1420 4464 elegantissimum
1472 4368 1684 4466 praeire
1732 4392 1943 4462 soleat,
1984 4368 2029 4422 υ
2064 4388 2123 4444 δὲ
2162 4399 2255 4453 τῆς
2286 4368 2496 4464 operai,
2543 4368 2654 4446 etc.
2703 4368 2822 4447 Sed
2850 4392 2991 4448 enin
3023 4406 3093 4448 ex
3115 4392 3230 4448 Dei
3257 4393 3470 4461 Optimi
3495 4368 3717 4462 gratia,

279 4485 433 4556 ejus,
459 4482 535 4538 de
563 4497 688 4555 qua
707 4483 1117 4538 controversia
1139 4486 1247 4548 est,
1271 4481 1556 4538 orationis
1587 4486 1816 4552 auctor,
1847 4481 1944 4538 fri-

278 4572 416 4644 gide
442 4573 527 4629 ita
554 4570 777 4644 incipit
807 4572 885 4644 (p.
923 4571 1086 4643 5583):
1139 4579 1196 4623 Ὁ
1229 4569 1618 4645 βαπτιζόμενος
1650 4572 1720 4635 εἰς
1746 4569 1953 4645 Τριάὸα

293 4662 634 4735 βαπτίζεται,
685 4661 754 4723 εἰς
815 4665 1022 4735 Πατέρα
1074 4665 1163 4714 καὶ
1217 4663 1338 4713 Υὶὸν
1391 4665 1478 4713 καὶ
1524 4663 1670 4733 ἅγιον
1720 4669 1950 4736 Πνεῦμα,

293 4751 410 4804 οὔτε
432 4751 502 4814 εἰς
535 4749 730 4826 ἀρχὰς,
765 4750 883 4802 οὒτε
913 4750 984 4814 εἰς
1013 4748 1281 4824 δυνάμεις,
1311 4753 1420 4806 etc.
1457 4750 1572 4817 Qui
1592 4751 1954 4822 baptizatur,

293 4842 356 4896 in
391 4841 749 4896 Trinitatem
783 4839 1150 4909 baptizatur,
1183 4841 1246 4896 in
1277 4842 1552 4907 Patrem,
1605 4849 1657 4896 et
1705 4841 1954 4908 Filium,

291 4934 346 4986 et
377 4929 675 4999 Spiritum
702 4934 1001 4997 sanctum,
1034 4944 1224 5001 neque
1246 4930 1307 4985 in
1327 4930 1736 4999 principatus,
1769 4944 1962 5002 neque

293 5021 354 5075 in
386 5024 657 5083 virtutes,
685 5021 796 5084 etc,
829 5017 1097 5088 Basilius,
1138 5021 1203 5074 ut
1231 5017 1374 5084 dixi,
1409 5033 1750 5075 sermonem
1781 5035 1962 5075 suum

295 5113 438 5180 apto
452 5108 655 5180 aliquo
666 5111 726 5163 et
735 5106 943 5178 elcgan
953 5107 990 5162 ti
1004 5108 1248 5164 exordio
1261 5107 1704 5170 ornasset,etita
1715 5108 1963 5166 demum

296 5213 371 5255 ea
389 5195 466 5252 de
488 5212 551 5252 re
566 5213 753 5269 quam
769 5198 1148 5255 tractandam
1185 5197 1298 5254 sibi
1337 5203 1753 5271 proposuerat,
1784 5198 1968 5256 disse-

281 5301 413 5344 rere
443 5285 746 5359 coepisset.
778 5291 846 5344 1n
873 5285 969 5360 iis,
982 5303 1120 5360 quae
1136 5303 1280 5345 mox
1299 5291 1632 5362 sequuntur
1644 5287 1860 5362 (ibid),
1876 5293 1967 5342 καὶ

400 5492 446 5526 ³·
486 5493 659 5549 Joan.
702 5507 740 5548 1.
786 5496 839 5549 3.

405 5672 493 5743 (α)
533 5673 684 5742 Lege
721 5685 782 5729 n.
825 5678 876 5728 9.

2061 4480 2478 4538 recordatione
2525 4480 2843 4536 verborum
2881 4481 3185 4552 unigeniti
3209 4482 3359 4538 Filii
3383 4482 3495 4537 Dei
3521 4482 3720 4537 viven-

2063 4572 2160 4640 tis,
2188 4576 2243 4627 et
2269 4575 2621 4628 sanctorum
2661 4573 2790 4641 ejus
2819 4573 3321 4642 evangelistarum
3347 4579 3402 4629 et
3428 4573 3724 4642 apostolo-

2064 4676 2200 4717 rum
2218 4666 2274 4716 et
2289 4660 2728 4732 prophetarum
2732 4662 2863 4733 ,qui
2878 4663 3007 4728 eius
3019 4661 3182 4732 quod
3191 4661 3517 4718 secundum
3528 4663 3726 4718 Evan-

2065 4751 2291 4822 gelium
2315 4749 2560 4806 Domini
2581 4751 2777 4806 nostri
2797 4751 2939 4806 Jesu
2965 4750 3198 4807 Christi
3217 4756 3321 4818 est,
3351 4750 3725 4820 baptismatis

2068 4840 2406 4896 doctrinam
2446 4841 2592 4896 satis
2632 4841 2801 4896 nobis
2832 4840 3265 4910 explanarunt,
3301 4840 3498 4896 edocti
3523 4855 3727 4895 sumus

2075 4931 2377 5000 baptisma
2402 4931 2566 4986 illud
2591 4931 2752 5001 quod
2773 4931 2836 4987 in
2865 4933 3003 5003 igne
3025 4933 3116 5001 ﬁt,
3144 4937 3210 4986 ut
3239 4931 3322 4988 ad
3350 4947 3579 4988 omnem
3604 4947 3729 4988 ma-

2077 5021 2273 5077 litiam
2289 5021 2692 5091 urguendum,
2706 5021 2794 5078 ita
2805 5021 2887 5077 ad
2899 5021 3434 5091 Chiistijustitiam
3445 5021 3732 5091 recipien-

2076 5110 2217 5166 dam
2237 5109 2511 5166 idoneum
2536 5125 2678 5180 esse,
2699 5114 2807 5166 etc.
2835 5129 2848 5167 :
2882 5110 3102 5184 quibus
3122 5110 3408 5168 omnibus
3438 5109 3588 5166 nihil
3617 5109 3735 5166 dici

2076 5199 2280 5273 potuit
2307 5204 2414 5257 aut
2436 5199 2914 5271 languidius,aut
2957 5200 3249 5272 frigidius,
3300 5205 3404 5258 aut
3427 5199 3737 5272 inelegan-

2078 5290 2218 5348 tius.
2246 5290 2538 5354 Similiter,
2569 5291 2738 5364 quod
2761 5289 2877 5348 sub
2897 5291 3083 5350 ﬁnem
3101 5290 3335 5364 legitur,
3357 5295 3627 5346 Δεσπότσυ
3651 5297 3740 5345 καὶ
