4092 6390
361 309 429 362 23
1876 310 2260 367 PRA‘JFATIO.
3705 319 3774 373 24

363 431 620 496 πλάστου,
655 430 1018 487 Basilianum
1043 446 1174 486 esse
1203 430 1301 486 vix
1332 430 1707 487 crediderim.
1760 434 1909 487 Nam
1936 431 2023 487 vir
2059 434 2108 488 Α
2140 433 2341 489 timius
2370 440 2660 507 expende.
2686 439 2970 512 lmprobo
2994 439 3240 513 quidem
3261 440 3663 513 interpretem,
3685 443 3791 513 qui

364 518 889 592 eloquentissimus
905 518 1089 575 utitur
1100 519 1296 592 potius
1318 518 1435 574 alio
1453 518 1668 591 quovis
1683 520 1928 576 nomine
1946 521 2022 576 ad

361 626 563 667 rerum
594 610 966 666 conditorem
992 608 1479 679 signiﬁcandum,
1511 626 1700 683 quam
1724 627 1871 667 voce
1896 611 2026 665 πλά-

364 720 514 762 στης.
544 699 783 755 Accedit
807 699 1007 760 etiam.
1038 700 1204 771 quod
1228 715 1351 755 non
1385 692 1526 755 satis
1556 700 1917 770 intelligatur
1946 701 2026 757 ad

361 789 529 862 quod
561 787 897 861 scriptionis
928 804 1116 858 genus
1154 790 1284 845 haec
1320 789 1846 845 lucubratiuncula
1874 790 2026 847 refe-

362 878 553 935 renda
583 878 674 934 sit.
709 878 933 934 Etenim
967 878 1015 933 si
1038 879 1298 951 primam
1320 882 1563 952 partem
1583 883 1834 952 spectes,
1861 879 2027 937 dicas

362 969 579 1026 rudem
604 968 938 1041 quemdam
960 984 1089 1024 esse
1109 968 1184 1024 de
1209 969 1427 1041 Spiritu
1447 974 1654 1025 sancto
1676 974 2022 1026 tractatum:

364 1060 415 1116 si
448 1060 723 1125 alteram,
756 1058 1103 1132 imperfecta
1122 1059 1409 1131 quaedam
1438 1058 1515 1114 de
1531 1058 1896 1131 baptismate
1918 1060 2025 1117 ho-

363 1153 529 1211 milia
561 1167 692 1207 esse
721 1150 1038 1207 videbitur.
1074 1150 1189 1207 Sed
1218 1153 1343 1206 tam
1372 1150 1433 1206 in
1464 1166 1588 1207 una
1615 1167 1803 1223 quam
1841 1152 1901 1207 in
1943 1152 2026 1209 al-

361 1246 487 1301 tera
510 1244 679 1315 parte
704 1238 854 1295 nihil
875 1239 1124 1296 omnino
1140 1239 1393 1312 reperio,
1409 1240 1574 1311 quod
1587 1240 1801 1297 Basilio
1813 1244 2024 1311 Magno

363 1331 621 1402 dignum
652 1329 745 1385 sit.
774 1329 941 1385 Certe
972 1328 1022 1383 si
1050 1332 1358 1385 oratorum
1379 1328 1643 1401 optimus
1674 1329 1925 1385 Basilius
1947 1331 2023 1388 de

365 1422 586 1494 Spiritu
613 1422 820 1475 sancto
848 1434 918 1474 ac
940 1418 1015 1474 de
1039 1417 1406 1491 baptismate
1449 1418 1616 1492 loqui
1650 1418 2021 1492 instituisset,

360 1510 437 1567 de
456 1510 570 1579 his,
602 1512 669 1565 ut
695 1507 778 1564 rei
808 1507 1069 1577 dignitas
1091 1507 1453 1579 postulabat,
1481 1507 1881 1577 disseruisset,
1898 1524 2023 1566 non

360 1599 663 1665 indiserte,
696 1612 821 1653 non
850 1595 1241 1667 ineleganter,
1263 1611 1387 1653 non
1411 1596 1742 1653 inerudite:
1775 1613 1913 1671 quae
1941 1604 2025 1656 ta-

360 1704 501 1745 men
526 1687 671 1744 vitia
698 1687 762 1742 in
792 1686 909 1742 hac
938 1686 1320 1743 oratiuncula
1347 1685 1520 1744 facile
1559 1702 1596 1743 a
1625 1687 1896 1761 quolibet
1923 1689 2025 1746 de-

360 1775 655 1850 prehendi
674 1776 949 1848 possunt.

467 1913 495 1979 §
528 1911 616 1967 ιν.
646 1910 735 1965 De
761 1909 1013 1965 homilia
1050 1924 1183 1980 qua
1210 1910 1275 1967 in
1301 1909 1535 1967 Lacizis
1565 1909 1775 1967 habita
1804 1918 1909 1968 est.

436 2046 519 2102 l2.
565 2046 695 2110 Quo
723 2047 1014 2100 terrarum
1050 2043 1276 2114 angulo
1307 2043 1456 2100 situs
1493 2043 1667 2101 fuerit
1702 2044 1871 2102 locus
1900 2045 2017 2114 ille,

357 2134 463 2191 ubi
491 2134 621 2190 haec
651 2132 842 2189 oratio
865 2131 1076 2189 habita
1105 2132 1290 2189 fuisse
1312 2133 1548 2197 dicitur,
1570 2149 1647 2189 ne
1675 2136 2022 2206 conjectura

355 2223 604 2298 quidem
627 2223 901 2295 judicare
930 2238 1279 2296 possumus.
1310 2224 1411 2279 Vir
1438 2223 1825 2281 doctissimus
1856 2225 2019 2282 'I‘ille-

354 2313 650 2384 montius,
679 2312 787 2385 qui
809 2312 969 2368 hanc
991 2313 1326 2368 orationem
1349 2313 1551 2371 Basilii
1571 2330 1700 2370 esse
1722 2314 2017 2372 existima-

352 2407 461 2474 ret,
486 2404 689 2459 Laciza
717 2402 921 2459 locum
948 2400 1213 2474 aliquem
1236 2418 1365 2458 esse
1392 2402 1667 2459 dicecesis
1697 2405 2017 2461 Caesarien-

353 2492 433 2548 sis
467 2490 811 2564 suspicatus
841 2495 967 2559 est;
1010 2506 1122 2547 nec
1152 2506 1309 2563 nego
1339 2506 1454 2563 ego
1480 2508 1621 2549 eum
1645 2494 1781 2565 jure
1809 2493 1892 2551 ita
1922 2510 2019 2551 su-

352 2580 571 2654 spicari
600 2578 894 2653 potuisse,
943 2580 1211 2637 maxime
1270 2597 1411 2637 cum
1465 2596 1648 2638 nemo
1702 2582 2017 2650 hactenus,

349 2669 517 2742 quod
538 2668 781 2742 quidem
804 2668 1016 2739 sciam,
1040 2685 1176 2726 eam
1197 2671 1532 2727 orationem
1545 2675 1895 2745 suspectam
1915 2672 2019 2730 ha-

348 2758 565 2814 buerit.
600 2760 666 2814 Et
704 2762 860 2815 certe
888 2761 1151 2815 veterem
1180 2758 1345 2816 illam
1376 2759 1729 2832 opinionem
1757 2776 1881 2817 non
1911 2777 2018 2835 pa-

348 2863 486 2904 rum
519 2847 855 2911 conﬁrmat,
901 2847 1069 2921 quod
1096 2848 1226 2904 haec
1257 2848 1507 2905 homilia
1534 2849 1686 2905 inter
1723 2851 2016 2921 genuinas

349 2936 548 2993 Basilii
577 2935 879 2993 orationes
905 2936 969 2992 in
1007 2936 1293 2993 omnibus
1332 2937 1502 2993 libris
1534 2941 1591 2995 et
1620 2953 1736 3007 tere
1773 2941 2014 2997 excusis

348 3032 405 3085 et
433 3027 670 3085 calamo
702 3027 924 3084 notatis
945 3028 1254 3101 reperitur.
1284 3028 1399 3085 Sed
1429 3028 1477 3084 si
1507 3029 1644 3101 quis
1670 3045 1799 3085 rem
1829 3031 2017 3103 paulo
2056 3059 2097 3114 ο

351 3117 635 3174 attentius
668 3113 1155 3187 consideraverit,
1195 3132 1319 3173 non
1346 3117 1526 3174 valde
1553 3117 1892 3175 admodum
1909 3119 2017 3175 du-

349 3204 478 3262 bito
504 3205 654 3279 quin
686 3221 822 3262 eam
845 3206 1182 3262 orationem
1212 3210 1315 3263 aut
1342 3206 1404 3263 in
1435 3208 1675 3280 spuriis,
1728 3212 1833 3265 aut
1864 3212 2018 3265 certe

350 3295 413 3350 in
444 3294 738 3368 suspectis
766 3295 1077 3368 positurus
1107 3296 1200 3352 sit.
1233 3295 1467 3353 Interea
1497 3296 1749 3353 afferam
1780 3313 2017 3366 causas,

353 3374 461 3439 cur
490 3383 565 3440 de
591 3400 662 3440 ea
683 3382 1090 3440 dubitandum
1119 3388 1345 3457 putem.
1371 3385 1637 3442 Primum
1662 3386 1920 3443 occurrit
1937 3386 2022 3444 lo-

353 3489 462 3529 cus
488 3472 606 3544 ille,
640 3472 744 3529 ubi
773 3473 857 3530 ita
876 3471 1098 3544 legitur
1129 3479 1289 3547 (pag.
1325 3475 1448 3547 588)
1476 3492 1489 3530 :
1529 3476 1667 3528 Ἐπεὶ
1695 3480 1865 3529 τοίνυν
1894 3474 2021 3529 ἀνώ-

353 3561 516 3635 μαλός
574 3562 689 3615 ἐστι
748 3570 848 3615 τῶν
902 3564 1170 3637 ὁρωμένων
1228 3566 1257 3622 ἠ
1322 3567 1498 3637 φύσις,
1555 3572 1665 3627 πῶς
1722 3564 1923 3618 ἐπαινεῖ
1988 3568 2014 3624 ἡ

354 3656 531 3724 Γραφή
556 3655 644 3705 τὸν
676 3651 939 3725 βλέποντα
967 3651 1098 3718 λεῖοι,
1132 3653 1261 3728 ὑπὲρ
1300 3657 1388 3707 τὸν
1427 3658 1666 3728 τραχὲας
1712 3660 1814 3708 Καὶ
1853 3675 2016 3709 κατα-

355 3746 514 3815 κρίνει
543 3746 631 3795 τὸν
661 3746 754 3817 ὅρη
788 3747 876 3795 καὶ
908 3742 1211 3810 σκοπέλους,
1246 3748 1356 3801 etc.
1401 3744 1554 3801 Cum
1585 3746 1775 3816 igitur
1810 3762 2018 3803 eorum

355 3846 484 3904 quae
514 3832 817 3903 videntur,
854 3834 1169 3904 inaequalis
1197 3834 1273 3888 sit
1293 3837 1544 3901 natura,
1572 3834 1678 3904 qui
1698 3835 1767 3904 ﬁt
1793 3840 1860 3889 ut
1886 3850 2019 3892 eum

355 3923 463 3992 qui
483 3921 639 3977 levia
665 3921 849 3989 videt,
875 3927 1102 3991 praeter
1133 3923 1396 3978 alterum
1425 3922 1533 3993 qui
1548 3937 1765 3992 aspera
1791 3925 2019 3994 conspi-

356 4011 458 4080 cit,
496 4009 703 4066 laudet
730 4011 1061 4080 Scriptura
1092 4013 1120 4065 ?
1167 4011 1265 4066 Ita
1317 4011 1677 4069 condemnat
1720 4014 2017 4071 videntem

355 4106 586 4158 montes
612 4107 664 4157 et
690 4101 985 4170 scopulos,
1016 4103 1126 4157 etc.
1162 4099 1315 4156 Illud
1345 4105 1432 4154 τόν
1457 4102 1624 4174 quod
1651 4102 1862 4159 ultimo
1882 4103 2017 4161 loco

355 4190 623 4263 positum
640 4193 748 4257 est,
770 4205 895 4246 non
916 4190 1133 4263 placet,
1147 4194 1205 4246 et
1224 4194 1315 4247 est
1330 4190 1466 4258 tale,
1480 4195 1543 4248 ut
1560 4191 1755 4265 primo
1768 4198 2017 4267 aspectu

357 4279 570 4335 credas
599 4278 719 4334 vitii
741 4278 973 4352 aliquid
1005 4280 1197 4336 inesse
1228 4280 1291 4336 in
1325 4281 1560 4338 Graecis.
1610 4281 1740 4338 Scio
1767 4283 2015 4355 quidem

2135 538 2275 579 cum
2304 526 2491 583 verba
2517 530 2718 584 Graeca
2736 544 2857 584 non
2883 529 3082 585 statim
3099 529 3463 598 intelligeret,
3486 530 3682 603 inepte
3704 531 3792 589 in-

2139 617 2445 686 terpretari
2466 617 2694 687 maluit,
2710 633 2899 691 quam
2925 634 3133 674 eorum
3158 619 3512 675 sententiam
3532 619 3791 675 laborio—

2135 701 2260 758 sius
2288 705 2610 778 inquirere:
2638 707 2743 762 sed
2781 707 2972 763 multo
3004 708 3200 778 magis
3224 708 3788 780 reprehendendum

2134 796 2282 864 puto
2308 798 2659 866 scriptorem
2688 796 2909 868 ipsum,
2937 796 3041 869 qui
3071 796 3239 869 quod
3268 797 3527 869 pessime
3554 797 3791 853 locutus

2137 880 2232 950 sit,
2259 882 2435 938 malae
2466 883 2935 956 interpretationi
2982 883 3184 941 locum
3241 884 3493 941 dederit.
3539 885 3791 941 Basilius

2134 969 2331 1040 igitur,
2359 976 2465 1028 aut
2487 973 2686 1045 potius
2710 973 2867 1029 alius
2891 974 3115 1046 quivis,
3139 974 3188 1029 si
3204 973 3391 1031 modo
3403 990 3528 1030 non
3539 974 3790 1032 omnino

2132 1058 2420 1132 loquendi
2449 1062 2762 1135 imperitus
2791 1063 3019 1125 fuisset,
3048 1064 3132 1119 ita
3157 1064 3517 1136 scripsisset,
3548 1063 3678 1116 ἀλλὰ
3707 1068 3787 1129 τὸ,

2131 1155 2189 1201 '0
2212 1149 2418 1223 βλέπων
2442 1152 2574 1221 λεῖα,
2597 1158 2699 1205 νόει
2729 1172 2818 1226 μοι
2840 1153 3075 1225 ὑψηλῶς,
3101 1170 3237 1227 quae
3258 1155 3444 1211 verba
3467 1171 3608 1212 cum
3633 1155 3796 1213 clara

2133 1238 2252 1294 sint
2278 1240 2394 1296 hoc
2424 1241 2609 1297 modo
2638 1243 2860 1315 posita,
2889 1243 3113 1298 nemini
3143 1243 3514 1300 offendiculo
3539 1260 3672 1300 esse
3690 1259 3798 1317 po-

2132 1328 2386 1386 tuissent
2416 1347 2429 1385 :
2460 1331 2740 1404 quisquis
2767 1332 2929 1387 enim
2959 1347 3029 1390 ea
3055 1331 3150 1388 vel
3177 1332 3508 1389 oscitanter
3535 1333 3795 1404 legisset,

2133 1418 2335 1475 statim
2383 1419 2631 1477 vidisset
2670 1421 2805 1495 ipsa
2848 1422 2932 1477 sic
2974 1423 3125 1478 verti
3168 1422 3415 1491 debere,
3468 1424 3573 1479 sed
3611 1422 3794 1491 illud,

2134 1528 2162 1557 ‹‹
2193 1508 2307 1575 Qui
2336 1510 2495 1565 videt
2528 1512 2751 1578 levia,»
2778 1526 2954 1568 sensu
2981 1513 3201 1569 altiore
3227 1513 3521 1582 intellige.
3556 1515 3621 1568 Et
3648 1528 3799 1585 quo-

2132 1594 2300 1651 niam
2355 1612 2556 1653 sermo
2616 1602 2704 1654 est
2760 1598 2837 1654 de
2892 1598 3013 1654 illo.
3073 1606 3131 1651 '0
3180 1598 3386 1672 βλέπων
3436 1598 3548 1651 λεῖα
3585 1599 3797 1658 ἐλεηθή-

2134 1702 2301 1751 «tau,
2335 1686 2599 1744 monebo
2629 1688 2714 1744 uti
2740 1675 3078 1745 etDuceus
3102 1689 3230 1760 jam
3261 1693 3441 1746 antea
3487 1691 3550 1746 in
3594 1690 3794 1746 erudi-

2062 1762 2103 1817 Β
2131 1774 2378 1831 tissimis
2406 1776 2531 1831 suis
2549 1777 2708 1833 notis
2739 1778 2997 1845 monuit,
3025 1778 3155 1834 haec
3178 1777 3364 1834 verba
3380 1779 3441 1835 in
3464 1779 3796 1836 Proverbiis

2130 1878 2438 1937 nusquam
2449 1866 2719 1938 reperiri.
2735 1866 3053 1930 Quomodo
3069 1882 3213 1936 ergo
3230 1874 3440 1924 auctor
3457 1868 3641 1941 paulo
3653 1872 3794 1925 ante

2129 1951 2295 2025 (pag.
2329 1956 2455 2024 587)
2484 1955 2566 2011 ita
2592 1954 2762 2028 loqui
2793 1956 2987 2028 potuit
3012 1974 3025 2011 :
3060 1956 3281 2029 Εἴρηται
3309 1966 3512 2031 πρῶτος
3560 1958 3711 2030 λόγος
3742 1959 3794 2012 ἂν

2132 2046 2448 2115 Παροιμίαις
2497 2046 2631 2096 κατά
2687 2049 2745 2097 τὸ
2803 2041 2942 2106 εἶδος
3000 2049 3058 2097 τὸ
3101 2051 3473 2119 παροιμιακὸν,
3531 2051 3660 2121 πρὸς
3704 2067 3795 2118 γυ-

2129 2136 2357 2204 μνασίαν
2377 2142 2470 2186 τοῦ
2499 2142 2589 2187 νοῦ
2618 2142 2711 2187 τοι)
2744 2138 2995 2207 ἡμετέρου
3025 2144 3120 2196 τῆς
3150 2134 3405 2207 ἀσαφείας
3448 2136 3790 2201 ἐπιτεθείσης,

2128 2220 2227 2284 ὅτι,
2257 2227 2313 2272 Ὁ
2342 2218 2545 2293 βλέπων
2590 2221 2700 2275 λεῖα
2770 2222 3127 2281 ἐλεηθήσεταιο
3184 2225 3379 2280 Dictus
3431 2231 3517 2282 est
3558 2226 3795 2294 primus

2126 2324 2319 2365 sermo
2346 2311 2410 2366 in
2442 2313 2763 2369 Parwmiis
2789 2314 2855 2368 in
2891 2314 3136 2369 modum
3180 2316 3502 2384 proverbii,
3551 2316 3794 2385 adjecta

2128 2400 2399 2471 quadam
2426 2403 2797 2460 obscuritate
2825 2404 2907 2459 ad
2930 2410 3183 2460 mentem
3212 2411 3483 2462 nostram
3513 2421 3794 2463 exercen-

2127 2490 2293 2556 dam,
2348 2510 2379 2545 ‹
2419 2493 2534 2561 Qui
2564 2493 2724 2551 videt
2770 2494 2946 2561 levia,
2974 2495 3451 2552 misericordiam
3477 2510 3796 2568 conseque-

2127 2581 2281 2637 tur?
2314 2603 2343 2631 »
2408 2584 2526 2638 Nec
2583 2581 2911 2655 quisquam
2952 2583 3165 2640 dixerit
3211 2584 3431 2640 similia
3458 2584 3519 2640 in
3546 2588 3792 2642 Prover-

2124 2667 2239 2724 biis
2263 2671 2283 2704 ⁴
2315 2669 2591 2742 inveniri,
2620 2670 2726 2727 ubi
2751 2673 2832 2728 ita
2862 2671 3096 2743 legitur,
3147 2674 3212 2725 Oi
3240 2672 3499 2746 ὀφθαλμοί
3533 2693 3629 2727 σου
3659 2674 3791 2748 ὀρθὰ

2128 2755 2663 2829 βλεπὶτωσαυρεαιι·
2685 2764 2779 2815 tui
2805 2768 2973 2817 recta
3003 2761 3256 2818 videant.
3287 2763 3403 2818 Etsi
3435 2762 3593 2819 enim
3625 2779 3698 2819 ex
3726 2763 3791 2820 il-

2123 2846 2220 2915 lis,
2253 2849 2279 2899 ὁ
2312 2847 2518 2920 βλέπων
2548 2848 2680 2921 λεῖα,
2709 2850 2920 2906 eadem
2953 2849 3109 2906 efﬁci
3135 2851 3327 2923 possit
3356 2852 3670 2923 sententia,
3700 2856 3787 2908 at-

2124 2952 2244 3009 que
2274 2952 2346 2993 ex
2376 2937 2495 3010 his,
2526 2940 2575 2990 οἱ
2597 2939 2853 3012 ὀφθαλμοί
2882 2958 2977 2992 σου
3008 2939 3137 3012 ὀρθὰ
3169 2939 3505 3013 βλεπέτωσαν
3533 2958 3546 2996 :
3580 2946 3789 2998 tamen

2124 3025 2272 3099 ipsis
2293 3042 2401 3099 per
2422 3043 2483 3083 se
2501 3043 2683 3084 voces
2709 3034 2834 3085 tam
2864 3029 3017 3085 inter
3040 3045 3102 3085 se
3123 3030 3431 3100 differunt,
3460 3035 3527 3087 ut
3539 3031 3789 3102 diligen-

2125 3114 2395 3171 tissimus
2412 3116 2503 3172 vir
2521 3117 2776 3173 Basilius
2794 3118 2942 3175 alias
2962 3134 3073 3191 pro
3102 3118 3236 3174 aliis
3262 3120 3600 3192 sumpsisse
3625 3120 3789 3178 credi

2126 3204 2342 3261 merito
2368 3220 2493 3261 non
2522 3208 2730 3279 possit,
2774 3209 3106 3279 praesertim
3160 3225 3301 3264 cum
3335 3208 3794 3266 Proverbiorum

2125 3293 2298 3350 locus
2330 3294 2512 3351 modo
2537 3296 2728 3352 lectus
2752 3296 2938 3353 fuisse
2963 3297 3224 3355 dicatur.
3275 3301 3563 3355 Prmterea
3593 3298 3790 3356 libens

2126 3398 2460 3456 quaererem
2490 3385 2650 3441 unde
2681 3392 2895 3443 auctor
2922 3386 3094 3454 illud,
3117 3387 3475 3457 ἐλεηθήσεται,
3494 3387 3788 3445 hauserit.

2129 3473 2188 3530 Si
2216 3473 2290 3530 de
2315 3489 2428 3532 suo
2452 3475 2614 3532 hanc
2638 3492 2854 3532 vocem
2884 3476 3138 3548 addidit,
3171 3493 3297 3536 non
3335 3479 3418 3535 ita
3449 3477 3600 3535 solet
3629 3478 3794 3535 Basi-

2124 3561 2241 3618 lius
2266 3580 2279 3618 :
2306 3564 2398 3620 sin
2429 3580 2503 3620 ex
2523 3564 2729 3637 aliquo
2761 3566 3221 3623 Proverbiorum
3242 3567 3380 3624 loco
3402 3567 3605 3639 ipsam
3632 3583 3793 3624 sum-

2124 3654 2294 3723 ptam
2317 3650 2501 3709 fuisse
2527 3653 2719 3716 dicas,
2749 3654 3098 3724 jandudum
3127 3656 3221 3711 vir
3250 3654 3642 3711 doctissimus
3674 3656 3793 3712 Du-

2126 3756 2286 3797 caaus
2315 3741 2617 3813 ejusmodi
2632 3742 2837 3798 locum
2854 3743 2915 3798 in
2936 3743 3273 3800 Proverbiis
3295 3759 3602 3817 nusquam
3632 3760 3796 3802 com-

2124 3844 2339 3902 parere
2372 3831 2518 3887 satis
2550 3837 2757 3904 aperte
2790 3832 3174 3902 signiﬁcavit,
3217 3848 3357 3889 cum
3389 3834 3471 3890 ita
3500 3834 3735 3908 scripsit
3773 3852 3787 3890 :

2129 3921 2372 3977 Citatur
2399 3922 2511 3978 hoc
2540 3914 2567 3969 ξ(
2591 3922 2705 3990 Qui
2735 3922 2893 3977 levia
2916 3923 3158 3992 respicit
3182 3946 3209 3973 »
3244 3937 3320 3979 ea:
3346 3924 3704 3993 Proverbiis,
3726 3925 3792 3980 in

2124 4010 2341 4080 quibus
2365 4016 2565 4067 tamen
2592 4026 2893 4082 nusquam
2914 4014 3174 4082 reperiri
3191 4015 3433 4083 poterit,
3467 4013 3545 4070 ab
3564 4029 3631 4070 eo
3659 4015 3792 4086 qui-

2126 4098 2260 4155 dem
2287 4106 2465 4165 certe,
2492 4101 2601 4171 qui
2619 4101 2825 4157 Graeco
2847 4102 3187 4158 Bibliorum
3205 4102 3405 4159 indice
3426 4118 3465 4159 a
3494 4102 3791 4181 Kirchero

2123 4190 2461 4257 conscripto
2479 4189 2571 4243 uti
2593 4191 2871 4248 voluerit.
2894 4192 3100 4262 Neque
3113 4193 3270 4247 enim
3289 4206 3543 4263 usquam
3554 4194 3619 4247 in
3639 4194 3792 4248 Pro-

2127 4278 2346 4333 verbiis
2373 4279 2658 4345 occurrit,
2716 4286 2821 4335 aut
2869 4279 2979 4333 λεῖα
3023 4279 3253 4352 βλέπειν,
3302 4288 3411 4338 aut
3452 4281 3792 4340 ἐλεηθήσεται

355 4379 569 4420 vocem
598 4349 864 4437 βλέποντᾶ
903 4365 1021 4420 hoc
1050 4364 1184 4421 loco
1215 4365 1479 4439 suppleri
1505 4366 1722 4423 debere
1748 4385 1761 4423 :
1784 4349 1894 4424 sed
1917 4369 2016 4425 hic
2052 4349 2099 4404 Β
2129 4365 2356 4439 βλέπων.
2380 4367 2659 4423 Vidimus
2678 4349 3032 4441 scriptorem
3056 4371 3137 4426 ita
3156 4370 3567 4440 indiligentem
3584 4371 3789 4440 fuisse,

358 4453 647 4509 articulus
671 4455 798 4510 sine
824 4453 946 4510 ullo
969 4454 1157 4510 verbo
1177 4454 1504 4527 adhibitus,
1527 4455 1770 4512 obscuri
1785 4457 2017 4530 aliquid

359 4546 417 4599 et
440 4542 784 4599 inconcinni
799 4542 1003 4611 habet,
1022 4559 1132 4600 nec
1152 4548 1287 4618 apte
1307 4544 1425 4600 hoc
1452 4544 1588 4600 loco
1612 4545 1809 4619 posita
1830 4545 2017 4603 fuisse

357 4631 594 4688 videtur
618 4631 859 4705 ellipsis.
904 4632 1171 4689 Arbitror
1206 4633 1385 4703 igitur
1433 4633 1786 4707 scriptorem
1832 4635 2017 4707 paulo

358 4721 783 4779 humaniorem
813 4727 917 4779 aut
944 4738 1154 4778 vocem
1186 4725 1382 4798 ὁρῶντα
1428 4722 1781 4780 additurum
1813 4724 2015 4792 fuisse,

359 4814 464 4869 aut
493 4810 612 4867 alio
642 4812 858 4884 quovis
896 4811 1218 4884 eloquendi
1266 4828 1481 4883 genere
1510 4829 1785 4869 usurum.
1845 4812 2020 4878 Quod

360 4901 560 4959 statim
593 4901 882 4973 sequitur,
915 4900 1044 4954 ἀλλὰ
1074 4908 1176 4955 νόει
1196 4922 1286 4976 μοι
1313 4902 1545 4974 ὑψηλῶς,
1578 4910 1636 4955 'O
1661 4902 1864 4975 βλέπων
1884 4903 2014 4969 λεῖα,

359 4992 560 5046 minus
608 4990 808 5046 adhuc
840 4991 987 5047 mihi
1014 4991 1327 5066 probatur.
1362 4995 1430 5048 Et
1465 5006 1608 5047 vero
1640 4991 1804 5063 prior
1849 4993 2019 5049 locus

358 5085 448 5137 cst
474 5079 797 5153 ejusmodi,
821 5084 888 5138 ut
912 5082 1278 5155 monui,{qui
1304 5096 1566 5138 errorem
1595 5081 1851 5137 incautis
1875 5082 2024 5154 obji-

357 5186 488 5228 ccre
518 5170 745 5244 possit:
773 5171 1067 5243 posterior
1097 5172 1301 5243 reipsa
1319 5170 1503 5226 veteri
1534 5170 1839 5243 interpreti
1868 5187 2023 5229 erro-

354 5277 483 5318 rem
513 5260 750 5332 objecit.
784 5261 1013 5317 Etenim
1035 5260 1212 5333 quasi
1238 5260 1301 5316 in
1326 5259 1543 5315 mediis
1571 5258 1831 5316 tenebris
1855 5277 2023 5317 cons-

353 5351 560 5408 titutus
589 5349 819 5420 fuisset,
853 5350 935 5407 ita
964 5366 1035 5406 ea
1076 5365 1215 5423 quae
1247 5349 1371 5405 dixi
1401 5349 1589 5406 verba
1645 5349 1847 5405 Latine
1888 5352 2023 5407 red-

355 5439 525 5509 didit,
558 5439 807 5512 [Verum
836 5440 998 5497 nihil
1029 5439 1230 5511 illud]
1274 5439 1392 5509 Qui
1445 5440 1601 5497 levia
1652 5440 1833 5510 videt,
1887 5442 2023 5497 sub-

462 5621 483 5653 ‘
499 5621 669 5675 Prov.
718 5635 796 5687 1v,
837 5621 927 5673 25.

2127 4461 2192 4512 ut
2218 4471 2453 4525 eorum,
2486 4472 2623 4529 quae
2652 4473 2724 4513 ex
2762 4459 3100 4516 Proverbiis
3131 4460 3311 4533 paulo
3357 4465 3495 4516 ante
3545 4461 3793 4517 recitata

2126 4544 2382 4609 fuerant.
2423 4545 2641 4603 oblitus
2680 4552 2877 4604 esset:
2929 4564 3091 4605 nunc
3128 4549 3474 4605 videbimus
3499 4550 3787 4606 eumdem

2125 4636 2380 4693 oblitum
2407 4637 2588 4694 fuisse
2606 4653 2838 4707 eorum,
2862 4655 2999 4710 qua:
3024 4640 3152 4713 ipse
3172 4640 3448 4713 proxime
3472 4644 3611 4697 ante
3633 4640 3793 4697 dixe-

2124 4730 2234 4784 rat.
2270 4730 2418 4783 Nam
2458 4732 2599 4800 post
2629 4729 2741 4784 has
2787 4744 2986 4799 voces,
3036 4733 3241 4802 εῖρηται
3288 4738 3491 4804 πρῶτος
3538 4730 3688 4801 λόγος
3737 4730 3788 4783 ἐν

2127 4821 2577 4890 Παροιμίαις......
2627 4824 2684 4869 Ὀ
2713 4816 2910 4890 ῥὶέτων
2948 4818 3059 4870 λεῖα
3097 4819 3456 4888 ἐλεηθήσεται,
3498 4821 3602 4891 qui
3637 4820 3793 4877 levia

2126 4907 2306 4974 videt,
2320 4908 2797 4963 misericordiam
2820 4915 3243 4981 consequetur;
3261 4908 3506 4964 duobus
3522 4909 3792 4979 interjec-

2126 4995 2201 5052 tis
2224 4995 2499 5051 versibus
2522 4997 2813 5069 sequitur,
2837 5017 2947 5059 πως
2970 4998 3119 5050 ditia
3141 4997 3345 5071 βλέπων
3368 4998 3789 5057 ἐπαινεθήσεταις

2129 5086 2421 5157 quomodo
2462 5086 2564 5156 qui
2609 5087 2764 5141 levia
2805 5088 2982 5151 videt,
3029 5088 3432 5143 laudabitur?
3480 5091 3632 5144 Nam
3675 5087 3792 5143 hoc

2132 5175 2343 5231 ultimo
2372 5174 2507 5231 loco
2546 5175 2661 5245 legi
2692 5176 2909 5232 debere
2956 5176 3368 5242 ἐπαινεθήσεται,
3403 5193 3543 5233 cum
3586 5193 3659 5233 ex
3688 5192 3792 5232 no-

2132 5266 2227 5334 tis,
2262 5269 2391 5320 tum
2422 5280 2494 5320 ex
2520 5266 2806 5322 orationis
2833 5267 2982 5322 serie
3012 5272 3268 5323 constat.
3288 5268 3378 5323 Sic
3405 5268 3564 5323 enim
3596 5283 3793 5340 perse-

2134 5355 2342 5427 quitur
2398 5355 2654 5427 scriptor
2701 5357 2871 5428 (pag.
2922 5359 3065 5427 587),
3118 5356 3362 5409 ἐπαινετὰ
3410 5360 3508 5431 γάρ
3554 5356 3669 5409 ἐστι
3728 5359 3793 5410 τὰ

2135 5444 2271 5496 κατά
2322 5448 2741 5516 προαίρεσιν.....
2787 5447 2943 5498 πόθεν
3012 5447 3039 5497 ὁ
3098 5448 3304 5508 ἔπαινος
3375 5455 3449 5517 τῷ
3498 5448 3681 5519 ὁρῶντι
3726 5450 3791 5499 τὰ
