4092 6386
264 361 331 413 25
1772 348 2162 407 PREFATIO.
3615 361 3685 415 26

263 481 373 533 λεῖα
395 499 406 542 ;
431 483 542 535 etc.
576 480 811 536 Etenim
843 493 979 550 qua?
1003 493 1040 534 a
1069 477 1379 534 vol‘antate
1396 476 1674 546 pendent,
1697 490 1922 532 meren-
1953 478 2000 530 Α
2029 474 2202 530 dacio
2222 475 2449 546 decepit
2467 483 2645 549 atque
2661 479 3684 554 circumvenit,putassestequidvis

267 575 368 624 tur
398 569 724 625 laudem...
756 568 918 623 unde
966 568 1103 622 taus
1143 567 1446 622 tribuetur
1494 566 1643 621 levia
1687 565 1920 632 conspi-

264 660 445 714 cienti
469 659 496 713 ?
519 665 626 714 etc.
663 657 806 724 Quis
839 661 1042 712 autem
1072 655 1241 711 facile
1273 654 1587 710 crediderit
1617 659 1738 710 tam
1769 652 1920 708 obli-

263 747 501 804 viosum
533 747 712 802 fuisse
743 746 1051 814 Basilium,
1093 751 1157 801 ut
1187 745 1238 801 ei
1273 744 1599 800 exciderint
1627 759 1764 816 quae
1793 747 1921 798 tan-

261 841 388 892 tum
412 853 533 893 non
564 836 904 909 proferebat
932 834 958 889 ?

337 930 417 982 t3.
450 925 806 982 Audivimus
845 929 1153 981 auctorem
1199 926 1564 997 Scripturam
1604 924 1802 995 inepte
1836 922 1917 978 ci-

261 1019 480 1072 tantem
499 1033 511 1070 :
526 1031 688 1071 nunc
701 1015 983 1072 eumdem
999 1014 1320 1070 audiamus
1335 1014 1532 1087 inepte
1549 1013 1914 1086 loquentem.

259 1105 344 1160 Ita
380 1104 560 1173 igitur
589 1104 898 1176 aliquanto
947 1107 1084 1176 post
1115 1103 1273 1175 (pag.
1317 1104 1444 1174 589)
1490 1103 1773 1176 loquitur,
1809 1101 1916 1155 εἰπὲ

264 1189 323 1246 δὲ
363 1195 442 1246 ὃτι
489 1194 601 1246 ἔστι
654 1213 731 1254 τις
761 1193 833 1244 ’ἐν
888 1195 1012 1265 ημῖν
1058 1189 1352 1264 φιλόδοξος,
1403 1196 1490 1244 καὶ
1537 1192 1596 1244 οὐ
1639 1195 1856 1264 θυμικός
1900 1211 1910 1243 :

258 1282 362 1337 ubi
402 1283 658 1338 verbum
703 1282 811 1334 εὶπέ
853 1297 964 1355 pro
1003 1282 1202 1337 futuro
1240 1282 1506 1354 positum
1536 1281 1790 1347 videtur,
1833 1281 1915 1337 sic

257 1376 323 1428 ut
347 1372 443 1428 hic
471 1372 638 1428 locus
667 1371 750 1427 ita
780 1371 1103 1427 vertendus
1133 1371 1207 1427 sit
1239 1389 1251 1426 :
1285 1373 1391 1427 Est
1412 1377 1608 1427 autem
1640 1372 1914 1428 dicturus

257 1463 366 1518 Est
393 1463 552 1518 inter
575 1477 681 1517 nos
703 1462 808 1532 qui
832 1463 908 1518 sit
929 1463 1139 1532 glom’ae
1160 1462 1431 1531 cupidus,
1463 1462 1568 1533 qui
1583 1467 1781 1518 tamen
1802 1463 1915 1517 ira-

254 1552 485 1608 cundus
515 1567 635 1606 non
664 1553 761 1606 sit.
787 1554 1011 1606 Rursus
1042 1567 1164 1607 non
1196 1550 1374 1620 longe
1394 1551 1478 1606 ita
1504 1551 1790 1622 scriptum
1822 1550 1912 1606 in-

252 1640 488 1697 venitur
547 1659 560 1708 ;
607 1641 720 1693 Ἐὰν
787 1649 1064 1714 παραστῇς
1123 1661 1194 1712 τῳ
1247 1640 1424 1713 ὶατρῳ,
1485 1645 1574 1692 καὶ
1641 1637 1764 1713 ἴδῃς
1820 1645 1912 1697 τὴν

251 1730 580 1783 πολυτέλειαν
623 1739 724 1784 τῶν
767 1732 1047 1804 φαρμάκων
1099 1731 1149 1783 ἐν
1201 1738 1314 1792 ταῖς
1368 1730 1732 1802 πολυπτύχοις
1785 1733 1913 1783 ἀπο-

2028 564 2227 635 potius
2259 565 2606 622 auditurum
2628 583 2814 638 quam
2841 566 3010 635 illud,
3033 569 3317 638 quoniam
3343 571 3457 625 iter
3484 572 3548 626 in
3574 585 3683 642 pa-

2029 653 2297 709 radisum
2325 655 2690 724 facientibus
2719 672 2927 711 murus
2957 657 3332 712 mendacium
3363 664 3466 713 est.

2098 745 2187 798 14.
2224 743 2396 808 Quod
2427 744 2473 799 si
2505 760 2682 800 voces
2709 759 2833 800 non
2865 745 3010 800 satis
3035 750 3188 816 aptae
3219 746 3518 817 optimum
3546 762 3681 804 ora-

2031 837 2227 887 torum
2260 831 2540 888 Basilium
2571 849 2792 905 parum
2823 833 3056 900 decent,
3086 849 3179 888 res
3217 833 3364 906 ipsae
3391 849 3515 890 non
3541 835 3682 891 satis

2027 934 2241 989 graves
2252 922 2525 978 omnium
2539 923 2740 992 gravis
2750 923 2973 978 simum
2988 923 3223 979 Patrem
3241 939 3460 995 parum
3473 922 3683 980 decere

2024 1009 2322 1066 videntur.
2359 1014 2684 1084 Postquam
2716 1012 2974 1084 scriptor
3004 1012 3179 1083 plura
3203 1029 3392 1086 quam
3421 1028 3532 1085 par
3558 1017 3682 1069 erat

2023 1099 2098 1154 de
2120 1100 2383 1156 hominis
2413 1101 2764 1172 praestantia
2793 1101 3046 1171 dixerat,
3087 1107 3152 1158 ut
3176 1101 3683 1186 colligere‘posset

2023 1188 2334 1245 diabolum
2365 1189 2419 1245 ei
2448 1190 2526 1246 ob
2548 1195 2743 1246 tantas
2767 1191 3198 1264 praerogativas
3225 1191 3530 1257 invidisse,
3552 1194 3680 1248 tum

2022 1277 2269 1336 demum
2287 1280 2362 1336 de
2378 1281 2628 1336 muliere
2646 1297 2988 1337 sermonem
3005 1282 3309 1338 instituere
3325 1281 3681 1354 incipit,hoc

2023 1366 2208 1422 modo
2248 1367 2436 1438 (ibid.)
2485 1385 2496 1422 :
2549 1375 2679 1430 Ἕως
2718 1371 2816 1443 γὰρ
2856 1375 3012 1442 μόνος
3062 1367 3122 1442 ᾖν
3167 1371 3191 1420 ὁ
3245 1370 3533 1442 οἶεθρωπος,
3587 1369 3681 1420 οὐκ

2050 1453 2071 1469 τ
2177 1456 2191 1470 ς
2291 1463 2298 1474 ,
2392 1459 2402 1467 .
2535 1460 2544 1472 ,
2774 1459 2784 1470 ς
2860 1465 2868 1477 ι
2938 1456 2970 1477 α.
3027 1459 3038 1473 ν
3124 1465 3132 1474 ι
3295 1462 3306 1472 ο
3464 1464 3471 1478 ι
3559 1457 3569 1467 '

2023 1476 2137 1528 ειχε
2179 1457 2338 1515 Ααϐην
2382 1477 2406 1509 ο
2453 1456 2715 1520 διαϐολος·
2766 1479 2877 1512 επει
2926 1473 2985 1512 οε
3020 1461 3239 1518 εκτισθη
3285 1480 3314 1519 η
3353 1479 3503 1530 γυνη,
3547 1477 3681 1510 απα-

2021 1545 2109 1597 λὸν
2161 1551 2306 1613 ζῶον,
2360 1546 2654 1619 ἀναγκαίως
2704 1557 2794 1601 τοῦ
2857 1556 3183 1624 Δημιουργοῡ
3227 1554 3321 1606 την
3374 1548 3680 1606 ἁπαλότητα

2023 1642 2247 1708 φυσικὴν
2291 1638 2700 1710 ἐμποιήσαντος,
2761 1641 2844 1693 ἳνα
2896 1643 2996 1693 ὑπὸ
3053 1649 3144 1694 τοῦ
3190 1639 3548 1713 φιλανθρώπου
3594 1639 3680 1692 εὐ-

2021 1735 2196 1798 μαρῶς
2245 1737 2412 1800 τραφῇ
2467 1731 2534 1781 τὰ
2584 1736 2758 1789 νήπια.
2804 1730 2865 1782 Εἰ
2899 1733 2998 1804 γὰρ
3051 1730 3291 1803 αὐστηρὰ
3336 1730 3395 1802 ἦν
3445 1732 3473 1788 η
3524 1733 3675 1801 γυνη,

250 1824 484 1892 κειμένην
529 1817 749 1885 δέλτοις,
803 1825 1115 1894 περισκόπει
1165 1825 1218 1872 τί
1275 1826 1464 1873 οἰκεῖον
1513 1819 1784 1874 ἀπόκειται
1839 1840 1910 1891 τῳ
1944 1827 1983 1882 Β
2021 1815 2113 1868 οὐκ
2165 1817 2225 1867 οἷν
2264 1815 2665 1892 ἀποκλαιὸμενον
2723 1825 2780 1872 τὸ
2835 1825 3011 1879 νήπιον
3063 1826 3172 1881 τοῖς
3233 1822 3478 1876 στήθεσιν
3527 1817 3680 1890 ἐνηγ-

252 1930 326 1982 σῳ
370 1912 570 1965 meast:
616 1911 721 1966 ubi
765 1911 988 1983 pariter
1030 1927 1149 1966 vox
1196 1916 1502 1984 περισκόπει
1568 1912 1766 1983 posita
1824 1913 1912 1966 est

251 2016 362 2073 pro
392 2004 661 2072 tempere
698 2001 920 2067 futuro,
957 2017 1096 2056 cum
1127 2016 1197 2056 ea
1233 2017 1369 2074 qua:
1409 2000 1580 2057 retuli
1608 2001 1793 2057 verba
1831 2001 1909 2056 ita

258 2089 458 2145 Latine
478 2089 788 2146 reddenda
810 2089 953 2146 sint:
978 2090 1148 2158 Quod
1161 2091 1214 2146 si
1229 2091 1408 2148 adeas
1419 2091 1732 2161 medicum,
1755 2095 1811 2148 et
1829 2093 1910 2147 vi-

247 2179 407 2235 deris
433 2181 695 2248 pretiosa
723 2181 1160 2236 medicamenta
1183 2181 1244 2236 in
1276 2181 1465 2237 variis
1486 2182 1711 2238 tabulis
1729 2182 1907 2238 collo-

248 2273 404 2338 cata,
432 2269 832 2325 considerabis
862 2269 1011 2339 quid
1040 2274 1140 2324 tuo
1163 2271 1370 2326 morbo
1397 2271 1731 2327 conveniat.
1759 2269 1909 2325 Illud

250 2361 451 2413 autem
478 2357 763 2429 loquendi
789 2372 978 2426 genus
1024 2357 1394 2414 Basilianum
1417 2373 1538 2414 non
1572 2374 1701 2414 esse
1726 2358 1821 2415 vel
1836 2375 1908 2415 ex

252 2461 325 2502 eo
356 2445 600 2515 intelligi
628 2450 848 2518 potest,
881 2445 1049 2518 quod
1079 2446 1465 2502 eruditissimi
1493 2447 1616 2504 duo
1645 2447 1772 2516 viri,
1806 2447 1910 2520 qui

250 2535 310 2590 in
350 2535 618 2604 legendis
649 2535 992 2605 gravissimi
1030 2536 1216 2592 Patris
1256 2537 1489 2610 scriptis
1519 2537 1689 2593 multi
1717 2542 1908 2607 erant,

247 2624 508 2696 priorem
532 2623 733 2680 locum
763 2640 888 2680 non
917 2625 1330 2682 intellexerint.
1365 2625 1549 2682 Velim
1578 2626 1744 2696 legas
1773 2643 1910 2683 eam

245 2728 432 2785 quam
474 2712 535 2768 in
567 2712 630 2768 id
670 2713 877 2770 addidi
915 2717 1148 2771 notam.
1192 2715 1473 2788 Reperias
1512 2715 1762 2788 quidem
1806 2709 1911 2771 ubi

244 2818 420 2858 voces
452 2800 650 2877 δρᾶσον
680 2807 736 2859 et
765 2808 988 2862 ποίησον
1019 2820 1130 2877 pro
1161 2805 1360 2862 futuro
1385 2805 1593 2878 positas
1625 2805 1760 2872 sint,
1781 2807 1909 2877 fac-

246 2897 419 2949 turus
440 2910 452 2948 :
476 2892 658 2965 idque
678 2893 817 2950 inde
837 2894 1064 2950 factum
1078 2894 1334 2963 videtur,
1352 2895 1517 2968 quod
1535 2895 1912 2952 deducantur

245 2997 280 3037 a
310 2982 530 3050 futuro,
564 2979 768 3055 δράσω,
795 2990 1000 3041 ποιήσω
1035 3001 1048 3039 :
1077 2984 1182 3040 sed
1208 2985 1313 3040 ubi
1344 3000 1523 3040 voces
1553 2985 1661 3037 εἰπέ
1682 2990 1738 3040 et
1766 3005 1909 3059 περι-

245 3076 427 3123 σκόπει
447 3075 551 3128 aut
571 3071 794 3129 similes
819 3073 1031 3130 eodem
1054 3073 1156 3130 illo
1178 3089 1355 3130 sensu
1375 3079 1758 3148 usurpentur,
1784 3075 1904 3144 vix,

2020 1904 2280 1971 καλίζετο,
2322 1906 2414 1958 οὐκ
2458 1910 2518 1958 οἶν
2560 1918 2654 1970 τῆς
2689 1907 2832 1972 ἰδίας
2872 1918 3066 1983 τροφῆς
3107 1908 3302 1982 ἡμέλει,
3337 1912 3422 1960 τὸν
3471 1905 3530 1960 δὲ
3568 1927 3679 1980 μα-

2024 1998 2110 2056 ζὸν
2147 1994 2313 2046 ἐπεῖχε
2352 2000 2481 2069 πρὸς
2531 1997 2770 2069 ὠφέλειαν
2800 2006 2892 2050 τοῦ
2933 1998 3228 2070 ὑπομαζίου
3277 1993 3518 2053 παιδίου.
3570 2002 3677 2048 Νῦν

2017 2087 2190 2156 μέντοι
2228 2089 2461 2158 μητέρων
2510 2086 2893 2160 εὖσπλαγχνὶαι
2946 2092 3032 2140 τὸν
3078 2088 3233 2140 ὕπνον
3281 2085 3530 2148 πολλάκις
3576 2093 3678 2138 τῶν

2019 2171 2285 2245 βλεφάρων
2311 2171 2719 2241 ἀποδιώκουσιν,
2753 2173 2964 2228 ἐπειδὰν
2996 2180 3180 2250 μικρὸν
3207 2173 3575 2248 παρενοχληθῇ
3618 2178 3677 2227 τὸ

2017 2268 2218 2320 νήπιον.
2266 2268 2374 2316 Ἵνα
2421 2270 2592 2316 τοίνυν
2631 2265 2939 2340 ἐκτρέφηται
2980 2272 3181 2332 νήπιον,
3227 2264 3398 2322 ἁπαλὴ
3445 2267 3472 2322 ἡ
3522 2267 3675 2336 φύσις

2019 2352 2048 2409 ἠ
2108 2357 2378 2423 γυναικεία
2432 2357 2708 2428 παρήχθη,
2768 2355 2938 2414 ἁπαλὴ
3012 2361 3102 2407 καὶ
3160 2355 3532 2428 φιλάνθρωπος.
3592 2359 3676 2424 Τῳ

2019 2442 2127 2507 οὖν,
2159 2446 2272 2497 etc.
2311 2443 2550 2499 Etenim
2583 2446 2859 2516 quandiu
2894 2446 3056 2502 solus
3081 2445 3206 2514 fuit
3239 2446 3435 2513 homo,
3463 2457 3676 2500 ansam

2018 2547 2141 2587 non
2186 2532 2438 2590 habebat
2482 2535 2812 2606 diabolus;
2852 2537 2957 2592 sed
3000 2537 3157 2591 istuc
3195 2537 3464 2604 contigit,
3513 2538 3677 2603 post-

2018 2637 2199 2692 quam
2230 2624 2474 2679 eondita
2505 2631 2586 2680 est
2627 2627 2868 2693 mulier,
2904 2631 3187 2682 tenerum
3228 2625 3391 2681 illud
3418 2624 3675 2688 animal,

2019 2712 2119 2766 cui
2151 2712 2443 2768 Conditor
2471 2715 2807 2771 necessario
2841 2715 3303 2772 teneritudinem
3327 2712 3676 2770 naturalem

2017 2799 2261 2869 indidit,
2292 2810 2352 2858 ut
2392 2803 2464 2858 ob
2507 2804 2934 2873 benignitatem
2959 2820 3180 2874 pueros
3202 2818 3500 2874 propense
3537 2801 3677 2858 edu-

2019 2895 2201 2945 caret.
2226 2891 2465 2947 Etenim
2487 2893 2540 2948 si
2554 2899 2797 2950 austera
2818 2901 2963 2951 esset
2989 2895 3230 2958 mulier,
3253 2909 3373 2948 non
3393 2907 3538 2948 sane
3555 2890 3677 2961 plo-

2015 2985 2252 3036 rantem
2284 2983 2578 3050 infantem
2611 2985 2774 3039 ulnis
2815 2985 3132 3054 complexa
3165 2985 3227 3040 in
3254 2984 3391 3040 sinu
3418 2983 3673 3053 foveret,

2013 3084 2199 3140 neque
2214 3071 2502 3127 alimento
2517 3088 2624 3128 suo
2642 3075 2930 3144 neglecto,
2947 3089 3269 3130 mammam
3291 3073 3373 3129 ad
3391 3071 3676 3128 lactentis

241 3161 475 3234 opinor,
507 3163 671 3234 apud
715 3162 966 3220 idoneos
1006 3165 1323 3237 scriptores
1352 3165 1604 3222 inveniri
1635 3165 1851 3239 poterit
1883 3184 1895 3234 ;
1931 3183 1972 3238 α
2007 3160 2190 3226 Pueri
2207 3161 2899 3232 00mm0dumprwberet.
2922 3163 3256 3220 Ναηούϐνο
3273 3168 3543 3219 materna
3560 3162 3676 3218 illa

240 3254 343 3306 aut
369 3256 524 3306 certe
555 3250 684 3322 ejus
715 3251 798 3307 rei
827 3252 1174 3324 exemplum
1204 3253 1391 3309 ullum
1424 3254 1589 3326 apud
1621 3254 1899 3310 Basilium

236 3342 470 3396 exstare
498 3355 622 3396 non
652 3345 822 3413 puto.
854 3344 971 3397 Nec
1000 3342 1199 3414 aptius
1223 3343 1453 3399 dictum
1479 3343 1710 3398 videtur
1730 3341 1898 3415 quod

235 3427 548 3500 aliquanto
586 3430 744 3488 infra
789 3437 953 3503 (pag.
1015 3437 1142 3499 591)
1192 3433 1480 3505 sequitur,
1533 3435 1797 3506 θησαυρὸς
1838 3431 1899 3486 δέ

231 3519 373 3569 ἐστιν
401 3519 429 3576 ἡ
462 3518 696 3571 εὐσέϐεια
723 3522 1035 3593 χρημάτων,
1066 3520 1146 3575 ad
1175 3523 1454 3590 verbum,
1485 3536 1628 3577 nam
1660 3523 1894 3577 thesau-

231 3622 333 3662 rus
361 3612 448 3663 est
469 3609 664 3676 pietas
686 3609 1103 3678 pecuniarum.
1139 3609 1370 3674 Quibus
1400 3611 1462 3666 in
1492 3610 1691 3665 verbis
1722 3626 1893 3682 pere-

233 3695 389 3766 grini
420 3696 649 3769 aliquid
687 3701 744 3753 et
785 3696 999 3754 absoni
1036 3698 1231 3754 inesse
1269 3714 1470 3766 nemo,
1503 3699 1738 3773 opinor,
1771 3713 1896 3755 non

231 3785 391 3842 videt
444 3804 457 3842 :
505 3785 610 3842 sed
662 3787 959 3860 suspicari
1005 3787 1255 3844 fortasse
1303 3790 1518 3861 poterit
1565 3788 1892 3862 quispiam,

233 3891 442 3932 vocem
499 3881 895 3952 προτιμότερος,
945 3881 1050 3934 aut
1095 3878 1352 3934 similem
1405 3894 1476 3934 eo
1522 3894 1705 3951 quem
1752 3894 1894 3935 mox

232 3960 356 4016 dixi
372 3962 504 4020 loco
522 3980 558 4020 a
573 3966 968 4038 typographis
983 3967 1274 4024 omissam
1288 3967 1488 4035 fuisse,
1505 3967 1895 4040 supplerique

232 4051 453 4108 debere
480 4053 595 4109 hoc
624 4055 831 4123 modo,
863 4058 1126 4129 θησαυρὸς
1161 4054 1220 4110 δέ
1249 4061 1391 4110 εστιν
1422 4059 1451 4115 η
1487 4055 1722 4109 εὐσέϐεια
1759 4076 1895 4130 χρη-

235 4143 412 4212 μάτων
439 4149 832 4218 προτιμότερος,
859 4146 1056 4214 pietas
1077 4153 1274 4203 autem
1304 4147 1624 4204 thesaurus
1654 4152 1738 4202 est
1762 4161 1898 4216 pre-

237 4231 446 4286 tiosior
457 4247 638 4302 quam
651 4235 896 4290 divitiae.
915 4237 1065 4305 Ergo
1081 4251 1157 4291 ne
1173 4236 1500 4308 quisquam
1521 4236 1580 4291 in
1597 4235 1897 4306 ejusmodi

233 4320 640 4392 suspicionem
689 4323 1046 4393 adducatur,
1100 4325 1362 4381 monebo
1409 4325 1491 4380 ita
1535 4341 1786 4398 prorsus
1836 4325 1899 4380 in

234 4409 519 4465 omnibus
550 4411 718 4466 libris
753 4417 810 4468 et
849 4413 1158 4486 impressis
1197 4419 1256 4470 et
1291 4415 1595 4471 veteribus
1630 4415 1766 4485 legi,
1813 4416 1898 4471 uti

232 4499 533 4555 edendum
565 4505 929 4558 curavimus.
957 4507 1242 4560 Praeterea
1261 4520 1401 4560 cum
1421 4505 1673 4578 scriptor
1693 4505 1897 4561 multis

230 4588 379 4644 locis
426 4589 624 4662 inepte
659 4591 962 4664 loquatur,
1006 4593 1154 4665 quid
1197 4593 1419 4650 mirum
1467 4595 1657 4650 videri
1694 4596 1893 4666 debet,

231 4677 282 4732 si
321 4678 436 4734 hoc
471 4695 716 4752 quoque
760 4680 893 4737 loco
933 4681 1132 4754 inepte
1171 4682 1406 4740 locutus
1437 4683 1510 4738 sit
1547 4685 1574 4738 ‘t
1605 4683 1895 4758 Deinceps

235 4768 310 4823 de
342 4769 586 4825 diabolo
615 4770 873 4843 loquens
907 4777 1135 4840 auctor,
1172 4773 1256 4830 sic
1288 4774 1490 4829 scribit
1516 4776 1680 4844 (pag.
1717 4778 1840 4834 594)
1877 4791 1889 4828 :

237 4858 452 4911 Κλέπτει
471 4857 563 4912 διὰ
579 4868 670 4913 τοῦ
687 4859 940 4931 ψεύδους,
960 4861 1141 4922 ἐπειδὴ
1164 4870 1340 4936 τεῖχός
1359 4870 1472 4918 ἐστι
1493 4873 1599 4927 τοῖς
1618 4862 1892 4918 ὁδεύουσιν

236 4948 308 5010 εἰς
357 4945 680 5023 παράδεισον
723 4954 782 5003 τὸ
811 4949 1030 5022 ψεῦδος,
1086 4955 1319 5024 Decipit
1357 4955 1666 5011 mendacio
1718 4962 1894 5026 atque

231 5038 663 5094 circumvenit:
686 5042 992 5112 siquidem
1025 5043 1136 5099 iter
1175 5045 1236 5098 in
1263 5043 1616 5113 paradisum
1657 5045 1890 5114 facien-

239 5127 398 5182 tibus
427 5143 636 5182 murus
664 5131 1043 5188 mendacium
1077 5139 1185 5189 est.
1227 5132 1418 5188 Velim
1453 5133 1558 5204 qui
1595 5132 1802 5202 legunt
1831 5150 1892 5190 se

231 5216 346 5288 ipsi
376 5217 764 5288 interrogent,
788 5235 867 5274 an
894 5219 975 5276 ita
1003 5221 1413 5294 loquerentur,
1437 5223 1714 5278 diabolus
1734 5239 1893 5280 men-

227 5306 402 5360 dacio
433 5307 682 5377 decepit,
719 5314 899 5379 atque
928 5311 1343 5380 circumvenit,
1377 5313 1660 5383 quoniam
1691 5314 1806 5369 iter
1829 5315 1892 5369 in

225 5395 580 5463 paradisum
593 5395 962 5462 facientibus
987 5415 1194 5454 murus
1215 5401 1590 5456 mendacium
1613 5407 1720 5470 est,
1751 5401 1895 5457 Scri-

229 5485 365 5554 ptor
394 5482 580 5552 solus,
612 5488 677 5539 ut
705 5485 1118 5558 mihiquidem
1141 5487 1397 5556 videtur,
1426 5493 1551 5544 tam
1572 5505 1728 5545 nove
1750 5496 1896 5546 tam-

227 5587 348 5643 que
375 5571 612 5628 insolite
643 5577 702 5628 et
729 5574 1010 5644 cogitare,
1043 5577 1285 5650 etloqui
1316 5578 1531 5650 potuit.
1564 5578 1894 5652 Postquam

230 5659 392 5716 enim
409 5660 729 5718 audiveras
744 5661 942 5720 virum
959 5664 1041 5722 ita
1054 5665 1427 5738 lomientem,
1447 5667 1724 5724 diabolus
1739 5684 1897 5725 men-

2010 3249 2282 3306 charitas
2298 3267 2568 3308 somnum
2587 3268 2618 3309 e
2630 3253 2942 3324 palpebris
2958 3270 3078 3310 non
3102 3264 3247 3310 ra‘ro
3261 3255 3464 3324 fugat,
3488 3253 3592 3308 ubi
3608 3255 3672 3308 in

2008 3341 2379 3396 commodum
2396 3343 2520 3398 leve
2538 3343 2774 3412 infanti
2785 3345 3028 3400 accidit.
3052 3345 3124 3401 Ut
3143 3344 3550 3414 igiturinfans
3567 3357 3676 3398 nu-

2008 3426 2283 3496 triretur,
2302 3431 2614 3486 muliebris
2630 3447 2809 3487 sexus
2832 3437 3000 3489 tener
3016 3433 3292 3488 conditus
3309 3435 3416 3495 est,
3440 3437 3606 3488 tener
3617 3436 3673 3487 et

2005 3513 2322 3571 humanus.
2359 3518 2755 3585 Quamobrem
2797 3526 3014 3578 tenera
3038 3536 3111 3577 ac
3141 3521 3332 3582 molli.
3370 3525 3479 3576 etc.
3515 3517 3672 3587 Quid

2004 3607 2113 3672 est,
2145 3619 2378 3676 quaeso,
2409 3608 2645 3677 nugari,
2680 3609 2733 3664 si
2760 3609 2877 3666 hoc
2910 3626 3035 3666 non
3070 3615 3158 3666 est
3186 3611 3212 3665 ?
3244 3611 3409 3666 Certe
3441 3609 3490 3666 si
3532 3609 3676 3666 talia

2004 3700 2309 3752 narrasset
2330 3696 2684 3754 muliercula
2709 3698 2934 3771 aliqua,
2953 3699 3206 3756 fortasse
3234 3715 3358 3756 non
3379 3706 3538 3757 esset
3566 3717 3674 3757 cur

2003 3783 2394 3841 miraremur:
2412 3787 2518 3842 sed
2535 3787 2629 3844 cui
2649 3789 2999 3860 persuaderi
3016 3791 3231 3862 poterit
3245 3789 3672 3860 gravissimum

2003 3875 2198 3930 virum
2217 3875 2507 3933 Basilium
2526 3878 3040 3950 ejusmodinugas
3060 3879 3383 3936 effutivisse
3396 3882 3422 3936 ?
3442 3882 3673 3947 Quibus

2001 3963 2064 4018 in
2104 3964 2304 4020 verbis
2338 3966 2566 4040 aliquid
2599 3975 2735 4040 post
2764 3985 2979 4026 vocem
3017 3977 3179 4028 νήπια
3215 3973 3357 4044 poni
3389 3971 3672 4029 debuisse

2006 4069 2247 4122 moneo,
2277 4057 2456 4128 quale
2488 4063 2576 4114 est
2604 4058 2774 4124 illud,
2807 4065 2924 4113 τότε
2954 4062 3107 4113 τοῦτο
3139 4061 3352 4134 ἐγένετο,
3388 4066 3453 4118 ut
3480 4062 3671 4119 oratio

2005 4148 2062 4199 et
2097 4143 2312 4201 clarior
2352 4153 2526 4217 esset,
2561 4153 2618 4204 et
2658 4148 2872 4205 melius
2903 4151 3229 4208 cohaereret
3262 4169 3275 4206 :
3312 4167 3449 4224 quae
3487 4167 3671 4208 voces

2007 4233 2057 4288 si
2087 4234 2309 4290 additae
2337 4235 2591 4293 fuissent
2619 4254 2690 4294 eo
2723 4255 2906 4310 quem
2936 4240 3060 4296 dixi
3089 4241 3242 4309 loco,
3270 4241 3352 4298 ita
3379 4241 3670 4314 interpre-

2008 4323 2118 4379 tari
2146 4324 2413 4383 licuisset
2445 4344 2456 4381 :
2479 4328 2708 4384 Etenim
2729 4331 3003 4401 quandiu
3023 4333 3186 4388 solus
3198 4334 3321 4402 fuit
3341 4333 3536 4403 homo,
3568 4349 3669 4388 an-

2009 4429 2136 4470 sam
2158 4431 2275 4472 non
2307 4417 2565 4475 habebat
2589 4419 2865 4476 diabolus
2884 4422 2988 4478 sed
3001 4428 3393 4494 posteaquam
3424 4425 3672 4480 condita

1929 4533 1970 4588 D
2009 4508 2093 4560 est
2106 4506 2341 4562 mulier.
2355 4548 2390 4562 ..
2408 4515 2470 4562 ut
2484 4508 2554 4563 ob
2571 4509 2999 4580 benignitatem
3007 4527 3227 4581 pueros
3232 4529 3520 4583 pr0pense
3533 4514 3671 4570 edu-

2009 4601 2176 4651 caret
2220 4603 2364 4653 tunc
2397 4600 2649 4669 contigit
2676 4606 2741 4654 ut
2763 4615 2973 4656 ansam
2999 4601 3262 4659 haberet.
3289 4603 3439 4658 Illud
3465 4607 3670 4659 autem

2006 4699 2077 4740 eo
2099 4685 2325 4751 notavi,
2350 4691 2415 4742 ut
2445 4688 2639 4759 magis
2672 4694 2903 4760 pateret
2923 4705 3106 4758 error,
3135 4707 3318 4762 quem
3350 4690 3556 4746 similis
3585 4689 3672 4747 lo-

2003 4774 2232 4845 quendi
2273 4777 2426 4832 ratio
2466 4777 2609 4832 viris
2657 4777 3024 4835 doctissimis
3058 4780 3298 4851 objecit.
3344 4784 3393 4835 ls
3438 4786 3664 4842 autem.

2001 4879 2186 4934 quem
2205 4864 2360 4928 dico,
2387 4865 2555 4921 locus
2577 4882 2648 4922 ea
2665 4882 2802 4937 quae
2819 4868 2991 4923 retuli
3007 4868 3192 4926 verba
3213 4870 3485 4941 proxime
3503 4874 3668 4926 ante-

2001 4954 2176 5010 cedit.
2225 4954 2311 5010 Ibi
2357 4961 2560 5012 autem
2609 4957 2692 5012 ita
2739 4957 2974 5029 legitur.
3021 4961 3185 5031 (pag.
3236 4963 3395 5032 593):
3452 4959 3663 5020 Ἐπειδὴ

2000 5046 2258 5116 κατέμαθε
2310 5045 2396 5096 τον
2451 5047 2740 5120 ἄνθρωπον·
2799 5044 2981 5105 ἐπειδὴ
3042 5045 3176 5100 εἶδεν
3235 5051 3315 5102 ὅτι
3367 5055 3425 5103 τὸ
3482 5056 3668 5125 μικρὸν

2003 5142 2155 5185 τοῦτο
2206 5138 2333 5196 ζῶον
2377 5139 2506 5209 πρὸς
2550 5140 2643 5194 την
2689 5145 2788 5189 τῶν
2828 5135 3053 5209 ἀγγέλων
3093 5140 3370 5212 ὁμοτιμίαν
3410 5143 3434 5192 ὁ
3478 5145 3667 5216 Κύριος

2001 5223 2353 5297 προεκαλεῖτο,
2412 5221 2504 5277 διὰ
2551 5235 2644 5288 τῆς
2703 5225 2887 5300 ἀρετῆς
2948 5225 3146 5299 ἀνάγων
3189 5229 3376 5294 ἀύτὸν,
3434 5235 3523 5282 καὶ
3575 5227 3668 5294 διὰ

2005 5316 2343 5386 σωφροσύνης
2395 5322 2494 5365 τῶν
2547 5318 2682 5366 κατὰ
2747 5320 2834 5366 τὸν
2894 5313 3033 5387 βίον,
3096 5317 3204 5369 ἐπεὶ
3261 5323 3355 5376 τὴν
3409 5318 3668 5372 τελείωσιν

2003 5411 2098 5464 τῆς
2125 5402 2332 5474 ψυχῆς·
2370 5403 2557 5458 λείπει·
2591 5412 2722 5467 Ἒως
2753 5409 2872 5480 γάρ,
2902 5411 3012 5462 etc.
3043 5409 3372 5480 Postquam
3403 5411 3670 5467 conside-

2003 5493 2163 5548 ravit
2179 5492 2468 5549 hominem
2491 5511 2503 5548 :
2518 5500 2832 5566 postquam
2846 5496 2990 5552 vidit
3006 5497 3281 5567 exiguum
3305 5499 3415 5555 hoc
3433 5500 3669 5557 animal

2006 5597 2042 5637 α
2081 5583 2331 5638 Domino
2370 5583 2452 5638 ad
2497 5585 2856 5654 angelorum
2900 5587 3314 5658 aequalitatem
3353 5587 3660 5656 advocari,

2005 5677 2072 5726 ut
2100 5673 2209 5741 qui
2220 5671 2412 5742 ipsum
2429 5686 2542 5740 per
2572 5673 2855 5732 virtutem
2878 5689 2951 5732 ac
2977 5689 3180 5732 rerum
3208 5676 3663 5735 mundanarum
