4092 6434
393 348 462 402 27
1896 341 2279 398 PREFATIO.
3746 353 3810 406 '28

396 470 768 526 moderatum
793 485 966 527 usum
987 472 1249 528 eveheret
1266 471 1346 527 ad
1362 470 1580 526 anima?
1595 469 2043 539 perfectionem,
2073 465 2123 518 Α
2153 468 2285 539 ipsa
2308 468 2463 538 loca,
2492 470 2552 526 in
2580 471 2802 543 quibus
2829 473 3082 529 Basilius
3105 489 3179 531 ea
3198 490 3386 547 quam
3407 475 3531 532 dixi
3549 475 3811 532 formula

393 561 504 614 etc.
536 559 649 614 Ubi
678 563 888 616 notare
915 575 1112 633 operae
1136 561 1396 632 pretium
1429 564 1536 626 est,
1564 572 1775 614 vocem
1802 557 1963 609 λείπει
1983 555 2046 610 in

395 647 715 704 Parisiensi
742 650 1000 706 editione
1022 649 1290 706 additam
1321 649 1522 718 fuisse,
1550 653 1617 704 ut
1638 651 2044 712 monerentur,

395 737 501 810 qui
528 737 814 807 legerent,
856 738 1083 811 aliquid
1111 737 1227 795 hoc
1256 739 1388 795 loco
1419 739 1626 796 deesse
1662 757 1674 806 ;
1709 739 1813 794 sed
1844 742 2045 794 tamen

395 824 546 882 nihil
565 826 752 897 deest,
781 841 1109 901 vocemque
1128 827 1289 881 λείπει
1318 829 1643 885 delendam
1659 844 1794 884 esse
1814 831 2048 884 constat

397 927 470 972 ex
498 909 665 972 libris
696 913 1018 988 veteribus,
1058 919 1118 973 in
1157 917 1382 991 quibus
1419 917 1574 975 illius
1613 933 1687 974 ne
1726 917 2044 987 vestigium

395 1006 643 1078 quidem
675 1011 885 1064 exstat.
915 1010 1122 1080 Inepta
1148 1014 1350 1064 autem
1375 1003 1476 1064 illa
1495 1007 1786 1080 loquendi
1808 1006 1959 1062 ratio
1982 1008 2048 1060 ut

396 1095 750 1152 Parisiensis
789 1097 1070 1153 editionis
1123 1102 1414 1165 auctores,
1452 1099 1536 1154 ita
1575 1097 2046 1153 eruditissimum

395 1199 641 1258 quoque
662 1185 861 1242 virum
884 1186 1312 1243 Combefisium
1332 1187 1585 1260 decepit.
1609 1189 1897 1242 Putarunt
1917 1185 2048 1239 1]th

395 1273 606 1345 verba,
654 1273 834 1334 ἐπειδὴ
892 1279 1148 1349 κατέμαθε
1193 1281 1280 1329 τὸν
1323 1279 1612 1351 ἄνθρωπον,
1672 1272 1853 1332 ἐπειδὴ
1915 1271 2050 1327 εἶδεν

394 1363 495 1426 ὃτι,
520 1364 877 1433 etc.,referri
896 1367 973 1422 ad
1001 1367 1226 1438 aliquid
1247 1367 1412 1439 quod
1439 1367 1606 1439 sequi
1628 1365 1891 1431 deberet,
1910 1379 2050 1419 cum

394 1458 598 1510 tamen
620 1454 698 1511 ad
719 1470 789 1511 ea
816 1470 953 1527 qute
974 1455 1324 1528 praecedunt
1346 1455 1726 1512 referrentur.
1751 1455 1957 1526 Itaque
1979 1464 2052 1508 ex

394 1542 468 1599 iis
499 1559 636 1616 quae
666 1542 848 1616 paulo
879 1548 1018 1600 ante
1047 1544 1329 1615 leguntur
1366 1544 1566 1600 verbis
1604 1545 1736 1615 ejus
1766 1543 1880 1600 loci
1923 1558 2053 1598 sen-

394 1633 578 1689 tentia
615 1632 738 1706 peti
765 1633 964 1701 debet,
1000 1636 1085 1690 sic
1125 1640 1190 1691 ut
1219 1649 1338 1691 vox
1368 1636 1770 1709 ἐπονηρεύσατο,
1797 1649 1935 1708 quae
1962 1633 2054 1689 in-

393 1722 496 1780 itio
516 1724 751 1797 periodi
773 1726 1097 1807 superioris
1122 1727 1442 1795 invenitur,
1468 1727 1898 1784 subaudiatur:
1927 1725 2056 1798 qui-

2153 573 2298 612 usus
2325 565 2414 615 est
2442 575 2454 613 :
2482 576 2618 632 quae
2652 561 2699 616 si
2727 562 3032 634 quispiam
3053 563 3278 634 legerit,
3309 565 3502 634 magis
3523 578 3594 620 ac
3616 564 3810 634 magis

2149 647 2442 719 intelliget
2474 650 2758 707 Basilium
2789 653 2937 708 nihil
2965 653 3082 710 tale
3114 653 3359 720 dixisse,
3391 652 3571 726 quale
3601 653 3664 709 in
3693 653 3812 710 hac

2151 741 2443 795 concione
2491 742 2804 812 reperitur.
2866 746 3060 798 Unum
3109 744 3157 798 si
3205 743 3520 813 addidero,
3575 743 3810 816 reliqua

2151 830 2448 887 omittam.
2470 831 2680 886 Statim
2704 831 2878 901 igitur
2898 834 2979 889 ita
3007 832 3214 888 scribit
3233 835 3622 906 auctor(pag.
3647 838 3804 898 595):

2157 921 2307 972 Οὕτω
2353 925 2438 972 καὶ
2480 923 2504 972 ὁ
2556 919 2797 984 διάϐολος
2837 923 2887 974 ἐν
2931 933 2992 994 τῇ
3037 923 3192 975 εἰκόνι
3235 928 3293 975 τὸ
3323 927 3564 996 μισόθεον
3595 921 3804 987 ἔδειξεν,

2154 1006 2333 1068 ἐπειδὴ
2387 1017 2512 1064 Θεοῦ
2571 1013 2954 1085 προσάψασθαι
3008 1013 3098 1065 οὐκ
3148 1010 3388 1066 ἐδύνατο.
3435 1015 3613 1074 Οὑτως
3661 1016 3686 1065 ὁ
3737 1014 3807 1074 εἰς

2154 1103 2289 1173 ἡμᾶς
2352 1099 2572 1173 πόλεμος
2626 1098 2894 1165 ἀπόδειξιν
2943 1103 3056 1172 ἔχει
3105 1112 3196 1155 τοῦ
3246 1106 3506 1175 θεομάχον
3555 1111 3682 1156 εἶναι
3725 1106 3809 1154 τὸν

2153 1194 2395 1264 πονηρὸν,
2451 1197 2535 1242 καὶ
2601 1199 2802 1264 πρῶτον
2859 1192 3096 1264 πολεμεῖν
3153 1211 3225 1264 τῳ
3279 1199 3533 1266 Δεσπότῃ.
3592 1199 3808 1254 Ἰὴιῖνος

2155 1286 2442 1352 κατήγαγεν
2460 1280 2560 1332 ἀπὸ
2595 1281 2928 1354 Ἰερουσαλὴμ.
2954 1283 3024 1344 εἰς
3059 1281 3262 1355 Ἱεριχὼ
3288 1285 3373 1335 τόν
3394 1284 3679 1357 ἄνθρωπον,
3709 1283 3812 1334 ἀπὸ

2156 1378 2258 1422 τῶν
2282 1367 2496 1440 ὑψηλῶν
2521 1370 2607 1422 ἐπὶ
2636 1375 2698 1423 τὰ
2724 1371 2890 1423 κοῖλα·
2921 1371 3005 1424 ἐπὶ
3034 1376 3124 1444 μὶν
3153 1381 3247 1434 τῆς
3274 1373 3470 1445 ὀρεινῆς
3503 1376 3532 1430 ἡ
3569 1378 3810 1445 [apaudu-

2158 1460 2284 1532 λήμ,
2333 1463 2363 1517 ἡ
2410 1457 2468 1512 δὶ
2502 1461 2706 1534 Ἰτριχὼ
2750 1464 2888 1513 κάτω
2921 1462 2970 1513 ἐν
3000 1471 3062 1533 τῇ
3096 1461 3303 1535 ἁλμυρᾷ
3333 1461 3597 1534 θαλάσσῃ.
3644 1465 3704 1513 Εἰ
3733 1481 3811 1523 τις

2161 1552 2299 1622 ὑμῶν
2322 1547 2427 1602 εἶδε
2449 1553 2536 1601 ,ιόν
2566 1556 2741 1614 τόπον,
2765 1547 2877 1603 οἶδε
2901 1560 3001 1602 τῶν
3015 1551 3294 1623 λεγομένων
3319 1557 3410 1609 τὴν
3441 1550 3702 1614 ἀλήθειαν,
3733 1553 3814 1602 ὅτι

2165 1641 2368 1714 Ἰεριχὼ
2401 1642 2489 1712 μὲν
2517 1643 2629 1710 ἔχει
2659 1643 2723 1691 τὰ
2754 1639 2903 1703 κοῖλα
2931 1649 3026 1702 τῆς
3061 1640 3435 1704 Παλαιστίνης,
3474 1639 3813 1714 Ἰερουσαλὴμ.

2163 1726 2221 1782 δὲ
2247 1729 2333 1781 ἐπὶ
2365 1738 2457 1792 τῆς
2488 1738 2715 1801 κορυφῆς
2744 1730 3060 1804 ἐρήρεισται,
3095 1728 3365 1803 τὴνὸαραν
3393 1735 3697 1801 κατέχουσα.
3722 1736 3815 1781 τοῦ

395 1815 512 1871 bus
541 1813 732 1887 probe
757 1815 1091 1884 intellectis,
1137 1819 1530 1891 perspicuum
1569 1825 1661 1874 est
1698 1819 1881 1875 totius
1923 1819 2051 1889 ejus

2161 1824 2309 1893 ὅρους
2341 1828 2431 1872 τοῦ
2460 1818 2550 1872 διὰ
2575 1821 2749 1882 πάσης
2781 1820 2975 1881 ἐκείνης
2995 1828 3090 1882 τῆς
3116 1827 3295 1894 χώρας
3327 1823 3690 1880 ἀνεστηκότος.
3715 1820 3815 1874 Sic

394 1905 510 1963 loci
526 1906 682 1962 hanc
697 1922 828 1963 esse
849 1909 1238 1965 sententiam:
1260 1909 1548 1966 Diabolus
1562 1911 1831 1982 maligne
1855 1926 1915 1966 se
1933 1925 2055 1982 ges‘

398 1997 497 2064 sit,
515 2011 648 2052 cum
665 1997 815 2053 vidit
831 1999 1087 2055 multum
1111 1999 1341 2056 homini
1359 2001 1615 2071 afﬂuere
1629 2002 2024 2068 voluptatis...
2037 2040 2051 2054 .

397 2087 630 2143 Rursus
658 2102 719 2143 se
744 2090 1008 2158 maligne
1042 2091 1244 2160 gessit,
1279 2105 1410 2146 cum
1439 2092 1831 2148 consideravit
1869 2091 2052 2147 homi-

399 2189 552 2247 nem,
578 2181 784 2233 etcum
807 2179 952 2234 vidit
973 2180 1255 2251 exiguum
1274 2181 1380 2238 hoc
1396 2183 1627 2238 animal
1648 2195 1684 2236 a
1707 2183 1954 2237 Domino
1975 2181 2054 2238 ad

350 2263 354 2267 ’
399 2267 739 2336 angelorum
765 2270 1171 2340 aequalitatem
1194 2270 1500 2342 advocari,
1521 2276 1631 2327 etc.
1649 2274 1802 2340 Ergo
1822 2285 2054 2327 errave-

395 2361 539 2411 runt
565 2355 835 2429 quidem,
867 2359 972 2431 qui
1009 2358 1107 2416 hic
1136 2359 1366 2434 aliquid
1394 2376 1432 2417 a
1468 2358 1724 2417 librariis
1753 2361 2050 2419 omissum

398 2446 580 2505 fuisse
612 2447 882 2505 arbitrati
918 2453 1058 2505 sunt
1090 2466 1102 2505 :
1133 2451 1243 2507 sed
1269 2467 1372 2507 eos
1401 2451 1594 2507 multo
1623 2451 1824 2507 minus
1853 2465 2048 2524 repre-

396 2535 752 2594 hendendos
782 2554 915 2594 esse
947 2539 1176 2611 judico,
1210 2555 1398 2613 quam
1431 2541 1784 2612 scriptorem
1824 2541 2049 2613 ipsum,

397 2626 502 2698 qui
522 2627 690 2699 quod
708 2628 867 2685 male
886 2629 1125 2686 locutus
1156 2635 1262 2699 est,
1288 2631 1528 2687 errandi
1549 2632 1931 2688 occasionem
1953 2631 2051 2688 de-

396 2715 501 2771 dit.
523 2720 640 2773 Nec
657 2717 739 2774 ita
761 2718 951 2775 multo
971 2719 1127 2776 infra
1153 2735 1292 2775 cum
1309 2723 1516 2777 auctor
1535 2721 2052 2794 pantherarumin

393 2803 674 2863 homines
704 2807 914 2865 odium
946 2808 1284 2866 describere
1313 2809 1509 2878 vellet,
1549 2809 1644 2865 his
1673 2809 1871 2865 verbis
1903 2826 2049 2865 usus

396 2897 486 2949 est
505 2896 666 2967 (pag.
700 2897 856 2970 595):
891 2893 1046 2952 Εἶδον
1069 2898 1166 2970 ἐγὼ
1186 2901 1250 2951 τὰ
1277 2901 1754 2972 μισανθρωπὸτατα
1783 2907 1884 2951 τῶν
1910 2902 2050 2962 ζώων

397 2983 448 3036 ἐν
472 2991 580 3047 τοῖς
609 2983 845 3050 σταδίοις
870 2987 1138 3054 πολλάκις,
1174 2989 1202 3047 ἦ
1229 2985 1367 3042 εῖδον
1390 2990 1419 3048 ἦ
1445 2989 1650 3047 ἥκουσα
1810 2986 2048 3060 ἀσφαλὴς

395 3077 492 3148 γὰρ
513 3077 645 3128 ἔστω
663 3079 687 3127 o’
709 3076 877 3148 λόγος.
906 3078 1042 3134 Vidi
1054 3091 1158 3149 ego
1178 3091 1331 3148 sa’pe
1349 3079 1412 3134 in
1428 3080 1642 3135 stadiis
1662 3077 2050 3134 infestissima

2161 1911 2340 1966 etiam
2366 1911 2642 1967 diabolus
2669 1927 2843 1966 suum
2874 1912 2938 1966 in
2969 1912 3157 1966 Deum
3192 1910 3387 1966 odium
3423 1909 3718 1979 patefacit
3749 1910 3813 1964 in

2161 2000 2422 2070 imagine
2451 2015 2584 2056 cum
2615 2001 2792 2057 Deum
2819 2001 3116 2070 attingere
3143 2015 3264 2055 non
3292 2000 3619 2069 possit.Sic
3644 2013 3719 2055 ea:
3740 1999 3812 2053 il-

2165 2091 2287 2145 lato
2321 2090 2472 2146 bello
2507 2089 2690 2161 liquet
2719 2089 3053 2158 malignum
3075 2089 3249 2144 illum
3280 2089 3393 2144 Dei
3415 2087 3638 2142 hostem
3668 2102 3809 2153 esse,

2159 2196 2230 2236 ac
2263 2183 2529 2249 primum
2556 2181 2806 2235 Domino
2835 2181 2946 2250 ipsi
2976 2180 3197 2235 bellum
3228 2193 3454 2249 gerere.
3486 2180 3602 2234 Ille
3623 2178 3812 2233 homi-

2159 2285 2290 2326 nem
2317 2269 2393 2326 ab
2416 2270 2750 2326 Jerusalem
2782 2270 2844 2323 in
2881 2267 3125 2324 Jericho
3155 2268 3430 2336 abduxit,
3462 2267 3539 2323 ab
3567 2267 3709 2323 altis
3734 2265 3816 2321 ad

2158 2374 2326 2416 cava.
2350 2359 2651 2414 Nimirum
2673 2358 3009 2414 Jerusalem
3031 2358 3096 2412 in
3121 2363 3412 2413 montana
3432 2357 3676 2425 regione
3699 2357 3817 2411 sita

2159 2454 2243 2506 est
2290 2467 2302 2515 ;
2342 2447 2586 2504 Jericho
2621 2461 2758 2502 vero
2796 2448 2859 2503 in
2889 2447 3170 2516 depresso
3201 2460 3274 2501 ac
3305 2445 3526 2500 humili
3571 2446 3694 2500 loco
3737 2443 3818 2499 ad

2157 2540 2401 2595 Salsum
2449 2551 2632 2592 mare.
2665 2537 2731 2594 Si
2768 2536 2900 2608 quis
2941 2543 3207 2593 vestrum
3239 2535 3386 2590 vidit
3429 2537 3648 2600 locum,
3679 2547 3817 2589 vera

2158 2645 2280 2688 esse
2309 2629 2474 2685 novit
2506 2642 2642 2699 quae
2671 2628 2981 2695 dicuntur,
3011 2627 3247 2681 Jericho
3286 2625 3560 2681 videlicet
3599 2625 3662 2678 in
3702 2624 3818 2678 Pa.

2163 2720 2414 2776 la’slince
2453 2719 2614 2774 cavis
2675 2719 2891 2782 locari,
2929 2717 3266 2773 Jerusalem
3315 2729 3452 2771 vero
3487 2715 3550 2769 in
3589 2728 3816 2769 summo

2161 2812 2290 2866 loco
2319 2810 2500 2864 sitam
2531 2807 2911 2864 esse'montis
2951 2809 3100 2876 ejus,
3134 2808 3239 2877 qui
3275 2819 3387 2875 per
3427 2809 3613 2860 totam
3643 2804 3815 2859 illam

2158 2902 2461 2970 regionem
2510 2899 2794 2967 assurgit,
2865 2910 3152 2953 cacumen
3208 2901 3620 2964 occupantem.
3677 2893 3815 2948 Haec

2157 2990 2306 3046 dum
2346 2990 2628 3059 legerem,
2666 2985 2813 3042 mihi
2847 2985 2975 3042 visa
3020 2989 3162 3042 sunt
3201 3000 3325 3041 non
3359 2985 3506 3040 satis
3547 2983 3700 3038 inter
3749 2998 3813 3038 se

2157 3081 2477 3136 cohaerere.
2525 3078 2623 3134 Hic
2661 3077 2710 3132 si
2754 3090 2956 3131 sermo
2995 3079 3148 3132 esset
3174 3074 3251 3130 de
3282 3089 3489 3130 amore
3527 3073 3810 3146 proximi.

398 3161 625 3221 homini
645 3167 962 3237 animalia,
983 3173 1090 3224 aut
1111 3167 1253 3236 vidi,
1286 3173 1392 3224 aut
1423 3169 1634 3225 audivi
1665 3185 1678 3224 :
1710 3173 1876 3223 tutus
1897 3166 2051 3224 enim
2079 3170 2122 3226 C
2158 3169 2374 3225 faterer
2401 3166 2747 3239 exemplum
2776 3166 2908 3236 ejus
2930 3164 3214 3230 hominis,
3241 3163 3345 3237 qui
3376 3163 3457 3220 ab
3482 3162 3809 3219 Jerusalem

393 3254 469 3309 sit
491 3253 658 3311 nobis
678 3269 891 3312 sermo.
913 3255 1183 3312 Primum
1207 3257 1464 3330 scriptor
1482 3257 1562 3312 ait
1577 3256 1802 3312 vidisse
1825 3273 1915 3312 se:
1943 3255 2051 3312 sed

391 3343 570 3415 quasi
597 3344 883 3416 religione
912 3349 1130 3414 tactus,
1160 3346 1360 3403 statim
1388 3347 1559 3403 addit
1587 3362 1649 3403 se
1679 3351 1783 3403 aut
1809 3345 2048 3415 vidisse,

391 3439 500 3490 aut
527 3433 854 3491 audivisse.
889 3438 975 3491 Ita
1002 3440 1204 3491 autem
1233 3435 1419 3508 loqui,
1450 3436 1675 3492 utmihi
1698 3435 1944 3509 quidem
1968 3435 2050 3492 vi-

392 3519 586 3594 detur,
638 3521 769 3594 ejus
817 3528 924 3592 est,
970 3523 1077 3597 qui
1122 3523 1185 3580 in
1230 3525 1480 3598 privatis
1530 3541 1601 3582 ac
1650 3525 2050 3582 familiaribus

394 3609 711 3684 colloquiis
744 3615 982 3687 tempus
1006 3613 1276 3686 jucunde
1307 3619 1493 3671 terere
1524 3616 1708 3688 cupit,
1739 3630 1864 3672 non
1895 3617 2047 3686 ejus,

392 3699 499 3772 qui
528 3699 839 3773 publicam
865 3703 1221 3760 concionem
1253 3703 1332 3760 ad
1359 3704 1654 3778 populum
1675 3705 1878 3762 habet.
1904 3708 2052 3761 Pras-

391 3794 554 3847 terea
582 3792 685 3865 qui
721 3792 866 3850 dicit
891 3811 954 3850 se
994 3793 1222 3867 aliquid
1256 3809 1416 3867 saepe
1455 3794 1696 3858 vidisse,
1738 3793 2054 3867 quomodo

392 3879 590 3938 dicere
616 3888 832 3954 potest,
865 3899 928 3940 se
960 3887 1066 3940 aut
1090 3883 1339 3953 vidisse,
1381 3889 1485 3941 aut
1514 3885 1820 3941 audivisse
1851 3889 1879 3940 ?
1907 3888 2057 3941 Nam

391 3969 522 4025 ﬁeri
550 3975 752 4043 potest
780 3969 1029 4044 quidem
1055 3971 1410 4045 aliquando,
1439 3977 1505 4030 ut
1534 3973 1585 4029 si
1615 3989 1744 4030 rem
1787 3972 2059 4045 aliquam

392 4060 578 4116 semel
597 4061 948 4129 viderimus,
962 4059 1310 4120 dubitemus
1331 4068 1530 4120 utrum
1552 4080 1689 4121 eam
1705 4063 2060 4132 viderimus,

391 4166 471 4208 an
515 4150 958 4209 audiverimus:
993 4153 1100 4210 sed
1147 4154 1194 4209 si
1243 4170 1404 4227 saepe
1443 4155 1676 4228 aliquid
1705 4154 2058 4210 viderimus.

390 4241 592 4297 omnis
633 4247 693 4298 et
739 4241 1039 4300 dubitatio
1085 4249 1140 4300 et
1186 4243 1396 4315 religio
1434 4244 1677 4312 tollitur,
1712 4245 2060 4316 consciique

393 4345 607 4388 sumus
651 4333 849 4397 nobis,
891 4349 1003 4390 nos
1036 4334 1096 4390 id
1135 4334 1380 4390 vidisse.
1428 4336 1643 4391 Moneo
1689 4334 1910 4391 alicubi
1953 4334 2056 4406 (ὁ),

389 4422 550 4478 hanc
579 4422 818 4478 dicendi
857 4422 1206 4487 formulam,
1235 4439 1340 4495 ego
1371 4425 1519 4494 vidi,
1552 4440 1658 4496 ego
1684 4425 1845 4491 novi,
1878 4423 2057 4480 fami-

2157 3259 2215 3315 in
2261 3257 2498 3315 Jericho
2541 3255 2951 3312 descendebat
2980 3256 3024 3324 ⁵,
3057 3259 3196 3326 apte
3224 3257 3282 3308 et
3309 3253 3630 3309 commode
3661 3251 3811 3308 alla-

2157 3353 2288 3406 tum
2315 3349 2537 3404 fuisse:
2575 3347 2681 3403 sed
2712 3347 2828 3402 hoc
2856 3345 2990 3401 loco
3021 3343 3324 3416 ejusmodi
3353 3343 3700 3416 exemplum
3733 3344 3815 3400 ita

2157 3438 2572 3512 intempestive
2600 3436 2930 3493 adductum
2957 3437 3067 3503 est,
3099 3439 3164 3490 ut
3188 3435 3378 3491 oratio
3403 3448 3654 3506 prorsus
3691 3433 3815 3490 dis-

2159 3529 2354 3586 soluta
2385 3543 2516 3584 esse
2546 3526 2840 3582 videatur.
2877 3528 3041 3582 Certe
3071 3525 3119 3581 si
3149 3525 3304 3580 alius
3334 3523 3530 3596 quivis
3559 3523 3816 3580 idoneus

2161 3626 2371 3679 auctor
2394 3617 2622 3674 diaboli
2652 3617 2712 3673 in
2743 3619 2930 3672 Deum
2956 3619 3063 3671 aut
3086 3615 3148 3671 in
3172 3614 3452 3670 homines
3481 3613 3691 3669 odium
3717 3628 3816 3669 os-

2159 3709 2407 3768 tendere
2436 3706 2807 3769 instituisset,
2839 3705 2955 3761 hoc
2985 3702 3336 3776 exemplum
3369 3702 3635 3775 proferre
3665 3717 3817 3758 nun-

2162 3815 2350 3874 quam
2394 3797 2732 3867 cogitasset,
2777 3810 2918 3851 cum
2957 3799 3239 3851 sexcenta
3268 3794 3385 3850 sint
3413 3799 3471 3850 et
3502 3793 3820 3865 aptissima

2165 3895 2224 3946 et
2260 3887 2589 3953 notissima,
2621 3885 2847 3959 puibus
2885 3884 2965 3941 ad
2997 3884 3059 3940 id
3100 3882 3704 3940 commonstrandum
3733 3881 3820 3938 uti

2165 3980 2384 4037 liceret.
2421 3976 2740 4044 Quomodo
2771 3989 2915 4044 ergo
2943 3973 3192 4030 Basilius
3220 3973 3438 4030 horum
3467 3979 3678 4029 auctor
3700 3971 3819 4027 dici

2168 4070 2378 4126 merito
2409 4067 2618 4140 possit,
2649 4066 2757 4138 qui
2777 4080 2935 4120 unus
2959 4064 3233 4120 omnium
3259 4063 3320 4118 in
3340 4063 3498 4136 aptis
3525 4061 3818 4134 exemplis

2169 4157 2542 4233 proferendis
2574 4155 2956 4212 felicissimus
2977 4152 3161 4209 fuisse
3183 4155 3549 4226 comperitur
3568 4154 3595 4207 ?
3617 4157 3821 4208 Praete-

2167 4265 2270 4306 rea
2298 4266 2431 4322 quae
2464 4249 2821 4318 sequuntur,
2854 4244 3139 4299 nimirum
3181 4245 3518 4300 Jerasalem
3563 4246 3626 4299 in
3659 4259 3826 4299 mon-

2168 4346 2309 4396 tana
2336 4339 2575 4409 regione
2604 4337 2721 4391 sita
2751 4340 2835 4392 est
2864 4346 2884 4404 ,'
2915 4333 3154 4389 Jéricho
3187 4347 3325 4391 vero
3353 4335 3416 4388 in
3446 4339 3721 4404 deprcsso
3749 4349 3822 4390 ac

2167 4431 2385 4486 humili
2412 4431 2538 4485 loco
2567 4426 2648 4484 ad
2670 4425 2906 4482 Salsum
2927 4440 3096 4481 mare
3118 4438 3139 4494 ,°
3159 4426 3213 4480 si
3233 4426 3365 4496 quis
3388 4431 3645 4482 vestrum
3673 4426 3822 4480 vidit

389 4510 780 4568 liarissimam
822 4512 1008 4569 fuisse
1056 4513 1272 4571 Basilio
1311 4516 1547 4585 Magno,
1584 4513 1663 4570 ob
1706 4514 1890 4587 idque
1931 4529 2054 4570 non
2089 4523 2132 4578 ι)
2168 4523 2383 4587 locum,
2413 4518 2577 4574 novit
2612 4532 2753 4574 vera
2772 4531 2890 4572 esse
2909 4530 3040 4586 qua?
3059 4516 3373 4580 dicuntur,
3396 4520 3532 4577 etc.,
3556 4517 3820 4572 hominis

389 4600 568 4657 valde
587 4601 923 4658 admodum
940 4602 1175 4672 dubito,
1189 4604 1338 4676 quin
1357 4603 1643 4660 orationis
1663 4608 1892 4670 auctor,
1914 4620 2054 4660 cum

390 4690 473 4749 ita
501 4692 739 4748 locutus
769 4698 895 4750 est:
938 4693 1070 4749 Vidi
1099 4708 1206 4765 ego
1235 4709 1391 4763 sa’pe
1421 4695 1482 4750 in
1508 4693 1743 4763 stadiis,
1772 4699 1908 4762 etc.,
1950 4697 2055 4750 aut

394 4781 644 4838 Basilius
674 4783 828 4856 ipse,
876 4787 981 4840 aut
1017 4788 1175 4840 certe
1215 4784 1346 4855 ejus
1376 4783 1594 4856 aliquis
1632 4783 1896 4840 imitator
1934 4784 2055 4840 exi-

391 4871 550 4928 mius
581 4871 768 4929 videri
797 4873 1055 4929 voluerit
1087 4890 1100 4928 :
1128 4873 1233 4928 sed
1265 4889 1404 4929 cum
1434 4874 1516 4929 ita
1546 4871 1812 4930 futurum
1844 4889 2051 4946 spera-

390 4966 500 5031 ret,
528 4961 641 5018 sibi
670 4963 848 5018 nimis
878 4962 1327 5019 blandiebatur.
1362 4963 1595 5019 Nemini
1616 4963 1775 5020 enim
1805 4979 2052 5036 persua-

392 5049 518 5106 deri
551 5051 788 5124 poterit,
831 5053 1114 5108 Basilium
1159 5067 1298 5108 eum
1338 5052 1518 5110 fuisse
1548 5053 1669 5126 qui,
1705 5053 1930 5109 diceret
1966 5052 2050 5107 vi-

392 5138 560 5196 disse
592 5156 654 5196 se
693 5139 925 5213 aliquid
965 5157 1148 5214 saepe,
1181 5147 1240 5198 et
1264 5147 1465 5198 tamen
1495 5143 1693 5200 statim
1721 5142 2044 5211 dubitaret,

393 5241 473 5288 an
497 5225 558 5287 id
580 5216 856 5304 unquam
880 5231 1161 5290 vidisset:
1193 5232 1370 5290 velim
1401 5233 1590 5290 oculis
1613 5232 2052 5306 perlustrentur

466 5407 486 5449 ⁸
529 5413 667 5469 Luc.
690 5427 749 5483 χ,
783 5413 872 5470 30.

468 5540 554 5609 (a)
573 5538 927 5615 Emendatio
948 5539 1152 5615 obvia,
1181 5545 1268 5594 καὶ
1293 5539 1433 5596 εἶδον
1458 5546 1545 5595 καὶ
1573 5543 1796 5615 ἤκουσα,
1825 5550 1880 5601 et
1914 5545 2056 5615 vidi,

396 5615 451 5689 et
476 5611 685 5689 audivi
704 5613 858 5670 alios
887 5613 993 5684 qui
1045 5614 1326 5689 viderant
1358 5633 1370 5682 ;
1405 5618 1434 5672 ἡ
1465 5630 1579 5684 pro
1609 5619 1706 5689 κας
1727 5611 2062 5689 descriptor

395 5681 603 5756 legerit
628 5701 640 5752 ;
672 5697 860 5759 prona
890 5681 978 5742 est
1004 5686 1168 5742 enim
1198 5681 1514 5758 utriusque
1534 5685 1762 5744 voculae
1792 5687 1853 5745 in
1883 5681 2061 5745 codd.

2166 4615 2328 4676 sunt,
2361 4608 2466 4681 qui
2500 4623 2661 4664 vana
2691 4605 2848 4662 serio
2879 4605 3039 4667 dicit,
3072 4620 3196 4661 non
3229 4604 3568 4672 gravissimi
3616 4607 3822 4675 Patris,

2163 4699 2268 4772 qui.
2299 4697 2525 4771 ubique
2547 4694 3117 4753 convenientissima
3146 4707 3406 4765 quaeque
3428 4697 3484 4749 et
3505 4694 3823 4752 utilissima

2162 4788 2591 4942 ἀοῗξξοΑιιοῑοτ,
2624 4872 2906 4946 quisquis
2937 4875 3048 4941 est,
3082 4874 3186 4926 aut
3215 4869 3463 4927 Basilius
3489 4870 3618 4943 ipse
3639 4871 3826 4927 videri

2159 4966 2369 5032 voluit,
2403 4969 2508 5021 aut
2536 4967 2692 5019 certe
2724 4960 3057 5017 Basilianus
3097 4975 3228 5016 esse
3260 4959 3506 5016 studuit.
3534 4964 3682 5016 Nam
3719 4960 3821 5016 ali-

2157 5055 2411 5130 quando
2429 5053 2611 5111 verba
2627 5053 2780 5125 ipsa,
2796 5067 2954 5123 saepe
2973 5051 3294 5108 sententias
3311 5050 3389 5107 ab
3405 5065 3477 5107 eo
3493 5051 3824 5123 sumpsisse

2159 5144 2650 5218 deprehenditur.
2677 5144 2821 5208 Qure
2845 5157 2987 5209 ergo
3009 5141 3105 5196 hic
3127 5141 3286 5197 dicta
3317 5146 3454 5196 sunt
3476 5145 3579 5198 aut
3607 5141 3683 5196 de
3714 5141 3822 5205 ira,

2159 5241 2262 5294 aut
2293 5237 2368 5292 de
2399 5232 2649 5301 invidia,
2677 5237 2781 5290 aut
2811 5232 2885 5289 de
2912 5231 3188 5298 avaritia,
3211 5245 3334 5288 non
3357 5231 3603 5288 aliunde
3627 5231 3825 5302 magis

2171 5559 2315 5600 mss.
2348 5541 2736 5600 permutatio.
2772 5543 2924 5598 Emr.

2243 5615 2320 5686 (b)
2351 5615 2502 5686 Lege
2536 5629 2706 5671 num.
2738 5615 2827 5670 29.
