4092 6388
219 371 275 423 29
1699 361 1870 417 PRIEI

1980 361 2087 418 710.
2854 404 2857 407 -
3548 375 3618 431 30

219 492 619 568 sumpta.esse
648 491 905 557 constat,
933 503 1119 561 quam
1148 502 1181 542 e
1209 485 1403 542 Basilii
1431 485 1620 556 libris,
1650 484 1775 557 qui,
1797 488 1863 540 ut
1890 487 1937 539 Α
1968 485 2216 542 illorum
2238 493 2294 543 et
2313 491 2555 558 proprii
2571 495 2629 547 et
2648 493 3094 549 consuetioculi
3111 510 3231 551 non
3252 510 3617 566 cognoscun-

217 583 414 636 notum
463 582 572 646 est,
624 577 718 634 his
770 577 846 634 de
893 576 1052 634 vitiis
1096 575 1532 649 pulcherrimas
1560 574 1859 631 orationes

217 669 437 727 habuit.
468 668 596 725 Imo
610 668 791 726 etiam
808 668 857 723 si
878 667 1014 741 quis
1042 667 1359 738 diligenter
1378 666 1538 735 legat
1562 681 1697 721 eam
1722 679 1862 720 con-

214 760 459 827 cionem,
489 758 585 814 cui
618 758 823 815 titulus
852 761 943 813 est
976 775 989 813 :
1024 758 1193 826 Quod
1215 759 1369 813 Deus
1393 772 1512 811 non
1540 760 1625 811 est
1652 759 1865 811 auctor

215 848 522 911 malorum,
557 846 699 903 inde
736 861 982 920 quoque
1012 845 1242 919 aliquid
1284 859 1637 919 expressum
1682 842 1865 898 fuisse

215 941 507 1010 agnoscet.
538 941 727 1004 Nunc,
758 939 826 993 ut
855 950 928 992 ea
954 936 1029 991 de
1064 951 1127 991 re
1171 935 1510 991 existimare
1542 932 1760 1006 cuique
1799 928 1868 986 1i-

215 1027 672 1101 ceat,proferam
686 1025 892 1084 locum
916 1039 1132 1092 unum,
1153 1040 1227 1083 ex
1247 1038 1369 1099 quo
1382 1024 1457 1081 de
1476 1023 1704 1081 castoris
1727 1034 1868 1078 con-

209 1119 431 1191 jectura
476 1117 605 1174 ﬁeri
666 1116 882 1190 possit.
940 1119 1161 1171 Auctor
1214 1115 1395 1186 igitur
1457 1114 1543 1170 sic
1603 1112 1869 1185 loquitur

214 1210 362 1281 (pag.
414 1208 543 1278 589)
574 1226 587 1264 :
650 1208 766 1269 Πῶς
819 1205 1117 1279 ἀσχημονεί
1153 1210 1177 1257 ὁ
1211 1201 1461 1278 θυμώδης
1489 1223 1501 1269 ;
1536 1206 1868 1260 *Αποτίθεται

211 1302 263 1351 τό
312 1306 506 1371 σχῆμα
551 1302 612 1351 τὸ
684 1298 1022 1372 ἀνθρώπινον,
1087 1298 1270 1367 θηρίου
1357 1303 1549 1367 σχῆμα
1604 1293 1867 1367 μεταλαμ-

211 1387 359 1442 ϐάνει.
431 1389 703 1447 Ἐννόησον
777 1390 862 1440 τὸν
943 1389 1284 1460 θυμούμενον·
1345 1386 1581 1448 ὶπέζεσεν
1636 1383 1777 1455 αὐτῷ
1840 1385 1866 1436 ὁ

210 1480 361 1550 θυμὸς
419 1496 509 1530 και
559 1479 609 1531 οἱ
658 1476 918 1551 ὀφθαλμοὶ
989 1475 1393 1547 ὑπηλλοξγησανς
1471 1474 1565 1526 οὐκ
1630 1478 1771 1525 εισὶν
1818 1476 1867 1527 οἱ

206 1566 346 1620 αὐτοὶ
409 1565 691 1639 ὀφθαλμοί·
745 1573 849 1638 πῦρ
939 1564 1139 1637 βλέπει,
1210 1556 1498 1635 ἀνέδραμεν
1579 1561 1722 1633 αὐτῷ
1808 1565 1866 1614 τὸ

207 1656 348 1728 αἷμα,
394 1659 664 1730 περιέζεσε
710 1660 806 1714 τὴν
859 1651 1103 1728 καρδίαν,
1147 1650 1419 1729 ὑπέδραμε
1467 1654 1588 1715 τούς
1635 1660 1865 1724 χιτῶνας

209 1753 302 1798 τῶν
349 1744 643 1819 ὀφθαλμῶν,
704 1748 899 1817 εγενετο
966 1744 1192 1816 ὕφαιμος
1266 1749 1512 1817 ἐγχωριῖηι
1583 1760 1656 1815 τῳ
1712 1744 1867 1799 πάθει

1973 582 2096 644 tur,
2154 578 2439 647 eﬂ‘eratus
2470 585 2555 637 est
2584 588 2880 651 aspectus,
2904 588 3086 653 atque
3104 584 3241 654 igne
3247 588 3382 655 jam
3411 586 3614 641 micat.

1973 667 2127 735 Quin
2155 673 2210 723 et
2236 672 2641 738 grassantium
2673 687 2845 729 suum
2868 688 3033 729 more
3056 674 3258 730 dentes
3286 676 3471 731 acuit.
3502 676 3619 730 Fa-

1971 757 2087 813 cies
2115 768 2202 813 est
2225 759 2414 815 livida
2435 767 2487 816 et
2508 764 2805 832 sanguine
2824 764 3149 833 suffusa...
3173 763 3331 820 Nam
3351 767 3416 819 in
3442 762 3621 819 matis

1970 860 2193 917 pugnis
2224 849 2504 904 miserior
2532 856 2618 906 est
2644 852 2752 922 qui
2779 852 2988 908 vincit.
3018 854 3151 908 Haec
3184 856 3389 907 autem
3429 866 3501 907 eo
3531 864 3620 906 res

1974 934 2080 990 tuli
2096 936 2280 1008 paulo
2298 936 2510 1010 fusius,
2525 955 2599 995 ne
2619 941 2756 1013 quis
2772 942 3090 997 miraretur
3103 940 3271 1014 quod
3286 940 3414 996 hac
3429 938 3622 995 oratio

1974 1022 2126 1080 inter
2152 1040 2323 1083 veras
2345 1042 2417 1083 ac
2446 1042 2768 1098 germanas
2797 1030 2992 1086 Basilii
3016 1030 3319 1087 orationes
3338 1029 3402 1084 in
3423 1027 3621 1085 omnia

1973 1112 2092 1169 bus
2121 1114 2289 1171 libris
2307 1117 2507 1189 posita
2537 1119 2629 1174 sit.
2656 1121 2804 1175 Cum
2828 1119 2990 1176 enim
3010 1117 3625 1176 anidmadvertisscnt

1973 1204 2222 1272 librarii,
2257 1206 2452 1264 multa
2478 1206 2540 1263 in
2570 1220 2643 1264 ea
2680 1209 2947 1282 reperiri,
2982 1225 3121 1282 quae
3150 1208 3214 1265 in
3242 1206 3438 1265 Basilii
3476 1221 3623 1263 con-

1974 1296 2249 1353 cionibus
2267 1298 2690 1370 reperirentur,
2707 1299 2880 1356 facile
2896 1298 3144 1356 adducti
3159 1300 3328 1365 sunt;
3340 1301 3403 1353 ut
3422 1297 3622 1372 ipsam

1974 1386 2130 1443 inter
2158 1387 2424 1456 genuina
2453 1388 2614 1445 illius
2653 1390 2878 1464 scripta
2915 1390 3300 1447 collocarent.

1973 1477 2080 1544 §V.
2100 1477 2183 1534 De
2195 1477 2441 1535 homilia
2456 1481 2521 1535 in
2541 1479 2872 1537 humanam
2892 1480 3124 1537 Christi
3138 1479 3616 1551 generationem.

2051 1571 2135 1623 16.
2169 1567 2509 1642 Antequam
2538 1569 2915 1626 eruditorum
2952 1570 3029 1627 de
3053 1571 3169 1627 hac
3199 1569 3471 1626 oratione
3499 1567 3622 1642 opi-

1973 1655 2188 1712 niones
2209 1657 2561 1731 referamus,
2584 1659 2694 1715 abs
2713 1674 2778 1715 re
2796 1673 2922 1716 non
2947 1659 3055 1716 erit
3074 1660 3285 1732 paucis
3307 1657 3622 1726 adnotare,

1975 1760 2111 1818 quae
2138 1745 2316 1802 nobis
2343 1746 2406 1802 in
2427 1761 2500 1804 ea
2516 1748 2668 1804 scitu
2691 1746 2879 1819 digna
2897 1748 3030 1805 visa
3055 1752 3211 1817 sunt.
3231 1746 3496 1803 Primum
3518 1745 3627 1818 igi-

215 1835 489 1896 ηλλοίωσεν
540 1836 703 1889 αὐτοῦ
742 1839 864 1898 τοὺς
912 1832 1235 1907 ὀφθαλμούς.
1280 1834 1429 1907 Ἀνὴρ
1474 1830 1726 1907 θυμώδης
1774 1834 1867 1885 οὐκ

1980 1838 2073 1891 tur
2098 1835 2369 1908 scriptor,
2391 1837 2740 1911 quicunque
2770 1838 2866 1896 ille
2894 1838 3021 1903 fuit,
3046 1837 3269 1895 multas
3291 1836 3462 1893 affert
3488 1850 3628 1893 cau-

210 1925 510 2000 εὐσχὴμων.
575 1928 701 1978 Ἐὰν
758 1922 883 1998 ἲδῃς
941 1927 1030 1977 τόν
1091 1925 1415 2009 (ξᾳιούμενον
1471 1927 1593 1987 τοὺς
1648 1920 1868 1987 ὀδόντας

210 2017 594 2091 παραθήγοντα,
640 2014 965 2088 ἐνθυμήθητι
1010 2014 1093 2066 ὃτι
1139 2015 1228 2066 συὶ
1268 2015 1430 2066 ἔοικεν
1473 2014 1498 2064 ό
1538 2020 1866 2075 τοιοῦτος....

216 2107 299 2161 ἐὰν
355 2104 476 2180 ἰδης
518 2108 604 2159 τόν
656 2108 976 2179 θυμούμενον
1014 2108 1213 2178 πατρὸς
1256 2108 1347 2178 μὲν
1386 2103 1865 2177 ἐπιλανθανόμενον,

209 2193 341 2249 παιδ
344 2200 397 2259 ὸς
414 2193 450 2249 δ
452 2199 474 2248 ε
491 2194 777 2268 ἀγνοοῦντα
800 2203 1020 2268 σῶμα...
1032 2235 1045 2248 .
1069 2198 1156 2246 καὶ
1175 2197 1349 2266 γέγονε
1366 2202 1538 2246 κακῶν
1560 2193 1866 2266 φιλονεικία.

210 2285 264 2339 Ὀ
295 2283 353 2339 δί
383 2281 434 2338 ἓν
463 2293 637 2338 κακῶν
675 2284 920 2359 ἁμίλλαις
951 2292 1125 2353 νικῶν,
1184 2283 1332 2345 οὗτος
1363 2282 1675 2357 ἆθλὶώτερός
1706 2282 1865 2336 ἐστιν.

213 2376 510 2444 Quomodo
527 2376 880 2432 inhonestus
909 2381 1017 2444 est,
1039 2375 1148 2446 qui
1167 2373 1503 2430 iracundus
1530 2377 1661 2430 est?
1678 2373 1873 2430 Exuit

206 2466 477 2521 habitum
525 2466 886 2529 humanum,
951 2465 1283 2521 belluinum
1329 2464 1599 2521 habitum
1646 2464 1869 2520 induit.

208 2556 390 2625 Finge
419 2554 529 2612 tibi
550 2555 755 2611 animo
780 2555 1009 2611 iratum
1044 2567 1068 2625 ;
1099 2553 1368 2624 efferbuit
1399 2555 1465 2609 in
1493 2554 1621 2623 ipso
1659 2557 1776 2625 ira,
1817 2559 1873 2610 et

208 2645 373 2701 oculi
383 2646 606 2701 mutati
622 2649 792 2699 sunt:
813 2659 935 2700 non
955 2649 1104 2699 sunt
1123 2643 1300 2699 iidem
1319 2644 1498 2706 oculi,
1521 2644 1869 2713 ignescunt:

219 2735 490 2790 excurrit
510 2734 699 2802 ipsius
714 2733 985 2805 sanguis,
1009 2733 1236 2789 circum
1254 2744 1359 2789 cor
1377 2732 1611 2799 ebullit,
1636 2734 1873 2789 tunicas

216 2824 377 2879 subit
398 2824 714 2880 oculorum
739 2840 752 2878 :
784 2822 1160 2894 suffunditur
1182 2837 1481 2893 sanguine
1503 2839 1637 2880 cum
1666 2825 1872 2881 morbo

215 2913 548 2970 succumbit
578 2926 601 2984 ,°
628 2914 856 2970 atterat
897 2913 1101 2969 oculos
1129 2927 1286 2969 suos.
1332 2931 1364 2967 ‹
1406 2914 1511 2969 Vir
1537 2914 1872 2971 iracundus

217 3008 301 3059 est
320 3003 695 3060 inhonestus.
711 3022 742 3052 »
758 3001 827 3058 Si
839 3002 1059 3059 videris
1080 3003 1305 3058 iratum
1322 3002 1525 3062 dentes
1537 3009 1869 3072 acuentem,

219 3093 419 3161 cOgita
462 3092 761 3149 hominem
799 3091 1097 3161 ejusmodi
1121 3080 1272 3161 apro
1293 3092 1548 3149 similem
1578 3106 1788 3150 esse....
1820 3095 1876 3151 si

1978 1939 2097 1991 sas,
2130 1940 2237 1981 cur
2256 1928 2438 1984 Maria
2464 1925 2839 1999 desponsata
2864 1930 2942 1984 sit
2969 1929 3098 1985 viro
3128 1943 3142 1979 :
3167 1942 3343 2000 quas,
3372 1927 3421 1982 si
3440 1938 3628 1982 unam

1979 2015 2267 2087 excipias,
2287 2015 2362 2072 de
2377 2030 2502 2089 qua
2513 2016 2698 2089 paulo
2714 2023 2853 2090 post
2868 2018 3253 2075 commodius
3268 2017 3466 2074 dicam
3477 2054 3492 2081 ,
3510 2016 3628 2071 hoc

1977 2101 2112 2159 loco
2144 2105 2482 2161 exscribere
2517 2121 2641 2162 non
2680 2107 2928 2179 pigebit.
2970 2110 3035 2164 Et
3065 2107 3361 2181 quoniam
3384 2104 3634 2179 prastat

1975 2192 2146 2266 ipsos
2184 2199 2464 2251 auctores
2507 2195 2739 2265 audire,
2783 2196 2917 2269 ipsa
2955 2200 3160 2255 Graeca
3195 2196 3384 2254 verba
3410 2193 3631 2250 referre

1978 2283 2178 2340 statui.
2213 2285 2306 2341 Sic
2330 2285 2510 2353 igitur
2537 2285 2804 2358 loquitur
2833 2291 3000 2360 (pag.
3034 2290 3161 2356 598)
3194 2290 3335 2342 :Kot‘t
3356 2286 3627 2359 παρθένος,

1979 2379 2069 2425 καὶ
2100 2377 2522 2447 μεμνηπευμένη
2555 2372 2723 2450 ἀνδρὶ,
2767 2373 3044 2436 ἐπιτηδεία
3081 2380 3210 2450 πρὸς
3238 2380 3333 2434 τὴν
3363 2383 3457 2437 τῆς
3496 2373 3632 2426 οἰκο-

1980 2468 2164 2536 νομίας
2191 2460 2459 2517 διακονὶαν
2488 2464 2693 2539 ἐκρίθη,
2736 2465 2820 2518 ἳνα
2843 2472 2932 2519 καὶ
2954 2469 2986 2525 ἡ
3015 2469 3267 2541 παρθενία
3295 2466 3513 2539 τιμηθῇ,
3542 2466 3633 2515 καὶ

1981 2554 2006 2605 ὁ
2030 2556 2195 2627 ’γάμος
2227 2559 2298 2626 μὴ
2333 2555 2615 2630 φαυλισθῇ·
2653 2557 2715 2609 Ἠ
2736 2558 2989 2630 παρθενία
3020 2559 3109 2630 μὶν
3139 2558 3237 2629 γὰρ
3263 2557 3331 2617 ὡς
3358 2550 3634 2611 ἐπιτηδεία

1978 2648 2108 2718 πρὸς
2140 2645 2397 2719 ἁγιασμόν
2428 2646 2651 2720 ἐξελέγη·
2688 2646 2778 2701 διὰ
2820 2644 2879 2702 δὲ
2917 2656 3011 2710 τῆς
3051 2649 3336 2720 μνηστείας
3377 2647 3434 2697 αἱ
3463 2642 3633 2718 ἁρχαὶ

1980 2741 2071 2786 τοῦ
2110 2738 2281 2808 γάμου
2325 2736 2862 2812 συμπαρελὴφθησαν·
2901 2739 3032 2810 ὁμοῦ
3073 2733 3132 2789 δὲ
3168 2736 3251 2788 ἵνα
3291 2738 3381 2787 καὶ
3432 2736 3633 2807 μάρτυς

1979 2825 2162 2889 οἰκεῖος
2211 2824 2241 2900 ᾖ
2288 2836 2383 2890 τῆς
2430 2831 2785 2901 καθαρότητος
2834 2833 3040 2904 Μαρίας
3092 2828 3119 2879 ό
3169 2827 3381 2898 Ἰωσὴφ,
3423 2828 3513 2876 καὶ
3558 2828 3630 2896 μὴ

1977 2911 2190 2978 ἔκδοτος
2220 2919 2296 2975 εἴη
2340 2923 2446 2980 τοῖς
2477 2920 2823 2990 συκοφάνταις
2853 2919 2920 2980 ὡς
2950 2921 3044 2976 τὴν
3071 2919 3350 2990 παρθενίαν
3389 2912 3636 2989 βεβηλώ-

1981 3018 2141 3070 σασα,
2184 3014 2462 3079 μνηστῆρα
2501 3004 2614 3079 εἶχε
2660 3014 2752 3060 τοῦ
2793 3007 2918 3081 βίου
2959 3006 3180 3080 φύλακα.
3227 3007 3303 3061 Et
3341 3006 3536 3075 virgo,
3576 3007 3634 3059 et

1980 3094 2111 3151 viro
2148 3094 2530 3164 desponsata,
2575 3097 2782 3153 habita
2819 3102 2903 3154 est
2940 3096 3158 3153 idonea
3186 3095 3269 3151 ad
3299 3093 3481 3165 hujus
3512 3091 3628 3147 dis-

220 3180 436 3238 videris
458 3182 683 3238 iratum
704 3181 903 3252 patris
928 3180 1528 3247 obliviscentem,non
1550 3194 1864 3253 agnoscen-
1901 3198 1943 3255 ο
1970 3185 2343 3254 pensationis
2379 3182 2803 3256 ministerium,
2854 3191 2920 3242 ut
2963 3190 3018 3243 et
3050 3184 3377 3255 virginitas
3413 3179 3634 3239 honori

222 3276 338 3349 tem
371 3282 590 3341 corpus
631 3271 819 3340 ﬁlii..,
859 3272 1062 3343 sicque
1099 3272 1398 3327 malorum
1439 3272 1510 3341 ﬁt
1550 3276 1871 3331 contentio.

221 3360 337 3427 Qui
363 3365 560 3418 autem
589 3362 776 3417 vincit
793 3360 858 3417 in
884 3361 1186 3418 malorum
1218 3363 1568 3428 certamine,
1600 3363 1650 3419 is
1679 3366 1874 3435 magis

216 3451 400 3507 miser
444 3455 550 3507 est.
595 3448 790 3505 Basilii
833 3453 1037 3506 autem
1085 3449 1271 3506 verba
1324 3453 1465 3507 sunt
1528 3451 1659 3507 haec
1709 3454 1871 3523 (pag.

217 3542 313 3606 83,
359 3542 417 3595 et
447 3541 515 3595 84-
544 3542 603 3595 et
632 3540 790 3610 seq.)
823 3550 837 3591 :
870 3540 965 3590 Διὰ
1003 3545 1186 3591 τοῦτον
1230 3536 1443 3610 ἀδελφοὶ
1482 3543 1574 3612 μὲν
1621 3539 1873 3604 ἀλλήλους

216 3630 507 3702 ἠγνόησαν·
535 3636 700 3700 γονεῖς
733 3625 793 3681 δὲ
822 3632 911 3680 καὶ
938 3631 1091 3680 τέκνα
1119 3634 1214 3689 τῆς
1243 3631 1440 3692 ζὺσεως
1473 3628 1872 3686 inhiberi-0....

213 3730 303 3779 καὶ
349 3731 489 3788 τίνος
548 3724 675 3797 οὐχὶ
725 3723 938 3778 ἰοϐόλων
994 3722 1364 3800 ἀναιδέστερον
1416 3726 1758 3801 ἐφορμῶν-τες,
1814 3727 1907 3779 οὒς

212 3821 468 3891 πρότερον
517 3814 762 3868 ἱστανται
804 3814 925 3888 πρὶν
974 3817 1005 3873 ἢ
1050 3812 1142 3868 διὰ
1187 3814 1414 3888 μεγάλου
1458 3820 1547 3867 καὶ
1588 3814 1875 3875 ἀνηκέστου

212 3910 447 3963 κακοῦ...
502 3901 824 3978 διαπνευσθῇ
866 3908 922 3958 τό
959 3903 1335 3978 φλεγμαῖνον...
1385 3905 1737 3979 Ὀρεογομένοις
1775 3907 1875 3983 γᾶρ

212 3999 312 4060 τῆς
339 3995 747 4060 ἀντιλυπήσεως,
778 3997 984 4070 περιξεῖ
1005 3997 1095 4068 μὲν
1115 4000 1179 4068 τῇ
1211 3991 1410 4069 καρδίᾳ
1434 3999 1491 4047 τὸ
1520 3991 1670 4069 αἷμα,
1700 3994 1876 4070 ὥσπερ

213 4085 318 4160 βίᾳ
335 4090 500 4159 πυρὸς
515 4090 804 4159 κυκώμενον
820 4089 910 4136 καὶ
931 4082 1224 4157 παφλάζον·
1241 4088 1368 4158 πρός
1394 4080 1453 4136 δε
1470 4084 1876 4158 τὴνῢέπιφάνειαν

213 4174 528 4241 ἓξανθῆσαν,
578 4171 628 4226 ἓν
674 4172 802 4247 ἄλλῃ
850 4180 1020 4249 μορφῇ
1057 4177 1145 4226 τὸν
1182 4172 1511 4247 ὀργιζόμενον
1556 4169 1739 4237 ἔδειξεο
1783 4179 1876 4232 τὴν

214 4267 420 4323 συνήθη
460 4269 594 4315 πᾶσι
636 4267 726 4315 καὶ
766 4268 1051 4336 γνωρίμην,
1101 4262 1275 4336 ὥσπερ
1324 4281 1375 4315 τι
1417 4271 1741 4335 προσωπεῖον
1788 4264 1875 4317 ἐπὶ

213 4360 437 4419 σκηνῆς,
470 4352 788 4415 ὐπαλλοῖξαν.
825 4351 1112 4425 Ὀφθαλμοὶ
1144 4354 1232 4425 μὲν
1262 4355 1360 4427 ’γὰρ
1382 4355 1595 4415 ἐκείνοις
1621 4355 1669 4406 οἱ
1690 4358 1874 4408 οὶκεῖοί

212 4464 272 4497 τε
319 4448 407 4497 καὶ
441 4444 682 4504 συνήθεις
711 4442 1011 4514 ὴγνόηνται,
1053 4445 1352 4516 παρὴφορον
1393 4439 1451 4495 δὲ
1486 4447 1544 4495 τὸ
1576 4447 1738 4516 ὄμμα,
1781 4449 1871 4497 καὶ

1982 3280 2147 3343 esset,
2180 3280 2235 3332 et
2262 3277 2718 3333 matrimonium
2749 3292 2872 3333 non
2899 3279 3400 3334 contemneretur.
3439 3271 3633 3342 Virgi-

1981 3365 2141 3421 nitas
2166 3366 2323 3423 enim
2348 3370 2417 3422 ut
2445 3366 2528 3422 ad
2553 3367 3013 3423 sanctimoniam
3043 3371 3210 3435 apta,
3241 3361 3463 3419 selecto
3493 3362 3583 3418 est
3613 3376 3630 3417 :

1979 3468 2089 3523 per
2115 3453 2633 3524 desponsationem
2662 3468 2802 3512 vero
2835 3453 3264 3524 comprehensa
3287 3453 3429 3508 sunt
3456 3449 3636 3506 initia

1981 3545 2356 3612 nuptiarum.
2400 3546 2599 3601 Simul
2641 3550 2864 3611 autem,
2904 3549 2971 3599 ut
3003 3548 3057 3600 et
3084 3542 3309 3612 Joseph
3346 3537 3634 3611 puritatis

1980 3631 2198 3689 Mariae
2238 3636 2386 3688 esset
2417 3635 2579 3690 testis
2618 3634 2996 3700 domesticus,
3028 3636 3085 3689 et
3123 3642 3198 3687 ne
3235 3628 3635 3686 calumniato-

1982 3721 2149 3776 ribus
2185 3716 2347 3792 foret
2386 3721 2668 3785 obnoxia,
2702 3723 2874 3794 quasi
2900 3721 3314 3792 virginitatem
3344 3716 3631 3774 contami-

1981 3815 2219 3879 nasset;
2264 3825 2548 3881 sponsum
2579 3811 2837 3869 habebat
2867 3811 3005 3868 vitae
3040 3809 3361 3867 custodem.
3394 3809 3511 3862 Nec
3547 3803 3634 3861 ita

1983 3898 2176 3956 multo
2224 3899 2402 3972 infra,
2442 3900 2678 3975 antiqui
2724 3900 3050 3973 cujusdam
3090 3897 3452 3956 sententiam
3489 3908 3632 3968 pro-

1981 4000 2238 4062 ponens,
2286 3989 2448 4046 idem
2491 3995 2701 4048 auctor
2740 3990 2826 4046 sic
2871 3988 3379 4063 scribitz‘Etpm-m
3426 3984 3485 4038 δὲ
3530 3992 3634 4037 τῶν

1981 4077 2215 4131 παλαιῶν
2253 4098 2354 4132 τινι
2391 4084 2481 4132 καὶ
2521 4080 2689 4156 ἱτερος
2722 4080 2893 4155 λόγος,
2928 4081 3009 4133 ὅτι
3046 4080 3173 4153 ὑπὲρ
3206 4085 3301 4132 τοῦ
3337 4075 3509 4130 λαθεῖν
3546 4076 3635 4127 τὸν

1982 4170 2222 4243 ἄρχοντα
2250 4176 2342 4222 τοῦ
2371 4170 2554 4234 αἰῶνος
2584 4173 2771 4224 τούτου
2810 4175 2903 4229 τὴν
2931 4172 3210 4244 παρθενίαν
3250 4174 3344 4230 τῆς
3367 4169 3574 4239 Μαρίας
3599 4167 3629 4223 ἡ

1982 4267 2074 4314 τοῦ
2109 4261 2296 4333 Ἰωσὴφ
2328 4260 2578 4320 ἐπενοήθη
2606 4265 2880 4335 μνηστεία.
2906 4262 3119 4317 Allata
3141 4264 3301 4316 estet
3324 4257 3452 4313 alia
3475 4258 3635 4312 ratio

1983 4365 2019 4407 a
2040 4351 2298 4421 quodam
2325 4364 2400 4407 εει·
2419 4351 2706 4424 antiquis,
2730 4351 3008 4408 videlicet
3028 4349 3432 4419 excogitatam
3447 4345 3637 4414 fuisse

1981 4441 2223 4511 Josephi
2277 4440 2819 4512 desponsationem,
2890 4446 2957 4495 ut
3015 4439 3235 4495 Maria?
3306 4434 3636 4506 virginitas

206 4541 319 4608 πῦρ
368 4529 473 4592 ἤδη
523 4531 720 4605 βλεπει,
763 4535 851 4583 καὶ
905 4533 1195 4605 παραθήγει
1238 4535 1325 4583 τὸν
1364 4528 1555 4585 ὀδόντα
1601 4536 1736 4586 κατὰ
1774 4540 1870 4586 τῶν

1989 4532 2201 4590 lateret
2231 4532 2409 4602 hujus
2446 4531 2663 4588 mundi
2680 4530 3031 4601 principem.
3069 4528 3177 4584 Vix
3214 4531 3419 4585 autem
3454 4523 3636 4616 dubi-

209 4630 355 4678 συών
406 4626 525 4685 τοὺς
579 4624 738 4695 ὁμόσε
785 4627 1110 4694 χωροῦντας.
1146 4624 1429 4696 Πρόσωπον
1484 4619 1724 4676 πελιδνόν
1781 4628 1872 4676 καὶ

206 4714 506 4786 ὒφαιμον...
562 4711 612 4765 ἐν
673 4714 772 4785 γὰρ
831 4709 1075 4784 ἁμίλλαις
1131 4716 1404 4785 πονηραῖς,
1476 4710 1784 4786 ἀθλιώτερος
1847 4716 1872 4764 ὀ

205 4810 454 4866 νικήσας.
479 4803 602 4860 Per
628 4804 784 4859 iram
809 4802 1042 4872 fratres
1081 4816 1142 4858 se
1168 4803 1422 4859 invicem
1461 4803 1825 4873 ignoravere
1856 4821 1871 4859 :

202 4898 495 4965 parentes
541 4906 776 4965 quoque
827 4898 881 4949 et
942 4892 1118 4949 liberi
1146 4897 1390 4949 naturae
1439 4893 1615 4951 obliti
1661 4900 1872 4952 sunt...

203 5001 284 5042 ac
321 4984 725 5057 impudentius
746 4987 1040 5040 venenata
1078 4984 1291 5055 quavis
1327 4983 1511 5040 bestia
1548 4987 1869 5051 irruentes,

203 5092 336 5132 non
372 5076 549 5145 prius
585 5074 883 5131 desistunt
926 5088 1106 5146 quam
1156 5075 1551 5144 inﬂammatio
1592 5090 1703 5144 per
1748 5090 1872 5133 ma-

199 5181 400 5238 gnam
437 5163 1047 5236 immedicabilemque
1076 5163 1433 5234 perniciem.
1457 5207 1468 5219 .
1493 5206 1541 5219 ..
1592 5165 1873 5223 discutia-

201 5260 416 5311 tur...
456 5255 617 5311 Nam
648 5254 813 5309 circa
853 5268 958 5309 cor
997 5252 1238 5325 quidem
1278 5253 1343 5308 in
1383 5254 1455 5308 iis
1499 5254 1606 5326 qui
1641 5255 1871 5312 vindic-

196 5351 336 5404 tam
397 5344 713 5408 anhelant,
783 5343 1114 5414 e/fervescit
1179 5344 1457 5415 sanguis,
1527 5348 1738 5414 utpote
1810 5346 1875 5402 vi

198 5437 371 5509 ignis
451 5434 797 5506 exagitatus
865 5447 937 5490 ac
1005 5438 1272 5491 aestuans
1332 5449 1345 5484 :
1426 5435 1490 5490 in
1554 5437 1870 5505 superﬁcie

195 5531 413 5584 autem
466 5523 866 5593 efﬂorescens,
937 5524 1300 5581 irascentem
1353 5524 1420 5580 in
1477 5524 1607 5581 alia
1659 5525 1868 5594 forma

197 5614 491 5679 ostendit,
543 5616 884 5670 consuetam
939 5617 994 5668 et
1037 5617 1243 5670 notam
1282 5612 1554 5670 omnibus
1598 5616 1866 5685 formam

198 5708 504 5777 tanquam
548 5717 869 5775 personam
915 5702 980 5759 in
1029 5714 1208 5761 scena
1258 5709 1652 5763 commutans.
1706 5704 1865 5763 Nam

1986 4622 2099 4680 tari
2129 4627 2345 4696 potest,
2373 4620 2522 4695 quin
2560 4619 2794 4693 antiqui
2825 4618 3072 4677 nomine
3102 4616 3529 4688 intelligendus
3560 4614 3638 4673 sit

1985 4718 2218 4785 martyr
2240 4711 2528 4785 Ignatius,
2558 4711 2731 4783 cujus
2751 4711 2880 4766 hsec
2907 4711 3050 4765 sunt
3069 4707 3253 4765 verba
3277 4707 3339 4763 in
3357 4705 3637 4776 Epistola

1985 4803 2066 4859 ad
2110 4802 2428 4873 Ephesios:
2484 4802 2542 4853 Ὀ
2584 4803 2684 4876 ’γὰρ
2738 4803 2869 4863 Θεὸς
2903 4804 3049 4873 ἡμῶν
3100 4798 3304 4859 Ἰησοῦς
3344 4797 3369 4848 ὀ
3404 4797 3636 4870 Χριστὸς

1984 4892 2306 4966 ἐκυοφορὴθη
2348 4893 2449 4944 ὑπὸ
2478 4893 2687 4965 Μαρίας
2716 4890 2833 4943 κατ’
2862 4890 3159 4963 οἰκονομίαν
3188 4894 3344 4953 Θεοῦ,
3387 4888 3443 4939 ἐκ
3481 4884 3638 4958 σπὲρ-

1983 5002 2145 5056 ματος
2177 4985 2268 5056 μὲν
2299 4978 2481 5046 Δαϐὶδ,
2516 4984 2814 5054 ῐινεύματος
2847 4974 2906 5033 δε
2936 4980 3177 5052 ἁγίου....
3214 4982 3317 5031 Καὶ
3346 4975 3519 5030 ἔλαθεν
3549 4979 3637 5029 τόν

1982 5074 2221 5147 ἄρχοντα
2263 5072 2354 5124 τοῦ
2387 5071 2571 5132 αἰῶνος
2609 5072 2797 5122 τούτου
2842 5072 2872 5128 ἡ
2921 5070 3174 5143 παρθενία
3216 5069 3446 5142 Μαρίας,
3487 5069 3575 5118 καὶ
3610 5065 3638 5120 ό

1982 5165 2190 5224 τοκετὸς
2226 5161 2409 5225 αὐτῆς,
2445 5161 2638 5233 ὁμοίως
2677 5163 2765 5212 καὶ
2797 5160 2822 5211 ό
2868 5161 3085 5220 θάνατος
3114 5164 3210 5236 τοῦ.
3235 5160 3450 5232 Κυρίου.
3478 5157 3638 5213 Deus

1982 5254 2137 5311 enim
2200 5256 2403 5308 noster
2454 5250 2625 5306 Jesus
2700 5248 2979 5306 Christus
3038 5252 3358 5317 conceptus
3407 5249 3493 5302 est
3559 5257 3636 5302 ea:

1979 5344 2208 5412 Maria,
2247 5340 2576 5397 secundum
2614 5339 3117 5409 dispensationem
3155 5337 3270 5394 Dei
3303 5351 3380 5394 ea:
3416 5336 3639 5397 semine

1980 5433 2222 5506 quidem
2250 5431 2471 5499 David,
2502 5431 2737 5502 Spiritu
2767 5435 2968 5487 autem
3004 5433 3309 5486 sancta...
3341 5426 3420 5483 Et
3449 5426 3634 5483 latuit

1974 5523 2314 5595 principem
2342 5521 2555 5578 swculi
2590 5518 3124 5591 hujus'virginitas
3151 5516 3394 5585 Mariae,
3413 5520 3470 5572 et
3494 5528 3637 5586 par-

1980 5621 2074 5671 tus
2120 5614 2326 5684 ipsius,
2377 5612 2608 5668 similer
2658 5616 2712 5667 et
2765 5625 2924 5667 mors
2978 5608 3243 5664 Domini.
3296 5606 3407 5663 Ubi
3458 5606 3639 5678 quasi

1974 5702 2318 5781 praeteriens
2348 5700 2633 5774 monebo,
2652 5699 2976 5773 deceptum
2994 5694 3183 5755 videri
3215 5694 3637 5755 doctissimum
