4092 6410
441 375 501 426 31
1944 357 2318 415 PB/EFATIO
3777 363 3842 416 32

438 493 634 546 virum
680 488 1155 556 Tillemontium,
1197 503 1337 544 cum
1382 487 1618 560 scripsit
1659 488 1737 558 (α)
1773 487 2091 554 Origenem

2201 491 2294 544 τῆς
2314 487 2592 558 παρθενίας
2619 486 2674 538 ἐκ
2699 493 2793 548 τῆς
2821 490 3104 558 μνηστείας
3126 485 3570 558 παραϐλαςείσης.
3601 486 3845 541 Possum

436 580 495 636 in
525 580 639 635 hac
672 577 919 634 homilia
950 576 1198 632 nomine
1219 577 1540 648 cujusdam
1560 576 1794 648 antiqui
1819 573 2088 630 indicari.

440 672 590 724 Nam
612 667 859 736 intelligi
893 667 1112 722 debere
1143 671 1475 738 martyrem
1509 667 1829 735 lgnatium,
1861 681 1932 720 ex
1964 677 2094 732 gra-

441 757 694 812 vissimo
729 761 971 812 auctore
991 755 1357 826 Hieronymo
1375 755 1721 810 conﬁrmari
1750 757 1969 826 potest:
1988 750 2093 822 qui

440 863 581 902 cum
606 846 871 918 primum
893 848 1075 916 caput
1093 844 1356 899 Matthaai
1382 844 1872 916 interpretaretur
1893 842 1988 907 (b),
2014 841 2094 896 ita

445 935 722 1008 scripsit:
746 937 992 1005 Martyr
1023 934 1300 1004 Ignatius
1337 935 1515 990 etiam
1543 940 1825 1005 quartam
1856 930 2095 987 addidit

439 1041 702 1092 causam,
731 1041 842 1081 cur
861 1040 897 1081 a
914 1025 1275 1094 desponsata
1299 1031 1615 1094 conceptus
1637 1025 1748 1094 sit;
1769 1029 1832 1078 ut
1851 1027 2090 1090 partus,

437 1115 731 1186 inquiens,
748 1116 874 1184 ejus
891 1115 1195 1170 celaretur
1207 1113 1468 1182 diabolo,
1485 1114 1626 1168 dum
1640 1128 1769 1169 eum
1786 1119 1962 1181 putat
1975 1127 2093 1168 non

439 1205 512 1260 de
530 1205 784 1273 virgine,
806 1204 908 1259 sed
927 1204 1001 1259 de
1020 1219 1212 1260 uxore
1231 1210 1606 1274 generatum.
1639 1205 1754 1258 Nec
1771 1201 2090 1270 indignum

438 1297 584 1364 puto
605 1291 773 1364 quod
797 1293 1184 1363 notetur,duo
1213 1292 1500 1364 mysteria
1529 1291 1673 1346 olim
1702 1305 1823 1346 uno
1849 1291 2090 1346 eodem-

438 1397 556 1453 que
572 1381 668 1436 die
690 1381 872 1437 fuisse
893 1381 1215 1449 celebrata,
1233 1386 1432 1437 ortum
1456 1380 1688 1435 Domini
1711 1385 1768 1436 et
1784 1382 2090 1449 Magorum

439 1471 879 1529 adorationem.
920 1475 1142 1526 Auctor
1171 1471 1333 1526 enim
1369 1470 1492 1526 duo
1536 1471 1665 1526 haec
1695 1469 1981 1541 mysteria
2009 1470 2091 1525 ita

438 1559 682 1632 exponit
709 1575 778 1615 ac
809 1559 1142 1630 conjungit,
1168 1564 1232 1615 ut
1261 1560 1592 1615 obscurum
1619 1574 1742 1614 non
1773 1561 1846 1614 sit
1865 1563 2092 1614 utrum-

435 1665 554 1720 que
583 1647 698 1703 illis
724 1647 1098 1720 temporibus
1127 1648 1308 1705 simul
1334 1648 1702 1704 celebratum
1726 1648 1932 1704 fuisse.
1957 1651 2095 1704 Erat

438 1741 641 1793 autem
680 1737 1063 1811 nomen_diei
1095 1739 1271 1806 festo,
1309 1737 1719 1807 Theophania.
1753 1740 1900 1794 Cum
1931 1737 2092 1793 enim

437 1829 649 1882 auctor
663 1826 792 1896 jam
813 1826 1068 1882 orationi
1089 1843 1212 1882 suae
1237 1827 1426 1882 ﬁnem
1448 1827 1756 1898 imponere
1783 1827 2090 1895 cogitaret,
2122 1837 2161 1890 Β

441 1914 528 1969 sic
560 1914 828 1986 loquitur
871 1917 1029 1986 (pag.
1065 1919 1192 1987 60?)
1224 1935 1236 1972 :
1281 1916 1618 1987 Φθεγξώμεθά
1655 1935 1770 1967 τινα
1810 1921 1898 1967 καὶ
1944 1917 2091 1987 ἡμεῖς

440 2007 608 2075 φωνὴν
667 2002 1039 2073 ἀγαλλιάσεως.
1109 2009 1268 2077 ὄνομα
1329 2007 1534 2076 θώμεθα
1591 2013 1653 2076 τῇ
1717 2004 1864 2077 ἑορτῇ
1925 2008 2090 2076 ἡμῶν,

439 2095 714 2163 Θεοφάνιοι.
745 2093 1127 2164 Eloquamur
1147 2100 1204 2150 et
1232 2110 1340 2150 nos
1367 2109 1564 2150 vocem
1598 2094 1869 2165 aliquam
1898 2095 2092 2150 exsul-

439 2181 683 2236 tationis
722 2197 734 2234 :
777 2183 996 2250 festum
1052 2188 1326 2238 nostrum
1366 2184 1736 2251 appellemus
1789 2181 2096 2250 Theopha-

435 2271 620 2337 niam,
656 2272 741 2336 Et,
769 2271 1018 2342 quando
1040 2271 1180 2326 talia
1201 2271 1480 2341 colligere
1506 2272 1676 2342 caepi,
1701 2270 1926 2327 addam
1948 2270 2094 2326 illud

437 2374 706 2432 quoque.
741 2360 1037 2430 virginem
1065 2363 1312 2418 Mariam
1342 2363 1681 2417 Theotocon
1710 2360 2022 2432 appellari.

514 2452 596 2502 17.
628 2449 763 2503 Jam
795 2465 964 2504 more
994 2456 1200 2506 nostro
1230 2450 1610 2522 disputemus
1633 2449 1850 2506 merito
1880 2465 1957 2505 an
1987 2449 2096 2504 im-

438 2536 650 2592 merito
687 2536 817 2592 hiec
861 2539 1054 2595 oratio
1085 2539 1384 2596 tribuatur
1417 2539 1650 2595 Basilio.
1695 2537 2096 2594 Eruditissimi

437 2625 547 2680 viri
588 2626 992 2683 Combefisius
1023 2633 1080 2684 et
1119 2630 1389 2701 Dupinus
1424 2644 1500 2684 ne
1537 2628 1818 2683 videntur
1846 2626 2096 2700 quidem

434 2714 595 2770 hanc
624 2716 961 2772 orationem
987 2724 1334 2789 suspectam
1355 2717 1666 2773 habuisse.
1691 2716 2098 2772 Tillemontius

435 2821 596 2870 vero,
638 2805 726 2861 vir
763 2807 1059 2864 acerrimo
1097 2808 1326 2879 judicio
1365 2807 1680 2880 praeditus,
1727 2807 1809 2862 ait
1860 2821 1996 2862 eam
2034 2806 2096 2861 in

435 2893 636 2950 dubiis
646 2896 793 2968 poni
809 2911 1014 2968 posse.
1031 2901 1144 2954 Nec
1160 2897 1650 2969 praetereundum
1665 2896 1922 2963 silentio,
1936 2896 2096 2950 hanc

435 2983 789 3040 concionem
812 2985 1099 3042 deessein
1119 2986 1425 3059 aliquibus
1443 2985 1610 3041 libris
1633 2984 1960 3041 veteribus:
1987 2983 2096 3040 sed

433 3071 582 3127 nihil
610 3073 751 3129 inde
774 3075 919 3130 satis
939 3074 1100 3130 ﬁrmi
1130 3075 1206 3131 ad
1241 3091 1376 3131 eam
1398 3074 1793 3145 rejiciendam
1815 3072 2096 3129 concludi

436 3175 635 3232 posse,
682 3163 915 3227 vident,
951 3165 1190 3235 opinor,
1232 3180 1467 3219 omnes.
1518 3165 1712 3229 Quare
1751 3161 2093 3218 necessario

435 3251 869 3307 recurrendum
895 3251 974 3307 ad
991 3251 1109 3308 alia
1125 3253 1442 3324 principia,
1460 3252 1716 3325 ipsaque
1734 3251 1924 3307 oratio
1941 3251 2003 3306 in
2032 3267 2094 3306 se
2123 3263 2164 3314 c

435 3339 908 3407 consideranda;
930 3357 1079 3396 num
1095 3342 1240 3413 quid
1262 3343 1322 3397 in
1340 3357 1410 3397 ea
1426 3341 1680 3397 inveniri
1698 3340 1913 3412 possit,
1927 3338 2095 3412 quod

433 3427 610 3483 nobis
636 3429 715 3485 ad
728 3429 1136 3500 judicandum
1156 3429 1352 3487 facem
1370 3430 1675 3504 praeferat.
1707 3429 1972 3485 Primum
1994 3444 2094 3484 oc-

435 3516 620 3572 currit
664 3518 811 3573 illud
843 3522 1006 3590 (pag.
1057 3522 1183 3588 596)
1215 3537 1227 3574 :
1268 3528 1384 3581 Πῶς
1416 3520 1502 3572 οὖν
1536 3517 1609 3572 δι’
1641 3520 1770 3582 ἐνὸς,
1815 3523 1992 3591 φησιν,
2022 3517 2093 3578 εἰς

433 3604 630 3668 πάντας
647 3604 772 3665 ἦλθε
792 3611 849 3659 τὸ
866 3606 1214 3682 λαμπτὴριον;
1233 3610 1534 3677 Quomodo
1550 3609 1866 3680 igiturper
1882 3624 2089 3664 unum.

432 3694 652 3766 inquit,
683 3696 746 3751 in
791 3712 990 3754 omnes
1029 3699 1319 3768 splendor
1346 3700 1585 3756 devenit
1616 3703 1643 3755 ?
1680 3699 1854 3764 Quod
1886 3703 1950 3754 ut
1993 3713 2092 3754 ve-

433 3799 571 3839 rum
599 3783 810 3850 fatear,
851 3801 1102 3858 prorsus
1150 3788 1540 3859 peregrinum
1565 3793 1624 3844 et
1652 3804 1689 3843 a
1723 3787 1918 3843 Basilii
1947 3803 2091 3843 con-

435 3873 755 3929 suetudine
785 3874 1060 3930 alienum
1091 3876 1241 3931 mihi
1270 3877 1529 3932 videtur.
1563 3880 1734 3944 Nam,
1770 3876 1885 3932 nisi
1917 3875 2094 3932 valde

434 3960 630 4028 fallor,
660 3966 726 4018 ut
754 3963 921 4034 apud
961 3968 1211 4020 caeteros
1251 3965 1447 4022 bonos
1479 3971 1779 4033 auctores,
1811 3966 1894 4021 ita
1927 3965 2095 4037 apud

437 4051 719 4108 Basilium
763 4052 1008 4126 λαμπτὴρ
1040 4054 1253 4110 usitate
1291 4055 1527 4123 dicitur,
1569 4071 1692 4112 non
1734 4055 2084 4129 λαμπτήρων.

435 4141 759 4214 Aliquanto
789 4151 928 4217 post
955 4146 1162 4215 magni
1195 4145 1424 4216 aliquid
1447 4146 1751 4202 dicturum
1785 4163 1847 4202 se
1872 4146 2096 4218 pollici-

439 4236 535 4286 tus
582 4238 813 4302 auctor,
869 4238 1073 4290 tamen
1123 4240 1338 4306 praeter
1390 4237 1902 4308 exspectationem
1948 4235 2095 4291 nihil

435 4322 734 4392 ejusmodi
778 4323 943 4380 dicit.
987 4327 1314 4396 Postquam
1355 4325 1517 4380 enim
1557 4325 1835 4382 attulerat
1867 4326 2095 4399 aliquot

431 4427 668 4475 causas,
703 4428 809 4467 cur
831 4413 1014 4468 Maria
1041 4414 1214 4484 Virgo
1236 4414 1606 4485 desponsata
1629 4415 1723 4478 sit,
1750 4414 1930 4470 aliam
1955 4431 2091 4486 pro-

430 4501 688 4569 laturus,
717 4501 802 4557 sic
824 4501 1092 4574 loquitur
1117 4505 1276 4575 (pag.
1311 4505 1439 4574 598)
1466 4521 1478 4557 :
1514 4510 1662 4574 Ἐχω
1683 4506 1798 4556 τινὰ
1821 4511 1910 4557 καὶ
1941 4505 2092 4556 ἄλλον

2198 578 2252 628 et
2307 575 2494 629 aliam
2559 576 2878 646 quamdam
2929 577 3223 631 rationem
3278 576 3587 644 proferre,
3656 575 3845 630 nihilo

2200 661 2291 716 his
2318 678 2467 733 quas
2493 665 2859 731 protulimus
2891 665 3185 729 viliorem,
3229 665 3390 734 quod
3419 664 3698 720 videlicet
3726 663 3847 718 ido-

2200 767 2374 808 neum
2431 755 2512 808 ad
2567 755 3052 809 incarnationem
3111 756 3357 809 Domini
3408 760 3636 822 tempus
3706 754 3846 809 olim

2197 844 2565 911 prce/initum
2601 850 2655 898 et
2696 850 2839 899 ante
2875 844 3180 899 conditum
3220 844 3420 900 orbem
3453 844 3845 912 pra'destina-

2201 937 2327 986 tum
2369 937 2510 987 tunc
2557 934 2832 1003 instaret,
2881 935 2945 988 in
2986 949 3102 1004 quo
3138 934 3433 1001 Spiritum
3477 939 3755 988 sanctum
3795 936 3847 986 et

2199 1022 2500 1077 Altissimi
2546 1024 2819 1078 virtutem
2871 1023 3184 1091 oportebat
3229 1038 3471 1079 carnem
3511 1024 3684 1078 illam
3744 1021 3851 1076 Dei

2198 1115 2577 1180 gestatricem
2629 1111 3036 1180 conformare.
3071 1113 3366 1178 Quoniam
3414 1127 3550 1168 vero
3594 1113 3709 1167 illa
3749 1110 3847 1165 ho-

2198 1201 2426 1254 minum
2475 1206 2654 1256 testas
2702 1201 2864 1256 nihil
2904 1201 3169 1268 puritati
3214 1202 3432 1257 Maria?
3487 1201 3850 1272 aequandum

2198 1288 2475 1356 habebat,
2521 1291 2605 1345 sic
2635 1296 2702 1345 ut
2755 1292 3024 1360 Spiritus
3064 1292 3267 1346 sancti
3300 1292 3618 1360 susciperet
3648 1304 3852 1360 opera-

2198 1379 2436 1444 tionem,
2481 1386 2773 1448 occupata
2811 1387 3009 1435 autem
3040 1382 3173 1450 jam
3214 1385 3346 1436 erat
3393 1395 3505 1450 per
3541 1381 3852 1449 desponsa-

2197 1468 2436 1537 tionem,
2477 1469 2665 1524 electa
2717 1475 2800 1524 est
2845 1469 3015 1525 beata
3058 1473 3247 1539 virgo,
3291 1470 3450 1524 nihil
3498 1485 3573 1525 ex
3607 1470 3852 1538 despon-

2195 1558 2426 1611 sationc
2468 1557 2823 1626 virginitate
2875 1559 3040 1613 laesa.
3092 1563 3311 1613 Auctor
3355 1558 3736 1630 promiserat,
3792 1562 3854 1614 ut

2196 1645 2342 1710 dixi,
2364 1644 2690 1701 allaturum
2708 1663 2772 1701 se
2793 1647 3078 1703 eximiam
3099 1647 3437 1719 quamdam
3457 1663 3725 1708 causam,
3751 1662 3854 1702 cur

2196 1733 2571 1806 desponsata
2599 1734 2809 1790 fuisset
2838 1735 3010 1804 virgo
3050 1737 3229 1791 Maria
3263 1753 3275 1790 :
3311 1737 3417 1790 sed
3462 1751 3584 1791 non
3615 1737 3854 1792 videtur

2199 1823 2521 1894 promissis
2561 1823 2815 1879 stetisse.
2852 1825 3104 1890 Etenim,
3138 1825 3187 1878 si
3219 1840 3314 1880 res
3346 1825 3632 1880 attentius
3659 1825 3854 1880 consi-

2199 1912 2460 1975 deretur,
2479 1927 2603 1968 non
2624 1913 2865 1985 proprie
2888 1913 3059 1969 ναοί-ι
3075 1929 3346 1980 causam,
3367 1929 3474 1969 cur
3487 1914 3856 1986 desponsata

2201 2002 2412 2057 fuerit:
2441 2001 2546 2056 sed
2571 2003 2655 2058 ait
2685 2002 2879 2057 solum
2904 2019 3060 2064 eam,
3084 2019 3226 2058 cum
3243 2003 3486 2059 inventa
3508 2003 3856 2074 fuissetjam

2203 2105 2311 2161 per
2333 2091 2872 2163 desponsationem
2903 2096 3221 2163 occupata,
3257 2097 3576 2164 propterea
3604 2092 3855 2147 electam

2202 2180 2402 2251 fuisse,
2423 2181 2589 2253 quod
2618 2181 2735 2237 alia
2767 2181 2933 2238 nulla
2959 2182 3128 2250 virgo
3159 2182 3211 2236 ei
3241 2182 3341 2238 illa
3367 2188 3539 2238 aetate
3569 2198 3681 2254 par
3704 2188 3860 2238 esset

2201 2271 2483 2341 puritate.
2527 2274 2608 2326 Ex
2637 2272 2900 2328 auctoris
2930 2271 3113 2340 igitur
3150 2271 3350 2327 verbis
3387 2273 3696 2342 discimus,
3736 2286 3857 2328 non

2202 2375 2309 2416 cur
2335 2361 2509 2416 fuerit
2534 2360 2658 2416 viro
2684 2361 3075 2432 desponsata,
3105 2362 3209 2416 sed
3243 2377 3351 2417 cur
3381 2362 3714 2431 virginibus
3744 2379 3856 2417 cae-

2203 2449 2341 2505 teris
2372 2450 2710 2522 anteposita
2742 2451 2835 2513 sit,
2881 2449 3154 2506 videlicet
3187 2450 3266 2506 ob
3299 2452 3641 2522 puritatem.
3686 2451 3858 2516 Quod

2206 2539 2374 2594 addit
2402 2544 2634 2607 auctor,
2663 2539 2988 2610 puritatem
3021 2540 3215 2595 Mariae
3247 2540 3395 2595 nihil
3437 2540 3646 2596 laesam
3678 2541 3859 2596 fuisse

2195 2643 2276 2684 ex
2305 2628 2794 2700 desponsatione,
2826 2628 2887 2683 id
2917 2633 2984 2683 ut
3011 2629 3088 2684 ad
3113 2645 3238 2684 rem
3270 2644 3392 2684 non
3422 2631 3694 2701 pertinet,
3726 2630 3861 2686 itaa

2204 2717 2445 2774 nemine
2476 2718 2535 2773 in
2582 2717 2841 2774 dubium
2874 2724 3213 2774 revocatur.
3248 2723 3362 2774 Aut
3392 2719 3541 2774 nihil
3575 2719 3689 2774 tale
3723 2734 3859 2790 pro-

2205 2806 2466 2862 misisset
2533 2807 2814 2872 Basilius,
2873 2812 2997 2872 aut,
3066 2807 3113 2862 si
3172 2808 3554 2879 promisisset
3607 2809 3861 2877 dignum

2204 2895 2433 2966 aliquid
2445 2895 2768 2968 promissis
2790 2896 3061 2952 dixisset.
3095 2895 3244 2951 Illud
3259 2913 3506 2969 quoque
3528 2898 3693 2968 quod
3720 2913 3884 2952 mor

2202 2984 2420 3054 legitur

2205 3078 2296 3130 τὴν
2323 3075 2517 3139 αἰτίαν,
2548 3077 2627 3126 ὃτι
2657 3073 2712 3126 ἐκ
2745 3079 3039 3146 Πνεύματος
3067 3074 3242 3146 ἁγίου.
3277 3075 3607 3146 Utrumque
3634 3077 3862 3132 invenit

2202 3163 2447 3234 Joseph,
2489 3171 2544 3220 et
2572 3165 3024 3234 graviditatem,
3055 3171 3110 3220 et
3143 3179 3412 3229 causam,
3444 3165 3597 3235 quod
3628 3180 3702 3221 ea:
3731 3166 3861 3234 Spi-

2206 3253 2331 3307 ritu
2360 3259 2591 3318 sancto,
2636 3253 2785 3308 mihi
2828 3252 3124 3325 displicet.
3168 3255 3234 3308 Et
3266 3269 3410 3309 vero
3440 3253 3500 3308 in
3541 3253 3633 3308 his
3663 3253 3862 3309 verbis

2206 3341 2442 3397 videtur
2479 3343 2673 3398 inesse
2716 3342 2969 3398 insuave
3009 3342 3238 3414 aliquid
3279 3347 3337 3398 et
3364 3343 3674 3412 inelegans
3704 3363 3716 3410 ;
3751 3359 3862 3398 nec

2205 3431 2542 3488 admodum
2572 3431 2785 3487 dubito
2814 3432 2962 3504 quin
2995 3431 3151 3487 alius
3177 3433 3379 3504 quivis
3411 3433 3670 3504 scriptor
3699 3433 3863 3488 addi-

2204 3521 2394 3578 disset
2408 3521 2691 3578 voculam
2707 3522 2995 3594 aliquam,
3008 3538 3133 3594 qua
3147 3523 3483 3579 orationem
3495 3539 3670 3579 suam
3688 3538 3864 3580 orna-

2205 3611 2413 3667 tiorem
2468 3611 2850 3667 reddidisset.
2884 3614 2999 3667 Nec
3040 3612 3236 3681 magis
3287 3612 3484 3684 placet
3537 3612 3707 3668 locus
3765 3612 3861 3667 ille

2203 3699 2422 3771 (ibid.),
2437 3699 2542 3755 ubi
2563 3702 2818 3772 scriptor
2839 3699 3127 3769 angelum
3150 3700 3232 3756 ita
3251 3715 3391 3755 cum
3411 3701 3865 3773 .losephocollo-

2205 3795 2490 3861 quentem
2531 3789 2708 3844 facit:
2748 3794 2832 3845 Μὴ
2875 3788 3105 3860 φοϐηθῇς
3144 3789 3460 3864 παραλαϐεῖν
3505 3795 3721 3864 Μαριὰμ
3768 3797 3864 3849 τήν

2205 3882 2425 3950 γυναῖκα
2455 3876 2713 3950 σου-μηδ’
2741 3879 2900 3930 ἐκεῖνο
2934 3878 3223 3951 ἐιθυμηθῇς
3252 3882 3331 3932 ὅτι
3358 3882 3625 3943 ὑπονοίαις
3648 3880 3863 3943 ἀτόποις

2208 3970 2513 4019 συσκιάσειδ
2546 3972 2605 4019 τὸ
2637 3966 2943 4039 ἁμάρτημα.
2977 3974 3181 4030 Δίκαιος
3219 3972 3317 4042 γὰρ
3349 3971 3864 4042 προσηγορεύθης·οὐ

2205 4062 2355 4130 πρός,
2399 4061 2511 4112 etc.
2561 4057 2705 4111 Noli
2728 4058 2936 4112 timere
2961 4058 3234 4126 accipere
3259 4059 3521 4114 Mariam
3547 4062 3867 4130 conjugem

2209 4153 2393 4216 tuam,
2430 4161 2616 4216 neque
2655 4145 2818 4200 illud
2866 4147 3226 4215 cogitaveris
3270 4147 3775 4204 obumbraturum
3810 4157 3869 4207 te

2205 4241 2519 4306 peccatum
2569 4234 2806 4290 absonis
2853 4235 3208 4306 quibusdam
3275 4242 3640 4292 commentis.
3707 4240 3863 4295 Nam

2206 4332 2453 4383 vocatus
2492 4340 2550 4382 es
2591 4328 2817 4394 justus,
2850 4341 2968 4380 non
3008 4332 3092 4382 est
3127 4332 3350 4392 autem,
3383 4331 3492 4382 etc.
3531 4331 3680 4383 Nam
3715 4327 3866 4383 illud

2203 4415 2450 4488 qnidem
2487 4431 2499 4467 ἲ
2535 4420 2617 4472 Μὴ
2654 4413 2880 4486 φοϐηθῇς
2919 4414 3235 4486 παραλαϐεῖν
3268 4418 3482 4488 Μαριὰμ
3515 4421 3605 4473 τὴν
3643 4421 3865 4486 γυναῖκά

2206 4526 2322 4574 σου,
2365 4506 2526 4562 unde
2568 4510 2879 4578 sumptum
2930 4506 3002 4560 sit
3049 4507 3091 4572 ⁸,
3136 4505 3326 4577 probe
3368 4506 3490 4562 scio
3531 4525 3543 4562 :
3588 4507 3693 4561 sed
3733 4507 3865 4563 reli-

2462 3005 2474 3040 :
2509 2985 2800 3058 Ἀμφότεροι
2829 2985 2970 3059 εὗρεν
3001 2988 3025 3037 ὁ
3061 2987 3272 3057 Ἰωσὴφ,
3309 2992 3398 3038 καὶ
3430 2993 3523 3043 τὴν
3562 2990 3748 3044 κύησιν
3773 2992 3861 3038 καὶ

436 4590 584 4662 λόγον
648 4591 802 4643 εἰπεῖν
862 4589 1011 4644 οὐδὲν
1065 4591 1367 4666 ἀτιμότερον
1422 4601 1520 4644 τῶν
1579 4594 1875 4667 εἰρημένων,
1927 4597 2006 4646 ὅτι
2066 4597 2090 4646 ὁ

2202 4612 2326 4668 qua
2352 4595 2456 4651 ubi
2487 4595 2786 4666 legantur,
2814 4594 3039 4659 nescio,
3068 4594 3186 4649 nisi
3217 4595 3365 4650 forte
3396 4596 3454 4650 in
3489 4597 3862 4669 apocryphis

437 4678 736 4743 ἐπιτήδειος
783 4687 913 4756 πρὸς
944 4687 1038 4739 τὴν
1083 4683 1471 4754 ἐνανθρώπησιν
1515 4693 1605 4735 τοῦ
1647 4689 1839 4756 Κυρίου
1888 4691 2088 4759 καιρός,

432 4770 593 4822 πάλαι
617 4775 1001 4846 προωρισμένος
1024 4778 1113 4824 καὶ
1136 4769 1638 4846 προδιατεταγμένος
1669 4780 1768 4846 πρὸ
1799 4774 2090 4837 καταϐολῆς

434 4865 654 4933 κόσμου,
691 4867 805 4914 τότε
834 4862 1132 4927 ἐνειστήκει,
1167 4863 1285 4915 καθ’
1311 4863 1364 4916 ὃν
1396 4860 1501 4915 ἔδει
1534 4869 1592 4916 τὸ
1628 4871 1834 4936 Πνευμα
1858 4869 1917 4918 τό
1947 4867 2090 4937 οἶγιον

434 4954 524 5001 καὶ
575 4955 670 5007 τὴν
721 4948 942 5023 δύναμιν
990 4961 1080 5004 τοῦ
1142 4952 1396 5022 Ὑψίστου
1449 4958 1540 5010 τὴν
1582 4961 1839 5027 Θεοφόρον
1894 4957 2090 5015 ἐκείνην

438 5043 812 5096 συστήσασθαι
839 5045 1029 5114 σάρκα.
1058 5038 1268 5099 Ἐπειδὴ
1306 5040 1364 5095 δὲ
1398 5045 1647 5116 ὁμότιμον
1679 5053 1772 5105 τῆς
1798 5047 2090 5119 καθαρότη-

442 5149 526 5191 τος
557 5135 763 5201 Μαρίας
795 5131 886 5182 οὐκ
914 5129 1054 5202 εἶχεν
1080 5135 1109 5190 ἡ
1135 5140 1246 5184 κατ’
1276 5133 1472 5190 ἐκείνην
1493 5137 1637 5204 γενεὰ
1659 5142 1757 5186 τὼν
1785 5134 2085 5208 ἀνθρώπων,

441 5217 574 5270 ὣστε
591 5217 840 5291 ἐνέργειαν
858 5220 945 5270 τοῦ
966 5225 1259 5294 Ιινευματος
1278 5219 1656 5290 ὑποδέξασθαι,
1675 5224 2090 5296 προκατείληπτο

443 5305 502 5361 δὲ
529 5305 618 5362 ὃίὰ
639 5317 733 5371 τῆς
759 5315 1063 5382 μνηστείας,
1092 5311 1289 5384 ἐξελέγη
1319 5316 1348 5371 ἡ
1374 5318 1609 5385 μακαρία
1639 5316 1911 5386 ῐιαρθενος,
1941 5313 2091 5369 οὐδὲν

516 5513 536 5548 ε
567 5489 765 5569 Matth.
798 5531 835 5568 ι.
858 5517 949 5570 20.

513 5670 598 5738 (a)
641 5666 740 5722 Vie
758 5666 830 5723 de
856 5667 916 5723 S.
946 5667 1169 5731 Basile,
1204 5683 1262 5739 p.
1297 5667 1418 5723 301.

2200 4685 2572 4757 quibusdam
2626 4684 2959 4755 scripturis,
3019 4683 3245 4755 quibus
3295 4689 3504 4739 auctor
3556 4684 3674 4740 alio
3725 4685 3863 4741 loco

2200 4775 2514 4830 manifeste
2563 4789 2711 4828 usus
2750 4778 2858 4835 est,
2901 4775 2975 4828 ob
3007 4773 3189 4844 idque
3236 4773 3502 4846 idipsum
3540 4790 3612 4829 ex
3644 4774 3860 4830 iisdem

2201 4866 2469 4922 fontibus
2498 4866 2775 4920 hausisse
2806 4865 3020 4920 merito
3059 4863 3222 4919 credi
3255 4869 3468 4935 potest.
3510 4869 3581 4920 At
3610 4865 3865 4920 Basilius

2201 4962 2264 5012 ut
2293 4973 2465 5011 veras
2495 4955 2832 5027 Scripturas
2865 4955 3110 5010 assiduo
3141 4955 3422 5010 versabat
3447 4956 3506 5010 in
3537 4971 3746 5022 manu,
3779 4956 3866 5011 ita

2201 5044 2587 5116 apocryphas
2613 5059 2734 5098 non
2766 5043 3005 5113 legebat
3037 5061 3049 5098 :
3085 5048 3189 5098 aut
3217 5043 3264 5097 si
3286 5043 3524 5112 legeret,
3549 5059 3651 5099 eas
3673 5049 3868 5100 tanto-

2201 5151 2341 5206 pere
2374 5133 2825 5211 contemnebat,
2857 5138 2922 5187 ut
2959 5133 3104 5204 ipsis
3138 5133 3222 5187 uti
3262 5149 3502 5204 semper
3541 5133 3854 5204 puduerit.

2202 5229 2330 5282 Mox
2347 5223 2703 5296 suspicabar
2715 5223 3063 5294 scriptorem
3079 5222 3307 5294 aliquid
3325 5229 3664 5279 mutuatum
3682 5223 3868 5279 fuisse

2202 5331 2276 5370 ex
2317 5312 2683 5385 apocryphis
2719 5329 2730 5366 :
2788 5326 2950 5366 nunc
2989 5310 3051 5366 id
3089 5312 3140 5366 ei
3189 5311 3514 5381 contigisse
3556 5312 3867 5368 aﬂirmare

2270 5671 2347 5740 (b)
2375 5671 2720 5741 llieronym.
2756 5670 2817 5724 in
2843 5670 3060 5727 Matth.
3105 5670 3208 5727 lib.
3239 5689 3279 5739 ι,
3312 5686 3446 5743 cap.
3487 5677 3531 5726 ί.
