4092 6388
236 290 304 345 33
1748 288 1893 344 ΡΒᾹ

2000 288 2140 345 .TIO.
3590 298 3663 352 34-

232 483 499 540 possum.
530 468 672 539 Ejus
700 469 831 525 haec
862 470 1001 525 sunt
1032 466 1222 525 verba
1270 469 1440 540 (pag.
1477 469 1614 522 600:
1648 465 1804 524 Δηλοί
1830 461 1889 518 δὲ
1926 467 1975 521 Α
2001 481 2139 539 quae
2161 467 2310 525 mihi
2333 468 2765 542 discipliceant,
2790 469 2938 526 nihil
2958 474 3165 527 tamen
3186 488 3282 528 me
3304 474 3501 543 magis
3530 487 3662 529 mo-

232 561 322 609 καὶ
380 558 409 615 ἡ
466 560 603 610 κατὰ
640 561 728 610 τόν
768 561 1045 639 ζαχαρίαν
1090 561 1317 631 ιστορία,
1368 556 1447 608 ὅτι
1490 558 1651 630 μέχρι
1699 557 1892 616 παντὸς

228 647 481 718 παρθένος
521 649 551 705 ἠ
595 649 794 722 Μαρία⁶
847 651 1017 717 Λόγος
1060 648 1161 720 γάρ
1208 644 1290 708 τίς
1335 644 1470 711 ἐστι,
1515 650 1605 697 καὶ
1638 645 1788 706 οὗτος
1838 646 1895 696 ὲκ

228 733 577 810 παραδόσεως
634 740 705 798 εὶς
761 738 899 809 ἡμᾶς
952 734 1253 809 ἀφιγμένος,
1309 736 1391 788 ὅτι
1439 736 1464 787 6
1522 739 1796 808 Ζαχαρίας
1844 738 1896 787 ὲν

237 833 299 897 τῇ
352 833 451 876 τῶν
489 826 756 899 παρθένων
803 830 962 900 χώρᾳ
1008 829 1104 883 τὴν
1146 827 1368 899 Μαριὰμ
1418 822 1713 886 κατατάξας
1767 825 1899 896 μετὰ

228 917 318 971 τήν
376 922 469 966 τοῦ
529 921 721 989 Κυρίου
775 916 985 979 κύησιν,
1045 915 1147 966 ὑπὸ
1200 922 1302 967 τῶν
1353 910 1625 967 Ἰουδαίων
1686 932 1900 985 κατεφο-

230 1005 385 1061 νεύθη
432 1002 626 1076 μεταξὺ
674 1011 768 1057 τοῦ
821 1010 947 1055 ναοῦ
991 1007 1079 1057 καὶ
1120 1010 1214 1056 τοῦ
1262 1005 1665 1077 θυσιαστηρίου,
1712 1001 1897 1074 ἐγκλη-

236 1095 342 1156 θεὶς
394 1096 498 1148 ὑπὸ
544 1101 638 1146 τοῦ
690 1093 818 1147 λαοῦ
867 1096 935 1157 ὡς
997 1090 1089 1148 διὰ
1140 1097 1329 1147 τούτου
1382 1095 1788 1155 κατασκευάζων
1839 1096 1898 1145 τὸ

231 1179 533 1256 παράδοξον
577 1182 735 1237 ἐκεῖνο
796 1188 886 1237 καὶ
937 1182 1303 1257 πολυύμνητον
1358 1190 1593 1256 σημεῖον,
1648 1184 1899 1256 παρθένον

226 1277 571 1345 γεννήσασαν,
606 1277 692 1325 καὶ
719 1277 816 1331 τὴν
843 1275 1128 1346 παρθενίαν
1154 1278 1225 1346 μὴ
1258 1270 1656 1346 διαφθείρασαν.
1690 1272 1900 1329 Decla-

225 1368 325 1419 rat
359 1368 560 1419 autem
587 1368 645 1420 et
671 1364 996 1421 Zacharias
1018 1362 1295 1431 historia,
1327 1363 1589 1419 Mariam
1609 1368 1899 1432 perpetuo

225 1452 524 1523 virginem
566 1453 986 1522 permansisse.
1019 1452 1244 1509 Ferunt
1270 1453 1448 1522 enim,
1482 1457 1537 1508 et
1572 1450 1638 1506 id
1675 1466 1750 1507 ea;
1778 1457 1902 1507 tra-

222 1541 452 1597 ditione
468 1541 544 1597 ad
573 1556 683 1597 nos
702 1555 883 1613 usque
898 1540 1198 1611 pervenit,
1220 1541 1593 1598 Zachariam
1614 1555 1750 1595 cum
1766 1540 1898 1595 Ma-

228 1629 382 1686 riam
402 1630 465 1685 in
496 1631 804 1701 virginum
832 1630 960 1686 loco
980 1635 1121 1700 post
1142 1630 1381 1686 Domini
1395 1636 1648 1700 partum
1662 1630 1897 1700 posuis-

226 1724 334 1786 set,
404 1719 692 1789 templum
748 1719 912 1776 inter
959 1725 1015 1776 et
1064 1735 1239 1776 aram
1285 1721 1545 1777 occisum
1591 1733 1630 1776 a
1662 1718 1899 1791 .Judteis

219 1808 427 1878 fuisse,
466 1808 743 1866 videlicet
765 1814 1117 1866 accusatum
1139 1823 1178 1866 a
1193 1810 1442 1879 pOpulo,
1475 1808 1639 1881 quod
1662 1808 1774 1865 hac
1804 1822 1901 1864 ra-
1935 1792 1977 1847 Β

224 1898 385 1954 tione
414 1898 804 1967 conﬁrmaret
831 1898 1197 1956 admirabile
1220 1898 1384 1954 illud
1412 1903 1465 1955 et
1495 1913 1777 1969 percuam
1802 1898 1897 1955 de-

224 1994 540 2045 cantatum
578 1990 840 2059 signum,
886 1990 1184 2061 virginem
1207 1990 1531 2061 peperisse,
1562 2004 1671 2046 nec
1699 1995 1898 2046 tamen

223 2077 639 2148 virginitatem
674 2078 1034 2148 corrupisse.
1057 2077 1267 2135 Mirum
1288 2077 1473 2135 videri
1506 2077 1898 2134 debettantas

220 2165 481 2238 ineptias
515 2166 577 2222 in
599 2182 663 2223 re
693 2165 852 2223 seria
873 2165 992 2223 dici
1012 2166 1311 2240 potuisse:
1338 2182 1450 2223 nec
1465 2165 1671 2223 minus
1693 2165 1900 2223 mirari

223 2254 388 2310 subit
425 2255 728 2327 ejusmodi
766 2255 1109 2312 orationem
1136 2260 1262 2313 tam
1298 2257 1405 2313 diu
1439 2256 1654 2314 Basilio
1685 2259 1899 2328 Magno

220 2343 405 2401 fuisse
443 2345 754 2400 tributam.
800 2343 954 2401 Olim
994 2349 1179 2418 caput
1217 2345 1577 2402 vicesimum
1613 2344 1898 2418 quintum

216 2432 475 2489 Matthaai
517 2449 832 2506 exponens
868 2434 1293 2507 Hieronymus,
1327 2434 1589 2492 similem
1614 2434 1899 2491 fabellam

220 2521 578 2579 confutavit.
629 2523 779 2580 Cum
819 2539 962 2594 ergo
993 2524 1260 2582 venisset
1279 2524 1357 2581 ad
1380 2541 1521 2581 eum
1546 2524 1770 2594 locum,
1794 2522 1899 2580 ubi

220 2610 448 2668 mentio
468 2609 535 2668 ﬁt
552 2611 685 2683 ejus
703 2613 1027 2681 Zachariae,
1048 2613 1319 2686 quiinter
1330 2614 1624 2689 templum
1645 2614 1898 2670 etaltare

222 2699 462 2757 occisus
495 2703 607 2770 est,
632 2707 1051 2775 quaereretque
1076 2704 1215 2775 quis
1233 2703 1308 2759 sit
1326 2703 1438 2760 iste
1455 2703 1795 2775 Zacharias,
1814 2702 1901 2759 ita

218 2788 494 2862 loquitur
521 2808 534 2845 :
567 2790 1073 2849 AliiZachariam
1094 2798 1329 2865 patrem
1357 2794 1617 2851 Joannis
1638 2793 1903 2863 intelligi

223 2878 459 2948 volunt,
477 2893 555 2935 ea:
563 2880 749 2950 quibu
762 2881 933 2938 sdam
945 2896 1210 2954 apocryp
1217 2881 1435 2939 horum
1446 2884 1693 2940 somniis
1704 2896 1898 2952 appro

226 2966 455 3036 bantes,
487 2969 650 3037 quod
672 2975 998 3040 propterea
1018 2971 1244 3027 occisus
1265 2972 1360 3042 sit,
1395 2973 1539 3045 quia
1557 2969 1900 3029 Salvatoris

218 3056 572 3126 praedicarit
585 3057 1061 3116 adventum.Hoc
1071 3061 1214 3132 quia
1225 3061 1645 3132 deScripturis
1660 3076 1782 3117 non
1795 3059 1901 3117 ha-

229 3144 321 3201 bet
335 3147 781 3213 auctoritatem,
797 3148 1001 3206 eadem
1021 3150 1318 3220 facilitate
1337 3151 1761 3220 contemnitur,
1775 3161 1898 3221 qua

214 3235 540 3304 probatur.
566 3238 734 3293 Certe
758 3237 897 3293 dua:
918 3237 1031 3294 illae
1054 3238 1293 3295 fabellae
1314 3240 1397 3297 ita
1417 3241 1570 3297 inter
1586 3258 1649 3298 se
1671 3257 1889 3298 conve-

220 3322 417 3392 niunt,
433 3328 582 3381 utex
597 3341 721 3383 uno
733 3326 1077 3400 eodemque
1089 3328 1254 3385 fonte
1271 3330 1555 3401 profectae
1577 3346 1708 3387 esse
1725 3330 1886 3388 vide-

221 3417 421 3470 antur.
438 3416 564 3485 Ego
584 3419 787 3472 autem
807 3415 966 3472 male
991 3416 1067 3474 de
1092 3420 1306 3487 Magno
1322 3418 1424 3475 illo
1446 3419 1664 3477 Basilio
1684 3420 1887 3477 existi-

219 3517 392 3559 mare
407 3502 555 3559 mihi
565 3502 823 3576 viderer,
839 3505 888 3561 si
907 3521 1047 3561 eum
1060 3511 1339 3578 putarem
1352 3512 1477 3564 tam
1489 3507 1647 3564 foede
1668 3507 1886 3564 somni-

221 3607 382 3655 asse,
407 3595 474 3648 ut
492 3607 606 3665 pro
634 3592 790 3649 veris
820 3594 1315 3668 apocryphorum
1340 3596 1879 3670 somnial'narrarit.

222 3679 334 3737 Ubi
347 3685 404 3738 et
423 3679 574 3739 illud
593 3685 887 3754 praeterea
903 3685 1101 3741 notari
1121 3688 1336 3757 potest,
1364 3686 1626 3742 auctoris
1649 3692 1883 3743 senten-

221 3770 369 3827 tiam
380 3769 532 3827 nihil
542 3787 616 3828 ex
626 3770 743 3829 hoc
755 3777 1101 3830 commento
1107 3774 1485 3846 juvarLNam
1497 3776 1758 3849 probare
1769 3776 1888 3833 ins-

222 3858 468 3916 tituerat
494 3860 741 3917 Mariam
760 3861 1168 3933 virginitatem
1195 3862 1492 3921 illibatam
1511 3880 1754 3939 semper
1769 3883 1889 3923 ser-

222 3964 429 4007 vasse:
456 3949 518 4006 id
536 3950 702 4023 quod
724 3967 850 4008 non
872 3953 1175 4026 probavit.
1204 3954 1325 4011 Etsi
1340 3955 1504 4011 enim
1522 3954 1585 4012 in
1607 3957 1887 4014 ordinem

223 4038 528 4110 virginum
563 4038 780 4097 allecta
805 4039 1015 4099 fuisset
1043 4044 1245 4113 Maria,
1273 4046 1457 4101 etiam
1483 4050 1623 4117 post
1648 4047 1887 4105 Domini

222 4132 490 4201 partum,
512 4133 717 4185 tamen
739 4146 982 4204 semper
999 4132 1188 4205 qumri
1225 4138 1448 4206 posset,
1490 4138 1697 4193 utrum
1720 4137 1781 4193 in
1813 4154 1885 4195 eo

225 4217 423 4289 gradu
447 4234 631 4291 quem
657 4225 983 4278 consecuta
1026 4222 1242 4293 fuerat,
1273 4223 1352 4280 ad
1396 4228 1657 4282 mortem
1686 4242 1886 4301 usque

222 4308 646 4381 permanserit.
667 4308 899 4366 Etenim
929 4310 980 4366 si
999 4311 1185 4384 paulo
1212 4317 1354 4386 post
1375 4314 1612 4371 Domini
1642 4320 1886 4388 partum

225 4397 306 4455 ab
360 4413 433 4454 eo
481 4397 693 4454 ordine
748 4400 1057 4471 exciderit,
1109 4402 1389 4477 aliosque
1429 4402 1652 4463 liberos
1695 4423 1772 4464 ex
1815 4423 1888 4465 ea

227 4487 562 4559 susceperit
581 4487 904 4561 Iosephus,
935 4488 1137 4561 ipsam
1166 4506 1291 4548 non
1326 4509 1567 4568 semper
1587 4495 1886 4568 virginem

227 4575 525 4632 exstitisse
564 4580 818 4634 constat.
866 4579 1063 4644 Quare
1111 4579 1162 4636 si
1209 4584 1421 4638 auctor
1456 4582 1635 4642 ﬁrma
1656 4585 1888 4643 ratione

225 4663 490 4737 probare
505 4663 704 4732 vellet,
718 4666 962 4724 Mariam
976 4683 1217 4742 semper
1229 4669 1527 4741 virginem
1544 4672 1747 4738 fuisse,
1763 4691 1889 4732 non

229 4752 377 4811 satis
394 4758 525 4811 erat
542 4753 764 4825 dicere,
787 4771 923 4814 eam
961 4757 1025 4814 in
1046 4759 1355 4831 virginum
1381 4760 1518 4818 loco
1546 4778 1582 4820 a
1599 4763 1891 4823 Zacharia

227 4847 372 4916 post
410 4842 648 4900 Domini
678 4848 925 4917 partum
955 4846 1217 4920 positam
1247 4865 1400 4921 esse,
1433 4851 1540 4908 sed
1570 4853 1890 4911 ostendere

229 4930 561 5003 debuisset,
583 4933 784 5006 ipsam
811 4935 875 4992 in
900 4952 972 4994 eo
997 4937 1209 4996 ordine
1232 4939 1295 4996 in
1325 4956 1450 5013 quo
1479 4943 1666 5000 semel
1694 4943 1892 5003 fuerat

232 5020 553 5089 collocata,
584 5040 780 5097 usque
819 5024 901 5082 ad
931 5032 1272 5085 extremum
1303 5030 1579 5104 spiritum
1611 5048 1890 5106 perseve-

228 5126 434 5168 rasse:
466 5111 529 5169 id
551 5112 718 5186 quod
737 5129 864 5171 non
890 5117 1182 5188 praestitit.
1206 5124 1525 5178 Auctorem
1545 5122 1607 5178 in
1623 5138 1687 5179 re
1710 5123 1891 5181 simili

231 5217 269 5259 a
290 5216 479 5275 scopo
501 5217 735 5259 errasse
754 5203 886 5276 jam
906 5205 1200 5263 vidimus:
1228 5209 1481 5267 Basilius
1501 5217 1707 5270 autem
1728 5229 1889 5272 unus

230 5290 509 5349 omnium
525 5291 867 5351 felicissime
888 5295 1178 5368 attingere
1198 5314 1454 5371 scopum
1466 5302 1656 5376 novit,
1670 5308 1728 5361 et
1750 5322 1891 5363 cum

233 5379 421 5437 semel
435 5381 669 5454 aliquid
683 5383 798 5440 sibi
813 5384 1208 5457 probandum
1222 5392 1558 5463 proposuit,
1572 5408 1890 5469 nunquam

233 5469 399 5527 aliud
419 5470 659 5544 probat.
682 5475 864 5531 Porro
884 5489 1026 5533 cum
1041 5477 1238 5535 multa
1256 5477 1374 5536 sint
1390 5478 1453 5539 in
1462 5481 1580 5541 hac
1593 5485 1888 5558 oratione,

342 5595 421 5673 (a)
461 5595 637 5658 Hom.
669 5600 703 5654 6
730 5599 796 5657 in
824 5600 1007 5672 Hem,
1038 5616 1099 5675 p.
1134 5605 1200 5661 55
1225 5606 1283 5664 et
1311 5619 1440 5678 seq.

1999 555 2106 625 vit,
2127 572 2315 629 quam
2345 558 2513 631 quod
2533 558 2608 613 de
2630 558 2882 614 cometis
2919 559 3158 615 dicitur.
3181 560 3375 616 Verba
3394 561 3660 618 auctoris

2004 649 2145 701 sunt
2162 645 2292 702 hinc
2311 647 2476 719 (pag.
2501 647 2658 718 601):
2695 650 2770 699 Οὐ
2796 651 2900 719 μὴν
2922 643 3040 700 οὐδ’
3061 646 3220 700 ἐκεῖνο
3242 655 3350 711 τοῖς
3377 632 3658 724 περιέργως
3686 667 3697 677 ·

2004 736 2073 787 τὰ
2123 738 2257 788 κατὰ
2317 739 2405 789 τόν
2465 741 2618 789 τόκον
2692 735 3108 809 ἐπιλαμϐάνουσιν
3171 736 3331 789 εἰπεῖν
3401 739 3655 810 ὑπάρχει,

2007 822 2087 876 ὃτι
2144 826 2169 876 6
2223 823 2389 899 ἀστὴρ
2446 831 2554 887 τοῖς
2604 830 2860 897 κομήταις
2920 825 3286 898 παραπλήσιος
3361 822 3446 895 ἧν,
3512 825 3659 895 οἷπερ

2006 911 2238 984 μάλιστα
2297 910 2517 967 δοκοῦσι
2568 912 2827 986 βασιλέων
2887 910 3156 986 διαδοχὰς
3217 910 3495 977 δηλοῦντες
3542 914 3661 967 κατ’

2007 1000 2220 1076 οὐρανόν
2249 1004 2522 1058 ἵστασθαι.
2562 1003 2769 1074 Neque
2811 1017 2950 1060 vero
2981 1003 3055 1059 iis
3092 1005 3200 1074 qui
3226 1004 3458 1059 curiose
3485 1018 3661 1072 empo-

2006 1096 2157 1147 nunt
2186 1107 2316 1163 quae
2345 1093 2427 1149 azl
2451 1098 2700 1162 partum
2724 1093 3053 1163 pertinent,
3082 1093 3247 1148 illud
3271 1092 3469 1149 dicere
3500 1093 3659 1161 licet,

2005 1181 2243 1237 stellam
2293 1182 2485 1252 fuisse
2512 1183 2753 1238 cometis
2780 1182 3123 1248 assimilem,
3151 1181 3260 1253 qui
3284 1183 3545 1238 maxime
3578 1180 3663 1239 ad

2006 1269 2429 1339 signiﬁcandas
2460 1285 2669 1341 regum
2699 1271 3094 1326 successiones
3115 1270 3400 1326 videntur
3428 1271 3489 1326 in
3512 1270 3661 1327 caelo

2007 1359 2346 1416 consistere.
2380 1361 2546 1416 Certe
2580 1359 2663 1415 ita
2691 1359 2884 1415 videri
2910 1359 3109 1432 potuit
3137 1358 3327 1415 cuivis
3357 1358 3527 1415 alteri
3556 1374 3663 1432 po-

2004 1447 2123 1504 tius
2152 1464 2343 1522 quam
2374 1448 2590 1505 Basilio
2615 1451 2849 1519 Magno.
2883 1449 3114 1505 Etenim
3144 1448 3194 1504 is
3219 1464 3347 1506 non
3375 1454 3524 1517 erat,
3555 1448 3664 1522 qui

2007 1537 3038 1608 autcrederetregumsuccessiones
3049 1537 3298 1594 cometis
3314 1537 3661 1608 signiﬁcari,

2007 1630 2114 1683 aut
2131 1628 2212 1682 tut
2239 1626 2302 1682 id
2322 1625 2696 1683 credendum
2727 1626 2882 1683 alios
2905 1625 3235 1683 induceret.
3268 1631 3353 1683 Ita
3383 1627 3544 1683 enim
3571 1643 3663 1683 er-

2005 1731 2174 1771 rores
2205 1715 2723 1787 genethliacorum
2761 1720 2943 1789 atque
2982 1721 3330 1772 commenta
3368 1715 3660 1782 confutat,

2006 1809 2072 1861 ut
2084 1804 2387 1876 ejusmodi
2402 1820 2472 1862 co
2480 1821 2574 1862 me
2582 1810 2778 1861 tarum
2792 1804 3065 1861 fabulam
3079 1807 3315 1861 tantum
3327 1820 3452 1861 non
3466 1805 3660 1862 nomi-

2004 1894 2195 1950 natim
2220 1893 2517 1968 repudiet.
2551 1897 2749 1955 Pauca
2778 1910 2850 1950 ex
2880 1892 3090 1950 multis
3120 1892 3381 1950 referam
3414 1893 3518 1966 (a).
3565 1892 3664 1949 Sic

2005 1983 2188 2054 igitur
2211 1983 2520 2057 loquitur:
2577 1985 2681 2037 Οῖα
2723 1981 2783 2039 δέ
2829 1989 2920 2037 καὶ
2963 1986 3031 2036 τὰ
3077 1982 3531 2056 ἁποτελισματικσί
3560 2001 3573 2048 ;
3600 1987 3660 2035 Ὁ

2008 2069 2154 2126 δεῖνα
2182 2069 2349 2141 οὖλος,
2386 2079 2532 2147 φησὶ,
2565 2079 2653 2133 τὴν
2685 2079 2869 2148 τρίχα,
2900 2073 2990 2126 καὶ
3041 2076 3304 2148 χαροπὸς,
3350 2079 3513 2148 Κριοῦ
3558 2075 3661 2146 γὰρ

2006 2164 2121 2235 ἔχει
2176 2168 2266 2223 τὴν
2323 2165 2480 2239 ὤραν·
2539 2171 2772 2217 τοιοῦτον
2835 2161 2896 2217 δέ
2950 2183 3060 2226 πως
3117 2162 3341 2235 ὀφθῆναι
3395 2166 3454 2215 τὸ
3508 2166 3656 2226 ζῶον·

2010 2251 2169 2307 ’Λλλὰ
2226 2258 2314 2307 καὶ
2368 2254 2722 2329 μεγαλόφρων,
2782 2250 2963 2312 ἒπειδὴ
3020 2255 3327 2326 ἡγεμονικὸν
3388 2255 3414 2305 6
3490 2257 3662 2328 κριόςο

2005 2347 2094 2396 καὶ
2138 2347 2430 2418 προετικὸς,
2481 2350 2572 2397 καὶ
2619 2344 2774 2398 πάλιν
2812 2347 3140 2419 ποριστικός,
3197 2339 3376 2401 ἐπειδὴ
3418 2347 3478 2396 τὸ
3528 2346 3661 2407 ζῶον

2005 2440 2160 2487 τοῦτο
2207 2438 2295 2486 καὶ
2351 2436 2657 2488 ἂποτίθεται
2713 2432 2924 2496 ἀλύπως
2975 2437 3037 2486 τὸ
3101 2435 3257 2505 ἔριον,
3338 2437 3428 2486 καὶ
3503 2432 3662 2485 πάλιν
3740 2476 3741 2481 η

2005 2525 2148 2599 παρὰ
2203 2532 2297 2586 τῆς
2365 2526 2566 2597 φύσεως
2611 2520 2808 2598 ῥᾳδίως
2865 2523 3292 2595 ἓπαμφιέννυταιο
3355 2521 3511 2575 Ἀλλὰ
3568 2528 3660 2575 καὶ

2006 2616 2033 2666 6
2083 2619 2369 2687 Ταυριανὸς
2427 2613 2721 2680 τληπαθης,
2780 2616 2933 2686 φησὶ,
2993 2617 3083 2665 καὶ
3143 2608 3408 2680 δουλικὸς,
3470 2609 3654 2670 ἐπειδὴ

2005 2707 2106 2758 ὑπὸ
2134 2708 2288 2777 ζυγὸν
2344 2705 2370 2757 6
2429 2710 2639 2777 ταῦρος
2702 2705 2801 2754 Καὶ
2856 2702 2881 2753 6
2930 2706 3245 2775 Σκορπιανός
3282 2700 3515 2763 πλήκτης
3565 2696 3661 2753 διὰ

2006 2799 2094 2854 τὴν
2140 2798 2268 2870 πρὸς
2307 2798 2365 2846 τὸ
2418 2795 2592 2866 θηρίον
2639 2792 2907 2865 ὁμοίωσιν⁸
2949 2797 3007 2843 Ὀ
3048 2787 3106 2843 δε
3137 2788 3384 2852 Ζυλιανός
3426 2785 3657 2854 δίκαιος,

2009 2881 2097 2938 δία
2117 2888 2213 2943 τὴν
2236 2883 2360 2958 παρ’
2391 2884 2516 2955 ἡμῖν
2545 2889 2646 2933 τῶν
2700 2883 2868 2952 ζυγῶν
2924 2879 3167 2938 ἰσότητα’
3226 2881 3436 2932 Τούτων
3488 2881 3542 2930 τί
3597 2878 3660 2929 ἄν

2005 2976 2203 3046 γένοιτο
2274 2971 2781 3045 καταγελαστότερον
2806 2988 2820 3033 ;
2854 3011 2867 3024 .
2890 3012 2902 3024 .
2926 3011 2939 3024 .
2964 3012 2977 3026 .
2998 3011 3012 3025 .
3097 2975 3212 3030 Πῶς
3296 2963 3385 3021 οὖν
3468 2966 3661 3020 ἐκεῖθεν

2006 3066 2100 3126 τὰς
2164 3066 2558 3137 προηγουμένας
2619 3060 2788 3122 αἰτίας
2854 3057 3013 3131 λέγων
3068 3060 3327 3133 ὑπάρχειν
3382 3065 3491 3120 τοῖς
3558 3065 3661 3110 τῶν

2003 3156 2285 3229 ἀνθρώπων
2329 3152 2488 3227 βίοις,
2536 3151 2593 3204 ἐκ
2638 3158 2741 3205 τῶν
2795 3149 2920 3225 παρ’
2978 3153 3103 3222 ἡμῖν
3153 3147 3509 3222 βοσκημάτων
3555 3155 3658 3200 τῶν

2000 3247 2322 3317 γεννωμένων
2367 3242 2649 3316 ἀνθρώπων
2710 3242 2778 3294 τὰ
2830 3241 2933 3299 ἤθη
3002 3242 3418 3313 χαρακτηρίζεις
3443 3254 3457 3304 ;
3491 3281 3504 3294 .
3526 3279 3539 3293 .
3561 3280 3574 3294 .
3597 3280 3613 3294 .
3632 3279 3649 3295 .

1998 3338 2060 3386 Τί
2088 3329 2176 3386 οὖν
2216 3328 2480 3393 δυσωπείς
2533 3333 2625 3404 μὲν
2682 3331 2821 3403 ἡμᾶς
2873 3325 2978 3381 ἀπὸ
3029 3335 3124 3390 τῆς
3169 3325 3505 3390 ἀξιοπιστίας
3555 3333 3658 3379 τῶν

1994 3422 2235 3497 oin-pm;
2268 3425 2378 3478 etc.
2424 3420 2642 3488 Quales
2671 3423 2871 3475 autem
2897 3416 3327 3487 producuntur
3355 3417 3608 3487 effectus
3629 3415 3659 3471 ‘I

1990 3511 2179 3580 Hujus
2199 3510 2433 3580 capilli,
2460 3507 2772 3580 inquiunt,
2790 3507 3001 3576 futuri
3022 3511 3165 3561 sunt
3193 3507 3399 3575 crispi,
3426 3506 3661 3562 oculive

1989 3599 2216 3657 decori:
2225 3599 2452 3655 Arietis
2464 3589 2686 3653 scilicet
2701 3595 2879 3652 habet
2892 3596 3107 3653 horam
3119 3611 3141 3650 .’
3154 3609 3412 3666 namque
3421 3595 3658 3652 animal

1988 3686 2152 3747 illud
2171 3686 2609 3761 quodammodo
2627 3686 2742 3742 tali
2760 3690 2847 3741 est
2866 3689 3134 3753 aspectu.
3160 3683 3315 3751 Quin
3335 3684 3514 3741 etiam
3541 3684 3659 3741 erit

1989 3779 2218 3852 grandi
2225 3778 2427 3835 animo
2441 3782 2494 3833 et
2509 3777 2687 3842 elato,
2702 3774 2926 3847 quippe
2934 3787 3112 3843 penes
3128 3775 3375 3829 arietem
3390 3777 3473 3829 est
3481 3773 3654 3842 prin-

1992 3869 2229 3940 cipatus
2243 3883 2268 3925 .’
2286 3868 2400 3925 erit
2416 3870 2473 3922 et
2489 3867 2720 3936 largus,
2744 3867 2800 3921 et
2820 3877 3034 3918 rursus
3053 3867 3448 3935 qumstuosus,
3464 3876 3657 3934 quan-

1991 3958 2309 4031 doquidem
2328 3957 2437 4014 hoc
2457 3956 2694 4013 animal
2712 3958 2768 4010 et
2785 3954 2942 4010 citra
2962 3953 3295 4009 molestiam
3311 3952 3552 4021 deponit
3571 3952 3658 4009 la-

1991 4063 2157 4118 nam,
2187 4053 2242 4105 et
2263 4061 2477 4103 rursus
2497 4044 2689 4116 facile
2706 4059 2745 4101 a
2764 4048 2994 4100 natura
3008 4042 3283 4099 vestitur.
3308 4039 3426 4098 Sed
3442 4046 3656 4098 natum

1992 4139 2058 4196 in
2090 4140 2309 4201 Tauro.
2339 4137 2695 4193 tolerantem
2732 4147 2853 4190 esse
2891 4131 3166 4188 laborum
3196 4131 3427 4199 dicunt,
3476 4136 3659 4202 atque

1992 4229 2298 4286 servilem:
2325 4226 2608 4298 quoniam
2616 4223 2772 4294 jugo
2786 4228 3001 4278 taurus
3013 4221 3360 4290 subjicitur.
3387 4219 3504 4287 Qui
3516 4234 3657 4277 vero

1993 4319 2187 4377 editus
2209 4322 2290 4374 est
2312 4315 2419 4372 sub
2430 4314 2773 4383 Scorpione,
2788 4312 2903 4368 erit
2906 4326 3006 4380 per
3023 4309 3456 4377 cussor,obeam
3472 4324 3657 4381 quam

1998 4423 2133 4466 cum
2158 4407 2271 4463 isto
2302 4404 2565 4462 animali
2600 4400 2777 4459 habet
2802 4399 3280 4457 similitudinem.
3313 4397 3428 4466 Qui
3454 4402 3656 4455 autem

1997 4499 2061 4554 in
2080 4496 2267 4553 Libra
2276 4499 2458 4551 natus
2474 4496 2581 4561 est,
2595 4491 2846 4561 futurus
2867 4494 2951 4547 est
2960 4486 3451 4559 justus,’propter
3466 4486 3656 4544 libra-

1997 4602 2134 4643 rum
2155 4584 2322 4655 apud
2338 4597 2446 4639 nos
2467 4580 2895 4652 aequalitatem.
2923 4576 3074 4645 Quid
3094 4577 3186 4634 his
3215 4576 3407 4647 magis
3427 4575 3657 4632 ridicu-

2000 4677 2123 4733 lum
2137 4689 2257 4731 esse
2266 4673 2453 4744 possit
2466 4674 2510 4727 .9.
2523 4709 2559 4726 ..
2580 4669 2884 4737 Quomodo
2903 4667 3096 4738 igitur
3115 4666 3289 4722 illinc
3313 4680 3657 4735 praecipuas

1996 4767 2135 4825 vitae
2150 4764 2434 4821 humana:
2449 4774 2665 4818 causas
2680 4758 2987 4829 proﬁcisci
3003 4757 3200 4825 doces,
3223 4761 3276 4811 et
3305 4769 3380 4812 ea:
3400 4755 3656 4812 terrenis

1995 4854 2323 4927 pecudibus
2337 4850 2714 4910 nascentium
2735 4847 3037 4905 hominum
3057 4860 3249 4902 mores
3264 4843 3552 4915 erprimis
3568 4848 3659 4900 at-

1997 4960 2109 5017 que
2129 4942 2369 5015 efﬁngis
2379 4944 2426 4997 ?.
2437 4982 2450 4996 .
2462 4981 2475 4995 .
2500 4939 2650 5000 Quid
2667 4952 2806 5007 ergo
2820 4936 2995 4993 ﬁdem
3012 4950 3087 4992 ea:
3101 4934 3282 4991 astris
3299 4932 3411 4990 tibi
3420 4933 3656 5004 faciens

1993 5033 2423 5106 perterrefacis
2447 5045 2554 5087 nos
2573 5032 2602 5084 ?
2640 5027 2772 5098 Qui,
2798 5025 2965 5100 quod
2994 5024 3075 5082 ad
3101 5023 3425 5081 hominum
3452 5026 3657 5080 ortum

1998 5123 2227 5193 attinet,
2250 5136 2375 5183 non
2394 5119 2588 5194 pluris
2614 5117 2754 5173 fecit
2782 5120 2947 5173 astra
2971 5126 3306 5185 eorumque
3333 5115 3554 5181 motus,
3579 5110 3654 5182 is,

1998 5218 2065 5271 ut
2087 5212 2236 5270 mihi
2266 5209 2517 5285 quidem
2544 5207 2801 5279 videtur,
2832 5203 3083 5262 minime
3125 5201 3403 5259 omnium
3455 5200 3655 5257 dicere

1996 5303 2192 5378 potuit
2210 5314 2423 5372 regum
2443 5296 2855 5355 successiones
2870 5293 3119 5351 cometis
3133 5290 3408 5349 indicari.
3421 5291 3563 5378 lam,
3573 5288 3658 5346 ad

1998 5377 2118 5452 alia
2140 5388 2630 5466 properabimus,
2654 5384 2762 5442 sed
2787 5384 2839 5440 si
2876 5383 3044 5458 prius
3069 5381 3220 5439 illud
3254 5395 3450 5437 unum
3495 5377 3657 5451 adje-

1999 5485 2280 5556 cerimus,
2303 5484 2538 5542 tantam
2566 5475 2933 5537 variantium
2961 5474 3293 5533 lectionum
3321 5469 3563 5545 copiam
3590 5467 3655 5527 in
