4092 6420
459 291 530 347 ιδ
1986 288 2369 346 PMFATIO.
3812 293 3877 349 36

458 413 625 470 libris
673 412 939 491 antiquis
989 416 1259 490 reperiri.
1312 421 1379 474 ut
1426 417 1475 472 si
1529 432 1740 475 omnes
1787 415 2116 473 voluissem
2148 417 2195 470 A
2224 415 2608 476 duleescendi
2622 420 2957 475 tocus.Haac
2973 417 3135 474 enim
3153 431 3291 473 cum
3311 431 3382 473 eo
3398 415 3565 489 quod
3589 415 3879 489 sequitur:

461 502 1101 575 exscribere,'modum
1117 507 1537 563 excessissem.
1566 504 2011 563 Eruditissimus
2026 503 2116 558 vir

458 592 862 651 Combeﬁsius
881 594 999 651 hoc
1020 611 1161 652 cum
1185 595 1717 654 animadvertisset
1739 595 1823 651 ita
1843 592 2113 667 scripsit:

457 681 605 738 Haec
631 682 908 747 homilia,
942 685 1104 755 quod
1131 685 1337 741 crebro
1365 685 1778 742 Ecclesiarum
1817 700 1930 740 usu
1969 684 2117 739 trita

457 771 719 828 maxime
735 772 1134 846 plurimisque
1155 774 1325 830 libris
1351 776 1764 832 ecclesiasticis
1787 773 2112 842 descripta,

456 858 714 915 diversis
739 866 925 918 scatet
959 863 1333 931 lectionibus,
1362 879 1474 933 pro
1505 879 1570 921 eo
1601 879 1673 921 ac
1716 863 1830 919 sibi
1872 862 2119 935 quisque

460 947 797 1005 describens
810 952 874 1007 in
889 966 1019 1008 sua:
1034 968 1200 1008 usum
1215 953 1522 1023 Ecclesiae,
1538 953 1821 1024 indulsit,
1840 957 1907 1008 ut
1919 966 2116 1007 vocem

460 1038 729 1111 aliquam
742 1046 1131 1109 mutaret,seu
1145 1043 1381 1114 aliquid
1390 1044 1625 1114 interpo
1633 1045 1921 1114 laret,pro
1934 1047 2115 1112 captu

456 1125 657 1196 ﬁdelis
683 1129 892 1200 plebis,
921 1131 1026 1188 cui
1046 1132 1346 1203 studebat,
1376 1134 1499 1190 sive
1527 1135 1704 1190 etiam
1749 1132 2116 1203 antiquariis

459 1215 545 1271 ita
566 1216 846 1289 obrepsit.
879 1219 1074 1276 Nolim
1094 1221 1343 1295 quidem
1367 1238 1505 1278 cum
1526 1222 1876 1279 doctissimo
1895 1221 2024 1277 viro
2044 1236 2118 1278 ea

461 1302 536 1360 de
561 1320 626 1361 re
653 1308 1023 1366 contendere
1047 1327 1060 1365 :
1103 1311 1212 1366 sed
1251 1315 1455 1368 tamen
1484 1312 1644 1368 hanc
1672 1311 1986 1368 homiliam
2015 1312 2117 1365 Ec-

461 1392 784 1453 clesiarum
812 1412 932 1453 usu
981 1399 1247 1455 maxime
1296 1400 1499 1456 tritam
1543 1400 1753 1466 fuisse,
1806 1415 2115 1473 nusquam

460 1481 724 1542 invenio.
750 1488 1039 1543 Praeterea
1066 1486 1231 1543 idem
1256 1487 1355 1544 ille
1385 1505 1569 1562 quem
1599 1489 1723 1545 dixi
1749 1490 1934 1545 homo
1965 1488 2115 1562 peri-

459 1570 728 1629 tissimus
749 1576 1153 1634 monuitduas
1179 1578 1378 1635 Basilii
1398 1581 1462 1635 in
1482 1581 1792 1651 jejunium
1813 1579 2115 1636 orationes

456 1660 623 1719 initio
681 1664 1179 1737 Quadragesimua
1231 1668 1470 1726 recitari
1513 1669 1759 1726 solitas:
1803 1669 1866 1725 in
1890 1669 2117 1742 quibus

457 1755 666 1808 tamen
696 1757 865 1811 tanta
894 1755 1280 1814 diversarum
1308 1757 1641 1816 lectionum
1673 1758 1851 1833 copia
1877 1774 2000 1815 non
2030 1774 2120 1815 re-

458 1842 709 1913 peritur.
727 1843 863 1915 Sed,
883 1848 951 1902 ut
966 1848 1029 1901 ut
1043 1846 1171 1902 hinc
1185 1852 1343 1911 sunt,
1361 1864 1474 1920 ego
1488 1849 2118 1906 arbitrorimmensam

457 1929 625 1989 illam
645 1932 1011 1991 variantium
1021 1934 1352 1993 lectionum
1361 1936 1812 1995 multitudinem
1825 1937 1904 1995 ad
1916 1954 2119 1995 meam

460 2020 814 2092 opinionem
846 2023 1328 2082 conﬁrmandam
1365 2027 1645 2083 nonnihil
1690 2027 1910 2083 valere.
1966 2031 2117 2085 Nam

461 2110 830 2182 experientia
859 2112 1108 2171 edoctus
1152 2131 1289 2172 sum
1335 2120 1463 2173 tam
1515 2116 1770 2174 multam
1822 2116 2118 2174 librorum

450 2198 851 2273 antiquorum
881 2202 1039 2260 inter
1064 2220 1128 2260 se
1160 2204 1637 2278 discrepantiam
1665 2209 1861 2275 νοθείας
1892 2206 2118 2282 saepius

461 2288 867 2348 certissimum
897 2292 1144 2364 signum
1173 2310 1327 2351 esse.

752 2411 842 2465 VI.
882 2410 971 2471 De
997 2411 1253 2469 homilia
1279 2412 1344 2469 in
1372 2412 1820 2482 pwnitentiam.

535 2563 620 2618 t8.
653 2564 873 2619 Auctor
890 2561 1078 2635 hujus
1109 2563 1425 2634 orationis,
1455 2564 1736 2641 quisquis
1768 2568 1876 2637 est,
1910 2579 2034 2622 non
2056 2564 2118 2621 id

459 2648 577 2707 sibi
598 2652 940 2725 proposuit,
988 2658 1053 2709 ut
1084 2653 1393 2717 auditores
1417 2670 1561 2719 suos
1593 2653 1675 2711 ad
1700 2653 2117 2728 pcenitentiam

458 2738 822 2812 hortaretur,
848 2740 959 2798 sed
984 2748 1049 2799 ut
1076 2743 1445 2800 Novatianos
1484 2748 1543 2800 et
1571 2743 1981 2810 Montanistas,
2012 2742 2119 2816 qui

456 2828 872 2900 paenitentiam
885 2829 1215 2903 negabant,
1233 2832 1587 2891 confutaret.
1602 2834 1766 2890 Hanc
1781 2832 2116 2889 orationem

460 2916 540 2980 ab
570 2917 777 2992 aliquo
808 2919 1095 2993 episcopo
1128 2919 1374 2977 alterius
1403 2921 1672 2996 episcopi
1708 2926 1925 2993 rogatu
1953 2937 2116 2978 com-

456 3007 724 3085 positam
773 3008 978 3078 fuisse,
1032 3009 1234 3082 prima
1277 3009 1467 3067 verba
1521 3014 1726 3083 aperte
1768 3010 2109 3066 ostendunt.

459 3080 915 3155 Eruditissimus
951 3080 1054 3155 vir—
1083 3099 1496 3157 Tillemontius
1523 3080 1607 3157 ita
1632 3100 1707 3156 de
1744 3099 1861 3156 hoc
1888 3099 2116 3172 scripto
2153 3080 2195 3139 θ

460 3186 698 3243 disserit
728 3188 832 3260 (a),
874 3195 940 3244 ut
986 3188 1041 3245 ei
1090 3187 1311 3245 exilem
1360 3189 1700 3263 quamdam
1752 3187 2116 3264 suspicionis

457 3281 670 3341 notam
692 3277 929 3347 inurat;
963 3277 1070 3335 sed
1101 3278 1322 3335 fatetur
1354 3280 1553 3351 ipsam
1577 3295 1689 3353 pro
1718 3295 1862 3340 vera
1882 3278 1962 3336 ab
1988 3294 2118 3335 eru-

458 3366 597 3429 ditis
620 3367 974 3431 hominibus
998 3368 1294 3429 hactenus
1322 3367 1599 3430 habitam
1627 3369 1831 3429 fuisse.
1860 3371 1984 3440 Ego
2014 3383 2118 3425 au-

458 3459 581 3519 tem
592 3455 718 3513 sive
731 3455 936 3525 verba,
953 3457 1077 3514 sive
1092 3456 1419 3516 verborum
1436 3459 1967 3528 constructionem,
1990 3458 2117 3515 sive

459 3545 785 3609 sententias
803 3546 972 3625 ipsas
999 3546 1400 3619 considerem,
1432 3548 1581 3605 nihil
1611 3564 1887 3622 unquam
1913 3548 2116 3604 minus

450 3634 828 3697 Basilianum
852 3635 1000 3697 vidi.
1031 3637 1338 3697 Proferam
1366 3637 1597 3711 aliquot
1615 3637 1770 3710 loca,
1799 3654 1871 3694 ex
1893 3637 2117 3712 quibus

459 3726 523 3785 id
550 3726 718 3802 quod
746 3727 904 3797 dico,
932 3728 1177 3803 probari
1204 3728 1416 3802 possit.
1443 3730 1655 3791 Statim
1677 3730 1941 3787 occurrit
1967 3727 2120 3784 illud

458 3816 548 3889 (p.
571 3816 697 3889 603)
722 3834 736 3873 :
772 3821 933 3883 Φησὶν
958 3819 983 3877 ὁ
1012 3825 1184 3872 ταῦτα
1211 3816 1417 3881 πλάσας
1444 3822 1548 3870 ὅτι·
1596 3818 1715 3873 Ἐὰν
1762 3823 2009 3890 γένωνται
2061 3819 2119 3874 αἱ

458 3904 719 3980 ἁμαρτίαι
765 3908 908 3980 ὑμῶν
948 3910 1015 3971 ὡς
1058 3910 1125 3960 τὰ
1153 3906 1360 3963 ἄπλυτοι
1406 3913 1690 3983 χρώματα,
1737 3908 1782 3963 εἰ
1817 3908 2116 3978 λούσοισθε,

450 4002 764 4071 μεταπίπτει
836 4003 911 4065 εὶς
970 4001 1311 4073 καθαρότητα
1359 4002 1559 4071 χιόνος·
1594 4000 1760 4056 Dicit
1792 4004 1991 4057 tamen
2017 4002 2123 4075 qui

461 4086 588 4147 haec
617 4088 885 4147 condidit
905 4105 916 4142 :
938 4088 1011 4145 Si
1026 4088 1267 4159 fuerint
1291 4094 1546 4158 peccata
1568 4095 1768 4147 vestra
1785 4090 1947 4147 velut
1965 4091 2123 4147 colo-

459 4190 557 4236 res
585 4178 693 4251 qui
714 4179 841 4236 elui
862 4192 985 4239 non
1003 4180 1349 4248 possunt,si
1366 4179 1541 4242 modo
1564 4180 1950 4249 lavemini,in
1963 4181 2119 4237 nivis

452 4267 789 4341 puritatem
818 4268 1201 4338 transibunt;
1231 4267 1335 4325 ubi
1356 4267 1555 4342 quivis
1583 4268 1736 4329 alius
1765 4269 1951 4326 homo
1971 4285 2122 4343 pau-

459 4354 589 4414 lum
616 4356 804 4417 modo
833 4356 1177 4428 diligentior
1204 4372 1315 4430 pro
1344 4363 1678 4431 μεταπίπτει,
1711 4360 1953 4429 transit,
1980 4359 2119 4415 scri-

2223 505 2523 563 cohaarere
2551 524 2676 567 non
2701 507 3025 576 videntur;
3074 510 3132 562 et
3179 521 3306 580 qua
3346 505 3579 563 ratione
3622 507 3880 577 scriptor

2222 591 2373 650 dixit
2391 595 2722 652 relaturum
2737 610 2798 650 se
2821 599 3180 665 argumenta
3192 610 3266 650 ex
3278 594 3468 650 Veteri
3480 595 3878 663 Testamento,

2224 685 2507 754 quoniam
2530 686 2705 743 rebus
2725 685 3030 755 salsugine
3050 683 3294 739 imbutis
3315 698 3436 739 non
3451 683 3640 739 datur
3653 682 3877 739 dulces-

2223 772 2395 828 cendi
2410 774 2593 849 locus,
2613 774 2827 831 eadem
2847 772 3027 847 plane
3040 773 3239 829 dicere
3252 772 3543 845 potuisset
3554 772 3879 828 relaturum

2225 876 2288 917 se
2309 870 2670 933 argumenta
2690 880 2763 921 ex
2783 866 2949 919 Novo
2971 865 3373 933 Testamento,
3396 864 3679 933 quoniam
3704 863 3878 919 rebus

2222 951 2533 1021 salsugine
2552 953 2795 1009 imbutis
2822 952 3161 1023 nonjdatur
3192 953 3572 1010 'tulcescendi
3600 953 3787 1008 locus.
3817 953 3879 1008 Et

2223 1054 2367 1095 vero
2390 1056 2515 1099 non
2544 1058 2731 1097 unum
2756 1041 2955 1112 magis
2976 1039 3237 1098 cohaeret
3258 1054 3400 1097 cum
3426 1056 3498 1097 eo
3518 1041 3683 1113 quod
3707 1040 3878 1096 infer-

2224 1132 2338 1196 tur,
2362 1145 2550 1203 quam
2574 1129 2740 1187 aliud
2760 1149 2771 1187 :
2802 1130 2899 1186 vel
2921 1136 2987 1187 ut
3017 1130 3212 1188 verius
3232 1130 3458 1195 dicam,
3484 1138 3767 1186 neutrum
3790 1145 3878 1185 co-

2222 1218 2426 1275 haeret.
2454 1222 2587 1277 Haec
2610 1224 2676 1277 ut
2696 1220 2894 1277 Basilii
2912 1235 3036 1276 non
3058 1225 3221 1283 sunt,
3244 1220 3327 1277 ita
3346 1235 3457 1275 nec
3479 1236 3609 1292 quae
3621 1235 3880 1292 sequun-

2224 1311 2319 1364 tur
2345 1308 2505 1383 (pag.
2538 1312 2661 1366 604i
2687 1326 2703 1366 :
2730 1316 2816 1373 Ὠς
2837 1314 3171 1385 προσέχουσι
3202 1307 3261 1363 ὁ⁵⁶ε
3289 1309 3439 1384 λέγω,
3466 1313 3579 1363 ὅθεν
3600 1315 3687 1363 καὶ
3719 1309 3877 1383 βαρύ-

2223 1416 2368 1472 τερον
2441 1401 2832 1474 inrogat...”
2916 1405 3005 1462 Ti;
3080 1400 3417 1474 ἀσεϐέστερος
3494 1399 3878 1474 ἀιοαγεγραπται

2222 1495 2317 1539 τοῦ
2351 1488 2560 1559 Ἀχαάϐ
2578 1508 2590 1553 ;
2634 1491 2703 1551 ὡς
2753 1488 3172 1562 ἀναγινώσκουσι
3200 1488 3352 1561 λέγω·
3383 1489 3691 1561 Alloquor
3720 1491 3878 1547 velut

2225 1582 2507 1647 attentos,
2530 1580 2691 1635 unde
2718 1582 3008 1651 graviora
3031 1580 3362 1651 attingo....
3398 1578 3539 1646 Quis
3559 1580 3753 1650 magis
3774 1580 3879 1635 im-

2223 1682 2362 1737 pius
2386 1682 2567 1740 quam
2588 1666 2840 1725 Achaab
2861 1669 3197 1738 descriptus
3219 1667 3347 1726 est?
3365 1669 3525 1725 velut
3552 1669 3879 1740 tegentibus

2230 1754 2463 1827 loquor.
2487 1756 2585 1812 [iis
2606 1756 2870 1813 auctoris
2884 1755 3102 1827 verbis,
3128 1757 3288 1813 velut
3307 1755 3631 1829 legentibus
3648 1756 3878 1831 loquor,

2226 1844 2377 1902 nihil
2405 1845 2596 1902 simile
2632 1847 2694 1903 in
2736 1847 2890 1905 veris
2938 1861 3010 1905 ac
3045 1845 3396 1903 indubitatis
3435 1845 3633 1901 Basilii
3666 1846 3880 1902 oratio-

2227 1934 2409 1992 nibus
2436 1934 2774 1992 invenitur:
2809 1940 2913 1992 aut
2941 1940 3099 1992 certe
3129 1951 3268 1991 cum
3298 1935 3467 2006 illud,
3506 1935 3636 2007 λέγω
3665 1942 3752 2003 ὡς,
3784 1935 3879 1991 bis

2226 2024 2384 2081 intra
2398 2039 2629 2096 paucos
2653 2039 2861 2081 versus
2883 2024 3150 2099 positum
3168 2024 3313 2091 vidi,
3336 2023 3881 2099 peregrinialiquid

2225 2118 2284 2171 et
2308 2113 2533 2170 insoliti
2559 2112 2758 2170 videre
2778 2112 2927 2169 mihi
2943 2114 3111 2170 visus
3133 2130 3290 2172 sum.
3314 2118 3504 2187 Atque
3528 2113 3591 2169 in
3611 2113 3725 2170 hac
3744 2102 3881 2170 mea

2227 2204 2525 2262 sententia
2563 2203 2959 2261 conﬁrmatus
3001 2203 3107 2273 fui,
3148 2221 3290 2262 cum
3322 2203 3506 2261 incidi
3553 2204 3615 2260 in
3644 2218 3716 2261 ea
3743 2220 3879 2278 quae

2228 2293 2433 2351 statim
2472 2293 2945 2365 subjunguntur,
2992 2290 3175 2353 ἐπειδὴ
3231 2297 3353 2368 ὑμῖν
3395 2293 3667 2365 λαλοῦμεν,
3731 2295 3882 2346 εἴπω-

2226 2403 2317 2458 μεν
2338 2388 2428 2437 καὶ
2461 2388 2796 2459 σαφέστερον,
2829 2385 3115 2456 quoniam
3138 2385 3516 2457 alloquimur
3532 2399 3652 2456 vos,
3679 2384 3882 2456 loqua-

2224 2490 2366 2530 mur
2383 2481 2436 2531 et
2460 2476 2705 2531 clarius.
2722 2472 2867 2529 Mihi
2888 2474 3051 2531 enim
3070 2474 3436 2548 persuadere
3457 2488 3579 2530 non
3596 2473 3766 2547 potui
3784 2476 3884 2529 Ba-

2228 2564 2428 2620 silium
2457 2566 2740 2634 Magnum
2765 2567 2847 2618 ita
2876 2563 2967 2620 sui
2998 2563 3362 2620 dissimilem
3399 2563 3607 2626 fuisse,
3638 2567 3704 2619 ut
3733 2578 3882 2635 prae-

2227 2660 2314 2711 ter
2334 2653 2835 2713 consuetudinem
2865 2651 3058 2709 multa
3088 2653 3209 2709 fere
3240 2652 3617 2709 continenter
3643 2652 3876 2723 dixerit,

2226 2760 2360 2819 quze
2385 2744 2582 2800 dicere
2602 2758 2725 2799 non
2752 2742 2953 2798 solum
2979 2742 3130 2799 nihil
3150 2742 3462 2811 attinebat,
3487 2742 3592 2798 sed
3614 2758 3751 2815 quae
3775 2756 3883 2819 per

2226 2850 2288 2890 se
2308 2832 2583 2908 puerillia
2620 2838 2762 2889 sunt
2808 2838 2866 2891 et
2905 2832 3245 2909 nugatoria.
3297 2834 3487 2897 Nunc,
3536 2836 3602 2887 ut
3651 2831 3880 2887 leviora

2223 2921 2509 2997 quaedam
2540 2923 2911 2995 omittamus,
2936 2925 3011 2981 de
3034 2921 3341 2997 scriptoris
3363 2920 3638 2977 doctrina
3666 2919 3878 2993 loqua-

2224 3016 2604 3086 mur.ltaque
2625 3012 2700 3068 de
2720 3013 2898 3087 lapsu
2925 3013 3165 3070 Davidis
3189 3009 3375 3067 verba
3399 3008 3628 3067 faciens
3648 3014 3878 3077 auctor,

2226 3102 2313 3158 sic
2355 3101 2560 3157 scribit
2637 3111 2799 3176 (pag.
2853 3107 3019 3161 604):
3077 3107 3237 3155 Ὅσον
3280 3100 3341 3152 ἂν
3369 3103 3502 3173 πέσῃ
3560 3101 3585 3149 ὁ
3637 3099 3880 3173 ἰσχυρὸς,

2226 3198 2444 3263 ταχεῖαν
2488 3193 2602 3263 ἔχει
2640 3212 2733 3249 την
2784 3191 3093 3246 ἀνάστασιν·
3157 3190 3468 3265 Ἀγανακτεῖ
3511 3191 3536 3240 ὁ
3596 3185 3880 3245 Auﬁdum

2227 3280 2394 3343 Εὐθὺς
2450 3282 2535 3333 επὶ
2593 3284 2650 3334 τὸ
2704 3284 2971 3358 φάρμακον
3028 3280 3290 3340 ἐλήλυθεν·
3363 3276 3471 3332 εἶδε
3537 3282 3596 3331 τὸ
3651 3286 3880 3351 τραῦμα·

2225 3373 2507 3444 προςέφυγε
2543 3378 2616 3442 τῷ
2676 3371 2856 3446 ἰατρῳ·
2918 3378 3206 3446 Ἥμαρτον,
3275 3374 3428 3442 φησὶ,
3494 3372 3583 3420 καὶ
3643 3368 3794 3430 εύθύς
3850 3369 3881 3425 ἡ

2225 3463 2388 3522 ἴασις·
2446 3465 2545 3513 Καὶ
2593 3462 2619 3512 ὁ
2663 3463 2851 3535 Κύριος
2895 3464 3187 3535 παρήνεγκέ
3246 3479 3342 3511 σου
3393 3462 3452 3512 τὸ
3481 3458 3792 3533 ἁμάρτημα·
3822 3462 3884 3510 Τί

2225 3550 2323 3626 γὰρ
2359 3548 2559 3624 βούλει²
2608 3550 2657 3603 ἓν
2706 3551 2995 3626 ἁμάρτημα
3033 3552 3343 3626 λογισθῆναι
3387 3551 3572 3618 ὁσίοις,
3618 3548 3647 3607 ἦ
3690 3546 3885 3605 πολλὴν

2229 3637 2571 3700 δικαιοσύνην
2617 3659 2630 3707 ;
2704 3640 2979 3701 Ἐποίησεν
3028 3640 3311 3715 ἁμαρτίαν,
3362 3637 3474 3689 ἀλλ’
3528 3637 3745 3695 ἐποίησε
3797 3638 3886 3691 καὶ

2225 3728 2418 3791 πολλὰς
2473 3727 2837 3792 δικαιοσύνας·
2915 3735 2978 3783 Τί
3029 3727 3233 3783 δίκαιον
3288 3730 3432 3801 παρὰ
3491 3724 3684 3800 δικαίῳ
3743 3734 3884 3798 Θεῳ,

2226 3826 2330 3871 τῶν
2379 3818 2564 3891 ὀλίγων
2603 3826 2981 3893 μνημονεῦσαι,
3049 3819 3077 3878 ἦ
3160 3826 3262 3871 τῶν
3330 3816 3531 3870 πολλῶν
3611 3816 3888 3870 ὶπιλανθσὶ-

2228 3910 2446 3975 νεσθαι;
2485 3914 2657 3961 *Εστω
2699 3911 2870 3981 ζογὸς,
2922 3913 3008 3961 καὶ
3130 3916 3434 3983 μετροῦμεν,
3497 3908 3885 3981 μετρηθήσεται

2230 3993 2375 4071 ἡμῖν·
2430 4001 2495 4055 Εἰ
2542 3997 2754 4051 πλείονα
2811 4000 2877 4050 τὰ
2928 3998 3306 4072 ἁμαρτήματα,
3359 4000 3494 4050 ἔστω
3551 3994 3885 4070 ἁμαρτωλός·

2230 4088 2275 4141 εἰ
2314 4086 2372 4141 δὲ
2411 4087 2621 4141 πλείονα
2666 4089 2734 4141 τὰ
2778 4086 3133 4162 δικαιώματα,
3184 4090 3319 4141 ἔστω
3378 4084 3604 4151 δίκαιος·
3664 4086 3751 4149 Εἷς
3799 4088 3887 4137 καὶ

2230 4174 2320 4241 εἷς·
2360 4180 2425 4231 τὰ
2478 4181 2576 4255 γὰρ
2624 4178 2749 4252 παρ’
2800 4180 2922 4251 ἡμῖν
2969 4182 3139 4232 πάντα
3196 4177 3251 4231 ἐκ
3310 4184 3403 4230 τοῦ
3462 4176 3695 4241 πλείονος
3749 4174 3888 4248 λέγε-

2228 4283 2336 4321 ται·
2367 4272 2469 4321 Καὶ
2498 4275 2591 4320 τοῦ
2615 4267 2799 4322 λευκοῦ
2845 4267 2959 4323 ἐστι
3014 4268 3339 4343 λευκότερον,
3391 4271 3481 4320 καὶ
3532 4273 3623 4319 τού
3672 4264 3889 4339 γλυκέος

2231 4357 2303 4421 εἰς
2345 4360 2618 4432 σύγκρισιν
2671 4356 2795 4410 ἄλλο
2837 4357 3171 4432 γλυκύτερον·
3252 4356 3387 4410 οὕτω
3431 4360 3517 4408 καὶ
3579 4356 3627 4407 οἱ
3690 4351 3889 4406 δίκαιοί

458 4445 685 4519 psisset
710 4449 1118 4519 μεταπίπτουσι,
1150 4446 1524 4516 transibunt,
1557 4447 1835 4505 videlicet
1863 4450 1919 4501 αἱ
1948 4447 2117 4524 ἁμαρ-

2231 4446 2385 4521 ἐσμεν
2424 4447 2493 4511 ὠς
2547 4448 2829 4522 ἄνθρωποι,
2882 4448 2988 4520 οὐχ
3037 4450 3105 4511 ὡς
3160 4449 3189 4505 ἡ
3253 4446 3493 4522 ἁμαρτία
3545 4441 3885 4501 δικαιοσύνη·

462 4539 573 4589 τὶαὶ
618 4537 737 4594 Nec
784 4536 869 4599 ita
910 4536 1105 4597 multo
1149 4542 1288 4611 post
1334 4536 1416 4595 ita
1447 4537 1738 4611 scriptum
1780 4538 2114 4595 invenitur:

465 4621 787 4684 Ἀλλ’ὶπειδή
835 4625 927 4679 οὐκ
966 4628 1081 4699 ἔχει
1129 4631 1310 4701 χώραν
1357 4625 1729 4698 γλυκαινεσθαι
1774 4630 1839 4680 τὰ
1886 4627 2115 4704 ἁλμυρὰ,

461 4713 670 4791 λέγομεν
720 4712 780 4773 δὲ
833 4720 919 4770 καὶ
978 4718 1129 4790 ἡμεῖς
1177 4724 1265 4768 νῦν
1312 4714 1414 4770 ἀπὸ
1464 4717 1718 4783 Παλαιᾶς,
1791 4721 2011 4791 εῖπώμεν
2071 4724 2120 4771 τί

459 4804 790 4881 ἀντιλέγουσι
815 4810 943 4881 πρὸς
974 4810 1041 4860 τὰ
1070 4807 1126 4860 ἐκ
1156 4816 1250 4870 τῆς
1284 4808 1515 4871 Παλαιᾶς
1536 4807 1803 4882 λεγόμενα.
1830 4809 1951 4866 Sed
1970 4824 2119 4881 quo-

458 4897 632 4955 niam
661 4897 837 4955 rebus
883 4898 1196 4968 salsugine
1230 4899 1476 4956 imbutis
1524 4916 1645 4957 non
1676 4899 1863 4956 datur
1898 4900 2111 4955 dulce-

461 4987 668 5045 δεθηᾱί
680 4988 869 5057 locus,
895 5002 1120 5061 nosque
1138 5003 1302 5046 nunc
1318 4991 1498 5045 verba
1515 4989 1891 5059 pro/erimus
1914 5004 1988 5048 ex
2020 4990 2117 5046 Ve-

464 5077 581 5137 teri
597 5077 987 5148 Testamento,
1000 5078 1335 5148 referamus
1347 5078 1497 5149 quid
1506 5094 1581 5149 op
1582 5084 1817 5149 ponant
1829 5080 2043 5137 advers
2050 5096 2116 5137 us

460 5180 534 5224 ea
544 5181 769 5239 quaeea:
790 5167 984 5231 Veteri
996 5168 1311 5225 dicuntur.
1340 5167 1564 5239 Melius,
1585 5168 1701 5225 nisi
1724 5167 1918 5239 fallor,
1941 5168 2118 5227 abes-

464 5261 555 5313 set
573 5255 741 5324 illud,
774 5253 955 5317 ἐπειδή
993 5258 1087 5311 ούκ
1132 5260 1248 5331 ἔχει
1294 5263 1475 5332 χώραν
1518 5258 1885 5331 γλυκαίνεσθαι
1930 5262 1996 5313 τὰ
2031 5259 2118 5312 ἀλ-

452 5348 625 5421 μυρά,
653 5349 942 5420 quoniam
962 5347 1136 5406 rebus
1163 5349 1473 5425 salsugine
1498 5349 1739 5411 imbutis
1780 5366 1901 5409 non
1928 5350 2119 5413 datur

569 5473 591 5509 ⁷
634 5474 827 5544 i’Reg.
850 5488 945 5543 xu,
980 5475 1068 5530 13.

570 5599 649 5671 (a)
688 5600 855 5657 'l‘om.
891 5601 976 5671 1x,
1001 5612 1063 5673 p.
1096 5600 1200 5656 296
1234 5601 1292 5657 et
1320 5601 1441 5657 687.

2228 4539 2379 4590 Ὅθεν
2432 4539 2458 4589 ὁ
2511 4542 2630 4601 Υιός
2673 4546 2763 4591 τοῦ
2819 4546 2953 4591 Θεοῦ
3010 4534 3322 4596 δικαιοσύνη
3373 4536 3569 4599 ἀκούει,
3642 4537 3791 4607 ἡμεῖς
3830 4529 3892 4585 δι

2229 4627 2516 4702 μεταλήψει
2556 4625 2899 4691 δικαιοσύνης
2932 4624 3153 4681 δίκαιοι·
3194 4632 3292 4680 Καὶ
3321 4632 3554 4688 Μωυσῆς
3586 4623 3808 4683 ἓλάλησέ
3837 4643 3891 4674 τι

2228 4727 2291 4791 τῇ
2319 4717 2543 4791 γλώττῃ,
2578 4716 2688 4771 ἀλλ’
2712 4718 2807 4770 ούκ
2833 4716 3103 4791 ἀπελήφθη
3137 4725 3199 4790 τῇ
3231 4718 3454 4790 ἱστορίᾳ.
3490 4714 3891 4784 Quantumvis

2226 4817 2371 4865 sane
2395 4807 2564 4865 cadat
2589 4808 2796 4878 fortis,
2842 4808 2956 4863 cito
2995 4808 3278 4877 resurgit.
3308 4807 3451 4863 Rem
3490 4805 3734 4860 moleste
3759 4805 3891 4874 fert

2224 4899 2490 4955 David...
2509 4898 2731 4955 Statim
2750 4897 2996 4953 accessit
3013 4897 3092 4953 ad
3104 4896 3456 4953 remedium:
3477 4894 3625 4951 vidit
3644 4894 3789 4949 vuln
3799 4909 3890 4963 us,

2226 4989 2308 5045 ad
2321 4988 2615 5045 medicum
2630 4988 2927 5059 confugit.
2954 4986 3270 5054 «Peccavi,
3288 5007 3316 5035 »
3344 4986 3563 5057 inquit,
3583 4990 3640 5041 et
3658 4983 3889 5055 confes-

2227 5080 2332 5134 tim
2360 5078 2529 5134 adest
2557 5076 2812 5132 medela.
2845 5098 2873 5125 ‹‹
2898 5076 2975 5132 Et
3005 5076 3299 5132 Dominus
3331 5075 3651 5131 transtulit
3680 5088 3893 5143 pecca-

2229 5174 2355 5224 tum
2378 5168 2599 5224 tuum".
2618 5188 2645 5215 »
2678 5166 2833 5234 Quid
2853 5167 3007 5222 enim
3038 5168 3146 5236 vis,
3172 5181 3437 5221 unumne
3448 5169 3764 5235 peccatum
3782 5165 3893 5219 im-

2222 5258 2441 5328 putari
2462 5255 2713 5324 sanctis,
2733 5270 2813 5311 an
2827 5255 3136 5327 justitiam
3154 5254 3411 5311 multam
3429 5258 3457 5309 γ
3490 5253 3658 5310 Fecit
3677 5266 3892 5321 pecca-

2230 5354 2381 5414 tum,
2409 5351 2471 5404 at
2498 5346 2645 5417 fecit
2675 5350 2855 5403 etiam
2876 5345 3152 5416 justitias
3184 5344 3432 5401 multas.
3468 5342 3627 5412 Quid
3648 5344 3895 5412 justum
