4092 6454
263 330 331 384 37
1781 326 2163 386 PWATIO.
3612 337 3682 396 38

260 456 347 510 est
367 453 533 523 apud
541 454 778 523 justum
799 454 1437 527 Deum,'paucorumne
1457 458 1810 528 meminisse,
1833 469 1914 511 an
1944 452 1991 510 Δ
2023 449 2130 521 qui
2161 453 2337 512 Persa
2364 467 2490 515 non
2515 454 2715 524 fuerit,
2739 454 2824 516 ita
2844 456 3179 528 scripsisse.
3206 457 3492 531 Sequitur
3511 472 3679 531 (pag.

262 543 593 598 multorum
623 542 897 600 oblivisci
917 548 942 598 .9
971 546 1064 602 Sit
1091 551 1360 616 statera;
1397 553 1455 604 et
1485 564 1605 620 qua
1633 561 1916 604 mensura

258 635 447 689 mensi
467 633 788 702 fuerimus,
819 634 1186 694 admetietur
1197 637 1365 694 nobis
1377 679 1390 692 .
1404 639 1474 694 Si
1480 644 1724 707 peccata
1732 639 1918 708 plura

260 727 422 790 sunt,
451 724 530 778 sit
556 731 878 793 peccator:
899 726 994 781 sin
1023 728 1284 796 justitiae
1315 729 1548 798 plures,
1595 729 1669 784 sit
1690 730 1915 798 justus.

270 812 436 868 Unus
461 817 514 868 et
535 828 724 870 unus:
755 829 897 871 nam
922 817 1126 873 omnia
1147 823 1358 874 nostra
1388 833 1465 874 ea:
1485 817 1922 878 abundantiori

252 901 641 969 judicantur.
691 904 764 958 Et
791 918 886 960 res
911 919 1038 961 una
1067 906 1214 962 alba
1244 907 1456 963 albore
1487 911 1814 976 superatur
1841 906 1918 961 ab

260 991 459 1046 altera
469 1003 492 1061 ,'
512 996 565 1046 et
586 991 775 1062 dulci,
798 994 853 1048 si
867 1009 1194 1064 compares,
1224 997 1464 1068 aliquid
1484 997 1658 1054 aliud
1677 997 1920 1055 dulcius

260 1085 369 1136 est.
395 1079 494 1136 Sic
521 1081 700 1138 etiam
723 1083 884 1152 justi
911 1099 1116 1141 sumus
1147 1093 1438 1158 tanquam
1472 1088 1756 1153 homines,
1797 1100 1919 1140 non

260 1169 424 1240 quod
435 1177 750 1239 peccatum
762 1175 1011 1243 justitta
1030 1175 1130 1230 sit.
1161 1175 1328 1232 Unde
1347 1176 1543 1232 Filius
1559 1177 1669 1232 Dei
1672 1176 1922 1246 justitia

263 1264 547 1316 vocatur:
575 1275 684 1316 nos
709 1276 850 1318 vero
876 1265 1352 1333 participatione
1367 1267 1629 1335 justitiar
1642 1265 1804 1336 justi
1828 1279 1923 1319 su-

263 1363 414 1404 mus.
435 1349 514 1404 Et
533 1350 768 1421 Moyses
793 1353 1005 1423 lingua
1029 1356 1267 1412 locutus
1288 1361 1374 1412 est
1390 1356 1648 1428 aliquid,
1663 1355 1824 1427 quod
1837 1359 1923 1410 ta»

259 1453 392 1495 men
421 1454 542 1496 non
572 1455 990 1512 comprensum
1017 1450 1108 1501 est
1142 1445 1425 1502 historia.
1469 1445 1647 1514 Quid,
1681 1460 1916 1519 quoeso.

263 1527 378 1584 hac
393 1527 668 1586 doctrina
687 1535 791 1586 aut
805 1531 1000 1603 pejus,
1022 1536 1128 1590 aut
1148 1534 1347 1590 minus
1371 1535 1736 1592 Basilianum
1752 1549 1926 1590 exco-

265 1615 441 1685 gitari
468 1618 666 1689 potuit
689 1620 718 1674 ‘l
743 1620 1094 1686 Quamlibet
1114 1623 1315 1693 gravis
1340 1624 1415 1681 sit
1438 1624 1649 1697 lapsus
1668 1623 1782 1680 viri
1807 1624 1922 1680 for-

2177 561 2191 600 :
2234 544 2384 598 Οὕτω
2407 548 2494 597 καὶ
2525 547 2574 596 οἱ
2606 542 2807 598 δίκαιοί
2839 544 2992 618 ἐσμεν
3020 548 3090 608 ὡς
3131 547 3410 620 ἄνθρωποι,
3458 549 3564 620 οὐχ
3613 551 3682 612 ὡς

2028 631 2058 688 ἡ
2112 629 2348 704 ἁμαρτία
2400 629 2732 692 δικαιοσύνη·
2787 637 2957 699 Ὅθεν,
3017 640 3130 692 etc.
3185 636 3286 695 Sic
3324 639 3503 696 etiam
3525 637 3686 708 justi

2027 733 2232 776 sumus
2261 727 2553 793 tanquam
2586 723 2873 790 homines,
2906 737 3028 778 non
3067 729 3132 785 ut
3159 732 3472 793 peccatum
3501 729 3686 796 justi-

2030 808 2134 868 tia.
2166 809 2352 882 Unde,
2375 815 2486 871 etc.
2506 811 2731 868 Cretera
2751 827 2876 872 non
2894 811 3177 884 improbo
3194 831 3207 881 ;
3225 813 3334 874 sed
3351 813 3413 876 in
3433 814 3556 883 illo,
3581 815 3685 886 οὐχ

2027 898 2098 961 ὡς
2128 900 2156 956 ἡ
2191 897 2424 973 ἁμαρτία
2455 895 2786 967 δικαιοσύνη,
2823 917 2944 957 non
2974 907 3041 956 ut
3067 908 3385 971 peccatum
3418 905 3684 974 justitia,

2025 985 2270 1044 obscuri
2290 987 2522 1060 aliquid
2543 993 2600 1048 et
2621 989 2844 1052 absoni
2865 990 3063 1048 inesse
3093 992 3240 1050 mihi
3258 993 3516 1054 videtur.
3540 996 3687 1052 Rur—

2027 1091 2130 1130 sus
2153 1075 2238 1134 ita
2267 1078 2468 1136 statim
2496 1077 2754 1148 legitur:
2811 1079 2985 1152 Ἡμεῖς
3037 1078 3096 1132 δὲ
3143 1080 3432 1153 μεταλήψει
3488 1079 3686 1138 δικαιο-

2031 1166 2190 1228 σύνης
2223 1162 2438 1222 δίκαιοι·
2497 1171 2599 1223 Καὶ
2645 1174 2841 1226 Μωϋσῆ
2853 1189 2873 1231 ς
2905 1167 3126 1227 ἐλάλησέ
3153 1191 3204 1226 τι
3233 1178 3296 1243 τῇ
3329 1170 3555 1244 γλώττῃ,
3576 1171 3689 1226 ἀλλ’

2031 1255 2123 1307 οὐκ
2154 1253 2416 1327 ἀπελήφθη
2450 1276 2513 1329 τῃ
2548 1258 2777 1329 ἱστορίᾳ·
2822 1261 2922 1312 Καὶ
2959 1257 3214 1332 Ἀϐραάμ,
3248 1265 3359 1318 etc.
3390 1261 3517 1320 N08
3548 1277 3688 1322 vero

2025 1347 2501 1415 participatione
2543 1348 2801 1416 justitia‘:
2843 1349 3003 1418 justi
3055 1365 3278 1408 sumus.
3325 1351 3407 1406 Et
3454 1352 3689 1423 Moyses

2036 1436 2246 1506 lingua
2274 1437 2507 1492 locutus
2535 1441 2620 1494 est
2645 1438 2903 1509 aliquid,
2936 1440 3094 1511 quod
3142 1445 3341 1496 tamen
3368 1457 3490 1500 non
3534 1458 3686 1502 com-

2025 1526 2391 1595 prehensum
2415 1531 2502 1582 est
2533 1527 2807 1585 historia.
2840 1529 2919 1584 Et
2960 1529 3295 1598 Abraham,
3325 1534 3434 1589 etc.
3491 1532 3601 1592 Ubi
3624 1533 3690 1592 il—

2029 1614 2158 1684 lud,
2213 1617 2289 1674 Et
2329 1616 2564 1686 Moyses
2608 1617 2817 1686 lingua
2849 1617 3085 1680 locutus
3123 1624 3209 1678 est
3238 1621 3495 1692 aliquid,
3527 1623 3692 1693 quod

264 1705 362 1777 tis,
389 1705 528 1776 cito,
558 1707 610 1763 si
626 1707 781 1764 ﬁdes
799 1711 1030 1767 auctori
1049 1711 1337 1770 habenda
1357 1717 1465 1780 est,
1495 1713 1780 1784 resurgit!
1808 1713 1922 1770 Sed
1960 1781 1988 1784 ζ
2033 1711 2232 1762 tamen
2257 1721 2380 1763 ηοη
2420 1706 2915 1776 comprehensum
2946 1711 3030 1766 est
3074 1709 3348 1778 historia.
3379 1726 3507 1772 non
3534 1711 3691 1774 belle

268 1795 320 1850 si
342 1795 426 1852 ita
448 1800 558 1868 est,
593 1796 937 1871 horumque
965 1800 1219 1857 Basilius
1241 1807 1455 1860 auctor
1483 1803 1576 1866 sit,
1608 1781 1921 1875 quomodo
1959 1781 2002 1837 Β
2031 1795 2410 1854 connectitur
2455 1794 2704 1868 reliquis
2742 1795 3034 1854 orationis
3079 1798 3392 1870 partibus:
3450 1815 3525 1856 ex
3565 1817 3692 1874 quo

266 1883 396 1941 ﬁeri
421 1889 644 1958 potest,
677 1892 742 1945 ut
771 1890 1053 1960 egregius
1078 1890 1175 1949 ille
1203 1892 1418 1950 doctor
1445 1893 1765 1966 praeclaros
1789 1893 1922 1949 illos
2029 1885 2117 1949 ﬁt,
2167 1889 2233 1945 ut
2273 1885 2468 1944 oratio
2514 1885 2632 1942 hoc
2678 1885 2814 1944 loco
2857 1885 3161 1946 dissoluta
3217 1905 3346 1946 esse
3396 1890 3691 1956 videatur.

267 1991 536 2033 canones
557 1977 830 2047 ediderit,
849 1980 1074 2052 quibus
1095 1982 1176 2038 ad
1200 1984 1594 2056 purgandum
1609 1982 1924 2056 quodlibet

267 2071 589 2137 peccatum
618 2072 746 2125 tam
774 2067 1008 2141 longua
1036 2076 1286 2146 tamque
1324 2088 1537 2132 severa
1573 2071 1924 2146 poenitentia

266 2156 600 2227 praeﬁnitur
615 2157 739 2230 (a)?
755 2159 986 2216 Etenim
998 2161 1048 2218 si
1060 2162 1148 2218 vir
1162 2162 1332 2220 fortis
1341 2205 1355 2232 ,
1371 2163 1654 2236 quamvis
1666 2161 1928 2234 graviter

267 2245 632 2316 peccaverit,
673 2251 802 2304 tam
843 2246 1020 2305 facile
1073 2252 1350 2323 resurgit,
1406 2252 1556 2308 nihil
1600 2244 1930 2308 necessarii

272 2338 442 2390 erant
470 2350 738 2391 canones
767 2335 876 2406 illi,
928 2338 1156 2410 quibus
1188 2345 1248 2397 et
1277 2340 1462 2398 fortes
1499 2346 1557 2398 et
1583 2341 1817 2399 debiles
1847 2341 1930 2398 ad

266 2425 713 2495 resurgendum
745 2431 873 2483 tum
903 2428 1010 2484 diu
1029 2437 1466 2489 exercerentur.
1496 2433 1611 2490 Sed
1627 2433 1778 2506 quid
1803 2438 1929 2490 tam

272 2529 524 2586 novum,
549 2519 653 2572 aut
679 2518 877 2587 magis
901 2517 1268 2592 inauditum,
1285 2538 1410 2578 non
1426 2522 1563 2579 dico
1586 2524 1754 2596 apud
1771 2524 1930 2580 Basi-

273 2603 443 2668 lium,
474 2605 584 2660 sed
614 2606 781 2678 apud
804 2623 931 2679 eos,
962 2609 1070 2682 qui
1095 2610 1191 2667 vel
1216 2611 1586 2684 primoribus
1611 2613 1800 2670 labris
1831 2629 1928 2671 sa-

273 2711 409 2751 cras
440 2695 780 2770 Scripturas
809 2699 1154 2769 attigerunt,
1196 2718 1385 2774 quam
1422 2703 1526 2760 illa
1554 2705 1929 2778 comparatio

270 2785 515 2856 justitiae
545 2789 603 2842 et
632 2787 886 2859 peccati,
913 2789 998 2845 sic
1024 2794 1088 2847 ut
1116 2790 1356 2865 aliquis,
1387 2793 1439 2849 si
1476 2801 1721 2866 peccata
1754 2794 1931 2867 plura

277 2873 610 2943 admiserit,
641 2880 927 2948 peccator
954 2879 1069 2947 sit;
1112 2880 1205 2936 sin
1244 2886 1448 2939 autem
1487 2883 1663 2956 plura
1685 2883 1932 2956 justitiae

277 2979 461 3036 opera
486 2964 710 3035 fecerit,
738 2966 974 3023 futurus
1005 2968 1079 3026 sit
1097 2969 1342 3041 justus?
1367 2975 1502 3029 Haec
1533 2974 1682 3030 dum
1713 2973 1935 3030 scribe-

275 3070 427 3124 rem,
463 3055 525 3111 in
555 3060 824 3113 mentem
857 3057 1022 3114 venit
1058 3060 1382 3132 cujusdam
1411 3062 1561 3135 legis
1591 3066 1933 3131 Persarum,

2032 1977 2277 2034 Constat
2303 1975 2482 2045 igitur
2504 1990 2627 2034 non
2658 1991 2731 2034 ex
2758 1978 3066 2036 sententiis
3096 1978 3301 2050 modo,
3331 1980 3438 2041 sed
3467 1997 3540 2042 ex
3561 1983 3695 2055 ipsa

2033 2065 2214 2125 etiam
2248 2065 2552 2124 scribendi
2589 2067 2844 2134 ratione,
2876 2067 3034 2128 hanc
3076 2069 3436 2130 concionem
3475 2072 3694 2134 Basilio

2033 2156 2249 2224 Magno
2279 2155 2460 2212 tribui
2483 2155 2697 2214 merito
2726 2171 2850 2218 non
2879 2171 3078 2229 posse.
3099 2162 3338 2231 Auctor,
3363 2163 3695 2234 antequam

2035 2243 2116 2302 ad
2146 2247 2381 2302 Novum
2411 2247 2858 2305 Testamentum
2882 2246 3130 2316 veniret,
3157 2263 3233 2308 ex
3261 2249 3454 2307 Veteri
3479 2249 3597 2310 hoc
3616 2255 3698 2312 te—

2039 2333 2392 2392 stimonium
2425 2333 2672 2406 protulit
2702 2335 2867 2407 (pag.
2897 2339 3057 2398 605):
3103 2341 3206 2392 Καὶ
3256 2340 3356 2412 γὰρ
3403 2343 3695 2404 Μανασσῆς

2036 2424 2064 2476 ὁ
2107 2427 2521 2497 τετραπρόσωπα
2559 2419 2752 2478 εἴδωλα
2781 2422 2832 2475 ἐν
2868 2443 2941 2496 τῳ
2988 2445 3091 2497 ναῳ
3141 2433 3234 2480 τοῦ
3285 2435 3419 2482 Θεοῦ
3459 2430 3585 2494 θεὶς,
3635 2428 3698 2482 ἶν’

2039 2516 2150 2569 ὅθεν
2174 2515 2236 2566 ἄν
2261 2533 2340 2576 τις
2358 2513 2708 2587 εἰσελθῃ,τοῐς
2726 2510 2960 2576 εἰδώλοις
2979 2520 3246 2588 προσκυνή
3256 2535 3346 2590 σῃ,
3371 2523 3697 2589 μετανοήσας

2039 2602 2292 2662 ἀνεκλήθη
2347 2603 2403 2656 ἐκ
2462 2612 2558 2666 τῆς
2611 2602 3010 2676 αἰχμαλωσίας·
3071 2606 3232 2664 Nam
3278 2611 3336 2665 et
3389 2607 3700 2670 Manasses

2040 2695 2145 2766 qui
2169 2693 2338 2751 idola
2365 2693 2827 2764 quadruplicem
2865 2694 3088 2764 faciem
3125 2694 3414 2755 habentia
3451 2698 3515 2752 in
3559 2702 3700 2754 tem-

2034 2785 2141 2854 plo
2171 2784 2282 2840 Dei
2307 2785 2663 2849 collocarat,
2689 2789 2758 2840 ut
2785 2784 3182 2856 undecunque
3200 2801 3333 2856 quis
3360 2787 3703 2856 ingredere-

2045 2881 2166 2946 tur,
2197 2875 2365 2931 idota
2393 2874 2701 2940 adoraret,
2729 2879 2868 2932 acta
2888 2875 3251 2943 poenitentia
3273 2882 3589 2938 revocatus
3618 2881 3703 2936 est

2045 2979 2121 3023 ea:
2149 2965 2522 3034 captivitate.
2572 2967 2635 3018 in
2664 2978 2738 3020 eo
2764 2967 2970 3022 autem
2999 2965 3274 3036 peccavit
3298 2970 3509 3024 auctor
3533 2966 3706 3038 quod

2044 3053 2248 3113 locum
2287 3053 2518 3109 Veteris
2546 3053 2908 3110 Testamenti
2954 3067 3079 3110 non
3129 3053 3508 3114 indicaverit.
3553 3057 3704 3116 Nam

275 3160 466 3217 quam
493 3145 708 3219 legisse
747 3161 811 3202 se
849 3147 931 3204 ait
954 3148 1142 3206 homo
1171 3151 1596 3226 peritissimus,
1647 3154 1935 3227 idemque
1975 3141 2017 3198 δ
2045 3143 2152 3202 libi
2201 3143 2644 3216 scripturarum
2709 3140 3012 3212 ejuSmOdi
3072 3142 3375 3202 ίάοῙοιἯω
3439 3143 3705 3216 quadru'

276 3234 765 3306 elegantissimus
785 3237 863 3312 (b)
889 3255 903 3294 :
931 3240 1145 3297 Multa
1174 3243 1339 3314 olim,
1361 3242 1578 3316 inquit,
1603 3246 1771 3316 apud
1789 3246 1935 3302 Per-

274 3341 371 3382 sas
386 3328 541 3400 leges
550 3329 739 3398 fuisse
753 3329 1090 3387 traduntur
1105 3347 1126 3387 :
1148 3347 1224 3389 ex
1237 3333 1454 3404 quibus
1471 3336 1656 3400 facile
1669 3335 1940 3406 intelligi

271 3423 484 3490 potest,
496 3420 872 3490 singularem
885 3422 1210 3493 quamdam
1223 3425 1353 3494 ejus
1365 3426 1560 3494 gentis
1573 3427 1934 3496 sapientiam

270 3505 529 3574 fuisse...
542 3508 1082 3580 EratLigiturapud
1095 3527 1188 3568 eos
1199 3513 1288 3568 ita
1299 3515 1682 3570 constitutum
1693 3556 1706 3580 ,
1721 3521 1786 3570 ut
1801 3530 1935 3570 cum

275 3595 410 3667 quis
430 3597 494 3652 in
504 3596 734 3667 judicio
760 3605 1123 3669 argueretur
1142 3601 1382 3673 aliquid
1397 3603 1609 3671 fecisse
1628 3608 1842 3661 contra
1857 3604 1938 3659 le-

276 3701 399 3757 ges,
431 3687 669 3743 etiamsi
695 3687 926 3760 liquido
957 3695 1261 3747 constaret
1293 3706 1426 3748 eum
1461 3694 1658 3764 culpae
1687 3693 1936 3763 afﬁnem

280 3781 422 3848 esse,
437 3791 557 3832 non
572 3782 771 3834 tamen
783 3779 991 3834 statim
1005 3780 1531 3850 condemnaretur,
1550 3783 1656 3840 sed
1662 3784 1837 3853 prius
1849 3784 1938 3838 in-

279 3865 635 3934 quireretur
689 3866 1147 3938 diligentissime
1173 3870 1240 3925 in
1271 3885 1502 3927 omnem
1532 3871 1704 3928 illius
1729 3872 1935 3940 vitam,

275 3953 653 4027 inireturque
672 3957 851 4028 ratio,
870 3957 1136 4026 plurane
1157 3961 1417 4029 turpiter
1436 3966 1490 4018 et
1508 3961 1824 4033 flagitiose,
1857 3975 1938 4018 an

284 4041 428 4099 bene
440 4043 952 4118 laudabiliterque
961 4048 1254 4118 gessisset.
1287 4051 1434 4107 Tum
1452 4051 1793 4109 sivincebat
1806 4056 1938 4106 tur-

280 4133 450 4204 pium
475 4150 781 4198 numerus,
806 4137 1363 4210 condemnabatur;
1393 4140 1488 4197 sin
1501 4142 1939 4210 praepondera-

284 4223 504 4280 bantur
535 4224 796 4282 honestis
825 4228 1055 4297 turpia,
1092 4228 1542 4289 absolvebatur.
1580 4231 1941 4302 Cogitabam:

282 4313 460 4377 enim,
481 4312 1119 4373 humanarumvirium
1130 4333 1256 4374 non
1278 4334 1418 4386 esse,
1437 4325 1670 4378 rectum
1693 4335 1940 4377 cursum

279 4408 572 4472 perpetuo
600 4409 832 4462 tenere:
855 4404 1160 4462 habendos
1177 4423 1290 4477 pro
1309 4408 1478 4465 bonis
1500 4410 1647 4467 viris
1669 4425 1789 4477 eos,
1818 4425 1940 4466 non

282 4494 390 4564 qui
406 4508 719 4564 nunquam
730 4501 1073 4567 peccarent,
1087 4497 1191 4553 sed
1199 4498 1308 4570 qui
1317 4505 1531 4570 saepius
1544 4500 1940 4572 honesteage-

283 4587 438 4638 rent.
469 4585 630 4653 Esto,
658 4582 756 4640 lex
784 4583 1094 4655 ejusmodi
1122 4585 1323 4656 vigeat
1347 4587 1517 4660 apud
1542 4590 1791 4647 Persas:
1832 4589 1943 4646 sed

284 4670 364 4727 ab
380 4671 643 4730 Ecclesia
665 4673 767 4730 Dei
786 4688 1037 4746 prorsus
1060 4679 1354 4732 arceatur.
1376 4677 1491 4734 Sed
1503 4694 1615 4735 nos
1629 4679 1708 4736 ad
1722 4695 1940 4754 propo-

286 4759 468 4817 situm
489 4762 844 4833 referamus,
873 4779 985 4820 nec
1013 4765 1157 4823 satis
1186 4766 1528 4824 habeamus
1557 4769 1762 4826 locum
1791 4771 1943 4828 inte-

288 4865 465 4921 grum
504 4853 916 4926 exscripsisse,
960 4854 1071 4911 sed
1117 4855 1248 4927 ejus
1285 4860 1491 4929 partes
1533 4857 1774 4932 aliquas
1813 4860 1947 4916 dili-

290 4941 524 5011 gentius
569 4943 1011 5016 expendamus.
1054 4949 1140 5002 ita
1170 4946 1351 5016 igitur
1388 4952 1599 5005 auctor
1638 4950 1943 5022 loquitur:

292 5033 353 5086 Εἰ
403 5032 614 5088 πλείονα
666 5039 732 5089 τὰ
781 5036 1154 5111 ἁμαρτήματα,
1207 5039 1341 5091 ἔστω
1397 5039 1725 5115 ἁμαρτωλός.
1787 5043 1832 5096 εὶ
1889 5041 1948 5098 dt

289 5122 502 5178 πλείονα
529 5127 595 5178 τὰ
626 5122 979 5200 δικαιώματα,
1025 5130 1158 5181 ἔστω
1203 5126 1431 5194 δίκαιος·
1474 5128 1565 5194 Εἷς
1605 5137 1696 5185 καὶ
1746 5130 1838 5196 εἷς·
1883 5137 1951 5188 τὰ

291 5216 410 5288 γάρ,
440 5218 550 5270 etc.
579 5215 647 5271 Si
659 5223 908 5286 peccata
923 5220 1117 5288 plura
1135 5225 1298 5289 sunt,
1326 5224 1404 5277 sit
1421 5229 1733 5295 peccator;
1755 5226 1809 5280 si
1815 5228 1950 5296 jus-

294 5304 442 5362 titioz
463 5306 698 5376 plures,
731 5308 806 5362 sit
825 5311 1054 5378 justus.
1105 5311 1268 5367 Unus
1306 5317 1362 5368 et
1391 5327 1549 5369 unus
1577 5329 1599 5370 ,ο
1635 5330 1799 5388 nam,
1835 5322 1947 5373 etc.

291 5393 448 5460 Quid
477 5398 682 5452 autem
709 5396 823 5453 sibi
841 5397 983 5455 velit
1001 5399 1169 5473 illud,
1190 5416 1347 5458 unus
1375 5408 1430 5460 et
1456 5420 1635 5473 unus,
1658 5421 1783 5463 non
1805 5408 1950 5464 satis

289 5481 590 5556 intelligo;
622 5501 734 5544 nec
755 5486 930 5546 facile
950 5489 1113 5547 addu
1123 5505 1226 5550 car
1246 5496 1312 5552 ut
1337 5493 1585 5554 credam
1609 5494 1944 5570 hominem,

399 5629 484 5702 (a)
509 5629 706 5702 Epist.
739 5632 824 5691 ad
842 5633 1116 5705 Amp/tit.

2044 3235 2265 3309 plicem
2294 3232 2510 3290 faciem
2548 3230 2910 3290 habentium
2947 3231 3176 3291 mentio
3222 3232 3351 3302 ﬁat,
3399 3233 3707 3306 hodieque

2044 3326 2394 3398 ignoratur;
2433 3337 2547 3379 nec
2566 3321 2824 3378 dubium
2855 3337 2986 3380 esse
3014 3326 3230 3395 potest,
3262 3323 3413 3397 quin
3440 3324 3574 3384 haec
3618 3323 3708 3385 hi—

2048 3415 2234 3476 storia
2261 3431 2332 3471 ex
2364 3413 2482 3471 alio
2513 3412 2718 3485 aliquo
2746 3411 2913 3469 fonte
2941 3413 3164 3471 hausta
3188 3413 3286 3474 sit.

2119 3511 2206 3564 19.
2237 3510 2636 3576 Posteaquam
2665 3503 2919 3576 scriptor
2943 3505 3285 3562 testimonia
3307 3505 3538 3579 aliquot
3553 3521 3588 3562 e
3604 3507 3712 3562 Ve-

2047 3598 2155 3656 teri
2183 3597 2571 3654 Testamento
2615 3592 2834 3663 retulit,
2867 3609 2900 3649 e
2944 3596 3108 3652 Novo
3138 3611 3384 3668 quoque
3413 3594 3712 3656 nonnulla

2045 3684 2431 3760 excerpenda
2477 3698 2608 3738 esse
2651 3682 2969 3753 judicavit.
3028 3684 3114 3741 Ita
3155 3685 3335 3754 igitur
3381 3685 3456 3741 de
3510 3683 3710 3742 adole-

2047 3780 2248 3835 scente
2278 3773 2534 3849 prodigo
2564 3771 2833 3844 loquitur
2862 3772 3073 3844 (ibid):
3137 3771 3401 3842 Ἐδέξατο,
3435 3778 3525 3828 καί
3555 3793 3706 3846 φησι·

2047 3872 2254 3924 eno-ars
2309 3875 2518 3943 ταῦρον,
2576 3872 2667 3919 καὶ
2733 3864 2924 3922 στολὴν
2970 3864 3280 3938 ἒξενέγκατε,
3354 3869 3444 3918 καὶ
3514 3867 3710 3922 ταύτην

2046 3959 2302 4034 ἀρχαίαν,
2359 3965 2449 4013 καὶ
2505 3955 2782 4013 δακτύλιον
2827 3957 2878 4010 ἐν
2927 3965 2989 4030 τῇ
3058 3960 3224 4029 χειρίο
3296 3962 3477 4010 Ταῦτα
3539 3956 3712 4010 πάντα

2045 4052 2490 4126 παρερμῃνεύεται
2542 4053 2651 4124 μέν,
2693 4047 2851 4108 δηλοῖ
2891 4043 2953 4102 δὲ
2997 4050 3262 4119 συντόμως
3291 4050 3383 4104 τήν
3410 4049 3711 4122 προτροπὴν

2046 4146 2144 4199 τὴν
2168 4138 2369 4212 ἀγαθὴν
2392 4148 2486 4193 τοῦ
2512 4136 2920 4213 ὑποδεξαμένου,
2946 4137 3006 4189 οὐ
3033 4140 3164 4212 πρὸς
3195 4134 3230 4189 ἃ
3257 4135 3402 4203 θέλω,
3427 4136 3558 4190 ἀλλὰ
3581 4138 3711 4210 πρὸς

2050 4229 2086 4286 ἀ
2114 4235 2264 4305 λέγειν
2296 4231 2356 4283 Εἰ
2379 4227 2458 4297 δέ,
2489 4234 2602 4291 etc.
2662 4231 2921 4299 Excepit
2960 4229 3164 4300 [pater
3197 4227 3440 4299 filium],
3491 4233 3549 4284 et
3579 4227 3715 4284 ait:

2050 4321 2310 4378 Mal-tate
2338 4327 2605 4388 taurum,
2639 4323 2697 4376 et
2724 4319 2944 4381 stolam
2969 4319 3204 4388 afferte,
3235 4331 3484 4388 eamque
3503 4317 3713 4386 pristi—

1974 4444 2021 4500 Β
2050 4427 2216 4477 nam,
2248 4417 2304 4469 et
2333 4411 2633 4469 annulum
2661 4411 2726 4466 in
2747 4425 2997 4466 manum
3024 4408 3228 4478 ipsius.
3255 4407 3404 4463 Haec
3419 4407 3625 4464 omnia
3645 4407 3715 4470 in

2051 4504 2237 4560 aliam
2266 4502 2503 4574 quidem
2532 4500 2890 4557 sententiam
2918 4503 3350 4568 exponuntur;
3381 4497 3486 4553 sed
3512 4502 3714 4556 tamen

2051 4593 2403 4664 compendio
2422 4591 2770 4662 signiﬁcant
2800 4591 3012 4646 bonam
3037 4588 3418 4658 suscipientis
3440 4587 3716 4644 cohorta-

2055 4689 2295 4752 tzonem,
2325 4698 2448 4738 non
2478 4682 2561 4738 ad
2589 4695 2659 4738 ea
2688 4695 2823 4753 qua?
2851 4681 3006 4750 volo,
3039 4678 3143 4736 sed
3171 4677 3253 4735 ad
3281 4692 3352 4734 ea
3380 4692 3516 4749 quo!
3543 4677 3712 4733 dicit.

2056 4775 2226 4843 Quod
2250 4773 2320 4844 si,
2339 4778 2449 4829 etc.
2480 4770 2708 4838 Quibus
2732 4786 2804 4827 ex
2824 4769 3024 4826 verbis
3044 4767 3358 4841 quomodo
3375 4765 3716 4826 idoneaali-

2055 4880 2180 4937 qua
2198 4861 2493 4920 sententia
2512 4859 2666 4917 efﬁci
2681 4860 2892 4932 possit,
2913 4858 3013 4915 alii
3028 4857 3288 4914 viderint
3307 4875 3319 4912 :
3341 4871 3453 4927 ego
3469 4871 3719 4915 monere

2054 4954 2203 5010 satis
2222 4952 2487 5020 habebo,
2512 4949 2818 5023 ejusmodi
2839 4948 3141 5006 scribendi
3164 4947 3461 5005 rationem
3479 4951 3537 5003 et
3559 4947 3720 5019 inops

2050 5052 2185 5104 tam
2211 5048 2268 5101 et
2286 5043 2610 5100 obscuram
2632 5041 2694 5097 in
2718 5056 3030 5096 summum
3049 5038 3249 5095 virum
3279 5036 3568 5094 Basilium
3591 5052 3718 5095 non

2060 5134 2401 5195 convenire.
2447 5135 2594 5190 Cum
2631 5135 2840 5188 auctor
2877 5129 3068 5188 multa
3115 5127 3370 5187 dixisset
3407 5127 3483 5184 de
3518 5127 3718 5184 adole-

2061 5230 2261 5284 scente
2291 5222 2569 5297 prodigo,
2601 5225 2731 5278 tum
2748 5220 2998 5277 demum
3018 5218 3176 5276 Petri
3198 5223 3255 5275 et
3276 5217 3445 5275 Pauli
3468 5217 3720 5275 mentio-

2059 5333 2202 5375 nem
2221 5315 2384 5382 facit,
2410 5312 2528 5370 hoc
2545 5311 2734 5368 modo
2756 5315 2921 5382 (pag.
2936 5309 3096 5380 606):
3128 5304 3320 5382 Πέτρος
3339 5312 3455 5382 τρὶς
3480 5305 3718 5382 ἀπαρνεῖ-

2059 5428 2166 5473 ται,
2200 5410 2289 5459 καὶ
2323 5410 2488 5457 κεῖται
2532 5401 2582 5454 ἐν
2626 5399 2865 5474 θεμελίῳ.
2924 5397 3126 5461 Παῦλος
3176 5397 3280 5452 ἀπὺ
3339 5394 3575 5451 διωκτῶν
3633 5402 3717 5455 κήδ

2059 5499 2173 5574 ρυξ.
2233 5494 2366 5548 Ἀλλ³
2436 5493 2661 5546 ἓνταῡθά
2743 5489 2858 5542 ἐστι
2917 5493 3148 5562 ζήτημα·
3237 5487 3391 5541 Ἀλλὰ
3467 5492 3523 5540 τί
3585 5486 3718 5559 λέγει

2172 5641 2252 5714 (b)
2281 5639 2508 5701 Muret.,
2553 5635 2694 5694 Var.
2730 5635 2866 5692 lect.
2896 5631 3001 5691 lib.
3034 5648 3154 5705 vui,
3187 5647 3240 5692 c.
3269 5635 3359 5690 25.
