  <div class='ocr_page' id='page_1' title='image "/cluster/home/n/w/nwhite01/storage/ocr_20150623/31:no.3/coo.31924054869288/036.png"; bbox 0 0 4092 6404; ppageno 0'>
   <div class='ocr_carea' id='block_1_1' title="bbox 202 274 1879 345">
    <p class='ocr_par' dir='ltr' id='par_1_1' title="bbox 202 276 1879 335">
     <span class='ocr_line' id='line_1_1' title="bbox 202 276 1879 335; baseline -0.002 0"><span class='ocrx_word' id='word_1_1' title='bbox 202 278 237 334; x_wconf 80' lang='grc'>4</span> <span class='ocrx_word' id='word_1_2' title='bbox 248 284 273 335; x_wconf 88' lang='grc'><strong>1</strong></span> <span class='ocrx_word' id='word_1_3' title='bbox 1742 276 1879 331; x_wconf 66' lang='grc' dir='ltr'><strong><em>ΡΒᾸ</em></strong></span> 
     </span>
    </p>
   </div>
   <div class='ocr_carea' id='block_1_2' title="bbox 1988 274 3638 345">
    <p class='ocr_par' dir='ltr' id='par_1_2' title="bbox 1988 274 3638 345">
     <span class='ocr_line' id='line_1_2' title="bbox 1988 274 3638 345; baseline 0.01 -16"><span class='ocrx_word' id='word_1_4' title='bbox 1988 274 2102 330; x_wconf 72' lang='grc' dir='ltr'><strong><em>,ΤΙΟ</em></strong></span> <span class='ocrx_word' id='word_1_5' title='bbox 3565 292 3638 345; x_wconf 84' lang='grc'>42</span> 
     </span>
    </p>
   </div>
   <div class='ocr_carea' id='block_1_3' title="bbox 198 388 3638 477">
    <p class='ocr_par' dir='ltr' id='par_1_3' title="bbox 198 388 3638 477">
     <span class='ocr_line' id='line_1_3' title="bbox 198 388 3638 477; baseline 0.003 -18"><span class='ocrx_word' id='word_1_6' title='bbox 198 402 642 459; x_wconf 73' lang='lat' dir='ltr'><strong><em>strenuissimus</em></strong></span> <span class='ocrx_word' id='word_1_7' title='bbox 660 401 1262 472; x_wconf 85' lang='lat' dir='ltr'><strong><em>captivus,direptaa</em></strong></span> <span class='ocrx_word' id='word_1_8' title='bbox 1281 401 1424 470; x_wconf 89' lang='lat' dir='ltr'><strong><em>lupo</em></strong></span> <span class='ocrx_word' id='word_1_9' title='bbox 1446 399 1571 456; x_wconf 91' lang='lat' dir='ltr'><strong><em>ovis</em></strong></span> <span class='ocrx_word' id='word_1_10' title='bbox 1593 398 1852 456; x_wconf 76' lang='lat' dir='ltr'><strong><em>Christi:</em></strong></span> <span class='ocrx_word' id='word_1_11' title='bbox 1887 400 1935 454; x_wconf 80' lang='grc' dir='ltr'>Α</span> <span class='ocrx_word' id='word_1_12' title='bbox 1972 395 2108 453; x_wconf 77' lang='lat' dir='ltr'><strong><em>ullo</em></strong></span> <span class='ocrx_word' id='word_1_13' title='bbox 2141 400 2539 457; x_wconf 87' lang='lat' dir='ltr'><strong><em>tentationum</em></strong></span> <span class='ocrx_word' id='word_1_14' title='bbox 2569 402 2791 472; x_wconf 80' lang='lat' dir='ltr'><strong><em>impetu</em></strong></span> <span class='ocrx_word' id='word_1_15' title='bbox 2832 406 3153 462; x_wconf 89' lang='lat' dir='ltr'><strong><em>vulnerari</em></strong></span> <span class='ocrx_word' id='word_1_16' title='bbox 3174 388 3512 477; x_wconf 58' lang='lat' dir='ltr'><strong><em>poterat...</em></strong></span> <span class='ocrx_word' id='word_1_17' title='bbox 3555 413 3638 469; x_wconf 88' lang='lat' dir='ltr'><strong><em>Et</em></strong></span> 
     </span>
    </p>
   </div>
   <div class='ocr_carea' id='block_1_4' title="bbox 203 489 1860 564">
    <p class='ocr_par' dir='ltr' id='par_1_4' title="bbox 203 489 1860 564">
     <span class='ocr_line' id='line_1_4' title="bbox 203 489 1860 564; baseline -0.004 -15"><span class='ocrx_word' id='word_1_18' title='bbox 203 498 384 564; x_wconf 90' lang='lat' dir='ltr'><strong><em>atque</em></strong></span> <span class='ocrx_word' id='word_1_19' title='bbox 411 491 574 548; x_wconf 91' lang='lat' dir='ltr'><strong><em>illud</em></strong></span> <span class='ocrx_word' id='word_1_20' title='bbox 598 490 1024 562; x_wconf 79' lang='lat' dir='ltr'><strong><em>miserabilius,</em></strong></span> <span class='ocrx_word' id='word_1_21' title='bbox 1066 491 1229 562; x_wconf 88' lang='lat' dir='ltr'><strong><em>quod</em></strong></span> <span class='ocrx_word' id='word_1_22' title='bbox 1255 496 1311 546; x_wconf 87' lang='lat' dir='ltr'><strong><em>et</em></strong></span> <span class='ocrx_word' id='word_1_23' title='bbox 1349 494 1638 547; x_wconf 78' lang='lat' dir='ltr'><strong><em>aeternam</em></strong></span> <span class='ocrx_word' id='word_1_24' title='bbox 1672 489 1860 545; x_wconf 86' lang='lat' dir='ltr'><strong><em>vitam</em></strong></span> 
     </span>
    </p>
   </div>
   <div class='ocr_carea' id='block_1_5' title="bbox 203 578 1864 654">
    <p class='ocr_par' dir='ltr' id='par_1_5' title="bbox 203 578 1864 654">
     <span class='ocr_line' id='line_1_5' title="bbox 203 578 1864 654; baseline -0.004 -14"><span class='ocrx_word' id='word_1_25' title='bbox 203 583 430 648; x_wconf 85' lang='lat' dir='ltr'><strong><em>amisit,</em></strong></span> <span class='ocrx_word' id='word_1_26' title='bbox 453 589 509 639; x_wconf 91' lang='lat' dir='ltr'><strong><em>et</em></strong></span> <span class='ocrx_word' id='word_1_27' title='bbox 524 598 598 639; x_wconf 90' lang='lat' dir='ltr'><strong><em>ne</em></strong></span> <span class='ocrx_word' id='word_1_28' title='bbox 610 582 725 639; x_wconf 90' lang='lat' dir='ltr'><strong><em>hac</em></strong></span> <span class='ocrx_word' id='word_1_29' title='bbox 745 582 984 654; x_wconf 86' lang='lat' dir='ltr'><strong><em>quidem</em></strong></span> <span class='ocrx_word' id='word_1_30' title='bbox 998 582 1233 651; x_wconf 82' lang='lat' dir='ltr'><strong><em>fruitus</em></strong></span> <span class='ocrx_word' id='word_1_31' title='bbox 1254 586 1358 649; x_wconf 90' lang='lat' dir='ltr'><strong><em>est,</em></strong></span> <span class='ocrx_word' id='word_1_32' title='bbox 1378 595 1563 637; x_wconf 88' lang='lat' dir='ltr'><strong><em>carne</em></strong></span> <span class='ocrx_word' id='word_1_33' title='bbox 1574 580 1760 649; x_wconf 83' lang='lat' dir='ltr'><strong><em>ipsius</em></strong></span> <span class='ocrx_word' id='word_1_34' title='bbox 1784 578 1864 634; x_wconf 88' lang='lat' dir='ltr'><strong><em>ad</em></strong></span> 
     </span>
    </p>
   </div>
   <div class='ocr_carea' id='block_1_6' title="bbox 205 670 1866 741">
    <p class='ocr_par' dir='ltr' id='par_1_6' title="bbox 205 670 1866 741">
     <span class='ocr_line' id='line_1_6' title="bbox 205 670 1866 741; baseline -0.002 -13"><span class='ocrx_word' id='word_1_35' title='bbox 205 672 426 740; x_wconf 84' lang='lat' dir='ltr'><strong><em>caloris</em></strong></span> <span class='ocrx_word' id='word_1_36' title='bbox 437 688 740 729; x_wconf 90' lang='lat' dir='ltr'><strong><em>accessum</em></strong></span> <span class='ocrx_word' id='word_1_37' title='bbox 752 673 955 727; x_wconf 85' lang='lat' dir='ltr'><strong><em>statim</em></strong></span> <span class='ocrx_word' id='word_1_38' title='bbox 971 671 1354 728; x_wconf 87' lang='lat' dir='ltr'><strong><em>exsoluta.Et</em></strong></span> <span class='ocrx_word' id='word_1_39' title='bbox 1368 670 1465 727; x_wconf 86' lang='lat' dir='ltr'><strong><em>hic</em></strong></span> <span class='ocrx_word' id='word_1_40' title='bbox 1476 670 1713 741; x_wconf 88' lang='lat' dir='ltr'><strong><em>quidem</em></strong></span> <span class='ocrx_word' id='word_1_41' title='bbox 1726 670 1866 725; x_wconf 63' lang='lat' dir='ltr'><strong><em>vita</em></strong></span> 
     </span>
    </p>
   </div>
   <div class='ocr_carea' id='block_1_7' title="bbox 206 761 1863 834">
    <p class='ocr_par' dir='ltr' id='par_1_7' title="bbox 206 761 1863 834">
     <span class='ocr_line' id='line_1_7' title="bbox 206 761 1863 834; baseline -0.003 -15"><span class='ocrx_word' id='word_1_42' title='bbox 206 777 438 831; x_wconf 88' lang='lat' dir='ltr'><strong><em>amans,</em></strong></span> <span class='ocrx_word' id='word_1_43' title='bbox 455 764 701 834; x_wconf 86' lang='lat' dir='ltr'><strong><em>frustra</em></strong></span> <span class='ocrx_word' id='word_1_44' title='bbox 717 762 977 819; x_wconf 91' lang='lat' dir='ltr'><strong><em>admisso</em></strong></span> <span class='ocrx_word' id='word_1_45' title='bbox 997 764 1219 819; x_wconf 83' lang='lat' dir='ltr'><strong><em>scelere</em></strong></span> <span class='ocrx_word' id='word_1_46' title='bbox 1234 761 1447 819; x_wconf 87' lang='lat' dir='ltr'><strong><em>cecidit</em></strong></span> <span class='ocrx_word' id='word_1_47' title='bbox 1463 776 1487 817; x_wconf 74' lang='grc'><em>.’</em></span> <span class='ocrx_word' id='word_1_48' title='bbox 1503 761 1681 817; x_wconf 84' lang='lat' dir='ltr'><strong><em>lictor</em></strong></span> <span class='ocrx_word' id='word_1_49' title='bbox 1703 773 1863 827; x_wconf 88' lang='lat' dir='ltr'><strong><em>vero,</em></strong></span> 
     </span>
    </p>
   </div>
   <div class='ocr_carea' id='block_1_8' title="bbox 206 848 1870 924">
    <p class='ocr_par' dir='ltr' id='par_1_8' title="bbox 206 848 1870 924">
     <span class='ocr_line' id='line_1_8' title="bbox 206 848 1870 924; baseline -0.002 -17"><span class='ocrx_word' id='word_1_50' title='bbox 206 855 317 907; x_wconf 96' lang='lat' dir='ltr'><strong><em>etc.</em></strong></span> <span class='ocrx_word' id='word_1_51' title='bbox 349 851 499 908; x_wconf 86' lang='lat' dir='ltr'><strong><em>Ecce</em></strong></span> <span class='ocrx_word' id='word_1_52' title='bbox 520 868 679 908; x_wconf 90' lang='lat' dir='ltr'><strong><em>unus</em></strong></span> <span class='ocrx_word' id='word_1_53' title='bbox 700 851 894 922; x_wconf 87' lang='lat' dir='ltr'><strong><em>miles,</em></strong></span> <span class='ocrx_word' id='word_1_54' title='bbox 919 848 1237 924; x_wconf 81' lang='lat' dir='ltr'><strong><em>multiplici</em></strong></span> <span class='ocrx_word' id='word_1_55' title='bbox 1259 850 1494 923; x_wconf 87' lang='lat' dir='ltr'><strong><em>justitia</em></strong></span> <span class='ocrx_word' id='word_1_56' title='bbox 1513 848 1692 923; x_wconf 91' lang='lat' dir='ltr'><strong><em>quasi</em></strong></span> <span class='ocrx_word' id='word_1_57' title='bbox 1721 864 1870 905; x_wconf 82' lang='lat' dir='ltr'><strong><em>onu-</em></strong></span> 
     </span>
    </p>
   </div>
   <div class='ocr_carea' id='block_1_9' title="bbox 209 937 1874 1014">
    <p class='ocr_par' dir='ltr' id='par_1_9' title="bbox 209 937 1874 1014">
     <span class='ocr_line' id='line_1_9' title="bbox 209 937 1874 1014; baseline -0.003 -18"><span class='ocrx_word' id='word_1_58' title='bbox 209 944 364 1009; x_wconf 90' lang='lat' dir='ltr'><strong><em>stus,</em></strong></span> <span class='ocrx_word' id='word_1_59' title='bbox 384 939 491 1013; x_wconf 88' lang='lat' dir='ltr'><strong><em>qui</em></strong></span> <span class='ocrx_word' id='word_1_60' title='bbox 509 940 616 996; x_wconf 92' lang='lat' dir='ltr'><strong><em>diu</em></strong></span> <span class='ocrx_word' id='word_1_61' title='bbox 635 940 967 1014; x_wconf 82' lang='lat' dir='ltr'><strong><em>pertulerat</em></strong></span> <span class='ocrx_word' id='word_1_62' title='bbox 984 940 1108 996; x_wconf 88' lang='lat' dir='ltr'><strong><em>vim</em></strong></span> <span class='ocrx_word' id='word_1_63' title='bbox 1129 943 1592 1008; x_wconf 83' lang='lat' dir='ltr'><strong><em>tormentorum,</em></strong></span> <span class='ocrx_word' id='word_1_64' title='bbox 1614 937 1719 1011; x_wconf 89' lang='lat' dir='ltr'><strong><em>qui</em></strong></span> <span class='ocrx_word' id='word_1_65' title='bbox 1744 941 1874 992; x_wconf 82' lang='lat' dir='ltr'><strong><em>tan-</em></strong></span> 
     </span>
    </p>
   </div>
   <div class='ocr_carea' id='block_1_10' title="bbox 209 1026 1872 1102">
    <p class='ocr_par' dir='ltr' id='par_1_10' title="bbox 209 1026 1872 1102">
     <span class='ocr_line' id='line_1_10' title="bbox 209 1026 1872 1102; baseline -0.003 -17"><span class='ocrx_word' id='word_1_66' title='bbox 209 1033 339 1086; x_wconf 91' lang='lat' dir='ltr'><strong><em>tum</em></strong></span> <span class='ocrx_word' id='word_1_67' title='bbox 368 1045 491 1087; x_wconf 91' lang='lat' dir='ltr'><strong><em>non</em></strong></span> <span class='ocrx_word' id='word_1_68' title='bbox 520 1029 600 1087; x_wconf 91' lang='lat' dir='ltr'><strong><em>ad</em></strong></span> <span class='ocrx_word' id='word_1_69' title='bbox 632 1035 893 1087; x_wconf 88' lang='lat' dir='ltr'><strong><em>mortem</em></strong></span> <span class='ocrx_word' id='word_1_70' title='bbox 920 1045 1121 1102; x_wconf 88' lang='lat' dir='ltr'><strong><em>usque</em></strong></span> <span class='ocrx_word' id='word_1_71' title='bbox 1148 1029 1464 1096; x_wconf 83' lang='lat' dir='ltr'><strong><em>restiterat,</em></strong></span> <span class='ocrx_word' id='word_1_72' title='bbox 1494 1026 1602 1101; x_wconf 87' lang='lat' dir='ltr'><strong><em>qui</em></strong></span> <span class='ocrx_word' id='word_1_73' title='bbox 1629 1030 1872 1083; x_wconf 85' lang='lat' dir='ltr'><strong><em>tantum</em></strong></span> 
     </span>
    </p>
   </div>
   <div class='ocr_carea' id='block_1_11' title="bbox 209 1115 1873 1189">
    <p class='ocr_par' dir='ltr' id='par_1_11' title="bbox 209 1115 1873 1189">
     <span class='ocr_line' id='line_1_11' title="bbox 209 1115 1873 1189; baseline -0.002 -14"><span class='ocrx_word' id='word_1_74' title='bbox 209 1135 333 1176; x_wconf 91' lang='lat' dir='ltr'><strong><em>non</em></strong></span> <span class='ocrx_word' id='word_1_75' title='bbox 362 1119 558 1177; x_wconf 84' lang='lat' dir='ltr'><strong><em>fuerat</em></strong></span> <span class='ocrx_word' id='word_1_76' title='bbox 581 1124 928 1189; x_wconf 84' lang='lat' dir='ltr'><strong><em>coronatus,</em></strong></span> <span class='ocrx_word' id='word_1_77' title='bbox 961 1118 1148 1176; x_wconf 89' lang='lat' dir='ltr'><strong><em>semel</em></strong></span> <span class='ocrx_word' id='word_1_78' title='bbox 1179 1118 1441 1189; x_wconf 82' lang='lat' dir='ltr'><strong><em>negavit,</em></strong></span> <span class='ocrx_word' id='word_1_79' title='bbox 1474 1121 1532 1173; x_wconf 88' lang='lat' dir='ltr'><strong><em>et</em></strong></span> <span class='ocrx_word' id='word_1_80' title='bbox 1556 1117 1619 1173; x_wconf 87' lang='lat' dir='ltr'><strong><em>in</em></strong></span> <span class='ocrx_word' id='word_1_81' title='bbox 1647 1115 1873 1188; x_wconf 87' lang='lat' dir='ltr'><strong><em>sempi-</em></strong></span> 
     </span>
    </p>
   </div>
   <div class='ocr_carea' id='block_1_12' title="bbox 211 1206 1874 1282">
    <p class='ocr_par' dir='ltr' id='par_1_12' title="bbox 211 1206 1874 1282">
     <span class='ocr_line' id='line_1_12' title="bbox 211 1206 1874 1282; baseline -0.003 -15"><span class='ocrx_word' id='word_1_82' title='bbox 211 1215 449 1267; x_wconf 91' lang='lat' dir='ltr'><strong><em>ternum</em></strong></span> <span class='ocrx_word' id='word_1_83' title='bbox 470 1214 710 1282; x_wconf 83' lang='lat' dir='ltr'><strong><em>tempus</em></strong></span> <span class='ocrx_word' id='word_1_84' title='bbox 730 1210 921 1282; x_wconf 90' lang='lat' dir='ltr'><strong><em>periit.</em></strong></span> <span class='ocrx_word' id='word_1_85' title='bbox 938 1213 1067 1266; x_wconf 88' lang='lat' dir='ltr'><strong><em>Non</em></strong></span> <span class='ocrx_word' id='word_1_86' title='bbox 1086 1213 1521 1281; x_wconf 86' lang='lat' dir='ltr'><strong><em>comparantur</em></strong></span> <span class='ocrx_word' id='word_1_87' title='bbox 1540 1224 1679 1264; x_wconf 92' lang='lat' dir='ltr'><strong><em>cum</em></strong></span> <span class='ocrx_word' id='word_1_88' title='bbox 1699 1206 1874 1263; x_wconf 86' lang='lat' dir='ltr'><strong><em>malis</em></strong></span> 
     </span>
    </p>
   </div>
   <div class='ocr_carea' id='block_1_13' title="bbox 207 1298 1876 1372">
    <p class='ocr_par' dir='ltr' id='par_1_13' title="bbox 207 1298 1876 1372">
     <span class='ocr_line' id='line_1_13' title="bbox 207 1298 1876 1372; baseline -0.002 -17"><span class='ocrx_word' id='word_1_89' title='bbox 207 1300 394 1367; x_wconf 85' lang='lat' dir='ltr'><strong><em>bona,</em></strong></span> <span class='ocrx_word' id='word_1_90' title='bbox 421 1314 617 1372; x_wconf 88' lang='lat' dir='ltr'><strong><em>neque</em></strong></span> <span class='ocrx_word' id='word_1_91' title='bbox 651 1304 1091 1356; x_wconf 85' lang='lat' dir='ltr'><strong><em>numerantur:</em></strong></span> <span class='ocrx_word' id='word_1_92' title='bbox 1120 1303 1181 1355; x_wconf 88' lang='lat' dir='ltr'><strong><em>at</em></strong></span> <span class='ocrx_word' id='word_1_93' title='bbox 1198 1301 1353 1355; x_wconf 91' lang='lat' dir='ltr'><strong><em>Deus</em></strong></span> <span class='ocrx_word' id='word_1_94' title='bbox 1372 1298 1539 1370; x_wconf 89' lang='lat' dir='ltr'><strong><em>justo</em></strong></span> <span class='ocrx_word' id='word_1_95' title='bbox 1569 1301 1626 1354; x_wconf 90' lang='lat' dir='ltr'><strong><em>et</em></strong></span> <span class='ocrx_word' id='word_1_96' title='bbox 1650 1311 1876 1356; x_wconf 86' lang='lat' dir='ltr'><strong><em>arcano</em></strong></span> 
     </span>
    </p>
   </div>
   <div class='ocr_carea' id='block_1_14' title="bbox 208 1386 1878 1462">
    <p class='ocr_par' dir='ltr' id='par_1_14' title="bbox 208 1386 1878 1462">
     <span class='ocr_line' id='line_1_14' title="bbox 208 1386 1878 1462; baseline -0.001 -18"><span class='ocrx_word' id='word_1_97' title='bbox 208 1388 440 1461; x_wconf 89' lang='lat' dir='ltr'><strong><em>judicio</em></strong></span> <span class='ocrx_word' id='word_1_98' title='bbox 469 1388 656 1446; x_wconf 90' lang='lat' dir='ltr'><strong><em>semel</em></strong></span> <span class='ocrx_word' id='word_1_99' title='bbox 687 1389 930 1462; x_wconf 87' lang='lat' dir='ltr'><strong><em>lapsum</em></strong></span> <span class='ocrx_word' id='word_1_100' title='bbox 970 1389 1222 1445; x_wconf 83' lang='lat' dir='ltr'><strong><em>militem</em></strong></span> <span class='ocrx_word' id='word_1_101' title='bbox 1261 1388 1458 1462; x_wconf 68' lang='lat' dir='ltr'><strong><em>poenis</em></strong></span> <span class='ocrx_word' id='word_1_102' title='bbox 1492 1387 1731 1445; x_wconf 69' lang='lat' dir='ltr'><strong><em>aeternis</em></strong></span> <span class='ocrx_word' id='word_1_103' title='bbox 1769 1386 1878 1444; x_wconf 90' lang='lat' dir='ltr'><strong><em>ad-</em></strong></span> 
     </span>
    </p>
   </div>
   <div class='ocr_carea' id='block_1_15' title="bbox 213 1476 1879 1551">
    <p class='ocr_par' dir='ltr' id='par_1_15' title="bbox 213 1476 1879 1551">
     <span class='ocr_line' id='line_1_15' title="bbox 213 1476 1879 1551; baseline -0.002 -16"><span class='ocrx_word' id='word_1_104' title='bbox 213 1478 380 1536; x_wconf 82' lang='lat' dir='ltr'><strong><em>dixit.</em></strong></span> <span class='ocrx_word' id='word_1_105' title='bbox 414 1478 735 1545; x_wconf 87' lang='lat' dir='ltr'><strong><em>Quomodo</em></strong></span> <span class='ocrx_word' id='word_1_106' title='bbox 764 1494 909 1550; x_wconf 87' lang='lat' dir='ltr'><strong><em>ergo</em></strong></span> <span class='ocrx_word' id='word_1_107' title='bbox 941 1479 1215 1551; x_wconf 83' lang='lat' dir='ltr'><strong><em>Basilius,</em></strong></span> <span class='ocrx_word' id='word_1_108' title='bbox 1247 1496 1284 1535; x_wconf 92' lang='lat' dir='ltr'><strong><em>a</em></strong></span> <span class='ocrx_word' id='word_1_109' title='bbox 1313 1495 1436 1551; x_wconf 90' lang='lat' dir='ltr'><strong><em>quo</em></strong></span> <span class='ocrx_word' id='word_1_110' title='bbox 1460 1478 1644 1550; x_wconf 91' lang='lat' dir='ltr'><strong><em>hujus</em></strong></span> <span class='ocrx_word' id='word_1_111' title='bbox 1672 1476 1879 1533; x_wconf 85' lang='lat' dir='ltr'><strong><em>militis</em></strong></span> 
     </span>
    </p>
   </div>
   <div class='ocr_carea' id='block_1_16' title="bbox 215 1567 1881 1641">
    <p class='ocr_par' dir='ltr' id='par_1_16' title="bbox 215 1567 1881 1641">
     <span class='ocr_line' id='line_1_16' title="bbox 215 1567 1881 1641; baseline -0.001 -17"><span class='ocrx_word' id='word_1_112' title='bbox 215 1567 534 1626; x_wconf 83' lang='lat' dir='ltr'><strong><em>historiam</em></strong></span> <span class='ocrx_word' id='word_1_113' title='bbox 590 1568 960 1638; x_wconf 88' lang='lat' dir='ltr'><strong><em>audivimus,</em></strong></span> <span class='ocrx_word' id='word_1_114' title='bbox 1017 1568 1219 1625; x_wconf 88' lang='lat' dir='ltr'><strong><em>dicere</em></strong></span> <span class='ocrx_word' id='word_1_115' title='bbox 1274 1568 1577 1641; x_wconf 89' lang='lat' dir='ltr'><strong><em>potuisset</em></strong></span> <span class='ocrx_word' id='word_1_116' title='bbox 1621 1583 1761 1640; x_wconf 65' lang='lat' dir='ltr'><strong><em>qum</em></strong></span> <span class='ocrx_word' id='word_1_117' title='bbox 1817 1567 1881 1623; x_wconf 94' lang='lat' dir='ltr'><strong><em>in</em></strong></span> 
     </span>
    </p>
   </div>
   <div class='ocr_carea' id='block_1_17' title="bbox 215 1659 1882 1729">
    <p class='ocr_par' dir='ltr' id='par_1_17' title="bbox 215 1659 1882 1729">
     <span class='ocr_line' id='line_1_17' title="bbox 215 1659 1882 1729; baseline -0.001 -14"><span class='ocrx_word' id='word_1_118' title='bbox 215 1663 602 1715; x_wconf 84' lang='lat' dir='ltr'><strong><em>controversa</em></strong></span> <span class='ocrx_word' id='word_1_119' title='bbox 639 1659 756 1715; x_wconf 87' lang='lat' dir='ltr'><strong><em>hac</em></strong></span> <span class='ocrx_word' id='word_1_120' title='bbox 802 1659 1074 1715; x_wconf 88' lang='lat' dir='ltr'><strong><em>oratione</em></strong></span> <span class='ocrx_word' id='word_1_121' title='bbox 1112 1659 1400 1729; x_wconf 88' lang='lat' dir='ltr'><strong><em>leguntur</em></strong></span> <span class='ocrx_word' id='word_1_122' title='bbox 1433 1677 1446 1715; x_wconf 86' lang='lat'><strong><em>:</em></strong></span> <span class='ocrx_word' id='word_1_123' title='bbox 1484 1659 1882 1726; x_wconf 88' lang='lat' dir='ltr'><strong><em>Quantumvis</em></strong></span> 
     </span>
    </p>
   </div>
   <div class='ocr_carea' id='block_1_18' title="bbox 1973 488 3640 558">
    <p class='ocr_par' dir='ltr' id='par_1_18' title="bbox 1973 488 3640 558">
     <span class='ocr_line' id='line_1_18' title="bbox 1973 488 3640 558; baseline 0.011 -17"><span class='ocrx_word' id='word_1_124' title='bbox 1973 501 2109 542; x_wconf 88' lang='lat' dir='ltr'><strong><em>vero</em></strong></span> <span class='ocrx_word' id='word_1_125' title='bbox 2121 488 2542 557; x_wconf 85' lang='lat' dir='ltr'><strong><em>spirituatibus</em></strong></span> <span class='ocrx_word' id='word_1_126' title='bbox 2553 491 2739 547; x_wconf 87' lang='lat' dir='ltr'><strong><em>oculis</em></strong></span> <span class='ocrx_word' id='word_1_127' title='bbox 2750 492 3310 553; x_wconf 81' lang='lat' dir='ltr'><strong><em>circumcurrentem</em></strong></span> <span class='ocrx_word' id='word_1_128' title='bbox 3322 499 3640 558; x_wconf 83' lang='lat' dir='ltr'><strong><em>diabolum</em></strong></span> 
     </span>
    </p>
   </div>
   <div class='ocr_carea' id='block_1_19' title="bbox 1972 583 3635 659">
    <p class='ocr_par' dir='ltr' id='par_1_19' title="bbox 1972 583 3635 659">
     <span class='ocr_line' id='line_1_19' title="bbox 1972 583 3635 659; baseline 0.008 -26"><span class='ocrx_word' id='word_1_129' title='bbox 1972 592 2108 633; x_wconf 91' lang='lat' dir='ltr'><strong><em>cum</em></strong></span> <span class='ocrx_word' id='word_1_130' title='bbox 2154 585 2446 647; x_wconf 81' lang='lat' dir='ltr'><strong><em>cerneret,</em></strong></span> <span class='ocrx_word' id='word_1_131' title='bbox 2480 583 2884 639; x_wconf 82' lang='lat' dir='ltr'><strong><em>concitantem</em></strong></span> <span class='ocrx_word' id='word_1_132' title='bbox 2925 584 3114 639; x_wconf 88' lang='lat' dir='ltr'><strong><em>alium</em></strong></span> <span class='ocrx_word' id='word_1_133' title='bbox 3161 586 3242 641; x_wconf 89' lang='lat' dir='ltr'><strong><em>ad</em></strong></span> <span class='ocrx_word' id='word_1_134' title='bbox 3284 588 3635 659; x_wconf 89' lang='lat' dir='ltr'><strong><em>lugendum,</em></strong></span> 
     </span>
    </p>
   </div>
   <div class='ocr_carea' id='block_1_20' title="bbox 1974 666 3639 744">
    <p class='ocr_par' dir='ltr' id='par_1_20' title="bbox 1974 666 3639 744">
     <span class='ocr_line' id='line_1_20' title="bbox 1974 666 3639 744; baseline 0.008 -21"><span class='ocrx_word' id='word_1_135' title='bbox 1974 666 2367 736; x_wconf 88' lang='lat' dir='ltr'><strong><em>adjuvantem</em></strong></span> <span class='ocrx_word' id='word_1_136' title='bbox 2397 670 2586 726; x_wconf 86' lang='lat' dir='ltr'><strong><em>alium</em></strong></span> <span class='ocrx_word' id='word_1_137' title='bbox 2609 672 2691 726; x_wconf 90' lang='lat' dir='ltr'><strong><em>ad</em></strong></span> <span class='ocrx_word' id='word_1_138' title='bbox 2715 673 3228 742; x_wconf 78' lang='lat' dir='ltr'><strong><em>persuadendum,</em></strong></span> <span class='ocrx_word' id='word_1_139' title='bbox 3253 677 3639 744; x_wconf 82' lang='lat' dir='ltr'><strong><em>plorantibus</em></strong></span> 
     </span>
    </p>
   </div>
   <div class='ocr_carea' id='block_1_21' title="bbox 1976 756 3643 838">
    <p class='ocr_par' dir='ltr' id='par_1_21' title="bbox 1976 756 3643 838">
     <span class='ocr_line' id='line_1_21' title="bbox 1976 756 3643 838; baseline 0.009 -28"><span class='ocrx_word' id='word_1_140' title='bbox 1976 756 2215 828; x_wconf 79' lang='lat' dir='ltr'><strong><em>quidem</em></strong></span> <span class='ocrx_word' id='word_1_141' title='bbox 2248 759 2409 814; x_wconf 89' lang='lat' dir='ltr'><strong><em>illud</em></strong></span> <span class='ocrx_word' id='word_1_142' title='bbox 2432 761 2677 817; x_wconf 82' lang='lat' dir='ltr'><strong><em>Domini</em></strong></span> <span class='ocrx_word' id='word_1_143' title='bbox 2704 763 2949 818; x_wconf 84' lang='lat' dir='ltr'><strong><em>verbum</em></strong></span> <span class='ocrx_word' id='word_1_144' title='bbox 2980 763 3171 829; x_wconf 64' lang='lat' dir='ltr'><strong><em>dixit:</em></strong></span> <span class='ocrx_word' id='word_1_145' title='bbox 3208 786 3233 814; x_wconf 77' lang='grc' dir='ltr'>α</span> <span class='ocrx_word' id='word_1_146' title='bbox 3269 766 3471 823; x_wconf 77' lang='lat' dir='ltr'><strong><em>Nolite</em></strong></span> <span class='ocrx_word' id='word_1_147' title='bbox 3497 769 3643 838; x_wconf 82' lang='lat' dir='ltr'><strong><em>flere</em></strong></span> 
     </span>
    </p>
   </div>
   <div class='ocr_carea' id='block_1_22' title="bbox 1976 849 3642 927">
    <p class='ocr_par' dir='ltr' id='par_1_22' title="bbox 1976 849 3642 927">
     <span class='ocr_line' id='line_1_22' title="bbox 1976 849 3642 927; baseline 0.007 -25"><span class='ocrx_word' id='word_1_148' title='bbox 1976 862 2159 917; x_wconf 84' lang='lat' dir='ltr'><strong><em>super</em></strong></span> <span class='ocrx_word' id='word_1_149' title='bbox 2174 863 2265 904; x_wconf 89' lang='lat' dir='ltr'><strong><em>me</em></strong></span> <span class='ocrx_word' id='word_1_150' title='bbox 2291 849 2356 915; x_wconf 79' lang='grc' dir='ltr'><strong><em>ιο,</em></strong></span> <span class='ocrx_word' id='word_1_151' title='bbox 2387 870 2413 898; x_wconf 87' lang='grc'><strong>››</strong></span> <span class='ocrx_word' id='word_1_152' title='bbox 2435 849 2541 904; x_wconf 90' lang='lat' dir='ltr'><strong><em>sed</em></strong></span> <span class='ocrx_word' id='word_1_153' title='bbox 2562 851 2701 919; x_wconf 87' lang='lat' dir='ltr'><strong><em>ﬂete</em></strong></span> <span class='ocrx_word' id='word_1_154' title='bbox 2722 867 2906 920; x_wconf 84' lang='lat' dir='ltr'><strong><em>super</em></strong></span> <span class='ocrx_word' id='word_1_155' title='bbox 2929 852 3120 908; x_wconf 88' lang='lat' dir='ltr'><strong><em>hostes</em></strong></span> <span class='ocrx_word' id='word_1_156' title='bbox 3141 854 3272 925; x_wconf 86' lang='lat' dir='ltr'><strong><em>Dei,</em></strong></span> <span class='ocrx_word' id='word_1_157' title='bbox 3299 857 3406 925; x_wconf 89' lang='lat' dir='ltr'><strong><em>qui</em></strong></span> <span class='ocrx_word' id='word_1_158' title='bbox 3432 858 3496 912; x_wconf 89' lang='lat' dir='ltr'><strong><em>in</em></strong></span> <span class='ocrx_word' id='word_1_159' title='bbox 3518 858 3642 927; x_wconf 88' lang='lat' dir='ltr'><strong><em>pie-</em></strong></span> 
     </span>
    </p>
   </div>
   <div class='ocr_carea' id='block_1_23' title="bbox 1980 938 3647 1016">
    <p class='ocr_par' dir='ltr' id='par_1_23' title="bbox 1980 938 3647 1016">
     <span class='ocr_line' id='line_1_23' title="bbox 1980 938 3647 1016; baseline 0.007 -24"><span class='ocrx_word' id='word_1_160' title='bbox 1980 938 2120 992; x_wconf 83' lang='lat' dir='ltr'><strong><em>tatis</em></strong></span> <span class='ocrx_word' id='word_1_161' title='bbox 2146 939 2408 994; x_wconf 88' lang='lat' dir='ltr'><strong><em>cultores</em></strong></span> <span class='ocrx_word' id='word_1_162' title='bbox 2442 940 2594 996; x_wconf 83' lang='lat' dir='ltr'><strong><em>talia</em></strong></span> <span class='ocrx_word' id='word_1_163' title='bbox 2618 941 2866 1009; x_wconf 87' lang='lat' dir='ltr'><strong><em>audent,</em></strong></span> <span class='ocrx_word' id='word_1_164' title='bbox 2899 944 3120 1014; x_wconf 86' lang='lat' dir='ltr'><strong><em>quique</em></strong></span> <span class='ocrx_word' id='word_1_165' title='bbox 3146 959 3258 1013; x_wconf 87' lang='lat' dir='ltr'><strong><em>per</em></strong></span> <span class='ocrx_word' id='word_1_166' title='bbox 3287 944 3448 1002; x_wconf 86' lang='lat' dir='ltr'><strong><em>hanc</em></strong></span> <span class='ocrx_word' id='word_1_167' title='bbox 3470 947 3647 1016; x_wconf 84' lang='lat' dir='ltr'><strong><em>ﬂam-</em></strong></span> 
     </span>
    </p>
   </div>
   <div class='ocr_carea' id='block_1_24' title="bbox 1979 1028 3652 1105">
    <p class='ocr_par' dir='ltr' id='par_1_24' title="bbox 1979 1028 3652 1105">
     <span class='ocr_line' id='line_1_24' title="bbox 1979 1028 3652 1105; baseline 0.006 -24"><span class='ocrx_word' id='word_1_168' title='bbox 1979 1040 2138 1082; x_wconf 91' lang='lat' dir='ltr'><strong><em>mam</em></strong></span> <span class='ocrx_word' id='word_1_169' title='bbox 2160 1042 2339 1097; x_wconf 90' lang='lat' dir='ltr'><strong><em>quam</em></strong></span> <span class='ocrx_word' id='word_1_170' title='bbox 2364 1028 2446 1083; x_wconf 89' lang='lat' dir='ltr'><strong><em>ad</em></strong></span> <span class='ocrx_word' id='word_1_171' title='bbox 2467 1043 2575 1084; x_wconf 88' lang='lat' dir='ltr'><strong><em>nos</em></strong></span> <span class='ocrx_word' id='word_1_172' title='bbox 2598 1029 3025 1087; x_wconf 85' lang='lat' dir='ltr'><strong><em>comburendos</em></strong></span> <span class='ocrx_word' id='word_1_173' title='bbox 3051 1033 3413 1102; x_wconf 88' lang='lat' dir='ltr'><strong><em>accendunt,</em></strong></span> <span class='ocrx_word' id='word_1_174' title='bbox 3433 1035 3652 1105; x_wconf 91' lang='lat' dir='ltr'><strong><em>gehen-</em></strong></span> 
     </span>
    </p>
   </div>
   <div class='ocr_carea' id='block_1_25' title="bbox 1981 1117 3652 1194">
    <p class='ocr_par' dir='ltr' id='par_1_25' title="bbox 1981 1117 3652 1194">
     <span class='ocr_line' id='line_1_25' title="bbox 1981 1117 3652 1194; baseline 0.005 -22"><span class='ocrx_word' id='word_1_175' title='bbox 1981 1131 2078 1173; x_wconf 66' lang='lat' dir='ltr'><strong><em>nre</em></strong></span> <span class='ocrx_word' id='word_1_176' title='bbox 2098 1117 2298 1187; x_wconf 85' lang='lat' dir='ltr'><strong><em>ignem</em></strong></span> <span class='ocrx_word' id='word_1_177' title='bbox 2330 1117 2564 1175; x_wconf 88' lang='lat' dir='ltr'><strong><em>sibimet</em></strong></span> <span class='ocrx_word' id='word_1_178' title='bbox 2584 1124 2905 1188; x_wconf 89' lang='lat' dir='ltr'><strong><em>parant....</em></strong></span> <span class='ocrx_word' id='word_1_179' title='bbox 2937 1122 3094 1177; x_wconf 88' lang='lat' dir='ltr'><strong><em>Aliis</em></strong></span> <span class='ocrx_word' id='word_1_180' title='bbox 3123 1136 3284 1186; x_wconf 90' lang='lat' dir='ltr'><strong><em>vero,</em></strong></span> <span class='ocrx_word' id='word_1_181' title='bbox 3317 1126 3426 1194; x_wconf 88' lang='lat' dir='ltr'><strong><em>qui</em></strong></span> <span class='ocrx_word' id='word_1_182' title='bbox 3447 1130 3511 1179; x_wconf 87' lang='lat' dir='ltr'><strong><em>ut</em></strong></span> <span class='ocrx_word' id='word_1_183' title='bbox 3539 1126 3652 1181; x_wconf 89' lang='lat' dir='ltr'><strong><em>lin-</em></strong></span> 
     </span>
    </p>
   </div>
   <div class='ocr_carea' id='block_1_26' title="bbox 1983 1207 3654 1286">
    <p class='ocr_par' dir='ltr' id='par_1_26' title="bbox 1983 1207 3654 1286">
     <span class='ocr_line' id='line_1_26' title="bbox 1983 1207 3654 1286; baseline 0.007 -26"><span class='ocrx_word' id='word_1_184' title='bbox 1983 1221 2106 1275; x_wconf 89' lang='lat' dir='ltr'><strong><em>gua</em></strong></span> <span class='ocrx_word' id='word_1_185' title='bbox 2135 1212 2384 1277; x_wconf 86' lang='lat' dir='ltr'><strong><em>negaret</em></strong></span> <span class='ocrx_word' id='word_1_186' title='bbox 2405 1207 2765 1272; x_wconf 88' lang='lat' dir='ltr'><strong><em>suadebant,</em></strong></span> <span class='ocrx_word' id='word_1_187' title='bbox 2787 1211 3121 1281; x_wconf 85' lang='lat' dir='ltr'><strong><em>respondit,</em></strong></span> <span class='ocrx_word' id='word_1_188' title='bbox 3153 1212 3427 1283; x_wconf 85' lang='lat' dir='ltr'><strong><em>linguam</em></strong></span> <span class='ocrx_word' id='word_1_189' title='bbox 3450 1229 3585 1286; x_wconf 66' lang='lat' dir='ltr'><strong><em>qua</em></strong></span> <span class='ocrx_word' id='word_1_190' title='bbox 3615 1230 3654 1273; x_wconf 91' lang='lat' dir='ltr'><strong><em>a</em></strong></span> 
     </span>
    </p>
   </div>
   <div class='ocr_carea' id='block_1_27' title="bbox 1989 1295 3658 1376">
    <p class='ocr_par' dir='ltr' id='par_1_27' title="bbox 1989 1295 3658 1376">
     <span class='ocr_line' id='line_1_27' title="bbox 1989 1295 3658 1376; baseline 0.005 -25"><span class='ocrx_word' id='word_1_191' title='bbox 1989 1295 2230 1351; x_wconf 84' lang='lat' dir='ltr'><strong><em>Christo</em></strong></span> <span class='ocrx_word' id='word_1_192' title='bbox 2247 1301 2453 1353; x_wconf 89' lang='lat' dir='ltr'><strong><em>creata</em></strong></span> <span class='ocrx_word' id='word_1_193' title='bbox 2470 1302 2622 1363; x_wconf 88' lang='lat' dir='ltr'><strong><em>erat,</em></strong></span> <span class='ocrx_word' id='word_1_194' title='bbox 2638 1298 2970 1370; x_wconf 80' lang='lat' dir='ltr'><strong><em>quidquam</em></strong></span> <span class='ocrx_word' id='word_1_195' title='bbox 2992 1301 3056 1355; x_wconf 89' lang='lat' dir='ltr'><strong><em>in</em></strong></span> <span class='ocrx_word' id='word_1_196' title='bbox 3080 1300 3462 1359; x_wconf 86' lang='lat' dir='ltr'><strong><em>Conditorem</em></strong></span> <span class='ocrx_word' id='word_1_197' title='bbox 3490 1305 3658 1376; x_wconf 89' lang='lat' dir='ltr'><strong><em>loqui</em></strong></span> 
     </span>
    </p>
   </div>
   <div class='ocr_carea' id='block_1_28' title="bbox 1987 1385 3655 1463">
    <p class='ocr_par' dir='ltr' id='par_1_28' title="bbox 1987 1385 3655 1463">
     <span class='ocr_line' id='line_1_28' title="bbox 1987 1385 3655 1463; baseline 0.007 -24"><span class='ocrx_word' id='word_1_198' title='bbox 1987 1399 2109 1440; x_wconf 88' lang='lat' dir='ltr'><strong><em>non</em></strong></span> <span class='ocrx_word' id='word_1_199' title='bbox 2128 1399 2319 1454; x_wconf 87' lang='lat' dir='ltr'><strong><em>posse.</em></strong></span> <span class='ocrx_word' id='word_1_200' title='bbox 2348 1407 2377 1435; x_wconf 90' lang='lat'><strong>«</strong></span> <span class='ocrx_word' id='word_1_201' title='bbox 2403 1385 2597 1443; x_wconf 87' lang='lat' dir='ltr'><strong><em>Corde</em></strong></span> <span class='ocrx_word' id='word_1_202' title='bbox 2612 1389 2768 1443; x_wconf 87' lang='lat' dir='ltr'><strong><em>enim</em></strong></span> <span class='ocrx_word' id='word_1_203' title='bbox 2793 1388 3094 1444; x_wconf 86' lang='lat' dir='ltr'><strong><em>credimus</em></strong></span> <span class='ocrx_word' id='word_1_204' title='bbox 3114 1390 3532 1463; x_wconf 87' lang='lat' dir='ltr'><strong><em>adjustitiam,</em></strong></span> <span class='ocrx_word' id='word_1_205' title='bbox 3550 1408 3655 1450; x_wconf 92' lang='lat' dir='ltr'><strong><em>ore</em></strong></span> 
     </span>
    </p>
   </div>
   <div class='ocr_carea' id='block_1_29' title="bbox 1990 1476 3660 1552">
    <p class='ocr_par' dir='ltr' id='par_1_29' title="bbox 1990 1476 3660 1552">
     <span class='ocr_line' id='line_1_29' title="bbox 1990 1476 3660 1552; baseline 0.004 -22"><span class='ocrx_word' id='word_1_206' title='bbox 1990 1489 2128 1531; x_wconf 88' lang='lat' dir='ltr'><strong><em>vero</em></strong></span> <span class='ocrx_word' id='word_1_207' title='bbox 2150 1476 2508 1544; x_wconf 79' lang='lat' dir='ltr'><strong><em>conﬁtemur</em></strong></span> <span class='ocrx_word' id='word_1_208' title='bbox 2528 1477 2611 1532; x_wconf 86' lang='lat' dir='ltr'><strong><em>ad</em></strong></span> <span class='ocrx_word' id='word_1_209' title='bbox 2632 1478 2888 1534; x_wconf 86' lang='lat' dir='ltr'><strong><em>salutem</em></strong></span> <span class='ocrx_word' id='word_1_210' title='bbox 2923 1480 3068 1548; x_wconf 86' lang='grc'><strong><em>¹¹...,</em></strong></span> <span class='ocrx_word' id='word_1_211' title='bbox 3096 1500 3124 1529; x_wconf 92' lang='grc'><strong>››</strong></span> <span class='ocrx_word' id='word_1_212' title='bbox 3151 1481 3446 1551; x_wconf 86' lang='lat' dir='ltr'><strong><em>quomodo</em></strong></span> <span class='ocrx_word' id='word_1_213' title='bbox 3470 1482 3660 1552; x_wconf 88' lang='lat' dir='ltr'><strong><em>igitur</em></strong></span> 
     </span>
    </p>
   </div>
   <div class='ocr_carea' id='block_1_30' title="bbox 1989 1564 3661 1637">
    <p class='ocr_par' dir='ltr' id='par_1_30' title="bbox 1989 1564 3661 1637">
     <span class='ocr_line' id='line_1_30' title="bbox 1989 1564 3661 1637; baseline 0.007 -18"><span class='ocrx_word' id='word_1_214' title='bbox 1989 1564 2220 1635; x_wconf 89' lang='lat' dir='ltr'><strong><em>negabo</em></strong></span> <span class='ocrx_word' id='word_1_215' title='bbox 2240 1566 2428 1621; x_wconf 91' lang='lat' dir='ltr'><strong><em>Deum</em></strong></span> <span class='ocrx_word' id='word_1_216' title='bbox 2447 1581 2643 1622; x_wconf 87' lang='lat' dir='ltr'><strong><em>meum</em></strong></span> <span class='ocrx_word' id='word_1_217' title='bbox 2665 1583 2838 1637; x_wconf 89' lang='lat' dir='ltr'><strong><em>quem</em></strong></span> <span class='ocrx_word' id='word_1_218' title='bbox 2864 1584 2901 1624; x_wconf 93' lang='lat' dir='ltr'><strong><em>a</em></strong></span> <span class='ocrx_word' id='word_1_219' title='bbox 2921 1584 3109 1637; x_wconf 87' lang='lat' dir='ltr'><strong><em>puero</em></strong></span> <span class='ocrx_word' id='word_1_220' title='bbox 3130 1570 3426 1627; x_wconf 82' lang='lat' dir='ltr'><strong><em>adoravi?</em></strong></span> <span class='ocrx_word' id='word_1_221' title='bbox 3445 1572 3661 1630; x_wconf 88' lang='lat' dir='ltr'><strong><em>Nonne</em></strong></span> 
     </span>
    </p>
   </div>
   <div class='ocr_carea' id='block_1_31' title="bbox 1993 1654 3662 1726">
    <p class='ocr_par' dir='ltr' id='par_1_31' title="bbox 1993 1654 3662 1726">
     <span class='ocr_line' id='line_1_31' title="bbox 1993 1654 3662 1726; baseline 0.005 -17"><span class='ocrx_word' id='word_1_222' title='bbox 1993 1654 2297 1711; x_wconf 89' lang='lat' dir='ltr'><strong><em>horrescet</em></strong></span> <span class='ocrx_word' id='word_1_223' title='bbox 2341 1656 2554 1712; x_wconf 71' lang='lat' dir='ltr'><strong><em>extum</em></strong></span> <span class='ocrx_word' id='word_1_224' title='bbox 2592 1657 2901 1726; x_wconf 82' lang='lat' dir='ltr'><strong><em>desuper?</em></strong></span> <span class='ocrx_word' id='word_1_225' title='bbox 2939 1675 3140 1716; x_wconf 86' lang='lat' dir='ltr'><strong><em>nonne</em></strong></span> <span class='ocrx_word' id='word_1_226' title='bbox 3167 1660 3662 1718; x_wconf 87' lang='lat' dir='ltr'><strong><em>obscurabuntur</em></strong></span> 
     </span>
    </p>
   </div>
   <div class='ocr_carea' id='block_1_32' title="bbox 215 1745 3661 1821">
    <p class='ocr_par' dir='ltr' id='par_1_32' title="bbox 215 1745 3661 1821">
     <span class='ocr_line' id='line_1_32' title="bbox 215 1745 3661 1821; baseline 0.001 -18"><span class='ocrx_word' id='word_1_227' title='bbox 215 1763 362 1807; x_wconf 85' lang='lat' dir='ltr'><strong><em>sane</em></strong></span> <span class='ocrx_word' id='word_1_228' title='bbox 391 1748 574 1805; x_wconf 89' lang='lat' dir='ltr'><strong><em>cadat</em></strong></span> <span class='ocrx_word' id='word_1_229' title='bbox 591 1750 800 1820; x_wconf 84' lang='lat' dir='ltr'><strong><em>fortis,</em></strong></span> <span class='ocrx_word' id='word_1_230' title='bbox 822 1750 941 1805; x_wconf 89' lang='lat' dir='ltr'><strong><em>cito</em></strong></span> <span class='ocrx_word' id='word_1_231' title='bbox 970 1750 1256 1820; x_wconf 86' lang='lat' dir='ltr'><strong><em>resurgit,</em></strong></span> <span class='ocrx_word' id='word_1_232' title='bbox 1280 1765 1419 1805; x_wconf 89' lang='lat' dir='ltr'><strong><em>cum</em></strong></span> <span class='ocrx_word' id='word_1_233' title='bbox 1439 1749 1570 1821; x_wconf 89' lang='lat' dir='ltr'><strong><em>ipse</em></strong></span> <span class='ocrx_word' id='word_1_234' title='bbox 1595 1749 1711 1805; x_wconf 89' lang='lat' dir='ltr'><strong><em>hoc</em></strong></span> <span class='ocrx_word' id='word_1_235' title='bbox 1733 1747 1878 1804; x_wconf 54' lang='lat' dir='ltr'><strong><em>mili.</em></strong></span> <span class='ocrx_word' id='word_1_236' title='bbox 1914 1755 1954 1808; x_wconf 82' lang='grc' dir='ltr'><strong>Β</strong></span> <span class='ocrx_word' id='word_1_237' title='bbox 1993 1758 2123 1801; x_wconf 91' lang='lat' dir='ltr'><strong><em>mea</em></strong></span> <span class='ocrx_word' id='word_1_238' title='bbox 2150 1759 2337 1800; x_wconf 85' lang='lat' dir='ltr'><strong><em>causa</em></strong></span> <span class='ocrx_word' id='word_1_239' title='bbox 2366 1745 2569 1802; x_wconf 88' lang='lat' dir='ltr'><strong><em>sidera</em></strong></span> <span class='ocrx_word' id='word_1_240' title='bbox 2586 1749 2614 1801; x_wconf 87' lang='lat'><strong><em>?</em></strong></span> <span class='ocrx_word' id='word_1_241' title='bbox 2632 1761 2777 1802; x_wconf 90' lang='lat' dir='ltr'><strong><em>num</em></strong></span> <span class='ocrx_word' id='word_1_242' title='bbox 2806 1748 2987 1803; x_wconf 88' lang='lat' dir='ltr'><strong><em>tellus</em></strong></span> <span class='ocrx_word' id='word_1_243' title='bbox 3017 1764 3107 1805; x_wconf 91' lang='lat' dir='ltr'><strong><em>me</em></strong></span> <span class='ocrx_word' id='word_1_244' title='bbox 3141 1750 3268 1805; x_wconf 93' lang='lat' dir='ltr'><strong><em>ullo</em></strong></span> <span class='ocrx_word' id='word_1_245' title='bbox 3290 1752 3465 1807; x_wconf 88' lang='lat' dir='ltr'><strong><em>modo</em></strong></span> <span class='ocrx_word' id='word_1_246' title='bbox 3481 1754 3661 1808; x_wconf 90' lang='lat' dir='ltr'><strong><em>susti-</em></strong></span> 
     </span>
    </p>
   </div>
   <div class='ocr_carea' id='block_1_33' title="bbox 214 1837 1879 1911">
    <p class='ocr_par' dir='ltr' id='par_1_33' title="bbox 214 1837 1879 1911">
     <span class='ocr_line' id='line_1_33' title="bbox 214 1837 1879 1911; baseline 0.001 -17"><span class='ocrx_word' id='word_1_247' title='bbox 214 1838 292 1894; x_wconf 83' lang='lat' dir='ltr'><strong><em>tis</em></strong></span> <span class='ocrx_word' id='word_1_248' title='bbox 304 1837 584 1911; x_wconf 78' lang='lat' dir='ltr'><strong><em>exemplo</em></strong></span> <span class='ocrx_word' id='word_1_249' title='bbox 596 1838 869 1895; x_wconf 90' lang='lat' dir='ltr'><strong><em>docuerit</em></strong></span> <span class='ocrx_word' id='word_1_250' title='bbox 883 1838 1076 1895; x_wconf 91' lang='lat' dir='ltr'><strong><em>virum</em></strong></span> <span class='ocrx_word' id='word_1_251' title='bbox 1088 1840 1464 1895; x_wconf 87' lang='lat' dir='ltr'><strong><em>strenuissim</em></strong></span> <span class='ocrx_word' id='word_1_252' title='bbox 1472 1855 1569 1894; x_wconf 90' lang='lat' dir='ltr'><strong><em>um</em></strong></span> <span class='ocrx_word' id='word_1_253' title='bbox 1584 1839 1879 1902; x_wconf 79' lang='lat' dir='ltr'><strong><em>cecidisse,</em></strong></span> 
     </span>
    </p>
   </div>
   <div class='ocr_carea' id='block_1_34' title="bbox 218 1928 1884 2001">
    <p class='ocr_par' dir='ltr' id='par_1_34' title="bbox 218 1928 1884 2001">
     <span class='ocr_line' id='line_1_34' title="bbox 218 1928 1884 2001; baseline -0.001 -17"><span class='ocrx_word' id='word_1_254' title='bbox 218 1943 329 1984; x_wconf 81' lang='lat' dir='ltr'><strong><em>nec</em></strong></span> <span class='ocrx_word' id='word_1_255' title='bbox 351 1932 557 1984; x_wconf 87' lang='lat' dir='ltr'><strong><em>tamen</em></strong></span> <span class='ocrx_word' id='word_1_256' title='bbox 578 1944 853 2001; x_wconf 87' lang='lat' dir='ltr'><strong><em>unquam</em></strong></span> <span class='ocrx_word' id='word_1_257' title='bbox 869 1928 1270 1984; x_wconf 84' lang='lat' dir='ltr'><strong><em>resurrexisse</em></strong></span> <span class='ocrx_word' id='word_1_258' title='bbox 1285 1929 1313 1984; x_wconf 84' lang='lat'><strong>?</strong></span> <span class='ocrx_word' id='word_1_259' title='bbox 1333 1928 1653 1994; x_wconf 85' lang='lat' dir='ltr'><strong><em>Quomodo</em></strong></span> <span class='ocrx_word' id='word_1_260' title='bbox 1672 1944 1884 1984; x_wconf 89' lang='lat' dir='ltr'><strong><em>rursus</em></strong></span> 
     </span>
    </p>
   </div>
   <div class='ocr_carea' id='block_1_35' title="bbox 218 2015 1886 2089">
    <p class='ocr_par' dir='ltr' id='par_1_35' title="bbox 218 2015 1886 2089">
     <span class='ocr_line' id='line_1_35' title="bbox 218 2015 1886 2089; baseline 0.001 -18"><span class='ocrx_word' id='word_1_261' title='bbox 218 2016 303 2073; x_wconf 88' lang='lat' dir='ltr'><strong><em>ita</em></strong></span> <span class='ocrx_word' id='word_1_262' title='bbox 320 2015 491 2087; x_wconf 89' lang='lat' dir='ltr'><strong><em>loqui</em></strong></span> <span class='ocrx_word' id='word_1_263' title='bbox 516 2016 843 2088; x_wconf 87' lang='lat' dir='ltr'><strong><em>potuisset:</em></strong></span> <span class='ocrx_word' id='word_1_264' title='bbox 872 2018 1029 2085; x_wconf 83' lang='lat' dir='ltr'><strong><em>Quid</em></strong></span> <span class='ocrx_word' id='word_1_265' title='bbox 1058 2018 1217 2073; x_wconf 90' lang='lat' dir='ltr'><strong><em>enim</em></strong></span> <span class='ocrx_word' id='word_1_266' title='bbox 1245 2019 1353 2089; x_wconf 85' lang='lat' dir='ltr'><strong><em>vis,</em></strong></span> <span class='ocrx_word' id='word_1_267' title='bbox 1381 2033 1649 2074; x_wconf 88' lang='lat' dir='ltr'><strong><em>unumne</em></strong></span> <span class='ocrx_word' id='word_1_268' title='bbox 1670 2031 1886 2087; x_wconf 79' lang='lat' dir='ltr'><strong><em>pecca-</em></strong></span> 
     </span>
    </p>
   </div>
   <div class='ocr_carea' id='block_1_36' title="bbox 221 2106 1886 2177">
    <p class='ocr_par' dir='ltr' id='par_1_36' title="bbox 221 2106 1886 2177">
     <span class='ocr_line' id='line_1_36' title="bbox 221 2106 1886 2177; baseline 0.001 -16"><span class='ocrx_word' id='word_1_269' title='bbox 221 2111 347 2161; x_wconf 91' lang='lat' dir='ltr'><strong><em>tum</em></strong></span> <span class='ocrx_word' id='word_1_270' title='bbox 377 2106 677 2175; x_wconf 88' lang='lat' dir='ltr'><strong><em>imputari</em></strong></span> <span class='ocrx_word' id='word_1_271' title='bbox 690 2108 944 2175; x_wconf 89' lang='lat' dir='ltr'><strong><em>sanctis,</em></strong></span> <span class='ocrx_word' id='word_1_272' title='bbox 968 2121 1049 2164; x_wconf 90' lang='lat' dir='ltr'><strong><em>an</em></strong></span> <span class='ocrx_word' id='word_1_273' title='bbox 1066 2107 1370 2177; x_wconf 81' lang='lat' dir='ltr'><strong><em>justitiam</em></strong></span> <span class='ocrx_word' id='word_1_274' title='bbox 1399 2108 1658 2163; x_wconf 88' lang='lat' dir='ltr'><strong><em>multam</em></strong></span> <span class='ocrx_word' id='word_1_275' title='bbox 1673 2110 1699 2161; x_wconf 74' lang='lat'><strong><em>.9</em></strong></span> <span class='ocrx_word' id='word_1_276' title='bbox 1717 2107 1886 2163; x_wconf 86' lang='lat' dir='ltr'><strong><em>Fecit</em></strong></span> 
     </span>
    </p>
   </div>
   <div class='ocr_carea' id='block_1_37' title="bbox 218 2195 1883 2266">
    <p class='ocr_par' dir='ltr' id='par_1_37' title="bbox 218 2195 1883 2266">
     <span class='ocr_line' id='line_1_37' title="bbox 218 2195 1883 2266; baseline 0 -15"><span class='ocrx_word' id='word_1_277' title='bbox 218 2200 550 2265; x_wconf 89' lang='lat' dir='ltr'><strong><em>peccatum,</em></strong></span> <span class='ocrx_word' id='word_1_278' title='bbox 575 2199 639 2251; x_wconf 89' lang='lat' dir='ltr'><strong><em>at</em></strong></span> <span class='ocrx_word' id='word_1_279' title='bbox 664 2195 811 2265; x_wconf 83' lang='lat' dir='ltr'><strong><em>fecit</em></strong></span> <span class='ocrx_word' id='word_1_280' title='bbox 840 2197 1021 2252; x_wconf 91' lang='lat' dir='ltr'><strong><em>etiam</em></strong></span> <span class='ocrx_word' id='word_1_281' title='bbox 1049 2197 1319 2266; x_wconf 78' lang='lat' dir='ltr'><strong><em>justitias</em></strong></span> <span class='ocrx_word' id='word_1_282' title='bbox 1342 2198 1591 2253; x_wconf 90' lang='lat' dir='ltr'><strong><em>multas.</em></strong></span> <span class='ocrx_word' id='word_1_283' title='bbox 1616 2197 1773 2265; x_wconf 87' lang='lat' dir='ltr'><strong><em>Quid</em></strong></span> <span class='ocrx_word' id='word_1_284' title='bbox 1778 2198 1883 2266; x_wconf 85' lang='lat' dir='ltr'><strong><em>ju-</em></strong></span> 
     </span>
    </p>
   </div>
   <div class='ocr_carea' id='block_1_38' title="bbox 221 2285 1888 2356">
    <p class='ocr_par' dir='ltr' id='par_1_38' title="bbox 221 2285 1888 2356">
     <span class='ocr_line' id='line_1_38' title="bbox 221 2285 1888 2356; baseline 0.002 -16"><span class='ocrx_word' id='word_1_285' title='bbox 221 2290 382 2340; x_wconf 90' lang='lat' dir='ltr'><strong><em>stum</em></strong></span> <span class='ocrx_word' id='word_1_286' title='bbox 399 2290 486 2341; x_wconf 91' lang='lat' dir='ltr'><strong><em>est</em></strong></span> <span class='ocrx_word' id='word_1_287' title='bbox 501 2285 913 2355; x_wconf 87' lang='lat' dir='ltr'><strong><em>apudjustum</em></strong></span> <span class='ocrx_word' id='word_1_288' title='bbox 933 2287 1144 2355; x_wconf 90' lang='lat' dir='ltr'><strong><em>Deum,</em></strong></span> <span class='ocrx_word' id='word_1_289' title='bbox 1155 2302 1574 2356; x_wconf 89' lang='lat' dir='ltr'><strong><em>paucorumne</em></strong></span> <span class='ocrx_word' id='word_1_290' title='bbox 1590 2288 1888 2344; x_wconf 85' lang='lat' dir='ltr'><strong><em>meminis-</em></strong></span> 
     </span>
    </p>
   </div>
   <div class='ocr_carea' id='block_1_39' title="bbox 222 2360 1887 2448">
    <p class='ocr_par' dir='ltr' id='par_1_39' title="bbox 222 2360 1887 2448">
     <span class='ocr_line' id='line_1_39' title="bbox 222 2360 1887 2448; baseline 0.002 -17"><span class='ocrx_word' id='word_1_291' title='bbox 222 2390 305 2436; x_wconf 89' lang='lat' dir='ltr'><strong><em>se.</em></strong></span> <span class='ocrx_word' id='word_1_292' title='bbox 344 2390 425 2431; x_wconf 90' lang='lat' dir='ltr'><strong><em>an</em></strong></span> <span class='ocrx_word' id='word_1_293' title='bbox 463 2360 795 2431; x_wconf 76' lang='lat' dir='ltr'><strong><em>multorum</em></strong></span> <span class='ocrx_word' id='word_1_294' title='bbox 832 2376 1108 2432; x_wconf 87' lang='lat' dir='ltr'><strong><em>oblivisci</em></strong></span> <span class='ocrx_word' id='word_1_295' title='bbox 1330 2377 1401 2433; x_wconf 92' lang='lat' dir='ltr'><strong><em>Si</em></strong></span> <span class='ocrx_word' id='word_1_296' title='bbox 1421 2383 1672 2447; x_wconf 87' lang='lat' dir='ltr'><strong><em>peccata</em></strong></span> <span class='ocrx_word' id='word_1_297' title='bbox 1693 2378 1887 2448; x_wconf 89' lang='lat' dir='ltr'><strong><em>plura</em></strong></span> 
     </span>
    </p>
   </div>
   <div class='ocr_carea' id='block_1_40' title="bbox 224 2464 1885 2537">
    <p class='ocr_par' dir='ltr' id='par_1_40' title="bbox 224 2464 1885 2537">
     <span class='ocr_line' id='line_1_40' title="bbox 224 2464 1885 2537; baseline 0.003 -19"><span class='ocrx_word' id='word_1_298' title='bbox 224 2471 388 2532; x_wconf 89' lang='lat' dir='ltr'><strong><em>sunt,</em></strong></span> <span class='ocrx_word' id='word_1_299' title='bbox 428 2464 504 2520; x_wconf 90' lang='lat' dir='ltr'><strong><em>sit</em></strong></span> <span class='ocrx_word' id='word_1_300' title='bbox 532 2469 817 2532; x_wconf 62' lang='lat' dir='ltr'><strong><em>peccat-ir</em></strong></span> <span class='ocrx_word' id='word_1_301' title='bbox 848 2482 861 2519; x_wconf 92' lang='lat'>:</span> <span class='ocrx_word' id='word_1_302' title='bbox 896 2466 991 2520; x_wconf 90' lang='lat' dir='ltr'><strong><em>sin</em></strong></span> <span class='ocrx_word' id='word_1_303' title='bbox 1012 2466 1273 2535; x_wconf 69' lang='lat' dir='ltr'><strong><em>justitix</em></strong></span> <span class='ocrx_word' id='word_1_304' title='bbox 1299 2467 1529 2536; x_wconf 86' lang='lat' dir='ltr'><strong><em>plures,</em></strong></span> <span class='ocrx_word' id='word_1_305' title='bbox 1557 2467 1636 2523; x_wconf 90' lang='lat' dir='ltr'><strong><em>sit</em></strong></span> <span class='ocrx_word' id='word_1_306' title='bbox 1654 2469 1885 2537; x_wconf 86' lang='lat' dir='ltr'><strong><em>justus,</em></strong></span> 
     </span>
    </p>
   </div>
   <div class='ocr_carea' id='block_1_41' title="bbox 227 2542 1887 2628">
    <p class='ocr_par' dir='ltr' id='par_1_41' title="bbox 227 2542 1887 2628">
     <span class='ocr_line' id='line_1_41' title="bbox 227 2542 1887 2628; baseline 0.002 -20"><span class='ocrx_word' id='word_1_307' title='bbox 227 2568 367 2609; x_wconf 90' lang='lat' dir='ltr'><strong><em>cum</em></strong></span> <span class='ocrx_word' id='word_1_308' title='bbox 392 2552 526 2625; x_wconf 89' lang='lat' dir='ltr'><strong><em>ipse</em></strong></span> <span class='ocrx_word' id='word_1_309' title='bbox 554 2557 759 2609; x_wconf 89' lang='lat' dir='ltr'><strong><em>narret</em></strong></span> <span class='ocrx_word' id='word_1_310' title='bbox 787 2554 959 2610; x_wconf 90' lang='lat' dir='ltr'><strong><em>militi</em></strong></span> <span class='ocrx_word' id='word_1_311' title='bbox 976 2554 1141 2625; x_wconf 86' lang='lat' dir='ltr'><strong><em>justo</em></strong></span> <span class='ocrx_word' id='word_1_312' title='bbox 1170 2555 1305 2617; x_wconf 90' lang='lat' dir='ltr'><strong><em>(nisi</em></strong></span> <span class='ocrx_word' id='word_1_313' title='bbox 1334 2542 1494 2612; x_wconf 79' lang='lat' dir='ltr'><strong><em>enim</em></strong></span> <span class='ocrx_word' id='word_1_314' title='bbox 1526 2555 1740 2612; x_wconf 88' lang='lat' dir='ltr'><strong><em>fuisset</em></strong></span> <span class='ocrx_word' id='word_1_315' title='bbox 1753 2557 1887 2628; x_wconf 93' lang='lat' dir='ltr'><strong><em>jus-</em></strong></span> 
     </span>
    </p>
   </div>
   <div class='ocr_carea' id='block_1_42' title="bbox 223 2642 1887 2719">
    <p class='ocr_par' dir='ltr' id='par_1_42' title="bbox 223 2642 1887 2719">
     <span class='ocr_line' id='line_1_42' title="bbox 223 2642 1887 2719; baseline 0.002 -20"><span class='ocrx_word' id='word_1_316' title='bbox 223 2646 342 2710; x_wconf 87' lang='lat' dir='ltr'><strong><em>tus,</em></strong></span> <span class='ocrx_word' id='word_1_317' title='bbox 370 2642 499 2713; x_wconf 90' lang='lat' dir='ltr'><strong><em>ejus</em></strong></span> <span class='ocrx_word' id='word_1_318' title='bbox 529 2643 881 2715; x_wconf 84' lang='lat' dir='ltr'><strong><em>exemplum</em></strong></span> <span class='ocrx_word' id='word_1_319' title='bbox 897 2644 1075 2715; x_wconf 88' lang='lat' dir='ltr'><strong><em>justis</em></strong></span> <span class='ocrx_word' id='word_1_320' title='bbox 1097 2660 1218 2700; x_wconf 92' lang='lat' dir='ltr'><strong><em>non</em></strong></span> <span class='ocrx_word' id='word_1_321' title='bbox 1250 2644 1460 2702; x_wconf 87' lang='lat' dir='ltr'><strong><em>fuisset</em></strong></span> <span class='ocrx_word' id='word_1_322' title='bbox 1481 2647 1887 2719; x_wconf 90' lang='lat' dir='ltr'><strong><em>propositum)</em></strong></span> 
     </span>
    </p>
   </div>
   <div class='ocr_carea' id='block_1_43' title="bbox 219 2731 1881 2815">
    <p class='ocr_par' dir='ltr' id='par_1_43' title="bbox 219 2731 1881 2815">
     <span class='ocr_line' id='line_1_43' title="bbox 219 2731 1881 2815; baseline 0.004 -28"><span class='ocrx_word' id='word_1_323' title='bbox 219 2731 587 2804; x_wconf 88' lang='lat' dir='ltr'><strong><em>imputatum</em></strong></span> <span class='ocrx_word' id='word_1_324' title='bbox 629 2748 759 2789; x_wconf 89' lang='lat' dir='ltr'><strong><em>esse</em></strong></span> <span class='ocrx_word' id='word_1_325' title='bbox 798 2749 993 2789; x_wconf 90' lang='lat' dir='ltr'><strong><em>unum</em></strong></span> <span class='ocrx_word' id='word_1_326' title='bbox 1036 2739 1381 2806; x_wconf 86' lang='lat' dir='ltr'><strong><em>peccatum,</em></strong></span> <span class='ocrx_word' id='word_1_327' title='bbox 1423 2752 1548 2815; x_wconf 88' lang='lat' dir='ltr'><strong><em>non</em></strong></span> <span class='ocrx_word' id='word_1_328' title='bbox 1586 2736 1881 2807; x_wconf 88' lang='lat' dir='ltr'><strong><em>justitiam</em></strong></span> 
     </span>
    </p>
   </div>
   <div class='ocr_carea' id='block_1_44' title="bbox 221 2819 1881 2898">
    <p class='ocr_par' dir='ltr' id='par_1_44' title="bbox 221 2819 1881 2898">
     <span class='ocr_line' id='line_1_44' title="bbox 221 2819 1881 2898; baseline 0.004 -23"><span class='ocrx_word' id='word_1_329' title='bbox 221 2819 479 2877; x_wconf 88' lang='lat' dir='ltr'><strong><em>multam</em></strong></span> <span class='ocrx_word' id='word_1_330' title='bbox 502 2822 530 2879; x_wconf 72' lang='lat'><strong><em>‘2</em></strong></span> <span class='ocrx_word' id='word_1_331' title='bbox 556 2824 784 2877; x_wconf 84' lang='lat' dir='ltr'><strong><em>Rursus</em></strong></span> <span class='ocrx_word' id='word_1_332' title='bbox 803 2822 1116 2895; x_wconf 90' lang='lat' dir='ltr'><strong><em>quomodo</em></strong></span> <span class='ocrx_word' id='word_1_333' title='bbox 1148 2823 1228 2880; x_wconf 90' lang='lat' dir='ltr'><strong><em>ita</em></strong></span> <span class='ocrx_word' id='word_1_334' title='bbox 1259 2824 1524 2881; x_wconf 88' lang='lat' dir='ltr'><strong><em>scribere</em></strong></span> <span class='ocrx_word' id='word_1_335' title='bbox 1551 2826 1881 2898; x_wconf 89' lang='lat' dir='ltr'><strong><em>potuisset:</em></strong></span> 
     </span>
    </p>
   </div>
   <div class='ocr_carea' id='block_1_45' title="bbox 218 2911 1882 2985">
    <p class='ocr_par' dir='ltr' id='par_1_45' title="bbox 218 2911 1882 2985">
     <span class='ocr_line' id='line_1_45' title="bbox 218 2911 1882 2985; baseline 0.004 -20"><span class='ocrx_word' id='word_1_336' title='bbox 218 2911 455 2967; x_wconf 86' lang='lat' dir='ltr'><strong><em>Etcum</em></strong></span> <span class='ocrx_word' id='word_1_337' title='bbox 483 2912 619 2983; x_wconf 85' lang='lat' dir='ltr'><strong><em>quis</em></strong></span> <span class='ocrx_word' id='word_1_338' title='bbox 649 2916 1055 2984; x_wconf 88' lang='lat' dir='ltr'><strong><em>torqueretur,</em></strong></span> <span class='ocrx_word' id='word_1_339' title='bbox 1084 2928 1496 2983; x_wconf 67' lang='lat' dir='ltr'><strong><em>saepenumero</em></strong></span> <span class='ocrx_word' id='word_1_340' title='bbox 1519 2917 1712 2985; x_wconf 89' lang='lat' dir='ltr'><strong><em>cessit,</em></strong></span> <span class='ocrx_word' id='word_1_341' title='bbox 1746 2932 1882 2972; x_wconf 90' lang='lat' dir='ltr'><strong><em>cum</em></strong></span> 
     </span>
    </p>
   </div>
   <div class='ocr_carea' id='block_1_46' title="bbox 213 3000 1883 3076">
    <p class='ocr_par' dir='ltr' id='par_1_46' title="bbox 213 3000 1883 3076">
     <span class='ocr_line' id='line_1_46' title="bbox 213 3000 1883 3076; baseline 0.004 -21"><span class='ocrx_word' id='word_1_342' title='bbox 213 3000 385 3069; x_wconf 81' lang='lat' dir='ltr'><strong><em>ferre</em></strong></span> <span class='ocrx_word' id='word_1_343' title='bbox 399 3015 520 3055; x_wconf 89' lang='lat' dir='ltr'><strong><em>non</em></strong></span> <span class='ocrx_word' id='word_1_344' title='bbox 535 3006 755 3070; x_wconf 90' lang='lat' dir='ltr'><strong><em>posset,</em></strong></span> <span class='ocrx_word' id='word_1_345' title='bbox 778 3017 900 3057; x_wconf 91' lang='lat' dir='ltr'><strong><em>non</em></strong></span> <span class='ocrx_word' id='word_1_346' title='bbox 917 3009 1292 3060; x_wconf 88' lang='lat' dir='ltr'><strong><em>commutans</em></strong></span> <span class='ocrx_word' id='word_1_347' title='bbox 1308 3006 1646 3061; x_wconf 89' lang='lat' dir='ltr'><strong><em>voluntatis</em></strong></span> <span class='ocrx_word' id='word_1_348' title='bbox 1657 3020 1883 3076; x_wconf 87' lang='lat' dir='ltr'><strong><em>propo-</em></strong></span> 
     </span>
    </p>
   </div>
   <div class='ocr_carea' id='block_1_47' title="bbox 1994 1832 3663 1902">
    <p class='ocr_par' dir='ltr' id='par_1_47' title="bbox 1994 1832 3663 1902">
     <span class='ocr_line' id='line_1_47' title="bbox 1994 1832 3663 1902; baseline 0.007 -14"><span class='ocrx_word' id='word_1_349' title='bbox 1994 1832 2200 1890; x_wconf 85' lang='lat' dir='ltr'><strong><em>nebit?</em></strong></span> <span class='ocrx_word' id='word_1_350' title='bbox 2224 1855 2252 1883; x_wconf 72' lang='grc' dir='ltr'><strong><em>(ί</em></strong></span> <span class='ocrx_word' id='word_1_351' title='bbox 2273 1835 2475 1891; x_wconf 89' lang='lat' dir='ltr'><strong><em>Nolite</em></strong></span> <span class='ocrx_word' id='word_1_352' title='bbox 2504 1850 2733 1902; x_wconf 87' lang='lat' dir='ltr'><strong><em>errare,</em></strong></span> <span class='ocrx_word' id='word_1_353' title='bbox 2767 1836 2928 1892; x_wconf 89' lang='lat' dir='ltr'><strong><em>Deus</em></strong></span> <span class='ocrx_word' id='word_1_354' title='bbox 2956 1854 3076 1893; x_wconf 91' lang='lat' dir='ltr'><strong><em>non</em></strong></span> <span class='ocrx_word' id='word_1_355' title='bbox 3095 1839 3397 1895; x_wconf 88' lang='lat' dir='ltr'><strong><em>irridetur</em></strong></span> <span class='ocrx_word' id='word_1_356' title='bbox 3418 1843 3485 1895; x_wconf 73' lang='grc' dir='ltr'><strong><em>η.</em></strong></span> <span class='ocrx_word' id='word_1_357' title='bbox 3509 1862 3537 1892; x_wconf 87' lang='grc'><strong>››</strong></span> <span class='ocrx_word' id='word_1_358' title='bbox 3561 1842 3663 1899; x_wconf 86' lang='lat' dir='ltr'><strong><em>Ex</em></strong></span> 
     </span>
    </p>
   </div>
   <div class='ocr_carea' id='block_1_48' title="bbox 1994 1925 3664 2003">
    <p class='ocr_par' dir='ltr' id='par_1_48' title="bbox 1994 1925 3664 2003">
     <span class='ocr_line' id='line_1_48' title="bbox 1994 1925 3664 2003; baseline 0.005 -23"><span class='ocrx_word' id='word_1_359' title='bbox 1994 1938 2096 1980; x_wconf 89' lang='lat' dir='ltr'><strong><em>ore</em></strong></span> <span class='ocrx_word' id='word_1_360' title='bbox 2132 1927 2337 1980; x_wconf 88' lang='lat' dir='ltr'><strong><em>nostro</em></strong></span> <span class='ocrx_word' id='word_1_361' title='bbox 2367 1940 2474 1979; x_wconf 88' lang='lat' dir='ltr'><strong><em>nos</em></strong></span> <span class='ocrx_word' id='word_1_362' title='bbox 2495 1925 2767 1995; x_wconf 82' lang='lat' dir='ltr'><strong><em>judicat,</em></strong></span> <span class='ocrx_word' id='word_1_363' title='bbox 2801 1941 2876 1983; x_wconf 86' lang='lat' dir='ltr'><strong><em>ex</em></strong></span> <span class='ocrx_word' id='word_1_364' title='bbox 2906 1927 3103 1984; x_wconf 87' lang='lat' dir='ltr'><strong><em>verbis</em></strong></span> <span class='ocrx_word' id='word_1_365' title='bbox 3114 1930 3439 2000; x_wconf 80' lang='lat' dir='ltr'><strong><em>justiﬁcat,</em></strong></span> <span class='ocrx_word' id='word_1_366' title='bbox 3471 1946 3664 2003; x_wconf 90' lang='lat' dir='ltr'><strong><em>exque</em></strong></span> 
     </span>
    </p>
   </div>
   <div class='ocr_carea' id='block_1_49' title="bbox 1994 2013 3663 2087">
    <p class='ocr_par' dir='ltr' id='par_1_49' title="bbox 1994 2013 3663 2087">
     <span class='ocr_line' id='line_1_49' title="bbox 1994 2013 3663 2087; baseline 0.004 -17"><span class='ocrx_word' id='word_1_367' title='bbox 1994 2013 2189 2070; x_wconf 81' lang='lat' dir='ltr'><strong><em>verbis</em></strong></span> <span class='ocrx_word' id='word_1_368' title='bbox 2211 2013 2596 2071; x_wconf 89' lang='lat' dir='ltr'><strong><em>condemnat.</em></strong></span> <span class='ocrx_word' id='word_1_369' title='bbox 2619 2015 2841 2072; x_wconf 85' lang='lat' dir='ltr'><strong><em>Annon</em></strong></span> <span class='ocrx_word' id='word_1_370' title='bbox 2866 2017 3094 2087; x_wconf 86' lang='lat' dir='ltr'><strong><em>legistis</em></strong></span> <span class='ocrx_word' id='word_1_371' title='bbox 3112 2021 3482 2077; x_wconf 88' lang='lat' dir='ltr'><strong><em>tremendam</em></strong></span> <span class='ocrx_word' id='word_1_372' title='bbox 3503 2020 3663 2077; x_wconf 88' lang='lat' dir='ltr'><strong><em>hanc</em></strong></span> 
     </span>
    </p>
   </div>
   <div class='ocr_carea' id='block_1_50' title="bbox 1995 2102 3662 2177">
    <p class='ocr_par' dir='ltr' id='par_1_50' title="bbox 1995 2102 3662 2177">
     <span class='ocr_line' id='line_1_50' title="bbox 1995 2102 3662 2177; baseline 0.006 -20"><span class='ocrx_word' id='word_1_373' title='bbox 1995 2102 2241 2158; x_wconf 87' lang='lat' dir='ltr'><strong><em>Domini</em></strong></span> <span class='ocrx_word' id='word_1_374' title='bbox 2255 2104 2774 2161; x_wconf 86' lang='lat' dir='ltr'><strong><em>comminationem</em></strong></span> <span class='ocrx_word' id='word_1_375' title='bbox 2792 2105 2820 2160; x_wconf 76' lang='lat' dir='ltr'><strong><em>&#39;t</em></strong></span> <span class='ocrx_word' id='word_1_376' title='bbox 2837 2127 2863 2155; x_wconf 81' lang='grc'>‹‹</span> <span class='ocrx_word' id='word_1_377' title='bbox 2883 2105 3002 2173; x_wconf 86' lang='lat' dir='ltr'><strong><em>Qui</em></strong></span> <span class='ocrx_word' id='word_1_378' title='bbox 3013 2110 3325 2177; x_wconf 87' lang='lat' dir='ltr'><strong><em>negaverit</em></strong></span> <span class='ocrx_word' id='word_1_379' title='bbox 3346 2124 3437 2165; x_wconf 89' lang='lat' dir='ltr'><strong><em>me</em></strong></span> <span class='ocrx_word' id='word_1_380' title='bbox 3457 2124 3662 2167; x_wconf 91' lang='lat' dir='ltr'><strong><em>coram</em></strong></span> 
     </span>
    </p>
   </div>
   <div class='ocr_carea' id='block_1_51' title="bbox 1998 2191 3662 2275">
    <p class='ocr_par' dir='ltr' id='par_1_51' title="bbox 1998 2191 3662 2275">
     <span class='ocr_line' id='line_1_51' title="bbox 1998 2191 3662 2275; baseline 0.005 -27"><span class='ocrx_word' id='word_1_381' title='bbox 1998 2191 2360 2261; x_wconf 88' lang='lat' dir='ltr'><strong><em>hominibus,</em></strong></span> <span class='ocrx_word' id='word_1_382' title='bbox 2393 2193 2624 2264; x_wconf 90' lang='lat' dir='ltr'><strong><em>negabo</em></strong></span> <span class='ocrx_word' id='word_1_383' title='bbox 2655 2200 2709 2250; x_wconf 92' lang='lat' dir='ltr'><strong><em>et</em></strong></span> <span class='ocrx_word' id='word_1_384' title='bbox 2740 2209 2848 2265; x_wconf 90' lang='lat' dir='ltr'><strong><em>ego</em></strong></span> <span class='ocrx_word' id='word_1_385' title='bbox 2876 2211 3011 2252; x_wconf 90' lang='lat' dir='ltr'><strong><em>eum</em></strong></span> <span class='ocrx_word' id='word_1_386' title='bbox 3051 2212 3255 2254; x_wconf 88' lang='lat' dir='ltr'><strong><em>coram</em></strong></span> <span class='ocrx_word' id='word_1_387' title='bbox 3288 2200 3479 2255; x_wconf 87' lang='lat' dir='ltr'><strong><em>Patre</em></strong></span> <span class='ocrx_word' id='word_1_388' title='bbox 3509 2216 3662 2275; x_wconf 89' lang='lat' dir='ltr'><strong><em>meo,</em></strong></span> 
     </span>
    </p>
   </div>
   <div class='ocr_carea' id='block_1_52' title="bbox 1995 2281 3667 2352">
    <p class='ocr_par' dir='ltr' id='par_1_52' title="bbox 1995 2281 3667 2352">
     <span class='ocr_line' id='line_1_52' title="bbox 1995 2281 3667 2352; baseline 0.005 -16"><span class='ocrx_word' id='word_1_389' title='bbox 1995 2281 2102 2352; x_wconf 91' lang='lat' dir='ltr'><strong><em>qui</em></strong></span> <span class='ocrx_word' id='word_1_390' title='bbox 2127 2281 2190 2337; x_wconf 92' lang='lat' dir='ltr'><strong><em>in</em></strong></span> <span class='ocrx_word' id='word_1_391' title='bbox 2230 2282 2393 2338; x_wconf 73' lang='lat' dir='ltr'><strong><em>caelis</em></strong></span> <span class='ocrx_word' id='word_1_392' title='bbox 2422 2289 2506 2339; x_wconf 90' lang='lat' dir='ltr'><strong><em>est</em></strong></span> <span class='ocrx_word' id='word_1_393' title='bbox 2525 2282 2592 2337; x_wconf 78' lang='lat'><strong><em>&quot;.</em></strong></span> <span class='ocrx_word' id='word_1_394' title='bbox 2620 2304 2648 2333; x_wconf 66' lang='grc' dir='ltr'><strong><em>ι»</em></strong></span> <span class='ocrx_word' id='word_1_395' title='bbox 2682 2282 2806 2339; x_wconf 88' lang='lat' dir='ltr'><strong><em>Cur</em></strong></span> <span class='ocrx_word' id='word_1_396' title='bbox 2832 2291 3030 2340; x_wconf 88' lang='lat' dir='ltr'><strong><em>autem</em></strong></span> <span class='ocrx_word' id='word_1_397' title='bbox 3064 2285 3193 2342; x_wconf 71' lang='lat' dir='ltr'><strong><em>haec</em></strong></span> <span class='ocrx_word' id='word_1_398' title='bbox 3222 2288 3500 2344; x_wconf 87' lang='lat' dir='ltr'><strong><em>simulem</em></strong></span> <span class='ocrx_word' id='word_1_399' title='bbox 3527 2304 3667 2346; x_wconf 88' lang='lat' dir='ltr'><strong><em>sua-</em></strong></span> 
     </span>
    </p>
   </div>
   <div class='ocr_carea' id='block_1_53' title="bbox 1995 2371 3665 2446">
    <p class='ocr_par' dir='ltr' id='par_1_53' title="bbox 1995 2371 3665 2446">
     <span class='ocr_line' id='line_1_53' title="bbox 1995 2371 3665 2446; baseline 0.005 -20"><span class='ocrx_word' id='word_1_400' title='bbox 1995 2371 2144 2427; x_wconf 85' lang='lat' dir='ltr'><strong><em>detis</em></strong></span> <span class='ocrx_word' id='word_1_401' title='bbox 2166 2371 2192 2427; x_wconf 85' lang='lat'><strong>?</strong></span> <span class='ocrx_word' id='word_1_402' title='bbox 2221 2382 2285 2426; x_wconf 81' lang='lat' dir='ltr'><strong><em>ut</em></strong></span> <span class='ocrx_word' id='word_1_403' title='bbox 2307 2372 2462 2429; x_wconf 90' lang='lat' dir='ltr'><strong><em>mihi</em></strong></span> <span class='ocrx_word' id='word_1_404' title='bbox 2479 2373 2792 2443; x_wconf 90' lang='lat' dir='ltr'><strong><em>quidpiam</em></strong></span> <span class='ocrx_word' id='word_1_405' title='bbox 2812 2388 2888 2430; x_wconf 89' lang='lat' dir='ltr'><strong><em>ex</em></strong></span> <span class='ocrx_word' id='word_1_406' title='bbox 2904 2374 3020 2430; x_wconf 90' lang='lat' dir='ltr'><strong><em>tali</em></strong></span> <span class='ocrx_word' id='word_1_407' title='bbox 3037 2382 3173 2431; x_wconf 92' lang='lat' dir='ltr'><strong><em>arte</em></strong></span> <span class='ocrx_word' id='word_1_408' title='bbox 3192 2392 3530 2446; x_wconf 89' lang='lat' dir='ltr'><strong><em>comparem</em></strong></span> <span class='ocrx_word' id='word_1_409' title='bbox 3546 2382 3575 2434; x_wconf 73' lang='lat'><strong><em>7</em></strong></span> <span class='ocrx_word' id='word_1_410' title='bbox 3597 2384 3665 2435; x_wconf 88' lang='lat' dir='ltr'><strong><em>ut</em></strong></span> 
     </span>
    </p>
   </div>
   <div class='ocr_carea' id='block_1_54' title="bbox 1990 2461 3665 2535">
    <p class='ocr_par' dir='ltr' id='par_1_54' title="bbox 1990 2461 3665 2535">
     <span class='ocr_line' id='line_1_54' title="bbox 1990 2461 3665 2535; baseline 0.006 -20"><span class='ocrx_word' id='word_1_411' title='bbox 1990 2475 2219 2530; x_wconf 88' lang='lat' dir='ltr'><strong><em>paucos</em></strong></span> <span class='ocrx_word' id='word_1_412' title='bbox 2237 2461 2361 2517; x_wconf 90' lang='lat' dir='ltr'><strong><em>dies</em></strong></span> <span class='ocrx_word' id='word_1_413' title='bbox 2380 2462 2770 2531; x_wconf 85' lang='lat' dir='ltr'><strong><em>lucrifaciam</em></strong></span> <span class='ocrx_word' id='word_1_414' title='bbox 2787 2463 2815 2518; x_wconf 86' lang='lat'><strong>?</strong></span> <span class='ocrx_word' id='word_1_415' title='bbox 2826 2468 2890 2520; x_wconf 93' lang='lat' dir='ltr'><strong><em>at</em></strong></span> <span class='ocrx_word' id='word_1_416' title='bbox 2897 2466 3213 2534; x_wconf 88' lang='lat' dir='ltr'><strong><em>jacturam</em></strong></span> <span class='ocrx_word' id='word_1_417' title='bbox 3225 2467 3459 2535; x_wconf 83' lang='lat' dir='ltr'><strong><em>faciam</em></strong></span> <span class='ocrx_word' id='word_1_418' title='bbox 3482 2468 3665 2525; x_wconf 89' lang='lat' dir='ltr'><strong><em>totius</em></strong></span> 
     </span>
    </p>
   </div>
   <div class='ocr_carea' id='block_1_55' title="bbox 1996 2551 3666 2629">
    <p class='ocr_par' dir='ltr' id='par_1_55' title="bbox 1996 2551 3666 2629">
     <span class='ocr_line' id='line_1_55' title="bbox 1996 2551 3666 2629; baseline 0.004 -22"><span class='ocrx_word' id='word_1_419' title='bbox 1996 2552 2355 2608; x_wconf 59' lang='lat' dir='ltr'><strong><em>aeternitatis</em></strong></span> <span class='ocrx_word' id='word_1_420' title='bbox 2377 2568 2390 2605; x_wconf 91' lang='lat'><strong>:</strong></span> <span class='ocrx_word' id='word_1_421' title='bbox 2416 2557 2479 2607; x_wconf 88' lang='lat' dir='ltr'><strong><em>ut</em></strong></span> <span class='ocrx_word' id='word_1_422' title='bbox 2501 2551 2587 2621; x_wconf 74' lang='lat' dir='ltr'><strong><em>e17</em></strong></span> <span class='ocrx_word' id='word_1_423' title='bbox 2583 2554 2790 2623; x_wconf 88' lang='lat' dir='ltr'><strong><em>ugiam</em></strong></span> <span class='ocrx_word' id='word_1_424' title='bbox 2808 2554 3011 2610; x_wconf 88' lang='lat' dir='ltr'><strong><em>carnis</em></strong></span> <span class='ocrx_word' id='word_1_425' title='bbox 3028 2555 3264 2611; x_wconf 89' lang='lat' dir='ltr'><strong><em>dolores</em></strong></span> <span class='ocrx_word' id='word_1_426' title='bbox 3276 2555 3303 2611; x_wconf 84' lang='lat'><strong><em>?</em></strong></span> <span class='ocrx_word' id='word_1_427' title='bbox 3317 2557 3423 2612; x_wconf 91' lang='lat' dir='ltr'><strong><em>sed</em></strong></span> <span class='ocrx_word' id='word_1_428' title='bbox 3440 2572 3666 2629; x_wconf 89' lang='lat' dir='ltr'><strong><em>nequa-</em></strong></span> 
     </span>
    </p>
   </div>
   <div class='ocr_carea' id='block_1_56' title="bbox 1996 2641 3665 2713">
    <p class='ocr_par' dir='ltr' id='par_1_56' title="bbox 1996 2641 3665 2713">
     <span class='ocr_line' id='line_1_56' title="bbox 1996 2641 3665 2713; baseline 0.004 -17"><span class='ocrx_word' id='word_1_429' title='bbox 1996 2656 2177 2712; x_wconf 88' lang='lat' dir='ltr'><strong><em>quam</em></strong></span> <span class='ocrx_word' id='word_1_430' title='bbox 2198 2641 2408 2697; x_wconf 82' lang='lat' dir='ltr'><strong><em>videbo</em></strong></span> <span class='ocrx_word' id='word_1_431' title='bbox 2435 2641 2591 2698; x_wconf 90' lang='lat' dir='ltr'><strong><em>bona</em></strong></span> <span class='ocrx_word' id='word_1_432' title='bbox 2610 2644 2944 2712; x_wconf 85' lang='lat' dir='ltr'><strong><em>justorum.</em></strong></span> <span class='ocrx_word' id='word_1_433' title='bbox 2962 2644 3176 2701; x_wconf 90' lang='lat' dir='ltr'><strong><em>Perire</em></strong></span> <span class='ocrx_word' id='word_1_434' title='bbox 3199 2646 3475 2713; x_wconf 83' lang='lat' dir='ltr'><strong><em>solerter,</em></strong></span> <span class='ocrx_word' id='word_1_435' title='bbox 3499 2653 3554 2703; x_wconf 91' lang='lat' dir='ltr'><strong><em>et</em></strong></span> <span class='ocrx_word' id='word_1_436' title='bbox 3575 2662 3665 2703; x_wconf 86' lang='lat' dir='ltr'><strong><em>as-</em></strong></span> 
     </span>
    </p>
   </div>
   <div class='ocr_carea' id='block_1_57' title="bbox 1997 2730 3662 2803">
    <p class='ocr_par' dir='ltr' id='par_1_57' title="bbox 1997 2730 3662 2803">
     <span class='ocr_line' id='line_1_57' title="bbox 1997 2730 3662 2803; baseline 0.005 -18"><span class='ocrx_word' id='word_1_437' title='bbox 1997 2735 2124 2786; x_wconf 88' lang='lat' dir='ltr'><strong><em>tute</em></strong></span> <span class='ocrx_word' id='word_1_438' title='bbox 2159 2746 2231 2787; x_wconf 92' lang='lat' dir='ltr'><strong><em>ac</em></strong></span> <span class='ocrx_word' id='word_1_439' title='bbox 2250 2730 2454 2787; x_wconf 89' lang='lat' dir='ltr'><strong><em>dolose</em></strong></span> <span class='ocrx_word' id='word_1_440' title='bbox 2483 2738 2774 2788; x_wconf 69' lang='lat' dir='ltr'><strong><em>aeternum</em></strong></span> <span class='ocrx_word' id='word_1_441' title='bbox 2800 2733 2918 2788; x_wconf 85' lang='lat' dir='ltr'><strong><em>sibi</em></strong></span> <span class='ocrx_word' id='word_1_442' title='bbox 2947 2735 3309 2803; x_wconf 83' lang='lat' dir='ltr'><strong><em>supplicium</em></strong></span> <span class='ocrx_word' id='word_1_443' title='bbox 3338 2750 3662 2803; x_wconf 80' lang='lat' dir='ltr'><strong><em>accersere,</em></strong></span> 
     </span>
    </p>
   </div>
   <div class='ocr_carea' id='block_1_58' title="bbox 1993 2821 3659 2895">
    <p class='ocr_par' dir='ltr' id='par_1_58' title="bbox 1993 2821 3659 2895">
     <span class='ocr_line' id='line_1_58' title="bbox 1993 2821 3659 2895; baseline 0.004 -19"><span class='ocrx_word' id='word_1_444' title='bbox 1993 2821 2320 2890; x_wconf 78' lang='lat' dir='ltr'><strong><em>manifesta</em></strong></span> <span class='ocrx_word' id='word_1_445' title='bbox 2337 2821 2527 2890; x_wconf 77' lang='lat' dir='ltr'><strong><em>fuerit</em></strong></span> <span class='ocrx_word' id='word_1_446' title='bbox 2553 2821 2877 2878; x_wconf 89' lang='lat' dir='ltr'><strong><em>dementia.</em></strong></span> <span class='ocrx_word' id='word_1_447' title='bbox 2901 2825 3054 2889; x_wconf 65' lang='lat' dir='ltr'><strong><em>Haec,</em></strong></span> <span class='ocrx_word' id='word_1_448' title='bbox 3082 2829 3138 2879; x_wconf 90' lang='lat' dir='ltr'><strong><em>et</em></strong></span> <span class='ocrx_word' id='word_1_449' title='bbox 3159 2825 3208 2879; x_wconf 89' lang='lat' dir='ltr'><strong><em>si</em></strong></span> <span class='ocrx_word' id='word_1_450' title='bbox 3225 2823 3519 2895; x_wconf 79' lang='lat' dir='ltr'><strong><em>longiora.</em></strong></span> <span class='ocrx_word' id='word_1_451' title='bbox 3543 2826 3659 2883; x_wconf 90' lang='lat' dir='ltr'><strong><em>hoc</em></strong></span> 
     </span>
    </p>
   </div>
   <div class='ocr_carea' id='block_1_59' title="bbox 1992 2908 3659 2985">
    <p class='ocr_par' dir='ltr' id='par_1_59' title="bbox 1992 2908 3659 2985">
     <span class='ocr_line' id='line_1_59' title="bbox 1992 2908 3659 2985; baseline 0.004 -19"><span class='ocrx_word' id='word_1_452' title='bbox 1992 2908 2126 2967; x_wconf 92' lang='lat' dir='ltr'><strong><em>loco</em></strong></span> <span class='ocrx_word' id='word_1_453' title='bbox 2153 2910 2376 2967; x_wconf 82' lang='lat' dir='ltr'><strong><em>referre</em></strong></span> <span class='ocrx_word' id='word_1_454' title='bbox 2400 2909 2593 2978; x_wconf 90' lang='lat' dir='ltr'><strong><em>libuit,</em></strong></span> <span class='ocrx_word' id='word_1_455' title='bbox 2619 2917 2681 2967; x_wconf 91' lang='lat' dir='ltr'><strong><em>ut</em></strong></span> <span class='ocrx_word' id='word_1_456' title='bbox 2714 2912 3026 2985; x_wconf 88' lang='lat' dir='ltr'><strong><em>utriusque</em></strong></span> <span class='ocrx_word' id='word_1_457' title='bbox 3053 2913 3346 2984; x_wconf 85' lang='lat' dir='ltr'><strong><em>doctrina,</em></strong></span> <span class='ocrx_word' id='word_1_458' title='bbox 3383 2915 3579 2971; x_wconf 87' lang='lat' dir='ltr'><strong><em>Basilii</em></strong></span> <span class='ocrx_word' id='word_1_459' title='bbox 3600 2919 3659 2973; x_wconf 86' lang='lat' dir='ltr'><strong><em>et</em></strong></span> 
     </span>
    </p>
   </div>
   <div class='ocr_carea' id='block_1_60' title="bbox 1992 2999 3653 3075">
    <p class='ocr_par' dir='ltr' id='par_1_60' title="bbox 1992 2999 3653 3075">
     <span class='ocr_line' id='line_1_60' title="bbox 1992 2999 3653 3075; baseline 0.003 -20"><span class='ocrx_word' id='word_1_460' title='bbox 1992 2999 2275 3068; x_wconf 85' lang='lat' dir='ltr'><strong><em>auctoris,</em></strong></span> <span class='ocrx_word' id='word_1_461' title='bbox 2289 2999 2477 3056; x_wconf 88' lang='lat' dir='ltr'><strong><em>altera</em></strong></span> <span class='ocrx_word' id='word_1_462' title='bbox 2494 3015 2630 3055; x_wconf 90' lang='lat' dir='ltr'><strong><em>cum</em></strong></span> <span class='ocrx_word' id='word_1_463' title='bbox 2647 3000 2701 3056; x_wconf 88' lang='lat' dir='ltr'><strong><em>al</em></strong></span> <span class='ocrx_word' id='word_1_464' title='bbox 2713 3007 2835 3056; x_wconf 88' lang='lat' dir='ltr'><strong><em>tera</em></strong></span> <span class='ocrx_word' id='word_1_465' title='bbox 2848 3002 3230 3058; x_wconf 89' lang='lat' dir='ltr'><strong><em>commodius</em></strong></span> <span class='ocrx_word' id='word_1_466' title='bbox 3247 3009 3653 3075; x_wconf 89' lang='lat' dir='ltr'><strong><em>comparetur,</em></strong></span> 
     </span>
    </p>
   </div>
   <div class='ocr_carea' id='block_1_61' title="bbox 214 3083 3655 3169">
    <p class='ocr_par' dir='ltr' id='par_1_61' title="bbox 214 3083 3655 3169">
     <span class='ocr_line' id='line_1_61' title="bbox 214 3083 3655 3169; baseline 0 -19"><span class='ocrx_word' id='word_1_467' title='bbox 214 3091 419 3157; x_wconf 75' lang='lat' dir='ltr'><strong><em>Situm,</em></strong></span> <span class='ocrx_word' id='word_1_468' title='bbox 450 3090 555 3146; x_wconf 84' lang='lat' dir='ltr'><strong><em>sed</em></strong></span> <span class='ocrx_word' id='word_1_469' title='bbox 576 3091 785 3148; x_wconf 85' lang='lat' dir='ltr'><strong><em>dolore</em></strong></span> <span class='ocrx_word' id='word_1_470' title='bbox 805 3093 1019 3161; x_wconf 77' lang='lat' dir='ltr'><strong><em>victus,</em></strong></span> <span class='ocrx_word' id='word_1_471' title='bbox 1037 3092 1214 3166; x_wconf 86' lang='lat' dir='ltr'><strong><em>quasi</em></strong></span> <span class='ocrx_word' id='word_1_472' title='bbox 1232 3109 1329 3149; x_wconf 88' lang='lat' dir='ltr'><strong><em>res</em></strong></span> <span class='ocrx_word' id='word_1_473' title='bbox 1357 3093 1528 3151; x_wconf 87' lang='lat' dir='ltr'><strong><em>nihili</em></strong></span> <span class='ocrx_word' id='word_1_474' title='bbox 1554 3095 1649 3162; x_wconf 91' lang='lat' dir='ltr'><strong><em>sit,</em></strong></span> <span class='ocrx_word' id='word_1_475' title='bbox 1671 3083 1722 3150; x_wconf 82' lang='lat' dir='ltr'><strong><em>si</em></strong></span> <span class='ocrx_word' id='word_1_476' title='bbox 1743 3096 1881 3169; x_wconf 90' lang='lat' dir='ltr'><strong><em>quis</em></strong></span> <span class='ocrx_word' id='word_1_477' title='bbox 1911 3107 1953 3164; x_wconf 71' lang='grc' dir='ltr'><strong><em>ο</em></strong></span> <span class='ocrx_word' id='word_1_478' title='bbox 1994 3095 2177 3162; x_wconf 88' lang='lat' dir='ltr'><strong><em>utque</em></strong></span> <span class='ocrx_word' id='word_1_479' title='bbox 2218 3106 2293 3145; x_wconf 84' lang='lat' dir='ltr'><strong><em>ex</em></strong></span> <span class='ocrx_word' id='word_1_480' title='bbox 2331 3089 2768 3146; x_wconf 84' lang='lat' dir='ltr'><strong><em>sententiarum</em></strong></span> <span class='ocrx_word' id='word_1_481' title='bbox 2801 3090 3151 3148; x_wconf 87' lang='lat' dir='ltr'><strong><em>diversitate</em></strong></span> <span class='ocrx_word' id='word_1_482' title='bbox 3189 3092 3370 3163; x_wconf 90' lang='lat' dir='ltr'><strong><em>plane</em></strong></span> <span class='ocrx_word' id='word_1_483' title='bbox 3419 3098 3655 3151; x_wconf 88' lang='lat' dir='ltr'><strong><em>constet</em></strong></span> 
     </span>
    </p>
   </div>
   <div class='ocr_carea' id='block_1_62' title="bbox 214 3177 1883 3255">
    <p class='ocr_par' dir='ltr' id='par_1_62' title="bbox 214 3177 1883 3255">
     <span class='ocr_line' id='line_1_62' title="bbox 214 3177 1883 3255; baseline 0.004 -21"><span class='ocrx_word' id='word_1_484' title='bbox 214 3177 296 3235; x_wconf 90' lang='lat' dir='ltr'><strong><em>ob</em></strong></span> <span class='ocrx_word' id='word_1_485' title='bbox 327 3178 602 3235; x_wconf 89' lang='lat' dir='ltr'><strong><em>dolorem</em></strong></span> <span class='ocrx_word' id='word_1_486' title='bbox 630 3179 817 3236; x_wconf 90' lang='lat' dir='ltr'><strong><em>ﬁdem</em></strong></span> <span class='ocrx_word' id='word_1_487' title='bbox 838 3184 1038 3252; x_wconf 88' lang='lat' dir='ltr'><strong><em>neget,</em></strong></span> <span class='ocrx_word' id='word_1_488' title='bbox 1071 3198 1213 3238; x_wconf 90' lang='lat' dir='ltr'><strong><em>cum</em></strong></span> <span class='ocrx_word' id='word_1_489' title='bbox 1239 3181 1372 3255; x_wconf 91' lang='lat' dir='ltr'><strong><em>ipse</em></strong></span> <span class='ocrx_word' id='word_1_490' title='bbox 1397 3183 1704 3240; x_wconf 89' lang='lat' dir='ltr'><strong><em>tradiderit</em></strong></span> <span class='ocrx_word' id='word_1_491' title='bbox 1730 3184 1883 3243; x_wconf 89' lang='lat' dir='ltr'><strong><em>mili-</em></strong></span> 
     </span>
    </p>
   </div>
   <div class='ocr_carea' id='block_1_63' title="bbox 214 3267 1883 3341">
    <p class='ocr_par' dir='ltr' id='par_1_63' title="bbox 214 3267 1883 3341">
     <span class='ocr_line' id='line_1_63' title="bbox 214 3267 1883 3341; baseline 0.004 -18"><span class='ocrx_word' id='word_1_492' title='bbox 214 3271 358 3336; x_wconf 91' lang='lat' dir='ltr'><strong><em>tem,</em></strong></span> <span class='ocrx_word' id='word_1_493' title='bbox 390 3267 497 3341; x_wconf 89' lang='lat' dir='ltr'><strong><em>qui</em></strong></span> <span class='ocrx_word' id='word_1_494' title='bbox 524 3267 733 3325; x_wconf 89' lang='lat' dir='ltr'><strong><em>dolore</em></strong></span> <span class='ocrx_word' id='word_1_495' title='bbox 763 3269 956 3325; x_wconf 87' lang='lat' dir='ltr'><strong><em>victus</em></strong></span> <span class='ocrx_word' id='word_1_496' title='bbox 977 3276 1261 3341; x_wconf 87' lang='lat' dir='ltr'><strong><em>cesserat,</em></strong></span> <span class='ocrx_word' id='word_1_497' title='bbox 1286 3276 1490 3329; x_wconf 87' lang='lat' dir='ltr'><strong><em>tamen</em></strong></span> <span class='ocrx_word' id='word_1_498' title='bbox 1507 3273 1697 3329; x_wconf 90' lang='lat' dir='ltr'><strong><em>vitam</em></strong></span> <span class='ocrx_word' id='word_1_499' title='bbox 1718 3279 1883 3330; x_wconf 66' lang='lat' dir='ltr'><strong><em>aeter-</em></strong></span> 
     </span>
    </p>
   </div>
   <div class='ocr_carea' id='block_1_64' title="bbox 210 3357 1880 3433">
    <p class='ocr_par' dir='ltr' id='par_1_64' title="bbox 210 3357 1880 3433">
     <span class='ocr_line' id='line_1_64' title="bbox 210 3357 1880 3433; baseline 0.004 -20"><span class='ocrx_word' id='word_1_500' title='bbox 210 3372 359 3413; x_wconf 86' lang='lat' dir='ltr'><strong><em>nam</em></strong></span> <span class='ocrx_word' id='word_1_501' title='bbox 400 3357 704 3414; x_wconf 88' lang='lat' dir='ltr'><strong><em>amisisse.</em></strong></span> <span class='ocrx_word' id='word_1_502' title='bbox 748 3358 864 3416; x_wconf 92' lang='lat' dir='ltr'><strong><em>Sed</em></strong></span> <span class='ocrx_word' id='word_1_503' title='bbox 892 3358 973 3415; x_wconf 91' lang='lat' dir='ltr'><strong><em>ad</em></strong></span> <span class='ocrx_word' id='word_1_504' title='bbox 1013 3359 1242 3428; x_wconf 89' lang='lat' dir='ltr'><strong><em>locum,</em></strong></span> <span class='ocrx_word' id='word_1_505' title='bbox 1283 3377 1469 3433; x_wconf 88' lang='lat' dir='ltr'><strong><em>quem</em></strong></span> <span class='ocrx_word' id='word_1_506' title='bbox 1503 3361 1716 3418; x_wconf 90' lang='lat' dir='ltr'><strong><em>ultimo</em></strong></span> <span class='ocrx_word' id='word_1_507' title='bbox 1745 3362 1880 3419; x_wconf 91' lang='lat' dir='ltr'><strong><em>loco</em></strong></span> 
     </span>
    </p>
   </div>
   <div class='ocr_carea' id='block_1_65' title="bbox 212 3447 1879 3524">
    <p class='ocr_par' dir='ltr' id='par_1_65' title="bbox 212 3447 1879 3524">
     <span class='ocr_line' id='line_1_65' title="bbox 212 3447 1879 3524; baseline 0.003 -21"><span class='ocrx_word' id='word_1_508' title='bbox 212 3447 675 3520; x_wconf 88' lang='lat' dir='ltr'><strong><em>proposuimus,</em></strong></span> <span class='ocrx_word' id='word_1_509' title='bbox 715 3448 1059 3505; x_wconf 89' lang='lat' dir='ltr'><strong><em>redeamus.</em></strong></span> <span class='ocrx_word' id='word_1_510' title='bbox 1092 3452 1179 3507; x_wconf 85' lang='lat' dir='ltr'><strong><em>Ita</em></strong></span> <span class='ocrx_word' id='word_1_511' title='bbox 1206 3449 1391 3521; x_wconf 88' lang='lat' dir='ltr'><strong><em>igitur</em></strong></span> <span class='ocrx_word' id='word_1_512' title='bbox 1427 3456 1640 3508; x_wconf 88' lang='lat' dir='ltr'><strong><em>auctor</em></strong></span> <span class='ocrx_word' id='word_1_513' title='bbox 1668 3452 1879 3524; x_wconf 90' lang='lat' dir='ltr'><strong><em>loque-</em></strong></span> 
     </span>
    </p>
   </div>
   <div class='ocr_carea' id='block_1_66' title="bbox 212 3537 1881 3615">
    <p class='ocr_par' dir='ltr' id='par_1_66' title="bbox 212 3537 1881 3615">
     <span class='ocr_line' id='line_1_66' title="bbox 212 3537 1881 3615; baseline -0.001 -20"><span class='ocrx_word' id='word_1_514' title='bbox 212 3537 394 3594; x_wconf 89' lang='lat' dir='ltr'><strong><em>batur</em></strong></span> <span class='ocrx_word' id='word_1_515' title='bbox 414 3554 427 3592; x_wconf 86' lang='lat'><strong>:</strong></span> <span class='ocrx_word' id='word_1_516' title='bbox 459 3541 625 3590; x_wconf 83' lang='grc' dir='ltr'><strong><em>Πόσοι</em></strong></span> <span class='ocrx_word' id='word_1_517' title='bbox 651 3539 913 3612; x_wconf 75' lang='grc' dir='ltr'><strong><em>μάρτυρες</em></strong></span> <span class='ocrx_word' id='word_1_518' title='bbox 933 3546 1137 3612; x_wconf 86' lang='grc' dir='ltr'>πρῶτον</span> <span class='ocrx_word' id='word_1_519' title='bbox 1162 3537 1533 3613; x_wconf 76' lang='grc' dir='ltr'><strong><em>ἀρνησάμενοι,</em></strong></span> <span class='ocrx_word' id='word_1_520' title='bbox 1557 3544 1616 3593; x_wconf 85' lang='grc' dir='ltr'><strong><em>τὸ</em></strong></span> <span class='ocrx_word' id='word_1_521' title='bbox 1640 3538 1881 3615; x_wconf 74' lang='grc' dir='ltr'><strong><em>δεύτερον</em></strong></span> 
     </span>
    </p>
   </div>
   <div class='ocr_carea' id='block_1_67' title="bbox 214 3623 1876 3703">
    <p class='ocr_par' dir='ltr' id='par_1_67' title="bbox 214 3623 1876 3703">
     <span class='ocr_line' id='line_1_67' title="bbox 214 3623 1876 3703; baseline 0.002 -25"><span class='ocrx_word' id='word_1_522' title='bbox 214 3624 589 3679; x_wconf 76' lang='grc' dir='ltr'><strong><em>ἀνεκαλέσαντο</em></strong></span> <span class='ocrx_word' id='word_1_523' title='bbox 635 3631 731 3684; x_wconf 79' lang='grc' dir='ltr'><strong><em>τὴν</em></strong></span> <span class='ocrx_word' id='word_1_524' title='bbox 777 3623 983 3696; x_wconf 78' lang='grc' dir='ltr'><strong><em>ἧτταν;</em></strong></span> <span class='ocrx_word' id='word_1_525' title='bbox 1037 3625 1172 3679; x_wconf 73' lang='grc' dir='ltr'><strong><em>Ἀλλ’</em></strong></span> <span class='ocrx_word' id='word_1_526' title='bbox 1212 3625 1580 3702; x_wconf 78' lang='grc' dir='ltr'><strong><em>ἀρνησάμενοι,</em></strong></span> <span class='ocrx_word' id='word_1_527' title='bbox 1631 3629 1761 3701; x_wconf 76' lang='grc' dir='ltr'>οὐχὶ</span> <span class='ocrx_word' id='word_1_528' title='bbox 1814 3638 1876 3703; x_wconf 76' lang='grc' dir='ltr'>τῇ</span> 
     </span>
    </p>
   </div>
   <div class='ocr_carea' id='block_1_68' title="bbox 220 3712 1881 3789">
    <p class='ocr_par' dir='ltr' id='par_1_68' title="bbox 220 3712 1881 3789">
     <span class='ocr_line' id='line_1_68' title="bbox 220 3712 1881 3789; baseline 0.005 -21"><span class='ocrx_word' id='word_1_529' title='bbox 220 3712 453 3789; x_wconf 82' lang='grc' dir='ltr'><strong><em>διανοίᾳ,</em></strong></span> <span class='ocrx_word' id='word_1_530' title='bbox 484 3713 615 3768; x_wconf 79' lang='grc' dir='ltr'>ἀλλὰ</span> <span class='ocrx_word' id='word_1_531' title='bbox 645 3723 707 3788; x_wconf 76' lang='grc' dir='ltr'><strong><em>τῇ</em></strong></span> <span class='ocrx_word' id='word_1_532' title='bbox 735 3714 961 3789; x_wconf 75' lang='grc' dir='ltr'><strong><em>γλώττῃ.</em></strong></span> <span class='ocrx_word' id='word_1_533' title='bbox 993 3716 1145 3785; x_wconf 85' lang='lat' dir='ltr'><strong><em>Quot</em></strong></span> <span class='ocrx_word' id='word_1_534' title='bbox 1166 3722 1471 3788; x_wconf 74' lang='lat' dir='ltr'><strong><em>martyres</em></strong></span> <span class='ocrx_word' id='word_1_535' title='bbox 1491 3719 1598 3789; x_wconf 87' lang='lat' dir='ltr'><strong><em>qui</em></strong></span> <span class='ocrx_word' id='word_1_536' title='bbox 1614 3720 1881 3788; x_wconf 88' lang='lat' dir='ltr'><strong><em>primum</em></strong></span> 
     </span>
    </p>
   </div>
   <div class='ocr_carea' id='block_1_69' title="bbox 216 3805 1880 3878">
    <p class='ocr_par' dir='ltr' id='par_1_69' title="bbox 216 3805 1880 3878">
     <span class='ocr_line' id='line_1_69' title="bbox 216 3805 1880 3878; baseline 0.001 -15"><span class='ocrx_word' id='word_1_537' title='bbox 216 3810 544 3877; x_wconf 87' lang='lat' dir='ltr'><strong><em>negarant,</em></strong></span> <span class='ocrx_word' id='word_1_538' title='bbox 580 3820 795 3862; x_wconf 89' lang='lat' dir='ltr'><strong><em>rursus</em></strong></span> <span class='ocrx_word' id='word_1_539' title='bbox 824 3805 1244 3877; x_wconf 88' lang='lat' dir='ltr'><strong><em>redintegrata</em></strong></span> <span class='ocrx_word' id='word_1_540' title='bbox 1281 3821 1494 3878; x_wconf 90' lang='lat' dir='ltr'><strong><em>pugna</em></strong></span> <span class='ocrx_word' id='word_1_541' title='bbox 1523 3808 1759 3865; x_wconf 89' lang='lat' dir='ltr'><strong><em>cladem</em></strong></span> <span class='ocrx_word' id='word_1_542' title='bbox 1791 3823 1880 3865; x_wconf 87' lang='lat' dir='ltr'><strong><em>re-</em></strong></span> 
     </span>
    </p>
   </div>
   <div class='ocr_carea' id='block_1_70' title="bbox 218 3895 1879 3969">
    <p class='ocr_par' dir='ltr' id='par_1_70' title="bbox 218 3895 1879 3969">
     <span class='ocr_line' id='line_1_70' title="bbox 218 3895 1879 3969; baseline 0.002 -18"><span class='ocrx_word' id='word_1_543' title='bbox 218 3900 537 3953; x_wconf 86' lang='lat' dir='ltr'><strong><em>sarserunt</em></strong></span> <span class='ocrx_word' id='word_1_544' title='bbox 563 3898 589 3950; x_wconf 73' lang='lat'><strong><em>.9</em></strong></span> <span class='ocrx_word' id='word_1_545' title='bbox 617 3895 738 3952; x_wconf 91' lang='lat' dir='ltr'><strong><em>Sed</em></strong></span> <span class='ocrx_word' id='word_1_546' title='bbox 762 3902 1065 3965; x_wconf 88' lang='lat' dir='ltr'><strong><em>negarant</em></strong></span> <span class='ocrx_word' id='word_1_547' title='bbox 1091 3911 1216 3952; x_wconf 89' lang='lat' dir='ltr'><strong><em>non</em></strong></span> <span class='ocrx_word' id='word_1_548' title='bbox 1245 3896 1470 3967; x_wconf 91' lang='lat' dir='ltr'><strong><em>animo,</em></strong></span> <span class='ocrx_word' id='word_1_549' title='bbox 1503 3898 1611 3954; x_wconf 87' lang='lat' dir='ltr'><strong><em>sed</em></strong></span> <span class='ocrx_word' id='word_1_550' title='bbox 1644 3899 1879 3969; x_wconf 83' lang='lat' dir='ltr'><strong><em>lingua.</em></strong></span> 
     </span>
    </p>
   </div>
   <div class='ocr_carea' id='block_1_71' title="bbox 214 3982 1881 4056">
    <p class='ocr_par' dir='ltr' id='par_1_71' title="bbox 214 3982 1881 4056">
     <span class='ocr_line' id='line_1_71' title="bbox 214 3982 1881 4056; baseline 0.002 -16"><span class='ocrx_word' id='word_1_551' title='bbox 214 3983 402 4051; x_wconf 84' lang='lat' dir='ltr'><strong><em>Quasi</em></strong></span> <span class='ocrx_word' id='word_1_552' title='bbox 433 3999 573 4041; x_wconf 87' lang='lat' dir='ltr'><strong><em>vero</em></strong></span> <span class='ocrx_word' id='word_1_553' title='bbox 605 3998 828 4056; x_wconf 87' lang='lat' dir='ltr'><strong><em>parum</em></strong></span> <span class='ocrx_word' id='word_1_554' title='bbox 857 3986 1014 4040; x_wconf 91' lang='lat' dir='ltr'><strong><em>esset</em></strong></span> <span class='ocrx_word' id='word_1_555' title='bbox 1035 3982 1246 4055; x_wconf 86' lang='lat' dir='ltr'><strong><em>lingua</em></strong></span> <span class='ocrx_word' id='word_1_556' title='bbox 1272 3999 1518 4055; x_wconf 81' lang='lat' dir='ltr'><strong><em>negare,</em></strong></span> <span class='ocrx_word' id='word_1_557' title='bbox 1546 3987 1731 4043; x_wconf 86' lang='lat' dir='ltr'><strong><em>modo</em></strong></span> <span class='ocrx_word' id='word_1_558' title='bbox 1756 4002 1881 4043; x_wconf 92' lang='lat' dir='ltr'><strong><em>non</em></strong></span> 
     </span>
    </p>
   </div>
   <div class='ocr_carea' id='block_1_72' title="bbox 212 4072 1876 4148">
    <p class='ocr_par' dir='ltr' id='par_1_72' title="bbox 212 4072 1876 4148">
     <span class='ocr_line' id='line_1_72' title="bbox 212 4072 1876 4148; baseline 0.001 -19"><span class='ocrx_word' id='word_1_559' title='bbox 212 4076 540 4143; x_wconf 85' lang='lat' dir='ltr'><strong><em>negaretur</em></strong></span> <span class='ocrx_word' id='word_1_560' title='bbox 570 4073 802 4130; x_wconf 88' lang='lat' dir='ltr'><strong><em>animo.</em></strong></span> <span class='ocrx_word' id='word_1_561' title='bbox 844 4075 1047 4143; x_wconf 88' lang='lat' dir='ltr'><strong><em>Longe</em></strong></span> <span class='ocrx_word' id='word_1_562' title='bbox 1075 4072 1195 4130; x_wconf 88' lang='lat' dir='ltr'><strong><em>alia</em></strong></span> <span class='ocrx_word' id='word_1_563' title='bbox 1234 4077 1324 4130; x_wconf 88' lang='lat' dir='ltr'><strong><em>est</em></strong></span> <span class='ocrx_word' id='word_1_564' title='bbox 1351 4073 1629 4131; x_wconf 88' lang='lat' dir='ltr'><strong><em>doctrina</em></strong></span> <span class='ocrx_word' id='word_1_565' title='bbox 1660 4075 1876 4148; x_wconf 90' lang='lat' dir='ltr'><strong><em>Basilii,</em></strong></span> 
     </span>
    </p>
   </div>
   <div class='ocr_carea' id='block_1_73' title="bbox 212 4162 1880 4236">
    <p class='ocr_par' dir='ltr' id='par_1_73' title="bbox 212 4162 1880 4236">
     <span class='ocr_line' id='line_1_73' title="bbox 212 4162 1880 4236; baseline 0.002 -17"><span class='ocrx_word' id='word_1_566' title='bbox 212 4164 390 4235; x_wconf 88' lang='lat' dir='ltr'><strong><em>cujus</em></strong></span> <span class='ocrx_word' id='word_1_567' title='bbox 436 4162 569 4219; x_wconf 75' lang='lat' dir='ltr'><strong><em>haec</em></strong></span> <span class='ocrx_word' id='word_1_568' title='bbox 602 4166 743 4219; x_wconf 91' lang='lat' dir='ltr'><strong><em>sunt</em></strong></span> <span class='ocrx_word' id='word_1_569' title='bbox 779 4162 841 4218; x_wconf 91' lang='lat' dir='ltr'><strong><em>in</em></strong></span> <span class='ocrx_word' id='word_1_570' title='bbox 874 4178 948 4220; x_wconf 89' lang='lat' dir='ltr'><strong><em>ea</em></strong></span> <span class='ocrx_word' id='word_1_571' title='bbox 988 4178 1176 4235; x_wconf 86' lang='lat' dir='ltr'><strong><em>quam</em></strong></span> <span class='ocrx_word' id='word_1_572' title='bbox 1217 4163 1293 4220; x_wconf 92' lang='lat' dir='ltr'><strong><em>de</em></strong></span> <span class='ocrx_word' id='word_1_573' title='bbox 1342 4169 1607 4236; x_wconf 81' lang='lat' dir='ltr'><strong><em>martyre</em></strong></span> <span class='ocrx_word' id='word_1_574' title='bbox 1660 4165 1880 4223; x_wconf 87' lang='lat' dir='ltr'><strong><em>Gordio</em></strong></span> 
     </span>
    </p>
   </div>
   <div class='ocr_carea' id='block_1_74' title="bbox 210 4251 1875 4322">
    <p class='ocr_par' dir='ltr' id='par_1_74' title="bbox 210 4251 1875 4322">
     <span class='ocr_line' id='line_1_74' title="bbox 210 4251 1875 4322; baseline 0 -12"><span class='ocrx_word' id='word_1_575' title='bbox 210 4251 425 4310; x_wconf 88' lang='lat' dir='ltr'><strong><em>habuit</em></strong></span> <span class='ocrx_word' id='word_1_576' title='bbox 455 4251 727 4308; x_wconf 89' lang='lat' dir='ltr'><strong><em>oratione</em></strong></span> <span class='ocrx_word' id='word_1_577' title='bbox 752 4253 831 4318; x_wconf 79' lang='lat' dir='ltr'><strong><em>(a)</em></strong></span> <span class='ocrx_word' id='word_1_578' title='bbox 855 4251 992 4309; x_wconf 89' lang='lat' dir='ltr'><strong><em>Jam</em></strong></span> <span class='ocrx_word' id='word_1_579' title='bbox 1014 4252 1207 4322; x_wconf 89' lang='lat' dir='ltr'><strong><em>igitur</em></strong></span> <span class='ocrx_word' id='word_1_580' title='bbox 1228 4252 1468 4308; x_wconf 89' lang='lat' dir='ltr'><strong><em>beatum</em></strong></span> <span class='ocrx_word' id='word_1_581' title='bbox 1492 4252 1654 4310; x_wconf 88' lang='lat' dir='ltr'><strong><em>hunc</em></strong></span> <span class='ocrx_word' id='word_1_582' title='bbox 1683 4254 1875 4310; x_wconf 84' lang='lat' dir='ltr'><strong><em>virum</em></strong></span> 
     </span>
    </p>
   </div>
   <div class='ocr_carea' id='block_1_75' title="bbox 212 4341 1880 4411">
    <p class='ocr_par' dir='ltr' id='par_1_75' title="bbox 212 4341 1880 4411">
     <span class='ocr_line' id='line_1_75' title="bbox 212 4341 1880 4411; baseline 0 -12"><span class='ocrx_word' id='word_1_583' title='bbox 212 4342 395 4399; x_wconf 87' lang='lat' dir='ltr'><strong><em>morti</em></strong></span> <span class='ocrx_word' id='word_1_584' title='bbox 421 4341 505 4399; x_wconf 90' lang='lat' dir='ltr'><strong><em>ad</em></strong></span> <span class='ocrx_word' id='word_1_585' title='bbox 532 4342 718 4398; x_wconf 85' lang='lat' dir='ltr'><strong><em>vitam</em></strong></span> <span class='ocrx_word' id='word_1_586' title='bbox 744 4345 1173 4411; x_wconf 86' lang='lat' dir='ltr'><strong><em>properantem</em></strong></span> <span class='ocrx_word' id='word_1_587' title='bbox 1204 4342 1666 4399; x_wconf 84' lang='lat' dir='ltr'><strong><em>circumstantes</em></strong></span> <span class='ocrx_word' id='word_1_588' title='bbox 1695 4345 1880 4399; x_wconf 87' lang='lat' dir='ltr'><strong><em>amici</em></strong></span> 
     </span>
    </p>
   </div>
   <div class='ocr_carea' id='block_1_76' title="bbox 1990 3179 3653 3252">
    <p class='ocr_par' dir='ltr' id='par_1_76' title="bbox 1990 3179 3653 3252">
     <span class='ocr_line' id='line_1_76' title="bbox 1990 3179 3653 3252; baseline 0.004 -17"><span class='ocrx_word' id='word_1_589' title='bbox 1990 3179 2150 3235; x_wconf 83' lang='lat' dir='ltr'><strong><em>hanc</em></strong></span> <span class='ocrx_word' id='word_1_590' title='bbox 2179 3179 2254 3234; x_wconf 91' lang='lat' dir='ltr'><strong><em>de</em></strong></span> <span class='ocrx_word' id='word_1_591' title='bbox 2297 3195 2420 3252; x_wconf 87' lang='lat' dir='ltr'><strong><em>qua</em></strong></span> <span class='ocrx_word' id='word_1_592' title='bbox 2450 3179 2866 3235; x_wconf 81' lang='lat' dir='ltr'><strong><em>controversia</em></strong></span> <span class='ocrx_word' id='word_1_593' title='bbox 2907 3185 3015 3248; x_wconf 86' lang='lat' dir='ltr'><strong><em>est,</em></strong></span> <span class='ocrx_word' id='word_1_594' title='bbox 3061 3181 3398 3237; x_wconf 87' lang='lat' dir='ltr'><strong><em>orationem</em></strong></span> <span class='ocrx_word' id='word_1_595' title='bbox 3440 3183 3653 3241; x_wconf 89' lang='lat' dir='ltr'><strong><em>Basilio</em></strong></span> 
     </span>
    </p>
   </div>
   <div class='ocr_carea' id='block_1_77' title="bbox 1991 3267 3652 3343">
    <p class='ocr_par' dir='ltr' id='par_1_77' title="bbox 1991 3267 3652 3343">
     <span class='ocr_line' id='line_1_77' title="bbox 1991 3267 3652 3343; baseline 0.004 -21"><span class='ocrx_word' id='word_1_596' title='bbox 1991 3267 2175 3323; x_wconf 81' lang='lat' dir='ltr'><strong><em>tribui</em></strong></span> <span class='ocrx_word' id='word_1_597' title='bbox 2203 3268 2416 3324; x_wconf 89' lang='lat' dir='ltr'><strong><em>merito</em></strong></span> <span class='ocrx_word' id='word_1_598' title='bbox 2455 3283 2580 3323; x_wconf 90' lang='lat' dir='ltr'><strong><em>non</em></strong></span> <span class='ocrx_word' id='word_1_599' title='bbox 2627 3284 2827 3340; x_wconf 90' lang='lat' dir='ltr'><strong><em>posse.</em></strong></span> <span class='ocrx_word' id='word_1_600' title='bbox 2874 3270 2941 3324; x_wconf 88' lang='lat' dir='ltr'><strong><em>Et</em></strong></span> <span class='ocrx_word' id='word_1_601' title='bbox 2969 3285 3111 3325; x_wconf 88' lang='lat' dir='ltr'><strong><em>vero</em></strong></span> <span class='ocrx_word' id='word_1_602' title='bbox 3142 3269 3416 3338; x_wconf 83' lang='lat' dir='ltr'><strong><em>Basilius,</em></strong></span> <span class='ocrx_word' id='word_1_603' title='bbox 3444 3271 3551 3343; x_wconf 90' lang='lat' dir='ltr'><strong><em>qui</em></strong></span> <span class='ocrx_word' id='word_1_604' title='bbox 3579 3288 3652 3328; x_wconf 88' lang='lat' dir='ltr'><strong><em>ea</em></strong></span> 
     </span>
    </p>
   </div>
   <div class='ocr_carea' id='block_1_78' title="bbox 1987 3358 3650 3434">
    <p class='ocr_par' dir='ltr' id='par_1_78' title="bbox 1987 3358 3650 3434">
     <span class='ocr_line' id='line_1_78' title="bbox 1987 3358 3650 3434; baseline 0.004 -22"><span class='ocrx_word' id='word_1_605' title='bbox 1987 3374 2126 3430; x_wconf 67' lang='lat' dir='ltr'><strong><em>quae</em></strong></span> <span class='ocrx_word' id='word_1_606' title='bbox 2139 3358 2442 3414; x_wconf 86' lang='lat' dir='ltr'><strong><em>edidimus</em></strong></span> <span class='ocrx_word' id='word_1_607' title='bbox 2454 3358 2626 3413; x_wconf 90' lang='lat' dir='ltr'><strong><em>dicen</em></strong></span> <span class='ocrx_word' id='word_1_608' title='bbox 2639 3362 2753 3414; x_wconf 89' lang='lat' dir='ltr'><strong><em>tem</em></strong></span> <span class='ocrx_word' id='word_1_609' title='bbox 2768 3358 3057 3415; x_wconf 90' lang='lat' dir='ltr'><strong><em>Gordium</em></strong></span> <span class='ocrx_word' id='word_1_610' title='bbox 3070 3359 3321 3431; x_wconf 82' lang='lat' dir='ltr'><strong><em>induxit,</em></strong></span> <span class='ocrx_word' id='word_1_611' title='bbox 3341 3361 3650 3434; x_wconf 85' lang='lat' dir='ltr'><strong><em>quomodo</em></strong></span> 
     </span>
    </p>
   </div>
   <div class='ocr_carea' id='block_1_79' title="bbox 1989 3446 3647 3521">
    <p class='ocr_par' dir='ltr' id='par_1_79' title="bbox 1989 3446 3647 3521">
     <span class='ocr_line' id='line_1_79' title="bbox 1989 3446 3647 3521; baseline 0.002 -19"><span class='ocrx_word' id='word_1_612' title='bbox 1989 3447 2076 3502; x_wconf 79' lang='lat' dir='ltr'><strong><em>ita</em></strong></span> <span class='ocrx_word' id='word_1_613' title='bbox 2113 3446 2278 3519; x_wconf 92' lang='lat' dir='ltr'><strong><em>loqui</em></strong></span> <span class='ocrx_word' id='word_1_614' title='bbox 2314 3447 2609 3519; x_wconf 86' lang='lat' dir='ltr'><strong><em>potuisset</em></strong></span> <span class='ocrx_word' id='word_1_615' title='bbox 2640 3464 2653 3503; x_wconf 90' lang='lat'><strong>:</strong></span> <span class='ocrx_word' id='word_1_616' title='bbox 2689 3446 2839 3514; x_wconf 83' lang='lat' dir='ltr'><strong><em>Quot</em></strong></span> <span class='ocrx_word' id='word_1_617' title='bbox 2877 3456 3198 3519; x_wconf 85' lang='lat' dir='ltr'><strong><em>martyres,</em></strong></span> <span class='ocrx_word' id='word_1_618' title='bbox 3241 3452 3348 3521; x_wconf 88' lang='lat' dir='ltr'><strong><em>qui</em></strong></span> <span class='ocrx_word' id='word_1_619' title='bbox 3379 3453 3647 3520; x_wconf 87' lang='lat' dir='ltr'><strong><em>primum</em></strong></span> 
     </span>
    </p>
   </div>
   <div class='ocr_carea' id='block_1_80' title="bbox 1989 3535 3647 3608">
    <p class='ocr_par' dir='ltr' id='par_1_80' title="bbox 1989 3535 3647 3608">
     <span class='ocr_line' id='line_1_80' title="bbox 1989 3535 3647 3608; baseline 0.004 -18"><span class='ocrx_word' id='word_1_620' title='bbox 1989 3541 2312 3605; x_wconf 88' lang='lat' dir='ltr'><strong><em>negarant,</em></strong></span> <span class='ocrx_word' id='word_1_621' title='bbox 2354 3551 2558 3590; x_wconf 86' lang='lat' dir='ltr'><strong><em>rursus</em></strong></span> <span class='ocrx_word' id='word_1_622' title='bbox 2596 3535 3013 3605; x_wconf 86' lang='lat' dir='ltr'><strong><em>redintegrata</em></strong></span> <span class='ocrx_word' id='word_1_623' title='bbox 3049 3553 3258 3608; x_wconf 87' lang='lat' dir='ltr'><strong><em>pugna</em></strong></span> <span class='ocrx_word' id='word_1_624' title='bbox 3286 3539 3518 3595; x_wconf 79' lang='lat' dir='ltr'><strong><em>cladem</em></strong></span> <span class='ocrx_word' id='word_1_625' title='bbox 3557 3554 3647 3596; x_wconf 90' lang='lat' dir='ltr'><strong><em>re-</em></strong></span> 
     </span>
    </p>
   </div>
   <div class='ocr_carea' id='block_1_81' title="bbox 1989 3627 3641 3697">
    <p class='ocr_par' dir='ltr' id='par_1_81' title="bbox 1989 3627 3641 3697">
     <span class='ocr_line' id='line_1_81' title="bbox 1989 3627 3641 3697; baseline 0.003 -19"><span class='ocrx_word' id='word_1_626' title='bbox 1989 3639 2220 3681; x_wconf 88' lang='lat' dir='ltr'><strong><em>sarsere</em></strong></span> <span class='ocrx_word' id='word_1_627' title='bbox 2249 3627 2274 3678; x_wconf 64' lang='lat'><strong><em>.9</em></strong></span> <span class='ocrx_word' id='word_1_628' title='bbox 2300 3629 2601 3694; x_wconf 88' lang='lat' dir='ltr'><strong><em>negarant</em></strong></span> <span class='ocrx_word' id='word_1_629' title='bbox 2632 3630 2831 3681; x_wconf 88' lang='lat' dir='ltr'><strong><em>autem</em></strong></span> <span class='ocrx_word' id='word_1_630' title='bbox 2861 3640 2984 3681; x_wconf 87' lang='lat' dir='ltr'><strong><em>non</em></strong></span> <span class='ocrx_word' id='word_1_631' title='bbox 3022 3627 3245 3695; x_wconf 90' lang='lat' dir='ltr'><strong><em>animo,</em></strong></span> <span class='ocrx_word' id='word_1_632' title='bbox 3273 3629 3378 3683; x_wconf 90' lang='lat' dir='ltr'><strong><em>sed</em></strong></span> <span class='ocrx_word' id='word_1_633' title='bbox 3406 3629 3641 3697; x_wconf 84' lang='lat' dir='ltr'><strong><em>lingua,</em></strong></span> 
     </span>
    </p>
   </div>
   <div class='ocr_carea' id='block_1_82' title="bbox 1988 3711 3644 3787">
    <p class='ocr_par' dir='ltr' id='par_1_82' title="bbox 1988 3711 3644 3787">
     <span class='ocr_line' id='line_1_82' title="bbox 1988 3711 3644 3787; baseline 0.001 -15"><span class='ocrx_word' id='word_1_634' title='bbox 1988 3720 2283 3787; x_wconf 85' lang='lat' dir='ltr'><strong><em>tanquam</em></strong></span> <span class='ocrx_word' id='word_1_635' title='bbox 2318 3713 2367 3768; x_wconf 91' lang='lat' dir='ltr'><strong><em>si</em></strong></span> <span class='ocrx_word' id='word_1_636' title='bbox 2392 3729 2485 3768; x_wconf 90' lang='lat' dir='ltr'><strong><em>res</em></strong></span> <span class='ocrx_word' id='word_1_637' title='bbox 2503 3711 2653 3768; x_wconf 88' lang='lat' dir='ltr'><strong><em>levis</em></strong></span> <span class='ocrx_word' id='word_1_638' title='bbox 2677 3712 2754 3768; x_wconf 89' lang='lat' dir='ltr'><strong><em>sit</em></strong></span> <span class='ocrx_word' id='word_1_639' title='bbox 2774 3711 2983 3785; x_wconf 88' lang='lat' dir='ltr'><strong><em>lingua</em></strong></span> <span class='ocrx_word' id='word_1_640' title='bbox 2998 3729 3242 3783; x_wconf 77' lang='lat' dir='ltr'><strong><em>negare.</em></strong></span> <span class='ocrx_word' id='word_1_641' title='bbox 3274 3720 3561 3773; x_wconf 71' lang='lat' dir='ltr'><strong><em>Przeterea</em></strong></span> <span class='ocrx_word' id='word_1_642' title='bbox 3577 3717 3644 3773; x_wconf 90' lang='lat' dir='ltr'><strong><em>li-</em></strong></span> 
     </span>
    </p>
   </div>
   <div class='ocr_carea' id='block_1_83' title="bbox 1988 3801 3640 3878">
    <p class='ocr_par' dir='ltr' id='par_1_83' title="bbox 1988 3801 3640 3878">
     <span class='ocr_line' id='line_1_83' title="bbox 1988 3801 3640 3878; baseline 0.001 -17"><span class='ocrx_word' id='word_1_643' title='bbox 1988 3806 2201 3863; x_wconf 89' lang='lat' dir='ltr'><strong><em>benter</em></strong></span> <span class='ocrx_word' id='word_1_644' title='bbox 2223 3818 2556 3877; x_wconf 73' lang='lat' dir='ltr'><strong><em>quaererem</em></strong></span> <span class='ocrx_word' id='word_1_645' title='bbox 2580 3801 2658 3858; x_wconf 90' lang='lat' dir='ltr'><strong><em>ab</em></strong></span> <span class='ocrx_word' id='word_1_646' title='bbox 2680 3809 2946 3871; x_wconf 88' lang='lat' dir='ltr'><strong><em>auctore,</em></strong></span> <span class='ocrx_word' id='word_1_647' title='bbox 2970 3803 3017 3858; x_wconf 92' lang='lat' dir='ltr'><strong><em>si</em></strong></span> <span class='ocrx_word' id='word_1_648' title='bbox 3039 3803 3277 3874; x_wconf 82' lang='lat' dir='ltr'><strong><em>viveret,</em></strong></span> <span class='ocrx_word' id='word_1_649' title='bbox 3307 3811 3455 3878; x_wconf 91' lang='lat' dir='ltr'><strong><em>quot</em></strong></span> <span class='ocrx_word' id='word_1_650' title='bbox 3477 3811 3640 3876; x_wconf 89' lang='lat' dir='ltr'><strong><em>sunt,</em></strong></span> 
     </span>
    </p>
   </div>
   <div class='ocr_carea' id='block_1_84' title="bbox 1990 3892 3646 3968">
    <p class='ocr_par' dir='ltr' id='par_1_84' title="bbox 1990 3892 3646 3968">
     <span class='ocr_line' id='line_1_84' title="bbox 1990 3892 3646 3968; baseline 0.002 -17"><span class='ocrx_word' id='word_1_651' title='bbox 1990 3894 2094 3968; x_wconf 91' lang='lat' dir='ltr'><strong><em>qui</em></strong></span> <span class='ocrx_word' id='word_1_652' title='bbox 2112 3910 2250 3951; x_wconf 92' lang='lat' dir='ltr'><strong><em>cum</em></strong></span> <span class='ocrx_word' id='word_1_653' title='bbox 2267 3892 2454 3949; x_wconf 91' lang='lat' dir='ltr'><strong><em>semel</em></strong></span> <span class='ocrx_word' id='word_1_654' title='bbox 2469 3894 2814 3963; x_wconf 87' lang='lat' dir='ltr'><strong><em>negassent,</em></strong></span> <span class='ocrx_word' id='word_1_655' title='bbox 2828 3907 3145 3964; x_wconf 89' lang='lat' dir='ltr'><strong><em>nunquam</em></strong></span> <span class='ocrx_word' id='word_1_656' title='bbox 3161 3894 3646 3966; x_wconf 87' lang='lat' dir='ltr'><strong><em>redintegrarth</em></strong></span> 
     </span>
    </p>
   </div>
   <div class='ocr_carea' id='block_1_85' title="bbox 1989 3976 3645 4058">
    <p class='ocr_par' dir='ltr' id='par_1_85' title="bbox 1989 3976 3645 4058">
     <span class='ocr_line' id='line_1_85' title="bbox 1989 3976 3645 4058; baseline 0.002 -18"><span class='ocrx_word' id='word_1_657' title='bbox 1989 4000 2285 4058; x_wconf 89' lang='lat' dir='ltr'><strong><em>pugnam,</em></strong></span> <span class='ocrx_word' id='word_1_658' title='bbox 2314 3998 2424 4037; x_wconf 88' lang='lat' dir='ltr'><strong><em>nec</em></strong></span> <span class='ocrx_word' id='word_1_659' title='bbox 2460 3976 2734 4053; x_wconf 80' lang='lat' dir='ltr'><strong><em>unquam</em></strong></span> <span class='ocrx_word' id='word_1_660' title='bbox 2765 3979 3002 4037; x_wconf 88' lang='lat' dir='ltr'><strong><em>cladem</em></strong></span> <span class='ocrx_word' id='word_1_661' title='bbox 3032 3988 3427 4041; x_wconf 89' lang='lat' dir='ltr'><strong><em>resarserunt.</em></strong></span> <span class='ocrx_word' id='word_1_662' title='bbox 3457 3986 3645 4043; x_wconf 85' lang='lat' dir='ltr'><strong><em>Velim</em></strong></span> 
     </span>
    </p>
   </div>
   <div class='ocr_carea' id='block_1_86' title="bbox 1990 4070 3645 4146">
    <p class='ocr_par' dir='ltr' id='par_1_86' title="bbox 1990 4070 3645 4146">
     <span class='ocr_line' id='line_1_86' title="bbox 1990 4070 3645 4146; baseline 0.001 -14"><span class='ocrx_word' id='word_1_663' title='bbox 1990 4080 2193 4132; x_wconf 82' lang='lat' dir='ltr'><strong><em>autem</em></strong></span> <span class='ocrx_word' id='word_1_664' title='bbox 2225 4072 2375 4128; x_wconf 87' lang='lat' dir='ltr'><strong><em>illud</em></strong></span> <span class='ocrx_word' id='word_1_665' title='bbox 2405 4075 2646 4127; x_wconf 88' lang='lat' dir='ltr'><strong><em>notetur</em></strong></span> <span class='ocrx_word' id='word_1_666' title='bbox 2671 4070 2960 4139; x_wconf 78' lang='lat' dir='ltr'><strong><em>maxime,</em></strong></span> <span class='ocrx_word' id='word_1_667' title='bbox 2992 4070 3196 4126; x_wconf 89' lang='lat' dir='ltr'><strong><em>militis</em></strong></span> <span class='ocrx_word' id='word_1_668' title='bbox 3229 4074 3578 4146; x_wconf 87' lang='lat' dir='ltr'><strong><em>exemplum</em></strong></span> <span class='ocrx_word' id='word_1_669' title='bbox 3609 4092 3645 4133; x_wconf 87' lang='lat' dir='ltr'><strong><em>a</em></strong></span> 
     </span>
    </p>
   </div>
   <div class='ocr_carea' id='block_1_87' title="bbox 1991 4157 3648 4236">
    <p class='ocr_par' dir='ltr' id='par_1_87' title="bbox 1991 4157 3648 4236">
     <span class='ocr_line' id='line_1_87' title="bbox 1991 4157 3648 4236; baseline -0.001 -17"><span class='ocrx_word' id='word_1_670' title='bbox 1991 4164 2208 4221; x_wconf 89' lang='lat' dir='ltr'><strong><em>Basilio</em></strong></span> <span class='ocrx_word' id='word_1_671' title='bbox 2239 4160 2503 4235; x_wconf 89' lang='lat' dir='ltr'><strong><em>proponi</em></strong></span> <span class='ocrx_word' id='word_1_672' title='bbox 2541 4175 2664 4216; x_wconf 92' lang='lat' dir='ltr'><strong><em>non</em></strong></span> <span class='ocrx_word' id='word_1_673' title='bbox 2692 4157 3139 4232; x_wconf 87' lang='lat' dir='ltr'><strong><em>peccatoribus,</em></strong></span> <span class='ocrx_word' id='word_1_674' title='bbox 3167 4161 3274 4218; x_wconf 89' lang='lat' dir='ltr'><strong><em>sed</em></strong></span> <span class='ocrx_word' id='word_1_675' title='bbox 3299 4163 3476 4233; x_wconf 75' lang='lat' dir='ltr'><strong><em>justis</em></strong></span> <span class='ocrx_word' id='word_1_676' title='bbox 3502 4167 3648 4236; x_wconf 84' lang='lat' dir='ltr'><strong><em>(spe-</em></strong></span> 
     </span>
    </p>
   </div>
   <div class='ocr_carea' id='block_1_88' title="bbox 1989 4249 3649 4323">
    <p class='ocr_par' dir='ltr' id='par_1_88' title="bbox 1989 4249 3649 4323">
     <span class='ocr_line' id='line_1_88' title="bbox 1989 4249 3649 4323; baseline 0.001 -12"><span class='ocrx_word' id='word_1_677' title='bbox 1989 4253 2316 4321; x_wconf 86' lang='lat' dir='ltr'><strong><em>ctaculum,</em></strong></span> <span class='ocrx_word' id='word_1_678' title='bbox 2338 4249 2557 4323; x_wconf 88' lang='lat' dir='ltr'><strong><em>inquit,</em></strong></span> <span class='ocrx_word' id='word_1_679' title='bbox 2571 4250 2756 4319; x_wconf 87' lang='lat' dir='ltr'><strong><em>justis</em></strong></span> <span class='ocrx_word' id='word_1_680' title='bbox 2777 4250 3140 4321; x_wconf 88' lang='lat' dir='ltr'><strong><em>miserabile)</em></strong></span> <span class='ocrx_word' id='word_1_681' title='bbox 3171 4267 3183 4305; x_wconf 93' lang='lat'>:</span> <span class='ocrx_word' id='word_1_682' title='bbox 3204 4250 3288 4306; x_wconf 88' lang='lat' dir='ltr'><strong><em>sic</em></strong></span> <span class='ocrx_word' id='word_1_683' title='bbox 3307 4257 3369 4308; x_wconf 88' lang='lat' dir='ltr'><strong><em>ut</em></strong></span> <span class='ocrx_word' id='word_1_684' title='bbox 3390 4252 3571 4309; x_wconf 89' lang='lat' dir='ltr'><strong><em>simul</em></strong></span> <span class='ocrx_word' id='word_1_685' title='bbox 3591 4261 3649 4313; x_wconf 89' lang='lat' dir='ltr'><strong><em>et</em></strong></span> 
     </span>
    </p>
   </div>
   <div class='ocr_carea' id='block_1_89' title="bbox 1988 4338 3652 4416">
    <p class='ocr_par' dir='ltr' id='par_1_89' title="bbox 1988 4338 3652 4416">
     <span class='ocr_line' id='line_1_89' title="bbox 1988 4338 3652 4416; baseline 0.001 -18"><span class='ocrx_word' id='word_1_686' title='bbox 1988 4341 2391 4416; x_wconf 85' lang='lat' dir='ltr'><strong><em>perniciosam</em></strong></span> <span class='ocrx_word' id='word_1_687' title='bbox 2411 4338 2574 4395; x_wconf 89' lang='lat' dir='ltr'><strong><em>illam</em></strong></span> <span class='ocrx_word' id='word_1_688' title='bbox 2589 4339 2850 4395; x_wconf 88' lang='lat' dir='ltr'><strong><em>auctoris</em></strong></span> <span class='ocrx_word' id='word_1_689' title='bbox 2863 4338 2937 4395; x_wconf 84' lang='lat' dir='ltr'><strong><em>de</em></strong></span> <span class='ocrx_word' id='word_1_690' title='bbox 2955 4339 3119 4395; x_wconf 65' lang='lat' dir='ltr'><strong><em>multi</em></strong></span> <span class='ocrx_word' id='word_1_691' title='bbox 3130 4339 3652 4412; x_wconf 86' lang='lat' dir='ltr'><strong><em>plicijustitiasen-</em></strong></span> 
     </span>
    </p>
   </div>
   <div class='ocr_carea' id='block_1_90' title="bbox 214 4428 3649 4515">
    <p class='ocr_par' dir='ltr' id='par_1_90' title="bbox 214 4428 3649 4515">
     <span class='ocr_line' id='line_1_90' title="bbox 214 4428 3649 4515; baseline 0 -26"><span class='ocrx_word' id='word_1_692' title='bbox 214 4447 350 4489; x_wconf 88' lang='lat' dir='ltr'><strong><em>cum</em></strong></span> <span class='ocrx_word' id='word_1_693' title='bbox 363 4430 684 4503; x_wconf 87' lang='lat' dir='ltr'><strong><em>gemitibus</em></strong></span> <span class='ocrx_word' id='word_1_694' title='bbox 703 4429 1249 4500; x_wconf 89' lang='lat' dir='ltr'><strong><em>amplectebantur,</em></strong></span> <span class='ocrx_word' id='word_1_695' title='bbox 1267 4446 1340 4487; x_wconf 92' lang='lat' dir='ltr'><strong><em>ac</em></strong></span> <span class='ocrx_word' id='word_1_696' title='bbox 1359 4437 1687 4488; x_wconf 76' lang='lat' dir='ltr'><strong><em>extremam</em></strong></span> <span class='ocrx_word' id='word_1_697' title='bbox 1710 4433 1875 4491; x_wconf 85' lang='lat' dir='ltr'><strong><em>salu-</em></strong></span> <span class='ocrx_word' id='word_1_698' title='bbox 1908 4461 1950 4515; x_wconf 71' lang='grc' dir='ltr'><strong><em>ι)</em></strong></span> <span class='ocrx_word' id='word_1_699' title='bbox 1990 4432 2239 4491; x_wconf 87' lang='lat' dir='ltr'><strong><em>tentiam</em></strong></span> <span class='ocrx_word' id='word_1_700' title='bbox 2269 4428 2544 4486; x_wconf 88' lang='lat' dir='ltr'><strong><em>funditus</em></strong></span> <span class='ocrx_word' id='word_1_701' title='bbox 2578 4433 2827 4498; x_wconf 81' lang='lat' dir='ltr'><strong><em>evertat,</em></strong></span> <span class='ocrx_word' id='word_1_702' title='bbox 2864 4434 2921 4485; x_wconf 88' lang='lat' dir='ltr'><strong><em>et</em></strong></span> <span class='ocrx_word' id='word_1_703' title='bbox 2949 4430 3149 4501; x_wconf 89' lang='lat' dir='ltr'><strong><em>justos</em></strong></span> <span class='ocrx_word' id='word_1_704' title='bbox 3180 4437 3426 4488; x_wconf 89' lang='lat' dir='ltr'><strong><em>moneat</em></strong></span> <span class='ocrx_word' id='word_1_705' title='bbox 3457 4437 3519 4488; x_wconf 90' lang='lat' dir='ltr'><strong><em>ut</em></strong></span> <span class='ocrx_word' id='word_1_706' title='bbox 3550 4450 3649 4490; x_wconf 86' lang='lat' dir='ltr'><strong><em>ca-</em></strong></span> 
     </span>
    </p>
   </div>
   <div class='ocr_carea' id='block_1_91' title="bbox 217 4521 1874 4595">
    <p class='ocr_par' dir='ltr' id='par_1_91' title="bbox 217 4521 1874 4595">
     <span class='ocr_line' id='line_1_91' title="bbox 217 4521 1874 4595; baseline 0.001 -17"><span class='ocrx_word' id='word_1_707' title='bbox 217 4528 334 4579; x_wconf 87' lang='lat' dir='ltr'><strong><em>tem</em></strong></span> <span class='ocrx_word' id='word_1_708' title='bbox 372 4521 676 4590; x_wconf 87' lang='lat' dir='ltr'><strong><em>dicebant,</em></strong></span> <span class='ocrx_word' id='word_1_709' title='bbox 707 4526 890 4592; x_wconf 89' lang='lat' dir='ltr'><strong><em>atque</em></strong></span> <span class='ocrx_word' id='word_1_710' title='bbox 925 4521 1129 4592; x_wconf 66' lang='lat' dir='ltr'><strong><em>effusis</em></strong></span> <span class='ocrx_word' id='word_1_711' title='bbox 1153 4522 1527 4591; x_wconf 81' lang='lat' dir='ltr'><strong><em>ferventibus</em></strong></span> <span class='ocrx_word' id='word_1_712' title='bbox 1563 4524 1874 4595; x_wconf 81' lang='lat' dir='ltr'><strong><em>lacrymis,</em></strong></span> 
     </span>
    </p>
   </div>
   <div class='ocr_carea' id='block_1_92' title="bbox 216 4609 1876 4682">
    <p class='ocr_par' dir='ltr' id='par_1_92' title="bbox 216 4609 1876 4682">
     <span class='ocr_line' id='line_1_92' title="bbox 216 4609 1876 4682; baseline 0 -14"><span class='ocrx_word' id='word_1_713' title='bbox 216 4611 633 4682; x_wconf 89' lang='lat' dir='ltr'><strong><em>precabantur</em></strong></span> <span class='ocrx_word' id='word_1_714' title='bbox 650 4624 726 4667; x_wconf 92' lang='lat' dir='ltr'><strong><em>ne</em></strong></span> <span class='ocrx_word' id='word_1_715' title='bbox 753 4619 931 4669; x_wconf 79' lang='lat' dir='ltr'><strong><em>semet</em></strong></span> <span class='ocrx_word' id='word_1_716' title='bbox 956 4609 1224 4667; x_wconf 87' lang='lat' dir='ltr'><strong><em>traderet</em></strong></span> <span class='ocrx_word' id='word_1_717' title='bbox 1242 4611 1391 4681; x_wconf 87' lang='lat' dir='ltr'><strong><em>igni,</em></strong></span> <span class='ocrx_word' id='word_1_718' title='bbox 1416 4626 1489 4668; x_wconf 91' lang='lat' dir='ltr'><strong><em>ne</em></strong></span> <span class='ocrx_word' id='word_1_719' title='bbox 1504 4627 1675 4669; x_wconf 87' lang='lat' dir='ltr'><strong><em>suam</em></strong></span> <span class='ocrx_word' id='word_1_720' title='bbox 1700 4612 1876 4670; x_wconf 87' lang='lat' dir='ltr'><strong><em>absu-</em></strong></span> 
     </span>
    </p>
   </div>
   <div class='ocr_carea' id='block_1_93' title="bbox 220 4700 1879 4772">
    <p class='ocr_par' dir='ltr' id='par_1_93' title="bbox 220 4700 1879 4772">
     <span class='ocr_line' id='line_1_93' title="bbox 220 4700 1879 4772; baseline 0 -14"><span class='ocrx_word' id='word_1_721' title='bbox 220 4706 404 4759; x_wconf 90' lang='lat' dir='ltr'><strong><em>meret</em></strong></span> <span class='ocrx_word' id='word_1_722' title='bbox 425 4703 831 4772; x_wconf 87' lang='lat' dir='ltr'><strong><em>juventutem,</em></strong></span> <span class='ocrx_word' id='word_1_723' title='bbox 859 4715 935 4757; x_wconf 91' lang='lat' dir='ltr'><strong><em>ne</em></strong></span> <span class='ocrx_word' id='word_1_724' title='bbox 954 4700 1302 4771; x_wconf 85' lang='lat' dir='ltr'><strong><em>jucundum</em></strong></span> <span class='ocrx_word' id='word_1_725' title='bbox 1328 4701 1487 4757; x_wconf 91' lang='lat' dir='ltr'><strong><em>hunc</em></strong></span> <span class='ocrx_word' id='word_1_726' title='bbox 1513 4702 1695 4759; x_wconf 89' lang='lat' dir='ltr'><strong><em>solem</em></strong></span> <span class='ocrx_word' id='word_1_727' title='bbox 1717 4702 1879 4759; x_wconf 86' lang='lat' dir='ltr'><strong><em>dere-</em></strong></span> 
     </span>
    </p>
   </div>
   <div class='ocr_carea' id='block_1_94' title="bbox 225 4790 1880 4864">
    <p class='ocr_par' dir='ltr' id='par_1_94' title="bbox 225 4790 1880 4864">
     <span class='ocr_line' id='line_1_94' title="bbox 225 4790 1880 4864; baseline 0 -16"><span class='ocrx_word' id='word_1_728' title='bbox 225 4792 536 4864; x_wconf 88' lang='lat' dir='ltr'><strong><em>linqueret.</em></strong></span> <span class='ocrx_word' id='word_1_729' title='bbox 567 4791 700 4846; x_wconf 88' lang='lat' dir='ltr'><strong><em>Alii</em></strong></span> <span class='ocrx_word' id='word_1_730' title='bbox 725 4790 994 4847; x_wconf 87' lang='lat' dir='ltr'><strong><em>consitiis</em></strong></span> <span class='ocrx_word' id='word_1_731' title='bbox 1024 4790 1106 4846; x_wconf 91' lang='lat' dir='ltr'><strong><em>ad</em></strong></span> <span class='ocrx_word' id='word_1_732' title='bbox 1126 4790 1622 4860; x_wconf 88' lang='lat' dir='ltr'><strong><em>persuadendum</em></strong></span> <span class='ocrx_word' id='word_1_733' title='bbox 1652 4790 1880 4848; x_wconf 89' lang='lat' dir='ltr'><strong><em>idoneis</em></strong></span> 
     </span>
    </p>
   </div>
   <div class='ocr_carea' id='block_1_95' title="bbox 224 4878 1882 4950">
    <p class='ocr_par' dir='ltr' id='par_1_95' title="bbox 224 4878 1882 4950">
     <span class='ocr_line' id='line_1_95' title="bbox 224 4878 1882 4950; baseline -0.002 -12"><span class='ocrx_word' id='word_1_734' title='bbox 224 4895 354 4938; x_wconf 90' lang='lat' dir='ltr'><strong><em>eum</em></strong></span> <span class='ocrx_word' id='word_1_735' title='bbox 395 4879 664 4950; x_wconf 88' lang='lat' dir='ltr'><strong><em>decipere</em></strong></span> <span class='ocrx_word' id='word_1_736' title='bbox 707 4878 1062 4936; x_wconf 90' lang='lat' dir='ltr'><strong><em>nitebantur</em></strong></span> <span class='ocrx_word' id='word_1_737' title='bbox 1095 4895 1108 4934; x_wconf 89' lang='lat'><strong>:</strong></span> <span class='ocrx_word' id='word_1_738' title='bbox 1154 4880 1327 4949; x_wconf 89' lang='lat' dir='ltr'><strong><em>Nega</em></strong></span> <span class='ocrx_word' id='word_1_739' title='bbox 1374 4879 1552 4935; x_wconf 87' lang='lat' dir='ltr'><strong><em>verbo</em></strong></span> <span class='ocrx_word' id='word_1_740' title='bbox 1590 4880 1719 4936; x_wconf 91' lang='lat' dir='ltr'><strong><em>solo</em></strong></span> <span class='ocrx_word' id='word_1_741' title='bbox 1753 4896 1765 4935; x_wconf 93' lang='lat'><strong>:</strong></span> <span class='ocrx_word' id='word_1_742' title='bbox 1816 4882 1882 4935; x_wconf 90' lang='lat' dir='ltr'><strong><em>in</em></strong></span> 
     </span>
    </p>
   </div>
   <div class='ocr_carea' id='block_1_96' title="bbox 223 4958 1897 5041">
    <p class='ocr_par' dir='ltr' id='par_1_96' title="bbox 223 4958 1897 5041">
     <span class='ocr_line' id='line_1_96' title="bbox 223 4958 1897 5041; baseline -0.001 -15"><span class='ocrx_word' id='word_1_743' title='bbox 223 4971 425 5026; x_wconf 90' lang='lat' dir='ltr'><strong><em>animo</em></strong></span> <span class='ocrx_word' id='word_1_744' title='bbox 441 4983 603 5039; x_wconf 90' lang='lat' dir='ltr'><strong><em>vero,</em></strong></span> <span class='ocrx_word' id='word_1_745' title='bbox 621 4973 687 5024; x_wconf 89' lang='lat' dir='ltr'><strong><em>ut</em></strong></span> <span class='ocrx_word' id='word_1_746' title='bbox 707 4969 888 5037; x_wconf 85' lang='lat' dir='ltr'><strong><em>voles,</em></strong></span> <span class='ocrx_word' id='word_1_747' title='bbox 907 4983 1081 5025; x_wconf 85' lang='lat' dir='ltr'><strong><em>serva</em></strong></span> <span class='ocrx_word' id='word_1_748' title='bbox 1092 4967 1294 5037; x_wconf 81' lang='lat' dir='ltr'><strong><em>ﬁdem.</em></strong></span> <span class='ocrx_word' id='word_1_749' title='bbox 1319 4968 1529 5041; x_wconf 90' lang='lat' dir='ltr'><strong><em>Utique</em></strong></span> <span class='ocrx_word' id='word_1_750' title='bbox 1548 4985 1669 5024; x_wconf 89' lang='lat' dir='ltr'><strong><em>non</em></strong></span> <span class='ocrx_word' id='word_1_751' title='bbox 1692 4958 1897 5026; x_wconf 41' lang='lat' dir='ltr'><strong><em>allen;</em></strong></span> 
     </span>
    </p>
   </div>
   <div class='ocr_carea' id='block_1_97' title="bbox 223 5058 1883 5129">
    <p class='ocr_par' dir='ltr' id='par_1_97' title="bbox 223 5058 1883 5129">
     <span class='ocr_line' id='line_1_97' title="bbox 223 5058 1883 5129; baseline 0 -14"><span class='ocrx_word' id='word_1_752' title='bbox 223 5060 317 5116; x_wconf 89' lang='lat' dir='ltr'><strong><em>dit</em></strong></span> <span class='ocrx_word' id='word_1_753' title='bbox 345 5059 503 5115; x_wconf 89' lang='lat' dir='ltr'><strong><em>Deus</em></strong></span> <span class='ocrx_word' id='word_1_754' title='bbox 534 5059 833 5129; x_wconf 83' lang='lat' dir='ltr'><strong><em>linguam,</em></strong></span> <span class='ocrx_word' id='word_1_755' title='bbox 859 5058 963 5113; x_wconf 86' lang='lat' dir='ltr'><strong><em>sed</em></strong></span> <span class='ocrx_word' id='word_1_756' title='bbox 989 5058 1283 5129; x_wconf 89' lang='lat' dir='ltr'><strong><em>loquentis</em></strong></span> <span class='ocrx_word' id='word_1_757' title='bbox 1314 5064 1587 5115; x_wconf 90' lang='lat' dir='ltr'><strong><em>mentem.</em></strong></span> <span class='ocrx_word' id='word_1_758' title='bbox 1607 5059 1703 5115; x_wconf 89' lang='lat' dir='ltr'><strong><em>Ita</em></strong></span> <span class='ocrx_word' id='word_1_759' title='bbox 1724 5060 1883 5116; x_wconf 88' lang='lat' dir='ltr'><strong><em>enim</em></strong></span> 
     </span>
    </p>
   </div>
   <div class='ocr_carea' id='block_1_98' title="bbox 227 5146 1884 5218">
    <p class='ocr_par' dir='ltr' id='par_1_98' title="bbox 227 5146 1884 5218">
     <span class='ocr_line' id='line_1_98' title="bbox 227 5146 1884 5218; baseline 0 -14"><span class='ocrx_word' id='word_1_760' title='bbox 227 5149 339 5205; x_wconf 87' lang='lat' dir='ltr'><strong><em>tibi</em></strong></span> <span class='ocrx_word' id='word_1_761' title='bbox 366 5146 563 5204; x_wconf 87' lang='lat' dir='ltr'><strong><em>licebit</em></strong></span> <span class='ocrx_word' id='word_1_762' title='bbox 589 5152 647 5202; x_wconf 88' lang='lat' dir='ltr'><strong><em>et</em></strong></span> <span class='ocrx_word' id='word_1_763' title='bbox 656 5147 927 5217; x_wconf 86' lang='lat' dir='ltr'><strong><em>judicem</em></strong></span> <span class='ocrx_word' id='word_1_764' title='bbox 944 5147 1246 5217; x_wconf 91' lang='lat' dir='ltr'><strong><em>mitigare,</em></strong></span> <span class='ocrx_word' id='word_1_765' title='bbox 1273 5151 1329 5203; x_wconf 91' lang='lat' dir='ltr'><strong><em>et</em></strong></span> <span class='ocrx_word' id='word_1_766' title='bbox 1348 5149 1537 5203; x_wconf 90' lang='lat' dir='ltr'><strong><em>Deum</em></strong></span> <span class='ocrx_word' id='word_1_767' title='bbox 1551 5150 1884 5218; x_wconf 86' lang='lat' dir='ltr'><strong><em>propitium</em></strong></span> 
     </span>
    </p>
   </div>
   <div class='ocr_carea' id='block_1_99' title="bbox 224 5236 1884 5310">
    <p class='ocr_par' dir='ltr' id='par_1_99' title="bbox 224 5236 1884 5310">
     <span class='ocr_line' id='line_1_99' title="bbox 224 5236 1884 5310; baseline 0.001 -16"><span class='ocrx_word' id='word_1_768' title='bbox 224 5237 498 5297; x_wconf 88' lang='lat' dir='ltr'><strong><em>reddere.</em></strong></span> <span class='ocrx_word' id='word_1_769' title='bbox 523 5237 604 5294; x_wconf 86' lang='lat' dir='ltr'><strong><em>At</em></strong></span> <span class='ocrx_word' id='word_1_770' title='bbox 636 5236 739 5293; x_wconf 89' lang='lat' dir='ltr'><strong><em>ille</em></strong></span> <span class='ocrx_word' id='word_1_771' title='bbox 765 5236 1115 5307; x_wconf 81' lang='lat' dir='ltr'><strong><em>inﬂexibilis</em></strong></span> <span class='ocrx_word' id='word_1_772' title='bbox 1144 5242 1277 5294; x_wconf 89' lang='lat' dir='ltr'><strong><em>erat</em></strong></span> <span class='ocrx_word' id='word_1_773' title='bbox 1305 5242 1360 5293; x_wconf 91' lang='lat' dir='ltr'><strong><em>et</em></strong></span> <span class='ocrx_word' id='word_1_774' title='bbox 1387 5237 1736 5310; x_wconf 89' lang='lat' dir='ltr'><strong><em>indomitus,</em></strong></span> <span class='ocrx_word' id='word_1_775' title='bbox 1776 5254 1884 5296; x_wconf 88' lang='lat' dir='ltr'><strong><em>nec</em></strong></span> 
     </span>
    </p>
   </div>
   <div class='ocr_carea' id='block_1_100' title="bbox 302 5362 1398 5433">
    <p class='ocr_par' dir='ltr' id='par_1_100' title="bbox 302 5362 1398 5433">
     <span class='ocr_line' id='line_1_100' title="bbox 302 5362 1398 5433; baseline -0.002 -13"><span class='ocrx_word' id='word_1_776' title='bbox 302 5364 349 5403; x_wconf 74' lang='grc' dir='ltr'><strong><em>ιο</em></strong></span> <span class='ocrx_word' id='word_1_777' title='bbox 389 5364 531 5420; x_wconf 92' lang='lat' dir='ltr'><strong><em>Luc.</em></strong></span> <span class='ocrx_word' id='word_1_778' title='bbox 567 5376 733 5433; x_wconf 81' lang='lat' dir='ltr'><strong><em>xxm,</em></strong></span> <span class='ocrx_word' id='word_1_779' title='bbox 771 5363 860 5417; x_wconf 84' lang='lat'><strong><em>28.</em></strong></span> <span class='ocrx_word' id='word_1_780' title='bbox 938 5362 982 5397; x_wconf 81' lang='lat'>“</span> <span class='ocrx_word' id='word_1_781' title='bbox 1013 5363 1185 5418; x_wconf 83' lang='lat' dir='ltr'><strong><em>Rom.</em></strong></span> <span class='ocrx_word' id='word_1_782' title='bbox 1215 5378 1278 5433; x_wconf 85' lang='lat' dir='ltr'><strong><em>x,</em></strong></span> <span class='ocrx_word' id='word_1_783' title='bbox 1313 5364 1398 5418; x_wconf 86' lang='grc'><strong><em>10.</em></strong></span> 
     </span>
    </p>
   </div>
   <div class='ocr_carea' id='block_1_101' title="bbox 303 5486 1038 5562">
    <p class='ocr_par' dir='ltr' id='par_1_101' title="bbox 303 5486 1038 5562">
     <span class='ocr_line' id='line_1_101' title="bbox 303 5486 1038 5562; baseline -0.003 -16"><span class='ocrx_word' id='word_1_784' title='bbox 303 5487 384 5562; x_wconf 92' lang='lat' dir='ltr'><strong><em>(a)</em></strong></span> <span class='ocrx_word' id='word_1_785' title='bbox 416 5486 590 5545; x_wconf 91' lang='lat' dir='ltr'><strong><em>Hom.</em></strong></span> <span class='ocrx_word' id='word_1_786' title='bbox 625 5488 712 5559; x_wconf 72' lang='grc'><strong><em>18,</em></strong></span> <span class='ocrx_word' id='word_1_787' title='bbox 743 5500 807 5544; x_wconf 91' lang='lat' dir='ltr'><strong><em>n.</em></strong></span> <span class='ocrx_word' id='word_1_788' title='bbox 841 5488 873 5541; x_wconf 88' lang='lat'><strong>6</strong></span> <span class='ocrx_word' id='word_1_789' title='bbox 903 5487 962 5542; x_wconf 87' lang='lat' dir='ltr'><strong><em>et</em></strong></span> <span class='ocrx_word' id='word_1_790' title='bbox 984 5490 1038 5544; x_wconf 90' lang='lat'><strong><em>7.</em></strong></span> 
     </span>
    </p>
   </div>
   <div class='ocr_carea' id='block_1_102' title="bbox 448 5613 1038 5673">
    <p class='ocr_par' dir='ltr' id='par_1_102' title="bbox 448 5613 1038 5673">
     <span class='ocr_line' id='line_1_102' title="bbox 448 5613 1038 5673; baseline 0.005 -5"><span class='ocrx_word' id='word_1_791' title='bbox 448 5614 688 5673; x_wconf 75' lang='lat' dir='ltr'><strong><em>PATROL.</em></strong></span> <span class='ocrx_word' id='word_1_792' title='bbox 722 5614 823 5671; x_wconf 75' lang='lat' dir='ltr'><strong><em>Gtt.</em></strong></span> <span class='ocrx_word' id='word_1_793' title='bbox 861 5613 1038 5671; x_wconf 83' lang='lat' dir='ltr'><strong><em>XXXI.</em></strong></span> 
     </span>
    </p>
   </div>
   <div class='ocr_carea' id='block_1_103' title="bbox 1481 5362 1967 5434">
    <p class='ocr_par' dir='ltr' id='par_1_103' title="bbox 1481 5362 1967 5434">
     <span class='ocr_line' id='line_1_103' title="bbox 1481 5362 1967 5434; baseline 0.002 -15"><span class='ocrx_word' id='word_1_794' title='bbox 1481 5364 1524 5398; x_wconf 70' lang='grc' dir='ltr'><strong><em>ι’</em></strong></span> <span class='ocrx_word' id='word_1_795' title='bbox 1566 5362 1757 5422; x_wconf 87' lang='lat' dir='ltr'><strong><em>Galat.</em></strong></span> <span class='ocrx_word' id='word_1_796' title='bbox 1794 5378 1878 5434; x_wconf 69' lang='grc' dir='ltr'><strong><em>γι,</em></strong></span> <span class='ocrx_word' id='word_1_797' title='bbox 1911 5368 1967 5421; x_wconf 88' lang='lat'><strong><em>7.</em></strong></span> 
     </span>
    </p>
   </div>
   <div class='ocr_carea' id='block_1_104' title="bbox 1988 4517 3650 4592">
    <p class='ocr_par' dir='ltr' id='par_1_104' title="bbox 1988 4517 3650 4592">
     <span class='ocr_line' id='line_1_104' title="bbox 1988 4517 3650 4592; baseline 0 -13"><span class='ocrx_word' id='word_1_798' title='bbox 1988 4526 2172 4580; x_wconf 79' lang='lat' dir='ltr'><strong><em>veant</em></strong></span> <span class='ocrx_word' id='word_1_799' title='bbox 2193 4519 2329 4589; x_wconf 87' lang='lat' dir='ltr'><strong><em>sibi,</em></strong></span> <span class='ocrx_word' id='word_1_800' title='bbox 2354 4535 2428 4575; x_wconf 90' lang='lat' dir='ltr'><strong><em>ne</em></strong></span> <span class='ocrx_word' id='word_1_801' title='bbox 2450 4518 2598 4574; x_wconf 84' lang='lat' dir='ltr'><strong><em>forte</em></strong></span> <span class='ocrx_word' id='word_1_802' title='bbox 2616 4522 2672 4575; x_wconf 88' lang='lat' dir='ltr'><strong><em>et</em></strong></span> <span class='ocrx_word' id='word_1_803' title='bbox 2690 4517 2806 4592; x_wconf 91' lang='lat' dir='ltr'><strong><em>ipsi</em></strong></span> <span class='ocrx_word' id='word_1_804' title='bbox 2826 4517 2907 4574; x_wconf 88' lang='lat' dir='ltr'><strong><em>ob</em></strong></span> <span class='ocrx_word' id='word_1_805' title='bbox 2930 4519 3177 4575; x_wconf 91' lang='lat' dir='ltr'><strong><em>unicum</em></strong></span> <span class='ocrx_word' id='word_1_806' title='bbox 3202 4520 3397 4576; x_wconf 89' lang='lat' dir='ltr'><strong><em>scelus</em></strong></span> <span class='ocrx_word' id='word_1_807' title='bbox 3425 4527 3650 4580; x_wconf 66' lang='lat' dir='ltr'><strong><em>interno</em></strong></span> 
     </span>
    </p>
   </div>
   <div class='ocr_carea' id='block_1_105' title="bbox 1987 4607 3651 4684">
    <p class='ocr_par' dir='ltr' id='par_1_105' title="bbox 1987 4607 3651 4684">
     <span class='ocr_line' id='line_1_105' title="bbox 1987 4607 3651 4684; baseline 0 -16"><span class='ocrx_word' id='word_1_808' title='bbox 1987 4612 2113 4682; x_wconf 86' lang='lat' dir='ltr'><strong><em>igni</em></strong></span> <span class='ocrx_word' id='word_1_809' title='bbox 2132 4609 2465 4667; x_wconf 87' lang='lat' dir='ltr'><strong><em>tradantur.</em></strong></span> <span class='ocrx_word' id='word_1_810' title='bbox 2489 4607 2622 4679; x_wconf 90' lang='lat' dir='ltr'><strong><em>Sed,</em></strong></span> <span class='ocrx_word' id='word_1_811' title='bbox 2649 4612 2715 4663; x_wconf 90' lang='lat' dir='ltr'><strong><em>ut</em></strong></span> <span class='ocrx_word' id='word_1_812' title='bbox 2730 4608 2860 4679; x_wconf 86' lang='lat' dir='ltr'><strong><em>jam</em></strong></span> <span class='ocrx_word' id='word_1_813' title='bbox 2884 4608 3027 4676; x_wconf 83' lang='lat' dir='ltr'><strong><em>dixi,</em></strong></span> <span class='ocrx_word' id='word_1_814' title='bbox 3054 4609 3265 4666; x_wconf 79' lang='lat' dir='ltr'><strong><em>sinihil</em></strong></span> <span class='ocrx_word' id='word_1_815' title='bbox 3283 4610 3445 4666; x_wconf 81' lang='lat' dir='ltr'><strong><em>aliud</em></strong></span> <span class='ocrx_word' id='word_1_816' title='bbox 3465 4612 3651 4684; x_wconf 86' lang='lat' dir='ltr'><strong><em>impe-</em></strong></span> 
     </span>
    </p>
   </div>
   <div class='ocr_carea' id='block_1_106' title="bbox 1988 4696 3650 4773">
    <p class='ocr_par' dir='ltr' id='par_1_106' title="bbox 1988 4696 3650 4773">
     <span class='ocr_line' id='line_1_106' title="bbox 1988 4696 3650 4773; baseline 0 -15"><span class='ocrx_word' id='word_1_817' title='bbox 1988 4697 2478 4772; x_wconf 87' lang='lat' dir='ltr'><strong><em>diretquominus</em></strong></span> <span class='ocrx_word' id='word_1_818' title='bbox 2489 4696 2682 4753; x_wconf 90' lang='lat' dir='ltr'><strong><em>oratio</em></strong></span> <span class='ocrx_word' id='word_1_819' title='bbox 2694 4696 2821 4753; x_wconf 83' lang='lat' dir='ltr'><strong><em>haec</em></strong></span> <span class='ocrx_word' id='word_1_820' title='bbox 2838 4697 3050 4753; x_wconf 88' lang='lat' dir='ltr'><strong><em>Basilio</em></strong></span> <span class='ocrx_word' id='word_1_821' title='bbox 3064 4698 3176 4754; x_wconf 90' lang='lat' dir='ltr'><strong><em>trib</em></strong></span> <span class='ocrx_word' id='word_1_822' title='bbox 3185 4700 3650 4773; x_wconf 83' lang='lat' dir='ltr'><strong><em>ueretur,ipsum</em></strong></span> 
     </span>
    </p>
   </div>
   <div class='ocr_carea' id='block_1_107' title="bbox 1989 4787 3652 4861">
    <p class='ocr_par' dir='ltr' id='par_1_107' title="bbox 1989 4787 3652 4861">
     <span class='ocr_line' id='line_1_107' title="bbox 1989 4787 3652 4861; baseline -0.002 -13"><span class='ocrx_word' id='word_1_823' title='bbox 1989 4796 2145 4848; x_wconf 89' lang='lat' dir='ltr'><strong><em>certe</em></strong></span> <span class='ocrx_word' id='word_1_824' title='bbox 2166 4787 2406 4846; x_wconf 88' lang='lat' dir='ltr'><strong><em>dicendi</em></strong></span> <span class='ocrx_word' id='word_1_825' title='bbox 2432 4803 2622 4859; x_wconf 85' lang='lat' dir='ltr'><strong><em>genus</em></strong></span> <span class='ocrx_word' id='word_1_826' title='bbox 2643 4801 2752 4859; x_wconf 89' lang='lat' dir='ltr'><strong><em>per</em></strong></span> <span class='ocrx_word' id='word_1_827' title='bbox 2780 4803 2843 4842; x_wconf 91' lang='lat' dir='ltr'><strong><em>se</em></strong></span> <span class='ocrx_word' id='word_1_828' title='bbox 2866 4793 3007 4843; x_wconf 77' lang='lat' dir='ltr'><strong><em>satis</em></strong></span> <span class='ocrx_word' id='word_1_829' title='bbox 3029 4794 3190 4844; x_wconf 86' lang='lat' dir='ltr'><strong><em>esset</em></strong></span> <span class='ocrx_word' id='word_1_830' title='bbox 3212 4806 3224 4843; x_wconf 90' lang='lat'><strong>:</strong></span> <span class='ocrx_word' id='word_1_831' title='bbox 3252 4789 3421 4861; x_wconf 89' lang='lat' dir='ltr'><strong><em>quod</em></strong></span> <span class='ocrx_word' id='word_1_832' title='bbox 3440 4806 3652 4846; x_wconf 88' lang='lat' dir='ltr'><strong><em>rursus</em></strong></span> 
     </span>
    </p>
   </div>
   <div class='ocr_carea' id='block_1_108' title="bbox 1990 4875 3653 4948">
    <p class='ocr_par' dir='ltr' id='par_1_108' title="bbox 1990 4875 3653 4948">
     <span class='ocr_line' id='line_1_108' title="bbox 1990 4875 3653 4948; baseline -0.001 -10"><span class='ocrx_word' id='word_1_833' title='bbox 1990 4899 2062 4938; x_wconf 81' lang='lat' dir='ltr'><strong><em>ex</em></strong></span> <span class='ocrx_word' id='word_1_834' title='bbox 2084 4880 2294 4936; x_wconf 87' lang='lat' dir='ltr'><strong><em>ultimo</em></strong></span> <span class='ocrx_word' id='word_1_835' title='bbox 2314 4877 2450 4934; x_wconf 90' lang='lat' dir='ltr'><strong><em>loco</em></strong></span> <span class='ocrx_word' id='word_1_836' title='bbox 2473 4875 2826 4933; x_wconf 87' lang='lat' dir='ltr'><strong><em>conﬁrmari</em></strong></span> <span class='ocrx_word' id='word_1_837' title='bbox 2845 4881 3062 4948; x_wconf 89' lang='lat' dir='ltr'><strong><em>potest.</em></strong></span> <span class='ocrx_word' id='word_1_838' title='bbox 3085 4881 3170 4934; x_wconf 85' lang='lat' dir='ltr'><strong><em>Ita</em></strong></span> <span class='ocrx_word' id='word_1_839' title='bbox 3195 4878 3357 4934; x_wconf 89' lang='lat' dir='ltr'><strong><em>enim</em></strong></span> <span class='ocrx_word' id='word_1_840' title='bbox 3379 4878 3653 4936; x_wconf 90' lang='lat' dir='ltr'><strong><em>locutum</em></strong></span> 
     </span>
    </p>
   </div>
   <div class='ocr_carea' id='block_1_109' title="bbox 1991 4965 3651 5039">
    <p class='ocr_par' dir='ltr' id='par_1_109' title="bbox 1991 4965 3651 5039">
     <span class='ocr_line' id='line_1_109' title="bbox 1991 4965 3651 5039; baseline -0.005 -10"><span class='ocrx_word' id='word_1_841' title='bbox 1991 4976 2302 5030; x_wconf 81' lang='lat' dir='ltr'><strong><em>auctorem</em></strong></span> <span class='ocrx_word' id='word_1_842' title='bbox 2322 4967 2607 5033; x_wconf 88' lang='lat' dir='ltr'><strong><em>vidimus,</em></strong></span> <span class='ocrx_word' id='word_1_843' title='bbox 2630 4971 2720 5018; x_wconf 82' lang='grc' dir='ltr'><strong><em>καὶ</em></strong></span> <span class='ocrx_word' id='word_1_844' title='bbox 2744 4965 3156 5039; x_wconf 72' lang='grc' dir='ltr'><strong><em>βασανιζόμενος</em></strong></span> <span class='ocrx_word' id='word_1_845' title='bbox 3178 4987 3259 5030; x_wconf 84' lang='grc' dir='ltr'><strong><em>τις</em></strong></span> <span class='ocrx_word' id='word_1_846' title='bbox 3280 4968 3528 5032; x_wconf 73' lang='grc' dir='ltr'><strong><em>πολλάκις</em></strong></span> <span class='ocrx_word' id='word_1_847' title='bbox 3550 4969 3651 5022; x_wconf 85' lang='grc' dir='ltr'><strong><em>ἐνέ-</em></strong></span> 
     </span>
    </p>
   </div>
   <div class='ocr_carea' id='block_1_110' title="bbox 1994 5054 3653 5132">
    <p class='ocr_par' dir='ltr' id='par_1_110' title="bbox 1994 5054 3653 5132">
     <span class='ocr_line' id='line_1_110' title="bbox 1994 5054 3653 5132; baseline -0.001 -20"><span class='ocrx_word' id='word_1_848' title='bbox 1994 5059 2130 5115; x_wconf 77' lang='grc' dir='ltr'><strong><em>δωκε</em></strong></span> <span class='ocrx_word' id='word_1_849' title='bbox 2158 5064 2229 5132; x_wconf 79' lang='grc' dir='ltr'><strong><em>μὴ</em></strong></span> <span class='ocrx_word' id='word_1_850' title='bbox 2272 5057 2507 5129; x_wconf 70' lang='grc' dir='ltr'><strong><em>ἐνεγκὼν,</em></strong></span> <span class='ocrx_word' id='word_1_851' title='bbox 2549 5054 2608 5108; x_wconf 72' lang='grc' dir='ltr'>οὐ</span> <span class='ocrx_word' id='word_1_852' title='bbox 2640 5060 2733 5113; x_wconf 77' lang='grc' dir='ltr'>τὴν</span> <span class='ocrx_word' id='word_1_853' title='bbox 2762 5057 3075 5129; x_wconf 78' lang='grc' dir='ltr'><strong><em>προθυμίαν,</em></strong></span> <span class='ocrx_word' id='word_1_854' title='bbox 3116 5054 3247 5108; x_wconf 75' lang='grc' dir='ltr'><strong><em>ἀλλὰ</em></strong></span> <span class='ocrx_word' id='word_1_855' title='bbox 3275 5061 3362 5110; x_wconf 85' lang='grc' dir='ltr'>τὸν</span> <span class='ocrx_word' id='word_1_856' title='bbox 3391 5063 3568 5130; x_wconf 74' lang='grc' dir='ltr'>πόνον,</span> <span class='ocrx_word' id='word_1_857' title='bbox 3597 5064 3653 5116; x_wconf 83' lang='lat' dir='ltr'><strong><em>et</em></strong></span> 
     </span>
    </p>
   </div>
   <div class='ocr_carea' id='block_1_111' title="bbox 1993 5147 3652 5220">
    <p class='ocr_par' dir='ltr' id='par_1_111' title="bbox 1993 5147 3652 5220">
     <span class='ocr_line' id='line_1_111' title="bbox 1993 5147 3652 5220; baseline -0.002 -14"><span class='ocrx_word' id='word_1_858' title='bbox 1993 5166 2129 5207; x_wconf 90' lang='lat' dir='ltr'><strong><em>cum</em></strong></span> <span class='ocrx_word' id='word_1_859' title='bbox 2176 5147 2310 5220; x_wconf 89' lang='lat' dir='ltr'><strong><em>quis</em></strong></span> <span class='ocrx_word' id='word_1_860' title='bbox 2359 5149 2762 5215; x_wconf 89' lang='lat' dir='ltr'><strong><em>torqueretur,</em></strong></span> <span class='ocrx_word' id='word_1_861' title='bbox 2817 5159 3226 5213; x_wconf 65' lang='lat' dir='ltr'><strong><em>saepenumero</em></strong></span> <span class='ocrx_word' id='word_1_862' title='bbox 3271 5148 3467 5213; x_wconf 87' lang='lat' dir='ltr'><strong><em>cessit,</em></strong></span> <span class='ocrx_word' id='word_1_863' title='bbox 3518 5163 3652 5203; x_wconf 90' lang='lat' dir='ltr'><strong><em>cum</em></strong></span> 
     </span>
    </p>
   </div>
   <div class='ocr_carea' id='block_1_112' title="bbox 1990 5236 3656 5310">
    <p class='ocr_par' dir='ltr' id='par_1_112' title="bbox 1990 5236 3656 5310">
     <span class='ocr_line' id='line_1_112' title="bbox 1990 5236 3656 5310; baseline -0.002 -15"><span class='ocrx_word' id='word_1_864' title='bbox 1990 5240 2159 5310; x_wconf 82' lang='lat' dir='ltr'><strong><em>ferre</em></strong></span> <span class='ocrx_word' id='word_1_865' title='bbox 2188 5251 2309 5292; x_wconf 90' lang='lat' dir='ltr'><strong><em>non</em></strong></span> <span class='ocrx_word' id='word_1_866' title='bbox 2332 5237 2554 5305; x_wconf 90' lang='lat' dir='ltr'><strong><em>posset,</em></strong></span> <span class='ocrx_word' id='word_1_867' title='bbox 2602 5247 2724 5289; x_wconf 92' lang='lat' dir='ltr'><strong><em>non</em></strong></span> <span class='ocrx_word' id='word_1_868' title='bbox 2762 5238 3130 5290; x_wconf 90' lang='lat' dir='ltr'><strong><em>commutans</em></strong></span> <span class='ocrx_word' id='word_1_869' title='bbox 3162 5236 3495 5295; x_wconf 85' lang='lat' dir='ltr'><strong><em>voluntatis</em></strong></span> <span class='ocrx_word' id='word_1_870' title='bbox 3517 5251 3656 5307; x_wconf 86' lang='lat' dir='ltr'><strong><em>pro-</em></strong></span> 
     </span>
    </p>
   </div>
   <div class='ocr_carea' id='block_1_113' title="bbox 2046 5358 2541 5427">
    <p class='ocr_par' dir='ltr' id='par_1_113' title="bbox 2046 5358 2541 5427">
     <span class='ocr_line' id='line_1_113' title="bbox 2046 5358 2541 5427; baseline -0.014 -6"><span class='ocrx_word' id='word_1_871' title='bbox 2046 5363 2093 5399; x_wconf 85' lang='grc'><strong><em>¹³</em></strong></span> <span class='ocrx_word' id='word_1_872' title='bbox 2125 5358 2324 5420; x_wconf 74' lang='lat' dir='ltr'><strong><em>Matth.</em></strong></span> <span class='ocrx_word' id='word_1_873' title='bbox 2351 5374 2413 5427; x_wconf 86' lang='lat' dir='ltr'><strong><em>x,</em></strong></span> <span class='ocrx_word' id='word_1_874' title='bbox 2445 5360 2541 5414; x_wconf 85' lang='lat'><strong><em>33.</em></strong></span> 
     </span>
    </p>
   </div>
  </div>
