4092 6382
434 238 502 292 43
1941 222 2106 280 ΡΒιΕξ

2214 226 2332 284 l‘lO.
3781 241 3855 298 μ

427 362 713 433 positum,
739 359 842 416 sed
869 358 1075 415 labore
1098 356 1323 413 victus:
1355 353 1465 411 ubi
1492 351 1663 425 illud,
1687 349 1744 404 οὐ
1766 352 1855 409 τὴν
1885 349 2085 423 προθυ-
2118 350 2167 405 Δ
2201 347 2264 405 in
2292 349 2422 407 aliis
2448 354 2578 410 suis
2609 357 2985 416 orationibus
3008 374 3282 434 unquam
3313 375 3494 419 usum
3524 363 3709 420 fuisse
3732 378 3852 421 non

435 456 581 527 μίαν,
615 449 743 501 ἀλλὰ
777 453 865 501 τὸν
908 453 1082 513 πόνον,
1125 463 1232 519 per
1260 444 1518 518 ellipsim
1562 442 1813 512 dictum,
1846 436 2088 495 violenti

2200 445 2370 511 puto.
2424 445 2548 500 Vox
2592 461 2735 502 vero
2779 457 2955 522 κτῆμα
2993 450 3216 507 idcirco
3254 450 3551 523 displicet,
3581 452 3747 526 quod
3770 452 3856 508 ad

434 541 659 616 aliquid
711 544 768 597 et
808 537 1078 595 inusitati
1126 552 1250 609 prae
1286 551 1348 591 se
1386 534 1518 590 fert.
1552 530 1799 588 Basilius
1845 544 1985 585 cum
2014 527 2090 616 de
2197 528 2362 586 hunc
2380 531 2584 590 locum
2604 551 2728 592 non
2753 540 2894 594 satis
2920 540 3383 599 accommodata
3401 557 3533 601 esse
3560 543 3859 615 videatur,

434 634 657 690 misero
694 629 797 687 illo
845 628 1028 685 milite
1081 625 1451 699 loqueretur,
1493 624 1576 679 ita
1618 618 1895 694 superius
1946 614 2091 672 scri-

435 728 664 798 pserat,
693 724 822 796 πρὸς
850 722 969 781 τοὺς
993 722 1179 779 πόνους
1215 715 1599 790 ἀπαγορεύσας,
1629 726 1755 767 non
1783 725 1891 783 per
1928 705 2095 778 ellip-

439 796 579 881 sim,
619 816 737 873 τοὺς
766 815 974 871 πόνους.
1003 809 1133 864 Mox
1163 806 1434 879 sequitur
1461 823 1474 861 :
1504 807 1566 855 Ei.
1600 798 1659 854 δὲ
1689 796 1897 859 οὐδενός
1930 796 2094 869 ἁμαρ-

437 908 692 965 τήσαντος
721 904 750 960 ἡ
784 902 987 972 ἄφεσις,
1021 901 1049 957 ἡ
1086 894 1311 970 διαφορὰ
1333 892 1392 967 ᾖν
1414 893 1464 945 ἐν
1486 901 1547 966 τῇ
1572 889 1831 962 ποικιλίᾳ·
1860 887 2021 960 quod
2045 886 2099 942 si

438 994 667 1051 nemini
681 992 788 1065 qui
789 996 1111 1062 peccasset,
1134 988 1389 1043 daretur
1404 986 1592 1046 venia,
1611 982 1932 1038 discrimen
1950 981 2095 1034 esset

439 1085 505 1147 in
531 1086 862 1146 varietate:
895 1078 1063 1154 quod
1092 1081 1149 1133 et
1176 1073 1682 1133 obscurissimum
1714 1073 1771 1126 et
1799 1066 2096 1140 ineptissi—

441 1195 615 1239 mum
644 1191 774 1233 esse
805 1187 985 1229 nemo
1012 1184 1137 1225 non
1165 1165 1346 1223 videt.
1382 1163 1514 1222 Scio
1542 1160 1792 1236 quidem
1826 1154 2102 1213 doctissi-

440 1284 613 1328 mum
625 1267 823 1324 virum
835 1257 1267 1319 Combeﬁsium
1280 1259 1345 1311 ut
1359 1253 1510 1311 alios
1526 1248 1828 1324 quosdam
1842 1247 1924 1303 ita
1935 1246 2100 1303 hunc

439 1358 720 1416 ultimum
738 1353 941 1410 locum
959 1347 1283 1406 emendare
1301 1342 1591 1400 voluisse:
1612 1339 1719 1395 sed
1736 1353 1877 1394 cum
1893 1335 1952 1391 id
1974 1348 2100 1390 non

436 1448 644 1507 fecerit
656 1462 729 1501 ex
743 1447 1012 1499 veterum
1034 1438 1328 1493 librorum
1348 1430 1720 1497 auctoritate,
1743 1426 1852 1483 sed
1868 1425 1944 1481 de
1963 1439 2098 1493 suo,

438 1534 822 1596 emendation
832 1548 935 1587 um
955 1528 1110 1585 illius
1125 1542 1251 1582 non
1272 1521 1561 1581 habenda
1584 1523 1673 1577 est
1688 1517 1865 1585 ratio,
1882 1513 2103 1583 magis-

434 1644 556 1702 que
569 1625 789 1681 vellem
808 1621 1004 1678 fassus
1025 1618 1256 1686 fuisset,
1273 1613 1333 1669 id
1354 1610 1520 1686 quod
1542 1625 1636 1666 res
1656 1612 1766 1675 est,
1787 1605 1949 1663 hanc
1969 1617 2103 1660 ora-

2202 619 2307 725 Qui
2352 621 2515 679 enim
2555 624 2704 680 illud
2743 628 2932 700 audit,
2967 626 3042 691 οἷς
3090 634 3386 704 περισσεύει
3434 636 3493 685 τὸ
3543 642 3720 707 κτῆμα
3763 642 3856 687 τοῦ

2202 716 2415 780 μίσους,
2449 716 2617 782 apud
2642 731 2787 786 quos
2813 718 3089 776 abundat
3115 723 3401 790 possessio
3431 722 3577 789 odii,
3608 723 3680 789 is,
3713 723 3764 779 si
3792 723 3857 779 in

2203 798 2690 901 legendisBa-silii
2708 806 2875 862 libris
2895 808 3211 879 diligenter
3227 817 3503 869 versatus
3520 813 3612 876 sit,
3632 812 3855 881 statim,

2204 891 2318 946 nisi
2358 892 2533 950 valde
2561 894 2755 965 fallor,
2793 913 3024 954 novum
3061 900 3359 972 quiddam
3387 906 3445 959 et
3473 902 3858 975 peregrinum
3891 884 3900 891 I

2207 980 2420 1038 audire
2459 983 2574 1040 sibi
2603 985 2921 1043 videbitur.
2955 991 3167 1046 Totum
3198 990 3347 1048 illud
3376 992 3573 1064 (ibid.)
3606 1009 3620 1048 :
3654 998 3740 1055 Τίς
3768 1013 3859 1066 μοι

2210 1067 2369 1124 δώσει
2399 1074 2610 1147 θέατρον
2628 1079 2723 1132 τὴν
2748 1075 3054 1150 οἰκουμένην
3073 1077 3303 1145 ἃπασαν,
3327 1085 3418 1134 καὶ
3442 1087 3613 1154 φωνὴν
3640 1082 3861 1155 σάλπιγ-

2207 1180 2311 1261 ἶος.
2341 1162 2701 1261 εὐτονωτέραν,
2754 1170 2840 1218 καὶ
2888 1169 3107 1241 θρήνους
3154 1174 3424 1243 Ἰερεμίου,
3482 1176 3573 1225 καὶ
3631 1169 3862 1245 δάκρυον

2210 1248 2428 1323 δαψιλὲς
2480 1253 2804 1328 καταρῥῆξαι
2850 1254 3077 1333 καρδίαν
3134 1256 3348 1324 ὁδῦναις
3400 1267 3859 1338 συντετριμμένην,

2207 1346 2577 1415 καταχέασθαι
2605 1350 2744 1398 κόνιν
2772 1351 2867 1404 τὴν
2886 1356 2973 1399 νῦν
2990 1348 3045 1400 ἐκ
3067 1358 3160 1412 τῆς
3177 1348 3391 1423 ἀτιμίας
3416 1354 3541 1425 ἡμῖν
3565 1372 3864 1425 κατακεχυ-

2208 1434 2385 1535 μένην,
2416 1436 2677 1493 πενθῆσαι
2707 1454 2760 1488 τε
2790 1441 2877 1495 τὴν
2902 1444 3069 1497 κοινὴν
3092 1444 3361 1514 συμφοράν
3390 1458 3403 1508 ;
3436 1444 3516 1495 ὅτι
3545 1441 3863 1496 ἐπιλέλοιπεν
3888 1434 3895 1445 ’

2210 1524 2240 1580 ἠ
2265 1524 2440 1595 ἀγάπη
2461 1526 2490 1581 ἡ
2512 1525 2641 1597 ῥίζα
2661 1533 2759 1578 τῶν
2782 1526 3016 1583 iui-olm.
3041 1530 3182 1597 Quis
3201 1532 3355 1588 mihi
3370 1532 3541 1590 dabit
3561 1532 3861 1590 theatrum

2212 1615 2556 1671 universum
2572 1616 2777 1689 orbem,
2794 1620 3112 1691 terrarum,
3135 1626 3188 1677 et
3216 1636 3413 1679 vocem
3444 1623 3589 1680 tuba
3612 1624 3868 1681 validio-

435 1691 666 1776 tionem
678 1712 890 1787 optimi
907 1706 1212 1781 scriptoris
1232 1702 1425 1760 Basilii
1439 1715 1564 1757 non
1585 1699 1920 1755 esse.Tunc
1938 1691 2100 1787 enim
2129 1715 2171 1771 Β
2212 1720 2360 1771 rem,
2381 1711 2436 1761 ει
2453 1706 2910 1765 lamentata-mes
2923 1710 3212 1782 Jeremiw,
3237 1718 3292 1768 et
3310 1713 3615 1784 Mammas
3635 1714 3841 1773 uberes

3847 1757 3866 1785 ρ

435 1808 512 1865 de
523 1824 596 1864 ea
608 1781 994 1862 emendanda
1005 1812 1131 1853 non
1144 1798 1445 1865 tantopere
1456 1789 1792 1847 laborasset
1804 1800 1916 1841 nec
1930 1783 1979 1839 ei
1996 1781 2100 1838 mi-

434 1913 574 1955 rum
590 1894 802 1950 fuisset
822 1888 1052 1946 malum
1069 1888 1378 1942 auctorem
1396 1879 1555 1937 male
1576 1875 1744 1933 mala
1764 1872 2096 1946 scripsisse.

436 2008 466 2074 §
500 2004 614 2061 νυ.
649 2003 734 2058 De
761 1997 1007 2055 homilia
1046 1993 1336 2050 adversus
1376 2004 1468 2046 eos
1499 1987 1603 2060 qui
1636 1982 2102 2042 calumniantur

794 2102 924 2154 nos,
952 2083 1111 2156 quod
1139 2087 1253 2138 tres
1285 2080 1423 2136 deos
1451 2077 1745 2134 colamus.

505 2203 596 2257 20.
629 2198 795 2253 Hanc
811 2191 1146 2251 orationem
1166 2201 1347 2244 nemo
1367 2185 1684 2247 hactenus,
1705 2177 1873 2253 quod
1888 2175 2099 2247 sciam,

436 2291 501 2348 in
538 2287 759 2362 spuriis
788 2282 1012 2357 posuit.
1043 2274 1457 2336 Tillemontius
1487 2272 1590 2345 (a),
1636 2269 1742 2325 ubi
1774 2267 1924 2324 alias
1967 2280 2101 2321 ora-

437 2355 633 2438 tiones
657 2355 946 2444 recenset,
980 2369 1056 2426 de
1086 2368 1281 2439 iisque
1306 2363 1608 2436 judicium
1635 2358 1886 2433 profert,
1916 2355 2100 2426 hujus

440 2470 543 2526 vix
565 2463 859 2529 meminit,
891 2460 999 2519 sed
1023 2459 1107 2515 sic
1127 2462 1353 2521 tamen,
1386 2457 1452 2509 ut
1475 2451 1591 2509 alio
1612 2450 1747 2507 loco
1767 2449 1971 2521 ipsam
1996 2447 2103 2500 Ba-

442 2559 574 2617 silio
590 2560 793 2630 aperte
814 2551 1057 2610 tribuat.
1081 2551 1203 2618 Ego
1219 2549 1418 2602 autem
1443 2542 1523 2598 ob
1549 2539 1888 2612 argumenti
1910 2537 2105 2607 gravi-

442 2628 954 2719 tatem—optabam
992 2636 1268 2714 phrasim
1298 2641 1480 2707 atque
1519 2630 1848 2688 sententias
1885 2628 2104 2685 Basilio

444 2743 660 2812 Magno
697 2735 917 2806 dignas
955 2731 1018 2788 in
1050 2730 1169 2786 hac
1198 2726 1470 2784 oratione
1498 2723 1766 2780 invenire
1800 2738 1813 2776 :
1846 2720 1951 2777 sed
1982 2735 2107 2793 quo

448 2810 646 2899 magis
670 2841 807 2883 eam
826 2822 967 2894 legi,
990 2836 1062 2878 eo
1085 2817 1280 2889 magis
1296 2814 1443 2871 mihi
1460 2814 1591 2887 ipse
1614 2810 1889 2885 persuasi
1908 2810 2108 2883 ipsam

450 2920 770 2989 indignam
809 2929 960 2976 esse,
991 2927 1130 2984 quae
1170 2912 1336 2964 tanto
1372 2905 1503 2961 viro
1527 2903 1905 2960 tribueretur.
1932 2899 2111 2973 Apud

452 2987 737 3066 Basilium
753 3002 960 3061 omnia
983 2998 1241 3072 propriis
1258 3000 1314 3051 et
1328 2991 1741 3051 accomodatis
1760 2990 1840 3047 ad
1855 2991 1915 3046 id
1940 2987 2111 3062 quod

2213 1795 2426 1868 quibus
2451 1813 2552 1852 cor
2573 1796 2882 1853 doloribus
2908 1802 3232 1857 contritum
3254 1802 3621 1873 dirumpam,
3659 1806 3869 1874 pulve-

2213 1901 2457 1960 remque
2499 1887 2669 1943 nobis
2723 1904 2887 1944 nunc
2926 1890 3344 1959 igm'ominiose
3381 1908 3694 1963 aspersum
3728 1910 3867 1965 per-

2205 1978 2487 2048 fundam,
2540 1981 2595 2034 et
2633 1978 2937 2047 deplorem
2979 1982 3391 2039 calamitatem
3434 1998 3805 2042 communem
3836 1985 3867 2041 τ

2210 2069 2432 2139 quippe
2498 2068 2717 2138 defecit
2783 2069 3211 2127 mandatorum
3274 2072 3463 2129 radix
3515 2075 3790 2132 charitas
3848 2091 3864 2131 :

2210 2163 2427 2225 totum,
2473 2158 2749 2232 inquam,
2796 2158 2943 2215 illud
2987 2158 3398 2231 fragmentum
3440 2162 3503 2219 in
3554 2165 3863 2222 hominem

2210 2248 2682 2322 grandiloquum
2721 2249 3047 2306 convenire
3085 2255 3301 2323 potest,
3334 2267 3457 2309 non
3485 2253 3548 2309 in
3580 2254 3865 2312 Basiliam

2210 2342 2513 2410 Magnum,
2545 2339 2651 2411 qui
2679 2340 2887 2396 omnia
2934 2339 3296 2412 eloquentiae
3334 2351 3695 2402 ornamenta
3723 2361 3863 2403 cum

2211 2428 2365 2489 mira
2389 2428 2662 2501 quadam
2683 2428 3061 2500 simplicitate
3083 2429 3469 2489 solertissime
3494 2434 3865 2505 conjungere

2213 2518 2380 2576 solet.
2421 2520 2489 2573 Et
2524 2523 2590 2574 ut
2627 2519 2824 2588 magis
2853 2518 3222 2591 intelligatur
3256 2535 3448 2592 quam
3486 2522 3752 2580 alienum
3792 2525 3870 2582 sit

2213 2625 2251 2666 a
2300 2608 2498 2664 Basilii
2524 2607 2803 2664 moribus
2853 2608 3154 2680 ejusmodi
3191 2608 3435 2666 dicendi
3463 2625 3658 2682 genus
3684 2614 3869 2685 turgi-

2214 2699 2364 2755 dum
2407 2702 2465 2754 et
2500 2696 2800 2769 inﬂatum,
2848 2698 3197 2771 exemplum
3249 2715 3442 2758 unum
3491 2717 3566 2759 ex
3620 2718 3747 2775 quo
3791 2703 3871 2762 de

2217 2792 2347 2851 aliis
2395 2789 2657 2862 judicari
2712 2788 2923 2863 possit,
2976 2787 3040 2844 in
3094 2789 3368 2847 medium
3422 2792 3693 2865 proferre
3746 2809 3875 2851 non

2216 2880 2462 2958 pigebit,
2502 2884 2620 2939 Etsi
2666 2883 2846 2953 igitur
2894 2878 3142 2936 Basilius
3181 2897 3343 2953 saepe
3399 2882 3878 2941 Christianorum

2218 2976 2371 3032 inter
2407 2990 2469 3030 se
2507 2972 2922 3029 dissensiones
2949 2987 3021 3027 ac
3044 2970 3250 3042 jurgia
3296 2977 3616 3040 memorat,
3666 2978 3879 3030 tamen

454 3099 652 3171 agitur
669 3094 921 3153 vocibus
939 3090 1385 3162 exprimuntur:
1410 3087 1486 3145 et,
1509 3081 1615 3139 ubi
1633 3096 1760 3138 non
1780 3059 2109 3152 exspectes,
2138 3072 2180 3128 C
2217 3064 2372 3120 ΠΙ)ΐο
2424 3064 2510 3120 De
2562 3063 2801 3131 Spiritu
2838 3066 3048 3117 θαηστο
3092 3059 3397 3132 c0930Silm
3426 3065 3485 3117 θῑ
3531 3063 3879 3120 accuratius

1742 3170 1745 3171 ν
1846 3170 1849 3171 ν
1948 3169 1957 3171 μ
2783 3148 3182 3171 ψιμ-,ιεμμ
3238 3149 3403 3171 m-__
3792 3157 3843 3171 ._

454 3169 687 3261 aliquid
734 3183 1097 3257 plerumque
1148 3174 1475 3232 reconditae
1534 3170 1890 3228 eruditionis
1946 3169 2108 3226 latet.

456 3258 773 3350 Nusquam
804 3269 1056 3328 Basilius
1089 3266 1183 3323 sui
1212 3263 1523 3321 dissimilis
1553 3265 1644 3318 est
1675 3278 1689 3317 :
1737 3259 1845 3315 sed
1882 3258 2111 3332 ubique

457 3384 524 3425 se
545 3348 791 3440 praestat
808 3377 972 3424 eum,
993 3357 1097 3431 qui
1111 3357 1244 3428 jure
1263 3357 1571 3411 oratorum
1587 3350 1854 3423 optimus
1868 3348 2111 3404 habitus

456 3437 566 3513 sit:
600 3458 1011 3522 Praetereaque
1051 3446 1209 3503 illius
1248 3443 1441 3500 oratio
1478 3442 1562 3497 ita
1590 3437 1883 3496 naturalis
1911 3443 2021 3507 est,
2050 3442 2115 3493 ut

456 3544 605 3603 nihil
649 3545 865 3617 praeter
906 3534 1421 3610 exspectationem
1462 3531 1721 3586 audias:
1762 3527 1869 3584 sed
1904 3526 2116 3584 omnia

454 3642 581 3694 tam
612 3638 751 3707 apte
778 3636 1026 3702 tamque
1050 3624 1474 3683 convenienter
1492 3620 1644 3676 inter
1665 3634 1730 3674 se
1754 3623 2115 3674 connectun-

455 3732 552 3783 tur
597 3728 662 3780 ut
706 3722 931 3778 fateare
971 3729 1221 3773 necesse
1267 3712 1343 3767 sit
1393 3709 1544 3766 nihil
1595 3713 1702 3765 aut
1737 3706 1955 3764 melius
2013 3710 2117 3763 aut

453 3810 906 3874 convenientius
935 3807 1056 3864 dici
1081 3803 1371 3879 potuisse.
1400 3800 1629 3856 Horum
1658 3802 1861 3855 autem
1886 3795 2035 3852 nihil
2054 3796 2115 3852 in

453 3907 570 3963 hac
592 3902 885 3961 concione
905 3894 1181 3967 inveniri,
1203 3907 1434 3961 omnes,
1463 3889 1700 3962 opinor,
1722 3886 1895 3943 facile
1911 3885 2117 3942 intelli-

457 4001 617 4067 gent,
633 3993 681 4049 si
702 4007 837 4048 eam
849 3986 1032 4062 paulo
1051 3982 1330 4042 attentius
1348 3981 1543 4052 legere
1559 3976 1873 4035 voluerint.
1891 3981 2118 4033 Interea

457 4102 571 4157 ego
599 4084 734 4140 loca
753 4079 1060 4153 quaedam,
1086 4072 1310 4147 quibus
1340 4069 1599 4125 maxime
1625 4069 1754 4124 haec
1774 4068 1967 4123 oratio
1988 4083 2113 4121 sus-

456 4155 633 4250 pecta
652 4169 822 4229 reddi
851 4166 1061 4242 possit,
1083 4170 1149 4221 ut
1176 4164 1510 4229 occurrent,
1535 4159 1596 4214 in
1619 4156 1890 4214 medium
1920 4155 2111 4212 addu-

456 4245 890 4323 cam.Primum
912 4257 1092 4328 igitur
1111 4253 1226 4309 sub
1245 4250 1606 4325 principium
1626 4246 1913 4304 orationis
1937 4246 2017 4303 ita
2037 4245 2115 4302 le-

459 4358 619 4429 gitur
640 4361 804 4427 (pag.
832 4350 985 4421 609):
1014 4350 1100 4398 Διὸ
1131 4344 1175 4397 εἰ
1195 4345 1220 4395 ὁ
1248 4341 1519 4414 ἀγαπητός
1549 4346 1803 4411 μισεῖται,
1830 4342 1883 4389 τί
1910 4340 2043 4410 μέγα
2067 4335 2111 4388 εἰ

2218 3169 2409 3227 quam
2441 3151 2572 3209 aliis
2602 3151 2753 3208 locis
2781 3148 3190 3206 miserabilem
3237 3149 3410 3206 illum
3451 3151 3728 3209 Ecclesias
3760 3157 3881 3211 sta-

2220 3250 2347 3300 tum
2379 3240 2683 3299 describit.
2730 3242 2884 3311 Ergo
2925 3238 3141 3307 sicubi,
3174 3239 3294 3295 illic
3329 3240 3595 3297 maxime
3640 3242 3880 3300 tumido

2220 3335 2322 3390 illo
2350 3331 2639 3405 loquendi
2663 3345 2882 3401 genere
2912 3330 2995 3386 uti
3023 3328 3308 3385 Basiliam
3336 3329 3593 3387 decebat
3618 3348 3632 3387 :
3656 3331 3764 3388 sed
3794 3337 3882 3391 ta-

2220 3440 2362 3480 men
2391 3438 2465 3478 ne
2492 3421 2577 3477 ibi
2605 3419 2855 3493 quidem
2876 3423 3073 3489 turget
3098 3417 3258 3475 illius
3288 3420 3501 3491 oratio,
3530 3425 3594 3476 at
3616 3420 3881 3495 simplex

2220 3519 2328 3580 est,
2369 3518 2429 3569 et
2461 3511 2540 3569 ab
2579 3510 2749 3567 omni
2783 3508 3063 3582 emphasi
3106 3507 3499 3567 alienissima.
3542 3510 3877 3584 Postquam

2219 3603 2383 3661 enim
2413 3607 2499 3659 tot
2526 3618 2599 3660 ac
2626 3605 2791 3659 tanta
2811 3600 2976 3657 mala
2996 3600 3414 3662 recensuisset.
3435 3599 3554 3657 hoc
3577 3601 3764 3658 modo
3788 3600 3881 3659 lo-

2219 3695 2427 3768 quitur
2465 3692 2549 3764 (b)
2581 3709 2595 3748 :
2629 3693 2724 3744 Διὰ
2761 3698 2931 3744 ταῦτα
2968 3689 3397 3765 λυσιτελεστέραν
3444 3700 3538 3744 τοῦ
3579 3691 3739 3765 λόγου
3783 3699 3880 3754 τὴν

2224 3788 2427 3841 σιωπὴν
2456 3782 2720 3854 ἐτιθέμην,
2753 3782 2821 3844 ὡς
2860 3780 2919 3833 ού
2952 3776 3243 3853 δυναμένης
3273 3789 3444 3853 φωνῆς
3478 3780 3751 3854 ἀνθρώπου
3782 3780 3883 3838 διὰ

2224 3876 2485 3927 τοσούτων
2517 3871 2748 3945 θορύϐων
2776 3870 3204 3929 εὶσακουσθῆναι.
3235 3875 3299 3923 El
3329 3873 3429 3945 γὰρ
3456 3869 3626 3931 ἀληθῆ
3659 3876 3726 3926 τὰ
3757 3872 3882 3927 Ἐκ-

2223 3963 2549 4022 κλησιαοτού
2572 3961 2800 4034 ῥήματα,
2827 3961 2906 4012 ὅτι
2930 3958 3077 4031 λόγοι
3093 3966 3265 4031 σοφῶν
3286 3958 3337 4013 ἕν
3353 3961 3645 4015 ἀναπαύσει
3668 3960 3885 4017 ἀκούον-

2223 4076 2329 4127 ται,
2363 4053 2556 4108 πολλοῦ
2586 4052 2646 4105 ἂν
2680 4049 2791 4105 δέοι
2827 4056 3038 4125 πρέπειν
3081 4060 3145 4125 τῇ
3186 4060 3275 4103 νῦν
3305 4056 3630 4107 καταστάσει
3666 4058 3727 4108 τὸ
3755 4060 3880 4128 περὶ

2221 4149 2419 4200 τούτων
2466 4143 2649 4217 λέγειν.
2693 4142 2824 4200 Has
2870 4142 2943 4199 ob
2982 4156 3076 4199 res
3117 4142 3297 4199 silere
3332 4144 3545 4200 utilius
3572 4145 3881 4218 judicavi,

2220 4251 2399 4309 quam
2451 4234 2633 4307 loqui,
2684 4238 2976 4305 tanquam
3030 4231 3287 4288 hominis
3352 4247 3472 4290 vox
3516 4249 3632 4304 per
3676 4242 3883 4294 tantos

2224 4326 2520 4383 tumultus
2584 4322 2869 4381 exaudiri
2937 4336 3059 4378 non
3126 4322 3335 4391 possit.
3398 4323 3557 4380 Nam
3621 4325 3677 4382 si
3736 4341 3883 4386 vera

459 4412 496 4429 υ
534 4412 539 4413 γ
644 4412 683 4427 η
748 4412 780 4423 ν
939 4412 949 4421 ,
1291 4412 1297 4414 ν

459 4450 609 4520 ἡμεῖς
627 4451 718 4497 τοῦ
740 4447 929 4515 μίσους
963 4435 1247 4507 ἀξιούμεθα
1266 4426 1796 4505 παρ’ἀνθρὼποις,οἷς
1813 4430 2106 4500 περισσεύει

2221 4422 2384 4481 sunt,
2426 4430 2556 4488 quae
2593 4414 2751 4470 dixit
2785 4412 3165 4470 Ecclesiastes
3206 4414 3275 4485 ιι,
3312 4413 3497 4471 verba
3538 4416 3882 4485 sapientum

456 4517 516 4591 τὸ
534 4545 710 4608 κτῆμα
725 4538 815 4585 τοῦ
837 4534 1055 4603 μίσους;
1090 4526 1469 4594 Quapropter
1496 4521 1549 4575 si
1574 4520 1827 4575 dilectus
1840 4518 1976 4574 odio
2005 4517 2111 4574 ha-

460 4607 651 4693 betur,
684 4622 830 4696 quid
858 4625 943 4677 est
972 4616 1183 4687 magni
1218 4615 1272 4670 si
1296 4628 1404 4668 nos
1434 4610 1600 4680 apud
1630 4608 1916 4675 homines,
1947 4607 2116 4678 apud

455 4732 603 4789 quos
628 4715 754 4771 odii
766 4710 1054 4782 possessio
1077 4704 1375 4772 abundat,
1398 4702 1534 4757 odio
1556 4699 1732 4769 digni
1749 4698 2115 4755 habeamur?

457 4811 597 4864 Duae
625 4806 721 4861 has
750 4817 948 4867 voces,
980 4796 1252 4869 ἀγαπητός
1276 4798 1330 4849 et
1358 4799 1552 4863 κτῆμα,
1586 4787 1735 4844 mihi
1758 4802 1881 4843 non
1911 4786 2116 4843 viden-

457 4902 553 4954 tur
603 4893 748 4951 satis
808 4904 1020 4963 sapere
1081 4899 1313 4941 morem
1383 4897 1454 4937 ac
1511 4877 1822 4949 ingenium
1890 4876 2110 4933 Basilii.

454 4986 731 5042 Fortasse
785 4978 1061 5043 Basilius,
1102 4990 1248 5031 cum
1286 4970 1555 5027 Psalmos
1598 4968 2109 5038 interpretaretur,

452 5091 601 5133 voce
642 5070 897 5143 simplici
943 5068 1212 5139 ἀγαπητός
1255 5063 1337 5118 uti
1376 5059 1571 5134 potuit
1612 5057 1691 5113 ad
1736 5056 2112 5127 unigenitum

452 5167 557 5225 Dei
600 5162 811 5220 Filium
867 5154 1335 5229 significandum
1371 5167 1383 5203 :
1428 5149 1532 5205 sed
1580 5147 1780 5220 ipsum
1820 5145 1935 5201 hac
1976 5146 2112 5218 ipsa

448 5271 599 5315 voce
650 5252 780 5308 sola
833 5259 891 5304 et
943 5244 1199 5319 simplici
1252 5242 1335 5299 ad
1371 5238 1656 5297 eumdem
1711 5235 2110 5293 indicandum

523 5397 570 5436 ¹⁴
599 5392 894 5463 Eccle.1x,
931 5394 1019 5446 17.

522 5522 603 5596 (a)
631 5523 798 5579 Tom.
832 5516 935 5585 1X,
961 5529 1024 5588 p.
1051 5514 1148 5571 30t
1184 5514 1240 5567 et
1262 5511 1390 5567 263.

2221 4510 2287 4566 in
2343 4509 2539 4579 quiete
2593 4504 2822 4572 audiri,
2874 4504 3210 4574 plurimum
3268 4503 3453 4573 abest,
3521 4510 3588 4561 ut
3642 4506 3707 4563 in
3767 4508 3884 4566 hoc

2222 4613 2427 4655 rerum
2458 4600 2624 4653 statu
2677 4593 2752 4651 de
2791 4594 2885 4649 his
2921 4594 3083 4664 loqui
3108 4594 3445 4650 conveniat.
3488 4597 3553 4651 In
3587 4610 3657 4653 eo
3690 4611 3882 4669 quem

2222 4704 2367 4746 mox
2408 4684 2752 4744 exscribam
2792 4683 2929 4741 loco
2958 4683 3195 4740 variant
3227 4683 3382 4740 inter
3421 4699 3486 4740 se
3524 4683 3682 4755 libri,
3730 4702 3883 4747 nam

2222 4780 2454 4851 aliquot
2496 4775 2739 4834 codices
2785 4777 2845 4831 et
2890 4771 3033 4829 editi
3070 4774 3152 4830 ita
3193 4772 3423 4830 habent
3472 4778 3631 4847 (pag.
3686 4779 3814 4848 609)
3863 4795 3880 4835 :

2220 4871 2419 4921 Τούτου
2462 4868 2562 4941 γὰρ
2605 4866 2750 4916 ἕνεκα
2787 4861 2969 4914 ἐκεῖνοι
3018 4864 3109 4923 τὰς
3150 4864 3467 4936 πανηγύρεις
3506 4866 3701 4927 ταύτας
3751 4864 3886 4939 ἔμη-

2220 4964 2357 5033 χανὴ
2370 4974 2545 5019 σαντο,
2581 4953 2663 5005 ἵνα
2690 4956 2785 5010 τὴν
2815 4950 2871 5004 ἐκ
2892 4959 2990 5004 τῶν
3012 4956 3216 5025 χρόνων
3238 4950 3566 5025 ἐγγενομένην
3591 4951 3884 5028 ἀλλοτρίω-

2222 5070 2304 5103 σιν
2358 5045 2451 5100 διὰ
2501 5053 2597 5106 τῆς
2652 5050 2752 5095 τῶν
2809 5050 2999 5118 καιρῶν
3050 5040 3318 5115 ἐπιμιξίας
3377 5040 3731 5110 ἂνανεὼσωσι,
3792 5050 3886 5099 καὶ

2220 5143 2340 5199 τοὺς
2401 5139 2497 5193 τὴν
2560 5134 2838 5206 ὑπερορίαν
2905 5130 3176 5195 οἰκοῦντας
3234 5131 3322 5185 ἕνα
3399 5140 3583 5186 τοῦτον
3651 5132 3885 5188 καταλα-

2221 5229 2406 5290 ϐόντας
2472 5228 2663 5293 τόπον,
2744 5219 2948 5284 ἑαυτοῖς
3012 5220 3190 5294 ἀρχὴν
3262 5220 3436 5295 φιλίας
3510 5225 3598 5277 καὶ
3666 5221 3885 5296 ἀγάπης

2283 5495 2368 5570 (b)
2395 5493 2522 5553 Lib.
2552 5492 2641 5551 De
2667 5489 2905 5563 Spiritu
2924 5489 3015 5564 S.,
3047 5502 3183 5565 cap.
3208 5493 3297 5549 30.
