4092 6388
310 253 379 309 45
1821 254 2212 312 -Ρικλεελτια
3672 284 3741 338 4ο

307 379 396 434 τὴν
428 379 716 448 συυντχίαν
744 377 1063 450 παρέχοιενε
1116 373 1202 431 sic
1239 390 1379 432 vero
1421 378 1592 432 vetus
1631 375 1781 432 liber
1827 378 1944 434 Har

2074 386 2389 452 προφανοῦς,
2461 383 2542 436 ὅτι
2611 386 2760 458 ἡμεῖς
2840 388 2994 462 ἔσμεν
3062 393 3110 444 οἱ
3184 399 3306 459 τοὺς
3393 399 3604 475 κτίσμα
3681 407 3738 457 τό

307 465 557 535 laeanus,
609 465 714 520 ἵνα.
739 509 750 520 .
775 509 786 521 .
810 511 822 522 .
846 509 858 521 .
924 467 1290 520 ἀνανεοῦσθαι.
1316 507 1328 520 .
1351 508 1363 520 .
1388 507 1400 520 .
1423 507 1436 520 .
1491 467 1764 539 παρέχειν.
1818 468 1966 522 Neu-

307 559 461 611 tram
489 559 690 611 autem
726 554 1014 628 loquendi
1044 555 1338 611 rationem
1369 554 1626 611 arbitror
1656 554 1800 611 satis
1834 554 1966 612 ido-

305 659 486 700 neam
545 660 698 700 esse.
756 643 985 700 Etenim
1043 645 1092 699 si
1142 643 1332 714 legas,
1395 646 1523 700 ἶνα..
1552 687 1564 700 .
1752 642 1969 696 ἀνανεώ-

308 741 632 790 σωσῖ........
665 736 964 808 παρέχοιεν,
1006 733 1090 790 ita
1119 733 1296 789 scribi
1341 732 1727 806 oportuisset,
1777 736 1868 786 καὲ
1917 736 1967 786 οἱ

306 829 399 882 τὴν
471 825 750 898 ὑπερορίαν
817 823 1096 889 οἰκοῦντες,
1171 825 1257 874 ἕνα
1338 830 1520 876 τοῦτον
1587 821 1965 886 καταλαϐόντες

304 920 483 980 τόπον,
536 919 626 971 etc
656 957 670 982 ,
728 930 840 970 nec
893 913 1061 970 aliter
1117 913 1454 986 scripsisset
1505 913 1755 970 Basilius
1798 932 1811 970 :
1873 914 1965 970 sin

299 1004 487 1076 legas,
548 1006 769 1060 ῖνα......
819 1002 1627 1078 ἀνανεοῦσθαι.......παρέχειν,
1679 1019 1804 1060 non
1857 1004 1969 1060 erit

301 1094 549 1166 quidem
579 1109 770 1150 causa
793 1092 937 1163 ulla,
971 1109 1077 1149 cur
1114 1108 1296 1150 voces
1349 1089 1617 1155 οἰκοῦντας
1647 1097 1704 1149 et
1741 1092 1965 1146 καταλα-

301 1182 485 1246 ϐόντας
513 1183 934 1256 reprobentur,
967 1183 1073 1238 sed
1104 1182 1292 1239 alium
1322 1183 1604 1256 quemvis
1634 1183 1834 1254 potius
1863 1200 1964 1240 au-

299 1279 524 1331 ctorem
554 1273 903 1346 loquentem
931 1272 1186 1329 induces
1224 1288 1410 1345 quam
1443 1272 1746 1343 Basilium,
1800 1273 1965 1347 apud

297 1380 504 1440 quem,
531 1363 766 1436 opinor,
797 1361 1016 1418 vocula
1047 1363 1128 1414 ῖνα
1154 1378 1294 1418 cum
1317 1360 1612 1417 inﬁnitivo
1640 1362 1965 1433 conjuncta

296 1469 421 1511 non
461 1452 780 1510 invenitur.
834 1451 968 1522 Sed,
1018 1451 1186 1524 quod
1215 1450 1438 1507 multos
1479 1451 1676 1522 magis
1719 1467 1963 1508 movere

297 1544 530 1618 poterit,
596 1542 764 1610 illud,
832 1541 1173 1594 ἀνανεοῦσθαι
1249 1545 1306 1597 et
1374 1544 1651 1615 παρέχειν,
1724 1540 1964 1597 videtur

297 1632 640 1690 emendatio
671 1645 801 1686 esse
834 1628 1060 1686 librarii
1091 1628 1370 1699 alicujus,
1401 1628 1507 1702 qui
1543 1645 1686 1684 cum
1713 1628 1962 1698 ,videret

2078 475 2286 541 Πνεῦμα
2347 475 2407 524 τὸ
2478 473 2624 546 ἅγιον
2676 475 2915 548 λέγοντας
2969 477 3448 555 ἀναθεματίζοντες.
3518 473 3736 552 ἽΤαύτην

2075 561 2170 616 τὴν
2191 565 2508 635 κατηγορίαν
2543 560 2796 638 δέχομαιο
2828 565 2914 619 ἐπὶ
2944 571 3113 642 τούτῳ
3142 581 3245 646 πῦρ
3275 581 3360 627 καὶ
3397 578 3539 651 ξίφος
3559 581 3736 642 ἐκονη-

2076 648 2225 718 μένον
2255 649 2570 724 ὑφίσταμαιο
2615 651 2707 704 κᾶν
2743 655 2768 706 ὀ
2801 661 3000 730 τρόχος
3039 660 3405 737 καταρῥάσσῃ,
3438 648 3531 720 κᾶν
3563 669 3736 743 βασα-

2076 741 2320 811 νιστήρια
2350 738 2431 791 ἐπ’
2462 740 2550 814 ἐμὲ
2581 751 2807 811 κινῆται,
2856 747 2904 797 ἐν
2934 755 2997 819 τῇ
3039 748 3170 821 αὐτῇ
3213 749 3536 830 πληροφορίᾳ
3563 738 3734 832 -δέχο-

2076 846 2172 898 μαι
2199 829 2266 879 τά
2297 826 2709 904 βασανιστήρια,
2743 833 2793 885 ἐν
2899 836 2988 888 καὶ
3027 839 3076 889 οἱ
3114 841 3371 914 μάρτυρες
3417 846 3465 896 οἱ
3511 826 3734 905 ἐνταξθα

2077 914 2296 984 κείμενοι
2327 922 2428 966 τῶν
2453 919 2713 989 στεφάνων
2735 917 3054 981 ἠξιώθησαν.
3080 923 3202 979 Nec
3231 934 3438 995 aperte
3458 931 3607 988 dicis
3630 951 3735 992 nos

2076 1001 2233 1069 ipsos
2274 1017 2415 1073 esse,
2469 1006 2575 1076 qui
2618 1021 2715 1062 eos
2754 1010 2861 1080 qui
2913 1010 3211 1080 Spiritum
3250 1024 3526 1077 sanctum
3566 1039 3733 1082 crea-

2076 1095 2278 1148 turam
2300 1093 2534 1162 dicunt,
2559 1098 2942 1156 anathemate
2959 1102 3235 1171 ferimus.
3280 1107 3460 1165 Hanc
3486 1127 3736 1173 accusa-

2077 1181 2295 1237 tionem
2317 1184 2570 1241 admitto
2595 1202 2618 1242 .·
2665 1202 2791 1243 eam
2824 1189 2896 1244 ob
2928 1205 3169 1248 causam
3218 1195 3418 1266 ignem
3445 1203 3653 1260 subibo
3679 1212 3735 1264 et

2073 1271 2349 1340 gladium
2381 1280 2703 1332 exacutum
2727 1293 2750 1333 .'
2786 1279 2908 1335 sive
2954 1286 3092 1338 rota
3123 1284 3397 1354 collidat,
3438 1292 3562 1348 sive
3617 1300 3736 1352 tor-

2074 1365 2275 1449 menta
2323 1361 2387 1417 in
2431 1377 2525 1419 me
2575 1373 2954 1437 moveantur,
2995 1371 3198 1428 eadem
3243 1376 3438 1433 animi
3483 1395 3733 1449 persua-

2073 1447 2237 1538 sione
2286 1451 2592 1520 perferam
2659 1459 2981 1525 tormenta,
3055 1475 3178 1531 qua
3261 1447 3565 1538 martyres
3636 1472 3734 1531 hic

2063 1536 2337 1635 j‘acentes
2381 1555 2634 1635 coronas
2679 1547 2987 1603 consecuti
3025 1557 3186 1606 sunt.
3239 1536 3545 1616 Prtevideo
3596 1565 3732 1635 qui~

2072 1625 2211 1682 dem
2237 1643 2367 1718 non
2392 1628 2725 1718 defuturos,
2759 1634 2984 1706 quibus
3014 1637 3144 1695 haec
3172 1643 3360 1700 verba
3405 1625 3730 1718 primo-as-

298 1738 473 1780 voces
520 1721 788 1782 οἰκοῦντας
839 1723 895 1776 et
944 1717 1332 1780 καταλαϐόντας
1386 1717 1730 1774 necessario
1767 1716 1945 1774 inﬁni‘

2070 1717 2817 1815 pectutvalde-admodum
2843 1723 3140 1796 placitura
3173 1729 3310 1800 sint,
3341 1707 3568 1810 quique
3596 1707 3731 1815 ipsa

296 1814 486 1870 tivum
562 1824 910 1884 exposcere,
995 1824 1107 1882 pro
1178 1806 1509 1860 ἆνανεώσωσι
1565 1811 1622 1863 et
1676 1810 1958 1882 παρέχοιεν

295 1901 532 1975 scripsit
570 1900 910 1953 ἀνανεοῦσθαι
953 1904 1010 1954 et
1048 1901 1325 1972 παρέχειν.
1375 1899 1520 1968 Cum
1550 1897 1710 1953 enim
1741 1897 1956 1953 unicus

294 1992 593 2048 duntaxat
647 1990 799 2046 liber
848 1992 1020 2045 vetus
1069 1986 1297 2044 habeat
1349 1985 1693 2072 ἀνανεοῦσθαι
1731 1990 1790 2044 et
1825 2006 1956 2062 παρ-

293 2085 454 2154 έχειν,
507 2080 608 2137 alii
664 2082 868 2136 autem
921 2093 1133 2134 omnes
1191 2076 1458 2134 habeant
1513 2075 1846 2129 ἆνανεὼσωσι
1897 2080 1956 2133 et

289 2177 592 2246 παρέχοιεν,
623 2185 748 2226 non
774 2167 1078 2224 immerito
1110 2171 1319 2223 auctor
1359 2166 1487 2239 ipse
1527 2166 1610 2222 ita
1641 2165 1953 2238 scripsisse

289 2260 599 2335 putandus
629 2263 736 2315 est.
773 2257 927 2314 Satis
947 2256 1021 2312 de
1051 2255 1250 2312 verbis
1277 2255 1463 2326 hujus
1495 2255 1725 2328 periodi
1747 2271 1760 2310 :
1785 2270 1950 2312 nunc

288 2350 364 2406 de
386 2350 520 2424 ipsa
548 2346 839 2404 sententia
866 2345 1210 2418 loquamur.
1259 2343 1430 2408 Quod
1472 2344 1652 2414 igitur
1692 2343 1950 2416 scriptor

288 2440 391 2510 ait,
413 2439 765 2496 adinventos
781 2437 972 2506 fuisse
992 2439 1332 2502 conventus,
1356 2438 1422 2488 ut
1444 2437 1780 2489 animorum
1804 2435 1947 2491 alie-

287 2530 839 2597 naticrenovetur,
897 2523 956 2580 id
1007 2539 1132 2579 non
1181 2522 1512 2595 prudenter
1562 2523 1789 2579 dictum
1830 2527 1943 2582 est.

287 2618 411 2676 Dici
438 2618 785 2691 oportuerat
811 2614 939 2671 ﬁeri
969 2618 1324 2680 conventus,
1365 2627 1488 2668 non
1527 2617 1593 2668 ut
1641 2612 1944 2684 ejusmodi

282 2710 563 2769 alienatio
591 2708 976 2771 instauretur,
1008 2704 1114 2760 sed
1143 2707 1208 2758 ut
1233 2702 1470 2775 penitus
1488 2718 1519 2757 e
1541 2703 1744 2759 medio
1769 2702 1942 2760 tolla-

280 2806 396 2858 tur.
421 2804 570 2857 Nam
583 2795 937 2854 renovanda
957 2797 1083 2850 erat
1097 2809 1216 2865 pax
1230 2796 1410 2866 atque
1424 2792 1751 2848 concordia
1770 2811 1782 2848 :
1805 2792 1940 2849 alie-

280 2889 446 2948 natio
460 2905 621 2960 vero,
635 2903 771 2960 quae
782 2899 997 2959 pacem
1013 2887 1194 2956 atque
1211 2881 1596 2938 concordiam
1613 2884 1939 2954 interrupe-

2067 1802 2375 1903 inveniant
2411 1805 2792 1880 dignissima,
2834 1828 2973 1884 qua:
3022 1816 3270 1874 Basilius
3308 1802 3554 1894 Magnus
3587 1802 3728 1903 pro-

2065 1893 2374 1965 nuntiarit,
2408 1911 2549 1952 cum
2588 1913 2624 1954 a
2650 1899 2802 1971 viro,
2834 1902 2940 1974 qui
2970 1903 3176 1962 animo
3220 1910 3456 1969 excelso
3488 1893 3642 1976 esset
3671 1925 3728 1979 et

2065 1981 2240 2053 elato,
2273 1983 2506 2056 prolata
2529 1986 2718 2044 fuisse
2749 1991 2959 2061 negari
2987 2008 3111 2050 non
3137 1998 3358 2068 possit:
3391 2004 3498 2060 sed
3520 2011 3724 2068 tamen

2063 2070 2160 2169 illi
2192 2071 2329 2145 ipsi,
2380 2074 2430 2130 si
2466 2091 2595 2132 rem
2652 2079 2933 2136 attentius
2985 2084 3445 2157 considerarint,
3498 2099 3720 2169 statim,

2061 2161 2297 2233 opinor,
2330 2163 2827 2233 animadverterit,
2871 2170 3002 2227 haec
3048 2188 3179 2230 esse
3218 2179 3408 2237 verba
3452 2161 3720 2247 hominis

2059 2253 2392 2352 constantia
2415 2260 2605 2352 atque
2632 2257 2984 2352 fortitudine
3023 2278 3134 2320 sua
3165 2268 3556 2348 praeﬁdentis,
3588 2281 3720 2352 qui-

2056 2356 2176 2413 que
2200 2342 2521 2413 jactantior
2550 2345 2734 2403 videri
2783 2351 2988 2420 possit.
3038 2354 3104 2409 Et
3148 2359 3214 2411 ut
3249 2359 3465 2418 melius
3500 2342 3716 2427 intelli-

2055 2435 2205 2529 gant
2386 2432 2691 2529 longius‘a
2717 2437 2915 2529 Basilii
2943 2441 3243 2501 modestia
3259 2448 3492 2522 abesse,
3525 2473 3712 2529 quam

2053 2523 2120 2576 ut
2154 2519 2235 2618 ei.
2257 2520 2436 2618 tribui
2479 2524 2735 2596 possint,
2789 2527 2970 2618 velim
3003 2530 3322 2602 diligenter
3357 2519 3714 2618 comparent

2051 2625 2189 2682 quae
2219 2610 2316 2668 hic
2344 2612 2646 2687 dicuntur,
2675 2632 2815 2672 cum
2844 2617 2915 2674 iis
2936 2635 3079 2692 quae
3104 2623 3238 2680 aliis
3264 2627 3410 2686 locis
3441 2610 3618 2694 simili
3647 2639 3709 2697 in

2049 2713 2114 2755 re
2153 2700 2392 2774 scripsit
2428 2703 2702 2761 Basilius.
2731 2709 2926 2764 Potest
2967 2714 3168 2768 autem
3213 2714 3330 2788 legi
3378 2737 3450 2778 ea
3493 2729 3685 2786 oratio

2050 2788 2145 2844 cui
2175 2789 2402 2862 titulus,
2453 2792 2682 2851 Contra
2715 2795 3095 2856 Sabellianos
3133 2808 3190 2859 et
3218 2774 3448 2866 Ariani
3461 2774 3708 2876 et

2047 2893 2227 2978 maias
2253 2881 2427 2953 (a)-gn
2444 2897 2569 2955 qua
2583 2883 2675 2939 vir
2689 2885 3081 2955 gravissimus
3103 2893 3417 2956 modestia
3434 2919 3557 2960 suae
3577 2924 3708 2980 spe-

278 2984 647 3053 rat,prorsus
662 2974 1333 3070 abolenda.Quarecum
1349 2970 1940 3070 scriptoritalocutus
1975 3012 2018 3070 Ο
2048 2965 2271 3070 cimina
2320 2971 2606 3070 quaedam
2660 2973 2912 3046 reliquit.
2971 2982 3036 3034 In
3075 2980 3191 3038 hac
3227 2983 3408 3056 igitur
3437 2965 3706 3053 oratidnie

280 3074 388 3139 est,
410 3068 642 3124 videtur
667 3064 830 3122 aliud
854 3061 1174 3134 cogitasse,
1207 3060 1370 3117 aliud
1394 3060 1776 3134 expressisse.
1809 3063 1937 3117 Non

278 3157 442 3214 enim
463 3155 675 3212 dubito
690 3153 837 3226 quin
852 3149 1104 3207 voluerit
1122 3148 1337 3214 dicere,
1363 3148 1784 3206 renovandam
1802 3164 1937 3205 esse

277 3241 801 3311 concordiam,sed
812 3239 1249 3296 dixitrenovari
1260 3237 1478 3295 debere
1491 3237 1932 3295 alienationem.

277 3336 599 3409 Aliquanto
626 3336 762 3406 post
782 3346 920 3387 cum
940 3333 1151 3386 auctor
1175 3327 1517 3398 signiﬁcare
1546 3327 1737 3391 vellet,
1761 3343 1936 3384 accu-

278 3425 397 3482 sari
424 3440 485 3479 se
518 3439 554 3479 a
579 3419 972 3495 quibusdam,
999 3415 1166 3490 quod
1182 3415 1402 3473 multos
1421 3415 1568 3472 deos
1592 3415 1935 3472 introduce-

275 3518 384 3582 ret,
414 3513 499 3570 ita
522 3509 972 3584 loquitur(pag.
1002 3507 1129 3576 610)
1155 3522 1167 3561 :
1195 3509 1584 3579 Μαρτυρήσατε
1611 3513 1676 3577 τῇ
1717 3503 1935 3576 ἀληθείᾳ

279 3609 367 3658 καὶ
435 3605 582 3675 ἡμῖν,
665 3601 793 3673 πρὸς
869 3599 990 3659 τοὺς
1059 3593 1492 3668 ἐπιθρυλλοῡντας
1559 3596 1626 3646 τὰ
1692 3601 1932 3659 τοιαῦτα,

273 3695 358 3748 ὃτι
422 3694 525 3768 ἄρα
594 3691 743 3764 ἡμεῖς
801 3691 896 3745 τὴν
958 3683 1186 3738 παλαιὰν
1253 3680 1450 3758 δωρεὰν
1523 3681 1931 3755 ἀνενεωσάμεθα.

274 3783 528 3841 Reddite
573 3777 976 3836 testimonium
1019 3774 1269 3831 veritati
1315 3778 1369 3829 et
1402 3771 1592 3840 nobis,
1645 3771 1934 3829 adversus

276 3889 371 3931 eos
413 3871 520 3944 qui
558 3869 711 3926 talia
765 3866 1108 3936 divulgant,
1158 3862 1433 3920 videlicet
1481 3861 1642 3933 quod
1681 3876 1795 3917 nos
1835 3862 1936 3917 do-

273 3979 423 4020 num
461 3966 630 4018 vetus
669 3955 1166 4014 instauravimus.
1217 3951 1328 4008 Ubi
1367 3966 1550 4007 nemo
1600 3966 1726 4008 non
1773 3950 1935 4008 videt

273 4067 488 4110 vocem
519 4047 715 4122 δωρεοὲν
744 4042 1072 4117 improprie
1094 4045 1152 4098 et
1169 4041 1367 4113 inepte
1395 4040 1473 4097 ad
1499 4039 1563 4096 id
1593 4039 1933 4112 signiﬁcan-

274 4144 425 4202 dum
453 4140 714 4216 positam
741 4137 963 4193 fuisse:
1007 4133 1164 4190 alius
1202 4130 1419 4205 quivis,
1463 4145 1675 4186 eorum
1720 4131 1933 4187 saltem

272 4235 380 4310 qui
411 4238 549 4306 apte
576 4229 744 4304 loqui
784 4226 1044 4296 student,
1075 4239 1221 4280 voce
1247 4221 1417 4280 πλάνη
1463 4226 1569 4278 aut
1615 4220 1792 4277 simili
1839 4219 1930 4276 usi

2049 3056 2302 3113 Basilius
2344 3060 2567 3131 pariter
2625 3065 3011 3135 conqueritur
3057 3068 3274 3130 instrui
3322 3077 3433 3134 sibi
3482 3083 3705 3142 calum-

2046 3145 2235 3218 niam,
2282 3147 2343 3203 in
2385 3148 2723 3224 eademque
2763 3153 2987 3225 pariter
3043 3161 3357 3230 profitetur
3418 3170 3703 3242 Spiritum

2047 3241 2326 3336 sanctum
2344 3243 2680 3336 creaturam
2701 3257 2825 3299 non
2847 3260 2998 3316 esse,
3016 3263 3128 3304 nec
3145 3254 3343 3310 tamen
3365 3241 3703 3336 quidquam

2045 3325 2121 3381 de
2148 3342 2210 3420 se
2239 3327 2724 3420 magnificentius
2759 3333 3066 3404 praedicat,
3101 3339 3206 3395 sed
3243 3325 3592 3420 simpliciter
3632 3370 3704 3411 ac

2044 3415 2319 3472 modeste
2346 3417 2428 3474 ita
2449 3417 2718 3513 loquitur
2755 3422 2834 3492 (b)
2865 3440 2879 3478 :
2930 3423 3085 3478 Ἀλλά
3121 3430 3220 3504 γὰρ
3252 3415 3542 3513 «etiam
3575 3439 3705 3497 δυσ-

2044 3513 2470 3576 ανασχετοῦντας
2518 3507 2652 3581 ὑμᾶς
2708 3514 2840 3584 πρὸς
2886 3517 2974 3566 τὸν
3019 3515 3189 3589 λόγον,
3243 3528 3333 3576 καὶ
3394 3507 3704 3606 μονονουγὶ-

2041 3592 2250 3645 ἀκούειν
2325 3592 2486 3662 δοκῶ,
2543 3599 2632 3650 ιὸτι
2685 3606 2794 3661 τοῖς
2853 3602 3282 3679 ὁμολογουμένοις
3343 3592 3699 3695 ἔνθιατρίϐόίν,

2045 3683 2145 3734 τῶν
2195 3683 2630 3759 πολυθρυλλήτων
2687 3692 3002 3764 ζητημάτων
3074 3697 3180 3769 οὐχ
3250 3683 3702 3779 ἅπτομαὶ..πᾶσᾷ

2043 3773 2144 3844 γὰρ
2196 3771 2324 3832 ἀκοὴ
2381 3783 2470 3826 νῦν
2516 3780 2646 3850 πρὸς
2711 3783 2806 3837 τὴν
2880 3779 3133 3855 ἀκρόασιν
3200 3797 3303 3842 τῶν
3375 3771 3539 3869 λόγων
3599 3811 3702 3856 τῶν

2043 3864 2163 3934 περὶ
2240 3869 2332 3914 τοῦ
2407 3862 2558 3935 ἁγίου
2639 3869 2939 3940 Πνεύματος
3008 3870 3366 3948 ἀνηρέθισται.
3442 3862 3575 3959 ;Εγὼ
3642 3889 3702 3946 δὲ

2043 3949 2277 4046 μάλιστα
2343 3951 2660 4046 ἠϐουλόμην,
2749 3959 2817 4020 ὡς
2901 3961 3191 4036 παρέλαϐον
3267 3949 3544 4044 ἁπλοϊκῶς,
3633 3984 3702 4046 ὡς

2047 4042 2329 4114 συνεθέμην
2403 4041 2840 4113 ἀνεπιτηδεύτως,
2939 4050 3074 4104 οὕτω
3160 4041 3539 4132 παραδιδόναι.
3591 4041 3702 4136 τοῖς

2043 4127 2456 4183 auctionatum”
2503 4132 2714 4194 Ἐπειδὴ
2759 4133 2818 4190 δὲ
2846 4148 3222 4214 περιεστήκατε
3258 4155 3410 4224 ἡμᾶς,
3447 4127 3702 4216 δικασταί

2043 4219 2236 4294 μᾶλλον
2289 4221 2318 4279 ἣ
2373 4225 2628 4295 μαθηταὶ,
2689 4227 2827 4298 ἡμᾶς
2886 4225 3177 4305 δοκιμάσαι
3232 4237 3559 4317 βουλόμενοι,
3610 4253 3702 4305 οὐκ

273 4309 549 4392 fuissent,
564 4321 850 4378 adversus
871 4332 964 4374 eos
984 4316 1092 4387 qui
1110 4314 1264 4370 talia
1284 4311 1630 4381 divulgant,
1653 4310 1931 4367 videlicet

2055 4309 2193 4363 αὐτοί
2222 4331 2274 4363 τι
2302 4310 2477 4365 λαϐεῖν
2509 4313 2898 4386 ἐπιζητοῦντες,
2933 4318 3129 4394 ἀνάγκη
3164 4309 3303 4400 ἡμᾶς
3333 4309 3508 4412 ὥσπερ
3539 4309 3590 4390 ἐν
3622 4338 3705 4394 δι-

274 4415 435 4489 quod
454 4425 720 4471 errorem
733 4413 987 4465 veterem
999 4401 1498 4460 instauravimus.
1521 4404 1585 4456 in
1602 4415 1673 4456 eo
1685 4414 1932 4472 quoque

275 4504 443 4581 quod
467 4518 612 4560 mox
641 4496 989 4570 subjiciam,
1011 4496 1243 4560 auctor,
1275 4490 1520 4581 quiquis
1559 4493 1665 4581 est,
1710 4489 1934 4581 longis-

275 4577 424 4653 sime
454 4589 726 4650 discessit
753 4603 791 4645 a
820 4581 1254 4643 Consuetudine
1285 4579 1504 4648 Basilii,
1539 4578 1647 4651 qui
1684 4593 1808 4634 non
1850 4577 1934 4636 ita

274 4684 491 4744 acerbe
515 4683 576 4738 in
609 4695 752 4736 suos
779 4672 1158 4735 adversarios
1189 4669 1399 4726 invehi
1427 4667 1596 4724 solet.
1646 4667 1934 4725 Studebat

270 4777 363 4834 vir
385 4769 887 4835 humanissimus,
903 4780 1028 4822 non
1046 4761 1336 4819 insultare
1359 4773 1503 4814 suos
1523 4760 1931 4823 accusatores,

274 4865 380 4924 sed
428 4880 532 4920 eos
574 4859 655 4918 ad
698 4855 967 4915 veritatis
1016 4850 1423 4922 cognitionem
1477 4846 1799 4904 adducere.
1850 4849 1932 4902 Eo

273 4961 496 5026 autem,
529 4966 713 5027 quem
742 4948 902 5019 dico,
932 4945 1066 5002 loco
1093 4942 1177 4998 ita
1208 4940 1497 5027 scrip-tum
1526 4937 1848 4993 invenitur:
1872 4942 1934 4990 Τί

272 5048 618 5121 ὑποκρύπτ-εις
659 5044 881 5094 σεαυτοῦ
910 5039 1004 5094 τὴν
1040 5033 1312 5106 ἐπήρειαν;
1352 5025 1551 5101 Ψεύδῃ,
1585 5030 1927 5102 κατ-ηραμένε,

270 5117 429 5212 λέγων
528 5138 651 5208 παρ’
746 5132 870 5203 ἡμῖν
971 5132 1106 5199 τρεῖς
1203 5123 1349 5182 θεοὺς
1468 5117 1931 5190 καταγγέλλεσθαι.

274 5207 432 5299 Quid
454 5207 722 5282 occultas
753 5226 921 5275 tuam
954 5214 1144 5285 ipsius
1185 5208 1611 5299 ca~lumniam?_
1627 5207 1927 5299 Mentiris,

271 5297 768 5377 virexsecrande,
808 5323 944 5364 cum
983 5305 1072 5360 ais
1102 5302 1239 5358 deos
1263 5305 1387 5356 tres
1425 5312 1463 5354 a
1505 5297 1676 5353 nobis
1707 5297 1934 5366 praedi.

272 5408 423 5467 cari.
469 5409 556 5462 Ita
601 5403 810 5460 auctor
854 5391 1254 5469 persequitur.
1299 5392 1390 5442 καὶ
1435 5387 1495 5441 οὐ
1540 5385 1704 5459 hy";
1739 5384 1800 5438 ἐκ
1837 5392 1932 5440 τοῦ

380 5584 462 5659 (a)
497 5585 664 5640 Tom.
697 5581 768 5650 II,
792 5575 960 5634 hom.
993 5575 1080 5630 24.

2042 4405 2314 4475 καστηρίῳ
2341 4406 2436 4459 τὴν
2466 4401 2763 4476 ἀντιλογίαν
2789 4415 3171 4481 προτεινεσθαι,
3203 4423 3294 4470 καὶ
3329 4419 3408 4474 ἀεὶ
3443 4401 3535 4498 μὲν
3582 4427 3704 4483 ἀνα-

2042 4489 2328 4562 κρίνεσθαι,
2359 4489 2434 4542 ἀεὶ
2473 4487 2534 4544 δὲ
2567 4491 2727 4564 λέγειν
2766 4492 2801 4546 ἃ
2836 4498 3243 4576 παρειλήφαμεν.
3300 4511 3423 4568 Sed
3443 4487 3703 4585 'jamdiu

2043 4591 2373 4662 sermonem
2417 4585 2693 4671 nostrum
2737 4585 2981 4643 moleste
3031 4591 3198 4658 ferre
3250 4611 3352 4654 vos
3401 4604 3593 4671 video,
3646 4614 3705 4666 ει

2045 4671 2282 4724 tantum
2313 4683 2434 4724 non
2458 4669 2675 4727 audire
2692 4687 2786 4728 me
2811 4681 2981 4744 puto,
3005 4681 3168 4750 quod
3185 4689 3468 4757 confessis
3497 4669 3705 4754 immo-

2042 4771 2225 4855 rans,
2241 4759 2594 4828 quaestiones
2632 4761 2812 4818 valde
2839 4764 3194 4827 decantatas
3233 4791 3354 4833 non
3377 4785 3702 4855 attingam.

2047 4847 2322 4948 Omnium
2351 4851 2507 4948 enim
2537 4863 2716 4906 aures
2736 4861 2990 4912 arrecta:
3010 4873 3174 4917 nunc
3200 4872 3363 4936 sunt,
3395 4877 3462 4926 ut
3479 4847 3561 4930 de
3574 4877 3708 4948 Spi-

2042 4938 2170 4992 ritu
2206 4943 2415 4994 sancto
2441 4939 2676 5010 aliquid
2702 4943 2980 5001 audiant.
3013 4948 3143 5020 Ego
3190 4969 3328 5012 vero
3369 4963 3546 5020 velim
3573 4938 3706 5026 nia-

2042 5027 2225 5096 :cime,
2270 5029 2426 5084 sicut
2456 5029 2751 5088 traditum
2794 5033 3150 5104 simpliciter
3178 5049 3403 5117 accepi,
3434 5054 3588 5112 sicut
3617 5059 3707 5116 in-

2043 5130 2236 5186 genue
2261 5122 2314 5172 et
2337 5117 2596 5175 candide
2628 5133 2904 5178 assensus
2930 5140 3082 5192 sum,
3116 5131 3204 5187 sic
3231 5140 3288 5190 et
3327 5141 3708 5205 auditoribus

2040 5205 2426 5305 tradere"...
2461 5208 2761 5275 Quoniam
2789 5219 2990 5270 autem
3019 5218 3428 5284 circumstans
3457 5247 3584 5304 nos,
3598 5239 3707 5305 ju-

2043 5297 2205 5354 dices
2229 5297 2422 5368 magis
2453 5314 2634 5370 quam
2661 5301 2970 5377 discipuli,
3004 5309 3112 5379 qui
3143 5315 3406 5380 probare
3454 5297 3712 5386 nos-ve.

2045 5387 2190 5456 litis,
2216 5401 2342 5446 non
2371 5391 2572 5444 autem
2609 5388 2942 5462 quidquam
2988 5397 3220 5460 discere
3249 5413 3562 5484 quaeratis,
3607 5433 3710 5474 ne-

2145 5563 2227 5638 (b)
2257 5566 2522 5634 NumJ,
2553 5580 2618 5638 p.
2645 5570 2778 5625 193.
