4092 6396
403 221 473 273 47
1909 218 2292 276 ΡΗΑΞΡΑΤΙΟ.

3749 219 3823 276 48

404 360 558 401 ccsse
577 344 745 400 nobis
775 348 855 398 est
885 343 1043 398 velut
1074 342 1138 396 in
1154 342 1391 412 judicio
1423 342 1494 397 iis
1523 356 1657 412 qua:
1683 341 2057 411 objiciuntur
2086 358 2129 407 Α
2162 343 2317 399 duas
2349 345 2460 401 has
2485 347 2785 402 orationes
2809 346 3124 418 diligenter
3146 346 3624 418 legerit(tom.ll,
3647 344 3814 400 hom.

401 436 780 504 respondere,
809 448 1157 503 semperque
1181 434 1572 502 interrogari,
1595 439 1646 487 et
1674 448 1903 501 semper
1920 449 2054 503 quae

401 526 735 593 accepimus
765 524 982 579 dicere.
1020 522 1302 592 Ejusdem
1331 522 1638 577 modestiae
1678 521 1955 595 exempla
1991 527 2054 578 ut

397 617 458 672 in
490 616 603 671 hac
625 615 919 681 oratione,
949 614 1030 668 ita
1061 615 1269 671 multis
1299 613 1428 668 aliis
1453 612 1598 667 locis
1630 613 1846 685 cuique
1886 612 2052 684 apud

396 705 847 762 sanctissimum
877 706 1107 758 Patrem
1139 701 1339 757 videre
1364 702 1516 756 licet.
1547 705 1736 766 Quare
1767 701 1906 757 mihi
1926 701 2052 773 qui-

394 795 537 852 dem
575 791 1102 867 persuasissimum
1137 796 1223 847 est
1259 792 1341 846 ita
1367 790 1646 846 affectum
1674 790 1854 845 fuisse
1897 791 2048 846 Basi-

390 886 561 952 lium,
597 890 658 940 ut
688 888 984 940 tormenta
1008 882 1213 937 omnia
1244 881 1500 953 perferre
1529 886 1776 952 paratus
1797 886 1949 936 esset
1969 880 2048 936 ad

389 973 836 1031 defendendam
860 971 1111 1044 Spiritus
1135 970 1322 1026 sancti
1348 970 1752 1025 divinitatem:
1790 969 1893 1025 sed
1924 985 2048 1026 non

389 1064 561 1120 facile
590 1061 879 1128 adducar,
925 1064 988 1116 ut
1032 1059 1278 1115 credam
1306 1058 1816 1114 modestissimum
1847 1059 2044 1114 virum

387 1153 530 1208 talia
559 1150 766 1224 qualia
795 1148 1158 1212 audivimus,
1190 1147 1264 1203 de
1304 1147 1503 1220 seipso
1532 1147 1859 1218 jactantius
1892 1163 2044 1220 prse-

382 1244 635 1299 dicasse.
687 1244 976 1295 Praeterea
1031 1239 1182 1294 inter
1227 1242 1472 1293 caeteras
1525 1237 1750 1308 ingenii
1807 1237 2039 1306 laudes,

379 1347 535 1406 quas
556 1329 941 1386 doctissimus
971 1328 1058 1384 vir
1099 1331 1379 1384 Erasmus
1411 1326 1626 1382 Basilio
1657 1326 1880 1393 tribuit,
1912 1327 2040 1382 haec

377 1436 623 1494 quoque
647 1417 960 1490 reperitur,
987 1417 1186 1489 ipsum
1223 1415 1663 1487 Scripturarum
1695 1415 2039 1471 testimonia

376 1501 502 1561 tam
532 1509 823 1562 concinne
855 1505 1185 1561 admiscere
1207 1503 1465 1560 orationi
1496 1522 1642 1574 suae,
1670 1510 1735 1560 ut
1765 1521 2037 1575 gemmas

371 1612 653 1668 purpura:
685 1611 809 1650 non
848 1599 1106 1664 assutas,
1151 1593 1257 1650 sed
1300 1591 1385 1649 ibi
1431 1597 1605 1650 natas
1641 1594 1838 1649 dicas:
1889 1609 2036 1665 quo-

2161 435 2272 496 ‘24).
2302 433 2490 490 Velim
2519 441 2718 491 autem
2738 437 2989 492 studiosi
3015 435 3328 493 attendant
3353 436 3609 491 maxime
3631 435 3708 491 ad
3731 435 3814 490 in-

2160 522 2354 591 signia
2383 523 2667 595 quaedam
2697 525 2853 592 loca,
2872 541 3008 598 quae
3039 525 3134 580 hic
3165 539 3468 597 apponere
3500 538 3622 579 non
3657 523 3816 595 pige-

2158 610 2262 666 bit.
2297 613 2550 667 Basilius
2575 613 2754 683 igitur
2783 614 2865 669 sic
2891 615 3155 686 loquitur
3186 623 3340 686 (pag.
3389 618 3480 669 191
3528 617 3585 668 et
3624 612 3810 684 seq.):

2159 705 2300 757 Δεινὴ
2334 705 2433 774 γὰρ
2465 699 2803 773 ἀγνωμοσύνη
2837 708 2906 774 μὴ
2956 699 3350 773 καταδέχεσθαι
3393 704 3456 754 τα
3505 697 3814 773 διδάγματα

2157 797 2248 840 τοῦ
2282 797 2491 862 Κυρίου,
2518 792 2756 865 εὐκρινῶς
2789 789 3096 854 διιστῶντος
3130 794 3252 865 ἡμῖν
3279 800 3375 843 τῶν
3401 798 3694 865 προσώπων
3725 796 3812 848 τὴν

2157 877 2454 951 ἑτερότητα.
2538 881 2652 933 Ἐὰν
2729 885 2827 953 γαρ
2917 881 3138 946 ἀπέλθω,
3222 887 3373 954 φησι,
3463 880 3811 954 παρακαλεσω

2155 971 2241 1019 τόν
2319 973 2544 1043 Πατέρα,
2613 975 2702 1021 καὶ
2786 969 2938 1022 οὖλον
2996 971 3190 1043 πέμψει
3265 969 3602 1044 Παράκλητον
3666 972 3804 1042 ὑμῖν.

2155 1057 2355 1108 Οὐκοῦν
2404 1063 2522 1120 Υιός
2552 1062 2642 1131 μὲν
2682 1061 2706 1110 ὁ
2754 1059 3087 1132 παρακαλῶν,
3147 1064 3327 1132 Πατὴρ
3377 1055 3435 1111 δι
3502 1061 3528 1110 ὁ
3572 1077 3811 1132 παρακα-

2152 1139 2412 1213 λούμενος,
2488 1143 2826 1217 Παράκλητος
2874 1141 2933 1196 δε
2980 1147 3005 1195 ὁ
3050 1143 3510 1216 ἀποστελλόμενος.
3561 1143 3677 1216 Ἆρ’
3721 1137 3810 1194 οὖν

2149 1231 2208 1281 οὗ
2255 1241 2478 1306 φανερῶς
2527 1232 2894 1304 ἀναισχυντεῖς
2940 1231 3160 1298 ἁκούων,
3209 1233 3308 1305 ἐγὼ
3356 1239 3475 1306 περὶ
3523 1241 3616 1285 τοῦ
3661 1239 3808 1300 Tum},

2149 1319 2335 1382 ἐκεῖνος
2360 1319 2418 1374 δι
2443 1327 2558 1395 περὶ
2589 1333 2679 1375 τοῦ
2715 1328 2938 1396 Πατρός,
2993 1323 3145 1385 ἄλλος
3192 1325 3309 1396 περὶ
3367 1333 3458 1376 τοῦ
3512 1330 3807 1395 [Ινευματος

2147 1419 2238 1462 τοῦ
2286 1411 2457 1482 ἁγίου,
2515 1419 2604 1464 καὶ
2662 1415 2832 1464 πάντα
2873 1417 3043 1488 φύρων
3299 1418 3399 1466 Καὶ
3437 1419 3507 1486 μή
3542 1433 3633 1485 μοι
3662 1431 3805 1485 περι-

2149 1497 2456 1575 δραμόντες,
2501 1504 2616 1554 ὁσοι
2665 1504 2694 1561 ἡ
2744 1509 2813 1575 μὴ
2856 1503 3057 1566 τελείως
3100 1511 3208 1565 τοῖς
3247 1503 3539 1576 λεγομένοις
3588 1503 3802 1562 ἠκολου-

2149 1592 2361 1660 θήσατε,
2412 1592 2441 1649 ἣ
2490 1596 2616 1664 πρὸς
2676 1593 2918 1666 ἐπέρειαν
2980 1596 3117 1665 ἡμᾶς
3165 1600 3558 1667 περιεστηκατε,
3606 1594 3664 1645 οὐ
3716 1592 3806 1646 λα-

370 1686 554 1742 modo
582 1700 726 1755 ergo
754 1684 1123 1757 ineptissime
1153 1683 1300 1738 illud
1328 1681 1596 1750 Joannis,
1633 1683 1782 1738 Cum
1809 1685 2034 1740 venerit

2150 1679 2252 1732 ϐεῐν
2311 1700 2360 1732 τι
2413 1682 2537 1754 παρ’
2595 1685 2741 1753 ἡμῶν
2773 1698 2775 1700 ·
2804 1682 3055 1755 ὠφέλιμον
3100 1683 3484 1748 ἐπιζητοῦντες,
3544 1682 3674 1736 ἀλλὰ
3719 1683 3807 1736 λα-

377 1775 758 1838 Paracletus,
786 1773 868 1829 ita
917 1773 1170 1840 citasset,
1221 1779 1380 1824 Ὅταν
1419 1771 1538 1844 ἔλθῃ
1590 1774 1615 1824 ὁ
1666 1772 2032 1838 Παράκλητος,

367 1874 455 1916 νῦν
483 1863 868 1937 ἀνεγινώσκετο.
901 1868 964 1914 Σὺ
999 1859 1120 1914 δέ...
1153 1862 1300 1918 Cum
1329 1864 1558 1918 venerit
1581 1864 1943 1919 Paracletus
1965 1865 2032 1930 ⁸⁵,

366 1971 533 2011 nunc
556 1954 880 2026 legebatur.
905 1955 990 2008 Tu
1015 1968 1175 2020 vero,
1204 1957 1318 2008 etc.
1359 1952 1455 2008 Vir
1474 1952 1691 2024 aliquis
1716 1952 2034 2025 imperitus

371 2046 741 2118 Scripturam
800 2043 884 2098 ita
937 2047 1299 2115 praepostere
1366 2041 1548 2098 citare
1618 2041 1830 2114 potuit,
1908 2057 2031 2096 non

365 2151 627 2206 magnus
669 2133 764 2188 ille
802 2132 1080 2201 Basilius,
1120 2131 1226 2204 qui
1255 2131 1574 2203 Scriptura;
1606 2131 1792 2188 verba
1832 2130 2030 2203 aptius

362 2225 561 2291 locare
609 2223 840 2296 optime
899 2226 1170 2277 noverat.
1228 2223 1344 2276 Nec
1391 2219 1538 2275 illud
1582 2220 1876 2285 omittam,
1926 2219 2030 2275 ubi

363 2313 548 2387 paulo
573 2316 710 2384 post
738 2311 953 2381 legitur
980 2311 1138 2382 (pag.
1162 2310 1538 2382 611);Ὧ.σπερ
1561 2310 1655 2361 οὐκ
1683 2312 1753 2362 ἔνι
1786 2313 2028 2380 συναγόν-

364 2423 516 2464 νητος
557 2406 685 2463 Θεὸς
726 2402 916 2474 ἔτερος,
970 2399 1153 2466 οὕτως,
1209 2403 1320 2454 etc.
1363 2400 1534 2456 Sicut
1579 2415 1698 2455 non
1742 2405 1827 2455 est
1874 2402 2026 2456 Deus

364 2495 543 2559 alter,
574 2493 684 2563 qui
707 2505 939 2563 quoque
969 2503 1094 2544 una
1121 2503 1256 2543 cum
1284 2490 1412 2556 ipso
1450 2491 1525 2543 sit
1553 2490 1878 2559 ingenitus,
1917 2491 2026 2554 ita,

365 2587 504 2649 etc.,'
550 2581 638 2636 ibi
684 2579 856 2636 mihil
897 2577 1086 2634 videri
1129 2576 1431 2633 exoticum
1473 2577 1766 2650 quiddam
1805 2577 2025 2634 inesse.

366 2673 616 2728 Basilius
641 2671 806 2726 enim
841 2672 913 2721 ἔνι
958 2683 1070 2741 pro
1103 2667 1219 2719 ἐστί
1248 2667 1333 2722 uti
1362 2681 1486 2722 non
1535 2669 1704 2724 solet.
1757 2669 1928 2733 Quod
1981 2667 2030 2724 si

368 2763 632 2834 cuipiam
659 2777 732 2816 ex
756 2775 870 2814 suo
903 2774 1084 2813 sensu
1121 2757 1196 2812 de
1238 2757 1366 2812 aliis
1398 2757 1674 2828 judicare
1723 2758 1814 2814 fas
1852 2763 2028 2827 esset,

369 2850 781 2908 testimonium
807 2847 971 2920 quod
1002 2846 1306 2919 proferam
1326 2845 1417 2901 vel
1440 2846 1687 2902 unicum
1709 2849 1852 2903 satis
1876 2865 2032 2916 esset

372 2941 452 2998 ad
474 2941 633 2996 hanc
663 2938 996 2994 orationem
1023 2936 1490 3009 repudiandam.
1521 2941 1573 2992 ls
1603 2943 1825 3008 autem,
1845 2954 2030 3010 quem

2147 1768 2331 1821 ϐέσθαι
2400 1774 2536 1832 τινός
2618 1779 2716 1823 τῶν
2778 1771 3061 1843 λεγομένων
3141 1773 3525 1846 ἐπιτηροῦντες,
3601 1777 3800 1831 εἰπητεο

2146 1855 2242 1910 δύο
2286 1861 2429 1920 Θεοὺς
2476 1864 2731 1934 κηρύσσει
2747 1903 2758 1915 .
2781 1904 2793 1916 .
2817 1903 2829 1916 .
2853 1904 2866 1917 .
2889 1904 2900 1917 .
2924 1903 2937 1916 .
2961 1905 2972 1916 .
3039 1860 3250 1920 Ἐπειδὴ
3314 1860 3372 1916 δὲ
3430 1871 3803 1938 περιεστηκατε

2143 1950 2301 2020 ἡμᾶς,
2353 1946 2603 2002 δικασταὶ
2669 1951 2862 2024 μᾶλλον
2919 1953 2948 2010 ἢ
3009 1955 3262 2025 μαθηταὶ,
3321 1957 3457 2026 ἡμᾶς
3508 1951 3800 2028 δοκιμάσαι

2143 2036 2470 2110 βουλόμενοι,
2517 2041 2609 2091 οὐκ
2643 2042 2795 2093 αὐτοί
2839 2062 2890 2093 τι
2929 2041 3099 2094 λαϐεῖν
3149 2043 3540 2106 ἐπιζητοῦντες.
3564 2087 3576 2100 .
3600 2087 3612 2100 .
3637 2087 3649 2100 .
3673 2088 3686 2100 .
3735 2047 3800 2096 Οἱ

2142 2123 2200 2178 δὲ
2231 2132 2549 2201 χωρίζοντες
2583 2135 2783 2204 Πατρός
2819 2135 2905 2182 καὶ
2932 2139 3073 2196 Υιοὺ,
3108 2137 3198 2184 καὶ
3256 2141 3318 2205 τῇ
3369 2139 3535 2186 κτίσει
3586 2154 3799 2207 συναρι-

2141 2217 2386 2286 θμονντες
2429 2222 2486 2268 τό
2521 2225 2726 2290 Πνεῦμα
2773 2218 2943 2282 ἀτελὲς
2989 2223 3079 2292 μὲν
3130 2230 3343 2274 ποιονσι
3383 2226 3441 2273 τὸ
3494 2221 3796 2294 βάπτισμα,

2139 2304 2316 2363 ἐλλιπῆ
2397 2303 2456 2358 δε
2532 2313 2619 2365 τὴν
2695 2308 2963 2380 όμιλογίαν
3048 2320 3141 2372 τῆς
3223 2315 3585 2373 πίστεως....
3645 2313 3798 2364 Οὕτω

2138 2397 2226 2465 μὲν
2254 2395 2340 2445 οὖν
2379 2397 2496 2448 οὗτε
2527 2407 2817 2469 καινοτομῶ
2855 2399 3085 2469 ῥήματα,
3117 2401 3235 2451 οὔτε
3275 2397 3440 2451 ἀθετῶ
3493 2405 3586 2458 τὴν
3625 2399 3797 2462 ἀξίανο

2138 2488 2258 2545 τοὺς
2287 2481 2345 2536 δὲ
2384 2485 2676 2558 τολμῶντας
2711 2492 2907 2559 κτίσμα
2947 2493 3373 2562 προσαγορεύειν,
3426 2494 3656 2554 στενάζω
3705 2497 3794 2544 καὶ

2139 2569 2422 2645 οὸυρομαι.
2480 2575 2637 2630 Ναηι
2681 2577 2892 2646 ingens
2921 2578 3273 2646 improbitas
3303 2587 3408 2651 est,
3453 2598 3573 2636 non
3614 2585 3795 2639 susci-

2137 2675 2280 2728 pere
2299 2662 2650 2719 documenta
2671 2666 2929 2727 Domini,
2955 2667 3060 2738 qui
3089 2667 3254 2723 nobis
3271 2671 3586 2738 perspicue
3605 2673 3792 2728 aliam

2136 2767 2454 2820 personam
2486 2753 2562 2808 ab
2609 2755 2735 2810 alia
2786 2755 3128 2826 distinguit.
3185 2780 3212 2807 ‹‹
3243 2758 3310 2813 Si
3363 2761 3518 2815 enim
3568 2761 3794 2831 abiero,

2140 2843 2358 2912 inquit,
2387 2843 2610 2912 rogabo
2648 2845 2916 2912 Patrem,
2940 2851 2996 2901 et
3017 2847 3207 2902 alium
3238 2849 3629 2907 Paracletum
3656 2853 3796 2907 mit-

2142 2936 2221 2985 tet
2253 2931 2415 2986 vobis
2439 2934 2506 2990 ¹⁶.
2543 2956 2571 2982 ››
2622 2933 2835 3004 Itaque
2861 2935 3060 2990 Filius
3087 2942 3172 2991 est
3215 2939 3322 3007 qui
3363 2935 3560 3008 rogat,
3612 2942 3799 2998 Pater

371 3033 508 3088 dico
536 3031 706 3086 locus
738 3026 1037 3099 ejusmodi
1063 3031 1150 3082 est
1181 3025 1412 3097 (ibid):
1462 3025 1568 3078 Λιά
1605 3031 1663 3078 τό
1695 3036 1845 3100 σῶμα
1884 3027 2032 3080 ἔλαϐε

2150 3026 2225 3075 est
2270 3022 2377 3091 qui
2417 3029 2694 3092 rogatur,
2742 3025 3100 3080 I’aracletus
3139 3041 3297 3094 vero,
3357 3032 3462 3100 qui
3515 3030 3796 3086 mittitur.

372 3127 519 3195 νέφος
556 3125 615 3172 τό
648 3129 802 3191 σῶμα
830 3121 854 3170 ὁ
893 3122 1084 3188 Λόγος,
1127 3115 1209 3168 ἱνα
1237 3121 1306 3188 μὴ
1342 3116 1628 3190 καταφλέξῃ
1674 3120 1739 3169 τὰ
1777 3120 2029 3191 ὁρώμενα.

375 3215 641 3282 Propter
677 3223 895 3278 corpus
942 3206 1196 3262 Verbum
1241 3207 1456 3262 nubem
1507 3209 1850 3276 assumpsit,
1902 3225 2032 3264 cor-

373 3317 490 3371 pus
521 3299 814 3358 videlicet,
843 3311 918 3351 ne
963 3310 1060 3350 res
1111 3295 1371 3350 visibiles
1412 3295 1806 3352 combureret.
1855 3297 2034 3352 Pauci

378 3405 548 3460 sane,
570 3387 619 3443 si
635 3386 947 3460 publicam
971 3383 1306 3440 orationem
1328 3383 1406 3438 ad
1419 3383 1710 3456 populum
1726 3385 2034 3454 haberent,

380 3481 464 3536 ita
485 3477 655 3550 loqui
683 3475 916 3540 vellent,
953 3471 1044 3525 διά
1075 3476 1131 3524 τό
1165 3480 1316 3544 σῶμα
1353 3471 1500 3524 ἔλαϐε
1528 3477 1673 3545 νέφος
1722 3477 1780 3526 τό
1820 3484 1971 3547 σῶμα
2011 3477 2036 3526 ὁ

384 3574 574 3639 Λόγος,
599 3580 780 3622 causa
801 3565 1094 3633 corporis,
1147 3563 1398 3618 Verbum
1438 3563 1650 3618 nubem
1690 3563 2036 3632 assumpsit,

384 3672 603 3727 corpus
623 3655 920 3717 videlicet,
948 3669 1083 3708 cum
1111 3652 1170 3707 in
1187 3652 1281 3708 his
1297 3651 1496 3707 verbis
1520 3651 1660 3707 insit
1677 3651 1913 3723 mystici
1931 3650 2038 3706 ali-

381 3747 551 3820 quid,
580 3744 749 3819 quod
785 3741 1117 3800 oratorium
1148 3741 1388 3796 dicendi
1418 3757 1610 3812 genus
1641 3756 1765 3796 non
1794 3741 2038 3796 deceat:

384 3837 493 3893 sed
520 3835 744 3901 nullus,
775 3831 1083 3888 nisivalde
1106 3830 1302 3892 fallor,
1335 3831 1627 3885 hactenus
1653 3830 1820 3892 dixit,
1846 3845 2041 3902 neque

387 3925 540 3982 serio
587 3924 650 3979 in
686 3927 999 3995 posterum
1049 3919 1224 3986 dicet,
1275 3919 1410 3974 ideo
1453 3934 1674 3991 corpus
1717 3935 1752 3974 a
1789 3918 2042 3974 Domino

390 4018 772 4086 assumptum
802 4011 1004 4077 fuisse,
1036 4025 1112 4064 ne
1139 4025 1233 4064 res
1264 4007 1523 4063 visibiles
1553 4008 1952 4064 combureret.
1981 4011 2046 4063 Et

388 4121 531 4160 vero
561 4100 862 4174 ejusmodi
891 4097 1323 4154 lncarnationis
1351 4113 1542 4152 causa
1570 4097 1715 4153 mihi
1745 4097 1981 4154 videtur
2009 4113 2046 4153 a

391 4191 700 4250 communi
730 4188 1046 4245 hominum
1077 4202 1258 4242 sensu
1279 4190 1402 4242 tam
1423 4185 1638 4253 aliena,
1662 4190 1727 4242 ut
1741 4202 1878 4242 eam
1898 4185 2047 4241 nulli

2141 3111 2354 3167 Nonne
2407 3127 2548 3182 ergo
2595 3119 2801 3183 aperte
2853 3115 3168 3184 impudens
3225 3133 3302 3189 es,
3354 3120 3461 3188 qui
3513 3136 3648 3176 cum
3696 3137 3801 3177 au-

2143 3201 2296 3269 dias,
2328 3217 2434 3272 ego
2465 3203 2539 3258 de
2566 3203 2747 3272 Filio,
2799 3205 2904 3260 ille
2946 3205 3020 3261 de
3043 3206 3250 3275 Patre,
3276 3209 3436 3263 alius
3462 3210 3537 3266 de
3564 3211 3802 3280 Spiritu

2143 3300 2372 3360 sancto,
2401 3296 2607 3350 misces
2637 3302 2835 3353 tamen
2858 3299 3124 3354 omnia?.
3146 3341 3159 3354 .
3183 3345 3195 3356 .
3219 3344 3230 3356 .
3283 3301 3364 3355 Et
3416 3303 3584 3370 mihi,
3630 3310 3804 3374 quot-

2147 3389 2290 3454 quot
2321 3389 2429 3439 aut
2459 3400 2576 3439 non
2593 3386 2863 3454 perfecte
2886 3386 3055 3444 dicta
3086 3392 3346 3446 assecuti
3370 3392 3528 3460 estis,
3569 3399 3677 3449 aut
3704 3409 3802 3450 ca-

2151 3473 2498 3540 lumniandi
2519 3490 2702 3531 causa
2731 3492 2837 3531 nos
2867 3478 3290 3542 circumstatis,
3321 3496 3442 3536 non
3471 3490 3806 3552 quaerentes

2149 3567 2213 3616 ut
2241 3577 2315 3617 ex
2343 3563 2510 3618 nobis
2548 3564 2787 3636 aliquid
2828 3567 3085 3635 capiatis
3112 3570 3516 3639 emolumenti,
3557 3572 3660 3628 sed
3703 3572 3806 3628 ob-

2149 3658 2453 3708 servantes
2484 3659 2551 3707 ut
2571 3655 2808 3724 aliquid
2826 3670 3030 3710 eorum
3063 3671 3197 3727 quw
3230 3657 3484 3714 dicimus
3514 3663 3804 3732 carpatis,

2150 3757 2225 3796 ne
2301 3742 2848 3800 circumcursantes
2921 3744 3227 3802 dixeritis:
3295 3748 3602 3808 Praedicat
3670 3753 3806 3810 deos

2152 3830 2418 3886 duos.....
2447 3831 2739 3897 Quoniam
2766 3839 2959 3888 autem
2988 3835 3390 3894 circumstatis
3420 3855 3546 3907 nos,
3569 3842 3808 3912 judice:

2152 3920 2345 3988 magis
2387 3935 2568 3990 quam
2620 3920 2922 3989 discipuli,
2973 3924 3080 3994 qui
3125 3925 3386 3994 probare
3425 3945 3531 3984 nos
3591 3932 3806 3999 velitis,

2153 4023 2274 4063 non
2331 4015 2530 4064 autem
2572 4010 2900 4081 quidquam
2958 4013 3186 4070 discere
3229 4020 3632 4086 quaeratis”...
3697 4022 3812 4090 Qui

2154 4099 2311 4153 enim
2339 4105 2628 4168 separant
2653 4115 2691 4156 a
2722 4101 2908 4158 Patre
2931 4109 2985 4160 et
3010 4103 3190 4174 Filio,
3225 4110 3280 4161 et
3308 4107 3470 4164 inter
3498 4117 3812 4170 creaturas

2156 4197 2483 4244 numerant
2510 4189 2829 4260 Spiritum,
2861 4198 2925 4247 ut
2960 4192 3320 4263 baptismum
3370 4198 3817 4270 imperfectum,

391 4283 559 4340 alteri
588 4294 860 4352 unquam
887 4278 947 4332 in
976 4281 1238 4332 mentem
1263 4276 1501 4330 venisse
1539 4280 1769 4347 putem.
1814 4276 1949 4345 Sed,
1985 4279 2049 4330 ut
2080 4287 2122 4341 Ι)
2157 4279 2245 4332 ita
2269 4278 2516 4347 faciunt
2547 4280 2978 4349 confessionem
3005 4283 3152 4350 ﬁdei
3182 4285 3686 4356 imperfectam...
3718 4292 3818 4349 Sic

391 4389 554 4430 nunc
584 4373 659 4428 de
689 4368 916 4426 caeteris
939 4365 1506 4434 taceam,aﬂirmare
1527 4365 1723 4421 ausim
1741 4365 2046 4434 Basilium,

392 4464 703 4522 hominem
719 4458 1007 4516 acerrimo
1026 4457 1253 4528 judicio
1267 4455 1610 4529 praeditum,
1626 4454 1700 4510 de
1714 4460 1834 4511 tam
1847 4455 2051 4529 inepta

393 4556 625 4614 ratione
654 4568 728 4608 ne
766 4565 873 4624 per
910 4547 1219 4604 somnium
1261 4545 1511 4618 quidem
1549 4545 1864 4615 cogitasse.
1909 4547 2049 4601 For-

394 4655 551 4706 tasse
597 4649 804 4702 auctor
835 4641 1102 4706 timebat,
1147 4655 1224 4694 ne
1270 4637 1528 4693 Verbum
1572 4640 1884 4702 aeternum,
1932 4637 2051 4693 nisi

393 4738 668 4794 indueret
712 4748 978 4794 carnem,
1031 4734 1225 4785 totum
1263 4732 1560 4782 terrarum
1619 4725 1827 4782 orbem
1868 4727 2050 4783 Phae-

395 4827 620 4884 thontis
651 4821 928 4894 exemplo
958 4821 1393 4874 concremaret.

469 4921 558 4973 2t.
599 4913 864 4970 Arbitror
891 4909 1072 4980 igitur
1109 4907 1268 4962 hanc
1311 4905 1664 4961 concionem
1697 4905 1894 4961 Basilii
1927 4922 2051 4962 non

399 5021 562 5063 esse:
596 5002 702 5058 sed
729 5000 1004 5070 alicujus,
1051 4997 1154 5069 qui
1183 5011 1323 5051 eum
1355 4995 1576 5051 imitari
1611 4995 1882 5051 voluerit.
1917 4996 2050 5052 Mihi

401 5096 562 5152 enim
609 5089 926 5148 verisimile
952 5089 1018 5144 ﬁt
1047 5088 1176 5158 ejus
1216 5089 1544 5148 auctorem,
1576 5084 1923 5158 quicunque
1954 5085 2050 5141 ille

399 5186 530 5253 fuit,
564 5183 680 5239 sibi
710 5178 1069 5236 imitandam
1098 5175 1494 5250 proposuisse
1522 5174 1856 5231 orationem
1889 5190 2046 5238 eam,

399 5291 537 5349 quae
567 5270 931 5340 inscribitur,
953 5269 1182 5326 Contra
1202 5266 1606 5332 Sabellianos,
1634 5269 1688 5320 et
1731 5266 1947 5320 Arium
1993 5271 2048 5322 et

399 5366 749 5422 Anomteos:
792 5375 917 5432 qua
945 5357 1020 5415 de
1048 5372 1113 5414 re
1139 5356 1237 5413 vix
1260 5354 1675 5413 dubitaturum
1725 5358 1892 5427 puto,
1941 5353 2048 5427 qui

505 5542 555 5619 με
593 5543 766 5599 Joan.
797 5555 890 5612 xv,
925 5542 1011 5596 '26.
1092 5538 1139 5573 ¹⁶
1175 5539 1345 5594 Joan.
1379 5551 1493 5608 ιη’,
1530 5540 1616 5598 16.

2158 4368 2350 4436 igitur
2393 4383 2583 4439 neque
2631 4385 2763 4425 sum
2815 4371 3129 4429 verborum
3187 4376 3576 4448 architectus,
3629 4397 3820 4454 neque

2158 4458 2532 4526 majestatem
2558 4460 2821 4530 Spiritus
2849 4463 3104 4532 reprobo
3132 4480 3154 4519 :
3202 4466 3306 4522 sed
3333 4482 3427 4524 eos
3453 4471 3560 4541 qui
3586 4480 3818 4530 creatu-

2158 4561 2291 4601 ram
2316 4548 2629 4616 appellarc
2657 4550 2904 4619 audent,
2938 4552 3187 4622 deploro
3213 4553 3538 4630 deﬂeoque.
3589 4565 3815 4618 Auctor

2156 4651 2300 4692 vero
2323 4636 2406 4692 ita
2435 4637 2672 4712 scripsit
2712 4642 2876 4711 (pag.
2921 4646 3044 4709 610,
3105 4647 3272 4714 6l2):
3325 4648 3390 4698 Οἱ
3427 4647 3661 4703 πλεῖστοι
3708 4660 3810 4703 τῶν

2157 4731 2423 4800 παρόντων
2451 4731 2798 4799 κατάσκοποι,
2829 4729 3022 4801 μᾶλλον
3060 4733 3162 4784 εἱσι
3191 4738 3516 4790 κατάσκοποι
3545 4749 3642 4791 τῶν
3667 4739 3809 4812 λεγο-

2159 4821 2338 4890 μένων,
2365 4818 2393 4875 ἧ
2427 4820 2661 4890 μαθηταὶ
2690 4827 2790 4870 τῶν
2821 4815 3182 4893 διδαγμάτων·
3224 4830 3309 4877 καὶ
3356 4825 3504 4898 λόγος
3549 4829 3809 4894 ἐπιζητεῖ-

2160 4927 2246 4958 ται
2289 4905 2346 4958 οὐ
2377 4911 2507 4978 πρὸς
2560 4903 2847 4978 οἰκοδομὴν
2880 4916 2979 4959 τῶν
3013 4916 3302 4984 παρόντων,
3350 4913 3482 4967 ἀλλὰ
3530 4918 3658 4991 πρὸς
3714 4919 3807 4972 ἐπ-

2160 5003 2335 5070 ήρειαν
2385 5004 2483 5047 τῶν
2523 4992 2916 5068 ἐφεδρευόντων·
2968 4997 3062 5051 κᾶν
3114 5005 3204 5073 μέν
3262 5021 3312 5054 τι
3369 5002 3534 5078 λεχθῇ
3589 5008 3810 5081 συμϐαῖ.

2158 5105 2242 5137 νον
2291 5092 2406 5146 ταῖς
2445 5084 2748 5157 ἐπιθυμίαις
2817 5095 2915 5138 τῶν
2988 5089 3460 5164 ἐξοστρακιζόντων
3531 5101 3626 5155 τὴν
3677 5105 3808 5171 γνὼ-

2159 5194 2280 5246 μην,
2333 5171 2534 5231 ἀπῆλθε
2579 5169 2992 5247 καταδεξάμενος
3037 5179 3106 5240 ὡς
3154 5183 3212 5231 τὸ
3270 5177 3409 5234 ἴδιον
3455 5185 3615 5257 εὑρὼν
3685 5169 3811 5261 παρ’

2159 5265 2422 5334 ἡμῖν......
2489 5262 2623 5315 Ἐκεῖ
2685 5261 3230 5326 ἀντικαταστησονταί
3291 5291 3381 5343 μοι
3446 5274 3496 5326 οὶ
3566 5279 3662 5334 τὴν
3721 5276 3810 5329 ἰπ-

2158 5358 2333 5426 ἠρείαν
2374 5355 2570 5412 ταύτην
2595 5353 3060 5428 ῥάπτοντες........
3377 5362 3494 5439 ἐμοὶ
3523 5364 3762 5442 πολεμεῖς
3790 5383 3806 5438 ;
