4092 6384
298 404 366 459 49
1800 384 2189 442 PBEFATIO.
3655 395 3725 452 50

298 524 343 577 εἰ
371 542 601 577 πιστινω
631 521 702 586 εἰς
733 526 957 596 Πατέρα,
990 519 1035 573 εἰ
1064 519 1299 593 ὁμολογῶ
1328 521 1414 571 τὸν
1444 518 1583 581 Υἰὸν,
1617 513 1661 567 εἰ
1684 517 1753 587 μὴ
1784 511 1949 565 ἀθετῶ

2067 510 2426 580 opusculum
2465 512 2581 586 ipsi
2621 516 2951 588 ascriptum
2995 518 3085 575 sit.
3127 520 3266 577 Haec
3312 525 3513 579 autem
3554 522 3722 578 lucu-

297 617 357 667 τὸ
384 621 612 687 Πνεῦμα.
646 612 709 665 Εἰ
738 613 763 664 ὁ
793 606 999 685 Τριάδα
1027 609 1309 683 ὁμολογῶν,
1342 614 1478 683 τρεῖς
1510 600 1753 678 ὀνομάζει
1784 605 1949 668 θεοὺς,

299 703 475 757 ἀθετεῖ
496 708 555 756 τὸ
583 702 884 778 βάπτισμα,
912 705 999 754 καὶ
1021 700 1235 776 πολεμεῖ
1258 707 1321 771 τῇ
1354 702 1645 752 πίστει.....
1674 697 1739 747 σὺ
1760 689 1818 746 δὲ
1840 698 1953 753 ταῖς

301 798 669 866 συκοφαντίαις
698 791 934 868 ἀφορμὴν
966 791 1038 854 εἰς
1067 789 1306 864 ἐπήρειαν
1334 790 1661 848 τέθεικας....
1692 783 1767 837 Οὐ
1812 779 1950 854 δέχῃ

299 887 467 936 τοίνυν
504 890 597 935 τοῦ
628 880 973 958 Παρακλήτου
1013 884 1108 939 τὴν
1137 879 1449 953 εὐεργεσίαν·
1484 875 1514 934 ἣ
1548 879 1678 946 οῦχὶ
1709 874 1734 924 ὁ
1766 873 1956 944 Κύριος

299 972 441 1044 αὐτῷ
500 974 696 1031 ταύτην
744 975 839 1029 τὴν
882 972 1240 1044 προσηγορίαν
1289 969 1501 1038 πρέπειν
1556 963 1898 1036 ἐνομοθέτησε
1940 979 1953 1024 ;

301 1062 498 1136 Πέμψω
527 1063 649 1135 ὑμῖν
679 1065 769 1114 καὶ
800 1059 952 1113 ἄλλον
987 1057 1345 1133 ΙΙαράκλητον.
1391 1063 1448 1109 ’0
1482 1057 1569 1107 καὶ
1597 1052 1750 1105 ἄλλον
1781 1052 1955 1116 εἰπὼν,

298 1152 406 1224 οὐχ
434 1151 617 1204 ἑαυτὸν
646 1147 810 1214 ἔδειξε
830 1153 931 1225 πρὸ
947 1156 1041 1201 τοῦ
1061 1146 1332 1202 calca..."
1365 1145 1425 1198 Ei
1446 1142 1505 1199 δὲ
1528 1148 1597 1217 μὴ
1622 1141 1801 1209 θέλεις,
1830 1138 1959 1192 ἀλλὰ

299 1240 617 1315 φιλονεικεῖς,
659 1238 926 1311 καταγελῶ
971 1256 1066 1290 σου
1105 1236 1432 1305 τῆς’ὰνοίας,
1464 1231 1657 1307 μᾶλλον
1699 1227 1758 1284 δὲ
1795 1228 1959 1281 κλαίω

300 1349 396 1383 σου
435 1334 525 1389 τὴν
562 1328 778 1403 τόλμαν.
810 1327 1081 1384 Plurimi
1106 1340 1311 1383 eorum
1340 1325 1448 1397 qui
1472 1323 1720 1392 adsunt,
1766 1319 1960 1391 magis

296 1426 436 1476 sunt
469 1420 884 1490 exploratores
913 1432 1115 1474 eorum
1150 1430 1285 1488 qute
1313 1413 1570 1470 dicenda
1597 1417 1753 1473 sunt,
1777 1424 1959 1482 quam

297 1509 589 1580 discipuli
615 1523 818 1566 eorum
848 1521 984 1580 qua:
1015 1507 1329 1563 docentur.
1374 1504 1572 1575 Atque
1618 1500 1962 1572 exquiritur

299 1599 526 1666 concio,
581 1615 704 1654 non
744 1603 813 1654 ut
859 1597 1260 1666 cedz'ﬁcentur,
1314 1594 1418 1650 sed
1459 1599 1526 1649 ut
1577 1591 1959 1648 insidiatores

300 1690 497 1746 locum
547 1688 811 1745 habeant
857 1685 1300 1744 calumniandi.
1361 1683 1532 1752 Quod
1567 1681 1623 1738 si
1663 1682 1826 1751 forte
1874 1679 1956 1734 di-

299 1790 457 1836 ctum
498 1783 583 1835 est
617 1777 954 1851 quidpiam,
996 1775 1157 1849 quod
1193 1773 1711 1831 accommodatum
1751 1770 1830 1827 sit
1877 1769 1960 1826 ad

2060 598 2444 659 bratiuncula
2474 603 2536 659 in
2565 605 2823 677 vulgatis
2852 608 3103 680 quidem
3126 609 3279 666 inter
3308 612 3588 669 h‘omilias
3615 629 3721 686 po-

2064 688 2176 746 sita
2205 695 2296 747 est
2320 707 2333 745 :
2368 692 2478 749 sed
2501 698 2703 750 tamen
2726 696 2777 751 si
2797 696 3060 755 duorum
3087 699 3385 757 codicum.
3414 702 3476 757 in
3496 703 3721 775 quibus

2063 779 2377 853 reperitur,
2415 782 2705 842 habenda
2743 789 2832 842 est
2870 786 3074 861 aliqua
3116 789 3289 861 ratio,
3321 806 3445 847 non
3472 792 3723 849 homilia

2012 946 2023 959 I
2066 872 2174 935 est,
2207 869 2313 925 sed
2344 871 2634 944 prologus
2666 876 2980 932 asceticus.
3014 881 3134 949 Ego
3176 895 3394 952 parum
3432 881 3723 938 interesse

2064 963 2233 1031 puto,
2275 964 2477 1017 utrum
2518 963 2635 1020 hoc
2669 965 3031 1037 opusculum
3070 969 3321 1027 homilia
3356 969 3610 1035 dicatur,
3645 988 3724 1029 an

2067 1050 2355 1122 prologus
2383 1053 2678 1110 asceticus
2710 1073 2723 1110 :
2760 1060 2960 1113 utrum
2987 1058 3183 1115 Basilii
3209 1060 3302 1130 sit,
3334 1077 3545 1134 necne,
3576 1062 3725 1119 scire

2066 1140 2262 1211 magis
2300 1140 2497 1199 refert.
2541 1144 2910 1216 Opusculum
2957 1147 3021 1203 in
3070 1164 3134 1204 se
3178 1149 3327 1207 dum
3381 1152 3724 1222 considero,

2066 1244 2207 1285 vere
2237 1229 2351 1286 dici
2397 1248 2578 1304 posse
2621 1233 2897 1306 arbitror,
2938 1252 3049 1293 nec
3079 1238 3402 1310 prologum
3433 1257 3587 1313 esse,
3615 1258 3727 1298 nec

2068 1318 2405 1377 homiliam.
2443 1320 2596 1378 Illud
2630 1323 2791 1380 enim
2841 1329 3005 1398 (pag.
3039 1329 3188 1400 615),
3225 1334 3469 1401 Μίμησαι
3507 1334 3724 1397 ταύτην,

2071 1405 2110 1459 ὦ
2177 1413 2369 1478 τέκνον,
2421 1414 2673 1485 μίμησαι.
2722 1415 2971 1472 Imitare
3037 1418 3216 1484 hanc,
3280 1420 3419 1490 ﬁlii,
3485 1421 3730 1478 imitare

2070 1502 2273 1572 aperte
2322 1503 2584 1559 Ostendit
2623 1503 2785 1561 hanc
2828 1504 3421 1565 lucubratiunculam
3460 1526 3585 1567 non
3623 1512 3728 1568 ho-

2069 1588 2321 1659 miliam,
2361 1591 2469 1647 sed
2506 1591 2775 1649 libellum
2818 1596 3184 1666 peculiarem
3217 1614 3366 1670 esse,
3403 1600 3509 1672 qui
3552 1601 3729 1658 unius

2067 1679 2332 1736 hominis
2361 1697 2547 1739 causa
2587 1684 2845 1756 scriptus
2888 1686 2986 1742 sit.
3031 1689 3438 1762 Praetereaque
3483 1691 3731 1747 Basilius

2069 1784 2211 1826 cum
2235 1769 2297 1826 in
2328 1772 2451 1827 suis
2483 1772 2856 1830 orationibus
2880 1773 3208 1849 alloquitur
3232 1778 3550 1851 populum,
3583 1797 3731 1837 voce

299 1868 666 1938 cupiditates
733 1882 939 1923 eorum
1007 1865 1112 1938 qui
1174 1863 1531 1921 sententiam
1598 1860 1954 1931 explodunt,
1987 1864 2028 1918 B
2068 1857 2313 1933 ἀδελφὸς,
2357 1877 2483 1917 non
2516 1878 2666 1919 voce
2712 1867 2885 1917 τέκνον
2926 1865 3132 1922 utitur,
3173 1867 3339 1923 prius
3390 1874 3602 1926 auctor
3650 1870 3733 1928 ita

298 1958 446 2016 abiit
493 1959 596 2030 qui
637 1944 895 2022 audiuit,
929 1960 1222 2027 tanquam
1259 1954 1314 2009 si
1348 1953 1413 2008 id
1449 1951 1609 2024 quod
1640 1966 1815 2007 suum
1848 1955 1952 2017 est,

298 2047 468 2117 apud
493 2062 602 2102 nos
630 2046 968 2116 reperisset.
985 2088 998 2099 .
1021 2086 1034 2098 .
1057 2086 1070 2099 .
1093 2086 1106 2099 .
1151 2044 1258 2099 Illi
1282 2042 1432 2099 mihi
1457 2058 1532 2099 ex
1562 2041 1814 2098 adverso
1844 2039 1954 2095 sis-

299 2141 505 2192 tentur
533 2137 638 2207 qui
662 2136 816 2191 hanc
835 2133 1201 2190 calumniam
1221 2137 1568 2188 consuunt..
1590 2171 1605 2185 .
1627 2172 1639 2185 .
1658 2145 1836 2186 .cur..
1860 2170 1872 2183 .
1896 2172 1908 2185 .
1931 2171 1944 2184 .

296 2241 393 2282 me
427 2226 582 2281 bello
613 2225 763 2296 petis
794 2224 822 2281 ?
858 2223 927 2280 Si
961 2223 1138 2280 credo
1179 2223 1244 2278 in
1282 2222 1551 2289 Patrem,
1587 2221 1642 2276 si
1669 2219 1957 2288 conﬁteor

298 2315 546 2377 Filium,
577 2315 633 2369 si
666 2329 789 2370 non
824 2313 1077 2383 reprobo
1110 2312 1429 2381 Spiritum.
1466 2310 1819 2366 Trinitatem
1852 2308 1956 2380 qui

301 2405 641 2474 conﬁtetur,
683 2404 737 2458 si
771 2403 909 2459 deos
949 2408 1067 2459 tres
1100 2402 1388 2467 nominet,
1429 2400 1686 2470 abrogat
1730 2398 1952 2468 baptis-

297 2510 480 2564 mum,
525 2497 581 2550 et
616 2492 795 2562 ﬁdem
823 2493 1228 2563 impugnat.
1253 2533 1266 2546 .
1288 2532 1301 2546 .
1341 2491 1426 2545 Tu
1462 2504 1600 2546 vero
1625 2489 1767 2544 inde
1789 2503 1955 2545 occa-

297 2585 523 2640 sionem
553 2582 878 2651 arripuisti
906 2581 1344 2647 calumniandi,
1379 2585 1444 2636 ut
1472 2580 1766 2649 injuriam
1802 2580 1955 2650 infe-

296 2688 421 2730 ras.
438 2714 451 2728 .
473 2715 487 2728 .
509 2715 522 2728 .
545 2715 559 2727 .
604 2673 743 2729 Non
771 2672 964 2744 igitur
988 2672 1245 2741 suscipis
1275 2669 1587 2727 Paracleti
1630 2669 1952 2739 beneﬁcen—

296 2763 493 2819 tiam?
529 2776 612 2818 an
662 2776 786 2817 non
840 2761 1133 2817 Dominus
1174 2760 1334 2817 hanc
1385 2760 1440 2817 ei
1486 2761 1955 2829 appellationem

296 2865 630 2922 congruere
657 2850 918 2907 sanxit?
948 2870 976 2900 «
1007 2851 1249 2907 Mittam
1273 2850 1436 2908 vobis
1466 2857 1518 2907 et
1550 2851 1742 2907 alium
1760 2851 1955 2907 Para-

296 2941 518 2997 cletum
542 2941 609 2996 ιτ.
642 2961 671 2990 ››
700 2939 817 3008 Qui
835 2955 969 2996 cum
991 2946 1047 2996 et
1071 2941 1265 2996 alium
1283 2940 1460 3008 dixit,
1479 2955 1680 2996 nonne
1697 2940 1955 3009 seipsum

296 3034 436 3087 ante
454 3031 644 3086 alium
673 3031 931 3087 ostendit
957 3032 1101 3086 ?.....
1127 3030 1299 3098 Quod
1315 3031 1369 3086 si
1395 3031 1572 3100 nolis,
1589 3030 1694 3087 sed
1717 3036 1955 3086 conten-

296 3120 429 3189 das,
461 3120 699 3177 derideo
731 3126 897 3178 tuam
927 3121 1255 3178 amentiam
1284 3139 1307 3176 :
1334 3121 1453 3177 imo
1476 3122 1679 3190 potius
1707 3120 1954 3190 deploro

2062 1950 2196 2021 jam
2240 1949 2479 2009 locutus
2526 1951 2763 2009 fuerat:
2815 1960 3104 2030 Τοιγαροῦν
3154 1955 3459 2010 σπούδασον
3513 1961 3730 2034 ἄμωμον

2065 2043 2241 2092 τέκνον
2267 2047 2402 2093 Θεοῦ
2422 2044 2682 2113 γενέσθαι.
2710 2044 2934 2101 Curam
2962 2046 3150 2116 igitur
3168 2047 3231 2102 in
3259 2062 3322 2103 eo
3334 2063 3511 2118 pone,
3535 2056 3598 2105 ut
3618 2052 3732 2120 ﬁas

2066 2130 2460 2186 intemeratus
2485 2133 2654 2201 ﬁlius
2683 2134 2795 2190 Dei
2826 2153 2839 2204 ;
2872 2150 2996 2207 quo
3028 2136 3371 2193 testimonio
3404 2139 3733 2196 confirma-

2067 2222 2161 2274 tur
2200 2219 2369 2292 quod
2399 2219 2685 2290 diximus,
2719 2227 3047 2287 auctorem.
3082 2241 3222 2280 cum
3260 2225 3390 2289 haec
3427 2227 3731 2285 scriberet:

2065 2308 2145 2365 ad
2174 2308 2420 2366 unicam
2448 2325 2778 2383 personam
2822 2313 3183 2385 respexisse.
3215 2318 3331 2371 Nec
3365 2316 3565 2373 minus
3596 2324 3731 2391 per-

2066 2399 2343 2473 spicuum
2371 2404 2478 2468 est,
2506 2399 2706 2473 ipsam
2734 2401 2893 2458 hanc
2914 2403 3505 2462 lucubratiunculam
3532 2408 3731 2480 prolo-

2065 2506 2213 2561 gum
2252 2489 2573 2546 asceticum
2609 2491 2824 2548 merito
2851 2493 3057 2549 vocari
3095 2510 3218 2550 non
3249 2511 3447 2568 posse,
3485 2514 3626 2553 cum
3668 2499 3731 2553 in

2067 2595 2139 2636 ea
2178 2579 2331 2636 nihil
2369 2580 2725 2653 reperiatur,
2756 2582 2925 2656 quod
2966 2584 3045 2640 ad
3072 2584 3221 2641 illud
3257 2586 3499 2643 vivendi
3538 2602 3729 2658 genus

2066 2670 2381 2742 speciatim
2421 2670 2629 2728 referri
2679 2671 2944 2743 debeat;
3002 2680 3059 2731 et
3096 2674 3366 2749 alioquin
3414 2677 3510 2732 cui
3560 2678 3729 2751 operi

2066 2760 2369 2833 ejusmodi
2398 2761 2690 2835 prologus
2718 2763 2951 2836 praefigi
2979 2770 3205 2837 posset,
3237 2782 3361 2822 non
3391 2766 3586 2823 video.
3613 2768 3728 2824 Sed

2064 2849 2159 2907 his
2189 2851 2450 2920 omissis,
2483 2851 2564 2908 ad
2592 2852 2655 2908 id
2683 2852 2851 2925 quod
2878 2854 3062 2924 hujus
3093 2855 3517 2928 disputationis
3544 2862 3726 2930 caput

2066 2942 2176 3007 est,
2211 2940 2449 2996 festinet
2486 2939 2706 2997 oratio.
2760 2944 3002 3010 Auctor,
3055 2943 3405 3017 quicunque
3448 2944 3543 3001 ille
3592 2944 3723 3015 fuit,

2066 3029 2173 3102 qui
2207 3028 2367 3086 hanc
2411 3028 3005 3087 lucubratiunculam
3053 3032 3428 3105 conscripsit,
3485 3033 3727 3090 videtur

2067 3118 2180 3174 sibi
2209 3117 2649 3191 disputandum
2678 3119 3069 3192 proposuisse
3106 3120 3182 3176 de
3209 3120 3398 3179 libero
3429 3122 3673 3180 arbitrio
3706 3141 3719 3179 :

295 3215 461 3266 tuam
482 3210 826 3267 audaciam.
856 3210 970 3277 Qui
994 3226 1138 3282 ergo
1167 3211 1297 3275 haec
1313 3214 1373 3268 et
1400 3210 1623 3268 similia
1647 3211 1783 3268 loca
1801 3210 1956 3267 inter
1986 3223 2026 3279 α
2064 3206 2128 3263 id
2156 3205 2326 3281 quod
2349 3206 2718 3279 judicarunt,
2752 3206 2858 3280 qui
2882 3208 3066 3265 breve
3092 3208 3243 3266 illud
3274 3210 3566 3284 scriptum
3596 3212 3723 3268 edi-

294 3315 358 3355 se
374 3301 766 3373 comparavit,
780 3300 953 3357 facile
977 3300 1264 3372 intelliget
1283 3317 1442 3370 eam,
1467 3301 1543 3358 de
1563 3317 1685 3375 qua
1714 3307 1955 3358 contro-

291 3388 494 3445 versia
514 3393 620 3461 est,
644 3390 979 3447 orationem
1012 3407 1085 3447 ex
1105 3390 1225 3447 alia
1243 3390 1576 3447 imitatione
1601 3407 1954 3464 expressam

290 3477 654 3536 fuissersed
681 3480 766 3537 ita
792 3484 1020 3551 tamen,
1048 3485 1112 3536 ut
1140 3480 1485 3552 exemplum
1515 3480 1594 3536 ab
1620 3481 1953 3554 archetypo

291 3567 473 3625 distet
499 3585 689 3642 quam
725 3569 1100 3640 longissime.
1129 3571 1322 3635 Quare
1359 3585 1499 3642 quae
1544 3568 1762 3626 similia
1791 3576 1951 3637 sunt,

291 3663 498 3730 aperte
521 3658 850 3715 ostendunt
872 3657 1051 3714 aliam
1074 3657 1411 3715 orationem
1432 3673 1501 3714 ex
1521 3658 1638 3714 alia
1655 3657 1953 3714 deforma-

291 3751 416 3804 tam
466 3753 522 3805 et
557 3747 819 3805 efﬁctam
854 3764 1026 3804 esse:
1068 3765 1207 3822 quae
1247 3764 1391 3805 vero
1433 3748 1774 3816 dissimilia,
1814 3764 1954 3805 cum

290 3838 485 3895 multa
505 3843 562 3895 et
588 3839 799 3909 gravia
821 3838 956 3907 sint,
980 3838 1294 3912 utriusque
1315 3838 1625 3896 concionis
1652 3855 1774 3895 non
1794 3855 1958 3896 eum-

292 3925 436 3984 dem
466 3933 779 3985 auctorem
809 3944 941 3985 esse
972 3928 1291 3985 manifeste
1320 3928 1603 4001 probant.
1632 3928 1697 3985 Et
1721 3946 1864 3986 vero
1894 3931 1957 3986 in

268 4022 550 4091 utraque
580 4017 852 4074 oratione
898 4022 1025 4074 tam
1053 4018 1297 4074 diversa
1334 4022 1424 4074 est
1449 4018 1754 4075 scribendi
1778 4018 1957 4112 ratio,

294 4113 360 4164 ut
395 4122 533 4164 eam
579 4107 1059 4180 discrepantiam
1098 4107 1205 4180 qui
1233 4120 1361 4163 non
1390 4107 1612 4180 videat,
1646 4125 1791 4165 suos
1824 4107 1960 4183 sibi,

292 4195 503 4253 oculos
536 4196 781 4254 claudat
804 4213 1048 4253 necesse
1069 4196 1163 4253 sit.
1186 4197 1480 4254 Caeterum
1505 4199 1813 4255 neminem
1836 4217 1963 4257 mo-

291 4301 428 4341 vere
458 4285 658 4354 debet,
684 4286 854 4360 quod
867 4287 998 4343 haec
1019 4279 1550 4344 lucubratiuncula
1570 4286 1631 4343 in
1656 4289 1961 4346 veteribus

291 4374 464 4433 libris
496 4376 694 4433 Basilii
730 4392 957 4433 nomen
994 4376 1297 4450 praeferat.
1340 4380 1489 4434 Cum
1530 4378 1692 4435 enim
1723 4385 1955 4450 auctor,

293 4472 597 4539 quantum
625 4467 689 4523 in
722 4482 787 4522 se
824 4466 954 4539 fuit,
996 4466 1330 4524 Basilianus
1369 4484 1503 4525 esse
1533 4470 1845 4540 studuerit,
1877 4471 1956 4528 ab

294 4572 491 4630 eoque
524 4556 851 4614 sententias
879 4557 1118 4629 aliquas
1148 4552 1517 4629 'sumpserit,
1547 4559 1695 4616 nihil
1731 4560 1956 4617 mirum
1985 4577 2032 4630 D

294 4647 486 4704 videri
515 4646 715 4710 debet,
764 4647 815 4703 si
851 4662 924 4704 ea
960 4646 1075 4720 ipsi
1110 4647 1335 4705 tributa
1375 4647 1470 4707 sit.
1508 4650 1751 4723 Aliquid
1791 4649 1959 4707 aliud

291 4737 424 4810 jam
455 4736 796 4808 aggrediar,
840 4736 948 4792 sed
988 4736 1036 4791 si
1079 4737 1249 4809 prius
1281 4754 1577 4794 monuero
1606 4740 1828 4798 multas
1865 4759 1961 4798 va-

292 4826 520 4883 riantes
549 4826 837 4883 lectiones
866 4826 929 4882 in
957 4825 1125 4883 libris
1157 4827 1422 4900 antiquis
1449 4828 1708 4886 inveniri
1741 4847 1754 4885 :
1787 4831 1961 4901 cujus

248 4922 258 4934 '
293 4916 382 4973 rei
420 4917 580 4973 hanc
618 4932 750 4972 esse
788 4932 1037 4973 causam
1084 4915 1469 4987 arbitramur,
1509 4919 1677 4991 quod
1712 4919 1959 4993 librarii,

295 5006 402 5081 qui
427 5007 588 5062 hanc
617 5005 1061 5063 oratiunculam
1081 5022 1206 5062 non
1230 5007 1374 5063 satis
1396 5013 1533 5080 apte
1554 5010 1962 5083 conscriptam

292 5095 588 5164 viderent,
623 5094 723 5152 alii
748 5095 917 5153 aliter
947 5111 1083 5152 eam
1108 5096 1429 5154 emendare
1451 5099 1651 5156 conati
1679 5100 1817 5157 sint.

422 5242 427 5243 ί
512 5225 540 5291 §
572 5221 733 5278 VIII.
754 5222 840 5279 De
871 5220 1123 5280 homilia
1154 5222 1228 5280 de
1256 5222 1443 5281 libero
1472 5224 1748 5291 arbitrio,

370 5372 460 5424 22.
507 5368 660 5424 Cum
701 5381 884 5423 nemo
913 5366 1208 5424 hactenus
1243 5368 1511 5440 genuina
1551 5370 1751 5427 Basilii
1780 5387 1966 5445 opera

296 5458 378 5515 ab
406 5457 757 5515 adulterinis
784 5473 1097 5515 secernere
1127 5458 1242 5516 sibi
1272 5459 1416 5517 satis
1447 5462 1606 5518 serio
1630 5477 1964 5535 proposue-

298 5549 396 5621 rit,
423 5563 549 5606 non
569 5552 661 5607 est
688 5547 857 5623 quod
875 5548 1181 5623 quispiam
1206 5549 1478 5622 miretur,
1508 5550 1559 5607 si
1583 5551 1701 5609 hoc
1721 5568 1968 5626 quoque

381 5692 425 5729 ¹⁷
456 5693 631 5750 toan.
659 5708 777 5762 xw,
812 5693 902 5747 t6.

2064 3297 2227 3364 dere,
2264 3312 2405 3353 cum
2435 3297 2490 3353 ei
2519 3296 2758 3353 titulum
2785 3297 3051 3369 fecerint,
3092 3302 3174 3357 De
3217 3300 3403 3358 libero
3442 3302 3720 3358 arbitrio.

2067 3385 2321 3443 Basilius
2368 3390 2593 3458 autem,
2641 3391 2708 3444 ut
2748 3392 2963 3445 notum
2998 3392 3104 3461 est,
3150 3389 3213 3446 in
3266 3390 3555 3447 omnibus
3598 3390 3723 3447 suis

2063 3474 2349 3547 operibus
2379 3474 2644 3549 aliquem
2683 3475 2801 3534 sibi
2827 3476 3015 3535 ﬁnem
3052 3480 3359 3552 proponit,
3400 3495 3510 3537 nec
3543 3479 3621 3536 ab
3651 3496 3724 3537 eo

2062 3561 2317 3618 discedit
2332 3562 2426 3617 vel
2450 3568 2867 3620 transversum
2888 3580 3178 3635 unguem,
3207 3567 3324 3623 nisi
3350 3568 3517 3640 prius
3549 3583 3726 3638 argu-

2062 3654 2406 3708 mentorum
2428 3651 2719 3722 gravitate
2736 3656 2918 3726 atque
2939 3654 3323 3712 multitudine
3342 3657 3723 3729 propositum

2065 3746 2381 3798 assecutus
2410 3740 2486 3797 sit
2515 3759 2529 3797 :
2569 3744 2781 3798 auctor
2816 3757 2982 3813 vero,
3028 3743 3303 3816 quisquis
3335 3750 3723 3818 est,postca-

2065 3846 2255 3903 quam
2292 3845 2493 3903 pauca
2521 3831 2809 3903 quaedam
2839 3831 2916 3889 de
2944 3832 3168 3890 invicta
3203 3833 3264 3890 vi
3295 3834 3480 3892 divini
3520 3836 3727 3892 auxilii

2066 3921 2239 3993 dixit,
2260 3937 2512 3995 prorsus
2538 3922 2703 3981 aliud
2723 3923 2866 3995 agit,
2887 3923 3073 3997 idque
3093 3924 3176 3982 ita
3206 3925 3475 3995 confuse,
3508 3930 3574 3984 ut
3601 3942 3725 4000 quo

2068 4011 2446 4085 spectaverit,
2484 4013 2744 4069 nescias.
2788 4013 2899 4070 Ubi
2925 4013 3107 4085 igitur
3148 4014 3224 4072 de
3258 4015 3450 4073 libero
3479 4016 3724 4074 arbitrio

2068 4103 2284 4178 paucis
2340 4103 2579 4160 locutus
2617 4107 2727 4173 est,
2775 4103 2977 4161 statim
3023 4105 3224 4177 potius
3262 4105 3506 4179 quidvis
3559 4108 3726 4164 aliud

2070 4200 2304 4253 tractat.
2350 4199 2436 4251 lta
2491 4194 2655 4251 enim
2702 4194 2908 4251 scribit
2954 4199 3118 4268 (pag.
3180 4200 3307 4267 613)
3356 4213 3369 4251 :
3437 4204 3723 4272 Τοιγαροῦν

2071 4286 2210 4359 εἰπερ
2244 4284 2424 4358 βούλει
2453 4284 2657 4358 μαθεῖν,
2687 4289 2820 4347 τίνος
2851 4286 3011 4339 ἕνεκεν
3042 4289 3334 4350 κτισθέντες
3373 4292 3461 4341 καὶ
3498 4291 3724 4351 τεθέντες

2070 4375 2121 4428 ἐν
2149 4372 2482 4450 παραδείσῳ,
2513 4373 2803 4428 τελευταῖον
2834 4375 3336 4450 σνμπαρεϐλὴθημεν
3356 4386 3464 4441 τοῖς
3485 4377 3724 4441 ἀνοήτοις

2070 4472 2299 4535 κτήνεσι,
2352 4470 2441 4519 καὶ
2496 4467 2839 4539 ὡμοιώθημεν
2894 4466 3092 4533 αὐτοῖς,
3152 4465 3581 4533 ἆποπεπτωκότες
3629 4479 3725 4533 τῆς

2071 4556 2337 4631 ἁχριὶντου
2396 4553 2577 4621 δόξης,
2632 4560 2871 4628 γίνωσκε,
2925 4553 3106 4615 ἐπειδὴ
3169 4555 3261 4611 διὰ
3306 4566 3401 4622 τῆς
3455 4569 3727 4633 παρακοῆς

2072 4644 2252 4700 δοῦλοι
2310 4654 2405 4708 τῆς
2475 4648 2667 4720 σαρκὸς
2725 4653 2836 4709 τοῖς
2898 4643 3090 4699 πᾶθεσι
3156 4648 3434 4720 γενόμενοι,
3509 4649 3726 4713 ἑαυτοὺς

2070 4734 2406 4808 ἀπῳκίσαμεν
2463 4743 2558 4798 τῆς
2614 4741 2879 4810 μακαρὶας
2941 4743 3041 4789 τῶν
3105 4739 3309 4799 ζὼντων
3368 4744 3573 4813 χώρας,
3635 4744 3727 4792 καὶ

2071 4825 2122 4879 ἐν
2147 4823 2496 4898 αἰχμαλωσίᾳ
2517 4828 2800 4897 γενόμενοι,
2828 4828 2905 4878 ἔτι
2934 4824 3020 4878 ἐπι
3038 4833 3137 4877 τῶν
3161 4835 3408 4899 ποταμῶν
3430 4827 3729 4892 Βαϐυλῶνος

2070 4919 2383 4979 καθέζεσθαι
2408 4936 2421 4950 ε
2455 4920 2542 4968 καὶ
2567 4913 2658 4969 διὰ
2687 4919 2746 4969 τό
2770 4919 2847 4969 ἔτι
2876 4915 2927 4969 ἐν
2957 4900 3204 4990 Ᾰίγᾶπτῳ
3230 4920 3369 4992 ἡμᾶς
3386 4924 3744 4992 κατέχεσθαι,·

2072 5010 2216 5060 οὔπω
2264 5006 2755 5081 ἐκληρονομὴσαμεν
2802 5011 2898 5065 τὴν
2935 5016 3032 5080 γῆν
3072 5018 3165 5071 τῆς
3205 5008 3530 5082 ἐπαγγελίας.
3587 5012 3731 5078 Quae

2070 5096 2259 5155 verba
2307 5097 2390 5153 sic
2436 5097 2610 5154 vertit
2655 5097 2950 5170 interpres
2991 5115 3005 5153 :
3056 5100 3130 5156 Si
3176 5101 3349 5169 cupis
3392 5100 3585 5172 igitur
3639 5116 3734 5156 co-

2071 5202 2378 5259 gnoscere,
2437 5189 2612 5257 cujus
2667 5189 2874 5259 gratia
2930 5189 3180 5256 conditi,
3241 5190 3423 5261 inque
3484 5190 3734 5260 paradi-

2070 5293 2208 5337 snm
2266 5278 2472 5341 locati,
2532 5277 2953 5347 insipientibus
3021 5278 3262 5335 tandem
3323 5279 3735 5337 animantibus

2074 5368 2418 5439 comparati
2453 5373 2511 5425 et
2565 5368 2890 5425 assimilatz
2945 5369 3150 5441 simus,
3210 5368 3287 5426 ab
3339 5370 3736 5428 immaculata

2075 5461 2190 5518 illa
2232 5461 2434 5532 gloria
2472 5459 2738 5529 relapsi:
2779 5459 3089 5517 sciendum
3133 5464 3217 5516 est
3253 5461 3411 5532 quod
3451 5461 3737 5532 quoniam

2069 5565 2185 5621 per
2226 5550 2694 5608 inobedientiam
2738 5550 2898 5606 servi
2940 5549 3284 5607 carnalium
3328 5549 3739 5621 concupiscen-
