4092 6382
351 346 410 396 5|
1883 346 2276 404 PREFATIO.
3710 354 3778 406 52

351 466 572 522 tiarum
592 467 992 537 factisumus,
1015 485 1122 526 nos
1144 472 1300 541 ipsos
1320 488 1354 527 a
1377 471 1552 529 beata
1575 471 1901 528 viventium
1922 487 2010 530 re-
2039 506 2086 560 Α
2122 489 2243 546 que
2281 474 2631 546 usurpatur.
2670 473 2735 528 Et
2771 485 2913 528 vero
2952 486 3078 544 quo
3124 470 3372 528 consilio
3404 471 3485 527 ita
3517 471 3778 527 scribere

345 557 521 626 gione
534 562 802 614 extorres
817 559 1112 615 reddidim
1121 567 1397 632 us,atque
1411 562 1495 618 ita
1514 562 1576 617 in
1600 563 1995 632 captivitatem

2120 561 2360 634 potuit:
2395 569 2513 624 Πῶς
2551 565 2650 635 γὰρ
2691 561 2783 612 οὐκ
2824 565 2960 633 ὄφεις
2991 601 3004 626 ,
3039 562 3086 612 οἱ
3127 562 3210 613 ἐπὶ
3252 571 3352 632 γῆς
3386 566 3659 634 συρόμενοι
3688 566 3776 613 καὶ

346 645 614 715 abducti,
643 648 726 704 ad
747 649 1003 717 ﬂumina
1031 650 1362 720 Babylonis
1392 651 1595 707 adhuc
1613 652 1901 708 sedemus.
1929 652 2010 707 Et

347 738 632 806 quoniam
662 737 866 794 adhuc
891 739 952 794 in
984 739 1265 809 /Egypto
1287 741 1650 811 detinemur,
1666 743 2005 812 promissio-

346 827 438 879 nis
466 831 691 882 terram
723 828 991 885 nondum
1015 831 1220 886 sortiti
1235 845 1459 887 sumus.
1485 835 1571 887 lta
1587 831 1779 904 pergit
1799 835 2009 887 auctor

348 919 509 987 (pag.
543 919 646 972 614
677 921 734 974 et
762 919 912 991 seq.)
948 935 960 972 :
1001 923 1160 972 Οὔπω
1191 925 1615 996 amasqudean
1643 931 1705 995 τῇ
1743 925 1877 994 ζύμῃ
1911 931 2006 985 τῆς

344 1004 669 1078 εἰλικρινείας
691 1005 802 1058 ἀλλ’
828 1010 902 1060 ἔτι
929 1007 1083 1082 ἐσμὶν
1109 1009 1160 1061 ἐν
1191 1019 1251 1084 τῇ
1284 1020 1379 1073 τῆς
1410 1016 1662 1085 πονηρίας
1696 1013 2006 1085 ζύμῃ·οὕπω

340 1094 653 1169 ἐρῥαντίσθη
701 1099 850 1170 ἡμῶν
892 1100 922 1157 ἡ
973 1096 1168 1172 καρδία
1211 1110 1283 1172 τῷ
1327 1101 1514 1174 αἵματι
1553 1098 1644 1154 τοῦ
1684 1097 1871 1175 Ἀμνοῦ
1911 1101 2004 1155 τοι)

341 1188 563 1240 Θεοῦ....
596 1188 738 1238 οὔπω
770 1185 1124 1260 ἀπειλῂφαμεν
1156 1194 1244 1247 τὴν
1275 1188 1586 1261 ἁγαλλίασιν
1616 1199 1707 1244 τοῦ
1739 1195 2004 1264 σωτηρίου

337 1275 429 1326 τοῦ
461 1281 786 1347 Χριστοῦ....
830 1279 972 1329 οὔπω
1006 1273 1365 1351 ἐνεδυσάμεθα
1394 1284 1481 1332 τὸν
1510 1285 1682 1332 καινὸν
1708 1282 2000 1354 ἄνθρωπον,

333 1367 445 1419 etc.
477 1365 762 1422 Nondum
805 1368 1105 1437 fermento
1141 1369 1507 1426 sinceritatis
1538 1371 2006 1441 confermentati

330 1468 558 1523 sumus,
589 1453 692 1511 sed
714 1455 917 1512 adhuc
941 1459 1244 1526 fermento
1277 1460 1557 1531 nequitia
1582 1475 1952 1530 occupamur
1981 1477 1994 1516 :

331 1545 603 1600 nondum
662 1560 970 1615 aspersum
1037 1553 1121 1604 est
1187 1564 1293 1605 cor
1356 1555 1631 1605 nostrum
1696 1550 1997 1620 sanguine

328 1633 495 1704 Agni
530 1634 729 1692 Dei....
780 1637 1050 1694 nondum
1092 1639 1365 1696 laetitiam
1419 1640 1712 1696 salutaris
1768 1639 2000 1698 Christi

329 1725 848 1792 recuperavimus.
871 1769 882 1782 .
907 1769 955 1782 ..
1003 1728 1268 1784 nondum
1299 1729 1611 1785 induimus
1640 1745 1861 1787 novum
1893 1731 1997 1788 ho-

2117 653 2182 704 τὰ
2211 661 2305 713 τῆς
2331 661 2432 723 γῆς
2465 658 2782 724 φρονοῦντες,
2809 656 2897 702 καὶ
2925 651 3018 702 οὐκ
3046 649 3095 702 ἓν
3126 651 3361 723 οὐρανοῖς
3391 656 3484 708 τὴν
3515 650 3774 702 πολιτείαν

2115 744 2362 814 ἓχοντιςς
2395 751 2505 804 πῶς
2537 739 2594 795 δὶ
2625 742 2683 794 οὐ
2711 747 3002 814 γεννήματα
3033 738 3261 813 ἐχιδνῶν
3289 760 3300 806 ;
3333 747 3442 798 etc.
3475 741 3774 809 Quomodo

2115 835 2271 890 enim
2291 850 2412 891 non
2443 850 2646 890 sumus
2677 840 2979 903 serpentes
3005 835 3111 905 qui
3136 847 3317 902 super
3342 839 3567 889 terram
3593 833 3776 903 serpi-

2114 939 2268 991 mus,
2300 931 2353 980 et
2383 930 2626 981 terrena
2656 924 2940 994 sapimus,
2975 939 3083 979 nec
3115 923 3619 979 conversationem
3646 938 3776 978 nos-

2115 1016 2274 1068 tram
2307 1012 2589 1070 habemus
2629 1014 2690 1068 in
2723 1013 2888 1070 caelis
2919 1017 2948 1067 ?
2971 1013 3263 1085 quomodo
3303 1028 3422 1067 non
3460 1013 3774 1082 progenies

2113 1101 2460 1171 viperarum
2477 1107 2502 1156 .9
2517 1107 2629 1159 etc.
2657 1104 2949 1173 Fortasse,
2969 1106 3032 1158 ut
3055 1101 3142 1157 vis
3164 1101 3349 1157 divini
3367 1101 3570 1157 auxilii
3593 1107 3773 1174 atque

2111 1190 2434 1248 necessitas
2465 1191 2882 1248 ostenderetur
2907 1191 3033 1264 (qui
3054 1191 3235 1261 hujus
3265 1191 3525 1247 auctoris
3552 1205 3773 1263 scopus

2111 1278 2301 1336 fuisse
2327 1280 2642 1350 creditur):
2663 1281 2768 1336 sed
2791 1296 2982 1354 quam
3003 1295 3222 1352 parum
3252 1279 3377 1335 haec
3398 1279 3604 1336 omnia
3624 1279 3775 1335 inter

2111 1385 2176 1425 se
2201 1370 2564 1439 cohaereant,
2589 1369 2816 1438 vident,
2851 1370 3092 1443 opinor,
3125 1385 3360 1427 omnes.
3380 1370 3584 1426 Finem
3606 1370 3771 1426 lucu-

2106 1457 2503 1516 bratiunculas
2525 1476 2650 1515 sum
2671 1475 2813 1516 mox
2837 1459 3229 1532 impositurus
3252 1464 3480 1526 auctor,
3507 1459 3775 1529 confugit

2106 1547 2187 1604 ad
2202 1547 2349 1604 illud
2371 1565 2570 1616 suum,
2600 1554 2663 1606 ut
2686 1547 3013 1622 repetenda
3030 1549 3234 1622 aliqua
3254 1565 3400 1605 voce
3428 1565 3773 1605 sermonem

2104 1637 2498 1709 protraheret.
2527 1641 2681 1709 Ergo
2711 1643 2928 1711 printer
2957 1638 3470 1711 exspectationem
3495 1654 3640 1694 voce
3667 1647 3770 1713 πῦρ

2104 1727 2307 1795 utitur,
2330 1743 2588 1800 eamque
2617 1727 3077 1800 quatuordecies
3105 1727 3350 1784 adhibet
3381 1746 3393 1795 ;
3423 1731 3478 1783 et
3509 1731 3573 1783 ut
3600 1727 3768 1795 alias,

331 1813 574 1912 minem,
609 1818 723 1912 etc.
759 1814 874 1870 Ubi
914 1832 1057 1873 voce
1097 1820 1239 1870 οὔπω
1279 1834 1473 1891 usque
1505 1819 1660 1875 adeo
1703 1819 1992 1889 abutitur,
2024 1857 2062 1912 Β
2100 1816 2185 1912 ita
2213 1818 2310 1874 hic
2341 1833 2588 1891 quoque
2616 1833 2739 1876 non
2772 1818 2913 1912 satis
2943 1817 3290 1889 intelligitur
3323 1818 3399 1912 ad
3430 1819 3597 1891 quid,
3631 1834 3771 1874 cum

323 1905 388 1958 ut
409 1917 544 1958 eam
579 1903 765 1960 vicies
795 1908 852 1961 et
874 1906 1082 1962 novies
1098 1906 1188 1963 vel
1218 1907 1450 1964 circiter
1468 1911 1720 1982 repetat,
1741 1908 1993 1967 ibidem-

321 2006 443 2064 que
476 2008 593 2048 vox
636 1995 712 2045 ἔτι
751 2010 909 2067 smpe
947 1996 1200 2068 repetita
1234 2000 1344 2068 est,
1374 2013 1514 2070 quas
1555 1998 1690 2054 voci
1733 2001 1876 2051 οὔπω
1904 2015 1992 2056 re-

323 2081 649 2154 sponderet
663 2101 676 2152 ;
691 2098 884 2156 neque
899 2083 1095 2140 solum
1111 2085 1255 2142 nihil
1270 2086 1348 2142 ad
1362 2087 1748 2160 propositum
1765 2087 1992 2146 faciunt

319 2185 457 2242 quas
509 2171 754 2245 profert,
797 2172 904 2229 sed
954 2173 1203 2231 taedium
1256 2176 1599 2233 maximum
1649 2177 1990 2249 legentibus

320 2265 546 2318 creant.
589 2261 813 2318 Deinde
861 2263 1081 2319 harum
1121 2279 1348 2320 vocum
1393 2271 1688 2337 pertaesus
1733 2267 1990 2340 scriptor

318 2349 469 2422 ipse,
487 2351 739 2424 jamque
769 2367 995 2424 parans
1026 2368 1088 2408 se
1120 2353 1197 2410 ad
1221 2354 1384 2410 aliud
1406 2354 1646 2412 dicendi
1668 2371 1880 2427 genus,
1905 2358 1990 2416 sic

318 2438 512 2511 pergit
543 2440 714 2512 (pag.
771 2441 896 2512 614)
930 2459 942 2494 :
979 2443 1138 2494 Οὗπω
1171 2441 1326 2516 ἐσμὲν
1360 2447 1502 2516 γένος
1535 2443 1792 2512 ἐκλεκτὸν,
1828 2445 1987 2520 βασί-

315 2529 448 2582 λειοι
476 2531 775 2603 ἱεράτευμα,
803 2534 943 2594 ἔθνος
975 2533 1143 2604 ἅγιον,
1166 2532 1288 2596 λαὸς
1321 2534 1390 2597 εἰς
1417 2541 1771 2610 περιποίησιν,
1802 2536 1983 2598 ἐπειδὴ

316 2622 392 2672 ἔτι
431 2618 584 2692 ἐσμὲν
614 2624 776 2693 ὄφεις,
815 2627 1110 2694 γεννήματα
1142 2620 1393 2694 ἐχιδνῶν.
1429 2631 1544 2688 Πῶς
1574 2628 1673 2699 γὰρ
1701 2626 1795 2679 οὐκ
1826 2629 1990 2700 ὄφεις,

315 2709 364 2761 οἱ
396 2707 482 2761 ἐπὶ
504 2718 600 2781 γῆς
629 2714 926 2783 συρὸμινὸι,
960 2714 1137 2763 καὶτὰ
1162 2721 1256 2774 τῆς
1286 2722 1383 2784 γῆς
1418 2722 1744 2788 φρονοῦντες,
1777 2721 1864 2768 καὶ
1895 2717 1989 2769 οὐκ

316 2798 365 2852 ἐν
397 2799 633 2874 οὐρανοῖς
678 2807 767 2860 τὴν
797 2801 1056 2854 πολιτείαν
1091 2804 1302 2874 ἔχοντες
1333 2823 1346 2869 ;
1378 2813 1486 2867 πῶς
1520 2802 1579 2858 δὲ
1608 2806 1666 2858 οὗ
1695 2813 1990 2881 γεννήματα

317 2887 569 2961 ἐχιδνῶν,
598 2892 647 2943 οἰ
677 2895 748 2963 μὴ
784 2890 836 2943 ἐν
867 2901 927 2965 τῇ
953 2894 1155 2966 ὑπακοῇ
1186 2901 1278 2946 τοῦ
1306 2902 1440 2947 Θεοῦ
1463 2897 1843 2970 εὖφισκόμενοι,
1876 2881 1988 2950 ἆιλλ⁹

314 2978 364 3031 ἐν
408 2989 468 3052 τῇ
513 2976 606 3032 διὰ
647 2987 736 3032 τοῦ
777 2980 940 3053 ὄφεως
972 2991 1211 3055 παρακοῇ
1249 3001 1262 3046 ;
1311 2981 1523 3044 Ἐπειδὴ
1557 2991 1729 3038 τοίνυν
1758 2996 1868 3050 πῶς
1894 2988 1987 3060 μίν

315 3067 473 3132 ἀξίως
505 3063 782 3143 ὀδύρωμαι
814 3076 908 3129 τὴν
936 3074 1206 3146 συμφορὰν
1234 3077 1430 3132 ταύτην
1462 3075 1568 3147 οὐχ
1600 3079 1843 3151 εὑρίσκω,
1877 3085 1986 3139 πῶς

318 3156 377 3211 δὲ
409 3158 666 3224 ἐκϐοήσας
700 3157 953 3235 δακρύσω
987 3165 1115 3236 πρὸς
1159 3166 1247 3215 τὸν
1279 3160 1563 3238 δυνάμενον
1624 3166 1866 3230 ἐξελάσαι
1895 3172 1990 3226 τὴν

317 3245 660 3320 αὖλιζομένην
683 3247 732 3300 ἐν
759 3249 875 3323 ἐμοὶ
895 3249 1115 3319 πλάνην⁹
1139 3249 1327 3323 ἀγνοῶ·
1353 3255 1567 3316 καὶπῶς
1590 3257 1704 3327 ᾅσω
1733 3261 1818 3315 τὴν
1847 3253 1990 3328 ᾠδὴν

321 3341 518 3410 Κυρίου
569 3336 656 3391 ἐπὶ
709 3347 808 3411 γῆς
853 3338 1166 3415 ἀλλοτρίας;
1209 3351 1316 3404 πῶς
1373 3345 1618 3416 θρηνήσω
1667 3349 1754 3408 τὴν
1803 3351 1990 3420 Ἰερου-

322 3425 541 3499 σαλήμ;
578 3429 719 3493 Quae
754 3428 940 3486 verba
984 3430 1067 3487 ita
1111 3432 1313 3488 Latine
1342 3432 1607 3490 reddidit
1644 3434 1940 3508 interpres
1975 3434 1988 3473 ³

318 3516 605 3574 Nondum
631 3533 838 3574 sumus
852 3535 1040 3590 genus
1062 3521 1336 3590 electum,
1360 3525 1566 3594 regale
1587 3526 1991 3584 sacerdotium

317 3620 466 3676 gens
495 3613 734 3675 sancta,
777 3611 1045 3679 populus
1087 3615 1193 3683 qui
1237 3612 1300 3668 in
1349 3613 1590 3671 lucrum
1641 3619 1888 3672 accessit
1938 3623 1992 3675 et

323 3696 629 3758 peculium
657 3715 669 3752 :
725 3700 1013 3768 quoniam
1043 3700 1246 3758 adhuc
1277 3708 1601 3774 serpentes,
1627 3719 1830 3762 sumus
1859 3722 1992 3776 pro-

322 3786 523 3856 genies
578 3787 951 3858 viperarum.
1021 3789 1324 3858 Quomodo
1386 3793 1544 3849 enim
1612 3809 1733 3852 non
1789 3811 1994 3852 sumus

325 3881 648 3947 serpentes,
685 3878 791 3948 qui
819 3893 1001 3948 super
1043 3885 1269 3937 terram
1300 3883 1618 3952 serpimus,
1658 3889 1712 3940 et
1757 3890 1999 3942 terrena

327 3965 615 4034 sapimus,
676 3981 785 4023 nec
831 3971 1341 4027 conversationem
1394 3979 1666 4030 nostram
1720 3974 1784 4028 in
1835 3975 1998 4031 caelis

331 4052 614 4111 habemus
661 4059 690 4112 ?
741 4058 1036 4128 quomodo
1095 4075 1218 4115 non
1274 4062 1593 4133 progenies
1647 4063 1999 4133 viperarum

330 4159 560 4215 sumus,
583 4146 689 4217 qui
709 4162 827 4202 non
849 4149 910 4203 in
933 4148 1272 4207 obedientia
1292 4151 1422 4219 Dei,
1445 4152 1548 4210 sed
1570 4153 1631 4207 in
1661 4152 2002 4212 inobedien-

335 4237 440 4301 tia,
469 4250 603 4306 quce
625 4252 736 4307 per
763 4244 1096 4308 serpentem
1126 4245 1234 4308 est,
1266 4241 1770 4313 deprehendimur
1789 4247 1818 4298 ?
1843 4245 1998 4311 Quo-

335 4325 500 4382 niam
555 4326 746 4398 igitur
787 4343 908 4384 non
951 4329 1187 4386 invenio
1229 4331 1526 4402 quomodo
1587 4333 1997 4392 calamitatem

336 4414 508 4471 istam
530 4415 856 4486 deplorem,
885 4425 937 4473 et
967 4417 1197 4488 ignoro,
1227 4419 1518 4490 quomodo
1550 4436 1684 4477 cum
1708 4422 1996 4493 lacrymis

339 4519 470 4560 eum
501 4506 605 4576 qui
623 4504 1033 4563 demorantem
1058 4511 1118 4563 in
1141 4524 1233 4564 me
1262 4508 1664 4568 seductionem
1684 4510 1923 4582 abigere
1940 4519 1996 4570 et

2100 1906 2230 1963 hinc
2261 1907 2563 1975 scriberet,
2593 1907 2943 1980 respexerit.
2977 1911 3101 1964 Non
3133 1923 3276 1978 ergo
3298 1907 3418 1964 alio
3440 1908 3636 1977 magis
3660 1923 3768 1964 no-

2101 1997 2263 2053 mine
2303 1997 2609 2070 repudiari
2641 1997 2863 2053 debere
2901 1996 3017 2054 hoc
3046 1997 3230 2053 breve
3262 1997 3554 2070 scriptum
3597 2003 3766 2070 puto,

2097 2101 2288 2156 quam
2319 2085 2487 2158 quod
2509 2086 2768 2142 auctoris
2792 2101 3014 2158 scopus
3037 2085 3236 2141 nullus
3266 2085 3451 2141 fuisse
3473 2085 3765 2142 videatur.

2099 2173 2299 2232 Verba
2324 2179 2483 2243 sunt,
2514 2179 2805 2248 praeterea
2832 2174 2976 2230 nihil
3001 2190 3014 2230 :
3049 2190 3159 2230 nec
3189 2174 3372 2232 verba
3398 2175 3766 2249 simpliciter,

2100 2262 2206 2319 sed
2238 2263 2428 2320 verba
2455 2263 2611 2319 male
2641 2263 2792 2320 inter
2823 2279 2887 2319 se
2918 2263 3302 2320 cohaerentia.

2169 2357 2258 2410 23.
2296 2354 2416 2411 Etsi
2447 2355 2590 2410 satis
2620 2352 2810 2426 liquet
2839 2369 2910 2410 ex
2948 2353 3145 2420 dictis,
3174 2353 3235 2409 id
3268 2353 3633 2427 opusculum
3667 2357 3771 2410 Ba-

2099 2443 2230 2501 silio
2262 2444 2444 2501 tribui
2473 2445 2686 2501 merito
2717 2460 2839 2500 non
2872 2459 3053 2516 posse
3083 2461 3094 2499 :
3127 2449 3330 2500 tamen
3363 2444 3657 2501 nonnulla
3688 2443 3768 2501 ad

2097 2533 2214 2591 hoc
2242 2533 2404 2590 idem
2427 2532 2957 2606 comprobandum
2975 2532 3302 2590 ascribam.
3333 2536 3540 2590 Fateor
3565 2539 3766 2591 autem

2098 2623 2338 2694 singula
2360 2639 2592 2693 eorum,
2616 2639 2749 2695 quin
2768 2623 3044 2678 dicturus
3068 2639 3226 2692 sum,
3250 2623 3301 2678 si
3325 2639 3600 2679 seorsum
3625 2640 3766 2680 con-

2098 2711 2458 2782 siderentur,
2501 2728 2624 2768 non
2663 2713 2746 2768 ita
2783 2712 3043 2768 multum
3080 2711 3314 2768 roboris
3352 2729 3422 2769 ac
3477 2713 3766 2769 momenti

2096 2801 2377 2858 habitura
2411 2819 2424 2857 :
2461 2804 2568 2858 sed
2617 2802 2667 2857 si
2705 2802 2982 2859 omnium
3027 2801 3208 2858 simul
3257 2802 3556 2859 habeatur
3593 2802 3764 2872 ratio,

2098 2907 2276 2965 spero
2304 2896 2576 2949 nostram
2597 2891 2950 2964 opinionem
2981 2891 3121 2947 inde
3146 2892 3408 2948 maxime
3438 2891 3763 2948 conﬁrma-

2097 2985 2226 3037 tum
2246 2980 2336 3038 iri.
2363 2981 2689 3038 Exordium
2714 2997 2953 3036 sumam
2975 2981 3052 3036 ab
3075 2981 3166 3037 his
3186 2981 3384 3038 verbis
3410 2987 3571 3054 (pag.
3599 2985 3727 3050 613)
3748 2990 3761 3028 τ

2097 3076 2397 3144 Ἀμήχανον
2427 3075 2527 3146 γὰρ
2556 3069 2799 3129 ἐπιϐῆναι
2833 3070 2918 3124 ἐπὶ
2946 3068 3154 3124 ἀσπίδα
3182 3078 3270 3123 καὶ
3305 3070 3640 3144 βασίλισκον,
3675 3076 3764 3124 καὶ

2099 3170 2475 3220 καταπατῆσαι
2524 3160 2701 3212 λέοντα
2737 3166 2823 3212 καὶ
2872 3157 3150 3234 δράκοντα,
3201 3166 3271 3234 μὴ
3319 3167 3586 3236 προτερον,
3633 3163 3762 3214 καθὸ

2104 3248 2324 3305 δυνατὸν
2344 3250 2618 3324 ἀνθρώπῳ,
2640 3250 2998 3324 ἐκκαθάραντα
3017 3252 3216 3317 ἑαυτὸν,
3235 3248 3514 3324 ὃυναμωῡῆ
3524 3273 3606 3304 ναι
3623 3255 3764 3324 παρά

2102 3348 2194 3394 τοῦ
2236 3341 2468 3403 εἰπόντος
2519 3349 2628 3402 τοῖς
2684 3339 3014 3403 ἀποστόλοις·
3066 3338 3224 3405 Ἰδού,
3265 3345 3376 3396 etc.
3427 3345 3760 3413 interpres:

2102 3430 2474 3502 Impossibile
2511 3445 2771 3503 namque
2799 3435 2884 3486 est
2922 3430 3238 3487 ambulare
3273 3446 3452 3500 super
3497 3430 3761 3501 aspidem

2104 3527 2160 3578 et
2207 3521 2574 3591 basiliscum,
2623 3527 2675 3576 et
2733 3520 2976 3577 calcare
3029 3522 3256 3577 leonem
3316 3526 3370 3576 et
3419 3520 3764 3587 draconem,

2105 3625 2258 3678 eum,
2289 3611 2397 3683 qui
2414 3627 2532 3666 non
2548 3612 2724 3680 prius
2755 3612 3035 3679 seipsum,
3069 3616 3364 3682 quatenus
3397 3609 3624 3665 homini
3642 3625 3766 3681 pos-

2103 3701 2277 3758 sibile
2305 3706 2412 3769 est,
2441 3702 2820 3772 repurgavit,
2862 3707 2926 3756 ut
2957 3702 3143 3770 possit
3175 3699 3563 3757 corroborari
3600 3701 3676 3756 ab
3702 3715 3766 3756 eo

2106 3789 2214 3860 qui
2248 3790 2534 3859 apostolis
2573 3789 2728 3844 dixit
2765 3805 2777 3843 :
2824 3811 2851 3838 ‹‹
2900 3789 3056 3845 Ecce
3103 3812 3130 3837 »
3174 3793 3284 3845 etc.
3329 3788 3512 3844 Velim
3563 3794 3764 3846 autem

2105 3877 2292 3951 paulo
2323 3878 2607 3934 attentius
2637 3877 3016 3950 expendatur
3046 3877 3211 3948 illud,
3248 3875 3620 3951 δυναμωθῆναι
3651 3895 3664 3933 :
3699 3883 3764 3933 ut

2103 3967 2293 4036 possit
2316 3965 2718 4032 corroborari,
2775 3966 2835 4021 in
2858 3982 2980 4039 quo
3005 3966 3126 4022 vitii
3149 3966 3380 4040 aliquid
3411 3968 3604 4022 inesse
3634 3984 3764 4022 sus-

2108 4053 2296 4130 picor.
2339 4055 2492 4111 Nihil
2522 4055 2682 4112 enim
2714 4055 2891 4112 video
2926 4057 2985 4110 in
3024 4059 3149 4112 tota
3178 4056 3447 4128 periodo,
3481 4073 3517 4112 a
3550 4073 3673 4130 quo
3702 4056 3762 4112 id

2108 4144 2362 4202 verbum
2394 4149 2497 4202 aut
2525 4144 2651 4214 regi
2682 4150 2786 4201 aut
2813 4144 3156 4218 dependere
3186 4147 3375 4218 possit
3407 4164 3418 4200 :
3455 4146 3558 4202 sed
3585 4146 3764 4220 quasi

2112 4250 2480 4308 suspensum
2519 4241 2632 4306 est,
2677 4251 2787 4291 nec
2837 4236 2981 4292 satis
3028 4235 3273 4309 reliquas
3332 4237 3590 4293 orationi
3628 4253 3766 4293 con-

2108 4340 2356 4381 nexum.
2413 4325 2689 4399 Sequitur
2741 4342 2752 4379 :
2817 4325 3035 4398 Ὀφεῦει
3095 4324 3359 4401 ἀκορέστῳ
3417 4336 3609 4400 στοργῇ
3675 4332 3765 4379 καὶ

2111 4414 2359 4488 ἀπλήστῴ
2383 4411 2619 4468 διαθέσει
2647 4415 2699 4478 ἐξ
2728 4415 2850 4477 ὅλης
2879 4415 3108 4491 καρδίας
3128 4422 3216 4467 καὶ
3250 4412 3488 4488 δυνάμεω
3501 4438 3536 4486 ς,
3561 4421 3761 4490 νύκτωρ

2109 4523 2162 4556 τε
2206 4510 2294 4558 καὶ
2327 4506 2641 4579 μεθ’ἠμέραν
2682 4505 2853 4564 ζητεῖν
2900 4510 2992 4563 τὴν
3032 4504 3087 4557 ἐκ
3128 4504 3220 4556 τοῦ
3247 4510 3374 4557 Θεοῦ
3408 4505 3681 4578 ἀντίληψιν
3713 4506 3763 4558 ἐν

339 4574 636 4664 expellere
689 4602 902 4666 potest,
969 4599 1309 4670 implerem,
1379 4602 1671 4672 quomodo
1737 4574 1994 4662 cénzabo
2026 4574 2072 4630 D
2111 4574 2351 4667 δυνάμει.
2397 4574 2491 4650 Ad
2533 4574 2809 4662 verbum,
2855 4596 3023 4651 debet
3064 4610 3269 4651 amore
3307 4574 3662 4662 insatiabili,
3709 4603 3763 4651 et

340 4685 643 4743 canticum
681 4687 928 4744 Domini
970 4689 1032 4745 in
1066 4695 1232 4746 terra
1263 4691 1467 4748 aliena
1494 4694 1519 4744 .9
1565 4693 1858 4764 quomodo
1910 4695 1997 4751 la-

340 4776 643 4832 mentalor
673 4791 744 4832 ac
763 4777 988 4847 deﬂebo
1003 4779 1342 4836 Jerusalem
1374 4782 1402 4835 ?
1432 4781 1566 4836 Haec
1601 4782 1997 4854 eojcopiosius

340 4863 532 4932 retuli,
573 4881 698 4938 quo
743 4867 942 4938 magis
993 4867 1302 4940 scriptoris
1349 4868 1541 4926 idoles
1598 4876 1998 4942 cognoscatur

342 4957 522 5026 atque
543 4954 854 5025 ingenium
876 4957 1138 5014 hominis
1165 4973 1417 5031 scopum
1441 4959 1674 5016 nullum
1697 4961 1997 5032 habentis,

342 5048 398 5100 et
417 5044 564 5100 nihil
585 5044 771 5113 aliud,
805 5046 920 5103 nisi
946 5052 1008 5104 ut
1037 5047 1224 5104 verba
1245 5049 1589 5121 perfundat,
1621 5052 1907 5108 curantis.
1935 5056 2002 5110 Et

339 5151 415 5191 ne
427 5133 565 5208 quis
584 5133 903 5204 falleretur,
917 5137 1183 5194 tribuens
1197 5138 1434 5206 Basilio,
1451 5140 1618 5213 quod
1636 5141 2000 5199 Basilianum

341 5239 464 5280 non
511 5229 617 5292 est,
651 5224 944 5297 particula
972 5236 1078 5291 πῶς
1105 5228 1223 5286 hoc
1253 5229 1385 5303 ipso
1424 5231 1485 5285 in
1523 5229 1657 5286 loco
1687 5230 1869 5288 vicies
1907 5249 2001 5289 oc-

343 5313 545 5382 currit,
574 5317 655 5371 sic
678 5319 742 5371 ut
760 5314 1005 5372 tmdium
1029 5318 1196 5390 quod
1218 5335 1397 5376 voces
1423 5321 1566 5372 οὔπω
1587 5324 1645 5376 et
1664 5323 1738 5372 ἔτι
1755 5336 1999 5394 pepere-

338 5409 492 5473 rant,
536 5405 724 5462 altera
753 5405 996 5464 alterius
1029 5408 1188 5464 vocis
1215 5410 1565 5484 repetitione
1596 5409 1856 5467 multum
1889 5427 1996 5469 au-

340 5500 569 5569 geatur.
604 5498 722 5554 Nec
746 5496 946 5555 solum
965 5498 1184 5556 vocula
1204 5508 1309 5563 πῶς
1340 5499 1419 5557 ad
1449 5500 1783 5558 satietatem
1809 5517 1997 5575 usque

338 5587 691 5645 adhibetur:
721 5587 848 5656 sed,
876 5589 1042 5662 quod
1067 5590 1261 5662 magis
1283 5590 1360 5648 ad
1377 5607 1505 5648 rem
1532 5591 1689 5659 facit,
1723 5592 1852 5650 sine
1874 5593 1997 5652 ullo

340 5677 612 5749 consilio,
635 5677 762 5736 sine
782 5678 904 5737 ullo
925 5679 1179 5752 delectu,
1207 5679 1334 5738 sine
1355 5680 1717 5755 ullojudicio
1738 5683 1997 5757 plerum-

2108 4685 2299 4740 animi
2317 4685 2536 4754 affectu
2563 4685 2940 4754 inexplebili,
2965 4700 3038 4740 cx
3060 4686 3224 4740 omni
3249 4685 3422 4741 corde
3441 4692 3494 4741 et
3521 4687 3762 4755 virtute,

2107 4781 2306 4831 noctes
2323 4780 2503 4847 atque
2519 4776 2662 4842 dies,
2687 4777 2797 4831 Dei
2813 4776 3118 4831 auxilium
3132 4790 3403 4847 querere
3424 4777 3484 4831 in
3506 4777 3758 4832 virtute:

2108 4864 2211 4920 ubi
2237 4863 2386 4921 illud
2417 4865 2466 4918 ἐν
2501 4861 2744 4938 δυνάμει,
2792 4868 2853 4920 in
2885 4867 3128 4934 virtute,
3157 4881 3279 4922 non
3309 4865 3461 4922 belle
3492 4866 3571 4922 ibi
3601 4867 3762 4939 posi-

2109 4959 2236 5010 tum
2267 4959 2390 5023 est;
2414 4971 2525 5010 nec
2547 4954 2720 5010 valde
2751 4954 3084 5011 admodum
3111 4955 3347 5024 dubito,
3373 4956 3519 5029 quin
3553 4955 3764 5012 melius

2109 5043 2364 5100 abesset.
2387 5047 2535 5100 Nam
2552 5049 2957 5117 praeterquam
2976 5045 3143 5117 quod
3167 5045 3248 5100 ita
3276 5045 3482 5101 ultimo
3504 5045 3637 5102 loco
3659 5062 3763 5119 po-

2108 5132 2312 5198 situm,
2344 5131 2456 5189 fert
2487 5149 2610 5205 prae
2653 5149 2714 5187 se
2746 5132 2995 5190 insuave
3025 5133 3253 5206 aliquid
3284 5139 3340 5190 et
3369 5134 3760 5202 inurbanum,

2107 5227 2399 5295 praeterea
2427 5221 2768 5279 redundare
2795 5223 2938 5279 mihi
2969 5223 3219 5279 videtur.
3251 5227 3574 5297 Postquam
3601 5225 3764 5280 enim

2107 5318 2320 5370 auctor
2353 5313 2675 5385 scripserat
2714 5313 3113 5386 quaerendum
3144 5330 3274 5370 esse
3317 5317 3503 5370 Deum
3535 5330 3606 5370 ex
3638 5320 3763 5371 toto

2108 5403 2287 5460 corde
2314 5407 2493 5476 atque
2523 5404 2758 5473 virtute,
2791 5403 2959 5476 quid,
2983 5420 3214 5477 quaeso,
3240 5404 3406 5475 illud,
3434 5407 3494 5461 in
3519 5407 3760 5474 virtute,

2109 5493 2331 5551 addere
2361 5508 2609 5550 necesse
2635 5494 2814 5550 erat?
2849 5493 3038 5550 Paulo
3072 5498 3211 5568 post
3239 5495 3321 5551 ita
3351 5494 3566 5565 legitur
3593 5497 3760 5570 (pag.

2107 5585 2235 5654 614)
2287 5599 2300 5638 :
2355 5585 2514 5635 Οὔπω
2563 5583 2876 5659 ἐῤῥαντίσθη
2923 5587 3066 5657 ἡμῶν
3117 5586 3144 5642 ἡ
3198 5581 3396 5660 καρδία
3447 5595 3517 5656 τῷ
3580 5588 3764 5659 αἵματι

2107 5681 2200 5728 τοῦ
2252 5673 2443 5748 Ἀμνοῦ
2489 5681 2580 5728 τοῦ
2625 5680 2774 5730 Θεοῦ·
2814 5676 2890 5729 ἔτι
2938 5678 3039 5749 γὰρ
3080 5679 3138 5729 τὸ
3183 5679 3437 5750 πέτανρον
3484 5684 3576 5732 του
3624 5675 3759 5749 ᾅδου
