4092 6390
253 344 323 398 53
1754 351 2148 410 PREFATIO.
2426 386 2435 391 ~
3588 367 3658 421 54

253 478 343 527 καὶ
363 475 426 527 τὸ
451 473 735 545 ἄγκιστρον
764 479 859 534 τῆς
882 474 1068 535 κακίας
1090 471 1420 546 ἑμπεπηκται
1446 474 1602 551 αὐτῇ.
1625 478 1911 535 Nondum

2031 478 2247 536 humile
2267 479 2330 536 in
2361 495 2432 538 eo
2447 482 2733 555 reperias,
2756 499 2896 540 cum
2912 487 3114 542 tamen
3132 485 3193 543 in
3204 503 3343 544 vere
3361 487 3676 545 Basilianis

255 578 567 634 aspersum
615 568 701 619 est
755 577 859 618 cor
900 567 1175 619 nostrum
1228 567 1526 635 sanguine
1564 568 1729 639 Agni
1765 568 1909 625 Dei:

255 652 460 709 adhuc
485 652 643 708 enim
668 652 769 708 illi
796 652 1047 724 laqueus
1074 652 1308 722 inferni
1332 657 1386 710 et
1416 655 1627 712 hamus
1665 657 1915 713 malitiae

254 742 478 812 inﬁxus
509 746 614 798 est.
645 741 910 797 Primum
946 740 1212 798 hominis
1241 747 1381 800 sunt
1409 744 1618 814 verba,
1650 745 1756 818 qui
1788 760 1915 801 non

256 835 609 889 caeterorum
627 831 948 887 hominum
971 846 1142 887 more
1166 831 1452 905 loquitur.
1502 834 1683 891 Pauci
1726 833 1911 902 enim,

255 920 362 994 qui
392 920 921 990 interrogarentur,
970 936 1078 977 cur
1130 936 1234 978 cor
1290 927 1569 980 nostrum
1618 923 1914 995 sanguine

254 1010 409 1083 Agni
439 1010 540 1067 Dei
567 1009 845 1067 nondum
866 1026 1187 1084 aspersum
1211 1012 1305 1084 sit,
1336 1012 1421 1070 ita
1443 1013 1912 1087 responderent:

255 1101 479 1158 Adhuc
499 1101 656 1158 enim
682 1102 934 1173 laqueus
959 1101 1197 1171 inferni
1224 1108 1281 1159 et
1309 1102 1524 1159 hamus
1548 1104 1803 1161 malitia:
1827 1104 1917 1160 in-

254 1191 416 1261 ﬁmus
446 1196 533 1248 est
552 1190 672 1247 illi.
701 1190 925 1247 Deinde
948 1205 1164 1247 vocem
1197 1194 1454 1267 πέταυρον
1481 1208 1592 1265 pro
1621 1208 1719 1261 eo,
1748 1190 1918 1265 quod

259 1279 465 1355 βρόχος
499 1282 709 1336 usitate
725 1279 958 1345 dicitur,
978 1295 1289 1353 nusquam
1303 1295 1338 1337 a
1354 1280 1569 1337 Basilio
1581 1281 1916 1338 adhibitam

255 1368 520 1426 invenio.
562 1371 678 1425 Nec
706 1368 791 1427 ita
819 1368 1012 1426 multo
1038 1369 1194 1426 infra
1214 1370 1297 1427 ita
1324 1373 1533 1428 auctor
1558 1370 1796 1426 locutus
1827 1375 1920 1427 est

256 1458 484 1530 (ibid.):
518 1461 679 1512 Οὔπω
708 1463 985 1533 γεγόναμεν
1007 1455 1196 1522 ἄδολος
1220 1462 1463 1536 πορφύρα
1493 1459 1768 1534 βασιλικὴ,
1795 1456 1919 1513 οὐδὶ

259 1548 532 1612 ἂνόθευτος
562 1549 710 1603 εἰκὼν
741 1551 906 1608 θεῑκή.
933 1550 1220 1606 Nondum
1236 1551 1399 1621 facti
1423 1565 1626 1606 sumus
1649 1551 1793 1621 fuco
1824 1564 1919 1606 ca-
1944 1588 1951 1593 ι

257 1654 396 1696 rens
410 1653 699 1709 purpura
718 1641 909 1711 regia,
927 1653 1118 1711 neque
1140 1654 1434 1710 germana
1454 1641 1652 1711 imago
1677 1640 1920 1696 divina:

258 1728 365 1785 ubi
391 1728 754 1798 notandum,
775 1728 942 1802 quod
957 1729 1085 1799 jam
1099 1728 1240 1786 alibi
1253 1729 1623 1793 notavimus,
1639 1727 1922 1785 Basilium

2022 568 2137 625 illis
2165 570 2424 626 exordiis
2455 572 2682 642 grande
2711 572 3026 645 quoddam
3057 579 3115 631 et
3149 575 3406 633 sublime
3434 577 3678 635 dicendi

2024 670 2214 727 genus
2244 672 2482 731 semper
2503 659 2879 717 adhibeatur.
2907 663 3237 735 Postquam
3251 669 3451 721 autem
3466 665 3679 736 frigide

2023 760 2277 801 exorsus
2305 749 2393 802 est
2422 746 2694 820 scriptor,
2717 748 2991 818 frigidius
3016 750 3097 806 ita
3117 753 3494 824 persequitur
3512 754 3676 826 (pag.

2022 835 2181 907 6H):
2209 839 2273 888 Τί
2300 838 2425 888 εἴπω
2449 852 2464 903 ;
2486 846 2595 899 πῶς
2624 839 2760 911 ὑμᾶς
2804 839 3234 914 προσφθέγξομαι
3259 858 3272 909 ;
3325 848 3433 904 πῶς
3476 862 3680 916 προκα-

2024 923 2327 998 ταλὴψομαι
2356 928 2421 977 τὰ
2444 926 2766 1001 παρελθόντα
2789 948 2802 994 ;
2825 935 2924 979 τῶν
2949 927 3234 1001 μελλόντων
3262 932 3321 982 τὸ
3352 932 3547 1005 χρέοςζ
3584 934 3684 984 Καὶ

2023 1016 2123 1088 γὰρ
2154 1013 2510 1088 παρελθόντων
2536 1017 2820 1079 ὑπεύθυνός
2838 1018 2962 1091 εἰμι,
2983 1023 3072 1071 καὶ
3084 1018 3368 1092 μελλόντων
3378 1026 3627 1095 χρεώστη
3640 1042 3678 1084 ς.

2028 1103 2184 1172 Quid
2204 1105 2442 1163 dicam?
2492 1121 2610 1177 quo
2641 1121 2741 1163 vos
2770 1108 2945 1164 modo
2977 1109 3310 1181 alloquar?
3361 1125 3476 1181 quo
3503 1115 3685 1180 pacto

2027 1199 2400 1252 antevertam
2427 1198 2741 1266 prceterita
2762 1200 2790 1253 ?
2825 1198 3179 1268 futurorum
3210 1199 3475 1256 debitum
3494 1204 3522 1255 ?
3548 1201 3690 1256 Ete-

2026 1284 2152 1340 nim
2177 1286 2633 1355 prceteritorum
2652 1300 2790 1343 reus
2806 1302 2957 1358 sum,
2982 1292 3037 1343 et
3054 1288 3406 1357 futurorum
3429 1288 3684 1345 debitor.

2029 1372 2233 1429 Dicam
2258 1373 2536 1443 vicissim,
2565 1374 2794 1432 nescire
2810 1393 2908 1433 me
2930 1392 3051 1449 quo
3072 1377 3202 1433 haec
3220 1378 3465 1434 nomine
3486 1376 3691 1453 appel-

2027 1463 2168 1519 lem.
2204 1463 2358 1528 Quid
2400 1463 2562 1520 enim
2592 1464 2706 1522 sibi
2732 1465 2872 1523 velit
2906 1466 3076 1523 illud.
3136 1467 3260 1534 Quo
3304 1473 3487 1536 pacto
3525 1473 3691 1525 ante-

2031 1557 2262 1609 vertam
2279 1554 2593 1622 praeterita
2618 1557 2644 1608 ?
2676 1553 3031 1625 futurorum
3061 1556 3323 1613 debitum
3342 1561 3368 1611 .9
3394 1572 3519 1613 non
3549 1556 3693 1613 satis

2031 1641 2296 1713 intelligo
2319 1642 2413 1714 (c).
2445 1643 2762 1708 Quomodo
2783 1643 2961 1715 igitur
2975 1645 3105 1702 htec
3123 1649 3228 1703 aut
3246 1646 3528 1702 vocanda
3549 1646 3691 1716 sint,

2033 1734 2135 1786 aut
2149 1729 2557 1800 intelligenda,
2582 1731 2681 1788 alii
2703 1732 2980 1789 viderint.
2995 1732 3314 1808 Aliquanto
3330 1740 3466 1808 post
3485 1738 3696 1792 auctor

258 1835 404 1877 voce
435 1822 603 1882 θεῑκός
619 1834 941 1893 nunquam
954 1819 1017 1875 in
1030 1819 1153 1875 suis
1172 1820 1407 1894 scriptis
1425 1819 1513 1876 uti
1527 1820 1626 1893 (a).
1641 1818 1923 1876 Nonnihil

2032 1818 2116 1876 ita
2139 1819 2343 1876 scribit
2372 1820 2535 1892 (pag.
2570 1820 2694 1893 618)
2731 1839 2744 1876 :
2798 1821 2937 1875 Ἐπεὶ
2982 1822 3068 1875 οὖν
3119 1826 3167 1876 οἱ
3220 1826 3309 1898 μὲν
3355 1823 3513 1898 βαθεῖ
3560 1844 3693 1877 κατ-

260 1914 350 1967 est
376 1925 644 1984 quoque,
686 1910 855 1983 quod
889 1925 1007 1966 vox
1040 1917 1336 1986 τοιγαροῦν,
1365 1924 1501 1983 quas
1539 1913 1664 1966 tam
1703 1925 1924 1982 parum

261 1998 478 2055 Basilio
502 1998 816 2056 familiaris
844 2003 990 2068 erat,
1023 2003 1089 2055 ut
1114 2015 1296 2072 opere
1322 1999 1383 2055 in
1410 1999 1595 2069 longo
1627 1998 1704 2071 ib)
1733 2014 1811 2055 ne
1837 2014 1925 2055 se-

261 2087 381 2144 mel
404 2088 655 2160 quidem
679 2103 752 2144 ea
785 2104 931 2144 usus
963 2089 1053 2161 sit,
1090 2088 1225 2162 ipsa
1260 2093 1466 2145 tamen
1505 2089 1567 2144 in
1604 2092 1730 2145 tam
1754 2087 1926 2144 brevi

260 2176 561 2250 opusculo
586 2181 673 2233 ter
696 2181 800 2234 aut
823 2181 1035 2249 quater
1064 2177 1414 2250 reperiatur.
1471 2176 1701 2243 Quodsi
1730 2178 1792 2233 in
1823 2176 1945 2251 ali-j

264 2265 439 2337 cujus
471 2269 673 2322 mente
706 2265 1030 2338 scrupulus
1065 2270 1243 2338 atque
1275 2265 1570 2321 dubitatio
1601 2264 1803 2322 adhuc
1835 2280 1924 2322 re-

264 2353 476 2418 sideat,
504 2353 687 2410 velim
712 2354 870 2410 hanc
897 2353 1487 2410 lucubratiunculam
1518 2371 1657 2411 cum
1686 2354 1925 2411 indubi-

264 2443 406 2500 tatis
440 2442 636 2499 Basilii
665 2442 902 2516 scriptis
927 2447 1264 2517 comparet:
1294 2443 1464 2515 quod
1487 2444 1592 2500 ubi
1611 2443 1927 2515 diligenter

265 2532 490 2602 fecerit,
520 2531 688 2588 brevi
726 2546 1123 2587 assensurum
1156 2531 1420 2604 conﬁdo,
1466 2533 1754 2590 Basilium
1795 2533 1925 2606 ejus

261 2620 598 2692 legitimum
628 2625 944 2694 parentem
973 2636 1099 2678 non
1130 2636 1283 2677 esse.

2036 1911 2251 1981 ἔχονται
2281 1910 2445 1982 ὕπνῳ,
2487 1909 2907 1987 λνθαργήσαντες
2957 1921 3057 1965 τῶν
3088 1920 3179 1965 τοῦ
3211 1921 3345 1967 Θεοῦ
3386 1910 3612 1990 δωρεῶν·
3647 1915 3697 1967 οἱ

2036 1995 2095 2052 δὲ
2128 1999 2337 2073 ἀναμὶξ,
2366 2002 2491 2053 ποτε
2521 2003 2611 2074 μὲν
2638 2001 3007 2078 ἐγρηγόρασιν,
3038 2005 3162 2057 ποτὲ
3205 2002 3262 2058 δὲ
3294 2007 3468 2080 ὥσπερ
3514 2004 3696 2058 ἐπινυ-

2036 2088 2344 2158 σζάζουσινι
2383 2088 2500 2142 οὒτε
2523 2093 2609 2143 τόν
2646 2089 2913 2167 ἀλλότριον
2962 2089 3232 2166 δέχονται,
3276 2095 3392 2147 οὔτε
3444 2098 3529 2147 τόν
3572 2114 3697 2149 ποτε

2035 2178 2431 2253 ἐπιστρέφοντα,
2480 2178 2598 2232 οὔτε
2646 2183 2734 2233 τὸν
2783 2189 3040 2234 νοσοῦντα
3094 2186 3162 2245 ὡς
3216 2184 3534 2255 ὑγιαίνοντα·
3584 2190 3700 2237 Ἵνα

2038 2270 2184 2341 σώζῃ
2215 2270 2389 2344 ὥσπερ
2419 2265 2614 2343 δορκάς
2643 2269 2701 2322 ἐκ
2734 2269 2972 2345 βροχῶν,
3026 2278 3084 2324 Ἣ
3127 2268 3321 2346 δορκάς
3376 2273 3510 2334 ζῶόν
3554 2272 3697 2326 ἐστιν

2036 2353 2335 2433 ὀξυδερκὲς,
2368 2357 2634 2431 ἐπώνυμον
2666 2367 2728 2433 τῇ
2775 2359 2962 2412 ἑαυτοῦ
3014 2356 3319 2437 ὀξυδορκίᾳο
3372 2359 3522 2415 οὐδὲν
3569 2361 3699 2414 λαν-

2037 2449 2176 2500 θάνει
2230 2450 2317 2499 τόν
2382 2445 2642 2520 ὀφθαλμὸν
2716 2457 2812 2510 τῆς
2863 2446 3147 2525 δορκάδος,
3202 2447 3340 2504 οἶδεν
3393 2451 3419 2504 ὃ
3478 2451 3699 2526 φυλάξε-

2033 2557 2140 2603 ται,
2174 2540 2265 2590 καὶ
2295 2533 2433 2590 οἶδεν
2461 2541 2588 2590 ὅπου
2615 2544 2707 2590 τοῦ
2740 2535 2940 2613 δρόμου
2988 2543 3046 2592 τὸ
3091 2539 3482 2615 κυϐερνητικόν.
3546 2541 3702 2610 Quia

2030 2628 2223 2699 igitur
2251 2628 2365 2684 alii
2382 2628 2618 2699 quidem
2644 2630 2954 2700 profundo
2980 2631 3332 2688 detinentur
3352 2648 3574 2704 somno,
3594 2632 3697 2688 do-

1918 2780 1925 2785 ,
2029 2731 2248 2773 norum
2268 2717 2382 2773 Dei
2405 2717 2705 2775 oblivione
2735 2720 2911 2792 quasi
2949 2727 3190 2777 veterno
3233 2722 3545 2793 occupati;
3585 2722 3702 2779 alii

298 2805 327 2872 §
357 2804 441 2860 IX.
481 2802 572 2860 De
600 2802 854 2861 homilia
882 2803 948 2859 in
977 2803 1159 2872 illud,
1193 2824 1221 2854 ‹‹
1243 2804 1333 2861 Ne
1352 2803 1588 2862 dederis
1620 2819 1891 2862 somnum

803 2894 995 2950 oculis
1028 2894 1168 2964 tuis,
1197 2916 1226 2946 »
1262 2898 1370 2952 etc.

329 3077 418 3132 24.
461 3077 626 3132 Hanc
652 3074 969 3132 homiliam
1019 3090 1143 3132 non
1193 3075 1276 3133 ita
1324 3076 1559 3150 pridem
1607 3074 1925 3133 ediderunt

260 3164 609 3222 Franciscus
640 3165 1035 3223 Combefisius
1072 3170 1129 3223 et
1164 3168 1425 3223 Joannes
1455 3166 1720 3241 Baptista
1755 3166 1923 3223 Cote-
1962 3151 2002 3209 (ἶ

258 3254 472 3325 lerius;
503 3254 598 3311 ille
629 3255 834 3312 Latine
864 3256 1082 3324 solum,
1112 3255 1211 3312 hic
1233 3258 1430 3313 Graece
1452 3261 1508 3313 et
1535 3256 1755 3313 Latine.
1782 3255 1922 3328 Ejus

258 3346 341 3402 ita
369 3345 739 3402 mentionem
765 3345 995 3402 faciunt
1022 3345 1358 3402 doctissimi
1382 3345 1489 3403 viri
1518 3344 1924 3402 Tillemontius

260 3439 318 3492 et
347 3434 639 3508 Dupinus,
671 3438 738 3490 ut
760 3435 957 3507 ipsam
976 3434 1189 3491 Basilio
1210 3450 1439 3506 magno
1460 3450 1583 3497 non
1604 3434 1924 3504 indignam

260 3539 394 3580 esse
421 3522 830 3597 pronuntient.
863 3525 983 3579 Hoc
1012 3523 1175 3579 idem
1203 3538 1277 3580 ea
1300 3523 1376 3579 de
1397 3521 1926 3580 lucubratiuncula

257 3614 386 3686 jam
418 3617 597 3669 antea
627 3611 1299 3685 senserantduoiiquos
1323 3610 1589 3684 primum
1612 3610 1924 3667 nominavi

261 3702 369 3759 viri
389 3701 793 3759 eruditissimi.
818 3700 985 3759 Dolet
1004 3700 1172 3772 mihi,
1203 3701 1370 3774 quod
1391 3703 1520 3757 haec
1545 3699 1926 3757 oratiuncula

260 3792 375 3849 hos
402 3796 695 3864 patronos
731 3789 974 3847 habeat.
1021 3793 1238 3847 Vereor
1267 3791 1453 3860 enim,
1493 3805 1569 3847 ne
1609 3805 1820 3846 eorum
1860 3789 1925 3846 in

260 3882 466 3939 litteris
481 3880 805 3939 auctoritas
825 3885 1057 3938 tantum
1084 3880 1249 3954 apud
1270 3880 1506 3955 aliquos
1525 3880 1742 3950 valeat,
1763 3885 1828 3936 ut
1848 3895 1925 3937 ne

260 3971 444 4029 velint
479 3970 729 4044 quidem
767 3974 975 4027 nostra
1016 3973 1375 4042 argumenta
1425 3968 1653 4026 audire.
1710 3971 1924 4039 Quare,

260 4061 372 4118 nisi
398 4077 493 4117 res
522 4060 658 4134 ipsa
686 4060 765 4117 ad
788 4059 1166 4133 loquendum
1191 4059 1459 4131 adigeret
1499 4075 1619 4125 me,
1662 4062 1925 4115 tacerem

258 4150 475 4208 libens.
516 4154 719 4224 Neque
757 4150 919 4206 enim
959 4148 1196 4221 ignoro,
1239 4165 1427 4223 quam
1462 4148 1536 4205 sit
1567 4147 1925 4222 periculosas

259 4242 510 4315 plenum
539 4256 695 4314 opus
726 4240 892 4309 aleae,
939 4239 1239 4312 ejusmodi
1262 4239 1405 4295 viris
1437 4238 1763 4295 adversari.
1810 4237 1927 4296 Sed

262 4331 557 4407 quoniam
586 4329 924 4404 quidquam
955 4328 1335 4385 dissimulare
1363 4343 1475 4385 nec
1508 4343 1780 4401 possum,
1813 4342 1926 4384 nec

164 4422 181 4433 “
265 4421 478 4493 debeo,
511 4420 661 4494 quid
689 4419 765 4475 de
785 4418 901 4475 hoc
917 4419 1211 4492 opusculo
1233 4417 1509 4489 sentiam,
1532 4417 1763 4491 aperire
1789 4433 1931 4473 con-

2032 2821 2171 2864 vero
2192 2808 2502 2877 permiste,
2534 2807 2844 2866 interdum
2875 2810 3160 2882 vigilant,
3201 2812 3504 2868 interdum
3533 2812 3699 2869 velut

2030 2896 2475 2967 indormitant;
2498 2911 2685 2970 neque
2699 2899 2963 2955 alienum
2985 2900 3337 2969 admittunt,
3359 2916 3548 2973 neque
3562 2916 3698 2959 eum

2032 2985 2138 3058 qui
2150 2985 2485 3057 aliquando
2515 3001 2831 3043 conversus
2861 2992 2969 3057 est,
3000 3004 3192 3062 neque
3228 2994 3522 3063 aegrotum
3561 2996 3695 3047 iano

2031 3090 2211 3148 quam
2240 3090 2477 3132 sanum.
2506 3098 2534 3127 «
2565 3077 2637 3133 Ut
2671 3078 2925 3134 salveris
2958 3082 3248 3151 tanquam
3279 3079 3529 3137 damula
3552 3096 3583 3138 e
3608 3082 3698 3138 la-

2030 3166 2225 3238 queis."
2254 3187 2283 3216 »
2314 3166 2581 3223 Damula
2600 3182 2703 3223 seu
2725 3174 2965 3233 aereas,
2991 3170 3227 3226 animal
3245 3175 3329 3227 est
3349 3170 3478 3227 acie
3497 3173 3698 3228 oculo-

2030 3271 2168 3312 rum
2191 3256 2418 3319 valens,
2443 3270 2520 3313 ea:
2531 3271 2651 3328 qua
2662 3257 2944 3315 dorcadis
2956 3273 3171 3315 nomen
3188 3259 3364 3315 tulit:
3378 3258 3537 3315 nihil
3551 3260 3699 3317 latet

2031 3345 2311 3402 dorcadis
2325 3346 2566 3402 oculum
2578 3362 2601 3404 .·
2612 3347 2779 3403 novit
2792 3346 2938 3419 quid
2948 3363 3161 3405 cavere
3169 3348 3403 3421 debeat;
3416 3350 3583 3407 novit
3596 3350 3703 3406 ubi

2030 3437 2107 3491 sit
2125 3451 2337 3491 cursus
2356 3435 2865 3507 gubernaculum.
2900 3437 2984 3494 Ita
3015 3437 3273 3495 scribere
3297 3438 3493 3513 potuit
3511 3438 3698 3495 homo

2029 3523 2257 3580 ultima:
2276 3525 2469 3593 sortis,
2496 3539 2623 3581 non
2646 3525 2895 3582 Basilius
2911 3529 3220 3583 oratorum
3240 3528 3529 3601 optimus.
3544 3527 3701 3595 Quid

2031 3617 2124 3670 est
2138 3613 2319 3679 enim,
2343 3629 2572 3688 quaeso,
2590 3618 2788 3671 totum
2806 3614 3287 3688 illud,interdum
3310 3619 3592 3689 vigilant,
3609 3619 3699 3675 in-

2033 3703 2267 3760 terdum
2284 3703 2722 3774 indormitant;
2750 3719 2939 3777 neque
2957 3706 3222 3762 alienum
3241 3708 3588 3776 admittunt,
3602 3723 3702 3766 ne-

2031 3808 2145 3865 que
2155 3807 2286 3849 eum
2299 3793 2745 3866 quialiquando
2758 3808 3078 3857 conversus
3089 3800 3393 3869 est,neque
3403 3803 3699 3868 aegrotum

2033 3890 2323 3955 tanquam
2341 3897 2576 3954 sanum,
2590 3882 2708 3939 nisi
2727 3882 3054 3940 verborum
3070 3885 3477 3958 quorumdam
3493 3886 3701 3944 incon-

2031 3972 2156 4029 dita
2175 3971 2458 4046 quaedam
2471 3972 2783 4043 congeries
2795 3974 2823 4030 ?
2845 3975 3078 4046 Quaero,
3101 3974 3449 4045 vigilaretne
3466 3980 3697 4049 auctor,

2034 4078 2175 4119 cum
2196 4061 2280 4118 ita
2309 4061 2570 4136 scripsit,
2593 4077 2674 4118 an
2695 4060 3084 4121 dormitaret?
3130 4079 3392 4123 sanusne
3420 4068 3594 4138 esset,
3618 4082 3699 4124 an

2033 4155 2295 4224 aegrotus
2309 4151 2337 4207 ‘l
2353 4155 2467 4209 Nec
2488 4150 2680 4209 multo
2695 4151 2912 4209 melius
2935 4157 3024 4210 est
3036 4154 3203 4228 quod
3225 4154 3515 4229 sequitur,
3530 4158 3703 4214 novit

2034 4242 2331 4316 [damula]
2353 4242 2459 4299 ubi
2470 4242 2550 4298 sit
2570 4257 2784 4299 cursus
2802 4243 3305 4315 gubernaculum.
3329 4246 3431 4302 Hic
3451 4261 3697 4303 monere

2030 4333 2223 4405 juvat,
2252 4330 2605 4405 scriptorem
2627 4347 2658 4388 e
2681 4332 2883 4390 Basilii
2911 4333 3202 4403 oratione,
3225 4335 3323 4391 cui
3341 4334 3568 4409 titulus,
3589 4337 3699 4393 At-

2037 4422 2209 4479 tende
2240 4421 2348 4478 tibz
2379 4421 2515 4492 ipsi,
2554 4421 2850 4480 nonnulla
2880 4427 3220 4481 mutuatum
3240 4424 3454 4482 fuisse:
3487 4426 3593 4483 sed
3613 4427 3697 4483 sic

268 4510 451 4582 stitui,
477 4514 545 4567 ut
572 4509 652 4565 ab
683 4507 928 4565 eruditis
956 4508 1326 4570 hominibus,
1360 4508 1573 4564 merito
1604 4522 1683 4563 an
1712 4507 1926 4563 imme-
1962 4502 2005 4558 Ι)
2036 4515 2260 4580 tamen,
2282 4514 2350 4568 ut
2371 4511 2494 4568 suis
2515 4511 2814 4570 Basiliana
2838 4511 3489 4588 depravet.Postquam
3511 4516 3694 4584 enim,

266 4601 380 4658 rito
409 4600 489 4658 ab
519 4599 605 4656 eis
635 4598 1011 4667 dissentiam,
1045 4597 1365 4669 judicetur.
1398 4601 1462 4654 In
1491 4597 1762 4670 qualibet
1796 4613 1927 4654 ora-

268 4691 450 4757 tione,
471 4690 567 4747 vel
588 4689 787 4764 potius
808 4689 869 4745 in
889 4687 1161 4762 quolibet
1182 4688 1401 4762 scripto
1422 4688 1544 4744 duo
1560 4686 1931 4745 considerari

269 4784 550 4855 possunt,
578 4779 767 4836 verba
795 4782 853 4835 et
872 4780 1196 4835 sententiae.
1223 4781 1482 4850 Utraque
1503 4782 1703 4834 autem
1729 4777 1791 4833 in
1810 4777 1926 4833 hoc

269 4869 585 4946 opusculo,
629 4872 695 4925 ut
733 4867 883 4925 mihi
937 4867 1185 4941 quidem
1230 4867 1486 4934 videtur,
1540 4866 1926 4940 peregrinum

270 4960 567 5037 quiddam
598 4962 654 5016 et
684 4974 721 5015 a
747 4957 945 5015 Basilii
976 4957 1409 5015 consuetudine
1438 4957 1702 5014 alienum
1724 4957 1931 5031 praefe-

268 5055 430 5110 runt.
466 5053 531 5107 Et
559 5054 626 5106 ut
654 5048 804 5105 ordo
830 5048 1049 5122 aliquis
1078 5054 1366 5118 servetur,
1395 5048 1660 5122 primum
1690 5047 1765 5105 de
1798 5065 1930 5107 sen-

270 5139 490 5211 tentiis,
530 5137 748 5195 deinde
795 5137 875 5194 de
913 5138 1112 5195 verbis
1159 5137 1624 5212 disputabimus.
1678 5140 1831 5210 Ergo
1880 5139 1929 5196 si

271 5230 474 5305 ipsum
495 5227 812 5286 exordium
843 5226 1205 5300 consideres,
1236 5227 1384 5285 nihil
1408 5227 1523 5285 nisi
1543 5228 1846 5301 abjectum
1872 5231 1931 5287 et

387 5481 468 5556 (a)
501 5484 669 5540 Tom.
703 5483 748 5553 I,
776 5479 840 5538 in
868 5479 1037 5538 Praef.
1069 5495 1131 5538 n.
1165 5482 1252 5537 18.

384 5682 464 5756 (c)
493 5681 638 5742 Vide
660 5682 873 5742 notam
900 5679 981 5742 ad
1005 5680 1171 5741 hunc
1194 5680 1416 5739 locum.
1446 5682 1602 5739 Emr.

2036 4599 2234 4657 Basilii
2272 4598 2571 4674 exemplo,
2612 4599 2827 4657 eadem
2863 4599 2967 4658 illa
3002 4602 3320 4675 Scripturae
3357 4603 3563 4673 verba,
3622 4606 3697 4662 Ut

2033 4690 2290 4748 salveris
2321 4696 2613 4763 tanquam
2652 4691 2907 4748 damula
2947 4707 2978 4749 e
3020 4693 3267 4765 laqueis,
3313 4692 3375 4749 in
3424 4694 3695 4751 medium

2033 4779 2297 4854 protulit,
2327 4780 2526 4837 statim
2553 4779 2740 4851 addit,
2771 4785 2858 4840 Μὴ
2902 4784 2990 4834 ἔσο
3034 4782 3193 4855 ἀργός
3220 4787 3338 4857 περὶ
3368 4785 3459 4846 τὰς
3490 4783 3696 4848 ἐντολὰς

2034 4878 2126 4923 τοῦ
2152 4874 2367 4944 Κυρίου·
2397 4873 2468 4943 μὴ
2494 4872 2552 4922 τὸ
2584 4872 2674 4944 μὲν
2704 4875 2862 4940 ποίει,
2895 4868 3037 4925 τὸδὲ
3069 4871 3375 4925 ἁναϐάλλου.
3423 4878 3695 4928 Δανειστι-

2033 4965 2123 5013 κόν
2148 4980 2201 5012 τι
2230 4966 2399 5022 ποιεῖς
2428 4959 2720 5034 ἀφοσίωμα,
2748 4963 2816 5024 ὡς
2836 4965 2895 5014 τὸ
2917 4961 3028 5015 ὅλον
3053 4961 3355 5036 πληρώσας.
3379 4962 3532 5019 Ἀλλά
3561 4963 3698 5038 βού-

2033 5049 2194 5120 λεται,
2226 5053 2335 5106 etc.
2362 5050 2509 5107 Noli
2531 5065 2650 5109 esse
2679 5051 2840 5109 circa
2861 5053 3153 5109 mandata
3172 5053 3419 5110 Domini
3439 5054 3655 5111 otiosus
3673 5071 3696 5111 ,ο
3726 5086 3731 5091 ι

2036 5141 2168 5197 noli
2204 5140 2316 5197 hoc
2347 5140 2584 5212 quidem
2613 5142 2840 5212 facere,
2883 5142 3045 5199 illud
3088 5158 3226 5200 vero
3280 5143 3548 5215 differre.
3589 5144 3697 5202 Fe-

2036 5230 2399 5289 neraliciam
2421 5231 2749 5303 quamdam
2777 5233 2910 5304 agis
2955 5233 3448 5307 satisfactionem,
3495 5238 3561 5290 ut
3591 5235 3698 5308 qui

2151 5482 2235 5557 (b)
2264 5483 2448 5543 Primi
2474 5486 2594 5543 tres
2615 5483 2682 5542 in
2709 5484 2969 5543 Eunom.
2999 5482 3104 5542 lib.
