4092 6404
364 327 434 382 55
1866 321 2259 380 ΡΒΛΕΕΛΤΙΟ.
3710 326 3784 380 56

365 454 551 504 totum
573 447 931 518 impleveris.
946 448 1067 505 Sed
1080 450 1226 517 vult,
1242 452 1351 506 etc.
1367 451 1592 506 Rursus
1609 447 1758 523 quid
1774 446 2010 516 esthoc,
2045 456 2085 506 A
2122 406 2407 503 mandati
2421 443 2825 503 violationem.
2848 445 3069 502 «Nulli
3080 444 3306 503 malum
3322 460 3439 515 pro
3462 447 3625 503 malo
3644 448 3785 505 red-

363 540 689 589 Δανειστικόν
718 557 771 589 τι
800 544 966 600 ποιεῖς
997 536 1291 612 ἁφοσίωμα,
1333 541 1403 601 ὡς
1447 542 1505 591 τὸ
1548 538 1661 591 ὅλον
1708 537 2009 611 πληρώσας,

359 626 799 683 Feneraticiam
821 626 1136 699 quamdam
1155 630 1285 699 agis
1305 628 1801 697 satis/actionem,
1823 631 1890 682 ut
1911 625 2016 697 qui

360 720 550 770 totum
572 716 927 787 impleveris,
954 716 1065 772 nisi
1086 716 1398 788 quoddam
1417 717 1592 790 quasi
1613 716 1872 785 aenigma
1894 712 2014 785 (a)?

361 804 430 857 Et
450 802 598 857 illud
624 803 877 858 maxime
901 804 1256 874 notandum,
1284 804 1645 876 Scripturam
1668 803 1750 859 ita
1771 801 1932 858 citari
1954 800 2015 856 in

362 906 435 946 ea
463 890 536 945 de
571 907 691 963 qua
717 892 1056 963 disputatur
1082 891 1629 957 lucubratiuncula,
1662 896 1728 948 ut
1775 890 1836 946 in
1883 890 2017 962 ipsa

361 980 585 1037 citandi
613 981 839 1037 ratione
869 982 1253 1054 peregrinum
1284 981 1579 1055 quiddam
1617 986 1676 1038 et
1718 980 2016 1036 exoticum

360 1071 519 1127 insit.
540 1075 606 1127 Et
625 1078 689 1127 ut
715 1088 808 1128 res
828 1073 1104 1146 exemplo
1127 1072 1339 1129 clarior
1358 1073 1482 1141 ﬁat,
1506 1073 1816 1146 utriusque
1832 1069 2018 1127 verba

361 1160 698 1232 subjiciam,
725 1161 987 1234 primum
1022 1162 1240 1229 Basilii,
1268 1162 1485 1231 deinde
1516 1160 1825 1235 anonymi.
1851 1158 2016 1215 Basi-

357 1248 474 1305 lius
506 1265 647 1321 ergo
674 1249 755 1305 sic
780 1249 1044 1322 loquitur
1099 1252 1268 1319 (tom.
1327 1253 1395 1319 ll,
1443 1250 1610 1306 hom.
1662 1255 1715 1319 3,
1767 1265 1828 1322 p.
1888 1248 2012 1319 l8):

359 1340 536 1391 Πάντα
576 1335 662 1391 οὖν
705 1343 1030 1414 περισκόπει,
1096 1337 1206 1391 ’Ὶνα
1261 1340 1404 1413 σώζῃ
1471 1340 1645 1411 ὥσπερ
1710 1334 1907 1413 δορκὰς
1962 1335 2017 1388 ἐκ

361 1427 596 1501 βρόχων.
625 1428 1030 1497 Circumspice
1062 1429 1252 1499 igitur
1290 1433 1343 1484 et
1384 1428 1578 1483 lustra
1625 1428 1846 1495 omnia,
1888 1448 1914 1475 ‹‹
1944 1427 2017 1482 Ut

357 1518 606 1573 serveris
624 1522 907 1587 tanquam
930 1517 1181 1573 damula
1200 1532 1229 1573 e
1248 1517 1536 1588 laqueis.»
1559 1514 2019 1587 Anonymivero

355 1604 557 1673 verba,
589 1610 652 1660 ut
672 1606 803 1677 jam
829 1606 1108 1673 vidimus,
1137 1605 1266 1662 haec
1296 1609 1453 1678 sunt,
1485 1610 1619 1659 Οὔτε
1636 1610 1722 1658 τὸν
1755 1604 2019 1677 ἀλλότριον

356 1690 626 1766 δέχονται,
660 1699 776 1747 οὔτε
807 1699 893 1747 τὸν
924 1714 1049 1748 ποτε
1076 1694 1470 1771 ἐπιστρέφοντα,
1505 1699 1623 1747 οὔτε
1652 1698 1739 1747 τὸν
1770 1702 2023 1746 νοσοῦντα

2123 535 2325 592 dentes
2348 535 2416 588 ιθ.
2435 552 2466 588 ›
2504 533 2720 590 Vidisti
2734 535 3024 606 quomodo
3044 538 3176 606 apis
3202 536 3386 593 vitam
3409 552 3545 593 cum
3570 538 3784 595 aculeo

2116 624 2405 695 projiciat
2418 627 2443 678 .’
2468 623 2569 679 llic
2584 622 2731 679 illud
2749 623 3041 697 Apostoli,
3059 626 3224 681 nulli
3241 627 3468 681 malum
3486 641 3603 695 pro
3622 626 3783 683 malo

2124 713 2459 783 reddentes,
2487 712 2562 770 ad
2594 712 2824 770 nullam
2850 714 3139 771 orationis
3174 718 3406 787 partem
3439 713 3644 772 referri
3675 731 3781 788 po-

2124 808 2256 873 test,
2277 820 2401 861 non
2420 803 2954 877 regit‘lquidquam,
2987 820 3024 861 a
3050 820 3365 878 quoquam
3389 820 3513 861 non
3535 804 3782 875 regitur,

2127 894 2236 952 sed
2265 894 2455 951 oratio
2483 897 2572 950 est
2598 894 2775 966 quasi
2807 893 3105 962 absoluta,
3131 910 3268 968 qua:
3302 910 3339 951 a
3366 894 3536 951 nulla
3574 910 3639 951 re
3676 894 3783 951 de-

2124 983 2407 1058 pendeat,
2438 999 2576 1039 cum
2614 982 2863 1039 Basilius
2896 986 3121 1054 tamen,
3152 988 3219 1040 ut
3248 988 3456 1041 notum
3487 987 3594 1051 est,
3627 984 3785 1056 ejus-

2124 1073 2292 1130 modi
2306 1072 2618 1147 Scripturaa
2629 1071 2763 1129 loca
2779 1072 2857 1129 ad
2877 1073 3173 1147 reliquam
3194 1074 3527 1131 orationem
3540 1089 3784 1131 accom-

2125 1164 2375 1220 modare
2412 1163 2645 1234 soleata
2663 1162 2843 1220 Plura
2875 1179 3259 1236 paraveram,
3290 1164 3396 1221 sed
3427 1180 3502 1221 ne
3530 1165 3624 1221 his
3648 1165 3787 1240 plus

2128 1253 2271 1310 satis
2291 1253 2650 1309 immoratus
2675 1250 2931 1321 viderer,
2958 1269 3032 1309 ea
3060 1254 3357 1310 ascribere
3383 1253 3569 1310 nolui.

2196 1346 2288 1399 25.
2327 1343 2497 1397 Nunc
2533 1356 2878 1415 proponam
2915 1341 3194 1414 exempla
3231 1342 3536 1415 quaedam,
3566 1343 3794 1416 quibus

2126 1431 2386 1506 probare
2424 1430 2714 1495 conabor,
2754 1430 2981 1488 alienas
3023 1431 3329 1504 quasdam
3355 1436 3413 1489 et
3442 1433 3796 1507 peregrinas

2128 1537 2309 1578 voces
2337 1521 2399 1576 in
2426 1520 2544 1576 hac
2584 1518 2854 1577 oratione
2902 1520 3169 1592 reperiri.
3218 1524 3351 1593 Ipso
3400 1521 3579 1592 igitur
3630 1521 3799 1578 initio

2129 1611 2295 1683 (pag.
2329 1613 2453 1676 617)
2488 1613 2697 1665 auctor
2721 1609 2804 1665 sic
2837 1608 3072 1664 scribit:
3129 1609 3263 1662 Ἀλλ’
3322 1608 3552 1672 ἐπιζητῶ
3608 1611 3798 1682 ψυχὰς

2132 1700 2379 1773 φιληκόου
2390 1698 2504 1770 ς,τεὺ
2513 1718 2623 1771 σχη
2631 1702 2798 1771 μόνως
2816 1719 2909 1773 περ
2918 1705 3174 1761 ιεστώσας
3190 1703 3248 1751 τὸ
3264 1704 3609 1773 πνευματικὸν
3627 1701 3792 1773 ἀκρο-

354 1786 422 1845 ὡς
480 1786 797 1856 ὑγιαίνοντα·
849 1784 960 1837 Ἵνα
1009 1786 1153 1858 σώζῃ
1210 1788 1384 1860 ὥσπερ
1433 1781 1628 1860 δορκὰς
1677 1782 1731 1835 ἐκ
1783 1782 2017 1858 βρόχωνο

2138 1794 2363 1864 ατήριον.
2392 1787 2509 1845 Sed
2532 1790 2767 1845 animas
2792 1790 3035 1859 requiro
3060 1789 3382 1845 auditionis
3403 1790 3676 1861 cupidas,
3693 1790 3795 1846 de-

354 1873 562 1944 Neque
591 1874 858 1929 alienum
907 1874 1261 1941 admittunt,
1323 1889 1515 1945 neque
1570 1889 1701 1930 eum
1749 1875 1857 1944 qui
1908 1873 2019 1929 ali-

355 1963 601 2033 quando
646 1979 968 2020 conversus
1011 1969 1115 2035 est,
1158 1980 1349 2035 neque
1391 1970 1685 2035 cegrotum
1729 1970 2019 2035 tanquam

355 2068 593 2109 sanum.
631 2076 658 2104 «
683 2055 755 2111 Ut
776 2055 1031 2111 salveris
1063 2060 1352 2126 tanquam
1374 2056 1627 2111 damula
1657 2071 1688 2112 e
1714 2056 1959 2126 laqueis.
1990 2074 2020 2104 ι»

361 2142 473 2199 Ubi
513 2143 780 2214 Basilius,
813 2145 916 2218 qui
957 2145 1087 2216 ejus
1130 2161 1264 2201 mos
1302 2150 1410 2213 est,
1458 2145 1775 2218 Scripturae
1818 2144 2021 2200 locum

360 2249 501 2289 cum
530 2233 604 2290 iis
637 2251 773 2307 qua:
794 2234 1145 2308 praecedunt
1171 2235 1370 2292 verbis
1383 2240 1517 2309 apte
1532 2235 1867 2292 admodum
1883 2248 2022 2290 con-

358 2324 577 2381 nectit:
619 2324 682 2381 in
712 2342 1020 2398 anonymo
1049 2342 1194 2382 vero
1223 2326 1339 2382 hoc
1368 2326 1530 2382 idem
1561 2324 2022 2382 Proverbiorum

361 2414 777 2470 testimonium
811 2431 950 2471 cum
987 2415 1279 2489 superiori
1310 2415 1580 2471 oratione
1622 2413 1788 2471 nullo
1837 2412 2023 2469 modo

364 2503 699 2575 copulatur.
743 2503 967 2561 Deinde
998 2504 1118 2560 alia
1148 2504 1249 2560 illa
1282 2504 1635 2561 eorumdem
1677 2502 2024 2559 Proverbio-

366 2608 504 2648 rum
562 2593 769 2657 verba,
812 2594 973 2650 Vade
1002 2594 1083 2650 ad
1103 2595 1443 2663 formicam,
1477 2610 1508 2650 ο
1535 2594 1788 2665 piger”,
1820 2592 2023 2666 expla-

369 2697 526 2737 nans
551 2697 854 2755 anoymus
885 2682 1003 2751 ille,
1035 2682 1118 2739 sic
1149 2682 1353 2739 scribit
1384 2685 1543 2756 (pag.
1571 2685 1694 2753 6l9)
1719 2701 1732 2738 :
1774 2685 1839 2735 Τί
1864 2701 2025 2734 κατα-

373 2778 571 2843 φρονεῖς
603 2771 695 2823 τοῦ
724 2772 948 2845 μεγάλου
982 2768 1312 2824 διδασκάλου
1338 2789 1352 2840 ;
1382 2772 1440 2825 Ὀ
1470 2772 1686 2847 μύρμηξ
1719 2791 1776 2825 σε
1806 2767 2027 2846 διερεθι-

374 2862 504 2922 ζὲτω
560 2864 691 2937 πρὸς
753 2868 847 2920 τὴν
901 2862 1175 2935 ἐνέργειαν.
1255 2867 1356 2917 Καὶ
1425 2863 1551 2937 παρ’
1610 2862 1806 2914 ἐκείνου
1872 2862 2024 2934 μάθε.

376 2951 593 3014 Ἐκεῖνος
637 2952 695 3004 οὔ
754 2949 1079 3018 διδάσκαλον
1124 2950 1282 3024 οἶδεν,
1341 2952 1435 3005 οὐκ
1489 2949 1788 3025 ἀποδημίαν
1835 2948 2028 3011 ἀπεδή-

373 3056 557 3114 μησεν,
587 3040 683 3093 οὐκ
713 3041 871 3115 ἔμαθε
895 3047 1210 3116 γεωργικοὺς
1256 3042 1575 3115 λόγους......
1626 3039 1795 3095 Οὐδὲν
1832 3044 2029 3094 τούτων

2131 1885 2335 1936 center
2361 1879 2818 1934 circumstantes
2838 1878 3098 1947 spiritua
3108 1879 3160 1935 le
3174 1879 3544 1935 auditorium
3568 1882 3793 1936 Caetera

2129 1983 2254 2024 non
2278 1966 2602 2039 improbo:
2652 1966 2759 2022 sed
2799 1982 3012 2022 vocem
3051 1965 3392 2041 ἀκροατήριον
3435 1967 3599 2041 apud
3632 1968 3793 2024 Basi-

2128 2056 2279 2114 lium
2308 2056 2653 2113 inusitatam
2686 2072 2823 2112 esse
2850 2056 3127 2113 arbitror.
3181 2056 3452 2125 Basilius,
3493 2057 3542 2112 si
3571 2057 3791 2114 horum

2130 2162 2351 2221 parens
2380 2149 2557 2216 esset,
2576 2146 2658 2202 ita
2677 2146 3120 2218 composuisset
3145 2145 3478 2202 orationem
3506 2161 3705 2212 suam,
3728 2150 3795 2203 ut

2131 2236 2330 2311 potius
2357 2236 2603 2293 nomine
2635 2234 2889 2293 ἐκκλησία
2920 2252 3063 2291 usus
3094 2235 3316 2291 fuisset.
3353 2236 3561 2293 Statim
3593 2235 3794 2308 sequi-

2133 2332 2228 2385 tur
2260 2328 2419 2400 (pag.
2451 2329 2599 2393 618),
2637 2326 2892 2379 Ἐντεῦθεν
2924 2325 3200 2400 ἀρξώμεθα
3228 2334 3323 2386 τῆς
3350 2330 3480 2401 πρὸς
3510 2327 3645 2398 ὑμᾶς
3669 2328 3793 2398 ὁμι-

2132 2416 2267 2477 λίας.
2328 2418 2491 2473 Hinc
2549 2415 2895 2472 inchoemus
2944 2417 3119 2471 istam
3169 2414 3252 2471 ad
3303 2431 3399 2471 vos
3452 2415 3784 2471 homiliam.

2135 2506 2266 2562 Scio
2295 2504 2565 2578 quidem,
2609 2508 2676 2559 ut
2721 2502 2977 2560 aliorum
3018 2508 3364 2560 sanctorum
3408 2506 3670 2576 Patrum,
3714 2503 3797 2561 ita

2136 2593 2330 2651 Basilii
2357 2593 2551 2667 ipsius
2581 2594 2881 2649 orationes
2905 2593 3036 2664 jam
3078 2608 3116 2648 a
3161 2592 3343 2663 longo
3384 2598 3651 2666 tempore
3690 2593 3794 2650 ho-

2135 2683 2333 2741 milias
2359 2682 2593 2739 vocari:
2627 2682 2734 2738 sed
2762 2681 2865 2738 ubi
2896 2681 3145 2738 Basilius
3172 2682 3299 2756 ipse
3328 2682 3444 2738 hoc
3476 2698 3658 2738 sensu
3688 2698 3797 2739 no-

2134 2789 2275 2833 men
2308 2772 2487 2846 ὁμίλια
2505 2788 2779 2846 unquam
2809 2771 3135 2844 usurparit,
3157 2770 3390 2841 ignoro.
3426 2774 3546 2829 Hoc
3573 2772 3703 2845 ipso
3733 2771 3795 2828 in

2134 2863 2271 2921 loco
2306 2863 2541 2935 legitur,
2574 2864 2808 2939 ἑκάτερον
2840 2866 3033 2915 τούτων
3066 2868 3363 2935 παρίστησι
3402 2860 3587 2925 δυῑκὸς
3623 2862 3791 2935 λόγος,

2141 2953 2355 3010 horum
2385 2958 2711 3024 utrumque
2738 2951 2974 3009 exhibet
3005 2952 3238 3022 duplex
3263 2967 3476 3008 sermo.
3516 2954 3642 3008 Vox
3670 2948 3793 3004 δυε-

2138 3047 2230 3106 κὸς
2255 3041 2788 3114 grammaticorum
2811 3044 2923 3112 est,
2954 3057 3076 3097 non
3108 3046 3439 3098 oratorum.
3468 3044 3595 3097 lmo
3614 3041 3794 3097 etiam

372 3129 642 3205 πᾶρεστιν·
690 3130 819 3184 ἀλλά
859 3138 1052 3204 φυσικὴ
1096 3153 1175 3195 τις
1211 3131 1408 3205 ἀνάγκη
1450 3136 1509 3186 τὸ
1552 3132 1685 3193 ζῶον
1729 3128 2027 3205 διερεθίζει.

2139 3150 2215 3193 ne
2248 3132 2623 3204 grammatici
2648 3132 2891 3206 quidem
2909 3148 2980 3189 ea
2999 3133 3114 3189 hoc
3136 3148 3343 3201 sensu,
3365 3132 3600 3206 opinor,
3618 3137 3795 3188 utun-

376 3219 576 3273 Οὐκοῦν
604 3223 634 3279 ἡ
672 3224 827 3294 φύσις
854 3227 989 3274 τότεο
1021 3227 1112 3274 καὶ
1146 3226 1211 3274 σὺ
1241 3223 1307 3291 (ι.
1344 3226 1450 3288 σοι)
1480 3229 1576 3283 τῆς
1612 3224 1814 3293 φύσεως
1855 3224 2033 3295 παρίει

374 3309 533 3381 λόγος
565 3314 751 3373 αἴτιος.
804 3310 962 3378 Quid
998 3313 1327 3368 contemnis
1371 3325 1662 3381 magnum
1708 3316 2037 3380 praerepto-

376 3414 502 3455 rem
522 3399 551 3454 ?
580 3400 856 3455 Formica
879 3405 936 3456 te
955 3402 1167 3457 excitet
1193 3400 1275 3456 ad
1293 3401 1721 3470 operationem.
1749 3401 1814 3454 Et
1837 3398 1916 3455 ab
1934 3397 2037 3455 illa

377 3487 560 3544 disce.
592 3488 714 3544 Illa
741 3505 863 3545 non
890 3492 1055 3546 novit
1084 3490 1463 3561 magistrum,
1491 3504 1611 3545 non
1627 3503 1884 3560 peregre
1901 3503 2037 3558 pro-

376 3578 540 3647 fecta
561 3583 667 3638 est.
696 3594 813 3634 non
843 3578 1056 3635 didicit
1094 3580 1496 3649 agricultura
1542 3583 1826 3636 artem....
1868 3577 2037 3635 Nihil

381 3668 595 3724 horum
636 3668 837 3725 adest:
882 3668 1003 3724 sed‘
1030 3669 1332 3725 naturalis
1388 3668 1666 3740 quadam
1715 3667 2036 3725 necessitas

378 3758 610 3815 animal
637 3758 883 3815 excitat.
908 3758 1118 3830 Itaque
1143 3763 1373 3815 natura
1396 3763 1570 3815 tunc:
1595 3764 1652 3815 et
1680 3757 1790 3814 tibi
1806 3756 2038 3813 accedit

380 3851 559 3916 ratio,
599 3864 734 3919 quae
764 3853 998 3903 natura
1031 3863 1257 3918 parens
1302 3852 1407 3904 est.
1461 3846 1689 3912 Quibus
1735 3846 1797 3902 in
1839 3844 2041 3901 verbis

381 3936 530 3994 nihil
575 3938 825 3993 omnino
852 3936 1290 3992 Basilianarum
1318 3936 1607 3992 virtutum
1633 3933 2040 4008 deprehendo.

382 4029 451 4082 1n
478 4026 601 4096 illo,
631 4031 686 4082 et
715 4025 790 4082 ab
811 4026 924 4082 illa
947 4026 1128 4095 disce,
1156 4041 1279 4082 non
1303 4024 1722 4082 animadverto
1743 4024 1958 4081 miram
1980 4022 2046 4079 il-

382 4116 505 4172 lam
536 4119 726 4172 artem
756 4114 974 4181 Basilii,
1009 4131 1132 4188 qua
1161 4114 1541 4172 solertissime
1572 4118 2044 4188 consequentem

385 4206 718 4263 orationem
749 4206 1028 4262 anteriori
1060 4205 1474 4263 connectebat.
1503 4210 1567 4262 ln
1591 4205 2045 4277 illo,itaquena-

385 4304 528 4354 tura
557 4304 719 4362 tunc,
753 4297 904 4353 nihil
946 4301 1052 4361 est,
1102 4297 1267 4371 quod
1300 4297 1521 4353 summi
1575 4296 1757 4369 hujus
1783 4296 1888 4351 viri
1927 4295 2045 4353 elo-

384 4387 694 4460 quentiam
723 4386 936 4458 sapiat.
967 4391 1030 4442 ln
1061 4385 1180 4453 illo,
1214 4392 1269 4443 et
1309 4386 1418 4442 tibi
1444 4387 1674 4444 accedit
1703 4387 1883 4453 ratio,
1912 4399 2045 4458 qua!

2142 3230 2258 3297 tur,
2291 3222 2422 3292 sed,
2454 3222 2569 3279 nisi
2600 3221 2778 3278 valde
2817 3221 3012 3288 fallor,
3050 3222 3251 3295 ipsam
3286 3222 3483 3279 solum
3513 3220 3802 3278 adhibent

2141 3317 2271 3371 tum
2301 3328 2439 3368 cum
2460 3326 2783 3367 numerum
2798 3310 3064 3368 duadem
3086 3311 3425 3382 signiﬁcare
3444 3310 3673 3368 volunt.
3696 3311 3804 3366 Ba-

2145 3401 2315 3458 silius
2358 3399 2535 3457 simili
2565 3400 2627 3456 in
2658 3415 2720 3455 re
2759 3415 2883 3457 non
2918 3416 3066 3457 voce
3107 3397 3292 3463 δυῑκός
3319 3401 3521 3469 utitur,
3562 3399 3667 3456 sed
3697 3414 3802 3455 no-

2143 3493 2306 3550 mine
2336 3488 2569 3553 διπλόος.
2613 3490 2699 3546 Ita
2737 3489 2899 3546 enim
2928 3489 2989 3546 in
3023 3490 3291 3563 quadam
3332 3490 3602 3546 oratione
3631 3492 3801 3557 (tom.

2145 3582 2214 3651 ΙΙ,
2242 3582 2412 3639 hom.
2443 3586 2496 3645 3,
2529 3597 2589 3655 p.
2627 3581 2709 3652 18)
2750 3578 3052 3653 loquitur:
3104 3576 3316 3638 Ἐπειδή
3375 3576 3433 3633 δί
3486 3576 3705 3631 διπλοῦν
3745 3582 3804 3631 τὸ

2146 3677 2448 3748 προσέχειν·
2482 3676 2543 3725 τὸ
2574 3674 2663 3745 μὲν
2696 3678 3016 3744 σωματικοῖς
3047 3669 3330 3743 ὀφθαλμοῖς
3361 3667 3662 3730 ἑνατενίξειν
3699 3675 3807 3729 τοῖς

2147 3764 2374 3837 ὁρατοῖς,
2406 3763 2466 3813 τὸ
2499 3757 2577 3826 δὲ,
2607 3764 2710 3817 etc.
2741 3761 3034 3830 Quoniam
3068 3765 3266 3815 autem
3308 3759 3538 3828 duplex
3585 3764 3669 3815 est
3717 3764 3808 3814 at-

2150 3853 2336 3909 tentio
2356 3864 2380 3923 ,'
2403 3851 2617 3919 altera,
2649 3866 2781 3907 cum
2809 3850 3271 3907 considerantur
3294 3850 3485 3906 oculis
3506 3848 3808 3918 corporeis

2151 3941 2410 3999 visibilia
2429 3956 2450 3996 ,ο
2481 3941 2696 4007 altera,
2726 3946 2839 3996 etc.
2873 3942 2987 3997 Nec
3013 3939 3096 3996 ita
3119 3938 3311 3995 multo
3331 3942 3471 4011 post
3498 3937 3559 3994 in
3591 3936 3807 3994 eadem

2149 4029 2271 4099 illa,
2297 4045 2486 4103 quam
2515 4028 2658 4098 dixi,
2689 4028 2957 4085 oratione
2979 4026 3258 4085 eamdem
3280 4043 3491 4084 vocem
3520 4026 3682 4083 idem
3705 4028 3808 4082 Ba-

2153 4119 2322 4177 silius
2352 4119 2683 4192 usurpavit.
2716 4120 2856 4189 Ejus
2885 4123 3087 4175 autem
3118 4118 3248 4175 haec
3280 4124 3420 4174 sunt
3449 4115 3670 4173 verba:
3700 4114 3809 4178 Ἐξ-

2153 4215 2334 4264 ἐτασον
2363 4214 2597 4273 σεαυτὸν,
2623 4213 2705 4271 τίς
2732 4205 2795 4260 εἶ·
2828 4210 2989 4281 γνῶθι
3013 4216 3233 4261 σεαυτοῦ
3259 4213 3352 4266 τὴν
3377 4210 3551 4280 φύσιν,
3579 4208 3659 4259 ὅτι
3681 4208 3807 4263 θνη-

2153 4305 2239 4353 τὸν
2269 4304 2358 4374 μὲν
2386 4320 2480 4353 σου
2508 4303 2565 4353 τὸ
2599 4307 2770 4372 σῶμα,
2805 4296 3057 4360 ἀθάνατος
3098 4294 3157 4350 δὲ
3183 4301 3211 4356 ἡ
3245 4296 3424 4369 ψυχή·
3457 4302 3545 4350 καὶ
3583 4298 3664 4348 ὅτι
3717 4291 3806 4347 δι-

2152 4391 2251 4449 πλῆ
2278 4410 2358 4451 τις
2374 4389 2512 4442 ἐστὶν
2536 4391 2680 4462 ἡμῶν
2699 4391 2727 4447 ἡ
2746 4389 2875 4449 ζωή.
2900 4390 3295 4445 Perscrutare
3311 4393 3368 4443 te
3381 4388 3526 4457 ipse,
3548 4387 3682 4459 quis
3697 4386 3812 4441 sis?

385 4482 628 4534 naturtc
647 4492 869 4546 parens
890 4482 993 4545 est,
1017 4491 1092 4532 ne
1115 4476 1436 4546 vestigium
1462 4475 1710 4550 quidem
1742 4479 2044 4532 exstatex-
2078 4468 2121 4523 Ι)
2150 4483 2256 4552 fac
2284 4494 2494 4537 noscas
2516 4485 2682 4536 tuam
2704 4479 2893 4548 ipsius
2918 4485 3231 4547 naturam,
3268 4478 3551 4547 nimirum
3593 4490 3811 4545 corpus

384 4565 587 4639 quisiti
607 4564 761 4621 illius
776 4565 1004 4637 judicii,
1028 4582 1151 4639 quo
1173 4564 1501 4623 excellebat
1526 4565 1779 4621 Basilius
1823 4569 2043 4624 Natura

382 4654 630 4711 rationis
660 4670 882 4729 parens
923 4659 1029 4725 est,
1070 4671 1193 4711 non
1221 4655 1372 4712 ratio
1402 4671 1624 4728 parens
1655 4661 1743 4712 est
1784 4659 2036 4712 naturae.

382 4743 550 4799 Ratio
576 4748 805 4799 naturae
830 4742 1063 4799 frenum
1093 4747 1203 4815 est,
1227 4748 1482 4817 ejusque
1508 4744 1892 4815 moderatrix,
1916 4760 2039 4801 non

382 4847 591 4902 causa,
620 4848 743 4889 non
768 4833 956 4904 origo.
989 4832 1310 4906 Aliquanto
1340 4836 1474 4906 post
1503 4836 1710 4890 auctor
1739 4834 1820 4890 ita
1846 4833 2038 4907 loqui-

382 4927 478 4980 tur
557 4934 639 4996 (p.
723 4924 892 4994 620):

385 5017 601 5066 σεαυτὸν
633 5009 693 5065 δὲ
734 5012 1034 5074 ἀπέκτεινας
1063 5021 1124 5086 τῇ
1159 5022 1396 5089 παρακοῇ
1430 5022 1524 5075 τῆς
1556 5013 1725 5073 ἐντολῆ
1739 5036 1777 5076 ς.
1829 5014 2033 5074 Μηδενὶ

972 4923 1188 4977 Ἐκεῖνον
1283 4927 1373 4997 μὲν
1455 4928 1641 4999 μικρὸν
1735 4921 2032 4991 ὠνείδισας,

380 5107 539 5157 κακὸν
594 5102 705 5155 ἀντὶ
744 5112 906 5157 κακοῦ
962 5100 1324 5167 ἀποδιδόντες.
1386 5101 1535 5166 Εἶδες
1580 5106 1755 5169 πῶςὴ
1807 5107 2034 5180 μέλισσα

380 5201 452 5264 τῷ
478 5197 670 5267 κέντρῳ
707 5197 802 5251 τὴν
844 5194 975 5254 ζωὴν
1007 5193 1275 5266 ἐναφίησις
1329 5195 1513 5251 Illum
1552 5197 1786 5266 quidem
1811 5199 2033 5266 paulu-

383 5285 505 5340 lum
548 5284 778 5353 probro
827 5284 1103 5354 a/fecisti,
1143 5290 1206 5340 at
1259 5285 1503 5355 teipsum
1536 5288 1890 5344 interemisti
1921 5304 2034 5359 per

493 5410 539 5445 ³⁸
578 5412 750 5466 Prov.
786 5426 861 5478 v1,
894 5412 947 5466 6.
1032 5410 1074 5444 ¹⁹
1117 5412 1286 5466 Rom.
1319 5427 1415 5483 xu,
1451 5416 1532 5468 l7.

2152 4570 2387 4643 quidem
2418 4570 2673 4626 mortale
2696 4584 2835 4635 esse,
2873 4571 3139 4625 animam
3175 4583 3314 4624 vero
3361 4566 3757 4624 immortalem
3788 4581 3811 4621 .-

2148 4661 2310 4728 item,
2374 4660 2673 4729 duplicem
2730 4674 2855 4715 esse
2912 4660 3099 4714 vitam
3158 4662 3448 4713 nostram.
3519 4655 3632 4712 Sed
3706 4653 3809 4710 ubi

2148 4765 2266 4805 vox
2298 4745 2481 4811 δυῑκος
2509 4748 2569 4805 in
2602 4747 2799 4804 Basilii
2833 4745 3069 4819 scriptis
3095 4744 3623 4818 legatur,necdum
3645 4742 3807 4800 novi.

2150 4839 2240 4897 Sic
2289 4839 2483 4913 pergit
2522 4842 2733 4895 auctor
2781 4840 2958 4910 (pag.
3011 4836 3180 4903 6i9):
3226 4843 3339 4897 Πῶς
3384 4841 3705 4909 μιμὴσωμαι
3747 4836 3808 4886 τὰ

2146 4930 2283 4982 ἁπλᾶ
2313 4932 2378 4982 τὰ
2406 4949 2479 5001 τῳ
2524 4928 2729 5002 μεγέθει
2763 4935 2855 4979 τοῦ
2898 4931 3178 4999 σώματοςς
3233 4925 3537 4995 Quomodo
3580 4924 3810 4980 imitari

2141 5026 2352 5091 potero
2379 5034 2516 5091 qua?
2548 5020 2703 5076 male
2734 5019 3004 5088 corporis
3044 5018 3313 5087 ingentia
3347 5023 3486 5071 sunt
3511 5019 3536 5069 .9
3562 5018 3687 5071 Non
3714 5030 3810 5070 ne-

2145 5110 2303 5181 gabo
2325 5108 2573 5183 quidem
2588 5124 2797 5165 vocem
2820 5106 3010 5163 ἁπλόος
3026 5106 3141 5175 legi
3164 5106 3224 5161 in
3248 5105 3443 5162 Basilii
3480 5104 3676 5161 libris:
3704 5102 3807 5159 sed

2142 5199 2248 5256 ubi
2264 5200 2325 5255 in
2352 5196 2499 5271 ipsis
2524 5196 2602 5254 ad
2631 5196 3112 5268 magnitudinem
3145 5194 3609 5266 signiﬁcandam
3635 5209 3809 5249 usur-

2141 5292 2286 5362 pata
2298 5287 2390 5357 sit,
2410 5301 2534 5342 non
2552 5276 2819 5343 memini.
2848 5287 2912 5342 Et
2927 5284 3196 5358 alioquin
3214 5281 3614 5356 illaloquendi
3636 5281 3805 5352 ratio,

486 5534 1050 5611 (a‘)_Alludit_auctor
1077 5535 1157 5592 ad
1184 5535 1588 5611 feneratorum
1621 5539 2146 5607 consuetudinem,
2176 5538 2281 5611 qui
2310 5536 2631 5611 pecuniam
2661 5540 2876 5611 mutuo
2908 5535 3152 5611 dantes,
3177 5549 3484 5611 summam
3514 5532 3807 5611 integram

377 5602 1182 5689 inscribuntcujuspartem
1208 5609 1648 5689 fe_noris_causa
1675 5614 1933 5671 retinent
1960 5631 1973 5681 ;
2040 5616 2097 5669 et
2122 5602 2240 5669 ho'c
2268 5602 2378 5683 est,
2409 5615 2477 5666 ut
2504 5610 2611 5682 qui
2639 5615 2826 5667 totum
2853 5602 3197 5679 inpleveris.
3233 5608 3366 5663 Hec
3405 5606 3538 5677 jam
3583 5602 3812 5659 viderat

379 5681 444 5735 Ι).
481 5680 538 5736 L.
572 5679 647 5736 de
674 5679 883 5737 Sinner
914 5679 976 5737 in
1014 5681 1109 5738 ed.
1143 5681 1328 5740 Paris.
1361 5685 1518 5740 £839.
