4092 6396
280 414 346 467 57
1803 406 2185 464 PREFATIO.
3643 414 3714 472 58

277 537 344 588 τὰ
372 535 513 588 ἁπλᾶ
540 538 605 587 τὰ
632 542 706 608 τῷ
747 537 953 609 μεγέθει
980 542 1073 589 τοῦ
1104 540 1363 609 σώματος,
1417 549 1528 607 per
1583 549 1648 590 se
1696 530 1934 588 insolita
1961 535 2008 586 A
2049 551 2166 592 σης.
2212 530 2488 603 Ἐξάγωνοι
2534 536 2634 608 γὰρ
2679 539 2850 586 πᾶσαι
2898 542 2988 588 καὶ
3030 535 3329 611 ἰσόπλευροι
3364 547 3465 590 τῶν
3512 542 3710 613 κηρίων

274 623 507 680 videtur
534 627 593 681 et
619 639 781 681 nova
813 642 826 693 ;
854 624 1125 698 mihique
1162 624 1309 682 satis
1349 621 1672 680 verisimile
1710 620 1797 688 ﬁt,
1828 618 1936 693 qui

275 714 405 771 haec
433 715 652 786 legent,
689 731 794 772 eos
828 715 979 773 nihil
1008 716 1125 773 tale
1166 715 1332 788 apud
1370 714 1627 771 idoneos
1659 715 1936 768 auctores

274 802 492 873 legisse
542 820 607 859 se
651 803 825 860 facile
877 804 1285 861 confessuros.
1331 806 1455 859 Vox
1497 802 1931 877 στρατηγάρχαςτ

275 908 412 965 qua:
444 891 760 966 aliquanto
790 899 927 967 post
955 898 1122 967 (pag.
1154 894 1278 963 620)
1305 892 1595 965 sequitur,
1626 906 1751 947 non
1778 888 1938 945 vide-

275 985 373 1039 tur
398 983 597 1054 magis
626 982 936 1040 familiaris
961 983 1144 1040 fuisse
1172 982 1353 1039 bonis
1384 980 1800 1054 scriptoribus,
1832 975 1938 1050 qui

274 1085 416 1126 cum
437 1086 662 1145 nomen
692 1075 796 1129 aut
823 1071 1080 1128 verbum
1110 1086 1473 1144 componere
1495 1069 1710 1125 vellent
1740 1083 1815 1124 ex
1838 1081 1938 1121 vo-

273 1158 447 1215 cibus
478 1165 703 1236 στρατός
728 1164 787 1217 et
814 1159 976 1235 ἀρχή,
1000 1160 1259 1216 litteram
1280 1181 1314 1232 γ
1340 1174 1466 1216 non
1494 1154 1935 1215 immiscebant.

274 1248 548 1307 Vidimus
592 1250 755 1308 enim
791 1250 910 1307 dici
959 1251 1228 1321 solitum,
1272 1253 1638 1326 στρατάρχης,
1681 1250 1938 1324 στράταρ-

276 1357 395 1409 χοι,
447 1343 817 1415 στραταρχέω,
860 1344 1215 1413 στραταρχία,
1248 1355 1285 1395 a
1327 1339 1551 1412 quibus
1587 1336 1874 1395 omnibus
1904 1355 1937 1406 γ

266 1425 464 1483 littera
488 1427 680 1499 abest,
712 1428 777 1484 in
819 1428 1030 1502 eisque
1068 1432 1360 1501 praeterea
1389 1448 1422 1480 α
1448 1426 1743 1499 reperitur
1771 1425 1834 1480 in
1852 1440 1939 1479 se-

267 1516 472 1572 cunda
499 1516 756 1589 syllaba.
809 1520 1048 1588 Contra,
1083 1518 1133 1573 si
1176 1517 1423 1591 quando
1452 1515 1669 1572 vellent
1700 1519 1805 1571 aut
1833 1529 1940 1570 no-

267 1621 409 1661 men
455 1609 560 1662 aut
599 1605 851 1663 verbum
896 1623 971 1663 ex
1015 1606 1268 1664 vocibus
1314 1611 1541 1681 στρατός
1584 1609 1641 1661 et
1689 1605 1938 1676 ἡγεῖσθαι

267 1694 551 1763 conﬂare,
593 1700 737 1753 tunc
764 1700 833 1753 ut
863 1697 1121 1753 litteram
1165 1717 1195 1755 η
1227 1696 1541 1770 ponebant
1572 1696 1635 1751 in
1666 1694 1938 1751 secunda

269 1784 525 1857 syllaba,
556 1784 640 1842 ita
675 1784 932 1843 litteram
962 1808 995 1860 γ
1031 1786 1403 1849 inserebant,
1445 1789 1512 1843 ut
1549 1785 1712 1841 cerni
1745 1788 1940 1857 potest

2045 622 2100 672 αἱ
2152 622 2418 695 σύριγγες,
2474 621 2569 674 οὑκ
2608 621 2687 675 ἐπ’
2733 623 2929 685 εὐθείας
2980 622 3223 686 ἀλλήλαις
3269 632 3707 699 κατεπικείμεναι,

2046 711 2128 761 ἱνα
2169 715 2241 783 μή
2279 714 2545 783 κάμνωσιν
2586 714 2635 764 οἱ
2672 715 2927 786 πυθμένες
2975 721 3084 775 τοῖς
3135 710 3394 777 διακένοις
3437 715 3708 791 ἐφηρμοσ-

2043 803 2207 872 μένοι·
2258 798 2366 853 ἀλλ’
2414 804 2470 854 αἱ
2515 806 2701 874 γωνίαι
2746 812 2845 856 τῶν
2897 805 3126 856 κάτωθεν
3178 802 3460 875 ἐξαγώνων,
3509 803 3706 878 βάθρον

2044 895 2135 942 καὶ
2180 893 2394 965 ἔρεισμα
2438 900 2538 944 τῶν
2578 893 2953 968 ὑπερκειμένων
3000 893 3150 959 εἰσὶν,
3195 896 3263 954 ὡς
3296 892 3539 966 ἀσφαλῶς
3579 894 3706 965 ὑπὲρ

2045 979 2265 1032 ἑαυτών-
2281 983 2612 1057 μετεωρίζειν
2660 986 2726 1035 τὰ
2784 982 2950 1058 βάρη,
2997 990 3087 1037 καὶ
3146 980 3458 1045 ἰδιαζόντως
3510 983 3702 1055 ἑκάστη

2045 1069 2311 1129 κοιλότητι
2358 1074 2416 1123 τό
2456 1073 2611 1146 ὑγρόν
2659 1071 3065 1145 ἐγκατέχεσθαι.
3108 1074 3221 1130 Hae
3257 1078 3398 1128 sunt
3432 1072 3707 1144 quaedam

2044 1164 2286 1217 naturas
2324 1161 2481 1231 leges
2520 1163 2767 1219 minime
2806 1164 3074 1232 scriptae,
3127 1167 3194 1218 ut
3257 1162 3427 1217 tardi
3467 1166 3587 1217 sint
3626 1160 3708 1216 ad

2047 1249 2397 1317 vindictam,
2468 1251 2574 1323 qui
2626 1252 2709 1307 ad
2773 1253 3105 1309 maximam
3170 1252 3504 1321 potentiam
3566 1254 3709 1305 sunt

2047 1339 2253 1396 evecti.
2295 1340 2417 1396 Sed
2453 1346 2509 1397 et
2550 1356 2925 1414 quaecunque
2962 1357 3106 1412 apes
3159 1342 3319 1413 regis
3370 1339 3707 1409 exemplum

2045 1442 2165 1483 non
2194 1436 2550 1500 sequuntur,
2597 1444 2696 1487 eas
2732 1433 2936 1488 statim
2970 1431 3324 1488 temeritatis
3356 1444 3483 1486 sua!
3508 1427 3705 1498 pleni-

2047 1521 2147 1588 tet,
2192 1525 2511 1588 propterea
2555 1521 2717 1592 quod
2771 1522 2972 1578 aculei
3018 1523 3145 1578 ictu
3190 1523 3517 1582 intereunt.
3572 1520 3704 1573 Au-

2044 1606 2218 1663 diant
2286 1608 2639 1679 Christiani,
2713 1613 2813 1684 qui
2873 1612 3038 1667 nulli
3096 1612 3325 1667 malum
3372 1624 3487 1678 pro
3543 1608 3705 1663 malo

2046 1697 2314 1763 reddere,
2371 1699 2477 1755 sed
2527 1701 2591 1757 in
2634 1700 2782 1756 bono
2824 1702 3053 1758 malum
3108 1702 3347 1757 vincere
3385 1697 3701 1770 jubentur.

2046 1786 2297 1843 Imitare
2337 1789 2658 1857 propriam
2705 1790 2836 1858 apis
2881 1789 3168 1858 indolem,
3213 1802 3349 1859 quae
3385 1786 3549 1843 nulli
3577 1784 3701 1854 ofﬁ-

267 1874 331 1932 in
383 1875 478 1931 his
513 1875 787 1939 vocibus,
828 1880 1239 1952 στρατηγέομαι,
1294 1878 1669 1951 στρατηγικός,
1712 1893 1932 1949 στρατη-

2046 1875 2227 1941 ciens,
2256 1892 2446 1948 neque
2471 1878 2743 1947 fructum
2773 1879 3039 1935 alienum
3068 1891 3475 1946 corrumpens,
3527 1875 3702 1944 favos

268 1968 384 2036 γὸς,
432 1971 827 2040 στρατηγήτης,
863 1966 1117 2040 aliisque
1164 1966 1391 2034 multis,
1421 1982 1578 2039 quas
1604 1979 1819 2021 omnes
1845 1978 1938 2019 re-

269 2070 516 2112 censere
550 2061 608 2112 et
636 2056 890 2129 longum
923 2061 981 2113 et
1007 2057 1217 2114 inutile
1248 2062 1424 2114 esset.
1460 2059 1656 2123 Quare
1698 2071 1821 2111 non
1866 2069 1937 2110 eo

274 2144 470 2201 solum
512 2147 761 2203 nomine
792 2163 912 2203 vox
962 2149 1380 2222 στρατηγάρχας
1408 2145 1790 2232 repudianda
1824 2147 1934 2229 est,

268 2234 436 2306 quod
458 2250 617 2291 nova
639 2236 713 2291 sit
741 2241 798 2292 et
823 2236 1081 2300 insolita,
1117 2236 1228 2293 sed
1256 2236 1424 2309 quod
1448 2240 1665 2309 praeter
1693 2239 1935 2291 caetero-

268 2338 407 2378 rum
445 2324 766 2381 nominum
796 2326 1298 2389 consuetudinem
1340 2325 1677 2397 composita
1705 2340 1834 2380 esse
1855 2322 1937 2377 vi-

269 2411 506 2469 deatur.
534 2414 562 2467 J
571 2428 671 2469 am
701 2414 912 2470 monui
934 2415 1291 2487 scriptorem
1317 2413 1612 2470 nonnulla
1633 2430 1706 2469 ex
1729 2429 1802 2469 ea
1834 2416 1934 2469 Ba-

269 2500 382 2557 silii
398 2503 696 2573 oratione,
711 2519 846 2577 quae
866 2504 1231 2573 inscribitur,
1248 2505 1510 2562 Attende
1529 2505 1638 2560 tibi
1650 2505 1786 2573 ipsi,
1807 2519 1936 2558 mu-

268 2594 505 2647 tuatum
534 2592 735 2648 fuisse.
763 2594 865 2650 Hic
891 2598 1097 2651 autem
1121 2610 1332 2651 rursus
1364 2609 1610 2651 monere
1633 2594 1827 2665 juvat,
1852 2593 1910 2649 vi

266 2678 396 2735 deri
424 2681 731 2749 eumdem,
760 2682 862 2739 ubi
888 2683 1236 2757 exemplum
1268 2684 1402 2757 apis
1423 2688 1480 2739 et
1499 2683 1768 2739 formicae
1799 2698 1936 2755 pro-

266 2769 494 2841 posuit,
536 2771 683 2828 satis
724 2772 920 2830 multa
967 2790 1041 2829 ex
1080 2790 1265 2848 opere
1310 2791 1417 2832 sex
1454 2773 1690 2830 dierum
1733 2772 1933 2828 Basilii

270 2860 633 2932 sumpsisse.
672 2864 742 2919 Et
787 2865 1082 2936 quoniam
1124 2865 1344 2921 borum
1372 2865 1655 2922 locorum
1685 2863 1838 2919 inter
1867 2879 1934 2919 se

268 2950 648 3023 comparatio
683 2952 862 3009 nobis
893 2953 1073 3011 alicui
1098 2954 1235 3009 usui
1266 2969 1397 3010 esse
1425 2953 1662 3026 poterit,
1704 2951 1935 3025 aliquid

267 3053 341 3094 ex
372 3044 628 3114 utroque
654 3046 899 3100 auctore
925 3044 1042 3100 hoc
1064 3043 1197 3101 loco
1227 3044 1587 3100 exscribam.
1624 3046 1829 3114 Itaque
1858 3040 1935 3096 de

267 3129 485 3202 apibus
508 3130 766 3204 loquens
797 3133 1054 3190 Basilius
1081 3134 1250 3190 hom.
1275 3137 1306 3190 8
1328 3134 1391 3190 in
1420 3134 1734 3202 Hexaem.,
1762 3146 1932 3187 num.

264 3221 321 3287 4,
356 3218 441 3275 sic
471 3219 738 3293 loquitur
760 3223 935 3294 (tom.
966 3227 1007 3295 Ι,
1041 3239 1102 3295 p.
1127 3224 1219 3293 74)
1245 3239 1258 3278 :
1290 3226 1461 3295 Νόμοι
1485 3226 1618 3283 τινές
1634 3224 1762 3273 εἰσιν
1790 3219 1936 3272 οὗτοι

264 3315 362 3369 τῆς
404 3310 606 3381 φύσεως
644 3313 892 3385 ἄγραφοι,
938 3311 1131 3387 ἀργοὺς
1176 3309 1307 3366 εἶναι
1345 3316 1477 3387 πρὸς
1517 3314 1770 3386 τιμωρίαν
1816 3312 1937 3377 τοὺς

265 3406 367 3451 τῶν
396 3406 655 3471 μεγίστων
699 3399 1021 3456 δυναστειῶν
1060 3401 1442 3464 ἐπιϐαίνοντας.
1486 3402 1641 3456 Ἀλλά
1685 3407 1777 3456 καὶ
1818 3406 1936 3455 ταῖς

266 3486 566 3560 μελίσσαις,
613 3490 738 3542 ὅσαι
789 3492 850 3542 ἄν
894 3496 965 3564 μή
1009 3490 1411 3549 ἀκολουθήσωσι
1458 3500 1531 3563 τῷ
1580 3490 1935 3566 ὑποδείγματι

271 3585 364 3629 τοῦ
419 3576 699 3650 βασιλέως,
750 3583 893 3651 ταχύ
946 3579 1225 3653 μεταμελει-
1273 3588 1372 3643 τῆς
1425 3579 1689 3643 ἀϐουλίας,
1732 3584 1813 3634 ὅτι
1866 3591 1928 3655 τῇ

264 3668 438 3743 πληγῇ
473 3678 565 3723 τοῦ
592 3674 803 3745 κέντρου
839 3669 1332 3729 ἐναποθνήσκουσιν.
1373 3671 1726 3724 Ἀκουέτωσαν
1755 3678 1931 3747 Χρισ-

264 3762 454 3830 τιανοὶ,
503 3759 581 3820 οἶς
629 3761 949 3834 πρόσταγμα
988 3758 1101 3811 ἐστι
1152 3755 1341 3832 μηδενὶ
1389 3763 1548 3812 κακὸν
1604 3759 1717 3813 ἀντὶ
1768 3768 1931 3813 κακοῦ

267 3846 604 3916 ἀποδιδόναι,
637 3848 764 3902 ἀλλά
792 3856 937 3921 νικᾴν
968 3848 1017 3902 ἐν
1048 3858 1121 3922 τῷ
1152 3848 1333 3922 ἀγαθῷ
1358 3853 1416 3902 τό
1454 3854 1802 3909 κακόν........
1831 3855 1930 3903 Τὸν

265 3943 356 4014 μεν
387 3942 487 4013 γὰρ
521 3943 681 4013 κηρὸν
713 3938 814 3992 ἀπὸ
847 3942 944 3992 τῶν
985 3938 1149 3993 ἀνθῶν
1178 3948 1404 4014 φανερῶς
1436 3945 1748 4014 συναγείρει,
1782 3944 1839 3993 τό
1872 3937 1931 3994 δὲ

265 4028 381 4102 μέλι
422 4034 516 4088 τὴν
564 4026 886 4105 δροσοειδῶς
920 4027 1298 4105 ἐνεσπαρμένην
1343 4025 1529 4082 νοτίδα
1570 4037 1677 4092 τοῖς
1721 4032 1929 4083 ἄνθεσιν

265 4116 665 4191 ἐπισπασαμένη
707 4127 779 4191 τῷ
820 4123 1062 4192 στόματι,
1108 4121 1304 4177 ταύτην
1352 4126 1468 4180 ταῖς
1503 4118 1777 4178 κοιλότησι
1828 4128 1928 4172 τῶν

264 4211 459 4281 κηρίων
510 4206 728 4265 ἐνίησιν.
745 4251 759 4263 .
780 4250 794 4262 .
818 4252 835 4285 ι
853 4251 865 4263 .

264 4294 483 4349 ἐπαίνων
513 4299 656 4371 παρὰ
684 4304 781 4358 τῆς
810 4301 1104 4369 Παροιμίας
1129 4299 1410 4369 τετύχηκε,
1448 4301 1579 4368 σοφὴ
1610 4302 1700 4349 καὶ
1722 4296 1930 4371 ἐργάτις

264 4384 640 4458 ὀνομασθεῖσα.
683 4386 836 4439 Οὑτω
866 4391 956 4459 μὲν
996 4385 1279 4459 φιλοπόνως
1316 4391 1410 4444 τήν
1446 4391 1638 4461 τροφὴν
1682 4391 1929 4459 συναγεί-

262 4494 433 4548 ρουσα
482 4475 599 4549 (Ἶίς
642 4480 761 4538 τοὺς
811 4480 1021 4541 πόνους,
1074 4480 1225 4547 φησὶ,
1285 4473 1525 4547 βασιλεῖς
1573 4480 1664 4528 καὶ
1720 4472 1932 4542 ἰδιῶται

260 4569 393 4642 πρὸς
423 4569 600 4639 ὑγείαν
629 4566 1057 4642 προσφέρονται),
1094 4564 1229 4617 οὑτω
1260 4561 1320 4618 δὲ
1351 4574 1522 4638 σοφῶς
1550 4565 1931 4638 φιλοτεχνοῡσα

262 4659 359 4719 τὰς
407 4656 679 4719 ἀποθήκας
730 4664 821 4709 τοῦ
867 4655 1094 4729 μέλιτος·
1145 4655 1217 4717 εἰς
1259 4654 1442 4708 λεπτὸν
1486 4654 1585 4730 γὰρ
1637 4656 1798 4728 ὑμένα
1843 4658 1930 4706 τὸν

264 4732 429 4822 κηρὸν
454 4743 488 4798 δ
494 4752 780 4815 ιατείνασα,
809 4748 1007 4808 πυκνὰς
1039 4750 1128 4799 καὶ
1152 4751 1393 4818 συνεχεῖς
1425 4743 1670 4807 ἀλλήλαις
1698 4764 1929 4796 συνοικο-

934 4206 1111 4260 Καλῶν
1152 4212 1243 4260 καὶ
1298 4212 1594 4281 πρεπόντων
1645 4207 1776 4267 αὓτη
1828 4217 1928 4261 τῶν

265 4832 422 4909 δομεῖ
446 4838 540 4897 τὰς
569 4835 894 4901 κοιλότητας,
937 4839 1007 4899 ὡς
1037 4839 1094 4889 τὸ
1124 4838 1318 4888 πυκνόν
1348 4843 1443 4895 τῆς
1473 4842 1572 4886 τῶν
1603 4836 1929 4909 μικροτάτων

264 4930 396 5000 πρὸς
428 4924 625 4984 ἄλληλα
657 4921 691 4978 δ
695 4930 870 4991 ἑσεως,
904 4929 1121 5002 ἔρεισμα
1143 4925 1383 4997 γίνεσθαι
1409 4933 1481 4996 τῷ
1502 4929 1673 4980 παντί.
1702 4924 1927 4982 Ἐκάστη

261 5018 363 5089 γὰρ
423 5019 640 5091 φρεατία
694 5025 792 5077 τῆς
848 5016 1022 5089 ἐτέρας
1087 5018 1285 5087 ἔχεται,
1346 5015 1513 5087 λεπτῷ
1570 5018 1701 5088 πρὸς
1768 5014 1929 5072 αὑτήν

265 5102 596 5180 διειργομένη
641 5125 694 5158 τε
734 5108 862 5179 ὁμοῦ
907 5110 997 5159 καὶ
1043 5110 1400 5179 συναπτομένη
1438 5114 1511 5178 τῷ
1542 5101 1925 5180 διαφράγματι.

262 5202 477 5249 Ἔπειτα
538 5192 789 5271 διὼροφοι
849 5201 939 5248 καὶ
1004 5201 1282 5271 τριώροφοι
1346 5197 1402 5247 αἱ
1470 5197 1719 5271 σύριγγες
1774 5194 1931 5272 αὑται

265 5283 515 5347 ἀλλήλαις
557 5281 1011 5359 ἔπῳκοδόμηνται.
1046 5284 1365 5359 Ἐφυλάξατο
1406 5288 1509 5358 γὰρ
1548 5290 1667 5358 μίαν
1707 5291 1930 5343 ποιῆσαι

266 5372 551 5450 διαμπερὲς
600 5379 696 5434 τήν
743 5374 1046 5444 κοιλότητα,
1090 5377 1171 5428 ἵνα
1215 5381 1286 5450 μή
1335 5385 1407 5448 τῷ
1458 5375 1613 5449 βάρει
1655 5380 1713 5428 τὸ
1772 5376 1929 5449 ὑγρὸν

263 5469 395 5541 πρὸς
438 5469 497 5518 τὸ
539 5465 686 5528 ἐκτὸς
727 5462 1031 5539 διεκπίπτη.
1074 5468 1369 5540 Κατάμαθε
1397 5475 1507 5529 πῶς
1544 5469 1610 5519 τὰ
1650 5475 1747 5530 τῆς
1792 5486 1927 5538 γεω-

264 5558 479 5629 μετρίας
517 5556 786 5631 εὑρήματα
830 5556 1071 5630 πάρεργᾶ
1103 5555 1218 5610 ἐστι
1261 5564 1358 5620 τῆς
1396 5558 1703 5629 σοφωτάτης
1740 5556 1927 5633 μελίσ-

339 5683 389 5719 ²⁰
416 5683 583 5740 Prov.
612 5697 689 5753 v1,
722 5687 775 5753 6,
802 5697 927 5739 sec.
959 5683 1104 5741 LXX.

2045 1967 2341 2021 construit
2372 1981 2445 2023 ac
2470 1982 2609 2037 com,
2642 1968 2816 2039 ingit.
2847 1970 3005 2025 Nam
3034 1973 3105 2023 ut
3128 1981 3328 2024 ceram
3354 1981 3431 2023 ea:
3449 1964 3703 2035 ﬂoribus

2045 2063 2253 2126 aperte
2292 2058 2547 2127 colligit,
2591 2060 2681 2115 ita
2720 2061 2860 2124 mel,
2920 2058 3228 2115 humorem
3266 2057 3494 2112 scilicet
3544 2052 3703 2109 roris

2044 2148 2240 2202 instar
2264 2147 2516 2216 ﬂoribus
2562 2148 2923 2218 inspersum,
2963 2162 3065 2204 ore
3105 2145 3386 2215 attrahit,
3428 2141 3702 2214 atquein

2038 2238 2328 2307 favorum
2393 2251 2543 2293 cava
2606 2239 2971 2295 immittit....
3035 2238 3186 2307 Apis
3238 2235 3578 2305 praeclaras
3644 2237 3702 2287 et

2044 2328 2459 2383 convenientes
2498 2320 2708 2384 laudes
2754 2343 2792 2385 a
2838 2327 3167 2384 Proverbia
3222 2328 3541 2383 consecuta
3591 2326 3697 2384 est.

2041 2432 2177 2489 qua:
2203 2417 2431 2473 scilicet
2450 2404 2804 2487 appelletur
2828 2419 3090 2488 sapiens,
3132 2421 3185 2473 et
3218 2415 3539 2471 laboriosa.
3568 2412 3701 2467 Hoc

2037 2506 2214 2562 modo
2246 2511 2308 2561 ut
2339 2506 2669 2577 diligenter
2695 2507 2827 2577 apis
2855 2507 3148 2576 pabulum
3184 2505 3449 2575 congerit
3487 2506 3503 2573 (
3528 2522 3556 2552 ‹‹
3583 2501 3701 2557 Cu-

2028 2597 2136 2665 jus
2157 2595 2408 2662 labores,
2428 2597 2647 2669 inqm't,
2670 2612 2834 2667 reges
2854 2604 2908 2653 et
2924 2597 3157 2666 privati
3175 2596 3257 2652 ad
3268 2594 3589 2651 sanitatem
3609 2605 3701 2646 asc

2038 2690 2284 2741 sumunt
2315 2685 2452 2756 ’0»),
2481 2687 2571 2742 ita
2595 2688 2899 2756 sapienter
2927 2689 2980 2743 et
3006 2686 3329 2755 artiﬁciose
3355 2682 3551 2738 mellis
3579 2681 3700 2736 cel-

2041 2775 2204 2831 lulas
2234 2776 2515 2830 exstruit.
2545 2775 2814 2832 Extenta
2848 2777 3008 2832 enim
3050 2776 3111 2831 in
3137 2782 3370 2832 tenuem
3399 2771 3700 2829 membra-

2040 2878 2183 2919 nam
2212 2878 2349 2919 cera
2383 2864 2596 2919 crebra
2636 2869 2689 2920 et
2728 2865 2888 2921 inter
2923 2846 2983 2922 se
3024 2865 3315 2921 continua
3351 2876 3501 2919 cava
3536 2875 3701 2917 cons-

2042 2953 2215 3016 truit,
2245 2958 2313 3006 ut
2335 2952 2683 3024 frequentia
2713 2955 2827 3010 illa
2854 2960 2909 3010 el
2940 2954 3226 3020 densitas,
3268 2966 3391 3024 qua
3420 2949 3700 3006 minutis-

2040 3042 2195 3098 sima
2249 3056 2500 3114 quteque
2539 3042 2745 3099 sedum
2779 3045 3031 3100 invicem
3078 3043 3464 3114 colligantur,
3534 3038 3703 3109 operi

2044 3132 2156 3187 toti
2193 3130 2470 3200 fulcrum
2526 3132 2604 3187 sit
2655 3137 2709 3188 et
2754 3133 3225 3201 ﬁrmamentum.
3269 3132 3426 3187 Nam
3474 3128 3700 3186 cellula

1966 3242 2006 3298 ο
2044 3221 2326 3292 quaelibet
2372 3222 2556 3278 alteri
2602 3222 2896 3290 adhaeret,
2950 3222 3118 3279 tenui
3157 3228 3320 3291 septo
3362 3219 3440 3277 ab
3491 3233 3561 3276 ea
3610 3231 3705 3274 se-

2035 3312 2273 3380 juncta.
2306 3312 2526 3369 Deinde
2550 3313 2772 3381 ﬁstula
2811 3313 2904 3369 ha:
2932 3313 3071 3370 alia:
3106 3326 3290 3381 super
3316 3311 3474 3367 alias
3512 3308 3703 3377 adiﬁ-

2046 3407 2217 3469 catce,
2257 3401 2410 3459 duas
2448 3406 2642 3459 tresve
2689 3403 2913 3460 habent
2960 3401 3458 3473 contignationes.
3518 3399 3705 3456 Cavet

2044 3492 2201 3547 enim
2255 3493 2604 3547 continuam
2660 3507 2847 3549 unam
2891 3493 3131 3563 efﬁcere
3168 3489 3580 3554 cavernulam,
3629 3501 3705 3543 ne

2044 3578 2262 3635 humor
2296 3580 2467 3649 foras
2510 3587 2763 3650 propter
2810 3582 3178 3651 gravitatem
3220 3579 3489 3650 dif/luat.
3528 3577 3706 3632 Disce

2041 3668 2333 3740 quomodo
2390 3673 2733 3739 geometria
2785 3672 3031 3727 inventa
3081 3670 3335 3726 accessio
3386 3668 3509 3723 sint
3560 3680 3702 3736 ope-

2039 3772 2126 3814 rae
2172 3773 2246 3814 ac
2286 3758 2509 3815 laboris
2538 3760 2686 3829 ejus,
2722 3773 2895 3831 quem
2925 3759 3055 3828 apis
3100 3757 3540 3828 sapientissimo
3565 3770 3701 3841 svs-

2032 3849 2207 3919 picit.
2242 3849 2455 3905 Omnes
2481 3849 2636 3905 enim
2652 3850 2935 3919 favorum
2952 3849 3298 3906 cavernulce
3317 3852 3458 3903 sunt
3477 3859 3701 3903 sexan-

2036 3939 2220 4008 gulae,
2261 3944 2317 3995 et
2357 3939 2622 4009 aequalia
2666 3940 2863 3995 latera
2908 3938 3179 3995 habent:
3215 3952 3337 3992 non
3386 3936 3525 3992 aliae
3560 3934 3702 3990 aliis

2037 4027 2269 4083 directo
2322 4026 2698 4097 incumbunt,
2754 4042 2829 4084 ne
2869 4027 3048 4098 fundi
3098 4025 3442 4082 intervallis
3496 4023 3703 4079 vacuis

2036 4116 2318 4186 adjuncti
2340 4116 2683 4189 fatiscant;
2707 4117 2813 4173 sed
2830 4117 3310 4188 sexangularum
3337 4112 3700 4171 cavemula-

2036 4220 2175 4261 rum
2193 4206 2558 4276 inferiorum
2577 4207 2813 4277 anguli,
2846 4206 3002 4262 basis
3021 4211 3163 4262 sunt
3183 4220 3255 4261 ac
3276 4205 3702 4275 fulcimentum

2035 4297 2435 4367 superiorum,
2457 4302 2526 4352 ut
2560 4302 2689 4353 tuto
2735 4312 2923 4366 supra
2972 4312 3033 4353 se
3068 4310 3255 4352 onera
3288 4295 3599 4360 attollant,
3644 4296 3701 4348 et

2036 4387 2365 4455 separatim
2395 4388 2462 4443 in
2492 4401 2848 4459 unoquoque
2866 4401 3127 4443 concavo
3152 4386 3367 4442 humor
3393 4386 3700 4440 continea-

2040 4483 2161 4532 tur.
2204 4481 2425 4532 Auctor
2461 4492 2607 4532 vero
2649 4475 3195 4533 lucubratiunculas
3237 4475 3388 4545 ejus,
3420 4488 3609 4547 quam
3636 4472 3701 4527 in

1965 4594 2009 4649 ι)
2039 4565 2162 4621 suis
2182 4566 2472 4623 Ecclesia:
2493 4567 2720 4623 Graecae
2744 4566 3148 4623 Monumentis
3168 4563 3358 4621 edidit
3377 4561 3702 4620 Cotelerius

2036 4656 2294 4728 loquens
2326 4661 2383 4711 et
2415 4654 2550 4728 ipse
2590 4656 2666 4712 de
2703 4656 2922 4729 apibus
2963 4657 3043 4712 ita
3082 4654 3289 4711 scribit
3328 4655 3486 4726 (pag.
3522 4653 3648 4722 620)
3681 4667 3696 4706 :

2038 4749 2311 4819 χρήσιμον
2334 4748 2394 4797 τό
2423 4740 2724 4818 ὑπόδειγμα
2744 4753 2838 4807 τῆς
2859 4744 3141 4818 μελίσσης,
3165 4740 3349 4796 δοῦναι
3369 4744 3455 4793 τὸν
3477 4741 3694 4812 καρπὸν,

2040 4838 2131 4886 καὶ
2163 4835 2484 4907 ἀμύνασθαι·
2521 4839 2621 4888 Καὶ
2645 4836 2744 4907 γὰρ
2776 4839 2864 4887 καὶ
2895 4837 2925 4893 ἠ
2956 4833 3182 4907 μελισσα
3220 4830 3533 4905 ἀμυνομένη,
3566 4827 3696 4882 ἐπα-

2040 4926 2328 4982 ποθνήσκει
2372 4932 2433 4996 τῇ
2476 4924 2675 4997 πληγῇ·
2711 4930 2801 4977 καὶ
2831 4920 3151 4998 Χριστιανοῦ
3194 4925 3430 4986 θάνατος,
3472 4921 3502 4979 ἦ
3537 4918 3697 4972 ἀντα-

2039 5011 2267 5076 πόδοσις
2282 5022 2373 5067 τοῦ
2395 5021 2581 5069 κακοῦ.
2604 5014 2820 5067 Ἐκεῖνον
2839 5017 2931 5087 μὲν
2950 5016 3135 5088 μικρὸν
3158 5009 3455 5075 ὠνείδισας·
3482 5014 3699 5065 σεαυτὸν

2044 5101 2103 5158 δε
2138 5104 2442 5166 ἀπέκτεινας
2477 5112 2540 5177 τῇ
2578 5112 2817 5178 παρακοῇ
2864 5112 2959 5165 τῆς
3002 5102 3227 5169 ἐντολῆς,
3279 5099 3483 5162 Μηδενὶ
3539 5106 3697 5155 κακὸν

2042 5193 2155 5248 ἀντὶ
2184 5202 2348 5246 κακοῦ
2374 5190 2738 5256 ἀποδιδόντες.
2768 5190 2919 5254 Εἶδες
2946 5201 3057 5255 πῶς
3087 5193 3116 5251 ή
3149 5191 3377 5266 μέλισσα
3404 5211 3476 5263 τῳ
3505 5194 3698 5263 κέντρῳ

2041 5289 2135 5344 τήν
2176 5284 2314 5347 ζωὴν
2364 5283 2674 5356 ἐναφίησινς
2713 5281 2865 5335 Οὕτω
2899 5286 2987 5335 καὶ
3031 5284 3350 5355 Χριστιανὸς
3388 5284 3475 5334 τόν
3505 5278 3697 5354 ἐχθρὸν

2041 5373 2376 5449 ἀμυνόμενος,
2430 5371 2523 5428 διὰ
2570 5381 2664 5435 τῆς
2706 5372 2912 5445 πληγῆς
2957 5381 3055 5435 τῆς
3102 5372 3174 5433 εἰς
3220 5374 3307 5424 τὸν
3360 5370 3551 5445 ἐχθρὸν
3602 5373 3696 5427 τὴν

2041 5466 2225 5520 ἑαυτοῦ
2294 5464 2433 5526 ζωὴν
2487 5462 2885 5519 ἀποϐάλλει....
2951 5467 3056 5522 Τὴν
3115 5458 3173 5515 δε
3224 5460 3476 5534 ἐνέργειαν
3532 5457 3697 5518 αὐτῆς

2038 5559 2340 5639 προτίθεται
2408 5555 2480 5622 εἰς
2550 5553 2839 5608 ἀπόλαυσιν
2914 5550 3197 5629 βασιλεῦσι
3277 5554 3368 5605 καὶ
3431 5544 3694 5620 ἰδιώταις⁹
