4092 6378
428 361 498 417 63
1954 364 2336 424 ΡΒΕΡΛΤΙΟ.
3765 375 3840 431 64

424 484 558 550 tior,
589 483 770 555 longe
807 488 1094 545 ornatior.
1120 491 1219 547 Est
1251 490 1422 548 locus
1446 492 1507 548 in
1537 491 1652 548 hac
1679 490 2076 560 oratiuncula,
2106 496 2153 547 Α
2190 494 2282 549 nii
2293 502 2677 557 monumenta
2699 497 3023 569 magniﬁca
3044 503 3848 571 tractatuum,quosextem-

425 588 610 646 quem
652 575 876 646 partim
925 583 1299 649 corruptum,
1344 581 1566 653 partim
1603 581 1891 637 vitiosum
1946 595 2079 637 esse

423 666 597 735 puto.
622 662 706 719 lbi
732 669 934 721 autem
972 667 1057 723 ita
1083 667 1301 738 legitur
1325 674 1486 742 (pag.
1519 674 1646 737 622)
1680 689 1693 726 :
1721 676 1785 723 Τί
1809 668 1896 723 οὖν
1920 674 2079 727 ποιή-

437 771 547 813 σεις
589 756 723 826 πρὸς
750 758 872 816 τοὺς
899 755 1116 818 πολλοὺς
1161 762 1379 820 τούτους
1424 760 1701 833 πολεμίους
1746 762 1920 832 ἔχωνς
1954 761 2080 830 άφον

428 840 645 914 ὁρύξαις
670 842 824 896 Ἀλλὰ
842 864 932 897 και
970 854 1150 899 τοῦτον
1186 848 1539 922 ὑπερϐήσεται
1578 852 1821 924 ,Χάρακα
1850 857 2082 922 προστῆ-

432 950 556 999 σαις
591 931 745 985 Ἀλλὰ
781 939 871 986 καὶ
910 942 1091 987 τοῦτον
1141 932 1457 995 διαϐήσεται
1489 956 1501 993 ;
1545 938 1651 994 ubi
1697 938 2082 994 doctissimus

428 1019 520 1076 vir
541 1021 864 1078 Cotelerius
885 1040 996 1096 pro
1015 1028 1174 1097 τάφον
1202 1025 1319 1096 legi
1350 1026 1570 1083 debere
1590 1031 1781 1102 τάφρον
1814 1026 2083 1098 suspica-

432 1112 529 1165 tus
563 1115 672 1177 est,
706 1113 1154 1185 sicquepostea
1188 1116 1400 1173 vertit:
1437 1116 1595 1184 Quid
1628 1132 1762 1187 ergo
1794 1131 1954 1187 ages,
1984 1117 2086 1172 cui

433 1213 526 1255 res
556 1208 643 1257 est
674 1217 809 1258 cum
828 1205 1114 1272 plurimis
1136 1205 1487 1276 hujusmodi
1513 1207 1820 1263 hostibus?
1847 1206 2083 1262 vallum

428 1287 655 1357 fodies?
701 1291 824 1347 Sed
862 1292 969 1348 hoc
999 1296 1502 1365 transgredietur.
1550 1297 1793 1353 Fossam
1820 1297 2084 1364 interpo-

431 1379 579 1433 nes?
607 1380 721 1435 Sed
759 1387 815 1437 et
860 1383 1035 1439 illam
1078 1386 1404 1453 superabit.
1456 1386 1686 1442 Etenim
1733 1385 1865 1458 ipso
1915 1384 2085 1441 initio

431 1470 535 1523 aut
561 1470 908 1541 praepositio
937 1475 1068 1546 πρὸς
1095 1472 1417 1544 redundat,
1447 1479 1551 1530 aut
1575 1490 1693 1531 vox
1736 1474 1941 1547 aliqua
1969 1472 2086 1529 hoc

428 1553 562 1611 loco
591 1556 780 1625 deest,
827 1559 912 1615 uti
941 1576 1057 1617 vox
1087 1561 1249 1629 πάλη,
1276 1563 1515 1636 πόλιμος,
1550 1569 1653 1620 aut
1690 1563 1811 1620 alia
1856 1562 2086 1636 qumvis

431 1644 661 1702 similis.
682 1648 959 1705 Rescindi
978 1650 1162 1721 igitur
1185 1654 1507 1726 oportebat
1533 1653 1895 1727 particulam
1933 1656 2083 1725 πρὸς,

429 1734 546 1791 hoc
576 1737 786 1804 modo,
819 1742 956 1811 ἔχων
986 1746 1107 1803 τοὺς
1133 1742 1369 1807 πολλοὺς,
1399 1747 1512 1798 etc.
1565 1743 1722 1811 Quid
1745 1757 1889 1813 ergo
1920 1756 2084 1811 ages,

434 1823 664 1883 habens
676 1829 979 1896 plurimos
1009 1830 1359 1901 hujusmodi
1371 1831 1606 1888 hostes?
1633 1836 1737 1887 aut
1757 1846 1829 1886 ea
1857 1834 2087 1887 retenta

432 1912 516 1969 ita
569 1916 773 1984 scribi,
823 1921 958 1990 ἔχων
988 1918 1154 1978 πάλην
1193 1924 1322 1995 πρὸς
1366 1925 1485 1982 τοὺς
1514 1920 1750 1987 πολλοὺς,
1783 1924 1895 1976 etc.
1931 1918 2088 1987 Quid

434 2016 578 2073 ergo
597 2018 754 2074 ages,
772 2005 996 2063 habens
1017 2008 1405 2066 luctationem
1426 2026 1561 2066 cum
1579 2011 1859 2081 plurimis
1882 2008 2089 2078 hujus-

438 2092 603 2148 modi
623 2096 892 2152 hostibus
908 2097 935 2153 ?
962 2098 1078 2155 Sed
1100 2103 1301 2155 tamen
1324 2099 1383 2155 id
1400 2100 1463 2155 in
1494 2100 1721 2156 malam
1740 2103 1975 2172 partem
1995 2097 2088 2153 in-

436 2185 749 2254 terpretari
778 2186 965 2251 nolui,
991 2203 1067 2245 ne
1091 2188 1320 2245 librarii
1348 2190 1560 2246 vitium
1581 2190 1643 2246 in
1660 2189 1859 2261 ipsum
1884 2191 2090 2245 aucto-

435 2284 564 2326 rem
594 2275 915 2332 transferre
949 2277 1351 2335 existimarer.
1399 2281 1696 2336 Hactenus
1725 2278 1800 2334 de
1830 2280 2027 2351 prima
2073 2290 2087 2331 :

434 2375 600 2417 nunc
620 2363 697 2419 de
734 2366 1000 2423 secunda
1022 2368 1207 2439 hujus
1234 2368 1349 2424 loci
1379 2372 1549 2441 parte
1573 2384 1766 2425 unum
1797 2372 1900 2424 aut
1946 2364 2087 2423 alte-

436 2467 574 2509 rum
602 2455 857 2513 verbum
904 2457 1126 2515 dicam.
1176 2459 1348 2527 lllud,
1379 2464 1537 2531 τάφον
1586 2459 1767 2533 ὀρύξαι
1792 2462 1848 2514 et
1875 2459 2094 2532 χάρακα

439 2552 641 2616 προστῆ
652 2565 760 2612 σαι,
780 2562 1031 2620 quoquo
1048 2548 1233 2605 modo
1262 2554 1557 2618 sumatur,
1573 2554 1788 2620 praeter
1807 2563 1990 2603 usum
2011 2551 2095 2602 at-

436 2647 555 2704 que
602 2636 1108 2692 consuetudinem
1154 2637 1384 2693 dictum
1438 2637 1620 2694 fuisse
1650 2637 1798 2693 mihi
1834 2636 2089 2692 videtur.

438 2720 603 2777 Alius
645 2722 840 2795 quivis
883 2726 1160 2793 scriptor,
1215 2731 1281 2781 ut
1327 2725 1565 2801 opinpr,
1611 2727 1697 2782 ita
1748 2724 2097 2797 simpliciter

440 2810 798 2882 scripsisset,
816 2816 975 2886 τάφον
997 2814 1197 2889 ὀρύξεις
1215 2830 1300 2880 ;...
1324 2816 1543 2889 χάρακα
1560 2819 1882 2889 προστήσας
1897 2830 1910 2879 ;
1928 2828 2098 2883 sepu-

442 2900 634 2957 lcrum
681 2903 981 2972 fodies?...
1025 2906 1258 2974 fossam
1304 2904 1693 2973 interpones?
1720 2906 1784 2960 Et
1813 2904 1984 2976 prius
2014 2903 2097 2960 ita

441 2989 759 3063 scripserat
786 2997 997 3049 auctor
1025 2993 1177 3065 ipse,
1200 2997 1253 3045 τί
1276 2998 1536 3061 ποιήσεις,
1568 3008 1692 3050 non
1723 3001 1969 3052 ποιῆσαι.

957 3194 987 3261 §
1023 3190 1122 3250 XI.
1161 3192 1248 3248 De
1274 3192 1580 3249 Asceticis.

488 3354 602 3409 ‘27.
645 3353 826 3410 Multa
870 3353 1050 3410 hodie
1101 3354 1349 3411 nomine
1378 3352 1789 3409 Asceticorum
1818 3367 2095 3426 compre-

439 3443 810 3510 henduntur,
838 3442 1171 3515 peculiares
1196 3443 1454 3516 quidam
1492 3446 1799 3513 tractatus,
1830 3441 2090 3511 Moralia,

442 3532 681 3602 Regulae
709 3537 837 3588 tam
881 3531 1138 3588 fusiores
1186 3549 1373 3607 quam
1420 3532 1750 3605 breviores,
1795 3531 2091 3605 Epitimia,

443 3620 909 3677 Constitutiones
935 3622 1318 3678 monasticae:
1343 3626 1403 3678 at
1424 3622 1488 3677 in
1511 3621 1793 3679 Asceticis
1818 3635 1942 3677 non
1963 3620 2093 3676 haec

443 3709 654 3765 omnia
673 3709 817 3765 olim
837 3711 1279 3783 comprehensa
1292 3710 1497 3782 fuisse,
1514 3727 1625 3785 pro
1646 3715 1829 3780 certo,
1854 3709 2093 3783 opinor,

442 3799 656 3856 haberi
684 3804 903 3873 potest.
955 3803 1022 3856 Et
1061 3800 1309 3873 quidem
1341 3801 1607 3870 Photius,
1636 3799 1743 3873 qui
1768 3800 1843 3855 de
1882 3798 2097 3855 Asceti-

445 3889 532 3945 cis
586 3890 781 3946 Basilii
805 3891 1047 3963 copiose
1076 3889 1362 3963 loquitur,
1388 3890 1472 3947 ita
1501 3891 1577 3946 de
1617 3890 1712 3945 his
1740 3889 2000 3956 disserit,
2033 3892 2099 3944 ut

443 3993 655 4035 eorum
683 3979 929 4035 nomine
973 3979 1287 4051 aliquanto
1325 3979 1615 4051 pauciora
1643 3978 2097 4051 complectatur,

445 4068 719 4125 libellum
765 4070 852 4125 De
886 4068 1121 4140 judicio
1172 4070 1302 4138 Dei,
1334 4073 1656 4125 tractatum
1688 4069 1775 4125 De
1815 4068 1954 4136 ﬁde,
1982 4070 2099 4125 Mo-

446 4157 617 4226 ralia,
636 4158 892 4228 Regulas
915 4158 1220 4229 longiores
1245 4162 1303 4215 et
1328 4158 1661 4215 breviores.
1694 4157 2103 4216 Asceticorum

448 4248 730 4321 frequens
758 4254 847 4304 est
892 4247 1116 4304 mentio
1163 4247 1327 4322 apud
1368 4249 1671 4321 antiquos.
1714 4246 2102 4314 Celebriores,

451 4343 593 4395 sunt
622 4339 1040 4410 Hieronymus,
1080 4338 1330 4394 Ruﬁnus
1359 4342 1417 4394 et
1450 4338 1796 4396 Cassianus.
1850 4341 1916 4395 Et
1955 4353 2105 4412 quo-

2183 596 2335 650 pore
2354 586 2414 641 in
2436 588 2695 644 ecclesiis
2715 588 3161 645 declamabant.
3176 589 3276 645 Ex
3299 589 3512 661 quibus
3531 604 3638 645 nos
3656 589 3846 646 denas

2183 670 2379 740 ferme
2413 676 2792 747 singulorum
2830 678 3246 735 oratiunculas
3284 678 3731 748 transfudimus
3777 678 3845 735 in

2186 760 2497 819 Latinum.
2519 766 2745 822 Basilii
2755 772 3057 836 praeterea
3076 767 3363 824 [nstituta
3378 767 3841 824 monachorum:

2189 855 2485 923 optantes,
2503 856 2558 909 si
2565 855 2897 924 poterimus
2912 862 2965 912 et
2982 857 3093 913 Dei
3101 857 3290 927 favor
3306 856 3624 927 adjuverit,
3639 872 3846 913 eorum

2187 942 2376 1010 plura
2416 945 2774 1014 transferre.
2816 945 3092 1002 Cassiani
3131 951 3336 1003 autem
3376 948 3440 1017 (ε)
3479 945 3669 1002 verba
3705 950 3849 1002 sunt

2190 1030 2347 1088 haec:
2368 1033 2501 1090 Huc
2521 1034 2771 1102 accedit,
2786 1036 2949 1107 quod
2965 1051 3148 1106 super
3167 1037 3283 1093 hac
3301 1052 3365 1092 re
3386 1037 3503 1093 viri
3520 1042 3576 1093 et
3599 1037 3724 1093 vita
3742 1051 3850 1092 no-

2194 1122 2361 1186 biles,
2385 1129 2441 1179 et
2460 1139 2734 1182 sermone
2762 1126 3130 1198 scientiaque
3162 1127 3475 1197 praeclari,
3496 1128 3693 1182 multa
3708 1127 3847 1196 jam

2191 1214 2477 1280 apuscula
2496 1213 2895 1282 desudarunt,
2917 1216 2975 1271 S.
3004 1216 3301 1272 Basilium
3322 1223 3378 1272 et
3407 1216 3850 1284 Hieronymum

2192 1300 2620 1376 dico,aliosque
2635 1306 3239 1376 nonnullos,quorum
3258 1305 3531 1361 anterior
3544 1304 3853 1360 sciscitan-

2194 1390 2350 1447 tibus
2364 1393 2668 1462 fratribus
2680 1409 2862 1464 super
2875 1394 3125 1451 diversis
3148 1395 3444 1450 institutis
3466 1395 3561 1451 vel
3580 1394 3855 1465 quaestio-

2192 1479 2370 1536 nibus
2392 1498 2513 1537 non
2541 1484 2735 1539 solum
2753 1483 3048 1554 facundo,
3074 1498 3279 1540 verum
3298 1484 3481 1539 etiam
3500 1483 3854 1539 divinarum

2193 1568 2661 1639 Scripturarum
2692 1574 3045 1628 testimoniis
3067 1573 3300 1642 copioso
3320 1586 3592 1628 sermone
3610 1586 3856 1640 respon-

2195 1659 2305 1715 dit.
2328 1661 2543 1716 Preeter
2562 1659 2697 1717 illos
2726 1665 2844 1717 tres
2873 1660 3326 1733 antiquissimos
3359 1660 3679 1733 scriptores
3709 1663 3855 1716 sunt

2116 1790 2157 1844 Β
2196 1753 2253 1804 et
2280 1746 2399 1818 alii,
2423 1749 2530 1822 qui
2549 1749 2956 1806 meminerunt
2974 1750 3386 1806 Asceticorum
3415 1748 3634 1806 Basilii.
3660 1748 3855 1844 Digna

2196 1841 2339 1893 sunt
2368 1842 2731 1907 memoratu,
2754 1855 2891 1913 quae
2912 1839 3240 1913 imperator
3266 1838 3643 1895 Justinianus
3671 1837 3857 1910 scrip-

2197 1927 2271 1983 sit
2291 1927 2351 1983 in
2380 1928 2659 1998 Epistola
2678 1930 2759 1985 ad
2778 1930 3083 1986 Hennam.
3110 1932 3195 1984 lta
3218 1932 3421 1985 autem
3441 1927 3708 2001 loquitur
3725 1928 3812 1998 (ά)
3837 1944 3852 1982 :

2200 2017 2469 2070 Βασιλιίου
2534 2016 2819 2071 ἐπισκόπου
2868 2023 3185 2092 Καισαρείας
3234 2014 3617 2079 Καππαδοκίας
3665 2016 3718 2069 ἐκ
3761 2026 3854 2069 τοῦ

2197 2116 2469 2160 κανονικοῦ
2500 2107 2659 2160 αὐτοῦ
2704 2106 2934 2180 βιϐλίου.
2977 2107 3283 2181 Ἐρώτησις.
3314 2115 3373 2161 Ει
3420 2107 3549 2160 ὅπου
3576 2110 3665 2180 μὲν
3694 2105 3854 2178 λέγει,

2201 2202 2494 2271 Δαρὴσεται
2520 2196 2702 2263 πολλὰ,
2736 2196 2865 2249 ὅπου
2894 2192 2953 2249 δὴ
2984 2196 3187 2269 Ὀλίγα,
3223 2206 3333 2259 πῶς
3374 2196 3588 2269 λέγουσί
3612 2215 3745 2258 τινες
3772 2200 3863 2268 μὴ.

2202 2284 2330 2340 εἶναι
2358 2286 2499 2348 τέλος
2527 2296 2623 2350 τῆς
2651 2287 2908 2350 κολάσεως
2934 2295 3042 2349 τοῖς
3085 2286 3452 2360 κολαζομένοις
3475 2303 3489 2353 ;
3524 2286 3855 2358 Ἀπόκρισις.

2199 2380 2276 2430 Τὰ
2306 2374 2565 2449 ἀμφίϐολα
2588 2381 2678 2428 καὶ
2727 2375 3208 2449 ἔπικεκαλυμμένως
3252 2376 3496 2450 εἰρῆσθαι
3527 2372 3786 2428 δοκοῦντα
3810 2377 3861 2427 ἓν

2200 2486 2312 2519 τισι
2340 2471 2519 2528 τόποις
2557 2474 2653 2528 τῆς
2702 2467 3039 2518 θεοπνεύστου
3086 2472 3259 2538 Γραφῆ
3274 2486 3312 2532 ς,
3348 2467 3447 2517 ὑπὸ
3477 2474 3577 2516 τῶν
3622 2464 3785 2516 ἄλλων
3811 2462 3862 2516 ἓν

2202 2555 2374 2616 ἀλλοις
2400 2554 2817 2628 ὁμολογουμένων
2841 2555 3201 2627 σαφηνιζεται,
3220 2559 3333 2611 etc.
3355 2554 3576 2610 Basilii
3592 2553 3858 2623 episcopi

2206 2644 2494 2701 Czsarez
2538 2644 2933 2715 Cappadocw,
2968 2660 3045 2700 ex
3091 2646 3220 2714 ejus
3277 2644 3435 2699 libro
3478 2643 3862 2714 (tegularum.

2203 2735 2713 2806 lnterrogatio(e),
2735 2734 2805 2791 Si
2824 2739 2950 2789 tum
2976 2735 3144 2800 dicit,
3179 2756 3205 2783 «
3237 2733 3552 2802 Vapulabit
3572 2732 3799 2802 multis,
3832 2749 3863 2780 ι

2207 2830 2355 2891 tum,
2381 2845 2408 2872 «
2428 2824 2642 2893 paucis
2664 2824 2712 2857 ³⁸
2733 2838 2755 2878 ,ο
2792 2842 2813 2875 ι
2853 2838 2966 2894 quo
2997 2828 3177 2891 pacto
3206 2822 3455 2894 quidam
3486 2822 3699 2877 dicunt
3728 2819 3867 2876 nul-

2210 2915 2333 2970 lum
2354 2914 2536 2983 ﬁnem
2567 2912 2846 2983 supplicii
2870 2913 3006 2983 fore
3035 2912 3107 2967 iis
3133 2912 3239 2983 qui
3262 2926 3446 2982 pana
3464 2909 3864 2982 afﬁciuntur?

2127 2975 2169 3032 δ
2207 2975 2542 3074 Responsio.
2736 2975 3023 3073 ambigua
3050 2975 3192 3058 sunt
3213 2975 3286 3058 ac
3306 2975 3589 3059 videntur
3614 2999 3865 3056 obscure

2205 3107 2329 3149 esse
2356 3091 2520 3147 dicta
2547 3091 2611 3145 in
2651 3090 3012 3163 quibusdam
3044 3091 3189 3148 locis
3218 3091 3513 3147 divinitus
3542 3090 3864 3159 inspirata

2204 3183 2557 3252 Scriptum,
2605 3180 2756 3236 alibi
2784 3181 2861 3237 ab
2907 3182 3045 3239 aliis
3074 3196 3204 3253 quas
3233 3181 3509 3250 confessa
3552 3186 3609 3236 et
3648 3185 3866 3251 aperta

2204 3276 2370 3334 sunt,
2395 3270 2813 3339 declarantur,
2839 3273 2950 3326 etc.
2982 3270 3390 3326 Asceticorum
3413 3269 3697 3327 Basilium
3719 3284 3864 3325 aue-

2203 3366 2393 3417 torem
2444 3358 2587 3415 facit
2637 3359 2874 3430 Suidas,
2923 3359 3019 3415 his
3063 3359 3312 3416 verbis:
3348 3360 3614 3423 Βασίλιιος
3666 3367 3865 3413 Καισα-

2201 3454 2342 3525 ρείας
2371 3457 2467 3511 τῆς
2516 3444 2887 3502 Καππαδοκῶν
2927 3447 3303 3511 ἕπίσκοπος....
3345 3452 3496 3522 ἕγραι
3542 3449 3780 3514 πλεῖστα,
3813 3448 3866 3502 ἓν

2202 3535 2277 3601 οἷς
2312 3539 2634 3611 θαυμάζεται
2662 3540 2729 3590 τὰ
2754 3538 2825 3600 εἰς
2854 3543 2941 3596 τὴν
2974 3538 3306 3613 Ἐξαήμερον.
3338 3544 3439 3592 Καὶ
3465 3539 3579 3591 κατ’
3612 3540 3864 3612 Εὐνομίου

2203 3624 2263 3681 δί
2290 3627 2581 3701 ἕξαιρέτους
2609 3627 2851 3690 συνέταξε
2881 3629 3084 3699 λόγους,
3112 3646 3212 3679 κατ
3240 3634 3364 3702 Περὶ
3402 3636 3493 3681 τοῦ
3517 3630 3670 3699 ἁγίου
3697 3630 3869 3702 lipsi)-

2201 3736 2366 3790 ματος
2406 3724 2619 3788 τεῦχος,
2651 3735 2742 3793 και
2784 3719 2878 3777 τὰς
2903 3721 2975 3778 είς
3005 3721 3100 3774 τὴν
3128 3716 3440 3790 Ἐξαήμερον
3480 3716 3685 3790 ὁμιλίας
3700 3717 3861 3793 ἐννέα·

2205 3786 2372 3877 ἕτερον
2402 3786 2593 3875 τεῦχος
2619 3786 2926 3871 ἁσᾶιητικόν,
2959 3810 3070 3859 etc.
3105 3786 3375 3862 Basilius
3404 3786 3868 3876 Caesarea'l‘ap-

2201 3892 2472 3963 padocia:
2502 3894 2905 3962 episcopus....
2944 3894 3185 3963 scripsit
3219 3896 3515 3965 plurima,
3546 3896 3707 3953 inter
3734 3910 3868 3968 qua:

2205 3982 2513 4053 praecipue
2556 3982 2621 4037 in
2666 3983 2862 4051 pretio
2911 3982 3214 4040 habentur
3262 3983 3696 4042 Commentarii
3737 3987 3865 4055 ejus

2208 4070 2272 4127 in
2320 4073 2748 4126 Hexaemeron.
2802 4072 3019 4127 Contra
3067 4071 3425 4129 Eunomiam
3471 4089 3704 4147 quoque
3745 4074 3867 4131 exi-

2211 4163 2363 4217 mias
2407 4160 2707 4216 orationes
2758 4162 3157 4232 conscripsit;
3204 4164 3462 4234 itemque
3517 4163 3739 4220 librum
3789 4166 3866 4220 De

2216 4249 2434 4323 Spiritu
2482 4255 2712 4320 sancto,
2745 4256 2799 4307 et
2851 4250 2913 4307 in
2961 4251 3379 4308 Hexaemeron
3424 4268 3722 4310 sermones
3768 4270 3869 4309 no-

2216 4356 2366 4406 vem,
2400 4343 2453 4396 et
2505 4339 2727 4396 librum
2773 4342 3122 4406 asceticum,
3171 4346 3279 4397 etc.
3316 4341 3667 4398 Audiendus
3697 4348 3786 4399 est
3813 4347 3870 4399 et

449 4428 614 4485 niam
644 4443 855 4484 eorum
882 4427 1230 4484 testimonia
1254 4426 1432 4483 nobis
1459 4443 1684 4499 magno
1724 4430 1858 4484 usui
1888 4427 1950 4483 in
1991 4427 2107 4483 hac
2133 4405 2179 4461 Β
2219 4432 2466 4484 sanctus
2513 4428 2887 4500 Benedictus,
2934 4429 3040 4502 qui
3083 4434 3362 4486 amanter
3408 4432 3642 4486 Patrem
3690 4447 3868 4488 suum

449 4516 856 4589 disputatione
880 4515 1081 4573 futura
1109 4520 1269 4586 sunt,
1293 4532 1366 4573 ea
1384 4516 1602 4573 referre
1622 4532 1819 4590 operae
1846 4517 2106 4590 pretium

450 4610 561 4663 est.
614 4606 1011 4677 Hieronymus
1055 4604 1235 4676 igitur
1258 4605 1364 4676 (a),
1396 4605 1502 4661 ubi
1527 4605 1603 4661 de
1635 4605 1829 4663 Basilii
1868 4605 2107 4678 scriptis

451 4711 793 4752 sermonem
808 4693 1079 4760 instituit,
1101 4694 1184 4750 ita
1203 4693 1471 4766 loquitur
1493 4712 1506 4749 :
1531 4695 1800 4752 Basilius
1823 4695 2111 4752 Caesarem

453 4785 875 4855 Cappadociae,
898 4800 1028 4856 quae
1043 4785 1218 4854 prius
1246 4784 1498 4841 Mazaca
1515 4786 1869 4852 vocabatur,
1892 4788 2112 4855 episco-

448 4891 585 4946 pus,
617 4876 884 4946 egregios
913 4878 1124 4931 contra
1152 4875 1517 4931 Eunomium
1538 4875 1870 4932 elaboravit
1902 4876 2109 4942 libros,

454 4971 507 5022 et
537 4966 617 5020 De
655 4964 874 5036 spiritu
924 4970 1139 5021 sancto
1171 4966 1477 5033 volumen,
1507 4970 1562 5022 et
1608 4964 1670 5020 in
1700 4967 2110 5022 Hexaemeron

452 5055 752 5111 Homilias
771 5065 1068 5123 novem,et
1089 5053 1423 5113 Ἀσκητικόν.
1447 5053 1697 5110 Ruﬁnus
1718 5070 1858 5110 vero
1873 5054 1951 5125 (b)
1970 5070 2110 5111 cum

453 5144 647 5200 multa
665 5142 740 5199 de
758 5142 1044 5200 laudibus
1066 5142 1263 5200 Basilii
1284 5142 1671 5215 Gregoriique
1692 5142 1963 5209 dixisset,
1982 5148 2111 5201 tum

454 5232 703 5289 demum
721 5232 803 5288 ita
820 5230 1057 5289 scribit:
1076 5234 1341 5290 Exstant
1359 5248 1595 5306 quoque
1608 5234 1923 5305 utriusque
1949 5235 2110 5305 inge-

527 5400 577 5435 "
617 5401 756 5455 Luc.
788 5413 891 5461 xu,
919 5400 1011 5467 47,
1040 5400 1129 5454 48.

530 5546 615 5610 (a)
654 5544 742 5599 De
765 5542 978 5612 script.
1009 5541 1244 5607 eccles.,
1278 5558 1331 5598 c.
1368 5542 1488 5599 {26.

530 5615 609 5685 (b)
646 5614 809 5671 Hist.
831 5614 1037 5685 eccles.
1067 5612 1107 5685 l_.
1135 5628 1196 5681 ιι,
1228 5628 1282 5672 c.
1312 5616 1365 5669 9.

530 5616 585 5685 (b
646 5616 809 5671 Hist.
831 5616 1037 5671 eccles.
1067 5616 1107 5669 l.

528 5616 609 5762 (ei
646 5686 821 5752 Inst.,
854 5684 917 5742 in
948 5683 1118 5744 Prmf.

2215 4532 2444 4574 vocans
2489 4518 2789 4586 Basilium,
2822 4519 2905 4577 ita
2932 4519 2993 4575 in
3022 4519 3485 4592 praeclarissima
3511 4519 3615 4576 illa
3644 4521 3870 4593 Regula

2217 4621 2329 4662 sua
2352 4608 2426 4677 (f)
2454 4606 2691 4664 locutus
2737 4611 2829 4664 est
2876 4626 2889 4664 :
2936 4609 3075 4677 Quae
3123 4612 3280 4665 enim
3320 4610 3547 4680 pagina
3595 4617 3701 4666 aut
3739 4613 3871 4682 quis

2216 4710 2408 4753 sermo
2451 4698 2674 4754 divina:
2703 4698 3088 4755 auctoritatis
3128 4698 3349 4754 Veteris
3378 4715 3450 4756 ac
3487 4700 3643 4756 Novi
3675 4701 3869 4758 Testa-

2216 4789 2422 4857 menti,
2466 4804 2587 4843 non
2631 4792 2717 4843 est
2761 4788 3094 4844 rectissima
3135 4803 3350 4845 norma
3382 4790 3514 4845 vitae
3546 4789 3872 4846 humanae?

2218 4883 2325 4936 aut
2362 4878 2495 4950 quis
2544 4876 2693 4933 liber
2740 4882 3090 4933 sanctorum
3139 4877 3567 4934 catholicorum
3618 4879 3873 4935 Patrum

2220 4969 2329 5025 hoc
2377 4982 2496 5022 non
2562 4972 2821 5033 resonat,
2883 4973 2947 5022 ut
3005 4973 3166 5024 recto
3220 4983 3401 5023 cursu
3448 4969 3873 5037 perveniamus

2218 5058 2300 5115 ad
2321 5059 2661 5115 Creatorem
2684 5058 2995 5113 nostrum?
3033 5058 3280 5114 Necnon
3306 5064 3359 5114 et
3384 5059 3735 5115 collationes
3758 5060 3875 5115 Pa-

2220 5154 2403 5217 trum,
2436 5154 2491 5204 et
2531 5148 2836 5210 instituta,
2870 5154 2926 5204 et
2957 5150 3083 5205 vita
3116 5164 3323 5205 eorum
3345 5164 3370 5219 ,·
3397 5149 3502 5206 sed
3545 5155 3600 5206 et
3642 5150 3874 5220 Regula

2217 5239 2279 5295 S.
2300 5238 2509 5295 Patris
2538 5236 2734 5294 nostri
2755 5238 3000 5309 Basilii,
3022 5237 3172 5310 quid
3198 5239 3375 5296 aliud
3400 5244 3561 5311 sunt,
3582 5240 3704 5295 nisi
3732 5239 3876 5298 bene

2289 5542 2372 5612 (d)
2415 5541 2597 5613 Cane.
2630 5547 2774 5613 tom.
2802 5541 2871 5608 V,
2903 5543 3118 5613 p.668.

2291 5614 2367 5685 (e)
2405 5616 2560 5669 Inter
2585 5611 3138 5685 brevioresregula
3166 5619 3258 5673 est
3285 5613 3412 5670 267.

2289 5681 2363 5758 (Γ)
2400 5685 2545 5757 Cap.
2578 5681 2684 5747 ult.
