4092 6428
224 260 291 315 es
1736 253 2122 314 PREFATIO.
3575 279 3644 334 66

221 382 549 453 viventium
561 387 617 441 et
636 383 1037 440 obedientium
1057 382 1490 440 monachorum
1507 382 1800 453 exempla,
1822 384 1877 438 et

2000 401 2099 475 ρον,
2146 385 2226 475 ξτι
2280 388 2457 475 πάσης
2509 388 2718 452 ἐντολῆς
2767 400 2901 445 Θεοῦ
2929 395 3233 466 παράϐασις
3262 398 3508 475 σφοδρῶς
3545 420 3640 453 καί

220 471 629 530 instrumenta
653 473 977 529 virtutum?
992 474 1070 528 De
1086 472 1363 545 piissimo
1374 472 1505 529 viro
1522 470 1743 528 Aredio
1764 484 1883 525 ver.

219 562 302 620 ba
346 562 576 619 faciens
627 562 949 633 Gregorius
1017 563 1404 633 Turonensis,
1462 562 1705 635 scripsit
1766 560 1883 617 hoc

221 650 406 708 modo
430 652 509 723 (a)
541 669 555 708 :
584 652 944 710 Construxit
993 653 1218 722 tempta
1253 653 1368 708 Dei
1401 653 1465 708 in
1497 651 1723 707 honore
1752 650 1882 722 [sic]

219 730 962 815 sanctorum,expetiitque
973 757 1171 799 eorum
1182 743 1545 813 pignora,ac
1556 756 1632 799 ea:
1640 740 1883 811 familia

213 833 469 900 propria
487 837 836 888 tonsuratos
862 832 1129 888 instituit
1149 831 1502 900 monachos,
1528 830 1884 888 canobium-

220 933 333 992 que
336 921 377 990 f
374 918 715 989 undavit,in
728 937 844 994 quo
856 937 977 977 non
988 921 1163 978 modo
1176 922 1475 991 Cassiani,
1486 936 1687 978 verum
1703 919 1881 975 etiam

218 1009 442 1066 Basilii
457 1015 515 1066 et
542 1011 917 1083 reliquorum
942 1010 1253 1081 abbatum,
1275 1012 1382 1083 qui
1393 1009 1881 1067 monasteriatem

220 1097 406 1153 vitam
437 1099 861 1166 instituerunt,
877 1099 1266 1157 celebrantur
1283 1100 1531 1170 Regulae
1543 1142 1556 1155 .
1572 1095 1882 1156 Sanctissi-

218 1201 357 1241 mus
371 1180 656 1261 idemque
679 1187 1106 1244 celeberrimus
1124 1188 1318 1246 abbas
1331 1188 1703 1245 Theodosius
1721 1200 1885 1244 asce-

218 1273 349 1330 ticis
388 1276 583 1333 Basilii
600 1276 1128 1334 lucubrationibus
1148 1278 1323 1335 unice
1340 1272 1672 1335 oblectatus
1695 1275 1884 1333 fuisse

217 1362 453 1421 dicitur.
469 1368 556 1422 Ita
575 1365 740 1422 enim
760 1367 1439 1440 scriptuminveniturin
1461 1367 1510 1439 ej
1523 1383 1591 1422 us
1625 1366 1761 1424 Vita
1773 1368 1881 1441 (b):

217 1453 487 1512 Maxime
496 1461 696 1514 autem
712 1456 922 1514 crebro
940 1458 1275 1515 recordans
1289 1459 1658 1515 salutarium
1672 1459 1884 1515 consti-

219 1545 519 1603 tutionum
534 1552 589 1604 et
601 1561 961 1612 sermonum,
976 1549 1084 1621 qui
1094 1549 1406 1605 instruunt
1422 1547 1885 1605 aderercitatio-

217 1636 518 1707 nem,Mag
528 1632 1326 1708 ni,inquam,Basilii,cujus
1346 1638 1525 1694 etiam
1547 1636 1734 1692 vitam
1754 1635 1884 1691 imi-

1993 468 2218 544 φοϐερῶς
2275 471 2580 529 ἐκδικεῖται·
2649 499 2738 531 και
2791 482 2820 538 ἡ
2862 479 3133 546 ἀπόδειξις
3173 485 3227 538 ἐκ
3273 468 3376 540 τοῖν
3404 468 3644 563 Τραφῶν

1990 564 2183 634 τρίτον,
2235 568 2353 636 περὶ
2394 574 2489 628 τῆς
2547 566 2787 631 εὐσεϐοῦς
2840 575 3063 633 πίστεως
3136 578 3302 646 ἡμῶν,
3358 579 3475 635 ἤτοι
3536 587 3645 637 τῆσ

1991 648 2061 710 εἰς
2105 656 2200 708 τὴν
2242 652 2527 726 ὑπεραγίαν
2588 653 2790 728 Τρὶάὸα
2816 660 3046 731 καθαρᾶς
3096 662 3239 733 ἡμῶν
3299 683 3389 715 και
3436 664 3644 739 εἱλικρι-

1988 744 2106 799 νοῦς
2179 734 2476 813 ὁμολογίας.
2531 743 2589 795 Ὀ
2657 740 2896 820 δεύτερος
2972 748 3077 800 οἷον
3144 761 3464 825 χαρακτῆρα
3518 734 3646 825 Χρι-

1991 836 2206 882 στιανοῦ
2266 831 2600 904 κεφαλαίώδη
2650 855 2740 888 και
2796 840 3052 911 σύντομον
3106 843 3474 914 παρατίθεται·
3557 862 3646 895 και

1989 928 2308 994 χαρακτῆρα
2375 921 2531 975 πάλιν
2586 923 2954 999 παραπλήσιον
3009 936 3109 980 τῶν
3166 937 3533 1004 προεεστώτων
3554 939 3647 985 τοῦ

1987 1005 2163 1078 λόγου,
2196 1009 2326 1062 Εἶτα
2353 1012 2460 1063 οἷον
2497 1016 2649 1086 ὅρους
2706 1017 2850 1077 τινὰς
2932 1019 3272 1085 ἀσκητικοὼς,
3314 1022 3383 1083 ὡς
3424 1018 3474 1073 ἐν
3526 1020 3649 1094 ἐρω-

1988 1102 2141 1156 τήσει
2201 1119 2289 1152 και
2365 1099 2639 1177 ἀποκρίσει
2704 1111 3145 1180 προηγομυένους,
3221 1107 3479 1163 ἐκτίθεται
3559 1114 3649 1164 τὸν

1990 1181 2206 1258 ἀρίθμόν
2275 1192 2589 1245 πεντήκοντα
2666 1189 2874 1264 [πέντε]·
2958 1199 3049 1247 καὶ
3107 1194 3260 1247 πάλιν
3329 1201 3651 1269 συντομώτε-

1990 1291 2080 1347 ρον
2123 1273 2327 1349 ἑτέρούς
2354 1276 2506 1347 ὃρους
2549 1298 2654 1351 τιγ.
2712 1281 2787 1336 In
2818 1282 2909 1337 his
2952 1288 3152 1340 tamen
3197 1284 3427 1341 duobus
3477 1286 3651 1342 libris

1991 1378 2114 1418 non
2134 1379 2360 1435 semper
2380 1367 2463 1423 ad
2479 1368 2809 1438 emphasim
2828 1373 3337 1430 recurrit.Statim
3358 1376 3513 1431 enim
3529 1376 3652 1445 pri-

1992 1468 2124 1508 mus
2142 1454 2295 1511 liber
2312 1456 2469 1513 nihil
2482 1473 2618 1527 prce
2635 1474 2695 1515 se
2712 1459 2838 1529 fert
2860 1463 3000 1533 tale,
3009 1462 3136 1519 nise
3154 1464 3313 1534 quod
3327 1466 3511 1521 semel
3532 1465 3652 1522 ali-

1994 1542 2135 1598 cubi
2144 1558 2257 1612 per
2266 1547 2641 1603 reticentiam
2662 1549 2893 1605 malum
2914 1565 3086 1607 omen
3106 1557 3365 1609 avertat.
3397 1553 3554 1609 Nam
3570 1552 3655 1610 ad

1995 1638 2214 1689 caetera
2245 1634 2405 1707 quod
2427 1637 2664 1704 attinet,
2706 1638 2885 1695 valde
2912 1639 2998 1695 ibi
3023 1645 3108 1696 est
3126 1641 3360 1712 ﬁrmus,
3403 1648 3457 1698 et
3485 1657 3655 1714 aeque

219 1730 440 1796 tans,et
455 1726 582 1795 ejus
595 1726 1124 1798 orationismagno
1141 1733 1354 1796 captus
1372 1724 1880 1790 amore,studebat
1910 1733 1951 1787 Β
1986 1736 2182 1791 purus
2204 1729 2387 1796 atque
2411 1725 2743 1784 dilucidus:
2755 1743 2981 1800 perque
2991 1729 3140 1785 duos
3167 1730 3340 1787 hosce
3354 1732 3538 1788 libros
3550 1733 3652 1789 de-

216 1814 486 1872 animam
497 1814 735 1886 quidem
756 1815 927 1872 illius
937 1816 1511 1888 moribus,linguam
1532 1820 1734 1873 autem
1753 1816 1880 1885 ejus

217 1920 447 1962 ornare
458 1905 1002 1977 eloquentia.Certe
1014 1921 1133 1977 per
1148 1907 1338 1977 ipsam
1360 1922 1596 1978 quoque
1610 1905 1882 1990 profere-

220 1994 321 2051 bat
331 2010 563 2066 ea,quae
580 2000 724 2052 sunt
744 2011 949 2052 rerum
961 1997 1134 2053 illius
1141 1995 1882 2067 pulcherrima,meditan-

206 2084 295 2140 do
333 2100 644 2142 assumens
664 2089 721 2142 et
751 2100 1117 2144 conservans
1137 2086 1447 2155 memoria,
1479 2092 1615 2157 quae
1637 2089 1883 2155 possent

211 2175 489 2245 prompti
494 2175 686 2232 animi
693 2175 960 2232 studium
972 2177 1221 2246 injicere
1230 2175 1885 2233 velsocordibus.Cons-

215 2263 452 2320 titution
460 2280 523 2319 es
540 2264 735 2321 Basilii
746 2264 1245 2337 studioselegisse
1257 2269 1534 2322 sanctum
1549 2264 1882 2335 Platonem,

217 2370 294 2411 ex
317 2353 628 2412 Theodoro
673 2354 905 2413 Studita
939 2354 1234 2412 discimus
1269 2357 1364 2428 (c).
1406 2355 1775 2413 Earumdem
1817 2353 1885 2411 ﬁt

217 2444 446 2501 mentio
465 2443 531 2500 in
557 2444 688 2502 Vita
714 2443 959 2519 piorum
980 2445 1275 2503 abbatum
1305 2446 1580 2517 Eugendi
1619 2451 1676 2503 et
1710 2445 1884 2502 Phill-

218 2532 396 2590 berti.
422 2537 614 2600 Nunc,
642 2537 709 2591 ut
736 2534 963 2592 multos
994 2535 1294 2604 omittam,
1334 2536 1521 2592 verba
1560 2536 1883 2608 subjiciam

220 2621 413 2679 Photii
438 2622 545 2697 (d),
578 2623 684 2697 qui
728 2623 1332 2683 honoriﬁcentissime
1356 2624 1538 2682 simul
1584 2630 1642 2683 et
1684 2627 1886 2701 copio-

221 2712 459 2770 sissime
478 2713 555 2771 de
582 2713 866 2772 Asceticis
890 2714 1134 2773 locutus
1178 2720 1290 2773 est.
1314 2715 1507 2773 Verba
1536 2715 1731 2789 ipsius
1757 2717 1888 2775 haec

221 2806 413 2858 sunt:
476 2803 795 2876 Ἀνεγνώσθη
852 2812 944 2858 τοῦ
1002 2807 1242 2879 ενάγίοις
1288 2805 1563 2860 Βασιλείου
1593 2806 1887 2860 ἐπισκόπου

223 2897 545 2968 Καισαρείας
623 2890 1012 2957 Καππαδοκίας
1091 2897 1159 2948 τὰ
1241 2894 1491 2969 λεγόμενα
1577 2897 1887 2962 Ἀσκητικά,

220 2981 276 3036 ἐν
308 2979 436 3035 δυσὶ
462 2981 658 3056 λόγοις.
691 2987 967 3057 Χρήσίμον
995 2986 1087 3058 μὲν
1114 2988 1172 3038 τὸ
1203 2983 1430 3059 βιϐλίον,
1464 2986 1604 3060 εἰπερ
1650 3008 1702 3040 τι
1730 2987 1889 3057 ἄλλο,

1993 1816 2187 1869 currit
2208 1814 2539 1883 simplicior
2558 1816 2806 1887 quidam
2826 1823 2883 1873 et
2900 1818 3347 1888 perfamiliaris
3368 1835 3560 1877 sermo
3580 1837 3654 1878 ac

1993 1904 2449 1973 compositio,ad
2461 1906 2634 1975 vulgi
2647 1920 2825 1963 aures
2846 1914 3200 1977 comparata
3228 1914 3412 1981 atque
3440 1910 3654 1967 demis-

1991 2008 2079 2064 sa,
2106 1994 2256 2050 etad
2279 1994 2472 2051 solam
2493 1996 2730 2052 demum
2743 1997 3092 2054 auditorum
3118 1999 3376 2056 salutem
3394 2000 3652 2057 intenta.

1989 2082 2433 2154 Igiturprimus
2446 2086 2576 2153 ejus
2587 2086 3019 2157 continet:qua3
3030 2088 3108 2142 sit
3120 2094 3657 2159 causa,quantum-

1990 2186 2105 2244 que
2111 2172 2454 2242 periculum
2466 2172 2816 2243 hujusmodi
2823 2191 2957 2232 cum
2970 2177 3381 2234 Ecclesiarum
3391 2179 3657 2247 Dei,tum

1991 2264 2367 2334 singulorum
2389 2264 2696 2322 hominum
2714 2265 2874 2322 inter
2900 2267 3056 2336 ipsos
3076 2267 3458 2324 dissensionis
3478 2273 3660 2340 atque

1993 2354 2507 2422 dissidii.Deinde,
2526 2355 2687 2425 quod
2704 2356 2895 2411 omnis
2913 2357 3212 2426 praecepti
3230 2357 3430 2413 divini
3455 2362 3658 2414 trans-

1992 2444 2218 2514 gressio
2240 2443 2613 2500 vehementer
2640 2458 2714 2500 ac
2742 2444 3101 2501 terribiliter
3134 2446 3413 2516 punitur,
3431 2446 3612 2518 idque
3627 2461 3661 2502 e

1993 2531 2324 2602 Scripturis
2378 2533 2570 2589 sacris
2604 2532 3103 2590 demonstratum.
3150 2535 3375 2597 Tertio,
3413 2534 3487 2591 de
3538 2534 3660 2604 ﬁde

1995 2628 2205 2680 nostra
2221 2621 2539 2692 catholica,
2562 2622 2685 2678 sive
2696 2622 2769 2679 de
2779 2638 2946 2692 pura
2957 2628 3166 2681 nostra
3184 2629 3239 2681 et
3256 2625 3495 2681 sincera
3511 2640 3655 2681 con-

1991 2714 2254 2783 fessione
2265 2711 2650 2768 sanctissima:
2665 2712 3184 2771 Trinitatis.Liber
3196 2728 3334 2770 vero
3342 2713 3655 2785 secundus,

2003 2801 2331 2858 Christiani
2354 2802 2611 2858 hominis
2632 2801 2960 2873 quamdam
2988 2803 3181 2859 veluti
3205 2803 3660 2873 descriptionem

1998 2907 2112 2962 pcr
2124 2906 2357 2948 summa
2369 2893 2569 2964 capita
2583 2891 3281 2963 breviterqueproponit:
3292 2893 3665 2964 similemque

2002 2997 2248 3061 rursum
2260 2963 3065 3053 descriptionemeorum,qui
3092 2981 3357 3039 docendo
3392 2982 3666 3053 Evange-

217 3072 501 3143 Legimus
521 3073 954 3130 sanctiBasilii
970 3075 1237 3146 episcopi
1255 3075 1548 3134 Ctesaretr
1571 3076 1893 3148 Cappado-
1918 3087 1962 3142 ο
2007 3074 2087 3128 lio
2096 3071 2375 3142 prlefecti
2388 3077 2549 3127 sunt.
2568 3070 2980 3142 Deindequasi
2992 3071 3237 3142 regulas
3262 3072 3556 3143 quasdam
3568 3087 3665 3129 as-

220 3163 354 3231 ciae,
377 3163 481 3234 qui
498 3163 1236 3235 vocantur,Asreticorum
1256 3166 1441 3223 libros
1453 3167 1763 3233 duos.Hoc
1784 3184 1891 3225 au-

222 3257 341 3309 tem
363 3253 661 3321 volumen,
717 3253 770 3309 si
822 3255 987 3326 quod
1013 3255 1209 3327 aliud,
1242 3257 1395 3313 utile
1423 3263 1528 3313 est.
1558 3258 1893 3331 Postquam

228 3345 438 3399 autem
458 3340 725 3399 duorum
751 3343 973 3400 horum
996 3343 1294 3402 librorum
1320 3345 1660 3417 utilitatem,
1694 3347 1895 3406 suavi-

222 3435 436 3500 tatem,
469 3431 698 3503 stylum
721 3436 779 3489 et
806 3433 1305 3506 perspicuitatem
1336 3436 1895 3505 commendavit,in

223 3520 424 3594 iisque
452 3519 745 3577 contineri
771 3521 1007 3578 monuit
1034 3521 1238 3578 varias
1284 3524 1651 3597 quaestiones
1679 3528 1738 3581 et
1773 3540 1896 3581 res-

224 3609 726 3684 ponsiones,qum
749 3625 781 3666 e
806 3609 1288 3684 sacrascriptura
1310 3611 1652 3684 desumpta:
1677 3617 1894 3685 essent,

228 3697 450 3756 fatetur
461 3697 901 3772 quaestionibus
912 3698 1279 3773 quibusdam
1290 3717 1389 3758 em
1394 3701 1655 3774 phaseos
1668 3701 1901 3775 aliquid

232 3786 517 3860 aspergi:
548 3785 657 3843 sed
674 3786 821 3860 quid
840 3788 1210 3860 emphaseos
1245 3790 1493 3847 nomine
1522 3789 1897 3864 intellexerit,

233 3890 311 3933 ex
330 3875 520 3949 ipsius
545 3876 751 3934 verbis
792 3878 1084 3948 cognosci
1102 3877 1205 3935 vix
1244 3882 1465 3952 potest.
1507 3881 1576 3936 Et
1619 3896 1697 3937 ne
1740 3880 1899 3954 quis,

232 3980 350 4039 pro
379 3964 571 4023 Basilii
595 3965 885 4023 Asceticis
917 3965 1150 4040 aliquid
1179 3962 1351 4025 aliud
1368 3984 1637 4041 sumens,
1654 3973 1899 4035 erraret,

235 4059 366 4112 tam
395 4052 674 4111 distincte
698 4055 967 4113 Ascetica
992 4055 1096 4113 illa
1127 4055 1441 4125 describit,
1465 4061 1530 4114 ut
1552 4072 1754 4128 nemo,
1774 4058 1904 4115 'nisi

234 4144 401 4209 velit,
441 4160 641 4203 errare
669 4145 885 4219 possit.
928 4145 1022 4203 Sic
1051 4161 1198 4219 ergo
1226 4147 1651 4221 persequitur:
1696 4147 1807 4202 οὐκ
1852 4148 1903 4202 ἒν

235 4243 350 4299 τοῖς
412 4233 539 4290 δυσὶ
591 4232 649 4289 δί
704 4235 876 4309 λόγοις
918 4240 979 4290 τὸ
1007 4236 1292 4311 ἑμφατικόν
1340 4237 1627 4315 ἐπιτρέχει.
1698 4239 1905 4294 Λύτίκα

238 4328 270 4379 ὁ
312 4332 516 4400 πρῶτος
563 4323 715 4379 οὐδέν
772 4322 1097 4380 ἕπιδεικνυσι
1147 4346 1405 4396 τοιουτον,
1458 4327 1588 4388 πλὴν
1613 4326 1757 4393 ἅπαξ
1800 4349 1903 4383 που

2003 3159 2682 3231 ceticas,interrogando
2699 3175 2771 3217 ac
2791 3161 3202 3230 respondendo
3210 3161 3550 3231 prapositas
3568 3175 3669 3218 ea:-

2000 3252 2194 3323 ponit,
2239 3265 2490 3307 numero
2523 3249 2964 3322 quinquaginta
2990 3251 3292 3322 quinque:
3330 3251 3667 3322 iterumque

2007 3342 2304 3399 breviores
2329 3341 2487 3397 alias
2515 3344 2814 3397 trecentas
2869 3339 3174 3396 tredecim.
3208 3341 3479 3396 Fortasse
3534 3339 3667 3396 haec

2006 3429 2192 3502 paulo
2203 3429 2483 3503 longiora
2497 3427 2806 3501 aliquibus
2816 3427 3003 3484 videri
3016 3432 3318 3500 poterunt:
3336 3427 3447 3485 sed
3473 3427 3559 3486 ita
3587 3427 3668 3485 ad

2005 3537 2135 3577 rem
2153 3520 2401 3584 faciunt,
2429 3524 2590 3587 utea
2617 3519 3204 3589 integraexscribere
3230 3535 3355 3576 non
3385 3519 3666 3593 piguerit.

2007 3609 2261 3666 Mouebo
2272 3608 2445 3681 quasi
2458 3609 2935 3681 praeteriens,me
2952 3609 3268 3682 suspicari,
3288 3625 3505 3666 vocem
3520 3612 3670 3663 πέντε

2009 3697 2333 3755 delendam
2385 3713 2520 3754 esse
2548 3697 2610 3753 in
2650 3697 2891 3753 Graecis.
2935 3697 3293 3770 Suspicandi
3320 3698 3451 3754 haec
3479 3714 3669 3756 causa

2011 3794 2122 3859 est,
2153 3788 2322 3863 quod
2345 3804 2420 3846 ea
2448 3804 2565 3844 vox
2586 3786 2831 3844 duobus
2861 3786 3101 3843 uncinis
3128 3786 3190 3843 in
3221 3787 3484 3860 vulgatis
3509 3803 3672 3845 com-

2010 3877 2425 3954 prehendatur
2454 3894 2468 3933 :
2500 3878 2607 3950 qui
2634 3875 2820 3932 incini
2843 3875 2982 3932 ideo
3012 3875 3297 3933 videntur
3342 3876 3552 3943 additi,
3604 3879 3672 3934 ut

2011 3971 2406 4026 monerentur
2435 3966 2540 4040 qui
2567 3965 2836 4037 legerent
2853 3980 3070 4022 uocem
3091 3969 3240 4019 πέντε
3276 3965 3339 4022 in
3367 3965 3671 4023 veteribus

2010 4059 2182 4117 libris
2211 4056 2443 4115 deesse.
2477 4059 2595 4113 Nec
2622 4055 2685 4112 id
2702 4056 2993 4128 cuiquam
3007 4055 3232 4112 mirum
3261 4055 3449 4112 videri
3467 4055 3670 4126 debet,

2013 4166 2156 4208 cum
2174 4147 2478 4221 hodieque
2494 4147 2557 4203 in
2576 4144 2844 4219 antiquis
2872 4144 3044 4202 libris
3063 4161 3188 4202 non
3218 4145 3381 4203 idem
3418 4145 3671 4203 omnino

2012 4238 2363 4311 regularum
2390 4251 2680 4295 numerus
2716 4235 3035 4293 adnotetur
3058 4252 3071 4291 :
3095 4235 3261 4309 quod
3273 4235 3415 4292 inde
3445 4233 3672 4293 factum

2017 4328 2406 4393 arbitramur,
2458 4325 2624 4400 quod
2671 4324 2900 4382 librarii
2949 4324 3407 4398 aliquando,aut
3447 4342 3522 4382 ex
3549 4340 3676 4383 una

240 4423 309 4490 τῇ
333 4414 700 4475 ἀποσιωπήσιι
750 4418 810 4469 τό
865 4413 1144 4490 δύσφημον
1193 4422 1495 4492 οἰκονομῶν.
1553 4423 1696 4473 Ἐπεὶ
1741 4440 1809 4474 τα
1847 4441 1891 4494 γε

2017 4419 2195 4486 duas,
2235 4421 2340 4475 aut
2357 4428 2432 4474 ex
2451 4416 2696 4473 duabus
2725 4431 2914 4473 unam
2930 4416 3257 4475 eﬂ‘ecerint.
3288 4418 3406 4474 Nec
3433 4420 3676 4490 praeter-

241 4504 380 4559 ἄλλα
427 4503 588 4583 πολὺς
645 4508 736 4578 μέν
791 4504 905 4558 ἔστι
950 4509 1011 4559 τὸ
1041 4504 1288 4579 ἀσφαλὲς,
1315 4509 1431 4570 ἶσος
1462 4505 1521 4562 δὴ
1549 4512 1608 4562 τὸ
1655 4511 1905 4585 καθαρὸν,

244 4594 486 4649 ἀλλὰκαὶ
532 4598 594 4648 τὸ
624 4591 969 4672 οὑκρινές·διὰ
1022 4599 1199 4669 μέντοι
1246 4604 1348 4649 τῶν
1388 4594 1486 4651 δύο
1541 4598 1685 4672 αὗτῳ
1734 4596 1908 4660 διήκει

243 4688 312 4739 τό
357 4683 711 4760 ἁπλούστερον
749 4705 839 4738 και
893 4685 1320 4760 καθωμιλημένον
1362 4694 1464 4740 τῶν
1510 4707 1566 4741 τε
1601 4687 1781 4752 λέξεων
1819 4709 1910 4743 καί

246 4781 351 4838 τῆς
391 4776 678 4844 συνθήκης,
708 4778 839 4849 πρὸς
870 4779 965 4834 τὴν
1008 4782 1111 4828 τῶν
1135 4774 1338 4829 πολλῶν
1365 4774 1525 4837 ἀκοὴν
1557 4773 1912 4853 διατυπούμε-

247 4867 340 4918 νὸν
392 4882 448 4917 τε
502 4884 592 4917 και
641 4867 1054 4939 ταπεινούμενον,
1109 4884 1198 4918 και
1252 4870 1415 4940 μόνης
1464 4874 1559 4930 τῆς
1592 4875 1692 4921 τῶν
1716 4866 1904 4943 ἀκροα-

249 4961 359 5009 τῶν
407 4959 671 5030 σωτηρίας
717 4959 1272 5029 καταστοχαζὸμενον.
1334 4956 1393 5008 Ὀ
1448 4959 1539 5031 μὲν
1591 4953 1681 5010 οὖν
1702 4966 1905 5033 πρῶτος

250 5042 400 5116 αὐτῷ
422 5042 576 5116 λόγος
604 5040 953 5120 διεξέρχεται,
986 5049 1069 5108 τίς
1108 5047 1139 5105 ἡ
1173 5045 1319 5099 αἰτία
1354 5066 1444 5100 και
1473 5044 1499 5099 ὁ
1530 5043 1773 5110 κίνδυνος
1811 5054 1905 5110 τῆς

250 5136 521 5197 τοσαύτης
571 5142 671 5187 τῶν
736 5133 1055 5195 Ἐκκλησιῶν
1128 5142 1222 5188 τοῦ
1303 5144 1459 5207 Θεοῦ,
1535 5156 1625 5191 και
1683 5135 1906 5191 ἑκάστου

249 5228 388 5301 πρὸς
433 5228 522 5279 τὸν
572 5208 742 5299 ἕτερον
791 5222 1079 5299 διαφωνίας
1107 5243 1165 5281 τε
1215 5230 1306 5281 καὶ
1341 5222 1695 5293 διαστάσεως.
1727 5229 1908 5282 Δεύτε-

333 5457 429 5536 (g)
461 5457 589 5536 Ipib2
612 5459 840 5536 x_Hist.
865 5459 1101 5536 Fr.,,p.
1143 5463 1267 5523 524.

334 5531 428 5609 (ὖ)
460 5531 612 5609 _Boll.
642 5533 688 5609 l_i
721 5535 881 5609 iam,
909 5551 974 5609 p.
995 5531 1129 5609 693.

335 5604 421 5681 (c)
459 5606 612 5680 Lege
633 5604 1143 5681 Codicem’regul"
1172 5621 1235 5683 p.
1261 5607 1352 5667 96.

2018 4508 2223 4569 eunda
2250 4506 2484 4565 silentio
2500 4522 2637 4579 quae
2667 4505 2744 4562 de
2788 4504 3074 4563 familiari
3101 4522 3214 4564 suo
3265 4506 3482 4564 Basilio
3525 4506 3674 4564 scri-

2016 4598 2140 4674 psit
2167 4596 2488 4670 Gregorius
2517 4595 2923 4654 Nasianzenus
2948 4595 3044 4668 (ε).
3075 4595 3219 4667 Ejus
3249 4599 3454 4653 autem
3481 4595 3676 4653 verba

2018 4688 2163 4743 sunt
2218 4683 2371 4752 haec,
2444 4681 2875 4756 παρθενοκομίαι,
2951 4682 3257 4753 νομοθεσίαι
3322 4688 3596 4753 μοναστῶν
3615 4682 3675 4754 ἔγ

2018 4777 2211 4850 γραφαί
2250 4792 2306 4827 τε
2345 4775 2436 4824 καί
2462 4772 2706 4846 ἄγραφοι,
2739 4771 3037 4843 virginum
3068 4769 3489 4827 curandarum
3541 4775 3671 4827 stu-

2013 4867 2200 4937 dium,
2244 4863 2719 4920 monasticarum
2749 4862 2948 4932 legum
2985 4861 3414 4927 institutiones,
3444 4861 3674 4931 partim

2012 4956 2258 5025 scripto,
2284 4952 2507 5024 partim
2521 4966 2661 5008 voce
2688 4951 2961 5008 traditae.
2989 4951 3235 5006 Possent
3263 4954 3323 5006 et
3350 4949 3542 5007 multa
3557 4949 3677 5007 alia

2015 5044 2274 5103 aliorum
2304 5040 2671 5114 scriptorum
2694 5040 3097 5098 recentiorum
3147 5039 3493 5097 testimonia
3554 5039 3677 5096 huc

2016 5133 2307 5206 congeri:
2368 5128 2497 5197 sed,
2538 5146 2616 5188 ne
2660 5127 2900 5202 longior
2952 5128 3177 5202 videar,
3238 5128 3674 5201 supersedebo.

2017 5224 2238 5284 Credas
2267 5236 2417 5280 sane
2443 5223 2582 5295 post
2603 5224 2693 5279 tot
2720 5219 3087 5291 testimonia,
3137 5218 3491 5293 opinionem
3513 5234 3675 5278 eam.

2099 5460 2195 5608 {d)
2237 5456 2552 5535 Cod.cxcr,
2592 5470 2736 5534 pag.
2764 5455 2894 5537 493,

2124 5536 2178 5608 e)
2213 5535 2314 5604 Or,
2336 5532 2411 5590 20

2124 5532 2187 5608 e)'
2213 5535 2314 5604 Or,
2336 5532 2411 5590 20
