4092 6384
455 271 524 327 67
1508 314 1513 317 _
1968 258 2354 317 ΡΒᾸΞῈΑΤΙΟ.
3778 214 3787 217 μ
3809 269 3890 327 68

448 410 592 467 quae
647 392 1059 449 Asceticorum
1114 389 1403 447 Basilium
1450 390 1761 446 auctorem
1806 383 1969 453 facit,
2018 384 2102 441 ita
2138 414 2186 468 Α
2213 385 2415 442 omnia
2435 386 2756 444 Eustathzo
2786 387 3177 459 ascripsisset,
3205 390 3689 467 quandoquidem
3704 394 3888 454 Sozo-

451 484 700 543 ﬁrmiter
728 481 1203 549 corroborari,ut
1228 477 1559 552 suspicioni
1590 476 1796 533 nullus
1814 475 1985 531 locus
2009 490 2105 529 su-
2138 462 2186 468 ”
2212 489 2420 531 menus
2442 492 2561 532 non
2583 478 2893 546 speciatim
2918 479 3169 536 illarum
3200 462 3626 553 quastionium,
3654 486 3760 542 sed
3786 493 3887 539 τοῦ

448 572 638 647 persit
666 591 680 629 :
725 572 836 628 sed
865 587 1041 627 secus
1070 574 1176 627 est.
1212 572 1355 624 Ecce
1375 567 1535 623 enim
1584 565 1689 623 tibi
1738 566 2105 621 Sozomenus
2215 564 2533 623 Ἀσκητικοῦ
2548 568 2609 623 in
2626 582 2839 639 genere
2851 571 3332 644 meminit.Cujus
3349 574 3660 631 sententia
3677 578 3889 634 Posse-

447 680 599 737 rem,
625 667 691 719 ut
711 661 1051 730 videbatur,
1084 659 1356 716 omnium
1372 656 1767 715 certissimam
1789 654 1851 711 in
1881 654 2106 709 incerto
2211 653 2419 711 vinum
2449 655 2635 713 fuisse
2665 657 2747 713 ait
2778 658 3094 727 Scultetus,
3119 675 3254 716 eam
3277 661 3555 734 ejusdem
3576 665 3884 725 societatis

447 754 642 828 ponit.
698 751 911 810 Scribit
958 754 1161 807 autem
1190 749 1307 805 hoc
1347 746 1531 805 modo
1560 748 1641 820 (a)
1678 764 1692 810 ;
1728 745 2015 819 Ἀρμενίοις
2047 737 2105 793 δὲ

451 841 893 915 καὶῐωφλαγόσι,
947 845 1035 892 καὶ
1085 846 1192 901 τοῖς
1253 841 1382 912 πρὸς
1456 840 1544 890 τὸν
1618 840 1810 888 Πόντον
1878 832 2102 896 οἰκοῦσι,

453 932 655 1005 λέγεται
685 931 973 992 Εὐστάθιος
1003 929 1029 981 ὁ
1055 932 1149 987 τὴν
1175 927 1223 980 ἐν
1263 927 1519 1000 Σεϐαστιᾳ
1545 934 1640 988 τῆς
1665 925 1933 999 Ἀρμενίας
1993 921 2106 974 Ἐκ-

455 1021 678 1081 κλησίαν
762 1020 1161 1094 ἐπιτροπεύσας,
1237 1025 1536 1089 μοναχικῆς
1616 1013 1878 1075 πολιτείας
1928 1010 2103 1085 ἄρξαι,

454 1116 544 1164 καί
616 1119 712 1173 τῆς
759 1113 809 1163 ἓν
856 1113 1023 1182 ταύτῃ
1059 1104 1361 1169 σπουδαίας
1416 1105 1645 1177 ἀγωγῆς,
1697 1100 2000 1175 ἐδεσμάτων
2056 1118 2110 1152 τε

402 1188 407 1195 ⁸
457 1202 525 1254 ὧν
577 1207 685 1277 χρὴ
738 1204 977 1275 μετέχειν
1024 1204 1113 1251 καὶ
1162 1199 1478 1271 ἀπέχεσθαι,
1539 1216 1628 1248 και
1666 1196 1887 1254 ἱσθῆτος
2031 1186 2109 1243 δῖὶ

453 1293 774 1365 κεχρῆσθαι,
833 1309 920 1342 και
973 1288 1100 1342 ἐθῶν
1137 1307 1224 1339 και
1278 1285 1542 1347 πολιτείας
1598 1281 1841 1358 ἀκριϐοῦς
1898 1279 2109 1351 εἰσηγη-

455 1384 547 1439 τὴν
613 1382 899 1453 ’γενόμενον
973 1381 1041 1440 ὡς
1104 1382 1193 1429 καὶ
1263 1379 1357 1434 τὴν
1432 1374 1881 1446 ἐπιγεγραμμένην
1946 1376 2111 1422 Βασι-

457 1471 592 1524 λιίου
654 1477 748 1523 τοῦ
825 1466 1184 1523 Καππαδόκου
1266 1466 1554 1525 ἀσκητικὴν
1638 1462 1820 1537 βίϐλον
1902 1461 2111 1535 ἰσχυρι-

460 1563 643 1624 ζεσθαί
690 1580 834 1621 τινας
878 1563 1042 1611 αὐτοῦ
1089 1561 1294 1633 γραφὴν
1348 1556 1498 1610 εἶναι.
1564 1555 1746 1625 Apud
1796 1553 2113 1610 Armenios

453 1666 593 1708 vero
609 1656 664 1707 et
688 1649 1129 1720 Paphlagonas
1155 1652 1209 1704 et
1236 1648 1474 1703 accolas
1503 1646 1707 1715 Ponti,
1736 1642 2108 1713 Eustathius,

2213 742 2655 802 cruditissimus
2684 747 2775 804 vir
2812 748 3202 807 Bellarminus
3232 750 3553 825 amplexus
3583 755 3745 812 credi
3774 773 3890 830 po-

2214 836 2345 888 test.
2394 834 2486 891 Sic
2541 836 2703 891 enim
2761 838 2971 895 scribit
2999 840 3124 909 (d):
3168 839 3241 895 In
3297 844 3473 898 tertio
3537 852 3692 904 tomo
3735 853 3886 905 sunt

2216 920 2581 988 Quaestiones
2610 928 2960 996 compendio
2985 930 3297 1000 explicata:
3327 948 3464 1004 quce
3482 950 3603 992 non
3625 943 3766 994 sunt
3782 939 3883 995 in-

2214 1010 2573 1070 dubitatae...
2593 1016 2839 1073 Videtur
2867 1019 3123 1092 [auctor]
3144 1020 3441 1081 damnare
3491 1027 3879 1098 traditiones,

2215 1116 2366 1173 quas
2386 1104 2657 1162 Basilius
2679 1114 2904 1166 acriter
2941 1110 3211 1180 defendit
3243 1113 3307 1168 in
3335 1114 3515 1172 libro.
3541 1117 3623 1173 De
3654 1118 3885 1192 Spiritu

2218 1196 2447 1264 sancto,
2479 1197 2665 1265 capit.
2684 1198 2773 1253 27.
2803 1198 2951 1256 Item
2979 1208 3191 1272 qua’st.
3222 1205 3256 1258 4
3284 1210 3338 1260 et
3364 1204 3473 1262 293
3494 1206 3736 1265 videtur
3769 1210 3886 1267 tol-

2221 1284 2343 1337 lere
2362 1282 2435 1339 de
2453 1286 2644 1342 medio
2664 1288 2987 1345 discrimen
3005 1294 3246 1360 peccati
3254 1296 3530 1352 mortalis
3548 1300 3603 1354 et
3625 1299 3886 1359 veniali:

2218 1373 2381 1444 quod
2402 1380 2563 1432 certe
2581 1384 2791 1435 sancto
2820 1379 3054 1437 Basilio
3082 1382 3273 1440 tribui
3282 1400 3403 1442 non
3414 1392 3630 1457 potest.
3656 1390 3886 1463 Hajora

2221 1475 2406 1518 ausus
2430 1465 2848 1538 Combeﬁsius,
2873 1485 2999 1526 non
3021 1469 3325 1531 breviores
3370 1475 3581 1548 modo,
3615 1478 3722 1536 sed
3746 1478 3883 1537 lon-

2222 1550 2418 1641 giores
2443 1555 2625 1611 etiam
2646 1557 2901 1627 Regulas
2934 1560 3151 1619 Basilio
3172 1561 3270 1635 abj
3280 1563 3500 1638 udicat,
3530 1572 3747 1641 printer
3766 1573 3884 1629 lo-

2221 1640 2371 1734 ralia
2384 1647 2442 1734 et
2460 1642 2693 1702 libellos
2707 1648 2793 1707 De
2802 1649 3039 1718 judicio
3069 1652 3199 1723 Dei,
3215 1657 3273 1710 et
3300 1655 3386 1712 De
3397 1640 3541 1725 ﬁde.
3552 1660 3879 1734 Postquam

451 1741 812 1798 Sebasticein
824 1739 1101 1795 Armenia
1113 1734 1790 1806 episcopus,monastica3
1807 1746 2112 1790 conversa-
2141 1766 2184 1822 Β
2222 1731 2986 1822 enimlucubratiunculam
3008 1740 3345 1814 quamdam
3373 1760 3483 1818 pro
3508 1731 3878 1807 novaevduo-

458 1830 637 1886 tionis
668 1833 884 1886 auctor
899 1827 1089 1896 fuisse
1103 1824 1350 1880 dicitur:
1388 1829 1444 1881 et
1474 1824 1547 1880 de
1566 1824 1847 1880 arctioris
1869 1823 2002 1877 vitae
2026 1820 2113 1876 di-

455 1917 971 1989 sciplina,decibis
983 1916 1197 1988 quibus
1213 1915 1523 1981 utendum,
1540 1919 1646 1970 aut
1659 1927 1695 1969 a
1712 1911 1924 1984 quibus
1937 1910 2115 1966 absti-

448 2009 721 2066 nendum
743 2013 919 2064 esset:
951 2006 1024 2063 de
1052 2005 1311 2063 vestibus
1340 2004 1551 2077 quibus
1580 2003 1671 2057 uti
1699 2006 2019 2071 oporteret,
2044 2000 2118 2057 de

450 2097 719 2155 moribus
730 2097 985 2168 denique
999 2100 1053 2151 et
1066 2100 1284 2151 exacta
1300 2092 1539 2150 vivendi
1562 2092 1802 2148 ratione
1813 2094 2116 2160 praecepta

452 2185 954 2255 tradidisse,adeo
985 2191 1053 2241 ut
1074 2184 1312 2257 quidam
1326 2184 1637 2254 afﬁrment
1662 2181 1881 2237 librum
1893 2182 1940 2236 A
1950 2179 2118 2236 sceli-

456 2279 724 2350 eum,qui
742 2278 970 2335 Basilii
987 2275 1364 2345 Cappadocis
1389 2275 1630 2330 nomine
1658 2268 2116 2337 inscribitur,ab

456 2383 521 2426 eo
559 2368 964 2438 conscriptum
1005 2366 1184 2435 fuise.
1208 2364 1313 2420 Hic
1367 2362 1685 2436 Nicephori
1719 2360 1907 2417 verba
1939 2360 2118 2416 ascri-

457 2456 620 2525 bere,
642 2457 811 2529 nihil,
842 2461 907 2512 ut
922 2456 1158 2529 Opinor,
1191 2471 1347 2526 opus
1364 2460 1456 2510 est
1486 2470 1499 2509 :
1531 2467 1776 2509 monere
1809 2451 1953 2508 satis
1982 2450 2111 2518 erit,

456 2562 598 2604 eum
618 2547 679 2603 in
692 2546 978 2604 omnibus
1000 2561 1137 2601 cum
1171 2547 1502 2602 Sozomeno
1527 2542 1861 2599 consentire
1891 2539 2113 2612 (b),nisi

456 2636 625 2711 quod
671 2652 798 2695 uno
844 2636 980 2692 loco
1033 2635 1195 2691 dicat
1222 2634 1442 2690 librum
1484 2631 1685 2688 Basilii
1707 2631 2035 2687 asceticum
2076 2645 2114 2686 a

451 2727 658 2785 multis
672 2725 1021 2783 Eusthathio
1037 2726 1364 2783 Sebasteno
1374 2723 1996 2794 tribui.Prtetereaque
2012 2735 2112 2775 ne-

456 2816 685 2874 minem
711 2831 952 2872 movere
982 2814 1162 2871 debet
1206 2812 1530 2870 auctoritas
1577 2809 1915 2884 Nicephori,
1969 2824 2112 2864 cum

453 2908 638 2982 plane
676 2910 906 2965 constet
941 2904 1072 2976 ejus
1119 2917 1492 2975 suorumque
1518 2900 1844 2974 aequalium
1881 2897 2112 2971 opinio-

458 3014 603 3056 nem
664 2996 793 3054 solo
846 2993 1165 3052 Sozomeni
1219 2990 1559 3048 testimonio
1595 2990 1783 3046 fuisse
1812 2987 2106 3045 innixam.

463 3092 668 3162 Neque
716 3085 880 3143 enim
929 3083 1086 3141 alius
1132 3082 1289 3139 ullus
1354 3081 1608 3153 scriptor
1653 3080 1941 3169 antiquus
1993 3075 2110 3169 tale
2139 3112 2178 3169 ο

455 3177 795 3252 quidquam
815 3175 891 3231 de
915 3172 1223 3229 Eustathio
1242 3169 1731 3236 narravit.Quare
1761 3167 1807 3223 si
1833 3182 1957 3241 qua
1986 3164 2109 3221 cul-

364 3320 373 3331 .
450 3284 540 3341 pa
592 3270 703 3338 est,
733 3281 806 3323 ea
856 3261 1271 3320 transferenda
1323 3265 1412 3317 est
1438 3263 1565 3317 tota
1599 3259 2109 3322 inSozomenum,

456 3357 566 3431 qui
594 3355 849 3427 caeteris,
875 3352 983 3426 qui
1019 3351 1095 3407 de
1126 3348 1413 3407 Asceticis
1442 3348 1820 3415 dubitarunt,
1854 3346 2102 3420 prteivit.

528 3451 621 3505 28.
654 3450 952 3504 Hactenus
978 3442 1373 3514 antiquorum
1399 3439 1714 3513 opiniones
1742 3438 2058 3495 retulimus
2091 3454 2106 3493 :

452 3554 621 3600 nunc
638 3538 714 3595 de
742 3534 1145 3594 recentiorum
1176 3529 1483 3588 sententiis
1508 3529 1810 3603 reliquum
1835 3532 1925 3585 est
1943 3526 2110 3584 utdi-

459 3644 694 3687 camus.
716 3624 1021 3696 Ambigua
1046 3620 1237 3678 videri
1264 3622 1538 3693 possunt,
1572 3634 1710 3692 quae
1737 3634 1881 3675 mox
1907 3616 2110 3674 retuli-

455 3733 617 3786 mus,
659 3701 1192 3779 Sozomeniverba;
1215 3710 1296 3766 ob
1324 3707 1510 3782 idque
1522 3708 1745 3764 mirum
1777 3705 1963 3764 videri
1984 3720 2111 3762 non

456 3807 656 3875 debet,
685 3805 737 3861 si
748 3802 967 3861 eruditi
983 3799 1262 3858 homines
1276 3798 1497 3855 nostris
1518 3797 1896 3870 temporibus
1911 3796 2112 3854 varias

452 3896 521 3955 in
568 3898 775 3968 partes
814 3888 1083 3949 distracti
1112 3888 1250 3944 sint.
1284 3890 1350 3945 Et
1375 3902 1540 3956 vero,
1577 3890 1642 3943 ut
1668 3886 1873 3943 videre
1902 3885 2113 3968 cuivis

455 3962 597 4041 licet
620 3998 691 4040 eo
706 3996 892 4055 quem
903 3977 1088 4035 modo
1104 3975 1393 4049 exscripsi
1419 3975 1575 4044 loco,
1598 3976 1651 4048 ej
1658 3962 2112 4033 usmodiverbis

452 4089 607 4130 usus
635 4076 726 4128 est
753 4071 1145 4136 Sozomenus,
1177 4070 1244 4122 ut
1258 4064 1514 4121 dubium
1537 4065 1823 4123 situtrum
1844 4064 2115 4121 Ascetica

458 4161 685 4233 omnia,
741 4174 880 4232 quae
937 4154 1135 4214 Basilii
1201 4155 1448 4211 nomine
1512 4154 2111 4216 circumferebantur.

352 4240 359 4247 ’
457 4249 750 4309 Eustatbii
774 4240 908 4305 esse
928 4244 1268 4302 dicerentur
1299 4260 1336 4300 a
1355 4243 1753 4318 quibusdam,
1787 4260 1866 4301 an
1901 4259 2114 4302 eorum

364 4352 367 4357 '
457 4343 755 4400 duntaxat
782 4352 925 4412 pars
953 4335 1161 4408 aliqua
1182 4333 1377 4391 eidem
1395 4333 1706 4392 Eustathio
1726 4333 2112 4392 tribueretur.

2221 1816 2337 1875 bus
2347 1819 2512 1877 libris
2527 1825 2822 1883 veteribus
2840 1827 3213 1901 vulgaverat,
3224 1830 3355 1890 haec
3368 1816 3504 1907 subj
3515 1837 3751 1896 unxitin
3763 1853 3877 1896 suo

2222 1908 2457 1965 Basilio
2487 1918 2776 1973 recensita
2816 1920 2890 1991 (e)
2914 1934 2936 1974 .'
2963 1922 3101 1979 Non
3151 1926 3349 1993 potuit
3374 1933 3593 1985 auctor
3637 1944 3750 1987 sua
3777 1929 3877 1987 hic

2223 2000 2495 2059 Ascetica
2511 2010 2565 2060 et
2579 2006 2799 2065 Ethica
2818 2011 3049 2071 clarius
3062 2016 3769 2095 delineare,mentemque
3780 2037 3875 2078 su-

2224 2103 2321 2145 am
2344 2106 2417 2192 ac
2430 2099 2807 2192 propositum
2829 2101 3172 2178 declarare;
3194 2109 3472 2182 quodque
3519 2112 3607 2169 ita
3640 2127 3876 2170 omnem

2217 2181 2474 2280 perinde
2499 2189 3028 2257 transgressionem
3051 2181 3385 2271 ulciscitur,
3408 2201 3769 2273 nullamque
3784 2204 3879 2261 vel

2219 2280 3024 2373 ignorantiaexcusationem
3045 2286 3459 2362 admittit,qua
3469 2291 3753 2348 delictum
3767 2294 3878 2361 ﬁat

2222 2364 2395 2461 venia
2403 2364 2725 2461 le,aliaqu_e
2736 2385 2851 2427 non
2864 2378 3010 2430 satis
3023 2390 3053 2431 e
3068 2380 3286 2447 regula
3311 2381 3745 2453 ecclesiastica,
3758 2385 3880 2441 suis

2378 2455 3053 2548 notanda,B'ustathium
3065 2448 3880 2542 seSebastenumpotius'pro-

2220 2536 2515 2611 dit,quam
2538 2544 2839 2603 Basiliam
2856 2549 3314 2613 Caesariensem:
3342 2558 3495 2630 quod
3506 2536 3881 2619 tamenniliil

2220 2633 2417 2702 tangit
2434 2634 2610 2691 libros
2632 2639 3150 2717 Constitutionum,
3164 2648 3460 2721 quidquid
3472 2650 3772 2709 Scultetus
3782 2652 3882 2709 ob-

2216 2726 2645 2793 murmuret,in
2657 2729 2871 2798 quibus
2894 2732 3158 2791 Basilius
3180 2742 3504 2811 utrumque
3540 2748 3880 2799 ascetaruni

2215 2813 2732 2910 qenusBasiliano
2750 2824 3115 2910 verespiritu
3130 2840 3203 2882 ac
3247 2827 3621 2901 Chn'stiano,
3646 2832 3879 2903 sigilla-

2220 2901 2325 2955 tim
2337 2901 2599 2960 instruit.
2621 2907 2793 2972 Quod
2808 2909 2906 2967 hic
2923 2911 3405 2974 aitdoctissimus
3423 2918 3510 2975 vir
3527 2901 3881 2981 Combeﬂsi-

2217 3003 2309 3056 us,
2330 2990 2390 3046 in
2408 3008 2633 3064 magna
2650 2995 2751 3054 illa
2762 3000 3168 3060 Asceticorum
3185 3011 3356 3078 parte
3372 3007 3751 3067 Eustathium
3772 3013 3875 3068 Se-

2216 3078 2538 3138 bastenum
2559 3085 2761 3157 potius
2792 3089 2986 3161 prodi,
3020 3109 3207 3166 quam
3240 3096 3523 3155 Basilium
3557 3100 3876 3159 Caesarien-

2216 3170 2435 3240 sem,id
2450 3175 2594 3231 satis
2610 3178 3118 3239 modestedictum
3151 3192 3263 3242 est:
3287 3186 3397 3244 sed
3434 3188 3497 3245 in
3533 3189 3660 3247 suis
3716 3190 3877 3249 notis

2215 3273 2339 3351 non
2355 3276 2491 3351 raro
2512 3273 2924 3326 asseveranter
2942 3273 3251 3344 pronutiat
3267 3277 3638 3351 praecipuam
3706 3278 3875 3337 illam

2216 3350 2626 3410 Asceticorum
2658 3361 2893 3428 partem
2925 3362 3209 3420 Eustatbii
3228 3379 3380 3435 esse,
3410 3350 3536 3424 non
3564 3368 3785 3427 Basilii:
3812 3369 3876 3427 in

2214 3452 2407 3513 eoque
2419 3441 2740 3512 probando
2754 3449 2981 3504 multus
2995 3453 3102 3520 est,
3108 3453 3557 3526 propemodum
3566 3455 3683 3514 hoc
3695 3457 3877 3517 unico

2216 3538 2577 3600 argumento
2606 3551 2780 3605 usus,
2798 3538 2967 3612 quod
3005 3539 3070 3597 in
3108 3542 3376 3617 utrisque
3396 3545 3637 3619 Regalis
3666 3548 3878 3607 nescio

2216 3620 2365 3693 quid
2392 3622 2640 3695 majoris
2671 3627 3000 3686 severitatis
3045 3630 3452 3705 inspergatur.
3476 3636 3878 3696 Eruditissimi

2215 3709 2329 3766 viri
2368 3713 2646 3781 Ducibus,
2669 3715 2891 3773 Natalis
2911 3717 3268 3791 Alexander,
3317 3722 3745 3796 Tillemontius,
3770 3729 3881 3786 Lu-

2218 3797 2470 3856 dovicus
2490 3803 2765 3876 Dupinus
2791 3806 3328 3884 etmultialii,quos
3355 3828 3666 3874 recensere
3694 3816 3878 3875 nimis

2218 3886 2470 3959 longum
2503 3895 2680 3948 esset.
2713 3895 2989 3952 Ascetica
3038 3897 3246 3956 omnia
3274 3901 3491 3960 Basilio
3512 3904 3853 3965 tribuuntvi

2220 3976 2436 4035 delicet
2472 3980 2705 4053 priores
2730 3987 2850 4040 tres
2881 3988 3471 4063 tractatus,moralia,
3538 3993 3773 4054 libellos
3796 3995 3878 4055 de

2219 4066 2458 4125 Judicio
2472 4070 2573 4126 Dei
2599 4076 2656 4127 et
2687 4070 2763 4128 de
2788 4072 2951 4143 Fide,
2972 4079 3262 4151 utrasque
3284 4082 3528 4154 regulas
3547 4088 3728 4158 atque
3753 4101 3879 4145 mo-

2219 4157 2482 4246 nasticas
2495 4160 2977 4220 Constitutiones.
2995 4166 3075 4223 De
3090 4168 3405 4242 Epitimiis,
3424 4171 3622 4246 deque
3632 4157 3877 4237 duabus

2216 4245 2777 4326 lucubratiunculis,
2794 4269 2947 4327 quas
2967 4271 3090 4314 non
3101 4258 3187 4317 ita
3213 4259 3449 4333 pridem
3483 4245 3877 4327 Cbmbeﬁsius

2223 4337 2431 4405 edidit,
2457 4356 2569 4398 suo
2587 4340 2722 4400 loco
2749 4343 3224 4419 disputabimus.
3242 4353 3329 4407 Ex
3347 4352 3572 4426 quibus
3591 4356 3877 4415 omnibus

454 4434 604 4526 ilinc
631 4430 811 4526 igitur
831 4424 1343 4526 videturtactum,
1380 4429 1446 4481 ut
1800 4424 2115 4526 Sozomeni
2145 4471 2191 4526 Β
2224 4429 2429 4487 videre
2458 4430 2594 4489 licet
2612 4435 2992 4507 questionem
3020 4456 3161 4515 quae
3201 4424 3574 4502 deAsceticis
3597 4445 3876 4517 habetur,

454 4521 662 4580 locum
672 4515 1061 4591 interpretati,
1075 4514 1137 4571 in
1147 4514 1349 4571 varias
1368 4513 1696 4571 sententias
1710 4513 2113 4573 discesserint.

454 4611 753 4670 Scultetus
803 4607 1076 4665 Ascetica
1103 4604 1312 4662 omnia
1337 4619 1464 4661 non
1491 4604 1749 4661 obscure
1797 4604 2103 4678 repudiat.

458 4700 575 4760 Sed
610 4715 747 4757 eum
789 4696 996 4756 audire
1032 4698 1299 4769 praestat.
1346 4696 1434 4752 Ita
1462 4694 1648 4764 igitur
1690 4692 1962 4767 loquitur
1990 4696 2060 4767 (ε)
2095 4711 2109 4750 :

453 4783 1545 4857 AntoniusPossevinus,Jesuila,vidit
1555 4784 1819 4840 Baronii
1824 4784 2114 4841 adversus

453 4882 842 4939 Sozomenum
864 4877 1328 4947 disputationem
1340 4874 1735 4930 infirmiorem
1762 4889 1899 4945 esse,
1930 4891 2112 4948 quam

453 4987 590 5044 quae
621 4970 907 5028 Ἀσκητικά
921 4967 1150 5024 Basilio
1170 4963 1353 5034 possit
1377 4963 1708 5021 vindicare.
1743 4965 1960 5037 Itaque
1980 4967 2111 5023 alia

454 5064 555 5120 via
573 5056 1246 5132 ingressus,0uestiones
1267 5053 1612 5123 compendio
1628 5055 2112 5125 explicatas,sive

454 5152 714 5222 Regulus
728 5148 1021 5206 breviores
1030 5142 1263 5213 ,interA
1275 5145 1488 5200 scetica
1500 5159 1643 5200 num
1650 5150 1869 5211 eratas,
1880 5147 2108 5203 Basilio

454 5255 531 5297 ea:
559 5240 921 5297 auctoritate
943 5232 1252 5291 Sozomeni
1273 5231 1835 5297 adimit,E'ustathio
1866 5235 2103 5292 tribuit.

452 5329 571 5388 Sed
579 5329 782 5387 eadem
799 5328 1115 5396 ratione,et
1131 5323 1370 5396 quidem
1383 5323 1573 5379 multo
1586 5324 2106 5398 rectius,Ascetica

522 5429 607 5574 fa)
648 5427 772 5484 Lib.
805 5440 885 5481 nr.
919 5437 1053 5506 cap.
1090 5424 1173 5478 14.

551 5501 607 5574 ὁ)
643 5493 1015 5574 δίοθΡῘέιῙὼν
1042 5510 1122 5574 Ῑξι
1153 5509 1173 5551 ί

551 5491 607 5646 οξ
643 5496 887 5570 Niceph.
909 5491 1015 5566 lib;
1042 5510 1122 5565 Ix,
1153 5508 1290 5568 cap.
1326 5495 1416 5564 16,
1444 5495 1502 5553 et
1522 5491 1635 5553 lib.
1663 5510 1789 5565 xm,
1830 5511 1883 5557 c.
1908 5497 2005 5556 29.

551 5587 581 5630 c
640 5571 813 5630 Tom.
851 5567 921 5640 ΙΙ,
958 5570 1131 5641 parte
1169 5581 1246 5638 Iv,

525 5567 606 5645 (e)
640 5567 813 5630 Tom’.
851 5567 921 5640 ΙΙ,
958 5570 1131 5641 parte
1169 5567 1246 5638 Iv,

2222 4518 2617 4594 multiplicem
2647 4540 2798 4595 esse,
2840 4528 3245 4605 eamdemque
3283 4532 3460 4591 valde
3514 4534 3875 4597 intricatam.

2226 4609 2443 4684 Quare,
2468 4615 2534 4668 ut
2562 4614 2771 4673 ordine
2799 4632 2929 4674 rem
2958 4634 3069 4692 per
3097 4634 3159 4676 se
3180 4621 3325 4677 satis
3344 4620 3644 4683 difﬁcilem
3670 4629 3879 4686 tracte—

2222 4714 2381 4766 mus,
2411 4700 2574 4758 hunc
2600 4706 3060 4779 paragraphum
3088 4706 3154 4765 in
3174 4722 3396 4768 novem
3426 4717 3631 4786 partes
3653 4713 3879 4774 divide-

2221 4804 2413 4891 must
2467 4807 2732 4891 quarum
2783 4794 2843 4851 in
2904 4796 3103 4868 prima
3158 4798 3421 4872 probare
3492 4804 3878 4878 conabimur,

2230 4885 2488 4952 praevios
2503 4885 2620 4938 tres
2638 4886 2927 4941 tractatus
2956 4886 3037 4944 ad
3068 4887 3356 4947 Basilium
3378 4893 3695 4965 pertinere:
3711 4896 3773 4953 in
3789 4914 3876 4955 se.

2219 4969 2441 5042 cunda,
2476 4977 2638 5028 recte
2679 4973 2921 5046 sentire,
2952 4976 3059 5049 qui
3088 4982 3153 5035 ut
3175 4978 3409 5038 libellos
3432 4980 3509 5039 de
3545 4983 3779 5044 iudicio
3807 5002 3878 5045 ac

2218 5059 2294 5116 de
2324 5061 2491 5128 Fide,
2514 5060 2599 5118 ita
2627 5062 2873 5121 Mor-alia
2918 5065 3136 5124 Basilio
3171 5070 3486 5129 ascribunt
3523 5090 3536 5129 :
3581 5073 3643 5131 in
3685 5076 3876 5147 tertia,

2216 5164 2341 5207 non
2372 5154 2730 5225 erraturum,
2756 5153 2860 5226 qui
2881 5153 2943 5211 in
2975 5157 3321 5230 spuriorum
3348 5176 3604 5220 numero
3626 5173 3881 5238 reponet

2214 5238 2431 5296 breves
2459 5239 2618 5297 duos
2656 5241 2912 5311 libellos,
2936 5246 3041 5319 qui
3056 5252 3199 5319 post
3224 5250 3466 5309 Moralia
3492 5251 3667 5311 locati
3711 5261 3876 5314 sunt:

2213 5329 2278 5386 in
2304 5333 2540 5402 quarta,
2566 5335 2962 5408 utrarumque
2974 5336 3507 5413 Regularum,tam
3529 5341 3879 5406 breviorum

2286 5428 2373 5503 _(d)
2410 5429 2499 5503 De
2520 5432 2730 5503 script.
2762 5434 2908 5491 eccl.

2277 5499 2361 5572 (e)
2389 5502 2555 5561 Tom.
2576 5499 2653 5574 Il,
2674 5519 2739 5579 p.
2777 5508 2903 5564 104.
