4092 6382
278 176 351 235 69
1320 200 1329 211 ί
1759 221 1767 228 '
1803 196 1926 259 ΡΗΔ

2033 208 2188 266 ιΤῐΟ.
3639 224 3711 287 70

279 305 1057 387 quamlongiorum,unum
1075 318 1133 374 et
1150 319 1758 382 eumdemauctorem
1774 340 1937 383 esse:
1978 330 2026 385 Α

255 392 342 449 'in
370 396 603 467 quinta,
638 403 924 476 utrasque
951 407 1209 476 Regulas
1241 412 1297 465 et
1318 412 1786 470 Constitutiones
1813 432 1941 472 mo-

280 485 545 543 nasticas
565 489 671 545 uni
695 494 753 547 et
777 491 977 549 cidem
1001 498 1234 554 auctori
1254 498 1435 556 tribui
1455 517 1580 558 non
1591 503 1822 561 debere
1842 522 1855 561 :
1878 506 1939 563 in

281 579 469 643 sexta,
492 593 640 636 sane
659 583 717 636 et
735 597 872 639 vere
887 583 1185 655 judicare,
1203 588 1307 661 qui
1329 590 1611 648 Basilii-im
1631 599 1939 653 auctorem

279 657 509 723 fa'ciunt
524 672 921 745 utrarumque
935 657 1299 747 Regularum
1316 698 1328 736 :
1343 679 1407 736 in
1417 682 1697 754 septima,
1714 687 1833 741 Con
1843 687 1941 741 sti-

280 755 542 814 tutiones
554 763 924 821 monasticas
936 767 1247 825 Eustathio
1259 769 1589 828 Sebasteno
1602 773 1700 845 adj
1710 774 1940 833 udicari

278 858 497 917 posse:
545 847 606 904 in
636 855 875 923 octava,
914 856 1197 928 Epitimia
1230 859 1295 915 in
1330 861 1550 934 spuriis
1589 864 1735 935 poni
1759 880 1939 937 opor-

278 935 438 991 tere:
488 936 551 993 in
580 955 763 1010 nona,
798 941 954 1002 duas
996 944 1583 1023 lucubratiunculas,
1629 935 1938 1027 quas—pro

277 1026 453 1081 novis
490 1028 892 1089 Combeﬁsius
940 1034 1297 1109 divulgavit,
1346 1040 1568 1114 dignas
1613 1058 1738 1100 non
1782 1026 1936 1112 esse,

276 1126 414 1184 quae
441 1114 599 1174 inter
626 1120 826 1178 Basilii
854 1139 1044 1196 opera
1072 1135 1487 1187 numerentur.

268 1222 305 1290 ᾗ
340 1224 427 1279 ΧΙ.
468 1226 626 1284 Pars
671 1232 895 1303 prima,
930 1234 1007 1291 de
1040 1238 1291 1305 prteviis
1333 1239 1526 1296 tribus
1571 1245 1936 1302 tractatibus

955 1326 1246 1384 asceticis.

347 1425 436 1480 29.
476 1426 687 1483 Praevii
724 1427 787 1484 hi
813 1433 935 1485 tres
967 1434 1278 1502 tractatus,
1329 1436 1435 1509 qui
1475 1438 1630 1495 inter
1677 1442 1936 1500 ascetica

266 1519 685 1587 recensentur,
716 1518 779 1575 in
804 1521 1089 1578 omnibus
1105 1522 1296 1595 libris,
1314 1529 1444 1583 tam
1466 1528 1725 1599 vulgatis
1744 1547 1933 1603 quam

270 1601 594 1672 veteribus,
615 1622 843 1664 nomen
863 1609 1060 1668 Basilii
1070 1613 1419 1685 praeferunt.
1433 1615 1617 1674 Iidem
1629 1660 1642 1685 ,
1654 1601 1933 1677 nisi—forte

2053 332 2186 423 Ego
2215 339 2374 397 enim
2421 344 2550 401 vidi
2588 346 2834 414 multos,
2872 350 2985 419 qui
3022 332 3195 406 vitiis
3242 351 3584 423 mancipati
3620 369 3709 411 re-

2050 422 2299 482 dierunt
2329 430 2412 485 ad
2441 432 2763 490 sanitatem
2786 450 2811 491 .·
2839 437 2944 491 sed
2971 451 3047 493 ea:
3075 440 3349 495 omnibus
3400 422 3476 497 ne
3517 438 3707 499 unum

2050 515 2311 584 quidem,
2337 520 2443 590 qui
2468 522 2703 579 occulte
2732 525 3153 593 manducaret,
3187 534 3293 583 aut
3330 531 3578 599 gulosus
3622 546 3707 590 es-

2047 610 2154 671 set,
2183 607 2563 667 emendatum
2591 612 2734 680 vidi,
2768 613 3051 670 Basilium
3079 614 3288 672 audire
3308 618 3457 674 mihi
3478 620 3706 680 videor.

2051 694 2117 748 Et
2144 709 2287 751 vero
2317 697 2422 769 qui
2454 699 2741 757 Basiliam
2787 701 2884 757 vel
2913 702 3305 774 primoribus,
3355 710 3421 762 ut
3464 708 3703 780 dicitur,

2047 779 2234 838 labris
2259 785 2598 860 attigerunt,
2629 788 2822 861 probe
2848 790 3065 860 sciunt,
3092 791 3156 847 id
3185 809 3259 849 ex
3289 794 3420 865 ejus
3449 811 3705 855 consue-

2049 872 2254 929 tudine
2283 874 2513 932 dictum
2540 893 2697 934 esse:
2722 879 2897 950 cujus
2921 881 3007 936 rei
3027 881 3307 954 exempla
3329 882 3553 955 aliquot
3573 902 3707 957 pro-

2047 960 2201 1019 ferre
2223 962 2491 1021 alienum
2510 982 2635 1023 non
2656 966 2976 1025 videbitur.
3004 970 3187 1040 Igitur
3207 971 3515 1044 psalmum
3537 990 3706 1033 sexa-

2048 1051 2351 1121 gesimum
2382 1054 2648 1126 primum
2679 1055 3083 1129 interpretans
3117 1058 3390 1130 Basilius,
3441 1061 3525 1117 sic
3562 1064 3706 1120 scri-

2044 1139 2135 1198 bit
2161 1142 2225 1213 (ι.
2256 1145 2298 1212 Ι,
2330 1159 2391 1216 p.
2424 1145 2544 1217 196)
2570 1162 2583 1201 :
2616 1142 2773 1199 Εἶδον
2806 1147 3011 1223 ἰατρούς
3039 1148 3137 1221 ἐγὼ
3158 1155 3229 1223 μὴ
3254 1155 3502 1227 πρότερον
3526 1150 3705 1208 διδόν-

2047 1252 2138 1294 τας
2167 1234 2234 1284 τὰ
2265 1238 2499 1308 σωτήρια
2529 1238 2796 1310 φάρμακα,
2829 1242 2952 1312 πρὶν
3001 1237 3201 1312 ἐμέτοις
3249 1238 3575 1296 ἀποκενῶσαι
3610 1250 3704 1303 τὸν

2044 1327 2317 1377 νοσοποιὸν
2346 1324 2590 1396 ὕληννῆν
2616 1325 2671 1379 ἐκ
2695 1334 2923 1404 πονηρᾶς
2947 1326 3155 1393 διαίτης
3177 1331 3380 1395 ἑαυτοῖς
3403 1335 3452 1385 οἱ
3477 1332 3703 1389 ἀκόλασ-

2043 1432 2125 1465 τοι
2157 1412 2476 1472 ἐναπέθεντο.
2520 1417 2653 1472 Vidi
2680 1433 2787 1488 ego
2817 1420 3096 1488 medicos,
3123 1423 3231 1493 qui
3258 1438 3379 1478 non
3408 1424 3580 1494 prius
3603 1440 3702 1483 sa-

2044 1504 2277 1567 lutaria
2315 1507 2752 1565 medicamenta
2785 1509 3127 1579 tradebant,
3168 1527 3348 1584 quam
3385 1515 3703 1573 materiam

2042 1594 2378 1652 morbidum
2401 1611 2512 1665 per
2542 1598 2829 1654 vomitum
2858 1607 3271 1669 evacuassent,
3289 1617 3471 1673 quam
3492 1603 3702 1661 intem-

268 1690 605 1751 Scultetum
635 1697 923 1772 excipias,
956 1716 994 1758 a
1018 1703 1283 1772 nemine,
1311 1706 1480 1778 quod
1518 1708 1731 1780 sciam,
1757 1726 1931 1767 revo-
1971 1707 2014 1763 B
2038 1691 2320 1780 299mm?
2357 1687 2456 1780 ἶίίί
2492 1702 2569 1780 et”
2597 1687 2759 1780 malo
2788 1692 2954 1780 “mf
2982 1688 3098 1780 8sz
3126 1698 3515 1760 pepereram'
3571 1692 3701 1750 Aho

270 1785 488 1838 cantur
514 1784 577 1840 in
614 1785 894 1845 dubium.
934 1792 1364 1863 Combeﬁsius,
1414 1797 1521 1870 qui
1566 1801 1934 1873 czeteroquin

264 1871 569 1943 Optimam
595 1877 1004 1937 Asceticorum
1035 1887 1272 1955 partem
1304 1900 1415 1957 pro
1446 1888 1667 1959 spuriis
1697 1871 1930 1959 habuit,

264 1962 477 2017 tamen
506 1967 565 2019 et
590 1963 723 2037 ipse
748 1981 993 2042 quoque
1018 1974 1385 2044 prteviarum
1405 1962 1629 2033 harum
1654 1977 1936 2036 lucubra-

263 2051 505 2110 tionum
538 2055 820 2114 Basilium
850 2064 1163 2120 auctorem
1200 2063 1399 2122 facere
1437 2082 1564 2123 non
1608 2067 1931 2129 dubitavit.

269 2141 505 2198 Primus
545 2148 750 2202 autem
797 2152 1089 2208 tractatus
1132 2153 1218 2209 sic
1269 2155 1635 2213 inscribitur.
1688 2159 1934 2219 Praevia

268 2231 571 2291 institutio
593 2238 890 2297 ascetica:
934 2242 1261 2317 secundus,
1290 2245 1500 2304 Sermo
1530 2250 1844 2319 asceticus,
1877 2258 1933 2309 et

268 2321 618 2381 exhortatio
643 2327 718 2384 de
743 2331 1204 2389 renuntiatione
1232 2337 1464 2399 saeculi,
1513 2343 1570 2393 et
1598 2339 1672 2396 de
1696 2342 1933 2411 perfec-

264 2410 430 2468 tione
455 2415 808 2482 spirituali:
851 2421 1081 2490 tertius,
1112 2423 1321 2480 Sermo
1352 2425 1426 2482 de
1466 2430 1726 2486 ascetica
1759 2410 1934 2489 disci-

263 2500 465 2570 plina,
481 2507 777 2576 quomodo
788 2512 1158 2570 monachum
1173 2517 1391 2572 ornari
1399 2524 1694 2587 oporteat.
1718 2521 1858 2593 Legi
1874 2528 1933 2580 et

263 2589 451 2678 relegi
464 2591 578 2650 has
594 2593 1176 2672 lucubratiunculas,
1200 2604 1263 2660 in
1274 2605 1502 2678 quibus
1515 2608 1666 2666 nihil
1677 2589 1929 2670 omnino

260 2676 484 2748 inveni,
511 2685 678 2755 quod
700 2685 1023 2759 indignum
1045 2696 1201 2748 esset
1213 2676 1422 2752 nostro
1449 2696 1686 2756 Basilio.
1712 2701 1926 2759 Omnia

257 2769 404 2826 satis
428 2775 901 2835 accommodata
934 2784 1075 2837 sunt
1105 2781 1186 2838 ad
1207 2783 1339 2854 ejus
1378 2784 1627 2858 stylum,
1674 2789 1752 2845 ad
1793 2791 1926 2863 ejus

254 2858 561 2917 scribendi
589 2864 911 2935 rationem,
940 2870 1019 2925 ad
1046 2870 1177 2942 ejus
1205 2872 1497 2934 indolem.
1529 2875 1647 2933 Etsi
1669 2858 1843 2936 enim.
1862 2881 1926 2937 hi

248 2945 436 3037 libelli
461 2949 812 3024 eloquentia
840 2955 1154 3016 inferiores
1185 2966 1328 3019 sunt
1356 2967 1743 3037 panegyricis
1769 2969 1925 3026 Basi-

2041 1773 2177 1831 loco
2237 1774 2323 1831 sic
2372 1775 2646 1849 loquitur
2682 1779 2745 1849 (t.
2800 1780 2868 1841 Il,
2935 1777 2999 1833 in
3040 1779 3170 1834 Jul.
3220 1779 3435 1852 Mart.,
3484 1797 3547 1838 n.
3601 1785 3697 1855 li):

2046 1868 2147 1917 Καὶ
2183 1883 2309 1917 ποτε
2348 1862 2486 1918 εἶδον
2534 1865 2634 1938 ἐγὼ
2684 1865 2812 1939 βοῦν
2864 1865 2950 1919 ἐπὶ
2999 1868 3194 1940 φάτνης
3245 1864 3559 1944 δακρύοντα,
3607 1878 3701 1924 τοῦ

2045 1958 2300 2028 συννόμου
2331 1954 2472 2025 αύτῳ
2500 1958 2590 2007 καὶ
2630 1955 2892 2027 ὁμοζύγου
2930 1954 3356 2019 τελευτήσαντος.
3400 1958 3700 2030 Equidem

2043 2060 2150 2115 ego
2170 2046 2298 2113 ipse
2324 2045 2452 2101 vidi
2479 2045 2815 2117 aliquando
2840 2044 3040 2103 bovem
3067 2047 3130 2102 in
3157 2048 3420 2117 prwsepi
3446 2050 3702 2120 illacry-

2042 2138 2326 2200 mantem,
2355 2140 2567 2203 pastus
2594 2136 2996 2205 acjugisocio
3019 2141 3212 2192 morte
3238 2136 3356 2194 sibi
3363 2145 3696 2208 prterepto.

2040 2226 2268 2280 Rursus
2296 2223 2358 2279 in
2382 2223 2498 2281 hac
2527 2224 2663 2296 ipsa
2698 2240 2887 2296 quam
2923 2240 3069 2281 mox
3093 2224 3271 2281 citavi
3308 2226 3583 2282 oratione
3613 2227 3700 2284 sic

2043 2312 2281 2385 scripsit
2312 2312 2504 2382 (ibid,
2534 2329 2597 2368 n.
2631 2314 2718 2383 9):
2769 2309 2906 2371 Ἤδη
2963 2309 3024 2365 δέ
3074 2332 3218 2375 τινας
3269 2308 3407 2366 εἶδον
3445 2321 3544 2367 τῶν
3584 2315 3699 2387 φιλ-

2042 2399 2264 2470 ηδόνων,
2321 2398 2395 2455 δι’
2446 2401 2732 2476 ὑπερϐολὴν
2780 2399 3109 2465 ἡδυπαθείας
3159 2401 3246 2455 ἐπὶ
3302 2407 3560 2477 προφάσει
3602 2413 3697 2468 τῆς

2039 2491 2207 2554 λύπης
2254 2494 2384 2565 πρὸς
2436 2490 2728 2566 κραιπάλην
2767 2496 2857 2544 καὶ
2914 2494 3075 2565 μέθην
3123 2491 3546 2567 ἐκτρεπομένους,
3605 2498 3696 2547 καὶ

2038 2586 2097 2636 τὸ
2128 2581 2347 2658 ἀκρατὲς
2374 2580 2543 2634 αὐτῶν
2575 2580 2629 2633 ἐκ
2658 2589 2757 2634 τῶν
2786 2588 2878 2634 τοῦ
2904 2580 3226 2654 Σολομῶντος
3256 2582 3422 2655 λόγων
3448 2602 3699 2659 παραμυ-

2040 2676 2242 2728 θεῖσθαι
2276 2675 2644 2746 πειρωμένους,
2694 2671 2947 2744 λέγοντος,
2999 2676 3122 2725 Δότε
3176 2672 3309 2726 οἶνον
3352 2680 3462 2736 τοῖς
3510 2672 3560 2725 ἐν
3610 2671 3699 2725 λύ-

2034 2783 2180 2826 παις.
2223 2763 2362 2820 Νοη
2409 2762 2496 2818 ita
2539 2760 2764 2818 dudum
2801 2760 2927 2817 vidi
2967 2761 3256 2831 quosdam
3301 2762 3694 2833 voluptarius,

2034 2855 2143 2925 qui
2166 2852 2480 2909 immodico
2511 2850 2849 2920 vuluptatis
2887 2865 3093 2907 amore
3127 2851 3394 2921 pellecti,
3425 2866 3540 2921 per
3566 2866 3695 2921 spe-

2033 2945 2180 3001 ciem
2209 2940 2588 3013 expellendw
2619 2940 2886 2997 tristitia
2916 2940 2998 2996 ad
3035 2941 3357 3011 crapulam
3395 2955 3520 2997 sese
3557 2955 3696 2997 con-

250 3035 316 3093 lii
336 3039 737 3115 orationibus,
759 3048 867 3101 aut
880 3046 1153 3118 ejusdem
1171 3030 1410 3122 generis
1429 3030 1920 3128 scriptisnamen
1963 3037 2003 3094 Ο
2032 3038 2355 3101 verterem,
2380 3037 2435 3128 {et
2456 3031 2542 3128 ,ad
2570 3030 2956 3128 εὐνιεέςιέεηίί
3003 3045 3299 3128 “ﬁmi”?
3322 3035 3695 3128 conarentur

256 3123 309 3180 si
337 3126 476 3198 quis
505 3143 611 3186 eos
641 3134 863 3190 attente
889 3134 1074 3209 legat,
1104 3140 1330 3210 statim,
1357 3123 1596 3215 opinor,
1619 3147 1794 3217 periti
1815 3148 1925 3205 ali-

255 3215 433 3286 cujus
455 3219 731 3291 magistri
751 3238 1006 3281 manum
1029 3234 1338 3297 agnoscet.
1360 3234 1511 3289 Nam
1532 3215 1685 3292 nihil
1707 3236 1771 3293 in
1794 3254 1926 3295 ver-

250 3304 373 3377 bis,
392 3307 545 3364 nihil
572 3309 644 3367 in
673 3314 1003 3387 sententiis,
1051 3317 1202 3373 nihil
1239 3319 1302 3375 in
1339 3322 1732 3392 periodorum
1776 3342 1924 3384 con-

255 3396 582 3455 structione
597 3399 916 3469 invenitur,
932 3404 1102 3477 quod
1116 3406 1427 3469 hominem
1454 3414 1757 3471 scribendi
1778 3417 1927 3489 peri-

252 3482 563 3543 tissimum
582 3487 894 3550 dedeceat.
912 3495 1204 3553 Praeterea
1222 3513 1296 3554 ex
1313 3498 1536 3558 harum
1554 3482 1925 3563 lucubratio-

250 3585 409 3629 num
427 3572 688 3633 lectione
716 3583 974 3651 constat,
1008 3587 1323 3642 auctorem
1344 3603 1556 3646 sacras
1584 3592 1922 3666 Scripturas

254 3666 316 3719 et
359 3664 589 3737 optime
634 3667 943 3740 calluisse,
983 3676 1041 3729 et
1090 3675 1404 3747 aptissime
1450 3679 1664 3740 citasse
1698 3664 1733 3737 ί
1764 3700 1922 3757 quas

256 3750 430 3810 dotes
460 3755 926 3828 quodammodo
956 3762 1155 3820 Basilii
1202 3767 1482 3840 proprias
1526 3785 1657 3828 esse
1702 3750 1919 3831 notum

252 4020 425 4079 dium
443 4023 770 4096 proferam.
792 4030 1209 4091 Animudverti
1230 4035 1417 4106 igitur
1433 4038 1691 4098 verbum
1717 4042 1917 4120 πληρο-

254 4115 528 4187 φορεῖσθαι
573 4115 667 4172 bis
691 4116 755 4173 in
793 4134 886 4189 eo,
917 4137 1103 4194 quem
1150 4125 1340 4183 modo
1383 4126 1528 4198 dixi,
1580 4130 1785 4190 libello
1827 4115 1918 4193 ita

249 4204 560 4276 usurpari,
572 4208 645 4262 ut
659 4209 1123 4280 persuasionem
1138 4216 1477 4287 quamdam
1491 4218 1806 4292 signiﬁcet.
1826 4227 1916 4283 Ita

253 4291 418 4349 enim
444 4309 571 4351 uno
594 4295 730 4354 loco
758 4298 1053 4373 scriptum
1085 4308 1175 4360 est
1218 4304 1279 4377 (t.
1310 4304 1389 4376 TI,
1430 4323 1490 4381 p.
1515 4291 1669 4384 204),
1731 4311 1913 4369 Ἠνίκα
1948 4341 1994 4398 Β

255 4378 317 4435 δὲ
340 4389 442 4435 τῶν
476 4390 779 4459 προσόντων
818 4408 902 4442 σοι
947 4395 1268 4466 πραγμάτων
1315 4406 1439 4471 ποιῇ
1488 4404 1583 4458 τὴν
1637 4399 1907 4471 ἀπόθεσιν,

252 4471 343 4524 ica
367 4470 584 4547 ἆκαμπὴ
595 4496 638 4545 ς,
664 4480 992 4553 προπέμπειν
1017 4481 1253 4546 αύτάεείς
1283 4470 1530 4561 οὐρανούς
1553 4488 1912 4567 πληροφορούο

251 4580 422 4635 μενος.
457 4564 574 4657 Ubi
589 4580 733 4657 vero
762 4585 859 4627 res
887 4585 1024 4643 qua:
1048 4564 1137 4630 ad
1155 4580 1211 4632 te
1231 4577 1545 4645 pertinent
1573 4564 1911 4657 derelique-

251 4652 359 4721 ris,
392 4658 513 4710 esto
533 4652 888 4726 inﬂexibilis
916 4666 975 4718 et
997 4670 1301 4738 constans,
1333 4674 1612 4743 certoque
1633 4652 1795 4730 scias
1813 4690 1914 4732 eas

247 5011 501 5070 Basilius
529 5020 734 5075 autem
760 5019 876 5078 hoc
908 5021 1072 5080 idem
1101 5027 1358 5084 verbum
1387 5029 1506 5087 hoc
1542 5031 1677 5105 ipso
1727 5049 1911 5092 sensu

246 5115 412 5194 stupe
448 5110 706 5178 usurpat
733 5108 834 5181 (a).
880 5111 1009 5170 Imo
1057 5115 1241 5173 etiam
1291 5134 1432 5177 cum
1484 5120 1617 5178 haec
1659 5122 1796 5194 lego
1844 5125 1909 5182 in

246 5190 466 5250 eodem
520 5194 624 5252 illo
676 5202 973 5271 opusculo
1030 5208 1113 5284 (pl.
1157 5209 1313 5281 208).
1367 5209 1595 5275 Πολλούς
1649 5190 1748 5289 γὰρ
1805 5213 1906 5287 ἐγώ

243 5282 439 5336 πάθεσι
494 5288 849 5361 κρατηθέντας
901 5289 1042 5348 εἶδον
1096 5282 1147 5349 ἓν
1215 5300 1361 5374 ὑγεία
1425 5306 1745 5376 γενομένους,
1821 5304 1909 5361 ἕνα

247 5367 308 5426 δ⁴ε
353 5372 410 5426 ἐκ
450 5378 657 5431 πάντων
698 5378 1044 5460 λαθροφάγον,
1089 5386 1120 5447 ἣ
1169 5367 1562 5469 γαστρίμαργον
1603 5367 1905 5454 ούκγῐεῖδον.

353 5519 404 5557 ⁸⁵
440 5522 615 5582 Prov.
641 5539 798 5600 xxxx,
829 5531 884 5588 6.

350 5644 440 5719 (a)
477 5646 614 5724 Leg.
644 5666 710 5713 n.
742 5656 834 5716 38.
927 5725 932 5728 _

2032 3138 2326 3182 excusare
2372 3118 2903 3190 intemperantiam
2950 3118 3146 3175 verbis
3186 3119 3554 3190 Salomonis,
3586 3122 3699 3192 qui

2030 3215 2139 3284 ait,
2162 3235 2194 3265 (ι
2214 3214 2373 3271 Date
2391 3212 2596 3269 vinum
2617 3211 2691 3267 iis
2711 3209 2900 3283 quiin
2917 3209 3169 3266 tristitia
3188 3214 3331 3265 sunt
3343 3210 3414 3265 ’5.
3430 3230 3459 3261 »
3482 3212 3692 3269 Exem-

2031 3303 2226 3378 plum,
2254 3301 2427 3376 quod
2459 3316 2601 3358 mox
2628 3299 2957 3373 proferam,
3012 3315 3050 3355 a
3099 3298 3518 3372 superioribus
3564 3316 3693 3359 non

2027 3394 2293 3451 multum
2353 3390 2610 3449 abludit.
2659 3392 2759 3447 Est
2803 3392 3009 3446 autem
3052 3388 3358 3461 ejusmodi
3407 3391 3573 3461 (tom.
3620 3393 3687 3464 II,

2028 3484 2198 3540 hom.
2225 3482 2290 3538 in
2308 3481 2453 3550 div.,
2474 3496 2537 3553 p.
2561 3483 2681 3551 54):
2717 3475 2858 3532 Οἶδα
2876 3477 3096 3540 πολλοὺς
3121 3480 3486 3551 νηστεύοντας,
3526 3499 3691 3555 προσ..

2024 3575 2368 3646 εευχομίνους,
2399 3573 2764 3636 στενάζοντας,
2784 3575 2961 3621 πᾶσαν
2989 3571 3083 3626 τὴν
3114 3564 3382 3621 ἀδάπανον
3420 3568 3688 3624 εὐλάϐειαν

2028 3661 2469 3734 ἐνδεικνυμένους,
2529 3657 2708 3712 ὀϐολόν
2775 3653 2835 3710 δὲ
2902 3657 2991 3710 ἕνα
3058 3662 3130 3730 μὴ
3190 3662 3523 3732 προειμένους
3576 3667 3687 3725 τοῖς

2030 3751 2366 3825 θλιϐομένοις.
2398 3749 2559 3807 Novi
2588 3762 2711 3805 non
2732 3761 2963 3817 paucos
2991 3747 3366 3848 jejunantes,
3417 3754 3682 3848 orantes,

2025 3841 2499 3914 ingemiscentes,
2520 3838 2805 3908 pietatem
2850 3850 3255 3907 omnemque
3274 3838 3403 3893 sine
3418 3838 3688 3908 impensa

1897 3987 1918 3997 -
2025 3933 2299 3993 exerceri
2318 3934 2533 4002 potest,
2557 3928 2915 3995 accolentes,
2966 3931 3031 3984 at
3077 3941 3152 3983 ne
3206 3941 3394 3984 unum
3441 3928 3687 4000 quidem

2024 4026 2264 4083 obolum
2300 4021 2501 4094 egenis
2540 4020 2877 4090 offerentes.
2907 4016 3142 4073 Possim
3167 4016 3234 4073 in
3258 4017 3532 4074 medium
3575 4018 3686 4077 ad-

2025 4116 2248 4173 ducere
2278 4116 2337 4170 et
2356 4109 2476 4169 alia
2502 4108 2663 4175 loca,
2688 4106 2918 4180 quibus
2945 4108 3251 4164 constaret
3289 4121 3450 4177 eam,
3491 4123 3685 4181 quam

2025 4204 2169 4278 dixi,
2199 4199 2494 4276 loquendi
2512 4196 2840 4256 formulam
2871 4196 3084 4253 Basilio
3106 4211 3408 4269 perquam
3432 4196 3686 4257 familia-

2023 4312 2155 4353 rem
2191 4293 2397 4358 fuisse.
2427 4288 2557 4357 sed,
2587 4303 2666 4345 ne
2694 4285 2947 4344 taedium
2987 4284 3289 4357 aﬁ‘errem,
3328 4286 3517 4343 nolui.
3566 4286 3686 4346 Sed

2023 4390 2250 4456 tamen,
2283 4381 2334 4438 si
2361 4380 2500 4454 quis
2529 4376 2833 4451 ejusmodi
2852 4375 3145 4448 exemplis
3174 4374 3524 4446 delectatur,
3555 4393 3683 4435 mo-

2021 4475 2183 4534 nebo
2210 4472 2426 4531 eodem
2455 4467 2698 4527 dicendi
2718 4480 2945 4538 genere
2994 4480 3181 4522 usum
3209 4480 3348 4522 esse
3395 4465 3683 4525 Basiliam

2020 4567 2083 4624 in
2107 4582 2181 4624 ea
2208 4562 2504 4627 oratione,
2533 4574 2725 4632 quam
2763 4554 3185 4615 sanctissimus
3214 4557 3386 4613 Pater
3421 4555 3485 4612 in
3530 4556 3682 4614 divi-

2019 4660 2110 4714 tes
2129 4653 2347 4712 habuit
2377 4650 2547 4724 (tom.
2578 4650 2646 4716 ll,
2674 4660 2814 4719 pag.
2850 4644 2939 4716 63)
2968 4661 2982 4700 :
3023 4643 3171 4700 item
3195 4642 3315 4715 legi
3363 4647 3563 4717 potest
3609 4660 3684 4704 ea

2019 4745 2237 4813 oratio,
2264 4758 2403 4816 quin
2428 4736 2801 4809 inscribitur,
2848 4735 3121 4792 Homilia
3144 4734 3568 4833 emnortatoria
3598 4735 3683 4793 ad

2017 4840 2295 4897 sanctum
2328 4830 2625 4901 baptisma
2650 4832 2821 4923 (tum.
2844 4827 2921 4923 ll,
2948 4838 3091 4923 pag.
3137 4824 3295 4923 1:20):
3527 4839 3680 4923 quq.

2017 4944 2138 5004 que
2159 4921 2391 4997 aliquid
2411 4919 2487 4977 de
2507 4916 2681 4976 tertia
2698 4911 3231 5004 lucubratiuncula
3248 4911 3553 4984 sigillatim
3575 4915 3683 4972 ad-

2016 5000 2177 5077 dere.
2198 5016 2265 5070 In
2294 5029 2367 5069 ea
2394 5009 2578 5081 igitur
2601 5006 2685 5063 ita
2712 5003 3007 5076 scriptum
3033 5000 3378 5058 invenimus
3405 5005 3578 5070 (tom.
3606 5005 3678 5076 Il,

2014 5126 2077 5184 p.
2105 5106 2274 5177 212):
2332 5104 2458 5174 Περὶ
2508 5098 2714 5169 Πατρός
2768 5097 2858 5146 καὶ
2910 5093 3036 5145 Υἱοῦ
3082 5093 3174 5184 καί
3236 5090 3385 5184 ἁγίου
3445 5093 3680 5184 Πνεύμξκ-

2014 5176 2102 5262 τος
2131 5176 2503 5271 μὴνσυζητεῖν,
2551 5185 2682 5239 ἀλλὰ
2719 5184 2965 5236 οἴκτιστον
3008 5183 3100 5232 καὶ
3144 5180 3422 5253 όμοούσιον
3470 5176 3679 5271 Ἰςριάδα

2014 5267 2146 5365 μετὰ
2202 5276 2503 5360 παρρησίας
2547 5275 2711 5348 λέγειν
2758 5276 2848 5325 καὶ
2900 5276 3119 5346 φρονεῖν,
3179 5273 3270 5321 καὶ
3327 5274 3445 5365 τοῖς
3489 5267 3678 5365 ἐπερω-

2015 5356 2148 5436 τῶσι
2195 5356 2378 5449 λέγειν,
2419 5370 2501 5425 ὅτι
2556 5362 2916 5440 βαπτίζεσθαι
2982 5356 3085 5435 δεῖ,
3142 5360 3225 5425 ιὼς
3292 5356 3671 5435 παρελάϐομεν.
