4092 6414
408 244 473 294 71
541 294 546 299 ,
1929 231 2316 291 ΡΒΕῈΑἸΊΟ.
3770 231 3841 287 72

405 367 668 416 πιστεύειν
701 361 778 431 δὲ,
814 365 880 424 ὡς
914 359 1336 434 βεϐαπτίσμεθω
1381 357 1622 422 δοξάζειν
1653 357 1735 426 δὲ,
1780 362 1848 422 ὡς
1886 379 2055 412 πεπισι

2180 358 2440 414 editione
2465 356 2782 413 Parisiensi
2825 357 3095 412 mutatus
3126 355 3219 411 sit.
3262 354 3507 412 Pbotius
3531 356 3692 411 enim
3716 359 3840 412 tra-

407 457 673 525 τεύκαμεν.
704 455 793 510 De
818 453 1006 507 Patre
1036 457 1090 507 et
1120 451 1280 506 Filio
1324 456 1377 506 et
1409 451 1648 520 Spiritu
1686 456 1894 507 san'cto
1948 466 2070 505 non

407 548 640 612 oportet
671 543 1028 610 disceptare,
1071 541 1173 596 sed
1219 541 1572 596 Trinitatem
1629 541 1964 596 increatam
2015 544 2067 594 et

405 633 978 689 consubstantialem
1011 631 1195 686 libere
1219 631 1497 699 profiteri
1528 636 1583 685 et
1604 633 1845 697 sentire,
1889 635 2071 700 atque

399 723 926 792 percontatoribus
951 720 1182 776 dicere:
1219 721 1464 788 Oportet
1493 736 1600 776 nos
1626 721 1932 789 baptizari
1957 722 2065 783 ita,

406 819 473 868 ut
494 814 790 869 traditum
811 811 1180 878 accepimus;
1210 811 1452 886 credere
1470 815 1669 866 autem
1691 811 1844 866 sicut
1876 809 2067 879 bapti-

404 903 528 957 zati
545 914 780 970 sumus;
801 900 1149 969 gloriﬁcare
1169 913 1327 961 vero,
1346 899 1850 970 quemadmodum
1873 899 2068 957 credi-

406 991 620 1046 dimus.
649 992 922 1055 Quanam
940 988 1167 1058 jam,in
1193 1003 1374 1059 quem
1398 987 1529 1043 haec
1551 987 1827 1043 doctrina
1849 987 2066 1042 melius

405 1080 746 1148 conveniat,
769 1095 957 1151 quam
977 1079 1037 1133 in
1065 1077 1346 1132 Basilium
1371 1080 1675 1146 Magnum,
1698 1077 1804 1149 qui
1825 1076 2068 1133 Trinita-

406 1172 526 1225 tem
549 1166 1128 1224 consubstantialem
1151 1182 1280 1220 esse
1304 1181 1542 1236 semper
1555 1163 2067 1220 etcrediditetdo-

405 1258 544 1313 cuit.
570 1261 980 1327 Praetereaque
1009 1254 1265 1309 Basilius
1289 1254 1492 1308 statim
1513 1254 1575 1308 in
1606 1254 1724 1309 alio
1745 1253 1949 1309 libello
1970 1270 2066 1310 as-

404 1347 593 1402 cetico
612 1351 774 1404 (tom.
801 1347 868 1414 ll,
897 1358 1038 1414 pag.
1058 1347 1186 1412 228)
1212 1358 1336 1398 non
1365 1341 1535 1398 aliter
1553 1342 1794 1397 locutus
1817 1348 1926 1409 est,
1951 1342 2070 1398 nisi

402 1435 571 1508 quod
592 1432 1086 1505 compendiosius
1108 1432 1365 1503 scripsit,
1387 1432 1501 1486 hoc
1527 1431 1736 1494 modo,
1771 1431 1906 1483 οὕτω
1948 1451 2068 1505 φρο,

401 1532 602 1596 νοῦμεν,
629 1527 716 1574 καὶ
731 1523 865 1574 οὕτω
884 1520 1208 1594 βαπτίζομεν
1221 1520 1290 1582 εἰς
1303 1517 1508 1595 Τριάὸα
1523 1522 1820 1592 ὁμοούσιον,
1840 1521 1925 1576 sic
1941 1536 2067 1576 sen-

404 1616 604 1680 timus,
632 1613 832 1682 sicque
867 1611 1241 1680 baptizamus
1263 1611 1324 1663 in
1347 1611 1646 1665 Trinitate
1680 1610 2067 1666 consubstan-

2180 447 2416 503 diderat
2444 448 2600 502 duos
2631 446 2744 502 bos
2783 445 3020 502 libellos
3049 461 3163 500 sua
3189 449 3362 501 aetate
3399 444 3482 501 ita
3511 444 3840 517 dispositos

2180 537 2386 597 fuisse.
2430 542 2491 592 ut
2519 535 2756 592 libellus
2789 537 2874 590 De
2906 535 3145 605 judicio
3183 535 3296 590 Dei
3323 534 3712 606 praecederet,
3746 550 3839 590 se-

2177 633 2464 700 queretur
2492 643 2632 682 vero
2664 626 2902 682 libellus
2932 627 3019 682 De
3043 626 3198 697 ﬁde;
3241 642 3378 681 cum
3419 631 3622 681 tamen
3651 625 3711 680 in
3742 641 3836 690 ea,

2178 734 2366 789 quam
2409 717 2554 786 dixi,
2587 717 2848 772 editione
2886 721 3174 772 tractatus
3213 717 3302 771 De
3353 716 3472 784 ﬁde
3511 715 3837 788 praecedat,

2179 811 2467 863 tractatus
2500 822 2638 862 vero
2672 809 2759 862 De
2786 806 3023 876 judicio
3065 807 3177 861 Dei
3215 805 3646 878 subsequatur.
3698 805 3838 876 Ejus

2177 902 2380 952 autem
2411 897 2494 952 rei
2522 912 2770 951 causam
2801 911 2924 951 non
2955 894 3141 950 aliam
3171 911 3308 950 esse
3332 899 3502 966 puto,
3534 894 3649 974 nisi
3670 893 3837 967 quod

2177 986 2547 1057 typographi
2579 984 2746 1040 aliud
2777 984 3135 1054 cogitantes,
3168 999 3375 1039 verum
3414 988 3472 1038 et
3517 983 3835 1056 antiquum

2177 1073 2453 1129 ordinem
2478 1075 2712 1129 incaute
2731 1073 3150 1146 permutarint.
3177 1076 3326 1128 Nam
3347 1078 3410 1128 ut
3432 1073 3620 1128 Photii
3642 1077 3836 1142 aetate,

2175 1162 2260 1217 ita
2298 1163 2602 1234 hodieque
2628 1167 2685 1218 et
2714 1163 2774 1217 in
2811 1165 3031 1219 Veneta
3061 1162 3322 1218 editione
3351 1166 3408 1217 et
3437 1161 3499 1217 in
3532 1162 3837 1218 veteribus

2174 1250 2342 1307 libris
2366 1252 2600 1323 primus
2629 1257 2717 1307 est
2743 1251 2977 1308 libellus
2999 1253 3086 1308 De
3103 1253 3342 1322 judicio
3372 1252 3502 1317 Dei,
3528 1251 3836 1307 secundus

2176 1358 2319 1398 vero
2341 1343 2576 1398 libellus
2606 1345 2693 1399 De
2734 1344 2873 1411 ﬁde.
2908 1343 3051 1408 Quis
3080 1347 3284 1399 autem
3317 1342 3535 1398 horum
3574 1359 3837 1414 opuscu-

2174 1430 2374 1488 lorum
2396 1438 2604 1488 auctor
2631 1435 2720 1504 sit,
2747 1433 2920 1488 facile
2939 1432 3256 1503 judicabit,
3283 1431 3390 1503 qui
3418 1448 3490 1487 ea
3519 1431 3837 1502 diligenter

2173 1518 2371 1590 legere
2419 1521 2596 1577 volet.
2629 1525 2866 1583 Auctor,
2911 1520 3255 1592 quicunque
3299 1519 3397 1576 ille
3440 1519 3568 1588 fuit,
3613 1520 3717 1592 qui
3764 1536 3838 1577 ea.

2176 1610 2554 1682 conscripsit,
2581 1627 2788 1666 sacras
2815 1609 3040 1666 litteras
3071 1615 3196 1665 tam
3226 1610 3372 1665 Novi
3401 1625 3589 1682 quam
3617 1609 3836 1665 Veteris

403 1704 558 1759 tiali.
583 1706 651 1757 At
675 1705 832 1755 certe
864 1716 935 1754 ex
962 1700 1054 1754 his
1085 1703 1248 1754 certo
1288 1697 1486 1767 colligi
1534 1703 1751 1770 potest,
1795 1715 1919 1754 non
1962 1715 2065 1754 au-
2105 1712 2144 1765 Β
2173 1700 3060 1772 Testamentioptimenoverat,
3086 1699 3597 1772 eisqueindustrie
3618 1699 3830 1756 utitur:

402 1793 701 1848 diendum
725 1805 855 1844 esse
898 1787 1248 1854 Scultetum,
1279 1787 1386 1859 qui
1411 1788 1670 1842 ascetica
1702 1787 1913 1843 omnia
1957 1790 2066 1842 Eu-

400 1878 620 1936 stathio
643 1875 943 1948 ascripsit.
967 1879 1116 1930 Nam
1129 1874 1411 1930 credibile
1424 1890 1546 1929 non
1564 1875 2062 1948 estEustathium,

401 1969 506 2040 qui
526 1965 1091 2023 Macedonianorum
1113 1961 1291 2034 quasi
1315 1962 1748 2032 antesignanus
1771 1968 1916 2030 erat,
1933 1963 2064 2018 bre-

399 2073 506 2112 ves
531 2055 684 2121 illas,
710 2069 868 2126 quas
912 2051 1108 2122 retuli,
1141 2050 1283 2106 ﬁdei
1313 2052 1722 2123 professiones
1751 2051 2053 2107 emisisse.

399 2145 632 2200 Etenim
650 2148 880 2198 tantum
904 2141 1136 2206 aberat,
1154 2145 1218 2195 ut
1235 2140 1647 2196 Macedoniam
1665 2141 2063 2197 consubstan-

398 2234 600 2291 tialem
622 2233 887 2288 dicerent
910 2230 1193 2302 Spiritum
1219 2235 1517 2300 sanctum,
1546 2235 1611 2286 ut
1632 2231 1813 2286 etiam
1835 2231 1897 2286 in
1919 2246 2059 2286 eum

396 2321 792 2393 verbaimpia
812 2324 1180 2376 evomerent.
1225 2319 1324 2376 Hic
1365 2323 1567 2374 autem
1607 2320 1796 2391 quaeri
1837 2325 2055 2391 potest,

398 2418 604 2468 utrum
626 2410 860 2481 scriptae
883 2409 1102 2464 fuerint
1125 2409 1216 2463 hae
1237 2407 1798 2478 lucubratiunculae,
1822 2425 1899 2464 an
1922 2425 2058 2481 pro-

397 2502 710 2557 nuntiatis.
741 2503 891 2555 Nam
920 2497 1232 2570 utriusque
1261 2498 1497 2567 generis
1532 2497 1801 2553 instituta
1837 2514 2055 2554 mona-

396 2590 524 2647 chis
545 2589 866 2646 tradidisse
889 2588 1196 2655 Basilium,
1233 2587 1510 2659 superius
1541 2604 1614 2642 ex
1636 2588 1917 2657 Gregorio
1949 2591 2058 2645 Na-

391 2682 676 2737 zianzeno
702 2678 1066 2735 audivimus.
1088 2680 1206 2748 ligo
1227 2692 1429 2733 autem
1451 2678 1730 2734 recitatas
1753 2677 1943 2734 fuisse
1965 2693 2057 2734 ar-

394 2772 606 2836 bitror,
630 2785 740 2824 nec
762 2768 951 2837 aliter,
976 2767 1093 2822 nisi
1125 2766 1297 2822 valde
1322 2766 1516 2836 fallor,
1535 2767 1923 2837 judicabunt,
1952 2784 2057 2840 qui

393 2861 561 2932 ipsas
582 2858 765 2932 paulo
788 2856 1358 2926 attentiuslegerint.
1383 2859 1584 2928 Neque
1604 2872 1746 2912 vero
1769 2857 2055 2912 monachi

2173 1793 2302 1844 erat
2328 1787 2549 1854 linguae
2582 1791 2800 1844 Graeca:
2829 1789 3264 1861 peritissimus:
3307 1789 3368 1844 in
3400 1789 3532 1859 ejus
3560 1789 3834 1844 oratione

2171 1878 2351 1934 enitet
2382 1879 2646 1947 ubertas,
2674 1879 2954 1944 varietas,
2979 1879 3188 1950 copia:
3213 1880 3274 1933 in
3295 1878 3573 1934 doctrina
3592 1894 3833 1934 morum

2170 1973 2297 2023 erat
2323 1984 2588 2031 severus,
2623 1969 2730 2022 sed
2757 1969 2840 2024 sic
2870 1973 3096 2036 tamen,
3127 1973 3190 2024 ut
3221 1967 3520 2038 Evangelii
3553 1968 3833 2024 severita-

2169 2062 2290 2112 tem
2320 2074 2444 2113 non
2483 2058 2825 2114 excederet:
2871 2057 3018 2113 nihil
3047 2057 3306 2130 denique
3337 2057 3492 2113 inest
3533 2073 3728 2129 neque
3769 2057 3832 2112 in

2168 2145 2389 2213 verbis,
2413 2163 2609 2219 neque
2632 2147 2690 2202 in
2717 2147 3049 2218 sententiis,
3075 2147 3244 2220 quod
3268 2147 3588 2217 indignum
3612 2147 3833 2203 sitviro

2168 2241 2226 2290 et
2248 2235 2426 2291 docto
2444 2242 2500 2291 et
2515 2237 2740 2308 probo:
2769 2254 2906 2309 qua:
2932 2238 3142 2292 omnia
3162 2253 3274 2292 nos
3295 2237 3627 2303 adducunt,
3644 2240 3707 2290 ut
3727 2238 3833 2291 Ba-

2169 2324 2367 2380 siliuni
2391 2327 2606 2381 horum
2632 2325 2976 2382 libellorum
2998 2343 3207 2382 verum
3229 2332 3546 2399 parentem
3561 2341 3692 2380 esse
3709 2341 3830 2379 cre-

2167 2414 2403 2469 damus.
2432 2415 2672 2470 Accedit
2695 2417 2898 2480 etiam,
2922 2415 3089 2488 quod
3117 2416 3177 2470 in
3203 2415 3297 2471 his
3329 2415 3640 2488 opusculis
3662 2415 3828 2470 inve-

2166 2503 2408 2558 niantur
2427 2503 2714 2575 quaedam
2740 2505 2980 2560 dicendi
3005 2504 3302 2574 formulae,
3323 2504 3546 2576 quibus
3573 2503 3826 2559 Basilius

2165 2592 2225 2646 in
2253 2592 2383 2647 aliis
2405 2592 2528 2646 suis
2549 2592 3104 2664 operibuslibenter
3130 2594 3329 2648 utitur.
3354 2592 3622 2664 Exempli
3645 2608 3829 2649 causa

2164 2680 2245 2736 ita
2265 2681 2480 2750 legitur
2501 2681 2782 2738 inlibello
2815 2685 2898 2738 De
2912 2683 3151 2752 judicio
3172 2684 3283 2738 Dei
3301 2689 3462 2754 (pag.
3494 2685 3622 2753 214)
3649 2699 3660 2736 :
3696 2683 3826 2753 Ἐγὼ

2167 2766 2224 2820 δὲ
2243 2767 2382 2822 εἶδόν
2408 2790 2533 2823 ποτε
2561 2777 2649 2822 καὶ
2681 2771 2941 2844 μελισσῶν
2966 2771 3164 2833 πλῆθος
3192 2777 3330 2843 νόμῳ
3366 2774 3564 2842 φύσεως
3595 2791 3823 2844 στρατη-

2163 2861 2429 2930 γούμενον,
2462 2865 2549 2911 καὶ
2577 2860 2991 2913 κατακολουθοῠν
3023 2861 3279 2922 εὐτάκτως
3310 2857 3430 2931 ἰδίῳ
3464 2858 3690 2932 βασιλεῖ’
3725 2865 3823 2912 Καὶ

396 2950 510 3005 soli
558 2949 652 3004 his
699 2945 1222 3003 exhortationibus
1275 2946 1548 3014 aderant,
1608 2945 1715 3000 sed
1773 2945 2055 3002 mulieres

2164 2947 2331 2999 πολλοὶ
2347 2952 2437 3021 μὲν
2469 2949 2566 3021 ἐγὼ
2599 2959 2818 3002 τοιαῦτα
2836 2947 2916 3002 εἷδ
2921 2970 2993 3015 ον,
3025 2949 3187 3002 πολλὰ
3212 2946 3270 3001 δὲ
3301 2953 3523 3007 ἥκουσα.
3567 2949 3701 3004 Vidi
3719 2964 3824 3004 au-

393 3045 576 3097 etiam
608 3039 846 3111 aliquas
866 3036 1208 3093 interfuisse
1221 3035 2051 3110 probabilissimumvidetur.

394 3131 562 3196 Quod
592 3131 757 3185 enim
787 3126 1039 3183 Basilius
1066 3127 1148 3182 ait
1176 3126 1237 3181 in
1262 3127 1461 3197 prima
1498 3125 2050 3194 lucubratiuncula,

393 3223 724 3277 orationem
747 3235 862 3273 non
883 3219 963 3273 ad
982 3219 1136 3272 solos
1152 3218 1306 3273 viros
1321 3223 1611 3285 spectare,
1627 3233 1760 3273 cum
1774 3217 2054 3272 mulieres

393 3317 448 3367 et
467 3311 613 3379 ipsa:
625 3322 856 3380 quoque
873 3307 1039 3376 apud
1053 3305 1361 3363 Christum
1376 3307 1656 3373 militent,
1671 3306 1733 3361 id
1751 3305 1828 3362 ad
1846 3305 2057 3361 mulie-

391 3415 486 3456 res
509 3397 830 3470 quasdam,
855 3412 991 3467 quae
1025 3395 1327 3462 adessent,
1353 3395 1555 3450 referri
1585 3411 1767 3467 posse
1811 3410 2050 3450 censeo.

391 3491 517 3543 imo
545 3484 811 3564 dubitari
826 3484 925 3540 vix
946 3490 1162 3557 potest,
1185 3483 1330 3556 quin
1344 3483 2055 3556 adessentquoquenon-

390 3576 559 3640 nulli,
581 3576 689 3647 qui
708 3574 1095 3631 matrimonio
1113 3575 1534 3645 jungerentur,
1549 3589 1688 3628 cum
1703 3573 1764 3627 in
1782 3571 2052 3628 secundo

389 3666 686 3741 opusculo
716 3665 800 3722 ita
826 3667 1116 3737 scriptum
1158 3665 1232 3720 sit
1257 3664 1340 3725 (n.
1373 3667 1427 3732 2,
1460 3678 1522 3735 p.
1564 3667 1718 3734 203):
1761 3667 1844 3720 Μὴ
1879 3667 2051 3715 τοίνυν

387 3756 668 3829 ἀναπέσῃς,
705 3752 744 3805 ὧ
770 3756 940 3822 οὗτος,
982 3755 1007 3805 ὁ
1046 3757 1174 3828 πρὸς
1222 3757 1490 3804 κοινωνίαν
1541 3757 1783 3824 γυναικὸς
1827 3772 2053 3826 προτρη-

387 3851 556 3919 μένος,
581 3849 649 3907 ὡς
689 3845 769 3896 ἐπ’
810 3844 1050 3906 ἐξουσίας
1095 3846 1235 3914 ἔχων
1272 3847 1359 3894 τὸν
1407 3848 1606 3916 κόσμον
1653 3841 2045 3916 περιϐαλέσθαι·

385 3936 630 3989 πλειόνων
683 3938 774 4008 κάρ
826 3954 908 3986 σοι
945 3939 1114 3986 πόνων
1157 3938 1246 3984 καὶ
1293 3933 1525 4005 φυλακῆς
1566 3939 1727 4007 χρεία
1770 3938 1899 4007 πρὸς
1952 3937 2048 3989 τὴν

386 4037 481 4090 τῆς
513 4031 775 4101 σωτηρίας
807 4025 1112 4097 ἐπιτυχίαν.
1150 4026 1239 4081 Ne
1278 4026 1470 4096 igitur
1495 4026 1656 4082 deses
1686 4027 1959 4092 exsistas,
2013 4037 2046 4077 ο

387 4125 453 4172 tu
481 4118 588 4188 qui
611 4116 843 4186 elegisti
874 4118 1084 4171 uxoris
1121 4116 1479 4179 societatem,
1523 4117 1699 4186 quasi
1749 4115 2044 4172 mundum

386 4209 672 4277 amplecti
723 4222 900 4276 penes
952 4213 1006 4263 te
1052 4208 1162 4262 sit:
1212 4221 1354 4262 nam
1405 4207 1690 4276 pluribus
1737 4206 2043 4262 laboribus

2164 3044 2277 3094 tem
2310 3041 2645 3110 aliquando
2666 3057 2770 3111 ego
2788 3042 2912 3109 ipse
2932 3055 3113 3110 apum
3131 3046 3394 3096 turmam
3420 3041 3546 3110 lege
3559 3039 3822 3109 quadam

2164 3131 2445 3185 naturali
2468 3131 2849 3197 conductam,
2895 3146 3188 3201 suumque
3229 3145 3426 3200 regem
3465 3134 3702 3185 servato
3729 3145 3825 3184 or-

2163 3217 2302 3274 dine
2330 3211 2690 3289 sequ'entem.
2739 3220 2818 3275 Et
2851 3221 3047 3275 multa
3070 3220 3306 3290 quidem
3337 3220 3492 3275 talia
3531 3235 3635 3289 ego
3689 3234 3826 3274 con-

2163 3309 2352 3378 spexi,
2382 3309 2696 3380 multaque
2716 3309 2958 3364 audivi:
2979 3324 3101 3380 quo
3131 3306 3371 3364 dicendi
3393 3323 3609 3378 genere
3629 3307 3688 3362 in
3711 3307 3825 3380 pri-

2162 3395 2279 3450 mis
2319 3396 2680 3452 delectatum
2726 3397 2907 3452 fuisse
2947 3396 3232 3452 Basilium
3267 3396 3583 3452 manifeste
3621 3400 3822 3452 osten-

2162 3484 2313 3542 dunt
2339 3502 2409 3543 ea
2429 3503 2566 3559 quae
2589 3487 2900 3560 aliquanto
2922 3492 3061 3543 ante
3081 3486 3392 3542 retulimus
3415 3485 3695 3558 exempla
3717 3485 3820 3558 (b).

2163 3575 2270 3632 Ubi
2301 3577 2496 3634 notari
2515 3581 2729 3650 potest,
2763 3578 3114 3650 scriptorem
3144 3577 3491 3634 testimonia
3511 3576 3717 3648 aliqua
3739 3575 3821 3632 ita

2161 3682 2191 3720 e
2223 3666 2540 3738 Scripturis
2573 3666 2861 3738 proferre,
2885 3670 2956 3721 'ut
2994 3666 3296 3721 interdum
3329 3665 3407 3721 ad
3447 3664 3818 3721 movendum

2157 3754 2441 3811 lectorem
2463 3755 2749 3811 adverbia
2765 3754 3050 3827 qusedam
3070 3753 3381 3825 adjungat.
3405 3754 3538 3817 Sed,
3555 3770 3676 3826 quo
3696 3770 3818 3809 me-

2157 3845 2274 3900 lius
2315 3845 2446 3900 hzec
2475 3845 2900 3914 intelligantur,
2943 3844 3282 3901 audiendus
3307 3849 3395 3900 est
3424 3849 3634 3900 auctor
3661 3844 3813 3916 ipse.

2158 3935 2245 3990 Ita
2273 3933 2451 4005 igitur
2477 3933 2746 4006 loquitur
2764 3933 2967 3990 libello
2988 3935 3072 3988 De
3082 3934 3312 4003 judicio
3332 3935 3443 3990 Dei
3463 3937 3626 4006 (pag.
3654 3939 3812 4000 216):

2155 4022 2347 4084 ’Λπλῆς
2381 4019 2439 4075 δὲ
2471 4019 2704 4084 διανοίας
2752 4026 2882 4096 μετὰ
2932 4022 3233 4097 παρρησίας
3286 4023 3463 4090 εἰπεῖν,
3515 4025 3594 4075 ὅτι
3638 4029 3819 4097 κρατεί

2156 4113 2263 4165 ἐκεῖ
2290 4117 2377 4164 καὶ
2417 4111 2684 4185 βασιλεύει
2717 4117 2775 4165 τὸ
2825 4122 2920 4175 τῆς
2974 4117 3167 4185 σαρκὸς
3214 4119 3470 4187 φρόνημα,
3531 4117 3664 4165 κατὰ
3719 4118 3814 4172 τὴν

2153 4210 2245 4254 τοῦ
2301 4201 2622 4254 Ἀποστόλου
2681 4207 2870 4274 φωνὴν,
2938 4202 3171 4274 λέγοντος
3219 4206 3310 4275 μὲν
3387 4206 3682 4277 ὁριστικὼς,
3733 4205 3813 4256 ὄτι

383 4303 441 4354 et
465 4297 740 4354 custodia
769 4311 1002 4366 majore
1032 4297 1144 4352 tibi
1169 4311 1318 4366 opus
1349 4301 1435 4352 est
1466 4297 1549 4352 ad
1579 4295 2040 4354 obtinenendam

2164 4298 2221 4364 ᾩ
2266 4293 2610 4365 παριστάνετε
2670 4291 2884 4353 ἑαυτοὺς
2939 4289 3158 4353 δούλους
3225 4292 3295 4354 εἰς
3363 4294 3620 4365 ὑπακοὴν,
3683 4290 3812 4346 δοῦ-

385 4385 664 4441 salutem.

382 4479 410 4544 §
439 4479 524 4532 XI.
559 4477 712 4540 Pars,
735 4476 1021 4540 secunda,
1049 4475 1122 4532 de
1151 4481 1398 4532 auctore
1423 4475 1768 4532 libellorum
1791 4479 1870 4532 De
1884 4475 2043 4548 judi-

454 4565 547 4620 cio
582 4565 684 4620 Dei
713 4571 766 4622 et
794 4568 874 4620 De
921 4564 1065 4632 ﬁde,
1113 4567 1371 4638 itemque
1418 4566 1491 4622 de
1538 4565 1846 4622 Moralium
1893 4569 2041 4623 scri-

445 4661 646 4724 ptore.

432 4749 539 4800 '30.
575 4744 778 4799 Prmvii
807 4743 890 4799 illi
920 4747 1234 4813 tractatus,
1267 4745 1343 4800 de
1372 4744 1598 4817 quibus
1629 4760 1793 4800 nunc
1832 4745 2041 4818 dispu-

379 4834 666 4902 tavimus,
706 4834 947 4905 proprie
977 4834 1055 4889 ad
1083 4834 1352 4891 Ascetica
1393 4850 1518 4890 non
1548 4835 1880 4906 pertinent:
1934 4834 2039 4891 sed

379 4923 534 4978 duos
577 4921 836 4988 libellos,
883 4938 1148 4994 quorum
1198 4922 1258 4976 in
1319 4939 1442 4978 uno
1499 4923 1909 4980 disserebatur
1954 4926 2041 4981 De

369 5011 606 5081 judicio
634 5012 763 5079 Dei,
804 5011 865 5066 in
897 5011 1084 5067 altero
1129 5012 1216 5066 De
1250 5012 1389 5079 ﬁde,
1440 5011 1519 5066 ad
1566 5028 1639 5067 ea
1679 5013 2039 5083 pertinuisse

377 5100 553 5156 docet
567 5100 1073 5172 locupletissimus
1087 5106 1298 5156 auctor
1318 5101 1439 5156 Pho
1449 5101 1563 5156 tius
1576 5103 1683 5173 (a).
1705 5102 1818 5158 Sed
1839 5103 2040 5159 nescio

375 5189 687 5262 quomodo
717 5190 988 5260 contigit,
1017 5193 1084 5246 ut
1103 5189 1326 5246 horum
1353 5194 1724 5248 tractatuum
1773 5193 1926 5249 ordo
1978 5193 2040 5250 in

484 5370 532 5404 ²⁶
573 5371 744 5427 Rom.
777 5387 860 5442 vx,
895 5371 984 5428 i6.

483 5549 567 5621 (a)
604 5549 748 5607 Cod.
775 5566 896 5622 xu,
928 5566 1072 5624 pag.
1102 5554 1231 5613 403.

2153 4382 2233 4434 λοί
2291 4382 2406 4434 ἐστε
2465 4381 2504 4452 ᾧ
2555 4383 2860 4451 ὑπακούετε,
2924 4378 3210 4444 διεξιόντος
3269 4392 3445 4455 σαφῶς
3498 4391 3589 4436 τοῦ
3642 4386 3812 4436 τοιού-

2150 4492 2242 4524 του
2274 4479 2592 4547 φρονήματος
2641 4475 2706 4525 τὰ
2763 4471 3118 4546 ἰδιώματι...
3174 4470 3521 4536 διδάσκοντος
3583 4471 3642 4527 δὲ
3700 4476 3810 4547 οἶμα

2149 4562 2510 4635 ἀποφαντικώς
2549 4568 2692 4616 τότε
2745 4563 2976 4635 χαλεπὸν
3023 4565 3191 4616 αὐτῶν
3230 4573 3324 4625 τῆς
3387 4564 3666 4630 ἐκϐάσεως,
3718 4569 3806 4616 καὶ

2149 4658 2205 4706 τὸ
2237 4653 2577 4713 ἀκοινώνητον
2628 4658 2757 4728 πρὸς
2801 4654 3111 4710 θεοσέϐειαν.
3161 4655 3283 4712 Sed
3324 4656 3574 4725 ingenui
3617 4654 3811 4712 animi

2145 4745 2333 4815 fuerit
2362 4746 2622 4814 ﬁdenter
2660 4746 2997 4815 afﬁrmare,
3050 4746 3181 4801 illic
3224 4746 3532 4802 dominari
3581 4760 3654 4802 ac
3717 4760 3806 4802 re-

2145 4851 2336 4906 gnare
2359 4836 2563 4891 carnis
2603 4836 2905 4905 affectum,
2938 4837 3129 4904 juxta
3175 4836 3334 4892 hanc
3388 4835 3669 4904 Apostoli
3713 4851 3808 4891 vo-

2148 4940 2292 4994 cem,
2324 4925 2430 4995 qui
2452 4926 2537 4980 ait
2566 4925 2803 4994 quidem
2835 4924 3005 4979 modo
3033 4925 3385 4992 decretorio,
3441 4948 3468 4974 ‹‹
3504 4926 3620 4982 Cui
3640 4926 3806 4981 exhi-

2150 5015 2294 5071 betis
2324 5030 2422 5070 vos
2457 5030 2656 5070 servos
2688 5015 2768 5071 ad
2816 5015 3230 5081 obediendum,
3271 5015 3430 5071 servi
3466 5017 3601 5071 estis
3653 5018 3803 5084 ejus,

2148 5107 2244 5161 cui
2272 5104 2611 5176 obeditis",
2640 5127 2668 5153 »
2719 5107 2979 5161 recenset
3020 5120 3157 5161 vero
3191 5107 3510 5175 perspicue
3557 5105 3808 5174 hujusce

2147 5195 2398 5264 a/fectus
2419 5195 2922 5266 proprietates....
2955 5195 3248 5266 simulque
3275 5195 3490 5251 horum
3521 5195 3804 5251 vitiorum

2250 5552 2324 5636 (b)
2369 5563 2521 5636 Lege
2549 5578 2612 5623 n.
2645 5554 2736 5622 29.
