4092 6410
470 350 538 403 75
1067 342 1072 347 '
1975 335 2369 395 PREFATIO.
3810 344 3880 400 76

462 471 624 527 diam
655 483 728 527 ac
755 468 1123 537 seditionem,
1151 468 1408 539 itemque
1454 468 1779 524 multorum
1808 464 2110 536 principa-
2148 469 2195 524 Α
2225 464 2423 520 nostri
2442 465 2584 522 Jesu
2631 467 2868 525 Christi
2909 466 3217 523 mandatis
3268 466 3606 535 adversari,
3656 468 3881 539 Deique

459 567 585 616 tum
624 575 700 617 ex
745 560 914 615 ducis
956 574 1029 615 ac
1067 558 1361 628 principis
1395 557 1635 627 defectu
1667 556 1983 629 proﬁcisci.
2034 555 2116 608 Ex

457 648 681 721 quibus
709 647 900 720 liquet
923 647 1207 703 Basilium
1238 662 1487 703 causam
1509 645 1697 713 illam,
1729 659 1915 717 quam
1943 641 2115 697 dubi-

455 745 593 796 tans
613 738 944 812 quaerebat,
964 737 1209 794 tandem
1228 737 1551 793 invenisse.
1571 736 1744 791 Aliud
1767 739 1969 792 autem
1988 746 2111 788 non

454 828 786 903 quaerebat,
818 831 881 884 ut
907 844 979 883 ex
1009 828 1137 898 ejus
1159 826 1358 883 verbis
1386 830 1571 900 patet,
1602 825 1717 882 nisi
1742 839 1943 881 veram
1974 837 2113 878 cau-

454 937 607 989 sam,
640 935 777 993 quae
805 919 1014 975 turbas
1034 919 1095 973 in
1127 917 1401 974 Ecclesiis
1420 918 1702 974 excitaret
1722 920 1779 972 et
1801 915 1859 970 in
1876 912 2105 983 regnis:

450 1026 640 1083 quam
669 1024 918 1065 causam
944 1022 1069 1064 non
1108 1006 1351 1064 aliunde
1388 1007 1557 1064 nasci
1588 1007 1691 1078 ait,
1722 1021 1909 1079 quam
1940 1001 2106 1076 quod

449 1100 634 1156 duces
657 1115 728 1155 ac
756 1098 1057 1171 principes
1087 1097 1306 1154 desint.
1351 1097 1487 1164 Sed,
1531 1101 1597 1153 ut
1633 1111 1846 1152 verum
1894 1093 2105 1159 fatear,

445 1189 644 1262 primo
674 1192 924 1262 aspectu
963 1187 1118 1243 inest
1141 1188 1338 1258 major
1379 1186 1702 1243 difﬁcultas
1732 1185 1795 1240 in
1836 1184 1932 1255 iis,
1963 1198 2101 1256 quae

442 1279 559 1336 hoc
589 1278 722 1352 ipso
750 1279 811 1335 in
841 1278 975 1334 loco
1005 1277 1229 1351 scripta
1256 1277 1662 1333 inveniuntur.
1712 1278 1848 1331 Haec
1896 1278 2101 1330 autem

442 1374 621 1425 Sunt:
662 1372 738 1422 Τά
766 1372 857 1441 μὲν
881 1377 1083 1443 πρῶτα,
1127 1369 1300 1441 ὥσπερ
1352 1366 1399 1419 ἐν
1449 1366 1606 1440 βαθεῖ
1660 1370 1830 1438 σκότῳ
1887 1361 2095 1437 διῆγον,

438 1464 528 1511 καὶ
558 1460 788 1531 καθάπερ
813 1456 895 1510 ἐπὶ
927 1458 1111 1529 ζυγοῦ,
1138 1459 1263 1510 ποτε
1306 1459 1396 1531 μὲν
1453 1454 1577 1525 ὧδε,
1637 1459 1763 1510 ποτέ
1821 1451 1880 1507 δὲ
1935 1453 2099 1507 ἐκεῖσε

437 1547 667 1623 ἕρῥεπονο
696 1547 850 1599 ἄλλου
880 1546 1067 1610 ἄλλως,
1101 1547 1131 1605 ἢ
1182 1551 1314 1623 πρὸς
1361 1546 1543 1600 ἑαυτὸν
1589 1565 1653 1619 με
1705 1545 1955 1611 ἕλκοντος,
2003 1540 2097 1596 διὰ

431 1641 525 1694 τὴν
555 1637 900 1709 πολυχρόνιον
930 1645 1030 1687 τῶν
1063 1634 1344 1711 ἀνθρώπων
1378 1637 1674 1701 συνήθειαν,
1695 1635 1725 1693 ᾖ
1750 1633 1903 1687 πάλιν
1930 1631 2095 1692 calo);

2222 553 2557 613 Ecclesium
2582 562 2705 614 tam
2744 558 3297 614 immisericorditer
3333 558 3694 626 dilacerare,
3732 563 3880 614 tam-

2222 657 2336 713 que
2362 646 2691 704 crudeliter
2719 647 3045 703 obturbare
3081 649 3212 716 ejus
3239 662 3498 718 gregem,
3543 651 3609 703 ut
3655 647 3878 703 exortis

2220 731 2542 806 Anomazis,
2571 750 2753 801 nunc,
2794 738 2849 793 si
2869 752 3135 809 unquam
3162 737 3340 806 alias,
3370 738 3434 792 in
3466 737 3609 807 ipsis
3645 750 3879 808 quoque

2217 822 2549 893 impleatur
2576 826 2775 883 illud:
2832 847 2860 877 «
2888 828 2987 883 Ex
3014 826 3173 883 vobis
3222 827 3360 896 ipsis
3416 831 3713 897 exurgent
3758 825 3881 881 viri

2220 911 2520 983 loquentes
2547 930 2849 987 perversa,
2907 921 2972 971 ut
3011 916 3319 972 abducant
3375 916 3703 986 discipulos
3740 919 3877 985 post

2214 1014 2276 1056 se
2291 1001 2362 1056 ³⁷.
2393 1022 2421 1051 ››
2467 1002 2573 1058 Cui
2619 1004 2780 1059 enim
2820 1003 3170 1076 persuaderi
3199 1003 3433 1078 poterit,
3484 1002 3770 1059 Basilium
3810 1001 3874 1059 in

2213 1089 2559 1162 opinionem
2581 1092 2978 1166 propendisse
3000 1109 3233 1163 eorum,
3264 1108 3421 1166 quos
3443 1092 3667 1150 videret
3692 1091 3873 1149 simul

2212 1184 2269 1237 et
2293 1180 2682 1239 adversantes
2708 1183 3013 1241 mandatis
3032 1184 3269 1241 Domini
3282 1184 3468 1240 nostri
3485 1187 3623 1240 Jesu
3635 1182 3870 1248 Christi,

2211 1274 2268 1327 et
2289 1269 2840 1330 immisericorditer
2866 1272 3263 1331 dilacerantes
3294 1274 3396 1330 Dei
3436 1272 3783 1341 Ecclesium,
3814 1275 3872 1329 et

2209 1359 2528 1417 crudeliter
2550 1361 2941 1419 obturbantes
2970 1362 3100 1434 ejus
3130 1377 3374 1432 gregem
3399 1361 3428 1418 ?
3451 1365 3586 1434 Ipsa
3605 1364 3743 1417 sunt
3766 1363 3870 1417 Ba-

2208 1448 2321 1504 silii
2347 1449 2555 1507 verba.
2586 1450 2904 1525 Reliquum
2934 1456 3023 1508 est
3067 1451 3250 1523 igitur
3301 1456 3369 1508 ut
3419 1451 3667 1508 Basilius
3718 1466 3867 1524 quo-
3902 1452 3912 1462 '

2206 1537 2539 1597 dammodo
2558 1555 2930 1614 propensum
2952 1557 3017 1598 se
3038 1541 3293 1597 senserit
3312 1552 3392 1597 an
3413 1539 3866 1613 amplectendas

2202 1633 2409 1702 partes
2457 1629 2892 1701 quorumdam,
2942 1631 3069 1704 qui-
3095 1631 3334 1704 pietatis
3383 1630 3769 1687 simulatione
3808 1635 3867 1687 et

431 1724 800 1799 ἀπωθουμένου
828 1723 862 1779 δ
870 1729 922 1778 ιά
949 1730 1044 1784 τὴν
1076 1724 1124 1777 ἐν
1153 1733 1269 1788 ταῖς
1297 1728 1460 1788 θείαις
1485 1732 1714 1799 Γραφαῖς
1744 1723 2091 1795 ἐπιγινωσκο-

2201 1719 2446 1775 nomine
2472 1735 2680 1777 veram
2700 1721 2886 1777 ﬁdem
2917 1723 3089 1795 sequi
3117 1726 3493 1795 putarentur.
3527 1723 3697 1777 Nunc
3725 1736 3864 1795 quas

428 1820 585 1888 μένην
617 1814 875 1875 ἀλήθειαν.
903 1816 1180 1872 Primum
1206 1816 1445 1886 quidem
1473 1815 1648 1887 quasi
1676 1816 1739 1870 in
1764 1811 2092 1884 profundis

428 1904 688 1961 tenebris
723 1905 1031 1975 degebam,
1065 1910 1120 1960 et
1151 1910 1442 1978 tanquam
1483 1906 1547 1960 in
1595 1909 1829 1960 statera
1871 1902 2091 1959 consti-

428 2000 617 2064 tutus,
646 1995 820 2050 modo
852 1994 992 2062 huc,
1024 1995 1199 2051 modo
1238 1995 1392 2051 illuc
1420 1993 1895 2064 propendebam,
1930 1991 2091 2064 quod

425 2085 587 2141 alius
627 2085 750 2141 alio
779 2089 888 2141 aut
921 2085 1003 2141 ad
1040 2085 1296 2154 seipsum
1334 2084 1601 2141 traheret
1636 2098 1748 2149 me,
1799 2081 1870 2137 ob
1908 2082 2088 2137 diuti-

422 2189 565 2231 nam
625 2175 935 2231 hominum
986 2175 1499 2246 consuetudinem,
1553 2179 1660 2231 aut
1703 2187 1918 2229 rursus
1962 2172 2085 2229 alio

418 2264 808 2335 propelleret,
857 2264 931 2321 ob
974 2279 1105 2321 eam
1162 2279 1343 2336 quam
1373 2266 1437 2321 in
1465 2263 1691 2319 divinis
1745 2263 2084 2331 Scripturis

420 2355 795 2425 agnovissem
825 2355 1176 2411 veritatem:
1225 2353 1331 2410 sed
1359 2357 1568 2410 tamen
1606 2367 1683 2408 ne
1712 2352 1810 2409 hic
1834 2350 2083 2424 quidem

417 2442 591 2499 locus
617 2443 695 2500 ad
723 2442 1169 2515 expediendum
1189 2441 1447 2499 difﬁcilis
1469 2445 1577 2499 est.
1602 2445 1730 2498 Non
1756 2440 1917 2497 enim
1941 2440 2084 2497 inde

420 2530 619 2603 colligi
648 2535 863 2604 potest,
899 2531 1185 2588 Basilium
1214 2531 1277 2588 in
1303 2531 1581 2588 haeresim
1619 2545 1894 2604 unquam
1940 2544 2081 2602 pro-

418 2621 724 2695 pendisse,
748 2620 855 2677 sed
876 2620 1076 2678 solum
1094 2621 1156 2678 in
1173 2621 1238 2677 id
1258 2621 1721 2695 quodammodo
1736 2619 2081 2689 inclinasse,

418 2714 486 2767 ut
514 2714 716 2784 partes
767 2712 1095 2784 susciperet
1131 2710 1565 2784 quorumdam,
1598 2709 1703 2784 qui
1754 2709 1837 2767 ita
1887 2708 2083 2766 callidi

419 2804 590 2856 erant
617 2804 676 2857 et
692 2800 895 2873 astuti,
921 2805 988 2856 ut
1013 2800 1162 2857 dum
1186 2815 1397 2857 veram
1416 2799 1600 2857 ﬁdem
1632 2801 2079 2873 oppugnarent,

420 2904 554 2946 eam
574 2893 778 2945 tamen
798 2872 1089 2962 speciosis
1107 2889 1307 2946 verbis
1328 2888 1477 2946 tueri
1499 2872 1857 2946 viderentur.
1873 2872 2083 2945 Callicli

2201 1823 2317 1865 vox
2340 1808 2442 1865 illa
2472 1809 2567 1883 sit,
2591 1826 2780 1884 quam
2805 1815 3014 1867 auctor
3032 1811 3107 1868 de
3129 1811 3426 1868 industria
3445 1810 3757 1867 reticuisse
3777 1810 3865 1868 di-

2199 1898 2372 1965 citur,
2395 1915 2468 1955 ex
2483 1899 2616 1973 ipso
2633 1900 2991 1957 Combeﬁsio
3005 1900 3329 1958 audiamus
3346 1902 3447 1962 (α).
3472 1900 3564 1957 Sic
3580 1900 3761 1971 igitur
3778 1899 3863 1958 lo-

2198 1989 2402 2062 quitur
2420 1990 2482 2046 in
2494 2005 2605 2047 suo
2622 1992 2856 2048 Basilio
2873 1992 3191 2049 recensita:
3207 1992 3377 2060 Quod
3390 1992 3560 2061 dicit,
3574 1992 3748 2048 initio
3756 2006 3863 2061 pa-

2196 2079 2373 2149 ginas,
2399 2082 2584 2150 possit
2608 2081 2921 2138 Theodosii
2948 2087 3216 2151 tempora
3262 2083 3579 2152 respicere,
3615 2081 3860 2153 quando

2193 2169 2525 2240 plurimum
2547 2186 2883 2242 compressa
2903 2173 2949 2227 Α
2962 2188 3096 2229 nom
3106 2187 3329 2229 (eorum
3353 2171 3595 2230 hteresis
3615 2173 3860 2230 etAria-

2196 2273 2298 2328 na,
2322 2265 2391 2315 ut
2406 2261 2491 2316 sic
2505 2261 2708 2332 palam
2735 2262 2912 2331 ﬁdem
2932 2266 3160 2319 sancta:
3198 2262 3513 2318 Trinitatis
3548 2263 3859 2331 proﬁtere-

2196 2354 2318 2417 tur,
2341 2351 2447 2422 qui
2464 2352 2551 2407 ita
2572 2353 2728 2409 alias
2747 2354 2811 2408 in
2833 2367 2901 2409 ea
2924 2354 3284 2411 vacillasset.
3315 2351 3470 2420 Quin
3494 2358 3551 2409 et
3571 2354 3856 2425 ὁμοουσίου

2193 2452 2392 2495 vocem
2412 2439 2611 2495 studio
2632 2440 2896 2513 dataque
2916 2457 3121 2512 opera,
3146 2447 3271 2498 tota
3300 2442 3414 2498 hac
3432 2456 3544 2497 sua
3579 2442 3724 2511 ﬁdei
3758 2457 3858 2499 ea:-

2191 2529 2550 2598 planatione
2566 2534 2981 2602 suppressisse,
3023 2532 3105 2589 ad
3139 2534 3444 2589 mitiorum
3482 2534 3853 2590 Arianorum

2193 2618 2620 2677 declinandam
2641 2622 2955 2678 invidiam.
2987 2622 3122 2678 Vult
3146 2621 3325 2693 igitur
3351 2622 3738 2678 doctissimus
3763 2622 3857 2679 vir

2195 2709 2613 2780 Combeﬁsius,
2638 2711 3017 2768 Eustathium
3037 2711 3260 2768 idcirco
3274 2711 3415 2768 data
3434 2728 3621 2786 Opera
3638 2728 3855 2769 vocem

2194 2799 2472 2871 ὁμοούσιος
2537 2799 2601 2856 in
2664 2804 2794 2858 tota
2852 2817 2965 2858 sua
3013 2801 3153 2858 ﬁdei
3200 2801 3573 2875 professione
3621 2802 3855 2859 silentio

2192 2888 2567 2960 preeteriisse,
2600 2893 2667 2946 ut
2696 2889 2955 2960 gratiam
2991 2890 3297 2947 mitiorum
3335 2890 3691 2948 Arianorum
3738 2890 3857 2947 sibi

419 2984 625 3036 autem
653 2978 736 3035 illi
768 2994 892 3035 non
918 2979 1018 3035 alii
1043 2978 1228 3035 fuisse
1255 2978 1418 3036 credi
1447 2985 1721 3053 possunt,
1753 2994 1943 3051 quam
1969 2980 2081 3033 Eu-
2122 2995 2163 3052 ρ
2193 2977 2576 3035 conciliaret:
2608 2979 2718 3037 sed
2746 2980 3079 3053 permirum
3102 2980 3287 3037 videri
3312 2981 3513 3049 debet,
3544 2981 3857 3038 hominem

421 3069 677 3126 stathius
697 3069 826 3141 ipse
846 3068 1127 3141 illiusque
1148 3067 1448 3141 discipuli.
1473 3071 1605 3125 Haec
1626 3068 1831 3138 verba,
1859 3067 1931 3123 ob
1953 3067 2083 3123 diu-

421 3160 615 3215 tinam
650 3159 961 3215 hominum
991 3159 1505 3221 consuetudinem,
1545 3156 1795 3225 faciunt,
1828 3162 1892 3213 ut
1920 3156 2085 3213 hunc

420 3248 625 3306 locum
662 3248 746 3305 ita
772 3248 1235 3319 intelligendum
1266 3263 1399 3304 esse
1424 3248 1710 3321 suspicer.
1745 3251 1895 3304 Nam
1925 3246 2086 3304 Basi-

422 3338 572 3395 lium
600 3338 906 3395 Eustathio
935 3338 1043 3394 diu
1067 3338 1443 3395 familiariter
1470 3354 1650 3394 usum
1675 3353 1805 3394 esse
1833 3337 2083 3408 nemini,

424 3427 531 3501 qui
550 3427 803 3501 paulum
829 3427 1015 3484 modo
1045 3427 1107 3483 in
1125 3427 1372 3484 historia
1391 3426 1792 3484 ecclesiastica
1813 3431 2087 3483 versatus

427 3519 521 3588 sit,
553 3518 830 3589 ignotum
862 3521 969 3573 est.
1017 3518 1189 3583 Quod
1217 3521 1421 3574 autem
1450 3517 1594 3583 dixi,
1627 3516 1911 3574 Basilium
1934 3532 2089 3573 nun-

427 3623 617 3680 quam
644 3608 705 3664 in
735 3608 1011 3665 haeresim
1047 3606 1466 3681 propendisse,
1517 3606 1626 3663 sed
1669 3607 1869 3663 solum
1910 3605 2090 3680 quasi

426 3693 744 3766 paululum
776 3698 1155 3750 commotum
1203 3692 1390 3750 fuisse
1421 3692 1499 3749 ad
1538 3692 1894 3749 callidorum
1938 3706 2089 3766 quo-

425 3782 709 3841 rumdam
737 3783 1055 3840 hominum
1070 3786 1273 3857 partes
1298 3781 1741 3855 suscipiendas,
1762 3782 1838 3838 de
1865 3797 1936 3838 eo
1962 3796 2089 3837 non

429 3877 598 3934 aliter
624 3873 927 3931 videbitur
972 3873 1052 3943 ei,
1097 3872 1223 3945 qui,
1272 3888 1411 3946 quas
1461 3872 1836 3946 praecedunt,
1891 3871 2089 3944 legere

428 3966 702 4023 voluerit.
744 3964 897 4020 Sunt
935 3967 1141 4019 autem
1183 3962 1529 4034 ejusmodi:
1591 3961 1790 4022 Πολλὴν
1836 3980 1954 4015 τινα
1999 3966 2090 4015 καὶ

432 4053 853 4129 ὑπερϐάλλουσαν
926 4058 1019 4112 τήν
1076 4072 1131 4106 τε
1177 4057 1309 4126 πρὸς
1363 4050 1615 4114 ἀλλήλους
1666 4058 1756 4106 καὶ
1807 4058 1901 4111 τὴν
1958 4055 2090 4126 πρὸς

430 4150 525 4210 τὰς
584 4148 723 4208 θείας
777 4147 984 4219 Γραφάς
1032 4140 1319 4217 διαφωνίαν
1375 4152 1477 4195 τῶν
1550 4143 1748 4197 πολλῶν
1818 4142 2088 4217 ἐθεώρουν·

2192 3069 2558 3141 caeteroquin
2614 3070 2676 3125 in
2717 3069 3021 3142 ejusmodi
3067 3070 3249 3128 rebus
3298 3070 3856 3142 diligentissimum,

2191 3173 2385 3230 usque
2398 3158 2553 3215 adeo
2563 3160 2705 3232 praej
2715 3160 2957 3217 udicata
2969 3160 3254 3234 opinione
3275 3161 3653 3219 obcaecatum
3674 3161 3860 3217 fuisse

2177 3250 2261 3304 .ut
2277 3262 2403 3303 non
2426 3248 2656 3306 videret
2674 3266 2813 3322 quin
2833 3249 3075 3321 legeret.
3098 3253 3272 3323 Nam,
3294 3254 3359 3308 ut
3371 3251 3501 3322 jam
3522 3251 3754 3322 monui,
3777 3249 3863 3307 ita

2192 3332 2256 3391 in
2281 3336 2394 3393 hac
2424 3336 2565 3394 ﬁdei
2588 3339 2965 3411 professione
2993 3340 3284 3414 scriptum
3311 3340 3650 3397 invenitur:
3707 3340 3863 3393 Οὕτω

2196 3434 2497 3500 φρονοῦμεν,
2538 3433 2623 3481 κοὶ
2665 3429 2799 3481 οὕτω
2844 3428 3137 3503 βαπίξομεν
3183 3430 3256 3493 εἰς
3302 3427 3510 3505 Τριάδα
3558 3431 3856 3503 ὁμοούσιον.

2194 3515 2295 3572 Sic
2315 3518 2617 3589 sentimus,
2637 3521 2839 3592 sicque
2860 3520 3235 3590 baptizamus
3273 3521 3336 3577 in
3379 3520 3679 3577 Trinitate
3718 3535 3862 3577 con-

2194 3605 2604 3665 substantiali.
2627 3607 2743 3665 Sed
2763 3607 2980 3665 demus
3010 3624 3221 3666 vocem
3253 3611 3534 3682 ὀμοούσὶος
3559 3608 3622 3666 in
3653 3609 3770 3667 hac
3790 3609 3862 3667 ﬁ-

2195 3694 2296 3752 dei
2320 3695 2694 3769 professione
2725 3697 2805 3755 ab
2834 3702 3081 3755 auctore
3128 3699 3597 3772 praetermissam
3645 3698 3857 3758 fuisse.

2196 3784 2351 3849 Quid
2372 3790 2499 3842 tum
2521 3789 2549 3842 ?
2579 3786 2861 3843 Basiliam
2882 3786 3041 3844 illius
3061 3792 3372 3845 auctorem
3394 3805 3519 3846 non
3547 3805 3679 3847 esse
3698 3792 3726 3847 ?
3752 3789 3861 3847 sed

2196 3873 2261 3930 id
2286 3873 2430 3931 inde
2459 3875 2707 3931 minime
2738 3875 3027 3949 sequitur.
3061 3876 3324 3951 Scriptor
3356 3879 3539 3947 enim,
3579 3878 3859 3953 quisquis

2197 3966 2309 4035 est,
2337 3964 2421 4021 ita
2452 3963 2528 4021 de
2574 3964 2859 4023 Trinitate
2900 3966 3169 4040 loquitur
3215 3971 3383 4035 (tom.
3415 3971 3484 4040 ΙΙ,
3532 3982 3706 4026 nove
3735 3968 3861 4041 ed.,

2197 4069 2347 4129 pag.
2380 4056 2528 4126 228),
2560 4054 2709 4112 utin
2734 4070 2808 4113 ea
2835 4055 2986 4112 nihil
3014 4055 3349 4129 diversum,
3375 4057 3545 4132 quod
3570 4058 3650 4116 ad
3687 4060 3863 4117 natu-

2197 4158 2333 4203 ram
2362 4148 2591 4215 attinet,
2624 4151 2951 4216 agnoscat;
3003 4147 3113 4204 sed
3140 4148 3203 4205 in
3240 4148 3379 4222 ipsa
3404 4149 3682 4208 admittat
3709 4148 3866 4206 dun-

431 4241 524 4289 καὶ
553 4239 611 4289 τὸ
643 4232 1087 4310 φρικωδέστατον,
1145 4233 1335 4296 αὐτοὺς
1380 4237 1503 4296 τοὺς
1547 4241 1881 4308 προεστῶτας
1929 4233 2092 4296 αὐτῆς

2200 4239 2365 4293 taxat
2382 4235 2777 4310 proprietates
2800 4236 3125 4310 quasdam,
3155 4253 3310 4311 quas
3333 4238 3415 4296 ait
3437 4254 3711 4297 seorsum
3732 4240 3865 4297 uni-

433 4326 482 4378 ἐν
530 4328 762 4398 τοσαύτῃ
809 4327 898 4397 μὲν
942 4332 1005 4396 τῇ
1054 4326 1184 4398 πρὸς
1227 4323 1481 4385 ἀλλήλους
1528 4320 1758 4398 διαφορᾷ
1796 4329 2010 4397 γνώμης
2038 4344 2093 4379 τε

430 4421 522 4469 καὶ
552 4413 715 4478 δόξης
740 4416 1093 4479 καθεστῶτας,
1138 4416 1369 4487 τοσαύτῃ
1422 4410 1482 4466 δὲ
1528 4421 1589 4487 τῇ
1640 4418 1772 4487 πρὸς
1818 4417 1912 4476 τάς
1958 4413 2093 4468 ἐντο-

431 4506 525 4569 λάς
551 4514 644 4559 τοῦ
672 4508 867 4579 Κυρίου
897 4505 1043 4576 ἡμῶν
1079 4500 1254 4561 Ἰησοῦ
1299 4511 1536 4578 Χριστοῦ
1585 4502 1906 4562 ἐναντιότητι
1948 4523 2092 4578 χρω-

431 4602 634 4672 μένους,
661 4600 752 4648 καὶ
781 4591 1117 4655 διασπῶντας
1146 4597 1235 4667 μὲν
1266 4592 1489 4654 ἀνηλεῶς
1518 4598 1612 4652 τὴν
1658 4593 1969 4652 Ἐκκλησίαν
1997 4602 2090 4647 τοῦ

435 4696 590 4755 Θεοῦ,
619 4685 1041 4761 ἐκταράσσοντας
1080 4681 1139 4737 δὲ
1165 4680 1393 4757 ἀφειδῶς
1417 4687 1475 4736 τὸ
1505 4688 1744 4756 ποίμνιον
1792 4683 1973 4753 αὐτοῦ,
2023 4688 2092 4748 ὡς

432 4784 523 4831 καὶ
553 4777 601 4830 ἐν
631 4777 810 4837 αὐτοῖς
838 4774 1171 4849 πληροῦσθαι
1199 4781 1308 4840 νῦν,
1338 4777 1475 4849 εἰπερ
1503 4777 1645 4841 ποτε,
1675 4782 1775 4825 τῶν
1830 4780 2091 4848 Ανομοίων

434 4867 764 4940 ὲπιφυέντων,
796 4869 875 4931 τὸ,
909 4866 990 4917 ὅτι
1017 4863 1100 4926 Ἐξ
1129 4864 1272 4935 ὑμῶν
1304 4863 1471 4915 αὐτῶν
1493 4861 1882 4921 ἀναστήσονται
1904 4861 2091 4938 ἄνδρες

432 4956 703 5029 καλοῦντες
747 4951 1156 5029 διεστραμμένα,
1225 4960 1316 5005 τοῦ
1379 4951 1622 5024 ἀποσπᾷν
1683 4958 1805 5017 τοὺς
1849 4956 2091 5027 μαθητὰς

433 5046 602 5100 ὀπίσω
644 5046 834 5101 αὐτῶν.
892 5045 1117 5101 Multos
1159 5044 1432 5100 videbam
1472 5050 1529 5100 et
1574 5045 1734 5101 inter
1767 5060 1847 5110 se,
1909 5051 1965 5103 et
2023 5047 2090 5103 in

430 5138 654 5196 divinis
686 5136 905 5193 litteris
936 5133 1349 5203 intelligendis
1392 5134 1572 5190 valde
1601 5134 1924 5193 admodum
1963 5135 2089 5193 dis-

426 5228 667 5285 sentire.
695 5227 774 5281 Et
798 5223 962 5297 quod
987 5223 1254 5280 maxime
1273 5221 1637 5279 horrendum
1669 5229 1773 5291 est,
1816 5225 2089 5283 videbam

425 5317 583 5387 ipsos
607 5316 896 5373 Ecclesiae
916 5312 1234 5384 praefectos
1271 5312 1335 5368 in
1363 5317 1538 5369 tanta
1566 5314 1729 5371 inter
1752 5329 1814 5370 se
1858 5321 2091 5373 senten-

425 5408 525 5465 tia
544 5422 617 5465 ac
644 5405 941 5477 opinionis
956 5403 1299 5460 diversitate
1313 5403 1619 5475 constitui,
1633 5404 1833 5477 sicque
1846 5406 2098 5465 Domini

526 5532 573 5569 ³⁷
614 5534 743 5588 Act.
776 5545 878 5600 xx,
912 5531 1003 5587 30.

526 5657 613 5735 (a)
642 5654 911 5717 Combef.
946 5659 1090 5718 tom.
1115 5656 1183 5730 II,
1211 5671 1274 5732 p.
1311 5658 1434 5715 129.

2200 4324 2418 4399 cuique
2437 4340 2713 4398 personas
2741 4325 3081 4384 convenire.
3105 4327 3219 4384 Sed
3239 4327 3579 4385 audiendus
3599 4334 3690 4387 est
3708 4330 3860 4403 ipse.

2200 4415 2362 4471 Illius
2398 4415 2579 4488 igitur
2613 4416 2743 4472 11th
2773 4421 2957 4474 sunt:
3016 4416 3269 4471 Ἐκάστου
3321 4417 3572 4491 ὀνόματος
3618 4423 3714 4480 τὴν
3766 4429 3862 4475 τοῦ

2202 4504 2581 4579 ὀνομαζομένου
2624 4502 2870 4565 ἰδιότητα
2915 4515 3091 4579 σαφῶς
3122 4510 3247 4581 ἡμῖν
3289 4503 3727 4584 διευκρινοῦντος,
3770 4515 3863 4564 καὶ

2198 4595 2318 4664 περὶ
2350 4590 2569 4644 ἑκάστου
2599 4600 2699 4644 τῶν
2730 4591 3117 4666 ὀνομαζομένων
3146 4595 3351 4656 πάντως
3389 4602 3539 4645 τινῶν
3589 4593 3861 4669 ἔξαιρέτων

2202 4677 2498 4755 ἰδιωμάτων
2552 4681 2776 4744 εὐσεϐῶς
2833 4684 3209 4757 θεωρουμένων·
3267 4690 3360 4735 τοῦ
3411 4686 3501 4757 μεν
3562 4688 3767 4759 Πατρός
3810 4684 3861 4739 ἓν

2197 4792 2270 4844 τῳ
2303 4768 2553 4845 ἰδιώματι
2581 4780 2674 4825 τοῦ
2704 4774 2922 4845 πατρὸς,
2966 4778 3059 4823 τοῦ
3109 4767 3169 4824 δὲ
3214 4772 3339 4825 Υἱοῦ
3388 4771 3436 4825 ἐν
3484 4793 3556 4846 τῳ
3607 4771 3862 4848 ἰδιώματι

2198 4870 2289 4916 τοῦ
2334 4865 2470 4930 υἱοῦ,
2498 4870 2590 4916 τοῦ
2633 4858 2693 4915 δε
2740 4862 2893 4935 ἁγίου
2934 4865 3230 4935 Πνεύματος
3279 4861 3327 4915 ἓν
3369 4882 3441 4935 τῳ
3489 4864 3661 4937 οἰκείῳ
3703 4861 3861 4918 ἰδιω-

2199 4972 2347 5027 ματι.
2407 4952 2641 5008 Nomen
2710 4956 2912 5009 autem
2976 4950 3280 5023 quodlibet
3319 4952 3643 5024 quamdam
3687 4954 3861 5011 illius

2198 5044 2306 5115 qui
2330 5043 2685 5099 nominatur
2712 5041 3144 5112 proprietatem
3190 5042 3359 5098 nobis
3404 5043 3724 5113 manifeste
3763 5059 3863 5101 ea:-

2192 5133 2454 5204 plicat;
2526 5138 2709 5204 atque
2785 5133 2850 5188 in
2941 5147 3302 5205 unoquoque
3383 5135 3859 5205 nominatorum,

2200 5225 2442 5281 omnino
2464 5225 2569 5294 pie
2583 5224 2921 5294 peculiares
2943 5224 3219 5296 quaedam
3244 5225 3649 5295 proprietates
3674 5226 3866 5283 consi-

2200 5314 2522 5385 derantur,
2571 5313 2761 5370 Pater
2806 5314 3045 5386 quidem
3102 5315 3166 5369 in
3203 5316 3584 5386 proprietate
3637 5318 3859 5388 patris,

2200 5405 2398 5464 Filius
2418 5419 2557 5464 vero
2578 5405 2641 5463 in
2669 5405 3046 5477 proprietate
3065 5404 3203 5478 ﬁlii,
3226 5411 3473 5465 sanctus
3503 5412 3703 5465 autem
3722 5406 3862 5478 Spi-
