4092 6388
239 336 437 389 ’77⁹
1773 327 1904 384 ΡΒᾸ

2012 325 2156 382 .ΤΙΟ.
2202 346 2211 351 ί
3606 288 3676 392 ’ίὸ

236 458 397 515 ritus
423 458 491 515 in
517 472 629 516 sua
653 458 840 528 ipsius
864 458 1276 531 proprietate.
1299 455 1528 513 Viderit
1556 468 1700 525 ergo
1731 455 1904 510 Com-

2020 452 2206 527 εύρεῖν,
2236 459 2404 507 ταῦτα
2428 456 2495 516 ὡς
2518 452 2635 517 ξένα
2662 457 2752 508 καί⁵
2783 452 3028 531 ἀλλότρια
3050 463 3144 519 τῆς
3184 456 3425 522 εὐσεϐοῦς
3445 462 3673 524 πίστεως

233 546 506 617 befisius,
533 547 847 620 quomodo
870 546 1014 604 ﬁdei
1042 546 1357 620 professio,
1380 561 1519 619 quae
1544 545 1608 601 in
1626 543 1905 600 Trinitate

235 652 365 695 non
392 642 700 709 naturam,
724 637 833 694 sed
861 636 1169 710 quasdam
1193 634 1620 693 tantummodo
1640 632 1904 707 proprie-

233 730 395 783 tates
439 726 776 798 distinguit,
826 726 1007 783 tribui
1061 725 1255 798 possit
1291 723 1619 794 Eustathio,
1668 723 1776 796 qui
1824 721 1907 778 ad

237 820 597 873 caaterorum
623 815 1193 875 Macedonianorum
1229 814 1630 872 imitationem
1670 816 1903 870 natura:

234 905 612 963 identitatem
639 906 704 963 in
732 905 1009 962 Trinitate
1032 908 1300 976 negaret.
1324 906 1474 961 Cum
1500 907 1703 961 autem
1733 904 1904 960 Com-

234 995 492 1053 beﬁsius
514 995 703 1053 semel
726 996 788 1052 in
813 995 1088 1053 animum
1106 995 1444 1052 induxisset
1460 1010 1659 1058 suum,
1692 1007 1905 1050 vocem

237 1087 519 1158 ὁμοούσιος
578 1085 641 1143 in
687 1086 805 1142 hoc
847 1086 936 1143 De
977 1085 1099 1155 ﬁde
1140 1084 1343 1142 libello
1385 1084 1597 1141 deesse
1637 1083 1802 1155 (tom.
1833 1084 1902 1155 Il,

238 1191 383 1249 pag.
420 1179 569 1246 129),
596 1177 727 1233 haec
756 1174 988 1233 addidit
1020 1193 1032 1229 :
1065 1176 1177 1245 Qui
1202 1176 1322 1246 ipsi
1355 1174 1639 1247 [mitiores
1665 1172 1905 1244 Ariani]

236 1268 329 1325 sic
349 1283 426 1325 ea:
446 1268 614 1338 putis
632 1269 808 1338 puris
823 1266 1160 1338 Scriptura:
1177 1267 1366 1324 verbis
1386 1281 1527 1323 suas
1548 1266 1703 1323 alias
1723 1265 1895 1323 alias-

237 1371 357 1430 que
369 1358 774 1428 professiones
793 1357 1202 1427 adornabant,
1215 1356 1598 1428 Niczsnisque
1615 1353 1907 1411 Patribus

165 1448 173 1457 ’
235 1449 557 1517 probatam
577 1461 796 1516 vocem,
815 1462 937 1519 qua
960 1447 1153 1503 omnis
1178 1461 1376 1503 eorum
1400 1447 1673 1518 ὁμωνυμία
1692 1445 1758 1501 in
1782 1445 1911 1500 Tri.

237 1539 454 1596 nitatis
480 1538 768 1608 mysterio
796 1537 1161 1604 elidebatur,
1191 1535 1574 1606 respuebant,
1610 1548 1793 1606 eoque
1821 1534 1911 1591 in-

238 1633 416 1686 vento
435 1626 811 1698 simplicibus
833 1627 1041 1697 fucum
1073 1625 1385 1696 faciebant
1409 1641 1434 1683 .·
1454 1624 1582 1694 sed,
1601 1640 1739 1680 cum
1762 1639 1907 1680 con-

242 1721 359 1776 stet
383 1732 601 1774 vocem
630 1718 911 1790 ὁμοούσιος
939 1714 1001 1773 in
1028 1715 1147 1772 hac
1174 1714 1318 1771 ﬁdei
1337 1713 1713 1788 professione
1740 1729 1910 1787 repe-

2014 544 2321 597 παντάπασι
2343 546 2943 620 παραιτούμενοςλὶωη
2966 548 3158 618 igitur
3177 549 3460 606 adversus
3483 550 3673 609 haere-

2011 648 2101 690 ses
2124 635 2294 691 vario
2318 640 2575 708 tempore
2599 642 2841 693 exortus
2858 637 3263 709 pugnandum
3293 646 3458 705 esset,
3477 643 3671 712 majo-

2011 738 2150 779 rum
2167 727 2445 796 exempla
2462 731 3089 799 secutus,consequens
3103 742 3224 785 esse
3240 729 3673 803 existimavi,ut

2012 814 2142 883 ejus
2161 829 2292 884 quae
2323 829 2360 871 a
2385 815 2629 872 diabolo
2655 817 2882 873 seritur
2902 817 3226 887 impietatis
3257 818 3467 876 habita
3496 820 3679 877 ratio-

2011 917 2105 973 ne,
2128 917 2227 960 eas
2246 919 2367 977 qua
2391 904 2770 963 inducuntur
2791 906 3191 976 blasphemias
3214 908 3522 965 vocabulis
3543 924 3677 966 con-

2012 993 2217 1048 trariis
2256 994 2603 1066 cohiberem,
2651 1002 2760 1052 aut
2801 997 2983 1053 etiam
3033 1002 3415 1055 everterem:
3441 1003 3493 1055 et
3535 999 3677 1056 aliis

2013 1086 2195 1154 atque
2215 1084 2355 1141 aliis
2380 1085 2575 1141 verbis
2599 1091 2776 1155 prout
2799 1090 3214 1157 mgrotantium
3246 1089 3484 1145 utilitas
3515 1104 3679 1161 coge-

2015 1172 2140 1238 bat,
2178 1179 2422 1246 uterer;
2462 1191 2596 1247 quai
2630 1177 2868 1234 etiamsi
2909 1193 3064 1248 saepe
3109 1194 3231 1235 non
3259 1180 3682 1237 invenirentur

2013 1264 2262 1333 scripta,
2295 1270 2496 1322 tamen
2526 1281 2565 1323 a
2589 1268 2690 1338 pio
2727 1267 3063 1339 Scriptura?
3091 1284 3266 1326 sensu
3304 1286 3425 1326 non
3463 1271 3683 1328 abhor-

2013 1352 2227 1411 rebant
2249 1370 2270 1410 .·
2297 1357 2459 1427 quod
2477 1358 2804 1427 Apostolus
2830 1374 3065 1431 quoque
3085 1375 3204 1416 non
3227 1374 3372 1418 raro
3387 1361 3558 1431 fecit,
3578 1361 3685 1434 qui

2019 1442 2363 1502 Graecorum
2389 1445 2582 1503 verbis
2607 1454 3013 1519 congruenter
3030 1465 3132 1506 suo
3153 1451 3456 1520 proposito
3477 1466 3685 1508 conve-

2015 1533 2364 1605 nienterque
2388 1536 2482 1591 uti
2498 1552 2615 1592 non
2633 1537 2962 1607 fastidivit.
2990 1538 3173 1596 Nunc
3195 1544 3396 1597 autem
3426 1555 3683 1598 commu-

2016 1624 2090 1678 ni
2113 1638 2288 1693 scopo
2306 1630 2430 1681 tam
2456 1630 2664 1682 nostro
2684 1641 2866 1699 quam
2889 1633 3084 1685 vestro
3108 1630 3428 1686 convenire
3439 1631 3681 1703 putavi,

2017 1713 2071 1770 si
2093 1713 2156 1770 in
2186 1729 2350 1771 sanw
2372 1714 2518 1784 ﬁdei
2541 1716 2937 1786 simplicitate
2963 1733 3246 1790 sequerer
3272 1725 3484 1777 vestrae
3510 1721 3684 1777 istius

238 1808 363 1878 riri,
382 1811 579 1865 totum
599 1806 663 1863 id
683 1805 1032 1864 Combeﬁsii
1062 1808 1487 1878 argumentum
1516 1818 1624 1876 per
1645 1819 1710 1861 se
1733 1818 1908 1861 ruere
1938 1808 1985 1864 Β-
2017 1803 2083 1859 in
2102 1803 2358 1860 Christo
2387 1804 2725 1861 dilectionis
2762 1807 3147 1878 mandatum,
3177 1824 3364 1881 eaque
3399 1809 3682 1881 dicerem,

241 1898 468 1969 vident,
498 1896 739 1970 opinor,
770 1911 1007 1953 omnes.
1038 1894 1307 1967 Denique
1336 1911 1476 1952 cum
1509 1892 1906 1951 Combefisius

241 1987 425 2061 paulo
463 1990 603 2060 post
646 1985 956 2043 incidisset
998 1985 1062 2043 in
1101 1984 1224 2042 alia
1268 1985 1371 2042 illa
1404 1984 1681 2056 ejusdem
1722 1982 1907 2041 libelli

241 2076 426 2134 verba
460 2079 633 2148 (tom.
682 2078 729 2131 II
771 2090 948 2132 novre
981 2074 1102 2146 ed.,
1134 2089 1277 2146 pag,
1308 2077 1434 2145 228)
1470 2092 1482 2130 :
1515 2077 1696 2148 Διόπερ
1727 2092 1904 2147 παρα-

242 2167 379 2221 καλῶ
434 2172 527 2220 καὶ
574 2162 762 2239 δέομαι
785 2205 799 2232 ,
857 2168 1225 2238 παυσαμένους
1278 2172 1374 2227 τῆς
1419 2168 1694 2238 περιέργου
1750 2164 1908 2225 ζητήο

246 2276 372 2319 σεως
396 2262 486 2311 καὶ
524 2255 788 2332 ἀπρεποῦς
815 2254 1170 2329 λογομαχίας,
1202 2253 1479 2329 ἀρκεῖσθαι
1517 2262 1627 2316 τοῖς
1664 2257 1766 2308 ὑπὸ
1803 2262 1904 2307 τῶν

244 2345 403 2420 ἁγίων
450 2350 541 2399 καὶ
583 2349 745 2399 αὐτοῦ
786 2352 878 2398 τοῦ
930 2348 1121 2418 Κυρίου
1172 2343 1479 2419 εἰρημένοις,
1522 2344 1906 2414 Quapropter

244 2437 541 2495 adhortor
569 2449 669 2493 vos
694 2440 747 2493 et
768 2450 917 2504 rogo
936 2440 1005 2491 ut
1029 2435 1208 2491 missa
1229 2435 1471 2491 curiosa
1490 2434 1902 2505 inquisitione,

247 2528 576 2600 relictaque
590 2527 894 2584 indecenti
917 2525 1234 2583 verborum
1257 2527 1651 2593 contentione,
1675 2525 1746 2582 iis
1773 2539 1905 2596 quae

246 2632 285 2675 a
321 2619 548 2675 sanctis
584 2622 639 2675 et
669 2619 747 2675 ab
783 2619 915 2687 ipso
959 2617 1218 2673 Domino
1247 2616 1413 2673 dicta
1440 2622 1606 2688 sunt,
1636 2616 1905 2672 contenti

243 2708 395 2777 sitis,
418 2708 501 2764 ita
528 2710 879 2780 persecutus
901 2710 993 2763 est
1017 2724 1031 2760 :
1052 2706 1389 2775 Scriptores
1414 2707 1734 2764 canonicos
1758 2705 1902 2763 velit

242 2802 298 2855 et
324 2798 646 2869 apostolos,
670 2797 753 2853 ad
770 2812 917 2868 quos
946 2812 1096 2853 unos
1117 2803 1430 2867 provocat,
1452 2797 1611 2853 nihil
1630 2798 1782 2854 dans
1812 2801 1902 2856 vel

188 2950 197 2961 ,
237 2888 546 2952 Ecclesia,
574 2887 670 2944 vel
694 2888 974 2956 Patrum,
996 2886 1103 2958 qui
1119 2888 1311 2944 secuti
1333 2893 1496 2951 sunt,
1521 2889 1897 2945 auctoritati.

238 2979 528 3047 Primum,
551 2993 693 3034 cum
724 2977 979 3050 scriptor
1005 2977 1135 3050 ipse
1155 2993 1303 3034 voce
1324 2979 1603 3050 ὁμοούσιος
1622 2994 1772 3034 usus
1798 2978 1893 3042 sit,

235 3067 623 3144 perspicuum
651 3071 742 3123 est
762 3082 901 3123 eum
923 3083 1047 3124 non
1074 3066 1154 3124 ad
1184 3082 1338 3123 unos
1369 3067 1688 3140 scriptores
1714 3083 1896 3124 cano-

2018 1908 2152 1965 quar
2179 1909 2216 1951 a
2244 1909 2415 1951 sacra
2439 1895 2759 1967 Scriptura
2789 1898 3164 1967 accepissem,
3193 1900 3300 1957 sed
3320 1901 3426 1972 sic,
3456 1905 3523 1957 ut
3541 1916 3684 1971 par-

2017 1998 2121 2040 cus
2147 1984 2256 2040 sim
2299 1985 2364 2040 in
2410 1985 2526 2041 illis
2563 1986 2907 2043 nominibus
2946 1993 3005 2045 et
3047 1989 3244 2047 verbis
3287 1991 3681 2061 usurpandis,

2015 2089 2145 2146 qua:
2175 2075 2319 2144 ipsis
2353 2075 2576 2132 litteris
2605 2081 2661 2132 et
2689 2077 2946 2148 syllabis
2986 2079 3051 2135 in
3100 2080 3314 2146 divina
3356 2081 3683 2152 Scriptura

2012 2178 2133 2220 non
2154 2165 2567 2234 reperiuntur,
2584 2164 2824 2224 tametsi
2841 2182 2970 2225 eam
2984 2184 3165 2241 quam
3188 2171 3513 2241 Scriptura
3526 2187 3683 2243 prae-

2011 2254 2136 2323 fert
2161 2256 2521 2312 sententiam
2551 2263 2796 2314 seruant
2821 2273 2844 2313 :
2873 2273 3007 2329 qua
3045 2274 3183 2316 vero
3205 2267 3437 2330 praeter
3463 2262 3679 2319 dictio-

2013 2343 2106 2399 nis
2135 2345 2463 2402 novitatem
2483 2361 2705 2403 novum
2737 2348 2915 2405 etiam
2943 2353 2997 2405 et
3015 2352 3409 2422 peregrinum
3437 2367 3677 2410 sensum

2010 2433 2178 2490 nobis
2199 2435 2497 2505 exhibent,
2531 2452 2781 2510 quaeque
2803 2453 2927 2494 non
2955 2440 3351 2497 inveniuntur
3378 2450 3677 2514 usurpata

2010 2536 2051 2580 a
2074 2527 2321 2597 sanctis,
2345 2542 2413 2584 ea
2434 2528 2528 2583 uti
2548 2528 2878 2600 peregrina
2907 2533 2963 2585 et
2988 2544 3026 2587 a
3051 2530 3160 2600 pia
3180 2531 3301 2600 ﬁde
3325 2533 3530 2590 aliena
3560 2550 3676 2592 om-

2008 2615 2154 2671 nino
2180 2630 2443 2674 averser.
2467 2616 2716 2673 Basilius
2740 2617 3530 2693 igitur,quasipraevidisset
3548 2639 3676 2681 non

2008 2702 2348 2775 defuturos,
2381 2705 2488 2778 qui
2532 2704 2764 2779 aliquot
2791 2724 2919 2765 suae
2960 2708 3354 2781 professionis
3398 2711 3586 2770 verba
3610 2713 3672 2769 in

2007 2795 2234 2852 malam
2261 2800 2499 2868 partem
2527 2795 3083 2869 interpretarentur,
3101 2802 3227 2856 tam
3247 2799 3406 2857 clare
3429 2804 3671 2875 tamque

2006 2885 2269 2942 dilucide
2300 2890 2567 2943 mentem
2593 2903 2769 2943 suam
2788 2887 2907 2945 hoc
2933 2887 3071 2946 loco
3091 2892 3347 2963 aperuit,
3372 2896 3438 2948 ut
3465 2892 3672 2949 omnia

2004 2977 2309 3034 malorum
2364 2975 2760 3049 interpretum
2808 2982 3172 3048 argumenta
3216 2982 3669 3054 praeoccuparit.

2004 3066 2098 3124 Ait
2137 3067 2322 3137 enim,
2365 3082 2448 3136 se,
2486 3082 2627 3123 cum
2660 3068 3086 3137 aegrotandum
3136 3069 3360 3128 utilitas
3407 3076 3668 3153 cogeret,

234 3157 405 3219 nieos
432 3157 1085 3232 provocare.Alioquin
1105 3156 1266 3214 enim
1291 3157 1642 3231 secumipse
1664 3172 1895 3230 pugna-
1925 3171 1967 3228 ς,
2006 3157 2137 3215 aliis
2167 3163 2347 3230 atque
2380 3156 2511 3213 aliis
2535 3156 2738 3214 verbis
2769 3173 2951 3214 usum
2998 3175 3156 3232 esse,
3187 3175 3310 3217 non
3339 3165 3545 3219 tamen
3574 3162 3667 3218 in-

234 3252 344 3319 ret,
382 3264 524 3307 cum
554 3263 704 3304 voce
749 3248 1029 3320 ὁμοούσιος
1070 3251 1312 3304 utatur:
1355 3263 1493 3320 quas
1526 3264 1647 3304 vox
1690 3253 1896 3304 tamen

235 3355 549 3413 nusquam
576 3338 638 3395 in
680 3338 996 3411 Scripturis
1025 3340 1306 3395 occurrit.
1350 3338 1595 3408 Deinde,
1627 3338 1795 3412 quod
1815 3337 1899 3396 ait

233 3444 343 3486 nos
374 3434 682 3486 contentos
711 3443 834 3487 esse
864 3428 1077 3484 debere
1100 3428 1179 3483 iis
1221 3443 1355 3500 quae
1397 3443 1433 3485 a
1471 3430 1700 3485 sanctis
1727 3433 1784 3485 et
1822 3428 1897 3484 ab

230 3520 364 3590 ipso
379 3518 632 3574 Domino
647 3517 812 3574 dicta
832 3522 993 3584 sunt,
1014 3515 1079 3572 id
1102 3517 1186 3572 ita
1206 3516 1399 3588 accipi
1414 3520 1666 3589 oportet,
1689 3521 1754 3574 ut
1772 3532 1899 3573 non

234 3613 462 3667 temere
490 3607 552 3663 in
585 3605 949 3680 explicanda
977 3605 1097 3663 ﬁde
1117 3605 1456 3679 quidquam
1485 3605 1745 3662 addatur
1771 3622 1899 3662 ver-

236 3701 331 3758 bis
354 3703 460 3757 aut
479 3697 733 3764 Domini,
754 3703 859 3754 aut
878 3696 1240 3770 scriptorum
1262 3697 1718 3756 canonicorum.
1738 3700 1805 3753 Et
1823 3714 1900 3757 ne

236 3790 378 3865 quis
400 3790 561 3847 hanc
589 3787 1082 3862 explanationem
1111 3787 1409 3845 existimet
1436 3802 1560 3845 non
1591 3788 1898 3863 scriptoris

239 3894 393 3949 esse,
436 3878 544 3935 sed
570 3893 792 3950 meam,
824 3877 981 3933 illius
1009 3876 1198 3935 verba
1226 3892 1563 3951 apponam.
1601 3879 1694 3935 Sic
1722 3877 1903 3950 igitur

237 3969 505 4045 loquitur
524 3968 720 4043 (ibid.,
743 3984 806 4042 p.
833 3970 959 4033 224)
986 3966 1153 4030 ε”Εως
1170 3971 1259 4041 μὲν
1282 3964 1369 4020 οὖν
1391 3969 1743 4041 ἀγωνίζεσθαι
1768 3974 1899 4044 πρὸς

236 4063 331 4124 τὰς
361 4058 769 4135 έπανισταμένας
797 4062 933 4112 κατὰ
965 4063 1145 4134 καιρόν
1185 4059 1408 4134 αἱρέσεις
1437 4061 1625 4135 ἐχρῆν,
1658 4062 1899 4134 ἑπόμενος

236 4157 347 4214 τοῖς
392 4150 783 4225 προειληφόσιν,
830 4148 1109 4202 ἀκόλουθον
1160 4149 1399 4221 ἡγούμην
1446 4157 1509 4222 τῇ
1558 4146 1760 4226 διαφρᾷ
1804 4160 1901 4213 τῆς

237 4240 669 4315 ἓπιπειρομένης
689 4242 789 4292 ὑπὸ
811 4246 903 4292 τοῦ
926 4235 1173 4291 διαϐόλου
1205 4238 1595 4309 ἀσεϐείας,ταίς
1615 4238 1899 4303 ἀντιθέτοις

238 4336 431 4406 φωναῖς
452 4329 686 4400 κωλύειν,
706 4329 735 4388 ἣ
760 4332 849 4382 καὶ
881 4327 1177 4402 ἀνατρέπειν
1194 4331 1288 4390 τὰς
1310 4327 1630 4402 ἐπαγομένας
1660 4328 1901 4403 βλασφη-

237 4425 383 4495 μίας,
397 4425 489 4474 καὶ
508 4419 688 4473 ἄλλοτε
705 4418 904 4489 ἄλλαις,
926 4416 1066 4479 ὡςᾶν
1086 4420 1117 4476 ἡ
1142 4422 1302 4491 χρεία
1315 4426 1416 4470 τῶν
1431 4421 1718 4472 νοσούντων
1738 4439 1901 4479 κατη-

2005 3247 2468 3305 discriminatim
2516 3247 2822 3316 omnibus,
2869 3247 2978 3305 sed
3017 3248 3090 3305 iis
3137 3249 3463 3322 duntaxat,
3504 3268 3666 3326 quae,

2006 3337 2243 3407 etiamsi
2290 3352 2449 3409 saepe
2494 3351 2620 3393 non
2668 3336 3083 3395 invenirentur
3120 3339 3365 3413 scripta,
3399 3344 3602 3399 tamen
3633 3358 3670 3398 a

2004 3428 2107 3500 pio
2138 3426 2457 3499 Scripturae
2481 3441 2668 3483 sensu
2689 3441 2814 3483 non
2834 3426 3249 3486 abhorrerent.
3283 3430 3547 3504 Scriptor
3566 3430 3672 3502 igi-

2006 3521 2104 3574 tur
2130 3531 2256 3572 non
2284 3515 2335 3571 is
2364 3518 2511 3583 erat,
2544 3515 2671 3587 qui,
2700 3518 2766 3571 ut
2793 3515 2952 3572 falso
2990 3519 3224 3591 putavit
3251 3520 3668 3590 Combefisius,
3714 3574 3719 3577 _

2010 3622 2156 3663 suas
2187 3605 2330 3662 ﬁdei
2370 3603 2783 3677 professiones
2820 3621 2895 3662 ex
2940 3607 3109 3679 puris
3149 3609 3310 3681 putis
3352 3610 3670 3684 Scripturce

2008 3694 2208 3753 verbis
2256 3694 2565 3751 mitiorum
2619 3693 2986 3751 Arianorum
3036 3696 3315 3770 exemplo
3368 3698 3671 3757 adornare

2009 3786 2209 3852 vellet,
2241 3801 2380 3841 cum
2410 3784 2541 3857 ipse
2567 3782 2943 3856 quibusdam
2969 3785 3195 3855 verbis,
3226 3802 3364 3858 quae
3405 3804 3565 3861 saepe
3610 3789 3671 3846 in

2011 3877 2319 3949 Scriptura
2345 3889 2472 3932 non
2510 3873 2999 3944 inveniebantur,
3040 3874 3374 3949 aliquando
3422 3878 3509 3935 uti
3545 3895 3671 3935 non

2007 3963 2390 4023 dubitaverit.
2408 3965 2657 4020 Constat
2674 3978 2920 4036 quoque
2938 3979 3012 4020 ex
3031 3963 3106 4019 iis
3126 3980 3265 4038 quae
3287 3965 3474 4024 modo
3494 3968 3673 4025 retuli

2006 4055 2229 4127 verbis,
2242 4057 2553 4111 auctorem
2572 4068 2697 4109 non
2718 4052 2971 4111 omnino
3001 4055 3304 4127 respuisse
3335 4057 3519 4115 verba
3543 4057 3669 4127 illa,

2007 4162 2146 4220 quae
2174 4146 2237 4201 in
2269 4143 2588 4216 Scripturis
2617 4158 2740 4201 non
2769 4143 3136 4216 legerentur,
3156 4145 3265 4203 sed
3295 4146 3356 4205 in
3380 4147 3474 4205 his
3500 4149 3671 4206 adhi-

2007 4235 2223 4293 bendis
2250 4249 2506 4307 parcum
2535 4233 2728 4290 fuisse
2758 4251 2771 4290 :
2799 4249 2873 4290 ex
2892 4249 3019 4307 quo
3044 4233 3130 4300 ﬁt,
3165 4240 3230 4292 ut
3251 4252 3378 4294 non
3401 4238 3668 4295 ad‘unos

2009 4326 2332 4399 scriptores
2380 4322 2731 4392 canonicos,
2778 4322 2866 4380 uti
2911 4324 3065 4383 falso
3109 4325 3224 4383 sibi
3274 4327 3671 4385 Combeﬁsius

2008 4418 2419 4493 persuaserat,
2441 4414 2802 4488 provocarit.
2835 4416 2954 4471 Nec
2982 4416 3202 4486 verius,
3230 4419 3400 4490 quod
3422 4418 3673 4476 Combe-

237 4513 488 4584 νάγκασε,
521 4515 611 4563 καὶ
632 4512 848 4571 ταύταις
869 4506 1116 4570 πολλάκις
1141 4505 1396 4581 ἀγράφοις
1424 4511 1535 4582 μὲν,
1569 4512 1708 4583 ὅμως
1738 4507 1787 4564 δ’
1811 4507 1899 4564 οὖν

2012 4508 2183 4565 ﬁsius
2228 4505 2399 4576 dixit,
2436 4505 2792 4577 scriptorem
2830 4504 2983 4561 nihil
3019 4506 3261 4563 dedisse
3310 4509 3671 4579 auctoritati,

238 4600 335 4654 ούκ
358 4596 760 4673 ἆπεξενωμέυαις
778 4606 873 4660 τῆς
889 4599 1024 4649 κατὰ
1038 4601 1133 4656 τὴν
1152 4602 1359 4673 Γραφὴν
1375 4597 1617 4662 εὐσεϐοῦς
1640 4596 1897 4664 διανοίας

237 4697 332 4743 τοῦ
343 4688 664 4743 ’Λποστόλου
678 4687 897 4741 πολλάκι
906 4707 927 4748 ς
938 4691 1026 4739 καὶ
1038 4685 1352 4749 Ἑλληνικοῖς
1366 4687 1574 4761 ῥήμασι
1587 4709 1627 4760 χ
1633 4694 1696 4764 ρή
1708 4692 1907 4762 σασθαἸ

240 4785 313 4857 μὴ
331 4782 793 4858 παραιτησαμένου
814 4780 945 4851 πρὸς
967 4781 1053 4830 τὸν
1068 4774 1208 4831 ἴδιον
1233 4782 1447 4837 σκοπόν,
1463 4785 1570 4831 Νῦν
1590 4776 1649 4832 δὲ
1666 4784 1796 4856 πρὸς
1818 4786 1907 4835 τὸν

239 4874 411 4926 κοινόν
436 4870 581 4944 ἡμῶν
610 4889 664 4922 τε
693 4874 783 4922 καὶ
804 4871 946 4941 ὑμῶν
975 4871 1169 4921 σκοπόν
1210 4867 1438 4944 ἁρμόζον
1479 4867 1823 4944 ἐλογισάμην,
1860 4870 1908 4924 ἐν

241 4960 500 5019 ἁπλότητι
519 4969 616 5022 τῆς
636 4961 978 5032 ὑγιαινούσης
1000 4963 1249 5028 πίστεως,
1273 4962 1332 5010 τό
1366 4958 1634 5033 ἐπίταγμα
1657 4967 1753 5023 τῆς
1780 4963 1910 5034 ὑμε-

239 5055 393 5127 τέρας
425 5048 473 5102 ἐν
502 5057 720 5124 Χριστῶ
753 5048 963 5121 ἀγάπης
1008 5048 1308 5123 πληρῶσαι,
1345 5048 1500 5101 εἰπὼν
1544 5049 1579 5101 οἷ
1608 5046 1912 5124 ἐδιδάχθην

239 5144 387 5215 παρὰ
406 5147 500 5203 τῆς
523 5141 863 5194 ϐεοπνεύστου
884 5144 1112 5215 Γραφῆς·
1137 5134 1437 5212 φειδόμενος
1457 5142 1553 5212 μὲν
1567 5144 1657 5192 καὶ
1676 5148 1777 5192 τῶν
1805 5140 1912 5195 ὀνο-

241 5232 419 5304 μάτῶν
437 5229 661 5297 ἐκείνων,
683 5229 719 5282 ἅ
735 5228 903 5292 λέξεσι
933 5231 1023 5302 μὲν
1050 5228 1233 5290 αύταίς
1264 5227 1358 5280 ούκ
1390 5226 1662 5304 ἐμφέρεται
1687 5238 1775 5304 τῇ,
1802 5232 1916 5305 θείᾳ

242 5326 447 5394 Γραφῇ,
478 5316 715 5372 διάνοιάν
740 5338 800 5390 γε
829 5322 931 5391 μὴν
957 5323 1052 5377 τὴν
1081 5320 1280 5377 εκείνην
1312 5320 1610 5391 ἓγκειμένην
1636 5327 1698 5392 τῇ
1734 5326 1911 5396 Γραφῇ

243 5406 525 5470 διασώζειο
549 5409 651 5462 ὅσα
673 5405 732 5461 δὲ
753 5411 885 5484 πρὸς
899 5427 971 5480 τῳ
990 5407 1113 5480 ξένῳ
1134 5415 1229 5470 τῆς
1247 5406 1427 5470 λέξεως
1449 5410 1524 5460 ἔτι
1544 5414 1762 5462 καὶνοῦν
1779 5410 1915 5473 ξένον

242 5500 369 5572 ἡμῖν
392 5498 775 5572 ἐπεισάγει,καὶ
794 5497 831 5550 οἶ
848 5497 943 5550 οὐκ
959 5500 1099 5554 ἔστιν
1122 5498 1221 5551 ὑπὸ
1239 5505 1340 5550 τῶν
1362 5497 1521 5571 ἁγίων
1542 5502 1920 5574 κηρυσσόμενα

319 5627 405 5701 (a)
447 5627 549 5685 Vie
576 5626 650 5686 de
669 5628 732 5685 ις.
757 5626 980 5700 Basile,
1009 5641 1073 5700 p.
1106 5628 1233 5682 635.

2012 4613 2211 4672 neque
2238 4594 2538 4664 Ecclesiae,
2568 4610 2768 4666 neque
2796 4610 3007 4652 eorum
3041 4596 3149 4668 qui
3179 4597 3367 4653 secuti
3393 4603 3535 4654 sunt
3571 4602 3673 4655 Pa-

2014 4694 2195 4746 trum.
2229 4685 2339 4753 Qui
2369 4685 2533 4742 enim
2561 4700 2634 4741 ea
2663 4683 2790 4742 sola
2824 4684 3036 4756 verba,
3064 4702 3200 4759 quae
3226 4691 3443 4760 praeter
3471 4686 3678 4744 dictio-

2015 4779 2112 4837 nis
2141 4776 2467 4834 novitatem
2490 4791 2722 4831 novum
2743 4774 2924 4832 etiam
2942 4778 3002 4833 et
3019 4777 3405 4849 peregrinum
3426 4792 3677 4835 sensum

2016 4867 2362 4944 praeferunt,
2392 4863 2690 4938 repudiat,
2716 4864 2767 4920 is
2797 4870 2955 4921 certe
2978 4870 3034 4921 et
3055 4865 3334 4922 Ecclesiae
3354 4871 3412 4924 et
3432 4871 3676 4924 Patrum

2020 4958 2443 5018 auctoritatem
2488 4953 2664 5027 sequi
2710 4958 2959 5027 paratus
2998 4959 3107 5012 est.
3157 4958 3356 5012 Unum
3405 4956 3454 5012 si
3504 4956 3678 5014 addi-

2019 5049 2188 5118 dero,
2238 5046 2318 5103 ad
2348 5048 2565 5102 caetera
2606 5059 2889 5116 pergam.
2942 5044 3187 5102 Dubitat
3227 5045 3316 5102 vir
3345 5046 3682 5103 eruditissi-

2020 5155 2159 5195 mus
2186 5133 2600 5193 Tillemontius
2638 5134 2745 5205 (a),
2787 5140 2991 5190 utrum
3030 5150 3122 5204 ea,
3167 5134 3243 5192 de
3281 5151 3408 5209 qua
3436 5141 3680 5194 contro-

2019 5227 2223 5285 versia
2252 5228 2361 5295 est,
2388 5223 2531 5280 ﬁdei
2560 5222 2887 5296 professio,
2918 5223 3056 5286 ipsa
3096 5224 3192 5291 sit,
3218 5241 3408 5299 quam
3430 5226 3685 5287 Basilius

2023 5314 2350 5390 scripserit,
2383 5329 2464 5370 an
2500 5313 2641 5381 alia,
2672 5328 2811 5385 quas
2848 5313 2911 5369 in
2955 5313 3087 5385 ejus
3132 5314 3339 5372 locum
3360 5316 3687 5373 substituta

2023 5407 2118 5465 sit.
2169 5408 2371 5463 Causa
2416 5407 2641 5472 autem,
2683 5417 2792 5458 cur
2829 5403 2915 5460 ita
2959 5402 3346 5474 dubitaverit,
3394 5420 3520 5462 non
3568 5404 3690 5463 alia

2024 5501 2134 5569 est,
2159 5494 2277 5554 nisi
2302 5493 2470 5569 quod
2488 5493 2619 5551 haec
2646 5491 2792 5550 ﬁdei
2817 5492 3133 5568 professio,
3160 5494 3359 5569 potius
3384 5494 3692 5568 peculiare
