4092 6462
388 393 460 449 79

1907 382 2292 439 PREFATIO.

3747 400 3817 456 80

386 512 702 588 quoddam
732 527 910 585 opus,
952 525 1140 584 quam
1183 509 1440 578 alicujus
1485 510 1684 584 operis
1726 508 2009 566 continua

2120 511 2284 579 .μένα
2312 509 2342 568 ἦ
2381 507 2734 585 ἐγκεκριμένα,
2784 519 2969 581 ταῦτα,
3017 517 3150 567 κατά
3195 518 3254 568 τὸ
3301 512 3523 571 δυνατὸν
3559 522 3702 594 ἡμῖν,
3742 527 3813 586 είς

387 605 468 660 tio
498 621 569 660 ac
597 603 784 659 series
814 618 946 658 esse
981 601 1268 656 videatur.
1308 603 1519 657 Fateor
1550 617 1661 671 ego
1683 601 1842 656 hanc
1871 598 2049 654 Fidei

382 695 815 764 professionem
872 690 1174 764 peculiare
1232 706 1388 762 opus
1445 707 1576 747 esse
1637 708 1650 746 :
1713 689 1820 745 sed
1884 703 2042 785 nego

383 785 526 840 inde
556 781 834 839 concludi
875 796 1052 853 posse
1093 796 1229 835 eam
1269 779 1347 836 ad
1389 780 1666 835 Ascetica
1704 793 1827 833 non
1858 779 2042 849 perti-

382 890 544 929 nere.
605 876 754 928 Nam
803 871 1214 926 Asceticorum
1268 874 1472 942 partes
1528 867 1853 942 peculiaria
1909 879 2042 922 esse

384 980 588 1036 opera,
635 978 771 1034 quae
810 960 1056 1016 diversis
1088 958 1462 1031 temporibus
1505 959 1728 1030 scripta
1771 957 1908 1022 sint,
1937 954 2041 1010 oh-

381 1069 626 1109 scurum
678 1067 801 1107 non
850 1055 964 1107 est.
1015 1049 1244 1104 Etenim
1291 1065 1431 1103 cum
1476 1048 1537 1130 in_
1570 1047 1690 1102 line
1741 1045 1921 1101 libelli
1953 1045 2039 1099 De

371 1144 603 1214 judicio
657 1142 766 1198 Dei
814 1139 1119 1196 retulisset
1172 1138 1460 1210 quaedam
1508 1131 1776 1209 Apostoli
1825 1133 2031 1197 verba,

374 1234 459 1289 sic
486 1232 725 1305 scripsit
756 1249 768 1283 :
796 1229 1100 1283 Ἀκόλουοον
1123 1229 1250 1300 ὁμοῦ
1277 1233 1367 1279 καὶ
1390 1225 1667 1298 ἀναγκαῖον
1691 1225 2027 1296 ἐλογισάμην,

369 1330 464 1383 τὴν
495 1326 830 1396 ὑγιαίνουσαν
861 1327 1038 1373 πίστιν
1086 1324 1176 1371 καὶ
1226 1318 1408 1376 εὐσεϐῆ
1464 1315 1622 1380 δόξαν
1668 1321 1789 1388 πεφί
1829 1335 1882 1367 τε
1915 1321 2025 1366 Πα-

364 1418 488 1490 τρός
516 1418 605 1465 καὶ
631 1415 752 1465 Υἱοῦ
778 1416 867 1462 καὶ
908 1409 1060 1480 ἁγίου
1106 1411 1402 1480 ἰίνευματος
1453 1408 1785 1481 παραθέσθαι
1833 1408 2024 1477 πρότε-

360 1525 470 1580 ρον,
503 1508 592 1555 καὶ
615 1502 776 1562 οὕτως
806 1498 1127 1569 ἐπισυνάψαι
1155 1500 1221 1549 τὰ
1243 1498 1825 1568 ἠθικάςσοηεεᾳαεηε
1840 1493 2025 1549 simul

357 1601 414 1651 et
469 1591 868 1649 necessarium
928 1587 1296 1652 existimavi,
1346 1593 1412 1642 ut
1461 1601 1674 1642 sanam
1727 1585 1906 1654 ﬁdem
1950 1599 2022 1640 ac

352 1685 518 1753 piam
558 1681 630 1737 de
674 1682 863 1736 Patre
900 1683 952 1734 et
985 1677 1143 1732 Filio
1183 1681 1237 1731 et
1267 1675 1501 1744 Spiritu
1539 1680 1749 1731 sancto
1789 1679 2022 1730 senten"

354 1775 501 1829 tiam
547 1771 720 1840 prius
777 1781 1154 1836 exponerem,
1213 1771 1265 1820 et
1328 1766 1418 1820 ita
1469 1765 1706 1820 demum
1760 1764 2017 1818 moralia

2156 601 2308 670 dpoug
2337 599 2712 670 κεφαλαιώδεις
2749 609 2878 678 πρὸς
2927 608 2984 656 τὸ
3034 605 3282 662 εὔληπτον
3331 615 3440 670 τοῖς
3481 608 3811 684 βουλομένοις

2155 684 2556 762 ἐσπουδάσαμεν
2602 702 2933 764 συναγαγεῖν,
2966 700 3076 749 etc.
3124 696 3274 751 Cum
3323 697 3396 752 de
3435 698 3528 754 his
3575 716 3707 771 quas
3730 704 3811 758 ad

2152 791 2364 832 sanam
2391 779 2569 845 fidem
2609 785 2936 851 pertinent,
2982 786 3130 839 satis
3167 801 3278 854 pro
3319 793 3578 857 tempore
3617 792 3678 844 in
3709 806 3808 846 su-

2145 866 2487 933 perioribus
2539 883 2577 924 a
2619 871 2790 925 nobis
2837 872 3064 928 dictum
3108 873 3299 941 fuisse
3335 882 3626 945 putemus,
3670 881 3804 948 jam

2147 955 2444 1023 Moralia,
2505 973 2638 1028 qua?
2685 963 3107 1028 promisimus,
3171 966 3231 1018 in
3279 967 3519 1022 nomine
3565 968 3810 1024 Domini

2148 1047 2346 1100 nostri
2375 1047 2518 1102 Jesu
2550 1049 2782 1104 Christi
2827 1052 3068 1108 tradere
3097 1068 3398 1110 conemur.
3433 1057 3806 1128 Quaecunque

2143 1133 2335 1204 igitur
2369 1135 2659 1192 hactenus
2689 1143 2948 1208 sparsim
2977 1143 3040 1197 in
3079 1143 3244 1198 Novo
3288 1146 3657 1203 Testamento
3696 1156 3802 1204 aut

2141 1223 2471 1281 interdicta
2512 1233 2617 1281 aut
2659 1231 2999 1298 approbata
3030 1232 3386 1296 invenimus,
3429 1250 3498 1290 ea
3523 1253 3638 1305 pro
3668 1253 3798 1293 nos-

2141 1317 2240 1369 tra
2270 1315 2442 1370 virili
2464 1323 2640 1384 parte
2689 1320 2753 1374 in
2803 1322 3041 1390 regulas
3085 1324 3378 1392 quasdam
3421 1329 3798 1395 compendia-

2136 1405 2283 1474 rias,
2317 1421 2432 1476 quo
2456 1407 2709 1475 facilius
2751 1425 2790 1466 a
2829 1413 3034 1481 quovis
3079 1414 3592 1485 intelligerentur,
3633 1420 3798 1474 colli-

2133 1509 2274 1562 gere
2303 1498 2669 1566 curavimus,
2699 1504 2812 1554 etc.

2133 1582 2238 1653 §Xl
2250 1625 2262 1636 .
2275 1584 2432 1640 Pars
2448 1587 2735 1653 tertia,an
2749 1589 3015 1645 Basilius
3034 1594 3336 1648 auctorsit
3359 1593 3624 1652 brevium
3645 1597 3789 1653 duo-

2184 1688 2320 1728 rum
2345 1679 2742 1744 tractatuum,
2766 1680 2874 1749 qui
2891 1686 3029 1749 post
3050 1681 3316 1738 Moralia
3341 1684 3742 1741 collocantur.

2201 1765 2289 1816 32.
2317 1765 2529 1818 Breves
2549 1764 2611 1818 hi
2641 1770 2948 1834 tractatus,
2977 1785 3238 1840 quorum
3261 1771 3422 1827 idem
3451 1779 3540 1829 est
3559 1775 3787 1843 titulus,

350 1831 700 1919 attexerem.
737 1859 803 1912 Et
831 1831 1083 1928 quidem
1123 1831 1195 1910 ex
1243 1853 1337 1908 his
1373 1851 1572 1908 verbis
1622 1850 1883 1924 perspici
1913 1867 2009 1923 po-

2125 1854 2228 1900 Τοῦ
2255 1849 2414 1902 αὑτοῦ
2444 1851 2594 1922 λόγος
2626 1851 2932 1920 anmatos,
2955 1857 3241 1926 Ejusdem
3261 1875 3451 1915 sermo
3472 1865 3785 1933 asceticus,

349 1955 486 2018 test,
509 1947 779 2004 libellum
809 1946 886 2001 De
912 1945 1032 2012 ﬁde
1061 1942 1276 1999 eodem
1324 1943 1459 2013 jure
1498 1941 1615 1996 dici
1646 1956 1828 2012 posse
1857 1956 2013 2012 opus

345 2040 673 2114 peculiare,
705 2051 828 2108 quo
867 2032 1130 2099 Moralia,
1171 2049 1310 2104 quae
1340 2036 1397 2087 et
1423 2031 1556 2103 ipsa
1595 2029 1920 2086 attexuisse
1948 2047 2012 2085 se

347 2130 491 2187 dicit
524 2126 800 2184 Basilius.
850 2127 999 2180 Cum
1031 2123 1210 2192 igitur
1242 2119 1484 2178 Moralia
1524 2136 1680 2192 opus
1710 2119 2010 2192 peculiare

345 2235 476 2276 esse
507 2217 587 2274 ab
617 2214 905 2272 omnibus
931 2212 1238 2278 dicantur,
1279 2227 1402 2266 non
1444 2209 1620 2266 video
1669 2225 1776 2265 cur
1801 2209 1897 2264 hic
1927 2211 2010 2264 De

344 2309 462 2379 ﬁde
490 2305 726 2363 libellus
744 2319 852 2376 pro
878 2317 1061 2374 opere
1088 2299 1377 2372 peculiari
1403 2299 1610 2356 haberi
1642 2314 1764 2354 non
1795 2298 2003 2370 possit.

349 2405 434 2457 Ex
457 2397 794 2467 eodemque
823 2391 924 2448 illo
962 2390 1096 2446 loco
1136 2395 1320 2462 patet,
1370 2388 1679 2456 Basilium,
1707 2405 1844 2443 cum
1876 2388 2005 2443 haec

348 2489 653 2552 scriberet,
693 2481 968 2540 nondum
1013 2479 1268 2551 Regulas
1316 2478 1752 2550 composuisse,
1799 2482 2005 2550 utpote

347 2593 611 2653 quarum
642 2571 1016 2630 mentionem
1038 2585 1163 2624 non
1184 2569 1382 2629 faciat.
1403 2570 1618 2637 Quare,
1643 2571 1707 2623 ut
1735 2566 1878 2635 dixi,
1909 2573 2008 2621 As-

350 2669 678 2725 ceticorum
713 2667 912 2735 partes
943 2657 1274 2732 peculiaria
1302 2663 1440 2713 sunt
1479 2673 1688 2729 opera,
1719 2673 1844 2712 non
1887 2671 2008 2712 uno

350 2766 622 2830 tempore
653 2750 1014 2822 conscripta,
1037 2748 1144 2803 sed
1170 2763 1433 2819 quorum
1465 2746 1629 2802 aliud
1655 2751 1794 2818 post
1819 2745 2006 2808 aliud,

349 2853 533 2924 prout
549 2844 788 2903 occasio
814 2857 876 2896 se
897 2839 1105 2907 dabat,
1126 2838 1468 2894 confectum
1490 2837 1582 2892 sit.
1599 2836 1688 2890 Ad
1710 2837 1840 2892 haec
1869 2852 2010 2892 cum

350 2938 656 3008 hodieque
683 2933 813 2988 haec
839 2929 1012 2986 Fidei
1035 2929 1330 2998 professio
1359 2930 1418 2982 et
1454 2926 1514 2981 in
1547 2928 1769 2982 Veneta
1794 2926 2009 2982 editio-

353 3045 428 3087 ne
457 3035 514 3084 et
551 3027 612 3081 in
642 3021 942 3078 veteribus
967 3017 1133 3073 libris
1168 3016 1384 3072 eodem
1415 3015 1626 3071 ordine
1654 3015 2008 3087 reperiatur,

355 3135 480 3192 quo
510 3132 646 3173 eam
671 3111 903 3169 viderat
935 3107 1207 3174 Photius,
1235 3121 1361 3161 non
1405 3105 1642 3161 videtur
1663 3121 1862 3202 ‘causa
1889 3103 2012 3202 ulla

357 3225 510 3274 esse,
539 3220 644 3262 cur
674 3204 807 3274 ipsa
846 3198 1000 3254 inter
1028 3195 1298 3251 Ascetica
1342 3194 1723 3249 numeranda
1760 3209 1884 3249 non
1917 3194 2008 3248 sit.

357 3305 507 3356 Cum
529 3294 692 3351 enim
721 3307 793 3346 ex
833 3288 926 3344 his
956 3285 1259 3342 veteribus
1289 3282 1478 3350 libris,
1508 3282 1569 3337 in
1600 3281 1822 3354 quibus
1851 3282 2011 3336 inve-

355 3390 538 3453 nitur,
565 3379 841 3440 nonnulli
871 3377 1012 3445 sint,
1043 3374 1150 3447 qui
1181 3374 1229 3428 si
1271 3373 1625 3444 antiquitate
1657 3388 1778 3427 non
1807 3371 2008 3427 omni-

355 3497 436 3536 no
479 3480 718 3532 aetatem
769 3466 959 3526 Photii
1011 3464 1331 3534 attingant,
1374 3467 1434 3517 at
1490 3461 1569 3517 ad
1621 3477 1757 3517 eam
1806 3467 2008 3517 tamen

355 3566 648 3626 accedant
699 3557 993 3634 proxime,
1043 3552 1306 3609 dubitari
1360 3550 1572 3607 merito
1615 3567 1738 3607 non
1789 3556 2005 3624 potest,

353 3657 503 3731 quin
533 3647 835 3724 ejusmodi
865 3645 1037 3702 Fidei
1061 3643 1362 3731 professio
1399 3640 1502 3696 illa
1529 3639 1664 3712 ipsa
1693 3640 1786 3731 sit,
1819 3657 2007 3731 quam

351 3727 594 3804 ΙῘΙΙΟῐΞαε
624 3744 680 3795 et
718 3735 880 3804 vidit,
908 3738 964 3789 et
988 3733 1139 3787 inter
1169 3729 1442 3785 Ascetica
1466 3727 1766 3784 recensuit
1794 3748 1806 3784 :
1841 3729 2010 3800 quod

352 3840 556 3894 autem
587 3829 666 3886 ab
696 3825 926 3899 optimo
954 3823 1175 3876 harum
1198 3834 1400 3874 rerum
1428 3817 1630 3888 judice
1657 3818 1866 3873 Photio
1897 3834 2008 3889 pro

348 3923 760 3982 Asceticorum
788 3919 957 3987 parte
983 3909 1259 3966 habitum
1290 3913 1396 3973 est,
1419 3907 1480 3962 id
1510 3906 1690 3962 hodie
1711 3906 1773 3962 in
1797 3906 2008 3962 alienis

349 4013 496 4088 poni
527 4008 698 4066 facile
729 4019 852 4060 non
882 3999 1080 4056 debet.
1123 3996 1300 4088 Quod
1329 3996 1610 4051 ultimum
1651 4001 1746 4051 est
1791 3995 1854 4088 in
1893 3996 2008 4052 hac

349 4085 705 4177 quaestione,
729 4089 1037 4150 Moralium
1062 4087 1415 4159 scriptorem
1446 4091 1704 4177 spectat:
1727 4085 1832 4141 sed
1850 4090 2006 4142 certe

349 4173 550 4264 neque
594 4184 796 4243 multis
849 4177 1074 4247 verbis,
1105 4191 1304 4248 neque
1349 4191 1575 4245 magno
1610 4173 1819 4230 labore
1849 4191 2004 4247 opus

348 4289 460 4349 est,
489 4285 555 4335 ut
583 4291 795 4334 eorum
817 4286 992 4326 verus
1014 4271 1224 4324 auctor
1247 4271 1667 4336 cognoscatur.
1703 4265 1814 4331 Qui
1841 4267 2002 4332 enim

345 4371 515 4430 novit
544 4371 853 4425 auctorem
882 4357 1224 4415 libellorum
1272 4357 1358 4412 De
1393 4355 1632 4424 judicio
1670 4356 1780 4411 Dei
1807 4371 1878 4411 ac
1915 4357 2003 4412 De

2123 1937 2204 1995 ad
2221 1940 2492 1996 Ascetica
2512 1941 2678 1998 nullo
2699 1944 2884 1999 modo
2906 1946 3224 2016 pertinent.
3243 1951 3412 2015 Nam,
3428 1956 3492 2005 ut
3511 1957 3600 2006 est
3619 1953 3785 2024 apud

2122 2027 2401 2084 Photium
2432 2032 2537 2100 (α),
2568 2031 2752 2087 libelli
2780 2033 2867 2088 De
2885 2036 3124 2103 judicio
3153 2038 3264 2093 Dei
3287 2054 3358 2094 ac
3389 2040 3475 2096 De
3500 2042 3640 2108 ﬁde,
3670 2045 3786 2098 Mo-

2119 2116 2289 2185 ralia,
2324 2118 2562 2188 Regulae
2597 2125 2718 2176 tam
2747 2121 3052 2190 longiores
3082 2141 3268 2196 quam
3302 2127 3607 2185 breviores
3647 2148 3783 2203 pro-

2117 2205 2244 2277 prie
2268 2209 2540 2264 Ascetica
2561 2210 3029 2267 constituebant.
3051 2215 3414 2287 Quanquam
3438 2226 3641 2275 autem
3659 2221 3782 2278 duo

2116 2294 2177 2350 hi
2219 2312 2532 2352 sermones
2578 2298 2656 2354 ad
2703 2297 3009 2368 ἀσκητικὸν,
3041 2304 3209 2375 quod
3257 2312 3528 2373 vocatur,
3576 2309 3778 2366 referri

2117 2400 2242 2440 non
2286 2386 2542 2458 possint,
2599 2403 2720 2443 non
2766 2395 3088 2461 propterea
3142 2398 3344 2450 tamen
3394 2411 3498 2452 eos
3540 2398 3775 2455 silentio

2117 2475 2568 2546 praetermittere
2611 2476 2764 2532 licet.
2803 2479 3128 2535 Videamus
3176 2482 3358 2552 igitur
3404 2487 3597 2542 Basilii
3629 2489 3769 2559 sint,

2118 2578 2331 2620 necne.
2365 2566 2531 2621 Certe
2563 2565 2608 2620 si
2652 2565 2948 2623 habeatur
2985 2571 3137 2626 ratio
3168 2578 3271 2627 aut
3301 2579 3563 2631 veterum
3592 2576 3774 2633 libro-

2118 2668 2277 2722 rum,
2319 2659 2423 2709 aut
2462 2670 2794 2711 consensus
2823 2657 3139 2714 hominum
3166 2661 3562 2730 eruditorum,
3594 2683 3776 2724 nemo

2120 2741 3092 2816 dubitabitquinhaeoratiunculae
3105 2750 3181 2804 ad
3200 2751 3478 2808 Basilium
3494 2757 3776 2825 Magnum

2122 2833 2480 2904 pertineant.
2510 2836 2660 2890 Nam
2691 2835 2830 2890 etin
2862 2837 3125 2910 antiquis
3155 2842 3442 2897 omnibus
3469 2843 3637 2900 libris
3667 2863 3778 2904 no-

2119 2937 2262 2976 men
2289 2921 2485 2977 Basilii
2514 2923 2860 2994 prasferunt,
2889 2932 2946 2981 et
2983 2927 3062 2982 ab
3104 2929 3351 2986 eruditis
3388 2934 3699 3006 omnibus,
3729 2938 3779 2994 si

2121 3010 2271 3066 forte
2313 3010 2606 3067 Scultetus
2646 3014 3004 3086 excipiatur,
3038 3033 3147 3088 pro
3187 3019 3308 3074 fetu
3353 3022 3632 3091 ejusdem
3678 3041 3777 3095 ge-

2119 3101 2304 3156 nuino
2330 3100 2655 3158 habentur.
2707 3105 2943 3165 Monere
2994 3115 3194 3163 tamen
3232 3111 3428 3180 juvat,
3459 3113 3614 3170 inter
3649 3132 3780 3172 eru-

2116 3189 2275 3246 ditos
2307 3190 2439 3245 illos
2465 3191 2770 3259 homines,
2805 3210 2963 3266 quos
3001 3196 3148 3265 dixi,
3190 3201 3512 3273 antiquum
3543 3205 3778 3263 nullum

2116 3278 2470 3350 scriptorem
2516 3279 2793 3349 inveniri,
2843 3285 2948 3355 qui
2997 3284 3122 3342 duo
3165 3287 3295 3344 haec
3338 3293 3638 3362 opuscula
3675 3302 3780 3352 aut

2117 3385 2391 3440 unquam
2435 3368 2793 3438 laudaverit,
2827 3379 2932 3429 aut
2963 3390 3033 3429 ex
3079 3377 3163 3432 eis
3200 3379 3539 3452 quidquam
3580 3400 3776 3440 excer-

2113 3459 2300 3530 pserit
2322 3476 2334 3512 :
2355 3460 2524 3531 quod
2553 3463 2783 3531 notavi,
2807 3479 2928 3519 non
2954 3471 3016 3520 ut
3045 3465 3342 3524 elevarem
3372 3475 3774 3531 recentiorum

2115 3547 2553 3617 auctoritatem,
2577 3549 2684 3605 sed
2706 3566 2780 3606 ne
2802 3553 2940 3624 quis
2961 3553 3115 3611 falso
3146 3556 3542 3617 arbitraretur
3564 3563 3676 3619 hos
3697 3565 3774 3622 de

2113 3637 2336 3709 quibus
2366 3640 2605 3708 agimus
2632 3639 2865 3698 libellos
2896 3643 2974 3699 ab
3003 3644 3312 3718 aliquibus
3337 3651 3520 3707 etiam
3555 3656 3774 3711 veteri-

2113 3726 2232 3782 bus
2263 3727 2476 3784 Basilio
2507 3729 2707 3786 tribui.
2738 3731 2948 3787 Mirum
2979 3739 3181 3790 autem
3207 3739 3435 3794 nemini
3458 3742 3645 3798 videri
3669 3744 3771 3800 de-

2112 3816 2236 3882 bet,
2269 3818 2318 3872 si
2347 3817 2441 3872 his
2471 3820 2849 3890 temporibus
2879 3821 3213 3881 doctissimi
3244 3827 3471 3900 quique
3499 3831 3611 3888 has
3641 3850 3774 3891 ora-

2114 3905 2413 3962 tiunculas
2464 3907 2872 3977 adjudicarint
2927 3912 3162 3969 Basilio.
3217 3918 3388 3984 Nam,
3441 3927 3507 3977 ut
3560 3939 3772 3981 verum

2113 3995 2326 4062 fatear,
2359 4012 2500 4050 cum
2544 3996 2812 4067 primum
2855 3998 3156 4075 leguntur,
3200 4021 3399 4078 neque
3446 4008 3507 4065 in
3550 4014 3774 4086 verbis,

2113 4099 2312 4156 neque
2341 4084 2404 4139 in
2447 4087 2759 4142 sententiis
2799 4089 3137 4163 quidquam
3170 4103 3442 4167 apparet,
3484 4101 3645 4156 unde
3675 4084 3775 4159 su-

2111 4173 2300 4246 spicio
2325 4173 2534 4245 aliqua
2554 4173 2783 4231 oriatur
2807 4193 2820 4231 :
2845 4178 2952 4234 sed
2973 4179 3021 4234 si
3045 4183 3230 4238 semel
3258 4190 3316 4240 et
3339 4185 3553 4245 iterum
3580 4192 3771 4248 oculis

2107 4262 2462 4328 lustrentur,
2485 4262 2559 4318 de
2579 4263 2694 4332 his,
2717 4265 2954 4338 opinor,
2979 4268 3150 4327 aliter
3165 4272 3559 4342 judicabitur.
3575 4283 3636 4335 In
3657 4279 3772 4337 illis

2108 4351 2270 4408 enim
2300 4352 2683 4424 reperiuntur
2704 4371 2878 4412 voces
2904 4359 3210 4431 quaedam,
3227 4378 3383 4435 quas
3406 4365 3466 4421 in
3490 4371 3769 4436 genuinis

339 4464 481 4534 ﬁde,
503 4455 811 4515 Moralium
829 4449 1179 4521 scriptorem
1206 4444 1386 4500 simul
1407 4444 1590 4500 novit.
1615 4444 1840 4500 Etenim
1863 4462 1998 4517 qua:
2033 4462 2080 4516 Ῑ)
2111 4441 2305 4534 Basilii
2340 4442 2630 4534 _Asceticis
2667 4459 2974 4518 nusquam
3005 4447 3285 4534 legimus.
3314 4459 3536 4514 Auctor
3565 4459 3763 4531 igitur,

338 4555 402 4610 in
430 4551 550 4607 ﬁne
596 4543 781 4602 libelli
819 4543 904 4596 De
923 4538 1161 4609 judicio
1194 4538 1303 4590 Dei
1346 4535 1648 4604 leguntur,
1684 4535 2000 4590 manifeste

2104 4530 2385 4603 quisquis
2415 4537 2522 4599 est,
2547 4548 2685 4589 cum
2709 4534 3050 4605 signiﬁcare
3074 4532 3200 4597 vult
3224 4542 3474 4602 fratrum
3498 4530 3764 4611 eonven4

338 4639 670 4700 ostendunt
697 4635 918 4689 horum
942 4629 1122 4684 trium
1153 4626 1517 4697 scriptorum
1543 4640 1732 4679 unum
1759 4629 1814 4680 et
1835 4641 2002 4682 eum-

334 4733 477 4788 dem
510 4732 819 4785 auctorem
845 4735 976 4776 esse
1011 4736 1023 4773 :
1059 4732 1196 4788 quas
1226 4713 1414 4770 verba
1454 4730 1592 4769 cum
1644 4714 1829 4785 paulo
1860 4722 1999 4772 ante

330 4817 659 4884 retulerim,
690 4829 761 4869 ea
791 4824 1003 4866 rursus
1035 4806 1151 4861 hoc
1176 4803 1314 4859 loco
1342 4802 1560 4858 referre
1584 4802 1731 4858 nihil
1752 4820 1997 4861 necesse

329 4917 440 4969 est.
472 4911 762 4965 Praeterea
786 4898 890 4972 qui
921 4894 1193 4952 libellum
1222 4894 1306 4949 De
1330 4893 1450 4961 ﬁde
1481 4891 1858 4964 conscripsit,
1881 4897 1994 4950 Μο-

327 5001 548 5059 ralium
581 5010 646 5051 se
674 5006 804 5049 esse
835 4992 1146 5044 auctorem
1171 4988 1374 5055 aperte
1397 4981 1685 5038 declarat.
1712 4982 1798 5038 Ita
1827 4984 1988 5040 enim

327 5091 443 5148 sub
473 5089 661 5144 tinem
697 5080 966 5153 loquitur
999 5079 1189 5147 (num.
1238 5079 1290 5142 6,
1343 5090 1402 5146 p.
1437 5075 1565 5146 229)
1601 5091 1613 5128 :
1648 5076 1722 5125 Τὰ
1751 5079 1988 5146 περὶτῆς

323 5180 667 5255 ὑγιαινούσης
695 5179 920 5231 πίστεως
946 5168 993 5220 ἐν
1011 5175 1118 5228 τοῖς
1150 5168 1249 5240 πρὸ
1281 5167 1472 5216 τούτων
1501 5163 1772 5237 αὐτάρκως
1798 5174 1983 5238 ειρῆσ-

2104 4625 2257 4686 tum,
2300 4622 2481 4677 utitur
2516 4622 2678 4679 hisce
2729 4626 3003 4691 vocibus,
3037 4628 3276 4699 συνοδία,
3308 4643 3589 4705 συσκηνία,
3621 4640 3758 4699 πλή-

2103 4731 2255 4784 ρωμα
2285 4730 2296 4767 :
2330 4712 2556 4784 quibus
2589 4718 2789 4771 tamen
2833 4718 3108 4791 Basilius,
3141 4738 3282 4778 cum
3319 4728 3600 4786 eamdem
3630 4746 3757 4788 rem

2102 4801 2487 4872 signiﬁcaret,
2519 4819 2851 4875 nusquam,
2882 4808 3050 4878 quod
3080 4810 3292 4880 sciam,
3319 4830 3470 4872 usus
3499 4825 3608 4874 est.
3641 4824 3757 4878 Nec

2099 4891 2442 4962 putandum
2465 4897 2553 4947 est
2573 4893 2874 4962 ejusmodi
2894 4897 3196 4956 vocabula
3215 4901 3275 4957 in
3301 4903 3543 4963 duabus
3559 4909 3651 4964 his
3670 4910 3757 4966 lu-

2098 4981 2575 5036 cubratiunculis
2606 4996 2747 5038 raro
2778 4983 3075 5057 adhiberi,
3101 4989 3161 5044 in
3185 4989 3380 5064 iisque
3409 4998 3555 5068 poni
3580 5002 3755 5072 quasi

2094 5069 2287 5128 obiter
2319 5089 2332 5127 :
2369 5071 2477 5126 sed
2514 5071 2716 5143 potius
2762 5074 3016 5146 scriptor
3057 5080 3311 5137 vocibus
3340 5083 3455 5141 illis
3483 5087 3567 5144 ita
3597 5069 3753 5148 dele-

2091 5161 2388 5231 ctabatur,
2415 5167 2478 5217 ut
2496 5162 2666 5234 ipsas
2697 5163 2920 5236 saepius
2943 5172 3434 5242 usurparit.Nam
3460 5185 3524 5234 ut
3542 5180 3752 5238 sileam

2089 5243 2164 5308 de
2193 5251 2506 5308 vocabulis
2539 5259 2802 5310 συσκηνία
2841 5261 2897 5311 et
2935 5257 3212 5332 πλήρωμα,
3252 5279 3387 5335 quae
3433 5267 3752 5342 aliquoties

2084 5343 2147 5399 in
2181 5348 2302 5399 tam
2333 5341 2623 5398 brevibus
2643 5344 2951 5415 opusculis
2971 5347 3272 5417 adhibuit,
3293 5370 3504 5414 vocem
3530 5341 3751 5416 ewoé‘ta

2083 5434 2286 5490 decies
2318 5432 2548 5505 repetit.
2599 5435 2680 5488 Ex
2719 5435 2943 5506 quibus
2987 5441 3377 5512 perspicuum
3418 5454 3506 5504 est
3533 5465 3745 5509 vocem

2078 5525 2241 5587 hanc
2293 5519 2515 5578 συνοδία
2554 5538 2679 5594 prae
2725 5526 2956 5582 caeteris
2995 5532 3430 5600 opusculorum
3469 5540 3744 5613 scriptori

322 5277 410 5327 θαι
439 5273 567 5330 ποός
607 5269 663 5317 τὸ
712 5265 875 5336 παρὸν
928 5257 1284 5328 λογιζόμενοι,
1336 5255 1561 5306 ἐντεῦθεν
1601 5257 1695 5310 τὴν
1735 5259 1852 5328 περὶ
1882 5263 1980 5306 τῶν

315 5323 510 5424 ἡθιχώιν
552 5353 860 5428 ἐπαγγελίαν
902 5348 948 5400 ἐν
996 5348 1212 5419 ὀνόματι
1256 5353 1346 5396 τοῦ
1381 5349 1576 5417 Κυρίου
1623 5345 1767 5414 ἡμων
1805 5343 1978 5400 Ἰησοῦ

310 5457 548 5530 χριστοῦ
578 5447 860 5521 πληρῶσαι
900 5434 1305 5508 σπουὸἀσωμεν.
1339 5434 1483 5486 "Oc-at
1517 5439 1687 5485 τοίνυν
1719 5435 1972 5506 εὑρίσκσ-

305 5519 396 5621 μέν
427 5543 564 5596 κατὰ
594 5519 695 5596 τήν.
721 5536 915 5590 Καινὴν
941 5549 1067 5593 τεως
1093 5529 1349 5586 Διαθήκην
1375 5519 1650 5602 σποράδην
1682 5523 1970 5603 ἀπηγορευ-

366 5671 444 5742 (a)
474 5667 620 5730 Cod.
652 5681 799 5736 cxcx,
832 5681 895 5746 p.
927 5660 1052 5725 493.
