4092 6380
292 307 357 364 81
1576 336 1589 347 κ
1806 305 1937 361 PRA

2046 304 2195 362 .TIO.
3651 302 3721 357 82

290 428 656 487 familiarem
674 429 1206 498 fuisse.Quomodo
1221 430 1948 501 ergoBasilius,sihorum
1983 430 2033 486 Α
2060 428 2275 486 eodem
2315 429 2568 486 obtentu
2610 428 2783 485 brevi
2828 429 3197 500 rejieiantur.
3245 429 3405 486 inest
3444 424 3608 485 enim
3655 426 3719 485 in

235 576 243 582 .
290 520 634 578 libellorum
661 526 873 579 auctor
887 524 1070 588 esset,
1096 537 1416 594 nunquam
1437 537 1509 578 ea
1537 537 1688 577 usus
1714 520 1947 588 fuisset,

291 609 630 682 praesertim
678 625 820 666 cum
864 608 940 666 de
982 608 1165 666 rebus
1213 608 1490 666 asceticis
1538 612 1663 666 tam
1706 609 1951 681 copiose

293 698 645 771 scripserit?
671 702 789 756 Nec
830 699 975 756 satis
1021 702 1113 756 est
1155 698 1401 771 dixisse,
1437 698 1747 771 scripsisse
1793 699 1952 757 Basi-

291 787 443 845 lium
472 788 897 861 copiosissime
925 789 1001 844 de
1031 788 1304 845 asceticis
1329 788 1532 860 rebus,
1550 788 1657 845 sed
1678 789 1821 845 addi
1846 789 1952 845 de—

290 877 396 935 bet
419 894 732 934 summum
752 877 925 934 illum
947 878 1143 934 virum
1164 878 1386 935 centies
1406 878 1662 936 fratrum
1691 894 1952 936 conven-

294 973 422 1025 tum
439 967 700 1041 propriis
716 968 1088 1041 quibusdam
1112 967 1466 1025 nominibus
1487 968 1884 1040 signiﬁcasse,
1897 971 1953 1026 et

293 1061 497 1115 tamen
518 1073 594 1113 ne
616 1057 808 1115 semel
834 1058 1087 1130 quidem
1117 1073 1264 1114 voce
1297 1055 1518 1112 συνοδία
1542 1075 1723 1114 usum
1746 1058 1950 1126 fuisse,

292 1162 417 1204 non
459 1147 543 1203 ita
588 1147 881 1215 facturus,
917 1146 968 1203 si
1011 1147 1233 1203 horum
1277 1148 1716 1220 epuseulorum
1745 1152 1955 1205 auctor

292 1236 635 1293 exstitisset.
662 1239 851 1292 Voces
880 1236 1063 1305 enim,
1090 1252 1228 1309 qum
1257 1237 1442 1293 semel
1470 1237 1653 1295 alicui
1678 1237 1955 1311 scriptori

293 1326 673 1399 placuerunt,
718 1341 900 1399 sape,
936 1330 1004 1383 ut
1051 1326 1422 1399 experientia
1457 1326 1658 1394 docet,
1697 1326 1758 1384 in
1794 1328 1953 1385 illius

289 1415 460 1472 libris
486 1418 832 1485 occurrunt,
853 1415 1118 1472 maxime
1146 1416 1197 1471 si
1221 1432 1429 1472 earum
1462 1416 1952 1474 adhibendarum

292 1505 537 1563 occasio
565 1506 799 1579 passim
825 1504 1135 1562 offeratur.
1165 1506 1410 1562 Accedit
1436 1506 1619 1563 etiam
1649 1507 1817 1579 quod
1846 1507 1954 1563 ubi

216 1652 219 1655 λ
291 1596 355 1652 in
384 1596 477 1651 liis
505 1595 818 1668 opusculis
847 1610 1044 1651 sermo
1070 1595 1398 1652 instituitur
1427 1595 1502 1651 de
1522 1595 1776 1652 fratrum
1806 1612 1955 1669 prae-

291 1686 510 1759 posito,
541 1685 626 1741 ibi
668 1701 850 1741 voces
894 1684 1052 1751 illas,
1093 1686 1501 1759 καθηγούμενος,
1543 1688 1951 1761 προηγούμενος,

2058 517 2325 591 utrisque
2345 518 2582 591 Regulis
2596 521 2722 575 tam
2743 516 3122 573 brevioribus
3137 533 3326 591 quam
3340 516 3720 587 longioribus

2058 608 2274 665 eadem
2322 609 2582 679 indoles,
2621 609 2785 665 idem
2834 608 3168 679 ingenium,
3210 608 3425 664 eadem
3472 622 3717 664 morum

2059 704 2379 773 praecepta,
2400 701 2563 756 idem
2607 716 2765 756 vera;
2794 699 3034 772 pietatis
3073 714 3269 770 amor,
3294 698 3457 754 idem
3503 698 3631 755 vitii
3661 700 3720 754 et

2059 789 2291 863 peccati
2318 790 2561 847 odium:
2604 805 2728 846 uno
2757 788 2964 857 verbo,
3002 788 3158 845 inest
3186 788 3247 844 in
3278 786 3552 860 utrisque
3593 802 3720 843 non

2060 878 2310 952 quidem
2336 880 2534 952 major
2557 879 2863 946 severitas,
2886 895 3027 935 cum
3071 877 3382 935 severitate
3413 875 3720 946 Evangelii

2060 968 2260 1040 major
2278 984 2401 1025 non
2425 969 2519 1038 sit,
2544 969 2651 1024 sed
2679 968 2930 1039 majoris
2949 966 3281 1024 severitatis
3301 965 3479 1040 quasi
3500 965 3721 1022 umbra
3794 1006 3801 1013 κ

2060 1056 2366 1131 quaedam.
2384 1061 2449 1115 Et
2461 1075 2602 1115 vero
2615 1057 3014 1115 Combeﬁsius
3027 1073 3150 1113 non
3169 1056 3350 1113 aliam
3364 1055 3444 1113 ob
3464 1070 3720 1112 causam

2061 1148 2320 1218 Regulas
2350 1148 2604 1205 fusiores
2636 1147 2817 1204 simul
2856 1151 2914 1204 et
2959 1147 3224 1204 minores
3253 1145 3502 1219 respuit,
3532 1160 3718 1218 quam

2061 1238 2223 1311 quod
2246 1241 2517 1311 utraeque
2536 1238 2759 1312 pariter
2770 1237 3035 1295 Stoicum
3052 1235 3350 1310 quiddam
3376 1234 3720 1309 prmferant;

2061 1326 2139 1382 in
2154 1343 2349 1401 eoque
2393 1343 2506 1399 ego
2545 1344 2686 1385 eum
2715 1327 2918 1384 minus
2944 1325 3522 1401 reprehendendum
3551 1327 3718 1397 puto,

2063 1432 2203 1473 cum
2226 1433 2288 1473 re
2316 1417 2450 1490 ipsa
2470 1422 2742 1491 utraeque
2765 1434 2836 1473 ex
2864 1432 3041 1489 aequo
3071 1431 3292 1472 severm
3319 1430 3449 1472 esse
3478 1413 3725 1470 videan-

2062 1510 2179 1563 tur.
2214 1509 2379 1564 Certe
2420 1508 2468 1563 si
2510 1507 2646 1580 quis
2692 1506 2872 1562 hodie
2903 1506 2986 1562 ita
3028 1506 3294 1573 sentiret,
3327 1509 3394 1561 ut
3432 1503 3725 1560 Basilium

2062 1597 2312 1666 quidem
2336 1614 2695 1671 magnarum
2710 1596 3074 1667 Regularum
3096 1599 3406 1652 auctorem
3428 1610 3564 1650 esse
3585 1593 3729 1649 fate-

2063 1691 2248 1754 retur,
2282 1687 2661 1743 Eustathium
2691 1703 2835 1743 vero
2866 1701 3193 1758 parvarum
3234 1689 3549 1758 parentem
3593 1698 3725 1739 esse

291 1776 802 1850 προκαθηγούμενος,
837 1774 1172 1846 saepissime
1212 1778 1539 1846 usurpatas
1585 1774 1953 1844 invenimus,
1994 1786 2036 1841 Β
2065 1776 2474 1847 contenderet,
2504 1775 2570 1832 'is
2606 1774 2782 1832 valde
2827 1774 3147 1831 miraretur
3195 1774 3394 1830 Stoica
3439 1772 3726 1847 quaedam

292 1865 378 1920 sie
399 1867 467 1920 ut
489 1863 702 1921 novies
728 1867 833 1920 aut
860 1863 1062 1920 decies
1092 1863 1373 1933 legantur
1402 1879 1415 1918 :
1449 1864 1624 1935 cujus
1650 1864 1730 1920 rei
1761 1880 1956 1921 unum

292 1959 396 2012 aut
409 1954 673 2021 alterum
693 1954 1041 2027 exemplum
1059 1954 1325 2029 proferre
1340 1953 1503 2010 libet.
1521 1958 1605 2015 Ita
1619 1955 1801 2025 igitur
1815 1954 1957 2026 legi-

290 2050 387 2102 tur
410 2046 475 2101 in
514 2044 811 2117 opusculo
862 2045 1059 2117 primo
1089 2045 1153 2118 (t.
1184 2048 1250 2115 ll,
1283 2059 1343 2116 p.
1386 2046 1553 2115 324):
1585 2045 1643 2099 'H
1672 2042 1731 2098 δὲ
1762 2044 1956 2117 ἀληθὴς

290 2141 380 2188 καὶ
423 2134 592 2189 τελεία
628 2137 830 2193 ὑπακοὴ
883 2144 978 2188 τῶν
1027 2138 1337 2208 ὑπογειρίων
1388 2138 1519 2209 πρὸς
1564 2139 1651 2188 τὸν
1691 2138 1958 2209 καθηγού-

290 2243 458 2297 μενον,
477 2229 593 2280 etc.
625 2226 777 2281 Vera
799 2230 997 2281 autem
1023 2231 1077 2282 et
1106 2228 1380 2295 perfecta
1403 2226 1779 2284 subditorum
1810 2241 1956 2297 erga

287 2316 641 2385 praefectum
698 2314 1068 2386 obedientia,
1127 2320 1241 2372 etc.
1300 2318 1367 2373 In
1425 2314 1693 2373 secundo
1750 2319 1955 2372 autem

293 2404 378 2477 (p.
410 2405 538 2475 322)
567 2404 652 2460 sic
679 2421 692 2459 :
724 2403 859 2458 Ἀλλ’
889 2403 936 2456 ἐν
982 2413 1043 2478 τῇ
1094 2404 1304 2479 ἐξουσίᾳ
1349 2414 1441 2460 τοῦ
1480 2408 1874 2478 καθηγουμένου
1920 2407 1949 2463 ἡ

293 2501 496 2568 χρῆσις
544 2496 691 2559 ἔστω,
747 2492 802 2545 ἐκ
855 2502 956 2546 τῶν
1006 2504 1188 2548 κοινῶν
1239 2500 1297 2548 τὸ
1355 2494 1671 2554 κατάλληλον
1728 2494 1951 2547 ἑκάστου

290 2586 657 2658 χρησιμεύειν,
690 2587 826 2637 κατὰ
852 2589 941 2642 τὴν
972 2593 1063 2638 τοῦ
1091 2590 1484 2659 προηγουμένου
1516 2587 1802 2658 ὑφήγησιν,
1832 2584 1952 2641 Sed

290 2688 433 2729 usus
457 2675 533 2730 sit
560 2688 734 2742 penes
756 2675 1137 2747 praefectum,
1165 2677 1252 2732 ita
1282 2681 1349 2731 ut
1387 2675 1549 2746 quod
1573 2675 1785 2746 cuique
1814 2689 1948 2730 con-

283 2763 467 2831 venit,
508 2762 573 2819 id
603 2778 679 2820 ea:
718 2764 1134 2821 communibus
1165 2765 1480 2822 tribuatur
1517 2767 1709 2835 juxta
1755 2764 1949 2820 mode-

277 2854 494 2908 ratoris
559 2859 951 2923 praeceptum.
1009 2856 1074 2909 In
1136 2854 1421 2924 genuinis
1475 2859 1678 2910 autem
1748 2852 1947 2909 Basilii

275 2941 580 3010 Asceticis,
613 2942 725 2998 etsi
771 2943 835 2998 in
882 2942 1035 3015 ipsis
1077 2943 1301 2999 centies
1346 2960 1547 3000 sermo
1575 2944 1837 3001 habetur
1867 2942 1945 2997 de

273 3030 784 3087 monasteriorum
809 3030 1128 3103 praefectis,
1160 3047 1471 3105 nusquam
1496 3037 1701 3090 tamen
1731 3032 1811 3089 ad
1835 3048 1941 3090 eos

2065 1864 2357 1935 dogmata
2379 1865 2440 1921 in
2467 1864 2709 1937 magnis
2737 1863 2978 1935 Regulis
2999 1879 3037 1919 a
3063 1862 3430 1920 Combeﬁsio
3449 1861 3726 1931 inveniri,

2065 1971 2205 2012 cum
2245 1955 2466 2028 ipsein
2495 1955 2580 2011 eis
2623 1954 2774 2010 nihil
2801 1953 2917 2010 tale
2945 1953 3144 2009 inesse
3190 1955 3475 2009 cerneret.
3519 1954 3586 2008 Et
3614 1966 3727 2007 nos

2065 2062 2312 2120 quoque
2335 2047 2453 2102 hoc
2484 2045 2647 2103 idem
2678 2045 2878 2101 dicere
2915 2044 3241 2115 habemus,
3263 2043 3338 2110 ei,
3366 2043 3472 2116 qui
3498 2042 3582 2099 ita
3625 2045 3732 2098 Re-

2066 2135 2244 2206 gulas
2263 2134 2568 2206 longiores
2605 2135 2918 2208 probaret,
2943 2137 3008 2190 ut
3046 2133 3311 2190 minores
3336 2131 3415 2189 ob
3436 2131 3729 2189 austerio-

2062 2240 2191 2281 rem
2232 2224 2577 2281 doctrinam
2614 2223 2988 2297 reprobaret,
3019 2222 3299 2279 videlicet
3326 2238 3440 2279 nos
3479 2236 3732 2295 magno-

2063 2330 2205 2389 pere
2227 2314 2454 2381 mirari,
2479 2314 2558 2371 ab
2579 2314 2714 2386 ipso
2735 2313 2798 2369 in
2824 2312 3063 2385 Regulis
3088 2311 3463 2369 brevioribus
3482 2310 3729 2384 reperiri

2061 2405 2328 2460 Stoicum
2351 2403 2669 2478 quiddam,
2686 2420 2826 2460 cum
2847 2419 2952 2460 eas
2985 2420 3021 2460 a
3044 2402 3381 2460 Stoicorum
3417 2400 3730 2456 severitate

2058 2493 2239 2565 longe
2262 2494 2476 2550 abesse
2504 2493 2842 2550 videamus.
2876 2496 2959 2549 Ex
2982 2493 3077 2549 his
3108 2498 3334 2561 autem,
3357 2508 3493 2565 quae
3520 2492 3726 2547 hacte-

2058 2599 2175 2641 nus
2218 2583 2504 2651 diximus,
2535 2583 2584 2639 si
2632 2582 2783 2639 nihil
2830 2581 3043 2653 aliud,,
3072 2581 3223 2637 illud
3268 2581 3519 2655 quidem
3567 2584 3725 2637 certe

2056 2672 2420 2737 ostenditur,
2447 2671 2698 2728 unicum
2728 2674 3177 2742 argumentum,
3202 2669 3371 2744 quod
3391 2670 3469 2727 ad
3499 2669 3723 2742 impro-

2054 2761 2294 2818 bandas
2343 2760 2649 2817 breviores
2688 2760 2949 2831 Regulas
2992 2759 3239 2834 proprie
3283 2758 3483 2815 afferri
3509 2762 3720 2830 potest,

2053 2850 2219 2907 futile
2250 2867 2380 2907 esse
2412 2855 2469 2907 et
2503 2866 2723 2906 vanum
2752 2868 2765 2907 :
2815 2849 2943 2917 sed,
2992 2854 3059 2906 ut
3094 2865 3303 2906 verum
3338 2848 3549 2917 fatear,
3592 2863 3719 2904 non

2052 2941 2399 2999 necessario
2422 2940 2714 3014 sequitur,
2741 2939 2790 2996 si
2812 2944 3083 3013 utraeque
3109 2939 3349 3008 Regula:
3370 2942 3428 2995 et
3453 2937 3717 3009 majores

2050 3036 2110 3089 et
2137 3031 2407 3087 minores
2436 3047 2507 3086 ex
2534 3046 2712 3103 aequo
2744 3044 2966 3086 severae
2992 3032 3156 3098 sunt,
3187 3029 3354 3102 ipsas
3396 3028 3474 3084 ab
3504 3042 3629 3083 uno
3658 3030 3716 3084 et

269 3117 711 3188 signiﬁcandos
736 3135 821 3175 eas
853 3135 1012 3192 quas
1052 3120 1177 3177 dixi
1215 3137 1397 3178 voces
1431 3127 1802 3195 usurpentur
1832 3124 1936 3197 (a).
1970 3143 2017 3200 D
2050 3122 2266 3178 eodem
2289 3120 2578 3194 scriptore
2600 3120 2790 3176 editas
2811 3118 3014 3175 fuisse.
3040 3120 3234 3185 Quare
3257 3118 3308 3174 si
3328 3116 3711 3200 propositum

265 3210 399 3265 Non
429 3208 580 3266 nihil
608 3213 699 3265 est
717 3226 988 3283 quoque,
1011 3210 1180 3283 quod
1207 3212 1465 3285 scriptor
1492 3213 1938 3271 monachorum

264 3297 513 3354 vivendi
532 3298 831 3355 rationem
853 3306 1029 3356 vocat
1051 3302 1240 3357 vitam
1258 3301 1763 3374 philosophicam.
1787 3306 1938 3360 Nam

261 3386 402 3459 ipso
445 3386 616 3442 initio
663 3387 917 3443 secundi
966 3390 1266 3445 sermonis
1303 3393 1469 3463 (pag.
1499 3392 1628 3462 323)
1666 3392 1750 3448 ita
1796 3393 1938 3449 seri-

262 3480 442 3549 ptum
469 3481 594 3531 est:
629 3476 781 3528 Οὕτω
815 3482 905 3529 καὶ
933 3481 1055 3539 τοὺς
1083 3486 1144 3550 τῇ
1180 3477 1441 3551 ἀσκητικῇ
1480 3486 1938 3554 προσερχομένους

264 3566 402 3638 ζωῇ,
436 3568 614 3628 πάσης
643 3565 770 3627 ὕλης
800 3564 1059 3639 βιωτικῆς
1085 3570 1466 3641 γυμνωθέντας,
1501 3568 1641 3631 ἐντος
1679 3578 1770 3622 τοῦ
1800 3574 1936 3624 κατὰ

264 3654 574 3729 φιλοσοφίαν
603 3656 846 3727 γενέσθαι
876 3654 1020 3728 βίον.
1053 3656 1149 3712 Ιια
1180 3657 1359 3714 etiam
1385 3658 1491 3729 qui
1512 3659 1594 3714 ad
1613 3660 1932 3716 asceticum

264 3745 406 3802 vita:
446 3760 636 3816 genus
665 3745 983 3813 accedunt,
1015 3747 1182 3802 omni
1206 3762 1273 3803 re
1300 3748 1505 3803 saeculi
1530 3748 1711 3819 hujus
1741 3750 1928 3817 exuti,

262 3834 454 3891 vitam
495 3833 977 3904 philosophicam
1022 3835 1474 3907 ingrediantur.
1526 3836 1777 3893 Basilius
1825 3854 1929 3895 au-

259 3927 406 3987 tem,
430 3922 542 3978 etsi
571 3922 775 3978 multis
796 3923 1134 3980 admodum
1156 3924 1309 3982 locis
1341 3925 1417 3981 de
1442 3925 1781 3984 monastica
1801 3927 1929 3985 vita

2048 3211 2294 3284 assequi
2323 3211 2601 3280 velimus,
2624 3209 2755 3266 aliis
2787 3209 3155 3280 argumentis
3186 3198 3435 3265 utamur
3462 3223 3710 3264 necesse

2047 3309 2157 3360 est.
2190 3303 2456 3359 Primum
2476 3301 2657 3373 igitur
2679 3300 2727 3358 si
2756 3316 2882 3374 qua
2904 3299 3055 3356 ratio
3076 3298 3364 3356 habenda
3395 3303 3486 3355 est
3514 3297 3707 3357 homi-

2046 3407 2196 3449 num
2223 3391 2500 3448 omnium
2527 3390 3072 3463 consensus,cujus
3093 3386 3501 3445 debethaberi
3521 3387 3710 3443 maxi-

2045 3498 2170 3551 ma,
2191 3482 2374 3555 plane
2406 3481 2709 3538 constabit
2738 3480 3103 3551 Regularum
3133 3479 3409 3535 omnium
3434 3494 3627 3534 unum
3649 3480 3707 3533 et

2045 3571 2329 3628 eumdem
2351 3575 2662 3626 auctorem
2690 3585 2843 3626 esse.
2868 3572 3018 3626 Nam
3039 3573 3177 3625 ante
3196 3573 3406 3626 nostra
3425 3574 3704 3641 tempora

2040 3660 2309 3734 reperias
2354 3658 2687 3728 neminem,
2736 3659 2842 3732 qui
2886 3657 3194 3727 longiores
3241 3674 3277 3714 a
3319 3657 3701 3714 brevioribus

2041 3748 2282 3821 Regulis
2308 3764 2582 3821 unquam
2606 3746 2964 3802 distinxerit.
2981 3747 3205 3802 Omnes
3228 3745 3407 3802 totius
3426 3745 3701 3813 Ascetici,

2036 3838 2208 3913 quod
2236 3837 2311 3894 de
2356 3836 2545 3894 Pbotii
2576 3835 2873 3892 sententia
2901 3839 3194 3908 utrasque
3224 3833 3483 3904 Regulas
3532 3850 3698 3890 com-

2034 3927 2335 4001 plectitur,
2358 3941 2550 3982 unum
2572 3929 2629 3982 et
2647 3924 2941 3981 eumdem
2955 3929 3266 3982 auctorem
3289 3940 3525 3997 semper
3543 3923 3699 3980 fece-

253 4010 549 4084 loquitur,
594 4027 914 4085 nunquam
976 4019 1204 4082 tamen,
1265 4018 1330 4070 ut
1384 4014 1531 4071 alibi
1585 4015 1768 4087 etiam
1820 4032 1926 4074 no-

254 4099 406 4157 tabo
449 4101 548 4173 (b),
582 4116 655 4157 ea
698 4101 941 4157 dicendi
978 4101 1243 4159 formula
1291 4119 1442 4159 usus
1497 4108 1604 4161 est.
1653 4105 1927 4163 Arbitror

252 4190 442 4261 igitur
493 4191 607 4246 has
664 4190 1230 4249 lucubratiunculas
1283 4194 1524 4267 spurias
1571 4210 1705 4251 esse
1743 4201 1925 4269 atque

255 4279 658 4340 adulterinas.
696 4297 809 4338 nec
857 4282 937 4337 ob
986 4281 1171 4338 aliam
1216 4299 1472 4340 causam
1519 4283 1673 4341 inter
1729 4286 1924 4343 Basilii

256 4370 544 4426 Ascetica
568 4387 604 4427 a
630 4369 892 4426 librariis
922 4372 1152 4443 positas
1184 4371 1390 4446 fuisse,
1423 4390 1613 4447 quam
1647 4374 1816 4447 quod
1844 4375 1923 4432 ad

251 4460 421 4517 idem
451 4463 879 4530 argumentum
912 4460 1302 4531 pertinerent.

254 4559 388 4628 §XL
407 4557 563 4635 Pars
579 4563 825 4635 quarta,
840 4558 944 4613 ubi
960 4558 1299 4614 ostenditur
1313 4561 1681 4635 Regularum
1698 4564 1923 4635 longio-

281 4646 420 4687 rum
440 4634 494 4685 et
514 4629 851 4686 breviorum
870 4645 1056 4685 unum
1076 4636 1128 4687 et
1146 4631 1413 4687 eumdem
1433 4638 1736 4690 auctorem
1756 4629 1897 4692 esse.

329 4732 421 4784 33.
462 4728 650 4783 Fuere
708 4727 814 4800 qui
866 4727 1249 4785 tradiderunt
1308 4729 1561 4802 Begulas
1609 4732 1917 4802 longiores

254 4816 462 4873 Basilii
503 4815 758 4888 quidem
802 4833 955 4887 esse,
1007 4817 1116 4873 sed
1161 4817 1468 4874 breviores
1511 4819 1679 4877 alteri
1734 4820 1915 4878 tribui

249 4910 562 4978 oportere;
599 4905 651 4961 si
674 4922 799 4961 non
821 4906 1124 4971 dixerunt,
1153 4912 1216 4963 at
1243 4912 1489 4980 putasse
1518 4914 1722 4965 tamen
1751 4910 1915 4969 credi

251 5000 529 5069 possunt.
554 4994 860 5068 Praecipua
882 5000 1088 5052 autem
1114 5012 1319 5069 causa,
1336 5013 1444 5053 cur
1466 4998 1576 5054 has
1597 5004 1912 5071 suspectas

247 5083 599 5153 habuerint,
627 5084 756 5141 haec
803 5092 911 5152 est,
943 5086 1112 5159 quod
1153 5086 1299 5160 ipsis
1328 5088 1472 5145 visae
1507 5087 1627 5144 sint
1654 5090 1912 5147 severio-

246 5190 373 5245 res,
392 5174 713 5246 magisque
735 5191 771 5231 a
790 5176 1211 5232 moderatione
1233 5176 1460 5235 alienae.
1488 5178 1625 5247 Sed,
1654 5180 1704 5236 si
1723 5179 1911 5237 semel

245 5264 616 5320 damnentur
661 5264 899 5336 Regulae
935 5264 1242 5322 breviores
1276 5268 1608 5324 severitatis
1657 5270 1906 5341 majoris

246 5351 516 5424 nomine,
546 5368 934 5427 consequens
974 5356 1087 5413 erit
1127 5360 1191 5412 ut
1222 5361 1278 5414 et
1314 5356 1619 5429 longiores
1660 5375 1906 5434 quoque

2032 4022 2196 4074 runt.
2210 4016 2428 4083 Quales
2448 4020 2588 4072 sunt
2608 4014 3033 4088 Hieronymus,
3059 4015 3332 4086 Ruﬁnus,
3350 4015 3692 4080 Cassianus,

2036 4108 2428 4175 Sozomenus,
2447 4105 2840 4173 Justinianus,
2859 4104 3122 4173 Pbotius,
3145 4104 3384 4171 Suidas,
3404 4103 3696 4177 Nicepho-

2032 4212 2156 4268 rus,
2184 4199 2395 4251 auctor
2421 4192 2899 4252 Combeﬁsianus
2920 4194 3016 4266 (c),
3041 4193 3145 4267 qui
3170 4198 3231 4250 ut
3257 4192 3586 4263 longiores,
3610 4191 3696 4248 ita

2030 4285 2343 4342 breviores
2365 4283 2621 4355 Regulas
2643 4282 2757 4340 sibi
2776 4283 3061 4340 vindicat.
3082 4286 3203 4339 Hoc
3226 4282 3389 4339 idem
3409 4286 3466 4338 et
3484 4296 3692 4337 recen-

2030 4375 2211 4431 tiores
2241 4388 2489 4447 quoque
2532 4371 2882 4447 prmstitere.
2923 4372 3042 4430 Etsi
3078 4372 3241 4429 enim
3278 4372 3341 4428 in
3381 4371 3690 4427 sententiis

1958 4490 2002 4548 ρ
2031 4463 2326 4521 dissident
2346 4465 2503 4520 inter
2523 4479 2608 4533 se,
2635 4466 2840 4520 tamen
2861 4463 2921 4519 in
2945 4479 3016 4519 eo
3037 4462 3420 4519 consentiunt
3449 4478 3686 4534 omnes,

2032 4553 2199 4628 quod
2230 4558 2516 4627 utrasque
2544 4552 2801 4624 Regulas
2826 4552 2933 4609 uni
2960 4556 3020 4609 et
3037 4551 3233 4609 eidem
3255 4553 3483 4609 auctori
3508 4553 3687 4609 ascri-

2026 4642 2198 4701 bant.
2232 4646 2317 4711 Et,
2351 4648 2417 4699 ut
2461 4643 2700 4699 interim
2749 4642 2973 4699 multos
3015 4641 3313 4709 omittam,
3349 4641 3683 4700 nominabo

2029 4733 2381 4801 Scultetum,
2429 4732 2882 4803 Combeﬁsium,
2931 4732 3201 4789 Natalem
3248 4731 3681 4801 Alexandrum,

2023 4823 2491 4894 Tillemontium,
2522 4821 2896 4879 Ludovicum
2938 4821 3265 4894 Dupinum.
3300 4821 3471 4888 Quod
3504 4821 3551 4877 si
3595 4826 3683 4879 tot

2022 4912 2343 4993 hominum
2365 4911 2705 4993 testimonia
2726 4911 2999 4968 suﬂicere
3017 4927 3140 4968 non
3165 4910 3499 4981 videantur,
3519 4911 3680 4983 ejus-

2021 5003 2162 5059 dem
2188 5003 2274 5059 rei
2294 5000 2505 5059 testem
2531 5001 2838 5059 adhibebo
2862 5001 3064 5074 ipsum
3089 5000 3451 5071 Regularum
3474 5006 3678 5059 aucto-

2018 5108 2169 5149 rem.
2205 5090 2490 5165 lncipiam
2521 5091 2600 5147 ab
2630 5107 2703 5148 ea
2730 5091 2965 5162 regula,
2997 5106 3133 5164 quae
3178 5090 3334 5147 inter
3370 5089 3679 5148 breviores

2020 5181 2290 5239 secunda
2337 5186 2445 5250 est,
2489 5181 2597 5238 ubi
2646 5180 2730 5237 sic
2778 5180 3032 5251 legitur:
3092 5183 3297 5233 Τούτων
3347 5177 3408 5234 δὲ
3456 5183 3673 5234 ἕκαστον

2016 5272 2128 5326 οἵαν
2170 5274 2284 5343 ἔχει
2323 5267 2546 5345 δύναμιν
2586 5274 2788 5346 εἴρηται
2823 5270 2871 5322 ἐν
2900 5290 2973 5342 τῳ
3010 5275 3129 5345 περὶ
3159 5270 3318 5323 αὐτοῦ
3354 5269 3671 5344 ἐρωτήματι.

2017 5363 2267 5433 Qualem
2312 5367 2512 5419 autem
2543 5362 2662 5418 vim
2694 5360 2912 5418 habeat
2938 5360 3154 5418 horum
3184 5350 3671 5433 unumquodque,

319 5529 406 5675 ((613
444 5508 797 5675 {3381:3203-
2084 5540 2163 5614 (c)
2200 5542 2353 5615 Lege
2378 5542 2577 5602 Basil.
2603 5541 2903 5615 recensit.,
2934 5543 2976 5598 t.
3009 5543 3078 5613 II,
3105 5555 3166 5614 p.
3199 5543 3319 5597 101.

322 5602 406 5675 (b)
444 5607 507 5659 In
537 5603 703 5677 praef.
734 5618 797 5661 n.
830 5608 920 5662 37.
