4092 6382
399 313 465 367 83
1870 369 1874 374 γ
1920 304 2304 361 ΡΒᾸΞΡΑΤΙΟ.
3755 309 3824 364 84

396 435 626 490 dictum
657 437 738 489 est
768 432 832 488 in
877 446 967 504 ea,
995 447 1126 504 qum
1155 432 1236 488 ad
1266 432 1376 488 hoc
1403 433 1688 502 pertinet,
1717 435 2054 502 interroga-
2094 438 2140 491 Α
2169 432 2421 505 passivo
2447 434 2694 506 ponitur
2716 435 2816 503 (b),
2843 437 2899 490 et
2925 436 3125 490 tamen
3148 431 3648 504 signiﬁcationem
3683 431 3822 487 acti-

397 527 574 581 tione.
610 524 948 581 Obscurum
989 529 1194 579 autem
1241 539 1367 579 non
1402 528 1510 590 est,
1544 527 1608 580 ut
1651 525 1779 594 jam
1821 522 2054 595 pridem

393 613 804 671 Tillemontius
849 613 1103 680 notavit,
1146 613 1264 668 hoc
1306 613 1441 669 loco
1488 614 1743 669 indicari
1790 613 2056 683 regulam

391 706 547 761 inter
575 719 835 774 magnas
883 708 1186 772 octavam,
1218 720 1358 758 cum
1394 703 1453 759 in
1486 719 1558 758 ea
1589 703 1871 758 secunda:
1902 702 2057 758 illius

395 794 684 849 brevioris
715 793 936 863 regula)
982 798 1410 863 argumentum
1453 794 1701 865 copiose
1747 797 2053 848 tractetur.

392 887 569 940 Nunc-
607 883 915 956 proferam
958 883 1109 958 alios
1159 887 1277 938 tres
1323 883 1491 938 locos
1537 884 1784 939 minime
1811 882 2053 950 dubios,

391 989 656 1046 quorum
678 972 942 1045 primum
967 973 1097 1043 jam
1120 972 1372 1043 protulit
1397 972 1468 1042 is,
1487 989 1672 1044 quem
1702 972 1887 1028 modo
1909 971 2051 1042 dixi,

389 1065 482 1121 vir
505 1063 948 1120 eruditissimus
973 1063 1404 1119 Tillemontius.
1429 1064 1483 1117 Is
1517 1069 1720 1120 autem
1747 1063 1916 1119 locus
1941 1063 2056 1136 pri-

389 1171 528 1211 mus
554 1153 858 1210 invenitur
879 1153 938 1208 in
968 1153 1133 1208 brevi
1162 1153 1373 1222 regula
1409 1158 1785 1225 septuagena
1813 1158 2054 1225 quarta,

388 1245 495 1300 ubi
520 1245 603 1300 ita
632 1243 920 1316 scriptum
951 1242 1257 1305 invenitur
1285 1260 1297 1297 :
1331 1243 1682 1317 “inpensam
1717 1241 1775 1294 δὲ
1805 1248 1923 1316 περὶ
1955 1252 2052 1294 τῶν

388 1337 636 1387 τοιούτων
669 1333 718 1385 ἐν
758 1340 867 1394 τοῖς
913 1334 1050 1384 κατὰ
1084 1332 1274 1394 πλάτος
1315 1333 1601 1405 εἰρημένοις
1645 1332 2050 1405 ἀπεκρινάμεθα.

402 1425 617 1479 Verum
649 1422 723 1478 de
746 1423 841 1488 iis,
860 1423 962 1492 qui
983 1420 1335 1490 hujusmodi
1351 1427 1514 1488 sunt,
1540 1422 1602 1476 in
1629 1423 2054 1492 quaestionibus

385 1514 523 1584 fuse
543 1513 867 1582 explicatis
895 1510 1135 1566 uberius
1163 1511 1580 1578 respondimus
1609 1527 1629 1566 :
1659 1527 1781 1583 quo
1829 1510 1889 1566 in
1920 1511 2054 1567 loco

389 1617 681 1672 magnam
705 1601 969 1672 aliquam
988 1598 1267 1669 regulam
1291 1599 1459 1656 citari
1482 1600 1684 1655 vident
1704 1599 2054 1672 quicunque

389 1692 529 1749 caeci
558 1707 682 1747 non
715 1694 876 1746 sunt.
910 1692 1126 1758 Magna
1170 1694 1375 1745 autem
1405 1689 1615 1760 regula
1642 1689 1746 1745 illa
1791 1707 1927 1762 quin
1960 1690 2056 1746 hic

2170 539 2310 579 vam
2339 526 2572 580 retinet.
2607 525 2881 596 Ejusdem
2907 523 3143 594 generis
3168 528 3306 579 sunt
3325 528 3382 579 et
3404 523 3520 579 alia
3537 521 3823 596 quaedam

2167 613 2493 677 vocabula,
2520 631 2656 686 quae
2687 614 2902 686 cuique
2930 613 3046 670 alio
3070 613 3205 670 loco
3235 613 3430 682 legere
3459 613 3595 669 licet
3623 614 3715 683 (c),

2167 727 2194 793 §
2241 724 2326 779 ΧΙ.
2382 725 2539 779 Pars
2585 725 2819 795 quinta,
2871 725 2934 778 in
2983 739 3104 795 qua
3156 723 3494 779 ostenditur
3540 728 3824 793 utrasque

2239 798 2502 864 Regulus
2549 802 2602 851 et
2658 795 3128 851 Constitutiones
3188 797 3548 852 monasticas
3603 796 3712 849 uni
3765 799 3821 850 et

2239 869 2425 924 eidem
2457 869 2697 923 auctori
2726 867 2914 923 tribui
2943 883 3062 923 non
3093 868 3322 924 debere.

2238 978 2326 1030 34.
2370 973 2762 1029 Doctissimus
2807 974 2898 1029 vir
2929 973 3352 1042 Combeﬁsius,
3384 989 3523 1030 cum
3571 971 3823 1028 dixisset

2165 1068 2453 1135 utrasque
2480 1063 2739 1133 Regulus
2761 1069 2816 1120 et
2842 1063 3308 1119 Constitutiones
3329 1064 3697 1119 monasticas
3716 1060 3832 1116 uni

2166 1158 2222 1210 et
2251 1154 2450 1210 eidem
2482 1155 2758 1226 scriptori
2790 1155 3011 1209 ascribi
3042 1169 3167 1210 non
3210 1159 3509 1227 oportere,
3536 1154 3704 1209 visus
3737 1156 3826 1210 est

2164 1244 2368 1300 multis
2417 1245 2593 1317 quasi
2644 1244 3021 1316 paradoxum
3061 1244 3378 1316 quoddam
3424 1243 3728 1316 proferre:
3762 1244 3823 1298 in

2162 1351 2287 1408 quo
2319 1350 2432 1405 ego
2462 1351 2599 1390 eum
2621 1335 2842 1408 partim
2866 1334 3081 1408 probo,
3107 1335 3326 1407 partim
3354 1335 3656 1406 improbo.
3690 1333 3824 1391 Mihi

2162 1425 2322 1481 enim
2350 1426 2610 1490 videtur,
2642 1425 2806 1498 quod
2846 1426 3149 1496 ejusmodi
3197 1425 3420 1498 scripta
3457 1441 3580 1481 non
3624 1425 3731 1480 uni
3767 1428 3826 1481 et

2164 1515 2361 1570 eidem
2403 1515 2634 1570 homini
2671 1515 3054 1571 attribuenda
3097 1530 3227 1570 esse
3278 1515 3530 1582 censuit,
3562 1517 3720 1569 recte
3751 1529 3823 1570 ac

2163 1621 2303 1661 vere
2326 1605 2636 1676 judicasse
2661 1624 2673 1661 :
2709 1605 2813 1660 sed
2842 1605 2899 1660 in
2924 1620 2995 1661 eo
3026 1620 3332 1678 peccasse,
3359 1604 3527 1678 quod
3551 1605 3824 1660 neutrius

2165 1694 2366 1766 operis
2387 1709 2601 1750 verum
2625 1682 2936 1750 auctorem
2959 1694 3302 1765 assignarit.
3331 1693 3445 1750 Sed
3471 1693 3545 1748 de
3572 1693 3665 1747 his
3689 1707 3822 1766 pos-

391 1781 704 1849 citatur,in
725 1780 966 1849 magnis
987 1778 1190 1834 locum
1214 1779 1538 1851 septimum
1560 1783 1740 1842 tenet,
1771 1779 1829 1835 in
1864 1797 2056 1852 eaque
2097 1793 2137 1846 Β
2166 1788 2281 1841 tea.
2312 1787 2448 1840 Jam
2479 1785 2766 1841 adnotavi
2799 1801 2961 1848 eum,
2994 1801 3178 1858 quem
3218 1785 3403 1840 modo
3448 1783 3592 1850 dixi,
3626 1783 3821 1839 erudi-

392 1873 526 1929 fuse
557 1871 894 1944 explicatur
934 1869 1103 1941 quod
1129 1869 1190 1924 in
1220 1868 1480 1924 breviori
1527 1869 1741 1941 paucis
1770 1871 2058 1942 perstrin-

394 1964 572 2034 gitur.
597 1961 727 2018 Alia
757 1961 880 2016 duo
905 1958 1184 2032 exempla
1214 1959 1670 2016 evidentissima
1691 1976 2054 2032 proponam.

397 2058 596 2111 Unum
642 2067 886 2107 sumam
927 2067 958 2107 e
999 2051 1212 2120 regula
1255 2051 1589 2107 centesima
1629 2051 1798 2107 tertia
1837 2051 1897 2106 in
1937 2068 2061 2124 qua

395 2143 722 2218 propositae
765 2141 880 2197 sibi
923 2140 1277 2213 quaestionis
1321 2141 1405 2196 ita
1435 2145 1648 2196 auctor
1689 2142 2055 2214 respondet:

399 2239 524 2308 Περὶ
554 2235 748 2284 τούτων
780 2234 983 2306 εἴρηται
1025 2238 1198 2302 σαφῶς
1239 2230 1290 2282 ἐν
1327 2238 1390 2303 τῇ
1433 2230 1728 2304 πλατντέρᾳ
1766 2233 2057 2306 ἀποκρίσει,

398 2327 486 2381 De
507 2324 598 2380 his
619 2323 928 2379 enucleate
947 2321 1178 2377 dictum
1209 2325 1292 2376 est
1325 2321 1388 2376 in
1415 2322 1628 2378 latiore
1658 2323 2060 2391 responsione.

403 2419 535 2471 Haec
567 2417 770 2469 autem
817 2410 992 2468 latior
1028 2411 1345 2482 responsio
1383 2410 1595 2480 regula
1643 2416 1732 2468 est
1771 2413 2062 2472 vicesima

405 2504 663 2577 septima
686 2503 839 2558 inter
868 2501 1151 2573 majores.
1181 2500 1447 2557 Alterum
1475 2501 1820 2574 exemplum
1843 2519 2063 2576 suppe-

402 2595 619 2651 ditabit
641 2593 884 2649 brevior
911 2591 1124 2662 regula
1153 2591 1568 2648 ducentesima
1593 2592 1903 2658 vicesima,
1923 2611 2060 2668 quae

403 2687 487 2742 sic
514 2683 764 2756 incipit:
800 2686 922 2756 Περὶ
961 2683 1156 2734 τούτων
1198 2684 1400 2755 εἴρηται
1440 2682 1488 2734 ἐν
1535 2690 1643 2744 τοῖς
1672 2687 1806 2736 κατά
1845 2685 2056 2748 πλάτος,

400 2777 489 2832 De
527 2775 618 2830 his
643 2773 872 2830 dictum
902 2777 987 2828 est
1018 2773 1082 2827 in
1115 2773 1541 2843 qumstionibus
1567 2774 1768 2843 fusius
1797 2776 2061 2844 explica-

402 2866 497 2922 tis.
524 2862 765 2935 Legenti
795 2865 996 2917 autem
1024 2860 1328 2931 longiores
1357 2861 1617 2931 Regulas
1647 2868 1921 2919 occurret
1957 2865 2058 2920 tri-

401 2955 628 3013 cesima
649 2951 918 3020 tertia,in
938 2967 1062 3024 qua
1084 2951 1287 3008 multis
1307 2952 1508 3008 verbis
1529 2953 1872 3010 declaratur
1893 2955 2060 3027 quod

400 3046 462 3101 in
483 3045 598 3101 hac
622 3041 883 3099 breviori
902 3040 1166 3097 breviter
1181 3040 1408 3097 dictum
1431 3046 1536 3098 est.
1558 3043 1697 3098 Post
1716 3043 2061 3101 testimonia

2167 1874 2468 1931 tissimum
2489 1875 2683 1930 virum
2716 1891 2890 1930 suam
2924 1875 3274 1947 opinionem
3301 1875 3383 1930 ita
3407 1874 3729 1930 defendere
3759 1877 3826 1929 ut

2168 1971 2530 2034 argumenta
2561 1982 2671 2020 sua
2711 1965 2830 2020 fere
2875 1966 3082 2021 omnia
3125 1982 3196 2021 ex
3241 1964 3434 2020 nimia
3469 1964 3822 2034 regularum

2169 2055 2483 2111 severitate
2515 2060 2716 2128 petat:
2761 2055 2868 2111 sed
2910 2073 2980 2111 ea
3026 2055 3275 2112 fortasse
3308 2055 3360 2110 ei
3390 2054 3499 2110 soli
3528 2052 3824 2110 ﬁrmitatis

2171 2144 2398 2216 aliquid
2423 2144 2648 2200 habere
2669 2144 3051 2200 videbuntur.
3074 2148 3137 2200 Et
3157 2161 3300 2199 vero
3323 2145 3671 2216 quicunque
3703 2144 3825 2200 ani-

2173 2252 2272 2292 mo
2301 2251 2477 2308 aequo
2506 2234 2762 2305 [tegulas
2787 2241 2907 2291 tam
2938 2235 3244 2306 longiores
3285 2251 3474 2307 quam
3517 2234 3825 2291 breviores

2168 2325 2494 2394 legerint,ii
2513 2332 2669 2380 certe
2691 2341 2814 2397 quo
2836 2331 3008 2380 erunt
3030 2325 3604 2398 perspicaciores,eo
3626 2325 3829 2380 minus

2173 2416 2368 2472 Stoica
2388 2415 2488 2471 illa
2509 2415 2798 2485 dogmata
2819 2415 3127 2485 videbunt,
3164 2432 3301 2487 quae
3334 2415 3394 2470 in
3427 2414 3699 2486 utrisque
3729 2413 3826 2469 de-

2168 2505 2566 2578 prehendisse
2588 2521 2650 2560 se
2673 2504 2822 2560 falso
2847 2504 3639 2560 existimavitCombeﬁsius.
3656 2503 3829 2560 Plura

2171 2613 2280 2651 suo
2301 2596 2433 2651 loco
2455 2595 2529 2650 de
2553 2595 2867 2650 severitate
2894 2593 2993 2649 illa
3017 2594 3212 2650 Stoica
3233 2593 3327 2649 vel
3357 2595 3558 2666 potius
3580 2593 3826 2649 Combe-

2169 2686 2388 2742 ﬁsiana
2421 2704 2432 2741 :
2467 2701 2630 2740 nunc
2662 2685 2735 2740 de
2766 2684 2885 2740 alio
2915 2683 3022 2738 viri
3049 2683 3437 2739 eruditissimi
3468 2687 3826 2754 argumento

2166 2775 2354 2832 verba
2384 2775 2703 2830 faciamus.
2737 2778 2821 2828 lta
2866 2773 3044 2843 igitur
3071 2771 3337 2844 loquitur
3365 2773 3425 2827 in
3456 2788 3566 2828 suo
3596 2773 3827 2828 Basilio

2166 2866 2453 2922 recensita
2476 2867 2534 2935 (t.
2563 2868 2628 2933 ll,
2652 2881 2711 2936 p.
2735 2866 2863 2928 234)
2889 2881 2900 2918 :
2932 2864 3069 2932 Ipso
3098 2864 3300 2918 statim
3330 2864 3509 2918 titulo
3548 2868 3601 2918 et
3641 2877 3823 2933 argu-

2166 2959 2365 3010 mento
2415 2953 2926 3009 Constitutionum
2977 2951 3480 3020 monasticarum,
3530 2952 3719 3007 alium
3765 2966 3826 3007 se

2169 3051 2385 3103 auctor
2420 3045 2628 3114 prodit
2676 3042 2750 3098 ab
2793 3058 2879 3109 eo,
2931 3045 3103 3112 cujus
3151 3042 3467 3111 superiora
3513 3042 3715 3097 omnia
3756 3042 3827 3111 (si

399 3140 526 3191 tam
556 3136 721 3188 certa
745 3135 995 3202 tamque
1025 3128 1389 3198 indubitata,
1411 3131 1762 3203 opinionem
1789 3137 2060 3189 nostram
2099 3151 2141 3208 ρ
2165 3137 2330 3206 forte
2347 3135 2769 3204 praefationem
2798 3133 3107 3203 antiquam
3139 3131 3525 3202 libellumque
3551 3132 3630 3186 ad
3651 3131 3826 3189 οἷσκη-

400 3222 596 3291 magis
627 3219 976 3277 conﬁrmari
1004 3218 1153 3274 nihil
1176 3217 1422 3290 quidem
1451 3235 1697 3277 necesse
1722 3222 1882 3279 duco
1913 3240 1924 3278 :
1954 3223 2062 3279 sed

399 3317 606 3370 tamen
629 3325 756 3366 non
784 3309 1107 3378 indignum
1139 3313 1308 3381 puto,
1340 3309 1507 3382 quod
1536 3316 1792 3380 notetur,
1817 3312 2060 3369 easdem

399 3399 645 3458 dicendi
674 3397 988 3464 formulas,
1011 3413 1150 3470 quae
1180 3398 1243 3454 in
1269 3398 1605 3470 majoribus
1637 3400 1875 3469 Regulis
1900 3401 2061 3458 inve-

398 3492 671 3558 niuntur,
699 3489 760 3545 in
791 3487 1127 3544 minoribus
1153 3503 1400 3561 quoque
1442 3491 1709 3562 reperiri.
1740 3491 1944 3557 Qualis
1975 3497 2064 3549 est

398 3568 523 3650 illa,
551 3596 675 3652 qua
707 3578 960 3651 scriptor
987 3577 1070 3634 ita
1100 3578 1473 3650 Scripturam
1497 3579 1636 3636 citat
1659 3582 1736 3652 (a)
1763 3586 1824 3636 ut
1845 3581 2060 3638 adver-

398 3671 501 3729 bia
530 3669 814 3743 quaedam
844 3672 1196 3742 prteponat:
1221 3675 1323 3722 Τοῦ
1358 3674 1552 3744 Κυρίου
1583 3672 1862 3746 optaturi);
1894 3673 2062 3726 εἰπόν-

397 3780 502 3827 τος,
537 3763 673 3831 etc.,
725 3774 858 3815 cum
906 3758 1198 3814 Dominus
1247 3758 1441 3815 verbis
1489 3760 1840 3817 decretoriis
1887 3763 2058 3819 dixe-

397 3851 502 3917 rit,
523 3853 634 3907 etc.
668 3851 898 3904 Rursus
930 3847 1274 3920 cujusmodi
1305 3852 1395 3904 est
1419 3847 1541 3916 illa,
1570 3865 1705 3921 quae
1735 3850 1794 3905 in
1826 3867 1940 3907 usu
1967 3856 2060 3910 est

395 3939 563 4013 apud
591 3939 970 4012 scriptorem,
1004 3952 1144 3992 cum
1187 3935 1437 4010 aliquod
1469 3953 1658 4008 genus
1686 3940 2055 4012 praefecturae

394 4029 751 4102 exprimitur
774 4045 787 4082 :
814 4033 975 4079 ’Ὥστε
996 4029 1080 4079 τὸν
1112 4030 1201 4100 μέν
1227 4048 1343 4080 τινα
1373 4027 1636 4101 ὀφθαλμοῦ
1670 4029 1875 4101 ἐπέχειν
1899 4028 2055 4085 (iuva-

393 4141 500 4193 μιν,
556 4124 643 4177 τὴν
694 4116 983 4191 ἐπιμέλειαν
1031 4121 1119 4176 τὴν
1163 4121 1331 4175 κοινὴν
1375 4123 1796 4192 πεπιστευμένον·
1847 4122 1935 4177 ita
1986 4128 2054 4178 ut

391 4211 552 4266 alius
583 4208 820 4281 quidem
849 4208 1016 4264 oculi
1056 4207 1174 4263 vim
1202 4208 1486 4275 obtineat,
1521 4210 1620 4265 cui
1652 4210 1880 4266 scilicet
1919 4227 2053 4267 con-

391 4299 624 4356 credita
656 4303 739 4354 est
771 4297 1099 4353 communis
1132 4312 1333 4352 rerum
1376 4313 1568 4354 cura:
1607 4298 1710 4353 ubi
1754 4314 1876 4354 non
1910 4300 2051 4356 sim-

389 4388 623 4460 pliciter
670 4385 910 4453 dicitur,
943 4388 1029 4438 τὸν
1077 4395 1400 4461 προεστῶτα,
1431 4389 1754 4458 ρνκΐεσεαε
1803 4391 2050 4460 scilicet,

2173 3246 2255 3279 σιν
2312 3226 2697 3293 sanctiusque
2753 3223 3093 3278 institutum
3155 3221 3340 3278 levius
3391 3221 3824 3290 informantem

2170 3314 2514 3384 exceperis),
2548 3326 2868 3382 verumque
2898 3311 3218 3376 Basiliam,
3248 3310 3353 3382 qui
3375 3315 3428 3365 et
3449 3325 3543 3365 eos
3563 3309 3824 3379 erudiat,

2171 3408 2275 3477 qui
2295 3407 2355 3460 in
2375 3405 2657 3460 societate
2678 3417 2812 3457 cum
2845 3401 3116 3473 reliquis,
3140 3407 3193 3456 et
3216 3402 3322 3471 qui
3347 3401 3691 3455 solitariam
3712 3400 3830 3468 ipsi

2169 3510 2434 3552 seorsum
2457 3494 2641 3549 vitam
2665 3496 2886 3561 agant;
2908 3496 2972 3545 ut
3000 3496 3084 3546 est
3104 3497 3364 3562 utraque
3383 3489 3601 3544 militia
3619 3489 3825 3544 Eccle-

2169 3586 2272 3641 sia:
2312 3583 2596 3654 probata,
2625 3583 2920 3652 ducesque
2964 3581 3173 3636 habuit
3219 3586 3273 3636 et
3321 3579 3619 3635 antistites
3648 3584 3828 3650 atque

2169 3676 2429 3732 cultores
2450 3673 2608 3729 viros
2627 3673 2811 3742 plane
2829 3671 3085 3740 inclytos
3102 3688 3124 3733 ;
3143 3685 3277 3725 cum
3295 3669 3469 3738 prior
3488 3669 3593 3725 ille
3612 3674 3826 3724 auctor

2165 3767 2252 3822 sic
2277 3763 2581 3819 solitarios
2607 3767 2897 3831 perpetuo
2927 3760 3211 3816 insectari
3241 3759 3539 3826 videatur,
3572 3759 3825 3828 unisque

2165 3868 2533 3911 communem
2574 3852 2757 3907 vitam
2807 3849 3142 3920 agentibus,
3177 3848 3471 3920 quidquid
3516 3854 3598 3904 est
3645 3846 3823 3904 Chri-

2165 3947 2348 4001 tianm
2365 3941 2607 4014 pietatis
2629 3939 2950 3996 ascribere.
2979 3941 3206 4008 Fateor,
3235 3936 3400 4010 quod
3431 3936 3529 3992 hic
3550 3937 3631 3993 ait
3651 3940 3819 3993 Com-

2161 4033 2429 4097 beﬁsius,
2465 4029 2827 4099 Regularum
2859 4033 3169 4084 auctorem
3209 4026 3594 4083 anachoretis
3632 4025 3820 4082 infen-

2164 4123 2475 4179 sissimum
2525 4135 2677 4187 esse,
2729 4119 3102 4190 scriptorem'
3131 4133 3268 4172 vero
3313 4115 3818 4172 Constitutionum

2162 4211 2641 4269 monastiearum
2705 4211 2789 4262 e's
2847 4208 3068 4274 favere,
3123 4206 3520 4278 ipsorumque
3576 4205 3819 4262 vivendi

2162 4303 2458 4359 rationein
2480 4299 2762 4372 probare,
2787 4297 2846 4352 id
2870 4296 3014 4352 mihi
3041 4296 3227 4352 videri
3254 4299 3311 4352 et
3335 4295 3569 4351 ﬁrmius
3600 4300 3656 4352 et
3686 4311 3816 4365 gra-

2161 4391 2311 4457 vius,
2336 4406 2521 4463 quam
2554 4394 2640 4443 est
2671 4392 2792 4443 tota
2823 4386 2923 4442 illa
2953 4390 3076 4442 tam
3110 4401 3268 4458 saape
3299 4385 3378 4441 ab
3403 4384 3618 4441 eodem
3647 4388 3816 4443 Com-

392 4477 501 4533 sed
551 4492 659 4549 per
702 4474 1128 4548 periphrasim,
1162 4481 1249 4534 τὴν
1298 4474 1586 4549 ἐπιμέλειαν
1631 4482 1722 4536 τὴν
1762 4484 1937 4536 κοινὴν
1967 4499 2050 4532 πε·
2085 4510 2129 4564 D
2161 4481 2374 4537 beﬁsio
2432 4479 2748 4534 decantata
2810 4476 3143 4532 Stoicorum
3210 4475 3517 4531 severitas.
3587 4476 3816 4531 Etenim

387 4569 746 4640 πιστευμένον,
775 4565 1177 4622 Annumerari
1198 4568 1394 4638 potest
1421 4582 1560 4622 cum
1587 4566 1679 4622 his
1706 4571 1762 4622 et
1781 4567 1882 4624 illa
1904 4585 2048 4641 quo-

384 4674 527 4731 que,
556 4673 680 4730 qua
710 4671 888 4713 voces
914 4655 1255 4731 πληροφορεῖν
1282 4659 1338 4711 et
1375 4655 1702 4732 πληροφορίας
1732 4657 1793 4712 in
1826 4657 2047 4727 signiﬁ-

384 4747 623 4804 catione
671 4745 1088 4819 persuasionis
1119 4749 1494 4818 usurpantur
1523 4750 1610 4798 τὸν
1659 4750 1746 4818 μὲν
1792 4747 2044 4820 πληροφο-

381 4842 574 4909 ρὴσας,
608 4838 686 4888 ὅτι
714 4838 762 4903 ὁ,
795 4842 932 4902 etc.,
961 4836 1048 4891 sic
1075 4840 1140 4890 ut
1179 4835 1365 4891 alteri
1395 4836 1627 4906 quidem
1650 4842 2042 4906 persuaserit,

380 4932 442 4982 ut
482 4928 553 4995 si,
595 4930 706 4982 etc.
750 4929 818 4982 Et
861 4924 1000 4980 illuc
1046 4923 1192 4981 addi
1235 4929 1455 4996 potest,
1511 4925 1816 4997 quasdam
1865 4942 2044 4982 voces

379 5020 540 5072 certo
587 5014 862 5088 quodam
893 5013 1078 5070 modo
1128 5017 1432 5085 acceptas,
1465 5029 1600 5085 quae
1644 5029 1949 5087 nusquam
1981 5016 2041 5072 in

379 5104 618 5176 Regulis
648 5103 1031 5174 longioribus
1075 5106 1408 5175 ponuntur,
1439 5117 1746 5174 nusquam
1796 5120 2041 5177 quoque

373 5195 436 5251 in
481 5193 866 5250 brevioribus
898 5191 1197 5250 adhiberi.
1229 5191 1320 5246 Ad
1365 5191 1532 5263 quod
1565 5208 1758 5263 genus
1796 5198 1911 5249 tres
1946 5195 2039 5250 hae

371 5299 550 5340 voces
580 5283 940 5353 referuntur,
971 5281 1281 5360 φιλοσοφεῖν,
1307 5280 1602 5353 φιλοσοφία,
1630 5281 1925 5355 φιλόσοφος.
1949 5285 2037 5339 Ad

367 5373 532 5431 idem
578 5373 840 5446 pertinet
877 5370 1135 5428 verbum
1166 5373 1448 5438 ποιεῖσθαι,
1478 5386 1617 5427 cum
1667 5371 1727 5426 in
1764 5377 2035 5445 tempore

435 5553 520 5625 (a)
560 5554 698 5622 Leg.
723 5567 783 5607 n.
815 5554 904 5625 38.

433 5624 511 5696 (b)
554 5625 704 5695 Lege
732 5638 792 5678 n.
828 5624 918 5679 37.

2160 4569 2525 4638 Regularum
2575 4571 2786 4622 auctor
2832 4571 2954 4620 tam
3005 4565 3393 4620 vehementer
3425 4564 3725 4621 invehitur
3753 4564 3814 4620 in

2159 4659 2558 4716 anachoretas
2588 4657 2691 4728 (d),
2727 4662 2790 4710 ut
2820 4671 2960 4710 eum
2992 4655 3140 4726 ipsis
3167 4669 3442 4727 unquam
3471 4653 3692 4711 favisse
3717 4654 3814 4710 vix

2156 4750 2368 4806 credas
2398 4767 2408 4803 :
2445 4749 2548 4803 sed
2583 4755 2782 4804 tamen
2817 4762 2892 4801 ne
2935 4745 3051 4801 hoc
3080 4744 3328 4816 quidem
3381 4751 3811 4814 argumentum

2154 4839 2416 4895 arbitror
2463 4838 2540 4894 ad
2586 4835 3085 4909 persuadendum
3125 4834 3382 4890 multum
3411 4834 3629 4890 valere.
3663 4837 3812 4891 Nam

2150 4945 2358 4985 rarum
2387 4943 2510 4984 non
2535 4931 2642 4994 est,
2667 4934 2730 4982 ut
2751 4927 2885 4998 quis
2913 4924 3166 4979 diversis
3199 4924 3574 4996 temporibus
3595 4925 3808 4980 eadem

2151 5025 2207 5075 et
2233 5018 2449 5091 probet
2469 5021 2524 5072 et
2544 5015 2865 5087 improbet.
2893 5013 3038 5069 Fieri
3069 5028 3210 5082 ergo
3231 5014 3447 5085 potuit,
3471 5018 3534 5068 ut
3556 5013 3809 5083 Regula-

2150 5125 2285 5164 rum
2308 5107 2580 5178 scriptor,
2605 5105 2882 5177 quisquis
2905 5108 3014 5167 est,
3041 5103 3549 5158 anachoretarum
3572 5103 3810 5159 vivendi

2148 5198 2445 5253 rationem
2497 5194 2667 5250 valde
2716 5193 3091 5265 vituperarit,
3142 5208 3328 5266 quam
3379 5197 3556 5248 antea
3603 5199 3806 5248 tamen

2146 5287 2406 5342 multum
2430 5283 2756 5339 laudasset.
2784 5283 3086 5348 Quoniam
3108 5287 3310 5337 tamen
3335 5281 3449 5337 hoc
3479 5281 3611 5353 ipso
3633 5282 3695 5338 in
3717 5298 3806 5338 ar-

2144 5379 2433 5447 gumento
2457 5372 2572 5428 vim
2597 5372 2930 5427 maximam
2953 5370 3150 5428 inesse
3172 5369 3464 5438 existimo,
3490 5371 3539 5426 si
3561 5370 3804 5427 aliunde

2216 5552 2293 5619 (c)
2333 5549 2487 5606 Ibid.

2212 5624 2291 5693 (ίί)
2336 5625 2487 5693 Lege
2519 5637 2641 5694 reg.
2670 5627 2699 5678 7
2735 5622 2880 5694 maj.
