4092 6428
274 299 345 356 85
1770 286 2163 345 PREFATIO.
3642 299 3712 358 86

274 420 710 489 consideretur,
733 421 814 479 ab
832 436 908 478 eo
937 435 1062 478 non
1086 423 1214 478 tam
1240 418 1357 476 cito
1377 417 1711 477 discedam.
1736 416 1942 475 Scien-
1973 423 2022 479 Α
2058 417 2287 485 auctor,
2317 415 2383 473 in
2426 416 2669 489 Regulis
2704 417 3087 476 brevioribus
3141 420 3338 493 magis
3388 422 3716 494 indulgens

273 512 426 569 dum
472 528 617 583 ergo
664 511 1176 570 Constitutionum
1223 508 1705 566 monasticarum
1736 512 1945 593 aucto-

272 618 404 660 rem
430 603 939 660 auachoretarum
984 604 1207 657 statum
1251 614 1377 656 non
1415 599 1609 655 obiter
1633 614 1945 656 commen-

274 692 485 761 dasse,
508 692 615 749 sed
635 692 711 751 de
727 708 799 750 eo
825 690 1073 764 copiose
1086 693 1145 746 et
1163 689 1548 747 abundanter
1563 688 1943 746 disseruisse.

274 785 407 840 Non
438 783 602 839 enim
654 782 716 839 id
764 781 1007 838 vivendi
1053 795 1245 851 genus
1291 794 1415 836 uno
1462 782 1569 836 aut
1594 778 1780 837 altero
1807 779 1944 836 loco

273 872 515 947 probat,
544 872 651 929 sed
683 874 870 930 totam
895 869 1163 927 mediam
1193 869 1287 926 sui
1306 868 1506 942 operis
1523 874 1761 942 partem
1782 869 1845 926 in
1870 884 1944 927 eo

271 963 663 1023 informando
689 961 1089 1034 insumpsisse
1112 976 1176 1018 se
1205 960 1453 1027 tradidit
1478 961 1629 1034 ipse.
1662 962 1750 1019 Ita
1779 960 1943 1017 enim

271 1052 444 1110 initio
483 1051 697 1126 capitis
749 1054 814 1107 l8
858 1051 1130 1125 loquitur
1169 1062 1333 1124 (pag.
1367 1051 1532 1123 360):
1580 1056 1706 1125 Περὶ
1734 1053 1824 1124 μὲν
1854 1048 1942 1104 οὖν

272 1152 368 1198 τοῦ
392 1146 715 1197 καθέκαστον
748 1142 985 1201 ἀσκητοῦ
1015 1147 1104 1196 καὶ
1129 1149 1221 1195 τοῦ
1252 1145 1338 1195 τὸν
1369 1147 1569 1217 μονήρη
1614 1141 1731 1215 βίον
1761 1144 1941 1196 άσπα-

276 1239 501 1310 σαμένου
532 1239 580 1288 ἐν
611 1240 722 1297 τοῖς
750 1235 1060 1307 ἔμπροσθεν,
1090 1236 1161 1296 ὡς
1195 1233 1328 1301 ἐνῆν,
1364 1230 1733 1308 δεδηλώκαμεν
1757 1251 1770 1264 °
1804 1233 1943 1297 ὁπως

272 1330 369 1385 τήν
416 1345 469 1379 τε
516 1324 701 1396 ψυχὴν
746 1328 879 1398 πρὸς
928 1328 988 1376 τὸ
1041 1323 1196 1377 καλὸν
1249 1322 1500 1392 ἐξασκῶν,
1551 1327 1739 1377 καὶτὸ
1790 1333 1945 1397 σῶμα

270 1419 407 1490 πρὸς
452 1418 512 1468 τὸ
568 1410 683 1468 δέον
734 1414 1036 1487 οἰκονομῶν,
1088 1410 1288 1466 δύναιτ’
1334 1412 1395 1466 ἂν
1448 1414 1572 1486 ἡμῖν
1620 1417 1706 1467 τὸν
1747 1412 1937 1488 ἀκριϐῆ

272 1508 681 1580 χαρακτηρίσαι
732 1503 1098 1578 φιλόσομοφον.
1160 1502 1299 1558 Ἐπεὶ
1356 1499 1416 1557 δὲ
1472 1506 1521 1556 οἱ
1568 1503 1805 1558 πλεῖστοι
1841 1512 1941 1556 τῶν

272 1593 521 1653 ἀσκητῶν
585 1596 720 1648 κατά
770 1599 1092 1668 συστήματα
1140 1593 1517 1661 πολιτεύονται,
1581 1592 1822 1655 ἀλλήλοις
1875 1596 1944 1646 τὰ

274 1691 582 1759 φρονήματα
633 1688 766 1758 πρὸς
810 1682 998 1757 ἀρετὴν
1028 1686 1440 1758 παραθήγοντες,
1469 1687 1559 1736 καὶ
1606 1685 1669 1757 τῇ
1710 1691 1810 1736 τῶν
1839 1703 1939 1736 κα-

274 1776 624 1849 τορθωμάτων
656 1772 1061 1847 ἀντιπαραθέσει
1089 1783 1460 1848 παρορμῶντες
1485 1772 1699 1837 ἑαυτοὺς
1737 1773 1822 1826 ἐπὶ
1845 1778 1941 1833 τὴν

272 1871 363 1919 τοῦ
408 1863 569 1917 καλοῦ
614 1868 903 1937 προκοπὴν,
930 1859 1135 1916 δίκαιον
1176 1865 1437 1936 ᾠήθημεν,
1471 1863 1562 1915 καὶ
1603 1865 1809 1926 τούτοις
1845 1868 1939 1921 τὴν

273 1951 368 2008 διὰ
390 1963 489 2008 τῶν
518 1954 684 2027 λόγων
713 1953 1042 2029 παράκλησιν
1070 1954 1484 2026 εἰσενέγκασθαι.
1517 1956 1606 2011 Ac
1633 1956 1708 2010 de
1738 1959 1941 2011 asceta

271 2045 531 2117 quidem,
582 2045 690 2116 qui
729 2059 997 2100 seorsum
1045 2046 1191 2115 agit,
1245 2046 1550 2115 vitamque
1603 2044 1940 2101 solitariam

270 2137 587 2205 amplexus
610 2140 714 2206 est,
749 2135 1039 2205 dilucide,
1069 2141 1361 2207 quantum
1384 2136 1447 2191 in
1475 2135 1649 2192 nobis
1669 2146 1818 2206 erat,
1840 2151 1941 2192 su-

269 2227 472 2296 perius
501 2227 913 2292 disseruimus,
944 2227 1234 2297 quomodo
1263 2232 1319 2283 et
1357 2228 1628 2283 animum
1659 2242 1941 2285 exercens

273 2315 355 2372 ad
379 2316 615 2379 bonum,
646 2321 703 2373 et
729 2331 945 2386 corpus
966 2322 1107 2386 apte
1130 2322 1184 2373 et
1206 2321 1324 2373 rite
1351 2332 1722 2387 componens,
1744 2317 1941 2388 philo-

275 2404 527 2475 sophum
554 2407 886 2476 perfectum
917 2407 1087 2463 nobis
1116 2407 1446 2477 exprimere
1467 2409 1679 2477 possit.
1697 2408 1774 2464 At
1800 2422 1943 2478 quo-

276 2498 443 2552 niam
481 2502 811 2553 versantur
858 2498 1043 2553 simul
1091 2498 1155 2553 in
1211 2499 1633 2555 communitate
1678 2499 1943 2566 plurimi

277 2591 636 2653 ascetarum,
652 2588 920 2643 animum
939 2595 1149 2643 mutuo
1163 2594 1521 2645 exacuentes
1538 2588 1621 2645 ad
1635 2589 1936 2656 virtutem,

272 2680 332 2731 et
351 2682 508 2732 recte
528 2676 838 2746 factorum
853 2679 1304 2747 comparatione
1322 2679 1542 2748 seipsos
1564 2678 1647 2735 ad
1662 2693 1939 2748 progres-

267 2781 399 2821 sum
429 2766 493 2821 in
541 2766 690 2822 bono
716 2766 1074 2835 faciendum
1120 2769 1505 2835 concitantes,
1534 2783 1770 2840 aequum
1815 2784 1938 2824 esse

262 2854 635 2927 putavimus,
652 2856 759 2913 hos
774 2857 955 2914 etiam
966 2858 1338 2914 sermonibus
1356 2860 1575 2914 nostris
1592 2858 1935 2915 adhortari.

262 2947 351 3001 Ex
379 2945 601 3017 quibus
632 2946 895 3020 perspici
918 2952 1133 3019 potest,
1156 2953 1467 3005 auctorem
1484 2949 1566 3006 ita
1582 2965 1761 3004 suum
1780 2964 1936 3021 opus

256 3035 641 3107 divisisse,ut
664 3037 824 3094 illius
856 3042 981 3094 tota
1009 3038 1215 3095 media
1243 3055 1384 3112 pars
1406 3038 1486 3096 ad
1510 3038 1932 3111 anachoretas,

2053 503 2240 561 fuisse
2268 505 2332 562 in
2362 507 2764 565 anachoretas
2792 509 3104 581 putandus
3136 515 3243 579 est,
3276 528 3415 568 cum
3463 513 3525 569 in
3561 512 3714 587 ipsis

2051 594 2329 664 regulam
2362 596 2686 669 septimam
2706 598 3025 669 majorem,
3044 614 3234 671 quam
3255 602 3518 675 quisque
3541 603 3718 677 sequi

2051 682 2290 754 debeat,
2323 686 2461 743 citet
2491 687 2593 758 (a).
2622 689 2754 743 Jam
2783 703 2993 761 quaero
3034 688 3141 761 qui
3178 689 3307 746 ﬁeri
3336 692 3618 763 potuerit,
3648 696 3716 750 ut

2052 788 2211 830 unus
2242 778 2299 831 et
2326 775 2491 832 idem
2519 777 2707 833 homo
2729 778 2792 833 in
2824 793 2948 834 uno
2975 794 3159 850 opere
3187 779 3462 837 refutarit
3486 798 3622 854 quae
3653 782 3717 839 in

2051 861 2240 918 altero
2264 864 2622 937 scripsisset.
2645 866 2762 923 Sed
2791 865 3050 924 fortasse
3076 868 3340 941 cuipiam
3366 868 3426 924 in
3450 876 3717 929 mentem

2050 952 2247 1009 veniet
2273 954 2443 1026 quod
2463 955 2778 1028 aliquanto
2808 961 2948 1013 ante
2979 957 3266 1029 diximus,
3296 958 3575 1015 videlicet
3594 976 3719 1017 non

2049 1057 2189 1099 raro
2230 1044 2600 1116 contingere,
2632 1050 2697 1102 ut
2754 1046 2893 1120 quis
2939 1046 3112 1103 aliter
3156 1046 3288 1104 aliis
3336 1049 3719 1123 temporibus

2052 1132 2292 1190 sentiat.
2329 1134 2482 1191 Nihil
2533 1149 2677 1207 ergo
2708 1135 2981 1209 impedit,
3017 1136 3254 1209 inquiet
3297 1138 3540 1211 aliquis,
3570 1157 3722 1213 quo-

2051 1222 2253 1279 minus
2282 1229 2494 1282 auctor
2522 1226 2790 1299 primum
2839 1226 3308 1285 Constitutiones
3348 1230 3721 1288 monasticas

2048 1312 2330 1383 vulgasse
2353 1314 2653 1385 credatur,
2676 1314 2897 1372 deinde
2918 1332 3062 1372 vero
3083 1318 3362 1387 Regulas,
3380 1319 3442 1375 in
3472 1319 3720 1393 quibus,

2051 1417 2190 1459 cum
2216 1403 2579 1475 experientia
2608 1404 2840 1463 doctior
2872 1405 3124 1463 effectus
3154 1406 3388 1476 fuisset,
3423 1414 3722 1468 mutasset

2052 1494 2435 1551 sententiam.
2470 1497 2589 1566 Ego
2626 1495 2877 1569 quidem
2924 1495 3162 1553 fatebor
3198 1497 3284 1555 ita
3326 1498 3476 1556 mihi
3522 1501 3721 1572 primo

2052 1588 2308 1658 aspectu
2336 1586 2538 1643 visum
2565 1585 2750 1644 fuisse
2775 1605 2788 1643 :
2819 1588 2949 1659 sed,
2979 1604 3043 1644 re
3068 1588 3418 1661 diligentius
3448 1592 3721 1649 conside-

2049 1680 2202 1746 rata,
2236 1677 2408 1734 aliter
2447 1677 2741 1749 judicavi.
2781 1678 2917 1735 Mihi
2958 1679 3121 1735 enim
3168 1680 3539 1752 persuadere
3593 1698 3721 1740 non

1969 1766 2013 1820 Β
2050 1766 2242 1839 potui,
2275 1770 2586 1824 auctorem
2612 1772 2738 1824 tam
2767 1768 3072 1825 contraria
3118 1769 3381 1826 scribere
3425 1772 3717 1845 potuisse,

2051 1872 2163 1921 nec
2187 1860 2393 1913 tamen
2414 1856 2489 1914 de
2509 1858 2818 1915 sententia
2850 1859 3184 1916 mutatione
3209 1860 3509 1918 rationem
3535 1861 3727 1919 ullam

2049 1946 2413 2003 reddidisse.
2449 1950 2638 2015 Certe,
2681 1948 2731 2004 si
2774 1948 2914 2021 quis
2963 1948 3145 2031 hodie
3197 1948 3274 2005 de
3322 1949 3725 2009 informandis

2051 2037 2565 2094 anachoretarum
2611 2037 2887 2095 moribus
2933 2038 3158 2096 librum
3208 2039 3473 2113 aliquem
3503 2041 3724 2117 ederet,

2050 2141 2372 2199 nunquam
2421 2126 2486 2183 in
2532 2126 2649 2184 alio
2681 2126 2836 2184 libro
2879 2126 3154 2185 funditus
3195 2132 3485 2186 everteret
3515 2146 3727 2187 eorum

2049 2217 2412 2286 institutum,
2436 2217 2551 2273 nisi
2572 2217 2743 2289 prius
2775 2217 3112 2274 monuisset
3142 2234 3207 2275 se
3236 2219 3317 2275 ob
3348 2236 3563 2291 graves
3587 2236 3728 2278 cau-

2054 2323 2158 2363 sas
2183 2306 2259 2363 de
2283 2308 2582 2364 sententia
2598 2307 2937 2364 decessisse
2961 2325 2974 2363 :
2999 2308 3169 2381 quod
3195 2325 3334 2365 cum
3352 2309 3579 2367 factum
3601 2326 3728 2366 non

2051 2396 2127 2452 sit
2165 2398 2229 2453 in
2279 2397 2370 2468 iis,
2403 2397 2478 2454 de
2527 2398 2751 2471 quibus
2801 2399 3061 2472 agimus,
3097 2400 3352 2474 scriptis,
3386 2401 3528 2458 inde
3570 2398 3727 2457 efﬁci

2051 2487 2290 2544 videtur
2336 2488 2641 2560 ejusmodi
2686 2488 2911 2561 scripta
2963 2505 3090 2547 non
3143 2491 3269 2561 uni,
3326 2491 3429 2547 sed
3481 2491 3726 2549 duobus

2049 2577 2447 2651 scriptoribus
2501 2578 2687 2635 tribui
2745 2583 3047 2652 oportere.
3080 2580 3170 2637 Ab
3219 2596 3311 2653 eo,
3357 2581 3527 2654 quod
3572 2598 3718 2640 mox

2048 2668 2366 2742 proposui,
2399 2672 2762 2739 argumento
2791 2685 2916 2726 non
2960 2669 3225 2727 multum
3269 2670 3505 2728 abludit
3544 2671 3715 2741 illud,

2046 2758 2217 2832 quod
2264 2775 2427 2827 mox,
2460 2759 2791 2831 proferam.
2826 2762 3066 2817 Monere
3113 2776 3258 2831 ergo
3298 2762 3495 2834 juvat,
3525 2761 3719 2819 multa

2046 2849 2404 2906 communia
2423 2864 2554 2905 esse
2585 2848 2826 2919 Regulis
2858 2866 3000 2907 cum
3027 2850 3383 2907 monasticis
3414 2851 3716 2908 Constitu-

2045 2939 2333 2997 tionibus.
2368 2939 2557 3006 Quale
2607 2944 2697 2997 est
2724 2939 2893 3012 quod
2922 2939 3141 2997 dicitur
3187 2945 3314 2998 tam
3362 2941 3426 2998 in
3474 2940 3716 3013 Regulis

2043 3045 2237 3104 quam
2278 3030 2341 3086 in
2392 3029 2933 3087 Constitutionibus
2974 3029 3050 3087 de
3081 3030 3383 3105 colloquio
3413 3048 3554 3089 cum
3584 3049 3713 3089 mu-

256 3123 450 3182 altera
499 3126 581 3183 ad
634 3128 969 3186 coenobitas
1023 3133 1343 3203 spectaret.
1384 3132 1459 3187 At
1502 3146 1646 3187 vero
1693 3134 1932 3188 tantum
1964 3133 2004 3190 C
2042 3119 2323 3189 liel‘ibus;
2353 3120 2429 3177 de
2459 3119 2753 3192 εΙῑεθηάἱε
2792 3119 2865 3177 iis
2892 3120 3179 3194 operibus
3203 3137 3342 3195 (Ιυω
3366 3121 3554 3179 smmi
3581 3138 3712 3179 ωο-

253 3213 457 3284 abest,
482 3221 547 3273 ut
575 3218 947 3289 Regularum
979 3224 1193 3276 auctor
1219 3220 1469 3277 unicum
1493 3220 1750 3278 verbum
1767 3221 1932 3278 dixe-

250 3303 331 3361 rit
360 3304 438 3362 de
466 3305 650 3364 laude
677 3309 860 3380 hujus
891 3314 1105 3381 status,
1129 3314 1195 3367 ut
1215 3326 1355 3367 eum
1378 3312 1561 3369 etiam
1583 3312 1784 3368 modis
1805 3328 1932 3369 om-

248 3395 443 3452 nibus
469 3398 750 3468 exagitet.
782 3399 919 3470 Legi
946 3400 1166 3473 poterit
1186 3402 1513 3475 septimum
1533 3408 1717 3476 caput
1740 3406 1931 3476 Regu-

245 3486 459 3543 larum
489 3486 796 3557 majorum
825 3493 1042 3558 totum,
1073 3490 1136 3545 in
1155 3506 1279 3562 quo
1309 3491 1459 3547 nihil
1488 3493 1792 3549 omissum
1840 3499 1932 3552 est

247 3592 493 3647 eorum,
525 3576 751 3649 quibus
782 3577 968 3648 huius
998 3578 1254 3635 instituti
1284 3580 1552 3653 pericula
1586 3582 1926 3639 incommo-

248 3666 463 3740 daque
493 3667 727 3724 ostendi
748 3668 1004 3741 possint.
1026 3669 1128 3725 Hic
1156 3670 1360 3727 locum
1389 3672 1929 3745 unum,quiinstar

251 3757 539 3813 omnium
587 3773 717 3814 esse
765 3759 978 3832 possit,
1019 3760 1383 3817 exscribam.
1416 3761 1568 3817 Cum
1614 3762 1798 3832 igitur
1840 3762 1928 3819 in-

249 3846 587 3904 commoda
615 3846 845 3920 aliqua,
875 3865 1012 3921 quae
1041 3849 1201 3906 hanc
1228 3850 1474 3906 vivendi
1504 3850 1799 3908 rationem
1830 3866 1928 3909 co-

247 3936 572 4007 mitantur,
618 3937 941 4007 retulisset,
989 3940 1074 3996 ita
1125 3941 1512 4013 persequitur
1560 3942 1726 4014 (pag.
1755 3943 1923 4015 345):

244 4020 405 4076 ’Ἀνευ
439 4017 499 4073 δὲ
527 4023 734 4089 τούτου,
767 4028 858 4076 καὶ
888 4028 914 4076 ὸ
952 4044 1048 4085 της
1088 4023 1298 4096 ἀγάπης
1340 4033 1431 4079 τοῦ
1474 4034 1727 4101 Χρτστοῶ
1775 4026 1929 4101 λόγος

242 4111 340 4164 οὐκ
390 4110 658 4187 ἐπιτρέπει
699 4116 758 4165 τὸ
803 4109 944 4166 ἴδιον
977 4121 1188 4167 σκοπεῖν
1214 4117 1454 4171 ἕκαστον.
1477 4116 1537 4170 Ἠ
1588 4116 1766 4189 ἀγάπη
1799 4120 1924 4193 γὰρ,

241 4204 430 4274 φησὶν,
455 4200 514 4252 οὗ
561 4201 713 4261 ζητεῖ
735 4203 803 4255 τὰ
855 4201 1066 4265 ἑαυτῆς.
1098 4203 1157 4257 Ὀ
1190 4200 1249 4257 δὲ
1291 4200 1665 4277 ἁφιδιαστικὸς
1695 4204 1810 4279 βίος
1839 4209 1929 4260 ἕνα

246 4311 435 4345 σκονον
504 4294 644 4365 ἔχει,
715 4296 809 4351 τὴν
872 4292 1064 4346 οἰκείαν
1131 4294 1353 4348 ἑκάστου
1430 4304 1530 4348 τῶν
1591 4305 1786 4371 χρειῶν
1849 4299 1926 4351 θε·

248 4400 491 4456 ραπειαν.
523 4388 689 4434 Τοῦτο
747 4377 806 4435 δὲ
856 4379 1135 4457 προδήλως
1189 4389 1490 4458 μαχόμενόν
1538 4385 1656 4440 ἐστι
1709 4387 1782 4459 τῷ
1829 4394 1926 4452 τῆς

2041 3211 2382 3267 nachorum
2427 3209 2826 3280 conveniant;
2872 3210 2949 3267 de
2977 3210 3344 3276 obedientia,
3374 3213 3450 3269 de
3476 3228 3713 3287 praepo-

2040 3300 2137 3357 siti
2182 3299 2413 3368 ofﬁcio;
2462 3299 2538 3356 de
2568 3300 2963 3368 vestimentis,
2997 3301 3198 3373 deque
3243 3301 3377 3358 aliis
3427 3303 3710 3374 ejusdem

2039 3390 2277 3464 generis
2302 3390 2598 3463 plurimis.
2633 3393 2810 3462 Ergo,
2842 3390 2894 3447 si
2941 3390 3307 3461 Regularum
3347 3396 3529 3466 atque
3556 3396 3710 3451 Con-

2038 3479 2420 3536 stitutionum
2462 3479 2627 3537 idem
2684 3484 2898 3537 auctor
2954 3485 3134 3548 esset,
3194 3485 3302 3537 aut
3347 3481 3410 3538 in
3466 3483 3707 3555 Regulis

2038 3569 2548 3626 Constitutionum
2578 3570 2976 3639 meminisset,
3009 3576 3114 3628 aut
3159 3571 3224 3628 in
3263 3573 3711 3634 Constitutioni-

2035 3658 2154 3715 bus
2185 3659 2556 3716 mentionem
2572 3659 2813 3716 fecisset
2833 3660 3221 3731 Regularum.
3252 3665 3457 3736 quue
3487 3666 3706 3739 magis,

2037 3749 2205 3822 quod
2231 3746 2463 3816 auctor,
2496 3750 2572 3805 de
2607 3765 2732 3822 quo
2762 3749 3023 3821 agimus,
3051 3752 3404 3824 quicunque
3447 3754 3547 3810 ille
3574 3756 3705 3828 fuit,

2038 3839 2124 3905 ita
2171 3837 2366 3895 facere
2412 3843 2825 3905 consueverat,
2859 3841 2925 3894 ut
2961 3839 3166 3896 videre
3210 3845 3299 3897 est
3350 3841 3414 3898 in
3464 3844 3706 3913 Regulis

2035 3927 2439 3994 brevioribus,
2470 3927 2533 3984 in
2589 3927 2812 4001 quibus
2853 3928 2985 4002 ipse
3037 3945 3164 3987 non
3183 3946 3325 3987 raro
3372 3931 3517 3990 citat
3564 3949 3703 4006 quae

2036 4017 2181 4076 alil-i
2205 4018 2281 4074 de
2296 4018 2512 4075 eodem
2530 4024 2891 4091 argumento
2917 4020 3260 4094 scripserat.
3284 4022 3428 4095 Ejus
3445 4023 3534 4080 rei
3561 4040 3703 4081 cum

2037 4107 2317 4181 superius
2341 4109 2622 4182 exempla
2651 4109 2883 4183 aliquot
2911 4110 3322 4183 retulerimus,
3350 4112 3415 4170 in
3452 4112 3526 4170 iis
3575 4130 3700 4171 am-

2034 4196 2195 4270 plius
2224 4197 2786 4257 immemorandum
2808 4216 2935 4257 non
2969 4201 3342 4274 putavimus.

2109 4293 2197 4345 35.
2239 4288 2611 4361 Quanquam
2650 4288 2832 4360 longe
2864 4289 3157 4347 dissentio
3188 4291 3267 4348 ab
3297 4291 3392 4358 iis,
3416 4293 3525 4366 qui
3554 4295 3700 4351 Stoi-

2035 4394 2178 4437 cum
2189 4378 2253 4435 in
2266 4380 2505 4451 Regulis
2516 4378 2771 4437 inveniri
2787 4384 3022 4453 putant,
3038 4398 3251 4438 earum
3268 4386 3471 4440 tamen
3487 4389 3700 4442 auctor

253 4470 465 4544 ἀγάπης
486 4475 647 4545 νόμῶ,
672 4471 724 4524 ὃν
755 4474 780 4524 ὁ
804 4472 1118 4536 Ἀπσοτολος
1140 4473 1388 4550 ἐπλήρου,
1415 4481 1486 4549 μὴ
1522 4476 1692 4538 ζητῶν
1720 4482 1779 4531 τὸ
1806 4478 1925 4531 ἑαυ-

2044 4469 2182 4525 mihi
2208 4468 2474 4525 severior
2487 4468 2656 4525 visus
2683 4472 2789 4536 est,
2815 4485 3006 4542 quam
3027 4466 3272 4527 utidem
3300 4472 3394 4541 sit,
3416 4473 3523 4546 qui
3541 4472 3696 4530 Con-

252 4568 346 4613 τοῦ
399 4565 681 4635 συμφέρον,
717 4560 843 4614 ἀλλά
878 4565 935 4615 τὸ
973 4570 1073 4614 τῶν
1116 4561 1333 4617 πολλῶνε
1385 4565 1470 4616 ἵνα
1518 4568 1778 4637 σωθῶσιν,
1810 4572 1922 4625 etc.

250 4648 374 4719 Sed
420 4655 721 4718 praeterea
771 4650 1080 4722 diligendi
1109 4650 1336 4708 Christi
1381 4654 1536 4710 ratio
1588 4660 1643 4711 et
1689 4656 1920 4728 modus,

253 4754 736 4811 unumquemque
757 4740 919 4812 quod
946 4739 1062 4796 sibi
1080 4743 1397 4812 proprium
1421 4744 1627 4815 fuerit,
1651 4752 1923 4815 spectare

254 4844 377 4884 non
428 4829 595 4884 sinit.
647 4847 678 4883 ‹
730 4830 1019 4887 Charitas
1064 4832 1241 4903 enim,
1275 4832 1490 4903 inquit,
1530 4849 1652 4889 non
1701 4837 1922 4907 quaerit

252 4934 386 4989 quae
416 4933 529 4975 sua
551 4925 690 4975 sunt
711 4921 779 4976 ”.
803 4941 832 4971 ι)
868 4921 999 4976 Vita
1028 4927 1227 4978 autem
1257 4924 1537 4980 solitaria
1565 4930 1619 4980 et
1649 4940 1921 4984 seorsum

253 5022 291 5064 a
338 5010 574 5087 cceleris
624 5010 897 5067 omnibus
949 5017 1087 5069 acta
1126 5027 1369 5083 scopum
1419 5015 1667 5071 unicum
1720 5014 1918 5087 habet,

252 5104 318 5155 ut
369 5099 501 5157 suis
536 5084 809 5172 quisque
852 5102 1217 5158 utilitatibus
1270 5104 1583 5163 inserviat.
1636 5107 1752 5163 Hoc
1816 5084 1924 5164 au;

254 5193 366 5244 tem
405 5195 615 5259 aperte
657 5190 1024 5247 adversatur
1066 5191 1381 5251 charitatis
1427 5195 1566 5265 legi,
1592 5210 1773 5268 quam
1821 5198 1924 5253 im-

241 5277 456 5346 plebat
481 5278 824 5347 Apostolus,
854 5281 954 5350 qui
976 5295 1097 5336 non
1128 5294 1259 5349 sua,
1283 5283 1388 5339 sed
1412 5285 1742 5343 multorum
1769 5301 1925 5345 com-

253 5366 431 5422 moda
457 5373 774 5437 quaereret,
806 5374 874 5424 ut
916 5370 1078 5426 salvi
1102 5369 1337 5441 ﬁerent,
1372 5377 1486 5432 etc.
1517 5375 1721 5448 Neque
1769 5391 1915 5436 vero

327 5499 375 5534 ²⁸
414 5499 436 5555 Ι
463 5502 595 5558 Cor.
626 5516 751 5570 xm,
780 5505 832 5557 5.

336 5596 397 5669 (a
445 5601 593 5671 Reg.
623 5598 793 5659 brev.
822 5604 909 5657 74.

2035 4559 2373 4616 stitutiones
2394 4558 2830 4632 scripserit.Hic
2841 4560 3092 4631 majoris
3109 4560 3491 4632 perfectionis
3509 4578 3698 4621 causa.

2033 4648 2417 4705 severitatem
2458 4648 2685 4721 ubique
2711 4648 3038 4721 praedicat:
3088 4649 3186 4705 ille
3213 4651 3529 4723 quoddam
3557 4652 3693 4709 vitae

2030 4754 2227 4810 genus
2248 4744 2306 4796 et
2320 4739 2523 4796 mitius
2547 4742 2606 4795 et
2624 4737 3006 4795 commodius
3022 4740 3329 4812 proponit.
3342 4741 3442 4797 Hic
3461 4746 3693 4799 arctam

2029 4832 2195 4889 illam
2219 4830 2404 4894 viam,
2428 4845 2569 4902 quae
2591 4828 2670 4886 ad
2697 4844 2909 4885 veram
2937 4828 3128 4885 vitam
3153 4828 3340 4899 ducit,
3366 4831 3460 4887 vel
3479 4832 3694 4904 paulu-

2028 4925 2157 4982 lum
2182 4921 2435 4979 diiatare
2465 4933 2707 4992 semper
2728 4924 3004 4976 veretur:
3037 4919 3133 4976 ille
3164 4936 3226 4976 se
3256 4925 3501 4993 praestat
3526 4923 3694 4981 beni-

2032 5014 2309 5085 gniorem
2363 5009 2815 5083 Scripturarum
2860 5008 3266 5083 interpretem,
3319 5015 3397 5081 et,
3438 5012 3486 5068 si
3530 5012 3692 5071 hanc

2030 5105 2195 5161 viam
2224 5116 2350 5160 non
2376 5100 2606 5169 dilatet,
2629 5104 2692 5156 at
2707 5098 2908 5172 ipsam
2931 5103 3134 5156 tamen
3155 5099 3483 5159 faciliorem
3505 5108 3691 5177 atque

2031 5194 2373 5270 planiorem
2398 5191 2621 5248 reddit.
2653 5194 2802 5248 Cum
2822 5191 3016 5247 multa
3029 5190 3164 5249 loca
3184 5191 3397 5250 afferre
3415 5210 3684 5269 possem,

2036 5284 2261 5359 quibus
2277 5281 2521 5356 probari
2539 5283 2748 5354 posset
2763 5279 2933 5354 quod
2954 5281 3140 5338 modo
3164 5282 3309 5351 dixi,
3331 5281 3395 5339 in
3415 5284 3689 5343 medium

2020 5382 2231 5434 tamen
2246 5388 2448 5449 pauca
2457 5372 2755 5430 duntaxat
2766 5371 3130 5430 adducenda
3139 5372 3370 5431 censui:
3383 5389 3455 5432 eo
3466 5375 3684 5447 magis,
