4092 6424
368 283 438 337 87
966 346 973 347 ί
1882 282 2289 341 PRIEFATIO.
3720 292 3791 347 88

368 407 537 481 quod
566 406 618 465 si
637 408 775 482 quis
789 346 975 481 plura:
993 407 1221 482 cupiat,
1242 408 1298 465 ei
1322 408 1778 483 quamplurima
1796 410 1858 466 in
1872 408 2020 483 ipsis
2049 411 2096 465 Α
2129 408 2289 479 freno
2317 409 2564 479 conﬁsus
2593 410 2731 467 velit
2746 411 3121 484 frequentius
3149 426 3215 466 ac
3238 412 3501 469 crebrius
3521 412 3591 469 ad
3613 413 3799 484 adiﬁ-

366 497 634 555 fontibus
677 497 945 554 invenire
974 498 1149 555 facile
1179 498 1271 556 sit.
1306 500 1391 556 Ita
1426 499 1607 571 igitur
1634 500 1696 556 in
1735 499 2025 556 Constitu-

367 586 548 643 nlbus
598 586 816 658 legitur
866 588 1032 667 (pag.
1062 592 1188 657 553,
1234 605 1288 647 c.
1342 593 1396 657 7,
1445 604 1506 645 n.
1537 589 1631 662 2):
1688 595 1803 665 Χρὴ
1853 593 2026 641 τοίνυν

2132 498 2347 555 candos
2374 500 2807 572 visitandosque
2827 504 3050 572 fratres
3073 502 3305 573 egredi;
3334 517 3487 567 eum,
3518 504 3624 576 qui
3647 506 3801 574 ejus-

2134 589 2299 645 modi
2325 595 2431 656 est,
2464 592 2623 648 ratio
2648 592 2731 648 ad
2753 592 3085 649 exeundum
3110 593 3307 665 potius
3330 593 3595 660 inducet,
3617 600 3685 649 ut
3703 610 3800 666 po-

365 676 552 749 ἠσυχῆ
586 680 750 749 μένειν
780 679 846 729 τά
873 677 1055 745 πολλὰ,
1087 682 1179 731 καὶ
1208 686 1473 753 καρτερεῖν
1502 680 1718 732 ἕκαστον
1760 685 1857 738 τὴν
1889 675 1944 731 ἰδ
1950 683 2029 730 ίαν

2152 678 2248 735 :ita
2266 694 2447 749 super
2458 680 2810 737 candelabro
2833 682 3101 752 lucerna,
3116 682 3407 738 doctrina
3420 682 3584 738 bona
3605 683 3801 741 lumen

364 770 701 838 καταγωγὴν,
735 764 820 818 ἳνα
860 769 959 840 ἔχῃ
1004 774 1159 820 τοῦτο
1206 775 1303 830 τῆς
1330 768 1636 830 εὐσταθείας
1681 776 1779 822 τῶν
1828 773 2029 844 τρόπων

366 858 653 929 μαρτύριον
687 876 700 889 ο
756 861 827 928 μὴ
877 858 1045 915 πάντη
1100 860 1191 930 μεν
1256 860 1595 932 καθεῖρχθαι,
1655 857 1783 912 ἀλλά
1837 861 1931 921 τάς
1977 879 2031 912 τε

368 944 658 1016 ἀναγκαίας
704 940 968 1019 προόδους
1010 945 1500 1022 εὐπαρῥησιάστους
1551 950 1837 1017 ποιεῖσθαι,
1866 947 1914 1001 ἐν
1950 949 2034 1012 αἷς

370 1030 522 1087 οὐδὲν
566 1038 625 1087 τὸ
673 1031 914 1096 συνειδὸς
945 1033 1277 1103 ἐπισκήπτει,
1320 1041 1410 1089 καὶ
1457 1041 1579 1101 τοὺς
1628 1036 1938 1112 βελτιστους
1978 1059 2033 1092 τε

368 1126 461 1176 καὶ
492 1123 920 1196 ὠφελιμωτάτους
950 1120 984 1176 δ
991 1127 1043 1177 ιὰ
1071 1125 1328 1187 πολιτείος
1357 1124 1626 1200 ἀκριϐειαν
1655 1136 1755 1180 τῶν
1799 1125 2032 1202 ἀδελφῶν

371 1211 801 1280 ἐπισκέπτεσθαι,
848 1209 1259 1288 παραδείγματα
1300 1213 1494 1290 ἀρετῶν
1539 1216 1593 1269 ἐκ
1638 1225 1735 1280 τῆς
1777 1218 2031 1292 ὠφελίμου

370 1306 667 1374 συντυχίας
704 1301 1054 1376 λαμϐάνοντα,
1089 1302 1391 1380 ἐμμέτρους,
1425 1308 1495 1368 ὡς
1540 1307 1747 1380 ἔφημεν,
1781 1313 1871 1360 καὶ
1915 1306 2033 1362 ἀνε-

369 1392 662 1455 πιλήπτους
708 1396 802 1455 τὰς
847 1390 1113 1468 προόδους
1152 1398 1477 1470 ποιούμενον.
1508 1398 1763 1461 Πολλάκις
1788 1401 1911 1474 γὰρ,
1944 1404 2035 1452 καὶ

370 1477 598 1539 ἀκηδίαν
650 1480 982 1557 ἐγγενομένην
1019 1485 1109 1558 1ηῇ
1152 1485 1307 1558 ψυχῇ
1360 1488 1389 1545 ἠ
1440 1483 1672 1561 πρόοδος
1710 1485 2032 1557 ὃιαλύσασα,

368 1570 522 1623 πάλιν
544 1572 648 1624 οἷον
670 1570 957 1648 ἐπιρῥῶσαι
986 1578 1078 1627 καὶ
1100 1573 1421 1628 ἀναπνεῦσαι
1441 1580 1628 1650 μικρὸν
1648 1586 2035 1656 παρασχοῦσα,

370 1660 652 1732 προθύμως
673 1666 946 1734 προσιέναι
975 1668 1087 1726 τοῖς
1115 1664 1242 1737 ὑπὲρ
1286 1673 1384 1725 τῆς
1412 1664 1676 1728 εὐσεϐείας
1700 1665 2040 1740 ἀγωνίσμασι

2138 769 2433 840 impertiat
2457 771 2763 827 omnibus:
2806 772 2859 827 si
2886 771 3053 827 modo
3099 771 3359 841 conﬁdat
3381 786 3556 842 posse
3579 778 3633 829 et
3675 788 3802 831 ser-

2137 872 2306 913 mone
2334 864 2389 915 et
2420 874 2596 929 opere
2621 875 2878 929 seipsum
2921 861 2992 914 iis
3022 860 3375 933 quibuscum
3399 863 3802 933 congreditur,

2140 961 2246 1003 ceu
2292 949 2617 1019 quamdam
2667 950 2959 1005 virtutum
3014 950 3283 1007 scholam
3330 949 3629 1021 exhibere,
3687 956 3804 1008 etc.

2144 1036 2410 1108 Scriptor
2428 1036 2744 1110 aliquanto
2772 1043 2932 1108 ante,
2953 1054 3091 1095 cum
3118 1038 3436 1094 monachis
3456 1039 3808 1109 egrediendi

2142 1124 2493 1183 facultatem
2534 1126 2779 1185 levandi
2823 1129 2980 1185 tadii
3011 1144 3200 1185 causa
3236 1128 3429 1198 daret,
3458 1129 3807 1189 facilitatem

2141 1229 2265 1271 non
2316 1216 2684 1273 mediocrem
2730 1217 3030 1274 ostendit:
3083 1218 3181 1275 hic
3226 1218 3309 1275 ita
3347 1217 3538 1275 facilis
3591 1225 3700 1292 est,
3742 1224 3810 1277 ut

2142 1304 2396 1361 modum
2420 1322 2666 1363 omnem
2700 1306 2953 1364 transire
2980 1307 3270 1364 videatur.
3300 1310 3450 1365 Nam
3467 1309 3811 1366 monachus

2142 1394 2360 1467 quivis,
2392 1395 2497 1469 qui
2527 1396 2861 1469 perfectum
2907 1414 2970 1454 se
2992 1398 3125 1470 jam
3155 1412 3287 1454 esse
3315 1397 3378 1453 in
3407 1397 3685 1455 animum
3714 1415 3809 1455 se-

2146 1482 2268 1540 mel
2314 1483 2641 1549 induxerit,
2670 1485 2746 1542 de
2800 1487 3062 1543 auctoris
3093 1486 3390 1543 sententia
3418 1502 3543 1544 non
3593 1487 3813 1560 poterit

2148 1572 2357 1644 modo,
2390 1574 2441 1630 si
2466 1574 2628 1644 velit,
2655 1575 3028 1649 frequentius
3058 1591 3130 1632 ac
3178 1575 3451 1632 crebrius
3498 1575 3578 1633 ad
3626 1577 3813 1633 aediﬁ-

2149 1662 2380 1721 candos
2424 1663 2879 1738 visitandosque
2908 1664 3125 1721 fratres
3157 1680 3406 1737 peregre
3444 1656 3648 1722 abire:
3704 1666 3815 1723 sed

373 1743 621 1803 δίδωσιν.
653 1750 780 1806 Par
807 1756 894 1808 est
921 1753 1115 1824 igitur
1142 1754 1207 1809 in
1238 1755 1432 1826 quiete
1460 1760 1528 1811 ut
1554 1756 1887 1825 plurimum
1918 1773 2042 1816 ma-
2072 1773 2111 1828 Β
2148 1752 2416 1827 postulat
2441 1753 2620 1809 etiam
2651 1754 2824 1823 ratio,
2857 1758 2924 1810 ut
2950 1754 3060 1809 iter
3091 1754 3402 1828 suscipiat.
3436 1754 3579 1826 Ejus
3607 1758 3814 1812 autem

372 1852 535 1909 nere,
563 1843 621 1897 et
648 1841 968 1911 quemlibet
1014 1842 1079 1898 in
1116 1844 1378 1913 propria
1419 1844 1554 1901 sede
1601 1846 1941 1918 persistere,
1975 1855 2041 1905 ut

377 1927 490 1985 hoc
517 1931 870 1987 constantia
896 1946 1131 1989 morum
1176 1934 1581 1990 testimonium
1614 1935 1872 1993 habeat:
1918 1954 2041 1995 non

381 2021 582 2074 tamen
606 2033 856 2088 prorsus
902 2021 968 2077 in
1007 2023 1163 2079 cella
1201 2038 1311 2078 sua
1336 2023 1641 2080 inclusum
1673 2040 1811 2094 esse,
1843 2027 1948 2083 sed
1974 2028 2045 2083 li-

383 2105 536 2171 bere,
567 2108 623 2164 si
639 2114 961 2179 propterea
1005 2111 1165 2168 nihil
1194 2113 1559 2170 conscientia
1589 2116 1904 2185 eaprobat,
1939 2133 2045 2174 ne-

385 2198 656 2254 cessitate
674 2203 920 2269 cogente
940 2200 1161 2271 egredi,
1179 2202 1526 2275 fratresque
1544 2203 1681 2260 vita
1700 2205 2048 2276 integritate

286 2304 295 2307 *
386 2289 443 2341 et
469 2286 723 2354 optimos
768 2292 826 2344 et
854 2289 1205 2347 utilissimos
1241 2290 1518 2359 invisere,
1544 2292 1649 2348 sed
1692 2294 1775 2350 ita
1824 2298 2044 2365 tamen,

388 2378 457 2429 ut
483 2388 558 2431 ea:
581 2375 723 2431 utili
760 2391 1083 2448 congressu
1140 2378 1437 2435 virtutum
1484 2381 1688 2449 capiat
1735 2383 2043 2454 exempla:

389 2463 551 2534 quod
597 2471 1013 2537 consequetur,
1044 2466 1116 2534 si,
1144 2473 1213 2524 ut
1257 2467 1543 2536 diximus,
1594 2471 1658 2526 in
1690 2472 2049 2541 prodeundo

389 2553 604 2609 modus
630 2558 927 2624 teneatur,
954 2557 1228 2629 nihilque
1266 2558 1375 2627 ﬁat
1404 2559 1565 2631 quod
1592 2562 1881 2630 reprendi
1918 2577 2053 2633 pos-

390 2643 488 2698 sit.
542 2644 709 2715 Sape
750 2646 904 2702 enim
974 2646 1224 2704 insitum
1295 2649 1473 2706 etiam
1540 2651 1742 2707 animo
1809 2653 2052 2709 tadium

392 2734 666 2791 exeundo
684 2734 1062 2807 dissipatur;
1086 2736 1267 2809 idque
1293 2737 1357 2793 in
1379 2753 1560 2796 causa
1590 2745 1673 2797 est
1705 2756 1817 2797 cur
1834 2742 2053 2799 iterum

393 2824 584 2881 veluti
632 2826 1140 2897 convalescamus,
1180 2842 1253 2884 ac
1284 2830 1612 2898 paululum
1670 2833 2051 2902 respiremus,

396 2914 806 2987 alacriterque
849 2916 932 2973 ad
972 2918 1308 2974 certamina
1348 2934 1465 2989 pro
1491 2920 1715 2989 pietate
1742 2922 2055 2981 subeunda

396 3006 726 3063 veniamus.
768 3005 940 3073 Quod
980 3006 1151 3064 initio
1196 3008 1435 3076 dicitur,
1484 3009 1690 3080 libere,
1747 3012 1798 3068 si
1848 3029 2055 3070 neces-

396 3092 554 3188 sitas
598 3098 796 3188 cogat,
851 3094 1056 3188 egredi
1097 3100 1397 3169 oportere,
1448 3097 1515 3155 id
1568 3098 1825 3156 fortasse
1872 3117 2053 3158 nemo
2085 3132 2126 3188 ο

391 3181 806 3253 intellexisset,
835 3183 954 3240 nisi
994 3183 1426 3258 interpretatus
1471 3192 1632 3244 esset
1659 3194 1872 3247 auctor
1900 3190 2051 3264 ipse.

392 3273 543 3329 Nam
571 3273 948 3331 necessitatis
988 3274 1240 3331 nomine
1279 3274 1463 3347 vulgo
1509 3277 1929 3349 signiﬁcantur
1958 3296 2056 3337 ur-

392 3366 603 3433 gentes
629 3361 883 3436 quidam
910 3378 1112 3432 casus,
1141 3364 1247 3437 qui
1288 3364 1373 3422 ita
1396 3372 1699 3440 premunt,
1733 3374 1797 3426 ut
1824 3370 1920 3427 vix
1950 3370 2052 3428 ali-

392 3457 484 3509 ter
510 3452 708 3509 facere
747 3452 990 3526 possis:
1032 3456 1092 3509 et
1118 3456 1325 3511 tamen
1367 3456 1480 3512 hoc
1506 3456 1643 3514 loco
1671 3458 1905 3532 aliquid
1935 3444 2051 3519 tale

387 3541 720 3613 intelligere
747 3542 897 3599 nihil
919 3557 1166 3599 necesse
1187 3547 1297 3600 est.
1328 3546 1475 3602 Cum
1502 3547 1666 3605 enim
1696 3550 1950 3623 scriptor
1966 3550 2053 3608 ita

390 3630 628 3689 locutus
666 3636 792 3688 est:
836 3634 1006 3704 bape
1029 3633 1181 3691 enim
1206 3635 1452 3692 insitum
1499 3637 1676 3694 etiam
1702 3639 1902 3696 animo
1953 3645 2050 3697 ta-

390 3722 558 3779 dium
590 3723 861 3781 exeundo
902 3724 1272 3795 dissipatur;
1314 3740 1441 3782 non
1468 3726 1725 3786 obscure
1761 3729 2051 3788 indicavit

389 3812 694 3870 monacho
742 3813 946 3885 egredi
989 3812 1188 3881 licere,
1223 3813 1274 3870 si
1317 3815 1569 3873 ttedium
1608 3817 1907 3892 dissipare
1937 3820 2051 3877 sibi

386 3905 729 3977 proponat:
760 3902 824 3959 in
847 3918 973 3976 quo
1001 3903 1271 3960 maxima
1291 3904 1597 3977 scriptoris
1617 3905 1833 3965 lenitas
1846 3913 2050 3982 aperte

387 3992 724 4051 ostenditur
745 4012 759 4063 ;
785 3991 1090 4065 simulque
1107 3993 1407 4062 ejusmodi
1426 3995 1774 4064 egrediendi
1794 3997 2049 4055 facultas

386 4082 587 4151 datur,
618 4097 743 4156 qua
793 4081 962 4139 abuti
1010 4081 1182 4139 multi
1230 4087 1501 4155 possent.
1551 4086 1755 4157 Longe
1807 4087 2049 4158 gravius

387 4175 479 4229 est
504 4172 671 4246 quod
702 4170 1012 4245 sequitur:
1061 4171 1122 4225 Εἰ
1151 4168 1212 4225 δέ
1238 4192 1320 4235 τις
1347 4176 1406 4226 τὸ
1447 4173 1604 4227 καλὸν
1650 4183 1713 4249 τῇ
1764 4175 1920 4250 ψυχῇ
1951 4176 2047 4250 βε..

386 4261 548 4324 ϐαίως
572 4258 993 4335 ἐνιδρυσάμενος,
1024 4265 1116 4314 καὶ
1144 4269 1207 4334 τῇ
1230 4281 1424 4336 χρονιᾳ
1446 4262 1674 4323 ἀσκήσει
1701 4274 1799 4328 τῆς
1824 4263 1925 4318 τῶν
1950 4286 2047 4320 παι

388 4353 488 4405 θῶν
514 4350 872 4426 κυϐερνήσεως
898 4354 993 4409 τὴν
1021 4348 1287 4425 ἐμπειρίαν
1317 4350 1506 4420 λαϐὼν,
1539 4357 1630 4405 καὶ
1658 4349 1926 4427 δαμάσας,
1957 4358 2046 4429 μὲν

384 4444 478 4503 τὰς
537 4443 841 4514 σωματικὰς
891 4438 1169 4515 ἀκρασιας,
1197 4441 1502 4513 χαλινώσας
1552 4438 1635 4496 δὲ’
1662 4446 1757 4507 τάς
1803 4443 2048 4518 ψυχικὰς
2075 4483 2121 4539 D

383 4532 620 4600 ἀταξίας,
668 4531 867 4608 θαῤῥῶν
918 4527 977 4585 δὲ
1027 4539 1100 4584 τῶ
1156 4540 1247 4585 τοῦ
1295 4531 1552 4606 λογισμοῦ
1596 4533 1798 4605 χαλινῶ
1842 4555 2046 4608 συχνο-

379 4625 533 4695 τέρας
587 4620 723 4674 θέλοι
766 4621 1033 4673 ποιεῖσθαι
1083 4622 1178 4682 τὰς
1218 4617 1483 4696 προόδους
1521 4621 1594 4684 εἰς
1639 4619 1925 4697 οἰκοδομὴν
1957 4627 2047 4677 καὶ

381 4707 656 4781 ἐπίσκεψιν
704 4705 959 4782 ἀδελφῶν,
987 4713 1075 4762 τὸν
1106 4716 1340 4762 τοιοῦτον
1371 4714 1463 4762 καὶ
1493 4716 1827 4785 παρορμῆσαι
1857 4712 2047 4785 μᾶλλον

379 4802 405 4853 ὁ
433 4799 585 4873 λόγος
610 4798 695 4853 ἐπὶ
726 4805 821 4859 τὴν
850 4796 1098 4874 πρόοδον,
1132 4798 1218 4852 ἱνα
1245 4802 1333 4852 τὸν
1361 4798 1554 4871 λύχνον
1586 4798 1670 4852 ἐπὶ
1700 4806 1796 4860 τὴν
1826 4801 2047 4875 λυχνίαν

376 4892 557 4958 τιθεις,
589 4896 726 4943 πᾶσι
774 4893 834 4942 τὸ
890 4897 996 4962 φῶς
1042 4897 1139 4951 τῆς
1184 4897 1287 4941 τῶν
1334 4889 1502 4942 καλῶν
1544 4890 1893 4962 καθηγήσεως
1939 4912 2046 4964 χο-

373 4986 586 5056 ρηγήσῃ
624 5002 638 5015 ·
671 4985 823 5054 μόνον
874 4981 917 5033 εἴ
957 5000 1018 5052 γε
1072 4979 1311 5056 θαῤῥοίη,
1345 4982 1414 5041 ὡς
1457 4985 1547 5033 καὶ
1592 4979 1728 5053 λόγῳ
1771 4986 1863 5034 καὶ
1912 4982 2046 5057 ἔργῳ

375 5066 746 5124 διδασκαλεῖον
791 5067 983 5143 ἀρετῶν
1032 5069 1213 5123 ἑαυτὸν
1244 5065 1532 5128 δυνήσεται
1578 5068 1689 5132 τοὶς
1743 5075 2047 5144 συντυγχά,

368 5180 523 5214 νουσι
546 5165 816 5235 παρέχειν,
847 5164 957 5217 etc.
1007 5160 1071 5217 Si
1118 5160 1251 5232 quis
1290 5174 1448 5227 vero,
1504 5164 1896 5233 posteaquam
1951 5162 2044 5219 bo-

368 5266 515 5309 num
541 5252 603 5308 in
630 5252 832 5309 animo
846 5251 1096 5321 fortiter
1115 5249 1612 5317 constabitiverit,
1630 5251 2042 5323 diuturnaque

366 5343 798 5400 exercitatione
814 5341 1352 5412 gubernandorum
1383 5339 1709 5410 aﬂ'ectuum
1733 5343 2041 5410 experien-

367 5433 514 5490 tiam
532 5432 787 5502 adeptus
803 5431 1018 5501 fuerit,
1047 5436 1101 5487 et
1122 5430 1360 5487 domitis
1391 5431 1659 5501 corporis
1682 5431 2037 5488 libidinibus

365 5521 697 5581 coercuerit
713 5521 1016 5577 tumultus
1036 5520 1355 5593 animales,
1370 5527 1497 5578 tum
1518 5520 1752 5577 demum
1775 5523 2033 5579 rationis

438 5629 516 5701 (a)
546 5630 691 5700 Reg.
723 5629 795 5685 44
826 5626 976 5699 maj.

2150 1842 2235 1898 rei
2266 1842 2423 1898 hanc
2466 1841 2831 1915 pulchellam
2878 1842 3176 1898 rationem
3222 1841 3455 1899 reddit:
3499 1848 3566 1898 ut
3606 1844 3815 1914 posita

2149 1946 2331 2002 super
2354 1931 2724 1988 candelabro
2758 1934 3028 1997 lucerna,
3061 1932 3355 1988 doctrina
3404 1932 3569 1988 bona
3609 1933 3814 1990 lumen

2150 2021 2451 2092 impertiat
2491 2021 2760 2076 omnibus
2779 2036 2803 2077 .·
2850 2019 3020 2093 quod
3072 2025 3274 2077 tamen
3330 2019 3459 2077 ﬁeri
3508 2020 3686 2078 debet
3741 2037 3817 2078 ea

2152 2110 2520 2181 conditione,
2552 2112 2873 2168 dummodo
2900 2112 3163 2180 confidat
3200 2127 3374 2182 posse
3420 2117 3477 2168 et
3526 2112 3712 2169 verbis
3759 2118 3817 2170 et

2151 2202 2335 2272 factis
2387 2202 2644 2271 seipsum
2698 2202 2770 2256 iis
2822 2201 3172 2272 quibuscum
3240 2201 3654 2271 congreditur,
3710 2217 3817 2258 ceu

2153 2290 2476 2362 quamdam
2525 2291 2814 2347 virtutum
2856 2289 3121 2346 scholam
3168 2289 3468 2347 exhibere.
3501 2292 3669 2347 Certe
3698 2290 3819 2347 hoc

2154 2395 2281 2438 non
2310 2380 2685 2451 indulgentia
2709 2384 2818 2449 est,
2851 2380 2956 2436 sed
2985 2380 3167 2437 bonas
3207 2379 3540 2453 disciplina
3582 2380 3821 2452 integra

2158 2470 2409 2528 eversio.
2443 2471 2709 2527 Primum
2742 2470 2979 2526 frenum
3010 2470 3279 2542 rationis,
3309 2486 3434 2544 quo
3473 2470 3602 2528 solo
3633 2470 3821 2543 scrip-

2159 2565 2252 2618 tor
2279 2564 2596 2617 conteutus
2640 2564 2749 2628 est,
2779 2576 2967 2633 quam
3010 2558 3206 2616 debile
3255 2559 3330 2616 sit
3376 2565 3435 2617 et
3479 2558 3821 2627 inﬁrmum,

2159 2654 2384 2708 norunt
2430 2665 2662 2707 omnes.
2697 2648 2941 2718 Deinde,
2974 2648 3025 2705 si
3073 2648 3379 2705 monacho
3432 2648 3676 2706 cuilibet
3723 2665 3818 2706 se-

2162 2739 2282 2796 mel
2324 2739 2477 2807 licet,
2505 2757 2644 2797 cum
2668 2739 2891 2811 libebit,
2927 2738 3301 2811 frequentius
3331 2753 3402 2795 ac
3441 2738 3711 2795 crebrius
3740 2737 3824 2794 ad

2161 2828 2551 2886 aediﬁcandas
2566 2828 3023 2902 visitandosque
3044 2827 3258 2884 fratres
3286 2827 3592 2901 progredi,
3611 2832 3824 2885 auctor

2161 2934 2285 2976 non
2314 2920 2744 2977 anachoretam
2774 2918 3049 2985 instituit,
3078 2934 3265 2992 quem
3295 2918 3823 2976 tameninstituen-

2161 3011 2309 3068 dum
2329 3010 2443 3067 sibi
2468 3014 2893 3084 proposuerat,
2912 3009 3021 3065 sed
3042 3008 3226 3065 veluti
3244 3009 3535 3066 viatorem
3556 3008 3820 3082 aliquem

2163 3116 2404 3173 semper
2430 3099 2551 3156 huc
2596 3099 2739 3156 illuc
2791 3103 3114 3168 errantem,
3147 3114 3466 3171 nunquam
3512 3097 3825 3171 quiescen-

2161 3194 2301 3257 tem,
2331 3190 2613 3263 quamvis
2643 3189 2843 3262 potius
2864 3188 3050 3245 vitam
3077 3192 3382 3260 agentem,
3408 3204 3597 3262 quam
3626 3187 3823 3245 solita-

2158 3276 2334 3347 riam,
2364 3290 2553 3348 quam
2597 3279 2799 3331 tamen
2848 3273 3150 3344 agendam
3185 3277 3559 3347 susceperat.
3592 3275 3820 3330 Postre-

2160 3381 2285 3436 mo,
2315 3365 2484 3439 quod
2514 3364 2778 3437 additur,
2812 3380 2944 3422 eum
2967 3365 3128 3421 ratio
3154 3364 3237 3421 ad
3264 3364 3603 3421 exeundum
3621 3364 3822 3434 potius

2159 3457 2423 3518 inducet.
2455 3460 2521 3511 ut
2557 3456 2758 3525 posita
2804 3469 2986 3525 super
3013 3453 3379 3511 candelabro
3410 3453 3660 3511 lucerna
3689 3453 3822 3510 doc-

2160 3548 2337 3604 trina
2384 3546 2551 3604 bona
2597 3546 2790 3602 lumen
2843 3545 3150 3615 impertiat
3180 3543 3475 3608 omnibus,
3502 3543 3821 3600 dummodo

2158 3638 2422 3707 conﬁdat
2449 3651 2621 3707 posse
2665 3640 2720 3692 et
2770 3634 2963 3692 verbis
3009 3640 3064 3692 et
3093 3635 3276 3704 factis
3306 3633 3563 3703 seipsum
3589 3634 3662 3689 iis
3689 3633 3821 3706 qui-

2159 3728 2399 3784 buscum
2461 3726 2874 3797 congreditur,
2941 3739 3050 3781 ceu
3126 3723 3455 3795 quamdam
3529 3723 3823 3779 virtutum

2155 3817 2423 3874 scholam
2454 3815 2749 3883 exhibere,
2780 3812 2985 3869 locum
3029 3811 3473 3884 amplissimum
3503 3811 3822 3885 praestigiis

2155 3904 2392 3962 videtur
2441 3903 2608 3972 dare,
2667 3918 2804 3959 cum
2885 3900 3059 3958 facile
3110 3900 3239 3957 ﬁeri
3303 3899 3518 3974 possit,
3574 3904 3639 3957 ut
3705 3899 3821 3957 sibi

2155 3995 2417 4070 quisque
2464 3992 2635 4049 brevi
2690 3991 3078 4065 persuadeat,
3125 3990 3309 4047 talem
3358 4005 3489 4046 esse
3536 4006 3621 4054 se,
3671 4006 3821 4063 qua-

2153 4084 2274 4143 lem
2317 4087 2574 4158 oportet,
2607 4085 2671 4138 ut
2702 4081 2896 4138 facem
2948 4079 3227 4154 praeferat
3276 4079 3566 4137 omnibus
3599 4079 3678 4137 ad
3706 4079 3821 4137 bo-

2154 4190 2301 4233 nam
2349 4172 2712 4235 doctrinam,
2746 4170 2826 4227 ob
2878 4170 3063 4244 idque
3109 4169 3381 4226 conﬁdat
3431 4168 3723 4238 futurum,
3758 4173 3822 4226 ut

2153 4264 2442 4322 virtutum
2496 4262 2773 4318 omnium
2826 4259 3104 4333 exempla
3148 4272 3354 4316 secum
3406 4258 3820 4330 congressuris

2155 4352 2446 4428 praebeat.
2480 4354 2563 4408 Ex
2592 4351 2817 4425 quibus
2846 4350 3024 4423 plane
3054 4354 3291 4406 constat
3311 4348 3819 4406 Constitutionum

2158 4448 2465 4501 auctorem
2498 4442 2580 4499 ita
2608 4440 3026 4511 indulgentem
3053 4438 3257 4503 fuisse,
3283 4443 3348 4495 ut
3376 4439 3556 4495 etiam
3574 4438 3820 4495 rationis

2156 4534 2309 4592 ﬁnes
2364 4537 2779 4604 transgressus
2832 4530 2925 4586 sit.
2960 4531 3131 4585 Nunc
3177 4528 3514 4585 referamus
3564 4544 3701 4601 quas
3757 4527 3818 4584 in
3858 4547 3870 4558 ο

2157 4622 2396 4695 [tegulis
2443 4621 2743 4693 leguntur.
2794 4620 2932 4675 Haec:
2979 4623 3184 4675 autem
3232 4621 3371 4673 sunt
3419 4608 3535 4690 (a):
3580 4622 3685 4675 Τήν
3728 4619 3827 4693 μὲν.

2157 4711 2459 4787 ἀποδημίαν
2487 4711 2799 4787 ἐπιτρεπέτω
2830 4731 2901 4762 τω
2941 4706 3210 4782 δυναμένῳ
3240 4707 3478 4769 ἀϐλαϐῶς
3520 4716 3581 4781 τῇ
3631 4707 3817 4761 ἑαυτοῦ

2155 4804 2333 4877 ψυχῇ,
2366 4808 2456 4856 καὶ
2501 4802 2766 4875 ὠφελίμως
2816 4807 2926 4860 τοῖς
2970 4800 3427 4870 συντυγχάνουσιν
3477 4797 3641 4856 αὐτὴν
3681 4795 3815 4851 ἐκτε-

2155 4893 2275 4949 λεῖν.
2307 4894 2395 4957 Ὠς
2438 4892 2521 4945 ἐὰν
2570 4897 2640 4966 μὴ
2688 4899 2828 4965 παρῇ
2879 4891 2904 4942 ὁ
2955 4884 3270 4956 ἐπιτήδειος,
3301 4886 3504 4961 βέλτιον
3554 4886 3601 4939 ἐν
3645 4883 3818 4961 ἐνδείᾳ

2155 4992 2255 5036 τῶν
2306 4982 2602 5055 ἀναγκαίων
2646 4988 2821 5033 πᾶσαν
2872 4977 3045 5049 θλίψιν
3106 4982 3198 5030 καὶ
3262 4980 3614 5050 στενοχωρίαν
3653 4981 3818 5051 μέχρι

2154 5077 2245 5125 καὶ
2314 5074 2536 5125 θανάτου
2607 5072 2922 5141 ὑπενεγκεῖν,
2982 5072 3012 5125 ἦ
3070 5068 3409 5141 παραμυθίας
3481 5066 3641 5118 ἕνεκεν
3706 5085 3815 5117 σω-

2152 5171 2400 5237 ματικῆς,
2455 5160 2654 5234 βλάϐην
2704 5158 2892 5231 ψυχῆς
2938 5156 3352 5230 ὁμολογουμένην
3400 5161 3666 5230 περιορᾴν.
3706 5156 3815 5212 Pe-

2151 5250 2514 5324 regrinandi
2530 5250 2708 5306 detur
2731 5249 3001 5319 facultas
3030 5248 3102 5313 ei,
3131 5246 3238 5317 qui
3262 5246 3417 5301 citra
3446 5246 3663 5301 anima
3692 5258 3814 5301 sua

2149 5342 2596 5401 detrimentum,
2628 5344 2683 5394 et
2732 5353 2865 5393 cum
2912 5337 3177 5392 utilitate
3206 5349 3431 5403 eorum,
3463 5333 3810 5405 quibuscum

2146 5432 2455 5505 graditur,
2468 5430 2585 5485 iter
2594 5429 2882 5498 perﬁcere
2895 5426 3101 5497 possit.
3115 5425 3296 5493 Nam,
3311 5426 3363 5479 si
3377 5438 3546 5479 nemo
3565 5423 3811 5479 idoneus

2146 5521 2413 5593 affuerit,
2439 5523 2691 5591 prastat
2718 5518 2782 5574 in
2812 5531 3014 5574 rerum
3043 5513 3520 5573 necessariarum
3546 5512 3809 5584 penuria
