4092 6426
216 361 282 414 89
1718 354 2103 410 PREFATIO.
3567 367 3637 423 90

216 483 606 554 afﬂictionem
627 497 856 540 omnem
878 488 1057 554 atque
1083 482 1430 552 angustiam
1462 482 1556 537 vel
1584 480 1666 537 ad
1707 496 1867 536 mor-
1904 482 1952 535 Α
1979 496 2115 535 rum
2148 483 2504 542 testimoniis
2532 486 2799 542 referciri
2822 487 2881 542 in
2908 487 3023 543 illis
3045 486 3348 559 ejusmodi
3373 490 3641 547 testimo-

219 581 328 632 tem
350 588 533 645 usque
558 575 817 645 perpeti,
843 589 1023 645 quam
1054 573 1320 642 corporis
1350 573 1664 629 levamenti
1689 585 1872 628 causa

218 664 610 720 certissimum
633 678 711 719 an
721 665 849 719 ima
870 664 1291 720 detrimentum
1310 663 1628 732 negligere.
1654 661 1718 716 In
1739 660 1876 734 qui-

217 751 332 808 bus
350 751 604 822 dignum
624 755 847 824 estquo
868 757 1129 821 notetur,
1149 767 1362 807 omnes
1374 750 1450 806 de
1463 751 1724 806 auctoris
1749 765 1882 805 sen-

218 844 402 900 tentia
421 842 622 915 potius
639 858 840 898 rerum
861 843 1114 914 penuria
1128 843 1320 914 perire
1343 841 1584 910 debere,
1606 856 1794 913 quam
1818 846 1882 898 ut

216 948 376 990 unus
411 931 490 988 ob
529 936 878 1004 susceptam
925 931 1475 1004 peregrinationem
1515 936 1746 986 certum
1780 928 1882 985 ali-

217 1022 384 1096 quod
411 1022 841 1078 detrimentum
860 1022 922 1077 in
943 1022 1151 1080 anima
1168 1022 1462 1093 patiatur;
1485 1037 1622 1094 quae
1646 1025 1879 1076 senten-

217 1113 299 1169 tia
314 1113 492 1184 justas
515 1111 846 1166 severitatis
864 1112 1045 1183 ple'na
1062 1115 1175 1181 est,
1194 1117 1250 1168 et
1266 1110 1635 1167 alienissima
1653 1109 1730 1164 ab
1749 1109 1879 1179 ejus

219 1202 518 1271 moribus,
549 1202 658 1275 qui
686 1201 1194 1264 Constitutionum
1224 1201 1448 1258 librum
1477 1200 1685 1257 edidit.
1719 1201 1876 1266 Quo-

221 1291 406 1348 modo
455 1291 619 1347 enim
644 1291 843 1348 dicere
874 1291 1206 1364 potuisset,’
1222 1291 1269 1346 si
1301 1304 1482 1346 nemo
1503 1289 1760 1345 idoneus
1786 1288 1875 1343 in-

218 1381 513 1452 veniatur,
539 1395 751 1437 omnes
772 1382 973 1452 potius
993 1380 1404 1437 fameinterire
1425 1379 1663 1449 debere,
1689 1393 1878 1451 quam

218 1475 285 1526 ut
316 1486 470 1526 unus
496 1470 715 1526 animos
737 1486 862 1525 suae
890 1470 1210 1543 dispendio
1236 1485 1485 1542 peregre
1507 1469 1707 1534 abeat,
1737 1483 1876 1523 cum

217 1561 349 1634 ipse
373 1560 647 1618 docuerit
672 1561 926 1616 idoneos
951 1561 1025 1616 ad
1045 1561 1560 1634 peregrinandum
1580 1575 1712 1615 esse
1750 1575 1874 1628 eos,

220 1652 327 1724 qui
349 1650 664 1707 conﬁdunt
681 1649 916 1706 futuros
933 1666 996 1706 se
1021 1651 1299 1723 exemplo
1319 1649 1382 1706 in
1399 1649 1629 1716 itinere,
1654 1649 1723 1704 iis
1744 1648 1878 1721 qui-

219 1741 478 1798 buscum
501 1740 968 1810 congredientur
986 1741 1014 1796 ?
1039 1740 1270 1796 Etenim
1297 1740 1348 1794 si
1368 1745 1536 1796 tanta
1551 1756 1746 1795 rerum
1772 1754 1877 1811 pe-

1982 570 2085 627 nia
2113 587 2310 643 pauca
2341 574 2673 631 admodum
2710 575 3012 635 invenias.
3057 577 3389 650 Scriptores
3439 585 3640 636 autem
3699 563 3704 572 ’

1983 662 2067 718 ita
2096 663 2188 718 sui
2211 663 2536 720 dissimiles
2565 682 2695 722 esse
2725 682 2850 722 non
2880 667 3092 735 solent,
3131 676 3196 722 ut
3223 685 3362 723 cum
3394 670 3642 725 easdem

1987 767 2082 808 res
2102 757 2381 821 tractant,
2413 754 2666 810 diversis
2696 755 2995 812 scribendi
3029 757 3348 826 generibus
3375 762 3644 814 utantur.

1989 844 2138 899 Cum
2168 843 2346 913 igitur
2371 849 2605 901 constet
2625 845 2842 901 iisdem
2872 846 2946 902 de
2974 846 3159 902 rebus
3190 847 3251 902 in
3281 847 3522 918 Regalis
3564 852 3646 904 at-

1988 948 2108 1004 que
2131 933 2192 988 in
2216 933 2756 990 Constitutionibus
2788 951 3130 991 sermonem
3172 935 3425 1002 institui,
3457 939 3517 992 in
3546 937 3646 993 iis-

1987 1039 2107 1095 que
2127 1023 2426 1079 diversam
2452 1039 2580 1079 esse
2604 1024 2987 1082 citandarum
3011 1027 3443 1099 scripturarum
3463 1026 3645 1083 ratio-

1985 1129 2148 1181 nem,
2177 1130 2317 1170 cum
2347 1128 2557 1172 earum
2586 1115 2927 1171 testimonia
2955 1131 3115 1189 saepe
3147 1116 3204 1171 in
3227 1115 3488 1187 Regulis,
3508 1131 3645 1172 raro

1986 1203 2047 1260 in
2099 1205 2640 1261 Constitutionibus
2679 1204 3081 1277 proferantur,
3125 1221 3369 1262 necesse
3417 1205 3650 1262 videtur

1985 1293 2141 1349 duos
2152 1293 2436 1365 distingui
2452 1298 2748 1363 auctores,
2762 1310 3024 1367 quorum
3038 1311 3195 1350 unus
3211 1309 3353 1361 uno,
3365 1294 3516 1350 alius
3531 1293 3647 1350 alio

1987 1382 2173 1439 modo
2199 1384 2522 1456 scripserit.
2551 1387 2618 1440 Et
2641 1383 2934 1456 quoniam
2958 1390 3384 1454 argumentum
3407 1400 3438 1440 e
3460 1383 3648 1440 varie-

1985 1477 2102 1529 tate
2129 1473 2383 1529 citandae
2411 1474 2729 1546 Scripturae
2749 1479 2950 1546 petere
2964 1474 3149 1529 semel
3171 1474 3346 1546 coepi,
3370 1489 3644 1546 pergam.

1986 1565 2139 1632 Ergo
2167 1578 2413 1618 monere
2449 1569 2652 1635 Operae
2679 1564 2937 1636 pretium
2962 1568 3069 1632 est,
3092 1562 3238 1618 illud
3268 1565 3458 1630 Luca),
3481 1564 3648 1619 Mar-

1987 1653 2110 1720 tha,
2159 1653 2423 1708 sollicita
2469 1668 2547 1722 es,
2589 1658 2643 1709 et
2666 1652 2930 1709 turbaris
2962 1667 3107 1724 erga
3129 1654 3400 1722 plurima
3421 1668 3442 1709 .·
3460 1667 3648 1722 porro

1985 1758 2170 1797 unum
2195 1747 2279 1798 est
2309 1744 2708 1798 necessarium
2734 1744 2806 1809 ’9,
2831 1748 2888 1798 et
2916 1742 2975 1798 in
3007 1742 3247 1813 Regalis
3293 1742 3542 1814 reperiri
3593 1745 3649 1798 et

219 1831 395 1888 nuria
420 1835 597 1892 esset,
633 1834 696 1886 ut
721 1829 934 1886 fratres
950 1845 1162 1886 omnes
1184 1830 1246 1885 in
1267 1829 1394 1885 vitae
1423 1829 1754 1885 discrimen
1776 1844 1876 1884 ve-
1909 1837 1949 1890 B
1987 1832 2048 1888 in
2079 1831 2627 1888 Constitutionibus
2653 1851 2665 1888 :
2693 1833 2801 1888 sed
2823 1838 2946 1889 tam
2970 1833 3226 1902 diverse,
3248 1837 3313 1889 ut
3334 1833 3503 1889 aliter
3521 1832 3650 1888 ﬁeri

221 1921 434 1992 nirent,
475 1919 735 1976 dubium
756 1935 879 1975 non
911 1923 1003 1975 est
1021 1919 1170 1992 quin
1193 1918 1257 1974 in
1282 1919 1552 1992 quolibet
1575 1923 1879 1975 conventu

223 2025 461 2082 semper
479 2009 698 2082 aliquis
741 2008 1080 2064 monachus
1122 2008 1510 2077 inveniretur,
1556 2009 1660 2081 qui
1703 2024 1765 2062 se
1818 2007 1878 2062 in

222 2095 428 2153 itinere
444 2094 723 2152 faciendo
754 2094 1037 2150 virtutum
1067 2093 1342 2148 omnium
1369 2094 1646 2165 exempla
1684 2092 1880 2149 omni-

224 2187 339 2244 bus
366 2186 653 2243 daturum
675 2184 1001 2241 conﬁderet
1029 2202 1042 2251 ;
1065 2183 1323 2256 ideoque
1349 2199 1538 2242 causa
1564 2199 1689 2239 non
1731 2188 1879 2250 erat,

230 2293 332 2333 cur
357 2277 610 2348 scriptor
624 2274 981 2347 praeclarum
1004 2272 1155 2330 illud
1185 2273 1536 2330 decantaret
1555 2275 1609 2330 si
1632 2274 1882 2329 idoneus

229 2383 349 2424 non
366 2366 725 2435 reperiatur,
747 2371 997 2420 mortem
1002 2364 1206 2434 potius
1219 2369 1276 2419 to
1285 2363 1692 2420 lerarz’debere
1706 2378 1884 2434 quam

231 2461 459 2513 certum
487 2454 728 2526 aliquod
747 2454 966 2511 animae
986 2454 1270 2510 damnum
1293 2455 1607 2524 negligere,
1633 2469 1796 2520 cum,
1821 2457 1886 2508 ut

233 2545 523 2611 vidimus,
549 2545 804 2600 idoneus
835 2559 1154 2616 nunquam
1184 2544 1444 2600 deesset.
1478 2543 1714 2600 Addere
1740 2542 1888 2598 libet

232 2640 292 2692 et
321 2635 504 2691 alium
531 2633 755 2690 locum.
799 2636 948 2690 Cum
976 2649 1120 2703 ergo
1156 2639 1370 2690 auctor
1412 2634 1888 2701 interrogaretur

227 2731 428 2781 utrum
455 2723 924 2780 auscultandum
942 2723 1019 2779 sit
1055 2723 1148 2787 iis,
1175 2723 1281 2796 qui
1302 2739 1412 2779 nos
1439 2723 1518 2780 ad
1543 2723 1886 2795 propriare-

225 2815 448 2871 ducere
487 2814 728 2884 vellent,
766 2813 849 2869 ita
892 2813 1224 2886 respondet
1257 2817 1341 2882 (a)
1367 2830 1378 2868 :
1403 2813 1464 2866 Εἰ
1490 2817 1580 2885 μὲν
1609 2809 1703 2865 διὰ
1752 2811 1887 2863 οἰκο-

223 2903 394 2980 δομὴν
424 2914 516 2967 τῆς
536 2905 820 2969 πίστεως,ὁ
845 2900 1128 2977 δυνάμενος
1157 2907 1320 2964 οὕτως
1336 2903 1624 2968 άπεαλθείν,
1641 2905 1771 2975 μετά
1797 2898 1886 2954 δοε-

217 2999 472 3068 κιμασίας
503 2996 805 3068 πεμπέσθω.
829 2995 898 3050 Si
922 2994 982 3049 id
1000 2995 1110 3062 ﬁat
1133 2993 1205 3050 0b
1231 2993 1376 3062 ﬁdei
1406 2993 1880 3061 aediﬁcationem,

213 3087 326 3158 qui
348 3085 516 3142 abire
545 3085 656 3141 hoc
675 3083 849 3140 modo
875 3089 1080 3156 potest,
1106 3084 1156 3139 is
1178 3085 1492 3151 praemissa
1510 3082 1731 3151 praevio
1751 3095 1885 3137 exa-

1987 1936 2111 1977 non
2140 1937 2327 1993 posse
2353 1921 2648 1989 videatur,
2671 1922 2819 1995 quin
2846 1925 3064 1979 horum
3091 1938 3346 1994 operum
3369 1922 3491 1978 duo
3514 1938 3650 1978 auc-

1987 2017 2147 2066 tores
2166 2016 2600 2081 agnoscantur.
2624 2013 2775 2068 Loca
2795 2012 2930 2084 ipsa
2951 2011 3010 2068 in
3037 2011 3303 2067 medium
3327 2028 3466 2067 meo
3484 2027 3651 2069 more

1991 2099 2299 2155 adducam
2330 2116 2342 2153 :
2377 2116 2569 2172 eoque
2600 2100 2907 2169 libentius,
2935 2101 3105 2174 quod
3155 2101 3218 2156 in
3266 2101 3352 2157 eis
3393 2101 3651 2172 dignum

1989 2189 2286 2261 quiddam
2318 2189 2664 2246 curiositate
2697 2189 3107 2246 studiosorum
3129 2190 3328 2246 inesse
3351 2189 3649 2246 videatur.

1991 2277 2079 2333 Ita
2109 2277 2288 2346 igitur
2316 2278 2376 2333 in
2409 2278 2649 2348 Regulis
2703 2279 2997 2350 scriptum
3036 2279 3339 2336 invenitur
3379 2279 3456 2350 (ὁ)
3493 2295 3506 2333 :
3542 2278 3651 2330 052

1992 2372 2206 2441 ἐπῄνεσε
2245 2373 2338 2427 τὴν
2370 2371 2586 2443 Μάρθαν
2619 2373 2691 2430 είς
2717 2368 2910 2427 πολλὴν
2942 2367 3213 2423 διακονίαν
3256 2376 3650 2444 περισπωμένην

1993 2459 2019 2509 ὁ
2052 2460 2261 2530 Κύριος,
2291 2458 2436 2524 ἀλλὰ,
2464 2453 2726 2532 Μεριρινᾷς
2752 2465 2840 2510 καὶ
2869 2459 3127 2533 τυρϐάζῃ,
3154 2464 3303 2532 φησὶ,
3328 2464 3446 2534 περὶ
3466 2458 3649 2512 πολλά.

1995 2547 2175 2618 ὀλίγων
2203 2544 2262 2600 δέ
2292 2552 2404 2600 ἐστι
2447 2554 2626 2623 χρεία,
2660 2549 2690 2607 ἡ
2726 2548 2853 2610 ἑνός’
2889 2548 3074 2621 ὀλίγων
3099 2553 3208 2622 μὲν,
3267 2545 3509 2606 δηλονότι
3553 2555 3652 2600 τῶν

1990 2641 2120 2709 πρὸς
2150 2643 2484 2710 παρασκευήν
2519 2654 2530 2667 ·
2556 2638 2663 2699 ἐνὸς
2688 2635 2766 2705 δὲ,
2797 2646 2888 2691 τοῦ
2923 2647 3141 2708 σκοποῦ,
3172 2640 3307 2690 ὥστε
3345 2643 3438 2696 τὴν
3469 2641 3650 2710 χρείαν

1992 2723 2410 2798 ἐκπληρωθῆναι.
2443 2727 2835 2798 Nequaquam
2867 2727 3149 2782 Dominus
3180 2727 3457 2783 laudavit
3486 2727 3652 2782 Mar-

1993 2815 2159 2872 tham
2187 2820 2253 2871 in
2277 2817 2601 2885 multiplex
2629 2817 3028 2873 ministerium
3059 2818 3416 2873 distractam
3469 2833 3480 2870 :
3526 2816 3650 2883 sed,

1994 2927 2021 2954 (ι
2043 2905 2327 2961 Sollicita
2348 2920 2426 2972 es,
2447 2907 2637 2976 inquit
2660 2911 2716 2961 et
2753 2907 3021 2962 turbaris
3042 2910 3204 2963 circa
3225 2907 3440 2962 multa.
3465 2905 3656 2976 Atqui
3717 2919 3720 2922 ’

1988 2994 2219 3063 paucis,
2253 2995 2347 3050 vel
2366 3009 2486 3049 uno
2515 3009 2664 3063 opus
2692 3000 2814 3051 est:
2842 3016 2870 3044 »
2900 2997 3114 3065 paucis
3145 2996 3403 3067 quidem,
3457 3010 3652 3066 quan-

1992 3088 2120 3138 tum
2147 3083 2375 3138 scilicet
2405 3083 2489 3139 ad
2513 3089 2903 3153 apparatum,
2927 3099 3046 3139 uno
3075 3099 3235 3153 vero,
3284 3099 3493 3153 nempe
3532 3084 3654 3152 ﬁne

210 3177 374 3234 mine
403 3177 780 3233 dimittatur:
812 3175 916 3230 ubi
938 3175 1241 3231 monacho
1270 3190 1393 3230 non
1415 3173 1773 3244 permititur,
1796 3176 1878 3241 ut,
1915 3193 1955 3248 ρ
1991 3172 2140 3241 ipso,
2181 3177 2247 3227 ut
2278 3171 2553 3228 videlicet
2582 3174 2924 3229 necessitati
2951 3174 3058 3242 ﬁat
3087 3173 3254 3229 satis.
3281 3173 3419 3228 Ideo
3450 3178 3652 3228 autem

209 3265 264 3322 si
306 3265 466 3335 velit,
508 3264 852 3335 egrediatur
883 3281 896 3320 :
927 3264 1032 3320 sed
1059 3263 1228 3336 prius
1281 3261 1716 3334 pertentandus
1773 3265 1883 3331 est,

206 3360 426 3412 utrum
448 3354 706 3410 idoneus
728 3353 824 3410 sit.
855 3356 981 3410 Uno
999 3352 1209 3421 verbo,
1230 3351 1398 3424 quod
1418 3352 1480 3407 in
1505 3351 1882 3409 Constitutio-

204 3445 402 3503 nibus
426 3445 546 3514 legi
574 3444 1023 3512 adnotavimus,
1049 3442 1312 3509 cuilibet,
1343 3441 1392 3497 si
1413 3441 1566 3506 velit,
1595 3441 1798 3510 egredi
1817 3441 1885 3496 li-

197 3553 347 3594 cere
397 3549 572 3590 vanae
597 3531 918 3603 cujusdam
969 3532 1352 3588 conﬁdentiae
1380 3532 1651 3594 obtentu,
1681 3530 1744 3585 id
1781 3534 1887 3585 aut

199 3625 562 3701 quidquam
597 3622 792 3678 simile
820 3622 881 3677 in
905 3621 1143 3692 Regulis
1162 3621 1267 3693 qui
1282 3624 1600 3694 quaereret,
1631 3634 1884 3691 operam

197 3717 472 3775 luderet.
507 3715 702 3779 Quare
741 3713 790 3768 si
825 3711 1190 3782 Regularum
1222 3711 1476 3783 scriptor
1504 3724 1774 3781 unquam
1797 3707 1858 3764 in

197 3807 494 3863 duxisset
547 3803 822 3860 animum
869 3802 1269 3876 anachoretas
1310 3800 1645 3866 instituere,
1697 3798 1883 3854 modo

196 3912 426 3956 secum
442 3895 574 3967 ipse
590 3891 1253 3956 consentirevoluisset,
1272 3906 1395 3946 non
1413 3889 1498 3945 eis
1516 3888 1886 3961 permisisset

199 3992 270 4045 ut
320 3987 701 4054 vagarentur
737 3983 856 4038 huc
886 3981 1028 4038 illuc
1068 3981 1308 4054 quoties
1360 3980 1445 4036 ita
1471 3978 1724 4035 liberet:
1776 3977 1882 4033 sed

187 4077 494 4153 jussisset
518 4075 686 4146 ipsos
705 4072 785 4129 ab
810 4071 1058 4128 homine
1105 4070 1376 4143 sapiente
1418 4067 1741 4126 consilium
1781 4083 1881 4124 ca-

190 4184 348 4243 pere
358 4173 377 4234 ,'
395 4164 479 4221 ab
496 4178 690 4236 eoque
709 4177 998 4235 quaerere,
1021 4166 1218 4217 utrum
1237 4160 1441 4231 egredi
1456 4159 1541 4215 eis
1555 4159 1882 4232 expediret,

151 4283 160 4286 -
188 4271 428 4315 necne.
457 4252 662 4308 Videre
681 4257 793 4320 est,
808 4251 989 4320 igitur
1003 4251 1065 4305 in
1085 4248 1324 4319 Regulis
1341 4248 1738 4317 severitatem,
1761 4262 1884 4326 non

189 4346 375 4405 illam
399 4342 656 4417 quidem
691 4341 976 4411 Stoicam,
1026 4339 1135 4396 sed
1172 4356 1310 4411 quae
1349 4339 1612 4410 peritum
1659 4337 1882 4408 magis-

191 4443 369 4494 trum
403 4433 646 4500 deceat,
681 4429 1104 4502 consultatque
1135 4429 1362 4500 optime
1387 4433 1549 4484 recto
1571 4427 1768 4483 ordini
1795 4427 1881 4482 :in

1991 3256 2121 3313 haec
2159 3256 2340 3329 paulo
2367 3256 2560 3312 fusius
2589 3257 2784 3326 retuli,
2841 3263 2906 3314 ut
2933 3257 3272 3328 intelligant
3311 3256 3417 3330 qui
3452 3257 3655 3327 legent

1991 3361 2206 3402 vocem
2244 3349 2353 3407 ὲνὸς
2383 3346 2480 3402 hic
2510 3363 2632 3402 non
2663 3347 2859 3420 accipi
2887 3347 3124 3418 vulgari
3154 3363 3358 3415 sensu,
3405 3347 3511 3402 sed
3542 3362 3654 3418 pro

1992 3451 2116 3491 uno
2163 3435 2409 3491 ferculo.
2461 3440 2525 3491 ln
2555 3437 3084 3493 constitutionibus
3115 3452 3258 3492 vero
3285 3440 3440 3508 (cap.
3487 3441 3534 3499 1)
3568 3435 3653 3491 sic

1969 3525 2211 3595 legitur
2255 3543 2268 3580 :
2302 3526 2444 3593 Εἰπὲ,
2488 3532 2666 3598 φησὶν,
2695 3531 2850 3600 αὐτῇ,
2885 3531 2967 3579 ἶνα
2996 3526 3284 3580 ἀναστᾶσα
3333 3524 3648 3599 συνδιακονῇ

1992 3633 2105 3687 μοι.
2135 3613 2193 3665 Ὀ
2223 3611 2281 3667 δὲ
2314 3619 2506 3689 Κύριος
2535 3619 2667 3690 πρὸς
2691 3617 2870 3674 αὐτὴν.
2899 3619 3110 3690 Μάρθα,
3141 3619 3352 3692 Μάρθα,
3403 3623 3654 3691 μεριμνᾷς

1993 3723 2082 3757 και
2105 3703 2342 3779 τυρϐάζῃ
2374 3724 2493 3778 περι
2521 3704 2702 3772 πολλὰ,
2731 3709 2838 3766 ἑνὸς
2871 3703 2931 3757 δέ
2959 3710 3072 3757 ἐστι
3101 3710 3280 3779 χρεία,
3313 3711 3490 3779 Μαρία
3527 3708 3650 3780 γάρ,

1993 3799 2104 3851 etc.
2139 3816 2167 3844 «
2200 3797 2312 3851 Dic
2349 3797 2463 3861 illi,
2509 3797 2726 3867 inquit,
2777 3801 2842 3851 ut
2886 3811 3144 3866 surgens
3190 3795 3492 3851 ministret
3533 3809 3654 3850 me-

1993 3901 2148 3942 cum.
2191 3907 2218 3935 »
2256 3886 2372 3941 Cui
2410 3887 2753 3942 Dominus:
2784 3908 2812 3935 «
2861 3887 3131 3954 Martha,
3179 3885 3450 3956 Martha,
3481 3886 3652 3941 solli-

1991 3975 2113 4032 cita
2139 3989 2216 4040 es,
2240 3981 2296 4031 et
2326 3975 2593 4031 turbaris
2635 3975 2792 4030 circa
2822 3976 3037 4031 multa.
3089 3977 3284 4031 Porro
3334 3989 3520 4030 unum
3569 3979 3654 4030 est

1991 4066 2413 4121 necessarium.
2440 4065 2640 4120 Maria
2677 4065 2836 4121 enim
2857 4065 2928 4133 ⁸ο,
2961 4082 2991 4117 ›
3023 4069 3134 4120 etc.
3167 4063 3284 4120 Nec
3323 4064 3654 4137 quisquam

1991 4155 2206 4211 dixerit
2234 4160 2585 4226 corruptum
2613 4170 2745 4209 esse
2797 4154 3161 4225 [tegularum
3205 4154 3407 4210 locum
3443 4169 3456 4208 :
3487 4152 3656 4224 quod

1991 4245 2226 4314 vitium,
2256 4249 2318 4300 ut
2343 4243 2463 4299 alia
2486 4243 2762 4314 ejusdem
2791 4243 3028 4313 generis
3053 4243 3335 4316 plurima,
3359 4242 3656 4298 autlibra-

1991 4335 2218 4392 riorum
2249 4333 2590 4399 oscitantia,
2623 4338 2725 4390 aut
2751 4333 2869 4389 alio
2917 4333 3124 4405 aliquo
3155 4349 3297 4390 casu
3329 4332 3652 4404 irrepserit.

1995 4425 2243 4497 Etenim,
2277 4425 2324 4480 si
2355 4424 2535 4480 unico
2563 4425 2681 4480 hoc
2725 4425 2856 4481 loco
2903 4424 2985 4479 ita
3036 4424 3355 4492 legeretur,
3403 4423 3658 4478 fortasse

191 4520 766 4584 Constitutionibus
794 4535 960 4587 vero,
987 4517 1324 4574 molliorem
1345 4517 1682 4589 quamdam
1705 4517 1883 4572 disci-
1916 4555 1962 4610 Β
1995 4514 2138 4571 talia
2181 4513 2296 4569 dici
2329 4518 2578 4586 possent
2605 4529 2618 4568 :
2655 4513 2760 4569 sed
2788 4528 2928 4610 cum
2958 4517 3015 4610 et
3045 4511 3196 4610 alibi
3223 4511 3440 4567 eodem
3472 4510 3657 4566 modo

188 4615 478 4691 plinam,
536 4627 676 4683 quae
734 4609 783 4665 si
832 4609 1036 4665 locum
1081 4607 1356 4679 haberet,
1379 4612 1578 4663 rectus
1608 4607 1758 4663 ordo
1780 4607 1884 4663 diu

187 4714 366 4764 stare
404 4717 541 4759 non
571 4705 800 4773 posset.
1508 4699 1510 4701 ’

266 4801 364 4856 36.
418 4792 810 4862 Subjungam
841 4795 1270 4860 argumentum
1305 4788 1491 4859 aliud,
1514 4788 1679 4860 quod
1711 4792 1770 4844 et
1797 4788 1886 4860 ip—

185 4906 337 4947 sum
360 4899 628 4960 quoque
651 4881 864 4955 probat
884 4881 1130 4954 quidem
1154 4896 1278 4935 non
1291 4880 1574 4936 eumdem
1593 4895 1726 4934 esse
1748 4895 1886 4935 auc-

181 4986 400 5038 torem
426 4973 826 5044 Regularum,
849 4971 956 5040 qui
977 4971 1484 5027 Constitutionum
1511 4987 1522 5036 ;
1550 4969 1657 5025 sed
1680 4975 1887 5042 praete-

177 5087 294 5130 rea
329 5071 462 5126 hoc
489 5062 802 5120 commodi
825 5062 1029 5131 habet,
1063 5067 1128 5117 ut
1155 5061 1322 5116 nullo
1344 5061 1668 5116 verborum
1698 5075 1886 5132 appa-

177 5167 354 5227 ratu,
404 5161 474 5212 at
502 5151 634 5208 solo
663 5151 981 5207 oculorum
1007 5149 1230 5206 auxilio
1255 5149 1544 5219 indigeat.
1569 5149 1754 5204 Velim
1777 5149 1883 5218 igi-

177 5259 287 5311 tur
343 5242 560 5305 oculis
621 5242 952 5298 lustrantur
1008 5240 1248 5311 Regulae
1293 5245 1351 5296 et
1396 5240 1883 5308 Constitutiones,

179 5338 776 5414 comparenturque
806 5331 960 5388 inter
988 5346 1139 5387 sese.
1174 5333 1290 5386 Has
1322 5330 1530 5386 videas
1560 5330 1886 5410 Scriptura-

256 5527 311 5561 ιε
351 5524 510 5580 Luc.
544 5531 606 5583 x,
636 5517 729 5585 4i,
759 5516 852 5570 42.
894 5515 942 5552 3°
974 5512 1123 5570 Ibid.
1157 5517 1344 5570 40-42.

256 5734 343 5797 (al
370 5731 538 5799 Reg.
565 5720 733 5779 brev.
763 5724 830 5779 89

1996 4605 2286 4677 scriptum
2335 4603 2698 4668 inveniatur,
2742 4601 3008 4658 dubitari
3051 4601 3264 4657 merito
3283 4615 3404 4656 non
3436 4604 3656 4672 potest,

1995 4695 2142 4769 quin
2173 4698 2378 4749 auctor
2401 4693 2532 4766 ipse
2564 4693 2646 4748 ita
2671 4691 2996 4764 scripserit.
3030 4691 3175 4747 Volo
3217 4694 3420 4746 autem
3446 4689 3656 4745 memi-

1995 4787 2160 4842 nisse
2189 4800 2425 4850 omnes,
2454 4783 2513 4838 in
2561 4783 2678 4838 hoc
2707 4781 2974 4838 eruditos
3019 4781 3172 4836 inter
3201 4797 3264 4834 se
3295 4778 3653 4843 consentire,

1995 4871 2164 4944 quod
2197 4886 2318 4926 uno
2349 4886 2652 4926 consensu
2680 4869 2920 4927 Moralia
2950 4873 3006 4925 et
3032 4869 3290 4939 Regulas
3310 4868 3415 4924 uni
3437 4867 3658 4923 eidem-

1995 4979 2114 5037 que
2154 4960 2425 5032 scriptori
2460 4960 2750 5015 tribuant.
2783 4959 3106 5014 Videamus
3137 4973 3301 5028 ergo,
3344 4957 3658 5030 quomodo

1996 5052 2320 5108 Moralium
2348 5055 2578 5118 auctor,
2612 5049 2720 5121 qui
2748 5049 2908 5104 idem
2941 5053 3030 5104 est
3055 5053 3237 5121 atque
3269 5047 3656 5118 Regularum,

1995 5143 2168 5211 illud,
2200 5141 2366 5215 quod
2400 5140 2546 5206 dixi,
2582 5142 2752 5195 Lucae
2783 5139 3198 5195 testimonium
3230 5139 3519 5195 retulerit.
3565 5138 3660 5194 Sic

1997 5238 2201 5290 autem
2251 5231 2520 5304 loquitur
2567 5230 2629 5286 in
2686 5230 2899 5300 regula
2948 5233 3015 5287 38
3067 5235 3241 5303 (page
3292 5232 3417 5286 263)
3464 5246 3476 5280 :
3535 5231 3658 5281 Εἰπὲ

1995 5333 2083 5379 οῦν
2128 5320 2284 5396 αὐτῇ,
2339 5325 2420 5374 ἱνα
2459 5339 2549 5393 μοι
2598 5319 3057 5378 συναντιλάϐηται·
3111 5321 3439 5400 Ἀποκριθεὶς
3489 5315 3550 5375 δὲ
3579 5316 3656 5372 εἷ·-

2051 5718 2086 5774 b
2115 5719 2258 5790 Reg.
2291 5719 2360 5774 20
2381 5715 2497 5775 fus.
