4092 6412
435 337 499 392 91

1943 334 2096 390 PIUE
2105 331 2330 390 FATIO.

433 478 523 513 πεν
548 458 678 532 αὐτῇ
708 458 732 510 ὁ
763 457 986 521 Ἰησοῦς·
1020 461 1231 535 Μάρθα,
1261 461 1471 536 Μάρθα,
1523 454 1772 536 μεριμνᾷς
1824 463 1916 512 καὶ
1960 478 2084 532 τυρ-

2199 457 2312 514 tria
2348 456 2648 531 exempla.
2676 460 2742 514 In
2765 472 2838 515 eo
2861 456 3042 529 igitur
3067 457 3151 514 ita
3178 456 3397 528 legitur
3420 467 3581 531 (pag.
3607 460 3766 524 550):
3790 463 3850 513 Et

364 546 373 559 ³
433 547 566 621 ϐοεξη
600 552 719 623 περὶ
743 547 925 601 πολλοί’
959 548 1140 621 ὀλίγων
1163 546 1223 603 δέ
1247 549 1362 603 ἐστι
1399 556 1574 626 χρεία,
1598 552 1627 610 η
1659 549 1786 612 ἑνός,
1817 550 1919 606 Dic
1944 563 2085 619 ergo

429 637 551 707 illi,
578 644 643 693 ut
673 653 766 694 me
791 638 1059 708 adjuvet.
1090 640 1473 709 Respondens
1502 645 1701 697 autem
1726 641 1899 696 Jesus
1929 638 2087 694 dixit

431 727 488 784 ei
543 743 557 781 :
607 726 878 794 Martha,
934 728 1207 796 Martha,
1258 730 1526 788 sollicita
1578 745 1658 797 es,
1707 734 1762 786 et
1819 727 2090 785 turbaris

432 819 596 874 circa
637 818 929 887 plurima,
980 823 1181 875 tamen
1205 821 1422 890 paucis
1452 835 1600 890 opus
1629 824 1733 884 est,
1782 824 1888 876 aut
1918 833 2037 874 uno
2070 833 2083 872 :

432 907 538 964 ubi
573 923 700 964 non
748 907 921 964 aliter
964 908 1181 980 legitur
1218 925 1397 981 quam
1437 909 1498 966 in
1528 909 1671 981 ipsis
1702 907 1940 977 Regulis
1969 925 1982 974 ;
2016 921 2091 962 ex

430 1014 555 1071 quo
585 998 670 1066 ﬁt,
704 1002 769 1053 ut
794 1014 933 1054 cum
964 1004 1312 1055 constanter
1338 999 1583 1055 duobus
1610 999 1672 1055 in
1700 998 1849 1054 locis
1874 996 2090 1054 eodem

430 1086 618 1144 modo
643 1086 900 1158 legatur,
934 1092 1144 1145 auctor
1172 1089 1324 1162 ipse,
1366 1089 1644 1162 quisquis
1676 1092 1791 1157 est,
1840 1087 1921 1143 ita
1951 1085 2091 1143 scriv

428 1176 622 1251 psisse
659 1178 971 1250 putandus
1019 1178 1116 1234 sit.
1160 1182 1476 1246 Praeterea,
1530 1179 1767 1253 opinor,
1794 1177 1923 1233 haec
1953 1175 2089 1232 scri-

429 1274 633 1341 ptura,
649 1270 863 1338 paucis
884 1285 1032 1340 opus
1055 1275 1162 1339 est,
1187 1276 1293 1326 aut
1316 1286 1456 1335 uno,
1480 1273 1604 1326 tam
1628 1284 1789 1325 nova
1813 1270 1906 1323 est
1929 1272 1987 1323 et
2004 1267 2090 1323 in-

429 1358 627 1424 solita,
652 1362 714 1414 ut
732 1358 1015 1428 librariis,
1050 1358 1166 1414 nisi
1196 1358 1400 1431 ipsam
1423 1358 1485 1413 in
1514 1358 1588 1413 iis
1616 1374 1754 1431 qua:
1782 1355 2095 1414 habebant

429 1447 879 1519 exemplaribus
909 1447 1302 1517 invenissent,
1335 1463 1411 1503 ne
1438 1446 1499 1503 in
1529 1451 1798 1503 mentem
1843 1432 2092 1518 quidem

427 1536 692 1593 venisset
732 1555 745 1605 ;
787 1536 866 1593 ob
913 1537 1098 1610 idque
1144 1537 1343 1607 magis
1388 1536 1761 1608 intelligitur,
1810 1534 2090 1592 librarios

429 1627 582 1697 ejus,
614 1643 803 1700 quam
822 1626 1014 1699 retuli,
1039 1627 1346 1684 varietatis
1371 1631 1652 1684 auctores
1674 1626 1793 1682 dici
1808 1627 1944 1697 jure
1964 1640 2091 1682 non

426 1731 631 1789 posse.
654 1719 734 1772 Ex
756 1717 982 1789 quibus
1003 1718 1288 1773 omnibus
1308 1717 1590 1773 concludi
1612 1716 1815 1783 debet,
1840 1715 2090 1786 Regula'

426 1810 561 1862 rum
594 1805 951 1878 scriptorem
991 1806 1176 1862 alium
1203 1822 1334 1862 esse
1364 1806 1443 1862 ab
1470 1822 1543 1863 eo
1574 1805 1682 1878 qui
1712 1804 2091 1861 Constitutio-

427 1910 537 1951 nes
560 1894 622 1951 in
652 1894 851 1952 lucem
881 1896 1090 1965 edidit,
1123 1912 1261 1952 cum
1292 1898 1462 1952 Lucae
1489 1895 1676 1952 verba
1702 1895 1795 1951 bis
1813 1894 1983 1950 aliter
2013 1894 2090 1950 ci-

424 1984 581 2040 tarit.
603 1984 775 2050 Quod
790 1985 1142 2055 autemdixi,
1160 2001 1367 2055 vocem
1387 1986 1492 2048 ἑνός
1510 1984 1675 2058 apud
1694 1987 1915 2040 Lucam
1929 2000 2087 2039 sum-

425 2076 597 2145 ptam
626 2090 756 2130 esse
782 2074 860 2131 ab
885 2078 1130 2131 auctore
1151 2090 1275 2131 non
1307 2074 1563 2146 mystico
1595 2089 1804 2139 sensu,
1829 2072 1937 2129 sed
1954 2088 2090 2145 pro-

426 2163 560 2235 prio
590 2167 646 2221 et
673 2164 955 2235 naturali,
977 2180 1195 2238 nempe
1218 2180 1323 2236 pro
1350 2163 1598 2235 ferculo,
1627 2164 1690 2219 id
1706 2179 1773 2219 ex
1794 2179 1885 2229 eo,
1904 2179 2088 2235 quem

423 2254 611 2311 modo
640 2254 835 2324 citavi,
861 2255 1173 2311 Moralium
1201 2254 1336 2312 loco
1386 2254 1637 2310 miriﬁce
1665 2253 2084 2310 conﬁrmatur.

425 2344 574 2400 Cum
594 2344 760 2401 enim
785 2361 857 2401 ea
878 2344 1193 2402 Moralium
1215 2344 1453 2415 regula,
1488 2344 1546 2401 in
1576 2359 1701 2417 qua
1725 2343 1854 2399 haec
1880 2342 2088 2413 legun-

424 2437 543 2504 tur,
572 2433 751 2506 ὀλίγων
781 2431 839 2487 δέ
870 2434 987 2488 ἐστι
1015 2439 1190 2510 χρεία,
1227 2435 1255 2494 ἢ
1282 2434 1412 2499 ἑνός,
1448 2439 1648 2490 tamen
1674 2434 1885 2503 paucis
1935 2447 2087 2502 opus

426 2528 532 2593 est,
564 2530 668 2581 aut
706 2539 846 2592 uno,
888 2524 1115 2596 scripta
1141 2523 1214 2580 sit
1256 2523 1332 2579 de
1354 2522 1716 2593 frugalitate,
1751 2526 1907 2577 certe
1934 2520 2087 2577 illud

426 2612 603 2668 Lucae
628 2613 1066 2683 testimonium,
1088 2612 1208 2669 nisi
1237 2628 1354 2668 vox
1376 2611 1483 2674 ἐνὸς
1514 2611 1597 2667 ibi
1626 2626 1739 2683 pro
1771 2609 1908 2667 cibo
1930 2609 2085 2668 acci-

342 2748 353 2760 .
425 2706 686 2775 paretur,
714 2702 863 2759 nihil
891 2702 1143 2760 omnino
1174 2701 1255 2760 ad
1292 2717 1423 2758 rem
1451 2700 1696 2758 faceret.

495 2796 583 2848 37.
607 2795 980 2863 Argumenta
1000 2808 1137 2865 quas
1166 2792 1464 2848 hactenus
1486 2790 1798 2864 proposui,
1830 2789 2087 2846 fortasse

423 2880 616 2938 videri
651 2884 937 2954 poterunt
964 2880 1274 2953 aliquibus
1305 2879 1490 2952 paulo
1520 2880 1848 2936 remotiora
1875 2897 1889 2932 :
1921 2894 2087 2935 nunc

425 2985 769 3044 proponam
799 2971 941 3039 alia,
972 2986 1110 3043 quae
1140 2985 1214 3026 ex
1238 2971 1377 3042 ipsa
1406 2969 1547 3042 styli
1590 2969 1825 3026 ratione
1852 2973 2081 3041 petam.

425 3060 576 3117 Cum
600 3075 745 3131 ergo
767 3060 1023 3131 Regulae
1051 3063 1232 3132 atque
1271 3059 1741 3116 Constitutiones
1766 3058 2089 3129 diligenter

424 3148 701 3221 legerem,
722 3164 952 3222 easque
972 3149 1126 3206 inter
1149 3165 1214 3205 se
1235 3164 1680 3222 compararem,
1697 3148 1901 3204 videre
1921 3147 2088 3204 visus

424 3254 564 3295 sum
584 3239 739 3296 duos
756 3243 1051 3306 auctores,
1067 3254 1330 3312 quorum
1351 3254 1512 3294 unus
1528 3254 1673 3303 uno,
1686 3237 1840 3294 alius
1865 3236 1982 3293 alio
2002 3236 2088 3293 lo-

425 3328 657 3401 quendi
679 3344 897 3399 genere
916 3328 1094 3385 valde
1111 3328 1528 3385 delectaretur.
1552 3330 1618 3384 Et
1632 3327 1927 3400 quoniam
1948 3342 2087 3399 quae

423 3417 576 3490 ipsis
600 3417 793 3474 oculis
821 3417 1248 3490 subjiciuntur,
1290 3418 1501 3475 nescio
1525 3417 1839 3491 quomodo
1890 3417 2088 3487 magis

426 3512 697 3575 movent,
728 3507 1054 3579 cujuslibet
1076 3508 1163 3565 rei
1187 3508 1420 3581 aliquot
1448 3507 2083 3580 exempla'proferam.

425 3598 475 3651 A
500 3595 689 3653 tribus
726 3596 981 3653 vocibus
1010 3596 1253 3653 initium
1298 3597 1546 3669 ducam,
1595 3596 1890 3670 φιλοσοφία,
1943 3595 2083 3669 φιλό-

429 3704 586 3758 σοφος
626 3689 684 3742 et
733 3683 1044 3760 φιλοσοφεῖν
1096 3702 1236 3759 quae
1261 3702 1401 3743 cum
1435 3702 1496 3742 in
1538 3685 2085 3743 Constitutionibus

426 3789 584 3847 saepe
622 3774 1050 3848 adhibeantur,
1103 3791 1213 3833 eas
1259 3780 1465 3833 tamen
1523 3775 1794 3833 invenire
1832 3790 1957 3831 non
1995 3778 2087 3831 est

424 3879 689 3936 usquam
716 3864 780 3921 in
820 3864 1079 3935 Regulis.
1111 3864 1205 3923 Sic
1251 3864 1431 3936 igitur
1475 3864 1747 3937 loquitur
1786 3863 2085 3921 Constitu-

425 3952 657 4010 tionum
704 3958 916 4010 auctor
939 3954 1075 4027 ipso
1124 3953 1403 4026 procnmii
1442 3954 1539 4009 sui
1567 3953 1736 4011 initio
1770 3960 1920 4012 ε’Τὴν
1949 3954 2085 4005 κατὰ

423 4046 656 4115 Χριστὸν
709 4042 1011 4117 φιλοσοφίαν
1078 4042 1459 4115 ἐπανελόμενος,
1515 4047 1606 4096 καί
1666 4052 1765 4101 τῶν
1821 4042 2085 4116 βιωτικῶν

424 4134 710 4206 επιθυμιῶν
756 4139 921 4186 τεκαὶ
949 4130 1152 4192 ἡδονῶν
1195 4138 1284 4186 καὶ
1315 4129 1600 4206 φροντίδων
1652 4131 1898 4208 ἀνώτερον
1952 4134 2083 4207 ἄρας

423 4224 483 4275 τὸ
525 4227 782 4297 φρόνημα,
836 4228 948 4280 etc.
990 4224 1093 4281 Ea:
1121 4239 1236 4295 quo
1273 4221 1502 4291 Christi
1538 4224 1853 4294 amplexus
1878 4238 1935 4280 es
1949 4222 2088 4292 phi-

426 4312 779 4382 losophtam,
811 4320 867 4370 et
897 4328 1086 4383 supra
1107 4313 1478 4382 cupiditates
1506 4313 1853 4369 mundanas
1906 4319 2086 4384 atque

424 4403 765 4472 voluptates
789 4419 863 4461 ac
900 4418 1080 4461 curas
1121 4404 1394 4460 animum
1432 4404 1725 4472 extulisti,
1774 4408 1887 4460 etc.
1920 4404 2087 4475 Ejus-

421 4491 565 4547 dem
594 4492 725 4548 baac
755 4497 898 4549 sunt
928 4492 1113 4550 verba
1133 4492 1252 4549 alio
1281 4492 1416 4549 loco
1455 4502 1613 4565 (cap.
1637 4496 1693 4560 4,
1728 4509 1900 4549 num.
1935 4498 1988 4563 3,
2020 4509 2083 4566 p.

424 4585 581 4643 54-6):
610 4585 674 4635 Τί
715 4585 817 4656 γὰρ
870 4580 1092 4655 βελτιον,
1122 4582 1232 4636 εἰπέ
1256 4602 1366 4655 μοι,
1404 4582 1702 4655 ιμιμεῖσθαι
1731 4590 1830 4635 τῶν
1859 4578 2089 4658 δένδρων

421 4674 487 4725 τὰ
538 4674 841 4746 εὔκαρπα...
897 4671 952 4734 ἐξ
993 4672 1239 4744 ἡμισείας
1284 4668 1343 4725 δὲ
1395 4676 1489 4730 τὴν
1531 4671 1834 4745 φιλοσοφίαν
1880 4672 2090 4745 ἐργάζε-

424 4757 566 4823 σθαι,
599 4756 753 4829 ψυχῇ
787 4761 939 4830 μόνῃ,
974 4755 1080 4808 ἀλλ’
1113 4757 1243 4828 οὐχὶ
1292 4762 1384 4808 καὶ
1428 4758 1502 4827 τῷ
1554 4762 1806 4828 σώματι;
1849 4758 2086 4825 Utrum,

423 4860 642 4917 quaeso,
673 4846 1080 4916 praestabilius
1103 4853 1209 4913 est,
1235 4845 1562 4903 arboresne
1591 4847 1931 4917 frugiferas
1964 4848 2090 4904 imi-

425 4937 616 4993 tari...
635 4941 812 5008 atque
823 4952 900 4993 ea:
917 4935 1173 4992 dimidia
1186 4942 1423 4992 tantum
1442 4941 1640 5005 parte,
1663 4937 1789 4993 solo
1812 4937 2087 4995 videlicet

423 5024 625 5082 animo
654 5039 727 5081 ac
763 5041 904 5095 non,
929 5026 1107 5082 etiam
1138 5039 1391 5094 corpore
1412 5024 1818 5095 philosophiae
1842 5041 2086 5096 operam

424 5113 574 5170 dare
601 5118 627 5168 .9
656 5114 881 5171 Eodem
912 5113 1013 5171 illo
1041 5114 1103 5170 in
1135 5114 1331 5186 capite
1364 5116 1443 5175 tn.
1477 5117 1530 5185 4)
1564 5112 1647 5169 sic
1680 5114 1886 5171 scribit
1908 5134 1920 5172 :
1944 5119 2084 5169 Ταύ-

424 5223 519 5265 της
569 5206 671 5277 γὰρ
724 5212 817 5266 τῆς
878 5201 1163 5266 διαθέσεως
1213 5202 1262 5256 ἐν
1319 5203 1473 5276 ψυχῇ
1528 5208 1825 5277 γενομένης,
1887 5206 2004 5259 οὑὲν
2059 5209 2084 5259 ὁ

424 5297 658 5367 μετέχων
705 5302 802 5356 τῆς
843 5303 1056 5367 τροφῆς,
1107 5301 1200 5346 τοῦ
1245 5298 1318 5366 μὴ
1369 5297 1684 5366 μετέχοντος
1733 5290 1975 5368 δεύτερος
2014 5302 2085 5358 είς

426 5382 731 5457 φιλοσοφίαν
763 5390 1014 5456 φανεῖται.
1070 5383 1348 5455 Quisquis
1379 5384 1556 5451 enim,
1611 5384 1812 5440 animo
1854 5386 1939 5441 sic
1994 5387 2084 5455 af-

424 5474 605 5544 fecto,
622 5474 815 5529 cibum
845 5473 1046 5541 sumit,
1063 5474 1128 5528 in
1144 5472 1336 5529 nihilo
1366 5472 1670 5529 videbitur
1688 5473 1947 5542 inferior
1964 5491 2086 5533 non

425 5563 703 5629 sumenti,
737 5568 1035 5635 quantum
1055 5562 1273 5619 attinet
1295 5560 1378 5617 ad
1392 5560 1867 5632 philosophiam.
1894 5564 2086 5636 Caput

426 5648 729 5731 quintum,
760 5650 873 5710 etsi
900 5649 1351 5720 brevissimum,
1397 5648 1530 5723 ejus
1559 5648 1643 5706 rei
1675 5649 2088 5723 suppeditabit

2120 1757 2161 1811 Β

2117 3104 2158 3160 C

2200 543 2259 600 δε
2313 567 2365 600 τι
2415 544 2528 600 δέοι
2585 544 2678 600 διὰ
2735 553 2825 607 τήν
2883 546 3171 618 ἀναγκαίαν
3225 552 3413 621 χρείαν
3458 554 3549 600 καὶ
3600 550 3852 622 ῦπαιθρον

2198 640 2344 712 ἔργον
2392 636 2658 706 ἐπιτελεῖν,
2715 635 2838 691 οὐδὲ
2883 646 3036 690 τοῦτο
3066 639 3160 695 τὴν
3188 637 3494 711 φιλοσοφίαν
3522 638 3765 696 κωλύσει.
3789 638 3850 691 Ὀ

2195 731 2293 803 γὰρ
2336 725 2557 801 ἀκριϐὴς
2607 727 2904 801 φιλόσοφος.
2952 734 3343 802 φροντιστήριον
3399 730 3535 799 ἔχων
3586 732 3644 780 τὸ
3677 736 3849 801 σῶμα,

2196 821 2285 870 καὶ
2326 821 2636 889 καταγωγὴν
2678 826 2772 879 τῆς
2827 817 3014 889 ψυχῆς
3070 816 3299 890 ἀσφαλῆ,
3326 816 3421 869 κᾶν
3448 816 3528 870 ἐπ’
3560 816 3753 893 ἀγορᾶς
3784 819 3851 870 ὧν

2196 910 2363 980 τύχη,
2408 907 2503 959 κᾶν
2560 906 2609 959 ἐν
2653 911 2966 981 πανηγύρει,
2998 907 3092 960 κᾶν
3122 908 3171 961 ἐν
3197 910 3324 982 ὄρει,
3357 908 3452 960 κᾶν
3483 908 3533 961 ἐν
3564 907 3729 983 ἀγρώ,
3756 907 3851 960 κᾶν

2200 997 2388 1059 ιιεταξύ
2448 997 2674 1060 πλήθους
2744 997 2956 1066 πολλοῦ,
3017 996 3065 1049 ἐν
3132 1006 3204 1050 τῶ
3257 994 3460 1070 φυσικῷ
3517 1002 3853 1070 μοναστηρίῳ

2196 1083 2537 1162 καθίδρυται,
2592 1083 2736 1141 ἔνδον
2792 1089 3028 1159 συνάγων
3076 1091 3163 1140 τ’ὸν
3210 1096 3327 1140 νοῦν
3356 1093 3445 1141 καὶ
3476 1087 3763 1159 φιλοσοφῶν
3788 1090 3854 1139 τὰ

2198 1179 2338 1250 αυτῳ
2367 1181 2646 1250 πρέποντα.
2681 1177 2851 1245 Quod
2878 1179 2932 1234 si
2959 1179 3287 1248 oportuerit
3335 1178 3408 1234 ob
3446 1178 3853 1234 inevitabilem

2197 1267 2524 1339 quamdam
2585 1268 2993 1325 necessitatem
3046 1283 3194 1338 opus
3237 1268 3489 1339 aliquod
3541 1269 3719 1324 etiam
3744 1267 3854 1323 sub

2196 1357 2297 1413 dio
2322 1358 2555 1427 perﬁci,
2594 1372 2671 1413 ne
2694 1358 2806 1414 hoc
2834 1357 3073 1429 quidem
3117 1356 3518 1427 philosophiae
3571 1362 3853 1427 futurum

2197 1452 2284 1504 est
2310 1447 2748 1516 impedimento.
2782 1448 2896 1516 Qui
2915 1448 3074 1504 enim
3096 1462 3233 1504 vere
3251 1447 3650 1517 philosophus
3669 1453 3777 1518 est,
3803 1448 3859 1503 ei

2198 1554 2335 1595 cum
2363 1552 2581 1607 corpus
2600 1537 2680 1593 sit
2713 1539 2844 1594 loco
2871 1538 3084 1594 schola:
3112 1543 3167 1595 et
3196 1537 3521 1608 gymnasii,
3551 1539 3745 1608 sitque
3773 1538 3852 1595 ei-

2198 1627 2331 1684 dem
2352 1627 2544 1683 animi
2565 1626 2729 1683 sedes
2750 1628 3093 1702 ﬁrmissima
3117 1644 3131 1682 :
3155 1628 3391 1684 etiamsi
3408 1627 3470 1683 in
3488 1626 3626 1696 foro
3640 1627 3853 1697 fuerit,

2197 1717 2321 1773 sive
2340 1721 2655 1784 conventu,
2687 1720 2811 1773 sive
2830 1717 2894 1772 in
2923 1722 3141 1783 monte,
3174 1717 3297 1773 sive
3320 1718 3383 1772 in
3422 1715 3621 1772 media
3656 1717 3854 1773 multi-

2199 1806 2427 1862 tudinis
2471 1806 2838 1878 frequentia,
2885 1821 2992 1863 ceu
3048 1808 3115 1863 in
3162 1806 3447 1862 naturali
3490 1808 3856 1863 monasterio

2198 1900 2607 1953 commoratur
2645 1913 2659 1951 :
2693 1897 2916 1967 quippe
2940 1896 3049 1966 qui
3068 1896 3231 1951 intus
3260 1897 3323 1951 in
3353 1911 3415 1951 se
3443 1896 3692 1966 colligat
3723 1896 3857 1951 ani-

2196 2002 2380 2054 mum,
2402 1987 2548 2043 etde
2574 1987 2918 2057 rebus,quae
2937 1987 3049 2042 sibi
3073 1986 3454 2055 conveniant,
3474 1985 3858 2056 philosophe-

2199 2081 2318 2131 tur.
2349 2074 2639 2131 Ultimum
2686 2075 2890 2131 locum
2930 2090 3241 2131 accersam
3266 2090 3298 2130 e
3328 2090 3464 2147 cap.
3512 2077 3597 2142 18,
3625 2074 3733 2129 ubi
3771 2074 3856 2130 sic

2195 2165 2413 2235 legitur
2452 2169 2612 2238 (pag.
2663 2168 2787 2228 560)
2816 2184 2829 2217 :
2863 2161 3234 2238 Δεδηλωκαμεν
3283 2164 3491 2226 ὅπως...
3539 2160 3744 2216 δύναιτ’
3796 2163 3857 2216 ἆν

2197 2257 2322 2329 ἡμῖν
2349 2259 2435 2308 τὸν
2476 2254 2663 2330 ἀκριϐῆ
2692 2260 3101 2329 χαρακτηρίσαι
3130 2254 3434 2327 φιλόσοφον,
3472 2254 3858 2324 exposuimus

2195 2344 2554 2415 quomodo...
2572 2344 2999 2413 philosophum
3018 2345 3354 2414 perfectum
3378 2343 3548 2399 nobis
3569 2343 3861 2412 exprime-

2194 2450 2262 2491 re
2287 2436 2493 2505 possit.
2524 2436 2605 2489 Ex
2631 2433 2859 2506 quibus
2881 2433 3146 2505 perspici
3167 2437 3385 2504 potest,
3408 2448 3533 2503 eas,
3555 2448 3712 2504 quas
3733 2432 3859 2488 dixi

2195 2539 2376 2580 voces
2404 2524 2920 2580 Constitutionum
2952 2523 3183 2579 auctori
3208 2538 3333 2579 non
3355 2539 3574 2597 parum
3605 2522 3855 2580 familia-

2193 2629 2290 2670 res
2326 2614 2513 2670 fuisse
2545 2631 2559 2669 :
2596 2629 2733 2686 quas
2768 2618 2976 2669 tamen
3014 2612 3382 2683 Regularum
3421 2611 3719 2685 scriptori,
3758 2627 3856 2669 res

2193 2703 2446 2760 easdem
2466 2708 2523 2759 et
2542 2702 2764 2759 dicenti
2784 2707 2841 2758 et
2866 2703 3211 2775 exponenti,
3232 2707 3336 2759 aut
3358 2702 3420 2758 in
3441 2706 3704 2759 mentem
3732 2717 3857 2758 non

2194 2797 2492 2849 venerunt
2509 2797 2636 2862 aut,
2661 2793 2711 2848 si
2729 2792 3004 2848 venerint
3018 2792 3164 2864 ipsis
3179 2796 3384 2849 tamen
3401 2792 3488 2849 uti
3508 2791 3722 2850 noluit.
3736 2794 3856 2848 Hoc

2193 2881 2379 2950 idem,
2402 2881 2570 2956 quod
2591 2882 2770 2939 nobis
2798 2881 3261 2955 proposuimus,
3294 2881 3415 2939 alia
3472 2882 3568 2939 via
3608 2882 3859 2955 exsequi

2196 2987 2505 3031 conemur.
2529 2971 2681 3027 Illud
2702 2971 2883 3043 igitur
2906 2971 3271 3037 notandum,
3297 2970 3555 3028 verbum
3586 2973 3856 3025 ποιεῖσθαι

2194 3061 2279 3118 ita
2296 3061 2359 3117 in
2381 3061 2925 3120 Constitutionibus
2957 3061 3265 3134 usurpari,
3286 3066 3355 3117 ut
3381 3061 3534 3134 ipsis
3558 3062 3738 3117 etiam
3773 3060 3856 3117 lo-

2196 3151 2303 3217 cis,
2334 3151 2441 3208 ubi
2464 3152 2737 3223 thmpore
2758 3150 3006 3223 passivo
3026 3151 3295 3224 ponitur,
3318 3156 3525 3207 tamen
3554 3150 3857 3222 signiﬁca-

2195 3240 2421 3298 tionem
2443 3242 2702 3297 activam
2722 3240 2998 3298 retineat.
3034 3243 3147 3297 Res
3182 3239 3401 3297 clarior
3436 3240 3505 3296 ﬁt
3541 3239 3854 3312 exemplis.

2196 3330 2285 3386 Ita
2312 3345 2458 3401 ergo
2484 3329 2704 3400 legitur
2725 3330 2787 3385 in
2816 3328 2957 3401 ipso
2978 3329 3489 3387 Constitutionum
3515 3328 3853 3401 prommio:

2196 3419 2449 3483 Πολλάκις
2476 3422 2565 3493 μὲν
2590 3423 2721 3492 πρὸς
2746 3417 2883 3492 ᾑμᾶς
2913 3418 3131 3480 πολλοὺς
3160 3422 3451 3477 πεποίησαι
3494 3418 3699 3491 λόγους,
3731 3438 3851 3470 πυν-

2195 3510 2467 3582 θανόμενος
2497 3513 2613 3561 τίνα
2637 3513 2828 3583 τρόπον
2860 3503 3095 3569 δέοιέτήν
3126 3515 3217 3560 τοῦ
3249 3511 3447 3579 ἀγῶνος
3486 3510 3730 3561 ἔνστασιν
3776 3526 3857 3560 τε·

2191 3597 2428 3653 λειῶσαι.
2450 3599 2587 3655 Νοη
2612 3612 2758 3654 raro
2779 3596 3087 3654 nobiscum
3105 3597 3374 3654 habuisti
3392 3610 3742 3665 sermonem,
3781 3611 3854 3653 ac

2188 3692 2582 3758 percontatus
2610 3702 2691 3754 es,
2724 3685 3019 3759 quomodo
3047 3691 3381 3755 susceptum
3417 3692 3720 3743 certamen
3751 3685 3856 3742 ab-

2191 3778 2346 3834 solvi
2369 3781 2664 3846 oporteat.
2710 3774 3041 3847 Aliquanto
3086 3778 3226 3847 post
3271 3779 3482 3832 auctor
3516 3775 3602 3832 ita
3649 3773 3858 3831 scribit

2193 3866 2352 3939 (cap.
2382 3869 2434 3933 4,
2468 3880 2611 3938 pag.
2643 3867 2767 3925 548)
2791 3880 2804 3920 ι
2835 3863 2929 3926 "Ag
2972 3867 3102 3939 πρὸς
3130 3867 3219 3917 τὸν
3247 3868 3447 3938 πατέρα
3474 3873 3569 3928 τῆς
3596 3865 3854 3938 ἁμαρτίας

2193 3959 2281 4009 τὸν
2308 3952 2343 4008 δ
2348 3953 2551 4008 ιοίϐολον
2579 3956 2923 4027 πεποιήμεθα,
2940 3968 3089 4025 quas
3114 3953 3553 4027 [obligationes]
3574 3970 3709 4011 cum
3722 3969 3857 4025 pec-

2193 4045 2319 4102 cati
2354 4050 2614 4114 parente
2653 4043 2897 4101 diabolo
2925 4043 3357 4101 contraximus.
3391 4042 3618 4100 Eodem
3664 4043 3767 4100 illo
3793 4043 3856 4100 in

2194 4136 2391 4207 capite
2419 4133 2818 4207 itascriptum
2849 4132 3155 4189 invenitur
3185 4135 3351 4205 (pag.
3385 4136 3516 4197 549)
3548 4152 3561 4197 ;
3591 4132 3742 4186 Οὕτω
3764 4136 3858 4196 τὰς

2194 4221 2380 4297 ἀρετὰς
2411 4232 2473 4282 τῆ
2485 4244 2506 4285 ς
2535 4222 2721 4294 ψυχῆς
2752 4230 2813 4296 τῇ
2849 4227 3098 4297 συνεργίᾳ
3143 4230 3235 4275 τοῦ
3287 4228 3527 4295 σώματος
3555 4221 3856 4297 ἀπολαμπρ-

2192 4333 2337 4380 υναν,
2386 4316 2473 4365 τὸν
2529 4316 2814 4387 πρακτικὸν
2846 4311 2961 4385 βίον
3016 4307 3288 4385 σφραγῖδα
3316 4316 3406 4364 καὶ
3451 4310 3715 4365 τελείωσιν
3762 4321 3857 4375 τῆς

2192 4410 2546 4474 πνευματικῆς
2572 4401 2835 4464 πολιτείας
2860 4405 3219 4473 πεποιημένοι.
3245 4401 3342 4457 Sic
3380 4402 3570 4456 animi
3604 4402 3858 4458 virtutes

2197 4492 2464 4561 corporis
2478 4506 2586 4561 ope
2598 4492 3017 4558 illustrarunt,
3040 4497 3347 4548 actuosam
3366 4492 3551 4547 vitam
3568 4506 3674 4547 ceu
3688 4491 3857 4562 sigil-

2202 4583 2322 4638 lum
2346 4582 2957 4653 atqueperfectionem
2975 4581 3316 4650 spiritualis
3330 4582 3852 4649 vitupraestantes.

2200 4673 2423 4726 Horum
2445 4670 2663 4727 similia
2683 4675 2823 4727 sunt
2840 4686 2979 4743 quae
2998 4669 3280 4740 leguntur
3301 4684 3437 4741 cap.
3455 4673 3523 4725 20
3544 4674 3735 4729 (num.
3758 4671 3816 4742 2)
3837 4687 3851 4726 :

2198 4765 2317 4821 Τοῖς
2366 4762 2455 4832 μὲν
2504 4756 2592 4812 οὖν
2643 4763 2947 4831 συγγενέσιν
2997 4758 3279 4831 εὐχώμεθα
3329 4761 3396 4811 τὰ
3436 4756 3713 4832 βελτιστα,
3772 4755 3854 4811 δι-

2198 4851 2499 4915 καιοσύνην,
2526 4855 2679 4921 φημὶ,
2712 4853 2802 4900 καὶ
2833 4846 3115 4914 εὐσέϐειαν,
3156 4853 3245 4899 καὶ
3292 4854 3479 4913 ταῦτα,
3517 4845 3647 4920 ἅπερ
3702 4852 3853 4919 ἡμεῖς

2195 4943 2349 5010 τίμια
2377 4940 2727 5010 πεποιήμεθα.
2768 4938 3089 4994 Precemur
3118 4939 3322 5009 itaque
3363 4939 3589 5006 optima
3635 4952 3857 5007 cogna-

2195 5028 2270 5083 tis
2300 5028 2541 5094 nostris,
2563 5028 2894 5097 justitiam,
2922 5028 3194 5097 inquam,
3224 5034 3275 5082 et
3295 5025 3599 5096 pietatem,
3625 5031 3683 5082 et
3722 5041 3856 5096 quas

2194 5133 2299 5173 nos
2328 5118 2541 5188 magni
2561 5117 2834 5186 fecimus.
2858 5119 2973 5172 Nec
2994 5116 3397 5188 diversa,quas
3420 5130 3565 5171 mox
3585 5130 3855 5187 sequun-

2193 5211 2290 5264 tur
2317 5208 2474 5279 (cap.
2508 5210 2597 5271 2i,
2630 5222 2690 5262 n.
2716 5211 2809 5277 2):
2845 5205 2920 5258 Οὐ
2964 5208 3065 5278 γὰρ
3116 5204 3201 5257 ἐπι
3249 5212 3407 5277 κακίᾳ
3448 5209 3536 5262 τὴν
3583 5224 3854 5257 κοινωνίαν

2192 5300 2524 5367 πεποίηνται,
2552 5296 2858 5367 ξείᾳαίιίεπι
2906 5311 3028 5352 ηοη
3078 5296 3240 5351 malo
3289 5295 3535 5351 consilio
3577 5294 3857 5365 pepigere

2192 5387 2554 5443 societatem.
2614 5386 2813 5442 Notari
2866 5387 3065 5458 potest
3129 5388 3187 5440 et
3239 5383 3389 5439 illud
3447 5384 3603 5457 (cap.
3637 5387 3726 5449 22,
3785 5399 3850 5455 p.

2197 5478 2319 5540 571)
2387 5492 2399 5531 :
2458 5474 2533 5526 Οὐ
2595 5477 2695 5547 γὰρ
2766 5475 2965 5526 οἴκοθεν
3031 5474 3300 5547 ὁρμηθεις,
3371 5470 3480 5523 ἀλλ’
3535 5470 3625 5524 ἀπ’
3678 5474 3850 5523 αὐτῶν

2195 5572 2296 5616 τῶν
2356 5565 2502 5617 θείων
2556 5569 2806 5636 Γραφῶην
2872 5561 3031 5615 ταῦτ-ν
3088 5568 3176 5620 την
3231 5558 3466 5614 εἶκασίαν
3524 5565 3849 5633 πεποίημαι.

2195 5654 2331 5711 Νοη
2369 5654 2525 5712 enim
2551 5655 2803 5725 proprio
2828 5658 3042 5722 marte,
3091 5651 3195 5710 sed
3247 5652 3394 5722 ipsis
3423 5651 3644 5709 divinis
3677 5651 3849 5708 Scri-
