4092 6398
225 360 293 417 93
1742 357 1875 414 ΡΒᾹ

1986 358 2130 417 .ἸῚΟ.
3586 357 3657 413 94

220 482 415 555 pluris
481 481 768 540 inductus
829 482 984 540 hanc
1043 483 1296 541 adhibui
1358 485 1889 555 comparationem.
1926 488 1966 540 A
2003 489 2230 543 terram
2258 488 2502 558 publica
2532 490 2849 545 conventu.
2878 484 3053 541 Plura
3090 484 3370 555 ejusdem
3416 479 3656 551 generis

222 572 390 629 Hanc
418 576 623 629 autem
650 572 947 646 loquendi
967 573 1267 630 rationem
1298 589 1425 647 qua
1460 575 1713 630 verbum
1744 581 1887 629 ποεῖ-

222 663 350 715 σθαι
374 665 647 735 tempore
696 662 942 734 passivo
965 662 1235 735 positum
1281 664 1545 720 activam
1588 664 1889 734 signiﬁca-

218 750 449 808 tionem
470 751 676 822 habet,
695 751 803 824 qui
824 752 886 807 in
905 752 1146 823 Regulis
1166 757 1416 826 qureret.
1430 769 1570 809 eum
1588 769 1722 823 ego,
1747 769 1886 810 cum

218 841 300 899 ab
321 857 537 899 earum
553 841 813 898 lectione
836 857 1046 899 recens
1070 843 1208 913 sim,
1233 843 1457 900 frustra
1481 844 1887 916 quaesiturum

219 930 527 988 afﬁrmare
542 947 722 1005 posse
742 931 973 988 videor.
1000 935 1067 989 Et
1088 933 1282 989 sicubi
1312 949 1431 990 vox
1457 937 1800 1007 πεποιημένος
1824 933 1888 989 in

220 1021 460 1091 Regalis
482 1020 763 1090 occurrit,
781 1021 866 1078 uti
888 1021 1091 1095 reipsa
1111 1023 1171 1078 in
1198 1022 1412 1094 regula
1437 1027 1538 1079 128
1560 1021 1888 1094 invenitur,

213 1111 364 1168 tunc
385 1111 891 1183 signiﬁcationem
912 1114 1223 1185 passivam
1239 1114 1500 1187 prefert.
1523 1119 1587 1170 In
1606 1130 1678 1170 eo
1699 1113 1884 1181 enim,

216 1216 406 1274 quem
429 1201 642 1258 notavi
658 1202 815 1272 loco,
857 1202 943 1259 ita
970 1202 1265 1276 scriptum
1289 1209 1378 1260 est
1408 1223 1421 1261 :
1454 1208 1523 1258 Τὸ
1555 1203 1797 1279 ἐρώτημα
1826 1204 1886 1257 ού

213 1294 407 1365 κυρίως
458 1296 696 1365 φαίνεταί
742 1311 833 1365 μοι
889 1297 1251 1366 πεποιημένον.
1298 1294 1534 1363 Questio
1590 1294 1718 1351 ha’c
1763 1310 1885 1350 non

219 1381 376 1438 mihi
415 1381 531 1437 rite
571 1382 891 1452 proposita
929 1383 1185 1439 videtur.
1221 1383 1598 1440 Conﬁrmare
1632 1398 1883 1455 pergam

202 1469 376 1543 quod
402 1469 553 1526 mihi
581 1470 906 1543 proposui,
931 1470 1050 1528 hoc
1089 1460 1492 1542 argumento:
1523 1471 1629 1546 qui
1659 1471 1884 1529 Consti-

204 1559 507 1617 tutionum
531 1564 742 1616 auctor
759 1563 872 1630 est,
889 1577 1030 1617 cum
1049 1562 1401 1618 monasterii
1419 1561 1775 1635 praefectum
1794 1562 1882 1620 in-

180 1648 410 1706 dicare
444 1649 595 1720 vult,
622 1650 857 1723 passim
900 1650 994 1706 his
1032 1650 1289 1708 vocibus
1328 1652 1539 1721 utitur,
1567 1654 1878 1726 ἡγούμενος,

210 1739 586 1814 ἀφηγούμενος,
620 1742 1031 1814 καθηγούμενος,
1057 1743 1438 1815 ὑφηγούμενος·
1462 1743 1638 1815 cujus
1663 1743 1749 1799 rei
1779 1743 1879 1800 ali-

2002 576 2143 643 alia,
2183 577 2233 633 si
2286 578 2523 648 vellem,
2583 577 2918 649 adjungere
2978 590 3223 647 possem
3270 590 3284 629 :
3343 571 3452 627 sed
3510 586 3653 628 cum

1998 671 2218 723 caetera
2246 666 2309 723 in
2337 668 2475 740 ipso
2505 668 2670 724 fonte
2709 667 2913 722 videre
2959 664 3180 737 cuique
3224 663 3420 727 liceat,
3448 663 3511 717 in
3557 660 3652 717 his

1997 755 2224 813 diutius
2252 758 2570 820 immorari
2598 757 2766 814 nolui
2799 774 2812 812 :
2853 772 2926 812 eo
2953 754 3171 825 magis,
3204 752 3374 825 quod
3415 767 3488 808 ea
3514 766 3652 823 quas
3678 763 3695 769 ·

1994 846 2196 919 retuli,
2256 850 2403 905 satis
2459 864 2760 923 superque
2819 846 3078 920 probent
3140 841 3653 901 Constitutionum

1996 942 2307 995 auctorem
2328 940 2422 1003 iis,
2439 956 2594 1014 quas
2615 939 2761 1010 dixi,
2785 938 3039 995 vocibus
3056 934 3451 992 libentissime
3472 947 3655 988 usum

1996 1026 2211 1101 fuisse,
2248 1029 2473 1102 quibus
2517 1034 2720 1086 tamen
2779 1027 3144 1098 Regularum
3195 1024 3465 1095 scriptor,
3511 1036 3653 1076 cum

1995 1119 2352 1193 monasterii
2396 1118 2751 1192 praefectum
2802 1118 3090 1174 denotare
3140 1114 3291 1183 vult,
3331 1126 3652 1185 nunquam

1995 1207 2201 1264 utitur.
2237 1208 2330 1265 Ab
2349 1209 2444 1265 his
2473 1225 2598 1266 non
2629 1210 2713 1266 ita
2734 1208 2991 1265 multum
3021 1206 3372 1278 discrepant
3395 1218 3533 1276 quae
3557 1216 3653 1258 as-

1995 1297 2249 1355 cribam.
2278 1301 2427 1356 Cum
2454 1314 2599 1370 ergo
2628 1298 3137 1356 Constitutionum
3179 1294 3403 1351 librum
3432 1295 3653 1349 attente

1990 1385 2277 1459 legerem,
2304 1389 2366 1445 in
2387 1388 2481 1445 his
2504 1387 2906 1444 animadverti
2927 1401 3141 1443 vocem
3168 1388 3420 1458 σύστημα
3447 1380 3653 1454 saepis-

1994 1476 2145 1533 sime
2178 1478 2460 1550 usurpari
2489 1478 2569 1534 ad
2605 1476 3074 1549 signiﬁcandam
3116 1475 3373 1532 fratrum
3401 1471 3654 1529 societa-

1992 1571 2160 1624 tem:
2209 1568 2377 1642 quod
2423 1584 2554 1625 esse
2600 1568 2704 1637 ita,
2737 1572 2803 1624 ut
2846 1566 2992 1637 dixi,
3024 1564 3345 1622 ostendent
3389 1578 3463 1619 ea
3513 1577 3652 1635 qum

1992 1657 2302 1729 proferam
2327 1657 2627 1731 exempla.
2663 1658 2872 1715 Statim
2902 1655 3165 1713 occurrit
3182 1653 3351 1720 illud,
3374 1650 3544 1725 quod
3569 1650 3652 1708 le-

1991 1746 2152 1816 gitur
2202 1746 2372 1803 initio
2426 1746 2643 1819 capitis
2704 1750 2812 1803 18:
2877 1747 3016 1799 Ἐπεὶ
3056 1741 3115 1797 δὲ
3163 1745 3213 1796 οἱ
3262 1742 3497 1796 πλεῖστοι
3547 1747 3647 1792 τῶν

209 1833 362 1903 quot
385 1831 669 1905 exempla
697 1846 834 1887 meo
856 1847 1024 1888 more
1051 1831 1394 1904 subjiciam.
1420 1836 1505 1889 Ita
1529 1832 1713 1904 igitur
1732 1833 1875 1890 scri-

1993 1835 2234 1896 ἀσκητῶν
2267 1840 2402 1890 κατὰ
2453 1842 2773 1911 συστήματα
2814 1836 3191 1901 πολιτεύονται,
3238 1836 3347 1889 etc.
3380 1832 3460 1887 At
3509 1845 3650 1902 quo-

210 1919 299 1976 bit
319 1934 452 1992 cap.
475 1922 547 1975 22
591 1921 785 1991 (num.
809 1924 862 1989 2,
908 1936 970 1993 p.
1014 1921 1142 1992 570)
1175 1940 1188 1978 :
1221 1927 1323 1976 Καὶ
1348 1920 1540 1995 μηδεὶς
1581 1922 1768 1976 οἰέσθω
1794 1943 1876 1997 με,

212 2011 485 2085 κρατύνειν
531 2008 767 2063 ἐθέλοντα
790 2014 884 2069 τὴν
914 2016 1045 2084 mp?
1063 2013 1183 2073 τοὺς
1209 2013 1532 2085 ἡγουμένους
1573 2013 1875 2080 εὐπείθειαν,

213 2100 481 2173 ὑπέρογκα
507 2101 762 2173 παράγειν
782 2101 848 2151 τά
876 2096 1264 2174 ὑποδειγματα.
1290 2102 1493 2175 Neque
1517 2117 1656 2159 vero
1684 2105 1881 2160 existi-

215 2194 337 2246 met
370 2190 711 2262 quisquam,
739 2205 850 2257 me,
878 2189 1277 2248 obedientiam
1300 2194 1600 2263 prafectis
1619 2193 1879 2251 debitam

213 2279 492 2335 stabilire
533 2279 844 2345 volentem,
875 2281 1148 2351 exempla
1190 2281 1544 2338 sublimiora
1581 2283 1878 2353 proferre.

211 2368 393 2426 Haud
424 2368 604 2439 longe
632 2368 717 2425 ita
745 2384 960 2425 rursus
1005 2369 1275 2444 loquitur
1303 2372 1501 2443 (num.
1533 2376 1588 2442 4,
1619 2389 1680 2446 p.
1709 2373 1834 2445 573)
1865 2391 1878 2430 :

213 2461 424 2517 Ταύτην
467 2462 556 2516 τήν
587 2458 865 2511 εὐπείθειαν
894 2458 1194 2514 ἀπαιτεῖται
1226 2460 1252 2513 6
1297 2463 1432 2515 κατὰ
1476 2465 1603 2516 Θεὸν
1645 2461 1880 2527 ἀσκητὴς

212 2567 290 2621 τῳ
319 2549 590 2621 ἡγουμένῳ
611 2548 961 2623 εἰσφέρεσθαι.
988 2551 1282 2622 Erigitur
1316 2553 1394 2609 ab
1419 2567 1506 2623 eo,
1535 2554 1644 2624 qui
1668 2569 1880 2611 secun-

211 2640 359 2695 dum
386 2641 575 2695 Deum
604 2645 809 2697 asceta
834 2646 941 2708 est,
973 2646 1039 2697 ut
1068 2657 1177 2698 suo
1204 2643 1492 2713 prafecto
1521 2642 1682 2699 hanc
1698 2659 1883 2715 praes-

214 2733 297 2787 tet
330 2718 771 2787 obedientiamf
804 2733 870 2786 ln
916 2731 1114 2804 capite
1141 2732 1433 2789 vicesimo
1460 2734 1658 2806 primo
1688 2738 1876 2798 (num.

210 2822 272 2878 4.
316 2834 458 2893 pag.
487 2824 614 2881 589)
642 2820 725 2878 ita
750 2821 1043 2894 scriptum
1069 2825 1157 2880 est
1184 2839 1198 2879 :
1230 2820 1444 2876 Ὀτι“δε
1475 2825 1500 2876 6
1528 2823 1881 2898 ἀφηγούμενος

212 2909 312 2963 ούκ
360 2909 422 2962 ἂν
460 2909 627 2964 ἕλοιτο
683 2914 773 2964 τόν
819 2910 960 2984 αύτῳ
999 2914 1415 2987 μαθητευόμενον
1457 2918 1591 2989 πρός
1631 2919 1880 2991 πονηρίαν

211 2997 600 3073 ἓναγαγεῖν....,
629 3000 813 3066 οὕτως,
840 3005 882 3054 εί
905 2998 1068 3068 δοκεῖ,
1106 3001 1440 3077 σκεψώμεθα.
1475 3004 1646 3071 Quod
1682 3012 1881 3063 autem

203 3096 546 3163 praeceptor
575 3092 947 3162 discipulum
978 3107 1151 3149 suum
1192 3094 1275 3150 ad
1306 3094 1672 3163 pravitatem
1705 3096 1881 3151 indu-

1988 1929 2153 1985 niam
2185 1935 2510 1985 versantur
2536 1927 2719 1985 simul
2750 1928 2814 1983 in
2835 1927 3259 1984 communitate
3278 1921 3537 1994 plurimi
3560 1935 3651 1977 as-

1990 2023 2277 2087 cetarum,
2310 2021 2424 2074 etc.
2451 2017 2576 2075 Sub
2595 2016 2782 2073 ﬁnem
2810 2016 3020 2090 capitis
3050 2020 3112 2069 21
3138 2014 3221 2070 ita
3240 2012 3458 2082 legitur
3479 2012 3645 2082 (pag.

1991 2112 2111 2169 570)
2148 2124 2161 2163 :
2210 2107 2424 2164 Ἀπασα
2458 2112 2627 2161 τοίνυν
2675 2111 2937 2182 πρόφασις
2984 2104 3191 2177 εὓλογος
3227 2100 3301 2175 τῷ
3351 2100 3647 2174 βουλομένῳ

1990 2198 2322 2274 χωρίζεσθαι
2368 2205 2718 2273 πνευματικοῦ
2770 2201 3108 2269 συστήματος
3150 2197 3487 2267 περιήρηται,
3532 2192 3644 2245 etc.

1989 2290 2206 2361 Itaque
2229 2303 2435 2360 (equus
2466 2288 2659 2345 omnis
2672 2291 3011 2357 pratextus
3031 2284 3307 2340 sublatus
3326 2286 3413 2338 est
3439 2281 3531 2348 ei,‘
3545 2279 3654 2352 qui

1991 2379 2187 2435 vulta
2211 2378 2525 2448 spirituali
2546 2378 2829 2434 societate
2856 2374 3154 2446 separari,
3182 2377 3293 2428 etc.
3318 2371 3410 2427 Sic
3440 2372 3647 2439 autem

1989 2467 2201 2540 incipit
2225 2471 2408 2540 caput
2434 2472 2543 2523 22:
2592 2466 2771 2530 Ὅπως
2800 2468 2889 2541 μὲν
2938 2461 3026 2518 οὖν
3071 2467 3329 2539 προσήκει
3374 2464 3461 2513 τὸν
3504 2458 3647 2522 ἅπαξ

1991 2559 2238 2611 ἑνωθέντα
2282 2576 2615 2631 πνευματικῳ
2657 2561 2980 2629 συστήματι,
3024 2553 3295 2627 φυλάττειν
3340 2554 3434 2610 τήν
3464 2552 3645 2602 ἕνωσιν

1993 2644 2293 2715 ἀδιάλυτον,
2321 2651 2456 2700 κατὰ
2478 2651 2537 2700 τό
2570 2646 2676 2699 ἐνὸν
2702 2648 3010 2720 ὑπεθέμεθα.
3064 2643 3365 2713 Quomodo
3410 2640 3646 2713 quidem

1990 2737 2427 2794 indissolubilis
2471 2737 2814 2809 conjunctio
2843 2736 2920 2793 ab
2957 2750 3043 2805 eo,
3083 2734 3189 2806 qui
3213 2731 3526 2802 spirituali
3559 2743 3648 2786 so-

1989 2828 2189 2884 cietati
2209 2829 2392 2883 semel
2410 2826 2788 2898 adjunxerit,
2803 2824 3101 2883 servanda
3118 2825 3214 2892 sit,
3233 2820 3431 2893 quoad
3452 2819 3650 2891 potui-

1990 2933 2144 2986 mus,
2173 2918 2559 2974 ostendzmus.
2585 2916 2811 2973 Eodem
2832 2915 2934 2972 illo
2961 2914 3024 2970 in
3052 2913 3247 2986 capite
3272 2912 3466 2983 (num.
3499 2913 3552 2978 5,
3582 2924 3645 2982 p.

1993 3005 2116 3076 573)
2146 3021 2357 3061 rursus
2386 3005 2470 3061 ita
2501 3005 2797 3078 scriptum
2828 3008 2917 3060 est
2951 3021 2965 3059 :
3011 3005 3220 3064 Ταύτης
3247 3003 3349 3076 γὰρ
3378 3008 3476 3060 τῆς
3516 3016 3648 3071 συμ-

1991 3099 2181 3168 φωνίας
2207 3093 2256 3147 ἐν
2278 3093 2550 3155 ἀσκητικῶ
2583 3098 2887 3168 συστήματι
2915 3094 3277 3157 καθεστώσης,
3305 3085 3506 3163 ρᾳὸίως
3534 3091 3564 3147 ἧ
3592 3105 3647 3139 τε

215 3194 351 3237 cere
372 3195 492 3237 non
512 3181 745 3239 velit...
776 3180 881 3239 hoc
902 3182 1099 3254 modo,
1121 3183 1175 3238 si
1195 3183 1400 3252 placet
1422 3184 1875 3241 consideremus.

1992 3184 2169 3260 εἰρήνη
2202 3183 2250 3236 ἐν
2281 3185 2458 3246 αύτοίς
2488 3183 2870 3250 πολιτεύσεται,
2903 3187 3014 3239 etc.
3047 3183 3254 3238 Stante
3278 3179 3434 3236 enim
3462 3178 3527 3233 in
3557 3191 3650 3234 as-

213 3267 349 3326 Alio
408 3268 544 3326 loco
597 3269 681 3327 ita
730 3270 1024 3344 scriptum
1077 3271 1427 3329 invenimus
1474 3283 1639 3346 (cap.
1694 3278 1781 3346 22,
1816 3289 1877 3347 ρ.

217 3362 348 3415 573)
375 3375 388 3414 :
418 3355 549 3412 Οἵδε
578 3360 679 3433 γὰρ
712 3361 737 3412 ὃ
774 3378 834 3432 γε
886 3367 1110 3423 συνετῶς
1139 3358 1497 3434 ἀφηγούμενος
1526 3362 1749 3415 ἑκάστου
1788 3367 1880 3416 καὶ

209 3448 347 3523 ἢθη,
372 3452 464 3499 καὶ
506 3449 673 3517 πάθη,
717 3452 808 3500 καὶ
848 3447 1091 3520 ψυχικὰς
1131 3450 1294 3523 ὁρμὰς
1344 3449 1571 3525 ἀκριϐῶς
1601 3451 1876 3514 ἐξετάζειν.

206 3537 395 3594 Novit
420 3536 576 3593 enim
615 3537 722 3609 qui
742 3536 1081 3605 prudenter
1107 3544 1353 3609 praeest,
1384 3540 1565 3594 unius
1590 3542 1883 3612 cujusque

206 3633 269 3686 et
296 3641 511 3690 mores,
545 3631 601 3682 et
630 3627 882 3696 affectus
911 3631 967 3683 et
996 3627 1190 3683 animi
1212 3632 1409 3684 motus
1439 3628 1766 3699 diligenter
1785 3646 1883 3687 ear

205 3718 473 3790 quirere.
504 3717 699 3789 Atque
739 3715 925 3772 etiam
950 3731 1167 3772 vocem
1198 3719 1588 3791 καθηγούμενος
1617 3718 1681 3774 in
1712 3734 1879 3775 eam-

206 3807 355 3864 dem
387 3805 751 3862 sententiam
782 3804 1060 3862 adhiberi
1090 3810 1331 3863 constat
1360 3823 1433 3863 ex
1461 3806 1556 3863 his
1576 3823 1714 3881 quae
1733 3824 1879 3865 mox

208 3895 592 3966 subjungam
621 3893 825 3951 verbis
854 3894 1015 3967 (cap.
1053 3898 1137 3967 19,
1165 3911 1227 3968 p.
1262 3900 1385 3966 563)
1419 3913 1434 3952 :
1470 3896 1648 3950 Πολλῶ
1686 3897 1876 3971 μᾶλλον
1908 3890 1915 3893 ’

205 3986 261 4038 οἱ
305 3987 433 4057 πρὸς
463 3987 550 4043 τὴν
598 3985 832 4056 μάθησιν
879 3991 975 4046 τῆς
1033 3982 1296 4048 εὐσεϐείας
1320 3990 1410 4038 καὶ
1455 3995 1551 4049 τῆς
1600 3985 1875 4050 ὁσιότητος

206 4073 589 4147 ἀφικνούμενοι,
623 4073 764 4137 ἅπαξ
804 4077 1107 4137 πεπεικότες
1156 4075 1393 4143 ἑαυτούς,
1428 4076 1511 4128 ὅτι
1551 4072 1876 4136 δυνήσονται

202 4164 353 4238 παρὰ
384 4170 478 4216 τοῦ
518 4164 914 4236 καθηγουμένου
942 4168 1039 4222 τήν
1073 4167 1325 4223 τοιαύτην
1358 4164 1650 4238 ἇπιστήμην
1678 4165 1871 4235 λαϐεῖν,

202 4257 322 4310 etc.
353 4253 551 4309 Multo
588 4254 782 4324 magis
808 4254 916 4326 qui
941 4254 1025 4310 ad
1052 4253 1403 4311 discendam
1427 4256 1673 4325 pietatis
1702 4271 1874 4314 sanc-

204 4343 520 4415 titatisque
566 4343 957 4412 disciplinam
1000 4344 1317 4412 accedunt,
1370 4344 1474 4400 ubi
1516 4346 1695 4402 semel
1741 4361 1874 4417 per-

200 4434 513 4490 suaserint
539 4433 674 4501 sibi,
715 4447 777 4489 se
813 4434 1108 4503 ejusmodi
1144 4434 1457 4491 scientiam
1499 4450 1536 4492 a
1580 4435 1871 4505 prce/ecta

1992 3280 2260 3333 cetarum
2309 3280 2608 3332 conventu
2662 3273 2778 3332 hac
2821 3274 3201 3331 voluntatum
3242 3268 3645 3334 consensione,

1988 3367 2165 3421 nullo
2188 3366 2424 3437 negotio
2453 3371 2508 3422 et
2531 3379 2656 3434 pax
2686 3367 2846 3421 inter
2873 3366 3028 3434 ipsos
3066 3360 3493 3428 diversabitur,
3531 3362 3645 3414 etc.

1989 3457 2106 3510 Nec
2130 3454 2215 3511 ita
2243 3454 2434 3512 multo
2464 3455 2619 3511 infra
2648 3455 2734 3512 sic
2758 3454 2977 3526 legitur
3000 3458 3163 3526 (cap.
3194 3455 3286 3519 25,
3319 3466 3382 3507 n.
3410 3450 3497 3521 1).
3546 3452 3647 3501 Καὶ

1990 3550 2081 3595 τοῦ
2137 3547 2248 3595 οναὶ
2286 3543 2603 3618 κληρονόμος
2646 3548 2846 3617 γίνεται
2898 3546 2925 3595 6
2964 3542 3012 3595 ἓν
3045 3547 3345 3614 συστήματι
3373 3537 3647 3609 ἀσκητικῳ

1988 3633 2235 3693 τοιαύτας
2283 3631 2455 3693 αἰτίας
2502 3641 2747 3705 ταραχῆς
2777 3628 3038 3698 ἐνδιδούς,
3067 3637 3123 3688 et
3161 3631 3320 3688 vocis
3355 3629 3526 3685 illius
3552 3643 3647 3682 ναὶ

1990 3720 2178 3777 haeres
2209 3720 2409 3778 evadit
2437 3721 2506 3785 is,
2528 3722 2633 3793 qui
2650 3722 2716 3777 in
2745 3722 3001 3778 ascetica
3031 3721 3311 3777 societate
3340 3719 3492 3775 tales
3523 3722 3649 3772 tur-

1989 3809 2201 3867 barum
2226 3824 2442 3867 causas
2465 3812 2630 3867 serit.
2660 3813 2852 3867 Locus
2878 3826 3040 3866 unus
3080 3809 3205 3866 duo
3243 3807 3521 3881 ejusdem
3556 3805 3646 3862 rei

1985 3898 2267 3972 exempla
2293 3898 2542 3972 praebet.
2595 3900 2683 3956 Ita
2721 3899 2905 3971 igitur
2935 3903 3146 3956 auctor
3192 3897 3460 3972 loquitur
3505 3911 3642 3968 cap.

1986 3991 2053 4044 26
2079 3987 2239 4060 (pag.
2264 3989 2392 4051 576)
2414 4004 2427 4043 :
2461 3994 2726 4063 Προσήκει
2752 3993 2924 4041 τοίνυν
2944 3994 3036 4042 καὶ
3066 3992 3154 4041 τόν
3180 3987 3642 4061 ἓγκαταλεγόμενον

1982 4096 2316 4151 πνευματικῳ
2366 4082 2672 4151 συστήματι
2736 4083 2807 4152 μή
2876 4077 3100 4141 ἐκείνους
3153 4082 3285 4153 πρὸς
3325 4080 3413 4129 τόν
3457 4075 3642 4129 ἑαυτοῦ

1982 4171 2171 4240 τρόπον
2210 4166 2557 4241 μεθαρμόζειν
2597 4166 2800 4235 ἐθέλειν,
2824 4166 2953 4221 ἀλλὰ
2976 4172 3063 4221 τόν
3104 4168 3288 4221 οἰκεῶν
3318 4171 3507 4241 τρόπον
3532 4173 3642 4228 τοῖς

1982 4255 2031 4310 ἐν
2058 4276 2130 4329 τῳ
2161 4264 2467 4331 συστήματι
2497 4259 2639 4310 ἔθεσι
2662 4277 2717 4311 τε
2741 4263 2832 4311 καὶ
2862 4260 3048 4321 τύποις
3076 4257 3362 4332 ἐξομοιοῦν.
3382 4259 3512 4314 Par
3534 4259 3644 4328 igi-

1978 4356 2083 4402 tur
2114 4346 2330 4416 fuerit,
2365 4361 2498 4402 eum
2528 4349 2730 4416 etiam,
2759 4348 2867 4419 qui
2901 4349 2967 4404 in
2992 4349 3374 4417 spiritualem
3399 4347 3643 4404 societa-
3683 4373 3693 4383 -

1981 4440 2097 4492 tem
2120 4436 2376 4492 allectus
2405 4441 2636 4498 est,non
2666 4437 2806 4493 illos
2835 4437 2917 4493 ad
2931 4452 3068 4493 suos
3090 4452 3281 4494 mores
3313 4452 3641 4494 accommo-

202 4522 473 4580 ediscere
495 4537 685 4592 posse,
718 4526 829 4579 ctc.
867 4522 1151 4595 Sequitur
1175 4528 1330 4597 (cap.
1362 4527 1455 4591 20,
1475 4539 1537 4581 n.
1574 4529 1619 4585 1)
1646 4542 1658 4581 :
1688 4531 1869 4599 Πατήρ
1904 4554 1948 4609 D
1978 4524 2131 4582 dare
2154 4526 2327 4591 velle,
2356 4525 2461 4583 sed
2487 4540 2623 4582 suos
2650 4541 2845 4583 mores
2883 4527 3184 4584 societatis
3212 4527 3478 4584 moribus
3523 4527 3643 4583 ins-

197 4613 304 4685 γάρ
328 4609 470 4664 ἐστιν
491 4609 866 4679 ἀληθέστατος,
890 4619 1098 4685 πρῶτος
1117 4615 1207 4685 μὶν
1230 4612 1255 4664 6
1280 4619 1380 4665 τῶν
1403 4612 1639 4666 ἀπάντων
1662 4620 1867 4689 Πατήρ·

200 4701 229 4753 6
258 4696 498 4775 δεύτερος
528 4697 587 4754 δὲ
616 4700 727 4774 μετ’
748 4699 955 4769 ἐκεῖνον,
981 4701 1007 4753 6
1038 4711 1136 4765 τῆς
1158 4712 1517 4776 πνευματικῆς
1535 4706 1863 4778 καθηγούμε-

196 4809 286 4853 νος
322 4790 602 4853 πολιτείας.
663 4792 854 4848 Pater
898 4796 984 4849 est
1022 4794 1183 4849 enim
1232 4793 1592 4861 verissimus,
1631 4795 1870 4864 primus

196 4880 440 4953 quidem
486 4881 906 4938 universorum
949 4882 1182 4939 Pater:
1228 4884 1524 4939 secundus
1563 4898 1701 4941 vero
1736 4891 1870 4954 post

194 4969 397 5039 illum,
428 4971 478 5027 is
522 4971 629 5042 qui
662 4972 846 5041 praeit
881 4972 946 5027 in
992 4972 1336 5042 spiritualis
1384 4974 1520 5031 vita:
1565 4975 1864 5032 instituto.

193 5059 475 5116 Auctoris
504 5060 636 5116 haec
667 5065 809 5117 sunt
840 5060 1027 5118 verba
1057 5061 1178 5119 alio
1207 5062 1344 5119 loco
1375 5065 1531 5137 (cap.
1560 5065 1653 5132 21,
1678 5079 1740 5120 n.
1774 5066 1824 5136 5)
1849 5082 1864 5121 :

192 5153 300 5203 Καὶ
324 5151 488 5222 ἕτερον
519 5145 580 5202 δὲ
606 5158 896 5223 σκοπῶμεν,
922 5154 989 5214 ὡς
1015 5150 1060 5203 εἰ
1100 5150 1288 5224 φαῦλος
1330 5152 1355 5204 ό
1382 5154 1626 5225 μαθητής
1651 5158 1855 5225 γένοιτο

189 5241 340 5311 παρά
385 5243 480 5297 τήν
526 5239 689 5291 αὐτοῦ
733 5237 965 5312 ἀγωγήν,
1008 5241 1273 5313 αἰσχύνην
1314 5239 1719 5316 ἀπαρηγόρητον
1764 5243 1864 5306 ἔξει

189 5327 278 5381 ἐπὶ
308 5336 401 5391 τῆς
432 5330 798 5402 οἱκουμενικῆς
817 5332 1072 5383 κατὼτόν
1102 5339 1200 5393 τῆς
1227 5336 1450 5405 κρίσεως
1481 5336 1662 5405 καιρὸν
1687 5352 1861 5391 πανη-

186 5419 391 5493 γύρεως
432 5419 457 5470 ό
497 5420 871 5491 ὑφηγούμενος.
911 5420 1032 5477 Sed
1059 5424 1115 5476 et
1152 5421 1330 5477 aliud
1366 5426 1663 5491 praterea
1709 5437 1858 5479 eon-

185 5507 541 5577 sideremus,
576 5508 738 5581 quod
776 5508 830 5565 si
865 5509 1065 5567 malus
1104 5511 1365 5568 evaserit
1407 5511 1740 5582 discipulus
1787 5512 1858 5568 ob

184 5597 381 5668 ipsius
427 5598 887 5668 institutionem,
953 5599 1259 5657 inurenda
1293 5601 1589 5673 magistro
1650 5602 1728 5657 sit
1752 5603 1860 5672 jus

185 5686 338 5748 dicii
366 5691 628 5760 tempore
668 5686 1006 5746 indelebilis
1052 5690 1392 5763 ignominia
1444 5705 1645 5749 coram
1693 5690 1856 5750 orbis

1983 4615 2295 4686 titutisque
2333 4616 2733 4686 conformare.
2777 4618 2973 4688 Caput
3008 4615 3364 4672 vicesimum
3406 4631 3643 4672 nonum

1978 4701 2180 4774 legere
2237 4703 2342 4776 qui
2389 4704 2568 4772 volet,
2612 4703 2676 4760 in
2731 4719 2804 4761 eo
2856 4720 3104 4778 quoque
3158 4705 3339 4772 hanc,
3392 4704 3468 4760 de
3515 4720 3642 4778 qua

1981 4793 2201 4866 agitur,
2239 4809 2448 4850 vocem
2480 4799 2695 4867 quater
2714 4795 3053 4852 adhibitam
3079 4794 3362 4853 inveniet.
3392 4794 3642 4867 Incipia-

1978 4900 2121 4940 mus
2166 4883 2246 4940 ab
2297 4883 2434 4956 ipso
2489 4884 2681 4954 iitulo,
2710 4885 2814 4941 ubi
2864 4885 2950 4941 sic
2994 4885 3246 4955 legitur:
3292 4884 3499 4938 Ὀτιού
3530 4888 3639 4959 χρὴ

1979 4973 2207 5050 ἑταιρίας
2240 4970 2337 5027 δύο
2368 4975 2397 5034 ἢ
2441 4982 2597 5047 τριῶν
2642 4971 2877 5048 ἀδελφῶν
2922 4975 2970 5028 ἓν
3017 4981 3318 5050 συστήματι
3366 4975 3639 5036 ἀσκητικῶ

1977 5066 2239 5136 γενέσθαι.
2271 5064 2442 5131 Quod
2465 5080 2587 5121 non
2638 5064 2801 5123 decet
2831 5067 2896 5122 in
2946 5067 3197 5124 ascetico
3225 5068 3501 5124 instituto
3533 5082 3638 5138 pe-

1980 5155 2276 5211 culiarem
2310 5155 2642 5225 quamdam
2670 5157 3001 5213 amicitiam
3028 5171 3148 5214 esse
3176 5158 3337 5217 inter
3370 5158 3519 5215 duos
3539 5165 3647 5216 aut

1975 5250 2099 5300 tres
2127 5244 2379 5314 fratres.
2408 5242 2689 5316 Sequitur
2717 5262 2731 5299 :
2772 5244 2833 5298 Εἰ
2864 5242 2923 5298 δὲ
2966 5244 3310 5320 ἀποτεμόντες
3337 5253 3428 5301 καὶ
3461 5246 3639 5323 διορί-

1974 5353 2158 5395 σαντες
2186 5332 2427 5401 ἑαυτοὺς,
2468 5335 2719 5406 σύστημα
2748 5333 2795 5386 ἐν
2825 5339 3128 5407 συστήματι
3152 5341 3404 5408 γίνονται,
3438 5341 3642 5411 πονηρά

1969 5424 1999 5481 ἡ
2046 5431 2145 5483 τῆς
2186 5425 2436 5484 τοιαύτης
2480 5421 2653 5495 φιλίας
2702 5429 3099 5496 συναγωγή.....
3153 5432 3418 5500 Προσὴκει
3464 5432 3640 5482 τοίνυν

1967 5517 2100 5585 μήτε
2124 5514 2219 5575 τὰς
2247 5516 2497 5575 τοιαύτας
2523 5510 2755 5585 ἑταιρίας
2810 5516 3216 5587 συγχωρεῖσθαι
3257 5514 3305 5567 ἓν
3348 5516 3459 5579 τοῖς
3509 5532 3641 5571 συσ*

1966 5606 2190 5674 τήμασι,
2248 5606 2400 5674 μήτε,
2434 5604 2548 5658 etc.
2602 5599 2671 5657 Si
2713 5616 2854 5658 vero
2906 5608 3173 5660 secantes
3229 5618 3304 5661 ac
3353 5619 3642 5675 separan-

1976 5696 2062 5748 tes
2116 5691 2356 5771 seipsos,
2410 5691 2624 5764 aliqua
2649 5693 3050 5750 communitas
3091 5694 3158 5751 in
3213 5696 3646 5762 communitate
