4092 6376
454 334 521 391 95
1961 329 2348 387 PREFATIO.
3800 336 3870 392 96

449 461 622 530 ﬁant,
656 460 869 518 vitiosa
893 463 977 517 est
1003 458 1298 531 ejusmodi
1324 457 1604 516 amicitiae
1647 458 2104 530 conjunctio.....
2146 459 2193 511 A
2220 454 2379 511 volo.
2412 454 2699 522 Primum,
2722 456 3199 513 Contitutionum
3226 462 3536 514 auctorem
3557 458 3740 515 variis
3764 474 3874 516 no-

454 552 652 619 Quare
672 557 903 620 oportet
930 566 1120 622 neque
1166 550 1466 620 ejusmodi
1512 550 1801 607 sodalitia
1844 555 2113 621 permitti

449 640 515 696 in
545 641 954 710 conventibus,
986 656 1193 712 neque,
1235 646 1344 696 etc.
1380 642 1445 695 Et
1472 640 1722 713 quando
1768 645 1888 697 tam
1919 643 2111 700 multa

451 745 777 800 congerere
818 730 1006 786 semel
1035 729 1214 802 ccepi,
1245 729 1366 787 alia
1399 729 1582 785 etiam
1615 730 1785 786 exiis
1832 747 1971 804 quas
2021 749 2110 789 se-

451 824 723 891 quuntur
751 819 1051 893 capitibus
1081 818 1333 876 addam.
1360 822 1511 889 Ergo
1536 819 1757 876 horum
1786 820 1848 876 in
1880 836 2002 878 uno
2029 821 2113 878 ita

454 908 746 980 scriptum
794 908 1097 965 invenitur
1127 910 1285 981 (cap.
1323 913 1412 973 32,
1445 926 1504 982 p.
1538 912 1663 979 579)
1696 928 1708 966 :
1762 913 1969 971 Ταύτης
2015 920 2111 971 τῆς

453 997 646 1060 τάξεως
697 996 745 1049 ἐν
796 1008 1127 1072 πνευματικώ
1191 1005 1494 1072 συστήματι
1552 999 1968 1073 φυλασσομνης,
2029 1004 2111 1053 ὅτι

454 1085 613 1147 ὅντως
636 1085 786 1160 ἐσμὲν
819 1095 973 1161 σῶμα
999 1096 1257 1162 Χριστοῦ,
1285 1092 1394 1144 etc.
1423 1090 1567 1146 Haec
1613 1089 1937 1165 disciplina
1965 1090 2020 1145 si
2046 1090 2108 1145 in

449 1176 765 1246 spirituali
786 1185 1079 1234 conventu
1110 1185 1401 1249 servetur,
1431 1181 1812 1249 perspicuum
1852 1180 1963 1235 erit
2002 1194 2109 1235 nos

454 1280 589 1322 vere
610 1282 823 1336 corpus
842 1266 1072 1324 Christi
1088 1271 1352 1335 esse,'etc.
1384 1268 1556 1323 Aliud
1584 1284 1721 1323 vero
1749 1268 1902 1340 (cap.
1926 1271 2017 1337 33,
2044 1284 2108 1341 p.

457 1358 579 1413 579)
606 1354 692 1410 sic
715 1355 924 1427 incipit
956 1375 968 1412 :
1004 1362 1114 1430 Χρὴ
1144 1362 1319 1430 μέντοι
1348 1362 1438 1409 καὶ
1470 1361 1589 1419 τούς
1618 1367 1718 1410 τῶν
1747 1366 2109 1431 πνευματικῶν

458 1447 806 1518 συστημάτων
850 1445 1242 1520 ἀφηγουμένους
1281 1452 1376 1507 τὴν
1420 1452 1553 1522 πρὸς
1598 1445 1850 1509 ἀλλήλους
1888 1447 2110 1500 ἀσκοῦν-

454 1553 548 1595 τας
590 1533 875 1589 εὖνοιαν....
908 1541 980 1609 μὴ
1027 1536 1298 1590 καταλύειν
1336 1540 1401 1589 ra
1432 1536 1660 1596 ἀλλήλων
1695 1533 2107 1610 σπουδάσματα.

455 1624 699 1693 Oportet
728 1629 927 1681 autem
957 1631 1014 1682 et
1041 1628 1456 1696 spiritualium
1484 1632 1741 1684 coetuum
1773 1628 2109 1697 praefectos,

452 1717 726 1769 mutuam
755 1720 1095 1772 exercentes
1127 1716 1712 1773 benevolentiam.....
1742 1717 2004 1774 alterum
2024 1717 2114 1773 al-

453 1803 640 1858 terius
669 1805 874 1861 studia
900 1821 1022 1861 non
1041 1806 1367 1863 destruere.
1402 1809 1466 1862 Et
1488 1805 1671 1879 paulo
1691 1811 1832 1878 post
1857 1807 1942 1863 ita
1964 1805 2110 1876 legi-

455 1894 555 1946 tur
582 1909 595 1959 ;
625 1897 716 1945 *Av
738 1897 910 1945 τοίνυν
937 1893 962 1945 ὀ
987 1896 1339 1969 ῥᾳθυμότερος
1363 1892 1455 1968 ἴδῃ
1481 1894 1590 1957 ἐξὸν
1612 1895 1753 1967 αύτῳ
1774 1897 1903 1967 μετὰ
1929 1891 2112 1958 ἁδείας

458 1977 765 2053 ἀποφεύγειν
794 1986 912 2045 τοὺς
943 1981 991 2034 ἐν
1022 2003 1094 2055 τῳ
1122 1983 1264 2046 ἅπαξ
1294 1986 1544 2059 αιρεθέντι
1577 1990 1873 2057 συστήματι
1903 1989 2110 2051 πόνους,

456 2075 569 2126 etc.
602 2071 670 2127 Si
697 2073 881 2143 igitur
907 2074 1013 2144 qui
1045 2075 1447 2144 negligentior
1476 2076 1574 2143 sit,
1616 2063 1795 2131 licere
1836 2075 1950 2131 sibi
1985 2075 2116 2132 ani-

456 2161 872 2231 madverterit,
926 2164 1169 2232 impune
1198 2164 1430 2220 labores
1461 2165 1707 2221 detectae
1725 2166 1904 2222 semet
1944 2166 2117 2221 socie-

456 2252 599 2306 tatis
644 2251 925 2322 e/fugere,
971 2257 1085 2310 etc.
1116 2252 1375 2309 Titulum
1417 2251 1610 2310 ultimi
1648 2254 1859 2326 capitis
1896 2253 1999 2326 qui
2037 2252 2119 2309 le-

454 2343 579 2408 get,
606 2339 667 2395 in
697 2356 769 2396 eo
797 2341 881 2398 ita
918 2342 1209 2414 scriptum
1250 2342 1537 2411 inveniet,
1569 2342 1689 2395 Ὀτι
1720 2344 1777 2396 ού
1808 2348 1919 2416 χρὴ
1952 2348 2040 2395 τὸν
2067 2341 2115 2394 ἐν

458 2433 764 2500 συστήματι
809 2430 1198 2503 πολιτευόμενον
1239 2430 1500 2491 ἀσκητην.
1536 2431 1709 2498 Quod
1732 2448 1855 2488 non
1884 2436 2115 2502 oportet

455 2521 717 2573 ascetam
763 2519 825 2572 in
870 2519 1076 2590 aliquo
1107 2525 1401 2577 conventu
1433 2521 1768 2590 degentem,
1802 2524 1912 2575 etc.
1944 2518 2116 2575 Haud

454 2606 670 2677 procul
699 2622 735 2663 a
762 2606 936 2663 titulo
966 2611 1227 2665 occurrit
1248 2608 1419 2676 illud,
1442 2608 1603 2663 Ὅταν
1631 2610 1733 2683 γάρ
1781 2609 1806 2661 ὁ
1830 2612 1920 2683 μὲν
1950 2613 2116 2662 κανὼν

455 2702 549 2747 τοῦ
603 2694 725 2768 βίου
776 2699 899 2770 ἔχη,
960 2694 1100 2771 μηδέ
1151 2699 1483 2773 χωρίζεσθαι
1530 2707 1621 2751 τοῦ
1680 2705 2020 2772 συστήματος
2077 2698 2118 2770 ᾧ

459 2786 812 2858 mimum,
839 2782 999 2859 μηδέ,
1032 2792 1143 2843 etc.
1197 2788 1347 2845 Cum
1378 2790 1537 2845 enim
1568 2790 1708 2845 vitae
1737 2794 1959 2844 nostrae
1993 2791 2117 2844 ins-

459 2873 704 2930 titutum
736 2878 834 2943 sit,
875 2890 1068 2949 neque
1110 2878 1392 2947 separari
1419 2879 1495 2934 ab
1520 2878 1629 2933 illo
1677 2883 1833 2934 ctetu
1855 2878 1956 2933 cui
1994 2877 2119 2947 fui-

455 2979 588 3019 mus
617 2965 918 3036 adjuncti,
942 2983 1149 3038 neque,
1181 2972 1293 3023 etc.
1328 2969 1483 3024 Sane
1532 2968 1580 3023 si
1610 2967 2119 3024 Constitutionum

456 3056 641 3126 atque
665 3055 1032 3124 Regularum
1062 3056 1224 3112 idem
1258 3057 1518 3130 scriptor
1548 3073 1679 3113 esse
1728 3056 1913 3113 semel
1959 3056 2122 3112 dica-

2217 544 2488 602 minibus
2510 546 2595 602 uti
2616 546 2693 603 ad
2714 546 3184 616 signiﬁcandam
3204 547 3458 603 fratrum
3482 548 3832 606 societatem
3858 567 3872 606 :

2217 634 2495 702 alterum,
2541 636 2635 692 bis
2669 636 3022 693 nominibus
3061 652 3186 693 non
3231 636 3581 710 simpliciter
3628 639 3733 706 uti,
3765 638 3873 695 sed

2217 724 2325 794 sic,
2377 731 2440 781 ut
2491 742 2703 782 vocem
2754 731 3100 799 πνευματικός
3156 727 3308 800 ipsis
3355 726 3677 798 adjungat.
3721 731 3877 785 Loca

2216 814 2525 887 quaedam,
2560 815 2785 889 quibus
2811 815 2873 871 id
2902 815 3094 871 oculis
3126 815 3506 888 subjiciatur,
3534 818 3866 875 adducam.

2219 903 2323 958 Hic
2353 908 2444 960 est
2472 905 2685 978 capitis
2709 909 2769 960 2i
2802 905 3006 962 titulus
3041 924 3054 962 :
3079 905 3201 958 Ὀτι
3220 906 3280 958 ού
3304 903 3388 959 δεῖ
3405 915 3499 969 τῆς
3519 917 3874 981 πνευματικῆς

2217 988 2567 1064 ἀδελφότητος
2599 993 3009 1051 ἀποκόπτεσθαι.
3046 995 3216 1063 Quod
3241 1011 3360 1051 non
3387 1002 3617 1065 oportet
3643 1012 3681 1053 a
3702 998 3878 1067 spiri-

2218 1084 2377 1139 tuali
2398 1085 2798 1153 fraternitate
2818 1087 3101 1143 resecari.
3128 1086 3409 1159 Sequitur
3428 1085 3629 1143 statim
3652 1093 3789 1160 post
3814 1088 3883 1144 ti-

2219 1171 2412 1228 tulum
2446 1191 2459 1241 ;
2500 1178 2614 1247 Χρὴ
2643 1178 2818 1247 μέντοι
2862 1180 2957 1228 καὶ
3000 1195 3155 1228 τουτο
3201 1178 3481 1229 πεπεῖσθαι
3513 1186 3709 1250 σαφῶς,
3742 1182 3823 1230 ὅτι
3852 1179 3879 1230 ὁ

2219 1261 2360 1324 ἅπαξ
2388 1263 2460 1324 εἰς
2510 1259 2803 1335 σύνδεσμον
2847 1268 2937 1316 καὶ
2997 1266 3274 1336 συνάφειαν
3323 1263 3479 1317 ἐλθὼν
3525 1275 3880 1339 πνευματικῆς

2221 1346 2593 1423 ἀδελφότητος,
2626 1357 2735 1409 etc.
2768 1354 2909 1410 Jam
2958 1354 3123 1410 illud
3149 1369 3382 1426 quoque
3406 1370 3521 1424 pro
3566 1363 3727 1412 certo
3774 1357 3884 1414 ha-

2223 1440 2475 1498 bendum
2506 1448 2612 1511 est,
2644 1457 2797 1510 eum,
2824 1444 2932 1514 qui
2952 1445 3133 1500 semel
3145 1444 3540 1514 fraternitati
3573 1446 3888 1514 spirituali

2221 1526 2513 1596 alligatus
2542 1532 2626 1583 est
2658 1532 2713 1582 et
2739 1529 3092 1598 adjunctus,
3116 1535 3226 1584 etc.
3260 1528 3444 1585 Paulo
3471 1534 3608 1602 past
3635 1529 3716 1585 ita
3742 1530 3888 1601 legi-

2221 1618 2348 1670 tur:
2376 1615 2549 1687 Πολλῳ
2570 1615 2760 1689 μᾶλλον
2782 1618 2807 1668 ὁ
2826 1618 2898 1679 εἰς
2920 1616 3183 1689 σύμϐασιν
3202 1616 3356 1669 ἐλθὼν
3376 1628 3731 1691 πνευματικῆς
3753 1638 3887 1692 συμ-

2223 1701 2471 1772 ϐιωσεως,
2504 1711 2618 1761 etc.
2646 1707 2849 1777 Longe
2876 1708 3067 1776 magis
3095 1707 3199 1779 qui
3240 1707 3442 1776 [trdus
3476 1709 3680 1764 inierit
3707 1709 3889 1778 spiri-

2150 1813 2194 1867 B
2224 1795 2409 1850 tualis
2439 1796 2606 1851 illius
2638 1796 3040 1862 contubernii,
3074 1800 3184 1852 etc.
3219 1798 3340 1852 Hoc
3368 1795 3505 1868 ipso
3543 1797 3606 1853 in
3640 1796 3891 1853 locoita

2225 1882 2514 1956 scriptum
2546 1889 2635 1941 est
2668 1901 2681 1940 :
2716 1889 2869 1957 Πόσῳ
2898 1884 3088 1958 μᾶλλον
3115 1884 3140 1936 ὁ
3170 1894 3491 1959 πνευματικῇ
3525 1891 3766 1959 κοινωνίᾳ
3797 1906 3892 1938 συ-

2223 1975 2555 2045 ναρμοσθείς,
2587 1980 2698 2029 etc.
2734 1974 2973 2042 Quanto
3004 1976 3199 2045 magis
3239 1977 3350 2048 qui
3374 1976 3690 2046 spirituali
3715 1977 3897 2032 socie-

2227 2064 2345 2119 tati
2366 2066 2591 2119 ascitus
2617 2070 2720 2131 est,
2753 2066 2824 2126 is,
2847 2070 2961 2121 etc.
2995 2065 3167 2121 Haud
3185 2064 3377 2121 multo
3401 2071 3540 2138 post
3568 2066 3655 2122 sic
3675 2065 3897 2136 legitur

2223 2152 2492 2226 (cap.2t,
2524 2170 2587 2213 η.
2621 2159 2674 2223 '2)
2703 2172 2716 2211 :
2770 2156 2950 2217 Οὕτως
2983 2154 3008 2206 ὀ
3040 2154 3229 2227 λέγων,
3264 2158 3344 2208 ὅτι
3395 2152 3486 2209 διὰ
3517 2160 3636 2219 τούς
3663 2156 3895 2229 φαύλους

2224 2244 2557 2318 χωρίζεσθαι
2573 2253 2666 2306 τῆς
2694 2253 3045 2317 πνευματικῆς
3064 2243 3427 2318 ἀναγκάζομαι
3450 2264 3747 2318 συναφειας,
3775 2251 3894 2302 etc.

2222 2333 2323 2389 Sic
2344 2334 2450 2404 qui
2474 2334 2557 2389 ait
2589 2350 2601 2388 :
2635 2334 2827 2404 Cogor
2850 2340 3105 2404 propter
3131 2336 3322 2390 malos
3344 2349 3381 2389 a
3400 2336 3718 2404 spirituati
3736 2351 3899 2392 com-

2224 2425 2524 2480 munitate
2552 2425 2852 2493 separari,
2886 2428 3000 2481 etc.
3032 2424 3207 2495 Operi
3240 2440 3352 2480 suo
3378 2424 3564 2480 ﬁnem
3591 2424 3759 2479 brevi
3786 2424 3902 2479 im-

2228 2511 2537 2584 positurus
2566 2511 2887 2580 auctor,sic
2912 2510 3181 2583 loquitur
3210 2513 3667 2585 (cap.33,p.580)
3693 2530 3706 2569 :
3740 2512 3805 2565 Ἢ
3840 2514 3891 2565 εἰ

2226 2606 2408 2654 ἐκεῖνοι
2439 2598 2696 2674 ἐμμένοιεν
2726 2609 2787 2673 τῇ
2818 2602 2971 2659 ἀθετὴ
2983 2620 3062 2653 σει
3090 2609 3187 2663 τῆς
3215 2611 3571 2673 πνευματικῆς
3598 2621 3896 2668 κοινωνιας,

2228 2694 2341 2746 etc.
2373 2691 2483 2745 Aut
2508 2692 2560 2746 si
2598 2690 2775 2746 iidem
2807 2691 2907 2745 illi
2932 2691 3316 2760 spiritualem
3348 2690 3723 2748 sodalitatem
3752 2706 3901 2761 per-

2225 2787 2375 2851 gant
2395 2780 2738 2851 aspernari,
2756 2785 2868 2834 etc.
2887 2781 2911 2834 ,Ι
2919 2795 3020 2834 am
3038 2778 3304 2835 vidimus
3320 2794 3531 2836 vocem
3547 2786 3902 2853 πνευματικός

2228 2869 2365 2926 voci
2398 2872 2649 2942 σύστημα
2673 2868 2995 2942 quinquies
3017 2874 3122 2925 aut
3144 2868 3338 2925 sexies
3360 2869 3681 2941 conjungi;
3707 2870 3788 2927 ob
3808 2870 3906 2927 id-

2229 2974 2348 3032 que
2377 2975 2449 3014 ea
2488 2958 2623 3015 loca
2652 2958 2750 3015 bic
2780 2974 2992 3014 rursus
3017 2958 3323 3015 excribere
3349 2974 3600 3015 necesse
3629 2975 3753 3015 non
3783 2965 3902 3017 est.

2230 3049 2349 3105 Etsi
2366 3054 2568 3105 autem
2596 3048 2962 3119 Regularum
2981 3048 3238 3121 scriptor
3252 3048 3457 3105 multis
3473 3049 3776 3122 variisque
3795 3065 3909 3107 no-

456 3145 575 3208 tur,
608 3143 814 3199 mirari
844 3144 1072 3201 subibit
1093 3146 1259 3201 vocis
1291 3149 1542 3219 σύστημα
1571 3162 1709 3219 quae
1744 3145 2123 3203 Constitutio-
2161 3170 2202 3226 ρ
2230 3138 2499 3194 minibus
2558 3138 2742 3194 mitur
2798 3137 2876 3194 ad
2932 3137 3405 3209 signiﬁcandum
3453 3139 3903 3196 monachorum

455 3246 609 3290 num
635 3233 865 3289 auctori
893 3234 1115 3307 quavis
1145 3234 1264 3291 alia
1302 3235 1665 3292 familiarior
1693 3241 1841 3305 erat,
1876 3250 1950 3290 ne
1992 3251 2126 3291 ves-

458 3319 669 3390 tigium
691 3322 941 3394 quidem
962 3323 1025 3379 in
1047 3323 1286 3394 Regulis
1309 3331 1569 3382 exstare.
1586 3328 1734 3381 Nam
1757 3324 2125 3397 experientia

458 3408 656 3473 docet,
684 3414 981 3482 auctores,
1012 3414 1117 3487 qui
1145 3430 1241 3470 res
1282 3413 1532 3471 easdem
1558 3415 1621 3470 in
1659 3414 1903 3471 duobus
1933 3413 2124 3487 operi-

457 3498 574 3555 bus
604 3504 710 3556 aut
738 3505 998 3559 tractant
1024 3508 1130 3559 aut
1154 3503 1646 3575 interpretantur,
1675 3504 1723 3559 si
1748 3504 1809 3559 in
1833 3520 1955 3560 uno
1999 3519 2120 3561 una

456 3604 607 3645 voce
651 3589 730 3645 ad
761 3606 891 3647 rem
938 3591 1210 3665 aliquam
1264 3592 1737 3664 signiﬁcandam
1789 3593 2121 3666 saepissime

459 3678 553 3733 usi
579 3678 719 3747 sint,
748 3680 963 3736 eadem
991 3682 1074 3737 uti
1100 3682 1310 3739 solitos
1338 3687 1394 3739 et
1423 3682 1485 3738 in
1518 3683 1706 3740 altero
1754 3698 1959 3756 opere,
1988 3699 2121 3740 ma-

452 3766 615 3823 xime
637 3768 685 3824 si
710 3768 871 3825 hanc
899 3769 1100 3843 ipsam
1132 3787 1262 3827 rem
1293 3772 1525 3844 passim
1553 3772 1810 3845 exprimi
1842 3789 1998 3846 opus
2026 3773 2119 3828 sit.

455 3856 823 3926 Regularum
847 3864 1050 3915 autem
1073 3860 1598 3933 auctor,‘quisquis
1621 3866 1729 3932 est,
1743 3862 1967 3918 centies
1987 3860 2121 3934 qui-

456 3943 597 4000 dem
628 3945 764 4001 aliis
792 3947 1149 4003 nominibus
1176 3947 1433 4004 fratrum
1482 3954 1851 4005 conventum
1884 3967 2125 4024 expres-

458 4031 535 4089 sit
563 4050 576 4088 :
614 4034 721 4090 sed
752 4040 959 4092 tamen
989 4052 1129 4092 eum
1154 4052 1397 4111 semper
1428 4054 1461 4095 δ
1493 4055 1641 4095 voce
1675 4042 1922 4113 σύστημα
1943 4040 2122 4097 absti—

456 4122 683 4192 nuisse,
702 4139 775 4180 ex
807 4125 1006 4198 operis
1026 4125 1280 4182 lectione
1307 4127 1486 4199 plane
1515 4135 1770 4185 constat.
1803 4129 2122 4196 Quomodo

457 4227 603 4283 ergo
654 4214 1019 4285 Regularum
1065 4218 1808 4289 atque.Constitutionum
1860 4235 2022 4274 unus
2066 4223 2123 4275 et

455 4301 619 4359 idem
670 4310 883 4360 auctor
935 4321 1065 4361 esse
1114 4311 1331 4378 potest,
1365 4323 1504 4363 cum
1550 4308 1612 4363 in
1641 4307 1736 4363 bis
1780 4308 1858 4365 ad
1896 4314 2122 4365 certam

456 4392 794 4464 quamdam
839 4408 968 4449 rem
1023 4394 1487 4468 exprimendam
1541 4411 1756 4452 vocem
1786 4412 1973 4452 unam
2010 4395 2123 4452 fre-

2231 3229 2719 3295 contubernium,
2741 3234 2943 3285 tamen
2964 3228 3058 3284 bis
3080 3226 3436 3284 nominibus
3462 3244 3540 3285 ne
3557 3228 3743 3285 semel
3763 3228 3901 3301 qui-

2231 3317 2371 3375 dem
2405 3335 2615 3375 vocem
2667 3323 3013 3392 πνευματικός
3061 3317 3359 3389 adjungit.
3405 3320 3518 3375 Par
3565 3325 3656 3376 est
3709 3319 3900 3390 igitur

2228 3408 2387 3464 duos
2415 3414 2691 3465 auctores
2712 3408 3023 3481 distingui,
3045 3423 3334 3481 quorum,
3361 3413 3428 3465 ut
3457 3406 3631 3479 solet,
3653 3408 3900 3467 diversa.

2229 3502 2359 3554 erat
2389 3498 2695 3554 scribendi
2724 3499 2897 3555 ratio.

2300 3591 2389 3644 38.
2423 3587 2726 3644 Hactenus
2749 3602 2949 3643 sermo
2968 3585 3275 3642 institutus
3295 3591 3387 3643 est
3405 3585 3482 3642 de
3512 3585 3896 3659 quibusdam

2226 3677 2503 3744 vocibus,
2519 3693 2657 3749 quas
2689 3676 2971 3748 cum,sint
2992 3674 3479 3731 familiarissimas
3503 3676 3894 3733 Constitutio-

2226 3783 2377 3823 num
2399 3766 2653 3835 auctori,
2678 3781 2988 3838 nusquam
3010 3770 3215 3820 tamen
3236 3764 3299 3820 in
3328 3764 3566 3834 Regulis
3600 3763 3897 3821 adhiben-

2228 3862 2352 3913 tur:
2387 3871 2547 3911 nunc
2574 3855 2903 3928 loquamur
2932 3855 3007 3910 de
3039 3854 3173 3910 aliis
3205 3860 3311 3911 aut
3332 3854 3584 3911 vocibus
3614 3860 3721 3911 aut
3748 3854 3896 3911 scri-

2228 3946 2416 4003 bendi
2441 3944 2804 4009 rationibus,
2832 3961 2991 4017 quae,
3012 3960 3151 4000 cum
3178 3960 3302 4001 non
3333 3944 3536 4000 minus
3562 3944 3893 4001 familiares

2231 4036 2349 4091 sint
2386 4034 2752 4106 Regularum
2792 4033 3088 4107 scriptori,
3120 4049 3223 4090 eas
3261 4040 3464 4090 tamen
3490 4049 3808 4107 nunquam
3829 4034 3896 4090 in

2230 4123 2771 4180 Constitutionibus
2802 4131 3127 4197 usurpatas
3155 4124 3453 4181 invenias.
3481 4124 3572 4181 Ad
3600 4125 3768 4197 quod
3793 4141 3896 4196 ge-

2228 4228 2345 4268 nus
2369 4214 2665 4285 pertinent
2685 4215 2809 4270 duo
2831 4214 2955 4282 illa,
2979 4214 3320 4288 πληροφορεῖν
3342 4213 3887 4287 θῐπληροφορεῐσθαιε

2228 4315 2365 4371 quae
2394 4318 2574 4358 voces
2603 4320 2743 4359 cum
2774 4303 2834 4360 in
2858 4304 3099 4374 Regulis
3131 4303 3249 4360 sint
3272 4304 3801 4375 frequentissimas,
3826 4304 3891 4361 in

2228 4393 2770 4452 Constitutionibus
2810 4400 3013 4450 tamen
3048 4409 3360 4467 nusquam
3402 4393 3706 4464 leguntur.
3751 4393 3889 4451 Jam

454 4481 858 4553 quentissime
882 4484 1160 4556 usurpari
1182 4484 1525 4552 videamus,
1545 4502 1682 4559 qum
1701 4491 1905 4543 tamen
1927 4501 2041 4542 vox
2058 4486 2119 4542 in
2154 4525 2197 4579 Β
2228 4488 2439 4538 nostro
2463 4497 2630 4537 more
2653 4482 2882 4556 aliquot
2902 4482 3032 4554 ejus
3048 4482 3133 4538 rei
3156 4481 3530 4555 exemplaob
3547 4482 3754 4539 oculos
3778 4498 3887 4555 po-

455 4568 572 4625 illis
627 4571 706 4626 ad
764 4572 1045 4629 eamdem
1104 4589 1230 4629 rem
1290 4574 1761 4645 signiﬁcandam
1810 4591 2116 4649 nusquam

455 4661 834 4732 usurpatur?
860 4664 984 4733 Ego
1010 4662 1069 4718 in
1101 4663 1392 4735 exemplis
1417 4679 1548 4720 esse
1578 4680 1700 4720 non
1740 4669 1910 4737 puto,
1935 4666 2118 4739 scrip-

454 4752 643 4806 torem
685 4752 769 4808 ita
798 4768 1073 4825 unquam
1118 4753 1212 4808 sui
1241 4753 1599 4810 dissimilem
1638 4754 1849 4821 fuisse,
1882 4762 1948 4811 ut
1974 4772 2115 4812 cum

456 4853 583 4896 rem
620 4840 895 4914 aliquam
923 4841 986 4897 in
1017 4857 1142 4898 uno
1174 4857 1355 4915 opere
1379 4849 1542 4900 certo
1567 4844 1839 4917 quodam
1870 4845 2116 4902 nomine

454 4927 790 5001 saepissime
830 4929 1244 5003 expressisset,
1281 4931 1344 4987 in
1407 4931 1596 4988 altero
1632 4932 1788 4989 libro
1831 4934 2113 4991 eamdem

454 5031 584 5072 rem
638 5017 856 5075 eodem
913 5019 1014 5075 illo
1058 5020 1316 5081 nomine
1364 5037 1669 5095 nusquam
1733 5026 2113 5096 expresserit,

455 5108 818 5179 praesertim,
851 5114 914 5165 ut
960 5110 1247 5179 diximus,
1270 5112 1317 5166 si
1360 5112 1449 5168 rei
1496 5112 1655 5168 illius
1704 5114 2113 5186 exprimendae

455 5196 699 5253 occasio
741 5214 870 5254 sese
905 5201 1136 5271 passim
1185 5200 1443 5258 offerret.
1498 5205 1580 5258 Ex
1628 5203 1851 5276 quibus
1901 5220 2110 5261 conse-

453 5301 648 5359 quens
677 5304 807 5344 esse
848 5288 1126 5361 arbitror,
1159 5296 1225 5348 ut
1262 5291 1386 5349 duo
1415 5299 1695 5350 auctores
1737 5294 2112 5369 distinguan-

457 5379 572 5442 tur,
606 5393 873 5449 quorum
920 5395 1085 5447 unus.
1128 5381 1408 5452 Regulas,
1450 5382 1597 5439 alter
1644 5383 2112 5441 Constitutiones

454 5466 897 5539 conscripserit.
944 5468 1079 5525 Haec
1124 5475 1285 5526 certa
1325 5487 1455 5528 esse
1484 5472 1762 5529 existimo
1814 5474 2106 5546 quidem:

454 5554 583 5624 sed,
607 5571 684 5613 ne
713 5557 809 5613 cui
834 5557 973 5630 quis
996 5558 1318 5632 scrupulus
1341 5561 1624 5634 supersit,
1644 5562 1760 5619 hoc
1789 5562 1952 5619 idem
1987 5580 2088 5621 ma

453 5645 547 5727 gis
573 5646 936 5711 conﬁrmare
961 5648 1164 5713 statui.
1193 5651 1323 5712 Duo
1346 5656 1486 5712 sunt
1510 5651 1709 5725 igitur,
1738 5668 1874 5726 qua:
1904 5657 2112 5711 notata

2226 4587 2470 4627 namus.
2491 4571 2768 4642 Itaigitur
2790 4572 3083 4644 scriptum
3106 4572 3270 4628 estin
3294 4570 3530 4641 Regulis
3551 4571 3887 4642 majoribus

2225 4666 2373 4733 (reg.
2395 4668 2412 4718 t
2432 4663 2476 4733 1)
2495 4681 2508 4718 :
2532 4667 2628 4716 Τὸν
2645 4666 2735 4736 μεν
2755 4661 3055 4735 πληροφορὴ
3067 4681 3181 4729 σας,
3198 4663 3280 4713 ὅτι
3304 4662 3349 4728 ὁ,
3365 4667 3502 4728 etc.,
3521 4662 3606 4716 sic
3624 4667 3689 4718 ut
3706 4662 3893 4724 alteri

2224 4754 2459 4826 quidem
2476 4754 2866 4823 persuaserit,
2881 4757 2946 4807 ut
2963 4754 3032 4819 si,
3047 4757 3158 4807 etc.
3183 4750 3340 4806 Alibi
3356 4751 3416 4807 in
3434 4750 3631 4807 isdem
3654 4750 3767 4807 illis
3790 4753 3890 4807 Re-

2226 4843 2381 4914 gulis
2397 4846 2545 4915 (reg.
2564 4848 2628 4897 27
2649 4842 2913 4912 maj.)ita
2929 4841 3164 4912 legitur:
3187 4840 3493 4914 Πληροφορη
3504 4843 3669 4902 θέντες
3687 4837 3779 4894 διὰ
3792 4850 3888 4903 τῆς

2225 4938 2557 5006 φανερώσεως
2593 4939 2692 4982 τῶν
2724 4934 2781 4981 ού
2803 4928 2911 5002 μετ’
2935 4928 3179 4991 ἀληθείας
3216 4930 3657 4995 ύποπτευθέντων,
3690 4937 3786 4989 τῆς
3806 4927 3885 4981 ἐπ’

2223 5022 2364 5093 αύτῳ
2382 5018 2669 5094 ὃιακρίσεω
2679 5041 2699 5081 ς
2717 5018 3161 5072 ἀπαλλάσσονται.
3177 5020 3322 5089 Ipsi,
3339 5020 3429 5085 iis,
3450 5034 3583 5088 quae
3593 5018 3663 5087 fa
3672 5019 3757 5074 tso
3768 5033 3889 5075 sus-

2221 5118 2389 5183 pecta
2416 5112 2689 5182 fuerant,
2709 5110 2986 5181 cognitis,
3018 5109 3105 5165 ita
3133 5110 3370 5165 demum
3397 5110 3679 5165 certiores
3702 5109 3887 5178 facti,

2223 5204 2299 5259 ab
2317 5218 2407 5271 ea,
2421 5217 2600 5273 quam
2615 5202 2688 5258 de
2702 5202 2827 5271 ipso
2841 5205 3259 5269 conceperant,
3275 5199 3611 5268 suspicione
3627 5198 3889 5255 liberan-

2224 5299 2345 5348 tur.
2370 5294 2484 5348 Nec
2516 5290 2690 5347 aliter
2708 5289 2976 5361 loquitur
3006 5294 3215 5344 auctor
3244 5288 3304 5343 in
3331 5287 3570 5357 Regulis
3596 5287 3887 5344 breviori-

2221 5382 2357 5453 bus,
2376 5380 2479 5436 ubi
2501 5381 2631 5436 haec
2653 5379 2839 5435 verba
2859 5378 3395 5451 reperiuntur(reg.
3419 5378 3475 5432 11
3495 5376 3615 5448 br.)
3632 5395 3644 5432 :
3661 5376 3776 5429 Ἐὰν
3795 5373 3883 5428 οὖν

2220 5492 2301 5533 τις
2330 5471 2699 5544 πληροφορηθῇ
2735 5469 2868 5521 ὅσων
2898 5488 2988 5520 και
3009 5466 3198 5526 ἡλίκων
3224 5476 3395 5519 κακῶν
3420 5470 3618 5539 γίνεται
3644 5469 3788 5518 αἴτια
3815 5469 3884 5518 τὰ

2224 5562 2597 5637 ἁμαρτήματα,
2613 5566 2720 5616 etc.
2744 5560 2814 5616 Si
2833 5559 2931 5617 cui
2954 5560 3143 5630 igitur
3159 5572 3514 5630 persuasum
3535 5558 3634 5627 sit,
3654 5556 3881 5629 quodet

2218 5657 2584 5725 quantorum
2612 5650 2910 5708 malorum
2949 5663 3131 5707 causa
3146 5652 3402 5719 peccata
3430 5648 3573 5716 sint,
3605 5651 3720 5705 etc.
3745 5644 3880 5706 Alia
