  <div class='ocr_page' id='page_1' title='image "/cluster/home/n/w/nwhite01/storage/ocr_20150623/31:no.3/coo.31924054869288/062.png"; bbox 0 0 4092 6386; ppageno 0'>
   <div class='ocr_carea' id='block_1_1' title="bbox 179 307 3604 372">
    <p class='ocr_par' dir='ltr' id='par_1_1' title="bbox 179 307 3604 372">
     <span class='ocr_line' id='line_1_1' title="bbox 179 307 3604 372; baseline 0.004 -14"><span class='ocrx_word' id='word_1_1' title='bbox 179 313 248 370; x_wconf 81' lang='lat'>97</span> <span class='ocrx_word' id='word_1_2' title='bbox 1664 307 2049 366; x_wconf 70' lang='lat' dir='ltr'>PREFATIO.</span> <span class='ocrx_word' id='word_1_3' title='bbox 3533 319 3604 372; x_wconf 87' lang='lat'><strong>98</strong></span> 
     </span>
    </p>
   </div>
   <div class='ocr_carea' id='block_1_2' title="bbox 177 433 1848 512">
    <p class='ocr_par' dir='ltr' id='par_1_2' title="bbox 177 433 1839 510">
     <span class='ocr_line' id='line_1_2' title="bbox 177 433 1839 510; baseline -0.007 -14"><span class='ocrx_word' id='word_1_4' title='bbox 177 437 390 510; x_wconf 89' lang='lat' dir='ltr'>regula</span> <span class='ocrx_word' id='word_1_5' title='bbox 435 436 584 509; x_wconf 90' lang='lat' dir='ltr'>(reg.</span> <span class='ocrx_word' id='word_1_6' title='bbox 629 438 696 493; x_wconf 86' lang='lat'>37</span> <span class='ocrx_word' id='word_1_7' title='bbox 738 434 932 508; x_wconf 91' lang='lat' dir='ltr'>brev.)</span> <span class='ocrx_word' id='word_1_8' title='bbox 981 435 1068 492; x_wconf 93' lang='lat' dir='ltr'>sic</span> <span class='ocrx_word' id='word_1_9' title='bbox 1111 435 1320 509; x_wconf 87' lang='lat' dir='ltr'>incipit</span> <span class='ocrx_word' id='word_1_10' title='bbox 1360 453 1374 492; x_wconf 88' lang='lat'>:</span> <span class='ocrx_word' id='word_1_11' title='bbox 1418 433 1839 510; x_wconf 73' lang='grc' dir='ltr'>Ηληροφορηθεὶς</span> 
     </span>
    </p>
   </div>
   <div class='ocr_carea' id='block_1_3' title="bbox 1957 433 3608 512">
    <p class='ocr_par' dir='ltr' id='par_1_3' title="bbox 1957 433 3608 512">
     <span class='ocr_line' id='line_1_3' title="bbox 1957 433 3608 512; baseline 0.005 -23"><span class='ocrx_word' id='word_1_12' title='bbox 1957 433 2134 491; x_wconf 88' lang='lat' dir='ltr'>verbo</span> <span class='ocrx_word' id='word_1_13' title='bbox 2182 436 2624 512; x_wconf 84' lang='grc' dir='ltr'>πληροφορεῖσθαι</span> <span class='ocrx_word' id='word_1_14' title='bbox 2665 439 2728 494; x_wconf 93' lang='lat' dir='ltr'>in</span> <span class='ocrx_word' id='word_1_15' title='bbox 2777 439 2871 507; x_wconf 88' lang='lat' dir='ltr'>iis,</span> <span class='ocrx_word' id='word_1_16' title='bbox 2914 456 3053 512; x_wconf 67' lang='lat' dir='ltr'>quae</span> <span class='ocrx_word' id='word_1_17' title='bbox 3106 441 3252 504; x_wconf 84' lang='lat' dir='ltr'>dixi,</span> <span class='ocrx_word' id='word_1_18' title='bbox 3313 441 3608 498; x_wconf 83' lang='lat' dir='ltr'>Constitu-</span> 
     </span>
    </p>
   </div>
   <div class='ocr_carea' id='block_1_4' title="bbox 178 522 1838 603">
    <p class='ocr_par' dir='ltr' id='par_1_4' title="bbox 178 522 1838 603">
     <span class='ocr_line' id='line_1_4' title="bbox 178 522 1838 603; baseline -0.005 -21"><span class='ocrx_word' id='word_1_19' title='bbox 178 535 273 588; x_wconf 78' lang='grc' dir='ltr'>τὴν</span> <span class='ocrx_word' id='word_1_20' title='bbox 316 531 610 603; x_wconf 82' lang='grc' dir='ltr'>παρουσίαν</span> <span class='ocrx_word' id='word_1_21' title='bbox 653 533 745 579; x_wconf 79' lang='grc' dir='ltr'>τοῦ</span> <span class='ocrx_word' id='word_1_22' title='bbox 786 531 1046 579; x_wconf 81' lang='grc' dir='ltr'>Δεσπότου</span> <span class='ocrx_word' id='word_1_23' title='bbox 1099 534 1232 579; x_wconf 82' lang='grc' dir='ltr'>Θεοῦ</span> <span class='ocrx_word' id='word_1_24' title='bbox 1282 533 1370 578; x_wconf 80' lang='grc' dir='ltr'>τοῦ</span> <span class='ocrx_word' id='word_1_25' title='bbox 1421 529 1485 577; x_wconf 79' lang='grc' dir='ltr'>τὰ</span> <span class='ocrx_word' id='word_1_26' title='bbox 1519 527 1688 576; x_wconf 77' lang='grc' dir='ltr'>πάντα</span> <span class='ocrx_word' id='word_1_27' title='bbox 1718 522 1838 594; x_wconf 86' lang='grc' dir='ltr'>ἐφο-</span> 
     </span>
    </p>
   </div>
   <div class='ocr_carea' id='block_1_5' title="bbox 178 613 1846 694">
    <p class='ocr_par' dir='ltr' id='par_1_5' title="bbox 178 613 1846 694">
     <span class='ocr_line' id='line_1_5' title="bbox 178 613 1846 694; baseline -0.002 -23"><span class='ocrx_word' id='word_1_28' title='bbox 178 629 390 694; x_wconf 88' lang='grc' dir='ltr'>ρῶντος.</span> <span class='ocrx_word' id='word_1_29' title='bbox 408 619 479 675; x_wconf 92' lang='lat' dir='ltr'>Si</span> <span class='ocrx_word' id='word_1_30' title='bbox 489 619 544 674; x_wconf 90' lang='lat' dir='ltr'>ei</span> <span class='ocrx_word' id='word_1_31' title='bbox 563 632 916 686; x_wconf 79' lang='lat' dir='ltr'>persuasum</span> <span class='ocrx_word' id='word_1_32' title='bbox 939 619 1015 673; x_wconf 88' lang='lat' dir='ltr'>sit</span> <span class='ocrx_word' id='word_1_33' title='bbox 1037 617 1108 673; x_wconf 93' lang='lat' dir='ltr'>de</span> <span class='ocrx_word' id='word_1_34' title='bbox 1126 617 1451 686; x_wconf 72' lang='lat' dir='ltr'>praesentia</span> <span class='ocrx_word' id='word_1_35' title='bbox 1471 615 1721 671; x_wconf 85' lang='lat' dir='ltr'>Domini</span> <span class='ocrx_word' id='word_1_36' title='bbox 1736 613 1846 669; x_wconf 91' lang='lat' dir='ltr'>Dei</span> 
     </span>
    </p>
   </div>
   <div class='ocr_carea' id='block_1_6' title="bbox 179 704 1836 778">
    <p class='ocr_par' dir='ltr' id='par_1_6' title="bbox 179 704 1836 778">
     <span class='ocr_line' id='line_1_6' title="bbox 179 704 1836 778; baseline -0.005 -12"><span class='ocrx_word' id='word_1_37' title='bbox 179 710 384 766; x_wconf 84' lang='lat' dir='ltr'>omnia</span> <span class='ocrx_word' id='word_1_38' title='bbox 408 708 802 778; x_wconf 86' lang='lat' dir='ltr'>inspicientis.</span> <span class='ocrx_word' id='word_1_39' title='bbox 828 710 956 763; x_wconf 87' lang='lat' dir='ltr'>Mox</span> <span class='ocrx_word' id='word_1_40' title='bbox 982 707 1063 763; x_wconf 87' lang='lat' dir='ltr'>ita</span> <span class='ocrx_word' id='word_1_41' title='bbox 1093 707 1310 776; x_wconf 78' lang='lat' dir='ltr'>legitur</span> <span class='ocrx_word' id='word_1_42' title='bbox 1335 707 1484 777; x_wconf 90' lang='lat' dir='ltr'>(reg.</span> <span class='ocrx_word' id='word_1_43' title='bbox 1514 709 1580 760; x_wconf 91' lang='lat'>38</span> <span class='ocrx_word' id='word_1_44' title='bbox 1605 704 1794 772; x_wconf 83' lang='lat' dir='ltr'>brev.)</span> <span class='ocrx_word' id='word_1_45' title='bbox 1823 719 1836 758; x_wconf 92' lang='lat'><strong>:</strong></span> 
     </span>
    </p>
   </div>
   <div class='ocr_carea' id='block_1_7' title="bbox 180 792 1839 874">
    <p class='ocr_par' dir='ltr' id='par_1_7' title="bbox 180 792 1839 874">
     <span class='ocr_line' id='line_1_7' title="bbox 180 792 1839 874; baseline -0.005 -23"><span class='ocrx_word' id='word_1_46' title='bbox 180 799 618 874; x_wconf 84' lang='grc' dir='ltr'>Ηληροφορείσθω</span> <span class='ocrx_word' id='word_1_47' title='bbox 668 792 744 862; x_wconf 75' lang='grc' dir='ltr'>δὲ,</span> <span class='ocrx_word' id='word_1_48' title='bbox 780 800 858 848; x_wconf 82' lang='grc' dir='ltr'>ὅτι</span> <span class='ocrx_word' id='word_1_49' title='bbox 897 800 990 848; x_wconf 80' lang='grc' dir='ltr'>οὐκ</span> <span class='ocrx_word' id='word_1_50' title='bbox 1039 795 1291 869; x_wconf 78' lang='grc' dir='ltr'>ἀνθρώπῴ</span> <span class='ocrx_word' id='word_1_51' title='bbox 1323 795 1593 866; x_wconf 76' lang='grc' dir='ltr'>ἀντιλέγει,</span> <span class='ocrx_word' id='word_1_52' title='bbox 1627 797 1656 852; x_wconf 79' lang='grc' dir='ltr'>ἦ</span> <span class='ocrx_word' id='word_1_53' title='bbox 1699 794 1839 844; x_wconf 76' lang='grc' dir='ltr'>ὐπα-</span> 
     </span>
    </p>
   </div>
   <div class='ocr_carea' id='block_1_8' title="bbox 177 881 1838 956">
    <p class='ocr_par' dir='ltr' id='par_1_8' title="bbox 177 881 1838 956">
     <span class='ocr_line' id='line_1_8' title="bbox 177 881 1838 956; baseline -0.002 -17"><span class='ocrx_word' id='word_1_54' title='bbox 177 890 340 952; x_wconf 81' lang='grc' dir='ltr'>κούει,</span> <span class='ocrx_word' id='word_1_55' title='bbox 374 882 480 944; x_wconf 75' lang='grc' dir='ltr'>ἠδη</span> <span class='ocrx_word' id='word_1_56' title='bbox 516 881 576 936; x_wconf 72' lang='grc' dir='ltr'>δὲ</span> <span class='ocrx_word' id='word_1_57' title='bbox 603 889 693 935; x_wconf 91' lang='grc' dir='ltr'>καί</span> <span class='ocrx_word' id='word_1_58' title='bbox 723 883 863 955; x_wconf 76' lang='grc' dir='ltr'>αὑτῳ</span> <span class='ocrx_word' id='word_1_59' title='bbox 898 905 970 956; x_wconf 87' lang='grc' dir='ltr'>τῳ</span> <span class='ocrx_word' id='word_1_60' title='bbox 1021 889 1214 956; x_wconf 82' lang='grc' dir='ltr'>Κυρίῳ.</span> <span class='ocrx_word' id='word_1_61' title='bbox 1262 885 1328 939; x_wconf 76' lang='grc' dir='ltr'><strong><em>δί</em></strong></span> <span class='ocrx_word' id='word_1_62' title='bbox 1361 889 1558 939; x_wconf 91' lang='lat' dir='ltr'>autem</span> <span class='ocrx_word' id='word_1_63' title='bbox 1587 897 1838 952; x_wconf 88' lang='lat' dir='ltr'>persua-</span> 
     </span>
    </p>
   </div>
   <div class='ocr_carea' id='block_1_9' title="bbox 175 974 1839 1041">
    <p class='ocr_par' dir='ltr' id='par_1_9' title="bbox 175 974 1839 1041">
     <span class='ocr_line' id='line_1_9' title="bbox 175 974 1839 1041; baseline -0.004 -9"><span class='ocrx_word' id='word_1_64' title='bbox 175 978 476 1032; x_wconf 87' lang='lat' dir='ltr'>sissimum</span> <span class='ocrx_word' id='word_1_65' title='bbox 525 976 596 1039; x_wconf 88' lang='lat' dir='ltr'>ei,</span> <span class='ocrx_word' id='word_1_66' title='bbox 659 989 720 1030; x_wconf 91' lang='lat' dir='ltr'>se</span> <span class='ocrx_word' id='word_1_67' title='bbox 773 990 892 1030; x_wconf 84' lang='lat' dir='ltr'>non</span> <span class='ocrx_word' id='word_1_68' title='bbox 952 975 1181 1030; x_wconf 79' lang='lat' dir='ltr'>homini</span> <span class='ocrx_word' id='word_1_69' title='bbox 1236 974 1672 1041; x_wconf 81' lang='lat' dir='ltr'>contradicere,</span> <span class='ocrx_word' id='word_1_70' title='bbox 1733 976 1839 1027; x_wconf 91' lang='lat' dir='ltr'>aut</span> 
     </span>
    </p>
   </div>
   <div class='ocr_carea' id='block_1_10' title="bbox 175 1064 1834 1137">
    <p class='ocr_par' dir='ltr' id='par_1_10' title="bbox 175 1064 1834 1137">
     <span class='ocr_line' id='line_1_10' title="bbox 175 1064 1834 1137; baseline -0.006 -12"><span class='ocrx_word' id='word_1_71' title='bbox 175 1068 436 1134; x_wconf 78' lang='lat' dir='ltr'>obedire,</span> <span class='ocrx_word' id='word_1_72' title='bbox 481 1066 587 1121; x_wconf 91' lang='lat' dir='ltr'>sed</span> <span class='ocrx_word' id='word_1_73' title='bbox 629 1067 884 1120; x_wconf 88' lang='lat' dir='ltr'>Domino</span> <span class='ocrx_word' id='word_1_74' title='bbox 923 1066 1058 1134; x_wconf 90' lang='lat' dir='ltr'>ipsi.</span> <span class='ocrx_word' id='word_1_75' title='bbox 1113 1065 1392 1137; x_wconf 79' lang='lat' dir='ltr'>Sequitur</span> <span class='ocrx_word' id='word_1_76' title='bbox 1435 1064 1582 1135; x_wconf 88' lang='lat' dir='ltr'>(reg.</span> <span class='ocrx_word' id='word_1_77' title='bbox 1631 1065 1719 1124; x_wconf 88' lang='grc'><strong>81,</strong></span> <span class='ocrx_word' id='word_1_78' title='bbox 1775 1078 1834 1134; x_wconf 90' lang='lat' dir='ltr'>p.</span> 
     </span>
    </p>
   </div>
   <div class='ocr_carea' id='block_1_11' title="bbox 173 1148 1839 1228">
    <p class='ocr_par' dir='ltr' id='par_1_11' title="bbox 173 1148 1839 1228">
     <span class='ocr_line' id='line_1_11' title="bbox 173 1148 1839 1228; baseline -0.005 -18"><span class='ocrx_word' id='word_1_79' title='bbox 173 1158 302 1226; x_wconf 69' lang='grc'><strong>444)</strong></span> <span class='ocrx_word' id='word_1_80' title='bbox 339 1171 352 1210; x_wconf 86' lang='lat'><strong>:</strong></span> <span class='ocrx_word' id='word_1_81' title='bbox 383 1159 589 1228; x_wconf 84' lang='grc' dir='ltr'>Μέχρις</span> <span class='ocrx_word' id='word_1_82' title='bbox 631 1153 691 1204; x_wconf 81' lang='grc' dir='ltr'>ἄν</span> <span class='ocrx_word' id='word_1_83' title='bbox 731 1152 1193 1225; x_wconf 80' lang='grc' dir='ltr'>πληροφορηθῆναι</span> <span class='ocrx_word' id='word_1_84' title='bbox 1225 1148 1448 1224; x_wconf 64' lang='grc' dir='ltr'>δυνηθῇ,</span> <span class='ocrx_word' id='word_1_85' title='bbox 1483 1154 1513 1209; x_wconf 77' lang='grc' dir='ltr'><strong>ἦ</strong></span> <span class='ocrx_word' id='word_1_86' title='bbox 1547 1152 1629 1202; x_wconf 82' lang='grc' dir='ltr'>ὅτι</span> <span class='ocrx_word' id='word_1_87' title='bbox 1654 1152 1679 1202; x_wconf 85' lang='grc' dir='ltr'><strong><em>ὁ</em></strong></span> <span class='ocrx_word' id='word_1_88' title='bbox 1711 1153 1839 1212; x_wconf 84' lang='grc' dir='ltr'>Θεὸς</span> 
     </span>
    </p>
   </div>
   <div class='ocr_carea' id='block_1_12' title="bbox 173 1240 1837 1318">
    <p class='ocr_par' dir='ltr' id='par_1_12' title="bbox 173 1240 1837 1318">
     <span class='ocr_line' id='line_1_12' title="bbox 173 1240 1837 1318; baseline -0.001 -21"><span class='ocrx_word' id='word_1_89' title='bbox 173 1251 364 1318; x_wconf 78' lang='grc' dir='ltr'>κριτὴς</span> <span class='ocrx_word' id='word_1_90' title='bbox 421 1240 658 1309; x_wconf 77' lang='grc' dir='ltr'>δίκαιος,</span> <span class='ocrx_word' id='word_1_91' title='bbox 701 1247 814 1298; x_wconf 90' lang='lat' dir='ltr'>etc.</span> <span class='ocrx_word' id='word_1_92' title='bbox 869 1242 1078 1309; x_wconf 84' lang='lat' dir='ltr'>Quoad</span> <span class='ocrx_word' id='word_1_93' title='bbox 1133 1242 1187 1298; x_wconf 89' lang='lat' dir='ltr'>ei</span> <span class='ocrx_word' id='word_1_94' title='bbox 1225 1242 1588 1311; x_wconf 82' lang='lat' dir='ltr'>persuaderi</span> <span class='ocrx_word' id='word_1_95' title='bbox 1629 1242 1837 1310; x_wconf 80' lang='lat' dir='ltr'>possit,</span> 
     </span>
    </p>
   </div>
   <div class='ocr_carea' id='block_1_13' title="bbox 173 1329 1838 1402">
    <p class='ocr_par' dir='ltr' id='par_1_13' title="bbox 173 1329 1838 1402">
     <span class='ocr_line' id='line_1_13' title="bbox 173 1329 1838 1402; baseline -0.005 -10"><span class='ocrx_word' id='word_1_96' title='bbox 173 1341 284 1392; x_wconf 88' lang='lat' dir='ltr'>aut</span> <span class='ocrx_word' id='word_1_97' title='bbox 334 1335 519 1390; x_wconf 89' lang='lat' dir='ltr'>Deum</span> <span class='ocrx_word' id='word_1_98' title='bbox 563 1347 686 1388; x_wconf 90' lang='lat' dir='ltr'>esse</span> <span class='ocrx_word' id='word_1_99' title='bbox 726 1334 966 1401; x_wconf 84' lang='lat' dir='ltr'>justum</span> <span class='ocrx_word' id='word_1_100' title='bbox 1010 1331 1294 1402; x_wconf 79' lang='lat' dir='ltr'>iudicem,</span> <span class='ocrx_word' id='word_1_101' title='bbox 1338 1336 1449 1387; x_wconf 90' lang='lat' dir='ltr'>etc.</span> <span class='ocrx_word' id='word_1_102' title='bbox 1508 1329 1838 1400; x_wconf 88' lang='lat' dir='ltr'>lnterjectis</span> 
     </span>
    </p>
   </div>
   <div class='ocr_carea' id='block_1_14' title="bbox 172 1418 1836 1494">
    <p class='ocr_par' dir='ltr' id='par_1_14' title="bbox 172 1418 1836 1494">
     <span class='ocr_line' id='line_1_14' title="bbox 172 1418 1836 1494; baseline -0.007 -14"><span class='ocrx_word' id='word_1_103' title='bbox 172 1423 404 1488; x_wconf 88' lang='lat' dir='ltr'>multis,</span> <span class='ocrx_word' id='word_1_104' title='bbox 437 1421 692 1494; x_wconf 83' lang='lat' dir='ltr'>scriptor</span> <span class='ocrx_word' id='word_1_105' title='bbox 717 1419 988 1492; x_wconf 78' lang='lat' dir='ltr'>loquitur</span> <span class='ocrx_word' id='word_1_106' title='bbox 1027 1421 1176 1492; x_wconf 90' lang='lat' dir='ltr'>(reg.</span> <span class='ocrx_word' id='word_1_107' title='bbox 1223 1421 1345 1489; x_wconf 78' lang='grc'>127)</span> <span class='ocrx_word' id='word_1_108' title='bbox 1377 1437 1390 1475; x_wconf 91' lang='lat'><strong>:</strong></span> <span class='ocrx_word' id='word_1_109' title='bbox 1435 1424 1589 1491; x_wconf 78' lang='grc' dir='ltr'>Πόσῳ</span> <span class='ocrx_word' id='word_1_110' title='bbox 1627 1418 1836 1491; x_wconf 78' lang='grc' dir='ltr'>μᾶλλον,</span> 
     </span>
    </p>
   </div>
   <div class='ocr_carea' id='block_1_15' title="bbox 174 1504 1840 1584">
    <p class='ocr_par' dir='ltr' id='par_1_15' title="bbox 174 1504 1840 1584">
     <span class='ocr_line' id='line_1_15' title="bbox 174 1504 1840 1584; baseline -0.004 -19"><span class='ocrx_word' id='word_1_111' title='bbox 174 1512 263 1565; x_wconf 82' lang='grc' dir='ltr'>ἐὰν</span> <span class='ocrx_word' id='word_1_112' title='bbox 306 1511 676 1584; x_wconf 76' lang='grc' dir='ltr'>πληροφορηθῇ</span> <span class='ocrx_word' id='word_1_113' title='bbox 728 1529 829 1576; x_wconf 88' lang='grc' dir='ltr'>τις,</span> <span class='ocrx_word' id='word_1_114' title='bbox 877 1513 1004 1562; x_wconf 83' lang='grc' dir='ltr'>Θεὸν</span> <span class='ocrx_word' id='word_1_115' title='bbox 1063 1512 1203 1582; x_wconf 81' lang='grc' dir='ltr'>ἔχειν</span> <span class='ocrx_word' id='word_1_116' title='bbox 1262 1507 1488 1567; x_wconf 83' lang='grc' dir='ltr'>ἐπόπτην</span> <span class='ocrx_word' id='word_1_117' title='bbox 1532 1518 1631 1560; x_wconf 83' lang='grc' dir='ltr'>τῶν</span> <span class='ocrx_word' id='word_1_118' title='bbox 1693 1504 1840 1560; x_wconf 74' lang='grc' dir='ltr'>ἰδίων</span> 
     </span>
    </p>
   </div>
   <div class='ocr_carea' id='block_1_16' title="bbox 174 1599 1841 1675">
    <p class='ocr_par' dir='ltr' id='par_1_16' title="bbox 174 1599 1841 1675">
     <span class='ocr_line' id='line_1_16' title="bbox 174 1599 1841 1675; baseline -0.001 -21"><span class='ocrx_word' id='word_1_119' title='bbox 174 1605 508 1675; x_wconf 79' lang='grc' dir='ltr'>κινημάτων;</span> <span class='ocrx_word' id='word_1_120' title='bbox 555 1599 791 1668; x_wconf 82' lang='lat' dir='ltr'>Quanto</span> <span class='ocrx_word' id='word_1_121' title='bbox 841 1600 1033 1670; x_wconf 87' lang='lat' dir='ltr'>magis</span> <span class='ocrx_word' id='word_1_122' title='bbox 1077 1600 1233 1655; x_wconf 88' lang='lat' dir='ltr'>idem</span> <span class='ocrx_word' id='word_1_123' title='bbox 1280 1599 1570 1655; x_wconf 81' lang='lat' dir='ltr'>vitabitur</span> <span class='ocrx_word' id='word_1_124' title='bbox 1616 1599 1668 1653; x_wconf 83' lang='lat' dir='ltr'>si</span> <span class='ocrx_word' id='word_1_125' title='bbox 1707 1599 1841 1668; x_wconf 82' lang='lat' dir='ltr'>quis</span> 
     </span>
    </p>
   </div>
   <div class='ocr_carea' id='block_1_17' title="bbox 174 1689 1840 1760">
    <p class='ocr_par' dir='ltr' id='par_1_17' title="bbox 174 1689 1840 1760">
     <span class='ocr_line' id='line_1_17' title="bbox 174 1689 1840 1760; baseline -0.003 -13"><span class='ocrx_word' id='word_1_126' title='bbox 174 1693 295 1748; x_wconf 86' lang='lat' dir='ltr'>sibi</span> <span class='ocrx_word' id='word_1_127' title='bbox 316 1692 505 1760; x_wconf 81' lang='lat' dir='ltr'>plane</span> <span class='ocrx_word' id='word_1_128' title='bbox 541 1689 938 1760; x_wconf 78' lang='lat' dir='ltr'>persuaserit,</span> <span class='ocrx_word' id='word_1_129' title='bbox 970 1704 1030 1744; x_wconf 92' lang='lat' dir='ltr'>se</span> <span class='ocrx_word' id='word_1_130' title='bbox 1059 1695 1328 1745; x_wconf 81' lang='lat' dir='ltr'>motuum</span> <span class='ocrx_word' id='word_1_131' title='bbox 1372 1704 1619 1744; x_wconf 89' lang='lat' dir='ltr'>suorum</span> <span class='ocrx_word' id='word_1_132' title='bbox 1649 1689 1840 1743; x_wconf 87' lang='lat' dir='ltr'>Deum</span> 
     </span>
    </p>
   </div>
   <div class='ocr_carea' id='block_1_18' title="bbox 175 1777 1911 1850">
    <p class='ocr_par' dir='ltr' id='par_1_18' title="bbox 175 1777 1911 1850">
     <span class='ocr_line' id='line_1_18' title="bbox 175 1777 1911 1850; baseline -0.003 -13"><span class='ocrx_word' id='word_1_133' title='bbox 175 1783 574 1850; x_wconf 85' lang='lat' dir='ltr'>inspectorem</span> <span class='ocrx_word' id='word_1_134' title='bbox 605 1779 824 1836; x_wconf 88' lang='lat' dir='ltr'>habere</span> <span class='ocrx_word' id='word_1_135' title='bbox 844 1782 870 1832; x_wconf 77' lang='lat'>.9</span> <span class='ocrx_word' id='word_1_136' title='bbox 903 1777 1084 1834; x_wconf 85' lang='lat' dir='ltr'>Plura</span> <span class='ocrx_word' id='word_1_137' title='bbox 1112 1778 1219 1850; x_wconf 88' lang='lat' dir='ltr'>qui</span> <span class='ocrx_word' id='word_1_138' title='bbox 1248 1777 1475 1846; x_wconf 91' lang='lat' dir='ltr'>volent,</span> <span class='ocrx_word' id='word_1_139' title='bbox 1501 1777 1700 1847; x_wconf 82' lang='lat' dir='ltr'><strong>legere</strong></span> <span class='ocrx_word' id='word_1_140' title='bbox 1730 1792 1838 1850; x_wconf 86' lang='lat' dir='ltr'>po-</span> <span class='ocrx_word' id='word_1_141' title='bbox 1870 1787 1911 1841; x_wconf 84' lang='grc' dir='ltr'><strong>Β</strong></span> 
     </span>
    </p>
   </div>
   <div class='ocr_carea' id='block_1_19' title="bbox 180 1869 1839 1940">
    <p class='ocr_par' dir='ltr' id='par_1_19' title="bbox 180 1869 1839 1940">
     <span class='ocr_line' id='line_1_19' title="bbox 180 1869 1839 1940; baseline -0.002 -14"><span class='ocrx_word' id='word_1_142' title='bbox 180 1876 382 1928; x_wconf 91' lang='lat' dir='ltr'>terunt</span> <span class='ocrx_word' id='word_1_143' title='bbox 413 1869 656 1940; x_wconf 86' lang='lat' dir='ltr'>regulas</span> <span class='ocrx_word' id='word_1_144' title='bbox 690 1872 812 1938; x_wconf 83' lang='lat'>132,</span> <span class='ocrx_word' id='word_1_145' title='bbox 863 1871 1154 1939; x_wconf 46' lang='grc'><strong>174,,199,</strong></span> <span class='ocrx_word' id='word_1_146' title='bbox 1197 1873 1324 1938; x_wconf 89' lang='grc'><strong>219,</strong></span> <span class='ocrx_word' id='word_1_147' title='bbox 1371 1872 1497 1937; x_wconf 86' lang='grc'><strong>233,</strong></span> <span class='ocrx_word' id='word_1_148' title='bbox 1542 1873 1668 1933; x_wconf 84' lang='grc'>261,</span> <span class='ocrx_word' id='word_1_149' title='bbox 1713 1872 1839 1935; x_wconf 77' lang='lat'>272,</span> 
     </span>
    </p>
   </div>
   <div class='ocr_carea' id='block_1_20' title="bbox 175 1953 1846 2031">
    <p class='ocr_par' dir='ltr' id='par_1_20' title="bbox 175 1953 1846 2031">
     <span class='ocr_line' id='line_1_20' title="bbox 175 1953 1846 2031; baseline -0.004 -15"><span class='ocrx_word' id='word_1_150' title='bbox 175 1965 285 2016; x_wconf 89' lang='grc'>296</span> <span class='ocrx_word' id='word_1_151' title='bbox 335 1966 391 2017; x_wconf 89' lang='lat' dir='ltr'>et</span> <span class='ocrx_word' id='word_1_152' title='bbox 437 1963 562 2016; x_wconf 88' lang='lat'>306.</span> <span class='ocrx_word' id='word_1_153' title='bbox 613 1960 750 2014; x_wconf 88' lang='lat' dir='ltr'>Jam</span> <span class='ocrx_word' id='word_1_154' title='bbox 795 1957 978 2013; x_wconf 83' lang='lat' dir='ltr'>velim</span> <span class='ocrx_word' id='word_1_155' title='bbox 1032 1973 1242 2014; x_wconf 83' lang='lat' dir='ltr'>secum</span> <span class='ocrx_word' id='word_1_156' title='bbox 1299 1963 1581 2031; x_wconf 80' lang='lat' dir='ltr'>reputent</span> <span class='ocrx_word' id='word_1_157' title='bbox 1625 1953 1846 2013; x_wconf 79' lang='lat' dir='ltr'>eruditi</span> 
     </span>
    </p>
   </div>
   <div class='ocr_carea' id='block_1_21' title="bbox 179 2047 1846 2120">
    <p class='ocr_par' dir='ltr' id='par_1_21' title="bbox 179 2047 1846 2120">
     <span class='ocr_line' id='line_1_21' title="bbox 179 2047 1846 2120; baseline -0.003 -13"><span class='ocrx_word' id='word_1_158' title='bbox 179 2051 480 2119; x_wconf 87' lang='lat' dir='ltr'>homines,</span> <span class='ocrx_word' id='word_1_159' title='bbox 512 2065 662 2106; x_wconf 91' lang='lat' dir='ltr'>num</span> <span class='ocrx_word' id='word_1_160' title='bbox 695 2047 1016 2104; x_wconf 87' lang='lat' dir='ltr'>verisimile</span> <span class='ocrx_word' id='word_1_161' title='bbox 1049 2047 1124 2103; x_wconf 93' lang='lat' dir='ltr'>sit</span> <span class='ocrx_word' id='word_1_162' title='bbox 1149 2053 1457 2104; x_wconf 85' lang='lat' dir='ltr'>auctorem</span> <span class='ocrx_word' id='word_1_163' title='bbox 1489 2047 1846 2120; x_wconf 89' lang='lat' dir='ltr'>quempiam</span> 
     </span>
    </p>
   </div>
   <div class='ocr_carea' id='block_1_22' title="bbox 181 2135 1890 2210">
    <p class='ocr_par' dir='ltr' id='par_1_22' title="bbox 181 2135 1890 2210">
     <span class='ocr_line' id='line_1_22' title="bbox 181 2135 1890 2210; baseline -0.002 -15"><span class='ocrx_word' id='word_1_164' title='bbox 181 2156 305 2197; x_wconf 91' lang='lat' dir='ltr'>uno</span> <span class='ocrx_word' id='word_1_165' title='bbox 343 2139 531 2196; x_wconf 90' lang='lat' dir='ltr'>verbo</span> <span class='ocrx_word' id='word_1_166' title='bbox 576 2138 657 2195; x_wconf 91' lang='lat' dir='ltr'>ad</span> <span class='ocrx_word' id='word_1_167' title='bbox 707 2137 941 2210; x_wconf 88' lang='lat' dir='ltr'>aliquid</span> <span class='ocrx_word' id='word_1_168' title='bbox 991 2135 1463 2207; x_wconf 89' lang='lat' dir='ltr'>signiﬁcandum</span> <span class='ocrx_word' id='word_1_169' title='bbox 1509 2137 1740 2209; x_wconf 90' lang='lat' dir='ltr'>passim</span> <span class='ocrx_word' id='word_1_170' title='bbox 1782 2136 1890 2192; x_wconf 67' lang='lat' dir='ltr'>in”</span> 
     </span>
    </p>
   </div>
   <div class='ocr_carea' id='block_1_23' title="bbox 185 2225 1846 2302">
    <p class='ocr_par' dir='ltr' id='par_1_23' title="bbox 185 2225 1846 2302">
     <span class='ocr_line' id='line_1_23' title="bbox 185 2225 1846 2302; baseline -0.002 -16"><span class='ocrx_word' id='word_1_171' title='bbox 185 2229 388 2302; x_wconf 88' lang='lat' dir='ltr'>aliquo</span> <span class='ocrx_word' id='word_1_172' title='bbox 432 2244 614 2301; x_wconf 90' lang='lat' dir='ltr'>opere</span> <span class='ocrx_word' id='word_1_173' title='bbox 667 2227 774 2295; x_wconf 87' lang='lat' dir='ltr'>uti,</span> <span class='ocrx_word' id='word_1_174' title='bbox 825 2226 932 2298; x_wconf 91' lang='lat' dir='ltr'>qui</span> <span class='ocrx_word' id='word_1_175' title='bbox 989 2231 1196 2282; x_wconf 90' lang='lat' dir='ltr'>tamen</span> <span class='ocrx_word' id='word_1_176' title='bbox 1246 2229 1464 2282; x_wconf 90' lang='lat' dir='ltr'>eodem</span> <span class='ocrx_word' id='word_1_177' title='bbox 1510 2225 1614 2282; x_wconf 91' lang='lat' dir='ltr'>illo</span> <span class='ocrx_word' id='word_1_178' title='bbox 1661 2227 1846 2283; x_wconf 89' lang='lat' dir='ltr'>verbo</span> 
     </span>
    </p>
   </div>
   <div class='ocr_carea' id='block_1_24' title="bbox 185 2315 1846 2391">
    <p class='ocr_par' dir='ltr' id='par_1_24' title="bbox 185 2315 1846 2391">
     <span class='ocr_line' id='line_1_24' title="bbox 185 2315 1846 2391; baseline -0.002 -17"><span class='ocrx_word' id='word_1_179' title='bbox 185 2334 507 2391; x_wconf 88' lang='lat' dir='ltr'>nunquam</span> <span class='ocrx_word' id='word_1_180' title='bbox 531 2320 736 2373; x_wconf 88' lang='lat' dir='ltr'>utatur</span> <span class='ocrx_word' id='word_1_181' title='bbox 754 2317 816 2372; x_wconf 91' lang='lat' dir='ltr'>in</span> <span class='ocrx_word' id='word_1_182' title='bbox 849 2315 968 2372; x_wconf 90' lang='lat' dir='ltr'>alio</span> <span class='ocrx_word' id='word_1_183' title='bbox 997 2315 1154 2372; x_wconf 89' lang='lat' dir='ltr'>libro</span> <span class='ocrx_word' id='word_1_184' title='bbox 1183 2315 1262 2372; x_wconf 91' lang='lat' dir='ltr'>ad</span> <span class='ocrx_word' id='word_1_185' title='bbox 1289 2315 1571 2372; x_wconf 85' lang='lat' dir='ltr'>eamdem</span> <span class='ocrx_word' id='word_1_186' title='bbox 1593 2331 1720 2371; x_wconf 90' lang='lat' dir='ltr'>rem</span> <span class='ocrx_word' id='word_1_187' title='bbox 1749 2331 1846 2371; x_wconf 91' lang='lat' dir='ltr'>ex-</span> 
     </span>
    </p>
   </div>
   <div class='ocr_carea' id='block_1_25' title="bbox 187 2402 1847 2479">
    <p class='ocr_par' dir='ltr' id='par_1_25' title="bbox 187 2402 1847 2479">
     <span class='ocr_line' id='line_1_25' title="bbox 187 2402 1847 2479; baseline -0.001 -17"><span class='ocrx_word' id='word_1_188' title='bbox 187 2407 579 2479; x_wconf 83' lang='lat' dir='ltr'>primendam,</span> <span class='ocrx_word' id='word_1_189' title='bbox 613 2406 879 2461; x_wconf 83' lang='lat' dir='ltr'>maxime</span> <span class='ocrx_word' id='word_1_190' title='bbox 912 2405 960 2460; x_wconf 92' lang='lat' dir='ltr'>si</span> <span class='ocrx_word' id='word_1_191' title='bbox 987 2420 1116 2460; x_wconf 88' lang='lat' dir='ltr'>rem</span> <span class='ocrx_word' id='word_1_192' title='bbox 1143 2402 1306 2460; x_wconf 86' lang='lat' dir='ltr'>illam</span> <span class='ocrx_word' id='word_1_193' title='bbox 1335 2404 1558 2476; x_wconf 70' lang='lat' dir='ltr'>saepius</span> <span class='ocrx_word' id='word_1_194' title='bbox 1589 2405 1847 2477; x_wconf 83' lang='lat' dir='ltr'>exprimi</span> 
     </span>
    </p>
   </div>
   <div class='ocr_carea' id='block_1_26' title="bbox 190 2493 1844 2569">
    <p class='ocr_par' dir='ltr' id='par_1_26' title="bbox 190 2493 1844 2569">
     <span class='ocr_line' id='line_1_26' title="bbox 190 2493 1844 2569; baseline -0.004 -16"><span class='ocrx_word' id='word_1_195' title='bbox 190 2497 540 2569; x_wconf 87' lang='lat' dir='ltr'>oportuerit.</span> <span class='ocrx_word' id='word_1_196' title='bbox 557 2499 617 2552; x_wconf 79' lang='lat' dir='ltr'>In</span> <span class='ocrx_word' id='word_1_197' title='bbox 640 2495 1185 2553; x_wconf 88' lang='lat' dir='ltr'>Constitutionibus</span> <span class='ocrx_word' id='word_1_198' title='bbox 1206 2498 1409 2550; x_wconf 91' lang='lat' dir='ltr'>autem</span> <span class='ocrx_word' id='word_1_199' title='bbox 1435 2493 1692 2550; x_wconf 87' lang='lat' dir='ltr'>verbum</span> <span class='ocrx_word' id='word_1_200' title='bbox 1713 2494 1844 2554; x_wconf 77' lang='grc' dir='ltr'>πλη-</span> 
     </span>
    </p>
   </div>
   <div class='ocr_carea' id='block_1_27' title="bbox 193 2585 1848 2661">
    <p class='ocr_par' dir='ltr' id='par_1_27' title="bbox 193 2585 1848 2661">
     <span class='ocr_line' id='line_1_27' title="bbox 193 2585 1848 2661; baseline 0.001 -22"><span class='ocrx_word' id='word_1_201' title='bbox 193 2589 434 2661; x_wconf 81' lang='grc' dir='ltr'>ροφορεὶν</span> <span class='ocrx_word' id='word_1_202' title='bbox 479 2601 783 2658; x_wconf 90' lang='lat' dir='ltr'>nusquam</span> <span class='ocrx_word' id='word_1_203' title='bbox 814 2585 1052 2656; x_wconf 87' lang='lat' dir='ltr'>legitur,</span> <span class='ocrx_word' id='word_1_204' title='bbox 1083 2599 1220 2640; x_wconf 90' lang='lat' dir='ltr'>cum</span> <span class='ocrx_word' id='word_1_205' title='bbox 1251 2588 1457 2640; x_wconf 91' lang='lat' dir='ltr'>tamen</span> <span class='ocrx_word' id='word_1_206' title='bbox 1503 2599 1714 2639; x_wconf 88' lang='lat' dir='ltr'>earum</span> <span class='ocrx_word' id='word_1_207' title='bbox 1745 2601 1848 2640; x_wconf 90' lang='lat' dir='ltr'>au-</span> 
     </span>
    </p>
   </div>
   <div class='ocr_carea' id='block_1_28' title="bbox 187 2672 1847 2744">
    <p class='ocr_par' dir='ltr' id='par_1_28' title="bbox 187 2672 1847 2744">
     <span class='ocr_line' id='line_1_28' title="bbox 187 2672 1847 2744; baseline -0.001 -14"><span class='ocrx_word' id='word_1_208' title='bbox 187 2680 317 2732; x_wconf 90' lang='lat' dir='ltr'>ctor</span> <span class='ocrx_word' id='word_1_209' title='bbox 345 2675 423 2731; x_wconf 89' lang='lat' dir='ltr'>ad</span> <span class='ocrx_word' id='word_1_210' title='bbox 445 2675 725 2731; x_wconf 87' lang='lat' dir='ltr'>eamdem</span> <span class='ocrx_word' id='word_1_211' title='bbox 745 2690 873 2730; x_wconf 92' lang='lat' dir='ltr'>rem</span> <span class='ocrx_word' id='word_1_212' title='bbox 898 2672 1374 2744; x_wconf 78' lang='lat' dir='ltr'>signiﬁcandam</span> <span class='ocrx_word' id='word_1_213' title='bbox 1391 2672 1512 2729; x_wconf 89' lang='lat' dir='ltr'>alio</span> <span class='ocrx_word' id='word_1_214' title='bbox 1533 2672 1721 2729; x_wconf 91' lang='lat' dir='ltr'>verbo</span> <span class='ocrx_word' id='word_1_215' title='bbox 1743 2688 1847 2729; x_wconf 70' lang='lat' dir='ltr'>saa-</span> 
     </span>
    </p>
   </div>
   <div class='ocr_carea' id='block_1_29' title="bbox 183 2759 1848 2838">
    <p class='ocr_par' dir='ltr' id='par_1_29' title="bbox 183 2759 1848 2838">
     <span class='ocr_line' id='line_1_29' title="bbox 183 2759 1848 2838; baseline -0.002 -20"><span class='ocrx_word' id='word_1_216' title='bbox 183 2766 324 2838; x_wconf 90' lang='lat' dir='ltr'>pius</span> <span class='ocrx_word' id='word_1_217' title='bbox 359 2781 503 2820; x_wconf 91' lang='lat' dir='ltr'>usus</span> <span class='ocrx_word' id='word_1_218' title='bbox 535 2768 628 2820; x_wconf 85' lang='lat' dir='ltr'>sit.</span> <span class='ocrx_word' id='word_1_219' title='bbox 660 2767 726 2820; x_wconf 91' lang='lat' dir='ltr'>Et</span> <span class='ocrx_word' id='word_1_220' title='bbox 766 2779 843 2820; x_wconf 93' lang='lat' dir='ltr'>ne</span> <span class='ocrx_word' id='word_1_221' title='bbox 872 2763 1012 2836; x_wconf 90' lang='lat' dir='ltr'>quis</span> <span class='ocrx_word' id='word_1_222' title='bbox 1038 2763 1100 2818; x_wconf 90' lang='lat' dir='ltr'>id</span> <span class='ocrx_word' id='word_1_223' title='bbox 1143 2767 1366 2818; x_wconf 90' lang='lat' dir='ltr'>temere</span> <span class='ocrx_word' id='word_1_224' title='bbox 1396 2761 1627 2817; x_wconf 80' lang='lat' dir='ltr'>dictum</span> <span class='ocrx_word' id='word_1_225' title='bbox 1666 2759 1848 2815; x_wconf 81' lang='lat' dir='ltr'>fuisse</span> 
     </span>
    </p>
   </div>
   <div class='ocr_carea' id='block_1_30' title="bbox 181 2849 1849 2927">
    <p class='ocr_par' dir='ltr' id='par_1_30' title="bbox 181 2849 1849 2927">
     <span class='ocr_line' id='line_1_30' title="bbox 181 2849 1849 2927; baseline -0.004 -17"><span class='ocrx_word' id='word_1_226' title='bbox 181 2854 498 2924; x_wconf 83' lang='lat' dir='ltr'>existimet,</span> <span class='ocrx_word' id='word_1_227' title='bbox 527 2854 664 2911; x_wconf 91' lang='lat' dir='ltr'>loca</span> <span class='ocrx_word' id='word_1_228' title='bbox 687 2853 975 2927; x_wconf 66' lang='lat' dir='ltr'>quaedam</span> <span class='ocrx_word' id='word_1_229' title='bbox 997 2851 1326 2918; x_wconf 88' lang='lat' dir='ltr'>adducam,</span> <span class='ocrx_word' id='word_1_230' title='bbox 1355 2850 1584 2924; x_wconf 91' lang='lat' dir='ltr'>quibus</span> <span class='ocrx_word' id='word_1_231' title='bbox 1616 2849 1849 2906; x_wconf 91' lang='lat' dir='ltr'>dubita-</span> 
     </span>
    </p>
   </div>
   <div class='ocr_carea' id='block_1_31' title="bbox 183 2940 1851 3016">
    <p class='ocr_par' dir='ltr' id='par_1_31' title="bbox 183 2940 1851 3016">
     <span class='ocr_line' id='line_1_31' title="bbox 183 2940 1851 3016; baseline -0.004 -16"><span class='ocrx_word' id='word_1_232' title='bbox 183 2944 267 3016; x_wconf 62' lang='lat' dir='ltr'>tio</span> <span class='ocrx_word' id='word_1_233' title='bbox 297 2944 494 3000; x_wconf 92' lang='lat' dir='ltr'>omnis</span> <span class='ocrx_word' id='word_1_234' title='bbox 537 2945 798 3001; x_wconf 84' lang='lat' dir='ltr'>tollatur.</span> <span class='ocrx_word' id='word_1_235' title='bbox 843 2947 1051 3015; x_wconf 86' lang='lat' dir='ltr'>Itaque</span> <span class='ocrx_word' id='word_1_236' title='bbox 1085 2940 1597 2999; x_wconf 79' lang='lat' dir='ltr'>Constitutionum</span> <span class='ocrx_word' id='word_1_237' title='bbox 1639 2944 1851 2996; x_wconf 90' lang='lat' dir='ltr'>auctor</span> 
     </span>
    </p>
   </div>
   <div class='ocr_carea' id='block_1_32' title="bbox 176 3027 1847 3107">
    <p class='ocr_par' dir='ltr' id='par_1_32' title="bbox 176 3027 1847 3107">
     <span class='ocr_line' id='line_1_32' title="bbox 176 3027 1847 3107; baseline -0.007 -16"><span class='ocrx_word' id='word_1_238' title='bbox 176 3035 266 3092; x_wconf 91' lang='lat' dir='ltr'>sic</span> <span class='ocrx_word' id='word_1_239' title='bbox 313 3035 582 3107; x_wconf 90' lang='lat' dir='ltr'>loquitur</span> <span class='ocrx_word' id='word_1_240' title='bbox 623 3037 782 3107; x_wconf 88' lang='lat' dir='ltr'>(cap.</span> <span class='ocrx_word' id='word_1_241' title='bbox 811 3035 866 3104; x_wconf 89' lang='lat'>9)</span> <span class='ocrx_word' id='word_1_242' title='bbox 914 3049 928 3088; x_wconf 90' lang='lat'><strong>:</strong></span> <span class='ocrx_word' id='word_1_243' title='bbox 980 3036 1186 3093; x_wconf 78' lang='grc' dir='ltr'>Γνόντες</span> <span class='ocrx_word' id='word_1_244' title='bbox 1235 3027 1294 3082; x_wconf 79' lang='grc' dir='ltr'>οὖ</span> <span class='ocrx_word' id='word_1_245' title='bbox 1342 3035 1436 3089; x_wconf 84' lang='grc' dir='ltr'>τὴν</span> <span class='ocrx_word' id='word_1_246' title='bbox 1487 3031 1702 3102; x_wconf 80' lang='grc' dir='ltr'>ζημίαν,</span> <span class='ocrx_word' id='word_1_247' title='bbox 1746 3032 1847 3102; x_wconf 80' lang='grc' dir='ltr'>φύ-</span> 
     </span>
    </p>
   </div>
   <div class='ocr_carea' id='block_1_33' title="bbox 1948 523 3606 601">
    <p class='ocr_par' dir='ltr' id='par_1_33' title="bbox 1948 523 3606 601">
     <span class='ocr_line' id='line_1_33' title="bbox 1948 523 3606 601; baseline 0.001 -21"><span class='ocrx_word' id='word_1_248' title='bbox 1948 523 2182 581; x_wconf 90' lang='lat' dir='ltr'>tionum</span> <span class='ocrx_word' id='word_1_249' title='bbox 2212 525 2361 583; x_wconf 89' lang='lat' dir='ltr'>locis</span> <span class='ocrx_word' id='word_1_250' title='bbox 2393 545 2642 583; x_wconf 91' lang='lat' dir='ltr'>usurum</span> <span class='ocrx_word' id='word_1_251' title='bbox 2675 529 2859 584; x_wconf 83' lang='lat' dir='ltr'>fuisse</span> <span class='ocrx_word' id='word_1_252' title='bbox 2890 533 3056 601; x_wconf 90' lang='lat' dir='ltr'>puto,</span> <span class='ocrx_word' id='word_1_253' title='bbox 3081 529 3249 601; x_wconf 88' lang='lat' dir='ltr'>quod</span> <span class='ocrx_word' id='word_1_254' title='bbox 3279 531 3465 586; x_wconf 90' lang='lat' dir='ltr'>verbo</span> <span class='ocrx_word' id='word_1_255' title='bbox 3494 534 3606 582; x_wconf 86' lang='grc' dir='ltr'>πεί-</span> 
     </span>
    </p>
   </div>
   <div class='ocr_carea' id='block_1_34' title="bbox 1953 614 3603 690">
    <p class='ocr_par' dir='ltr' id='par_1_34' title="bbox 1953 614 3603 690">
     <span class='ocr_line' id='line_1_34' title="bbox 1953 614 3603 690; baseline 0.006 -25"><span class='ocrx_word' id='word_1_256' title='bbox 1953 614 2136 667; x_wconf 87' lang='grc' dir='ltr'>θεσθαι</span> <span class='ocrx_word' id='word_1_257' title='bbox 2165 616 2249 671; x_wconf 91' lang='lat' dir='ltr'>uti</span> <span class='ocrx_word' id='word_1_258' title='bbox 2281 632 2406 672; x_wconf 93' lang='lat' dir='ltr'>non</span> <span class='ocrx_word' id='word_1_259' title='bbox 2439 617 2630 674; x_wconf 89' lang='lat' dir='ltr'>soleat</span> <span class='ocrx_word' id='word_1_260' title='bbox 2661 634 2770 690; x_wconf 88' lang='lat' dir='ltr'>pro</span> <span class='ocrx_word' id='word_1_261' title='bbox 2803 634 2898 685; x_wconf 93' lang='lat' dir='ltr'>eo,</span> <span class='ocrx_word' id='word_1_262' title='bbox 2930 618 3096 690; x_wconf 89' lang='lat' dir='ltr'>quod</span> <span class='ocrx_word' id='word_1_263' title='bbox 3129 625 3239 683; x_wconf 91' lang='lat' dir='ltr'>est,</span> <span class='ocrx_word' id='word_1_264' title='bbox 3273 627 3433 675; x_wconf 88' lang='lat' dir='ltr'>certo</span> <span class='ocrx_word' id='word_1_265' title='bbox 3472 634 3603 676; x_wconf 85' lang='lat' dir='ltr'>cre-</span> 
     </span>
    </p>
   </div>
   <div class='ocr_carea' id='block_1_35' title="bbox 1949 704 3606 776">
    <p class='ocr_par' dir='ltr' id='par_1_35' title="bbox 1949 704 3606 776">
     <span class='ocr_line' id='line_1_35' title="bbox 1949 704 3606 776; baseline 0.002 -17"><span class='ocrx_word' id='word_1_266' title='bbox 1949 704 2109 766; x_wconf 88' lang='lat' dir='ltr'>dere,</span> <span class='ocrx_word' id='word_1_267' title='bbox 2143 708 2637 774; x_wconf 87' lang='lat' dir='ltr'>autpersuaderi.</span> <span class='ocrx_word' id='word_1_268' title='bbox 2670 706 2958 762; x_wconf 90' lang='lat' dir='ltr'>Videntur</span> <span class='ocrx_word' id='word_1_269' title='bbox 2984 707 3166 776; x_wconf 88' lang='lat' dir='ltr'>igitur</span> <span class='ocrx_word' id='word_1_270' title='bbox 3193 707 3606 776; x_wconf 89' lang='lat' dir='ltr'>distinguendi</span> 
     </span>
    </p>
   </div>
   <div class='ocr_carea' id='block_1_36' title="bbox 1949 795 3604 872">
    <p class='ocr_par' dir='ltr' id='par_1_36' title="bbox 1949 795 3604 872">
     <span class='ocr_line' id='line_1_36' title="bbox 1949 795 3604 872; baseline -0.001 -23"><span class='ocrx_word' id='word_1_271' title='bbox 1949 811 2080 850; x_wconf 90' lang='lat' dir='ltr'>esse</span> <span class='ocrx_word' id='word_1_272' title='bbox 2109 795 2232 850; x_wconf 91' lang='lat' dir='ltr'>duo</span> <span class='ocrx_word' id='word_1_273' title='bbox 2264 802 2558 867; x_wconf 86' lang='lat' dir='ltr'>auctores,</span> <span class='ocrx_word' id='word_1_274' title='bbox 2593 813 2856 869; x_wconf 86' lang='lat' dir='ltr'>quorum</span> <span class='ocrx_word' id='word_1_275' title='bbox 2905 813 3065 852; x_wconf 89' lang='lat' dir='ltr'>unus</span> <span class='ocrx_word' id='word_1_276' title='bbox 3112 797 3301 852; x_wconf 87' lang='lat' dir='ltr'>verbo</span> <span class='ocrx_word' id='word_1_277' title='bbox 3339 797 3604 872; x_wconf 77' lang='grc' dir='ltr'>πληροφο-</span> 
     </span>
    </p>
   </div>
   <div class='ocr_carea' id='block_1_37' title="bbox 1947 884 3606 960">
    <p class='ocr_par' dir='ltr' id='par_1_37' title="bbox 1947 884 3606 960">
     <span class='ocr_line' id='line_1_37' title="bbox 1947 884 3606 960; baseline 0.004 -24"><span class='ocrx_word' id='word_1_278' title='bbox 1947 884 2156 959; x_wconf 83' lang='grc' dir='ltr'>ρεὶσθαι</span> <span class='ocrx_word' id='word_1_279' title='bbox 2181 887 2357 942; x_wconf 88' lang='lat' dir='ltr'>unice</span> <span class='ocrx_word' id='word_1_280' title='bbox 2401 887 2733 943; x_wconf 77' lang='lat' dir='ltr'>delectatus</span> <span class='ocrx_word' id='word_1_281' title='bbox 2781 888 2854 942; x_wconf 89' lang='lat' dir='ltr'>sit</span> <span class='ocrx_word' id='word_1_282' title='bbox 2879 887 2959 943; x_wconf 92' lang='lat' dir='ltr'>ad</span> <span class='ocrx_word' id='word_1_283' title='bbox 2987 887 3324 960; x_wconf 78' lang='lat' dir='ltr'>quamdam</span> <span class='ocrx_word' id='word_1_284' title='bbox 3355 904 3606 960; x_wconf 89' lang='lat' dir='ltr'>persua-</span> 
     </span>
    </p>
   </div>
   <div class='ocr_carea' id='block_1_38' title="bbox 1949 974 3606 1046">
    <p class='ocr_par' dir='ltr' id='par_1_38' title="bbox 1949 974 3606 1046">
     <span class='ocr_line' id='line_1_38' title="bbox 1949 974 3606 1046; baseline 0.002 -17"><span class='ocrx_word' id='word_1_285' title='bbox 1949 974 2182 1030; x_wconf 91' lang='lat' dir='ltr'>sionem</span> <span class='ocrx_word' id='word_1_286' title='bbox 2215 976 2701 1046; x_wconf 81' lang='lat' dir='ltr'>significandam,</span> <span class='ocrx_word' id='word_1_287' title='bbox 2731 977 2879 1032; x_wconf 91' lang='lat' dir='ltr'>alter</span> <span class='ocrx_word' id='word_1_288' title='bbox 2907 993 3048 1032; x_wconf 90' lang='lat' dir='ltr'>vero</span> <span class='ocrx_word' id='word_1_289' title='bbox 3070 977 3148 1032; x_wconf 91' lang='lat' dir='ltr'>ad</span> <span class='ocrx_word' id='word_1_290' title='bbox 3176 978 3455 1033; x_wconf 91' lang='lat' dir='ltr'>eamdem</span> <span class='ocrx_word' id='word_1_291' title='bbox 3477 993 3606 1032; x_wconf 91' lang='lat' dir='ltr'>rem</span> 
     </span>
    </p>
   </div>
   <div class='ocr_carea' id='block_1_39' title="bbox 1949 1065 3604 1139">
    <p class='ocr_par' dir='ltr' id='par_1_39' title="bbox 1949 1065 3604 1139">
     <span class='ocr_line' id='line_1_39' title="bbox 1949 1065 3604 1139; baseline 0.002 -19"><span class='ocrx_word' id='word_1_292' title='bbox 1949 1065 2410 1137; x_wconf 82' lang='lat' dir='ltr'>exprimendam</span> <span class='ocrx_word' id='word_1_293' title='bbox 2438 1067 2641 1137; x_wconf 89' lang='lat' dir='ltr'>potius</span> <span class='ocrx_word' id='word_1_294' title='bbox 2671 1066 2788 1122; x_wconf 90' lang='lat' dir='ltr'>alio</span> <span class='ocrx_word' id='word_1_295' title='bbox 2827 1067 3046 1139; x_wconf 90' lang='lat' dir='ltr'>quovis</span> <span class='ocrx_word' id='word_1_296' title='bbox 3075 1067 3264 1123; x_wconf 88' lang='lat' dir='ltr'>verbo</span> <span class='ocrx_word' id='word_1_297' title='bbox 3311 1084 3458 1122; x_wconf 91' lang='lat' dir='ltr'>usus</span> <span class='ocrx_word' id='word_1_298' title='bbox 3511 1067 3604 1123; x_wconf 91' lang='lat' dir='ltr'>sit.</span> 
     </span>
    </p>
   </div>
   <div class='ocr_carea' id='block_1_40' title="bbox 1953 1155 3607 1231">
    <p class='ocr_par' dir='ltr' id='par_1_40' title="bbox 1953 1155 3607 1231">
     <span class='ocr_line' id='line_1_40' title="bbox 1953 1155 3607 1231; baseline 0.001 -21"><span class='ocrx_word' id='word_1_299' title='bbox 1953 1155 2063 1210; x_wconf 90' lang='lat' dir='ltr'>Ubi</span> <span class='ocrx_word' id='word_1_300' title='bbox 2107 1160 2162 1210; x_wconf 91' lang='lat' dir='ltr'>et</span> <span class='ocrx_word' id='word_1_301' title='bbox 2194 1155 2345 1210; x_wconf 93' lang='lat' dir='ltr'>illud</span> <span class='ocrx_word' id='word_1_302' title='bbox 2390 1157 2589 1212; x_wconf 92' lang='lat' dir='ltr'>notari</span> <span class='ocrx_word' id='word_1_303' title='bbox 2637 1162 2856 1229; x_wconf 90' lang='lat' dir='ltr'>potest,</span> <span class='ocrx_word' id='word_1_304' title='bbox 2889 1173 3105 1212; x_wconf 90' lang='lat' dir='ltr'>vocem</span> <span class='ocrx_word' id='word_1_305' title='bbox 3148 1157 3474 1231; x_wconf 83' lang='grc' dir='ltr'>πληροφορία</span> <span class='ocrx_word' id='word_1_306' title='bbox 3503 1173 3607 1212; x_wconf 70' lang='lat' dir='ltr'>sae-</span> 
     </span>
    </p>
   </div>
   <div class='ocr_carea' id='block_1_41' title="bbox 1949 1243 3607 1318">
    <p class='ocr_par' dir='ltr' id='par_1_41' title="bbox 1949 1243 3607 1318">
     <span class='ocr_line' id='line_1_41' title="bbox 1949 1243 3607 1318; baseline 0.002 -20"><span class='ocrx_word' id='word_1_307' title='bbox 1949 1243 2199 1316; x_wconf 89' lang='lat' dir='ltr'>pissime</span> <span class='ocrx_word' id='word_1_308' title='bbox 2229 1261 2474 1317; x_wconf 86' lang='lat' dir='ltr'>quoque</span> <span class='ocrx_word' id='word_1_309' title='bbox 2505 1246 2563 1301; x_wconf 90' lang='lat' dir='ltr'>in</span> <span class='ocrx_word' id='word_1_310' title='bbox 2597 1245 2836 1316; x_wconf 84' lang='lat' dir='ltr'>Regulis</span> <span class='ocrx_word' id='word_1_311' title='bbox 2861 1251 2984 1301; x_wconf 89' lang='lat' dir='ltr'>tam</span> <span class='ocrx_word' id='word_1_312' title='bbox 3018 1246 3391 1316; x_wconf 88' lang='lat' dir='ltr'>longioribus</span> <span class='ocrx_word' id='word_1_313' title='bbox 3419 1262 3607 1318; x_wconf 89' lang='lat' dir='ltr'>quam</span> 
     </span>
    </p>
   </div>
   <div class='ocr_carea' id='block_1_42' title="bbox 1949 1333 3607 1408">
    <p class='ocr_par' dir='ltr' id='par_1_42' title="bbox 1949 1333 3607 1408">
     <span class='ocr_line' id='line_1_42' title="bbox 1949 1333 3607 1408; baseline 0.001 -20"><span class='ocrx_word' id='word_1_314' title='bbox 1949 1333 2330 1389; x_wconf 88' lang='lat' dir='ltr'>brevioribus</span> <span class='ocrx_word' id='word_1_315' title='bbox 2371 1334 2488 1404; x_wconf 87' lang='lat' dir='ltr'>legi</span> <span class='ocrx_word' id='word_1_316' title='bbox 2539 1352 2552 1390; x_wconf 92' lang='lat'><strong>:</strong></span> <span class='ocrx_word' id='word_1_317' title='bbox 2600 1351 2737 1408; x_wconf 68' lang='lat' dir='ltr'>quae</span> <span class='ocrx_word' id='word_1_318' title='bbox 2787 1340 2990 1392; x_wconf 90' lang='lat' dir='ltr'>tamen</span> <span class='ocrx_word' id='word_1_319' title='bbox 3041 1335 3228 1391; x_wconf 90' lang='lat' dir='ltr'>semel</span> <span class='ocrx_word' id='word_1_320' title='bbox 3259 1339 3496 1391; x_wconf 92' lang='lat' dir='ltr'>tantum</span> <span class='ocrx_word' id='word_1_321' title='bbox 3545 1335 3607 1390; x_wconf 91' lang='lat' dir='ltr'>in</span> 
     </span>
    </p>
   </div>
   <div class='ocr_carea' id='block_1_43' title="bbox 1951 1421 3608 1495">
    <p class='ocr_par' dir='ltr' id='par_1_43' title="bbox 1951 1421 3608 1495">
     <span class='ocr_line' id='line_1_43' title="bbox 1951 1421 3608 1495; baseline 0.001 -17"><span class='ocrx_word' id='word_1_322' title='bbox 1951 1421 2492 1478; x_wconf 89' lang='lat' dir='ltr'>Constitutionibus</span> <span class='ocrx_word' id='word_1_323' title='bbox 2522 1423 2844 1495; x_wconf 88' lang='lat' dir='ltr'>reperitur;</span> <span class='ocrx_word' id='word_1_324' title='bbox 2878 1439 2952 1478; x_wconf 85' lang='lat' dir='ltr'>ex</span> <span class='ocrx_word' id='word_1_325' title='bbox 2980 1439 3104 1495; x_wconf 92' lang='lat' dir='ltr'>quo</span> <span class='ocrx_word' id='word_1_326' title='bbox 3132 1422 3219 1490; x_wconf 86' lang='lat' dir='ltr'>ﬁt,</span> <span class='ocrx_word' id='word_1_327' title='bbox 3251 1429 3317 1479; x_wconf 91' lang='lat' dir='ltr'>ut</span> <span class='ocrx_word' id='word_1_328' title='bbox 3345 1423 3467 1479; x_wconf 92' lang='lat' dir='ltr'>duo</span> <span class='ocrx_word' id='word_1_329' title='bbox 3497 1440 3608 1479; x_wconf 83' lang='lat' dir='ltr'>au-</span> 
     </span>
    </p>
   </div>
   <div class='ocr_carea' id='block_1_44' title="bbox 1950 1509 3607 1584">
    <p class='ocr_par' dir='ltr' id='par_1_44' title="bbox 1950 1509 3607 1584">
     <span class='ocr_line' id='line_1_44' title="bbox 1950 1509 3607 1584; baseline 0 -20"><span class='ocrx_word' id='word_1_330' title='bbox 1950 1514 2142 1565; x_wconf 89' lang='lat' dir='ltr'>ctores</span> <span class='ocrx_word' id='word_1_331' title='bbox 2173 1509 2463 1579; x_wconf 90' lang='lat' dir='ltr'>distingui</span> <span class='ocrx_word' id='word_1_332' title='bbox 2493 1510 2778 1578; x_wconf 89' lang='lat' dir='ltr'>debeant,</span> <span class='ocrx_word' id='word_1_333' title='bbox 2812 1527 3077 1584; x_wconf 90' lang='lat' dir='ltr'>quorum</span> <span class='ocrx_word' id='word_1_334' title='bbox 3109 1512 3213 1566; x_wconf 90' lang='lat' dir='ltr'>uni</span> <span class='ocrx_word' id='word_1_335' title='bbox 3257 1527 3376 1567; x_wconf 89' lang='lat' dir='ltr'>vox</span> <span class='ocrx_word' id='word_1_336' title='bbox 3407 1511 3607 1584; x_wconf 84' lang='grc' dir='ltr'>πληρο-</span> 
     </span>
    </p>
   </div>
   <div class='ocr_carea' id='block_1_45' title="bbox 1951 1597 3610 1672">
    <p class='ocr_par' dir='ltr' id='par_1_45' title="bbox 1951 1597 3610 1672">
     <span class='ocr_line' id='line_1_45' title="bbox 1951 1597 3610 1672; baseline 0.004 -22"><span class='ocrx_word' id='word_1_337' title='bbox 1951 1602 2108 1672; x_wconf 84' lang='grc' dir='ltr'>φορία</span> <span class='ocrx_word' id='word_1_338' title='bbox 2146 1597 2226 1653; x_wconf 90' lang='lat' dir='ltr'>ita</span> <span class='ocrx_word' id='word_1_339' title='bbox 2271 1598 2585 1670; x_wconf 90' lang='lat' dir='ltr'>placuerit,</span> <span class='ocrx_word' id='word_1_340' title='bbox 2635 1605 2696 1656; x_wconf 90' lang='lat' dir='ltr'>ut</span> <span class='ocrx_word' id='word_1_341' title='bbox 2746 1616 2818 1656; x_wconf 89' lang='lat' dir='ltr'>ea</span> <span class='ocrx_word' id='word_1_342' title='bbox 2863 1600 3096 1672; x_wconf 90' lang='lat' dir='ltr'>passim</span> <span class='ocrx_word' id='word_1_343' title='bbox 3142 1606 3428 1670; x_wconf 87' lang='lat' dir='ltr'>uteretur,</span> <span class='ocrx_word' id='word_1_344' title='bbox 3459 1601 3610 1657; x_wconf 80' lang='lat' dir='ltr'>alter</span> 
     </span>
    </p>
   </div>
   <div class='ocr_carea' id='block_1_46' title="bbox 1951 1687 3606 1762">
    <p class='ocr_par' dir='ltr' id='par_1_46' title="bbox 1951 1687 3606 1762">
     <span class='ocr_line' id='line_1_46' title="bbox 1951 1687 3606 1762; baseline 0.002 -19"><span class='ocrx_word' id='word_1_345' title='bbox 1951 1703 2094 1743; x_wconf 91' lang='lat' dir='ltr'>vero</span> <span class='ocrx_word' id='word_1_346' title='bbox 2127 1687 2340 1744; x_wconf 87' lang='lat' dir='ltr'>eadem</span> <span class='ocrx_word' id='word_1_347' title='bbox 2376 1689 2564 1744; x_wconf 91' lang='lat' dir='ltr'>semel</span> <span class='ocrx_word' id='word_1_348' title='bbox 2597 1689 2894 1745; x_wconf 89' lang='lat' dir='ltr'>duntaxat</span> <span class='ocrx_word' id='word_1_349' title='bbox 2941 1689 3121 1762; x_wconf 89' lang='lat' dir='ltr'>quasi</span> <span class='ocrx_word' id='word_1_350' title='bbox 3170 1689 3415 1746; x_wconf 86' lang='lat' dir='ltr'>fortuito</span> <span class='ocrx_word' id='word_1_351' title='bbox 3457 1707 3606 1746; x_wconf 88' lang='lat' dir='ltr'>usus</span> 
     </span>
    </p>
   </div>
   <div class='ocr_carea' id='block_1_47' title="bbox 1955 1776 3612 1852">
    <p class='ocr_par' dir='ltr' id='par_1_47' title="bbox 1955 1776 3612 1852">
     <span class='ocr_line' id='line_1_47' title="bbox 1955 1776 3612 1852; baseline 0.001 -19"><span class='ocrx_word' id='word_1_352' title='bbox 1955 1777 2048 1833; x_wconf 92' lang='lat' dir='ltr'>sit.</span> <span class='ocrx_word' id='word_1_353' title='bbox 2079 1776 2262 1832; x_wconf 86' lang='lat' dir='ltr'>Multa</span> <span class='ocrx_word' id='word_1_354' title='bbox 2291 1777 2504 1834; x_wconf 92' lang='lat' dir='ltr'>omitto</span> <span class='ocrx_word' id='word_1_355' title='bbox 2535 1778 2768 1846; x_wconf 89' lang='lat' dir='ltr'>sciens;</span> <span class='ocrx_word' id='word_1_356' title='bbox 2801 1794 2913 1834; x_wconf 91' lang='lat' dir='ltr'>nec</span> <span class='ocrx_word' id='word_1_357' title='bbox 2953 1779 3112 1834; x_wconf 89' lang='lat' dir='ltr'>enim</span> <span class='ocrx_word' id='word_1_358' title='bbox 3138 1780 3334 1835; x_wconf 89' lang='lat' dir='ltr'>notari</span> <span class='ocrx_word' id='word_1_359' title='bbox 3363 1783 3612 1852; x_wconf 89' lang='lat' dir='ltr'>possent</span> 
     </span>
    </p>
   </div>
   <div class='ocr_carea' id='block_1_48' title="bbox 1954 1866 3610 1939">
    <p class='ocr_par' dir='ltr' id='par_1_48' title="bbox 1954 1866 3610 1939">
     <span class='ocr_line' id='line_1_48' title="bbox 1954 1866 3610 1939; baseline 0.001 -16"><span class='ocrx_word' id='word_1_360' title='bbox 1954 1867 2180 1933; x_wconf 89' lang='lat' dir='ltr'>omnia,</span> <span class='ocrx_word' id='word_1_361' title='bbox 2209 1867 2358 1938; x_wconf 90' lang='lat' dir='ltr'>quin</span> <span class='ocrx_word' id='word_1_362' title='bbox 2379 1866 2626 1922; x_wconf 62' lang='lat' dir='ltr'>taedium</span> <span class='ocrx_word' id='word_1_363' title='bbox 2660 1873 2839 1939; x_wconf 90' lang='lat' dir='ltr'>atque</span> <span class='ocrx_word' id='word_1_364' title='bbox 2863 1868 3108 1924; x_wconf 89' lang='lat' dir='ltr'>satietas</span> <span class='ocrx_word' id='word_1_365' title='bbox 3133 1868 3465 1924; x_wconf 80' lang='lat' dir='ltr'>afferretur.</span> <span class='ocrx_word' id='word_1_366' title='bbox 3495 1868 3610 1925; x_wconf 92' lang='lat' dir='ltr'>Sed</span> 
     </span>
    </p>
   </div>
   <div class='ocr_carea' id='block_1_49' title="bbox 1951 1955 3613 2030">
    <p class='ocr_par' dir='ltr' id='par_1_49' title="bbox 1951 1955 3613 2030">
     <span class='ocr_line' id='line_1_49' title="bbox 1951 1955 3613 2030; baseline 0.001 -19"><span class='ocrx_word' id='word_1_367' title='bbox 1951 1959 2160 2012; x_wconf 89' lang='lat' dir='ltr'>tamen</span> <span class='ocrx_word' id='word_1_368' title='bbox 2190 1955 2338 2011; x_wconf 90' lang='lat' dir='ltr'>illud</span> <span class='ocrx_word' id='word_1_369' title='bbox 2365 1957 2600 2012; x_wconf 91' lang='lat' dir='ltr'>silentio</span> <span class='ocrx_word' id='word_1_370' title='bbox 2631 1957 2936 2028; x_wconf 65' lang='lat' dir='ltr'>praeterire</span> <span class='ocrx_word' id='word_1_371' title='bbox 2963 1973 3088 2013; x_wconf 93' lang='lat' dir='ltr'>non</span> <span class='ocrx_word' id='word_1_372' title='bbox 3113 1973 3293 2030; x_wconf 90' lang='lat' dir='ltr'>queo,</span> <span class='ocrx_word' id='word_1_373' title='bbox 3321 1957 3613 2014; x_wconf 86' lang='lat' dir='ltr'>adverbia</span> 
     </span>
    </p>
   </div>
   <div class='ocr_carea' id='block_1_50' title="bbox 1953 2045 3612 2119">
    <p class='ocr_par' dir='ltr' id='par_1_50' title="bbox 1953 2045 3612 2119">
     <span class='ocr_line' id='line_1_50' title="bbox 1953 2045 3612 2119; baseline 0.003 -20"><span class='ocrx_word' id='word_1_374' title='bbox 1953 2045 2321 2117; x_wconf 66' lang='lat' dir='ltr'>quaedamin</span> <span class='ocrx_word' id='word_1_375' title='bbox 2348 2046 2588 2117; x_wconf 80' lang='lat' dir='ltr'>Regulis</span> <span class='ocrx_word' id='word_1_376' title='bbox 2614 2062 2736 2102; x_wconf 93' lang='lat' dir='ltr'>non</span> <span class='ocrx_word' id='word_1_377' title='bbox 2759 2062 2897 2102; x_wconf 90' lang='lat' dir='ltr'>raro</span> <span class='ocrx_word' id='word_1_378' title='bbox 2927 2047 3136 2118; x_wconf 67' lang='lat' dir='ltr'>praeire</span> <span class='ocrx_word' id='word_1_379' title='bbox 3168 2047 3612 2119; x_wconf 89' lang='lat' dir='ltr'>Scripturarum</span> 
     </span>
    </p>
   </div>
   <div class='ocr_carea' id='block_1_51' title="bbox 1955 2134 3613 2208">
    <p class='ocr_par' dir='ltr' id='par_1_51' title="bbox 1955 2134 3613 2208">
     <span class='ocr_line' id='line_1_51' title="bbox 1955 2134 3613 2208; baseline 0.001 -19"><span class='ocrx_word' id='word_1_380' title='bbox 1955 2134 2312 2191; x_wconf 87' lang='lat' dir='ltr'>testimoniis</span> <span class='ocrx_word' id='word_1_381' title='bbox 2347 2154 2358 2191; x_wconf 94' lang='lat'>:</span> <span class='ocrx_word' id='word_1_382' title='bbox 2393 2136 2498 2208; x_wconf 89' lang='lat' dir='ltr'>qui</span> <span class='ocrx_word' id='word_1_383' title='bbox 2529 2135 2959 2191; x_wconf 83' lang='lat' dir='ltr'>adverbiorum</span> <span class='ocrx_word' id='word_1_384' title='bbox 2999 2151 3144 2191; x_wconf 91' lang='lat' dir='ltr'>usus</span> <span class='ocrx_word' id='word_1_385' title='bbox 3181 2135 3383 2191; x_wconf 90' lang='lat' dir='ltr'>nullus</span> <span class='ocrx_word' id='word_1_386' title='bbox 3425 2142 3516 2192; x_wconf 89' lang='lat' dir='ltr'>est</span> <span class='ocrx_word' id='word_1_387' title='bbox 3550 2137 3613 2191; x_wconf 91' lang='lat' dir='ltr'>in</span> 
     </span>
    </p>
   </div>
   <div class='ocr_carea' id='block_1_52' title="bbox 1957 2221 3615 2294">
    <p class='ocr_par' dir='ltr' id='par_1_52' title="bbox 1957 2221 3615 2294">
     <span class='ocr_line' id='line_1_52' title="bbox 1957 2221 3615 2294; baseline 0 -14"><span class='ocrx_word' id='word_1_388' title='bbox 1957 2223 2528 2280; x_wconf 88' lang='lat' dir='ltr'>Constitutionibus.</span> <span class='ocrx_word' id='word_1_389' title='bbox 2571 2225 2754 2294; x_wconf 86' lang='lat' dir='ltr'>Magis</span> <span class='ocrx_word' id='word_1_390' title='bbox 2783 2241 2880 2280; x_wconf 90' lang='lat' dir='ltr'>res</span> <span class='ocrx_word' id='word_1_391' title='bbox 2909 2223 3296 2294; x_wconf 78' lang='lat' dir='ltr'>intelligetur,</span> <span class='ocrx_word' id='word_1_392' title='bbox 3325 2221 3372 2280; x_wconf 82' lang='lat' dir='ltr'>si</span> <span class='ocrx_word' id='word_1_393' title='bbox 3391 2241 3615 2280; x_wconf 82' lang='lat' dir='ltr'>.exem-</span> 
     </span>
    </p>
   </div>
   <div class='ocr_carea' id='block_1_53' title="bbox 1954 2311 3616 2385">
    <p class='ocr_par' dir='ltr' id='par_1_53' title="bbox 1954 2311 3616 2385">
     <span class='ocr_line' id='line_1_53' title="bbox 1954 2311 3616 2385; baseline 0.001 -18"><span class='ocrx_word' id='word_1_394' title='bbox 1954 2312 2056 2383; x_wconf 88' lang='lat' dir='ltr'>pla</span> <span class='ocrx_word' id='word_1_395' title='bbox 2087 2311 2293 2384; x_wconf 87' lang='lat' dir='ltr'>aliqua</span> <span class='ocrx_word' id='word_1_396' title='bbox 2324 2317 2767 2385; x_wconf 86' lang='lat' dir='ltr'>proponantur.</span> <span class='ocrx_word' id='word_1_397' title='bbox 2801 2313 3068 2368; x_wconf 86' lang='lat' dir='ltr'>Primum</span> <span class='ocrx_word' id='word_1_398' title='bbox 3106 2318 3311 2369; x_wconf 88' lang='lat' dir='ltr'>autem</span> <span class='ocrx_word' id='word_1_399' title='bbox 3355 2314 3616 2369; x_wconf 91' lang='lat' dir='ltr'>occurrit</span> 
     </span>
    </p>
   </div>
   <div class='ocr_carea' id='block_1_54' title="bbox 1954 2400 3612 2477">
    <p class='ocr_par' dir='ltr' id='par_1_54' title="bbox 1954 2400 3612 2477">
     <span class='ocr_line' id='line_1_54' title="bbox 1954 2400 3612 2477; baseline -0.001 -21"><span class='ocrx_word' id='word_1_400' title='bbox 1954 2400 2102 2457; x_wconf 92' lang='lat' dir='ltr'>illud</span> <span class='ocrx_word' id='word_1_401' title='bbox 2129 2401 2189 2457; x_wconf 92' lang='lat' dir='ltr'>in</span> <span class='ocrx_word' id='word_1_402' title='bbox 2211 2401 2448 2472; x_wconf 83' lang='lat' dir='ltr'>Regulis</span> <span class='ocrx_word' id='word_1_403' title='bbox 2471 2402 2805 2473; x_wconf 87' lang='lat' dir='ltr'>majoribus</span> <span class='ocrx_word' id='word_1_404' title='bbox 2834 2408 2979 2473; x_wconf 90' lang='lat' dir='ltr'>(reg.</span> <span class='ocrx_word' id='word_1_405' title='bbox 3005 2407 3057 2470; x_wconf 85' lang='lat'>5,</span> <span class='ocrx_word' id='word_1_406' title='bbox 3081 2418 3142 2458; x_wconf 93' lang='lat' dir='ltr'>n.</span> <span class='ocrx_word' id='word_1_407' title='bbox 3171 2404 3222 2474; x_wconf 90' lang='lat'>2)</span> <span class='ocrx_word' id='word_1_408' title='bbox 3248 2421 3260 2458; x_wconf 91' lang='lat'><strong>:</strong></span> <span class='ocrx_word' id='word_1_409' title='bbox 3285 2410 3386 2455; x_wconf 82' lang='grc' dir='ltr'>Τοῦ</span> <span class='ocrx_word' id='word_1_410' title='bbox 3415 2406 3612 2477; x_wconf 81' lang='grc' dir='ltr'>Κυρίου</span> 
     </span>
    </p>
   </div>
   <div class='ocr_carea' id='block_1_55' title="bbox 1957 2491 3614 2565">
    <p class='ocr_par' dir='ltr' id='par_1_55' title="bbox 1957 2491 3614 2565">
     <span class='ocr_line' id='line_1_55' title="bbox 1957 2491 3614 2565; baseline 0.004 -22"><span class='ocrx_word' id='word_1_411' title='bbox 1957 2493 2234 2565; x_wconf 86' lang='grc' dir='ltr'>ὁριστικῶς</span> <span class='ocrx_word' id='word_1_412' title='bbox 2266 2492 2518 2559; x_wconf 82' lang='grc' dir='ltr'>εἰπόντος,</span> <span class='ocrx_word' id='word_1_413' title='bbox 2565 2495 2646 2544; x_wconf 85' lang='grc' dir='ltr'>ὃτι</span> <span class='ocrx_word' id='word_1_414' title='bbox 2695 2492 2846 2544; x_wconf 73' lang='grc' dir='ltr'>Οὓτω</span> <span class='ocrx_word' id='word_1_415' title='bbox 2875 2498 2978 2554; x_wconf 84' lang='grc' dir='ltr'>πᾶς</span> <span class='ocrx_word' id='word_1_416' title='bbox 3021 2491 3074 2554; x_wconf 86' lang='grc' dir='ltr'>ἐξ</span> <span class='ocrx_word' id='word_1_417' title='bbox 3122 2495 3284 2565; x_wconf 77' lang='grc' dir='ltr'>ὑμῶν,</span> <span class='ocrx_word' id='word_1_418' title='bbox 3317 2496 3428 2548; x_wconf 92' lang='lat' dir='ltr'>etc.</span> <span class='ocrx_word' id='word_1_419' title='bbox 3464 2493 3614 2548; x_wconf 88' lang='lat' dir='ltr'>Cum</span> 
     </span>
    </p>
   </div>
   <div class='ocr_carea' id='block_1_56' title="bbox 1956 2583 3616 2652">
    <p class='ocr_par' dir='ltr' id='par_1_56' title="bbox 1956 2583 3616 2652">
     <span class='ocr_line' id='line_1_56' title="bbox 1956 2583 3616 2652; baseline -0.001 -14"><span class='ocrx_word' id='word_1_420' title='bbox 1956 2584 2246 2638; x_wconf 84' lang='lat' dir='ltr'>Dominus</span> <span class='ocrx_word' id='word_1_421' title='bbox 2295 2584 2486 2639; x_wconf 86' lang='lat' dir='ltr'>verbis</span> <span class='ocrx_word' id='word_1_422' title='bbox 2526 2583 2877 2639; x_wconf 84' lang='lat' dir='ltr'>decretoriis</span> <span class='ocrx_word' id='word_1_423' title='bbox 2921 2584 3169 2652; x_wconf 77' lang='lat' dir='ltr'>dixerit,</span> <span class='ocrx_word' id='word_1_424' title='bbox 3216 2605 3244 2633; x_wconf 88' lang='grc'><em>‹‹</em></span> <span class='ocrx_word' id='word_1_425' title='bbox 3277 2584 3378 2640; x_wconf 89' lang='lat' dir='ltr'>Sic</span> <span class='ocrx_word' id='word_1_426' title='bbox 3425 2583 3616 2638; x_wconf 88' lang='lat' dir='ltr'>omnis</span> 
     </span>
    </p>
   </div>
   <div class='ocr_carea' id='block_1_57' title="bbox 1957 2671 3616 2744">
    <p class='ocr_par' dir='ltr' id='par_1_57' title="bbox 1957 2671 3616 2744">
     <span class='ocr_line' id='line_1_57' title="bbox 1957 2671 3616 2744; baseline -0.003 -16"><span class='ocrx_word' id='word_1_427' title='bbox 1957 2685 2033 2728; x_wconf 72' lang='lat' dir='ltr'>ea:</span> <span class='ocrx_word' id='word_1_428' title='bbox 2063 2672 2249 2740; x_wconf 86' lang='lat' dir='ltr'>vobis,</span> <span class='ocrx_word' id='word_1_429' title='bbox 2277 2693 2306 2722; x_wconf 88' lang='lat'><strong>»</strong></span> <span class='ocrx_word' id='word_1_430' title='bbox 2355 2676 2466 2728; x_wconf 92' lang='lat' dir='ltr'>etc.</span> <span class='ocrx_word' id='word_1_431' title='bbox 2511 2674 2630 2728; x_wconf 87' lang='lat' dir='ltr'>Hoc</span> <span class='ocrx_word' id='word_1_432' title='bbox 2671 2673 2807 2744; x_wconf 89' lang='lat' dir='ltr'>ipso</span> <span class='ocrx_word' id='word_1_433' title='bbox 2849 2671 2910 2727; x_wconf 92' lang='lat' dir='ltr'>in</span> <span class='ocrx_word' id='word_1_434' title='bbox 2948 2671 3083 2728; x_wconf 93' lang='lat' dir='ltr'>loco</span> <span class='ocrx_word' id='word_1_435' title='bbox 3107 2671 3193 2728; x_wconf 91' lang='lat' dir='ltr'>ita</span> <span class='ocrx_word' id='word_1_436' title='bbox 3221 2671 3437 2742; x_wconf 79' lang='lat' dir='ltr'>legitur</span> <span class='ocrx_word' id='word_1_437' title='bbox 3468 2693 3481 2726; x_wconf 92' lang='lat'>:</span> <span class='ocrx_word' id='word_1_438' title='bbox 3517 2676 3616 2724; x_wconf 78' lang='grc' dir='ltr'>Καὶ</span> 
     </span>
    </p>
   </div>
   <div class='ocr_carea' id='block_1_58' title="bbox 1959 2759 3615 2834">
    <p class='ocr_par' dir='ltr' id='par_1_58' title="bbox 1959 2759 3615 2834">
     <span class='ocr_line' id='line_1_58' title="bbox 1959 2759 3615 2834; baseline 0.001 -21"><span class='ocrx_word' id='word_1_439' title='bbox 1959 2764 2034 2813; x_wconf 84' lang='grc' dir='ltr'>ἔτι</span> <span class='ocrx_word' id='word_1_440' title='bbox 2097 2759 2642 2834; x_wconf 77' lang='grc' dir='ltr'>ὃυσωπητικωτερον,</span> <span class='ocrx_word' id='word_1_441' title='bbox 2708 2764 2890 2824; x_wconf 81' lang='grc' dir='ltr'>Καθὼς</span> <span class='ocrx_word' id='word_1_442' title='bbox 2959 2761 3056 2834; x_wconf 74' lang='grc' dir='ltr'>ἐγὼ</span> <span class='ocrx_word' id='word_1_443' title='bbox 3108 2765 3201 2824; x_wconf 80' lang='grc' dir='ltr'>τὰς</span> <span class='ocrx_word' id='word_1_444' title='bbox 3263 2761 3465 2824; x_wconf 83' lang='grc' dir='ltr'>ἐντολὰς</span> <span class='ocrx_word' id='word_1_445' title='bbox 3523 2771 3615 2815; x_wconf 83' lang='grc' dir='ltr'>τοῦ</span> 
     </span>
    </p>
   </div>
   <div class='ocr_carea' id='block_1_59' title="bbox 1960 2853 3616 2926">
    <p class='ocr_par' dir='ltr' id='par_1_59' title="bbox 1960 2853 3616 2926">
     <span class='ocr_line' id='line_1_59' title="bbox 1960 2853 3616 2926; baseline 0.003 -22"><span class='ocrx_word' id='word_1_446' title='bbox 1960 2857 2164 2926; x_wconf 82' lang='grc' dir='ltr'>Πατρός</span> <span class='ocrx_word' id='word_1_447' title='bbox 2221 2872 2320 2925; x_wconf 81' lang='grc' dir='ltr'>μου</span> <span class='ocrx_word' id='word_1_448' title='bbox 2379 2857 2681 2925; x_wconf 76' lang='grc' dir='ltr'>τετήρηκα,</span> <span class='ocrx_word' id='word_1_449' title='bbox 2741 2857 2852 2908; x_wconf 84' lang='lat' dir='ltr'>etc.</span> <span class='ocrx_word' id='word_1_450' title='bbox 2905 2853 3022 2922; x_wconf 85' lang='lat' dir='ltr'>Et,</span> <span class='ocrx_word' id='word_1_451' title='bbox 3092 2853 3254 2925; x_wconf 90' lang='lat' dir='ltr'>quod</span> <span class='ocrx_word' id='word_1_452' title='bbox 3308 2854 3616 2923; x_wconf 82' lang='lat' dir='ltr'>efﬁcacius</span> 
     </span>
    </p>
   </div>
   <div class='ocr_carea' id='block_1_60' title="bbox 1960 2944 3622 3014">
    <p class='ocr_par' dir='ltr' id='par_1_60' title="bbox 1960 2944 3622 3014">
     <span class='ocr_line' id='line_1_60' title="bbox 1960 2944 3622 3014; baseline 0 -14"><span class='ocrx_word' id='word_1_453' title='bbox 1960 2944 2138 3000; x_wconf 91' lang='lat' dir='ltr'>etiam</span> <span class='ocrx_word' id='word_1_454' title='bbox 2165 2944 2353 3014; x_wconf 78' lang='lat' dir='ltr'>possit</span> <span class='ocrx_word' id='word_1_455' title='bbox 2381 2958 2766 3012; x_wconf 82' lang='lat' dir='ltr'>commovere,</span> <span class='ocrx_word' id='word_1_456' title='bbox 2803 2965 2830 2993; x_wconf 90' lang='lat'>«</span> <span class='ocrx_word' id='word_1_457' title='bbox 2857 2944 3028 3000; x_wconf 87' lang='lat' dir='ltr'>Sicut</span> <span class='ocrx_word' id='word_1_458' title='bbox 3055 2948 3111 3000; x_wconf 89' lang='lat' dir='ltr'>et</span> <span class='ocrx_word' id='word_1_459' title='bbox 3140 2959 3244 3014; x_wconf 90' lang='lat' dir='ltr'>ego</span> <span class='ocrx_word' id='word_1_460' title='bbox 3269 2945 3477 3000; x_wconf 85' lang='lat' dir='ltr'>Patris</span> <span class='ocrx_word' id='word_1_461' title='bbox 3503 2945 3622 3000; x_wconf 88' lang='lat' dir='ltr'>mei</span> 
     </span>
    </p>
   </div>
   <div class='ocr_carea' id='block_1_61' title="bbox 1952 3032 3616 3104">
    <p class='ocr_par' dir='ltr' id='par_1_61' title="bbox 1952 3032 3616 3104">
     <span class='ocr_line' id='line_1_61' title="bbox 1952 3032 3616 3104; baseline -0.001 -16"><span class='ocrx_word' id='word_1_462' title='bbox 1952 3039 2266 3103; x_wconf 71' lang='lat' dir='ltr'>praecepta</span> <span class='ocrx_word' id='word_1_463' title='bbox 2313 3033 2571 3096; x_wconf 90' lang='lat' dir='ltr'>servavi,</span> <span class='ocrx_word' id='word_1_464' title='bbox 2625 3053 2653 3082; x_wconf 85' lang='grc'><strong>››</strong></span> <span class='ocrx_word' id='word_1_465' title='bbox 2689 3037 2802 3088; x_wconf 89' lang='lat' dir='ltr'>etc.</span> <span class='ocrx_word' id='word_1_466' title='bbox 2846 3032 3156 3088; x_wconf 87' lang='lat' dir='ltr'>Consentit</span> <span class='ocrx_word' id='word_1_467' title='bbox 3201 3049 3342 3088; x_wconf 91' lang='lat' dir='ltr'>cum</span> <span class='ocrx_word' id='word_1_468' title='bbox 3379 3032 3450 3087; x_wconf 91' lang='lat' dir='ltr'>iis</span> <span class='ocrx_word' id='word_1_469' title='bbox 3479 3049 3616 3104; x_wconf 67' lang='lat' dir='ltr'>quae</span> 
     </span>
    </p>
   </div>
   <div class='ocr_carea' id='block_1_62' title="bbox 174 3120 1848 3198">
    <p class='ocr_par' dir='ltr' id='par_1_62' title="bbox 174 3120 1844 3198">
     <span class='ocr_line' id='line_1_62' title="bbox 174 3120 1844 3198; baseline -0.002 -21"><span class='ocrx_word' id='word_1_470' title='bbox 174 3143 349 3198; x_wconf 71' lang='grc' dir='ltr'>γωμεν</span> <span class='ocrx_word' id='word_1_471' title='bbox 380 3133 472 3186; x_wconf 81' lang='grc' dir='ltr'>τῆς</span> <span class='ocrx_word' id='word_1_472' title='bbox 504 3126 780 3196; x_wconf 65' lang='grc' dir='ltr'>ἐπιθυμίας</span> <span class='ocrx_word' id='word_1_473' title='bbox 803 3126 861 3176; x_wconf 86' lang='grc' dir='ltr'>τὸ</span> <span class='ocrx_word' id='word_1_474' title='bbox 891 3124 1107 3176; x_wconf 82' lang='grc' dir='ltr'>ἄτοπον.</span> <span class='ocrx_word' id='word_1_475' title='bbox 1141 3121 1398 3191; x_wconf 87' lang='lat' dir='ltr'>Cognito</span> <span class='ocrx_word' id='word_1_476' title='bbox 1427 3121 1632 3191; x_wconf 89' lang='lat' dir='ltr'>itaque</span> <span class='ocrx_word' id='word_1_477' title='bbox 1662 3120 1844 3175; x_wconf 83' lang='lat' dir='ltr'>detri-</span> 
     </span>
    </p>
   </div>
   <div class='ocr_carea' id='block_1_63' title="bbox 1957 3120 3615 3198">
    <p class='ocr_par' dir='ltr' id='par_1_63' title="bbox 1960 3120 3615 3194">
     <span class='ocr_line' id='line_1_63' title="bbox 1960 3120 3615 3194; baseline -0.002 -17"><span class='ocrx_word' id='word_1_478' title='bbox 1960 3121 2248 3188; x_wconf 85' lang='lat' dir='ltr'>diximus,</span> <span class='ocrx_word' id='word_1_479' title='bbox 2297 3121 2447 3177; x_wconf 88' lang='lat' dir='ltr'>illud</span> <span class='ocrx_word' id='word_1_480' title='bbox 2487 3126 2639 3193; x_wconf 90' lang='lat' dir='ltr'>(reg.</span> <span class='ocrx_word' id='word_1_481' title='bbox 2679 3125 2768 3190; x_wconf 81' lang='grc'><strong>37,</strong></span> <span class='ocrx_word' id='word_1_482' title='bbox 2799 3137 2860 3176; x_wconf 94' lang='lat' dir='ltr'>n.</span> <span class='ocrx_word' id='word_1_483' title='bbox 2894 3121 2968 3190; x_wconf 88' lang='lat'>2),</span> <span class='ocrx_word' id='word_1_484' title='bbox 3001 3129 3092 3173; x_wconf 83' lang='grc' dir='ltr'>τοῦ</span> <span class='ocrx_word' id='word_1_485' title='bbox 3116 3120 3434 3174; x_wconf 86' lang='grc' dir='ltr'>Ἀποστόλου</span> <span class='ocrx_word' id='word_1_486' title='bbox 3459 3141 3615 3194; x_wconf 71' lang='grc' dir='ltr'>φανει-</span> 
     </span>
    </p>
   </div>
   <div class='ocr_carea' id='block_1_64' title="bbox 175 3211 1847 3282">
    <p class='ocr_par' dir='ltr' id='par_1_64' title="bbox 175 3211 1847 3282">
     <span class='ocr_line' id='line_1_64' title="bbox 175 3211 1847 3282; baseline -0.002 -12"><span class='ocrx_word' id='word_1_487' title='bbox 175 3220 402 3282; x_wconf 88' lang='lat' dir='ltr'>mento,</span> <span class='ocrx_word' id='word_1_488' title='bbox 433 3215 592 3271; x_wconf 84' lang='lat' dir='ltr'>hanc</span> <span class='ocrx_word' id='word_1_489' title='bbox 620 3213 950 3271; x_wconf 88' lang='lat' dir='ltr'>absurdam</span> <span class='ocrx_word' id='word_1_490' title='bbox 990 3211 1334 3281; x_wconf 81' lang='lat' dir='ltr'>cupidinem</span> <span class='ocrx_word' id='word_1_491' title='bbox 1359 3211 1698 3280; x_wconf 82' lang='lat' dir='ltr'>fugiamus.</span> <span class='ocrx_word' id='word_1_492' title='bbox 1730 3213 1847 3266; x_wconf 87' lang='lat' dir='ltr'>Nec</span> 
     </span>
    </p>
   </div>
   <div class='ocr_carea' id='block_1_65' title="bbox 174 3297 1847 3372">
    <p class='ocr_par' dir='ltr' id='par_1_65' title="bbox 174 3297 1847 3372">
     <span class='ocr_line' id='line_1_65' title="bbox 174 3297 1847 3372; baseline -0.004 -14"><span class='ocrx_word' id='word_1_493' title='bbox 174 3306 262 3361; x_wconf 86' lang='lat' dir='ltr'>ita</span> <span class='ocrx_word' id='word_1_494' title='bbox 305 3303 501 3360; x_wconf 92' lang='lat' dir='ltr'>multo</span> <span class='ocrx_word' id='word_1_495' title='bbox 547 3303 708 3359; x_wconf 83' lang='lat' dir='ltr'>infra</span> <span class='ocrx_word' id='word_1_496' title='bbox 737 3304 821 3358; x_wconf 92' lang='lat' dir='ltr'>sic</span> <span class='ocrx_word' id='word_1_497' title='bbox 863 3301 1075 3358; x_wconf 89' lang='lat' dir='ltr'>scribit</span> <span class='ocrx_word' id='word_1_498' title='bbox 1115 3303 1275 3372; x_wconf 93' lang='lat' dir='ltr'>(cap.</span> <span class='ocrx_word' id='word_1_499' title='bbox 1312 3301 1402 3367; x_wconf 91' lang='grc'>16)</span> <span class='ocrx_word' id='word_1_500' title='bbox 1444 3316 1456 3354; x_wconf 92' lang='lat'><strong>:</strong></span> <span class='ocrx_word' id='word_1_501' title='bbox 1499 3297 1679 3357; x_wconf 68' lang='grc' dir='ltr'>Μηδὲν</span> <span class='ocrx_word' id='word_1_502' title='bbox 1719 3299 1847 3362; x_wconf 81' lang='grc' dir='ltr'>δλως</span> 
     </span>
    </p>
   </div>
   <div class='ocr_carea' id='block_1_66' title="bbox 173 3386 1848 3467">
    <p class='ocr_par' dir='ltr' id='par_1_66' title="bbox 173 3386 1848 3467">
     <span class='ocr_line' id='line_1_66' title="bbox 173 3386 1848 3467; baseline 0 -20"><span class='ocrx_word' id='word_1_503' title='bbox 173 3395 472 3467; x_wconf 81' lang='grc' dir='ltr'>κατορθοῦν</span> <span class='ocrx_word' id='word_1_504' title='bbox 503 3393 555 3457; x_wconf 80' lang='grc' dir='ltr'>ἐξ</span> <span class='ocrx_word' id='word_1_505' title='bbox 597 3394 790 3455; x_wconf 81' lang='grc' dir='ltr'>οἰκείας</span> <span class='ocrx_word' id='word_1_506' title='bbox 836 3391 1146 3463; x_wconf 74' lang='grc' dir='ltr'>λογιζομένη</span> <span class='ocrx_word' id='word_1_507' title='bbox 1201 3386 1488 3462; x_wconf 73' lang='grc' dir='ltr'>δυνάμεως,</span> <span class='ocrx_word' id='word_1_508' title='bbox 1524 3391 1684 3446; x_wconf 84' lang='lat' dir='ltr'>nihil</span> <span class='ocrx_word' id='word_1_509' title='bbox 1730 3406 1848 3448; x_wconf 84' lang='lat' dir='ltr'>om-</span> 
     </span>
    </p>
   </div>
   <div class='ocr_carea' id='block_1_67' title="bbox 173 3478 1851 3548">
    <p class='ocr_par' dir='ltr' id='par_1_67' title="bbox 173 3478 1851 3548">
     <span class='ocr_line' id='line_1_67' title="bbox 173 3478 1851 3548; baseline -0.005 -8"><span class='ocrx_word' id='word_1_510' title='bbox 173 3486 332 3540; x_wconf 84' lang='lat' dir='ltr'>nino</span> <span class='ocrx_word' id='word_1_511' title='bbox 383 3485 505 3538; x_wconf 86' lang='lat' dir='ltr'>suis</span> <span class='ocrx_word' id='word_1_512' title='bbox 561 3497 623 3538; x_wconf 90' lang='lat' dir='ltr'>se</span> <span class='ocrx_word' id='word_1_513' title='bbox 678 3481 906 3538; x_wconf 88' lang='lat' dir='ltr'>viribus</span> <span class='ocrx_word' id='word_1_514' title='bbox 959 3484 1121 3536; x_wconf 90' lang='lat' dir='ltr'>recte</span> <span class='ocrx_word' id='word_1_515' title='bbox 1165 3478 1371 3548; x_wconf 79' lang='lat' dir='ltr'>facere</span> <span class='ocrx_word' id='word_1_516' title='bbox 1427 3484 1618 3534; x_wconf 89' lang='lat' dir='ltr'>ratus.</span> <span class='ocrx_word' id='word_1_517' title='bbox 1673 3478 1851 3534; x_wconf 86' lang='lat' dir='ltr'>Paria</span> 
     </span>
    </p>
   </div>
   <div class='ocr_carea' id='block_1_68' title="bbox 175 3568 1844 3644">
    <p class='ocr_par' dir='ltr' id='par_1_68' title="bbox 175 3568 1844 3644">
     <span class='ocr_line' id='line_1_68' title="bbox 175 3568 1844 3644; baseline -0.005 -14"><span class='ocrx_word' id='word_1_518' title='bbox 175 3577 330 3630; x_wconf 88' lang='lat' dir='ltr'>sunt</span> <span class='ocrx_word' id='word_1_519' title='bbox 356 3587 496 3644; x_wconf 82' lang='lat' dir='ltr'>quae</span> <span class='ocrx_word' id='word_1_520' title='bbox 535 3569 720 3643; x_wconf 89' lang='lat' dir='ltr'>paulo</span> <span class='ocrx_word' id='word_1_521' title='bbox 763 3573 904 3642; x_wconf 89' lang='lat' dir='ltr'>post</span> <span class='ocrx_word' id='word_1_522' title='bbox 949 3568 1235 3638; x_wconf 91' lang='lat' dir='ltr'>leguntur</span> <span class='ocrx_word' id='word_1_523' title='bbox 1265 3568 1421 3637; x_wconf 88' lang='lat' dir='ltr'>(cap.</span> <span class='ocrx_word' id='word_1_524' title='bbox 1464 3570 1546 3636; x_wconf 84' lang='grc'>17,</span> <span class='ocrx_word' id='word_1_525' title='bbox 1580 3581 1642 3638; x_wconf 95' lang='lat' dir='ltr'>p.</span> <span class='ocrx_word' id='word_1_526' title='bbox 1672 3570 1796 3632; x_wconf 82' lang='lat'>560)</span> <span class='ocrx_word' id='word_1_527' title='bbox 1832 3583 1844 3621; x_wconf 91' lang='lat'>:</span> 
     </span>
    </p>
   </div>
   <div class='ocr_carea' id='block_1_69' title="bbox 172 3655 1850 3734">
    <p class='ocr_par' dir='ltr' id='par_1_69' title="bbox 172 3655 1850 3734">
     <span class='ocr_line' id='line_1_69' title="bbox 172 3655 1850 3734; baseline -0.005 -18"><span class='ocrx_word' id='word_1_528' title='bbox 172 3663 342 3719; x_wconf 87' lang='grc' dir='ltr'>Ἀλλὰ</span> <span class='ocrx_word' id='word_1_529' title='bbox 371 3662 684 3734; x_wconf 76' lang='grc' dir='ltr'>λογισαμένη</span> <span class='ocrx_word' id='word_1_530' title='bbox 716 3669 780 3734; x_wconf 75' lang='grc' dir='ltr'>τῇ</span> <span class='ocrx_word' id='word_1_531' title='bbox 830 3655 1071 3730; x_wconf 78' lang='grc' dir='ltr'>ἀναιδείᾳ</span> <span class='ocrx_word' id='word_1_532' title='bbox 1108 3665 1199 3709; x_wconf 83' lang='grc' dir='ltr'>τοῦ</span> <span class='ocrx_word' id='word_1_533' title='bbox 1239 3666 1300 3716; x_wconf 84' lang='grc' dir='ltr'>τῆ</span> <span class='ocrx_word' id='word_1_534' title='bbox 1312 3677 1333 3718; x_wconf 93' lang='grc' dir='ltr'>ς</span> <span class='ocrx_word' id='word_1_535' title='bbox 1363 3661 1616 3728; x_wconf 79' lang='grc' dir='ltr'>πονηρίας</span> <span class='ocrx_word' id='word_1_536' title='bbox 1645 3658 1850 3730; x_wconf 79' lang='grc' dir='ltr'>εὑρετοῦ</span> 
     </span>
    </p>
   </div>
   <div class='ocr_carea' id='block_1_70' title="bbox 175 3745 1854 3821">
    <p class='ocr_par' dir='ltr' id='par_1_70' title="bbox 175 3745 1854 3821">
     <span class='ocr_line' id='line_1_70' title="bbox 175 3745 1854 3821; baseline -0.005 -17"><span class='ocrx_word' id='word_1_537' title='bbox 175 3758 275 3813; x_wconf 80' lang='grc' dir='ltr'>τὴν</span> <span class='ocrx_word' id='word_1_538' title='bbox 307 3760 413 3804; x_wconf 89' lang='grc' dir='ltr'>τῶν</span> <span class='ocrx_word' id='word_1_539' title='bbox 467 3749 670 3803; x_wconf 87' lang='grc' dir='ltr'>ἀτόπων</span> <span class='ocrx_word' id='word_1_540' title='bbox 714 3749 913 3801; x_wconf 86' lang='grc' dir='ltr'>ἐννοιῶν</span> <span class='ocrx_word' id='word_1_541' title='bbox 962 3751 1250 3821; x_wconf 76' lang='grc' dir='ltr'>φαντασίαν</span> <span class='ocrx_word' id='word_1_542' title='bbox 1298 3747 1560 3817; x_wconf 74' lang='grc' dir='ltr'>γενέσθαι,</span> <span class='ocrx_word' id='word_1_543' title='bbox 1589 3751 1704 3802; x_wconf 85' lang='lat' dir='ltr'>etc.</span> <span class='ocrx_word' id='word_1_544' title='bbox 1735 3745 1854 3801; x_wconf 87' lang='lat' dir='ltr'>Sed</span> 
     </span>
    </p>
   </div>
   <div class='ocr_carea' id='block_1_71' title="bbox 177 3836 1850 3912">
    <p class='ocr_par' dir='ltr' id='par_1_71' title="bbox 177 3836 1850 3912">
     <span class='ocr_line' id='line_1_71' title="bbox 177 3836 1850 3912; baseline -0.006 -11"><span class='ocrx_word' id='word_1_545' title='bbox 177 3842 350 3901; x_wconf 85' lang='lat' dir='ltr'>illud</span> <span class='ocrx_word' id='word_1_546' title='bbox 377 3856 575 3898; x_wconf 88' lang='lat' dir='ltr'>secum</span> <span class='ocrx_word' id='word_1_547' title='bbox 601 3842 894 3912; x_wconf 85' lang='lat' dir='ltr'>cogitans,</span> <span class='ocrx_word' id='word_1_548' title='bbox 936 3839 1011 3895; x_wconf 90' lang='lat' dir='ltr'>ab</span> <span class='ocrx_word' id='word_1_549' title='bbox 1051 3836 1398 3906; x_wconf 88' lang='lat' dir='ltr'>impudente</span> <span class='ocrx_word' id='word_1_550' title='bbox 1425 3836 1532 3890; x_wconf 93' lang='lat' dir='ltr'>illo</span> <span class='ocrx_word' id='word_1_551' title='bbox 1571 3837 1850 3907; x_wconf 71' lang='lat' dir='ltr'>nequitiae</span> 
     </span>
    </p>
   </div>
   <div class='ocr_carea' id='block_1_72' title="bbox 177 3927 1852 3998">
    <p class='ocr_par' dir='ltr' id='par_1_72' title="bbox 177 3927 1852 3998">
     <span class='ocr_line' id='line_1_72' title="bbox 177 3927 1852 3998; baseline -0.005 -7"><span class='ocrx_word' id='word_1_552' title='bbox 177 3937 501 3991; x_wconf 87' lang='lat' dir='ltr'>inventore</span> <span class='ocrx_word' id='word_1_553' title='bbox 546 3931 954 3988; x_wconf 88' lang='lat' dir='ltr'>absurdarum</span> <span class='ocrx_word' id='word_1_554' title='bbox 995 3927 1429 3998; x_wconf 84' lang='lat' dir='ltr'>cogitationum</span> <span class='ocrx_word' id='word_1_555' title='bbox 1466 3927 1716 3994; x_wconf 89' lang='lat' dir='ltr'>speciem</span> <span class='ocrx_word' id='word_1_556' title='bbox 1745 3927 1852 3983; x_wconf 90' lang='lat' dir='ltr'>im-</span> 
     </span>
    </p>
   </div>
   <div class='ocr_carea' id='block_1_73' title="bbox 175 4015 1854 4098">
    <p class='ocr_par' dir='ltr' id='par_1_73' title="bbox 175 4015 1854 4098">
     <span class='ocr_line' id='line_1_73' title="bbox 175 4015 1854 4098; baseline -0.006 -16"><span class='ocrx_word' id='word_1_557' title='bbox 175 4024 409 4098; x_wconf 84' lang='lat' dir='ltr'>primi,</span> <span class='ocrx_word' id='word_1_558' title='bbox 467 4026 579 4078; x_wconf 91' lang='lat' dir='ltr'>etc.</span> <span class='ocrx_word' id='word_1_559' title='bbox 636 4020 892 4077; x_wconf 84' lang='lat' dir='ltr'>Maxime</span> <span class='ocrx_word' id='word_1_560' title='bbox 951 4016 1294 4074; x_wconf 91' lang='lat' dir='ltr'>notandum</span> <span class='ocrx_word' id='word_1_561' title='bbox 1345 4015 1514 4088; x_wconf 90' lang='lat' dir='ltr'>quod</span> <span class='ocrx_word' id='word_1_562' title='bbox 1583 4015 1854 4088; x_wconf 89' lang='lat' dir='ltr'>sequitur</span> 
     </span>
    </p>
   </div>
   <div class='ocr_carea' id='block_1_74' title="bbox 176 4105 1853 4187">
    <p class='ocr_par' dir='ltr' id='par_1_74' title="bbox 176 4105 1853 4187">
     <span class='ocr_line' id='line_1_74' title="bbox 176 4105 1853 4187; baseline -0.01 -14"><span class='ocrx_word' id='word_1_563' title='bbox 176 4116 349 4187; x_wconf 88' lang='lat' dir='ltr'>(cap.</span> <span class='ocrx_word' id='word_1_564' title='bbox 396 4116 482 4181; x_wconf 86' lang='lat'>19,</span> <span class='ocrx_word' id='word_1_565' title='bbox 513 4127 575 4184; x_wconf 89' lang='lat' dir='ltr'>p.</span> <span class='ocrx_word' id='word_1_566' title='bbox 605 4112 734 4180; x_wconf 76' lang='lat'>563)</span> <span class='ocrx_word' id='word_1_567' title='bbox 770 4127 783 4166; x_wconf 89' lang='lat'>:</span> <span class='ocrx_word' id='word_1_568' title='bbox 821 4108 996 4180; x_wconf 84' lang='grc' dir='ltr'>Ηολλῳ</span> <span class='ocrx_word' id='word_1_569' title='bbox 1025 4105 1215 4181; x_wconf 81' lang='grc' dir='ltr'>μᾶλλον</span> <span class='ocrx_word' id='word_1_570' title='bbox 1251 4107 1299 4157; x_wconf 83' lang='grc' dir='ltr'>οἱ</span> <span class='ocrx_word' id='word_1_571' title='bbox 1336 4107 1466 4178; x_wconf 85' lang='grc' dir='ltr'>πρὸς</span> <span class='ocrx_word' id='word_1_572' title='bbox 1496 4109 1590 4162; x_wconf 77' lang='grc' dir='ltr'>την</span> <span class='ocrx_word' id='word_1_573' title='bbox 1619 4107 1853 4177; x_wconf 80' lang='grc' dir='ltr'>μάθησιν</span> 
     </span>
    </p>
   </div>
   <div class='ocr_carea' id='block_1_75' title="bbox 177 4193 1854 4267">
    <p class='ocr_par' dir='ltr' id='par_1_75' title="bbox 177 4193 1854 4267">
     <span class='ocr_line' id='line_1_75' title="bbox 177 4193 1854 4267; baseline -0.008 -11"><span class='ocrx_word' id='word_1_574' title='bbox 177 4213 276 4267; x_wconf 84' lang='grc' dir='ltr'>τῆς</span> <span class='ocrx_word' id='word_1_575' title='bbox 310 4200 580 4263; x_wconf 76' lang='grc' dir='ltr'>εὐσεϐείας</span> <span class='ocrx_word' id='word_1_576' title='bbox 610 4206 820 4261; x_wconf 79' lang='grc' dir='ltr'>καὶτῆς</span> <span class='ocrx_word' id='word_1_577' title='bbox 851 4199 1127 4258; x_wconf 81' lang='grc' dir='ltr'>ὁσιότητος</span> <span class='ocrx_word' id='word_1_578' title='bbox 1173 4193 1555 4267; x_wconf 78' lang='grc' dir='ltr'>ἀφικνούμενοι,</span> <span class='ocrx_word' id='word_1_579' title='bbox 1589 4194 1730 4258; x_wconf 77' lang='grc' dir='ltr'>ἅπαξ</span> <span class='ocrx_word' id='word_1_580' title='bbox 1758 4214 1854 4248; x_wconf 86' lang='grc' dir='ltr'>πε-</span> 
     </span>
    </p>
   </div>
   <div class='ocr_carea' id='block_1_76' title="bbox 178 4284 1860 4357">
    <p class='ocr_par' dir='ltr' id='par_1_76' title="bbox 178 4284 1860 4357">
     <span class='ocr_line' id='line_1_76' title="bbox 178 4284 1860 4357; baseline -0.005 -8"><span class='ocrx_word' id='word_1_581' title='bbox 178 4299 422 4354; x_wconf 88' lang='grc' dir='ltr'>πεικότες</span> <span class='ocrx_word' id='word_1_582' title='bbox 450 4290 662 4352; x_wconf 78' lang='grc' dir='ltr'>ἑαυτοὺς</span> <span class='ocrx_word' id='word_1_583' title='bbox 690 4291 770 4342; x_wconf 84' lang='grc' dir='ltr'>ὅτι</span> <span class='ocrx_word' id='word_1_584' title='bbox 798 4285 1140 4354; x_wconf 76' lang='grc' dir='ltr'>δυνήσονται,</span> <span class='ocrx_word' id='word_1_585' title='bbox 1164 4291 1277 4342; x_wconf 90' lang='lat' dir='ltr'>etc.</span> <span class='ocrx_word' id='word_1_586' title='bbox 1307 4285 1502 4340; x_wconf 82' lang='lat' dir='ltr'>Multo</span> <span class='ocrx_word' id='word_1_587' title='bbox 1531 4284 1724 4354; x_wconf 88' lang='lat' dir='ltr'>magis</span> <span class='ocrx_word' id='word_1_588' title='bbox 1754 4285 1860 4357; x_wconf 84' lang='lat' dir='ltr'>qui</span> 
     </span>
    </p>
   </div>
   <div class='ocr_carea' id='block_1_77' title="bbox 181 4374 1854 4450">
    <p class='ocr_par' dir='ltr' id='par_1_77' title="bbox 181 4374 1854 4450">
     <span class='ocr_line' id='line_1_77' title="bbox 181 4374 1854 4450; baseline -0.008 -7"><span class='ocrx_word' id='word_1_589' title='bbox 181 4386 265 4443; x_wconf 90' lang='lat' dir='ltr'>ad</span> <span class='ocrx_word' id='word_1_590' title='bbox 305 4382 657 4440; x_wconf 89' lang='lat' dir='ltr'>discendam</span> <span class='ocrx_word' id='word_1_591' title='bbox 681 4380 926 4450; x_wconf 87' lang='lat' dir='ltr'>pietatis</span> <span class='ocrx_word' id='word_1_592' title='bbox 971 4375 1432 4446; x_wconf 88' lang='lat' dir='ltr'>&#39;sanctitatisque</span> <span class='ocrx_word' id='word_1_593' title='bbox 1475 4374 1854 4446; x_wconf 87' lang='lat' dir='ltr'>disciplinam</span> 
     </span>
    </p>
   </div>
   <div class='ocr_carea' id='block_1_78' title="bbox 1958 3208 3614 3286">
    <p class='ocr_par' dir='ltr' id='par_1_78' title="bbox 1958 3208 3614 3286">
     <span class='ocr_line' id='line_1_78' title="bbox 1958 3208 3614 3286; baseline -0.001 -22"><span class='ocrx_word' id='word_1_594' title='bbox 1958 3221 2060 3285; x_wconf 83' lang='grc' dir='ltr'>ρῶς</span> <span class='ocrx_word' id='word_1_595' title='bbox 2090 3211 2554 3286; x_wconf 73' lang='grc' dir='ltr'>παραγγέλλοντος,</span> <span class='ocrx_word' id='word_1_596' title='bbox 2596 3215 2681 3263; x_wconf 88' lang='grc' dir='ltr'>τὸν</span> <span class='ocrx_word' id='word_1_597' title='bbox 2725 3216 2796 3284; x_wconf 82' lang='grc' dir='ltr'>μὴ</span> <span class='ocrx_word' id='word_1_598' title='bbox 2849 3209 3207 3284; x_wconf 79' lang='grc' dir='ltr'>ἐργαζόμενον,</span> <span class='ocrx_word' id='word_1_599' title='bbox 3235 3208 3374 3284; x_wconf 73' lang='grc' dir='ltr'>μηδὲ</span> <span class='ocrx_word' id='word_1_600' title='bbox 3405 3210 3614 3279; x_wconf 86' lang='grc' dir='ltr'>ἐσθίειν,</span> 
     </span>
    </p>
   </div>
   <div class='ocr_carea' id='block_1_79' title="bbox 1959 3301 3617 3373">
    <p class='ocr_par' dir='ltr' id='par_1_79' title="bbox 1959 3301 3617 3373">
     <span class='ocr_line' id='line_1_79' title="bbox 1959 3301 3617 3373; baseline -0.001 -14"><span class='ocrx_word' id='word_1_601' title='bbox 1959 3318 2092 3359; x_wconf 88' lang='lat' dir='ltr'>cum</span> <span class='ocrx_word' id='word_1_602' title='bbox 2137 3303 2462 3371; x_wconf 84' lang='lat' dir='ltr'>Apostolus</span> <span class='ocrx_word' id='word_1_603' title='bbox 2505 3307 2715 3370; x_wconf 89' lang='lat' dir='ltr'>aperte</span> <span class='ocrx_word' id='word_1_604' title='bbox 2760 3301 3102 3371; x_wconf 67' lang='lat' dir='ltr'>praecipiat,</span> <span class='ocrx_word' id='word_1_605' title='bbox 3133 3307 3198 3356; x_wconf 90' lang='lat' dir='ltr'>ut</span> <span class='ocrx_word' id='word_1_606' title='bbox 3238 3303 3346 3373; x_wconf 89' lang='lat' dir='ltr'>qui</span> <span class='ocrx_word' id='word_1_607' title='bbox 3379 3318 3500 3357; x_wconf 88' lang='lat' dir='ltr'>non</span> <span class='ocrx_word' id='word_1_608' title='bbox 3531 3303 3617 3358; x_wconf 79' lang='lat' dir='ltr'>la-</span> 
     </span>
    </p>
   </div>
   <div class='ocr_carea' id='block_1_80' title="bbox 1959 3390 3618 3463">
    <p class='ocr_par' dir='ltr' id='par_1_80' title="bbox 1959 3390 3618 3463">
     <span class='ocr_line' id='line_1_80' title="bbox 1959 3390 3618 3463; baseline 0.001 -17"><span class='ocrx_word' id='word_1_609' title='bbox 1959 3391 2149 3460; x_wconf 84' lang='lat' dir='ltr'>borat,</span> <span class='ocrx_word' id='word_1_610' title='bbox 2181 3406 2370 3463; x_wconf 86' lang='lat' dir='ltr'>neque</span> <span class='ocrx_word' id='word_1_611' title='bbox 2401 3393 2581 3447; x_wconf 92' lang='lat' dir='ltr'>etiam</span> <span class='ocrx_word' id='word_1_612' title='bbox 2619 3391 2962 3447; x_wconf 89' lang='lat' dir='ltr'>manducet.</span> <span class='ocrx_word' id='word_1_613' title='bbox 2997 3390 3286 3446; x_wconf 92' lang='lat' dir='ltr'>Eamdem</span> <span class='ocrx_word' id='word_1_614' title='bbox 3313 3390 3618 3448; x_wconf 88' lang='lat' dir='ltr'>scribendi</span> 
     </span>
    </p>
   </div>
   <div class='ocr_carea' id='block_1_81' title="bbox 1957 3479 3618 3550">
    <p class='ocr_par' dir='ltr' id='par_1_81' title="bbox 1957 3479 3618 3550">
     <span class='ocr_line' id='line_1_81' title="bbox 1957 3479 3618 3550; baseline 0.001 -15"><span class='ocrx_word' id='word_1_615' title='bbox 1957 3479 2257 3536; x_wconf 91' lang='lat' dir='ltr'>rationem</span> <span class='ocrx_word' id='word_1_616' title='bbox 2289 3484 2533 3535; x_wconf 92' lang='lat' dir='ltr'>secutus</span> <span class='ocrx_word' id='word_1_617' title='bbox 2563 3483 2775 3535; x_wconf 89' lang='lat' dir='ltr'>auctor</span> <span class='ocrx_word' id='word_1_618' title='bbox 2813 3479 2874 3534; x_wconf 92' lang='lat' dir='ltr'>in</span> <span class='ocrx_word' id='word_1_619' title='bbox 2922 3480 3165 3550; x_wconf 86' lang='lat' dir='ltr'>Regulis</span> <span class='ocrx_word' id='word_1_620' title='bbox 3214 3479 3618 3546; x_wconf 85' lang='lat' dir='ltr'>brevioribus,</span> 
     </span>
    </p>
   </div>
   <div class='ocr_carea' id='block_1_82' title="bbox 1959 3565 3618 3644">
    <p class='ocr_par' dir='ltr' id='par_1_82' title="bbox 1959 3565 3618 3644">
     <span class='ocr_line' id='line_1_82' title="bbox 1959 3565 3618 3644; baseline -0.001 -21"><span class='ocrx_word' id='word_1_621' title='bbox 1959 3568 2044 3624; x_wconf 92' lang='lat' dir='ltr'>ita</span> <span class='ocrx_word' id='word_1_622' title='bbox 2088 3568 2326 3639; x_wconf 75' lang='lat' dir='ltr'>scripsit</span> <span class='ocrx_word' id='word_1_623' title='bbox 2370 3572 2517 3637; x_wconf 90' lang='lat' dir='ltr'>(reg.</span> <span class='ocrx_word' id='word_1_624' title='bbox 2553 3572 2643 3635; x_wconf 78' lang='grc'>47)</span> <span class='ocrx_word' id='word_1_625' title='bbox 2680 3585 2693 3622; x_wconf 89' lang='lat'>:</span> <span class='ocrx_word' id='word_1_626' title='bbox 2725 3567 2927 3620; x_wconf 77' lang='grc' dir='ltr'>Ἠλίκον</span> <span class='ocrx_word' id='word_1_627' title='bbox 2978 3565 3038 3620; x_wconf 73' lang='grc' dir='ltr'>δέ</span> <span class='ocrx_word' id='word_1_628' title='bbox 3085 3568 3199 3621; x_wconf 79' lang='grc' dir='ltr'>ἐστι</span> <span class='ocrx_word' id='word_1_629' title='bbox 3228 3573 3286 3621; x_wconf 89' lang='grc' dir='ltr'>τό</span> <span class='ocrx_word' id='word_1_630' title='bbox 3333 3575 3498 3644; x_wconf 86' lang='grc' dir='ltr'>κρίμα</span> <span class='ocrx_word' id='word_1_631' title='bbox 3526 3578 3618 3622; x_wconf 85' lang='grc' dir='ltr'>τοῦ</span> 
     </span>
    </p>
   </div>
   <div class='ocr_carea' id='block_1_83' title="bbox 1961 3655 3620 3732">
    <p class='ocr_par' dir='ltr' id='par_1_83' title="bbox 1961 3655 3620 3732">
     <span class='ocr_line' id='line_1_83' title="bbox 1961 3655 3620 3732; baseline 0.002 -25"><span class='ocrx_word' id='word_1_632' title='bbox 1961 3655 2330 3731; x_wconf 74' lang='grc' dir='ltr'>ἁμαρτήματος</span> <span class='ocrx_word' id='word_1_633' title='bbox 2391 3659 2576 3708; x_wconf 84' lang='grc' dir='ltr'>τούτου</span> <span class='ocrx_word' id='word_1_634' title='bbox 2608 3697 2621 3723; x_wconf 95' lang='grc'><strong>,</strong></span> <span class='ocrx_word' id='word_1_635' title='bbox 2678 3656 2846 3718; x_wconf 81' lang='grc' dir='ltr'>ἔξεστι</span> <span class='ocrx_word' id='word_1_636' title='bbox 2910 3665 3103 3728; x_wconf 76' lang='grc' dir='ltr'>γνῶναι</span> <span class='ocrx_word' id='word_1_637' title='bbox 3159 3666 3361 3732; x_wconf 85' lang='grc' dir='ltr'>πρῶτον</span> <span class='ocrx_word' id='word_1_638' title='bbox 3413 3662 3502 3731; x_wconf 72' lang='grc' dir='ltr'>μὲν</span> <span class='ocrx_word' id='word_1_639' title='bbox 3567 3657 3620 3721; x_wconf 80' lang='grc' dir='ltr'><strong>ἐξ</strong></span> 
     </span>
    </p>
   </div>
   <div class='ocr_carea' id='block_1_84' title="bbox 1963 3745 3618 3820">
    <p class='ocr_par' dir='ltr' id='par_1_84' title="bbox 1963 3745 3618 3820">
     <span class='ocr_line' id='line_1_84' title="bbox 1963 3745 3618 3820; baseline 0.001 -22"><span class='ocrx_word' id='word_1_640' title='bbox 1963 3745 2268 3818; x_wconf 73' lang='grc' dir='ltr'>ἀποφάσεως</span> <span class='ocrx_word' id='word_1_641' title='bbox 2321 3754 2412 3798; x_wconf 84' lang='grc' dir='ltr'>τοῦ</span> <span class='ocrx_word' id='word_1_642' title='bbox 2471 3750 2665 3820; x_wconf 85' lang='grc' dir='ltr'>Κυρίου</span> <span class='ocrx_word' id='word_1_643' title='bbox 2719 3745 3007 3809; x_wconf 86' lang='grc' dir='ltr'>καθολικῶς</span> <span class='ocrx_word' id='word_1_644' title='bbox 3061 3747 3312 3814; x_wconf 87' lang='grc' dir='ltr'>εἰπόντος,</span> <span class='ocrx_word' id='word_1_645' title='bbox 3355 3748 3413 3800; x_wconf 73' lang='grc' dir='ltr'><strong>Ὀ</strong></span> <span class='ocrx_word' id='word_1_646' title='bbox 3467 3747 3618 3800; x_wconf 86' lang='grc' dir='ltr'>ἀπει-</span> 
     </span>
    </p>
   </div>
   <div class='ocr_carea' id='block_1_85' title="bbox 1965 3836 3710 3908">
    <p class='ocr_par' dir='ltr' id='par_1_85' title="bbox 1965 3836 3710 3908">
     <span class='ocr_line' id='line_1_85' title="bbox 1965 3836 3710 3908; baseline 0.003 -20"><span class='ocrx_word' id='word_1_647' title='bbox 1965 3837 2065 3888; x_wconf 87' lang='grc' dir='ltr'>θῶν</span> <span class='ocrx_word' id='word_1_648' title='bbox 2107 3857 2178 3907; x_wconf 89' lang='grc' dir='ltr'>τῳ</span> <span class='ocrx_word' id='word_1_649' title='bbox 2227 3839 2346 3908; x_wconf 83' lang='grc' dir='ltr'>Υίῳ,</span> <span class='ocrx_word' id='word_1_650' title='bbox 2380 3840 2492 3892; x_wconf 92' lang='lat' dir='ltr'>etc.</span> <span class='ocrx_word' id='word_1_651' title='bbox 2543 3836 2746 3892; x_wconf 86' lang='lat' dir='ltr'>Porro</span> <span class='ocrx_word' id='word_1_652' title='bbox 2792 3851 2974 3907; x_wconf 86' lang='lat' dir='ltr'>quam</span> <span class='ocrx_word' id='word_1_653' title='bbox 3017 3852 3204 3907; x_wconf 89' lang='lat' dir='ltr'>grave</span> <span class='ocrx_word' id='word_1_654' title='bbox 3249 3838 3323 3892; x_wconf 89' lang='lat' dir='ltr'>sit</span> <span class='ocrx_word' id='word_1_655' title='bbox 3370 3838 3622 3907; x_wconf 88' lang='lat' dir='ltr'>hujusce</span> <span class='ocrx_word' id='word_1_656' title='bbox 3703 3865 3710 3870; x_wconf 86' lang='lat'><strong>-</strong></span> 
     </span>
    </p>
   </div>
   <div class='ocr_carea' id='block_1_86' title="bbox 1953 3925 3622 3998">
    <p class='ocr_par' dir='ltr' id='par_1_86' title="bbox 1953 3925 3622 3998">
     <span class='ocr_line' id='line_1_86' title="bbox 1953 3925 3622 3998; baseline 0.001 -17"><span class='ocrx_word' id='word_1_657' title='bbox 1953 3925 2191 3995; x_wconf 88' lang='lat' dir='ltr'>peccati</span> <span class='ocrx_word' id='word_1_658' title='bbox 2208 3925 2534 3994; x_wconf 77' lang='lat' dir='ltr'>judicium,</span> <span class='ocrx_word' id='word_1_659' title='bbox 2556 3925 2825 3996; x_wconf 80' lang='lat' dir='ltr'>intelligi</span> <span class='ocrx_word' id='word_1_660' title='bbox 2841 3931 3036 3994; x_wconf 89' lang='lat' dir='ltr'>potest</span> <span class='ocrx_word' id='word_1_661' title='bbox 3056 3928 3252 3995; x_wconf 89' lang='lat' dir='ltr'>primo</span> <span class='ocrx_word' id='word_1_662' title='bbox 3281 3927 3517 3998; x_wconf 88' lang='lat' dir='ltr'>quidem</span> <span class='ocrx_word' id='word_1_663' title='bbox 3544 3942 3622 3983; x_wconf 76' lang='lat' dir='ltr'>ex</span> 
     </span>
    </p>
   </div>
   <div class='ocr_carea' id='block_1_87' title="bbox 1959 4015 3622 4086">
    <p class='ocr_par' dir='ltr' id='par_1_87' title="bbox 1959 4015 3622 4086">
     <span class='ocr_line' id='line_1_87' title="bbox 1959 4015 3622 4086; baseline 0.001 -16"><span class='ocrx_word' id='word_1_664' title='bbox 1959 4015 2259 4071; x_wconf 89' lang='lat' dir='ltr'>sententia</span> <span class='ocrx_word' id='word_1_665' title='bbox 2285 4015 2551 4081; x_wconf 90' lang='lat' dir='ltr'>Domini,</span> <span class='ocrx_word' id='word_1_666' title='bbox 2575 4015 2682 4086; x_wconf 92' lang='lat' dir='ltr'>qui</span> <span class='ocrx_word' id='word_1_667' title='bbox 2698 4015 2762 4069; x_wconf 86' lang='lat' dir='ltr'>in</span> <span class='ocrx_word' id='word_1_668' title='bbox 2783 4015 3130 4071; x_wconf 83' lang='lat' dir='ltr'>universum</span> <span class='ocrx_word' id='word_1_669' title='bbox 3160 4015 3319 4072; x_wconf 72' lang='lat' dir='ltr'>dixit</span> <span class='ocrx_word' id='word_1_670' title='bbox 3347 4032 3369 4071; x_wconf 90' lang='grc'><em>.·</em></span> <span class='ocrx_word' id='word_1_671' title='bbox 3395 4038 3424 4066; x_wconf 88' lang='grc'><strong>‹‹</strong></span> <span class='ocrx_word' id='word_1_672' title='bbox 3455 4016 3622 4084; x_wconf 81' lang='lat' dir='ltr'>Quis-</span> 
     </span>
    </p>
   </div>
   <div class='ocr_carea' id='block_1_88' title="bbox 1961 4103 3623 4178">
    <p class='ocr_par' dir='ltr' id='par_1_88' title="bbox 1961 4103 3623 4178">
     <span class='ocr_line' id='line_1_88' title="bbox 1961 4103 3623 4178; baseline 0.002 -19"><span class='ocrx_word' id='word_1_673' title='bbox 1961 4105 2094 4177; x_wconf 91' lang='lat' dir='ltr'>quis</span> <span class='ocrx_word' id='word_1_674' title='bbox 2143 4120 2266 4160; x_wconf 87' lang='lat' dir='ltr'>non</span> <span class='ocrx_word' id='word_1_675' title='bbox 2313 4103 2508 4160; x_wconf 90' lang='lat' dir='ltr'>obedit</span> <span class='ocrx_word' id='word_1_676' title='bbox 2537 4104 2720 4175; x_wconf 89' lang='lat' dir='ltr'>Filio,</span> <span class='ocrx_word' id='word_1_677' title='bbox 2754 4125 2781 4154; x_wconf 86' lang='lat'>»</span> <span class='ocrx_word' id='word_1_678' title='bbox 2815 4109 2926 4160; x_wconf 91' lang='lat' dir='ltr'>etc.</span> <span class='ocrx_word' id='word_1_679' title='bbox 2963 4105 3174 4161; x_wconf 88' lang='lat' dir='ltr'>Statim</span> <span class='ocrx_word' id='word_1_680' title='bbox 3201 4105 3282 4162; x_wconf 92' lang='lat' dir='ltr'>ita</span> <span class='ocrx_word' id='word_1_681' title='bbox 3329 4106 3623 4178; x_wconf 89' lang='lat' dir='ltr'>scriptum</span> 
     </span>
    </p>
   </div>
   <div class='ocr_carea' id='block_1_89' title="bbox 1960 4190 3620 4268">
    <p class='ocr_par' dir='ltr' id='par_1_89' title="bbox 1960 4190 3620 4268">
     <span class='ocr_line' id='line_1_89' title="bbox 1960 4190 3620 4268; baseline -0.001 -20"><span class='ocrx_word' id='word_1_682' title='bbox 1960 4191 2264 4248; x_wconf 74' lang='lat' dir='ltr'>invenitur</span> <span class='ocrx_word' id='word_1_683' title='bbox 2305 4198 2452 4262; x_wconf 92' lang='lat' dir='ltr'>(reg.</span> <span class='ocrx_word' id='word_1_684' title='bbox 2486 4192 2576 4263; x_wconf 81' lang='grc'>48)</span> <span class='ocrx_word' id='word_1_685' title='bbox 2605 4209 2618 4244; x_wconf 90' lang='lat'><strong>:</strong></span> <span class='ocrx_word' id='word_1_686' title='bbox 2654 4193 2746 4254; x_wconf 85' lang='grc' dir='ltr'>Οἷς</span> <span class='ocrx_word' id='word_1_687' title='bbox 2796 4190 3021 4265; x_wconf 85' lang='grc' dir='ltr'>ἐπιφέρει</span> <span class='ocrx_word' id='word_1_688' title='bbox 3049 4192 3476 4268; x_wconf 83' lang='grc' dir='ltr'>καθολικώτερον,</span> <span class='ocrx_word' id='word_1_689' title='bbox 3511 4196 3620 4247; x_wconf 82' lang='grc' dir='ltr'>Οὔ-</span> 
     </span>
    </p>
   </div>
   <div class='ocr_carea' id='block_1_90' title="bbox 1961 4281 3621 4357">
    <p class='ocr_par' dir='ltr' id='par_1_90' title="bbox 1961 4281 3621 4357">
     <span class='ocr_line' id='line_1_90' title="bbox 1961 4281 3621 4357; baseline 0.005 -23"><span class='ocrx_word' id='word_1_690' title='bbox 1961 4301 2063 4344; x_wconf 91' lang='grc' dir='ltr'>τως</span> <span class='ocrx_word' id='word_1_691' title='bbox 2095 4283 2118 4333; x_wconf 86' lang='grc' dir='ltr'><strong><em>ὁ</em></strong></span> <span class='ocrx_word' id='word_1_692' title='bbox 2148 4281 2487 4357; x_wconf 78' lang='grc' dir='ltr'>θησαυρίζων</span> <span class='ocrx_word' id='word_1_693' title='bbox 2539 4281 2726 4353; x_wconf 85' lang='grc' dir='ltr'>ἐαυτῳ,</span> <span class='ocrx_word' id='word_1_694' title='bbox 2773 4285 2886 4336; x_wconf 85' lang='lat' dir='ltr'>etc.</span> <span class='ocrx_word' id='word_1_695' title='bbox 2940 4282 3163 4350; x_wconf 77' lang='lat' dir='ltr'>Quibus</span> <span class='ocrx_word' id='word_1_696' title='bbox 3208 4285 3400 4356; x_wconf 87' lang='lat' dir='ltr'>magis</span> <span class='ocrx_word' id='word_1_697' title='bbox 3442 4299 3621 4354; x_wconf 88' lang='lat' dir='ltr'>gene-</span> 
     </span>
    </p>
   </div>
   <div class='ocr_carea' id='block_1_91' title="bbox 1963 4371 3621 4444">
    <p class='ocr_par' dir='ltr' id='par_1_91' title="bbox 1963 4371 3621 4444">
     <span class='ocr_line' id='line_1_91' title="bbox 1963 4371 3621 4444; baseline 0.001 -15"><span class='ocrx_word' id='word_1_698' title='bbox 1963 4373 2147 4429; x_wconf 91' lang='lat' dir='ltr'>ratim</span> <span class='ocrx_word' id='word_1_699' title='bbox 2178 4372 2462 4442; x_wconf 86' lang='lat' dir='ltr'>adjungit</span> <span class='ocrx_word' id='word_1_700' title='bbox 2494 4389 2512 4424; x_wconf 86' lang='lat'><em>:</em></span> <span class='ocrx_word' id='word_1_701' title='bbox 2541 4393 2570 4422; x_wconf 75' lang='grc' dir='ltr'>ι(</span> <span class='ocrx_word' id='word_1_702' title='bbox 2602 4372 2704 4428; x_wconf 88' lang='lat' dir='ltr'>Sic</span> <span class='ocrx_word' id='word_1_703' title='bbox 2729 4372 2836 4444; x_wconf 86' lang='lat' dir='ltr'>qui</span> <span class='ocrx_word' id='word_1_704' title='bbox 2861 4371 2974 4428; x_wconf 83' lang='lat' dir='ltr'>sibi</span> <span class='ocrx_word' id='word_1_705' title='bbox 3013 4373 3405 4439; x_wconf 83' lang='lat' dir='ltr'>thesaurizat,</span> <span class='ocrx_word' id='word_1_706' title='bbox 3440 4393 3466 4423; x_wconf 72' lang='grc' dir='ltr'><strong><em>ι</em></strong></span> <span class='ocrx_word' id='word_1_707' title='bbox 3507 4379 3621 4431; x_wconf 87' lang='lat' dir='ltr'>eto.</span> 
     </span>
    </p>
   </div>
   <div class='ocr_carea' id='block_1_92' title="bbox 183 4459 3626 4545">
    <p class='ocr_par' dir='ltr' id='par_1_92' title="bbox 183 4459 3626 4545">
     <span class='ocr_line' id='line_1_92' title="bbox 183 4459 3626 4545; baseline -0.004 -12"><span class='ocrx_word' id='word_1_708' title='bbox 183 4475 511 4543; x_wconf 87' lang='lat' dir='ltr'>accedunt,</span> <span class='ocrx_word' id='word_1_709' title='bbox 563 4473 671 4528; x_wconf 88' lang='lat' dir='ltr'>ubi</span> <span class='ocrx_word' id='word_1_710' title='bbox 723 4471 901 4527; x_wconf 91' lang='lat' dir='ltr'>semel</span> <span class='ocrx_word' id='word_1_711' title='bbox 948 4465 1553 4545; x_wconf 38' lang='lat' dir='ltr'>persuaserintosibi,</span> <span class='ocrx_word' id='word_1_712' title='bbox 1604 4479 1684 4535; x_wconf 88' lang='lat' dir='ltr'>se,</span> <span class='ocrx_word' id='word_1_713' title='bbox 1741 4471 1854 4520; x_wconf 93' lang='lat' dir='ltr'>etc.</span> <span class='ocrx_word' id='word_1_714' title='bbox 1886 4481 1930 4534; x_wconf 80' lang='grc' dir='ltr'>ι)</span> <span class='ocrx_word' id='word_1_715' title='bbox 1964 4461 2292 4533; x_wconf 86' lang='lat' dir='ltr'>Interjectis</span> <span class='ocrx_word' id='word_1_716' title='bbox 2343 4476 2469 4517; x_wconf 92' lang='lat' dir='ltr'>non</span> <span class='ocrx_word' id='word_1_717' title='bbox 2536 4460 2751 4532; x_wconf 90' lang='lat' dir='ltr'>paucis</span> <span class='ocrx_word' id='word_1_718' title='bbox 2821 4459 2904 4516; x_wconf 93' lang='lat' dir='ltr'>sic</span> <span class='ocrx_word' id='word_1_719' title='bbox 2967 4461 3205 4518; x_wconf 85' lang='lat' dir='ltr'>locutus</span> <span class='ocrx_word' id='word_1_720' title='bbox 3262 4470 3354 4519; x_wconf 91' lang='lat' dir='ltr'>est</span> <span class='ocrx_word' id='word_1_721' title='bbox 3415 4468 3626 4520; x_wconf 88' lang='lat' dir='ltr'>auctor</span> 
     </span>
    </p>
   </div>
   <div class='ocr_carea' id='block_1_93' title="bbox 183 4559 1858 4636">
    <p class='ocr_par' dir='ltr' id='par_1_93' title="bbox 183 4559 1858 4636">
     <span class='ocr_line' id='line_1_93' title="bbox 183 4559 1858 4636; baseline -0.01 -12"><span class='ocrx_word' id='word_1_722' title='bbox 183 4568 402 4625; x_wconf 88' lang='lat' dir='ltr'>Prima</span> <span class='ocrx_word' id='word_1_723' title='bbox 446 4563 661 4636; x_wconf 88' lang='lat' dir='ltr'>capitis</span> <span class='ocrx_word' id='word_1_724' title='bbox 710 4567 772 4618; x_wconf 86' lang='grc'>21</span> <span class='ocrx_word' id='word_1_725' title='bbox 823 4559 1013 4618; x_wconf 90' lang='lat' dir='ltr'>verba</span> <span class='ocrx_word' id='word_1_726' title='bbox 1045 4559 1175 4614; x_wconf 68' lang='lat' dir='ltr'>haec</span> <span class='ocrx_word' id='word_1_727' title='bbox 1205 4561 1347 4622; x_wconf 82' lang='lat' dir='ltr'>sunt</span> <span class='ocrx_word' id='word_1_728' title='bbox 1378 4574 1391 4613; x_wconf 88' lang='lat'><strong>:</strong></span> <span class='ocrx_word' id='word_1_729' title='bbox 1424 4561 1539 4629; x_wconf 74' lang='grc' dir='ltr'>Χρῂ</span> <span class='ocrx_word' id='word_1_730' title='bbox 1569 4560 1743 4628; x_wconf 83' lang='grc' dir='ltr'>μέντοι</span> <span class='ocrx_word' id='word_1_731' title='bbox 1766 4561 1858 4608; x_wconf 84' lang='grc' dir='ltr'>καὶ</span> 
     </span>
    </p>
   </div>
   <div class='ocr_carea' id='block_1_94' title="bbox 183 4645 1858 4725">
    <p class='ocr_par' dir='ltr' id='par_1_94' title="bbox 183 4645 1858 4725">
     <span class='ocr_line' id='line_1_94' title="bbox 183 4645 1858 4725; baseline -0.005 -14"><span class='ocrx_word' id='word_1_732' title='bbox 183 4665 345 4711; x_wconf 77' lang='grc' dir='ltr'>τοῦτο</span> <span class='ocrx_word' id='word_1_733' title='bbox 376 4655 658 4708; x_wconf 82' lang='grc' dir='ltr'>πεπεῖσθαι</span> <span class='ocrx_word' id='word_1_734' title='bbox 700 4659 896 4725; x_wconf 85' lang='grc' dir='ltr'>σαφῶς,</span> <span class='ocrx_word' id='word_1_735' title='bbox 941 4651 1039 4721; x_wconf 77' lang='grc' dir='ltr'>ὅτι,</span> <span class='ocrx_word' id='word_1_736' title='bbox 1075 4653 1187 4703; x_wconf 88' lang='lat' dir='ltr'>etc.</span> <span class='ocrx_word' id='word_1_737' title='bbox 1235 4648 1376 4704; x_wconf 90' lang='lat' dir='ltr'>Jam</span> <span class='ocrx_word' id='word_1_738' title='bbox 1424 4645 1586 4700; x_wconf 88' lang='lat' dir='ltr'>illud</span> <span class='ocrx_word' id='word_1_739' title='bbox 1623 4661 1858 4718; x_wconf 86' lang='lat' dir='ltr'>quoque</span> 
     </span>
    </p>
   </div>
   <div class='ocr_carea' id='block_1_95' title="bbox 177 4735 1860 4819">
    <p class='ocr_par' dir='ltr' id='par_1_95' title="bbox 177 4735 1860 4819">
     <span class='ocr_line' id='line_1_95' title="bbox 177 4735 1860 4819; baseline -0.008 -16"><span class='ocrx_word' id='word_1_740' title='bbox 177 4762 301 4819; x_wconf 89' lang='lat' dir='ltr'>pro</span> <span class='ocrx_word' id='word_1_741' title='bbox 326 4749 492 4802; x_wconf 89' lang='lat' dir='ltr'>certo</span> <span class='ocrx_word' id='word_1_742' title='bbox 514 4741 855 4800; x_wconf 86' lang='lat' dir='ltr'>habendum</span> <span class='ocrx_word' id='word_1_743' title='bbox 877 4745 983 4809; x_wconf 89' lang='lat' dir='ltr'>est,</span> <span class='ocrx_word' id='word_1_744' title='bbox 1006 4743 1119 4795; x_wconf 90' lang='lat' dir='ltr'>etc.</span> <span class='ocrx_word' id='word_1_745' title='bbox 1144 4735 1434 4808; x_wconf 85' lang='lat' dir='ltr'>Ejusdem</span> <span class='ocrx_word' id='word_1_746' title='bbox 1457 4735 1696 4804; x_wconf 89' lang='lat' dir='ltr'>generis</span> <span class='ocrx_word' id='word_1_747' title='bbox 1718 4739 1860 4790; x_wconf 92' lang='lat' dir='ltr'>sunt</span> 
     </span>
    </p>
   </div>
   <div class='ocr_carea' id='block_1_96' title="bbox 184 4827 1856 4912">
    <p class='ocr_par' dir='ltr' id='par_1_96' title="bbox 184 4827 1856 4912">
     <span class='ocr_line' id='line_1_96' title="bbox 184 4827 1856 4912; baseline -0.013 -18"><span class='ocrx_word' id='word_1_748' title='bbox 184 4853 330 4912; x_wconf 65' lang='lat' dir='ltr'>quae</span> <span class='ocrx_word' id='word_1_749' title='bbox 360 4832 671 4890; x_wconf 85' lang='lat' dir='ltr'>ascribam</span> <span class='ocrx_word' id='word_1_750' title='bbox 692 4848 724 4888; x_wconf 92' lang='lat' dir='ltr'>e</span> <span class='ocrx_word' id='word_1_751' title='bbox 749 4846 882 4902; x_wconf 90' lang='lat' dir='ltr'>cap.</span> <span class='ocrx_word' id='word_1_752' title='bbox 915 4832 1086 4900; x_wconf 86' lang='lat' dir='ltr'>22(p.</span> <span class='ocrx_word' id='word_1_753' title='bbox 1111 4831 1235 4893; x_wconf 84' lang='lat'>573)</span> <span class='ocrx_word' id='word_1_754' title='bbox 1271 4843 1284 4881; x_wconf 89' lang='lat'><strong>:</strong></span> <span class='ocrx_word' id='word_1_755' title='bbox 1317 4827 1411 4912; x_wconf 74' lang='grc' dir='ltr'>Δια</span> <span class='ocrx_word' id='word_1_756' title='bbox 1440 4843 1522 4876; x_wconf 88' lang='grc' dir='ltr'>τοι</span> <span class='ocrx_word' id='word_1_757' title='bbox 1542 4831 1693 4875; x_wconf 75' lang='grc' dir='ltr'>τοῦτο</span> <span class='ocrx_word' id='word_1_758' title='bbox 1723 4843 1856 4898; x_wconf 89' lang='grc' dir='ltr'>προ-</span> 
     </span>
    </p>
   </div>
   <div class='ocr_carea' id='block_1_97' title="bbox 189 4911 1858 4998">
    <p class='ocr_par' dir='ltr' id='par_1_97' title="bbox 189 4911 1858 4998">
     <span class='ocr_line' id='line_1_97' title="bbox 189 4911 1858 4998; baseline -0.008 -18"><span class='ocrx_word' id='word_1_759' title='bbox 189 4911 348 4986; x_wconf 78' lang='grc' dir='ltr'>σήκει</span> <span class='ocrx_word' id='word_1_760' title='bbox 369 4919 632 4998; x_wconf 70' lang='grc' dir='ltr'>μηδαμῶς</span> <span class='ocrx_word' id='word_1_761' title='bbox 654 4921 1013 4975; x_wconf 76' lang='grc' dir='ltr'>ἐναντιοῦσθαι</span> <span class='ocrx_word' id='word_1_762' title='bbox 1049 4926 1164 4980; x_wconf 89' lang='grc' dir='ltr'>ταῖς</span> <span class='ocrx_word' id='word_1_763' title='bbox 1196 4917 1349 4969; x_wconf 75' lang='grc' dir='ltr'>αὐτον</span> <span class='ocrx_word' id='word_1_764' title='bbox 1382 4911 1705 4982; x_wconf 79' lang='grc' dir='ltr'>διατάξεσιν,</span> <span class='ocrx_word' id='word_1_765' title='bbox 1731 4912 1858 4966; x_wconf 79' lang='grc' dir='ltr'>ἀλλὰ</span> 
     </span>
    </p>
   </div>
   <div class='ocr_carea' id='block_1_98' title="bbox 185 5004 1857 5080">
    <p class='ocr_par' dir='ltr' id='par_1_98' title="bbox 185 5004 1857 5080">
     <span class='ocr_line' id='line_1_98' title="bbox 185 5004 1857 5080; baseline -0.007 -9"><span class='ocrx_word' id='word_1_766' title='bbox 185 5015 496 5080; x_wconf 79' lang='grc' dir='ltr'>πεπεῖσθαι,</span> <span class='ocrx_word' id='word_1_767' title='bbox 525 5018 639 5070; x_wconf 90' lang='lat' dir='ltr'>etc.</span> <span class='ocrx_word' id='word_1_768' title='bbox 687 5012 980 5080; x_wconf 83' lang='lat' dir='ltr'>Quorcica</span> <span class='ocrx_word' id='word_1_769' title='bbox 1021 5009 1193 5065; x_wconf 87' lang='lat' dir='ltr'>nullo</span> <span class='ocrx_word' id='word_1_770' title='bbox 1241 5005 1414 5063; x_wconf 91' lang='lat' dir='ltr'>modo</span> <span class='ocrx_word' id='word_1_771' title='bbox 1454 5006 1582 5075; x_wconf 87' lang='lat' dir='ltr'>ejus</span> <span class='ocrx_word' id='word_1_772' title='bbox 1613 5004 1857 5060; x_wconf 88' lang='lat' dir='ltr'>statutis</span> 
     </span>
    </p>
   </div>
   <div class='ocr_carea' id='block_1_99' title="bbox 185 5094 1853 5170">
    <p class='ocr_par' dir='ltr' id='par_1_99' title="bbox 185 5094 1853 5170">
     <span class='ocr_line' id='line_1_99' title="bbox 185 5094 1853 5170; baseline -0.01 -6"><span class='ocrx_word' id='word_1_773' title='bbox 185 5103 647 5166; x_wconf 75' lang='lat' dir='ltr'>aduersandum</span> <span class='ocrx_word' id='word_1_774' title='bbox 697 5107 802 5166; x_wconf 89' lang='lat' dir='ltr'>est,</span> <span class='ocrx_word' id='word_1_775' title='bbox 846 5101 949 5158; x_wconf 89' lang='lat' dir='ltr'>sed</span> <span class='ocrx_word' id='word_1_776' title='bbox 990 5115 1106 5170; x_wconf 89' lang='lat' dir='ltr'>pro</span> <span class='ocrx_word' id='word_1_777' title='bbox 1145 5103 1307 5155; x_wconf 86' lang='lat' dir='ltr'>certo</span> <span class='ocrx_word' id='word_1_778' title='bbox 1353 5094 1715 5162; x_wconf 86' lang='lat' dir='ltr'>habendum,</span> <span class='ocrx_word' id='word_1_779' title='bbox 1743 5099 1853 5149; x_wconf 93' lang='lat' dir='ltr'>etc.</span> 
     </span>
    </p>
   </div>
   <div class='ocr_carea' id='block_1_100' title="bbox 187 5184 1859 5267">
    <p class='ocr_par' dir='ltr' id='par_1_100' title="bbox 187 5184 1859 5267">
     <span class='ocr_line' id='line_1_100' title="bbox 187 5184 1859 5267; baseline -0.009 -13"><span class='ocrx_word' id='word_1_780' title='bbox 187 5200 364 5254; x_wconf 90' lang='lat' dir='ltr'>Certe</span> <span class='ocrx_word' id='word_1_781' title='bbox 400 5195 450 5250; x_wconf 90' lang='lat' dir='ltr'>si</span> <span class='ocrx_word' id='word_1_782' title='bbox 493 5193 598 5267; x_wconf 91' lang='lat' dir='ltr'>qui</span> <span class='ocrx_word' id='word_1_783' title='bbox 639 5191 896 5263; x_wconf 81' lang='lat' dir='ltr'>Regulas</span> <span class='ocrx_word' id='word_1_784' title='bbox 933 5188 1194 5262; x_wconf 90' lang='lat' dir='ltr'>scripsit,</span> <span class='ocrx_word' id='word_1_785' title='bbox 1229 5184 1566 5260; x_wconf 86' lang='lat' dir='ltr'>scripsisset</span> <span class='ocrx_word' id='word_1_786' title='bbox 1605 5189 1663 5240; x_wconf 93' lang='lat' dir='ltr'>et</span> <span class='ocrx_word' id='word_1_787' title='bbox 1709 5185 1859 5240; x_wconf 90' lang='lat' dir='ltr'>Con-</span> 
     </span>
    </p>
   </div>
   <div class='ocr_carea' id='block_1_101' title="bbox 189 5271 1858 5354">
    <p class='ocr_par' dir='ltr' id='par_1_101' title="bbox 189 5271 1858 5354">
     <span class='ocr_line' id='line_1_101' title="bbox 189 5271 1858 5354; baseline -0.011 -9"><span class='ocrx_word' id='word_1_788' title='bbox 189 5285 560 5353; x_wconf 80' lang='lat' dir='ltr'>stitutiones,</span> <span class='ocrx_word' id='word_1_789' title='bbox 587 5281 920 5354; x_wconf 90' lang='lat' dir='ltr'>aliquando</span> <span class='ocrx_word' id='word_1_790' title='bbox 948 5281 1011 5336; x_wconf 93' lang='lat' dir='ltr'>in</span> <span class='ocrx_word' id='word_1_791' title='bbox 1031 5281 1124 5348; x_wconf 90' lang='lat' dir='ltr'>iis,</span> <span class='ocrx_word' id='word_1_792' title='bbox 1158 5295 1294 5350; x_wconf 72' lang='lat' dir='ltr'>quae</span> <span class='ocrx_word' id='word_1_793' title='bbox 1317 5291 1459 5332; x_wconf 87' lang='lat' dir='ltr'>mox</span> <span class='ocrx_word' id='word_1_794' title='bbox 1487 5273 1686 5345; x_wconf 84' lang='lat' dir='ltr'>citavi,</span> <span class='ocrx_word' id='word_1_795' title='bbox 1710 5271 1858 5329; x_wconf 89' lang='lat' dir='ltr'>locis</span> 
     </span>
    </p>
   </div>
   <div class='ocr_carea' id='block_1_102' title="bbox 188 5361 1859 5448">
    <p class='ocr_par' dir='ltr' id='par_1_102' title="bbox 188 5361 1859 5448">
     <span class='ocr_line' id='line_1_102' title="bbox 188 5361 1859 5448; baseline -0.011 -12"><span class='ocrx_word' id='word_1_796' title='bbox 188 5377 387 5436; x_wconf 91' lang='lat' dir='ltr'>verbo</span> <span class='ocrx_word' id='word_1_797' title='bbox 434 5374 897 5448; x_wconf 87' lang='grc' dir='ltr'>πληροφορεῐσθαι,</span> <span class='ocrx_word' id='word_1_798' title='bbox 940 5385 1063 5426; x_wconf 93' lang='lat' dir='ltr'>uno</span> <span class='ocrx_word' id='word_1_799' title='bbox 1113 5368 1391 5426; x_wconf 91' lang='lat' dir='ltr'>omnium</span> <span class='ocrx_word' id='word_1_800' title='bbox 1445 5363 1558 5420; x_wconf 88' lang='lat' dir='ltr'>sibi</span> <span class='ocrx_word' id='word_1_801' title='bbox 1606 5361 1859 5418; x_wconf 85' lang='lat' dir='ltr'>familia-</span> 
     </span>
    </p>
   </div>
   <div class='ocr_carea' id='block_1_103' title="bbox 189 5451 1859 5534">
    <p class='ocr_par' dir='ltr' id='par_1_103' title="bbox 189 5451 1859 5534">
     <span class='ocr_line' id='line_1_103' title="bbox 189 5451 1859 5534; baseline -0.011 -11"><span class='ocrx_word' id='word_1_802' title='bbox 189 5466 470 5534; x_wconf 88' lang='lat' dir='ltr'>rissimo,</span> <span class='ocrx_word' id='word_1_803' title='bbox 501 5479 649 5520; x_wconf 90' lang='lat' dir='ltr'>usus</span> <span class='ocrx_word' id='word_1_804' title='bbox 679 5465 838 5518; x_wconf 91' lang='lat' dir='ltr'>esset</span> <span class='ocrx_word' id='word_1_805' title='bbox 868 5477 881 5516; x_wconf 89' lang='lat'><strong>:</strong></span> <span class='ocrx_word' id='word_1_806' title='bbox 925 5459 1093 5532; x_wconf 90' lang='lat' dir='ltr'>quod</span> <span class='ocrx_word' id='word_1_807' title='bbox 1131 5473 1272 5515; x_wconf 92' lang='lat' dir='ltr'>cum</span> <span class='ocrx_word' id='word_1_808' title='bbox 1302 5470 1427 5512; x_wconf 93' lang='lat' dir='ltr'>non</span> <span class='ocrx_word' id='word_1_809' title='bbox 1457 5451 1682 5520; x_wconf 90' lang='lat' dir='ltr'>fecerit,</span> <span class='ocrx_word' id='word_1_810' title='bbox 1722 5451 1859 5522; x_wconf 91' lang='lat' dir='ltr'>jure</span> 
     </span>
    </p>
   </div>
   <div class='ocr_carea' id='block_1_104' title="bbox 193 5542 1860 5633">
    <p class='ocr_par' dir='ltr' id='par_1_104' title="bbox 193 5542 1860 5633">
     <span class='ocr_line' id='line_1_104' title="bbox 193 5542 1860 5633; baseline -0.012 -17"><span class='ocrx_word' id='word_1_811' title='bbox 193 5552 515 5633; x_wconf 86' lang='lat' dir='ltr'>putandus</span> <span class='ocrx_word' id='word_1_812' title='bbox 536 5557 627 5609; x_wconf 91' lang='lat' dir='ltr'>est</span> <span class='ocrx_word' id='word_1_813' title='bbox 655 5551 810 5608; x_wconf 89' lang='lat' dir='ltr'>alius</span> <span class='ocrx_word' id='word_1_814' title='bbox 835 5565 968 5607; x_wconf 89' lang='lat' dir='ltr'>esse</span> <span class='ocrx_word' id='word_1_815' title='bbox 989 5548 1069 5606; x_wconf 90' lang='lat' dir='ltr'>ab</span> <span class='ocrx_word' id='word_1_816' title='bbox 1094 5563 1184 5620; x_wconf 90' lang='lat' dir='ltr'>eo,</span> <span class='ocrx_word' id='word_1_817' title='bbox 1214 5546 1320 5620; x_wconf 91' lang='lat' dir='ltr'>qui</span> <span class='ocrx_word' id='word_1_818' title='bbox 1348 5542 1860 5603; x_wconf 89' lang='lat' dir='ltr'>Constitutionum</span> 
     </span>
    </p>
   </div>
   <div class='ocr_carea' id='block_1_105' title="bbox 193 5635 1861 5715">
    <p class='ocr_par' dir='ltr' id='par_1_105' title="bbox 193 5635 1861 5715">
     <span class='ocr_line' id='line_1_105' title="bbox 193 5635 1861 5715; baseline -0.013 -7"><span class='ocrx_word' id='word_1_819' title='bbox 193 5648 428 5708; x_wconf 84' lang='lat' dir='ltr'>librum</span> <span class='ocrx_word' id='word_1_820' title='bbox 453 5643 671 5702; x_wconf 89' lang='lat' dir='ltr'>emisit.</span> <span class='ocrx_word' id='word_1_821' title='bbox 708 5643 912 5715; x_wconf 86' lang='lat' dir='ltr'>quue</span> <span class='ocrx_word' id='word_1_822' title='bbox 940 5638 1138 5711; x_wconf 86' lang='lat' dir='ltr'>magis</span> <span class='ocrx_word' id='word_1_823' title='bbox 1162 5635 1519 5709; x_wconf 86' lang='lat' dir='ltr'>Regularum</span> <span class='ocrx_word' id='word_1_824' title='bbox 1549 5635 1861 5692; x_wconf 89' lang='lat' dir='ltr'>auctorem</span> 
     </span>
    </p>
   </div>
   <div class='ocr_carea' id='block_1_106' title="bbox 1965 4545 3622 4626">
    <p class='ocr_par' dir='ltr' id='par_1_106' title="bbox 1965 4545 3622 4626">
     <span class='ocr_line' id='line_1_106' title="bbox 1965 4545 3622 4626; baseline -0.001 -20"><span class='ocrx_word' id='word_1_825' title='bbox 1965 4557 2115 4622; x_wconf 93' lang='lat' dir='ltr'>(reg.</span> <span class='ocrx_word' id='word_1_826' title='bbox 2165 4553 2289 4612; x_wconf 77' lang='lat'>115)</span> <span class='ocrx_word' id='word_1_827' title='bbox 2324 4567 2337 4604; x_wconf 88' lang='lat'><strong>:</strong></span> <span class='ocrx_word' id='word_1_828' title='bbox 2372 4551 2466 4612; x_wconf 82' lang='grc' dir='ltr'>Οἷς</span> <span class='ocrx_word' id='word_1_829' title='bbox 2515 4548 2742 4622; x_wconf 85' lang='grc' dir='ltr'>ἐπιφέρει</span> <span class='ocrx_word' id='word_1_830' title='bbox 2791 4545 3316 4625; x_wconf 74' lang='grc' dir='ltr'>δυσωπητικωτερον,</span> <span class='ocrx_word' id='word_1_831' title='bbox 3356 4550 3555 4626; x_wconf 78' lang='grc' dir='ltr'>’Ὠσπερ</span> <span class='ocrx_word' id='word_1_832' title='bbox 3597 4553 3622 4605; x_wconf 86' lang='grc' dir='ltr'>ὁ</span> 
     </span>
    </p>
   </div>
   <div class='ocr_carea' id='block_1_107' title="bbox 1965 4638 3624 4713">
    <p class='ocr_par' dir='ltr' id='par_1_107' title="bbox 1965 4638 3624 4713">
     <span class='ocr_line' id='line_1_107' title="bbox 1965 4638 3624 4713; baseline 0.002 -18"><span class='ocrx_word' id='word_1_833' title='bbox 1965 4644 2084 4702; x_wconf 87' lang='grc' dir='ltr'>Υἱὸς</span> <span class='ocrx_word' id='word_1_834' title='bbox 2113 4648 2206 4692; x_wconf 80' lang='grc' dir='ltr'>τοῦ</span> <span class='ocrx_word' id='word_1_835' title='bbox 2239 4638 2533 4713; x_wconf 78' lang='grc' dir='ltr'>ἀνθρώπου,</span> <span class='ocrx_word' id='word_1_836' title='bbox 2581 4642 2694 4694; x_wconf 92' lang='lat' dir='ltr'>etc.</span> <span class='ocrx_word' id='word_1_837' title='bbox 2743 4639 2966 4706; x_wconf 86' lang='lat' dir='ltr'>Quibus</span> <span class='ocrx_word' id='word_1_838' title='bbox 3015 4640 3142 4696; x_wconf 59' lang='lat' dir='ltr'>haec</span> <span class='ocrx_word' id='word_1_839' title='bbox 3184 4641 3530 4710; x_wconf 78' lang='lat' dir='ltr'>efﬁcaciora</span> <span class='ocrx_word' id='word_1_840' title='bbox 3569 4648 3624 4698; x_wconf 92' lang='lat' dir='ltr'>et</span> 
     </span>
    </p>
   </div>
   <div class='ocr_carea' id='block_1_108' title="bbox 1966 4729 3624 4800">
    <p class='ocr_par' dir='ltr' id='par_1_108' title="bbox 1966 4729 3624 4800">
     <span class='ocr_line' id='line_1_108' title="bbox 1966 4729 3624 4800; baseline 0 -13"><span class='ocrx_word' id='word_1_841' title='bbox 1966 4731 2049 4788; x_wconf 88' lang='lat' dir='ltr'>ad</span> <span class='ocrx_word' id='word_1_842' title='bbox 2073 4729 2566 4800; x_wconf 86' lang='lat' dir='ltr'>persuadendum</span> <span class='ocrx_word' id='word_1_843' title='bbox 2597 4729 2840 4798; x_wconf 90' lang='lat' dir='ltr'>aptiora</span> <span class='ocrx_word' id='word_1_844' title='bbox 2886 4729 3170 4800; x_wconf 86' lang='lat' dir='ltr'>adjungit</span> <span class='ocrx_word' id='word_1_845' title='bbox 3197 4745 3221 4787; x_wconf 83' lang='lat'>.&#39;</span> <span class='ocrx_word' id='word_1_846' title='bbox 3254 4753 3282 4780; x_wconf 84' lang='grc'><em>‹‹</em></span> <span class='ocrx_word' id='word_1_847' title='bbox 3327 4731 3624 4798; x_wconf 87' lang='lat' dir='ltr'>Quemad-</span> 
     </span>
    </p>
   </div>
   <div class='ocr_carea' id='block_1_109' title="bbox 1965 4818 3626 4894">
    <p class='ocr_par' dir='ltr' id='par_1_109' title="bbox 1965 4818 3626 4894">
     <span class='ocr_line' id='line_1_109' title="bbox 1965 4818 3626 4894; baseline 0.001 -19"><span class='ocrx_word' id='word_1_848' title='bbox 1965 4819 2204 4876; x_wconf 90' lang='lat' dir='ltr'>modum</span> <span class='ocrx_word' id='word_1_849' title='bbox 2247 4819 2444 4874; x_wconf 87' lang='lat' dir='ltr'>Filius</span> <span class='ocrx_word' id='word_1_850' title='bbox 2493 4818 2776 4881; x_wconf 85' lang='lat' dir='ltr'>hominis,</span> <span class='ocrx_word' id='word_1_851' title='bbox 2811 4838 2840 4867; x_wconf 87' lang='lat'><strong>»</strong></span> <span class='ocrx_word' id='word_1_852' title='bbox 2870 4823 2983 4874; x_wconf 91' lang='lat' dir='ltr'>etc.</span> <span class='ocrx_word' id='word_1_853' title='bbox 3027 4821 3251 4875; x_wconf 87' lang='lat' dir='ltr'>Harum</span> <span class='ocrx_word' id='word_1_854' title='bbox 3290 4836 3490 4875; x_wconf 89' lang='lat' dir='ltr'>rerum</span> <span class='ocrx_word' id='word_1_855' title='bbox 3519 4818 3626 4894; x_wconf 91' lang='lat' dir='ltr'>qui</span> 
     </span>
    </p>
   </div>
   <div class='ocr_carea' id='block_1_110' title="bbox 1965 4906 3626 4981">
    <p class='ocr_par' dir='ltr' id='par_1_110' title="bbox 1965 4906 3626 4981">
     <span class='ocr_line' id='line_1_110' title="bbox 1965 4906 3626 4981; baseline 0 -16"><span class='ocrx_word' id='word_1_856' title='bbox 1965 4909 2189 4965; x_wconf 90' lang='lat' dir='ltr'>curiosi</span> <span class='ocrx_word' id='word_1_857' title='bbox 2222 4913 2383 4977; x_wconf 91' lang='lat' dir='ltr'>sunt,</span> <span class='ocrx_word' id='word_1_858' title='bbox 2418 4906 2637 4962; x_wconf 91' lang='lat' dir='ltr'>similia</span> <span class='ocrx_word' id='word_1_859' title='bbox 2681 4907 2960 4980; x_wconf 86' lang='lat' dir='ltr'>exempla</span> <span class='ocrx_word' id='word_1_860' title='bbox 3007 4907 3213 4964; x_wconf 91' lang='lat' dir='ltr'>videre</span> <span class='ocrx_word' id='word_1_861' title='bbox 3251 4912 3536 4981; x_wconf 90' lang='lat' dir='ltr'>poterunt</span> <span class='ocrx_word' id='word_1_862' title='bbox 3562 4909 3626 4965; x_wconf 93' lang='lat' dir='ltr'>in</span> 
     </span>
    </p>
   </div>
   <div class='ocr_carea' id='block_1_111' title="bbox 1965 4997 3627 5070">
    <p class='ocr_par' dir='ltr' id='par_1_111' title="bbox 1965 4997 3627 5070">
     <span class='ocr_line' id='line_1_111' title="bbox 1965 4997 3627 5070; baseline 0 -15"><span class='ocrx_word' id='word_1_863' title='bbox 1965 4997 2188 5069; x_wconf 89' lang='lat' dir='ltr'>regulis</span> <span class='ocrx_word' id='word_1_864' title='bbox 2223 5001 2344 5065; x_wconf 71' lang='grc'>125,</span> <span class='ocrx_word' id='word_1_865' title='bbox 2384 5001 2503 5064; x_wconf 80' lang='grc'><strong>131,</strong></span> <span class='ocrx_word' id='word_1_866' title='bbox 2555 5001 2675 5066; x_wconf 90' lang='grc'><strong>138,</strong></span> <span class='ocrx_word' id='word_1_867' title='bbox 2722 5001 2849 5066; x_wconf 84' lang='lat'>212,</span> <span class='ocrx_word' id='word_1_868' title='bbox 2898 5002 2996 5053; x_wconf 80' lang='lat'>221</span> <span class='ocrx_word' id='word_1_869' title='bbox 3053 5001 3111 5054; x_wconf 88' lang='lat' dir='ltr'>et</span> <span class='ocrx_word' id='word_1_870' title='bbox 3154 5002 3281 5056; x_wconf 82' lang='lat'>269.</span> <span class='ocrx_word' id='word_1_871' title='bbox 3315 4998 3627 5070; x_wconf 85' lang='lat' dir='ltr'>Ejusmodi</span> 
     </span>
    </p>
   </div>
   <div class='ocr_carea' id='block_1_112' title="bbox 1965 5085 3627 5162">
    <p class='ocr_par' dir='ltr' id='par_1_112' title="bbox 1965 5085 3627 5162">
     <span class='ocr_line' id='line_1_112' title="bbox 1965 5085 3627 5162; baseline 0.001 -18"><span class='ocrx_word' id='word_1_872' title='bbox 1965 5093 2170 5145; x_wconf 86' lang='lat' dir='ltr'>autem</span> <span class='ocrx_word' id='word_1_873' title='bbox 2195 5085 2788 5158; x_wconf 88' lang='lat' dir='ltr'>adverbia,quorum</span> <span class='ocrx_word' id='word_1_874' title='bbox 2818 5103 2962 5142; x_wconf 89' lang='lat' dir='ltr'>usus</span> <span class='ocrx_word' id='word_1_875' title='bbox 2987 5087 3050 5143; x_wconf 90' lang='lat' dir='ltr'>in</span> <span class='ocrx_word' id='word_1_876' title='bbox 3079 5087 3321 5159; x_wconf 79' lang='lat' dir='ltr'>Regulis</span> <span class='ocrx_word' id='word_1_877' title='bbox 3340 5088 3627 5162; x_wconf 85' lang='lat' dir='ltr'>frequens</span> 
     </span>
    </p>
   </div>
   <div class='ocr_carea' id='block_1_113' title="bbox 1964 5175 3626 5250">
    <p class='ocr_par' dir='ltr' id='par_1_113' title="bbox 1964 5175 3626 5250">
     <span class='ocr_line' id='line_1_113' title="bbox 1964 5175 3626 5250; baseline -0.001 -16"><span class='ocrx_word' id='word_1_878' title='bbox 1964 5181 2073 5243; x_wconf 89' lang='lat' dir='ltr'>est,</span> <span class='ocrx_word' id='word_1_879' title='bbox 2090 5193 2396 5250; x_wconf 90' lang='lat' dir='ltr'>nusquam</span> <span class='ocrx_word' id='word_1_880' title='bbox 2422 5176 2482 5231; x_wconf 89' lang='lat' dir='ltr'>in</span> <span class='ocrx_word' id='word_1_881' title='bbox 2515 5175 3058 5233; x_wconf 90' lang='lat' dir='ltr'>Constitutionibus</span> <span class='ocrx_word' id='word_1_882' title='bbox 3089 5182 3433 5234; x_wconf 90' lang='lat' dir='ltr'>occurrunt.</span> <span class='ocrx_word' id='word_1_883' title='bbox 3453 5177 3626 5244; x_wconf 88' lang='lat' dir='ltr'>Quod</span> 
     </span>
    </p>
   </div>
   <div class='ocr_carea' id='block_1_114' title="bbox 1966 5265 3627 5340">
    <p class='ocr_par' dir='ltr' id='par_1_114' title="bbox 1966 5265 3627 5340">
     <span class='ocr_line' id='line_1_114' title="bbox 1966 5265 3627 5340; baseline -0.001 -16"><span class='ocrx_word' id='word_1_884' title='bbox 1966 5267 2179 5324; x_wconf 89' lang='lat' dir='ltr'>ultimo</span> <span class='ocrx_word' id='word_1_885' title='bbox 2204 5266 2338 5322; x_wconf 86' lang='lat' dir='ltr'>loco</span> <span class='ocrx_word' id='word_1_886' title='bbox 2364 5280 2703 5338; x_wconf 90' lang='lat' dir='ltr'>proponere</span> <span class='ocrx_word' id='word_1_887' title='bbox 2729 5265 2983 5333; x_wconf 88' lang='lat' dir='ltr'>decrevi,</span> <span class='ocrx_word' id='word_1_888' title='bbox 3009 5265 3070 5321; x_wconf 91' lang='lat' dir='ltr'>id</span> <span class='ocrx_word' id='word_1_889' title='bbox 3091 5267 3292 5323; x_wconf 90' lang='lat' dir='ltr'>nescio</span> <span class='ocrx_word' id='word_1_890' title='bbox 3313 5267 3627 5340; x_wconf 92' lang='lat' dir='ltr'>quomodo</span> 
     </span>
    </p>
   </div>
   <div class='ocr_carea' id='block_1_115' title="bbox 1967 5355 3628 5428">
    <p class='ocr_par' dir='ltr' id='par_1_115' title="bbox 1967 5355 3628 5428">
     <span class='ocr_line' id='line_1_115' title="bbox 1967 5355 3628 5428; baseline -0.001 -14"><span class='ocrx_word' id='word_1_891' title='bbox 1967 5373 2065 5414; x_wconf 90' lang='lat' dir='ltr'>me</span> <span class='ocrx_word' id='word_1_892' title='bbox 2097 5356 2293 5426; x_wconf 88' lang='lat' dir='ltr'>magis</span> <span class='ocrx_word' id='word_1_893' title='bbox 2315 5360 2517 5412; x_wconf 89' lang='lat' dir='ltr'>movet</span> <span class='ocrx_word' id='word_1_894' title='bbox 2542 5373 2554 5411; x_wconf 95' lang='lat'>:</span> <span class='ocrx_word' id='word_1_895' title='bbox 2579 5355 2789 5410; x_wconf 88' lang='lat' dir='ltr'>merito</span> <span class='ocrx_word' id='word_1_896' title='bbox 2814 5371 2892 5410; x_wconf 90' lang='lat' dir='ltr'>an</span> <span class='ocrx_word' id='word_1_897' title='bbox 2917 5355 3242 5425; x_wconf 90' lang='lat' dir='ltr'>immerito,</span> <span class='ocrx_word' id='word_1_898' title='bbox 3259 5356 3628 5428; x_wconf 87' lang='lat' dir='ltr'>judicabunt</span> 
     </span>
    </p>
   </div>
   <div class='ocr_carea' id='block_1_116' title="bbox 1969 5443 3628 5516">
    <p class='ocr_par' dir='ltr' id='par_1_116' title="bbox 1969 5443 3628 5516">
     <span class='ocr_line' id='line_1_116' title="bbox 1969 5443 3628 5516; baseline -0.003 -13"><span class='ocrx_word' id='word_1_899' title='bbox 1969 5445 2088 5504; x_wconf 89' lang='lat' dir='ltr'>alii.</span> <span class='ocrx_word' id='word_1_900' title='bbox 2122 5444 2517 5502; x_wconf 87' lang='lat' dir='ltr'>Probavimus</span> <span class='ocrx_word' id='word_1_901' title='bbox 2541 5443 2894 5500; x_wconf 87' lang='lat' dir='ltr'>monasterii</span> <span class='ocrx_word' id='word_1_902' title='bbox 2921 5444 3276 5516; x_wconf 67' lang='lat' dir='ltr'>praefectum</span> <span class='ocrx_word' id='word_1_903' title='bbox 3315 5445 3376 5500; x_wconf 92' lang='lat' dir='ltr'>in</span> <span class='ocrx_word' id='word_1_904' title='bbox 3403 5443 3628 5503; x_wconf 86' lang='lat' dir='ltr'>Consti-</span> 
     </span>
    </p>
   </div>
   <div class='ocr_carea' id='block_1_117' title="bbox 1968 5530 3660 5606">
    <p class='ocr_par' dir='ltr' id='par_1_117' title="bbox 1968 5530 3660 5606">
     <span class='ocr_line' id='line_1_117' title="bbox 1968 5530 3660 5606; baseline 0 -14"><span class='ocrx_word' id='word_1_905' title='bbox 1968 5535 2305 5592; x_wconf 82' lang='lat' dir='ltr'>tutionibus</span> <span class='ocrx_word' id='word_1_906' title='bbox 2333 5532 2588 5589; x_wconf 90' lang='lat' dir='ltr'>indicari</span> <span class='ocrx_word' id='word_1_907' title='bbox 2615 5532 2798 5588; x_wconf 88' lang='lat' dir='ltr'>variis</span> <span class='ocrx_word' id='word_1_908' title='bbox 2819 5532 3190 5602; x_wconf 88' lang='lat' dir='ltr'>nominibus,</span> <span class='ocrx_word' id='word_1_909' title='bbox 3212 5549 3350 5606; x_wconf 82' lang='lat' dir='ltr'>quae</span> <span class='ocrx_word' id='word_1_910' title='bbox 3379 5549 3417 5590; x_wconf 88' lang='lat' dir='ltr'>a</span> <span class='ocrx_word' id='word_1_911' title='bbox 3437 5537 3627 5606; x_wconf 85' lang='lat' dir='ltr'>Regu-</span> <span class='ocrx_word' id='word_1_912' title='bbox 3653 5530 3660 5537; x_wconf 55' lang='grc'><strong>“</strong></span> 
     </span>
    </p>
   </div>
   <div class='ocr_carea' id='block_1_118' title="bbox 1969 5621 3624 5697">
    <p class='ocr_par' dir='ltr' id='par_1_118' title="bbox 1969 5621 3624 5697">
     <span class='ocr_line' id='line_1_118' title="bbox 1969 5621 3624 5697; baseline -0.002 -12"><span class='ocrx_word' id='word_1_913' title='bbox 1969 5626 2046 5685; x_wconf 88' lang='lat' dir='ltr'>lis</span> <span class='ocrx_word' id='word_1_914' title='bbox 2074 5627 2299 5684; x_wconf 84' lang='lat' dir='ltr'>absunt</span> <span class='ocrx_word' id='word_1_915' title='bbox 2329 5642 2343 5681; x_wconf 89' lang='lat'><strong>:</strong></span> <span class='ocrx_word' id='word_1_916' title='bbox 2377 5639 2541 5681; x_wconf 91' lang='lat' dir='ltr'>nunc</span> <span class='ocrx_word' id='word_1_917' title='bbox 2577 5622 2866 5681; x_wconf 89' lang='lat' dir='ltr'>eumdem</span> <span class='ocrx_word' id='word_1_918' title='bbox 2904 5621 3024 5680; x_wconf 86' lang='lat' dir='ltr'>alia</span> <span class='ocrx_word' id='word_1_919' title='bbox 3059 5623 3332 5696; x_wconf 86' lang='lat' dir='ltr'>quadam</span> <span class='ocrx_word' id='word_1_920' title='bbox 3369 5625 3624 5697; x_wconf 88' lang='lat' dir='ltr'>ratione,</span> 
     </span>
    </p>
   </div>
  </div>
