4092 6406
470 300 545 359 99
1962 290 2354 355 PBBFATIO.

3792 314 3898 374 lOO

469 438 656 498 quam
680 423 743 479 in
773 419 1268 479 Constitutionem
1295 418 1448 476 libro
1487 433 1729 476 cernere
1768 434 1893 477 non
1924 423 2034 487 est,
2064 418 2127 475 in
2159 423 2208 477 A
2238 421 2360 479 ciat
2413 424 2504 479 rei
2544 428 2851 484 communi
2884 429 3194 500 praefectis
3246 431 3406 491 hanc
3456 434 3652 506 ipsam
3700 440 3893 497 ratio-

468 511 707 585 Regalis
748 509 1059 582 designari
1102 509 1510 566 ostendemus.
1560 511 1691 566 Jam
1734 509 1813 565 ad
1851 507 2129 581 exempla

465 601 907 673 confugiamus.
933 604 1152 656 Auctor
1172 599 1352 669 igitur
1382 616 1521 656 cum
1540 598 1789 656 dixisset
1808 599 2127 655 honestam

463 693 631 750 illam
658 707 792 748 esse
819 695 875 747 et
903 690 1247 747 ordinatam
1277 689 1517 746 vivendi
1550 689 1869 759 rationem,
1898 688 1946 744 si
1974 688 2128 745 inter

462 783 677 839 fratres
706 780 1121 837 membrorum
1165 780 1317 836 ratio
1356 785 1644 847 servetur,
1684 779 2125 852 comparationi

461 872 603 929 huic
631 870 937 942 insistens,
956 870 1040 926 sic
1064 869 1301 925 locutus
1332 873 1421 925 est
1453 869 1599 941 (reg.
1626 872 1716 937 24,
1738 869 1893 924 inter
1910 868 2118 939 maj.):

460 960 623 1014 ’Ὥστε
676 965 764 1013 τὸν
820 965 911 1034 μέν
973 979 1088 1012 τινα
1146 958 1413 1031 ὀφθαλμοῦ
1469 957 1675 1030 ἐπέχειν
1738 954 1959 1031 δύναμιν
2023 963 2118 1017 τὴν

461 1050 747 1124 ἐπιμέλειαν
812 1055 907 1109 τὴν
966 1054 1142 1108 κοινὴν
1210 1051 1647 1121 πεπιστευμένον,
1709 1052 1822 1104 etc.
1888 1049 1985 1105 Ita
2050 1054 2118 1105 ut

459 1142 621 1198 alius
643 1141 879 1215 quidem
927 1140 1089 1197 oculi
1115 1140 1234 1196 vim
1264 1138 1551 1209 obtineat,
1584 1138 1685 1193 cui
1709 1138 1937 1194 scilicet
1978 1152 2115 1195 con-

459 1232 689 1288 credita
713 1232 792 1287 sit
822 1231 1152 1287 communis
1176 1243 1378 1285 rerum
1406 1243 1577 1293 cura,
1598 1232 1710 1284 etc.
1743 1226 1913 1284 Haud
1935 1225 2114 1297 longe

455 1320 545 1380 ita
570 1324 714 1395 (reg.
759 1324 850 1390 25,
881 1335 944 1375 n.
980 1323 1031 1390 1)
1071 1317 1278 1374 scribit
1306 1335 1318 1372 :
1354 1322 1538 1391 Διόπερ
1571 1319 1596 1368 ὁ
1626 1321 1716 1375 την
1749 1321 1925 1375 κοινὴν
1953 1336 2111 1390 φρον-

454 1409 586 1466 τίδα
634 1413 1069 1482 πεπιστευμένος,
1123 1411 1191 1470 ὡς
1257 1407 1463 1480 ὀφείλων
1531 1406 1680 1480 λόγον
1743 1403 1926 1460 δοῦναι
1990 1413 2110 1481 περὶ

454 1501 699 1571 ἑκάστου,
746 1502 881 1555 οὕτω
930 1497 1243 1553 διακείσθω.
1294 1498 1688 1567 Quamobrem
1736 1500 1839 1555 cui
1870 1499 2111 1556 deman-

451 1594 600 1651 data
638 1598 724 1649 est
769 1594 1099 1649 communis
1146 1602 1316 1657 cura,
1366 1589 1416 1645 is
1463 1589 1555 1644 ita
1593 1588 1932 1658 afﬁciatur,
1971 1595 2110 1645 tan-

450 1698 633 1755 quam
681 1683 789 1753 qui
836 1680 909 1737 de
953 1680 1207 1751 singulis
1262 1678 1616 1734 redditurus
1662 1678 1741 1734 sit
1786 1680 2104 1736 rationem.

2234 526 2391 581 nem,
2423 510 2496 568 ob
2526 530 2707 587 quam
2737 520 3065 588 asperitate
3090 523 3317 593 majori
3341 524 3616 596 indigere
3641 542 3703 585 se
3729 528 3893 586 arbi-

2237 604 2460 658 tratur.
2503 605 2645 674 Ejus
2691 605 2776 662 rei
2817 606 2941 663 duo
2993 609 3274 683 exempla
3324 612 3633 672 exhibebit
3678 616 3894 688 regula

2235 704 2357 747 una
2387 691 2534 763 (reg.
2583 696 2730 765 235),
2779 694 2843 752 in
2889 712 3014 770 qua
3060 698 3143 755 sic
3185 699 3450 771 legitur:
3482 706 3581 757 Δύο
3607 708 3889 778 ταγμάτων

2232 779 2650 855 καθολικωτέρων
2712 788 2868 837 ὄντων
2896 829 2910 854 ,
2965 791 3055 840 καὶ
3111 796 3213 841 τῶν
3264 793 3353 863 μὶν
3411 796 3505 851 τὴν
3556 799 3889 866 προστασίαν

2230 876 2666 943 πεπιστευμένων,
2701 882 2802 926 τῶν
2847 872 2907 928 δε
2954 876 3026 938 εἰς
3069 878 3354 932 εὐπείθειαν
3401 886 3492 934 καὶ
3533 883 3767 943 ὑπακοὴν
3798 904 3886 939 τε-

2228 964 2512 1031 ταγμένων,
2565 959 2613 1012 ἐν
2641 959 2916 1037 διαφόροις
2943 971 3280 1041 χαρίσμασι,
3313 968 3593 1046 λογίζομαι
3623 973 3704 1026 ὅτι
3733 976 3760 1026 ὁ
3792 979 3888 1049 μὲν

2227 1050 2321 1105 τὴν
2351 1055 2680 1122 προστασίαν
2722 1058 2814 1106 καὶ
2865 1053 3154 1127 ἐπιμέλειαν
3201 1066 3303 1110 τῶν
3350 1058 3595 1114 πλειόνων
3642 1061 3887 1136 ἕγκεχει-

2224 1143 2487 1210 ρισμένος,
2542 1144 2608 1193 τὰ
2648 1144 2852 1196 πάντων
2904 1142 3100 1199 εἰδέναι
3153 1147 3243 1199 καὶ
3280 1146 3614 1223 ἐκμανθάνειν
3671 1152 3882 1227 ὀφείλει,

2224 1229 2335 1283 etc.
2392 1229 2527 1286 Duo
2566 1246 2701 1289 cum
2754 1235 2878 1290 sint
2921 1237 3117 1307 magis
3169 1241 3481 1307 generales
3522 1242 3785 1316 ordines,
3824 1251 3885 1302 et

2222 1331 2451 1389 eorum,
2482 1322 2589 1391 qui
2615 1324 2755 1379 aliis
2780 1325 3224 1396 praeﬁciuntur,
3265 1335 3321 1384 et
3359 1344 3589 1399 eorum,
3619 1348 3882 1405 quorum

2214 1413 2423 1476 partes
2441 1416 2584 1466 sunt
2602 1427 2825 1470 morem
2846 1428 3056 1485 gerere
3071 1421 3129 1473 et
3157 1416 3415 1488 obedire,
3442 1421 3768 1479 secundum
3790 1423 3883 1479 di-

2221 1512 2393 1555 versa
2421 1499 2602 1572 dona,
2635 1502 2928 1573 arbitror,
2962 1506 3065 1561 cui
3086 1508 3458 1577 prefectura
3478 1515 3534 1567 et
3563 1525 3715 1569 cura
3734 1513 3879 1583 plu-

2218 1588 2377 1645 rium
2399 1591 2741 1649 concredita
2761 1599 2868 1661 est,
2887 1608 3043 1666 eum,
3060 1610 3195 1668 quae
3213 1599 3487 1655 omnibus
3506 1609 3877 1673 congruunt,

2215 1678 2370 1736 scire
2396 1695 2470 1736 ac
2493 1681 2755 1739 ediscere
2781 1684 3014 1751 debere,
3045 1690 3159 1742 etc.
3190 1687 3307 1743 Etsi
3329 1688 3522 1746 multa
3543 1690 3675 1762 jam
3704 1696 3880 1751 uota-

449 1772 836 1845 Persequitur
870 1769 988 1826 hoc
1017 1768 1202 1825 modo
1239 1767 1387 1839 (reg.
1432 1769 1524 1833 26)
1555 1784 1568 1823 :
1598 1760 1729 1820 um
1774 1765 2109 1840 ἀπογυμνοῦν
2137 1776 2187 1832 Β
2214 1767 2293 1838 vi,
2342 1768 2738 1829 nihilominus
2791 1776 2997 1831 tamen
3048 1774 3167 1833 alia
3214 1775 3353 1833 duo
3387 1777 3526 1836 loca
3547 1760 3876 1853 adjiciam.

447 1865 515 1916 τὰ
539 1863 744 1937 κρυπτὰ
770 1869 866 1923 τῆς
897 1855 1121 1934 καρδίας
1151 1865 1260 1919 τοῖς
1289 1860 1713 1930 πεπιστευμένοις
1742 1866 1843 1909 τῶν
1873 1853 2105 1930 ἀδελφῶν

448 1951 825 2023 εὖσπλάγχνως
881 1954 971 2002 καὶ
1030 1949 1319 2021 συμπαθῶς
1379 1946 1732 2019 ἐπιμελεῖσθαι
1784 1955 1884 1999 τῶν
1951 1945 2104 2001 ἀσθε-

444 2044 682 2096 νούντων.
740 2040 860 2098 Sed
911 2039 1081 2096 debet
1138 2037 1297 2094 hisce
1354 2036 1693 2107 fratribus,
1762 2038 1869 2109 qui
1926 2037 2102 2106 inﬁr-

443 2133 556 2189 mis
604 2131 854 2202 benigne
903 2134 959 2186 et
1001 2128 1263 2184 humane
1291 2126 1582 2184 curandis
1623 2126 1900 2196 praefecti
1936 2133 2100 2195 sunt,

442 2221 640 2281 cordis
664 2233 899 2277 arcana
940 2218 1197 2288 aperire.
1242 2215 1372 2273 Alio
1413 2215 1550 2272 loco
1596 2216 1679 2273 ita
1706 2214 1923 2285 legitur
1950 2222 2098 2287 (reg.

441 2313 577 2383 30):
613 2309 764 2363 Οΰτω
817 2311 906 2361 καὶ
953 2306 1122 2360 πολλῶ
1165 2305 1314 2359 πλέον
1359 2307 1386 2358 ὁ
1432 2307 1498 2358 τά
1546 2302 1887 2378 ἀσθενήματα
1918 2305 2101 2359 ἰᾶσθαι

438 2409 537 2463 τῆς
582 2395 933 2472 ἀδελφότητος
975 2396 1293 2463 πιστευθείς,
1353 2397 1463 2450 etc.
1525 2395 1628 2451 Sic
1673 2396 1863 2452 multo
1918 2396 2099 2453 etiam

437 2491 629 2561 magis
656 2505 754 2546 cui
794 2489 975 2545 totius
1020 2488 1292 2557 fratrum
1338 2486 1640 2541 societatis
1684 2486 1974 2542 sanandae
2000 2486 2098 2543 de-

441 2584 644 2653 legata
671 2579 990 2651 provincia
1020 2584 1127 2645 est,
1160 2581 1273 2635 etc.
1304 2576 1584 2650 Sequitur
1612 2578 1759 2649 (reg.
1794 2581 1884 2646 43,
1912 2592 1973 2633 n.
2006 2578 2091 2648 1):

438 2674 505 2724 Οἱ
554 2676 649 2731 τὴν
702 2667 925 2743 ὁδηγίαν
967 2676 1068 2721 τῶν
1111 2666 1310 2720 πολλῶν
1365 2671 1783 2740 πεπιστευμένοι,
1842 2671 1963 2729 τοὺς
2017 2671 2094 2720 ἔτι

434 2762 838 2836 ἀσθενεστέρους
894 2757 989 2813 διὰ
1037 2767 1133 2820 τῆς
1190 2758 1382 2811 ἑαυτῶν
1439 2762 1703 2831 μεσιτείας
1754 2757 2093 2833 προϐιϐάζειν

436 2852 701 2927 ὀφείλουσι
729 2859 791 2924 τῇ
834 2856 927 2903 τοῦ
958 2856 1193 2925 Χριστοῦ
1220 2847 1542 2920 ἐξομοιώσει,
1575 2850 1695 2904 etc.
1746 2849 1834 2903 Hi
1878 2849 2093 2920 quibus

434 2945 667 3002 credita
693 2948 779 3001 est
804 2942 1074 3012 plurium
1100 2939 1500 3011 regendorum
1539 2952 1710 3007 cura,
1730 2938 2091 3008 inﬁrmiores

431 3050 544 3093 sua
574 3035 843 3105 ipsorum
872 3045 1051 3102 Opera
1088 3030 1171 3087 ad
1205 3029 1567 3086 imitandum
1614 3028 1923 3086 Christum
1946 3043 2091 3099 pro-

2214 1859 2451 1917 Primus
2475 1865 2564 1918 est
2589 1862 2735 1933 (reg.
2769 1865 2896 1935 252)
2930 1882 2943 1921 :
2975 1863 3127 1918 Ἀλλὰ
3155 1873 3226 1918 τῶ
3260 1874 3375 1921 Θεῶ
3410 1867 3717 1942 ἐντυγχάνει
3753 1877 3876 1946 περὶ

2213 1952 2419 2005 τούτου.
2455 1956 2557 2004 Καὶ
2604 1956 2700 2013 τὴν
2748 1951 2980 2026 ἀνάγκην
3026 1964 3124 2018 τῆς
3165 1953 3367 2021 ἐνδείας
3413 1960 3554 2011 αὐτῶ
3585 1957 3872 2031 ἐπιδείξας,

2213 2039 2378 2101 οὑτως
2420 2039 2582 2095 ἐσθίει
2628 2045 2687 2096 τὸ
2738 2038 3013 2117 διδόμενον
3056 2049 3199 2119 παρὰ
3244 2054 3338 2100 τοῦ
3378 2052 3511 2122 μετά
3554 2046 3877 2124 δοκιμασίας

2212 2127 2610 2204 ἐπιτεταγμένον
2658 2140 2821 2185 ποιεῖν
2869 2132 2947 2207 ἔφ’
2970 2134 3197 2199 ἑκάστης
3238 2138 3439 2212 ἡμέρας
3482 2142 3564 2207 τὸ,
3600 2137 3876 2196 Δίεδίδοτο

2212 2215 2416 2270 ἑκάστω
2444 2221 2631 2273 καθότι
2660 2222 2722 2274 ἄν
2750 2241 2832 2284 τις
2859 2227 3047 2297 χρείαν
3077 2220 3241 2296 εἶχεν.
3275 2226 3398 2283 Sed
3442 2242 3576 2285 eum
3605 2228 3876 2303 [panem]

2210 2319 2249 2362 a
2288 2308 2413 2364 Deo
2458 2312 2627 2379 petit.
2686 2313 2877 2383 Atque
2929 2313 3130 2383 posita
3158 2314 3282 2384 ipsi
3326 2315 3405 2374 ob
3454 2319 3662 2375 oculos
3715 2320 3874 2376 indi-

2206 2397 2424 2467 gentia
2470 2414 2593 2456 sua
2642 2402 3013 2470 necessitate,
3064 2404 3150 2461 sic
3189 2404 3313 2461 edit
3361 2407 3525 2478 quod
3567 2408 3756 2465 datur
3790 2409 3873 2468 ab

2206 2500 2292 2557 eo,
2337 2489 2438 2544 cui
2473 2504 2607 2546 cum
2648 2491 3012 2561 probatione
3051 2508 3126 2552 ea
3174 2510 3326 2553 cura
3373 2499 3727 2558 concredim
3758 2506 3867 2572 est,

2206 2582 2273 2633 ut
2308 2579 2575 2648 quotidie
2611 2580 2810 2650 faciat
2859 2583 3041 2653 illud,
3074 2606 3104 2635 (ι
3136 2584 3539 2643 Dividebatur
3581 2590 3872 2660 singutis,

2199 2672 2385 2735 prout
2415 2669 2630 2748 cuique
2675 2686 2826 2740 opus
2854 2678 3009 2729 erat.
3042 2695 3071 2723 »
3114 2672 3277 2731 Alter
3322 2674 3470 2747 (reg.
3510 2676 3638 2749 284)
3669 2695 3683 2733 :
3718 2681 3869 2752 Ηαρὰ

2202 2758 2352 2807 τίνων
2383 2752 2418 2808 δ
2422 2760 2442 2808 Is
2470 2760 2580 2831 χρὴ
2608 2757 2905 2831 λαμϐάνειν,
2934 2766 3026 2813 καὶ
3056 2766 3199 2830 πότε,
3232 2768 3323 2817 καὶ
3352 2772 3480 2833 πῶς,
3511 2767 3537 2818 ὁ
3566 2771 3661 2826 την
3684 2787 3865 2826 κοινην

2202 2843 2457 2919 φροντίδα
2503 2846 2902 2923 ἐπιτεταγμένος
2948 2847 3255 2926 δοκιμάζειν
3300 2854 3506 2927 ὀφείλει.
3550 2857 3602 2912 Α
3646 2858 3865 2930 quibus

2201 2942 2399 2994 autem
2426 2940 2701 3009 accipere
2723 2943 3060 3010 conveniat,
3093 2950 3149 2999 et
3175 2945 3437 3017 quando,
3461 2952 3518 3004 et
3546 2949 3860 3020 quomodo,

2200 3027 2538 3096 expendere
2583 3029 2755 3087 debet
2795 3031 2846 3087 is
2885 3032 2985 3087 cui
3026 3033 3373 3093 concredita
3419 3041 3507 3092 est
3534 3039 3863 3095 communis

430 3139 665 3182 movere
708 3123 946 3191 debent,
986 3124 1097 3178 etc.
1144 3117 1432 3192 Exempla
1472 3117 1663 3175 multo
1690 3118 1883 3192 fplura
1920 3134 1953 3176 e
1983 3122 2093 3176 Re-
2123 3128 2165 3185 ο
2200 3132 2372 3175 cura.
2399 3118 2710 3188 Ejusmodi
2733 3122 2940 3177 autem
2958 3121 3436 3195 circumlocutio,
3459 3139 3584 3198 qua
3609 3124 3862 3198 Regula-

429 3214 588 3287 gulis
634 3211 1035 3279 brevioribus,
1090 3210 1140 3266 si
1185 3208 1419 3278 liberet,
1464 3206 1730 3281 proferre
1784 3224 2030 3282 possem
2073 3220 2087 3259 :

428 3304 536 3361 sed
563 3319 641 3360 ne
670 3301 927 3359 nimium
975 3299 1195 3371 longus
1233 3313 1365 3355 esse
1394 3297 1624 3367 videar,
1656 3296 1863 3371 aliqua
1888 3298 2089 3358 solum

430 3392 773 3465 subjiciam,
810 3393 1025 3447 caetera
1063 3386 1367 3444 indicabo.
1422 3386 1490 3442 In
1537 3387 1632 3444 his
1672 3386 1852 3458 igitur
1881 3388 1967 3446 ita
2001 3389 2087 3447 le-

427 3483 631 3554 gimus
677 3480 823 3553 (reg.
856 3479 949 3543 45)
986 3496 999 3534 :
1029 3477 1087 3530 Ὀ
1117 3481 1291 3550 μέντοι
1334 3475 1727 3549 ἐπιτεταγμένος
1756 3482 1853 3537 τὴν
1881 3478 2085 3532 οἰκονο-

425 3576 553 3645 μίαν
589 3578 682 3624 τοῦ
727 3569 902 3641 λόγου,
951 3566 1035 3620 ἐὰν
1082 3565 1311 3640 ἆμελήσῃ
1365 3573 1459 3619 τοῦ
1507 3564 1825 3639 ἀναγγεῖλαι,
1880 3569 1948 3631 ὡς
1998 3587 2085 3641 φο-

423 3667 534 3725 νεὺς
591 3665 842 3737 κρίνεται.
911 3659 1205 3716 Caeterum
1267 3657 1370 3713 cui
1428 3657 1740 3714 tradendae
1794 3657 2087 3717 doctrinae

419 3768 640 3810 munus
662 3750 1039 3809 commissum
1061 3752 1168 3817 est,
1191 3747 1242 3803 is
1262 3747 1317 3802 si
1335 3747 1708 3804 annuntiare
1725 3749 2082 3819 neglexerit,

418 3840 670 3915 perinde
705 3845 773 3897 ut
808 3837 1113 3897 homicida
1150 3837 1501 3894 damnatur.
1535 3836 1818 3908 Ejusdem
1848 3838 2085 3908 generis

420 3937 562 3991 sunt
607 3931 739 3989 haec
778 3931 928 4000 (reg.
979 3928 1067 3997 93)
1098 3944 1111 3983 :
1148 3931 1252 3979 Καὶ
1282 3928 1476 3988 ταύτης
1508 3926 1602 3979 οὐκ
1632 3925 1680 3978 έν
1723 3923 1838 4000 ἰδίᾳ
1873 3926 2086 4003 ἐξουσίᾳ

417 4028 679 4099 κειμένης,
713 4020 843 4073 ἀλλὰ
861 4020 1006 4092 παρὰ
1034 4024 1127 4070 τοῦ
1152 4019 1347 4075 ταύτην
1378 4015 1776 4091 ἐπι-τεταγμένου
1806 4023 1900 4077 τὴν
1932 4038 2086 4093 φρον-

416 4112 546 4169 τίδα
574 4110 976 4183 οἰκονομουμένη
989 4129 1028 4174 ς,
1063 4109 1112 4159 ἓν
1142 4126 1196 4159 τε
1216 4114 1383 4180 καιρῶ
1412 4110 1504 4158 καὶ
1537 4110 1729 4181 μέτρῶ,
1761 4111 1872 4164 etc.
1904 4110 2085 4182 Isque

413 4203 629 4278 [cibus]
661 4205 725 4258 in
750 4201 940 4270 ipsius
963 4201 1264 4268 potestate
1284 4197 1523 4266 positus
1564 4212 1686 4253 non
1729 4198 1829 4269 sit,
1869 4199 1974 4256 sed
2003 4200 2079 4258 ab

413 4312 480 4354 eo
510 4295 613 4353 cui
638 4293 765 4365 fuit
795 4305 940 4349 cura
980 4288 1105 4346 hac
1132 4287 1498 4358 concredita,
1530 4293 1588 4345 et
1630 4288 1696 4344 in
1728 4293 1993 4359 tempore
2020 4297 2078 4349 et

411 4386 477 4442 in
505 4397 791 4442 mensura
813 4381 930 4451 ipsi
956 4377 1475 4451 subministretur,
1505 4381 1616 4434 etc.
1650 4376 1881 4444 Quibus
1913 4395 2075 4437 com-

2197 3224 2338 3265 rum
2369 3212 2579 3265 auctor
2600 3209 2717 3265 sibi
2747 3209 2998 3267 miriﬁce
3016 3210 3261 3285 placuit,
3287 3228 3602 3288 nusquam
3628 3215 3692 3272 in
3709 3218 3862 3273 Con-

2200 3297 2614 3355 stitutionibus
2642 3304 2935 3372 usurpata
2958 3299 3281 3357 invenitur.
3310 3302 3418 3360 Cui
3435 3318 3582 3374 ergo
3610 3319 3860 3377 persua-

2195 3386 2325 3443 deri
2366 3386 2625 3460 poterit,
2679 3386 3053 3459 [tegularum
3110 3393 3294 3463 atque
3346 3391 3856 3451 Constitutionum

2194 3493 2389 3534 unum
2419 3482 2475 3534 et
2502 3476 2788 3534 eumdem
2817 3482 3129 3536 auctorem
3172 3495 3326 3551 esse,
3356 3496 3497 3538 cum
3527 3486 3854 3557 utrumque

2194 3584 2348 3643 opus
2365 3573 2487 3626 tam
2500 3568 2736 3626 diverse
2748 3569 3041 3643 scriptum
3059 3570 3173 3627 sit?
3192 3573 3313 3642 Ego
3328 3571 3576 3645 quidem
3586 3588 3711 3631 non
3726 3578 3855 3632 tan-

2193 3664 2398 3734 topere
2419 3658 2826 3716 insistendum
2846 3663 3149 3733 putarem,
3172 3660 3225 3716 si
3253 3663 3666 3722 controversia
3692 3668 3853 3724 esset

2193 3748 2270 3806 de
2292 3747 2497 3822 aliqua
2515 3762 2579 3804 re
2595 3762 2733 3821 quae
2754 3762 2896 3804 raro
2916 3748 3118 3805 tamin
3138 3749 3382 3820 Regalis
3399 3767 3590 3825 quam
3612 3753 3674 3809 in
3701 3755 3851 3812 Con.

2193 3836 2602 3894 stitutionibus
2620 3838 2962 3894 occurreret
2984 3853 2997 3892 :
3021 3836 3128 3893 sed
3149 3853 3289 3895 cum
3308 3839 3372 3896 in
3390 3844 3648 3915 utroque
3664 3857 3852 3916 opere

2192 3927 2268 3985 de
2289 3926 2730 3985 monachorum
2751 3926 3075 3999 praeposito
3094 3929 3325 4002 passim
3350 3945 3549 3988 sermo
3573 3931 3850 3992 institua-

2193 4022 2308 4090 tur,
2342 4032 2465 4075 non
2494 4016 2676 4074 video
2700 4016 2809 4089 qui
2832 4016 2961 4073 ﬁeri
2987 4018 3302 4089 potuisset,
3325 4023 3392 4076 ut
3417 4019 3673 4078 fratrum
3696 4038 3845 4096 prie-

2188 4109 2379 4165 fectus
2425 4121 2517 4174 ea,
2558 4120 2749 4179 quam
2786 4104 2933 4178 dixi,
2963 4105 3292 4164 verborum
3334 4109 3683 4168 circuitione
3720 4128 3847 4170 non

2187 4196 2509 4272 aliquoties
2522 4195 2738 4254 saltem
2750 4195 2815 4252 in
2836 4196 3382 4255 Constitutionibus
3395 4199 3843 4275 designantur,

2186 4288 2239 4345 si
2264 4303 2475 4345 earum
2501 4286 2667 4343 idem
2709 4289 2922 4343 auctor
2956 4291 3131 4356 esset,
3159 4287 3266 4362 qui
3308 4289 3693 4361 Regularum.
3726 4292 3845 4351 Au-

2184 4382 2379 4436 ctores
2410 4377 2594 4449 enim,
2617 4376 2724 4450 qui
2751 4377 2926 4434 certis
2955 4377 3328 4451 quibusdam
3348 4379 3591 4439 dicendi
3618 4383 3846 4442 formu-

409 4492 522 4549 par
547 4491 616 4532 ac
645 4473 958 4546 geminum
999 4473 1088 4527 est
1128 4468 1277 4525 illud
1307 4469 1457 4540 (reg.
1504 4471 1627 4539 182)
1661 4484 1674 4524 :
1722 4471 1962 4522 Φαίνεται
1991 4470 2071 4524 ὃτι
2097 4486 2144 4541 ι)
2180 4468 2253 4526 lis
2283 4467 2364 4525 ad
2403 4467 2673 4541 aliquam
2719 4482 2849 4524 rem
2902 4468 3365 4541 exprimendam
3395 4471 3482 4528 uti
3511 4489 3843 4531 consueve-

409 4565 505 4619 οὐκ
534 4563 928 4639 ἐπληροφορήθη
977 4563 1071 4619 τὴν
1119 4554 1309 4612 ἐλπίδα
1361 4557 1625 4631 Λαζάρου,
1660 4556 1776 4610 οὒτε
1822 4557 2071 4634 ἐγνώρισε

407 4659 502 4714 τὴν
546 4653 753 4726 ἀγάπην
797 4658 890 4704 τοῦ
933 4652 1344 4722 πεπιστευμένου
1393 4651 1488 4706 τὴν
1525 4648 1730 4700 πάντων
1773 4652 1863 4701 καὶ
1908 4650 2068 4703 αὐτοῦ

408 4744 716 4818 ἐπιμέλειαν.
764 4740 1042 4813 Apparet
1090 4739 1231 4795 huic
1272 4730 1629 4809 persuasum
1671 4754 1794 4795 non
1836 4754 1960 4797 esse
1995 4740 2070 4799 de

404 4849 510 4905 spe
552 4833 791 4900 Lazari,
838 4845 1030 4904 neque
1078 4830 1281 4899 ipsum
1324 4827 1688 4885 charitatem
1736 4829 1929 4896 illius,
1969 4832 2071 4889 cui

404 4925 669 4981 omnium
697 4927 750 4979 et
779 4922 877 4979 sui
903 4920 1091 4989 ipsius
1112 4932 1259 4975 cura
1281 4918 1628 4975 concredita
1659 4923 1765 4987 est,
1785 4935 2064 4990 perspec-

407 5021 529 5071 tam
579 5013 815 5070 habere.
873 5008 1025 5067 Nihil
1079 5007 1331 5066 omnino
1377 5006 1663 5065 diﬂ‘erunt
1700 5025 1839 5082 quae
1884 5012 2063 5068 ascri-

400 5103 547 5163 bam
592 5106 737 5175 (reg.
775 5103 895 5174 l38)
929 5119 941 5155 :
973 5099 1034 5153 Εἰ
1064 5096 1124 5151 δέ
1169 5118 1251 5160 τις
1298 5100 1459 5150 οἴεται
1501 5098 1726 5172 χρῄζειν
1764 5106 1856 5153 τοῦ
1894 5100 2062 5155 πλείο-

400 5216 503 5265 νος,
538 5197 636 5249 εἴτε
694 5194 741 5247 ἐν
784 5195 1022 5264 νηστείᾳ,
1069 5193 1169 5243 εἴτε
1217 5186 1265 5241 ἐν
1297 5187 1579 5262 ἀγρυπνία,
1614 5193 1713 5242 εἴτε
1744 5188 1791 5242 ἐν
1818 5187 2061 5263 ᾠδήποτε

400 5285 555 5354 ἄλλω,
612 5283 1019 5338 ἀποκαλυπτέτω
1074 5278 1183 5342 τοῖς
1238 5282 1332 5337 τὴν
1384 5283 1561 5338 κοινὴν
1619 5278 1906 5353 ἐπιμέλειαν
1962 5302 2067 5335 πε-“

398 5377 763 5448 πιστευμένοις
813 5377 906 5430 τὴν
960 5372 1205 5423 ὑπόθεσιν
1255 5368 1437 5435 αὐτὴν,
1492 5365 1563 5421 δι’
1610 5371 1671 5428 ἦν
1718 5370 1920 5444 νομίζει
1965 5379 2057 5424 τοῦ

397 5463 626 5526 πλείονος
655 5463 901 5537 χρῄζειν.
934 5460 1103 5528 Quod
1129 5460 1183 5516 si
1210 5459 1507 5532 quispiam
1557 5458 1863 5516 existimat
1909 5476 2057 5532 opus

396 5553 514 5611 sibi
540 5568 661 5611 esse
692 5551 1026 5623 asperitate
1060 5550 1312 5619 majore,
1344 5548 1469 5605 sive
1512 5546 1577 5604 in
1613 5549 1893 5619 jejuniis,
1934 5550 2059 5607 sive

395 5643 461 5701 in
508 5643 757 5715 vigiliis,
811 5645 934 5698 sive
979 5638 1045 5696 in
1082 5652 1444 5712 quacunque
1497 5637 1625 5697 alia
1678 5653 1764 5709 re,
1807 5639 2050 5711 patefa-

2178 4562 2341 4625 runt,
2372 4556 2609 4624 iisdem,
2645 4555 2695 4611 si
2723 4555 3005 4613 eamdem
3038 4556 3203 4614 illam
3232 4574 3364 4615 rem
3394 4558 3458 4616 in
3484 4561 3619 4618 aliis
3648 4562 3844 4637 operi-

2175 4648 2294 4705 bus
2323 4662 2485 4720 szepe
2524 4645 2863 4719 exprimere
2901 4661 3151 4704 necesse
3188 4647 3478 4717 habeant,
3506 4651 3843 4726 aliquando

2177 4738 2389 4797 saltem
2411 4737 2503 4795 vel
2529 4736 2935 4807 incogitantes
2960 4740 3232 4795 utuntur.
3257 4741 3325 4795 Et
3345 4741 3514 4813 quod
3537 4741 3734 4815 magis
3754 4746 3840 4800 at-

2174 4845 2293 4903 que
2310 4828 2507 4899 magis
2528 4842 2772 4884 movere
2795 4825 2977 4883 debet
3000 4844 3013 4882 :
3043 4842 3135 4893 ea,
3158 4844 3345 4901 quam
3363 4831 3592 4899 notavi,
3616 4830 3840 4889 verbo-

2171 4934 2311 4977 rum
2348 4917 2616 4975 circuitio
2644 4920 2772 4973 tam
2804 4914 3117 4973 familiaris
3145 4923 3274 4975 erat
3301 4919 3668 4990 Regularum
3696 4922 3841 4979 scri-

2171 5009 2349 5083 ptori,
2372 5011 2440 5064 ut
2463 5022 2587 5063 non
2609 5005 2807 5063 solum
2824 5022 2960 5064 eam
2986 5006 3301 5065 adhiberet
3324 5015 3454 5065 tum
3484 5025 3625 5068 cum
3652 5011 3835 5068 totius

2170 5096 2526 5157 monasterii
2558 5096 2954 5169 praepositum
2979 5096 3251 5154 indicare
3275 5098 3475 5171 vellet,
3504 5100 3610 5156 sed
3632 5101 3833 5174 ipsam

2169 5189 2354 5246 etiam
2384 5191 2725 5259 usurparet,
2745 5200 2885 5242 cum
2910 5201 3111 5243 sermo
3132 5186 3460 5245 haberetur
3485 5192 3559 5246 de
3584 5190 3835 5263 privatis

2167 5276 2544 5352 quibusdam
2562 5275 2906 5340 monachis,
2920 5275 3024 5347 qui
3039 5276 3350 5348 quibusvis
3366 5277 3550 5335 rebus
3567 5279 3835 5353 prtaﬁce-

2165 5372 2395 5425 rentur.
2439 5369 2572 5422 Haac
2621 5366 2751 5436 ejus
2794 5364 2881 5421 rei
2920 5365 3203 5438 exempla
3235 5372 3378 5424 sunt
3410 5374 3557 5439 (reg.
3593 5373 3685 5442 87)
3713 5389 3727 5426 :
3759 5374 3833 5423 Τὸ

2168 5452 2380 5509 διδόναι
2432 5455 2461 5513 ἢ
2513 5452 2790 5526 λαμϐάνειν
2843 5452 2887 5505 εἰ
2932 5458 3024 5506 καὶ
3074 5454 3188 5508 κατ’
3238 5455 3462 5523 ἐντολὴν,
3523 5457 3582 5511 οὐ
3640 5463 3833 5522 παντός

2167 5543 2329 5613 ἐστιν,
2387 5542 2514 5596 ἀλλὰ
2556 5550 2647 5597 τοῦ
2705 5545 2838 5617 μετὰ
2896 5540 3215 5618 δοκιμασίας
3267 5553 3678 5622 πεπιστευμένου
3735 5553 3834 5609 τὴν

2165 5635 2488 5708 οἰκονομίαν.
2504 5634 2669 5693 Dare
2694 5639 2802 5693 aut
2824 5634 3097 5707 accipere
3114 5637 3297 5697 etiam
3315 5638 3644 5697 secundum
3663 5652 3836 5698 man-
