4092 6386
266 298 359 352 101

1777 296 2162 356 PREFATIO.

3583 317 3685 378 102

255 421 490 516 datum,
511 425 739 516 nonest
765 419 1104 516 cujuslibet,
1125 420 1229 477 sed
1248 421 1403 516 ejus,
1416 420 1516 478 cui
1531 425 1663 490 post
1678 421 1916 516 {actum
1949 427 1994 480 Α
2024 422 2247 516 quibus
2271 427 2466 484 Basilii
2491 431 2994 491 Constitutionum
3020 439 3244 495 mentio
3278 440 3364 508 ﬁt,
3405 442 3556 499 nihil
3585 444 3685 516 ju-

247 511 593 580 periculum
614 511 882 568 delatum
899 516 983 567 est
1010 511 1403 580 dispensandi
1420 527 1658 566 munus.
1693 514 1917 566 Rursus

251 611 398 671 (reg.
431 603 548 660 100)
574 618 586 656 :
645 609 688 653 Ο
719 606 812 659 τὴν
838 597 1123 672 μετάδοσιν
1154 599 1568 674 ἐπιτεταγμένος,
1599 603 1728 673 μετὰ
1761 597 1915 653 δοκι-

251 695 452 762 μασίας
481 686 634 743 τοῦτο
656 694 888 745 ποιείτω.
943 691 1058 746 Cui
1096 706 1316 746 munus
1344 691 1744 746 distribuendi
1792 691 1916 760 fuit

249 781 648 851 assignatum,
680 783 744 835 in
773 784 1050 837 examine
1071 781 1382 850 praemisso
1435 780 1596 836 illud
1639 782 1909 850 impleat.

248 872 366 926 Nec
398 886 575 926 secus
616 869 906 942 scriptum
935 874 1025 926 est
1052 869 1364 942 aliquanto
1390 874 1527 942 post
1565 871 1711 941 (reg.
1749 871 1908 941 till):

252 962 516 1032 Παρεκτός
563 967 656 1011 τοῦ
693 963 1102 1031 πεπιστευμένου
1145 964 1240 1018 τὴν
1289 958 1562 1030 ἐπῐσκεψιν
1611 967 1710 1011 τῶν
1752 957 1910 1032 ἐργα-

250 1049 496 1121 ζομένων,
531 1049 560 1108 ἦ
602 1053 698 1107 τὴν
719 1048 1014 1121 οἰκονομίαν
1045 1058 1144 1102 τῶν
1187 1052 1366 1124 ἔργων,
1400 1051 1474 1116 ὃς,
1516 1053 1629 1106 etc.
1678 1049 1766 1103 ΕΟ
1815 1063 1911 1105 ea:-

246 1145 418 1207 cepto
441 1139 547 1210 qui
572 1139 868 1208 operariis
889 1140 1213 1196 invisendis
1243 1145 1300 1196 et
1329 1138 1745 1209 dispensandis
1779 1153 1910 1208 ope—

242 1228 415 1283 ribus
440 1229 764 1298 praefectus
776 1229 921 1298 fuit,
949 1231 1240 1300 quisquis,
1263 1234 1373 1284 etc.
1399 1228 1626 1285 Similia
1645 1227 1780 1284 loca
1808 1227 1912 1283 ad-

237 1316 426 1387 jicere
450 1317 597 1372 mihi
631 1316 871 1374 liceret:
931 1319 1038 1374 sed
1068 1334 1142 1374 ea
1178 1318 1445 1374 indicare
1475 1318 1618 1374 satis
1648 1316 1907 1374 habebo.

241 1405 430 1460 Velim
461 1405 641 1474 igitur
668 1404 948 1475 legantur
975 1406 1198 1477 regulae
1247 1411 1366 1474 148,
1399 1411 1520 1472 152,
1558 1409 1656 1461 187
1689 1410 1744 1462 et
1780 1409 1907 1461 288.

240 1495 609 1553 Adnotanda
635 1498 762 1552 tam
801 1495 994 1554 multa
1021 1497 1380 1562 existimavi,
1406 1501 1478 1553 ut
1521 1496 1717 1566 magis
1745 1495 1910 1551 intel-

241 1583 525 1654 ligaretur
567 1585 934 1656 Regularum
985 1591 1170 1660 atque
1223 1586 1730 1644 Constitutionum
1783 1601 1908 1641 non

2023 513 2151 607 vari
2180 516 2529 588 opinionem
2560 537 2788 588 eorum,
2824 524 2928 596 qui
2973 529 3434 587 Constitutiones
3475 513 3685 592 mona-

2024 602 2222 667 sticas,
2247 617 2405 673 quas
2437 611 2674 673 vocant,
2698 609 2909 664 Basilio
2939 610 3228 680 tribuunt,
3263 630 3420 684 cum,
3445 622 3509 673 ut
3539 619 3680 688 dixi,

2023 692 2518 750 constitutionum
2547 712 2771 753 nomen
2800 713 2908 770 per
2932 715 2994 755 se
3025 716 3248 774 anceps
3279 703 3353 759 sit
3399 709 3456 761 et
3493 708 3684 765 ambi-

2022 791 2228 846 guum.
2275 783 2487 839 Fateor
2534 785 2779 855 quidem
2815 789 3188 848 monasticas
3221 794 3684 854 Constitutiones

2022 873 2158 940 apte
2190 874 2246 926 et
2284 874 2523 946 proprie
2553 878 3046 936 constitutionum
3077 883 3324 939 nomine
3353 885 3684 955 signiﬁcari

2020 973 2193 1030 posse
2213 978 2226 1027 ;
2251 962 2354 1017 sed
2367 979 2469 1020 eas
2481 967 2822 1024 necessario
2842 968 2958 1024 hoc
2976 971 3222 1027 nomine
3233 972 3483 1030 indicari
3501 991 3680 1046 nego,

2019 1063 2160 1103 cum
2181 1055 2238 1106 et
2266 1050 2431 1124 ipsas
2458 1054 2714 1126 Regulas
2739 1056 2821 1114 ita
2857 1074 3104 1132 quoque
3141 1062 3446 1135 appellare
3483 1065 3678 1124 liceat.

2019 1138 2169 1195 Cum
2199 1140 2354 1198 enim
2381 1145 2605 1214 regulae
2637 1146 2784 1202 nihil
2814 1147 2976 1204 aliud
3009 1151 3144 1216 sint,
3179 1167 3368 1224 quam
3399 1157 3684 1212 constitu-

2021 1226 2208 1284 tiones
2233 1231 2517 1302 quaedam
2546 1235 2914 1303 monasticae,
2940 1239 3066 1294 sine
3088 1239 3276 1296 dubio
3295 1241 3441 1314 ipsis
3460 1244 3684 1314 regulis

2019 1318 2514 1378 constitutionum
2541 1339 2766 1380 nomen
2795 1325 2928 1382 dari
2969 1327 3116 1383 nihil
3158 1334 3336 1386 vetat.
3386 1333 3578 1397 Quare
3608 1351 3682 1390 ex

2020 1405 2317 1476 ejusmodi
2366 1411 2736 1481 testimoniis,
2799 1414 2861 1470 in
2908 1416 3132 1488 quibus
3178 1423 3408 1475 veteres
3454 1421 3685 1495 aliquot

2018 1495 2336 1568 scriptores
2361 1499 2553 1556 Basilii
2575 1502 3079 1561 Constitutionum
3101 1507 3525 1577 meminerunt,
3555 1511 3682 1566 efﬁ-

2018 1583 2170 1640 citur
2199 1585 2418 1655 solum,
2444 1589 2726 1646 Basilium
2750 1593 2977 1665 scripta
3005 1593 3229 1667 aliqua,
3279 1613 3415 1670 quae
3464 1599 3542 1655 ad
3584 1616 3681 1656 res

241 1691 437 1732 unum
467 1679 525 1732 et
561 1675 850 1732 eumdem
893 1680 1202 1733 auctorem
1240 1692 1394 1748 esse,
1453 1692 1589 1732 cum
1636 1674 1908 1732 naturale
1947 1695 1987 1748 Β
2015 1675 2391 1732 monasticas
2418 1678 2801 1749 pertinerent,
2835 1681 3154 1752 vulgasse:
3197 1689 3256 1740 at
3285 1701 3357 1741 ex
3395 1687 3489 1742 his
3532 1689 3684 1746 nihil

240 1781 363 1821 non
395 1766 488 1833 sit,
518 1771 584 1822 ut
615 1781 775 1822 unus
822 1770 880 1824 et
928 1766 1093 1824 idem
1145 1767 1400 1840 scriptor
1437 1771 1562 1826 tam
1590 1765 1824 1823 diverse
1853 1769 1910 1822 et

243 1853 460 1912 sentiat
487 1859 545 1913 et
576 1855 817 1912 scribat.

239 2003 372 2070 §Xl.
421 2001 580 2058 Pars
610 2006 806 2073 sexta,
830 2001 935 2058 ubi
973 2001 1180 2058 multis
1211 2001 1584 2073 argumentis
1608 1999 1909 2071 probatur

449 2093 748 2149 Basiliam
790 2093 1164 2164 Regularum
1212 2098 1518 2150 auctorem
1551 2108 1688 2149 esse.

309 2221 398 2274 39.
431 2217 699 2274 Vidimus
729 2233 854 2274 non
874 2233 1065 2274 unam
1086 2218 1362 2275 omnium
1389 2217 1748 2274 sententiam
1772 2234 1905 2274 esse

232 2306 311 2364 de
342 2307 640 2364 Asceticis.
674 2307 1071 2365 Combeﬁsius
1092 2307 1378 2364 Basilium
1399 2307 1904 2364 Constitutionum

238 2397 712 2453 monasticarum
742 2401 1050 2454 auctorem
1082 2397 1260 2454 facit:
1303 2397 1410 2454 sed
1430 2396 1690 2466 Regulas
1710 2396 1902 2470 ipsius

241 2502 368 2544 esse
397 2492 595 2556 negat.
627 2486 1056 2556 Tillemontius,
1082 2487 1375 2560 Dupinus,
1407 2486 1627 2544 Natalis
1647 2486 1902 2543 Alexan-

239 2577 348 2632 der
373 2581 431 2632 et
455 2576 554 2632 alii
583 2577 700 2633 fere
731 2593 946 2634 omnes
975 2582 1040 2634 ut
1069 2576 1351 2648 Regulas,
1390 2577 1474 2633 ita
1502 2580 1560 2632 et
1601 2577 1901 2633 Constitu-

236 2665 425 2722 tiones
447 2667 814 2724 monasticas
844 2667 1063 2724 Basilio
1084 2667 1374 2724 tribuunt.
1405 2669 1474 2722 Ut
1493 2671 1559 2722 ut
1577 2667 1706 2722 hzec
1735 2671 1896 2734 sunt,

230 2756 495 2813 dubitari
524 2758 737 2815 merito
766 2773 892 2815 non
921 2761 1124 2831 potest
1149 2758 1299 2831 quin
1331 2756 1586 2814 Basilius
1615 2756 1898 2813 volumen

229 2846 480 2920 aliquod
509 2848 584 2904 de
614 2848 800 2905 rebus
829 2848 1182 2905 monasticis
1211 2847 1551 2904 confecerit.
1602 2850 1753 2903 Nam
1802 2863 1896 2913 ea,

2015 1762 2279 1836 amplius
2318 1766 2520 1837 colligi
2565 1773 2781 1841 potest.
2821 1770 2971 1826 Cum
3021 1787 3165 1842 ergo
3209 1773 3292 1830 ita
3337 1790 3431 1831 res
3475 1777 3548 1832 sit
3577 1778 3677 1849 (c),

2013 1867 2178 1908 nunc
2207 1853 2537 1912 videndum
2567 1873 2703 1930 quin
2735 1861 2852 1915 sint
2875 1860 3093 1933 scripta
3112 1861 3215 1918 illa
3238 1865 3516 1932 ascetica,
3541 1883 3678 1939 quae

2014 1944 2428 2015 composuisse
2476 1946 2765 2004 Basilium
2808 1953 2893 2006 tot
2937 1953 3120 2005 testes
3167 1955 3225 2007 et
3275 1953 3679 2026 antiquissimi

2012 2032 2413 2092 tradiderunt.
2450 2038 2571 2107 Ego
2603 2043 2803 2095 autem
2831 2055 2971 2096 cum
3001 2041 3279 2114 superius
3308 2043 3562 2100 dixerim
3593 2047 3677 2118 (εἰ)

2012 2121 2270 2192 Regulas
2300 2125 2478 2181 simul
2515 2131 2572 2182 et
2603 2129 3068 2186 Constitutiones
3099 2132 3468 2189 monasticas
3490 2135 3594 2191 uni
3623 2139 3682 2193 et

2013 2209 2209 2268 eidem
2240 2214 2512 2286 scriptori
2541 2217 2762 2273 ascribi
2790 2234 2914 2274 non
2953 2219 3195 2287 debere,
3247 2236 3360 2292 ego
3389 2223 3568 2292 igitur
3614 2229 3680 2282 ut

2010 2299 2428 2360 liberalissime
2458 2321 2596 2361 cum
2628 2305 2841 2363 Basilio
2868 2323 3070 2379 agam,
3120 2309 3269 2365 nihil
3298 2312 3561 2384 amplius
3592 2313 3678 2370 fa-

2012 2405 2146 2447 cere
2175 2408 2353 2465 queo,
2385 2409 2574 2466 quam
2608 2399 2673 2452 ut
2701 2396 2920 2452 horum
2959 2413 3214 2470 operum
3243 2398 3595 2457 alterutrum
3623 2404 3676 2460 ei

2010 2481 2292 2538 tribuam.
2326 2486 2550 2540 Rursus
2581 2502 2719 2542 cum
2749 2503 2892 2542 mox
2922 2487 3270 2545 afﬁrmarim
3313 2491 3478 2548 nulla
3520 2497 3677 2548 vete-

2008 2587 2145 2628 rum
2176 2573 2537 2646 scriptorum
2566 2577 2911 2634 testimonia
2940 2578 3193 2650 proferri
3222 2595 3422 2652 posse,
3453 2597 3524 2638 ex
3546 2583 3675 2654 qui-

2008 2662 2123 2718 bus
2149 2670 2310 2720 certo
2342 2670 2577 2722 constet
2607 2667 3070 2724 Constitutiones
3121 2671 3486 2728 monasticas
3529 2673 3675 2730 olim

2007 2751 2227 2809 Basilio
2256 2752 2508 2810 tributas
2538 2753 2740 2821 fuisse,
2775 2757 2872 2811 vix
2900 2755 3186 2813 ferendus
3230 2774 3448 2826 essem,
3485 2759 3533 2814 si
3566 2775 3672 2817 eas

2007 2857 2250 2898 summo
2286 2842 2371 2898 illi
2413 2843 2538 2899 viro
2581 2844 3018 2915 adjudicarem.
3079 2847 3275 2913 Quare
3318 2849 3575 2920 Regulas
3621 2851 3674 2906 ci

224 2953 363 3010 quae
384 2937 696 2994 retulimus
717 2939 816 3011 (a),
831 2943 1102 2996 veterum
1120 2938 1465 2995 testimonia
1483 2943 1684 3011 aperte
1701 2942 1898 2994 osten-
1935 2952 1976 3009 ο
2007 2932 2398 2989 ascribendas
2423 2949 2552 2989 esse
2582 2933 2788 2990 ceDSUi
2813 2952 2825 2990 ε
2859 2951 2930 2992 00
2952 2936 3168 3006 magis,
3193 2938 3361 3010 quod
3391 2944 3448 2995 et
3474 2943 3676 2995 aucto-

220 3026 378 3083 dunt
400 3027 680 3084 Basilium
701 3044 828 3085 non
848 3028 1026 3086 breve
1047 3028 1383 3101 quoddam,
1405 3027 1513 3083 sed
1529 3027 1803 3101 amplum
1824 3043 1896 3085 ac

216 3117 600 3189 praecipuum
630 3134 788 3191 Opus
816 3118 893 3174 de
936 3118 1381 3174 monachorum
1422 3117 1710 3174 institutis
1749 3133 1893 3174 con-

215 3206 558 3280 scripsisse.
592 3210 788 3275 Quare
833 3212 936 3265 aut
963 3207 1226 3279 regulas,
1260 3212 1364 3264 aut
1401 3212 1557 3265 certe
1599 3208 1893 3264 monasti-

212 3311 322 3353 cas
364 3297 828 3354 Constitutiones
867 3297 922 3354 ei
960 3297 1302 3370 adjudicari
1331 3313 1574 3353 necesse
1623 3301 1732 3354 est.
1782 3300 1892 3354 No-

209 3386 477 3444 tandum
507 3392 599 3444 est
627 3392 853 3455 autem,
886 3387 1124 3444 nullum
1148 3388 1444 3445 hactenus
1461 3391 1732 3444 veterum
1753 3388 1893 3443 scri-

206 3481 466 3552 ptorum
496 3477 908 3534 testimonium
930 3477 1182 3535 allatum
1211 3493 1344 3534 esse
1364 3493 1561 3550 neque
1587 3494 1624 3534 a
1643 3477 1892 3536 Combe-

206 3566 376 3632 ﬁsio,
407 3581 606 3639 neque
632 3581 670 3623 a
697 3567 914 3640 quovis
944 3567 1084 3634 alio,
1116 3581 1240 3638 quo
1271 3570 1573 3622 constaret
1617 3565 1763 3621 olim
1811 3566 1891 3622 ab

207 3655 428 3729 aliquo
450 3655 736 3729 scriptore
762 3657 1012 3730 antiquo
1033 3656 1500 3713 Constitutiones
1524 3656 1891 3712 monasticas

210 3746 440 3804 Basilio
470 3747 764 3820 ascriptus
794 3747 1002 3803 fuisse.
1027 3749 1094 3803 Et
1135 3750 1311 3814 certe,
1352 3749 1420 3802 ut
1454 3745 1604 3802 mihi
1641 3745 1890 3818 quidem

208 3837 477 3906 videtur,
523 3837 826 3908 ejusmodi
858 3837 1206 3894 testimonia
1249 3840 1409 3893 certa
1454 3840 1511 3892 et
1549 3835 1892 3894 indubitata

207 3926 488 4002 proferre
518 3932 870 4001 promptum
898 3943 1024 3985 non
1064 3931 1210 3996 erat,
1246 3943 1386 3983 cum
1417 3926 1468 3982 si
1496 3942 1620 3999 qua
1644 3942 1774 3982 esse
1800 3926 1890 3983 vi-

206 4025 500 4093 deantur,
530 4041 602 4082 ea
629 4026 691 4081 in
721 4025 1085 4084 contrariam
1118 4025 1482 4082 sententiam
1511 4023 1891 4097 interpretari

202 4117 407 4175 liceat.
433 4118 582 4174 Nam
604 4116 770 4189 quod
795 4117 1128 4174 litterarum
1151 4115 1564 4172 monumentis
1583 4114 1892 4188 proditum

2004 3021 2167 3088 ritas,
2200 3026 2258 3078 et
2284 3022 2453 3090 ratio,
2488 3028 2545 3079 et
2574 3023 2778 3097 ipsum
2821 3025 3124 3082 scribendi
3173 3043 3364 3097 genus
3411 3029 3493 3086 ita
3541 3044 3674 3086 sua-

2004 3111 2203 3168 deant.
2235 3114 2301 3168 Et
2329 3112 2578 3185 quidem
2611 3115 3031 3188 composuisse
3060 3116 3344 3172 Basilium
3377 3122 3482 3174 aut
3499 3123 3672 3175 Asce-

2002 3201 2188 3258 ticum
2233 3201 2598 3274 simpliciter,
2641 3208 2745 3260 aut
2786 3203 3029 3260 Librum
3064 3207 3406 3274 asceticum,
3432 3211 3536 3264 aut
3568 3211 3672 3264 Re-

2003 3290 2231 3360 gulam,
2247 3296 2351 3348 aut
2363 3293 2850 3361 Constitutiones,
2867 3294 3319 3368 autquidquam
3334 3296 3545 3364 simile,
3560 3301 3672 3354 tes—
3768 3362 3776 3369 ,

2001 3383 2090 3436 tes
2103 3386 2246 3438 sunt
2260 3382 2680 3454 Hieronymus,
2698 3382 2933 3452 Suidas,
2955 3385 3271 3455 Gregorius
3285 3387 3668 3454 Turonensis,

2002 3471 2375 3535 Benedictus,
2398 3473 2792 3540 Theodosius,
2819 3473 3008 3542 Plato,
3039 3475 3420 3545 Philibertus,
3443 3479 3673 3548 Eugen-

2001 3559 2116 3614 dus
2146 3564 2204 3617 et
2233 3562 2550 3633 Gregorius
2580 3563 2990 3620 Nazianzenus
3021 3567 3116 3636 (e).
3145 3565 3439 3632 Quoniam
3469 3572 3671 3625 autem

1998 3650 2250 3706 nomina
2271 3651 2422 3718 haec,
2445 3651 2668 3723 quibus
2688 3652 2750 3708 hi
2771 3653 3093 3726 scriptores
3119 3655 3214 3710 usi
3239 3660 3380 3711 sunt
3401 3655 3480 3713 ad
3511 3673 3674 3714 asce-

1999 3738 2146 3794 ticas
2174 3739 2374 3796 Basilii
2393 3739 2844 3798 lucubrationes
2864 3742 3248 3811 indicandas,
3272 3760 3346 3800 ex
3376 3761 3439 3800 se
3467 3746 3669 3802 ambi-

2000 3844 2122 3899 gua
2141 3834 2299 3897 sunt,
2322 3845 2434 3887 nec
2455 3846 2563 3902 per
2583 3847 2646 3886 se
2667 3830 2908 3902 regulas
2929 3831 3148 3903 magis,
3177 3849 3363 3905 quam
3383 3835 3670 3892 constitu-

1999 3918 2194 3974 tiones
2221 3919 2590 3976 monasticas
2612 3919 2977 3991 signiﬁcant,
3003 3919 3158 3977 bene
3181 3937 3250 3978 ac
3272 3921 3516 3979 feliciter
3536 3939 3670 3996 pro-

1999 4009 2198 4065 visum
2219 4014 2329 4077 est,
2354 4013 2418 4066 ut
2437 4025 2509 4066 ea
2529 3995 2607 4067 ab
2627 4010 2760 4066 aliis
2781 4010 3130 4068 auctoribus
3156 4016 3213 4068 et
3235 3995 3670 4085 antiquissimis

2001 4101 2059 4154 et
2096 4098 2590 4172 locupletissimis
2623 4099 2802 4172 plane
2845 4104 2904 4157 et
2950 4105 3155 4173 aperte
3205 4101 3664 4175 explicarentur.

203 4211 314 4280 est,
353 4206 666 4280 piissimos
703 4207 885 4275 viros,
930 4207 1355 4277 Theodosium,
1398 4205 1788 4262 Philibertum
1835 4209 1892 4261 et

2008 4190 2230 4246 Praeeat
2259 4189 2670 4246 testimonium
2704 4189 2908 4246 Ruﬁni
2937 4191 3042 4263 qui
3072 4191 3134 4248 in
3161 4207 3272 4249 sua
3316 4193 3668 4250 Praefatione

204 4295 533 4354 Platonem
553 4294 1023 4352 Constitutiones
1049 4295 1243 4351 Basilii
1266 4293 1534 4352 studiose
1556 4294 1777 4366 legisse
1792 4294 1888 4366 (b),

205 4402 280 4443 ex
311 4383 566 4441 eo-nihil
595 4389 829 4440 certum
859 4383 1140 4440 concludi
1185 4387 1402 4456 potest.
1448 4386 1514 4440 Et
1552 4399 1696 4440 vero
1737 4384 1891 4440 Con-

206 4475 594 4534 stitutionum
622 4489 869 4546 nomen,
895 4480 962 4530 ut
984 4474 1104 4530 alia
1140 4474 1450 4546 pleraque,
1492 4474 1575 4532 ita
1605 4478 1662 4531 et
1690 4475 1890 4547 ipsum

205 4580 466 4640 quoque
487 4563 848 4634 ambiguum
878 4568 969 4619 est
989 4582 1002 4633 ;
1043 4579 1152 4620 nec
1174 4578 1283 4635 per
1304 4579 1366 4618 se
1386 4563 1589 4636 potius
1609 4579 1714 4620 eas
1738 4566 1891 4621 Con-

206 4653 554 4712 stitutiones
587 4651 972 4722 monasticas,
1019 4667 1156 4725 quae
1193 4651 1255 4707 in
1288 4651 1489 4707 Basilii
1527 4651 1892 4708 editionibus

207 4743 631 4808 inveniuntur,
677 4741 992 4813 signiﬁcat,
1053 4757 1239 4814 quam
1292 4740 1567 4812 ejusdem
1607 4742 1888 4812 Regulae.

210 4833 441 4894 Omnia
477 4832 640 4888 enim
665 4832 918 4889 nomina
941 4833 1090 4898 haec,
1118 4833 1290 4899 liber,
1324 4834 1626 4900 instituta,
1653 4834 1890 4903 regula,

211 4922 694 4988 constitutiones,
728 4926 787 4978 et
816 4921 1088 4993 ejusdem
1113 4921 1352 4991 generis
1376 4920 1512 4987 alia,
1535 4921 1760 4993 quibus
1782 4938 1890 4978 an-

209 5016 364 5089 tiqui
393 5013 718 5084 scriptores
747 5010 828 5068 ad
858 5012 1128 5067 Ascetica
1152 5010 1350 5066 Basilii
1373 5010 1778 5080 signiﬁcanda
1797 5012 1892 5068 usi

211 5110 377 5172 sunt,
423 5118 498 5158 ex
538 5118 601 5158 se
649 5101 901 5158 omnino
945 5101 1107 5157 idem
1144 5100 1366 5167 valent,
1408 5100 1679 5173 nihilque
1725 5101 1891 5158 aliud

207 5200 439 5254 natura
461 5208 573 5248 sua
602 5190 963 5263 signiﬁcant,
988 5206 1178 5263 quam
1207 5189 1493 5263 quaedam
1514 5205 1718 5264 opera,
1751 5207 1888 5264 quas

208 5287 285 5345 de
315 5283 505 5341 rebus
537 5281 886 5338 monasticis
917 5279 1164 5337 Basilius
1194 5280 1398 5337 edidit.
1426 5283 1559 5336 Haec
1583 5285 1786 5337 autem
1815 5297 1886 5338 eo

202 5374 438 5441 notavi,
469 5379 534 5429 ut
555 5371 936 5445 ostenderem
983 5386 1058 5428 ex
1084 5370 1388 5443 ejusmodi
1420 5371 1796 5441 testimoniis,
1822 5373 1885 5431 in

321 5501 412 5644 (ag
451 5500 604 5570 Lege
643 5514 710 5554 n.
759 5502 850 5554 27.

321 5575 382 5644 (b
450 5572 600 5642 Lege
638 5586 706 5627 n.
753 5574 847 5626 27.

318 5572 406 5646 (b)
450 5572 600 5646 Lege
638 5586 706 5627 n.
753 5574 847 5626 27.

323 5644 407 5719 (ο)
451 5644 602 5714 Lege
639 5657 707 5700 n.
753 5646 852 5702 27.

2001 4277 2065 4334 in
2090 4277 2382 4350 Regulam
2410 4279 2602 4335 sancti
2628 4279 2826 4335 Basilii
2856 4279 2937 4336 ad
2963 4280 3234 4338 Urseium
3259 4281 3545 4338 abbatem
3582 4283 3669 4339 sic

2001 4365 2269 4441 loquitur
2292 4369 2401 4441 (f):
2429 4369 2528 4425 Ad
2549 4369 2672 4426 haec
2694 4383 2821 4441 ego,
2844 4384 2921 4426 ne
2939 4371 3087 4441 quid
3107 4371 3219 4427 tibi
3235 4373 3431 4428 minus
3463 4373 3665 4444 digne,

2005 4475 2124 4515 non
2155 4459 2289 4515 dico
2310 4473 2489 4530 quam
2511 4460 2770 4530 geritur,
2801 4459 2906 4515 sed
2933 4475 3115 4531 quam
3156 4463 3293 4531 geri
3329 4463 3520 4530 debet,
3564 4477 3667 4518 ex-

1997 4565 2300 4620 ponerem,
2323 4550 2384 4606 S.
2416 4551 2637 4606 Basilii
2677 4549 3076 4619 Cappadocia:
3097 4552 3377 4622 episcopi,
3409 4554 3528 4608 viri
3546 4553 3668 4622 ﬁde

2004 4647 2060 4698 et
2088 4641 2366 4710 operibus
2396 4647 2451 4698 et
2488 4641 2654 4697 omni
2669 4641 2989 4697 sanctitate
3008 4644 3153 4698 satis
3175 4643 3352 4710 clari,
3376 4643 3665 4700 Instituta

2001 4732 2457 4796 monachorum,
2503 4747 2636 4802 quae
2677 4731 3194 4802 interrogantibus
3241 4747 3302 4788 se
3356 4734 3666 4790 monachis

2003 4825 2165 4880 velut
2195 4823 2395 4878 sancti
2419 4821 2736 4891 cujusdam
2757 4822 2920 4891 juris
2951 4835 3239 4890 responsa
3267 4823 3500 4893 statuit,
3521 4838 3664 4892 pro-

2003 4914 2138 4970 tuli.
2173 4915 2324 4983 Ergo
2350 4911 2425 4967 de
2455 4910 2648 4967 Ruﬁni
2679 4911 2976 4968 sententia
3013 4913 3302 4968 Instituta
3346 4914 3666 4970 monacho-

2002 5019 2138 5059 rum
2168 5001 2317 5058 nihil
2348 5001 2512 5058 aliud
2543 5005 2700 5068 sunt,
2723 5015 2912 5073 quam
2933 5017 3231 5074 responsa
3250 5001 3370 5069 illa,
3399 5018 3534 5075 qua:
3558 5003 3666 5060 Ba-

2003 5094 2170 5150 silius
2182 5091 2694 5159 deditmonachis,
2713 5092 2819 5165 qui
2834 5092 3036 5164 ipsum
3060 5093 3523 5164 interrogarent:
3547 5095 3664 5150 hoc

2000 5189 2108 5253 est,
2141 5185 2289 5257 ipsae
2321 5186 2460 5239 sunt
2489 5181 2750 5254 Regulae,
2798 5182 2863 5238 in
2900 5181 3126 5256 quibus
3160 5182 3411 5239 Basilius
3442 5183 3664 5240 multas

1998 5296 2069 5336 ac
2099 5278 2296 5335 varias
2323 5275 2764 5331 monachorum
2802 5274 3163 5347 quaestiones
3198 5274 3370 5331 docte
3403 5291 3474 5332 ac
3504 5275 3663 5331 dilu-

1999 5369 2130 5427 cide
2159 5368 2356 5425 solvit.
2387 5368 2560 5436 Ergo,
2597 5365 2812 5421 eodem
2855 5368 3022 5434 teste,
3066 5365 3430 5439 Regularum
3467 5365 3662 5438 legiti-

2113 5497 2197 5570 (d)
2239 5497 2390 5565 Lege
2429 5507 2491 5548 n.
2524 5493 2601 5570 375:
2641 5493 2698 5547 et
2736 5506 2863 5563 seq.

2131 5567 2187 5632 e)‘
2225 5570 2376 5638 Lege
2414 5579 2476 5638 n.-
2517 5567 2608 5638 g7-

2131 5575 2180 5632 e)
2225 5571 2376 5638 Lege
2414 5579 2476 5618 n.
2517 5571 2608 5618 27.

2108 5571 2184 5714 ἓν)
2225 5641 2377 5712 Lege
2417 5635 2695 5693 Codicem
2733 5635 2971 5707 ReguL,
3013 5649 3076 5695 n.
3108 5636 3196 5693 97.
3295 5719 3302 5722 _
