4092 6388
365 288 467 346 103

1873 286 2257 343 ΡΒΕΡΑἸΊΟ.

3663 283 3771 340 104

365 429 504 470 mus
535 428 755 486 parens
783 412 1039 469 Basilius
1070 416 1178 467 est.
1215 412 1324 468 Ubi
1351 411 1545 469 obiter
1573 410 1934 476 notandum,
1957 426 2030 465 ex
2061 414 2107 466 Α
2140 409 2382 466 nemine
2412 410 2464 464 ei
2495 414 2657 466 certo
2685 409 3050 466 tribuantur.
3099 410 3315 475 Quare,
3347 407 3397 462 si
3426 407 3797 464 auctoritatis

364 503 458 559 his
486 503 712 574 optime
743 501 995 574 intelligi
1025 517 1237 556 verum
1271 517 1402 557 esse
1433 500 1600 574 quod
1635 499 1780 565 dixi,
1831 498 2035 555 videli-

363 595 476 662 cet,
493 591 742 646 nomina
769 591 1396 660 hmc,constitr-¢liones,
1413 591 1791 657 instituta,et
1812 587 2032 643 horum

361 680 580 736 similia
604 680 842 736 diverse
870 679 1156 751 explicari
1181 695 1382 751 posse,
1400 685 1458 735 et
1485 679 1632 734 talia
1659 693 1814 747 esse,
1838 683 1902 732 ut
1922 690 2034 732 sua

362 775 581 826 natura
605 786 724 826 non
745 770 942 842 potius
962 770 1416 825 constitutiones
1432 769 1829 835 monasticas,
1844 782 2032 839 quam

363 859 606 928 regulas
637 859 998 928 signiﬁcent.
1034 861 1098 913 Et
1143 874 1285 913 vero
1325 858 1439 912 nisi
1471 857 1725 912 Ruﬁnus
1772 856 1898 928 ipse
1926 855 2033 910 do-

365 948 586 1004 cuisset
623 948 768 1020 quid
802 947 1194 1003 intellexisset
1237 962 1344 1018 per
1386 947 1670 1002 instituta
1717 943 2038 1000 monacho-

366 1054 523 1104 rum,
549 1038 1095 1092 Constitutionesne
1127 1052 1206 1092 an
1252 1036 1492 1105 Regulm
1520 1037 1636 1092 hoc
1668 1035 1913 1091 nomine
1952 1034 2034 1088 si-

366 1127 817 1198 gnificarentur,
843 1126 1290 1195 ignoraremus:
1323 1125 1429 1180 sed
1451 1141 1590 1180 cum
1615 1124 1746 1179 11th
1775 1123 2031 1192 addidit,

366 1231 499 1287 quae
520 1215 1036 1284 interrogantibus
1067 1231 1128 1271 se
1151 1215 1468 1271 monachis
1495 1217 1654 1270 velut
1696 1215 1893 1270 sancti
1928 1228 2031 1268 cu-

354 1307 606 1376 jusdam
607 1307 770 1376 juris
788 1322 1072 1374 responsa
1087 1308 1298 1361 statuit
1311 1304 2031 1374 ,protuli,dubitationem

365 1412 617 1469 prorsus
643 1395 880 1451 exemit.
925 1399 1040 1451 Nec
1081 1395 1253 1451 aliter
1277 1400 1380 1450 aut
1412 1394 1616 1458 sensit,
1657 1399 1762 1450 aut
1800 1393 2036 1465 scripsit

368 1489 712 1557 Cassianus,
742 1487 914 1556 cujus
940 1485 1123 1541 verba
1143 1485 1258 1542 hoc
1274 1485 1409 1542 loco
1432 1501 1643 1540 rursus
1670 1483 1889 1540 referre
1907 1497 2035 1538 non

367 1576 614 1649 pigebit.
646 1577 795 1632 Sunt
823 1579 1026 1632 autem
1057 1575 1362 1646 ejusmodi
1419 1576 1534 1644 (a):
1587 1575 1725 1630 Huc
1778 1573 2033 1643 accedit,

2138 499 2424 555 habenda
2438 500 2590 556 ratio
2611 500 2704 567 sit,
2734 515 2874 572 quae
2904 499 3173 554 maxima
3195 499 3257 553 in
3278 497 3349 552 iis
3377 497 3560 553 rebus
3588 496 3798 552 haberi

2139 587 2339 655 debet,
2355 594 2591 660 oportet
2607 604 2731 644 non
2752 588 3236 654 Constitutiones,
3251 601 3516 660 quarum
3535 601 3612 642 ne
3632 600 3801 641 men-

2139 679 2221 733 tio
2245 679 2493 750 quidem
2525 679 2840 750 perspicue
2864 678 3022 734 facta
3047 682 3136 733 est
3165 676 3330 749 apud
3356 677 3658 747 antiquos,
3691 673 3800 730 sed

2141 767 2397 836 Regulas
2430 767 2642 822 Basilio
2664 767 2865 835 tribui,
2892 771 3099 840 utpote
3122 781 3386 838 quarum
3408 764 3664 820 Basilius
3691 779 3800 819 au-

2141 863 2269 914 ctor
2295 858 2481 913 fuisse
2510 859 2654 914 olim
2685 875 2722 914 a
2748 859 2964 931 priscis
3012 857 3407 929 scriptoribus
3457 856 3654 912 dictus
3700 855 3797 923 sit,

2139 947 2242 1019 qui
2271 949 2401 1018 ejus
2431 953 2535 1003 aut
2563 947 2853 1020 aequales,
2886 952 2991 1004 aut
3019 947 3138 1003 fere
3169 946 3436 1019 aequales
3468 945 3652 1001 fuere.

2212 1040 2300 1092 40.
2330 1037 2477 1092 Cum
2506 1036 2653 1092 illud
2680 1038 2858 1108 quasi
2887 1037 3253 1110 principium
3279 1040 3510 1092 certum
3531 1033 3802 1107 posueri-

2141 1142 2296 1187 mus,
2330 1126 2691 1196 Regularum
2713 1131 2896 1198 atque
2914 1126 3428 1182 Constitutionum
3458 1138 3582 1180 non
3608 1138 3800 1178 unum

2140 1220 2198 1272 et
2225 1215 2510 1272 eumdem
2539 1222 2847 1273 auctorem
2873 1232 3008 1272 esse
3039 1234 3052 1283 ;
3083 1230 3470 1287 consequens
3494 1218 3603 1280 est,
3633 1213 3681 1268 si
3709 1227 3804 1268 ra-

2141 1306 2359 1362 tionem
2395 1306 2567 1379 sequi
2594 1305 2896 1376 volumus,
2927 1311 2990 1362 ut
3041 1305 3321 1361 Basiliam
3353 1319 3478 1360 non
3509 1302 3806 1360 Constitu-

2141 1395 2489 1462 tiones,sed
2512 1395 2768 1464 Regulas
2795 1394 3107 1468 scripsisse
3137 1395 3440 1458 dicamus.
3480 1391 3733 1456 Etenim,
3753 1389 3804 1446 si

2141 1485 2280 1557 quis
2309 1485 2678 1540 monasticas
2708 1485 3177 1540 Constitutiones
3203 1499 3346 1539 cum
3377 1480 3616 1551 Regulis
3641 1496 3805 1536 com-

2142 1575 2468 1648 paraverit,
2502 1575 2703 1630 statim
2732 1574 3173 1630 animadvertet
3191 1577 3424 1629 tantum
3446 1572 3558 1627 has
3589 1570 3669 1626 ab
3688 1569 3804 1625 illis

370 1666 529 1738 quod
549 1681 730 1734 super
759 1665 874 1721 hac
897 1679 962 1721 re
991 1666 1110 1721 viri
1137 1671 1191 1720 et
1241 1669 1363 1722 vita
1395 1666 1643 1732 nobiles,
1679 1671 1733 1721 et
1765 1678 2036 1720 sermone
2074 1690 2114 1743 Β
2143 1665 2719 1737 differre,quantum
2740 1680 2896 1736 opus
2916 1664 3486 1737 praestantissimum
3499 1661 3579 1718 ab
3599 1676 3802 1733 opere,

369 1756 738 1826 scientiaque
762 1755 1076 1824 pra’clari,
1106 1756 1303 1810 multa
1319 1757 1444 1824 jam
1467 1755 1763 1824 opuscula
1785 1754 2036 1809 desuda-

368 1850 534 1910 rant,
569 1843 630 1899 S.
667 1845 963 1899 Basiliam
1004 1849 1057 1900 et
1098 1844 1535 1912 Hieronymum
1568 1845 1719 1914 dico,
1764 1844 2034 1915 aliosque

368 1934 718 1999 nonnullos,
733 1948 988 2002 quorum
1001 1933 1272 1988 anterior
1282 1932 1724 1988 sciscitantibus
1734 1932 2038 2002 fratribus

370 2037 552 2092 super
569 2023 816 2078 diversis
838 2023 1129 2077 institutis
1147 2022 1240 2076 vel
1257 2021 1679 2092 quaestionibus
1700 2037 1820 2076 non
1843 2022 2037 2076 solum

368 2113 663 2182 facundo,
706 2127 910 2167 verum
961 2112 1140 2166 etiam
1188 2111 1537 2166 divinarum
1577 2112 2038 2180 Scripturarum

373 2201 722 2257 testimoniis
745 2202 978 2269 copioso
1000 2215 1270 2256 sermone
1289 2199 1617 2269 respondit.
1649 2199 1880 2265 Quibus
1914 2215 2041 2255 ver-

371 2289 466 2346 bis
497 2289 750 2360 Regulas
773 2289 1025 2346 indicari
1056 2305 1238 2345 nemo
1259 2304 1384 2344 non
1415 2289 1596 2360 videt,
1623 2305 1762 2345 cum
1793 2289 1854 2345 in
1889 2289 2038 2362 ipsis

371 2379 735 2452 quaestiones
749 2377 998 2434 fratrum
1015 2383 1196 2450 atque
1218 2377 1724 2447 interrogationes
1744 2384 1806 2434 ut
1821 2378 2038 2434 facun-

372 2469 448 2525 de
467 2472 524 2524 et
542 2467 896 2540 c0piose,ita
912 2472 1314 2536 congruenter
1335 2468 1652 2538 Scripturte
1675 2468 2040 2524 convenien-

369 2563 581 2630 terque
617 2555 972 2612 enodentur.
1013 2559 1132 2611 Hoc
1169 2555 1334 2611 idem
1366 2555 1616 2612 miriﬁce
1658 2557 2042 2613 conﬁrmavit

371 2648 702 2719 imperator
728 2646 1278 2715 Justinianus,cum
1307 2647 1670 2718 Regularum
1693 2647 2038 2704 breviorum

373 2753 560 2792 unam
588 2735 792 2791 citavit
812 2739 962 2805 (reg.
995 2738 1146 2806 267),
1178 2735 1294 2790 hoc
1316 2737 1501 2792 modo
1527 2753 1539 2792 :
1567 2736 1842 2789 Βασιλείου
1887 2736 2038 2790 ἐπισ-

372 2830 535 2878 κόπου
579 2829 895 2897 Καισαρείας
930 2821 1334 2891 Καππαδοκίας,
1375 2824 1429 2876 ἕκ
1450 2834 1541 2878 τοῦ
1579 2834 1851 2878 κανονικοῡ
1877 2827 2039 2878 αὐτοῦ

375 2915 603 2989 βιϐλίου·
631 2913 936 2986 Ἐρώτησις,
965 2914 1025 2966 Εἰ
1054 2916 1183 2966 ὅπου
1213 2917 1302 2986 μὲν
1332 2914 1484 2986 λέγει,
1519 2921 1654 2990 Δαρὴ
1667 2936 1813 2968 σεται
1842 2916 1969 2969 πολλ
1989 2920 2037 2973 9;

373 3005 502 3056 ὅπου
531 3000 607 3070 δὲ,
639 3002 838 3074 Ὀλίγα,
871 3012 979 3064 πῶς
1009 3003 1222 3074 λέγουσί
1253 3022 1382 3065 τινες
1413 3009 1484 3076 μὴ
1520 3001 1648 3056 εἶναι
1686 3005 1827 3066 τεἏος
1857 3015 1917 3064 τῆ
1953 3022 2037 3055 κο-

371 3092 568 3154 λάσεως
593 3099 704 3154 τοῖς
733 3091 1098 3164 κολαζομένοις
1126 3110 1138 3156 ;
1184 3091 1510 3167 Ἀπόκρισις.
1547 3098 1623 3146 Τὰ
1653 3092 1916 3166 ἀμφιϐολα
1945 3098 2035 3146 καὶ

373 3180 854 3253 ἒπικεκαλυμμένως
876 3181 1120 3253 εἰρῆσθαι
1170 3177 1428 3234 δοκοῦντα
1472 3185 1520 3234 ἓν
1567 3203 1680 3235 τισι
1723 3188 1906 3246 τόποις
1942 3192 2036 3245 τῆς

376 3272 717 3323 θεοπνεύστου
751 3276 923 3342 Γραφῆ
938 3290 978 3335 ς,
1013 3271 1112 3321 ὑπὸ
1153 3277 1250 3321 τῶν
1281 3270 1444 3322 ἄλλων
1475 3269 1523 3322 ἐν
1548 3270 1722 3334 ἄλλοις
1750 3272 2036 3345 ὁμολογου-

372 3364 534 3433 μένων
558 3359 916 3431 σαφηνίςεται,
933 3364 1046 3414 etc.
1065 3361 1283 3415 Basilii
1297 3361 1560 3431 episcopi
1579 3362 1866 3419 Ccesareae
1885 3363 2039 3432 Cap-

365 3451 658 3521 padociae,
693 3464 768 3505 ea:
797 3451 925 3520 ejus
957 3449 1114 3505 libro
1154 3451 1551 3521 Regularum.
1603 3455 2027 3525 Interrogatio.

370 3537 440 3594 Si
459 3545 584 3594 tum
612 3538 777 3602 dicit,
808 3560 836 3586 «
874 3539 1194 3607 Vapulabit
1222 3542 1429 3596 multis
1451 3542 1522 3609 δι,
1555 3548 1701 3612 tum,
1725 3543 1978 3612 paucis:
2005 3564 2032 3593 »

371 3643 489 3699 quo
520 3634 703 3697 pacto
732 3627 978 3698 quidam
1010 3628 1221 3685 dicunt
1258 3631 1498 3686 nullum
1533 3632 1713 3700 ﬁnem
1752 3633 2041 3703 supplicii

365 3719 506 3788 fore
523 3718 594 3772 iis
613 3717 718 3788 qui
737 3731 916 3786 paena
939 3717 1340 3788 afﬁciuntur?
1365 3721 1707 3789 Responsio.
1735 3723 1875 3790 Quae
1904 3739 2028 3779 am-

373 3807 556 3878 bigua
585 3812 748 3872 sunt,
774 3821 848 3862 ac
877 3806 1162 3862 videntur
1191 3807 1438 3864 obscure
1465 3825 1584 3866 esse
1605 3811 1770 3868 dicta
1797 3813 1862 3867 in
1901 3813 2032 3883 qui-

374 3895 625 3951 busdam
660 3895 802 3950 locis
829 3895 1119 3950 divinitus
1149 3896 1463 3965 inspirata
1498 3898 1854 3969 Scriptura,
1885 3901 2036 3958 alibi

371 3983 448 4041 ab
472 3985 612 4039 aliis
641 3998 773 4054 quae
793 3983 1066 4052 confessa
1094 3988 1148 4039 et
1178 3992 1393 4054 aperta
1419 3993 1580 4052 sunt,
1609 3990 2030 4060 declarantur,

343 4077 486 4128 'etc.
518 4071 884 4142 Hegularum
928 4071 1110 4141 igitur
1136 4072 1287 4130 liber
1337 4075 1662 4134 Justiniani
1714 4085 1885 4136 (etate
1929 4083 2032 4137 Ba-

372 4160 503 4216 silio
543 4160 941 4216 tribuebatur.
997 4163 1159 4217 Hanc
1211 4163 1561 4235 opinionem
1610 4182 1647 4222 a
1698 4169 2032 4238 majoribus

370 4255 686 4322 acceptam
717 4249 797 4305 ad
827 4254 1100 4322 posteros
1135 4253 1469 4310 transmisit
1511 4257 1754 4313 Photius
1785 4259 1884 4329 (b),
1940 4259 2033 4315 his
2063 4239 2106 4293 D

369 4339 572 4394 verbis
614 4355 626 4393 :
705 4335 831 4391 Εἶτα
884 4340 990 4390 οἷον
1038 4338 1229 4415 Ὀρονς
1279 4344 1422 4404 τινὰς
1481 4343 1820 4413 ἀπητικούς,
1867 4351 1936 4410 ὡς
1983 4346 2030 4400 ἐν

372 4426 618 4503 ἐρωτήσει
663 4433 752 4481 καὶ
799 4427 1071 4502 ἀποκρίσει
1126 4438 1568 4506 προηγουμένους,
1629 4435 1888 4491 ἐκτίθεται
1944 4442 2031 4491 τὸν

371 4517 592 4594 ἀριθμὸν
638 4523 951 4577 πεντήκοντα
997 4519 1206 4592 [πέντε].
1277 4527 1377 4574 Καὶ
1439 4524 1594 4576 πάλιν
1645 4535 2031 4604 συντομώτερον

371 4609 574 4681 ἑτέρους
597 4607 788 4681 Ὅρους
809 4607 928 4680 τιγ’.
962 4610 1192 4667 Deinde
1215 4613 1393 4683 quasi
1429 4615 1711 4688 Regulus.
1737 4621 2028 4690 quasdam

368 4700 677 4766 asceticas,
709 4699 1140 4769 interrogando
1165 4715 1239 4756 ac
1260 4704 1673 4771 respondendo
1693 4712 2031 4777 propositas

367 4789 633 4856 exponit,
662 4803 910 4843 numero
941 4789 1398 4858 quinquaginta
1428 4794 1692 4864 quinque
1723 4813 1736 4850 :
1783 4799 2032 4856 iterum-

369 4891 484 4948 que
525 4876 820 4932 breviores
874 4877 1030 4932 alias
1100 4882 1400 4935 trecentas
1453 4884 1754 4941 tredecim.
1811 4889 1866 4944 Si
1919 4890 2029 4960 igi-

368 4972 467 5024 tur
496 4981 704 5022 verum
735 4970 827 5022 est
855 4965 1116 5036 Regulas
1149 4967 1330 5023 simul
1350 4974 1408 5025 et
1438 4972 1898 5033 Constitutiones
1921 4979 2033 5037 Ba-

368 5056 502 5112 silio
533 5058 746 5126 Magno
797 5055 977 5111 tribui
1026 5070 1151 5110 non
1197 5072 1403 5127 posse.
1453 5058 1630 5132 longe
1681 5065 1895 5123 melius
1943 5074 2034 5126 est

368 5152 549 5220 atque
579 5143 983 5218 praestabilius
1012 5161 1320 5202 summum
1350 5147 1514 5206 hunc
1551 5151 1751 5210 virum
1783 5159 2031 5229 Regula-

366 5252 502 5292 rum
530 5241 840 5291 auctorem
870 5232 1082 5300 facere,
1115 5250 1299 5306 quam
1329 5240 1853 5314 Constitutionum,
1888 5267 2028 5307 cum

364 5323 568 5396 ipsum
591 5321 848 5392 Regulas
867 5323 1284 5392 composuisse
1306 5325 1607 5385 afﬁrment
1623 5334 2026 5407 antiquissimi

367 5419 425 5469 et
455 5409 798 5482 gravissimi
843 5409 1185 5482 scriptores,
1233 5415 1698 5476 Constitutiones
1745 5431 1947 5485 autem
1991 5452 2028 5493 δ,

475 5538 519 5572 ³¹
566 5538 711 5592 Luc.
751 5550 845 5602 xit,
878 5537 968 5602 47,
1002 5537 1090 5590 48.

475 5660 558 5735 (α)
599 5661 766 5717 Cass.
792 5659 913 5726 In.,
944 5657 1007 5715 in
1037 5660 1204 5719 Praef.

2145 1755 2195 1810 si
2218 1770 2341 1811 non
2377 1755 2628 1821 malo,at
2660 1755 2816 1810 inter
2843 1754 3177 1810 mediocria
3211 1759 3414 1809 tamen
3452 1751 3665 1807 ultimo
3691 1748 3805 1806 dif-

2145 1845 2275 1901 fert.
2322 1847 2385 1900 Et
2415 1860 2554 1899 vero
2584 1843 2812 1900 refertas
2839 1849 2979 1899 sunt
3025 1843 3264 1914 Regulae
3300 1841 3620 1915 praeceptis
3649 1838 3808 1895 salu-

2143 1933 2421 1989 berrimis
2451 1938 2631 2005 atque
2663 1933 3013 1998 utilissimis,
3044 1931 3268 2004 quibus
3317 1945 3440 1986 non
3470 1929 3805 1986 monacho-

2144 2039 2279 2079 rum
2303 2023 2508 2088 modo,
2539 2024 2648 2079 sed
2677 2023 2858 2078 etiam
2881 2023 3358 2080 Christianorum
3379 2020 3502 2076 vita
3528 2025 3586 2075 et
3606 2033 3807 2074 mores

2145 2114 2524 2170 sanctissime
2552 2113 2834 2184 componi
2861 2112 3112 2186 possint.
3139 2115 3202 2168 In
3224 2112 3316 2168 his
3341 2110 3530 2167 multa
3553 2124 3624 2165 ac
3654 2108 3806 2164 ditii-

2145 2203 2283 2259 cilia
2321 2202 2643 2275 Scriptura:
2672 2203 2807 2258 loca
2847 2202 3198 2259 doctissime
3248 2217 3318 2258 ac
3365 2198 3807 2256 dilucidissime

2146 2293 2568 2365 explanantur.
2600 2292 2814 2348 Videas
2836 2293 3149 2348 hominem
3173 2291 3251 2348 ad
3276 2290 3542 2348 inﬁnitas
3564 2303 3809 2358 graves-

2145 2383 2370 2455 quecuj
2380 2398 2692 2454 uscunque
2703 2382 3314 2454 generisqumstiones
3323 2377 3644 2436 solvendas
3656 2392 3810 2432 sem-

2145 2489 2255 2545 per
2276 2478 2581 2544 paratum,
2605 2479 2661 2528 et
2677 2473 2755 2529 ita
2781 2477 2920 2544 apte
2943 2472 3023 2527 ad
3045 2471 3286 2540 singula
3307 2468 3804 2540 respondentem,

2148 2561 2596 2618 utnihilmelius
2609 2567 2713 2618 aut
2729 2561 3186 2618 convenientius
3206 2559 3404 2615 aﬁerri
3417 2557 3626 2630 possit.
3641 2559 3809 2613 Certe

2147 2666 2303 2722 opus
2332 2657 2455 2707 tam
2502 2651 2856 2707 absolutum
2882 2666 3007 2707 non
3037 2650 3098 2706 in
3126 2647 3460 2723 quemlibet
3506 2645 3806 2714 convenit,

2149 2741 2253 2797 sed
2282 2742 2342 2797 in
2369 2744 2586 2808 virum,
2615 2741 2720 2814 qui
2752 2747 2816 2798 ut
2840 2741 2963 2797 acri
2989 2740 3245 2812 judicio,
3299 2739 3381 2794 ita
3424 2736 3592 2794 omni
3621 2733 3808 2792 eccle-

2147 2831 2399 2887 siasticm
2426 2832 2686 2888 scientiae
2707 2830 3074 2904 supellectile
3095 2831 3422 2886 instructus
3442 2833 3617 2884 esset.
3642 2825 3811 2896 Ejus-

2149 2922 2318 2976 modi
2342 2922 2524 2990 igitur
2553 2937 2710 2993 opus
2754 2921 2953 2993 potius
3003 2919 3182 2977 tribui
3226 2918 3406 2975 debet
3455 2917 3810 2973 doctissimo

2149 3012 2630 3084 gravissimoque
2646 3011 2922 3084 scriptori
2947 3011 3179 3072 Basilio,
3211 3025 3398 3081 quam
3429 3006 3811 3063 Constitutio-

2146 3118 2296 3158 num
2325 3101 2494 3168 liber,
2518 3103 2578 3157 in
2602 3117 2727 3174 quo
2752 3101 2900 3158 nihil
2920 3101 3002 3157 ita
3024 3115 3338 3170 magnum,
3373 3097 3520 3154 nihil
3540 3098 3622 3152 ita
3643 3093 3805 3162 utile,

2146 3191 2295 3249 nihil
2325 3192 2406 3248 ita
2431 3192 2720 3247 eximium
2751 3191 3112 3247 continetur.
3144 3192 3320 3258 Nam,
3349 3192 3417 3244 ut
3443 3187 3631 3254 aiunt,
3682 3200 3809 3241 ma-

2147 3297 2338 3352 gnum
2370 3297 2597 3352 magna
2615 3282 2850 3350 decent,
2876 3296 3136 3353 parvum
3157 3294 3366 3352 parva.
3396 3275 3808 3343 Quamobrem

2147 3387 2273 3428 non
2302 3376 2642 3427 erraturum
2672 3377 2842 3443 puto,
2871 3370 2978 3443 qui
3007 3370 3268 3441 Regulas
3297 3373 3590 3440 tanquam
3619 3381 3806 3438 pries-

2147 3461 2521 3518 tantissimas
2557 3461 3052 3534 praestantissimo
3081 3459 3361 3532 scriptori
3389 3457 3624 3523 Basilio,
3657 3459 3808 3512 Con-

2147 3552 2484 3608 stitutiones
2518 3567 2663 3608 vero
2706 3552 3076 3608 monasticas
3133 3555 3426 3622 tanquam
3469 3546 3809 3603 mediocres

2145 3641 2437 3698 mediocri
2464 3642 2652 3698 cuivis
2677 3642 2907 3699 auctori
2935 3641 3177 3697 tribuet.
3222 3644 3304 3696 Ac
3328 3654 3403 3694 ne
3432 3638 3569 3710 quis
3598 3635 3805 3692 existi-

2144 3731 2545 3801 metBegulas
2579 3731 2730 3787 falso
2751 3731 2870 3787 dici
2895 3729 3167 3800 eximias,
3209 3744 3323 3785 nec
3348 3729 3548 3784 verius
3587 3740 3803 3782 mona-

2144 3820 2328 3877 sticas
2379 3821 2849 3877 Constitutiones
2892 3820 3012 3875 dici
3060 3819 3415 3886 mediocres,
3455 3815 3804 3874 meminisse

2143 3927 2342 3984 operae
2370 3911 2629 3983 pretium
2648 3916 2759 3977 est,
2787 3910 3153 3966 monasticas
3179 3907 3646 3966 Constitutiones
3665 3921 3806 3961 nus-

2142 4016 2331 4074 quam
2363 4000 2528 4072 apud
2553 4001 2838 4072 antiquos
2867 4004 3032 4056 certo
3060 4004 3118 4056 et
3159 3998 3574 4054 indubitanter
3612 3995 3802 4052 citari.

2147 4093 2300 4146 Sane
2331 4091 2579 4146 Ruﬁnus
2606 4094 2663 4146 et
2688 4089 3034 4157 Cassianus,
3065 4089 3168 4161 qui
3196 4087 3454 4158 Regulas
3484 4086 3803 4159 perspicue

2141 4178 2490 4245 laudarunt,
2514 4194 2764 4252 prorsus
2790 4183 2993 4235 tamen
3042 4178 3118 4234 de
3160 4175 3698 4234 Constitutionibus
3724 4174 3802 4230 si-

2141 4268 2330 4326 luere.
2356 4272 2423 4325 Et
2445 4268 2615 4341 quod
2638 4268 2834 4340 magis
2859 4267 3177 4335 mirabere,
3211 4267 3474 4334 Photius,
3501 4266 3605 4339 qui
3630 4271 3804 4322 caste-

2142 4361 2364 4432 roquin
2391 4365 2513 4416 tam
2534 4358 2778 4431 copiose
2799 4359 2873 4415 de
2898 4358 3178 4414 Asceticis
3203 4357 3444 4413 locutus
3466 4362 3574 4422 est,
3599 4363 3804 4412 tamen

2141 4465 2220 4506 ne
2250 4465 2440 4505 unum
2465 4449 2715 4522 quidem
2735 4449 2986 4505 verbum
3008 4447 3082 4504 de
3113 4447 3620 4504 Constitutionum
3648 4444 3804 4500 libro

2145 4538 2400 4608 addidit,
2431 4539 2516 4595 sic
2546 4544 2611 4595 ut
2635 4538 2698 4594 id
2723 4554 2878 4612 opus
2920 4543 3025 4594 aut
3055 4553 3176 4593 non
3206 4536 3472 4602 novisse,
3505 4541 3607 4592 aut
3635 4533 3804 4590 nullo

2141 4628 2276 4686 loco
2326 4629 2611 4686 habuisse
2662 4629 2959 4686 videatur.
3009 4631 3210 4700 Neque
3245 4643 3385 4682 vero
3435 4624 3804 4682 monasticas

2143 4719 2608 4776 Constitutiones
2664 4719 2861 4788 magis
2891 4717 3061 4791 apud
3115 4717 3478 4774 recentiores
3523 4716 3804 4772 laudatas

2144 4809 2409 4874 invenio,
2442 4825 2580 4865 cum
2611 4810 2850 4879 Regulae
2890 4813 3092 4865 tamen
3141 4823 3298 4880 saepe
3342 4808 3618 4863 citentur.
3668 4808 3803 4861 Pro-

2142 4899 2317 4962 fecto,
2367 4899 2418 4955 si
2459 4899 2742 4968 theologi,
2791 4899 2840 4954 si
2888 4899 2991 4954 alii
3045 4898 3367 4970 scriptores
3416 4895 3803 4953 ecclesiastici

2142 4989 2375 5062 aliquid
2402 4990 2464 5046 in
2495 4989 3030 5046 Constitutionibus
3053 4988 3442 5053 invenissent,
3494 4986 3660 5060 quod
3686 4984 3802 5041 sibi

2141 5079 2321 5136 alicui
2352 5079 2488 5134 usui
2535 5095 2669 5135 esse
2696 5079 3009 5152 potuisset,
3057 5091 3161 5134 eas
3210 5077 3422 5133 crebro
3470 5078 3798 5133 citassent:

2140 5168 2308 5241 quod
2333 5186 2469 5224 cum
2483 5185 2605 5225 non
2629 5169 2895 5238 fecerint,
2919 5168 3061 5224 satis
3082 5166 3468 5223 declararunt
3488 5165 3804 5235 nihilejus-

2140 5259 2308 5315 modi
2348 5259 2408 5314 in
2435 5259 2580 5331 ipsis
2604 5259 2922 5315 invenisse.
2967 5260 3183 5324 Quare,
3217 5262 3282 5311 ut
3308 5256 3451 5320 dixi,
3481 5259 3801 5311 consenta-

2138 5365 2324 5405 neum
2346 5354 2437 5404 est
2456 5348 2693 5414 rationi,
2723 5347 2980 5419 Regulas
3004 5347 3088 5403 uti
3126 5345 3398 5416 egregias
3427 5344 3643 5401 ascribi
3666 5359 3801 5400 eru-

2138 5438 2438 5495 ditissimo
2493 5437 2768 5511 scriptori
2820 5437 3057 5504 Basilio,
3132 5435 3598 5494 Constitutiones
3656 5449 3803 5490 vero

2239 5686 2324 5761 (b)
2363 5688 2507 5747 Cod.
2541 5705 2685 5760 αισι,
2717 5704 2780 5764 p.
2809 5693 2940 5750 493.
