4092 6442
449 327 549 383 107

1948 320 2350 380 PREFATIO.

3757 335 3865 391 108

441 450 506 505 in
526 449 693 505 Novo
718 450 1088 505 Testamento
1108 461 1229 505 non
1251 450 1526 519 reperiri.
1554 452 1683 509 Una
1704 462 1960 521 namque
1990 448 2056 504 ha

2167 491 2175 502 .
2202 446 2419 520 legitur
2442 467 2455 507 :
2477 451 2565 516 Ὠς
2587 473 2660 539 τῳ
2679 456 2770 528 μὲν
2792 457 3054 518 ἀκουσίως
3082 463 3174 509 τοῦ
3194 461 3554 530 προσήκοντος
3579 458 3863 531 ἁμαρτόντι

441 539 613 595 betur
649 539 946 595 sententia
991 538 1279 595 adversus
1317 541 1599 612 quaelibet
1638 545 1907 610 peccata,
1959 554 2093 595 cum

433 630 726 685 Dominus
766 629 950 695 dicat,
976 650 1003 679 «
1033 628 1149 695 Qui
1191 630 1349 699 facit
1383 637 1719 701 peccatum,
1761 645 1970 687 servus
2007 635 2092 685 est

431 719 668 788 peccati
682 718 752 771 3‘.
771 740 798 767 »
821 718 885 772 Et
913 717 1081 789 quod
1102 717 1414 774 molestius
1434 719 1759 787 videbitur,
1783 723 1992 775 auctor
2009 716 2093 774 ita

432 807 852 881 imprudenter
873 807 1152 880 scripisse
1178 807 1341 866 credi
1371 809 1468 865 vix
1489 814 1875 882 potest,tcum
1904 807 1965 863 in
1996 822 2090 863 re-

431 899 576 971 gula
596 903 811 971 quarta
828 914 951 954 non
977 897 1299 955 dissimilia
1320 900 1450 971 jam
1472 899 1740 955 dixisset.
1767 901 1847 954 Ex
1867 896 2089 970 quibus

425 989 714 1047 omnibus
755 987 956 1060 colligi
985 991 1187 1059 potest
1214 994 1547 1057 auctorem,
1587 989 1703 1044 nisi
1731 987 1862 1059 ejus
1901 986 2088 1043 verba

422 1083 582 1135 recte
602 1076 1033 1147 intelligantur,
1055 1078 1419 1134 severiorem
1440 1077 1631 1133 videri
1648 1077 1860 1133 merito
1878 1091 2081 1149 posse.

422 1169 617 1233 Quare
639 1166 689 1221 si
709 1165 979 1221 difﬁcilia
997 1165 1282 1238 quaedam
1303 1166 1669 1236 Regularum
1688 1165 1823 1222 loca
1841 1165 2083 1221 incaute

413 1255 652 1327 legeris,
670 1255 843 1312 facile
865 1255 1100 1322 credas,
1114 1254 1458 1311 Combeﬁsii
1479 1254 1779 1327 exemplo,
1802 1253 2080 1327 quemvis

412 1346 602 1403 alium
646 1346 852 1419 potius
885 1361 1095 1401 earum
1149 1349 1462 1402 auctorem
1492 1361 1651 1415 esse,
1688 1360 1876 1418 quam
1918 1343 2078 1399 Basi-

408 1436 559 1492 lium
594 1435 741 1491 :sed
782 1435 829 1490 si
866 1434 1176 1508 quispiam
1207 1434 1513 1506 ejusmodi
1540 1434 1815 1490 locorum
1841 1437 2076 1489 senten-

406 1526 553 1581 tiam
575 1528 682 1580 rite
699 1529 757 1579 et
773 1528 1073 1581 scrutatus
1093 1524 1271 1580 fuerit
1292 1528 1350 1580 et
1368 1530 1700 1593 assecutus,
1726 1523 1874 1580 nihil
1899 1538 2075 1596 aspe-

402 1615 527 1671 rius
550 1618 653 1671 aut
673 1614 887 1670 durius
908 1614 972 1670 in
992 1615 1140 1687 ipsis
1161 1615 1447 1683 inveniet,
1472 1614 1707 1687 sibique
1728 1614 1910 1686 plane
1930 1629 2069 1687 per-

402 1704 683 1761 suadebit
703 1706 1087 1761 severitatem
1126 1703 1295 1760 illam
1316 1705 1379 1760 in
1399 1704 1637 1760 nullum
1659 1702 1847 1759 alium
1870 1703 2070 1773 magis

2203 558 2293 590 και
2319 548 2604 615 συγγνώμη
2629 563 2711 605 τις
2732 548 2863 607 ἴσως
2882 550 3024 620 παρὰ
3043 555 3134 599 τοῦ
3175 554 3307 600 Θεοῦ
3336 550 3556 618 γένοιτο·
3580 556 3651 600 τῶ
3674 545 3734 601 δὲ
3754 547 3860 611 ἕξε-

2200 625 2423 711 πίτηδες
2452 635 2517 683 τὰ
2544 638 2710 708 χείρω
2742 635 3061 708 προελομέυω
3092 633 3315 709 οὐδεμία
3334 641 3661 711 παραίτησις
3696 643 3755 690 τὸ
3785 641 3855 711 μὴ

2201 706 2330 790 enixi
2352 706 2722 775 πολλαπλασίω
2744 706 2837 782 τῆν
2868 706 3081 776 ablato-iv
3112 706 3389 797 ὑποσχεῖν.
3410 706 3735 783 Enimvero
3755 706 3860 799 qui

2199 823 2237 864 a
2276 816 2439 867 recto
2478 811 2813 885 decoroque
2833 830 2953 870 non
2976 816 3323 872 voluntarie
3342 815 3670 885 aberrarit,
3696 818 3860 888 forte

2198 900 2429 955 veniam
2478 902 2747 973 aliquam
2788 904 3075 961 obtinebit
3104 906 3325 962 aDeo:
3363 907 3470 978 qui
3506 921 3645 962 vero
3667 908 3857 975 fuerit

2197 990 2469 1045 consulto
2498 993 2665 1048 mala
2684 995 3024 1065 amplexus,
3048 995 3524 1065 implacabilater
3550 998 3857 1066 supplicia

2197 1078 2372 1149 longe
2390 1081 2629 1149 majora
2646 1083 2934 1152 perferet.
2962 1082 3092 1139 Hac
3113 1083 3219 1155 qui
3247 1082 3471 1154 legent,
3495 1084 3593 1152 iis,
3622 1085 3736 1141 nisi
3755 1102 3854 1142 ca-

2189 1171 2391 1231 veant,
2423 1168 2597 1225 facile
2634 1170 2695 1226 in
2735 1176 3003 1228 mentem
3026 1173 3244 1243 veniet,
3276 1174 3495 1230 horum
3526 1174 3854 1231 verborum

2187 1256 2347 1313 hanc
2367 1273 2496 1314 esse
2518 1261 2885 1318 sententiam
2906 1263 3011 1335 qui
3031 1277 3155 1318 non
3165 1262 3499 1319 voluntarie
3518 1264 3857 1336 peccaverit

2185 1360 2327 1402 eum
2367 1346 2625 1405 fortasse
2662 1350 2906 1407 veniam
2946 1357 3443 1419 consecuturum;
3483 1353 3590 1426 qui
3646 1359 3850 1409 autem

2186 1435 2466 1493 consulto
2504 1444 2562 1494 et
2596 1438 2957 1508 voluntarie,
2979 1440 3128 1496 nihil
3165 1442 3218 1497 ei
3261 1443 3389 1515 spei
3428 1441 3712 1516 relinqui,
3741 1442 3849 1498 sed

2183 1540 2432 1582 omnem
2468 1528 2837 1599 paenitentia:
2875 1528 3079 1586 locum
3118 1546 3369 1604 prorsus
3415 1531 3644 1588 adimi:
3678 1530 3847 1605 quod

2181 1628 2306 1669 non
2328 1614 2513 1671 modo
2534 1615 2671 1688 plus
2692 1633 2871 1690 aequo
2891 1634 3167 1675 severum
3190 1625 3297 1684 est,
3331 1619 3442 1676 sed
3461 1619 3705 1691 falsum,
3735 1625 3794 1678 et
3810 1636 3847 1677 a

2182 1700 2383 1759 Basilii
2420 1708 2621 1761 mente
2643 1704 3146 1764 remotissimum.
3170 1708 3399 1765 Eodem
3419 1707 3521 1766 illo
3540 1726 3616 1766 ex
3644 1708 3846 1767 libello

399 1795 748 1865 convenire,
770 1810 959 1867 quam
980 1794 1042 1850 in
1064 1794 1498 1867 Basilium,qui
1529 1810 1601 1850 eo
1631 1794 1876 1864 ingenio
1916 1797 2063 1856 erat,
2094 1805 2139 1861 Β
2178 1809 2389 1849 rursus
2427 1811 2631 1867 pauca
2670 1796 3011 1868 subjiciam.
3056 1801 3207 1856 Sunt
3247 1804 3452 1857 autem
3490 1800 3848 1873 hujusmodi

398 1888 465 1940 ut
485 1900 626 1941 cum
648 1884 877 1954 dogma
897 1883 1151 1957 aliquod
1191 1884 1519 1957 explanare
1559 1883 1674 1940 sibi
1695 1900 1819 1940 non
1842 1899 2063 1956 propo-

398 1973 641 2039 suisset,
655 1973 990 2046 aliquando
1006 1972 1259 2029 liberius
1274 1974 1674 2046 severiusque
1694 1973 2060 2046 loqueretur.

396 2066 549 2120 Nam
586 2064 649 2119 in
688 2063 871 2119 rebus
910 2063 991 2120 ad
1030 2077 1231 2119 mores
1269 2062 1739 2136 pertinentibus,
1782 2077 2063 2118 nonnun-

397 2169 587 2225 quam
626 2153 848 2217 minus,
874 2157 941 2209 ut
976 2154 1061 2209 ita
1099 2152 1321 2223 dicam,
1365 2152 1719 2209 attendebat
1755 2152 1836 2208 ad
1874 2151 2064 2207 verba

395 2242 622 2316 quibus
645 2245 933 2311 uteretur,
956 2257 1146 2315 quam
1170 2242 1250 2298 ad
1271 2241 1653 2298 audientium
1677 2240 1958 2309 salutem,
1982 2239 2061 2295 ad

395 2348 586 2407 quam
607 2348 936 2406 quemque,
955 2348 1327 2407 quacunque
1347 2332 1581 2389 ratione
1601 2337 1828 2405 posset,
1844 2331 2062 2405 perdu-

396 2437 531 2479 cere
551 2421 908 2479 conabatur.
924 2425 1095 2479 Nunc
1111 2439 1142 2479 e
1165 2421 1365 2479 Basilii
1382 2421 1760 2479 orationibus
1781 2420 2063 2494 exempla

399 2510 606 2584 aliqua
626 2511 910 2584 subdam,
938 2516 1001 2567 ut
1021 2528 1163 2568 cum
1193 2511 1289 2579 iis,
1312 2527 1449 2584 qua:
1470 2510 1664 2574 retuli,
1690 2510 2058 2581 Regularum

393 2600 543 2657 locis
580 2601 819 2674 possint
855 2602 1222 2673 comparari.
1248 2600 1503 2657 Basilius
1536 2600 1717 2671 igitur
1739 2616 1878 2654 cum
1909 2598 2059 2655 illud

397 2682 589 2759 Lucae,
612 2693 932 2748 Destruam
966 2691 1182 2748 horrea
1200 2706 1356 2761 mea,
1379 2696 1435 2747 et
1455 2693 1696 2760 majora
1724 2689 2057 2759 aediﬁcabo,

396 2780 768 2853 explanaret,
790 2781 874 2837 ita
892 2780 1132 2837 locutus
1163 2786 1251 2837 est
1273 2781 1443 2852 (tom.
1470 2780 1537 2843 Il,
1561 2797 1620 2853 p.
1647 2781 1736 2852 50)
1760 2798 1773 2836 :
1797 2787 1889 2840 Τις
1918 2778 2058 2832 ἐστιν

397 2872 423 2924 ὁ
443 2868 751 2933 πλεονέκτης
772 2887 786 2938 ;
808 2869 870 2923 Ὠ
887 2875 959 2944 μὴ
983 2873 1211 2944 ὶμμένων
1233 2878 1296 2943 τῇ
1325 2870 1629 2943 αὐταρκείᾳ.
1657 2870 1796 2930 Qui:
1833 2884 2058 2926 avarus

395 2965 518 3024 est?
541 2969 658 3037 Qui
673 2969 850 3025 rebus
887 2984 1020 3041 qua
1055 2970 1204 3025 satis
1240 2973 1406 3035 sunt,
1446 2972 1764 3024 contentus
1803 2983 1922 3023 non
1947 2973 2052 3023 est.

397 3057 568 3120 Quod
605 3058 686 3114 ita
721 3058 980 3115 breviter
998 3075 1069 3115 ac
1089 3057 1443 3131 simpliciter
1478 3057 1707 3114 dictum
1746 3060 2053 3129 perterret.

2178 1882 2367 1953 (ibid.)
2385 1901 2398 1939 :
2415 1883 2574 1937 Ὠστε
2595 1885 2962 1946 καλλωπιστήν
2984 1884 3113 1939 εἶναι
3134 1908 3222 1941 και
3245 1888 3615 1962 ὀνομάζεσθαι,
3649 1892 3846 1964 ὁμοίως

2175 1973 2405 2045 αἰσχρὸν
2428 1974 2673 2046 ἡγεῖσθαι
2693 1996 2826 2048 φημι
2850 1973 2958 2028 δεῖν
2983 1982 3104 2038 τοὺς
3124 1982 3410 2045 τοιούτους,
3428 1983 3496 2042 ὡς
3517 1984 3575 2031 τὸ
3598 1979 3839 2053 ἑταιρεῖν,

2174 2064 2204 2119 ἢ
2234 2060 2527 2137 ἠλλοτρίοις
2552 2067 2741 2136 γάμοις
2772 2064 3137 2123 ἓπίϐουλεύειν.
3184 2068 3385 2131 Quare
3421 2070 3841 2126 cincinnatum

2173 2166 2295 2208 esse
2323 2158 2378 2208 et
2409 2155 2734 2223 appellari,
2765 2170 2930 2226 wque
2977 2161 3155 2226 turpe
3183 2158 3541 2215 censendum
3571 2160 3705 2216 dico
3752 2165 3842 2216 at-

2171 2258 2286 2314 que
2312 2245 2593 2309 scortari,
2624 2249 2733 2300 aut
2775 2247 2990 2301 alienis
3034 2249 3263 2316 nuptiis
3312 2250 3613 2305 insidiari.
3647 2252 3836 2318 Certe,

2171 2347 2310 2387 cum
2342 2333 2424 2389 ita
2452 2331 2690 2389 locutus
2719 2339 2808 2390 est
2836 2335 3118 2401 Basilius,
3146 2353 3273 2393 rem
3295 2353 3695 2408 exaggerasse
3716 2339 3840 2395 dici

2170 2422 2383 2477 merito
2409 2427 2629 2494 potest.
2673 2426 2822 2481 Nam
2854 2424 3019 2480 aliud
3052 2426 3244 2482 multo
3274 2431 3381 2493 est,
3414 2429 3834 2484 cincinnatum

2169 2525 2300 2567 esse
2349 2510 2789 2584 appellarique,
2842 2519 2898 2568 et
2942 2513 3109 2569 aliud
3157 2516 3429 2587 scortari,
3471 2521 3577 2572 aut
3623 2515 3836 2573 alienis

2167 2600 2399 2673 nuptiis
2429 2600 2724 2656 insidiari.
2756 2603 2837 2657 Ex
2867 2602 3093 2674 quibus
3130 2602 3319 2677 liquet
3350 2606 3659 2676 Basilium,
3691 2622 3835 2662 cum

2169 2690 2516 2745 animarum
2564 2689 2729 2747 salus
2772 2698 3073 2761 ageretur.
3121 2694 3385 2751 naturali
3424 2696 3692 2768 quodam
3722 2696 3835 2751 im-

2169 2783 2310 2851 petu
2340 2779 2516 2851 quasi
2548 2778 2891 2852 abreptum,
2925 2797 3065 2838 raro
3094 2782 3364 2855 quidem,
3415 2784 3524 2840 sed
3554 2800 3835 2841 nonnun-

2169 2883 2359 2941 quam
2381 2873 2584 2949 tam_en
2611 2869 2819 2942 aliqua
2839 2869 3085 2939 dixisse,
3113 2888 3271 2945 quae,
3295 2873 3409 2929 nisi
3431 2874 3832 2948 explicantur,

2170 2957 2475 3014 severiora
2522 2963 2629 3015 aut
2673 2964 2832 3028 sunt,
2883 2966 2988 3016 aut
3029 2961 3219 3017 videri
3282 2968 3557 3036 possunt.
3623 2969 3832 3038 Itaque

2165 3047 2443 3121 quisquis
2471 3048 2769 3105 rationem
2807 3050 2980 3122 sequi
3013 3051 3287 3122 voluerit,
3330 3053 3590 3125 Regulas
3628 3056 3832 3128 potius

395 3150 567 3214 Nam,
592 3147 641 3203 si
670 3149 762 3205 ita
800 3153 912 3220 est,
933 3148 1117 3221 pauci
1155 3151 1358 3217 erunt,
1395 3147 1503 3219 qui
1541 3145 1707 3202 avari
1747 3162 1871 3202 non
1917 3146 2053 3201 sint.
2088 3163 2129 3218 ο
2168 3138 2385 3195 Basilio
2413 3138 2652 3210 tribuet,
2684 3155 2947 3213 quarum
2992 3140 3053 3197 in
3098 3143 3411 3200 nonnullis
3439 3145 3639 3215 major
3657 3161 3828 3218 quaa-

395 3238 596 3307 Longe
617 3237 862 3307 gravius
885 3242 976 3293 est
994 3236 1164 3309 quod
1178 3237 1484 3309 sequitur.
1506 3238 1657 3292 Cum
1696 3236 1856 3291 enim
1888 3234 2054 3291 Basi-

392 3325 511 3382 lius
547 3327 609 3382 in
629 3326 1211 3399 quadam'oratione
1234 3340 1581 3381 sermonem
1603 3324 1965 3380 instituisset
1981 3324 2057 3380 de

393 3430 467 3472 eo
489 3415 895 3483 adolescente,
921 3416 1039 3484 cui,
1064 3420 1132 3471 ut
1170 3420 1260 3472 est
1282 3414 1449 3488 apud
1470 3414 1830 3483 Matthaeum,
1855 3415 2052 3471 Domi-

390 3520 509 3561 nus
530 3505 791 3562 dixerat:
817 3506 1014 3563 Vende
1032 3520 1167 3578 quw
1189 3506 1392 3571 habes,
1406 3510 1461 3561 et
1477 3505 1556 3561 da
1575 3505 1945 3574 pauperibus
1958 3504 2052 3573 π’,

389 3598 522 3651 tum
544 3596 794 3652 demum
831 3596 1034 3669 ipsum
1074 3596 1159 3652 ita
1198 3594 1718 3667 alloquitur(tom.
1743 3596 1810 3662 ll,
1835 3608 1893 3666 p.
1919 3596 2048 3665 31):

387 3686 450 3739 Εἰ
485 3688 593 3760 γὰρ,
624 3686 718 3739 οὐκ
757 3685 1054 3759 ἐφόνευσας,
1098 3689 1165 3748 ὡς
1199 3689 1264 3738 σὺ
1292 3689 1411 3758 φὴς,
1442 3687 1559 3737 οὔτε
1590 3683 1905 3757 ἐμοίχευσας
1936 3684 2053 3737 οὒτε

387 3776 625 3847 ἔκλεψας,
668 3776 786 3830 οὗτε
823 3778 1300 3851 κατεμαρτύρησάς
1345 3794 1484 3837 τινος
1522 3780 1813 3849 μαρτυρίαν
1851 3771 2048 3846 ψευδῆ,

385 3864 629 3925 ἀνόνητον
654 3885 855 3919 σεαυτω
874 3872 1041 3927 ποιεῖς
1060 3870 1155 3924 τὴν
1176 3868 1296 3938 περὶ
1319 3873 1487 3916 ταῦτα
1509 3860 1769 3931 σπουδὴν,
1794 3868 1863 3936 μὴ
1890 3882 2052 3937 προσ·

382 3958 549 4018 τιθεὶς
567 3959 625 4009 τὸ
645 3951 881 4023 λεῖπον,ὃ
888 3955 917 4007 ι’
937 3955 998 4008 οὗ
1018 3958 1177 4028 μόνου
1201 3951 1406 4027 δυνήσῃ
1429 3952 1668 4006 εἰσελθεῖν
1691 3953 1761 4014 εἰς
1781 3959 1875 4012 τὴν
1899 3952 2053 4027 βασι-

385 4044 524 4097 λείαν
553 4053 646 4097 τοῡ
669 4053 825 4101 Θεοῦ.
848 4045 1113 4112 Etenim,
1154 4044 1209 4099 si
1244 4058 1365 4100 non
1404 4043 1690 4108 occidisti,
1715 4048 1783 4100 ut
1807 4045 1917 4112 ais,
1949 4059 2048 4100 ne-

382 4151 499 4208 que
517 4136 891 4192 adulterium
912 4134 1264 4191 commisisti
1282 4148 1471 4204 neque
1487 4133 1734 4202 furatus
1756 4149 1836 4204 es,
1860 4148 2050 4206 neque

383 4233 600 4283 contra
622 4227 964 4299 quempiam
981 4227 1216 4296 falsum
1260 4225 1659 4281 testimonium
1684 4225 1902 4279 dixisti
1921 4240 1934 4279 :
1957 4223 2047 4279 ni-

381 4317 707 4373 hilominus
729 4322 927 4373 tamen
948 4315 1281 4372 adhibitam
1303 4316 1367 4370 in
1408 4313 1500 4369 his
1520 4314 1770 4384 agendis
1792 4313 2045 4383 diligen-

378 4410 529 4465 tiam
556 4409 667 4463 tibi
700 4408 1145 4477 infructuosam
1167 4404 1378 4475 efﬁcis,
1404 4406 1508 4477 qui
1544 4404 1707 4476 quod
1742 4406 2042 4476 reliquum

2166 3228 2309 3283 dam
2337 3229 2626 3284 severitas
2656 3233 2934 3301 apparet,
2960 3244 3152 3303 quam
3190 3234 3563 3290 monasticas
3597 3232 3829 3292 Consti—

2163 3319 2445 3388 tutiones,
2479 3318 2538 3374 in
2568 3319 2797 3391 quibus
2828 3320 3132 3390 ejusmodi
3157 3323 3489 3379 severitatis
3532 3339 3607 3380 nc
3646 3325 3827 3381 vesti-

2163 3408 2329 3478 gium
2378 3408 2627 3482 quidem
2676 3408 2865 3465 ullum
2904 3415 3124 3467 exstat.
3182 3416 3266 3469 lta
3312 3412 3476 3470 enim
3525 3414 3833 3473 constabit

2162 3497 2472 3567 Basilium,
2521 3515 2662 3554 cum
2710 3498 2785 3555 de
2834 3499 3108 3555 moribus
3156 3517 3503 3559 sermonem
3551 3503 3823 3576 haberet,

2161 3604 2401 3661 semper
2453 3589 2549 3644 sui
2578 3588 2837 3645 similem
2890 3589 3076 3645 fuisse
3119 3607 3132 3645 :
3189 3591 3295 3664 qui
3334 3592 3557 3650 scilicet
3593 3594 3823 3669 ubique

2159 3682 2283 3734 tam
2310 3680 2371 3733 in
2399 3677 2637 3747 Regulis
2666 3693 2854 3751 quem
2875 3678 2936 3734 in
2958 3678 3091 3734 aliis
3120 3681 3248 3736 suis
3278 3682 3514 3756 scriptis
3538 3699 3821 3742 nonnun-

2159 3783 2349 3841 quam
2397 3782 2459 3821 se
2489 3767 2672 3839 paulo
2705 3767 3067 3823 severiorem
3113 3769 3462 3828 ostenderit.
3498 3774 3696 3847 Neque
3736 3781 3824 3833 ta-

2160 3873 2301 3913 men
2316 3861 2637 3930 propterea
2657 3856 2863 3912 statim
2882 3858 3420 3929 reprehendendus
3440 3867 3529 3920 est
3547 3864 3637 3921 vir
3655 3882 3821 3924 sum-

2159 3962 2319 4011 mus,
2359 3961 2498 4002 cum
2519 3947 2651 4017 ejus
2673 3944 2859 4003 verba
2885 3947 3136 4020 quilibet
3173 3950 3620 4024 paulummodo
3648 3971 3819 4030 pers-

2158 4035 2423 4109 picacior
2442 4035 2503 4091 in
2524 4034 2758 4092 bonam
2771 4041 3005 4109 partem
3027 4037 3406 4113 interpretari
3419 4040 3592 4100 facile
3603 4046 3816 4118 possit.

2229 4129 2315 4181 42.
2361 4124 2536 4191 Quod
2570 4124 2701 4196 jam
2742 4126 2953 4183 attinet
2978 4128 3055 4183 ad
3076 4128 3277 4202 ipsam
3299 4131 3606 4190 scribendi
3634 4134 3820 4192 ratio-

2154 4230 2321 4282 nem,
2352 4214 2618 4285 ingenue
2654 4214 2892 4271 fatebor
2911 4217 3193 4287 Regulae,
3219 4219 3269 4275 si
3298 4220 3643 4294 eloquentia
3676 4239 3820 4298 spe-

2152 4308 2368 4369 ctetur,
2388 4319 2425 4359 a
2444 4304 2673 4360 caeteris
2693 4304 2897 4362 Basilii
2917 4306 3207 4379 operibus
3227 4310 3504 4367 nonnihil
3522 4311 3763 4371 differre
3795 4332 3810 4372 :

2151 4393 2258 4449 sed
2278 4392 2406 4448 haec
2427 4392 2764 4464 diversitas,
2782 4409 2922 4449 cum
2944 4394 3029 4451 rei
3050 4403 3477 4467 argumentum
3498 4400 3584 4457 ita
3602 4407 3815 4475 postu-

378 4498 463 4550 est
484 4508 607 4548 non
629 4493 910 4563 adjicias,
937 4507 1054 4564 quo
1091 4493 1216 4547 solo
1235 4493 1427 4561 possis
1448 4491 1511 4546 in
1551 4490 1656 4547 Dei
1672 4504 1927 4560 regnum
1947 4492 2041 4546 in-
2069 4520 2116 4575 Ι)
2146 4482 2318 4550 laret,
2339 4482 2639 4575 nemiuem
2662 4498 2905 4575 movere
2925 4482 3125 4575 debet.
3142 4487 3273 4575 Non
3293 4487 3454 4545 enim
3474 4489 3730 4549 decebat
3745 4492 3814 4549 in

372 4583 567 4655 gredi.
610 4584 676 4639 Et
701 4598 843 4638 vero
870 4581 1148 4655 quisquis
1192 4580 1362 4638 audit
1399 4580 1547 4635 illud
1580 4598 1592 4635 :
1625 4580 2039 4636 Nihilominus

373 4680 573 4731 tamen
594 4672 931 4729 adhibitam
952 4673 1017 4727 in
1054 4671 1146 4727 his
1167 4672 1545 4740 diligentiam
1567 4670 1677 4725 tibi
1693 4671 2036 4739 infructuo-

371 4778 499 4831 sam
530 4764 741 4833 efﬁcis,
764 4762 871 4834 qui
890 4760 1052 4833 quod
1071 4761 1375 4832 reliquum
1403 4766 1457 4816 et
1480 4776 1601 4815 non
1624 4760 2033 4831 adjicias,quo

370 4853 498 4909 solo
516 4854 708 4924 possis
746 4859 810 4907 in
841 4852 954 4907 Dei
990 4865 1235 4921 regnum
1261 4850 1523 4920 ingredi,
1549 4849 1775 4919 statim,
1800 4849 1921 4904 nisi
1948 4854 2031 4905 at-

369 4941 591 4999 tentior
611 4941 706 5007 sit,
728 4940 841 4996 sibi
862 4940 925 4996 in
947 4940 1222 4995 animum
1244 4938 1476 4994 inducit
1498 4937 1787 4994 Basilium
1808 4938 1923 4994 hoc
1944 4938 2031 4994 di-

368 5047 502 5087 cere
526 5031 810 5102 voluisse,
836 5030 965 5085 ﬁeri
992 5045 1115 5086 non
1156 5045 1359 5101 posse,
1385 5033 1448 5085 ut
1488 5028 1627 5102 quis
1665 5027 1727 5084 in
1769 5044 2028 5100 regnum

367 5120 659 5177 caelorum
682 5119 1072 5189 ingrediatur,
1088 5118 1205 5174 nisi
1222 5118 1427 5175 fecerit
1447 5117 1611 5191 quod
1632 5118 1773 5174 huic
1795 5118 2001 5174 adoles
2022 5156 2023 5159 η

365 5209 524 5265 centi
550 5208 778 5277 deerat,
817 5207 934 5263 hoc
973 5212 1087 5276 est,
1128 5208 1243 5262 nisi
1270 5206 1479 5262 omnia
1518 5222 1632 5261 sua
1669 5204 2021 5271 vendiderit,

362 5298 714 5370 dederitque
735 5296 1109 5370 pauperibus
1133 5315 1145 5353 :
1170 5295 1339 5369 quod
1361 5295 1541 5351 nimis
1561 5300 1869 5351 austerum
1891 5310 2020 5351 esse

357 5387 567 5444 vident
584 5402 826 5444 omnes.
849 5386 1087 5443 Addam
1108 5385 1312 5442 locum
1334 5384 1666 5458 quemdam
1689 5400 1720 5441 e
1743 5399 2018 5441 sermone

356 5481 445 5536 De
467 5479 731 5550 legendis
755 5478 927 5533 libris
946 5478 1264 5549 gentilium
1283 5478 1450 5547 (tom.
1474 5480 1539 5547 ll,
1558 5492 1618 5549 p.
1638 5477 1787 5549 181),
1810 5476 1915 5532 ubi
1934 5477 2018 5534 ita

425 5634 472 5670 ³⁵
511 5632 685 5690 Joan.
720 5649 843 5703 vui,
875 5634 963 5688 34.
1042 5631 1112 5666 ⁸⁵·
1151 5630 1349 5688 Matth.
1382 5646 1503 5699 xxx,
1532 5634 1620 5685 21.

2146 4571 2501 4629 monasticis
2521 4571 2761 4643 Regulis
2781 4573 3238 4631 conscribendis
3260 4577 3343 4633 uti
3362 4578 3671 4649 grandiori
3688 4584 3814 4655 sty-

2144 4660 2223 4732 lo,
2251 4661 2354 4716 sed
2377 4661 2766 4733 simpliciore,
2790 4662 3019 4735 quique
3060 4663 3140 4720 ad
3179 4679 3299 4736 res,
3321 4681 3458 4740 quae
3482 4671 3811 4729 tractaren-

2144 4756 2258 4820 tur,
2283 4750 2479 4823 aptior
2499 4754 2659 4806 esset
2690 4755 2873 4823 atque
2912 4754 3452 4812 accommodatior.
3476 4760 3598 4829 Ego
3625 4759 3812 4830 igitur

2142 4840 2426 4911 Regulae,
2450 4841 2498 4896 si
2520 4856 2658 4896 cum
2679 4840 2929 4913 reliquis
2951 4840 3156 4899 Basilii
3182 4845 3419 4919 scriptis
3437 4863 3810 4922 comparen-

2140 4937 2255 4995 tur,
2281 4930 2482 4987 minus
2502 4928 2810 5001 elegantes
2852 4946 2982 4987 esse
3020 4947 3142 4988 non
3181 4949 3341 5005 nego
3378 4936 3631 5009 quidem
3656 4957 3669 4994 :
3693 4940 3809 4997 sed

2138 5027 2341 5078 tamen
2364 5018 2670 5076 contendo
2691 5018 2855 5091 ipsas
2877 5035 3000 5076 non
3020 5020 3307 5093 indignas
3332 5041 3482 5089 esse,
3509 5043 3647 5100 quae
3684 5028 3810 5083 elo-

2135 5109 2538 5185 quentissimo
2560 5108 2838 5181 scriptori
2861 5124 2931 5166 ac
2953 5109 3395 5171 facundissimo
3436 5116 3803 5176 tribuantur.

2135 5205 2203 5258 Et
2231 5217 2376 5258 vero
2396 5199 2545 5273 quid
2565 5198 2628 5254 in
2648 5197 3019 5269 Regularum
3042 5201 3200 5273 stylo
3237 5203 3329 5260 vel
3367 5207 3629 5263 morosis
3666 5207 3803 5264 dis-

2129 5292 2349 5366 plicere
2370 5289 2581 5363 possit,
2604 5304 2728 5345 non
2750 5288 2942 5345 video.
2978 5289 3130 5347 Fluit
3152 5292 3376 5367 ubique
3397 5297 3589 5353 oratio
3610 5296 3802 5357 libere

2129 5397 2201 5440 ac
2249 5380 2530 5436 suaviter.
2564 5380 2634 5435 Ut
2660 5377 2989 5435 verborum
3028 5379 3409 5441 abundantia
3438 5386 3801 5460 scriptorem

2128 5469 2628 5546 copiosissimum
2659 5468 2847 5524 fuisse
2889 5474 3097 5543 aperte
3127 5474 3411 5545 ostendit,
3445 5474 3527 5534 ita
3553 5492 3796 5550 eorum,
