4092 6378
290 334 393 390 109

1810 328 2199 387 PREFATIO.

3602 338 3707 397 HO

272 458 539 517 delectus
588 458 1077 531 constructioque
1123 456 1400 514 dubitare
1440 471 1564 512 non
1596 455 1735 511 sinit
1778 453 1928 527 quin
1956 460 2004 509 Α
2041 474 2069 505 ‹‹
2101 453 2178 509 Ei
2224 453 2331 525 qui
2376 455 2506 511 vult
2550 459 2743 512 tecum
2770 456 2841 513 in
2862 456 3097 527 judicio
3126 458 3504 526 contendere,
3527 482 3558 513 »
3590 465 3703 520 etc.

269 547 432 605 idem
463 548 895 605 disertissimus
920 547 1120 605 fuerit.
1143 546 1294 612 Quid
1324 546 1499 619 plura
1517 547 1545 602 ?
1571 549 1615 600 A
1645 543 1824 601 nobis
1846 542 1929 599 fa-

272 637 348 693 cit
376 652 587 694 earum
611 653 816 694 rerum
845 636 1109 709 optimus
1132 636 1323 707 judex
1353 635 1614 691 Photius.
1642 632 1929 691 Ubienim

270 726 345 782 de
372 728 656 784 Asceticis
685 727 886 784 Basilii
909 726 1195 799 loquitur,
1230 727 1311 781 ita
1353 726 1557 781 scribit
1579 727 1663 795 (a)
1690 742 1703 779 :
1736 725 1811 779 In
1839 722 1929 778 his

270 822 471 875 tamen
503 818 731 875 duobus
766 818 933 874 libris
958 833 1079 874 non
1117 832 1347 886 semper
1370 817 1452 873 ad
1478 816 1809 885 emphasim
1839 827 1930 869 re-

270 909 488 962 currit.
519 908 735 965 Statim
767 910 921 964 enim
948 908 1181 977 primus
1216 906 1368 963 liber
1392 906 1551 963 nihil
1575 921 1701 975 prie
1731 919 1791 960 se
1806 903 1931 973 fert

272 997 413 1066 tale,
427 997 548 1052 nisi
567 997 727 1069 quod
744 997 923 1053 semel
943 997 1172 1053 alicubi
1185 1011 1293 1065 per
1304 996 1681 1052 reticentiam
1701 1008 1796 1049 ma
1806 992 1931 1047 lum

269 1100 437 1141 omen
468 1091 725 1143 avertat.
757 1087 913 1143 Nam
940 1086 1021 1142 ad
1062 1091 1277 1142 caetera
1308 1085 1467 1157 quod
1491 1085 1727 1150 attinet,
1756 1081 1933 1138 valde

268 1174 353 1231 ibi
373 1181 459 1232 est
476 1177 709 1245 ﬁrmus,
735 1182 789 1232 et
814 1191 979 1247 aeque
997 1192 1191 1245 purus
1238 1179 1415 1246 atque
1445 1173 1772 1242 dilucidus,
1800 1186 1933 1241 per-

270 1280 383 1336 que
411 1258 560 1322 duos
598 1266 766 1322 hosce
795 1266 977 1321 libros
1029 1265 1299 1322 decurrit
1324 1264 1659 1335 simplicior
1683 1262 1932 1335 quidam

224 1364 246 1372 “
271 1360 325 1410 et
351 1356 792 1424 perfamiliaris
817 1369 1008 1411 sermo
1030 1369 1101 1411 ac
1122 1356 1488 1424 compositio,
1522 1355 1603 1410 ad
1620 1353 1804 1423 vulgi
1821 1366 1931 1408 au-

270 1459 364 1500 res
385 1450 738 1514 comparata
766 1451 947 1516 atque
970 1445 1246 1511 demissa,
1274 1450 1330 1501 et
1354 1445 1435 1500 ad
1464 1445 1655 1500 solam
1695 1443 1932 1498 demum

272 1534 618 1591 auditorum
645 1536 904 1591 salutem
947 1535 1197 1590 intenta.
1234 1537 1436 1591 Graeca
1466 1533 1671 1589 videre
1695 1531 1802 1604 qui
1831 1547 1934 1586 cu-

272 1624 415 1696 piet,
445 1640 517 1681 ea
539 1624 819 1696 superius
842 1623 1042 1693 legere
1071 1623 1289 1695 poterit
1318 1625 1507 1695 (num.
1542 1625 1652 1688 27).
1673 1621 1785 1677 Sed
1806 1620 1935 1676 haec

273 1713 608 1785 generatim
639 1713 803 1770 dicta
827 1717 1005 1769 sunt:
1050 1729 1213 1770 nunc
1250 1713 1327 1769 de
1352 1713 1530 1770 certis
1560 1711 1935 1785 quibusdam

2039 542 2195 597 Loca
2224 543 2513 614 quiedam
2546 544 2866 617 Scriptura;
2896 546 3132 603 diverse
3161 547 3240 604 ab
3270 548 3704 624 interpretibus

2035 647 2215 688 versa
2264 633 2447 690 fuisse
2498 650 2624 691 non
2669 651 2810 692 raro
2854 640 3061 695 monet
3106 637 3379 695 Basilius.
3434 632 3708 715 Exempli

2040 736 2253 794 causa,
2269 723 2352 779 sic
2382 724 2446 779 in
2473 741 2653 797 opere
2683 726 2801 782 Sex
2828 726 3062 783 dierum
3085 727 3381 800 scriptum
3405 728 3710 791 invenitur

2041 812 2230 881 (hom.
2263 817 2297 868 4
2322 814 2387 870 in
2413 815 2597 884 118.73.,
2628 831 2690 872 n.
2727 816 2781 888 5)
2809 833 2821 871 :
2856 821 3173 890 Πρόσκειται
3205 814 3265 871 δέ
3293 816 3342 870 ἐν
3370 819 3578 884 πολλοῖς
3604 830 3707 875 τῶν

2044 897 2388 975 ἀντιγράφων,
2449 909 2548 956 Καὶ
2611 906 2856 977 συνήχθη
2902 909 2961 958 τὸ
3014 902 3158 981 ὕδωρ
3210 910 3271 960 τὸ
3315 907 3559 961 ὑποκάτω
3613 915 3707 961 τοῦ

2043 990 2263 1063 οὐρανοῦ
2335 992 2407 1055 εἰς
2475 996 2570 1057 τὰς
2647 997 2958 1067 συναγωγὰς
3023 996 3213 1065 αὐτῶν,
3290 1001 3382 1050 καὶ
3453 999 3599 1072 ὤφθη
3672 1000 3703 1059 ἡ

2042 1078 2178 1155 ξηρά
2207 1098 2218 1110 ⁸
2254 1082 2384 1157 άπερ
2435 1082 2551 1136 οὔτε
2596 1088 2729 1147 τινὲς
2758 1094 2860 1147 τῶς
2906 1085 3097 1139 λοιπῶν
3148 1083 3505 1141 ἐκδεδωκασιν
3552 1108 3709 1162 ερμη-

2040 1178 2253 1230 νέων....
2286 1176 2352 1226 τά
2402 1178 2573 1226 τοίνυν
2627 1172 2817 1249 ἀκριϐῆ
2868 1185 2967 1230 τῶν
3025 1176 3354 1254 ἀντιγράφων
3403 1178 3703 1235 ὠϐέλισται.

2045 1264 2333 1320 Additum
2366 1269 2449 1320 est
2482 1270 2682 1321 tamen
2729 1266 2793 1321 in
2836 1268 3045 1324 multis
3075 1268 3547 1339 exemplaribus,
3579 1271 3708 1328 «Et

2043 1359 2409 1425 congregata
2433 1360 2518 1411 est
2555 1370 2739 1427 aqua,
2765 1372 2894 1429 qua?
2931 1358 3041 1414 sub
3076 1359 3224 1415 caelo
3268 1365 3419 1430 erat,
3450 1361 3517 1416 in
3560 1376 3706 1417 con-

2040 1444 2417 1514 gregationes
2460 1460 2621 1516 suas,
2650 1452 2704 1502 et
2751 1448 3039 1516 apparuit
3081 1448 3333 1506 arida.»
3376 1448 3517 1516 qu
3561 1465 3709 1508 sane

2043 1532 2226 1589 verba
2255 1535 2417 1590 nulli
2466 1550 2542 1592 ex
2569 1536 2819 1607 reliquis
2850 1537 3280 1607 interpretibus
3326 1540 3705 1598 tradidere...

2042 1623 2267 1679 Notata
2295 1630 2434 1680 sunt
2462 1626 2652 1695 igitur
2679 1626 2846 1682 obelo
2890 1628 3268 1696 exemplaria
3295 1631 3704 1687 accuratiora.

2045 1711 2327 1783 Basilius,
2357 1728 2498 1768 cum
2530 1714 2845 1785 psalmum
2875 1715 3236 1773 vicesimum
3284 1722 3570 1776 octavum
3610 1735 3708 1777 co-

274 1801 738 1874 notis,equibus
770 1801 1057 1858 Basilium
1088 1801 1455 1873 Regularum
1488 1806 1789 1857 auctorem
1805 1813 1936 1855 esse
1966 1811 2008 1865 Β
2044 1819 2178 1860 ram
2225 1802 2456 1875 populo
2510 1804 2863 1876 explanaret
2911 1806 2977 1877 (t.
3028 1810 3072 1875 Ι,
3120 1822 3263 1879 pag.
3310 1810 3451 1879 114),
3490 1809 3708 1868 eodem

272 1892 560 1963 cognosci
584 1892 795 1964 possit,
825 1891 1221 1950 disseramus.
1256 1894 1418 1948 Hanc
1449 1891 1689 1947 dicendi
1719 1890 1937 1946 formu-

270 1985 415 2051 lam,
446 1998 552 2053 ego
581 1982 726 2050 vidi,
750 1987 855 2037 aut
877 1997 983 2052 ego
1014 1983 1178 2052 novi,
1213 1981 1430 2038 Basilio
1462 1980 1936 2054 perfamiliarem

274 2071 449 2128 fuisse
465 2074 597 2143 jam
617 2070 824 2127 monui
849 2072 948 2143 (b).
974 2072 1279 2128 Invenitur
1300 2077 1506 2129 autem
1524 2070 1661 2127 etin
1691 2068 1935 2139 Regulis

272 2177 515 2235 quoque
535 2178 607 2218 ea
626 2161 759 2234 ipsa
788 2161 1091 2217 scribendi
1112 2163 1266 2218 ratio
1291 2180 1306 2229 ;
1348 2162 1425 2218 ob
1456 2161 1643 2233 idque
1684 2159 1936 2216 Basilius

218 2308 229 2315 ,
274 2267 480 2308 earum
510 2250 815 2321 legitimus
862 2266 1084 2322 parens
1142 2268 1271 2307 esse
1311 2252 1448 2327 jure
1476 2250 1789 2324 putandus
1819 2253 1931 2305 est.

278 2347 364 2400 Ita
426 2344 605 2413 igitur
656 2343 719 2398 in
776 2342 987 2413 regula
1053 2346 1159 2399 254
1225 2343 1517 2415 scriptum
1582 2340 1928 2397 invenitur:

276 2432 295 2446 ”
316 2441 491 2509 Ωσπερ
518 2430 606 2486 οὖν
625 2437 683 2486 τὸ
709 2433 956 2508 ἀργύριον
988 2431 1295 2486 ἀκολουθίαν
1328 2435 1440 2505 ἔχει
1461 2440 1568 2494 τοῖς
1589 2431 1930 2507 τραπεζίταις

282 2519 528 2577 δίδοσθαι
566 2524 635 2585 εἰς
676 2529 951 2598 πορισμὸν,
1000 2524 1103 2576 εἰσὶ
1131 2525 1254 2599 γὰρ,
1288 2526 1354 2586 ὡς
1389 2522 1436 2575 ἐν
1465 2519 1829 2596 Ἀλεξανδρείᾳ
1875 2523 1928 2573 ἔ-

271 2634 420 2687 γνων,
455 2619 503 2666 οὶ
533 2610 917 2688 ὑποδεχόμενοι
963 2619 1053 2666 καὶ
1078 2621 1254 2666 ’τοῦτο
1279 2622 1564 2681 ποιοῦντες,
1597 2613 1779 2680 οὕτως,
1812 2618 1925 2669 etc.

274 2703 778 2770 Quemadmodum
819 2706 1009 2775 igitur
1029 2705 1287 2773 pecunia
1316 2705 1463 2761 solet
1500 2703 1925 2760 nummulariis
1968 2724 1977 2731 θ

267 2793 349 2849 ad
374 2799 660 2864 quaestum
691 2796 830 2851 dari
872 2796 1029 2866 (sunt
1057 2796 1235 2863 enim,
1267 2800 1334 2849 ut
1377 2808 1482 2863 ego
1529 2794 1924 2852 Alexandrix

266 2884 426 2953 novi,
454 2886 561 2955 qui
576 2885 899 2954 recipiant,
923 2891 976 2941 et
1006 2884 1266 2954 idipsum
1293 2884 1638 2956 peragant),
1665 2885 1772 2955 sic,
1807 2890 1919 2941 etc.

264 2974 331 3029 Et
355 2971 497 3029 alibi
528 2990 669 3029 cum
698 2974 773 3030 de
796 2973 1166 3047 quibusdam
1186 2974 1393 3043 rebus,
1412 2990 1548 3046 quae
1578 2979 1794 3046 sponte
1815 2990 1923 3031 na-

260 3065 411 3118 tura:
436 3063 609 3134 ﬁunt,
640 3063 827 3121 verba
855 3064 1112 3135 fecisset,
1147 3069 1503 3137 persecutus
1533 3069 1627 3120 est
1651 3064 1765 3120 hoc
1794 3080 1926 3121 mo-

259 3151 340 3207 do
396 3153 542 3225 (reg.
594 3155 755 3224 309):
806 3152 925 3226 Ἐγὺ
970 3150 1030 3207 δὲ
1076 3156 1251 3226 ἔγνων,
1280 3154 1361 3207 ὃτι
1408 3162 1575 3208 ταῦτα
1598 3155 1919 3227 κατωρθὼθη
1952 3172 1993 3226 C

259 3250 525 3318 Χρισοτοῦ
545 3247 734 3317 χάριτι
780 3248 871 3297 καὶ
910 3242 959 3297 ἐν
1002 3240 1229 3317 ἀνδράσι
1271 3248 1362 3298 καὶ
1393 3242 1441 3296 ἐν
1484 3244 1714 3316 γυναιξὶ,
1747 3248 1924 3298 πίστει

256 3342 320 3408 τῇ
347 3334 420 3397 εἰς
447 3337 535 3386 τὸν
560 3337 747 3407 Κύριον
771 3353 988 3406 γνησιᾳ.
1021 3334 1151 3404 Ego
1178 3339 1376 3391 autem
1397 3335 1538 3390 novi
1558 3333 1684 3391 haec
1705 3334 1927 3390 Christi

255 3421 465 3492 gratia
485 3420 774 3490 completa
791 3419 981 3489 fuisse
1001 3426 1128 3474 tum
1158 3420 1220 3475 in
1246 3420 1393 3476 viris
1419 3425 1545 3474 tum
1576 3420 1639 3475 in
1655 3419 1922 3488 feminis.

248 3525 371 3581 per
382 3510 710 3580 genuinam
735 3509 798 3565 in
830 3510 1149 3565 Dominum
1175 3509 1355 3579 ﬁdem
1389 3513 1478 3571 (ο).
1507 3511 1651 3564 Cum
1676 3508 1738 3563 in
1760 3514 1925 3564 tomo

254 3599 461 3673 primo
512 3598 588 3654 de
635 3596 858 3654 ultimis
913 3596 1158 3654 duobus
1211 3598 1275 3654 in
1330 3598 1703 3653 Eunomium
1756 3596 1926 3653 libris

256 3688 739 3761 disputaremus,
769 3686 1194 3743 adnotavimus
1228 3686 1532 3754 Basilium,
1566 3686 1616 3741 si
1643 3686 1792 3760 quid
1822 3690 1929 3743 aut

255 3779 597 3853 probasset,
648 3781 754 3835 aut
800 3776 1195 3845 confutasset,
1239 3781 1344 3833 aut
1390 3776 1798 3849 explanasset,
1844 3775 1929 3832 ita

256 3869 596 3927 orationem
633 3866 994 3925 concludere
1037 3866 1303 3933 solitum,
1332 3870 1423 3918 καὶ
1470 3873 1637 3918 ταῦτα
1686 3868 1776 3938 μὲν
1820 3864 1927 3918 ἐπὶ·

255 3966 530 4028 τοσοῦτον,
564 3956 630 4011 τά
672 3960 761 4030 μὲν
811 3954 898 4009 οὖν
946 3960 1160 4030 napi”...
1218 3954 1303 4009 ἐπὶ
1356 3963 1625 4023 τοσοῦτον,
1659 3959 1765 4011 aut
1810 3954 1928 4012 alio

258 4048 442 4105 simili
471 4047 677 4109 modo.
712 4047 882 4104 Paria
931 4051 1136 4103 autem
1177 4046 1242 4102 in
1286 4045 1526 4115 Regulis
1556 4044 1924 4114 invenimus,

188 4208 195 4213 1
255 4139 317 4195 in
363 4137 589 4211 quibus
638 4137 722 4195 sic
759 4136 979 4207 legitur
1026 4138 1170 4209 (reg.
1203 4140 1236 4191 2
1266 4135 1407 4203 fus.,
1437 4150 1500 4191 n.
1528 4137 1622 4206 4):
1672 4138 1775 4188 Καὶ
1805 4138 1926 4207 περὶ

255 4231 346 4303 μὲν
391 4236 489 4290 τῆς
536 4226 610 4288 εἰς
651 4230 781 4280 Θεὸν
826 4228 1037 4298 αγάπης
1065 4232 1319 4279 τοσαῦτα.
1351 4225 1470 4281 Sed
1515 4223 1804 4281 hactenus
1856 4223 1929 4280 de

253 4318 578 4377 dilectione
627 4317 756 4374 Dei.
811 4315 1068 4381 Quando
1115 4319 1319 4372 autem
1373 4314 1563 4383 semel
1616 4313 1814 4370 Basilii
1860 4315 1925 4370 in

252 4408 625 4467 Eunomium
676 4405 844 4462 libris
892 4421 1040 4462 usus
1091 4421 1249 4473 sum,
1275 4420 1350 4460 ex
1397 4404 1491 4460 his
1532 4403 1700 4460 aliud
1743 4418 1924 4474 argu-

254 4503 538 4557 mentum
567 4500 791 4569 petam.
826 4496 1028 4565 Igitur,
1058 4509 1199 4550 cum
1227 4493 1550 4582 initiolibri
1577 4494 1728 4550 tertii
1745 4493 1923 4565 signi-
1954 4527 1999 4582 Β

254 4589 446 4646 ﬁcare
474 4586 653 4644 vellet
682 4585 1056 4659 Scripturam
1104 4598 1370 4650 sacram,
1400 4583 1484 4640 ita
1519 4581 1758 4640 locutus
1797 4589 1921 4642 est:

256 4680 548 4753 Ἀξιώματι
589 4681 679 4752 μὲν
725 4679 827 4752 γὰρ
879 4672 1193 4749 δευτερεύειν
1240 4682 1333 4728 τοῦ
1380 4676 1505 4727 Υὶοῡ
1552 4671 1926 4748 παραδίδωσιν

256 4773 394 4833 ἴσως
440 4772 465 4822 6
508 4778 604 4831 τῆς
656 4766 918 4829 εὐσεϐείας
958 4766 1130 4837 λόγος.
1163 4765 1473 4836 Dignitate
1497 4765 1735 4837 quidem
1767 4766 1928 4838 [Spi~

254 4860 471 4931 ritum]
502 4858 829 4916 secundum
845 4872 966 4914 esse
990 4871 1028 4912 a
1052 4856 1211 4913 Filio
1238 4856 1427 4913 tradit
1450 4856 1714 4925 fortasse
1740 4857 1927 4926 pieta-

260 4952 336 5009 tis
359 4950 772 5007 sermo.Secus
803 4951 1007 5003 autem
1031 4946 1094 5001 in
1124 4945 1337 5016 regula
1357 4962 1522 5003 nona
1554 4946 1783 5016 majore
1806 4961 1932 5002 non

255 5042 499 5115 legitur,
531 5039 636 5096 ubi
661 5038 745 5095 ita
779 5037 1073 5111 scriptum
1104 5042 1195 5094 est
1224 5038 1386 5110 (pag.
1420 5037 1547 5107 351)
1574 5054 1586 5093 :
1617 5036 1933 5104 Δικάξεσθαι

261 5129 322 5186 δὲ
374 5135 495 5205 περὶ
567 5129 736 5183 αὐτῶν
811 5126 895 5181 ἐπὶ
962 5124 1326 5202 δικαστηρίων
1398 5126 1653 5189 ἐξωτικῶν
1728 5124 1933 5197 ἀπηγόι

260 5240 443 5297 ρευσεν
473 5224 499 5273 ό
548 5228 644 5280 τῆς
675 5220 729 5271 ϐε
749 5216 982 5278 οσεϐείας
1009 5216 1182 5290 λόγος,
1231 5214 1289 5270 δι
1314 5215 1380 5269 ὧν
1429 5236 1580 5289 φησιο
1613 5223 1697 5287 Τῷ
1739 5215 1936 5271 θέλοντί

265 5333 352 5367 σοι
406 5312 673 5387 κριθῆναι,
750 5312 863 5365 etc.
922 5310 1035 5366 Sed
1096 5324 1231 5365 cum
1281 5309 1427 5378 ipsis
1496 5323 1609 5377 pro
1663 5307 1939 5363 tribunal
1968 5328 1977 5335 ’

261 5408 510 5461 extemo
562 5400 804 5470 litigare
846 5402 1003 5455 vetat
1026 5397 1274 5468 pietatis
1317 5408 1530 5466 sermo,
1562 5395 1655 5453 his
1692 5396 1920 5453 verbis:

335 5511 386 5546 ³⁸
420 5511 557 5565 Luc.
583 5523 730 5573 XXII,
758 5510 852 5563 36.

342 5600 423 5742 (a)
457 5597 601 5654 Cod.
637 5612 785 5661 εχει,
817 5612 877 5668 p.
910 5598 1034 5650 493.

366 5672 420 5742 b)
455 5672 589 5739 Leg.
623 5685 681 5731 n,
714 5673 808 5723 29.

366 5672 420 5742 ο)
455 5672 589 5739 Leg.
623 5685 681 5731 n,
714 5673 808 5723 29.

2045 1893 2231 1950 modo
2258 1893 2499 1950 locutus
2529 1899 2658 1952 est:
2705 1894 2783 1948 Ἐν
2812 1895 3021 1960 πολλοῖς
3045 1901 3221 1971 μέντοι
3248 1906 3350 1951 τῶν
3380 1897 3707 1974 ἀντιγράφων

2044 1988 2413 2057 προσκείμενον
2444 1984 2654 2059 εὕρομεν
2682 1989 2761 2054 τό,
2796 1990 2907 2044 etc.
2944 1988 3017 2043 In
3046 1988 3256 2044 multis
3282 1994 3483 2046 autem
3510 2005 3709 2048 exem-

2038 2075 2323 2144 plaribus
2381 2076 2653 2132 additum
2704 2076 3028 2146 reperimus
3070 2078 3253 2148 illud,
3300 2082 3412 2135 etc.
3467 2080 3709 2155 Insigne

2045 2164 2213 2220 aliud
2259 2164 2609 2237 exemplum
2655 2165 2965 2238 proferam
3008 2182 3041 2222 e
3089 2167 3363 2225 secundo
3409 2170 3474 2226 in
3501 2170 3709 2228 Euno-

2044 2256 2228 2310 mium
2254 2254 2408 2310 libro
2436 2258 2631 2325 (num.
2662 2259 2778 2324 20),
2811 2255 2919 2312 ubi
2947 2257 3033 2314 ita
3060 2256 3318 2327 legitur:
3350 2262 3485 2322 Τέως
3515 2280 3576 2332 γε
3603 2265 3708 2334 μὴν

2042 2340 2181 2416 μηδὲ
2229 2342 2387 2397 ἐκεῖνο
2427 2342 2868 2419 ἀπαρασὴμαντον
2897 2345 3283 2421 καταλίπωμεν,
3310 2350 3393 2402 ὅτι
3435 2349 3581 2402 illo:
3606 2358 3708 2404 τῶν

2042 2433 2315 2509 ἑρμηνέων,
2349 2435 2399 2487 οἱ
2445 2440 2781 2510 καιριώτερον
2823 2444 2921 2500 τῆς
2970 2441 3239 2511 σημασίας
3269 2446 3392 2505 τῶν,
3424 2437 3708 2514 Ἑϐραϊκῶν

2038 2526 2391 2597 καθικόμενοι,
2449 2523 2739 2583 Ἐκτήσατὸ
2786 2545 2872 2598 με,
2923 2523 3039 2579 ἀντὶ
3094 2535 3211 2598 τοῦ,
3259 2526 3520 2598 Ἐκτισεν,
3567 2526 3712 2583 ἐκδε-

2042 2610 2298 2669 δὼκασιν.
2333 2615 2584 2671 Interim
2615 2619 2816 2672 tamen
2863 2631 3056 2687 neque
3084 2617 3247 2674 illud
3272 2620 3513 2676 silentio
3553 2634 3706 2688 prai-

2038 2708 2354 2773 tereamus,
2422 2704 2778 2773 interpretes
2846 2706 3017 2775 alios,
3077 2709 3186 2778 qui
3257 2709 3705 2767 convenientzus

2033 2792 2478 2850 Hebraicarum
2535 2807 2745 2850 vocum
2802 2795 3164 2852 sententiam
3218 2798 3478 2855 assecuti
3536 2803 3702 2868 sunt,

2023 2897 2142 2952 pro
2202 2883 2551 2950 «creavit,»
2604 2882 2856 2940 edidisse
2902 2886 3217 2955 «possedit
3283 2903 3394 2945 me.
3422 2909 3451 2938 »
3504 2891 3572 2945 Et
3624 2904 3703 2946 ne

2028 2970 2250 3041 longus
2300 2971 2440 3041 sim,
2477 2971 2692 3027 omitto
2735 2971 2959 3045 sciens,
2989 2990 3129 3046 quae
3177 2974 3463 3046 leguntur
3491 2977 3555 3034 in
3590 2977 3701 3034 ho-

2027 3061 2193 3117 milia
2219 3060 2416 3133 prima
2444 3062 2509 3118 in
2534 3062 2824 3120 Hexaem.
2843 3079 3016 3120 num.
3046 3068 3079 3120 6
3104 3083 3118 3135 ;
3152 3065 3296 3122 item
3318 3083 3458 3138 quae
3479 3067 3703 3141 scripta

2029 3152 2171 3205 sunt
2222 3148 2285 3204 in
2353 3148 2604 3206 homilia
2666 3150 2730 3207 in
2798 3152 3105 3221 psalmum
3169 3153 3700 3226 quadragesimum

2029 3245 2339 3312 quartum,
2368 3242 2626 3308 num.‘_4.
2667 3240 2756 3297 Fit
2791 3246 2999 3299 autem
3045 3258 3294 3317 quoque
3346 3244 3410 3302 in
3457 3245 3700 3316 Regulis

2028 3328 2255 3386 mentio
2284 3328 2446 3384 illius
2491 3329 2559 3385 in
2588 3329 3035 3403 Scripturarum
3065 3332 3565 3406 interpretatione
3593 3351 3699 3392 va-

2028 3416 2278 3473 rietatis.
2312 3417 2379 3472 In
2423 3416 2545 3481 his,
2570 3417 2732 3473 enim
2773 3418 2858 3475 ita
2905 3419 3197 3493 scriptum
3230 3427 3323 3480 est
3349 3425 3500 3496 (reg.
3532 3428 3695 3497 251):

2028 3510 2114 3565 Ὠς
2150 3508 2221 3575 μὴ
2273 3499 2401 3555 εἶναι
2444 3508 2783 3578 πρόσταγμα,
2816 3504 2973 3559 Ἀλλά
3000 3514 3088 3560 νῦν
3129 3510 3156 3561 ὁ
3209 3511 3346 3582 ἔχων
3395 3509 3695 3585 βαλάντιον,

2031 3589 2227 3665 ἀράτω,
2287 3595 2406 3650 ἦτοι
2461 3590 2579 3665 ἀρεῖ
2631 3592 2791 3661 (οὓτω
2841 3597 2944 3669 γὰρ
3001 3600 3093 3649 καὶ
3141 3600 3208 3651 τά
3252 3598 3416 3654 πολλὰ
3465 3608 3567 3654 τῶν
3614 3600 3700 3654 ἀν-

2031 3677 2295 3752 τιγράφων
2344 3680 2502 3751 ἔχει),
2536 3679 2665 3733 am
2714 3686 3032 3755 προφητείαν
3062 3685 3403 3759 προλέγοντος
3453 3696 3547 3742 τοῦ
3597 3696 3700 3745 Κυ-

2032 3775 2169 3844 ρίου,
2202 3774 2311 3826 etc.
2342 3772 2441 3827 Ita
2470 3776 2533 3826 ut
2563 3771 2744 3844 illud,
2780 3772 2950 3829 «Sed
2977 3790 3143 3832 nuuc
3195 3778 3302 3849 qui
3346 3778 3527 3836 habet
3571 3796 3700 3839 sac-

2033 3862 2261 3931 culum,
2286 3862 2486 3932 tollat,
2502 3883 2530 3912 »
2550 3876 2653 3918 seu
2676 3884 2705 3913 «
2729 3864 2982 3935 tollet“,
3000 3865 3103 3937 (sic
3124 3868 3282 3925 enim
3304 3870 3484 3926 etiam
3503 3872 3699 3928 multa

2034 3951 2410 4020 exemplaria
2440 3950 2705 4020 habent),
2734 3968 2858 4009 non
2883 3953 2959 4010 sit
2990 3956 3285 4027 quoddam
3303 3966 3698 4033 prxceptum,

2034 4042 2137 4098 sed
2151 4041 2504 4097 vaticinium
2518 4042 2783 4109 Domini,
2797 4043 2905 4114 qui
2917 4048 3376 4113 prxnuntiabat
3387 4050 3699 4122 futurum,

2035 4136 2145 4187 etc.
2178 4133 2295 4187 Has
2337 4130 2581 4186 dicendi
2621 4130 2942 4205 formulas,
2967 4137 3055 4186 τὸν
3086 4133 3375 4210 ἐπιμελειαν
3403 4143 3498 4198 τὴν
3523 4144 3700 4198 κοινὴν

2034 4224 2456 4293 πεπιστευμένον,
2518 4222 2567 4272 οἱ
2614 4224 2707 4279 τὴν
2751 4217 2975 4295 ὁδηγίαν
3023 4232 3124 4276 τῶν
3170 4225 3368 4279 πολλῶν
3414 4247 3702 4283 πεπιστευ-

2035 4314 2196 4383 μένοι,
2223 4315 2280 4367 et
2305 4310 2455 4366 alias
2475 4310 2539 4365 id
2562 4324 2753 4380 genus
2781 4311 2846 4367 in
2871 4312 3114 4383 Regulis
3140 4316 3363 4388 saepius
3388 4333 3703 4376 occurrere

2036 4399 2347 4473 aliquanto
2372 4404 2510 4456 ante
2539 4399 2918 4456 ostendimus
2951 4403 3055 4472 (d).
3101 4403 3465 4478 Principium
3499 4413 3703 4466 autem

2037 4490 2501 4547 Proverbiorum
2528 4506 2841 4564 exponens
2870 4492 3125 4551 Basilius
3165 4495 3383 4553 eodem
3411 4498 3704 4571 loquendi

2036 4596 2253 4653 genere
2272 4597 2419 4636 usus
2448 4584 2559 4651 est,
2591 4582 2709 4638 hoc
2738 4581 2924 4638 modo
2946 4593 3112 4655 (pag.
3142 4589 3302 4655 106):
3334 4594 3460 4640 Οἰον
3487 4592 3703 4664 πορνεία

2035 4676 2128 4724 καὶ
2161 4670 2469 4744 σωφροσύνη
2500 4672 2645 4745 παρά
2676 4674 2758 4723 σοὶ
2780 4674 3029 4745 κρίνεται,
3051 4677 3143 4726 καὶ
3170 4672 3369 4746 ὑψηλὸς
3389 4678 3705 4752 προκαθίξε-

2036 4766 2125 4814 ταί
2157 4780 2250 4813 σου
2274 4761 2299 4812 6
2328 4768 2446 4822 νοῦς
2474 4749 2879 4833 πεπιστωμένος
2904 4764 2962 4814 τὸ
3013 4758 3379 4840 δικαστήριον.
3418 4749 3708 4838 Exempli

2039 4853 2541 4920 causa,scortatio
2566 4856 2621 4907 et
2650 4852 2952 4922 pudicitia
2980 4854 3148 4925 apud
3177 4861 3233 4912 te
3247 4856 3632 4931 iudicantur,
3649 4864 3704 4916 et

2038 4943 2277 5000 excelsa
2321 4946 2426 4998 tua
2455 4956 2621 4998 mens
2659 4942 2955 5012 ejusmodi
2972 4943 3208 5015 judicio
3254 4944 3371 5003 sibi
3397 4949 3705 5006 commisso

2030 5032 2337 5104 praesidet.
2394 5032 2570 5087 Decet
2629 5030 2810 5101 igitur
2856 5047 2982 5089 non
3046 5034 3544 5109 Constitutiones,
3596 5038 3707 5096 sed

2040 5122 2299 5193 Regulas
2348 5120 2563 5177 Basilio
2613 5123 2828 5191 Magno
2882 5122 3086 5194 tribui,
3116 5139 3258 5181 cum
3296 5125 3360 5183 in
3406 5126 3502 5184 his
3532 5128 3705 5185 Basi-

2040 5212 2187 5270 liani
2220 5210 2360 5284 styli
2396 5211 2589 5268 multa
2629 5212 3010 5270 monimenta
3038 5220 3293 5284 exstent,
3325 5217 3390 5275 in
3440 5217 3560 5275 illis
3600 5235 3706 5277 au-

2044 5309 2166 5361 tem
2195 5301 2346 5359 nihil
2375 5300 2493 5357 tale
2508 5316 2771 5373 usquam
2796 5309 3164 5374 compareat.
3190 5309 3396 5380 Neque
3419 5308 3539 5365 hoc
3556 5308 3707 5366 mihi

2034 5392 2199 5451 credi
2227 5388 2493 5464 postulo,
2524 5388 2631 5446 sed
2669 5390 3180 5452 Constitutionum
3215 5395 3438 5474 librum
3481 5402 3705 5457 attente

2118 5595 2196 5664 (ε)
2220 5588 2388 5647 Praef.
2415 5603 2479 5643 n.
2501 5592 2594 5664 72.

2124 5665 2205 5734 (d)
2243 5664 2375 5731 Leg.
2404 5676 2464 5715 n.
2491 5663 2580 5715 38.
