4092 6410
374 364 472 419 111

1869 351 2240 409 PREFATIO
2255 394 2269 408 .

3671 353 3779 407 H2

370 503 443 543 ac
472 484 786 554 diligenter
823 480 944 551 legi
978 479 1195 537 velim:
1241 479 1409 553 quod
1447 479 1553 553 qui
1577 479 1803 551 fecerit,
1829 480 1930 547 ita,
1957 482 2013 536 ut

2141 477 2390 551 ὁμοίωσιν
2446 487 2543 539 τῆς
2611 478 2914 552 ἔπονρανίου
2969 477 3245 551 βασιλείας
3296 477 3667 554 παρείληπται,
3731 478 3793 537 ἣν

367 576 510 643 dixi,
537 590 663 630 rem
692 587 850 642 esse,
877 571 1006 627 suis
1026 569 1217 626 oculis
1251 573 1475 626 cernet.

434 668 531 721 43.
569 663 701 721 Scio
733 661 901 718 aliter
933 660 1151 716 sentire
1181 659 1601 715 doctissimum
1634 659 1831 716 virum
1859 660 2031 715 Com-

362 755 651 814 beﬁsium
678 771 692 808 :
727 751 833 808 sed
865 749 1032 823 quod
1074 766 1185 822 pro
1222 749 1401 806 ﬁrmo
1428 756 1786 820 argumento
1811 747 2025 814 attulit,

362 843 626 914 Regulas
681 839 1015 913 aliquando
1075 838 1403 895 severiores
1452 838 1657 909 videri,
1694 838 1753 893 id
1806 842 2023 893 nostrae

362 932 640 1007 Opinioni
681 931 880 999 magis
944 928 1145 985 favere
1193 944 1382 1001 quam
1436 927 1675 985 ofﬁcere
1731 928 2015 983 arbitror.

362 1023 616 1080 Basilius
642 1021 824 1086 enim,
843 1023 907 1075 ut
936 1035 1008 1075 ex
1033 1018 1204 1074 dictis
1231 1020 1314 1089 (a)
1341 1023 1599 1085 constat,
1626 1018 1687 1073 in
1714 1017 1846 1074 aliis
1874 1032 2021 1089 quo-

359 1128 479 1186 que
508 1111 743 1183 scriptis
772 1109 896 1165 suis
934 1124 997 1164 se
1044 1108 1317 1180 praestitit
1345 1124 1508 1176 eum,
1534 1108 1641 1180 qui
1687 1105 2020 1180 aliquando

356 1202 623 1259 severior
650 1199 833 1255 fuisse
863 1198 1028 1255 credi
1054 1198 1246 1270 possit
1274 1216 1285 1253 :
1341 1197 1448 1254 sed
1488 1200 1573 1254 ita
1602 1202 1823 1268 tamen,
1858 1202 1940 1267 ut,
1970 1195 2019 1252 si

354 1292 679 1349 verborum
741 1289 872 1360 ejus
918 1304 1065 1344 vera
1096 1288 1391 1344 sententia
1437 1286 1821 1358 intelligatur,
1867 1284 2018 1341 nihil

351 1382 605 1437 omnino
653 1395 850 1452 neque
898 1379 961 1433 in
1009 1377 1273 1447 Regulis,
1303 1394 1502 1450 neque
1551 1378 1613 1433 in
1644 1377 1777 1434 aliis
1823 1376 2014 1448 ipsius

346 1467 870 1526 lucubrationibus
891 1470 996 1522 aut
1018 1466 1369 1538 praedurum
1388 1471 1494 1523 aut
1521 1467 1788 1524 Stoicum
1815 1465 2013 1521 inesse

344 1558 732 1632 perspicuum
747 1557 842 1612 sit.
861 1558 1071 1611 Fateor
1087 1555 1271 1626 igitur
1291 1571 1415 1611 non
1438 1555 1499 1610 in
1529 1554 1774 1625 Regulis
1801 1553 2009 1621 modo,

344 1649 449 1703 sed
479 1648 541 1702 in
574 1646 705 1702 aliis
736 1645 913 1701 etiam
945 1643 1322 1716 quibusdam
1356 1643 1553 1700 Basilii
1583 1644 1822 1716 scriptis
1853 1642 2011 1698 difﬁ-

339 1738 475 1795 cilia
521 1736 811 1810 quaadam
856 1735 991 1792 loca
1033 1734 1322 1807 reperiri:
1376 1734 1487 1791 sed
1534 1750 1658 1790 non
1690 1738 2011 1807 propterea

2139 565 2393 620 ἀδύνατον
2469 571 2592 641 ἡμῖν
2648 571 3030 643 προσγενέσθαι
3086 573 3111 621 ὸ
3171 577 3262 621 τοῦ
3336 573 3497 644 Κνρίο
3555 563 3795 620 δείκνυσι

2134 656 2305 729 λόγος,
2339 663 2410 731 μὴ
2461 661 2631 710 πάντα
2678 660 2806 731 ὁμοῦ
2855 661 2920 709 τά
2958 664 3222 733 προσόντα
3252 661 3397 730 ἡμῖν,
3430 663 3521 709 καὶ
3548 656 3789 724 πλοῦτον,

2132 753 2243 814 καὶ,
2279 745 2457 815 δόξαν,
2491 753 2579 800 καὶ
2608 752 2772 819 γενος,
2804 754 2894 800 καὶ
2925 752 2969 800 εἴ
2996 768 3049 800 τι
3079 747 3200 800 ἄλλο
3244 752 3343 799 ἳ-ὡν
3392 747 3599 808 πολλοῖς
3640 767 3792 821 περι-

2131 834 2446 890 πουδάστων
2477 842 2605 913 πρὸς
2635 844 2727 897 τὴν
2756 837 3076 909 ἀνταλλαγῆν
3102 839 3268 899 αὐτῆς
3294 842 3611 911 προεμένοις.
3644 838 3793 893 Pla-

2130 943 2274 983 num
2314 933 2398 984 est
2424 929 2579 983 enim
2608 943 2856 998 regnum
2894 929 3125 984 caeleste
3152 943 3261 998 per
3284 930 3609 996 pretiosam
3636 941 3795 983 mar-

2127 1019 2394 1087 garitam
2422 1018 2785 1074 adumbrari
2807 1034 2819 1072 :
2870 1018 3028 1088 quod
3056 1033 3164 1073 nos
3210 1018 3453 1088 assequi
3475 1032 3595 1071 non
3622 1030 3794 1086 posse

2127 1106 2449 1163 declarant
2490 1108 2736 1162 Domini
2784 1107 2986 1173 verba,
3021 1108 3141 1162 nisi
3189 1108 3393 1162 omnia
3435 1106 3621 1161 simul
3660 1119 3792 1176 quae

2128 1195 2430 1267 habemus,
2467 1201 2521 1253 et
2565 1197 2830 1266 divitias,
2862 1203 2915 1252 et
2959 1198 3240 1267 gloriam,
3288 1202 3343 1253 et
3390 1211 3591 1267 genus.
3633 1202 3690 1252 et
3738 1197 3793 1251 si

2124 1287 2274 1356 quid
2301 1286 2477 1343 aliud
2508 1292 2617 1356 est,
2646 1287 2818 1356 cujus
2848 1286 3043 1341 studio
3073 1286 3485 1358 desiderioque
3510 1287 3790 1357 plerique

2124 1382 2466 1445 teneantur,
2482 1393 2596 1447 pro
2626 1392 2691 1433 eo
2718 1377 3123 1445 comparando
3146 1378 3513 1433 deseramus.
3539 1376 3792 1433 Combe-

2119 1464 2292 1521 ﬁsius
2318 1481 2464 1522 vero
2493 1466 2610 1522 hoc
2640 1467 2825 1522 modo
2852 1468 2967 1537 (c):
3015 1466 3261 1523 Videtur
3280 1467 3408 1522 istis
3438 1468 3585 1522 satis
3614 1480 3787 1536 aper-

2120 1561 2177 1612 te
2197 1562 2413 1612 auctor
2435 1571 2467 1612 e
2493 1571 2680 1626 regno
2728 1557 3015 1613 caelorum
3042 1556 3384 1624 excludere,
3414 1556 3523 1627 qui
3547 1570 3665 1611 non
3692 1569 3788 1611 re-

2118 1646 2399 1701 nuntient
2446 1646 2740 1715 omnibus,
2773 1661 2882 1716 nec
2908 1651 3331 1716 paupertatem
3379 1644 3782 1716 evangelicum

2115 1737 2564 1805 amplexentur,
2627 1736 2785 1809 quod
2852 1737 3068 1793 Patres
3137 1736 3517 1806 Gangrenses
3571 1738 3785 1791 merito

335 1828 510 1885 facile
554 1826 850 1893 adducar,
896 1830 962 1880 ut
1006 1840 1111 1882 eas
1165 1823 1540 1881 adulterinas
1583 1840 1715 1880 esse
1762 1829 1998 1895 putem.
2037 1848 2077 1902 Β
2114 1826 2509 1883 damnarunt.
2542 1827 2653 1883 Est
2681 1842 2825 1897 ergo
2853 1828 2958 1883 ille
2981 1829 3278 1896 pretiosus
3306 1827 3463 1896 lapis
3511 1823 3783 1881 omnibus

335 1918 453 1973 Cur
482 1916 667 1983 enim,
698 1930 930 1989 quaeso,
961 1914 1023 1970 in
1072 1913 1294 1987 spuriis
1344 1919 1718 1986 ponerentur
1762 1914 2005 1983 Regulae

333 2007 584 2063 nomine
630 2004 964 2061 severitatis
1007 2003 1334 2075 cujusdam
1386 2003 1662 2075 majoris,
1696 2002 1815 2059 alia
1862 2017 2005 2059 vero

330 2095 435 2152 illa
480 2094 678 2152 Basilii
708 2094 950 2166 scripta,
985 2093 1047 2149 in
1092 2092 1321 2166 quibus
1368 2109 1494 2149 non
1544 2093 1806 2149 minores
1854 2091 2006 2148 ditii-

330 2185 581 2241 cultates
634 2187 978 2253 occurrunt,
1028 2198 1142 2256 pro
1198 2182 1357 2239 veris
1408 2183 1831 2240 haberentur?
1888 2186 2005 2238 Cur

327 2291 537 2332 rursus
568 2278 866 2347 suspectas
897 2278 1075 2330 erunt
1104 2272 1305 2331 Basilii
1348 2273 1588 2344 Regulae
1618 2273 1698 2329 ob
1729 2272 2003 2329 difﬁciles

325 2364 633 2438 quosdam
659 2364 849 2431 locos,
880 2362 1145 2420 aliorum
1176 2378 1321 2420 vero
1368 2368 1721 2420 sanctorum
1754 2363 2001 2419 Patrum

324 2454 485 2524 libri,
542 2455 606 2510 in
656 2453 881 2525 quibus
932 2452 1052 2509 loci
1117 2457 1222 2510 aut
1290 2468 1465 2525 seque
1530 2452 1825 2521 difﬁciles,
1896 2468 2003 2523 aut

325 2545 510 2601 etiam
539 2542 906 2599 difﬁciliores
933 2542 1345 2609 inveniuntur,
1375 2541 1671 2598 carebunt
1701 2543 2000 2614 suspicio-

324 2649 403 2690 ne
429 2634 458 2690 ?
505 2636 571 2689 Et
619 2631 849 2704 alioqui
889 2631 1049 2688 levia
1094 2635 1252 2695 sunt,
1296 2647 1433 2704 qum
1479 2631 1566 2687 vir
1604 2630 1997 2688 doctissimus

323 2723 729 2781 Combeﬁsius
781 2722 1058 2795 opponit,
1096 2726 1154 2778 et
1201 2720 1366 2789 talia,
1420 2721 1629 2794 qualia
1670 2721 1732 2777 in
1777 2721 2000 2777 scholis

323 2812 584 2885 publicis
612 2810 883 2885 quotidie
907 2811 1171 2885 proponi
1200 2810 1415 2878 solent,
1448 2826 1709 2883 quaeque
1735 2826 1858 2882 qua
1907 2810 1998 2867 fa-

324 2902 546 2958 cilitate
573 2901 967 2972 objiciuntur,
999 2901 1213 2958 eadem
1254 2899 1350 2956 vel
1380 2900 1459 2957 ab
1511 2900 1998 2957 adolescentibus

324 2991 663 3048 solvuntur.
697 2992 893 3055 Quare
922 3005 1063 3046 cum
1091 2989 1540 3046 eruditissimus
1571 2990 1660 3069 vir
1677 2989 2000 3046 Tillemon-

323 3083 443 3140 tius
492 3083 573 3154 (b)
633 3079 982 3138 Combeﬁsii
1032 3085 1399 3151 argumenta
1449 3078 1713 3151 legisset,
1760 3096 1999 3137 eorum-

325 3187 446 3245 que
470 3171 690 3244 cuique
717 3170 1092 3243 respondere
1114 3169 1440 3235 statuisset,
1462 3170 1548 3226 ita
1577 3170 1913 3242 respondit,
1937 3174 2003 3226 ut

326 3260 533 3317 mirari
563 3276 626 3315 se
654 3274 779 3315 non
807 3275 947 3316 raro
971 3258 1421 3329 signiﬁcaverit,
1447 3263 1572 3315 tam
1601 3258 1758 3315 levia
1788 3258 1868 3315 ab
1896 3259 2003 3315 ho-

333 3349 497 3407 mine
540 3350 721 3405 docto
772 3348 926 3404 serio
972 3347 1238 3421 proponi
1288 3348 1579 3420 potuisse.
1632 3347 1752 3404 Etsi
1798 3360 2003 3405 autem

333 3438 693 3496 Tillemontii
744 3437 882 3494 libri
928 3438 1050 3493 rari
1088 3452 1214 3494 non
1255 3442 1417 3505 sunt,
1450 3437 1747 3509 quoniam
1802 3441 2003 3493 tamen

334 3529 595 3586 fortasse
634 3527 713 3584 ad
751 3542 1010 3583 manum
1057 3542 1185 3583 non
1229 3527 1517 3583 omnibus
1546 3531 1743 3592 erunt,
1773 3526 2000 3599 specio—

341 3618 606 3675 sioribus
644 3614 989 3675 Combeﬁsii
1018 3615 1392 3687 argumentis
1438 3615 1698 3672 breviter
1724 3616 1841 3672 hoc
1866 3616 2003 3673 loco

340 3707 711 3781 respondere
740 3706 904 3762 mihi
922 3705 1121 3762 visum
1152 3710 1242 3762 est
1266 3722 1279 3761 :
1311 3705 1480 3778 quod
1504 3721 1577 3762 eo
1604 3704 1890 3762 libentius
1922 3706 2004 3762 fa-

345 3799 523 3867 ciam,
554 3797 702 3871 quia
728 3796 793 3851 in
821 3796 1004 3853 variis
1047 3795 1555 3868 responsionibus
1602 3795 1748 3852 novi
1774 3795 2007 3869 aliquid

345 3888 601 3944 inveniri
651 3885 820 3942 solet.
882 3885 999 3943 Sed
1037 3889 1372 3958 antequam
1420 3884 1578 3941 ultra
1629 3886 2008 3958 progrediar,

350 3981 642 4034 annotare
668 3974 817 4030 libet
844 3973 1298 4043 Combeﬁsium,
1333 3990 1473 4029 cum
1501 3974 1882 4031 Eustathium
1916 3978 2013 4032 Se-

352 4067 683 4124 bastenum
721 4063 1086 4135 Regularum
1134 4069 1446 4120 auctorem
1488 4080 1621 4121 esse
1672 4063 1786 4120 sibi
1828 4065 2016 4122 semel

355 4155 511 4212 falso
544 4154 972 4227 persuasisset,
1025 4152 1140 4209 sibi
1184 4154 1563 4225 persuasisse
1610 4168 1737 4211 non
1788 4155 2010 4227 verius,

359 4244 644 4302 eumdem
684 4242 855 4299 illum
898 4242 1270 4300 Eustathium
1298 4242 1379 4300 ob
1410 4259 1620 4301 earum
1649 4244 2015 4315 Regularum

355 4350 711 4410 perversam
732 4334 1073 4390 doctrinam
1117 4333 1181 4390 in
1228 4333 1485 4391 concilio
1518 4335 1850 4406 Gangrensi
1880 4351 2019 4392 con-

361 4426 719 4482 demnatum
748 4423 933 4479 fuisse
957 4441 969 4479 :
1018 4423 1125 4479 sed
1153 4424 1320 4496 quod
1351 4438 1463 4497 pro
1493 4428 1655 4481 certo
1685 4425 1776 4481 vir
1804 4425 2021 4483 doctis-

364 4516 561 4572 simus
600 4512 834 4577 habuit,
864 4514 926 4569 in
954 4512 1133 4569 valde
1175 4514 1472 4570 incertum
1518 4518 1629 4570 est.
1667 4516 1815 4571 Sunt
1859 4516 2022 4572 enim

365 4606 471 4680 qui
527 4604 733 4660 dicant
785 4617 1132 4660 sermonem
1182 4603 1245 4659 in
1302 4604 1559 4661 concilio
1587 4605 1923 4675 Gangrensi
1946 4606 2023 4662 de

367 4697 485 4755 alio
536 4694 845 4751 Eustathio
891 4693 1122 4763 haberi,
1158 4709 1425 4767 quorum
1468 4695 1850 4767 antesignani
1883 4700 2026 4753 sunt

369 4785 757 4844 eruditissimi
811 4785 925 4841 viri
970 4787 1285 4850 Baronius,
1337 4785 1676 4842 Blondellus
1728 4792 1787 4841 et
1839 4787 2026 4859 Dupl-

368 4892 513 4939 nus.
550 4876 665 4933 Sed
712 4891 853 4931 cum
906 4874 1037 4931 haec
1085 4875 1340 4943 qumstio
1377 4875 1558 4946 hujus
1595 4876 1714 4932 loci
1760 4892 1885 4932 non
1929 4877 2022 4947 sit,

372 4966 520 5024 mihi
565 4966 712 5022 satis
763 4980 895 5021 esse
928 4964 1284 5031 existimavi,
1319 4965 1368 5019 si
1417 4980 1491 5020 ea
1532 4965 1607 5020 de
1645 4981 1711 5021 re
1754 4969 2026 5023 monuis-

374 5071 525 5113 sem.
555 5057 688 5112 iam
734 5069 878 5125 ergo
920 5055 999 5111 ad
1038 5054 1419 5126 propositum
1464 5070 1559 5110 me
1594 5055 1818 5125 refero;
1867 5058 2028 5130 ipsa-

376 5161 496 5220 que
543 5144 888 5202 Combeﬁsii
916 5144 1126 5210 verba,
1158 5143 1382 5216 quibus
1428 5144 1705 5214 regulam
1746 5152 2026 5205 octavam

375 5235 670 5307 majorem
692 5237 1030 5306 oppugnat,
1057 5232 1173 5287 hoc
1196 5233 1331 5289 loco
1356 5233 1694 5291 exscribere
1726 5251 1848 5293 non
1870 5240 2033 5313 pige-

377 5326 486 5383 bit.
504 5325 768 5381 Primum
790 5330 992 5380 autem
1021 5322 1237 5395 Basilii,
1254 5323 1475 5380 deinde
1493 5324 1837 5384 Combeﬁsii
1854 5331 2036 5388 verba

380 5415 721 5488 subjiciam.
756 5414 1008 5471 Basilius
1035 5414 1216 5484 igitur
1243 5415 1330 5471 ita
1370 5414 1830 5490 loquitur(pag.
1872 5424 2033 5483 350):

381 5503 542 5563 Δῆλον
605 5505 730 5577 γὰρ,
790 5504 870 5556 ὅτι
926 5503 951 5554 ὁ
1017 5502 1300 5575 πολύτιμος
1366 5508 1698 5579 μαργαρίτης
1764 5512 1893 5581 πρὸς
1956 5515 2049 5568 τὴν

456 5595 500 5630 ³⁷
535 5597 746 5652 Matth.
780 5610 902 5664 x1x,
935 5598 1027 5650 21.

460 5686 541 5755 (a)
574 5688 710 5757 Leg.
743 5702 803 5742 n.
830 5688 917 5740 41.

460 5757 539 5827 (ὁ)
582 5756 680 5814 Vie
700 5760 776 5817 de
796 5760 961 5816 saint
987 5756 1217 5824 Basile,
1240 5769 1302 5827 p.
1335 5758 1466 5813 638.

2031 3214 2071 3269 C

2113 1915 2486 1984 coemendus,
2512 1916 2805 1984 perfectio
2839 1917 2952 1971 illa
2999 1916 3109 1971 sub
3158 1916 3409 1971 consitio
3457 1928 3495 1970 α
3540 1913 3786 1969 Christo

2104 2007 2440 2076 proposita,
2468 2012 2608 2061 utet
2641 2007 2963 2076 virginitas
2988 2024 3001 2073 ;
3044 2022 3165 2061 non
3192 2009 3322 2074 ipsa
3355 2004 3627 2060 absolute
3656 2004 3783 2059 vita

2112 2101 2337 2152 aeterna
2384 2101 2491 2152 aut
2535 2096 2729 2165 pietas
2784 2096 3159 2151 Christiana.
3194 2093 3630 2150 Co.r.betisium
3677 2107 3781 2148 au-

2111 2191 2233 2242 tem
2264 2186 2314 2241 si
2344 2186 2720 2241 meminisset
2749 2201 2960 2241 eorum
2986 2201 3124 2257 quae
3151 2185 3317 2257 prius
3343 2183 3617 2247 dixisset,
3635 2181 3782 2237 talia

2112 2291 2235 2331 non
2270 2277 2635 2347 scripturum
2661 2275 2848 2331 fuisse
2880 2281 3047 2347 puto.
3083 2278 3230 2331 Cum
3262 2274 3425 2329 enim
3456 2273 3518 2328 in
3543 2287 3615 2327 ea
3644 2286 3776 2327 ora-

2112 2366 2291 2431 tione,
2344 2380 2531 2436 quam
2582 2363 2836 2420 Basilius
2889 2366 2951 2419 in
2998 2364 3211 2419 divites
3263 2362 3493 2429 habuit,
3543 2358 3775 2432 aliquid

2110 2454 2301 2511 simile
2349 2453 2612 2525 legisset,
2653 2455 2736 2510 ita
2783 2454 3117 2527 respondit,
3160 2459 3226 2509 ut
3280 2454 3410 2524 ejus
3463 2450 3777 2524 responsio

2108 2544 2188 2601 ad
2218 2546 2379 2601 hunc
2407 2542 2770 2613 [tegularum
2809 2543 3012 2599 locum
3060 2542 3285 2615 optime
3325 2534 3779 2598 accommodari

2109 2636 2323 2709 possit.
2388 2634 2587 2690 Basilii
2654 2639 2857 2690 autem
2923 2633 3129 2702 verba,
3197 2649 3333 2706 quae
3395 2632 3524 2704 jam
3600 2636 3780 2687 antea

2107 2723 2298 2795 retuli,
2354 2723 2451 2779 hic
2500 2739 2711 2779 rursus
2772 2722 3011 2778 edenda
3075 2721 3367 2794 judicavi.
3432 2720 3540 2776 Ubi
3596 2718 3778 2789 igitur

2107 2818 2420 2869 oratorum
2448 2812 2714 2884 optimus
2745 2811 2999 2866 Basilius
3024 2810 3211 2867 verba
3240 2811 3382 2867 facit
3411 2809 3487 2865 de
3519 2826 3590 2867 eo
3620 2810 3773 2866 ado-

2106 2903 2390 2972 lescente,
2423 2902 2521 2957 cui
2551 2916 2588 2956 a
2615 2901 2870 2957 Domino
2898 2901 3128 2956 dictum
3175 2900 3391 2971 fuerat,
3422 2901 3619 2958 Vende
3642 2915 3777 2972 qua

2108 2992 2313 3054 habes,
2362 2997 2419 3048 et
2466 2992 2547 3047 da
2589 2990 2959 3061 pauperibus
2986 2991 3056 3059 3",
3104 2989 3189 3045 sic
3236 2990 3443 3046 scribit
3492 2996 3662 3058 (tom.
3706 2991 3773 3057 II,

2109 3096 2250 3154 pag.
2299 3082 2426 3151 5|):
2482 3080 2543 3133 Ei
2597 3082 2696 3153 γάρ
2750 3079 2842 3131 οὐκ
2891 3077 3188 3152 ἐφόνευσας,
3240 3081 3311 3140 ὡς
3366 3083 3431 3131 σὺ
3489 3084 3607 3152 φὴς,
3659 3082 3777 3131 οὔτε

2111 3170 2445 3243 ἐμοίσευσας,
2493 3172 2611 3222 οὔτε
2664 3168 2903 3239 ἔκλεψας,
2945 3170 3063 3220 οὔτε
3118 3170 3595 3243 κατεμαρτύρησάς
3640 3185 3777 3228 τινος

2111 3279 2400 3333 μαρτυριαν
2431 3255 2628 3329 ψευδῆ,
2674 3257 2917 3316 ἀνόνητον
2944 3266 3145 3329 σεαυτῷ
3174 3266 3341 3319 ποιεῖς
3367 3263 3582 3331 τήνπερὶ
3611 3265 3781 3309 ταῦτα

2115 3346 2375 3417 σπουδὴν,
2406 3354 2476 3422 μὴ
2522 3350 2825 3424 προστιθεὶς
2854 3353 2912 3401 τὸ
2943 3348 3114 3400 λεῖπον
3148 3344 3235 3400 δι’
3264 3346 3326 3399 οὗ
3376 3353 3536 3420 μόνον
3570 3344 3773 3422 δυνήσῃ

2113 3439 2355 3493 εἰσελθεῖν
2401 3439 2474 3501 εἰς
2518 3443 2612 3496 τὴν
2654 3436 2929 3511 βασιλείαν
2969 3446 3061 3499 τοῦ
3102 3446 3257 3511 Θεοῦ.
3288 3438 3527 3494 Etenim
3558 3439 3611 3493 si
3659 3454 3781 3494 non

2113 3531 2402 3599 occidisti,
2426 3534 2493 3584 ut
2531 3530 2621 3585 ais
2658 3510 2747 3595 tu,
2774 3542 2966 3600 neque
3007 3510 3382 3585 adulterium
3413 3529 3793 3599 commisisti,

2113 3637 2302 3694 neque
2317 3622 2566 3691 furatus
2597 3634 2675 3691 es,
2709 3635 2897 3691 neque
2938 3627 3148 3677 contra
3174 3620 3516 3691 quempiam
3545 3619 3783 3688 falsum

2115 3713 2520 3769 testimonium
2569 3710 2799 3778 dixisti,
2859 3709 3255 3766 nihilominus
3308 3715 3508 3765 tamen
3555 3707 3781 3764 adhibi-

2117 3809 2240 3859 tam
2268 3803 2335 3857 in
2365 3802 2458 3857 his
2486 3799 2733 3870 agendis
2774 3799 3155 3870 diligentiam
3202 3798 3313 3855 tibi
3339 3800 3785 3867 infructuosam

2115 3892 2328 3963 efﬁcis,
2356 3890 2463 3961 qui
2505 3889 2668 3961 quod
2709 3889 3011 3959 reliquum
3053 3894 3139 3945 est
3180 3904 3301 3945 non
3353 3887 3634 3958 adficias,
3666 3902 3784 3960 quo

2114 3984 2241 4039 solo
2289 3981 2477 4050 possis
2525 3980 2591 4034 in
2633 3979 2745 4035 Dei
2781 3993 3035 4049 regnum
3063 3978 3321 4048 ingredi.
3353 3980 3417 4033 In
3460 3992 3644 4050 quem
3697 3975 3786 4033 lo-

2117 4087 2259 4128 cum
2301 4067 2693 4125 doetissimus
2736 4068 2829 4123 vir
2874 4066 3269 4124 Combeﬁsius
3302 4070 3368 4139 (t.
3411 4069 3452 4135 l,
3485 4082 3628 4140 pag.
3664 4066 3788 4136 “5)

2118 4161 2251 4217 haec
2280 4158 2511 4215 notavit
2537 4175 2550 4213 :
2580 4160 2828 4228 Durior,
2860 4157 3075 4230 inquit,
3107 4159 3459 4228 propositio,
3490 4161 3542 4213 si
3562 4156 3788 4213 intelli-

2120 4267 2229 4324 gas
2256 4249 2329 4306 de
2363 4255 2588 4305 aeterna
2625 4249 2844 4315 salute,
2866 4261 2974 4305 nec
3002 4262 3264 4317 exponas
3291 4249 3355 4303 in
3388 4246 3791 4318 preparatio-

2121 4356 2199 4399 ne
2220 4340 2429 4397 animi.
2446 4341 2569 4408 Ego
2596 4337 2778 4409 igitur
2804 4336 2942 4393 dico
2961 4352 3208 4410 quoque
3229 4336 3477 4394 duriora
3496 4353 3628 4394 esse
3652 4352 3791 4411 quas

2126 4429 2380 4488 Basilius
2420 4429 2483 4484 in
2525 4427 2736 4498 regula
2773 4431 2991 4483 octava
3035 4427 3267 4497 majore
3308 4427 3570 4499 scripsit,
3602 4430 3658 4483 si
3697 4443 3792 4483 in-

2054 4562 2097 4616 D
2129 4520 2371 4590 teltigas
2409 4519 2482 4575 de
2504 4524 2735 4616 trterna
2772 4517 2990 4616 salute,
3020 4531 3127 4616 nec
3152 4530 3423 4586 exponas
3452 4518 3515 4572 in
3558 4531 3795 4587 prxpa-

2130 4611 2368 4667 ratione
2386 4608 2596 4674 animi,
2615 4606 2723 4663 sed
2744 4606 2793 4661 si
2822 4606 2954 4677 ejus
2980 4605 3165 4662 verba
3187 4620 3457 4676 exponas
3481 4607 3542 4663 in
3560 4621 3794 4679 prxpa-

2129 4701 2364 4757 ratione
2396 4699 2606 4765 animi,
2626 4711 2698 4753 ea
2724 4695 2961 4753 afﬁrmo
2987 4695 3234 4753 duriora
3253 4710 3377 4752 non
3399 4711 3549 4753 esse.
3582 4698 3799 4770 Repre-

2131 4790 2481 4849 henduntur
2523 4801 2772 4860 quoque
2809 4801 2847 4841 a
2876 4785 3258 4855 Combeﬁsio,
3287 4801 3425 4859 quae
3475 4786 3538 4843 in
3584 4786 3799 4856 regula

2134 4879 2434 4938 tricesima
2460 4875 2730 4933 secunda
2746 4875 2821 4932 de
2832 4874 3186 4948 parentibus
3202 4892 3271 4932 ac
3294 4877 3569 4947 cognatis
3592 4876 3800 4947 legun-

2136 4974 2252 5027 tur.
2288 4968 2372 5025 lbi
2401 4972 2607 5024 autem
2652 4966 2736 5022 ita
2786 4965 3079 5038 scriptum
3121 4971 3212 5022 est
3242 4966 3404 5038 (pag.
3440 4968 3568 5037 375)
3600 4982 3613 5021 :
3651 4966 3711 5020 Εἰ
3737 4962 3799 5019 δε

2140 5057 2539 5133 ἐμπεπλεγμένοι
2561 5057 2663 5109 εἰσὶ
2692 5074 2764 5108 τω
2793 5064 2947 5127 κοινῷ
2980 5054 3101 5128 βίῳο
3136 5051 3312 5116 οὐδεὶς
3333 5057 3456 5129 ἡμῖν
3479 5059 3649 5118 κοινὸς
3668 5060 3801 5132 πρὸς

2142 5151 2333 5210 αὐτοὺς
2360 5148 2654 5221 λόγος,τοίς
2683 5150 2742 5198 τὸ
2774 5149 3047 5219 εὔσχημον
3068 5151 3158 5198 καὶ
3189 5142 3506 5220 εὐπάρεδρον
3527 5155 3599 5219 τῷ
3625 5151 3803 5219 Κυρίῳ

2144 5239 2550 5312 ἀπερισπάστως
2578 5238 2863 5311 κατορθοῦν
2896 5232 3278 5289 ἐσπουδακόσι.
3314 5234 3485 5302 Quod
3512 5237 3566 5293 si
3601 5236 3802 5306 impli-

2145 5330 2269 5388 cati
2289 5333 2429 5384 sunt
2462 5328 2584 5383 vita
2622 5327 2943 5396 communi,
2973 5327 3151 5382 nulla
3192 5340 3288 5383 res
3334 5342 3465 5382 cum
3504 5328 3588 5383 eis
3634 5326 3806 5382 nobis

2146 5419 2476 5477 communis
2503 5423 2608 5487 est,
2642 5418 2750 5487 qui
2772 5416 3084 5472 honestum
3114 5416 3516 5489 decorumque
3543 5431 3803 5487 servare,

2160 5514 2216 5566 et
2262 5507 2501 5564 assidue
2541 5507 2666 5563 Deo
2718 5507 3015 5563 cohaerere
3042 5507 3368 5575 studemus,
3414 5506 3571 5564 citra
3609 5507 3805 5565 ullam

2225 5687 2299 5759 (c)
2322 5687 2516 5744 Basil.
2550 5701 2775 5744 recens.
2806 5688 2951 5743 tom.
2986 5686 3054 5755 II,
3086 5702 3146 5760 p.
3180 5688 3299 5744 165.
