4092 6414
344 317 442 371 113

1857 311 2241 369 PREFATIO.

3661 319 3764 377 114-

338 437 555 495 mentis
571 437 1036 498 aberrationem:
1051 455 1189 513 quae
1203 436 1391 496 verba
1404 436 1585 496 valde
1600 433 1992 508 improbatis,
2028 435 2079 489 A
2106 432 2389 490 Basilium
2427 434 2773 504 audiamus,
2795 436 2901 510 qui
2922 436 3008 494 sic
3027 438 3292 511 loquitur
3314 444 3463 512 (reg.
3494 447 3556 498 12
3576 442 3722 507 fus.)
3744 463 3758 500 :

336 541 522 599 quem
539 527 760 599 saepius
775 528 920 597 dixi,
933 528 1023 584 vir
1037 527 1474 584 eruditissimus
1487 524 1884 582 Combeﬁsius
1897 522 1993 591 (a).

335 617 556 684 Porro,
585 617 799 690 inquit,
829 620 993 675 istud
1011 620 1085 676 de
1099 619 1456 688 parentibus
1475 617 1581 689 qui
1607 615 1862 685 implexi
1877 614 1996 669 sint

337 714 411 777 τῷ
432 716 587 778 κοινῷ
613 706 733 781 βίῳ,
748 708 815 764 id
835 714 940 775 est,
957 708 1353 780 quisxculari
1361 708 1580 764 militia
1595 708 1826 775 vivant,
1839 704 1999 777 quod

336 810 448 853 nec
468 797 722 866 visendi,
744 813 854 855 nec
872 799 1220 867 recipiendi.
1242 813 1351 855 nec
1371 796 1658 868 juvandi,
1678 796 1852 868 quasi
1859 797 1995 865 jam

338 884 549 941 liberis
570 887 633 942 in
655 886 922 944 coenobio
960 888 1243 944 monachi
1269 888 1456 944 vitam
1485 886 1799 957 agentibus
1837 884 1998 941 nihil

338 974 440 1030 illi
466 976 790 1045 attineant,
818 992 1005 1033 unum
1036 978 1276 1034 videtur
1293 982 1351 1033 et
1367 978 1697 1033 maximum
1728 989 1803 1032 ex
1824 975 1995 1031 dam-

335 1065 496 1121 natis
545 1066 610 1121 in
658 1067 913 1124 concilio
962 1068 1319 1139 Gangrensi.
1360 1066 1726 1123 Honorandi
1765 1079 1998 1134 semper

335 1160 638 1224 parentes,
669 1170 742 1213 ac
790 1170 925 1213 cum
956 1162 1188 1228 egeant,
1218 1157 1433 1229 quibus
1482 1157 1680 1225 liceat,
1708 1156 1995 1225 fovendi;

333 1245 461 1301 sive
478 1246 542 1301 in
562 1246 688 1302 vita
708 1242 843 1299 κοιίά
865 1252 1012 1315 Θεὸν,
1028 1262 1209 1319 quam
1230 1249 1316 1304 sic
1336 1248 1765 1304 monachorum
1783 1251 1998 1303 auctor

336 1341 530 1403 vocat,
559 1338 684 1393 sive
711 1337 776 1393 in
804 1339 1107 1394 communi
1133 1343 1188 1394 et
1218 1339 1428 1394 sxculi
1457 1338 1603 1403 vita,
1632 1352 1706 1393 ac
1734 1337 1832 1393 vel
1869 1337 1996 1407 ipsa

334 1440 456 1481 non
472 1441 728 1495 prorsus
750 1427 1054 1484 laudabili
1071 1440 1094 1497 ,'
1114 1433 1404 1500 quantum
1433 1431 1632 1484 tamen
1651 1431 1847 1483 status
1871 1428 1998 1496 ipse

329 1517 589 1585 patitur.
617 1515 753 1587 Legi
773 1532 1016 1589 quoque
1046 1520 1246 1590 potest
1275 1515 1619 1573 Combeﬁsii
1641 1519 1787 1572 nota
1813 1515 1875 1571 in
1907 1531 1996 1571 re-

332 1604 539 1675 gulam
575 1609 697 1674 190,
722 1605 829 1662 ubi
852 1605 939 1662 vir
968 1605 1186 1663 doctus
1208 1606 1272 1663 in
1293 1605 1657 1676 [tegularum
1687 1609 1995 1662 auctorem

334 1693 522 1750 multo
552 1694 968 1758 vehementius
989 1696 1310 1752 invehitur.
1336 1698 1510 1752 Recte
1540 1699 1744 1751 autem
1775 1698 1831 1750 et
1855 1708 1995 1750 vere

331 1782 648 1840 adnotavit
669 1783 1110 1840 eruditissimus
1129 1784 1220 1841 vir
1234 1784 1658 1852 Tillemontius,
1675 1789 1779 1841 aut
1794 1800 1996 1856 aequa-

328 1872 431 1943 lia,
448 1878 553 1930 aut
572 1873 753 1930 etiam
772 1874 1070 1931 severiora
1087 1874 1150 1931 in
1171 1875 1367 1947 capite
1386 1874 1678 1930 vicesimo
1702 1874 1996 1931 Constitu-

330 1961 567 2018 tionum
598 1962 882 2019 inveniri:
907 1963 1075 2036 quod
1100 1979 1176 2019 ne
1196 1964 1398 2037 ipsum
1427 1963 1676 2036 quidem
1704 1961 1998 2019 Combeﬁ-

332 2050 488 2108 sium
516 2051 709 2108 latuit.
734 2054 881 2108 Cum
911 2052 1074 2109 enim
1104 2052 1182 2109 ad
1204 2053 1267 2109 id
1290 2058 1473 2126 caput
1500 2052 1780 2122 venisset,
1807 2051 1992 2108 vidis-

331 2145 542 2214 setque
572 2141 804 2198 nullam
831 2141 912 2198 ibi
938 2158 1136 2215 neque
1167 2148 1510 2215 parentum,
1542 2158 1741 2215 neque
1771 2158 1996 2213 cogna-

331 2235 533 2288 torum
551 2231 850 2288 rationem
875 2231 1202 2301 haberi,ita
1230 2232 1494 2305 scripsit:
1517 2233 1726 2289 Nescio
1748 2247 1828 2288 an
1850 2233 1998 2288 satis

328 2322 668 2394 Evangelia
689 2329 969 2379 consonet
987 2328 1162 2380 tanta
1184 2323 1309 2379 haec
1326 2328 1649 2393 parentum
1669 2323 1992 2391 abdicatio,

331 2415 386 2469 si
403 2413 553 2484 quid
574 2419 836 2470 extreme
858 2413 1278 2470 laborantibus
1298 2413 1630 2470 monachus
1659 2415 1787 2483 opis
1813 2429 1995 2483 praes-

334 2508 469 2559 tare
484 2504 689 2570 possit.
704 2505 868 2558 Nunc
889 2518 1032 2572 ergo
1051 2518 1088 2559 a
1102 2502 1483 2568 Combeﬁsio,
1501 2502 1549 2558 si
1567 2502 1788 2559 viveret
1807 2502 1997 2559 liben-

332 2596 423 2649 ter
444 2607 796 2664 quaererem,
815 2608 922 2648 cur
942 2592 1039 2648 ille
1063 2597 1384 2665 parentum
1407 2592 1583 2665 quasi
1609 2597 1994 2665 contemptus

326 2680 670 2754 impedierit
691 2681 839 2754 quin
871 2681 1235 2753 Regularum
1262 2682 1545 2738 Basilium
1579 2686 1889 2738 auctorem
1909 2681 1994 2738 fa-

330 2772 510 2841 ceret,
546 2786 670 2826 non
699 2775 901 2827 autem
929 2770 1274 2843 impedierit
1303 2771 1451 2844 quin
1480 2770 1679 2828 eidem
1708 2771 1995 2828 tribueret

330 2859 837 2916 Constitutionum
866 2859 1109 2931 librum,
1138 2877 1278 2916 cum
1305 2861 1368 2917 in
1402 2864 1659 2933 utroque
1679 2876 1860 2933 opere
1880 2877 1989 2933 pa-

327 2953 568 3005 rentum
611 2949 751 3020 jura
779 2950 1004 3021 pariter
1044 2950 1259 3006 violari
1286 2950 1623 3007 videantur.
1656 2953 1721 3006 Et
1765 2950 1991 3023 alioqui

327 3054 452 3095 non
472 3044 559 3094 est
581 3038 1016 3107 timendum,ne
1040 3055 1308 3112 unquam
1334 3039 1396 3096 in
1417 3039 1747 3096 liberorum
1768 3039 1988 3096 animis

2107 527 2211 577 Καί
2238 528 2359 587 τοὺς
2388 524 2436 577 ἐν
2469 526 2703 598 συζυγίᾳ
2747 523 2805 579 δὲ
2833 528 3005 599 γάμου
3048 532 3266 602 τοιούτῳ
3316 530 3419 604 βιῳ
3465 551 3762 607 προσερχο-

2104 617 2290 687 μένους
2318 612 2686 687 ἁνακρίνεσθαι
2718 611 2819 683 δεῖ,
2854 616 2897 668 εἰ
2927 614 2981 668 ἐκ
3023 624 3299 690 συμφώνου
3347 628 3500 673 τοῦτο
3547 629 3763 674 ποιοῦσι

2103 705 2240 756 κατὰ
2268 707 2356 763 τὴν
2388 700 2650 777 ὃιαταγὴν
2674 712 2767 758 τοῦ
2787 703 3125 760 Ἀποστόλου.
3150 714 3251 760 Τοῦ
3276 711 3378 782 γὰρ
3412 706 3550 762 ἰδίου
3585 718 3763 784 σώμα-

2102 812 2210 860 τος,
2246 798 2426 866 φησὶν,
2460 793 2553 845 οὐκ
2593 793 2907 863 ἐξουσιάζει,
2930 799 3024 848 καὶ
3055 796 3219 859 οὕτως
3249 796 3334 849 ἐπὶ
3363 797 3605 851 πλειόνων
3632 821 3762 874 μαρ-

2103 884 2270 956 τύρων
2294 878 2552 955 δέχεσθαι
2580 887 2669 936 τὸν
2694 888 3134 959 προσερχόμενον.
3162 886 3362 957 Atque
3382 887 3429 941 ii
3452 889 3630 944 etiam
3661 890 3766 959 qui

2102 972 2490 1028 matrimonio
2521 970 2851 1042 conjuncti,
2887 975 2970 1029 ad
3006 972 3357 1044 hujusmodi
3399 976 3532 1031 vitae
3576 992 3765 1047 genus

2105 1061 2422 1128 accedunt,
2455 1063 2883 1132 interrogandi
2907 1069 3072 1131 sunt,
3106 1078 3187 1119 an
3226 1069 3433 1120 mutuo
3472 1081 3763 1122 consensu

2102 1148 2162 1204 id
2186 1152 2477 1220 efﬁciant,
2508 1166 2584 1208 ex
2602 1152 2878 1220 Apostoli
2895 1159 3196 1223 praecepto
3222 1172 3244 1207 .·
3275 1175 3303 1205 ‹‹
3334 1154 3514 1224 Nam,
3542 1155 3761 1225 inquit,

2102 1241 2200 1296 sui
2223 1241 2493 1311 corporis
2514 1246 2874 1311 potestatem
2903 1257 3025 1298 non
3055 1242 3231 1300 habet
3252 1243 3346 1311 δῖ’,
3372 1266 3401 1294 ››
3431 1244 3632 1315 sicque
3662 1245 3768 1315 qui

2105 1332 2357 1399 accedit,
2391 1347 2592 1389 coram
2634 1332 2914 1401 pluribus
2941 1333 3186 1389 testibus
3212 1334 3590 1404 recipiendus
3636 1339 3722 1391 est
3742 1352 3764 1388 .-

2103 1436 2241 1493 quae
2270 1420 2458 1477 verba
2497 1420 2830 1491 retulimus,
2864 1437 2987 1478 non
3016 1422 3187 1495 quod
3228 1422 3304 1479 de
3332 1423 3427 1479 his
3470 1423 3594 1479 ulla
3618 1439 3763 1480 con-

2105 1509 2395 1566 troversia
2424 1510 2519 1573 sit,
2543 1510 2653 1566 sed
2673 1511 2843 1583 quod
2867 1510 2947 1566 ad
2972 1511 3471 1583 respondendum
3493 1528 3768 1569 necessa-

2102 1598 2194 1656 ria
2221 1614 2352 1655 esse
2389 1599 2726 1656 videantur.
2759 1600 2976 1656 Gravia
3031 1605 3172 1656 sunt
3217 1604 3275 1656 et
3318 1600 3587 1658 difﬁcilia
3627 1618 3764 1675 quze

2108 1694 2464 1763 sequuntur.
2498 1693 2582 1746 lta
2600 1690 2780 1761 igitur
2807 1690 3059 1747 Basilius
3086 1690 3323 1764 reliqua
3345 1692 3760 1765 persequitur:

2038 1791 2078 1845 Β
2108 1780 2169 1835 Εἰ
2217 1777 2276 1833 δὲ
2324 1777 2707 1843 διαστασιάξοι
2752 1785 2811 1833 τὸ
2860 1782 3028 1854 ἕτερον
3076 1787 3249 1856 μέρος,
3282 1786 3372 1834 καὶ
3415 1779 3760 1855 διαμάχοιτο,

2107 1868 2314 1922 ἔλαττον
2342 1870 2612 1943 φροντίζον
2655 1877 2753 1931 τῆς
2793 1874 2926 1945 πρὸς
2957 1875 3084 1924 Θεὸν
3117 1871 3525 1945 εὐαρεστήσεως,
3558 1891 3765 1945 μνημο-

2105 1960 2331 2011 νευέσθω
2361 1960 2386 2010 ὁ
2411 1957 2725 2021 Ἀπόστολος
2749 1958 2929 2030 λέγων,
2956 1957 3034 2012 Ἐν
3067 1956 3126 2012 δὲ
3153 1959 3327 2033 εἰρήνῃ
3356 1959 3601 2018 κέκληκεν
3629 1963 3768 2033 ἡμᾶς

2107 2048 2133 2099 ὁ
2165 2051 2294 2108 Θεὸς
2327 2068 2339 2081 ·
2368 2052 2458 2100 καὶ
2483 2047 2800 2120 πληρούσθω
2820 2052 2878 2100 τὸ
2905 2052 3228 2123 πρόσταγμα
3250 2056 3342 2101 τοῦ
3371 2053 3564 2124 Κυρίου
3593 2048 3766 2102 εἰπόν-

2105 2158 2193 2201 τος
2227 2154 2239 2167 ·
2273 2141 2335 2191 Εἴ
2362 2159 2444 2200 τις
2490 2140 2705 2213 ἔρχεται
2732 2141 2864 2211 πρὸς
2893 2141 2975 2211 μὲ,
3007 2143 3099 2190 καὶ
3147 2138 3204 2190 οὐ
3252 2146 3402 2212 μισεί
3444 2144 3532 2192 τὸν
3570 2144 3771 2213 πατέρα

2106 2227 2287 2293 αὑτοῦ,
2311 2230 2402 2278 καὶ
2422 2230 2516 2285 τὴν
2538 2230 2759 2299 μητέρα,
2782 2231 2875 2278 καὶ
2894 2231 2990 2287 τὴν
3011 2233 3255 2299 γυναῖκα,
3279 2231 3370 2279 καὶ
3396 2231 3461 2280 τὰ
3482 2231 3650 2295 τέκνα,
3675 2232 3768 2280 καὶ

2104 2320 2173 2370 τὰ
2199 2317 2373 2384 λοιπὰ,
2405 2317 2463 2369 οὐ
2496 2313 2719 2368 δύναταί
2742 2336 2843 2390 μου
2872 2313 3001 2369 εἶναι
3025 2319 3235 2391 μαθητή
3250 2338 3288 2378 ς.
3325 2317 3495 2384 Quod
3545 2319 3598 2373 si
3645 2319 3767 2373 dis-

2104 2409 2298 2465 sentia
2319 2408 2518 2464 altera
2541 2422 2709 2478 pars,
2734 2412 3166 2479 repugnetque,
3185 2407 3348 2478 quod
3375 2407 3574 2463 minus
3601 2408 3769 2464 solli-

2104 2500 2225 2554 cita
2275 2501 2354 2554 sit
2391 2497 2685 2569 quomodo
2721 2499 2967 2566 placeat
2992 2497 3134 2561 Deo,
3165 2499 3229 2553 in
3276 2504 3531 2554 mentem
3563 2499 3765 2555 veniat

2101 2589 2398 2659 Apostoli,
2430 2589 2538 2659 qui
2581 2588 2767 2644 dicit:
2796 2609 2825 2638 «
2856 2588 2928 2643 In
2948 2602 3105 2657 pace
3146 2593 3348 2644 autem
3394 2589 3626 2645 vocavit
3657 2604 3764 2644 nos

2099 2679 2258 2735 Deus
2280 2678 2360 2749 ³⁸;
2385 2698 2414 2727 ››
2436 2683 2618 2749 atque
2635 2678 2966 2747 impleatur
2993 2682 3360 2747 prxceptum
3381 2678 3642 2745 Domini,
3662 2679 3771 2748 qui

2099 2768 2296 2825 dixit:
2323 2788 2353 2817 «
2379 2767 2442 2823 Si
2469 2767 2603 2838 quis
2636 2768 2799 2824 venit
2837 2767 2919 2823 ad
2951 2782 3066 2838 me,
3097 2772 3154 2823 et
3199 2783 3320 2823 non
3355 2766 3481 2823 odit
3520 2772 3765 2836 patrem

2097 2873 2295 2927 suum,
2326 2864 2385 2915 et
2421 2863 2699 2926 matrem,
2736 2862 2794 2914 et
2839 2872 3114 2926 uxorem,
3149 2863 3205 2914 et
3248 2858 3427 2928 ﬁlios,
3471 2862 3608 2925 etc.,
3640 2873 3764 2913 non

2094 2954 2287 3019 potest
2310 2963 2474 3004 meus
2500 2962 2620 3004 esse
2645 2948 2982 3017 discipulus
2999 2949 3068 3003 3°.
3091 2969 3118 2998 »
3145 2949 3227 3003 Ex
3257 2946 3479 3021 quibus
3504 2948 3764 3020 perspici

2096 3041 2295 3111 potest
2323 3052 2537 3092 omnes
2561 3036 2808 3109 quidem
2834 3036 3020 3109 recipi
3048 3036 3270 3093 debere
3298 3037 3358 3092 in
3389 3038 3761 3094 monasterio

327 3127 571 3200 penitus
601 3117 1020 3197 exstinguatur
1039 3144 1215 3185 amor
1231 3134 1575 3201 parentum,
1596 3145 1733 3185 cum
1765 3146 1837 3185 ex
1858 3145 1987 3186 sese
2027 3149 2066 3204 ο
2096 3127 2171 3184 de
2201 3125 2403 3182 Basilii
2450 3124 2765 3196 sententia,
2799 3129 2927 3180 tam
2958 3118 3200 3198 eos'qui
3246 3125 3758 3182 consentientibus

326 3216 626 3289 phcenicis
653 3216 716 3273 in
753 3218 1009 3273 modum
1040 3234 1279 3290 semper
1324 3223 1689 3275 renascatur.
1724 3218 1893 3285 Quod
1921 3220 1986 3275 in

325 3306 539 3376 regula
595 3306 925 3363 centesima.
980 3307 1179 3380 prima
1233 3308 1620 3381 vituperatur,
1667 3308 1984 3381 improbos

306 3396 533 3453 'vocari
559 3411 685 3463 eos,
707 3397 812 3468 qui
840 3412 964 3452 non
993 3397 1203 3453 omnia
1230 3397 1395 3454 bona
1421 3414 1533 3453 sua
1559 3398 1981 3467 vendiderunt,

322 3483 386 3540 id
415 3484 547 3540 leve
585 3488 694 3551 est,
727 3491 787 3541 et
812 3484 1037 3540 nullius
1066 3485 1379 3541 momenti.
1417 3485 1676 3557 lmprobi
1705 3486 1868 3542 enim
1897 3487 1983 3542 di-

324 3577 543 3629 cuntur
586 3588 710 3628 non
753 3573 1015 3646 proprie,
1046 3572 1151 3629 sed
1195 3573 1363 3645 quod
1406 3573 1606 3629 minus
1632 3574 1808 3647 probi
1839 3574 1980 3645 sint,

326 3661 652 3735 minusque
701 3661 970 3734 perfecti.
1016 3661 1221 3732 Omisi,
1261 3663 1428 3734 quod
1471 3662 1717 3718 minime
1760 3662 1980 3733 decuit,

324 3750 489 3808 aliud
521 3750 865 3809 Combeﬁsii
894 3756 1339 3822 argumentum.
1375 3752 1769 3824 Conqueritur
1804 3752 1986 3822 igitur

322 3840 411 3897 vir
436 3840 673 3907 doctus,
707 3839 1036 3897 sanctiores
1057 3839 1425 3896 matrimonii
1454 3840 1618 3911 leges
1646 3856 1894 3914 prorsus
1919 3844 1983 3898 in

322 3930 535 4002 regula
561 3930 923 3988 duodecima
951 3930 1272 4004 prolixiore
1301 3930 1603 4002 abrogari.
1638 3931 1830 4005 Ipsius
1853 3932 1985 3988 btec

326 4027 468 4079 sunt
485 4022 672 4080 verba
693 4041 707 4079 :
732 4023 868 4078 Non
883 4029 1080 4093 potest
1100 4023 1226 4078 dici
1242 4023 1472 4078 clarius
1502 4023 1740 4094 aliquid
1762 4024 1845 4079 ad
1866 4025 1983 4080 vim

323 4113 497 4170 illam
529 4127 711 4184 quam
735 4111 1133 4168 Eustathiani
1159 4111 1524 4169 adhibebant
1564 4113 1885 4183 conjugiis,
1915 4119 1999 4185 ut

319 4207 694 4274 pugnantem
723 4203 983 4258 alterum
1029 4202 1364 4271 conjugem,
1399 4203 1460 4257 vi
1499 4202 1664 4258 omni
1692 4202 1773 4258 ad
1801 4203 1987 4259 alteri

323 4292 550 4348 volenti
605 4292 963 4347 renuntiare
1016 4291 1463 4347 assentiendum
1520 4297 1816 4362 cogerent,
1873 4298 1980 4348 aut

321 4382 504 4438 etiam
544 4383 651 4437 illo
699 4362 886 4437 invito
916 4381 1366 4437 renuntiantem
1408 4383 1783 4453 reciperent;
1821 4383 1982 4453 quod

2093 3216 2384 3273 uxoribus
2411 3216 2725 3285 accedunt,
2753 3231 2943 3288 quam
2973 3231 3099 3286 eos,
3128 3231 3391 3288 quorum
3422 3231 3640 3272 uxores
3666 3231 3759 3272 re~

2093 3310 2368 3379 pugnant
2393 3322 2405 3360 :
2440 3305 2547 3360 sed
2568 3320 2691 3360 non
2714 3305 2930 3361 eodem
2956 3304 3166 3361 modo.
3193 3304 3279 3360 llli
3310 3304 3470 3360 enim
3500 3305 3585 3360 ita
3611 3304 3756 3361 reci-

2090 3395 2435 3468 piebantur,
2452 3400 2520 3450 ut
2538 3393 2787 3451 Basilius
2809 3398 2989 3452 testes
3008 3393 3287 3450 adhiberi
3306 3394 3477 3450 vellet
3496 3412 3508 3450 :
3529 3394 3592 3450 hi
3611 3410 3753 3450 vero

2090 3501 2231 3541 cum
2259 3485 2688 3556 reciperentur,
2719 3488 2904 3540 testes
2929 3484 3143 3541 adesse
3169 3499 3420 3540 necesse
3448 3500 3574 3540 non
3603 3488 3751 3554 erat,

2089 3577 2297 3645 utpote
2312 3589 2573 3647 quorum
2592 3573 2837 3629 Basilius
2853 3573 3223 3629 mentionem
3234 3589 3358 3630 non
3371 3574 3566 3630 faciat.
3587 3574 3753 3630 Unde

2091 3666 2297 3718 autem
2333 3662 2497 3717 hoc?
2542 3660 2659 3716 nisi
2704 3661 2852 3733 quia
2897 3661 3129 3735 priores
3176 3662 3257 3718 ad
3305 3662 3751 3735 professionem

2092 3749 2588 3820 admittebantur,
2616 3749 2702 3804 sic
2746 3765 2872 3805 non
2902 3749 2989 3804 eis
3028 3749 3291 3822 amplius
3320 3767 3352 3806 e
3382 3751 3751 3808 monasterio

2092 3839 2298 3911 egredi
2341 3838 2579 3906 liceret;
2632 3839 2712 3895 ob
2758 3838 2942 3910 idque
2987 3839 3319 3895 intererant
3366 3843 3560 3909 testes,
3587 3844 3653 3896 ut
3701 3840 3751 3897 si

2092 3929 2344 4003 quando
2364 3933 2506 3985 vota
2528 3944 2638 3984 sua
2652 3928 2821 3985 irrita
2838 3928 3035 3985 facere
3054 3927 3620 3998 vellent,hominum
3643 3930 3752 4004 qui

2092 4018 2432 4076 adfuissent
2457 4016 2801 4075 testimonio
2823 4017 3219 4074 retinerentur
3247 4035 3261 4074 :
3294 4018 3444 4075 alios
3473 4035 3617 4075 vero
3646 4036 3748 4076 co-

2090 4124 2225 4164 ram
2247 4106 2503 4164 testibus
2521 4106 2897 4180 recipiBasili
2908 4124 2975 4163 us
2994 4122 3119 4163 non
3139 4106 3418 4178 jubebat,
3432 4108 3598 4180 quod
3623 4125 3749 4165 non

2093 4198 2174 4255 ad
2192 4197 2635 4271 professionem
2657 4197 3133 4265 admitterentur,
3149 4197 3254 4253 sed
3275 4198 3355 4255 ad
3375 4199 3748 4256 exercitatio-

2089 4303 2259 4344 nem.
2276 4287 2452 4343 Aliud
2477 4292 2682 4343 autem
2713 4286 2913 4363 multo;
2928 4291 3034 4355 est,
3058 4286 3294 4344 admitti
3322 4287 3399 4345 ad
3425 4288 3747 4361 professio-

2088 4393 2250 4449 nem,
2267 4381 2325 4434 et
2347 4376 2534 4445 aliud,
2548 4376 2627 4432 ad
2658 4376 3170 4434 exercitationem.
3188 4377 3419 4433 Etenim
3439 4378 3624 4433 semel
3643 4379 3750 4451 qui

323 4470 483 4527 nihil
503 4470 872 4541 subjectione
889 4470 971 4526 ad
993 4471 1183 4526 Deum
1204 4468 1361 4525 nihil
1382 4471 1717 4528 obedientia
1730 4478 1981 4540 praesta-
2014 4501 2058 4555 Ι)
2088 4467 2402 4541 professus
2422 4471 2532 4534 est,
2554 4483 2680 4523 non
2710 4471 2800 4524 est
2827 4466 3089 4540 amplius
3122 4467 3210 4523 sui
3239 4467 3391 4539 juris
3417 4486 3430 4523 :
3462 4468 3567 4540 qui
3607 4485 3749 4525 vero

327 4562 548 4629 bilius;
573 4561 905 4631 meritoque
945 4559 1321 4616 damnarunt
1358 4560 1573 4617 Patres
1625 4562 1977 4632 Gangreses.

322 4651 483 4708 Sane
499 4652 693 4707 virum
716 4650 792 4706 ab
813 4664 1003 4706 uxore
1017 4664 1139 4705 non
1154 4649 1476 4719 discedere,
1490 4651 1601 4706 Dei
1611 4658 1983 4721 praeceptum

324 4747 442 4811 est;
476 4741 813 4797 castitatem
839 4738 1138 4808 praeferre
1166 4739 1358 4795 altero
1406 4741 1730 4810 conjugum
1772 4742 1982 4809 invito,

324 4841 448 4882 non
467 4825 580 4881 Dei
597 4826 787 4894 jussis
805 4838 1027 4893 parere
1054 4830 1163 4889 est,
1192 4825 1367 4896 eique
1389 4824 1623 4894 subjici,
1655 4826 1758 4880 sed
1773 4827 1985 4895 palam

324 4929 635 4985 pugnare;
658 4914 778 4969 nisi
795 4929 930 4970 cum
949 4918 1155 4970 ratum
1177 4913 1484 4970 duntaxat
1507 4915 1856 4984 conjugium
1878 4922 1985 4985 est,

324 5020 434 5062 nec
455 5020 523 5060 ea
541 5005 721 5074 plene
731 5019 840 5060 con
836 5005 1058 5074 jugum
1074 5008 1288 5059 mutua
1302 5005 1558 5060 servitus
1571 5006 1773 5060 coivit:
1784 5020 1906 5076 qua
1916 5006 1991 5062 de

324 5109 393 5151 re
406 5094 566 5150 nihil
580 5098 796 5150 auctor
810 5095 947 5163 cogi
954 5094 1129 5164 tavit;
1142 5093 1246 5149 sed
1255 5094 1372 5149 vim
1387 5092 1657 5150 absolute
1669 5096 1988 5165 conjugiis,

326 5186 506 5255 quasi
550 5185 674 5240 Deo
707 5182 963 5252 jubente
992 5183 1324 5239 divortium
1357 5181 1635 5245 ἀσκήσεως
1669 5191 1992 5256 praetextu,

323 5272 674 5343 faciendam
693 5272 983 5328 admittit.
996 5270 1353 5328 Audivimus
1366 5271 1822 5330 Combeﬁsium:
1832 5289 1995 5331 nunc

980 5449 1029 5486 ³⁸
1055 5448 1206 5509 ibid.
1238 5454 1326 5509 l5.

401 5450 475 5486 δν
504 5453 525 5506 l
552 5452 686 5509 Cor.
712 5465 815 5519 vn,
849 5453 902 5506 4.
980 5450 1029 5486 ³⁸
1055 5450 1206 5509 ibid.
1238 5454 1326 5509 l5.
1403 5450 1451 5487 ³³
1481 5452 1621 5509 Luc.
1652 5467 1777 5523 11v,
1809 5456 1901 5510 26.

408 5631 494 5701 (a)
529 5628 748 5687 .Comb.
775 5627 836 5686 in
865 5629 1058 5686 Basil.
1096 5643 1323 5688 recens.
1355 5632 1502 5688 tom.
1534 5633 1601 5703 ll,
1631 5647 1694 5707 p.
1726 5636 1816 5689 77.

2092 4556 2534 4614 exercitationis
2559 4572 2750 4613 causa
2767 4557 2833 4612 in
2852 4556 3298 4613 monasterium
3326 4557 3749 4619 introivit.non

2090 4650 2414 4720 propterea
2443 4645 2533 4701 sui
2557 4645 2712 4716 juris
2755 4661 2887 4701 esse
2916 4644 3155 4711 desinit,
3188 4646 3313 4711 sed,
3348 4645 3397 4701 si
3438 4646 3524 4702 ita
3560 4646 3748 4711 lubet,

2092 4736 2296 4807 egredi
2308 4740 2526 4808 potest.
2542 4738 2707 4791 Hanc
2726 4739 2930 4791 autem
2945 4734 3143 4791 Basilii
3164 4735 3523 4791 sententiam
3545 4736 3753 4806 fuisse,

2092 4842 2298 4893 nemo,
2314 4825 2550 4897 opinor,
2565 4824 2776 4894 homo,
2789 4824 2895 4896 qui
2914 4824 3044 4897 ejus
3065 4822 3252 4880 verba
3273 4829 3493 4880 attente
3520 4824 3752 4895 legerit,

2094 4914 2365 4985 negabit.
2389 4917 2503 4970 Cur
2521 4914 2952 4987 enim,'quaeso,
2976 4912 3181 4983 rogari
3202 4913 3510 4983 voluisset,
3523 4930 3603 4970 an
3623 4930 3753 4971 mu-

2100 5012 2203 5062 tuo
2224 5019 2518 5061 consensu
2547 5006 2610 5060 id
2637 5004 2940 5075 efﬁciant,
2963 5004 3009 5059 si
3032 5018 3246 5059 omnes
3276 5018 3349 5059 ex
3374 5019 3551 5076 sequo
3574 5003 3760 5077 recipi

2098 5094 2321 5151 debere
2352 5092 2754 5152 credidisset?
2784 5092 3322 5163 Interrogabantur
3349 5100 3551 5150 autem
3597 5097 3683 5160 ut,
3712 5092 3763 5149 si

2101 5199 2320 5240 uxores
2377 5182 2717 5239 consentire
2767 5187 3098 5252 constaret,
3148 5182 3615 5256 proﬁterentur;
3671 5182 3763 5238 sin

2104 5272 2332 5341 minus,
2363 5271 2823 5331 admitterentur
2849 5270 3099 5346 quidem
3143 5270 3228 5333 ad
3277 5272 3766 5330 exercitationem
