4092 6394
326 294 425 346 115

1845 287 2229 344 PREFATIO.

3642 291 3743 345 116

318 428 428 487 per
456 412 705 486 aliquod
735 415 995 485 tempus,
1024 424 1345 483 nunquam
1389 413 1593 467 autem
1618 410 1700 467 ad
1747 412 1980 484 profes-
2007 414 2056 468 Α
2090 411 2335 481 (Ιὶοἰίλθῑ
2368 428 2403 469 a
2443 413 2828 484 Combeﬁsio,
2862 413 2969 485 qui
2998 413 3057 469 in
3087 412 3221 485 ipsa
3261 412 3519 470 Stoicum
3567 412 3744 486 quid-

320 504 576 572 sionem,
593 502 710 558 nisi
733 516 995 557 uxorum
1017 515 1355 556 consensus
1377 500 1625 557 tandem
1647 502 1977 558 accederet.

315 593 382 651 Id
408 594 493 651 ita
522 609 660 649 esse
688 596 894 665 aperte
920 590 1269 658 ostendunt,
1292 607 1427 664 quae
1455 596 1807 663 sequuntur.
1834 593 1979 647 Sunt

314 688 516 742 autem
562 680 919 754 hujusmodi
948 683 1112 754 (pag.
1147 682 1310 749 354):
1342 680 1518 754 Ἡμεῖς
1563 677 1621 733 δὲ
1665 685 1881 755 ἔγνωμεν
1930 680 1978 733 ἐν

314 774 524 839 πολλοῖς
551 773 801 835 πολλάκις
829 776 919 826 καὶ
950 770 1044 825 διὰ
1093 776 1339 824 συντόνου
1390 782 1700 846 προσευχῆς
1743 780 1832 825 καὶ
1878 793 1976 831 νη-

318 870 496 927 στείας
519 861 817 931 ἀνενδὼου,
832 865 921 915 τὸν
946 865 1140 914 σκοπὸν
1166 870 1262 923 τῆς
1284 860 1331 913 ἐν
1354 861 1534 934 ἁγνείᾳ
1560 863 1667 923 ζωῆ
1682 885 1701 924 ς
1720 883 1810 937 περ
1822 867 1978 935 ιγενό-

312 975 484 1029 μενον,
518 962 609 1007 τοῦ
643 958 839 1027 Κυρίου
886 955 1009 1015 τοὺς
1046 956 1210 1026 μέχρι
1253 955 1447 1013 παντὸς
1495 952 1853 1019 ἀπειθοῦντας,
1886 957 1976 1005 καὶ

316 1042 387 1099 δι’
435 1043 667 1117 ἀνάγκης
713 1042 962 1103 πολλάκις
1010 1050 1318 1115 σωματικῆς
1361 1050 1424 1115 τῇ
1470 1044 1851 1114 συγκαταθέσει
1880 1052 1977 1103 τῆς

315 1134 476 1210 ὀρθῆς
524 1138 747 1208 κρίσεως
794 1134 1105 1204 ὑπάγοντος.
1141 1132 1438 1189 Caeterum
1469 1148 1577 1187 nos
1620 1137 1799 1188 castze
1839 1134 1977 1189 vita:

311 1224 560 1296 agenda
581 1224 899 1280 consilium
922 1238 1045 1278 non
1067 1237 1210 1278 raro
1233 1225 1359 1277 tum
1386 1222 1819 1278 vehementiam
1839 1237 1975 1292 pre-

311 1330 468 1384 cum,
494 1320 619 1370 tum
642 1313 875 1369 assidui
894 1313 1126 1382 jejunii
1142 1326 1254 1381 ope
1272 1313 1335 1366 in
1354 1312 1563 1366 multis
1588 1313 1976 1383 przevaluisse

308 1405 603 1473 novimus,
627 1403 882 1459 Domino
909 1416 1024 1468 eos,
1052 1401 1161 1472 qui
1180 1416 1434 1470 prorsus
1455 1401 1746 1457 obstinati
1774 1407 1970 1470 erant,

305 1507 460 1563 saepe
479 1495 659 1549 etiam
676 1506 790 1562 per
810 1491 1185 1559 corporalem
1207 1492 1615 1547 necessitatem
1644 1491 1725 1547 ad
1740 1497 1971 1547 rectum

297 1583 607 1655 judicium
657 1580 1174 1651 comprobandum
1231 1580 1568 1637 inducente.
1628 1582 1827 1637 Causa
1866 1581 1972 1651 igi-

303 1677 421 1739 tur,
453 1686 560 1729 cur
587 1669 840 1727 Basilius
870 1669 1178 1739 quosdam
1209 1668 1413 1725 invitis
1437 1669 1728 1726 uxoribus
1752 1670 1815 1725 in
1845 1686 1973 1725 mo-

2087 502 2231 559 dam
2254 503 2492 576 reperit,
2515 503 2695 575 longe
2722 504 3030 559 dissentio.
3058 507 3261 576 Neque
3285 504 3446 559 enim
3467 503 3527 559 in
3549 502 3743 559 Basilii

2087 592 2285 648 verbis
2315 593 2655 667 quidquam
2689 594 3111 665 excipiendum
3144 593 3423 661 arbitror,
3452 609 3651 666 neque
3680 592 3744 648 in

2084 681 2301 739 iisdem
2346 684 2533 740 ullum
2563 686 2791 754 dogma
2820 684 3083 740 Stoicum
3124 684 3388 740 invenio.
3423 683 3607 739 Velim
3639 684 3743 754 igi-

2086 775 2182 828 tur
2210 789 2467 845 scopum
2516 773 2880 830 sanctissimi
2910 774 3094 829 Patris
3135 778 3316 845 atque
3359 773 3743 846 propositum

2088 864 2364 934 spectari.
2414 868 2817 934 Interrogatus
2863 863 3057 920 fuerat
3108 862 3377 934 Basilius,
3428 863 3744 935 quomodo

2087 966 2226 1007 cum
2256 952 2327 1007 iis
2355 954 2662 1022 agendum
2686 953 2895 1025 sit,qui
2917 952 3199 1023 graviora
3218 953 3466 1025 quidem
3492 956 3744 1025 peccata

2085 1040 2373 1111 devitant,
2397 1043 2503 1097 sed
2526 1042 2748 1099 leviora
2770 1042 3297 1099 indiscriminatim
3328 1043 3739 1099 committunt:

2084 1134 2178 1187 cui
2208 1131 2662 1203 interrogationi
2692 1132 2774 1188 ita
2803 1133 3176 1205 respondere
3204 1132 3431 1199 debuit,
3457 1137 3520 1187 ut
3538 1131 3601 1187 id
3628 1131 3744 1187 sibi
3794 1184 3807 1197 κ

2085 1226 2224 1279 ante
2244 1224 2450 1278 omnia
2472 1229 2856 1296 proponeret,
2882 1228 2947 1279 ut
2973 1223 3103 1279 illos
3126 1222 3463 1279 monachos
3486 1238 3523 1278 a
3548 1236 3743 1295 prava

2081 1311 2185 1368 illa
2213 1314 2653 1369 consuetudine
2684 1313 3024 1369 deterreret.
3059 1313 3210 1369 Nihil
3240 1328 3386 1384 ergo
3407 1312 3486 1369 ab
3513 1327 3586 1368 eo
3616 1326 3741 1367 me-
3780 1344 3781 1351 η

2080 1400 2197 1456 lius
2237 1401 2357 1457 dici
2403 1402 2613 1475 potuit,
2641 1418 2780 1458 cum
2828 1402 2929 1458 illa
2976 1401 3212 1458 Domini
3253 1401 3572 1468 sententia,
3602 1415 3741 1472 quae

2081 1489 2315 1546 nullum
2346 1491 2408 1547 in
2437 1491 2701 1564 peccatis
2729 1492 3053 1547 discrimen
3094 1492 3285 1565 ponit,
3314 1506 3438 1547 una
3463 1489 3741 1546 omnium

2081 1580 2399 1651 aptissima
2430 1582 2502 1636 sit
2528 1587 2705 1653 atque
2728 1581 3367 1638 accommodatissima
3396 1579 3476 1635 ad
3502 1578 3742 1634 animos

2079 1670 2522 1742 perterrendos.
2555 1674 2709 1743 Ergo
2753 1671 2802 1726 si
2831 1670 2966 1726 ﬁnis
3007 1675 3162 1741 ejus,
3194 1686 3378 1743 quem
3423 1668 3534 1725 sibi
3575 1666 3742 1724 Basi-

301 1762 570 1819 nasteria
615 1761 697 1818 ad
744 1759 1235 1817 exercitationem
1275 1759 1577 1816 introduci
1613 1760 1813 1827 vellet,
1840 1760 1970 1816 haec
2002 1771 2042 1825 Β
2079 1758 2195 1815 lius
2244 1760 2585 1833 proposuit,
2633 1761 2787 1817 ratio
2831 1761 3150 1829 habeatur,
3184 1760 3333 1816 nihil
3377 1765 3462 1815 est
3510 1760 3575 1814 in
3622 1758 3740 1814 hac

301 1854 448 1923 erat,
471 1849 640 1923 quod
666 1848 971 1922 ejusmodi
992 1852 1175 1905 castae
1205 1848 1337 1904 vitea
1367 1848 1621 1919 agendae
1652 1848 1969 1905 consilium

300 1940 586 2015 precibus
638 1944 696 1996 et
737 1937 986 2013 jejuniis
1034 1953 1195 2011 saepe
1240 1937 1302 1994 in
1334 1938 1540 1994 multis
1581 1938 1969 2010 prowaluisse

300 2035 531 2087 nosset.
563 2029 736 2095 Quod
781 2027 951 2085 addit
998 2027 1419 2094 Combeﬁsius,
1446 2028 1731 2084 traditam
1761 2029 1823 2084 in
1852 2029 1968 2085 hac

298 2119 510 2190 regula
528 2119 867 2176 doctrinam
890 2133 927 2175 a
947 2117 1223 2174 Patribus
1244 2118 1698 2187 Gangrensibus
1718 2119 1970 2175 damna-

299 2213 426 2266 tam
470 2208 680 2275 fuisse,
713 2207 775 2265 id
820 2207 899 2264 ad
928 2223 1058 2264 rem
1090 2222 1217 2263 non
1246 2207 1545 2280 pertinere
1570 2208 1701 2279 jam
1731 2209 1967 2281 pridem

302 2298 542 2355 monuit
580 2297 951 2354 clarissimus
995 2297 1089 2353 vir
1125 2296 1558 2353 Tillemontius.
1590 2301 1655 2352 1n
1696 2313 1767 2353 eo
1806 2297 1966 2353 enim

301 2387 555 2444 concilio
578 2386 656 2460 (a)
678 2387 771 2443 hee
792 2385 1075 2443 mulieres
1095 2384 1489 2453 damnantur,
1514 2402 1653 2458 quae
1684 2386 1820 2442 ideo
1842 2401 1967 2442 ma-

299 2476 447 2533 ritos
467 2475 913 2550 relinquebant,
936 2475 1105 2548 quod
1124 2474 1582 2532 matrimonium
1611 2476 1925 2532 horrerent
1948 2495 1961 2533 :

301 2581 485 2641 quem
524 2566 792 2639 coniugii
818 2566 1137 2623 horrorem
1168 2569 1405 2622 tantum
1430 2566 1602 2622 abest
1629 2572 1696 2623 ut
1720 2566 1968 2635 Regula-

300 2672 436 2714 rum
459 2661 670 2714 auctor
696 2655 977 2725 suaserit,
1000 2659 1067 2712 ut
1086 2656 1269 2711 etiam
1289 2655 1534 2728 nuptias
1561 2659 1616 2711 et
1637 2656 1967 2728 permissas

301 2752 360 2804 et
406 2747 557 2819 [Dei]
601 2745 1029 2802 benedictione
1072 2745 1408 2801 honoratas
1456 2744 1637 2801 fuisse
1686 2761 1967 2817 expresse

302 2832 467 2891 dicat
495 2836 643 2906 (reg.
669 2836 708 2893 5
746 2833 910 2906 fus.).
947 2834 1115 2901 Quod
1157 2834 1372 2891 ultimo
1403 2834 1537 2891 loco
1568 2834 1967 2891 Combeﬁsuis

304 2923 530 2995 objicit,
583 2924 649 2980 id
680 2923 1065 2980 ’I‘illemontio
1112 2924 1197 2980 ita
1249 2939 1429 2994 grave
1491 2925 1691 2980 visum
1744 2930 1852 2991 est,
1902 2928 1969 2980 ut

306 3013 595 3069 Basilium
638 3013 921 3071 deserere
966 3029 1091 3069 non
1154 3014 1463 3071 dubitarit.
1502 3016 1632 3080 Qua
1680 3014 1756 3070 de
1795 3030 1860 3069 re
1905 3017 1973 3070 ut

2080 1849 2310 1917 regula,
2333 1851 2496 1920 quod
2521 1856 2623 1906 aut
2644 1867 2679 1906 a
2706 1850 3069 1907 Combeﬁsio
3096 1851 3229 1920 jure
3256 1850 3519 1922 potuerit
3541 1862 3743 1922 repre-

2079 1936 2285 2005 hendi,
2318 1945 2420 1994 aut
2450 1955 2485 1995 a
2515 1939 2892 1995 Tillemontio
2922 1939 3264 1995 necessario
3291 1939 3484 2011 excipi
3514 1940 3739 1998 debue-

2079 2027 2174 2082 rit.
2204 2028 2457 2083 Basilius
2490 2034 2712 2091 autem,
2746 2029 2921 2101 quasi
2952 2028 3328 2100 praevidisset
3355 2045 3478 2085 non
3508 2030 3736 2100 defore,

2080 2116 2183 2187 qui
2233 2115 2425 2188 ipsius
2475 2117 2659 2174 verba
2707 2117 2767 2173 in
2817 2118 3043 2172 malam
3089 2122 3326 2190 partem
3373 2118 3736 2191 acciperent,

2080 2206 2440 2262 sententiam
2463 2223 2636 2263 suam
2657 2207 2732 2263 de
2758 2207 3105 2263 discrimine
3136 2213 3522 2279 peccatorum
3552 2208 3741 2264 diser-

2080 2294 2309 2351 tissime
2358 2297 2701 2369 explicavit,
2734 2314 2873 2353 cum
2918 2299 3048 2353 haec
3098 2297 3329 2353 addidit
3367 2300 3533 2369 (pag.
3566 2303 3734 2366 518):

2077 2383 2244 2447 ’Ὸλως
2278 2382 2335 2437 δὲ
2368 2386 2409 2437 εἰ
2440 2385 2816 2459 ἑπιτρεπόμεῦα
2843 2387 3005 2458 λέγειν
3044 2392 3229 2460 μικρὸν
3272 2392 3365 2439 καὶ
3395 2392 3531 2459 μέγα
3561 2385 3735 2461 ἀμάρ-

2077 2491 2240 2545 τημα,
2268 2472 2635 2548 ἀναντίρῥητον
2663 2479 2775 2547 ἔχει
2800 2481 2893 2534 τὴν
2918 2474 3198 2541 ἀτοὸειξιν,
3224 2476 3428 2546 ἑκάστῳ
3448 2481 3582 2548 μέγα
3607 2475 3736 2529 εἶναι

2078 2566 2136 2613 τὸ
2164 2561 2385 2614 ἑκάστου
2416 2576 2660 2636 κρατονν,
2695 2571 2784 2618 καὶ
2830 2570 3016 2638 μικρὸν
3047 2574 3218 2630 τοῦτο,
3253 2566 3312 2617 οὗ
3352 2568 3571 2626 ἕκαστος
3600 2585 3734 2638 κρα-

2078 2659 2244 2705 τεῖ....
2279 2659 2361 2704 Δεῖ
2391 2650 2478 2704 οὖν
2505 2652 2588 2705 ἐπὶ
2616 2659 2807 2715 παντὸς
2829 2655 3211 2728 ἁμαρτάνοντος
3237 2652 3380 2707 οἱονὸ
3385 2661 3544 2712 ήποτε
3570 2653 3735 2727 ἀμάρ-

2079 2759 2242 2813 τημα,
2294 2742 2569 2814 φνλάσσειν
2595 2749 2653 2795 τὸ
2685 2752 2850 2817 κρῖμα
2888 2753 2978 2796 τοῦ
3012 2750 3205 2818 Κυρίου
3255 2744 3503 2810 εἰπόντος,
3538 2748 3618 2796 ὅτι
3642 2744 3735 2798 Ἀν

2081 2831 2288 2905 ἁμάρτη
2323 2852 2394 2894 εις
2426 2836 2483 2885 σὲ
2513 2835 2538 2884 ὁ
2569 2831 2791 2907 ἀδελφὸς
2824 2855 2939 2901 σου,
2969 2836 3154 2906 ὕπαγε,
3188 2834 3389 2906 ἔλεγξον
3438 2836 3593 2887 αὐτὸν
3641 2854 3737 2908 μι-

2081 2924 2209 2986 ταξὺ
2241 2932 2335 2975 σοῦ
2367 2930 2456 2976 καὶ
2488 2925 2646 2977 αὑτοῦ
2677 2930 2856 2998 μόνον,
2880 2930 2996 2982 etc.
3035 2927 3161 2981 Uno
3184 2927 3379 2989 verbo,
3401 2928 3454 2982 si
3478 2940 3740 2995 parvum

2082 3020 2136 3070 et
2185 3030 2474 3085 magnum
2532 3024 2841 3085 peccatum
2892 3018 3091 3073 dicere
3138 3016 3306 3072 nobis
3365 3018 3566 3086 liceat,
3617 3018 3745 3074 sine

309 3103 502 3159 cuivis
546 3103 765 3160 melius
806 3103 1151 3161 existimare
1188 3103 1384 3171 liceat,
1405 3104 1605 3160 Basilii
1644 3110 1700 3161 et
1724 3105 1973 3161 Combe-
2001 3134 2041 3188 ρ
2082 3107 2495 3161 controversia
2516 3109 2734 3177 negari
2752 3122 2872 3162 non
2889 3107 3360 3179 potest,.hocque
3381 3108 3595 3178 cuique
3613 3120 3742 3162 ma-

307 3192 425 3249 ﬁsii
448 3191 637 3251 verba
663 3192 950 3251 referam.
981 3192 1246 3249 Basilius
1276 3198 1424 3264 (reg.
1455 3198 1583 3265 293)
1608 3212 1621 3250 :
1647 3202 1855 3269 Πρῶτον
1882 3199 1969 3269 μὲν

310 3279 505 3336 εἰδέναι
531 3286 666 3357 χρὴ,
691 3282 772 3335 ὅτι
800 3281 852 3335 ἄν
880 3290 944 3357 τῇ
981 3289 1143 3356 Καινῇ
1179 3286 1411 3357 mem?
1445 3286 1638 3342 ταύτην
1669 3289 1761 3343 τὴν
1789 3282 1972 3358 διαφο-

308 3375 405 3447 ρὰν
453 3372 549 3426 οὐκ
597 3375 710 3426 ἔστι
758 3374 960 3446 μαθεῖν.
1006 3376 1119 3427 Μία
1164 3376 1265 3448 γὰρ
1298 3372 1561 3446 ἀπόφασις
1603 3378 1737 3427 κατὰ
1766 3378 1970 3428 πάντων

311 3462 703 3537 ἁμαρτημάτων
739 3469 926 3531 κεῖται,
962 3469 1055 3515 τοῦ
1083 3467 1278 3537 Κυρίου
1312 3464 1541 3525 εἰπόντος
1574 3485 1586 3497 ·
1621 3466 1699 3516 ὅτι
1723 3464 1782 3515 Ὀ
1810 3472 1970 3518 ποιῶν

310 3557 406 3612 τὴν
433 3552 694 3627 ἁμαρτιαν
726 3548 910 3615 δοῦλός
937 3550 1050 3605 ἔστι
1074 3562 1172 3615 τῆς
1201 3553 1548 3627 ἁμαρτίας....
1582 3558 1671 3606 καὶ
1700 3563 1792 3607 τοῦ
1820 3557 1973 3608 Ιωάν-

310 3662 400 3696 νου
432 3641 681 3717 βοῶντος·
713 3641 772 3695 Ὀ
803 3640 1026 3695 ἀπειθῶν
1051 3650 1124 3715 τῷ
1154 3645 1277 3715 Υῐῷ,
1310 3643 1404 3696 οὐκ
1435 3642 1618 3715 ἄρεται
1664 3648 1758 3702 τὴν
1809 3645 1968 3711 ζωὴν,

312 3731 417 3785 ἀλλ’
442 3735 473 3793 ἡ
503 3732 630 3808 ὀργὴ
658 3738 750 3785 τοῦ
782 3739 915 3786 Θεοῦ
944 3738 1085 3806 μενεῖ
1126 3730 1201 3785 ἐπ’
1232 3733 1408 3800 αὐτὸν,
1441 3742 1537 3794 τῆς
1585 3731 1848 3795 ἀπειθείας
1878 3733 1973 3785 οὐκ

312 3821 361 3876 ἓν
389 3831 451 3897 τῇ
483 3819 712 3898 διαφορᾷ
738 3830 839 3875 τῶν
866 3821 1277 3897 ἁμαρτημάτων,
1308 3820 1413 3874 ἀλλ’
1443 3821 1491 3874 ἐν
1519 3831 1581 3896 τῇ
1606 3832 1844 3897 παρακοῇ
1880 3830 1973 3882 τὴν

312 3911 524 3972 ἀπειλὴν
547 3910 799 3985 ἐχούσης.
814 3914 1091 3969 Primum
1113 3913 1352 3984 quidem
1374 3928 1545 3969 nosse
1562 3920 1793 3983 oportet
1815 3915 1976 3971 hanc

308 4002 741 4075 (peccatorum)
757 4001 1165 4072 differentiam
1185 4004 1248 4057 in
1265 4002 1430 4058 Novo
1459 4002 1833 4060 Testamento
1853 4019 1973 4061 non

310 4092 590 4162 reperiri.
643 4092 776 4149 Una
822 4105 1083 4163 namque
1124 4091 1383 4148 habetur
1423 4094 1719 4149 sententia
1757 4096 1974 4150 adver-

309 4197 411 4238 sus
440 4181 723 4253 quislibet
756 4186 1032 4252 peccata,
1066 4196 1201 4238 cum
1229 4182 1517 4237 Dominus
1547 4182 1713 4239 dicat
1742 4198 1765 4238 :
1795 4204 1823 4233 «
1861 4183 1978 4250 Qui

308 4272 463 4343 facit
484 4277 823 4342 peccatum,
851 4286 1059 4327 servus
1088 4277 1172 4327 est
1193 4273 1430 4341 peccati
1447 4273 1587 4327 ⁴⁰....
1610 4292 1638 4322 »
1668 4273 1808 4329 item
1838 4288 1972 4329 cum

309 4363 576 4419 Joannes
605 4363 868 4418 clamet:
887 4383 915 4413 ‹‹
944 4362 1059 4430 Qui
1077 4377 1197 4417 non
1226 4361 1423 4418 obedit
1456 4362 1630 4431 Filio,
1656 4378 1778 4418 non
1810 4363 1972 4419 vide-

2080 3209 2266 3265 gnum
2293 3209 2435 3261 esse,
2458 3198 2629 3265 cujus
2658 3198 2906 3268 quisque
2926 3197 3250 3266 subjicitur
3268 3196 3563 3251 dominio:
3584 3195 3745 3251 illud

2082 3299 2221 3339 vero
2266 3300 2549 3355 parvum,
2601 3289 2705 3342 cui
2756 3288 3005 3358 quisque
3051 3288 3519 3343 dominatur.....
3577 3286 3742 3352 Qua-

2073 3379 2333 3444 propter
2377 3390 2524 3445 erga
2568 3391 2981 3447 quemcunque
3036 3378 3452 3447 cujuscunque
3505 3376 3742 3446 generis

2076 3470 2393 3533 peccatum
2421 3466 2831 3522 admz‘ttentem
2863 3468 3225 3522 servandum
3259 3472 3345 3523 est
3368 3470 3740 3536 praeceptum

2083 3555 2344 3618 Domini,
2391 3557 2498 3625 qui
2539 3557 2737 3613 dixit:
2778 3578 2806 3606 ‹‹
2846 3556 2914 3611 Si
2946 3558 3281 3626 peccaverit
3326 3558 3389 3611 in
3438 3560 3494 3611 te
3535 3556 3742 3625 frater

2085 3648 2244 3708 tuus,
2293 3645 2462 3713 vade,
2515 3647 2756 3714 corripe
2796 3659 2929 3701 eum
2977 3647 3138 3700 inter
3193 3653 3248 3701 te
3302 3649 3357 3700 et
3407 3646 3601 3713 ipsum
3647 3658 3738 3699 so-

2086 3733 2209 3788 lum
2234 3735 2303 3800 ‘3,
2338 3756 2366 3783 »
2406 3738 2523 3790 etc.
2562 3734 2827 3790 Primum
2858 3734 3106 3806 quidem
3136 3739 3430 3807 tanquam
3475 3734 3525 3789 si
3569 3733 3744 3789 dubi-

2083 3825 2285 3893 tasset,
2309 3822 2393 3878 ita
2415 3822 2656 3879 locutus
2684 3829 2792 3892 est,
2816 3825 2869 3879 si
2890 3824 3059 3879 nobis
3088 3825 3223 3881 licet
3241 3839 3504 3893 parvum
3533 3829 3589 3880 et
3618 3838 3743 3879 ma-

2083 3927 2271 3983 gnum
2301 3913 2541 3968 dicere:
2563 3912 2671 3968 sed
2702 3913 2903 3968 statim
2935 3929 3123 3985 parva
3153 3919 3209 3970 et
3234 3928 3461 3983 magna
3492 3918 3743 3986 peccata

2083 4017 2148 4058 re
2177 4001 2312 4074 ipsa
2338 4001 2599 4057 discerni
2629 4008 2907 4075 oportere
2936 4009 3139 4076 aperte
3169 4002 3457 4069 ostendit,
3490 4019 3628 4058 cum
3658 4002 3743 4059 ita

2085 4091 2358 4163 scripsit:
2391 4092 2537 4147 Sine
2566 4094 2977 4149 controversia
3002 4095 3221 4163 negari
3245 4109 3366 4148 non
3392 4097 3606 4161 potest,
3633 4092 3744 4147 hoc

2085 4182 2301 4252 cuique
2319 4196 2607 4251 magnum
2639 4197 2760 4238 esse
2789 4184 2962 4251 cujus
3001 4185 3252 4253 quisque
3279 4183 3604 4251 subjicitur
3631 4182 3740 4237 do-

2084 4272 2310 4327 minio:
2338 4272 2499 4327 illud
2521 4287 2656 4326 vero
2675 4288 2956 4343 parvum,
2982 4273 3083 4327 cui
3100 4275 3350 4343 quisque
3368 4273 3737 4327 dominatur.

2085 4364 2233 4416 Ecce
2264 4360 2425 4415 enim
2470 4360 2574 4415 tibi
2606 4361 2726 4416 duo
2767 4368 3151 4433 peccatorum
3184 4377 3406 4431 genera
3426 4361 3741 4433 perspicue

314 4452 399 4507 bit
445 4451 655 4520 vitam,
694 4450 798 4507 sed
833 4451 929 4507 ira
967 4451 1079 4506 Dei
1112 4451 1379 4508 manebit
1416 4466 1599 4520 super
1629 4453 1821 4521 ipsum
1843 4452 1911 4516 ‘1,
1940 4472 1971 4502 ››
2003 4491 2046 4545 D
2085 4451 2390 4507 distincta.
2421 4450 2552 4507 Alia
2601 4468 2710 4507 suo
2742 4468 2853 4507 nos
2895 4452 3167 4507 dominio
3198 4451 3527 4522 subjiciunt
3561 4468 3573 4505 :
3607 4450 3739 4506 aliis

312 4541 697 4598 contumacia
723 4556 846 4597 non
877 4540 947 4597 ob
976 4548 1363 4611 peccatorum
1409 4541 1752 4611 discrimen,
1776 4542 1878 4597 sed
1902 4542 1973 4598 ob

311 4631 840 4702 trangressionem,
892 4631 1087 4688 locum
1137 4632 1595 4688 comminationi
1641 4631 1967 4701 pra’bente.

313 4720 709 4778 Combeﬁsius
740 4721 866 4794 (b):
891 4721 1097 4779 Stoica
1139 4724 1545 4792 peccatorum,
1586 4723 1827 4778 auctori
1871 4738 1970 4779 as-

310 4815 492 4881 serta,
538 4811 881 4883 aequalitas,
924 4812 1283 4883 cautiusque
1325 4816 1381 4867 et
1441 4812 1566 4867 alia
1614 4825 1785 4879 vena,
1826 4828 1972 4885 quos

310 4900 711 4957 Hermantius
740 4902 915 4972 quasi
933 4902 1294 4971 afﬁnes,aut
1319 4902 1500 4958 etiam
1526 4902 1844 4972 rigidiorcs
1863 4919 1971 4959 suo

312 4989 413 5047 hic
439 4990 701 5062 Basilio,
734 4991 987 5048 adducit
1008 4994 1251 5048 Patres.
1278 4994 1403 5062 Ego
1434 5006 1504 5047 ea
1526 4992 1587 5047 in
1617 5008 1679 5048 re
1710 4997 1769 5048 et
1808 5009 1843 5049 a
1871 4993 1970 5050 Til-

308 5079 599 5137 lemontio
621 5080 842 5155 (c),qui
871 5084 1061 5139 totam
1083 5080 1243 5137 hanc
1268 5081 1563 5152 regulam,
1580 5083 1840 5154 exceptis
1868 5082 1967 5138 tri-

308 5167 426 5227 bus
454 5168 665 5243 primis
687 5169 981 5239 versibus,
1001 5185 1210 5227 veram
1232 5175 1630 5244 sanctamque
1659 5186 1730 5228 ac
1750 5171 1968 5228 miram

381 5355 432 5392 ‘°
465 5356 640 5415 Joan.
667 5371 792 5429 vm,
821 5357 915 5417 34.
992 5357 1038 5396 ιι
1078 5359 1250 5417 Joan.
1284 5374 1364 5430 ιη,
1393 5362 1486 5418 36.

378 5544 460 5688 ἔα)
500 5543 645 5602 Can.
676 5549 741 5603 14
769 5546 952 5603 Conc.
975 5549 1122 5604 tom.
1157 5548 1227 5603 II.

404 5618 461 5688 b)
501 5615 715 5675 Comb.
746 5618 808 5675 in
836 5619 985 5679 Bas.
1014 5622 1165 5677 tom.
1195 5622 1227 5676 ll

404 5618 461 5689 b)
501 5615 715 5675 Comb.
746 5618 808 5675 in
836 5619 985 5679 Bas.
1014 5622 1165 5677 tom.
1195 5621 1263 5689 ll,
1295 5632 1439 5691 pag.
1466 5622 1592 5690 223,

2083 4557 2196 4598 nos
2245 4540 2668 4605 dominamur;
2702 4541 2816 4597 hoc
2863 4546 2972 4604 est,
3015 4540 3134 4597 alia
3167 4556 3392 4610 magna
3429 4545 3588 4610 sunt,
3621 4539 3740 4595 alia

2082 4646 2293 4704 parva.
2321 4633 2446 4686 lmo
2485 4631 2808 4687 dilucidius
2841 4632 3018 4687 etiam
3046 4631 3175 4686 haec
3203 4636 3591 4703 peccatorum
3623 4629 3742 4684 dis-

2084 4722 2286 4778 tinctio
2315 4726 2567 4793 apparet
2595 4737 2663 4777 ex
2688 4721 2779 4776 his
2811 4737 2945 4792 quas
2978 4726 3313 4793 sequuntur
3334 4719 3553 4775 verbis.
3581 4720 3738 4786 Qua~

2076 4818 2331 4883 propter
2387 4826 2533 4882 erga
2587 4826 2998 4883 quemcunque
3056 4813 3467 4881 cujuscunque
3507 4812 3742 4881 generis

2076 4908 2391 4973 peccatum
2410 4901 2825 4957 admittentem
2856 4900 3220 4957 servandum
3253 4905 3339 4956 est
3361 4904 3733 4969 praeceptum

2080 4993 2342 5059 Domini,
2365 4993 2489 5063 qui,
2513 4996 2620 5046 etc.
2648 4993 2794 5046 Nam
2816 4990 2931 5046 hoc
2954 4989 3139 5045 modo
3159 4989 3264 5061 qui
3290 4989 3577 5061 loquitur,
3600 5005 3737 5062 pec-

2081 5088 2219 5138 cata
2268 5081 2475 5137 omnia
2518 5080 2699 5136 unius
2744 5085 2802 5135 et
2849 5080 3120 5151 ejusdem
3161 5078 3396 5149 generis
3434 5096 3568 5135 esse
3612 5094 3737 5134 non

2079 5175 2273 5245 putat,
2297 5170 2403 5227 sed
2429 5169 2775 5243 multiplicis
2799 5187 2811 5225 :
2844 5185 2982 5226 cum
3006 5186 3125 5226 vox
3154 5169 3552 5241 quodcunque
3575 5184 3648 5226 ex
3674 5184 3737 5225 se

1563 5360 1610 5397 ⁴²
1650 5360 1849 5419 Matth.
1879 5377 2034 5429 xvut,
2068 5366 2153 5418 l5.

2060 5626 2063 5629 _
2144 5550 2214 5621 (c)
2268 5550 2366 5607 Vie
2394 5549 2466 5605 de
2494 5549 2560 5606 S.
2588 5547 2815 5617 Basile,
2842 5562 2901 5623 p.
2931 5550 3058 5604 642.
