4092 6382
291 270 398 323 117

1814 261 2199 319 ΡΗᾹΞΡΑΤΙΟ.

3628 270 3729 324 118

285 389 599 464 multiplex
629 389 927 463 quiddam
955 393 1013 447 et
1040 390 1276 448 varium
1305 389 1624 461 signiﬁcet.
1655 388 1951 444 Praeterea
1981 385 2030 440 Α
2064 387 2513 446 mentaetcerta
2534 389 2953 446 etindubitata
2972 389 3032 446 in
3046 391 3287 461 Regulis
3309 394 3540 448 exstare
3556 393 3730 462 (c),ut

283 496 429 536 cum
479 480 734 537 Basilius
771 480 854 536 ita
894 480 1132 536 locutus
1169 485 1278 552 est,
1345 497 1396 537 sa
1430 495 1692 550 parvum
1724 485 1781 536 et
1830 491 1954 533 ma-

282 586 474 641 gnum
497 571 696 628 dicere
715 569 885 626 nobis
909 572 1105 638 liceat,
1129 586 1254 627 non
1275 571 1521 644 proprie
1543 569 1840 650 dubitavit
1870 582 1951 624 an

281 660 406 717 alia
423 666 678 735 peccata
700 677 930 731 magna
948 665 1169 730 essent,
1189 661 1308 717 alia
1329 677 1545 734 parva:
1571 660 1677 716 sed
1699 656 1953 716 credidit

281 752 498 807 omnia
529 755 781 824 peccata
803 766 1032 821 magna
1052 751 1171 807 dici
1210 767 1408 824 posse,
1443 751 1493 806 si
1516 754 1817 823 spectetur
1845 750 1951 821 qui

283 840 616 896 otfenditur
634 841 821 896 Deus:
843 840 1011 913 quod
1033 857 1155 896 non
1176 839 1431 913 impedit
1449 840 1598 913 quin
1619 839 1811 896 multa
1832 839 1950 895 sint

279 945 498 1003 parva,
531 929 579 986 si
611 946 752 986 cum
783 930 1165 1000 gravioribus
1203 935 1653 1003 comparentur.
1679 930 1948 1002 Denique

279 1019 494 1076 omnia
533 1019 716 1075 simul
756 1018 1104 1076 Combeﬁsii
1126 1023 1508 1090 argumenta,
1531 1036 1669 1092 qua
1693 1019 1772 1075 ad
1811 1034 1948 1074 sen-

279 1107 850 1182 tentias,pertinent,
876 1109 1137 1164 arbitror
1161 1108 1333 1165 facile
1357 1107 1506 1164 solvi
1537 1124 1720 1180 posse
1742 1106 1820 1165 ab
1850 1123 1942 1176 eo,

277 1198 385 1272 qui
407 1199 684 1255 universe
705 1198 863 1254 dicet
881 1197 1051 1254 aliter
1073 1197 1418 1255 locuturum
1441 1197 1629 1254 fuisse
1651 1197 1945 1254 Basilium

277 1286 328 1344 si
357 1291 465 1344 aut
487 1287 567 1344 ad
596 1287 942 1360 episcopos,
962 1291 1065 1344 aut
1086 1287 1164 1344 ad
1187 1287 1336 1344 alios
1357 1287 1603 1361 quosvis
1634 1287 1944 1360 perspica-

275 1375 469 1432 ciores
507 1375 668 1432 viros
709 1376 1085 1449 scripsisset;
1130 1392 1242 1434 nec
1280 1377 1505 1433 mirum
1537 1393 1688 1444 esse,
1722 1376 1770 1432 si
1802 1392 1942 1432 cum

275 1465 393 1522 sibi
415 1481 616 1522 sermo
642 1472 803 1522 esset
841 1482 982 1522 cum
1016 1467 1357 1535 monachis,
1380 1466 1497 1522 hoc
1527 1471 1640 1538 est,
1673 1483 1813 1522 cum
1851 1467 1942 1523 in-

275 1555 488 1626 genuis
509 1570 580 1612 ac
604 1555 982 1628 simplicibus
1002 1555 1380 1622 hominibus;
1404 1557 1607 1612 minus
1631 1556 1704 1612 de
1726 1557 1941 1613 verbo-

273 1660 407 1701 rum
448 1644 684 1702 delectu
705 1646 946 1715 curarit,
972 1647 1160 1703 modo
1188 1663 1290 1703 eos
1321 1647 1400 1702 ad
1433 1646 1691 1703 salutem
1722 1647 1938 1720 perdu-

2063 474 2144 531 ob
2165 476 2447 548 exiguam
2468 479 2531 535 in
2551 495 2674 534 una
2694 495 2758 534 re
2779 478 3336 537 dissimilitudinem
3361 498 3464 538 eas
3485 499 3728 555 suspec-

2063 569 2154 622 tas
2193 567 2406 623 haberi
2433 585 2679 641 aequum
2709 584 2834 624 non
2865 569 2958 632 sit,
3003 585 3144 624 cum
3183 571 3335 626 ratio
3355 572 3637 643 postulet,
3661 576 3726 630 ut

2060 656 2329 729 plurium
2371 658 2702 714 similitudo
2753 658 2932 714 unius
2982 659 3496 728 dissimilitudine,
3530 678 3723 735 eaque

2055 746 2383 818 levissima,
2405 749 2606 820 potior
2639 749 2966 820 judicetur.
3012 749 3301 817 Alterum,
3327 751 3459 820 ejus
3484 752 3722 822 generis

2058 837 2349 894 adverbia
2376 855 2500 895 non
2522 839 2606 896 ita
2624 839 2966 912 frequentia
2992 855 3144 905 esse,
3166 845 3230 896 ut
3249 845 3574 913 propterea
3594 859 3721 897 sus-

2054 927 2213 999 picio
2243 928 2450 1002 aliqua
2489 929 2750 985 suboriri
2776 929 2990 985 merito
3021 929 3231 1000 possit.
3267 933 3417 986 Cum
3457 930 3618 986 enim
3657 931 3719 985 in

2053 1018 2327 1090 utrisque
2366 1019 2605 1090 Regulis
2634 1035 2758 1076 non
2782 1019 3068 1092 amplius,
3101 1020 3338 1092 opinor,
3362 1020 3717 1093 quindecies

2051 1108 2479 1177 adhibeantur,
2498 1125 2680 1166 nemo
2703 1111 2832 1176 erit,
2861 1109 2986 1183 qui,
3011 1109 3060 1165 si
3090 1111 3290 1182 operis
3313 1110 3716 1183 prolixitatem

2051 1197 2409 1266 consideret,
2439 1214 2640 1271 pauca
2668 1215 2741 1256 ea
2760 1215 2892 1255 esse
2912 1215 3036 1255 non
3057 1205 3322 1257 censeat.
3339 1199 3718 1272 Complectar

2050 1287 2260 1344 omnia
2284 1304 2407 1344 uno
2431 1288 2632 1345 verbo.
2648 1289 2792 1358 Etsi,
2813 1292 2878 1344 ut
2899 1304 3042 1344 mox
3061 1288 3345 1360 vidimus,
3369 1289 3505 1360 styli
3527 1289 3712 1345 solius

2047 1378 2201 1435 ratio
2222 1378 2782 1448 haberetur,tamen
2799 1379 3060 1450 Regulas
3085 1380 3270 1436 tribui
3298 1379 3517 1436 Basilio
3540 1395 3715 1452 opor-

2047 1466 2216 1533 teret,
2236 1481 2376 1520 cum
2397 1481 2590 1537 parva
2610 1464 2820 1538 aliqua
2837 1464 2900 1520 in
2925 1481 3050 1520 una
3070 1481 3135 1520 re
3155 1465 3566 1538 discrepantia
3587 1481 3713 1523 ma-

2048 1569 2182 1623 gnae
2203 1553 2264 1610 in
2286 1554 2513 1610 caeteris
2535 1553 3154 1611 concensionicederc
3175 1554 3586 1612 debeat.Nunc
3607 1571 3713 1610 au-

2045 1651 2168 1701 tem
2191 1661 2331 1702 cum
2354 1651 2568 1718 praeter
2583 1661 2877 1716 magnam
2898 1645 3064 1702 illam
3087 1646 3224 1718 styli
3243 1647 3305 1701 in
3327 1646 3555 1703 caeteris
3571 1661 3711 1703 con-

275 1739 446 1791 ceret.
493 1735 583 1790 Ad
617 1741 831 1792 caetera
869 1751 1146 1807 pergam,
1188 1737 1236 1791 si
1267 1737 1438 1809 prius
1470 1753 1767 1793 monuero
1818 1736 1936 1794 alia
1968 1743 2014 1799 Β
2046 1734 2392 1791 sensionem
2427 1740 2755 1807 suppetant
2786 1734 2977 1792 multa
3007 1735 3127 1793 alia
3156 1741 3535 1806 argumenta.
3577 1752 3711 1808 par-

271 1823 555 1896 quaadam
576 1823 733 1887 loca,
748 1840 886 1896 quae
908 1825 1133 1894 negotii
1148 1824 1376 1898 aliquid
1391 1825 1757 1881 Combeﬁsio
1775 1826 1938 1882 exhi-

272 1911 549 1980 buerant,
572 1913 634 1968 in
663 1912 814 1968 notis
835 1912 1141 1972 illustrari.
1168 1915 1534 1986 Quanquam
1559 1914 1742 1984 igitur
1764 1917 1936 1972 Com-

267 1999 514 2057 beﬁsius
537 2017 784 2058 omnem
804 2018 983 2057 suam
1001 2018 1252 2075 operam
1274 2003 1332 2058 in
1351 2019 1422 2059 eo
1441 2004 1741 2076 posuit,ut
1762 2003 1936 2058 doce-

265 2097 354 2147 ret
385 2091 750 2162 Regularum
778 2091 1116 2148 doctrinam
1148 2092 1327 2149 talem
1360 2109 1515 2160 esse,
1539 2109 1676 2165 quae
1705 2093 1766 2149 in
1796 2110 1934 2150 san-

261 2181 606 2238 ctissimum
638 2180 829 2237 virum
856 2181 1146 2238 Basilium
1168 2183 1492 2239 convenire
1525 2199 1646 2239 non
1677 2187 1882 2256 posset
1915 2205 1928 2240 :

257 2275 465 2328 tamen
498 2271 811 2327 adnotavit
831 2271 1012 2344 quasi
1033 2272 1406 2344 praeteriens,
1426 2272 1788 2341 Regularum
1811 2278 1928 2344 sty-

259 2360 394 2417 lum
414 2375 448 2416 a
471 2360 670 2417 Basilii
690 2361 846 2432 stylo
868 2366 1071 2433 aperte
1093 2362 1354 2418 differre.
1381 2363 1563 2434 Cujus
1585 2364 1927 2432 argumenti

270 2451 362 2505 vis
394 2453 455 2505 ut
491 2449 685 2519 magis
712 2450 1101 2519 intelligatur,
1125 2451 1304 2506 altius
1325 2452 1654 2524 repetenda
1686 2469 1781 2507 res
1811 2457 1921 2508 est.

269 2539 598 2595 Meminisse
620 2554 762 2608 ergo
779 2540 977 2610 juvat,
1004 2541 1150 2596 satis
1173 2557 1332 2614 saepe
1354 2541 1438 2597 ita
1469 2542 1839 2614 Scripturam
1861 2543 1922 2598 in

263 2627 496 2698 Regalis
519 2629 708 2700 citari,
727 2637 788 2685 ut
807 2629 1096 2702 quaedam
1118 2631 1409 2688 adverbia
1431 2636 1692 2704 praeant;
1715 2632 1922 2705 qualia

253 2723 400 2774 sunt
435 2720 735 2792 ὁριστικῶς,
765 2716 1290 2795 δυσωπητικώτερον,
1332 2722 1641 2788 καθολικῶς,
1667 2728 1723 2779 et
1754 2724 1919 2794 ejus-

249 2807 414 2863 modi
436 2808 573 2878 alia,
595 2825 734 2882 quae
778 2810 834 2865 in
859 2811 1275 2882 superioribus
1299 2814 1376 2875 (a)
1405 2812 1605 2868 videre
1643 2813 1832 2868 cuivis
1851 2812 1915 2869 li-

246 2901 356 2952 cet.
376 2901 493 2953 Hoc
513 2897 696 2968 igitur
709 2915 848 2955 cum
861 2900 1383 2956 animadvertisset
1397 2901 1908 2963 Combeﬁsius(b).

233 2984 325 3041 ita
347 2987 587 3059 scripsit
612 3006 624 3044 :
647 2989 972 3058 A/I‘ectatio
1017 2991 1358 3047 istiusmodi
1385 2992 1760 3061 adjectorum
1801 3007 1910 3048 au-

2045 1825 2150 1882 tim
2172 1841 2204 1881 e
2226 1825 2482 1895 ratione,
2506 1825 2729 1898 partim
2751 1842 2782 1882 e
2803 1831 3075 1882 veterum
3107 1826 3470 1899 scriptorum
3501 1831 3706 1883 aucto-

2043 1916 2217 1972 ritate
2237 1916 2441 1990 petita,
2461 1931 2492 1972 e
2513 1917 2738 1990 quibus
2761 1931 2885 1972 non
2905 1915 3163 1973 obscure
3185 1916 3522 1972 ostenditur
3541 1915 3708 1973 Basi-

2040 2007 2191 2064 lium
2211 2007 2578 2078 Regularum
2599 2023 2808 2063 verum
2828 2013 3145 2080 parentem
3165 2024 3318 2073 esse,
3336 2007 3561 2063 nemini
3583 2007 3707 2064 ulla

2041 2115 2230 2156 causa
2255 2115 2386 2155 esse
2424 2103 2645 2172 potest,
2680 2115 2788 2154 cur
2811 2098 2876 2154 id
2917 2114 3075 2170 opus
3105 2099 3276 2155 alteri
3309 2099 3572 2156 ascribat
3601 2100 3703 2172 (d).

2040 2194 2123 2246 Ex
2163 2189 2385 2262 quibus
2441 2187 2728 2244 omnibus
2775 2187 3108 2258 intelligere
3164 2188 3324 2252 licet,
3365 2188 3700 2257 Ἀσκητικόν,

2037 2279 2205 2353 quod
2225 2283 2469 2345 vocant,
2486 2277 2564 2334 ad
2587 2278 2881 2336 Basilium
2903 2283 3097 2334 totum
3119 2279 3572 2351 pertinere,hoc
3593 2283 3699 2348 est,

2033 2370 2269 2427 libellos
2293 2371 2377 2425 De
2387 2368 2623 2440 judicio
2641 2370 2752 2424 Dei
2766 2372 2823 2424 et
2837 2369 2924 2424 De
2941 2370 3082 2438 ﬁde,
3099 2369 3342 2425 Moralia
3361 2374 3417 2424 et
3437 2369 3699 2440 [tegulas

2034 2468 2162 2519 tam
2198 2459 2507 2516 breviores
2545 2474 2735 2530 quam
2772 2458 3098 2530 longiores.
3134 2462 3197 2515 Et
3234 2460 3487 2533 quando
3518 2476 3695 2530 argue

2032 2555 2239 2608 menta
2257 2549 2468 2614 multa,
2491 2564 2629 2621 quae
2667 2553 2891 2604 nostrae
2933 2550 3242 2606 sententia:
3265 2550 3577 2606 adversari
3607 2551 3696 2606 vi-

2030 2643 2309 2708 deantur,
2334 2638 2615 2709 colligere
2639 2637 2823 2694 semel
2846 2639 3024 2712 ccepi,
3045 2656 3393 2713 proponam
3415 2645 3472 2696 et
3502 2639 3692 2711 aliud,

2027 2735 2196 2807 quod
2234 2740 2292 2792 et
2327 2736 2532 2807 ipsum
2570 2745 2818 2805 quoque
2837 2731 3134 2786 momenti
3155 2730 3486 2803 plurimum
3507 2734 3689 2804 atque

2022 2824 2253 2881 roboris
2278 2825 2504 2882 habere
2543 2825 2621 2882 ab
2661 2822 2969 2898 aliquibus
2989 2820 3152 2877 credi
3174 2821 3385 2893 possit.
3411 2823 3686 2876 Fortasse

2021 2914 2206 2984 igitur
2225 2915 2385 2972 dicet
2405 2915 2643 2988 aliquis,
2671 2913 2978 2982 Basilium,
3001 2917 3245 2969 auctore
3268 2911 3552 2981 Gregorio
3574 2914 3683 2966 Na-

2017 3005 2304 3060 zianzeno
2343 3007 2440 3075 (e),
2465 3004 2788 3077 gymnasia
2827 3007 2884 3059 et
2912 3004 3306 3064 monasteria,
3345 3001 3408 3055 in
3453 2999 3678 3072 quibus

237 3079 754 3148 ctoripropria,et
780 3080 1072 3137 librorum
1110 3081 1184 3137 de
1228 3082 1534 3155 Baptismo
1571 3085 1642 3139 iis
1681 3085 1902 3154 ignota,
1933 3103 1976 3156 ο
2017 3095 2400 3150 anachoretas
2422 3091 3168 3158 habitarent,exstruenda
3187 3106 3460 3154 curasse;
3489 3089 3568 3144 ob
3588 3089 3678 3145 id-

231 3182 363 3258 quw
380 3169 554 3258 nulio
575 3171 864 3258 scrupulo
887 3171 1144 3227 audi-unt
1162 3173 1632 3244 Basiliana.Ego
1651 3174 1902 3246 quidem
2011 3200 2132 3258 que
2153 3184 2271 3240 dici
2291 3183 2458 3240 nullo
2481 3183 2667 3240 modo
2678 3198 2861 3257 posse
2880 3181 3244 3252 Regularum
3265 3184 3595 3248 auctorem,
3611 3179 3671 3234 in

226 3254 537 3346 ejusmodi
576 3256 867 3313 adverbia
906 3258 965 3314 in
1003 3259 1248 3332 reliquis
1279 3261 1474 3317 Basilii
1511 3261 1743 3334 scriptis
1775 3279 1900 3320 non
2006 3254 2230 3346 (imbus
2255 3274 2405 3330 illud
2444 3254 3056 3344 vivendi'jnﬁututum
3077 3270 3342 3327 maxime
3365 3270 3668 3341 vitupera-

221 3343 450 3414 1681538
488 3361 586 3436 m9
625 3346 854 3436 falle?“
890 3347 991 3402 sed
1029 3349 1230 3404 statim
1266 3350 1346 3405 0b
1379 3355 1501 3406 tam
1531 3351 1727 3407 levem
1760 3368 1899 3408 0811-
2005 3343 2122 3422 tur.
2148 3368 2385 3420 Falerer
2405 3364 2657 3436 quidem
2678 3362 2741 3419 id
2775 3343 3207 3434 argumentum
3230 3359 3490 3416 multum
3511 3359 3671 3416 vale-

215 3450 357 3490 Sam
384 3433 647 3503 38311133
668 3435 728 3490 in
751 3435 1008 3492 dUbium
1031 3439 1303 3494 revocari
1325 3455 1503 3511 POSSe
1523 3457 1702 3509 11980-
1731 3443 1892 3497 seire
1999 3469 2086 3524 re,
2111 3453 2180 3521 si,
2204 3433 2570 3525 Regularum
2611 3433 3100 3525 scriptoromnes
3130 3451 3382 3508 omnino
3404 3450 3664 3506 anacho-

215 3525 384 3616 εξζιίω
416 3529 674 3616 ῼΡοΓῐΘῐ,
699 3525 923 3616 stylum
964 3525 1286 3598 Pallllllum
1312 3529 1541 3584 variare
1581 3546 1690 3602 PFO
1723 3531 1888 3588 vario
1995 3549 2156 3599 retos
2176 3543 2715 3616 reprehendendos
2735 3543 3093 3598 censuisset:
3120 3543 3228 3597 sed
3257 3558 3382 3597 non
3402 3541 3484 3598 ita
3505 3558 3656 3609 esse,

214 3613 463 3670 dicendi
485 3630 736 3684 genere;
779 3615 858 3671 0b
879 3616 1065 3689 idque
1088 3617 1310 3673 mirum
1342 3618 1525 3674 Videri
1559 3635 1682 3674 non
1703 3620 1885 3676 debe‘
1995 3648 2067 3688 ex
2104 3613 2263 3704 ipsis
2295 3631 2532 3702 Regulis
2552 3632 2868 3688 discimus.
2895 3635 3041 3688 Cum
3063 3632 3225 3688 enim
3247 3635 3458 3688 auctor
3480 3632 3657 3687 dixis-

210 3719 297 3773 re,
322 3704 372 3760 si
404 3703 771 3773 Regularum
805 3706 998 3778 stylus
1039 3723 1076 3762 a
1113 3707 1486 3779 reliquorum
1518 3709 1880 3781 scriptorum

2025 3726 2101 3777 et.
2126 3703 2226 3776 vix
2247 3721 2308 3776 in
2330 3720 2653 3776 solitudine
2674 3720 2921 3792 reperiri
2941 3736 3334 3792 quemquam,
3357 3720 3461 3792 qui
3482 3720 3656 3777 corri-

209 3792 370 3884 Slylo
405 3793 632 3884 saligna
661 3794 723 3849 in
748 3810 812 3850 ΥΘ
837 3794 1157 3868 discrepet
1201 3799 1346 3853 Cum
1370 3797 1552 3868 igitur
1576 3799 1880 3869 ejusmOdi
1987 3817 2186 3884 gatur,
2209 3828 2348 3867 cum
2370 3825 2550 3866 nemo
2573 3810 2666 3879 sit,
2691 3811 2795 3883 qui
2817 3809 3098 3880 corrigat,
3120 3809 3205 3865 ita
3226 3810 3460 3882 scripsit
3499 3814 3646 3882 (reg.

203 3879 640 3937 adverbiorum
682 3899 826 3938 usus
847 3899 1044 3955 neque
1076 3883 1156 3940 ad
1195 3885 1545 3955 oratorium,
1567 3903 1766 3960 neque
1796 3889 1875 3944 ad

2037 3901 2182 3972 maj.
2208 3916 2270 3956 n.
2297 3901 2344 3972 1)
2372 3899 2499 3954 εὊν
2541 3899 2622 3953 ἐπὶ
2662 3909 2757 3960 τῆς
2794 3906 3067 3972 μονώσεως
3106 3899 3265 3972 εὑρεῖν
3311 3900 3522 3972 ἄπηρον,
3571 3903 3643 3970 μὴ

202 3971 622 4061 epistolarem,
655 3989 853 4046 neque
884 3974 963 4030 ad
983 3974 1400 4046 dogmaticum
1430 3977 1655 4050 stylum
1695 3979 1871 4051 perti-

2022 3991 2332 4061 ροενωθέντα
2352 3990 2486 4040 κατὰ
2506 3991 2590 4040 τὸν
2615 3987 2752 4061 βίον,
2777 3990 2910 4040 ὥστε
2934 3987 3233 4060 συμϐαίνειν
3257 3988 3396 4059 αὐτ-ῳ
3417 3991 3475 4038 τὸ
3506 3987 3644 4061 εἰρη-

201 4065 365 4129 neat,
391 4077 463 4116 ea
509 4060 803 4118 adhibere
847 4078 972 4118 non
1020 4065 1236 4136 potuit,
1284 4082 1396 4122 nec
1443 4066 1651 4123 debuit
1696 4071 1864 4124 Basi-
1979 4060 2326 4136 μένονέχεῖνο,
2353 4079 2486 4130 οὐαὶ
2508 4099 2578 4131 τω
2599 4060 2691 4136 ἐνὶ,
2717 4082 2796 4131 ὅτι
2835 4077 2917 4131 ἐὰν
2957 4083 3113 4136 πέση,
3139 4060 3213 4129 οὑξ

195 4147 338 4217 lius,
363 4165 507 4206 cum
547 4157 652 4207 aut
689 4152 1174 4223 concionaretur,
1197 4156 1609 4228 autepistolas
1649 4158 1867 4214 scribe-

195 4246 306 4308 ret,
332 4246 442 4296 aut
461 4240 884 4298 haereticorum
907 4259 1142 4299 errores
1165 4247 1500 4303 confutaret
1539 4265 1552 4304 :
1596 4249 1703 4304 sed
1724 4265 1864 4305 cum
1974 4240 2300 4315 solitudine
2337 4261 2603 4328 reperire
2659 4259 3093 4328 difﬁcillimum
3160 4249 3434 4324 cst,nz‘sz'
3461 4240 3637 4327 ρνηξε

195 4330 291 4420 νίιῖ
310 4347 613 4420 ,δυωωιὲε
637 4331 716 4387 ad
738 4331 904 4387 ἃῙίυά
926 4334 1230 4391 scribendi
1250 4352 1442 4406 genus
1465 4338 1736 4394 animum
1760 4355 1864 4413 ίῳ-
1974 4349 2038 4404 in
2088 4351 2224 4407 vita:
2242 4351 2581 4407 societatem
2632 4351 2826 4420 fuerit
2857 4351 3205 4420 adjunctus,
3246 4352 3434 4410 Quare
3475 4352 3630 4406 acci-

189 4419 478 4514 pulisset,
518 4419 826 4514 librosque
867 4422 1161 4514 asceticos
1200 4426 1496 4482 conﬁcere
1535 4429 1857 4498 statuisset,
1888 4459 1935 4514 Β
1974 4439 2062 4495 dit
2082 4441 2139 4495 ei
2164 4441 2326 4511 quod
2345 4441 2568 4498 dictum
2609 4419 2730 4496 est:
2760 4463 2784 4490 «ι
2821 4440 2908 4496 Vae
2927 4419 3054 4505 uni,
3077 4442 3220 4512 quia
3239 4442 3293 4495 si
3329 4441 3628 4511 ceciderit,

1977 4082 2125 4150 μένον
2148 4077 2326 4146 ἐκεῖνο,
2353 4079 2486 4130 Οὐαὶ
2508 4099 2578 4151 τῳ
2599 4079 2691 4146 ἐνὶ,
2717 4082 2796 4131 ὅτι
2835 4077 2917 4131 ἐὰν
2957 4083 3113 4151 πέσῃ,
3139 4078 3231 4129 οὐκ
3271 4081 3408 4130 ἔστιν
3449 4080 3473 4130 ὁ
3506 4077 3642 4150 ἐγεί-

1974 4187 2077 4242 ρων
2110 4168 2283 4222 αὐτόν.
2317 4170 2524 4225 Talem
2548 4174 2748 4224 autem
2771 4169 2902 4240 [qui
2928 4169 3200 4224 videlicet
3240 4167 3639 4243 corrigatur],

190 4509 534 4565 orationem
548 4526 723 4566 suam
737 4509 817 4565 ad
830 4511 1145 4568 utilitatem
1160 4529 1659 4589 eorum,quorum
1675 4534 1860 4575 causa

191 4598 524 4666 scribebat,
568 4601 1038 4657 accommodare
1088 4619 1337 4660 necesse
1380 4606 1618 4664 habuit.
1661 4611 1859 4674 Quare

188 4703 330 4744 cum
351 4689 713 4760 hujusmodi
752 4690 1041 4747 adverbia
1080 4693 1153 4748 ad
1181 4694 1356 4751 tarda
1376 4695 1696 4754 hominum
1719 4699 1858 4754 sim-

181 4777 442 4850 plicium
493 4777 740 4848 ingenia
781 4784 1232 4840 commovenda
1275 4785 1606 4858 plurimum
1653 4789 1854 4846 valere

185 4872 477 4928 cerneret,
504 4867 579 4923 iis
619 4868 734 4924 sibi
772 4871 1068 4928 utendum
1107 4889 1240 4930 esse
1262 4875 1531 4948 credidit,
1557 4882 1852 4936 uteorum

184 4957 430 5013 animos
469 4958 669 5029 magis
709 4975 780 5014 ac
820 4962 1015 5032 magis
1036 4964 1344 5024 excitaret.
1370 4967 1484 5023 Sed
1504 4969 1581 5024 ad
1604 4985 1850 5027 omnem

181 5046 629 5103 dubitationem
655 5048 982 5106 tollendam
1005 5051 1128 5108 duo
1169 5060 1458 5126 praeterea
1479 5060 1851 5128 considerati

179 5135 337 5194 volo.
380 5137 676 5203 Primum,
718 5142 844 5194 tam
888 5141 1082 5198 multa
1122 5142 1411 5202 Basiliani
1455 5149 1596 5222 styli
1631 5167 1847 5210 monu-

252 5299 299 5335 ¹⁰³
339 5297 539 5356 Eccle.
561 5315 634 5368 iv,
662 5303 746 5356 10.

247 5461 329 5602 (αξ
373 5463 515 5531 Leg.
544 5476 608 5517 n.
640 5459 731 5518 38.

248 5533 307 5600 (ὁ
371 5533 640 5590 Combef.
677 5539 731 5592 to

248 5533 329 5611 (ὁ)
369 5533 648 5611 _Combef.
671 5539 822 5611 tom.
849 5539 913 5604 ll,
937 5552 999 5611 p.
1031 5542 1152 5610 162,

249 5606 326 5678 (e)
369 5607 508 5676 Leg.
533 5621 593 5661 n.
626 5609 716 5664 42.

1971 4546 2092 4587 non
2125 4537 2208 4587 est
2231 4532 2336 4604 qui
2355 4533 2549 4603 erigat
2577 4546 2710 4588 eum
2733 4532 2800 4583 ‘3.
2832 4553 2858 4582 »
2882 4534 2964 4586 Ex
2994 4532 3214 4604 quibus
3233 4530 3626 4603 perspicuum

1970 4624 2058 4676 est
2085 4636 2206 4676 non
2231 4636 2445 4677 omnes
2483 4620 2884 4678 anachoretas
2913 4637 2951 4678 a
2978 4621 3346 4691 Regularum
3377 4627 3622 4678 auctore

1965 4709 2340 4783 vituperatos
2362 4725 2513 4778 esse,
2538 4709 2648 4766 sed
2676 4726 2778 4766 eos
2803 4725 2978 4782 unos,
3009 4710 3114 4784 qui
3142 4726 3264 4766 non
3297 4710 3464 4782 prius
3495 4728 3622 4769 sese

1965 4799 2044 4856 ad
2075 4800 2358 4856 virtutem
2381 4799 2442 4856 in
2464 4800 2742 4857 sodalitio
2773 4800 3200 4857 exercuissent.
3239 4801 3405 4867 Quod
3440 4801 3621 4871 igitur

1963 4889 2043 4946 ait
2065 4890 2381 4960 Gregorius
2407 4890 2831 4954 Nazianzenus,
2853 4890 3133 4948 Basilium
3175 4891 3455 4963 quaedam
3489 4891 3618 4962 pie-

1960 4979 2096 5035 tatis
2128 4980 2452 5052 gymnasia
2468 4983 2972 5038 anachoretarum
2995 4998 3179 5039 causa
3190 4983 3614 5046 construxisse,

1958 5068 2020 5124 id
2050 5069 2218 5126 nullo
2249 5070 2434 5127 modo
2461 5087 2601 5128 cum
2623 5071 2868 5143 Regulis
2899 5077 3156 5146 pugnat,
3183 5089 3322 5128 cum
3364 5072 3426 5128 in
3463 5072 3612 5145 ipsis

1957 5158 2206 5233 aliquod
2235 5159 2742 5219 anachoretarum
2768 5178 2962 5234 genus
2992 5162 3307 5220 manifeste
3339 5178 3616 5236 compro-

2030 5466 2110 5542 (ιι)
2151 5467 2291 5542 Leg.
2321 5481 2383 5525 n.
2411 5469 2481 5526 39
2511 5471 2570 5542 et
2597 5484 2726 5542 seq.

2029 5537 2104 5611 (e)
2145 5537 2254 5597 Or.
2272 5542 2360 5612 20,
2393 5541 2583 5614 p.358
2613 5537 2825 5602 et'359.
