4092 6406
468 255 568 306 119

456 376 650 473 betur.
677 382 844 473 Nunc
874 389 1077 446 autem
1116 407 1387 468 causam,
1414 413 1521 456 cur
1553 404 1801 463 Basilius
1832 424 1956 473 eos,

453 466 754 569 privatam
774 472 962 532 vitam
988 482 1168 553 atque
1186 485 1516 546 solitariam
1539 509 1717 563 agere
1739 466 2107 573 statuissent,

453 555 714 657 prius-in
766 563 1047 624 sodalitio
1090 571 1293 645 aliquo
1325 584 1588 638 exerceri
1619 585 1814 657 vellet,
1845 555 2109 652 invenire

450 643 694 753 ditti‘cil‘e.
723 665 847 707 non
892 660 999 711 est.
1043 662 1127 716 Ita
1174 643 1335 720 enim
1369 671 1679 743 contingit,
1706 643 2108 753 ut’siquis-id

451 734 774 835 solitudine
819 751 1047 816 peccet,
1079 753 1462 814 meminisset
1509 764 1722 831 possit,
1755 773 1859 824 aut
1889 734 1970 835 se,
2004 779 2107 830 aut

448 822 616 931 alios,
635 827 714 927 ob
738 831 930 889 simile
979 837 1203 896 factum
1234 859 1270 899 a
1294 851 1616 920 praeposito
1648 854 1788 912 olim
1819 859 2106 931 redargu-

446 917 549 1012 tos.
577 915 813 1018 fuisse;
861 927 1042 1018 atque
1086 928 1203 986 hoc
1249 915 1448 1006 pacto,
1481 944 1546 995 ut
1575 957 1649 998 ne
1696 947 1958 1018 amplius
1991 915 2105 1008 {Si};

446 1001 787 1076 quidquam
820 1012 1117 1084 admittat,
1143 1035 1179 1074 a
1206 1037 1320 1077 sua
1369 1025 1558 1097 ipsius
1589 1001 1954 1093 conscientia
2003 1041 2106 1096 ad-

440 1361 578 1462 llaec
608 1371 810 1467 autem
844 1379 1051 1432 nostra
1090 1378 1416 1442 declaratio
1458 1361 1651 1461 ipsius
1691 1396 1955 1468 Gregorii
1986 1407 2098 1458 Ne-

438 1451 702 1551 aianzeni
725 1459 925 1516 verbis
945 1467 1210 1525 maxime
1232 1451 1648 1538 conﬁrmatur.
1665 1483 1751 1542 Ita
1774 1451 1936 1546 enim
1961 1495 2100 1551 scri-

435 1539 525 1596 bit
545 1543 628 1615 (α)
655 1562 668 1599 :
703 1553 805 1599 Τοῦ
827 1557 996 1603 τοίνυν
1021 1553 1272 1629 ἐρημικοῦ
1301 1562 1423 1634 βίον
1455 1573 1544 1621 καὶ
1565 1581 1656 1624 τοῦ
1677 1575 1907 1647 μιγάδος
1927 1604 2100 1656 μαχο-

440 1634 594 1656 --Δηην
642 1640 728 1656 κίε
806 1637 877 1656 ἐς
906 1641 945 1656 ,κ
1101 1651 1110 1656 .
1228 1654 1234 1656 _
1357 1654 1392 1656 _,

489 1634 500 1646 ’
719 1640 728 1653 ‘
1677 1634 1685 1647 ι
1747 1634 1760 1647 1
1893 1634 1905 1642 ¹
1927 1637 1934 1654 Ι
2003 1634 2069 1656 Ν-

433 1650 595 1704 μενων
635 1655 766 1709 προς
797 1637 1049 1707 ἀλλήλους
1086 1651 1154 1708 ὡς
1183 1654 1248 1703 τὰ
1286 1654 1466 1725 πολλὰ,
1498 1666 1585 1712 καὶ
1627 1660 2090 1742 ὃιισταμένων.....

435 1727 525 1773 καὶ
547 1725 766 1787 τούτους
787 1730 982 1803 ἄριστα
1002 1737 1316 1803 κατήλλαξεν
1341 1742 1580 1810 ἀλλήλοις
1610 1759 1699 1806 καὶ
1733 1725 2089 1834 συὲεκέρασεν·
2122 1771 2167 1826 Β

444 1808 458 1824 9
479 1829 570 1834 ..-Η
585 1819 638 1834 fit
837 1823 846 1834 ι
1104 1831 1112 1834 -
1259 1827 1276 1834 ⁸

1567 1808 1576 1810 -
1834 1808 2064 1834 ⁷“““Γ⁷“”-’

436 1808 740 1888 ἁσκητήρια
765 1823 853 1871 καὶ
883 1831 1214 1901 μοναστήρια
1246 1827 1557 1907 δειμάμενος
1585 1844 1695 1913 μὲν,
1731 1846 1788 1896 οὐ
1820 1851 1994 1924 πόῤῥω
2036 1852 2093 1909 δὲ

432 1907 534 1951 τῶν
578 1916 886 1958 κοινωνικῶν
935 1917 1023 1963 καὶ
1066 1916 1328 1988 μιγάδων,
1378 1922 1489 1978 οἶδὲ
1537 1931 1710 2006 ὥσπερ
1757 1907 1943 2009 τειγὲίέ)
1990 1963 2092 1997 τινι

439 1992 536 2012 ___’_
614 2011 618 2012 ν
686 2000 703 2008 υ
818 1992 839 2012 Ω
904 1997 1014 2012 Δις.
1278 2007 1288 2012 -
1341 2010 1351 2012 -
1403 2011 1408 2012 ,
1857 1997 1875 2009 ν
1916 1998 1922 2012 ι

489 1992 499 2005 1
1681 1992 1688 2006 Ι
1834 1992 1875 2009 I'
1916 1998 1922 2012 ‘
2000 1992 2008 1994 —
2029 1992 2059 1995 '—
2078 1992 2092 1997 ν

433 2009 577 2061 μεσῳ
608 2000 774 2046 ταῦτα
805 1992 1116 2071 διαϐάλλων,
1146 2011 1235 2060 καὶ
1267 2007 1353 2062 ἀπ’
1392 2011 1618 2074 ἀλλήλων
1657 2031 1920 2098 γωρίσας,
1967 2030 2092 2085 ἀλλὰ

440 2077 492 2098 ,K
590 2085 599 2098 ι
809 2087 819 2098 ¹
839 2085 848 2098 ¹
1028 2095 1036 2098 ⁸
1089 2089 1108 2098 ⁸
1181 2095 1189 2098 ⁸
1680 2081 1699 2092 υ

431 2077 654 2136 πλησίον
689 2085 926 2156 συνάψας
955 2095 1045 2143 καὶ
1077 2089 1376 2168 διαζεύξας,
1411 2109 1521 2160 etc.
1552 2077 1704 2167 020,7;
1728 2077 1920 2185 ilgl'ttt;
1944 2125 2088 2178 soli-

433 2169 594 2273 taria
614 2173 829 2273 vitm-et
850 2191 939 2273 ea,
955 2195 1089 2251 quae
1107 2188 1389 2246 societate
1405 2197 1652 2269 gaudet,
1669 2169 2086 2273 ut

429 2257 590 2313 inter
632 2276 694 2316 se
731 2263 1110 2339 dissiderent,
1137 2289 1208 2330 ac
1229 2257 1674 2349 pugnarent..:.
1700 2257 1861 2361 iplsas
1889 2257 2086 2360 tamen

425 2351 908 2460 praeda-winter
926 2373 988 2414 se
1007 2367 1444 2443 reconciliavit,
1471 2389 1544 2432 ac
1563 2351 1936 2457 permiscuit,
1965 2395 2087 2460 pie-

429 2438 571 2492 tatis
592 2442 878 2500 nimirum
917 2455 1239 2518 gymnasia
1276 2465 1331 2514 et
1370 2473 1738 2528 monasteria
1780 2438 2084 2552 extr-nens,

426 2542 549 2630 non
572 2535 771 2588 tamen
797 2536 967 2608 longo
989 2541 1316 2604 intervallo
1355 2552 1429 2607 ab
1467 2556 1561 2625 iis,
1585 2564 1692 2630 qui
1725 2566 1786 2622 in
1808 2535 2088 2633 sodatitio

426 2618 663 2733 vivn’nt,
679 2632 932 2724 remota,
953 2645 1060 2686 nec
1081 2636 1243 2692 velut
1263 2654 1436 2698 muro
1457 2618 1736 2718 quoniam
1776 2618 2089 2733 interfeci;

431 2722 502 2764 ea
541 2709 914 2784 distinguens
935 2725 1112 2791 atque
1132 2739 1168 2780 a
1198 2741 1258 2782 se
1279 2709 1531 2792 invicem
1551 2709 1861 2816 separans,

428 2813 620 2902 prope
650 2807 1018 2876 conjungens
1064 2827 1136 2868 ac
1173 2815 1480 2886 dirimens,
1513 2807 1622 2885 etc;
1655 2807 1886 2895 Etenim

433 2892 652 2965 cuique
681 2897 980 2966 conjicere
1017 2901 1176 2973 licet,
1206 2908 1489 2971 Basilium
1529 2919 1829 2990 ejusmodi
1853 2949 2094 2992 monas-

431 2981 582 3037 teria
605 2998 675 3039 eo
693 2986 944 3043 consilio
964 2989 1048 3046 ita
1070 2991 1470 3071 disposuisse,
1493 2981 1679 3083 ut'qui
1701 2981 2094 3082 anachoreta-

430 3085 568 3184 rum
586 3072 1149 3184 viven‘dirationem
1172 3089 1456 3160 amplecti
1497 3072 1804 3181 cuperent,
1833 3116 1998 3184 prius
2030 3122 2092 3179 in
2125 3123 2163 3177 C

431 3159 636 3233 aliquo
659 3164 937 3223 sodalitio
976 3170 1176 3229 vicino
1211 3159 1292 3232 ad
1329 3159 1612 3252 pietatem
1650 3159 2092 3268 excreareniu‘:

430 3252 550 3306 Etsi
578 3257 812 3369 autem”
827 3257 1079 3369 Basilius
1100 3266 1416 3365 quoddam
1455 3252 2091 3369 anachoretaru;

429 3354 549 3395 nus
586 3341 902 3448 laudabat,
943 3352 1147 3408 tamen
1181 3355 1243 3411 in
1287 3361 1409 3416 suis
1444 3364 1686 3438 Regulis
1733 3341 2088 3448 universeoin

429 3431 829 3544 anachoretas
849 3441 972 3494 tam
986 3441 1374 3505 vehementer
1393 3431 1592 3513 invehi
1612 3431 1863 3544 potuit-qi

429 3517 653 3625 scilicet
674 3537 814 3594 pars
840 3527 1110 3588 maxima
1135 3533 1261 3591 sine
1281 3543 1510 3608 praevia
1538 3517 1640 3605 illa
1661 3517 2087 3625 exercita‘iio‘n‘e

428 3608 489 3666 id
521 3610 664 3714 vitae.
686 3628 880 3684 genus
901 3615 1164 3688 eligeret.
1189 3625 1253 3714 Et
1271 3642 1347 3684 ne
1374 3633 1479 3703 qui
1499 3634 1648 3695 forte

425 3699 763 3808 perioribus
785 3720 1059 3776 pugnare
1089 3699 1434 3787 arbitretur,
1459 3738 1706 3786 monere
1733 3699 2085 3808 libet,ul;avs‘i-

423 3786 572 3846 lium
613 3795 670 3846 et
717 3795 1228 3858 Constitutionum
1262 3786 1743 3878 monasticarum
1774 3786 2083 3893 auctore;

420 3876 484 3933 in
507 3895 577 3936 eo
598 3882 856 3940 maxime
876 3885 1030 3943 inter
1050 3905 1113 3944 se
1135 3891 1449 3970 dissidere,
1471 3907 1639 3975 quod
1659 3908 1802 3970 huic
1822 3876 2084 3980 ian-acii;

420 3972 688 4071 retarum
713 3972 1054 4033 institutum
1073 3985 1403 4048 generatim
1429 3972 1791 4062 probaretur
1809 3972 1898 4063 illi

421 4061 755 4161 generatim
793 4063 1264 4161 improbaretur.
1287 4061 1537 4148 Magnus
1576 4094 1782 4148 autem
1821 4061 2083 4161 ille—du;

411 4779 536 4847 sed,
573 4786 930 4842 monasterii
965 4790 1318 4858 probatione
1359 4779 1678 4873 diuturna,
1733 4811 2073 4874 didicerunt

412 4875 623 4926 contra
660 4872 970 4932 diabolum
999 4881 1330 4940 multorum
1359 4889 1576 4948 solatio
1607 4872 1737 4964 jam
1773 4901 1934 4959 docti
1961 4872 2074 4976 ,ηαξ

407 4975 611 5033 gnare,
647 4965 759 5018 etc.

409 5051 437 5117 §
477 5049 786 5144 Egilia-rs
808 5058 1089 5144 septima,
1109 5076 1184 5118 ex
1203 5080 1321 5144 qua
1341 5075 1623 5144 cognosci
1633 5082 1851 5144 poterit
1890 5084 2068 5144 Cons-

479 5123 788 5251 ῗιτξιὲονέρε
826 5123 1192 5190 monasticas
1215 5123 2067 5214 'Euszaihié'SEEééiéhJ‘i’ii:

524 5209 585 5248 ui
661 5211 691 5251 e
733 5213 849 5251 ere.

733 5213 849 5255 ere.

473 5284 563 5384 44A.
583 5286 996 5384 ‘Doctissimus
1017 5293 1107 5349 vir
1127 5296 1525 5359 Combeﬁsius
1546 5322 1706 5380 saepe
1727 5313 1977 5384 quidem
2009 5323 2067 5376 et

402 5371 776 5432 conﬁdenter
812 5379 958 5438 dicit
989 5383 1277 5445 Basilium
1307 5371 1812 5458 Constitutionuin
1852 5371 2063 5466 mgna;

471 5517 551 5596 (ᾳ)
590 5521 688 5596 _Or.
711 5525 800 5592 20,
823 5539 884 5596 p.
909 5529 1012 5584 358
1041 5532 1099 5586 et
1129 5533 1252 5590 359.

465 5589 546 5661 (ὁ)
587 5593 721 5664 Leg.
752 5589 942 5654 n’.‘40.

1967 285 2119 340 PFUE
2127 287 2354 352 FATIO.

3775 333 3879 390 120

2007 412 2109 528 qui
2141 416 2189 470 Α
2226 421 2510 486 sticarum
2535 441 2841 496 auctorem
2865 459 3002 498 esse
3027 463 3039 500 :
3063 447 3169 502 sed
3199 449 3371 520 quasi
3393 451 3444 505 ei
3481 453 3624 508 satis
3646 454 3875 528 fuisset,

2223 515 2270 611 si
2293 534 2466 576 suam
2485 529 2842 586 sententiam
2865 532 3251 594 declarasset.
3277 554 3579 611 nusquam
3606 543 3769 601 illam
3790 547 3877 602 ul-

2217 604 2290 660 lis
2328 617 2702 700 argumentis
2731 621 3168 693 comprobavit.
3194 630 3394 700 Neque
3414 604 3636 688 tamen
3677 635 3874 692 virum

2217 698 2690 760 eruditissimum
2710 708 2884 764 ullius
2906 712 3280 783 negligentia
3299 698 3652 780 accusatum
3669 723 3874 780 velim.

2217 788 2404 886 Itiemo
2426 792 2608 858 enim,
2633 797 2737 868 qui
2779 807 3026 871 praestat
3063 805 3230 876 quod
3271 813 3484 878 potest,
3509 811 3675 882 quod
3701 829 3873 886 quaa—

2215 877 2359 934 dam
2398 896 2521 937 non
2560 887 2773 956 possit,
2802 877 3340 962 reprehendendus
3362 905 3468 953 est.
3495 877 3638 956 P-uto
3669 877 3874 959 autem

2214 981 2411 1038 neque
2433 987 2468 1025 a
2492 974 3076 1053 Combeﬁsio,neque
3098 999 3134 1038 a
3150 1000 3460 1058 quoquam
3484 988 3674 1046 ullum
3698 1007 3874 1061 argu-

2212 1063 2486 1115 mentum
2507 1062 2752 1120 tirmum
2776 1069 2972 1124 afferri
2997 1087 3193 1142 posse,
3217 1090 3340 1146 quo
3378 1092 3500 1132 nou
3540 1079 3678 1134 dico
3701 1097 3872 1136 cons-

2211 1151 2312 1214 tet,
2348 1150 2456 1204 sed
2478 1153 2794 1212 verisimile
2838 1157 2965 1224 ﬁat,
2996 1160 3284 1219 Basilium
3323 1172 3634 1237 parentem
3673 1169 3870 1240 legiti-

2211 1252 2381 1294 mum
2430 1257 2562 1298 esse
2610 1248 3089 1305 monasticarum
3141 1255 3666 1313 Constitutionum.
3703 1260 3870 1317 Unde

2211 1329 2395 1397 enim,
2423 1346 2652 1402 quaeso,
2677 1336 2980 1406 ejusmodi
3019 1349 3376 1412 argumenta
3406 1351 3748 1416 peterentur
3768 1351 3795 1404 ?
3826 1353 3869 1405 Ε

2208 1424 2483 1476 veterum
2524 1424 2883 1497 scriptorum
2923 1432 3324 1487 testimoniis?
3367 1434 3481 1491 Sed
3521 1437 3869 1495 testimonia

2209 1510 2418 1566 omnia
2447 1528 2584 1583 quae
2607 1516 2860 1585 proferri
2883 1520 3235 1590 potuissent,
3261 1523 3551 1594 ambigua
3573 1531 3731 1593 sunt,
3753 1543 3868 1583 nec

2209 1600 2404 1669 magis
2425 1617 2496 1657 ex
2520 1619 2582 1658 se
2605 1606 3065 1663 Constitutiones
3088 1611 3445 1681 signiﬁcant,
3468 1629 3656 1683 quam
3680 1618 3868 1686 Regu-

2207 1687 2316 1746 las.
2335 1693 2372 1744 Ε
2393 1694 2664 1749 ratione?
2688 1696 2802 1751 Sed
2824 1697 2940 1764 cui,
2963 1715 3176 1771 quaeso
3203 1702 3596 1758 Combetisius
3618 1721 3754 1777 pers
3765 1722 3862 1762 ua-

2208 1777 2350 1834 dere
2382 1783 2678 1853 potuisset
2697 1792 3178 1844 consentaneum
3203 1806 3335 1846 esse
3374 1792 3610 1857 rationi,
3643 1795 3865 1850 ascribi

2205 1868 2424 1926 Basilio
2463 1874 2676 1942 Magno
2715 1873 3183 1933 Constitutiones
3207 1882 3594 1949 monasticas,
3625 1899 3778 1954 quas
3808 1883 3865 1939 ei

2204 1959 2406 2014 nullus
2447 1962 2702 2035 scriptor
2742 1965 3030 2037 antiquus
3071 1973 3232 2024 certo
3274 1969 3521 2026 tribuit?
3560 1988 3699 2027 cum
3729 1972 3864 2044 ipse

2201 2049 2540 2120 adjudicari
2582 2052 2801 2110 Basilio
2825 2055 3080 2122 Regulus
3103 2057 3380 2126 noluerit,
3404 2076 3560 2131 quas
3581 2061 3632 2116 ei
3657 2066 3862 2117 tamen

2199 2141 2433 2212 antiqui
2454 2143 2625 2197 multi
2647 2151 2923 2200 auctores
2947 2147 3182 2202 disertis
3207 2149 3406 2204 verbis
3429 2151 3859 2219 attribuebant,

2199 2228 2474 2298 Ruﬁnus,
2516 2230 2861 2302 Cassianus,
2902 2234 3229 2307 imperator
3266 2239 3662 2307 Justinianus,
3703 2241 3860 2296 Pho-

2199 2317 2312 2373 tius
2336 2320 2437 2388 (ὁ).
2464 2323 2501 2374 Ε
2525 2321 2678 2392 stylo
2695 2325 2721 2378 ἱ)
2743 2323 2854 2378 Sed
2878 2340 3011 2395 quae
3034 2327 3451 2383 convenientia
3473 2329 3724 2384 inveniri
3754 2345 3860 2402 po-

2197 2413 2330 2475 test,
2356 2409 2456 2464 ubi
2479 2411 2646 2468 nulla
2667 2414 2790 2467 est?
2814 2417 2938 2468 lmo
2959 2430 3080 2469 non
3105 2416 3252 2470 satis
3273 2423 3363 2471 est
3384 2417 3602 2481 dicere,
3627 2417 3858 2474 nullam

2199 2512 2329 2552 esse
2385 2499 2445 2553 in
2505 2501 2662 2572 stylo
2720 2504 3224 2566 convenientiam.
3267 2521 3406 2562 cum
3449 2506 3859 2579 discrepantia

2200 2588 2472 2644 maxima
2512 2590 2602 2644 sit.
2629 2593 2991 2664 Quanquam
3033 2599 3230 2648 autem
3256 2594 3654 2650 Combeﬁsius
3679 2595 3858 2651 nullis

2201 2679 2581 2745 argumentis
2621 2697 2794 2735 suam
2838 2683 3196 2738 sententiam
3222 2685 3620 2753 conﬁrmavit,
3655 2690 3857 2740 tamen

2199 2781 2326 2822 non
2365 2772 2586 2823 temere
2607 2769 2836 2826 factum
2859 2777 3023 2843 puto,
3051 2779 3112 2828 ut
3149 2774 3517 2828 monasticas
3556 2774 3856 2830 Constitu-

2201 2855 2394 2912 tiones
2414 2859 2636 2915 Basilio
2657 2860 2946 2916 tribuerit.
2962 2863 3107 2918 Cum
3131 2863 3290 2918 enim
3310 2863 3566 2918 semelin
3585 2878 3859 2919 animum

2204 2944 2545 3004 induxisset
2584 2965 2785 3015 suum,
2832 2951 3089 3020 Regulas
3119 2951 3402 3021 indignas
3443 2967 3573 3007 esse
3597 2967 3858 3024 quarum

2206 3036 2462 3094 Basilius
2502 3045 2712 3095 auctor
2748 3040 3065 3111 diceretur,
3089 3059 3467 3114 consequens
3494 3043 3623 3111 fuit,
3649 3049 3732 3108 ut,
3756 3058 3858 3097 su-

2207 3127 2382 3183 blatis
2408 3129 2668 3199 Begulis,
2693 3131 2744 3186 ei
2766 3131 2979 3188 saltem
3003 3134 3372 3188 monasticas
3394 3133 3860 3189 Constitutiones

2203 3218 2396 3275 daret.
2440 3223 2506 3275 Et
2534 3237 2677 3276 vero
2715 3226 2801 3276 tot
2842 3224 3186 3279 testimonia
3223 3223 3640 3296 vetcrum,qui
3672 3222 3859 3294 ampli

2202 3309 2529 3380 cujusdam
2551 3311 2751 3383 operis
2773 3312 3010 3368 ascetici
3025 3313 3314 3369 Basilium
3337 3319 3643 3369 auctorem
3667 3311 3861 3368 mani-

2200 3399 2348 3455 feste
2369 3399 2617 3466 faciunt,
2642 3402 2898 3473 Regulas
2922 3409 3102 3476 atque
3123 3403 3585 3459 Constitutiones
3607 3402 3658 3458 ei
3679 3401 3858 3457 simul

2199 3489 2387 3545 adimi
2408 3505 2531 3545 non
2573 3491 2796 3546 sinunt.
2825 3495 2986 3548 Hanc
3025 3500 3227 3549 autem
3251 3492 3594 3551 Combeﬁsii
3616 3491 3854 3562 opinio-

2197 3595 2338 3636 nem
2379 3595 2582 3651 nemo,
2607 3582 2775 3654 quod
2816 3582 3026 3651 sciam,
3068 3585 3391 3655 amplexus
3429 3587 3541 3638 est.
3569 3580 3851 3653 Mihiqui-

2197 3668 2337 3725 dem
2375 3685 2499 3726 non
2537 3671 2817 3740 ignotum
2858 3678 2966 3736 est,
2989 3672 3182 3728 videri
3225 3673 3554 3730 Scultetum
3595 3671 3854 3727 ascetica

2195 3758 2900 3816 omniaeBasilianorum
2923 3761 3287 3834 scriptorum
3308 3762 3586 3831 catalogo
3607 3775 3854 3833 prorsus

2194 3848 2503 3904 sustulisse
2551 3867 2563 3903 :
2608 3850 2715 3905 sed
2754 3851 3062 3906 neminem
3132 3853 3295 3922 novi,
3339 3852 3463 3924 qui.
3509 3849 3855 3907 Combetisii

2192 3936 2756 4007 exemplo,Regulas
2775 3939 2834 3994 in
2861 3941 3079 4011 spuriis
3098 3946 3368 4013 poneret,
3389 3939 3854 3996 Constitutiones

2191 4042 2337 4082 vero
2363 4041 2472 4098 pro
2493 4026 2695 4083 Basilii
2721 4033 2984 4098 genuino
3007 4029 3130 4086 fetu
3159 4030 3430 4087 haberet.
3453 4029 3722 4085 Adversa
3742 4027 3854 4097 igi-

2191 4119 2288 4173 tur
2315 4119 2615 4174 sententia
2631 4118 2880 4174 omnino
2902 4119 3058 4189 vicit,
3077 4136 3311 4186 eorum,
3336 4119 3461 4192 qui,
3484 4124 3550 4174 ut
3571 4116 3850 4188 Regulus,

2191 4204 2276 4262 ita
2315 4210 2372 4261 et
2411 4208 2778 4263 monasticas
2817 4225 3059 4283 quoque
3109 4209 3578 4266 Constitutiones
3633 4205 3853 4262 Basilio

2190 4295 2525 4351 ascribunt.
2553 4299 2674 4368 Ego
2713 4304 2915 4354 autem
2958 4300 3004 4353 si
3043 4299 3113 4354 iis
3153 4315 3290 4371 quae
3329 4297 3505 4371 posui
3535 4294 3849 4369 principiis

2188 4390 2346 4441 stare
2385 4386 2547 4450 volo,
2571 4395 2634 4442 ut
2673 4405 2708 4443 a
2747 4389 3132 4459 Combeﬁsio,
3161 4389 3241 4444 ita
3272 4406 3308 4444 a
3338 4388 3566 4444 caeteris
3600 4401 3849 4459 quoque

2187 4474 2504 4531 dissentire
2539 4493 2760 4547 cogor:
2787 4480 2892 4534 sed
2937 4479 3021 4534 sic
3045 4484 3269 4544 tamen,
3293 4484 3361 4535 ut
3393 4480 3440 4534 si
3469 4475 3846 4533 reconciliari

2188 4579 2285 4618 me
2317 4581 2586 4636 unquam
2627 4584 2765 4622 cum
2789 4568 3154 4624 Combeﬁsio
3181 4569 3602 4624 difﬁcillimum
3630 4567 3724 4626 sit.
3757 4581 3846 4621 re-

2187 4655 2571 4712 conciliatum
2599 4675 2694 4714 me
2734 4659 2803 4713 iri
2832 4658 3114 4714 facillime
3142 4675 3279 4714 cum
3304 4661 3533 4714 caeteris
3562 4674 3799 4731 sperem
3828 4676 3840 4725 ;

2186 4744 2373 4799 modo
2396 4746 2714 4816 cogitarint
2735 4763 2832 4802 me
2873 4748 2952 4803 ab
2999 4749 3144 4819 ipsis
3179 4749 3239 4804 in
3269 4765 3332 4804 re
3358 4749 3471 4804 levi
3501 4749 3839 4804 dissentire.

2186 4833 2316 4888 Mihi
2351 4837 2508 4891 enim
2539 4853 2681 4892 cum
2711 4837 2827 4892 illis
2859 4837 3157 4904 convenit,
3191 4838 3490 4910 quidquid
3521 4838 3579 4893 in
3613 4837 3844 4892 Asceti-

2185 4921 2267 4978 cis
2297 4923 2533 4994 insigne
2573 4931 2666 4980 est
2711 4931 2768 4981 et
2797 4926 3109 4993 eximium,
3142 4943 3322 4983 omne
3350 4927 3410 4982 id
3443 4927 3520 4983 ad
3554 4926 3844 4982 Basilium

2181 5015 2463 5082 Magnum
2496 5014 2793 5085 pertinere
2829 5033 2841 5070 :
2877 5015 3037 5071 solas
3062 5032 3205 5072 vero
3254 5016 3626 5072 monasticas
3658 5016 3843 5070 Cons-

2175 5103 2484 5159 titutiones
2512 5103 2643 5173 ejus
2673 5119 2804 5158 esse
2826 5120 3002 5174 nego,
3028 5120 3164 5176 quae
3195 5111 3372 5164 certe.
3402 5106 3451 5161 si
3480 5122 3617 5162 cum
3650 5109 3841 5174 Regu-

2175 5192 2248 5248 lis
2308 5198 2758 5264 comparentur,
2813 5194 2958 5250 nihil
3006 5195 3213 5263 magni
3275 5203 3378 5252 aut
3425 5196 3628 5252 eximii
3675 5211 3842 5250 com-

2175 5281 2356 5353 plecti
2379 5280 2768 5338 videbuntur.
2800 5285 2975 5352 Nam,
2999 5289 3062 5340 ut
3089 5287 3297 5341 monui
3331 5288 3426 5356 (c),
3451 5285 3840 5342 Constitutio-

2173 5385 2283 5426 nes
2306 5371 2660 5428 monasticae
2687 5389 3002 5448 nunquam
3026 5375 3275 5433 fortasse
3294 5393 3491 5450 neque
3509 5377 3675 5449 apud
3691 5377 3839 5434 anti'

2245 5532 2326 5604 (ο)
2369 5535 2504 5606 Leg.
2535 5549 2597 5590 n.
2630 5537 2720 5593 40.
