4092 6380
262 329 358 380 121

1768 325 2159 383 PBIEFATIO.

3577 331 3681 384 122

250 465 653 523 quos,neque
676 449 841 523 apud
857 451 1510 514 recentiorescitantur,
1542 467 1682 508 cum
1711 454 1915 506 tamen
1945 452 1991 502 A
2093 453 2182 506 45.
2245 453 2505 509 Probare
2554 457 2756 509 autem
2785 452 3252 509 Constitutiones
3310 451 3681 509 monasticas

253 539 518 608 Regulas
548 555 711 612 saepe
737 539 906 596 citari
925 545 1157 596 constet
1190 559 1203 596 :
1231 541 1399 614 quod
1431 541 1654 597 indicio
1686 545 1775 596 est
1807 543 1912 596 Re-

249 629 431 699 gulas
459 640 716 702 semper
741 630 1007 686 maxime
1049 631 1110 686 in
1146 631 1339 702 pretio
1383 631 1588 700 fuisse,
1623 632 1915 688 Constitu-

248 718 450 774 tiones
481 734 606 774 non
630 719 792 774 item.
827 720 1020 783 Quare
1052 735 1176 774 non
1209 721 1358 775 satis
1397 736 1557 792 queo
1615 720 1911 776 Combefi-

249 808 417 863 sium
450 807 792 880 mirari,qui
815 823 956 864 cum
986 808 1238 882 aliquod
1269 815 1537 865 veterum
1574 815 1677 866 aut
1705 825 1910 865 recen-

244 897 472 953 tiorum
503 896 918 953 testimonium
951 898 1029 953 ad
1045 900 1416 955 monasticas
1447 899 1910 955 Constitutiones

245 986 778 1042 commendandas
828 987 1040 1044 afferre
1085 988 1413 1058 debuisset,
1448 989 1596 1044 satis
1637 989 1752 1046 sibi
1781 1005 1911 1045 esse

245 1076 524 1142 credidit,
557 1077 605 1132 si
635 1077 766 1148 ipse
793 1092 897 1132 eas
917 1076 1192 1149 impense
1213 1077 1509 1134 laudaret.
1531 1081 1790 1136 Causam
1810 1095 1911 1136 au-

243 1165 994 1234 tem,curmonasticarum
1007 1167 1514 1223 Constitutionum
1532 1169 1905 1225 Eustathium

250 1255 654 1311 Sebastenum
675 1259 988 1311 auctorem
1018 1256 1260 1318 faciam.
1285 1257 1515 1326 vident,
1531 1259 1767 1331 opinor,
1782 1275 1908 1315 om-

246 1359 380 1401 nes.
413 1347 562 1401 Cum
593 1345 758 1400 enim
783 1345 954 1417 prius
993 1361 1104 1418 pro
1134 1351 1297 1403 certo
1322 1353 1377 1403 et
1423 1348 1735 1420 explorato
1793 1355 1908 1405 sta-

245 1435 463 1490 tuerim
483 1435 962 1506 (a),monasticas
978 1437 1442 1492 Constitutiones
1454 1443 1512 1493 et
1524 1438 1784 1507 Regulas
1803 1440 1907 1495 uni

245 1527 302 1578 et
332 1523 529 1579 eidem
559 1523 838 1595 scriptori
865 1524 1048 1579 tribui
1073 1541 1195 1580 non
1221 1527 1747 1600 posseeodemque
1771 1528 1906 1584 loco

247 1611 600 1668 afﬁrmarim
660 1612 943 1668 Basilium
997 1619 1307 1686 parentem
1351 1631 1486 1671 esse
1515 1619 1901 1687 Regularum,

247 1718 626 1775 consequens
649 1708 758 1769 est,
793 1703 844 1758 si
867 1719 1106 1759 mecum
1138 1706 1686 1773 consentirevelim,
1717 1713 1779 1763 ut
1801 1709 1905 1765 ali-

246 1807 428 1864 quem
460 1792 967 1848 Constitutionum
997 1799 1330 1856 auctorem,
1362 1796 1465 1867 qui
1500 1797 1748 1853 Basilius
1780 1812 1902 1853 non
1931 1808 1974 1861 Β

247 1881 342 1950 sit,
373 1897 668 1953 quaeram.
690 1881 831 1946 Quis
857 1887 1085 1945 autem,
1107 1899 1561 1954 quaeso,earum
1579 1891 1902 1942 auctorve-

245 1969 552 2025 risimilius
599 1970 718 2026 dici
765 1975 981 2043 potest,
1013 1987 1200 2044 quam
1246 1973 1592 2028 Eustathius
1628 1975 1879 2032 Sebaste

243 2061 587 2134 nus,qui,ut
614 2066 705 2117 est
733 2063 898 2134 apud
929 2064 1331 2119 Sozomenum
1360 2065 1464 2135 (b),
1487 2065 1710 2121 librum
1743 2083 1901 2122 asce-

245 2149 578 2222 ticum,qui
612 2151 815 2206 Basilii
843 2152 1233 2224 Cappadocis
1283 2155 1530 2210 nomine
1573 2155 1900 2227 inscriptus

245 2245 391 2304 erat,
417 2239 679 2294 edidisse
697 2256 732 2295 a
752 2240 1124 2312 quibusdam
1149 2243 1540 2300 credebatur?
1558 2247 1707 2300 Nam
1723 2245 1900 2300 licere

244 2328 421 2384 nobis
459 2344 582 2384 non
613 2329 1002 2398 arbitramur,
1033 2335 1306 2387 veterum
1357 2333 1726 2402 testimonia,
1785 2334 1901 2390 nisi

245 2433 458 2472 eorum
490 2417 716 2473 falsitas
747 2418 992 2474 aliunde
1043 2421 1366 2476 manifesto
1405 2422 1651 2494 probari
1688 2424 1896 2495 possit,

245 2523 361 2580 pro
387 2508 558 2564 falsis
586 2508 986 2565 habere.Cum
1007 2526 1172 2580 ergo,
1201 2516 1266 2565 ut
1297 2510 1672 2568 Sozomenus
1699 2514 1894 2574 refert,

247 2602 449 2652 essent
478 2599 580 2668 qui
609 2597 832 2654 librum
849 2599 1182 2671 quemdam
1198 2602 1550 2668 asceticum,
1569 2603 1670 2674 qui
1699 2604 1899 2659 Basilii

245 2700 466 2742 nomen
499 2687 873 2759 praeferebat,
911 2688 990 2744 ab
1024 2691 1329 2746 Eustathio
1381 2692 1711 2748 Sebasteno
1756 2709 1896 2748 con-

245 2775 532 2847 scriptum
562 2776 747 2832 fuisse
766 2777 1161 2835 afﬁrmarent:
1193 2780 1487 2852 sequitur,
1517 2781 1565 2835 si
1588 2783 1726 2853 quis
1752 2782 1898 2838 liber

240 2863 314 2919 sit
341 2865 400 2920 in
431 2867 736 2936 Asceticis,
767 2868 873 2940 qui
909 2868 1122 2924 Basilio
1151 2869 1331 2924 tribui
1362 2884 1485 2926 non
1517 2873 1726 2942 possit.
1755 2889 1895 2929 eum

233 2955 541 3010 Eustatbio
567 2956 788 3012 ascribi
818 2963 1118 3030 oportere.
1155 2959 1495 3015 Obscurum
1527 2967 1738 3016 autem
1772 2977 1895 3018 non

233 3049 338 3114 est,
368 3045 544 3101 talem
577 3062 710 3103 esse
766 3048 1277 3105 Constitutionum
1306 3049 1550 3105 librum.
1607 3055 1776 3116 Nam,
1833 3057 1897 3107 ut

2023 541 2330 598 Eustathio
2363 542 2695 598 Sebasteno
2719 541 3060 614 adjudicari
3091 545 3390 614 oportere,
3418 547 3507 597 est
3546 557 3681 614 pro-

2021 631 2148 702 prie
2179 635 2379 686 actum
2416 647 2614 701 agere.
2636 635 2786 688 Nam
2819 631 3031 686 omnia
3057 635 3421 700 argumenta
3452 631 3678 702 quibus

2025 720 2114 774 usi
2144 735 2354 775 sumus
2379 721 2734 793 (d),partim,
2757 725 2816 775 ut
2831 720 3289 776 ostenderemus
3317 719 3677 788 Regularum

2021 810 2373 882 scriptorem
2403 811 2588 867 alium
2615 827 2747 867 esse
2780 810 2859 866 ab
2891 826 2984 876 eo,
3009 809 3117 882 qui
3149 808 3678 865 monasticasCon-

2021 899 2362 956 stitutiones
2395 901 2600 966 edidit;
2621 900 3198 973 partim,utplanum
3218 899 3558 954 faceremus
3578 897 3676 967 (e),

2018 988 2285 1045 dubitari
2315 991 2482 1047 nullo
2520 993 2704 1046 modo
2737 1006 2940 1064 posse,
2988 990 3136 1062 quin
3165 988 3414 1045 Basilius
3453 1003 3676 1060 parens

2019 1078 2094 1134 sit
2121 1078 2426 1149 legitimus
2449 1080 2894 1152 Regularum,si
2924 1079 3072 1152 quid
3105 1079 3384 1151 probent,
3417 1077 3682 1149 probant

2015 1185 2260 1242 quoque
2289 1171 2633 1226 necessaria
2659 1170 2932 1243 quadam
2972 1169 3419 1237 consecutione,
3473 1169 3678 1222 Eusta-

2015 1257 2208 1314 thium
2239 1258 2638 1315 Sebastenum
2668 1259 3177 1316 Constitutionum
3199 1256 3674 1313 monasticarum

2015 1351 2321 1404 auctorem
2353 1365 2506 1404 esse.
2534 1351 2785 1418 Etenim,
2819 1350 2868 1405 si
2897 1365 3106 1406 verum
3139 1346 3524 1403 estBasilium
3549 1345 3676 1418 opi-

2013 1437 2188 1493 ﬁcem
2203 1454 2336 1494 esse
2356 1439 2738 1508 Regularum,
2758 1454 3135 1512 consequens
3163 1442 3270 1508 est,
3301 1443 3365 1492 ut
3391 1435 3677 1492 monasti-

2013 1543 2116 1582 cas
2141 1527 2606 1583 Constitutiones
2634 1543 2757 1584 non
2816 1528 3088 1596 ediderit,
3121 1543 3280 1590 cum,
3312 1530 3377 1582 ut
3415 1524 3676 1596 dixi,Be-

2013 1616 2288 1685 gularum
2305 1618 2878 1673 etConstitutionum
2899 1634 3056 1672 unus
3069 1621 3126 1672 et
3152 1616 3316 1672 idem
3329 1618 3538 1670 auctor
3549 1629 3674 1670 non

2014 1704 2108 1760 sit.
2155 1705 2259 1760 Cui
2317 1710 2540 1771 autem,
2599 1721 2829 1778 quaso,
2887 1706 3103 1761 melius
3137 1703 3359 1761 ascribi
3391 1707 3674 1775 poterunt

2015 1793 2480 1849 Constitutiones
2535 1795 2904 1858 monasticae,
2957 1810 3145 1867 quam
3192 1793 3520 1858 Eustathio,
3577 1789 3673 1846 cui

2011 1883 2288 1938 omnium
2345 1899 2651 1940 consensu
2702 1883 3088 1940 tribuendum
3117 1887 3205 1938 est
3252 1881 3551 1954 quidquid
3609 1879 3671 1934 in

2011 1972 2294 2027 Asceticis
2329 1973 2699 2029 Basilianum
2727 1989 2852 2028 non
2885 1971 3021 2028 est?
3044 1975 3126 2027 Ex
3153 1971 3376 2044 quibus
3407 1967 3672 2042 perspici

2009 2067 2206 2134 potest
2234 2063 2637 2135 questionem,
2693 2079 2880 2135 quam
2919 2059 3017 2118 hic
3075 2060 3434 2117 solvendam
3491 2058 3669 2115 nobis

2012 2152 2434 2223 proponimus,
2490 2157 2680 2208 totam
2737 2141 3032 2225 pendere
3055 2168 3128 2207 ex
3157 2150 3229 2206 iis
3253 2149 3427 2217 locis,
3449 2147 3574 2213 ubi,
3609 2151 3673 2204 ut

2008 2241 2157 2296 mihi
2185 2241 2435 2314 quidem
2462 2243 2719 2316 videtur,
2752 2242 2896 2298 satis
2937 2241 3253 2314 perspicue
3278 2238 3559 2312 probavi,
3611 2242 3670 2293 et

2009 2330 2295 2386 Basilium
2327 2332 2689 2402 Regularum
2711 2331 3047 2401 legitimum
3088 2335 3404 2402 parentem
3432 2343 3582 2390 esse,
3615 2331 3674 2384 et

2009 2421 2513 2476 Constitutionum
2529 2422 3004 2477 monasticarum
3016 2425 3324 2476 auctorem
3337 2418 3523 2474 alium
3538 2433 3671 2472 esse

2009 2508 2088 2564 ab
2119 2525 2212 2577 eo,
2245 2509 2346 2581 qui
2379 2510 2637 2580 Regulas
2669 2511 3142 2583 conscripsit(/);
3170 2509 3250 2564 ob
3279 2508 3463 2580 idque
3489 2506 3669 2562 velim

2007 2597 2274 2653 maxime
2303 2615 2377 2654 ea
2416 2599 2790 2654 Praefationis
2822 2615 2966 2670 pars
2995 2599 3179 2671 paulo
3211 2594 3669 2665 attentiuslega-

2009 2693 2120 2744 tur.
2146 2688 2412 2756 Interim,
2442 2694 2507 2745 ut
2522 2688 3115 2760 magisintelligatur,
3138 2687 3508 2743 monasticas
3523 2688 3670 2740 Con-

2008 2777 2344 2833 stitutiones
2373 2794 2498 2834 non
2517 2778 2822 2835 immerito
2880 2795 2916 2834 a
2940 2778 3118 2834 nobis
3148 2776 3458 2833 Eustathio
3491 2775 3670 2832 Seba-

2008 2871 2177 2923 steno
2209 2867 2409 2937 tribui,
2443 2869 2540 2924 hic
2574 2868 2932 2926 eorumdem
2977 2873 3495 2938 argumentorum,
3529 2880 3667 2936 quae

1999 2955 2126 3026 jam
2154 2961 2292 3012 ante
2321 2957 2540 3028 protuli
2561 2959 2669 3028 (g),
2701 2958 3199 3030 quasiepitomen
3217 2954 3555 3028 quamdam
3585 2951 3666 3008 ob

2003 3045 2208 3100 oculos
2236 3046 2587 3116 ponendam
2619 3063 2748 3102 esse
2765 3047 3054 3118 judicavi.
3081 3049 3375 3101 Notarunt
3391 3049 3532 3099 ante
3552 3058 3666 3098 nos

231 3147 393 3204 saepe
414 3135 538 3190 dixi
569 3137 799 3207 (c),non
831 3137 991 3192 idem
1019 3143 1230 3193 auctor
1250 3143 1338 3194 est
1363 3140 1891 3208 Constitutionum,
1925 3167 1964 3221 Ο
2003 3138 2061 3188 et
2085 3134 2204 3204 alii,
2237 3135 2601 3204 Regularum
2627 3141 2936 3192 auctorem
2969 3134 3350 3191 anachoretis
3394 3131 3669 3189 infensis-

227 3223 332 3295 qui
366 3224 752 3293 Regularum.
803 3228 950 3282 Cum
999 3227 1181 3296 igitur
1232 3229 1480 3284 Basilius
1531 3231 1892 3300 Regularum

225 3317 441 3369 auctor
488 3314 583 3384 sit,
615 3314 744 3386 ipse
785 3316 1296 3372 Constitutionum
1344 3323 1555 3373 auctor
1597 3335 1728 3374 esse
1771 3337 1893 3376 non

224 3406 445 3474 potest.
477 3402 793 3475 Reliquum
810 3409 900 3459 est
927 3403 1110 3475 igitur
1135 3410 1200 3460 ut
1254 3407 1769 3464 Constitutionum
1827 3410 1892 3464 li-

224 3490 414 3545 brum
437 3495 542 3546 aut
556 3491 634 3546 ad
657 3492 1031 3546 Eustathium
1049 3494 1346 3563 pertinere
1368 3494 1668 3564 dicamus,
1691 3501 1796 3551 aut
1816 3497 1895 3552 ad

223 3579 609 3649 incognitum
643 3585 982 3635 auctorem.
1025 3581 1141 3638 Sed
1164 3597 1346 3638 nemo
1374 3583 1696 3653 hactenus,
1729 3585 1897 3657 quod

227 3669 445 3738 sciam,
477 3685 676 3742 neque
715 3670 1093 3726 monasticas
1146 3672 1637 3739 Constitutiones,
1698 3689 1896 3746 neque

225 3757 417 3814 ullam
440 3758 624 3814 aliam
642 3758 1053 3814 Asceticorum
1073 3764 1306 3831 partem
1332 3760 1643 3830 incognito
1665 3764 1898 3819 auctori

225 3847 457 3903 tribuit.
487 3851 712 3905 Omnes
743 3848 926 3920 enim,
959 3849 1386 3906 auctoritatem
1444 3853 1762 3908 Sozomeni
1810 3869 1898 3908 se-

223 3937 368 4002 cuti,
403 3937 676 3994 Ascetica
717 3953 958 4011 semper
1003 3945 1108 3994 aut
1156 3939 1369 3995 Basilio
1413 3936 1898 4013 ascripsere,aut

223 4026 637 4084 Eustathio.Et
663 4027 913 4100 quidem
937 4028 1412 4085 etiamsieruditi
1443 4029 1695 4086 miriﬁce
1723 4031 1896 4087 dissi-

220 4114 410 4172 deant
440 4118 594 4172 inter
619 4133 683 4172 se
742 4117 818 4172 de
857 4119 1158 4186 Asceticis,
1209 4119 1272 4174 in
1313 4135 1384 4176 eo
1429 4125 1633 4176 tamen
1680 4137 1894 4177 omnes

216 4219 475 4276 prorsus
502 4209 656 4263 inter
685 4223 748 4262 se
772 4208 1163 4276 conveniunt,
1183 4209 1352 4280 quod
1381 4224 1594 4264 eorum
1617 4215 1719 4265 aut
1740 4211 1893 4266 Basi-

218 4292 368 4350 lium
403 4301 719 4352 auctorem
761 4296 1002 4362 faciant,
1034 4303 1138 4353 aut
1188 4298 1605 4364 Eustathium;
1639 4299 1722 4354 ita
1753 4304 1815 4354 ut
1841 4299 1891 4354 si

221 4383 360 4453 quis
393 4385 545 4457 quid
568 4385 783 4441 Basilio
814 4385 1154 4452 sustulit,id
1184 4387 1495 4442 Eustathio
1524 4386 1776 4456 largitus
1793 4388 1884 4444 sit.

225 4471 455 4536 Quodsi
491 4475 550 4529 in
599 4475 888 4530 manibus
920 4480 1125 4530 essent
1167 4474 1375 4547 aliqua
1432 4475 1549 4531 alia
1602 4477 1884 4533 Eustathii

225 4575 437 4632 opera,
471 4564 747 4620 fortassis
778 4579 809 4619 e
832 4563 969 4637 styli
997 4564 1391 4620 similitudine
1422 4564 1659 4620 ostendi
1684 4571 1890 4637 posset

223 4653 606 4709 monasticas
639 4653 1108 4710 Constitutiones
1135 4653 1212 4710 ad
1238 4669 1376 4709 eum
1401 4653 1700 4725 pertinere
1733 4673 1746 4711 :
1781 4656 1888 4710 sed

225 4752 366 4795 cum
390 4742 562 4798 nulla
592 4743 731 4804 sint.
756 4743 871 4798 hoc
893 4748 1395 4812 argumentorum
1423 4758 1640 4812 genere
1658 4744 1744 4799 uti
1766 4760 1888 4800 non

225 4840 584 4897 possumus.
608 4837 885 4888 Attamen
914 4833 1033 4888 alia
1059 4833 1349 4889 adhibere
1379 4832 1519 4887 licet
1548 4833 1886 4889 nonmino-
1915 4895 1924 4900 ν,

221 4916 305 4971 ris
338 4921 630 4990 ponderis
643 4926 749 4977 aut
775 4922 1092 4978 momenti.
1113 4925 1261 4979 Cum
1292 4922 1456 4978 enim
1478 4928 1714 4978 constet
1735 4923 1889 4979 inter

224 5019 441 5066 omnes
473 5012 766 5079 Ascetica,
793 5012 918 5068 sive
939 5013 1353 5069 Asceticorum
1384 5017 1587 5085 partes
1605 5019 1709 5069 aut
1734 5013 1888 5069 Basi-

221 5090 284 5149 lii
304 5111 462 5167 esse,
494 5105 599 5156 aut
632 5101 1000 5167 Eustathii,si
1023 5101 1488 5174 probaverimus
1517 5103 1887 5159 monasticas

226 5183 698 5246 Constitutiones
729 5191 1011 5247 Basilium
1026 5198 1336 5248 auctorem
1365 5208 1484 5246 non
1517 5191 1762 5260 habere,
1782 5209 1884 5249 eas

224 5269 540 5336 Eustathio
573 5279 932 5336 tribuendas
958 5297 1090 5337 esse
1122 5281 1304 5338 simul
1333 5281 1754 5354 probabimus.

298 5415 380 5556 zz;
421 5422 568 5550 a8-
715 5426 783 5551 ξίι
808 5427 874 5550 ξιξ

302 5496 376 5558 {0)
421 5496 548 5550 Lib.
593 5511 675 5549 in.
716 5510 768 5551 c.
808 5499 894 5560 l4,
987 5496 1006 5498 ⁷

302 5563 379 5638 (0)
422 5565 561 5638 Leg.
605 5581 666 5622 n.
709 5569 776 5623 34
807 5572 864 5624 et
890 5581 1019 5638 seq.

305 5566 379 5699 ᾖ)
422 5566 561 5636 Leg.
605 5581 666 5622 n.
709 5569 776 5623 34
807 5572 864 5624 et
890 5581 1018 5638 seq.

370 5633 388 5702 )
432 5637 570 5708 ch.
611 5654 672 5695 n.
714 5641 784 5696 34
804 5642 862 5695 et
881 5653 1018 5711 seq.

2004 3222 2223 3278 simum
2256 3223 2463 3287 fuisse,
2500 3225 2806 3298 viderique
2837 3225 3090 3296 hujusce
3119 3223 3357 3279 vivendi
3423 3221 3662 3293 generis

2002 3313 2274 3384 pericula
2285 3313 2796 3388 incommodaque
2811 3314 2895 3372 ita
2905 3329 3308 3385 exaggerasse
3319 3310 3664 3378 ,utmodum

2004 3403 2292 3459 excedere
2349 3404 2648 3471 videatur,
2709 3421 2845 3460 cum
2906 3411 3108 3460 tamen
3159 3401 3662 3460 Constitutionum

2005 3493 2262 3564 scriptor
2288 3494 2374 3548 sic
2403 3493 2488 3548 eis
2516 3494 2750 3559 faverit,
2786 3499 2851 3549 ut
2875 3495 3145 3550 mediam
3176 3495 3268 3549 sui
3296 3493 3498 3565 operis
3527 3507 3663 3564 par-

2003 3586 2126 3637 tem
2144 3587 2330 3637 totam
2353 3599 2562 3637 eorum
2575 3599 2765 3638 causa
2777 3584 3207 3656 composuerit.
3235 3583 3440 3654 Liquet
3458 3587 3662 3638 autem

2005 3687 2079 3726 ex
2113 3671 2308 3726 Basilii
2332 3671 2614 3743 Epistolis
2646 3672 2850 3744 (epist.
2879 3672 3026 3742 295),
3057 3688 3367 3727 summum
3391 3672 3556 3726 hunc
3581 3671 3664 3727 vi-

2004 3777 2140 3817 rum
2195 3761 2702 3817 anachoretarum
2765 3761 3010 3816 vivendi
3051 3762 3350 3817 rationem
3378 3776 3502 3816 non
3530 3775 3664 3832 pro-

2002 3850 2211 3916 basse,
2237 3849 2318 3905 ob
2349 3849 2532 3922 idque
2551 3852 2685 3921 jure
2707 3866 2777 3906 ac
2805 3851 3021 3907 merito
3051 3850 3168 3906 dici
3206 3849 3426 3906 debere
3472 3853 3663 3918 Regu-

2003 3939 2200 3996 larum
2226 3944 2557 3996 auctorem.
2592 3943 2742 3996 Nam
2755 3941 2872 3996 hoc
2893 3940 3078 3996 modo
3092 3938 3415 4008 constabit,
3434 3939 3664 4011 praesti-

2002 4030 2144 4086 tisse
2176 4046 2239 4085 se
2264 4030 2549 4086 eumdem
2567 4035 2692 4086 tam
2709 4031 2771 4086 in
2797 4031 3059 4101 Regulis,
3084 4029 3346 4103 quamin
3363 4029 3659 4102 Epistolis,

1999 4119 2117 4175 hoc
2148 4118 2780 4183 est,auachoretarum
2808 4120 3256 4188 exagitatorem
3277 4134 3660 4190 osoremque.

2000 4209 2323 4275 Quomodo
2355 4224 2496 4263 vero
2518 4209 2645 4264 fieri
2674 4211 2973 4281 potuisset
3005 4214 3068 4264 ut
3090 4209 3363 4276 Basilius,
3387 4209 3481 4264 cui
3503 4214 3661 4265 certe

1997 4297 2506 4354 anachoretarum
2538 4297 2875 4354 institutum
2907 4313 3030 4353 non
3048 4297 3349 4370 placebat.
3382 4297 3660 4370 scripsis-

1996 4391 2084 4442 set
2109 4387 2616 4443 Constitutionum
2647 4387 2893 4456 librum,
2915 4387 2976 4442 in
3004 4404 3128 4460 quo
3151 4388 3252 4443 illa
3281 4387 3528 4443 vivendi
3565 4403 3662 4443 ra-

1994 4475 2076 4532 tio
2109 4476 2371 4531 maxime
2386 4475 2678 4548 probatur
2703 4477 2730 4531 ?
2758 4479 2959 4532 Restat
2984 4476 3163 4546 igitur
3177 4477 3346 4532 uthic
3366 4475 3662 4532 liberred-

1994 4564 2176 4620 datur
2205 4581 2316 4620 suo
2347 4566 2580 4621 auctori
2603 4565 3373 4638 Eustatbio,qui,quidquid
3403 4565 3466 4621 in
3487 4571 3658 4621 Asce-

1995 4654 2127 4709 ticis
2159 4653 2360 4709 Basilii
2399 4669 2519 4709 non
2555 4659 2667 4722 est,
2701 4655 2832 4723 ejus
2863 4659 3078 4710 auctor
3107 4670 3348 4726 semper
3393 4655 3472 4710 ab
3524 4671 3658 4710 om-

1995 4741 2175 4798 nibus
2188 4742 2431 4799 habitus
2445 4743 3078 4815 est.1nspergunturin
3091 4743 3330 4814 Regulis
3341 4743 3656 4811 nonnulla,

1993 4847 2131 4905 quae
2152 4833 2532 4888 severitatem
2559 4833 2898 4905 quamdam
2924 4833 3203 4890 redolent
3225 4833 3457 4905 (h‘.,non
3488 4833 3660 4890 aliter

1993 4927 2174 4994 atque
2202 4922 2266 4978 in
2295 4922 2669 4994 quibusdam
2697 4922 2893 4978 Basilii
2921 4923 3176 4995 scriptis;
3207 4939 3244 4979 a
3272 4939 3400 4996 qua
3440 4923 3658 4979 severi.

1995 5016 2113 5067 tate
2143 5010 2498 5082 longissime
2521 5011 3228 5082 abesthonstitutionum
3250 5017 3480 5078 auctor;
3512 5013 3657 5083 ergo

1991 5115 2116 5156 non
2139 5117 2301 5157 unus
2332 5107 2389 5158 et
2417 5101 2581 5158 idem
2600 5107 2688 5158 est
2703 5102 3068 5172 Regularum
3086 5102 3657 5160 etConstitutionum

1994 5189 2272 5261 scriptor,
2307 5191 2414 5247 sed
2435 5192 2580 5259 duo,
2604 5208 2870 5265 quorum
2886 5190 3035 5247 alter
3056 5192 3243 5263 paulo
3265 5193 3548 5263 severior,
3571 5192 3656 5249 al-

1992 5288 2078 5339 ter
2097 5282 2284 5357 paulo
2302 5282 2710 5352 indulgentior
2733 5281 2921 5339 videri
2936 5287 3190 5355 poterat.
3225 5286 3380 5354 Ergo
3404 5283 3654 5340 Basilius

2071 5427 2148 5498 (e)
2189 5426 2404 5483 Itidem
2437 5431 2504 5483 39
2532 5431 2589 5482 et
2617 5442 2744 5499 seq.

2069 5499 2152 5574 (fl
2186 5501 2324 5574 Leg.
2365 5515 2426 5554 n.
2460 5502 2528 5574 33
2559 5503 2618 5555 et
2641 5514 2773 5571 seq.
2805 5501 2861 5556 et
2890 5514 2950 5556 n.
2975 5502 3045 5557 37
3067 5503 3126 5557 et
3153 5515 3281 5574 seq.

2077 5571 2160 5697 (ἦ)
2203 5573 2336 5640 Leg.
2379 5586 2439 5625 n.
2469 5571 2557 5625 34.

2077 5643 2090 5697 l
2137 5646 2154 5697 ὶ
2199 5643 2334 5697 Lee.
2375 5645 2557 5697 n.35‘

2071 5643 2154 5714 (h)
2199 5643 2334 5715 Leg.
2375 5657 2438 5697 n.
2461 5645 2527 5698 35
2556 5644 2614 5696 et
2641 5643 2732 5705 4t.
