4092 6388
410 315 511 369 122

1915 311 2278 371 PREFATIO

3718 300 3821 356 124

405 435 768 505 Regularum
792 439 1004 493 auctor
1028 441 1137 508 est,
1166 454 1308 494 cum
1337 442 1396 494 et
1424 438 1484 495 in
1513 439 1643 496 aliis
1681 439 1807 495 suis
1821 437 2054 510 scriptis
2087 445 2134 497 Α
2164 433 2550 492 inﬁciabitur.
2586 433 2864 492 Universe
2890 431 3010 489 dici
3034 433 3233 504 potest
3253 427 3518 498 Regulae
3540 427 3624 484 ita
3673 441 3820 483 con-

403 525 738 581 severitatis
774 541 894 582 non
923 527 1244 583 mediocris
1274 534 1673 586 monumenta
1718 533 1880 584 certa
1923 527 2053 582 reli-

403 614 619 686 querit:
653 616 1165 672 Constitutionum
1197 618 1714 688 autemlegitimus
1730 633 1948 691 parens
1969 621 2059 672 est

404 705 943 774 Eustathius,cum,
977 707 1026 763 si
1052 707 1200 780 quid
1229 707 1289 763 in
1319 709 1603 764 Asceticis
1637 711 1731 775 sit,
1762 708 1930 783 quod
1952 709 2056 763 Ba-

407 791 521 848 silii
552 809 676 850 non
705 795 797 865 sit,
828 797 958 866 ejus
971 797 1173 870 opifex
1204 813 1338 853 esse
1359 798 1437 854 ab
1451 799 1734 855 omnibus
1757 799 2054 867 credatur,

407 883 492 939 Ita
523 884 756 957 scriptae
779 892 916 944 sunt
947 888 1205 958 Regulus,
1239 891 1304 944 ut
1331 888 1560 946 refertae
1587 891 1705 945 sint
1734 889 2060 960 Scriptura-

406 986 543 1026 rum
567 975 946 1042 testimoniis;
980 977 1329 1050 idcircoque
1361 978 1637 1044 Basilius,
1666 979 1770 1050 qui
1822 977 1883 1033 in
1934 977 2058 1032 suis

401 1058 572 1115 libris
607 1078 814 1119 sacras
840 1065 1175 1137 Scripturas
1208 1068 1440 1138 passim
1484 1067 1725 1131 citabat,
1753 1066 2059 1139 putandus

405 1153 497 1206 est
517 1153 935 1224 composuisse
958 1155 1236 1225 Regulae,
1268 1171 1393 1212 non
1443 1162 1647 1212 autem
1675 1155 2059 1212 Constitutio-

403 1252 514 1294 nes
539 1239 621 1307 ,in
651 1241 874 1313 quibus
902 1243 1202 1314 ejusmodi
1231 1245 1569 1301 testimonia
1595 1261 1731 1302 raro
1761 1245 2062 1301 adhiben-

404 1332 522 1384 tur.
558 1329 711 1386 Nulli
735 1346 879 1402 ergo
908 1333 1095 1389 altero
1113 1335 1327 1389 rectius
1352 1335 1570 1390 ascribi
1609 1339 1806 1407 potest
1835 1335 2064 1391 Consti-

409 1417 710 1474 tutionum
740 1419 910 1490 liber,
937 1437 1126 1494 quam
1171 1424 1500 1492 Eustatbio,
1545 1425 1641 1480 cui
1671 1424 1854 1480 tribui
1883 1424 2063 1480 debet

403 1506 692 1580 quidquid
704 1509 765 1564 in
780 1511 1065 1567 Asceticis
1080 1513 1340 1568 Basilian
1349 1529 1448 1569 am
1459 1513 1760 1570 scribendi
1772 1513 2060 1569 rationem

403 1610 530 1650 non
557 1597 734 1668 sapit.
770 1600 1082 1657 Familiare
1108 1607 1198 1658 est
1226 1603 1736 1659 Constitutionum
1763 1603 2059 1676 scriptori,

403 1699 545 1739 cum
605 1688 1018 1745 monasticum
1040 1691 1276 1747 vivendi
1305 1708 1496 1762 genus
1541 1693 1886 1763 signiﬁcare
1912 1693 2060 1759 vult,

2167 524 2421 596 scriptas
2451 541 2606 590 esse,
2630 528 2696 580 ut
2730 524 2865 595 ipsa
2886 519 3195 577 scribendi
3214 519 3368 575 ratio
3396 517 3598 574 Basilii
3634 516 3822 588 phra-

2166 614 2280 670 sim
2310 613 2486 686 plane
2515 613 2801 670 redoleat.
2835 615 3038 684 Neque
3085 609 3148 665 in
3176 609 3292 664 hoc
3323 607 3470 663 mihi
3500 606 3686 662 ﬁdem
3712 605 3821 660 ha-

2166 703 2294 759 beri
2322 704 2480 772 volo,
2513 703 2619 759 sed
2649 701 2818 772 gravi
2848 707 2903 757 et
2923 700 3158 756 erudito
3177 697 3448 770 scriptori
3481 695 3688 752 Photio
3719 695 3822 765 (Γ),

2165 795 2270 867 qui
2297 793 2358 849 in
2389 792 2628 863 Regulie
2655 791 2880 864 stylum
2910 789 3105 846 Basilii
3131 793 3188 845 et
3223 803 3479 844 manum
3499 784 3822 856 agnovisse

2168 900 2230 939 se
2253 889 2504 939 testatus
2539 889 2649 939 est.
2685 884 2834 938 Sunt
2886 884 3178 952 prmterea
3199 879 3261 934 in
3297 875 3532 946 Regulis
3563 873 3822 947 peculia-

2167 989 2264 1030 res
2284 973 2568 1046 quaedam
2617 971 2897 1028 Basiliani
2956 969 3094 1042 styli
3145 973 3325 1034 notae,
3348 982 3506 1039 quae
3534 963 3638 1036 qui
3668 963 3826 1018 serio

2168 1062 2510 1126 attenderit,
2542 1078 2680 1118 eum
2696 1061 2969 1134 ipsarum
2990 1063 3302 1114 auctorem
3323 1071 3455 1111 esse
3479 1052 3654 1110 facile
3681 1051 3827 1107 fate-

2168 1153 2348 1208 bitur.
2384 1151 2585 1218 Qualis
2615 1155 2707 1207 eet
2737 1151 2868 1206 haec
2908 1147 3154 1204 dicendi
3198 1145 3486 1214 formula,
3539 1159 3644 1214 ego
3675 1142 3824 1208 vidi,

2169 1247 2293 1307 aut,
2321 1258 2422 1312 ego
2444 1243 2586 1298 novi
2612 1258 2625 1297 :
2657 1255 2782 1314 qua
2809 1237 3183 1296 familiariter
3211 1236 3297 1291 uti
3353 1234 3602 1291 solitum
3662 1231 3828 1290 Basi-

2168 1332 2318 1388 lium
2343 1331 2770 1388 adnotavimus
2814 1329 2916 1399 (9).
2971 1326 3244 1384 Similiter
3264 1340 3376 1381 suo
3403 1324 3538 1380 loco
3593 1320 3832 1378 monui-

2173 1441 2308 1480 mus
2340 1424 2450 1495 (h).
2478 1421 2800 1489 Baeilium,
2830 1435 2970 1474 cum
2987 1417 3062 1474 de
3095 1417 3302 1489 aliqua
3330 1430 3394 1471 re
3419 1412 3826 1479 disseruisset,

2170 1514 2286 1570 hac
2331 1509 2735 1569 concludendi
2779 1510 3010 1565 ratione
3057 1506 3323 1562 maxime
3379 1501 3684 1571 delectari,
3737 1506 3831 1553 καὶ

2171 1613 2338 1658 ταῦτα
2383 1607 2473 1676 μὲν
2517 1601 2600 1655 ἐπὶ
2644 1608 2914 1665 τοσοῦτον,
2966 1597 3082 1664 vel,
3114 1601 3178 1648 τὰ
3211 1599 3300 1667 μὲν
3349 1591 3436 1647 οὖν
3485 1598 3605 1665 περὶ
3646 1599 3831 1644 τοσοῦ-

2171 1714 2278 1761 τον,
2311 1692 2406 1748 vel
2433 1691 2551 1748 alio
2581 1689 2759 1746 simili
2784 1688 2990 1745 modo.
3019 1689 3137 1742 lloc
3149 1689 3352 1742 autem
3374 1681 3615 1739 dicendi
3638 1696 3832 1751 genus

403 1774 658 1830 vocibus
711 1782 816 1833 aut
845 1779 1142 1852 φιλοσοφία,
1175 1786 1279 1836 aut
1309 1782 1606 1855 φιλόσοφος,
1641 1788 1744 1838 aut
1771 1783 2059 1855 φιλοσοφεῖν

2171 1782 2232 1838 in
2265 1780 2504 1850 Regulis
2533 1793 2783 1851 quoque
2807 1779 3156 1848 usurpatur.
3193 1772 3366 1829 Haud
3414 1770 3706 1827 dissimile
3742 1772 3837 1825 est

403 1863 491 1918 uti
521 1864 626 1934 (a):
648 1881 804 1938 quas
823 1871 1023 1925 tamen
1037 1885 1216 1926 voces
1240 1871 1507 1926 invenire
1520 1888 1642 1927 non
1656 1878 1745 1928 est
1767 1873 1931 1945 apud
1953 1874 2060 1929 Ba-

405 1951 607 2008 silium
631 1954 747 2011 hoc
770 1973 959 2013 sensu
986 1966 1290 2031 acceptas.
1307 1964 1432 2016 Non
1449 1962 1605 2018 male
1633 1962 1811 2032 igitur
1839 1964 2060 2018 Consti-

406 2041 706 2100 tutionum
719 2045 870 2101 liber
882 2048 956 2102 ad
961 2048 981 2118 j
995 2048 1335 2105 udicabitur
1347 2051 1981 2124 Eustatbio,qui,quod
1997 2053 2059 2108 in

344 2200 346 2202 ν
403 2131 686 2188 Asceticis
717 2150 753 2190 a
773 2136 1074 2192 Basiliano
1089 2139 1399 2196 scribendi
1419 2155 1635 2208 genere
1661 2141 1925 2196 alienum
1941 2146 2057 2209 est,

406 2234 520 2273 suo
550 2221 822 2292 quodam
841 2223 1000 2294 jure,
1044 2241 1237 2298 eoque
1271 2227 1545 2299 antiquo,
1606 2228 1718 2284 sibi
1771 2229 2056 2286 vindicat.

405 2307 605 2366 Simile
633 2314 910 2386 estquod
941 2315 1233 2387 sequitur.
1271 2321 1334 2372 ln
1366 2318 1724 2374 memoriam
1757 2319 1938 2389 igitur
1965 2337 2058 2375 re-

406 2399 750 2456 vocandum
795 2403 962 2475 quod
1019 2405 1164 2471 dixi,
1223 2406 1482 2462 verbum
1534 2410 1799 2461 ποιεῑσθαι
1863 2408 1947 2465 ita
1996 2411 2056 2465 in

405 2488 946 2548 Constitutionibus
963 2494 1258 2563 adhiberi,
1287 2500 1349 2551 ut
1370 2496 1517 2568 ipsis
1550 2498 1913 2568 etiamlocis,
1953 2500 2058 2556 ubi

404 2580 678 2648 tempore
707 2582 952 2652 passivo
983 2583 1249 2654 ponitur,
1308 2590 1512 2642 tamen
1555 2587 2059 2656 signiﬁcationem

404 2667 668 2726 activam
725 2676 924 2728 servet
974 2673 1092 2743 (b):
1147 2675 1321 2742 cujus
1363 2675 1449 2730 rei
1505 2693 1616 2732 suo
1674 2677 1810 2732 loco
1868 2680 2059 2736 multa

403 2757 685 2832 exempla
732 2760 1116 2831 protulimus.
1163 2763 1264 2819 Hic
1333 2769 1536 2820 autem
1585 2764 1753 2821 verbi
1792 2768 2060 2818 ποιεῖσθαι

404 2861 551 2902 usus
584 2848 918 2906 Basilianus
948 2868 1073 2908 non
1100 2858 1207 2908 est:
1234 2855 1660 2911 Eustathianus
1702 2856 2058 2926 igitur,cum

401 2937 799 2996 Eustathiana
855 2957 984 2996 esse
1009 2941 1082 2998 ab
1103 2942 1389 2998 omnibus
1417 2944 1716 3017 dicantur,
1750 2961 1887 3018 quae
1935 2961 2059 3001 non

402 3024 705 3084 Basdiana
733 3045 862 3085 esse
891 3037 1245 3088 noscuntur.

2169 1871 2335 1944 quod
2350 1869 2677 1926 ascribam.
2714 1867 3083 1937 Scripturam
3112 1877 3352 1919 sacram
3367 1860 3706 1932 signiﬁcare
3736 1873 3836 1914 vo-

2168 1955 2300 2017 lens
2335 1959 2606 2024 Basilius,
2641 1959 2722 2014 ita
2770 1955 3007 2012 locutus
3033 1959 3121 2010 est
3157 1955 3246 2022 (ἱ),
3289 1947 3663 2024 παραδίδωσιν
3708 1952 3837 2010 ἴσως

2169 2053 2195 2104 ὀ
2225 2061 2320 2112 τῆς
2351 2049 2612 2110 εὐσεϐειας
2633 2048 2802 2118 λόγος,
2833 2045 3023 2102 tradit
3052 2046 3314 2113 fortasse
3345 2041 3588 2111 pietatis
3617 2053 3835 2095 sermo.

2168 2145 2254 2198 lta
2277 2145 2476 2198 autem
2509 2137 2676 2210 loqui
2708 2151 2956 2209 quoque
2981 2134 3350 2203 Regularum
3389 2136 3701 2187 auctorem
3756 2126 3838 2183 ad

2165 2230 2329 2285 idem
2387 2225 2860 2297 signiﬁcandum
2900 2227 3133 2279 constat
3168 2224 3267 2292 (j).
3325 2218 3578 2276 Basilius
3601 2218 3663 2274 in
3711 2216 3838 2272 suis

2164 2318 2334 2377 libris
2358 2332 2484 2373 non
2512 2331 2649 2372 raro
2677 2318 2885 2370 monet
2903 2313 3055 2369 alios
3079 2313 3435 2384 interpretes
3473 2309 3644 2367 aliter
3673 2323 3835 2380 quaa-

2166 2407 2310 2464 dam
2333 2406 2651 2477 Scriptura:
2681 2402 2816 2458 loca
2844 2402 3222 2473 interpretari
3249 2417 3261 2454 :
3293 2399 3461 2472 quod
3492 2399 3672 2454 etiam
3703 2395 3842 2451 fecit

2167 2497 2272 2570 qui
2305 2495 2560 2565 Regulas
2597 2494 2659 2549 in
2698 2492 2898 2548 lucem
2932 2490 3120 2547 edidit
3149 2491 3254 2560 (lc).
3295 2491 3410 2545 Has
3441 2486 3682 2543 dicendi
3725 2486 3842 2541 for-

2167 2586 2389 2652 mulas,
2465 2589 2552 2636 τὸν
2629 2581 2916 2654 ἐπιμελειαν
2992 2585 3087 2638 τὴν
3172 2584 3348 2638 κοινὴν
3430 2580 3834 2648 πεπιστευμένον

2168 2681 2218 2730 οἱ
2247 2682 2340 2736 τὴν
2369 2672 2592 2746 ear/iw:
2623 2682 2722 2726 τῶν
2753 2671 2950 2724 πολλῶν
2981 2674 3400 2741 πεπιστευμένοι,
3456 2673 3512 2724 et
3556 2666 3834 2738 ejusdem

2169 2765 2404 2839 generis
2435 2764 2583 2820 alias
2609 2761 2831 2834 saepius
2859 2761 2922 2816 in
2953 2758 3214 2829 Regulis,
3249 2756 3506 2814 inveniri
3555 2755 3835 2828 aliquan-

2171 2861 2228 2912 to
2255 2860 2396 2911 ante
2423 2853 2631 2910 multis
2647 2850 2940 2923 exemplis
2967 2849 3203 2906 ostendi
3225 2849 3316 2919 (ι).
3348 2846 3576 2902 Eodem
3627 2849 3836 2902 autem

2167 2946 2491 3006 illoinloco
2515 2947 2826 2998 ostensum
2841 2946 2948 3006 est,
2970 2939 3278 3007 Baeilium,
3304 2953 3446 2994 cum
3462 2935 3834 3009 principium

2169 3033 2632 3092 Proverbiorum
2647 3030 2995 3104 explicaret,
3009 3045 3133 3086 non
3154 3027 3605 3084 aliterlocutum
3629 3025 3834 3082 fuisse.

471 3119 820 3184 46.Quanta
833 3119 1310 3194 sitantiquorum
1333 3122 1701 3194 scriptorum
1729 3124 2057 3180 auctoritas
2089 3152 2131 3205 ο
2171 3128 2253 3181 Ex
2277 3123 2498 3196 quibus
2518 3121 2801 3176 omnibus
2815 3118 3078 3193 perspici
3097 3116 3537 3190 potest,Basilio
3574 3115 3837 3172 tribuen-

401 3203 465 3260 in
495 3207 795 3275 ejusmodi
825 3210 1264 3280 quaestionibus
1295 3211 1937 3284 persolvendis,nemo,
1956 3214 2061 3287 qui

402 3293 656 3364 paulum
671 3297 856 3352 modo
869 3297 1194 3354 humanior
1207 3305 1314 3367 est,
1331 3300 1587 3370 ignorat.
1607 3302 1826 3359 Basilio
1857 3308 2060 3359 autem

403 3379 666 3451 Regulas
693 3385 1092 3459 antiquissimi
1118 3392 1174 3444 et
1191 3387 1644 3462 locupletissimi
1667 3396 1944 3448 auctores
1968 3391 2063 3447 tri-

401 3469 620 3542 buunt,
649 3473 921 3544 Ruﬁnus,
946 3479 1288 3548 Cassianus,
1309 3481 1637 3553 imperator
1665 3480 2059 3548 Justinianus,

407 3561 648 3618 Photius
674 3565 774 3636 (ο).
803 3567 1078 3637 Proinde,
1107 3586 1248 3626 cum
1278 3571 1446 3627 nulla
1471 3587 1660 3626 causa
1700 3571 1791 3641 sit,
1845 3587 1952 3626 cur
1981 3570 2060 3626 ab

401 3650 516 3707 hac
573 3654 908 3726 priscorum
938 3659 1302 3732 scriptorum
1335 3661 1618 3733 opinione
1647 3660 2057 3728 discedamus,

401 3743 660 3811 Regulae
683 3746 1261 3820 Basiliogadjudicari
1291 3767 1534 3823 aequum
1565 3756 1679 3807 est.
1707 3755 1855 3807 Cum
1881 3751 2060 3820 igitur

401 3834 546 3890 satis
571 3842 808 3894 constet
833 3855 905 3895 ex
934 3839 1110 3895 dictis
1140 3841 1241 3911 (ά),
1272 3845 1340 3897 ut
1369 3841 1514 3897 mihi
1538 3839 2056 3913 quidemvidetur.

401 3925 768 3994 Regularum
793 3929 1150 4000 scriptorem
1180 3929 1366 3986 alium
1393 3947 1527 3986 esse
1549 3931 1628 3986 ab
1659 3947 1754 4000 eo,
1781 3930 1886 4004 qui
1914 3933 2062 3987 Con-

404 4015 782 4072 stitutionum
811 4018 1034 4074 librum
1063 4019 1269 4087 edidit,
1295 4036 1404 4077 nec
1437 4020 1691 4076 Basilius
1706 4037 1914 4077 earum
1928 4021 2058 4094 opi-

401 4106 500 4162 fex
529 4107 646 4163 dici
676 4110 884 4180 possit,
909 4111 1016 4183 qui
1043 4111 1265 4167 scilicet
1309 4127 1380 4167 ex
1440 4116 1710 4168 veterum
1764 4113 2062 4170 sententia

403 4197 661 4266 Regulae
682 4200 1022 4267 confecerit,
1055 4208 1209 4257 certe
1230 4202 1328 4258 hic
1374 4203 1876 4258 Constitutionum
1915 4203 2063 4258 liber

397 4287 532 4357 jure
580 4289 897 4346 ascribitur
941 4291 1268 4363 Eustatbio,
1309 4307 1494 4364 quem
1525 4308 1737 4348 omnes
1775 4293 1949 4349 facile
1981 4293 2062 4349 fa-

396 4381 600 4433 tentur
629 4383 936 4436 auctorem
968 4396 1097 4436 esse
1123 4397 1336 4437 eorum
1359 4383 2058 4456 Asceticorum,quorum

400 4467 655 4523 Basilius
705 4475 918 4526 auctor
965 4486 1089 4526 non
1112 4477 1220 4526 est.
1254 4471 1518 4541 Regulm,
1562 4473 1611 4527 si
1640 4488 1735 4527 res
1764 4472 1902 4544 ipsa
1930 4473 2060 4528 dili-

397 4561 607 4627 genter
651 4559 1088 4630 coneideretur,
1148 4577 1303 4633 opus
1339 4566 1481 4618 sunt
1532 4561 1712 4632 longe
1743 4567 1799 4617 et
1828 4562 2064 4618 doctius

405 4651 462 4703 et
477 4647 817 4719 perfectius,
833 4666 1023 4723 quam
1040 4651 1387 4708 monastic-ae
1405 4651 1889 4708 Constitutiones.
1913 4654 2064 4708 Cum

400 4751 544 4806 ergo
574 4753 646 4793 ex
676 4738 768 4794 his
794 4739 1037 4796 duobus
1067 4741 1464 4813 operibus,ut
1493 4742 1711 4814 saepius
1738 4743 1946 4799 monui
1965 4745 2061 4820 (θ),

398 4823 655 4883 alterum
686 4829 930 4896 Basilio,
971 4829 1230 4885 alterum
1272 4829 1586 4888 Eustatbio
1615 4830 1833 4886 ascribi
1889 4847 2065 4903 opor-

397 4920 542 4984 teat,
572 4918 855 4974 convenit
881 4917 1280 4988 praestantiori
1309 4919 1544 4986 Basilio,
1569 4919 1752 4975 tribui
1780 4921 2060 4992 Regulae,

396 5021 535 5079 quae
567 5007 1011 5078 praestantiores
1042 5011 1200 5062 sunt:
1220 5007 1681 5064 Eustathiovero
1703 5009 1904 5065 minus
1917 5025 2063 5082 prae-

399 5097 606 5168 stanti,
665 5097 1034 5154 monasticae
1119 5096 1604 5163 Constitutiones,
1655 5114 1809 5171 quas
1856 5099 2060 5156 nullus

398 5203 612 5264 aequus
659 5203 861 5243 rerum
891 5186 1222 5243 aestimator
1271 5186 1470 5243 minus
1527 5193 1878 5260 praestantes
1926 5204 2060 5246 esse

469 5288 553 5356 (a)
593 5289 729 5356 Leg.
771 5301 833 5342 n.
877 5290 965 5341 57.

469 5288 532 5356 (a
593 5289 729 5413 Leg.
771 5301 833 5342 n.

469 5359 527 5501 ξι)
587 5358 674 5414 Ibi
723 5373 840 5414 em.

495 5445 527 5486 ο
586 5431 724 5501 Leg.
765 5445 825 5485 n.

471 5505 490 5556 ί
545 5502 561 5556 i
600 5503 739 5556 Leg.
777 5515 839 5556 n.

495 5431 551 5501 ο)
586 5431 724 5501 Leg.
765 5445 825 5485 n.
870 5431 958 5484 39.

471 5501 561 5572 (ά)
600 5503 739 5571 Leg.
777 5515 839 5556 n.
881 5501 951 5556 34
975 5502 1033 5557 et
1061 5514 1196 5572 seq.

471 5574 549 5713 ge)
587 5574 723 5640 Leg.
753 5588 815 5627 n.
850 5572 938 5628 40.

493 5646 545 5713 f)
586 5643 731 5702 Cod.
763 5659 906 5713 εχει,

493 5646 545 5722 f)
586 5643 731 5702 Cod.
763 5659 906 5719 εχει,
940 5659 1002 5719 p.
1033 5643 1162 5703 493.

2169 3213 2283 3270 das
2309 3229 2437 3269 esse
2462 3209 2738 3281 Regulae,
2765 3210 2827 3266 in
2858 3208 3079 3282 quibus
3120 3206 3404 3264 Basiliani
3438 3205 3576 3278 styli
3622 3219 3837 3260 monu-

2172 3308 2377 3360 menta
2398 3300 2588 3356 multa
2619 3305 2881 3366 exstant,
2905 3313 3029 3354 non
3044 3302 3248 3353 autem
3282 3296 3656 3352 monasticae
3689 3299 3838 3351 tton-

2171 3391 2529 3457 stitutiones,
2562 3390 2624 3445 in
2656 3388 2880 3462 quibus
2910 3403 2992 3446 ne
3014 3386 3334 3457 vestigium
3377 3384 3632 3458 quidem
3674 3383 3834 3440 illius

2170 3481 2360 3538 ullum
2412 3479 2735 3552 reperitur.
2806 3476 2925 3534 Sed
2972 3476 3022 3532 si
3075 3475 3315 3545 Regulae
3375 3473 3564 3530 semel
3617 3472 3831 3530 Basilio

2170 3570 2562 3630 ascribantur,
2590 3571 2871 3640 superest
2900 3570 2964 3621 ut
2980 3564 3328 3620 Eustathius
3341 3563 3421 3619 ob
3452 3578 3612 3632 eam,
3643 3577 3832 3635 quam

2171 3660 2388 3732 saepius
2401 3658 2644 3731 protuli,
2664 3671 2915 3712 causam
2929 3652 3440 3710 Constitutionum
3461 3653 3831 3708 monastica-

2166 3765 2303 3806 rum
2334 3752 2544 3804 auctor
2554 3762 2690 3803 esse
2701 3743 3254 3801 dicatur.Praeterea
3271 3747 3483 3798 notum
3497 3747 3587 3798 est
3615 3747 3673 3798 et
3693 3756 3834 3797 con-

2169 3838 2394 3894 fessum
2405 3836 2723 3908 ,optimum
2741 3833 3096 3904 scriptorem
3111 3832 3392 3888 Basilium
3405 3834 3833 3900 argumentum

2168 3926 2336 4001 quod
2347 3925 2532 3982 semel
2545 3922 3008 3996 disquirendum
3030 3921 3416 3994 suscepisset,
3451 3921 3534 3977 ita
3549 3925 3829 3982 tractare,

2169 4022 2236 4072 ut
2260 4031 2574 4088 nunquam
2598 4012 2762 4069 aliud
2780 4017 3267 4084 agat,nunquam
3281 4027 3318 4068 a
3333 4010 3651 4084 proposito
3665 4009 3836 4066 aber-

2167 4113 2600 4177 ret,nunquam
2622 4103 2856 4159 omittat
2872 4101 3208 4174 quidquam
3228 4116 3438 4156 eorum
3451 4116 3589 4173 quae
3609 4099 3690 4156 ad
3704 4115 3833 4155 rem

2168 4195 2529 4269 pertineant.
2562 4195 2650 4250 lta
2680 4197 2881 4248 autem
2910 4193 3171 4263 scriptus
3209 4195 3299 4246 est
3327 4189 3833 4246 Constitutionum

2169 4285 2340 4349 liber,
2383 4290 2448 4339 ut
2470 4284 2599 4354 ejus
2629 4288 2841 4338 auctor
2870 4281 3035 4337 aliud
3058 4280 3266 4350 egerit,
3295 4279 3834 4350 aberraveritquea

2169 4375 2506 4448 proposito,
2531 4389 2640 4430 nec
2658 4372 2998 4445 quidquam
3010 4370 3227 4426 dixerit
3239 4386 3446 4425 eorum
3461 4368 3688 4441 quaead
3700 4384 3831 4424 rem

2170 4464 2551 4539 pertinerent.
2581 4467 2647 4519 Et
2685 4478 2822 4518 vero
2863 4461 2982 4517 nisi
3025 4460 3331 4517 docuisset
3352 4459 3483 4531 ipse
3511 4462 3667 4530 (cap.
3717 4461 3827 4530 t8),

2171 4554 2484 4627 scripsisse
2500 4569 2561 4609 se
2573 4553 2836 4626 primam
2865 4551 2958 4606 sui
2987 4549 3186 4622 operis
3207 4553 3438 4621 partem
3453 4547 3532 4604 ad
3547 4547 3785 4604 anacho
3797 4577 3824 4590 -

2170 4650 2329 4701 retas
2352 4642 2777 4709 instituendos,
2801 4641 2863 4697 id
2892 4655 3143 4712 prorsus
3173 4641 3618 4709 ignoraremus.
3660 4640 3826 4701 Quaa-

2172 4751 2407 4809 cunque
2425 4734 2585 4789 enim
2611 4732 2673 4787 in
2703 4731 2902 4804 prima
2921 4728 3509 4786 illamonasticarum
3538 4729 3832 4785 Constitu-

2171 4827 2403 4883 tionum
2437 4828 2609 4896 parte
2657 4821 2956 4891 leguntur,
2988 4818 3102 4875 hoc
3128 4824 3221 4874 est
3249 4819 3307 4874 in
3347 4817 3555 4890 primis
3585 4818 3827 4875 totisse-

2170 4913 2535 4990 ptemdecim
2549 4911 2950 4983 capitibus,ea
2967 4924 3089 4964 non
3105 4909 3300 4976 magis
3323 4907 3401 4963 ad
3425 4907 3826 4964 anachoretas

2171 5010 2668 5078 spectant,quam
2682 5001 2760 5056 ad
2773 4998 3129 5055 cmnobitas:
3146 4997 3270 5053 imo
3299 5012 3442 5053 vero
3464 4997 3636 5070 plura
3663 5003 3824 5062 sunt,

2169 5113 2304 5170 quae
2335 5093 2413 5151 ad
2433 5092 2801 5150 Christianos
2813 5104 3024 5146 omnes
3043 5087 3249 5144 referri
3279 5086 3670 5158 possunt.Cui
3683 5103 3828 5157 ergo

2168 5183 2524 5261 persuaderi
2552 5180 2789 5254 poterit,
2821 5177 3290 5251 Basilium,quia
3308 5177 3623 5251 proposito
3651 5177 3830 5234 decli-

2262 5284 2323 5355 g)
2368 5285 2502 5350 Leg.
2536 5296 2600 5336 n.
2625 5283 2783 5355 29_et
2802 5281 2891 5334 42.

2258 5351 2316 5426 h)
2361 5357 2503 5426 Leg.
2537 5351 2827 5408 eumdem
2865 5365 2924 5406 n.
2954 5351 3044 5406 42.

2262 5424 2306 5483 ii
2348 5424 2602 5482 Ibidem.

2235 5497 2304 5570 (Vi)
2346 5497 2598 5570 Ibidem.

2233 5568 2313 5641 (k)
2356 5568 2606 5641 ibidem.

2236 5639 2303 5714 (ι)
2338 5639 2588 5696 Ibidem.
