4092 6390
147 315 237 366 125
802 327 805 336 ’
1643 317 2025 374 ΡΒᾸΞΡΑΤΙΟ.

3462 325 3563 378 426

137 449 279 490 nare
308 449 434 491 non
457 435 710 505 solebat,
735 441 1034 510 ejusmodi
1057 442 1198 498 libri
1218 443 1609 500 architectum
1634 458 1786 512 esse,

1906 446 2048 506 νὸτες
2066 448 2323 518 μετέσχον
2344 447 2724 523 παραπλησίως
2742 466 2913 520 εκεινῳ
2933 456 3025 500 τοῦ
3046 448 3444 516 πάθους.οαοά
3461 463 3565 506 au-

134 523 198 579 in
238 541 360 597 quo
407 527 558 582 nihil
599 530 912 602 proprium
959 533 1261 589 invenitur
1289 549 1496 589 eorum
1529 549 1793 606 quorum

134 615 327 686 gratia
355 619 738 690 conscriptus
776 620 962 677 fuisse
987 622 1207 678 dicitur
1227 626 1254 680 ‘2
1285 625 1472 691 Certe,
1494 629 1794 696 quantum

135 721 244 776 ego
275 723 566 778 auguror,
602 710 654 766 si
684 712 932 768 Basilius
961 719 1170 770 auctor
1207 720 1370 770 esset
1419 715 1794 772 Constitutioe

131 811 278 851 num
324 799 826 868 monasticarum,
875 803 1126 872 monita,
1173 804 1447 873 consilia,
1492 809 1794 876 praecepta

133 885 324 943 multa
352 889 718 961 tradidisset,
754 891 976 963 quibus
1027 895 1410 950 anachoretze
1451 895 1672 966 partim
1713 893 1793 949 ad

131 976 407 1048 proprias
427 978 478 1048 ej
489 994 558 1034 us
579 983 772 1036 status
792 981 1039 1038 virtutes
1063 983 1429 1040 excolendas
1468 983 1793 1039 excitaren-

133 1069 246 1134 tur,
280 1068 504 1138 partim
531 1070 1029 1141 admonerentur,
1056 1076 1123 1128 ut
1141 1073 1326 1145 hujus
1357 1074 1610 1130 instituti
1641 1073 1794 1146 peri-

133 1154 288 1224 cuia,
339 1172 477 1228 quae
521 1173 754 1228 magna
796 1163 852 1215 et
899 1160 1092 1218 multa
1121 1167 1264 1218 sunt
1289 1162 1544 1218 vitarent
1576 1179 1588 1216 :
1622 1161 1810 1233 quod,

132 1260 269 1301 cum
289 1246 515 1303 factum
537 1264 661 1304 non
683 1250 776 1319 sit,
800 1250 940 1307 inde
957 1251 1156 1322 colligi
1171 1251 1370 1322 debet,
1385 1253 1547 1308 hunc
1566 1251 1790 1307 librum

133 1333 310 1390 tribui
336 1351 461 1392 non
491 1352 671 1409 posse
705 1339 942 1410 Basilio,
973 1341 1077 1413 qui
1103 1342 1178 1396 de
1208 1357 1574 1415 quacunque
1593 1357 1656 1396 re
1676 1341 1792 1396 dis-

132 1424 364 1481 serebat
387 1425 872 1497 diligentissime,
905 1432 1010 1486 sed
1037 1431 1206 1488 alteri
1254 1433 1506 1499 auctori,
1531 1431 1637 1504 qui
1668 1437 1793 1487 tan-

131 1518 248 1571 tam
279 1515 657 1586 diligentiam
686 1519 748 1574 in
774 1520 1095 1577 scribendo
1116 1537 1242 1578 non
1284 1521 1572 1594 ponebat.
1623 1525 1791 1577 Recte

131 1618 269 1674 ergo
287 1605 632 1678 fecerimus,
665 1609 714 1664 si
740 1609 1208 1666 Constitutiones
1261 1611 1635 1667 monasticae
1683 1613 1790 1665 Eu-

134 1693 350 1750 stathio
403 1695 854 1768 adjudicemus,
918 1701 1348 1773 imitemurque
1403 1700 1789 1757 doctissimos

1908 538 2019 588 tem
2040 548 2108 589 ea
2128 550 2258 606 qua?
2292 537 2520 592 Adamo
2546 538 2711 593 dicta
2739 542 2901 601 sunt,
2926 537 3090 593 dicta
3118 543 3238 594 sint
3291 539 3564 594 omnibus

1906 637 1981 678 ex
2003 638 2065 678 eo
2088 625 2384 691 oriundzs,
2419 627 2561 682 hinc
2589 627 2972 696 perspicuum
2995 632 3099 682 est.
3122 627 3360 683 Etenim
3389 629 3565 684 illum

1903 712 2140 782 quidem
2159 717 2342 769 morti
2368 715 2607 773 addixit
2640 718 2818 782 Deus,
2843 736 2871 764 ‹‹
2909 717 3094 771 Terra.
3134 731 3213 783 es,
3250 723 3306 772 et
3337 717 3402 771 in
3447 723 3562 773 ter-

1906 815 2034 855 ram
2055 804 2371 858 reverteris
2399 805 2470 874 “,
2501 821 2532 856 ›
2559 805 2761 860 dicens
2787 821 2799 857 :
2831 805 2936 860 sed
2957 818 3156 860 omnes
3178 809 3469 875 quotquot
3489 804 3564 860 ab

1902 904 1967 945 eo
2002 893 2296 960 originem
2324 893 2572 964 duxere,
2603 909 2724 948 non
2753 907 2918 949 secus
2950 908 3022 948 ac
3041 894 3166 963 ipse
3196 893 3378 963 hujus
3401 894 3567 949 cala-

1901 981 2130 1036 mitatis
2167 984 2490 1051 participes
2525 985 2832 1040 exstitere.
2868 985 3016 1040 Cum
3058 984 3174 1039 hoc
3207 983 3379 1054 legis,
3422 985 3566 1040 hinc

1895 1072 2284 1139 perspicuum
2312 1078 2419 1142 est,
2447 1073 2658 1129 credas
2680 1088 3028 1128 sermonem
3048 1072 3262 1128 haberi
3278 1073 3354 1129 de
3382 1089 3444 1128 re
3464 1073 3568 1130 ali-

1902 1174 2045 1230 qua,
2071 1177 2207 1232 quae
2235 1162 2401 1235 prius
2418 1162 2718 1234 explicata
2747 1163 2854 1218 sit:
2877 1162 2984 1218 sed
3005 1178 3182 1218 secus
3201 1167 3312 1218 est.
3332 1161 3564 1218 Etenim

1900 1249 2068 1320 quod
2087 1249 2186 1306 hic
2205 1253 2598 1323 perspicuum
2619 1267 2752 1308 esse
2772 1252 3012 1320 dicitur,
3034 1252 3095 1308 id
3117 1251 3234 1309 tale
3255 1267 3387 1308 esse
3426 1268 3567 1324 pos-

1899 1341 1996 1393 tea
2011 1339 2324 1410 probatur.
2344 1346 2568 1398 Auctor
2581 1342 2767 1414 paulo
2783 1341 3046 1414 peritior,
3069 1345 3131 1397 ut
3151 1341 3564 1413 mihiquidem

1899 1428 2153 1496 videtur,
2176 1434 2282 1485 aut
2304 1446 2514 1486 vocem
2539 1431 2784 1498 ἐντεῦθεν,
2813 1447 2950 1503 quae
2974 1431 3088 1486 hoc
3113 1429 3249 1486 loco
3272 1430 3432 1487 male
3461 1447 3566 1487 au-

1900 1517 2078 1587 ditur,
2106 1519 2429 1592 omisisset,
2467 1520 2677 1592 sicque
2704 1519 2848 1576 satis
2869 1524 3007 1592 apte
3033 1523 3243 1576 o’mnia
3267 1535 3562 1577 consona-

1899 1613 2051 1677 rent,
2078 1614 2136 1665 et
2155 1609 2238 1666 ita
2262 1609 2644 1682 interpretari
2674 1610 2897 1676 liceret,
2926 1612 3090 1678 Quod
3118 1617 3318 1667 autem
3340 1625 3408 1667 ea
3433 1625 3564 1683 quae

1898 1698 1946 1753 A
1957 1699 2133 1754 damo
2151 1699 2315 1756 dicta
2329 1701 2472 1766 sint,
2502 1701 2666 1756 dicta
2678 1701 2797 1755 sint
2811 1701 3083 1756 omnibus
3097 1715 3175 1756 ea:
3188 1715 3251 1756 eo
3265 1701 3560 1764 oriundis,

131 1797 401 1856 quosque
441 1787 718 1842 omnium
750 1792 996 1844 aetatum
1042 1790 1341 1859 homines,
1373 1790 1500 1862 qui,
1544 1791 1592 1845 si
1640 1788 1788 1862 quid
1815 1832 1862 1886 Β
1895 1790 2280 1858 perspicuum
2301 1795 2406 1846 est.
2427 1791 2584 1846 Nam
2599 1791 2775 1847 illum
2798 1791 3199 1862 quidem,etc.;
3223 1794 3328 1846 aut
3349 1790 3400 1845 si
3421 1805 3564 1845 voce

131 1877 415 1943 putarunt
443 1877 646 1932 Basilii
673 1893 800 1933 non
839 1895 974 1935 esse
1001 1879 1065 1935 in
1091 1881 1387 1948 Asceticis,
1409 1880 1472 1936 id
1501 1881 1788 1953 episcopo

134 1962 460 2021 Sebasteno
491 1967 710 2023 ascribi
749 1974 1024 2040 oportere
1054 1970 1544 2042 pronuntiarunt.

196 2058 284 2109 47.
315 2056 480 2112 Libet
506 2057 620 2113 alia
645 2059 932 2130 quaedam
962 2059 1098 2116 loca
1125 2076 1488 2132 proponere,
1511 2078 1540 2116 e
1563 2060 1788 2133 quibus

127 2145 383 2219 quisque
415 2148 588 2205 facile
617 2148 914 2220 intelligat
950 2151 1243 2208 Basilium
1277 2154 1786 2210 Constitutionum

129 2239 600 2296 monasticarum
650 2247 960 2297 auctorem
1024 2259 1160 2300 vere
1225 2245 1344 2300 dici
1398 2260 1522 2301 non
1579 2261 1784 2318 posse.

128 2327 387 2385 Primum
419 2331 744 2403 excribam,
780 2333 949 2404 quod
979 2333 1040 2388 in
1080 2335 1336 2406 praemio
1366 2335 1584 2405 legitur
1618 2338 1783 2410 (pag.

133 2421 254 2477 533)
288 2435 300 2473 ε
329 2425 594 2492 Πρόφασις
646 2426 734 2495 μὲν
784 2419 890 2494 οὖν,
943 2428 1009 2485 ὡς
1051 2426 1115 2476 τὰ
1139 2424 1323 2490 πολλὰ,
1357 2433 1466 2487 τοῖς
1497 2424 1787 2500 ἀνθρώποις

131 2516 224 2569 τῆς
269 2515 388 2582 περὶ
425 2513 517 2573 τὰς
560 2517 813 2585 κοσμικὰς
862 2513 1143 2587 ἐπιθυμίας
1184 2534 1239 2567 τε
1283 2520 1373 2567 καὶ
1431 2513 1646 2582 ἡδονὰς,
1698 2517 1786 2570 καὶ

134 2595 436 2671 φροντίδας,
496 2603 521 2652 ὁ
569 2605 758 2676 γάμος·
809 2607 926 2656 οὔτε
967 2608 1068 2679 γὰρ
1114 2614 1210 2665 τῆς
1241 2613 1332 2657 τοῦ
1393 2605 1565 2666 θήλεος
1614 2606 1790 2660 ἐπιου-

125 2690 248 2758 μίας
285 2684 554 2763 ἀνδράσιν,
603 2695 631 2749 ἢ
677 2692 886 2762 γυναιξὶ
933 2703 1028 2755 τῆς
1071 2702 1163 2746 τοῦ
1229 2695 1459 2769 ἄρρενος,
1509 2693 1789 2770 σφοδροτέ-

119 2798 213 2852 ραν
261 2782 351 2830 καὶ
396 2778 698 2854 βιαιοτέραν
743 2782 885 2854 εὖροι
933 2803 1012 2845 τις
1060 2782 1122 2835 ἂν
1170 2781 1464 2857 ἐγκειμένην
1521 2793 1583 2856 τῇ
1637 2788 1788 2858 φύσει

116 2874 208 2918 τοῦ
257 2873 514 2940 σώματος·
565 2875 655 2923 καί
701 2871 842 2944 μάλα
892 2891 949 2943 7s
1006 2872 1240 2938 εἰκότως,
1287 2870 1371 2924 οἷα
1415 2869 1482 2931 δὴ
1528 2893 1646 2946 περι
1694 2879 1787 2933 τὴν

113 2964 210 3008 τῶν
252 2956 474 3028 ἐκγόνων
526 2958 825 3032 βλάστησιν
896 2964 1253 3015 συνίστασθαι
1308 2970 1615 3034 πεφυκυῖαν,
1671 2969 1784 3020 etc.

113 3042 232 3097 Con
230 3044 482 3111 jugium
498 3050 696 3101 autem
710 3087 723 3111 ,
750 3051 818 3100 ut
834 3047 1192 3116 plurimum,
1217 3062 1408 3104 causa
1431 3054 1514 3102 est
1537 3048 1788 3104 homini-

109 3131 215 3186 bus
233 3137 292 3187 et
309 3134 541 3189 occasio
563 3135 912 3204 cupiditatis
924 3137 1114 3202 illius,
1135 3152 1270 3208 quae
1281 3138 1443 3193 circa
1455 3139 1787 3206 voluptates

107 3218 458 3274 mundanas
484 3233 558 3275 ac
590 3235 771 3276 curas
795 3228 1075 3278 versatur
1107 3240 1118 3277 ε
1151 3237 1342 3293 neque
1368 3223 1523 3278 enim
1555 3223 1784 3292 cupidi-

103 3309 195 3360 tas
221 3307 384 3374 ulla,
419 3323 549 3378 qum
569 3314 808 3365 natura
855 3312 1121 3379 corporis
1177 3312 1363 3366 insita
1401 3313 1476 3366 sit
1515 3326 1783 3381 unquam

71 3387 76 3396 ’
101 3399 369 3465 reperiri
381 3402 578 3466 potest
605 3399 1014 3456 vehementior
1031 3401 1393 3471 violentiorq
1406 3415 1498 3467 ue,
1514 3416 1693 3472 quam
1715 3415 1784 3457 ea

99 3492 203 3554 est,
239 3501 370 3558 qua
400 3488 518 3542 viri
541 3489 823 3556 feminas,
845 3494 950 3543 aut
971 3488 1215 3556 femina
1253 3503 1449 3544 mares
1489 3495 1784 3557 appetunt

99 3576 283 3647 idque
305 3591 433 3632 non
462 3577 703 3645 mirum,
731 3593 865 3633 cum
893 3579 1027 3646 ipsa
1052 3582 1268 3645 suapte
1282 3583 1509 3633 natura
1541 3579 1623 3632 ad
1646 3578 1784 3633 libe-

102 3682 316 3722 rorum
348 3671 826 3735 procreationem
853 3667 1082 3729 tendat,
1110 3671 1220 3722 etc.
1245 3666 1420 3734 Quid,
1445 3681 1674 3738 quaeso,
1699 3670 1783 3722 at-

100 3757 342 3814 tinebat
369 3756 710 3813 monachos
742 3758 1157 3814 instituturum
1190 3757 1274 3813 ita
1307 3756 1596 3829 praefari?
1630 3757 1784 3814 Basi-

97 3846 274 3911 lium,
309 3862 456 3904 meo
487 3847 736 3918 quidem
757 3847 1007 3919 judicio,
1051 3847 1193 3903 talia
1242 3846 1502 3902 scribere
1531 3846 1786 3918 puduis-

99 3943 207 3994 set.
237 3941 472 3993 Auctor
499 3937 698 4009 primo
729 3937 924 4009 capite
951 3938 1035 3993 ita
1063 3936 1330 4009 loq’uitur
1350 3953 1370 3991 :
1398 3939 1491 3989 Διοί
1519 3956 1600 3988 τοι
1629 3945 1782 3990 τοῦτο

97 4035 186 4082 καὶ
218 4028 696 4101 ἐνηνθρὼπησεν...
734 4030 816 4080 ἵνα
844 4031 980 4080 κατὰ
1012 4025 1234 4099 δύναμιν
1265 4027 1484 4088 ἕκαστος
1511 4031 1602 4079 καὶ
1632 4027 1783 4080 ἑκάσ-

96 4139 159 4177 τη
187 4120 438 4195 ὁρῶντες,
457 4117 771 4190 ζηλώσωμεν
791 4121 850 4169 τὸ
867 4117 1187 4193 ἀρχέτυπον.
1210 4117 1592 4186 Quapropter
1603 4121 1656 4172 et
1663 4118 1782 4172 iam

97 4218 400 4268 naturam
425 4209 755 4265 humanam
779 4209 1194 4278 assumpsit,...
1213 4213 1278 4263 ut
1301 4208 1712 4278 unusquisque
1727 4211 1782 4262 et

96 4313 488 4372 unaquaeque
507 4299 589 4356 ad
616 4299 681 4354 id
707 4299 1109 4368 respicientes,
1158 4313 1270 4366 pro
1301 4297 1528 4353 viribus
1571 4296 1778 4352 arche-

99 4397 314 4462 typum
338 4395 399 4446 et
427 4389 745 4456 exemplar
773 4373 1172 4444 imitaremur.
1206 4385 1358 4442 Illud
1380 4390 1606 4454 autem,
1629 4385 1782 4438 ἕκασ-

99 4501 186 4543 τος
210 4487 305 4534 καὶ
338 4481 564 4536 ἑκάστη.
588 4477 960 4533 Basilianum
980 4491 1102 4531 non
1125 4480 1231 4531 est.
1259 4475 1376 4530 Etsi
1399 4475 1559 4531 enim
1581 4480 1782 4531 orator

97 4574 376 4646 optimus
406 4569 619 4627 multis
652 4568 996 4625 admodum
1015 4567 1163 4623 locis
1189 4582 1333 4622 voce
1357 4567 1575 4628 ἕκαστος
1601 4567 1784 4622 utitur

96 4679 420 4736 nusquam
469 4664 698 4725 tamen,
737 4659 788 4714 si
825 4658 980 4714 bene
1022 4656 1295 4726 memini,
1328 4671 1540 4712 vocem
1586 4655 1778 4714 έκαστη

97 4753 340 4810 addidit
363 4772 376 4822 ;
408 4752 475 4806 in
497 4765 622 4822 quo
643 4747 1179 4821 praestantissimos
1195 4746 1519 4818 scriptores
1539 4750 1782 4800 secutus

98 4854 205 4919 est,
239 4846 351 4920 qui
383 4856 609 4899 vocem
633 4840 848 4907 ἑκάστη,
905 4855 1041 4911 quae
1067 4837 1249 4911 plane
1276 4836 1601 4902 redundat,
1648 4829 1784 4891 voci

96 4938 320 4998 ἕκαστος
347 4935 619 5007 jungere
648 4945 774 4986 non
805 4929 1024 4985 solent.
1067 4932 1148 4984 ita
1179 4927 1494 4999 aliquanto
1522 4931 1660 4998 post
1698 4926 1790 5006 le-q

97 5030 258 5100 gitur
290 5027 464 5094 (cap.
493 5023 548 5085 4,
582 5035 644 5075 n.
682 5024 730 5088 1)
751 5021 826 5072 Τὰ
857 5015 916 5071 δὲ
940 5021 1068 5092 πρὸς
1099 5022 1186 5070 τὸν
1220 5013 1393 5090 Ἀδὰμ
1415 5019 1677 5090 εἰρημένα,
1702 5016 1785 5069 ὃτι

95 5128 229 5174 πᾶσι
254 5125 370 5179 τοῖς
396 5114 453 5177 ἐξ
485 5111 638 5163 αὐτοι
666 5114 1047 5182 γεγεννημένοις
1075 5110 1298 5182 εῖρηται,
1333 5105 1492 5166 δῆλον
1533 5106 1778 5160 ἐντεῦθεν.

99 5218 199 5266 Καὶ
228 5213 336 5285 γὰρ
368 5209 465 5259 τὸν
504 5203 723 5254 θάνατον
753 5201 911 5274 ὥρισε
941 5204 1029 5273 μὲν
1064 5203 1190 5262 Θεὸς
1222 5200 1338 5251 κατ’
1365 5197 1575 5265 ἐκείνου,
1611 5204 1680 5256 Γη
1715 5194 1778 5265 εἶ,

92 5308 184 5357 καὶ
212 5304 287 5364 εἰς
313 5306 422 5372 γῆν
455 5291 744 5365 ἁπελεύσῃ,
775 5293 950 5344 εἰπών·
977 5292 1162 5352 πάντες
1189 5285 1248 5342 δὲ
1277 5289 1327 5342 οἱ
1356 5287 1408 5352 ἐξ
1437 5288 1599 5342 αὐτοῦ
1625 5307 1780 5360 γεγο-

170 5484 219 5518 ιι
251 5483 482 5539 Genes.
521 5487 605 5543 ru,
643 5474 727 5527 t9.

171 5664 247 5724 (α)
289 5662 597 5715 Erasmus
625 5650 686 5706 in
725 5649 894 5724 praef.
929 5647 1068 5706 edit.
1096 5646 1274 5705 Basil.

1900 1877 2125 1930 ἐντεῦθεν
2148 1877 2435 1949 utivellet,
2451 1879 2638 1934 verba
2660 1879 2814 1935 inter
2827 1895 2890 1933 se
2909 1878 3561 1948 'connecteredebebat,

1896 1967 2013 2024 hoc
2041 1968 2250 2026 modo.
2276 1966 2501 2020 ἐντεῦθεν
2529 1964 2707 2035 δῆλον,
2743 1973 2824 2020 ὁτι
2848 1972 2935 2020 τὸν
2964 1971 3201 2036 θάνατον,
3234 1973 3350 2024 etc.
3369 2012 3382 2036 ,
3422 1968 3563 2024 hinc

1890 2059 2281 2126 perspicuum
2312 2063 2416 2123 est,
2459 2058 2620 2129 quod
2675 2059 2854 2113 illum
2903 2058 3161 2129 quidem,
3215 2061 3327 2113 etc.
3381 2060 3562 2112 Inter-

1893 2162 2035 2219 pres
2064 2150 2258 2214 vetus,
2292 2162 2432 2202 cum
2463 2146 2692 2202 videret
2713 2146 2903 2203 verba
2923 2150 3126 2204 Graeca
3145 2162 3270 2202 non
3294 2145 3450 2202 belle
3478 2145 3565 2201 in-

1899 2241 1985 2292 ter
2011 2251 2076 2291 se
2101 2236 2424 2303 cohaerere,
2456 2237 2539 2291 ita
2558 2240 2837 2303 verterat,
2861 2237 3038 2308 quasi
3055 2235 3257 2308 reipsa
3279 2235 3363 2291 ita
3385 2235 3562 2304 legis-

1897 2329 2009 2393 set,
2041 2329 2106 2380 ut
2124 2325 2303 2380 scribi
2333 2324 2622 2381 debuisse
2652 2325 2800 2383 dixi.
2833 2324 2926 2381 Sic
2950 2325 3111 2381 enim
3134 2325 3563 2396 interpretatus

1895 2413 2110 2471 fuerat.
2137 2415 2306 2482 Quod
2327 2420 2526 2472 autem
2548 2430 2677 2487 qum
2701 2415 2850 2471 ridae
2871 2416 3038 2471 dicta
3059 2421 3185 2470 tum
3201 2414 3459 2485 fuerint,
3491 2428 3562 2469 ea

1897 2505 2168 2561 omnibus
2194 2509 2368 2560 etiam
2393 2505 2557 2560 dicta
2581 2505 2701 2560 sint
2731 2507 2836 2575 qui
2856 2505 2930 2560 ab
2953 2519 3016 2560 eo
3047 2509 3170 2559 sint
3195 2503 3462 2572 oriundi,
3485 2517 3563 2559 ea:

1898 2595 2004 2651 hoc
2041 2595 2272 2667 liquido
2310 2597 2573 2666 perspici
2599 2601 2814 2664 potest,
2842 2595 3004 2666 quod
3035 2609 3168 2650 cum
3198 2595 3398 2662 illum,
3447 2598 3558 2648 etc.

1897 2687 2102 2757 Neque
2130 2701 2270 2740 vero
2301 2700 2441 2750 vox,
2487 2685 2710 2745 dicens,
2744 2683 3043 2739 concinne
3071 2682 3272 2738 locata
3307 2685 3395 2736 est
3455 2680 3556 2752 (a),

1895 2791 2094 2847 neque
2117 2775 2329 2830 merito
2376 2773 2541 2829 credi
2566 2777 2763 2845 potest
2793 2772 3043 2828 Basilius
3092 2772 3208 2827 hac
3241 2770 3561 2844 Scriptura

1895 2865 2152 2921 citandae
2174 2864 2433 2920 formula
2464 2880 2612 2919 usus
2640 2863 2826 2918 fuisse
2859 2881 2872 2918 :
2907 2863 3014 2936 qui
3041 2862 3284 2930 scilicet,
3326 2866 3393 2917 ut
3428 2861 3561 2932 jam

1895 2956 1993 3012 alii
2021 2956 2323 3026 notarunt,
2354 2971 2510 3010 unus
2535 2954 2814 3010 omnium
2835 2954 3152 3026 aptissime
3173 2968 3308 3009 eam
3330 2951 3556 3008 citaret.

1895 3051 1980 3102 tta
2003 3062 2214 3101 rursus
2245 3044 2439 3116 capite
2469 3044 2709 3099 decimo
2739 3043 2912 3098 tertio
2946 3043 3238 3114 scriptum
3259 3039 3562 3097 invenitur

1893 3136 2060 3208 (pag.
2102 3138 2247 3200 558),
2278 3140 2398 3186 Ὅτι
2447 3128 2506 3185 δὲ
2548 3136 2639 3184 καὶ
2669 3138 2778 3192 τοῖς
2817 3135 3114 3205 πραότητος
3145 3129 3561 3202 ἐπιμελουμένοις

1893 3229 2076 3298 πρέπει
2107 3229 2135 3282 ἠ
2162 3226 2400 3295 εὔκαιρος
2429 3219 2802 3293 ἀχανάκτησις,
2841 3217 3000 3279 δῆλον
3046 3221 3290 3273 ἐντεῦθεν.
3326 3222 3428 3272 Καὶ
3457 3219 3556 3290 γὰρ

1893 3322 2094 3375 Μωσῆς
2144 3317 2442 3386 πραότατος
2493 3314 2698 3364 πάντων
2724 3311 3006 3385 ἀνθρώπων
3037 3310 3410 3384 μαρτυρηθείς,
3442 3311 3554 3362 etc.

1897 3404 2067 3473 Quod
2093 3409 2294 3459 autem
2320 3407 2374 3458 et
2400 3417 2494 3458 eos
2528 3403 2632 3473 qui
2677 3401 3198 3457 mansuetudinem
3247 3398 3556 3467 excolunt,

1893 3494 2100 3548 deccat
2138 3497 2481 3559 Opportuna
2533 3491 2900 3560 indignatio,
2949 3489 3086 3545 hinc
3128 3492 3316 3559 patet.
3369 3487 3558 3542 Moses

1894 3582 2047 3637 enim
2075 3583 2181 3651 qui
2205 3578 2516 3636 hominum
2543 3580 2808 3634 omnium
2830 3579 3350 3634 mansuetissimus
3367 3577 3558 3645 fuisse

1890 3670 2263 3740 perhibetur,
2296 3673 2408 3724 etc.
2442 3668 2555 3735 Sic,
2585 3673 2649 3722 ut
2665 3668 2795 3738 jam
2816 3667 3038 3734 notavi,
3060 3666 3230 3738 loqui
3251 3666 3447 3737 potuit
3467 3665 3558 3721 vir

1894 3759 2218 3816 indisertus
2285 3756 2696 3823 Eusthathius,
2740 3771 2862 3811 non
2921 3755 3196 3822 Basilius,
3243 3757 3556 3810 oratorum

1894 3850 2452 3922 praestantissimus.
2501 3845 2783 3904 Nonnihil
2839 3850 2950 3916 est,
3001 3846 3170 3918 quod
3209 3849 3422 3902 auctor
3480 3845 3557 3900 de

1893 3941 2082 3997 Paulo
2096 3939 2366 4012 apostolo
2383 3938 2715 4006 locuturus,
2735 3938 2818 3993 ita
2834 3937 3074 4008 scripsit
3091 3941 3250 4009 (pag.
3272 3935 3393 4005 545)
3417 3952 3430 3990 :
3454 3939 3556 3988 Καὶ

1893 4034 2081 4084 τούτου
2113 4029 2547 4092 ἁξιοπιστότατόν
2575 4048 2659 4081 σοι
2687 4028 2978 4101 παρέξομαι
3007 4029 3252 4100 μάρτυρα
3279 4029 3368 4078 τὸν
3407 4025 3556 4096 οἷγιον

1894 4123 2118 4178 Παῦλον.
2151 4123 2348 4192 Atque
2377 4121 2562 4190 hujus
2592 4121 2682 4175 rei
2733 4123 2935 4175 testem
2970 4117 3090 4186 ﬁde
3135 4117 3557 4188 dignissimum

1894 4213 2004 4269 tibi
2031 4212 2351 4280 adducam,
2381 4216 2651 4266 sanctum
2692 4210 2981 4265 Paulum.
3016 4207 3132 4263 Etsi
3187 4205 3348 4262 enim
3401 4205 3558 4262 Basi-

1892 4302 2029 4372 lius,
2080 4306 2147 4357 ut
2187 4301 2316 4372 jam
2350 4299 2494 4356 alibi
2541 4299 2755 4354 monui
2795 4297 2894 4368 (ὁ),
2940 4295 3273 4368 saepissime
3305 4295 3557 4351 Paulum

1893 4391 2238 4464 apostolum
2261 4389 2560 4458 nominat,
2591 4402 2898 4459 nusquam
2923 4390 2980 4441 ta
2993 4401 3143 4456 men,
3169 4384 3336 4458 quod
3368 4385 3556 4440 sciam

1893 4482 2160 4554 epitheto
2207 4479 2332 4548 illo,
2381 4478 2530 4550 ἂογιος
2589 4477 2800 4533 utitur.
2842 4479 2908 4531 Et
2950 4475 3248 4548 quoniam
3279 4475 3409 4545 ejus
3439 4473 3557 4530 loci

1895 4571 2266 4627 mentionem
2291 4568 2423 4640 feci,
2453 4566 2762 4624 adnotabo
2781 4565 2956 4638 quasi
2980 4565 3348 4637 praeteriens,
3371 4564 3557 4635 negli-

1894 4661 2159 4732 gentiam
2180 4658 2518 4732 quamdam
2543 4658 2604 4712 in
2624 4657 2720 4726 iis,
2743 4671 2880 4729 quae
2902 4655 3096 4726 retuli,
3121 4653 3324 4710 verbis
3343 4653 3557 4724 depre-

1893 4749 2098 4816 hendi,
2133 4764 2290 4821 quae,
2336 4745 2876 4819 quantulacunque
2933 4747 3042 4813 est,
3091 4741 3556 4811 diligentissimo

1894 4839 2175 4912 scriptori
2205 4837 2418 4893 Basilio
2449 4836 2628 4892 tribui
2649 4833 2816 4890 nullo
2847 4833 3032 4890 modo
3054 4833 3430 4904 potest.Cum
3449 4829 3558 4899 igi-

1895 4936 1990 4986 tur
2019 4934 2230 4985 auctor
2263 4927 2630 4999 scripsisset,
2661 4925 2953 4998 παρέξομαι
2981 4926 3226 4997 μάρτυρα
3273 4923 3361 4973 τὸν
3407 4920 3556 4992 ἅγιον

1894 5020 2117 5086 Παῦλον,
2149 5023 2508 5092 prosecutus
2539 5021 2630 5071 est
2657 5015 2772 5070 hoc
2799 5014 3008 5082 modo,
3061 5017 3132 5071 πὴ
3184 5012 3274 5085 μὲν
3317 5010 3551 5081 λέγοντα·

1893 5114 2174 5184 expectas
2208 5109 2356 5164 dum
2389 5107 2550 5163 dicat
2573 5111 2644 5163 πὴ
2698 5101 2777 5170 δέ,
2811 5104 2917 5160 sed
2947 5103 3188 5159 frustra.
3234 5100 3343 5157 Ubi
3391 5100 3555 5156 enim

1892 5205 1962 5258 πὸ
1990 5197 2048 5253 δέ
2078 5199 2370 5270 scriptum
2422 5195 2692 5251 invenire
2720 5193 3058 5256 debuisses.
3112 5191 3370 5262 hujusce
3409 5204 3555 5246 auc-

1891 5290 2040 5348 toris
2095 5291 2250 5362 (cap.
2307 5288 2399 5353 20,
2450 5301 2513 5342 n.
2572 5285 2624 5357 3)
2654 5282 3036 5355 indiligentia
3087 5281 3312 5339 factum
3346 5281 3458 5347 est,
3489 5281 3556 5344 ut

1957 5645 2033 5712 (b)
2067 5642 2232 5703 Praef.
2277 5644 2423 5700 tom.
2449 5643 2491 5709 1,
2521 5655 2585 5699 n.
2625 5643 2710 5704 69.
