4092 6406
495 303 599 356 127

2017 305 2401 361 PBEFATIO.

3814 306 3920 359 128

489 423 779 496 scriptum
823 427 1117 499 invenias,
1180 429 1391 503 ἑτέρωθι
1436 427 1494 483 6":
1519 429 1690 484 πάλιν.
1722 431 1870 485 Cum
1901 428 2045 484 alibi
2078 430 2159 484 ita
2186 433 2233 484 Α
2270 444 2565 501 opusesse
2581 428 3761 502 cognovissenthominis,quiutArianis
3778 443 3926 484 con-

486 530 647 586 lego,
706 519 959 590 σύντσμον
1006 524 1100 578 τὴν
1147 519 1424 593 ἀπόκρισιν
1468 520 1812 593 παρεξόμεθα,
1847 520 1928 571 ὅτι
1969 520 1994 571 ὀ
2027 521 2159 580 θεῖος

487 605 826 672 Ἀπόστολος,
857 611 994 674 etc.,
1027 610 1248 665 Paucis
1277 610 1784 679 respondebimus,
1820 610 1931 664 hoc
1987 624 2023 664 a
2069 610 2155 663 di-

489 696 629 750 vino
667 697 974 765 Apostolo,
999 705 1136 765 etc.,
1167 715 1290 755 non
1321 716 1575 772 possum
1607 701 1754 772 quin
1792 715 2001 754 rursus
2042 714 2152 754 no-

491 787 611 840 tem
636 784 795 841 hanc
817 802 1049 854 vocem,
1086 791 1236 857 θεῖος,
1262 789 1408 845 mihi
1440 789 1626 845 videri
1656 791 1714 844 in
1739 789 2016 860 genuinis
2042 791 2151 844 Ba-

493 872 608 929 silii
635 875 924 946 operibus
952 877 1300 934 inusitatam
1333 895 1484 935 esse.
1513 883 1626 936 Nec
1651 881 1970 949 indignum
1992 878 2151 933 arbi-

490 966 616 1018 tror
641 963 810 1035 quod
833 970 1094 1029 notetur,
1125 967 1348 1023 multas
1395 985 1576 1025 voces
1623 970 1684 1024 in
1738 990 1811 1042 μα
1859 968 2146 1024 cadentes

491 1066 617 1106 non
646 1068 784 1108 raro
799 1053 862 1108 in
884 1056 1386 1113 Constitutionum
1406 1057 1558 1114 libro
1578 1058 1858 1130 usurpari
1884 1077 1896 1114 :
1921 1056 2144 1129 quibus

492 1147 706 1198 auctor
729 1158 852 1198 non
883 1160 1103 1216 parum
1152 1146 1482 1204 delectatus
1514 1165 1647 1204 esse
1705 1149 1853 1204 mihi
1890 1148 2142 1203 videtur.

491 1231 806 1302 Ejusmodi
834 1238 977 1290 sunt
1013 1237 1314 1293 vocabula
1343 1239 1494 1307 haec,
1528 1235 1868 1310 σπούδασμα,
1902 1237 2140 1309 ἄσκημα,

494 1319 812 1395 ἐμπόρευμα,
848 1326 1207 1398 θησαύρισμα,
1238 1326 1501 1400 ἀτόπημα,
1531 1328 1755 1400 quibus
1807 1335 2010 1384 tamen
2043 1342 2145 1382 V0-

492 1411 664 1466 cibus
693 1428 816 1468 non
855 1414 1028 1471 video
1074 1416 1357 1472 Basilium
1405 1418 1658 1474 libenter
1708 1419 1808 1474 uti.
1861 1417 2146 1474 Animad-

491 1500 638 1555 verti
666 1503 844 1558 etiam
875 1503 988 1559 has
1035 1521 1214 1561 voces
1257 1505 1618 1574 ἐσπουδακὼς,
1670 1505 1982 1574 ἐσπούδακε,
2031 1505 2144 1560 διε-

495 1583 784 1652 σπούδακε,
811 1605 948 1660 quae
989 1591 1299 1648 rarissime
1325 1593 1489 1664 apud
1525 1594 1809 1648 Basilium
1839 1594 2144 1663 leguntur,

490 1675 822 1746 saepissime
841 1679 902 1733 in
919 1681 1270 1737 monasticis
1291 1682 1829 1739 Constitutionibus
1847 1683 2145 1756 usurpari.

489 1764 758 1836 Denique
777 1767 1053 1825 universe
1070 1769 1294 1839 dicam,
1311 1771 1357 1826 si
1377 1773 1884 1828 Constitutionum
1901 1774 2050 1830 liber
2069 1775 2146 1830 ad

493 1852 786 1910 Basilium
818 1856 1161 1929 pertineret,
1192 1859 1339 1929 fore,
1365 1865 1430 1915 ut
1457 1860 1517 1915 in
1552 1876 1623 1916 eo
1654 1861 1904 1933 aliquod
1935 1861 2148 1917 saltem

494 1941 853 2014 eloquentiae
887 1947 1200 2004 Basilianis
1232 1955 1412 2021 atque
1449 1951 1802 2006 eruditionis
1830 1952 2150 2020 vestigium

491 2037 770 2088 exstaret.
787 2033 1039 2090 Basilius
1063 2037 1221 2092 enim
1251 2039 1345 2094 vel
1363 2039 1585 2096 invitus
1599 2040 1857 2097 facunde
1883 2045 1940 2096 et
1967 2039 2153 2112 perite

497 2121 816 2178 scribebat.
854 2123 1025 2180 Tales
1053 2132 1255 2182 autem
1308 2144 1433 2185 non
1491 2146 1628 2185 esse
1687 2131 2153 2186 Constitutiones

495 2215 890 2282 monasticas,
923 2216 1013 2272 vel
1043 2235 1109 2272 ex
1136 2233 1209 2274 eo
1239 2219 1368 2275 solo
1391 2220 1758 2290 intelligitur.
1783 2221 1951 2293 quod
1973 2237 2154 2276 nemo

495 2311 633 2358 ante
666 2305 1094 2362 Combeﬁsium
1143 2324 1339 2381 neque
1389 2310 1469 2366 ob
1507 2311 1917 2382 eloquentiam
1958 2327 2156 2384 neque

494 2391 576 2448 ob
595 2393 996 2451 eruditionem
1014 2413 1118 2452 eas
1136 2397 1493 2456 laudaverit.
1521 2401 1648 2456 lmo
1664 2417 1739 2456 ne
1761 2402 1887 2473 ipse
1908 2401 2156 2473 quidem

496 2482 895 2539 Combeﬁsius
921 2502 1182 2552 usquam
1203 2489 1370 2560 ipsas
1389 2489 1663 2546 laudavit
1680 2490 1759 2546 ob
1780 2491 2154 2546 facundiam.

498 2573 642 2638 Quis
673 2578 874 2630 autem
897 2581 1111 2647 praeter
1132 2579 1559 2636 Combeﬁsium
1585 2580 1755 2636 facile
1779 2582 1886 2635 sibi
1908 2597 2155 2654 persua-

496 2661 661 2720 debit
682 2664 984 2722 eruditum
1007 2683 1137 2723 esse
1160 2670 1455 2740 ejusmodi
1478 2687 1652 2743 opus,
1677 2689 1748 2726 ex
1770 2688 1894 2744 quo
1915 2671 2153 2740 eruditi,

497 2767 637 2807 cum
670 2758 773 2809 aut
802 2753 878 2809 de
919 2757 1212 2824 moribus,
1244 2759 1444 2815 autde
1465 2760 1596 2815 aliis
1622 2760 1939 2832 quibusvis
1971 2762 2151 2816 rebus

499 2841 850 2910 scriberent,
883 2845 1031 2901 nihil
1055 2862 1326 2920 unquam
1348 2849 1422 2904 ad
1446 2849 1842 2906 illustrandas
1861 2867 2002 2906 suas
2023 2866 2148 2905 sen-

496 2932 716 2986 tentias
739 2948 1116 3006 excerpsere.
1153 2939 1218 2992 Et
1254 2943 1320 2994 ut
1347 2939 1625 3011 exemplo
1681 2940 1885 3012 aliquo
1933 2940 2152 2995 conﬁr-

497 3024 696 3074 metur
713 3021 878 3092 quod
895 3023 1051 3093 dico,
1069 3024 1249 3080 velim
1266 3025 1500 3098 legatur
1520 3029 1808 3085 eximium
1830 3028 1976 3084 illud
1997 3044 2154 3100 opus

494 3108 663 3180 quod
687 3109 873 3167 homo
893 3111 1169 3170 doctrina
1188 3121 1485 3187 praestans
1508 3119 1794 3175 Mattheus
1817 3119 2155 3175 Petitdidier

495 3197 790 3254 adversus
826 3201 1052 3258 multos
1085 3203 1363 3260 Ludovici
1392 3207 1606 3278 Dupini
1633 3224 1864 3264 errores
1895 3208 2155 3264 conscri-

497 3285 619 3353 psit
646 3283 741 3354 (ω.
778 3286 926 3340 Cum
964 3287 1146 3356 igitur
1170 3289 1241 3354 is,
1274 3305 1459 3361 quem
1492 3293 1636 3356 dixi,
1686 3294 1775 3348 vir
1817 3292 2149 3348 eruditissi-

496 3387 637 3427 mus
689 3373 912 3430 multas
973 3376 1164 3432 Basilii
1213 3381 1540 3436 sententias
1575 3382 1725 3438 scitu
1750 3382 2150 3451 dignissimas

497 3465 752 3526 notaret,
787 3470 852 3518 ut
877 3470 1095 3522 caetera
1127 3467 1322 3525 Basilii
1350 3469 1592 3541 scripta,
1622 3471 1706 3528 ita
1755 3472 2021 3542 genuina
2059 3471 2151 3542 ip-

498 3550 625 3607 sius
645 3552 916 3609 Ascetica
945 3555 1165 3628 saepius
1188 3557 1412 3628 citavit,
1443 3576 1786 3617 sermonem
1813 3563 1899 3618 De
1927 3562 2152 3628 iudicio

496 3640 633 3705 Dei,
663 3640 908 3698 brevem
940 3646 1258 3701 tractatum
1286 3648 1374 3703 De
1390 3649 1770 3706 abdicatione
1798 3665 2022 3717 rerum,
2048 3649 2154 3705 Re-

497 3731 673 3801 gulas
701 3737 826 3788 tam
856 3733 1210 3805 prolixiores
1235 3752 1422 3808 quam
1453 3739 1764 3796 breviores
1800 3759 1812 3809 ;
1847 3747 1905 3797 et
1949 3747 2154 3796 tamen

495 3821 581 3878 ibi
609 3822 685 3879 de
718 3824 1070 3880 monasticis
1092 3827 1636 3885 Constitutionibus
1657 3846 1908 3902 prorsus
1929 3832 2152 3888 siletur.

568 3911 704 3967 4⁸7δί⁸
726 3951 739 3964 .
771 3911 948 3968 Aliud
969 3921 1397 3983 argumentum
1428 3934 1768 3991 proponere
1793 3919 1962 3976 libet.
2000 3920 2157 3976 Ruti-

497 4015 615 4057 nus
632 4017 769 4056 cum
791 4001 1047 4070 Regulae
1063 4003 1490 4075 interpretatus
1504 4014 1681 4075 esset,
1700 4025 1929 4081 easque
1951 4009 2156 4067 Urseio

499 4089 710 4147 abbati
735 4091 1013 4147 dedicare
1046 4095 1368 4162 statuisset,
1402 4100 1484 4154 ita
1509 4115 1649 4154 eum
1672 4099 1732 4154 in
1789 4117 1902 4155 sua
1947 4101 2156 4173 praefa-

497 4179 660 4236 tione
676 4181 1002 4253 alloquitur
1030 4185 1130 4252 (b):
1171 4187 1284 4240 Tui
1311 4202 1456 4244 sane
1475 4190 1547 4244 sit
1579 4190 1784 4260 ofﬁcii,
1810 4191 1989 4246 etiam
2013 4191 2155 4247 aliis

498 4274 876 4329 monasteriis
894 4278 1266 4346 exemplaria
1283 4279 1586 4346 praebere:
1606 4285 1671 4334 ut
1691 4281 2015 4336 secundum
2038 4284 2156 4337 ins-

499 4369 602 4420 tar
624 4364 1039 4434 Cappadociae,
1073 4367 1276 4422 omnia
1305 4370 1674 4426 monasteria
1701 4370 1915 4426 eisdem
1949 4377 2002 4426 et
2032 4387 2153 4426 non

498 4455 748 4512 diversis
765 4457 857 4512 vel
874 4459 1166 4512 institutis
1181 4459 1273 4513 vel
1292 4457 1802 4515 observationibus
1822 4463 2046 4517 vivant.
2074 4463 2154 4516 Ex
2190 4450 2230 4502 Ι)

497 4544 722 4618 quibus
747 4551 911 4617 patet
930 4545 1167 4602 illorum
1188 4552 1527 4618 temporum
1550 4549 1886 4605 monachos
1913 4549 1971 4604 in
2001 4554 2154 4623 Cap-

497 4634 759 4708 padocia
782 4634 1004 4704 regulis
1036 4651 1180 4691 usos
1210 4635 1396 4691 fuisse
1423 4637 1500 4692 ad
1523 4654 1698 4692 suam
1719 4637 2153 4695 instituendam

495 4724 704 4781 vitam.
732 4727 882 4780 Nam
908 4724 1182 4780 instituta
1219 4725 1319 4781 illa
1359 4725 1958 4800 observationesque,
2005 4744 2156 4801 qua-

496 4830 635 4871 rum
657 4831 728 4870 eo
757 4814 892 4872 loco
917 4815 1142 4871 mentio
1165 4815 1251 4884 ﬁt,
1275 4815 1422 4871 nihil
1444 4816 1607 4871 aliud
1631 4833 1761 4872 esse
1783 4834 1970 4889 quam
1992 4819 2157 4891 ipsas

498 4903 782 4973 Regulas,
815 4919 887 4961 ex
919 4919 1010 4974 ea,
1037 4920 1226 4976 quam
1257 4921 1399 4960 mox
1420 4905 1690 4971 laudavi,
1725 4906 1918 4962 Ruﬁni
1945 4908 2157 4979 praefa-

497 4993 662 5049 tione
677 4998 929 5050 constat.
949 4995 1268 5059 Quomodo
1284 5001 1486 5051 autem
1505 5011 1732 5067 quaeso,
1759 4995 2157 5068 Cappadociae

502 5082 782 5155 adeoque
803 5084 994 5156 ipsius
1015 5084 1289 5140 dioecesis
1311 5086 1700 5141 Caesariensis
1721 5086 2004 5141 monachi
2028 5086 2161 5159 ipsa

502 5173 701 5229 Basilii
721 5178 892 5228 aetate
913 5174 1155 5244 regulas
1175 5175 1290 5230 sibi
1308 5175 1652 5248 sequendas
1674 5177 2158 5247 proposuissent,

503 5262 558 5318 si
595 5278 805 5319 earum
846 5269 1056 5320 auctor
1125 5265 1333 5322 fuisset
1398 5265 1739 5323 Eustathius
1776 5267 1803 5321 ?
1843 5267 2161 5332 Quomodo

503 5369 627 5412 non
644 5355 844 5428 potius
861 5354 1134 5412 detestati
1145 5357 1398 5414 fuissent
1413 5359 1463 5430 ej
1475 5359 1717 5415 usmodi
1732 5359 1990 5430 regulas,
2006 5375 2162 5432 quas

573 5536 656 5612 (ᾳ)
691 5535 932 5612 :I‘omi‘ll
988 5549 1128 5612 pag.
1163 5538 1264 5612 502
1290 5540 1348 5592 et
1366 5550 1494 5612 seq.

577 5607 646 5668 (ω
680 5605 824 5663 Cod.
851 5605 1152 5686 Regul.’p.
1184 5611 1252 5668 97

2260 519 2686 589 junctissimus
2709 526 2767 576 et
2787 519 3217 587 amicissimus,
3239 519 3320 575 ita
3343 519 3555 575 Basilio
3584 517 3924 574 infensissi-

2261 624 2398 664 mus
2412 626 2482 665 ac
2497 609 2949 666 inimicissimus
2968 615 3094 664 erat
3109 610 3134 664 ?
3149 611 3442 664 Futurum
3461 609 3643 664 fuisse
3660 608 3925 663 arbitror

2260 713 2394 768 ego,
2420 705 2484 755 ut
2522 699 2807 755 monachi
2845 698 2948 763 illi,
2987 700 3095 770 qui
3136 698 3512 754 Eustathium
3551 698 3769 753 ducem
3808 697 3923 752 ha-

2255 785 2548 854 buissent,
2597 804 2737 844 cum
2777 788 2838 844 in
2877 788 3105 844 caeteris
3144 787 3544 860 Cappadociae
3580 786 3746 852 locis,
3787 791 3921 841 tum

2255 877 2520 933 maxime
2547 879 2608 933 in
2629 878 2875 934 dioecesi
2896 879 3245 933 Caesariensi
3281 876 3586 950 lapidibus
3624 892 3660 931 a
3691 875 3922 948 populo

2252 965 2452 1022 obruti
2472 967 2746 1024 fuissent.
2771 969 2983 1023 Fateor
3001 967 3250 1039 quidem
3271 966 3420 1021 nihil
3444 971 3660 1033 vetare,
3682 964 3924 1037 quomi-

2250 1070 2366 1110 nus
2385 1057 2752 1119 Eustathius,
2780 1057 3091 1129 quietipse
3114 1056 3557 1112 monachorum
3579 1055 3765 1110 vitam
3788 1054 3924 1109 imi-

2251 1144 2495 1200 tabatur
2516 1162 2752 1218 paucos
2773 1146 3074 1218 quosdam
3097 1161 3128 1200 e
3148 1144 3464 1218 discipulis
3485 1144 3611 1200 suis
3640 1143 3928 1199 habuerit

2250 1235 2604 1290 monasticae
2622 1235 3100 1306 vitzeﬂsocios,qui
3120 1233 3202 1289 ob
3223 1234 3569 1290 simulatam
3585 1240 3644 1289 et
3664 1233 3847 1288 ﬁdem
3864 1235 3927 1287 et

2250 1319 2536 1390 pietatem
2558 1321 2856 1392 populum
2879 1320 3048 1375 initio
3071 1319 3388 1375 fefellerint
3405 1336 3418 1373 :
3436 1319 3542 1374 sed
3565 1319 3644 1374 ab
3666 1334 3738 1374 eo
3760 1317 3928 1373 insti—

2252 1413 2446 1464 tutum
2470 1410 2653 1466 fuisse
2675 1411 2734 1465 in
2750 1409 3141 1482 Cappadocia
3160 1409 3602 1464 monachorum
3625 1408 3926 1476 ordinem,

2253 1499 2662 1572 eumdemque
2683 1499 2910 1555 ibidem
2931 1514 3349 1571 perseverasse
3374 1498 3640 1570 potuisse
3662 1501 3799 1570 post
3818 1511 3928 1552 co-

2255 1589 2485 1658 gnitam
2525 1589 2713 1645 semel
2755 1589 3046 1644 Eustathii
3085 1589 3146 1644 in
3185 1588 3305 1643 fide
3347 1587 3842 1652 inconstantiam,
3867 1591 3932 1642 et

2255 1683 2391 1750 post
2411 1684 2682 1750 apertam
2703 1678 2863 1733 illius
2882 1695 2918 1733 a
2939 1677 3154 1733 Basilio
3167 1676 3616 1743 alienationem,
3636 1674 3929 1731 credibile

2255 1783 2377 1822 non
2406 1769 2660 1830 videtur.
2694 1769 2808 1824 Par
2845 1775 2934 1823 est
2961 1768 3143 1837 igitur
3174 1767 3439 1836 regulas,
3471 1766 3720 1839 quibus,
3771 1771 3926 1821 teste

2256 1860 2492 1927 Rufino,
2518 1859 2800 1914 monachi
2831 1859 2888 1912 in
2918 1857 3308 1929 Cappadocia
3336 1860 3711 1926 regerentur,
3742 1849 3926 1912 tribui

2254 1964 2376 2004 non
2405 1948 2728 2016 Eustathio,
2766 1947 2872 2002 sed
2904 1947 3122 2002 Basilio
3155 1965 3167 2002 :
3199 1962 3463 2018 quarum
3485 1946 3532 2000 si
3559 1945 3807 2001 Basilius
3830 1961 3926 1999 se«

2256 2037 2374 2093 mel
2397 2037 2596 2109 cpite:
2620 2037 2860 2104 dicitur,
2912 2036 3418 2092 Constitutionum
3449 2034 3930 2091 monasticarum

2257 2142 2479 2199 parens
2503 2126 2621 2181 dici
2637 2142 2757 2181 non
2781 2131 2998 2198 potest,
3022 2141 3161 2181 cum
3186 2130 3249 2179 ut
3269 2141 3340 2180 ex
3363 2124 3537 2179 dictis
3552 2124 3696 2179 satis
3713 2122 3922 2194 liquet,

2259 2216 2574 2288 utriusque
2595 2215 2795 2286 operis
2819 2229 2942 2270 non
2963 2214 3125 2269 idem
3149 2214 3404 2284 scriptor
3426 2215 3522 2269 sit.
3546 2215 3731 2268 Nemo
3776 2225 3926 2279 ergo

2260 2305 2468 2360 mirari
2488 2305 2684 2373 debet,
2712 2305 2760 2359 si
2785 2303 3293 2360 Constitutionum
3317 2301 3543 2357 librum
3589 2300 3930 2356 tribuamus

2261 2394 2590 2458 Eustathio,
2615 2410 2752 2449 cum
2775 2391 2921 2448 nihil
2951 2391 3295 2462 fecerimus,
3337 2392 3504 2463 quod
3535 2405 3657 2446 non
3679 2389 3932 2445 fecerint

2260 2484 2480 2547 centeri,
2496 2484 2600 2556 qui
2621 2483 2926 2539 Eustathio
2947 2498 3193 2556 quoque
3210 2478 3928 2553 ascripseruntquidquid

2261 2573 2323 2630 in
2347 2575 2628 2629 Asceticis
2650 2589 2770 2628 non
2797 2573 3161 2628 Basilianum
3183 2588 3319 2628 esse
3353 2571 3468 2626 sibi
3490 2569 3822 2626 videbatur.

2333 2665 2422 2717 48.
2450 2662 2664 2718 Ultimo
2684 2661 2820 2718 loco
2840 2661 3183 2717 Combetisii
3215 2666 3575 2731 argumento
3597 2663 3807 2714 contra
3836 2657 3929 2729 ip-

2262 2769 2397 2808 sum
2419 2753 2851 2810 Combetisium
2879 2758 3029 2808 utar.
3057 2752 3342 2822 Virigitur
3361 2750 3923 2816 doctissimus,cum

2261 2843 2520 2914 probare
2560 2843 2755 2911 vellet,
2781 2843 3063 2898 Basilium
3083 2841 3444 2910 Regularum
3465 2844 3775 2896 auctorem
3795 2854 3925 2894 non

2260 2947 2414 2999 esse,
2430 2932 2510 2988 ita
2522 2931 2915 2988 ratiocinatus
2925 2937 3018 2986 est
3031 2947 3043 2986 :
3060 2937 3280 2986 Auctor
3298 2929 3638 2985 libellorum
3659 2932 3741 2984 De
3753 2927 3923 2996 judi-

2262 3023 2353 3077 cio
2374 3023 2484 3077 Dei
2519 3022 2681 3076 etDe
2697 3021 2837 3089 ﬁde,
2861 3019 3021 3075 idem
3044 3026 3151 3087 est,
3183 3020 3288 3091 qui
3316 3017 3702 3088 Regularum.
3738 3019 3787 3070 ts
3817 3031 3925 3070 au-

2262 3116 2384 3167 tem
2403 3111 2509 3184 qui
2527 3111 2794 3167 libellum
2811 3117 2888 3167 De
2897 3110 3010 3180 ﬁde
3027 3110 3403 3181 conscripsit,
3418 3124 3624 3164 vocem
3641 3110 3920 3179 ὁμοούσιος

2259 3200 2320 3256 in
2344 3217 2457 3256 sua
2477 3201 2618 3256 fidei
2639 3201 3066 3273 explanatione
3108 3200 3184 3255 de
3220 3198 3522 3254 industria
3559 3197 3812 3259 reticuit,
3853 3201 3919 3250 ut

2259 3291 2568 3346 mitiorum
2587 3291 3208 3360 Arianorumgratiam
3231 3287 3726 3345 sibiconciliaret:
3750 3287 3920 3358 quod

2261 3379 2567 3436 silentium
2591 3397 2729 3436 cum
2753 3381 2969 3436 cadere
2991 3395 3117 3436 non
3138 3379 3328 3452 possit
3351 3379 3412 3433 in
3466 3377 3774 3444 Basilium,
3812 3376 3920 3448 qui

2261 3469 2906 3527 consubstantialitalis
2933 3476 2990 3526 et
3018 3470 3204 3526 fidem
3236 3475 3295 3525 et
3322 3485 3534 3525 vocem
3558 3482 3798 3539 semper
3816 3481 3920 3538 pa-

2259 3563 2386 3619 lam
2405 3561 2692 3628 defendit,
2716 3578 2968 3618 necesse
2991 3550 3167 3617 estut
3205 3560 3384 3617 cadat
3407 3560 3466 3615 in
3517 3557 3920 3621 Eustathium,

2261 3653 2527 3727 quicum
2548 3653 3013 3709 Macedonianus
3043 3655 3220 3719 esset,
3245 3667 3394 3706 voce
3413 3649 3516 3706 illa
3533 3651 3812 3720 ὀμοούσιος
3834 3647 3922 3702 uti

2261 3745 2603 3799 recusabat.
2640 3745 2811 3812 Ergo,
2852 3741 3047 3814 inquit
3090 3741 3162 3805 is,
3212 3756 3395 3812 quem
3428 3739 3614 3794 modo
3647 3738 3793 3803 dixi,
3834 3737 3922 3792 vir

2265 3831 2729 3898 eruditissimus,
2747 3830 3011 3886 dubitari
3031 3831 3245 3886 merito
3265 3845 3387 3885 non
3406 3834 3622 3901 potest,
3644 3828 3791 3900 quin
3813 3829 3923 3882 Eu-

2266 3921 2522 3978 stathius
2542 3927 2607 3976 ut
2624 3920 2963 3976 libellorum
2985 3923 3070 3977 De
3081 3921 3317 3990 judicio
3337 3919 3449 3976 Dei
3467 3924 3523 3974 et
3544 3921 3628 3974 De
3663 3917 3801 3986 ﬁde,
3835 3916 3923 3972 ita

2266 4012 2629 4082 Regularum
2652 4027 2897 4084 quoque
2923 4011 3226 4081 legitimus
3248 4026 3470 4082 parens
3513 4011 3610 4064 sit.
3648 4011 3769 4077 Ego
3808 4023 3920 4062 au-

2266 4107 2385 4157 tem
2407 4101 2577 4157 facile
2597 4101 2844 4174 quidem
2868 4101 3120 4168 fatebor,
3143 4117 3283 4156 eum
3305 4101 3409 4172 qui
3429 4098 3686 4154 libellos.
3703 4099 3787 4152 De
3813 4099 3920 4166 ju-

2264 4193 2420 4247 dicio
2441 4193 2551 4247 Dei
2567 4196 2623 4246 et
2643 4193 2727 4247 De
2741 4192 2862 4258 ﬁde
2877 4191 3218 4263 composuit
3238 4193 3339 4258 (ι’),
3352 4189 3540 4244 alium
3556 4203 3677 4243 non
3697 4203 3825 4242 esse
3838 4187 3923 4240 ab

2264 4295 2337 4335 eo
2359 4280 2462 4352 qui
2487 4280 2742 4348 Regulas
2765 4281 2821 4336 in
2844 4281 3042 4336 lucem
3065 4280 3274 4345 edidit,
3298 4279 3482 4352 idque
3504 4285 3750 4334 caeteros
3789 4293 3922 4332 om-

2263 4385 2374 4425 nes
2432 4371 2656 4443 pariter
2682 4371 3068 4428 confessuros
3107 4378 3292 4444 puto:
3319 4373 3426 4426 sed
3463 4371 3628 4426 aliud
3670 4384 3925 4442 prorsus

2263 4459 2583 4517 concludo.
2608 4466 2732 4534 ltaq
2743 4479 2812 4516 ue
2828 4463 2912 4517 ita
2931 4461 3220 4517 adversus
3239 4460 3672 4517 Combeﬁsium
3686 4459 3924 4515 ratioci-

2264 4552 2393 4606 nari
2418 4551 2590 4606 licet:
2623 4557 2840 4607 Auctor
2878 4551 3221 4607 libellorum
3253 4553 3338 4606 De
3361 4551 3593 4619 judicio
3625 4551 3734 4605 Dei
3753 4556 3809 4604 et
3839 4550 3928 4604 De

2263 4641 2399 4710 ﬁde,
2425 4643 2584 4698 idem
2608 4648 2718 4711 est,
2741 4643 2847 4715 qui
2868 4642 3232 4711 Regularum
3258 4657 3271 4695 :
3295 4641 3401 4712 qui
3424 4645 3628 4695 autem
3649 4638 3926 4695 libellum

2263 4731 2350 4788 De
2367 4732 2486 4802 ﬁde
2506 4733 2784 4796 confecit,
2806 4747 2955 4786 voce
2978 4733 3330 4803 ὀμοοὺσιοςὶῐι
3353 4745 3465 4785 sua
3480 4728 3620 4784 fidei
3637 4727 3926 4799 explana~

2263 4823 2423 4881 tione
2448 4837 2594 4878 usus
2615 4826 2703 4876 est
2728 4826 2898 4888 (tom.
2925 4821 2990 4887 ll,
3013 4836 3072 4875 n.
3106 4821 3195 4888 4):
3238 4835 3361 4875 non
3401 4819 3581 4887 igitur
3612 4817 3742 4873 haec
3780 4817 3926 4872 fidei

2263 4912 2554 4984 expositio
2577 4910 2757 4965 tribui
2779 4915 2975 4982 potest
2999 4908 3325 4975 Eustathio,
3365 4909 3491 4980 qui,
3530 4906 3698 4980 quod
3737 4922 3773 4961 a
3812 4908 3928 4962 Ma-

2264 5001 2526 5057 cedonio
2548 4998 2770 5061 stabat,
2795 5014 2935 5053 voce
2959 4998 3061 5054 illa
3083 5001 3362 5070 ὸμοούσιος
3407 4997 3656 5051 minime
3713 4994 3929 5050 uteba-

2265 5097 2362 5147 tur
2392 5108 2403 5144 :
2439 5090 2648 5146 athaac
2670 5090 2803 5161 ipsa
2823 5089 2961 5144 ﬁdei
2992 5088 3311 5160 expositio,
3342 5089 3398 5142 in
3423 5103 3547 5160 qua
3589 5102 3706 5141 vox
3739 5087 3928 5157 ὀμ.οοὺ-

2270 5200 2383 5243 σιος
2402 5180 2638 5248 legitur,
2663 5179 2888 5252 optime
2909 5179 3190 5234 convenit
3219 5180 3279 5233 in
3327 5177 3608 5233 Basilium
3641 5178 3930 5246 Magnum

2267 5270 2373 5343 qui
2404 5285 2616 5324 vocem
2639 5270 2917 5339 ὁμοοᾶσιος
2944 5267 3226 5339 privatim
3246 5272 3303 5323 et
3325 5265 3563 5338 publice
3585 5264 3798 5321 acriter
3821 5263 3931 5319 de-

2268 5358 2512 5415 fendere
2561 5373 2800 5430 semper
2846 5357 3139 5428 gloriatus
3187 5364 3298 5412 est.
3347 5355 3577 5412 Rursus
3624 5354 3931 5412 adversus

2320 5540 2392 5608 (cl
2420 5541 2555 5612 ch.
2579 5554 2643 5595 n.
2663 5540 2734 5595 30
2764 5542 2821 5596 et
2851 5553 3021 5616 seqq.
