4092 6386
146 326 246 381 129

1651 312 2044 370 ΡΗΛΕΕἋΤΙΟ.

3466 321 3567 377 130

139 449 424 506 eumdem
457 445 886 506 Combefisium
915 445 997 501 ita
1025 443 1372 501 ratiocinari
1413 455 1748 514 possumus
1782 454 1796 492 :
1830 441 1876 492 A
1912 436 2185 493 Trinitate
2228 453 2240 492 :
2284 440 2344 493 at
2382 438 2445 492 in
2493 438 2848 495 monasticis
2890 441 3428 500 Constitutionibus
3475 445 3569 502 bis

140 540 376 610 Regulae
400 538 682 595 eumdem
709 540 1016 592 auctorem
1038 533 1285 601 habent,
1308 549 1493 605 quem
1509 529 1696 586 libelli
1718 530 1804 584 De

132 631 368 700 judicio
398 631 511 684 Dei
529 644 600 683 ac
626 629 712 684 De
733 627 853 695 ﬁde
879 641 900 680 ,ο
923 625 1030 680 sed
1059 623 1153 680 hic
1178 625 1266 680 De
1291 624 1410 692 ﬁde
1437 620 1674 676 libellus
1697 620 1806 673 Eu-

143 719 359 775 stathio
380 719 461 774 ob
491 733 650 784 eam,
676 731 863 788 quam
885 714 1029 784 dixi,
1062 729 1311 770 causam
1346 711 1525 767 tribui
1551 725 1674 765 non
1702 725 1806 780 po-

143 815 287 866 test:
322 824 435 864 nec
465 809 612 879 ipsae
660 806 844 875 igitur
885 803 1127 874 Regulae
1173 805 1224 858 ei
1271 801 1487 858 ascribi
1527 803 1802 873 possunt,

141 915 280 954 cum
301 897 462 951 idem
489 900 719 961 auctor,
744 891 1110 948 Combetisio
1128 890 1373 956 fatente,
1397 895 1455 945 et
1476 887 1730 957 Regulas
1752 891 1810 941 et

140 989 304 1044 hunc
330 988 416 1042 De
441 986 560 1054 fide
587 983 856 1039 libellum
883 981 1164 1051 vulgarit.
1189 981 1325 1046 Sed,
1349 980 1396 1036 si
1419 994 1619 1050 neque
1640 976 1807 1033 libel-

139 1079 232 1134 lus
247 1079 332 1132 De
344 1076 481 1144 ﬁde,
498 1089 696 1146 neque
710 1071 951 1142 Regulae
974 1070 1196 1127 ascribi
1212 1074 1466 1142 possunt
1479 1066 1808 1130 Eustathio,

142 1180 519 1237 consequens
549 1167 637 1218 est
667 1167 731 1216 ut
754 1159 968 1216 Basilio
995 1159 1356 1223 tribuantur,
1393 1174 1530 1214 cum
1565 1155 1812 1212 Basilius

141 1264 196 1313 et
231 1253 579 1311 Eustathius
615 1252 696 1307 ita
725 1252 880 1306 inter
925 1266 987 1305 se
1034 1251 1304 1306 Ascetica
1334 1250 1694 1322 partiantur,
1748 1249 1814 1302 ut

141 1344 441 1418 quidquid
465 1344 528 1398 in
558 1340 842 1397 Asceticis
871 1339 951 1396 ad
983 1339 1241 1395 alterum
1282 1354 1406 1394 non
1439 1338 1712 1410 pertinet,
1749 1336 1811 1392 id

142 1434 218 1491 ad
259 1433 513 1490 alterum
552 1429 850 1503 pertinere
891 1429 1045 1484 inter
1092 1444 1306 1484 omnes
1354 1432 1606 1484 constet.
1645 1430 1811 1482 Nunc

143 1523 345 1577 autem
359 1517 437 1573 ad
449 1513 919 1588 propositumita
934 1519 1325 1583 revertamur,
1344 1519 1410 1568 ut
1428 1511 1811 1568 Eustathium

143 1607 645 1667 Constitutionum
666 1603 1144 1660 monasticarum
1175 1610 1485 1658 auctorem
1507 1617 1637 1656 esse
1659 1617 1809 1672 pau-

144 1699 224 1755 cis
246 1696 685 1754 ostendamus:
729 1693 898 1766 quod
937 1695 1102 1750 factu
1129 1693 1305 1749 facile
1335 1699 1443 1748 est.
1492 1692 1720 1748 Etenim
1762 1690 1809 1746 si

1912 525 2160 597 quidem
2183 527 2568 583 sanctissima
2582 528 2834 584 Trinitas
2851 529 3214 602 nominatur,
3236 535 3342 589 sed
3364 539 3570 592 tamen

1915 620 2172 688 utroque
2204 615 2338 672 loco
2369 616 2737 672 vocabulum
2768 619 3043 690 ὁμοούσιος
3081 623 3572 690 praetermittitur.

1919 704 2096 760 Varia
2125 712 2328 762 autem
2360 706 2460 762 illa
2489 706 2795 762 scribendi
2824 708 2976 763 ratio
2997 709 3305 766 diversum
3329 713 3574 786 scripto-

1916 809 2043 849 rem
2065 793 2336 851 indicarc
2359 795 2570 851 merito
2591 795 2774 851 videri
2798 803 3001 869 posset
3022 816 3034 854 :
3059 815 3320 871 quorum
3341 803 3574 873 primus

1916 882 2026 938 erit
2047 884 2311 954 Basilius,
2341 885 2446 956 qui
2467 900 2614 940 voce
2636 886 2912 957 ὀμοοὺσιος
2932 888 3107 944 unice
3129 889 3570 948 delectabatur:

1917 971 2066 1028 alter
2107 976 2215 1030 erit
2254 974 2617 1037 Eustathius,
2660 975 2763 1047 qui
2801 975 3054 1033 aliorum
3089 981 3575 1039 Macedoniorum

1917 1062 2198 1134 exemplo
2218 1079 2377 1130 eam,
2391 1080 2579 1136 quam
2602 1063 2743 1130 dixi,
2762 1081 2972 1121 vocem
2992 1067 3307 1138 diligenter
3325 1071 3573 1128 vitabat.

1917 1155 2048 1208 Jam
2079 1153 2158 1208 ad
2184 1153 2414 1225 reliqua
2442 1155 2807 1225 properabo,
2848 1156 2955 1210 sed
2993 1156 3042 1212 si
3079 1159 3245 1229 prius
3275 1161 3576 1218 celebrem

1923 1243 2236 1299 Sozomeni
2257 1243 2478 1314 locum,
2496 1244 2601 1316 qui
2622 1244 2713 1299 his
2733 1245 3241 1317 disputationibus
3262 1252 3579 1310 materiam

1920 1331 2104 1402 dedit,
2137 1333 2434 1405 explicare
2483 1339 2736 1390 conatus
2779 1335 2947 1391 fuero
2981 1354 2994 1392 :
3043 1340 3211 1410 quod
3249 1346 3315 1398 ut
3349 1343 3580 1400 felicius

1920 1422 2227 1493 succedat,
2251 1439 2390 1479 eum
2409 1423 2613 1478 locum
2633 1424 2849 1480 iterum
2865 1427 3057 1482 oculis
3069 1429 3363 1501 subjicere
3380 1434 3578 1490 visum

1921 1518 2028 1577 est,
2054 1528 2151 1568 sec
2175 1528 2259 1568 s1c
2283 1517 2482 1568 tamen
2509 1518 2574 1568 ut
2595 1512 2780 1568 verba
2809 1516 3030 1584 Graeca,
3053 1534 3189 1589 quae
3209 1521 3376 1592 prius
3405 1525 3586 1582 retuli

1921 1607 2114 1668 (num.
2143 1605 2258 1670 27),
2281 1601 2396 1657 hoc
2420 1601 2553 1656 loco
2584 1601 2879 1658 omittam.
2906 1608 2989 1661 Ita
3012 1605 3194 1677 igitur
3212 1610 3580 1669 Sozomenus

1919 1688 2205 1762 loquitur,
2224 1689 2325 1746 lib.
2343 1706 2425 1759 ιιι,
2443 1706 2578 1762 cap.
2600 1695 2662 1746 14
2683 1708 2694 1746 :
2715 1692 2899 1760 Apud
2907 1695 2950 1749 Α
2966 1699 3223 1754 rmenios
3234 1716 3373 1757 vero
3395 1709 3449 1758 et
3467 1705 3581 1760 Pa-

145 1787 390 1845 Basilius
411 1791 476 1841 ut
493 1783 677 1840 libelli
695 1785 782 1840 De
798 1783 930 1852 ﬁde,
953 1783 1422 1852 ita'Regularum
1444 1787 1654 1838 auctor
1675 1797 1806 1838 esse
1844 1795 1882 1848 Β
1917 1781 2282 1850 phlagonas,
2315 1784 2371 1836 et
2401 1781 2636 1836 accolas
2655 1781 2858 1850 Ponti,
2891 1784 3270 1856 Eustathius,
3297 1791 3581 1850 Sebastiw

144 1879 378 1942 dicitur,
411 1875 566 1932 alius
592 1873 1099 1930 Constitutionum
1127 1872 1354 1928 librum
1377 1871 1682 1943 scripserit
1711 1886 1814 1926 ne-

145 1984 307 2025 cesse
336 1970 444 2026 est,
488 1980 648 2034 cum,
685 1967 752 2018 ut
789 1979 951 2036 saepe
982 1961 1126 2032 dixi,
1168 1960 1496 2033 multisque
1529 1960 1814 2033 probavi,

145 2057 506 2128 Regularum
527 2059 585 2110 et
605 2053 1110 2110 Constitutionum
1131 2067 1256 2107 non
1274 2067 1433 2106 unus
1452 2052 1558 2106 sed
1570 2050 1693 2106 duo
1711 2067 1816 2107 au-

143 2152 336 2204 ctores
367 2146 508 2201 sint.
561 2145 646 2198 Ex
690 2142 866 2198 dictis
895 2145 1098 2198 autem
1135 2140 1319 2211 liquet
1368 2139 1656 2196 Basilium
1691 2145 1815 2194 tam

141 2236 412 2293 libellum
446 2237 531 2291 De
552 2234 676 2304 fide
705 2248 896 2305 quam
924 2231 1181 2301 Begulas
1202 2231 1668 2302 conscripsisse:
1691 2247 1815 2287 non

143 2327 320 2398 igitur
339 2325 610 2386 Basilius,
638 2322 744 2378 sed
758 2321 978 2394 aliquis
996 2321 1150 2376 alius
1167 2320 1648 2376 monasticarum
1668 2323 1817 2376 Con-

145 2417 518 2472 stitutionum
557 2416 765 2471 auctor
813 2411 1110 2467 dicendus
1153 2415 1268 2468 est.
1318 2411 1668 2466 Eustathius
1711 2427 1816 2466 au-

147 2509 268 2561 tem
295 2503 459 2559 solus
482 2508 592 2569 est,
634 2501 727 2558 cui
757 2500 972 2557 merito
997 2499 1182 2555 tribui
1205 2499 1442 2571 possint
1469 2517 1480 2553 :
1515 2515 1697 2572 quem
1729 2499 1817 2554 vi-

146 2593 362 2649 delicet
386 2593 674 2648 hactenus
705 2589 923 2645 eruditi
951 2604 1165 2645 omnes
1205 2592 1516 2644 auctorem
1546 2578 1819 2654 fecerunt

147 2699 376 2746 eorum,
405 2698 540 2754 quae
565 2681 629 2737 in
665 2679 860 2736 Basilii
889 2679 1172 2735 Asceticis
1193 2694 1304 2751 pro
1323 2678 1540 2750 spuriis
1562 2682 1620 2733 et
1649 2677 1819 2734 adul-

143 2771 354 2829 terinis
391 2771 600 2828 habita
638 2775 795 2826 sunt.
838 2772 907 2824 Et
945 2768 1192 2842 quando
1233 2786 1306 2824 ex
1347 2767 1684 2826 Combeﬁsii
1726 2785 1817 2825 ar-

142 2866 437 2934 gumento
466 2862 599 2934 opis
642 2860 872 2934 aliquid
902 2860 981 2916 ad
1011 2875 1212 2916 meam
1250 2859 1602 2930 opinionem
1639 2859 1818 2914 stabi-

139 2936 418 3009 liendam
448 2968 665 3025 capere
689 2951 881 3007 semel
909 2951 1085 3023 ccepi,
1117 2966 1189 3005 ex
1217 2950 1432 3006 eodem
1457 2949 1655 3021 ipsam
1677 2966 1817 3006 con-

138 3044 383 3099 ﬁrmare
405 3058 682 3115 pergam.
721 3040 974 3112 Etenim,
1006 3040 1055 3094 si
1087 3039 1474 3109 Combeﬁsio,
1507 3040 1695 3111 quiin
1718 3040 1818 3096 illo

1921 1872 1986 1926 in
1998 1871 2047 1924 A
2056 1870 2288 1926 rmenia
2301 1870 2985 1938 episcopus,monasticw
2996 1881 3466 1935 conversationis
3478 1896 3582 1937 au-

1925 1966 2055 2018 ctor
2072 1961 2263 2031 fuisse
2282 1961 2508 2017 dicitur
2529 1976 2550 2016 .'
2581 1967 2634 2020 et
2669 1963 2744 2019 de
2761 1965 3044 2020 arctioris
3065 1967 3204 2023 vitae
3232 1968 3582 2042 disciplina,

1924 2050 1997 2106 de
2017 2052 2164 2106 cibis
2177 2051 2388 2121 quibus
2402 2055 2712 2123 utendum,
2735 2060 2842 2111 aut
2868 2069 2904 2110 a
2925 2056 3139 2126 quibus
3161 2057 3584 2117 abstinendum

1926 2147 2093 2209 esset,
2132 2142 2206 2197 de
2233 2143 2491 2198 vestibus
2520 2144 2734 2215 quibus
2764 2145 2856 2199 uti
2875 2151 3195 2214 oporteret,
3229 2148 3300 2203 de
3319 2150 3586 2210 moribus

1926 2231 2184 2302 denique
2201 2236 2259 2287 et
2286 2238 2503 2288 exacta
2534 2233 2778 2289 vivendi
2800 2235 3040 2289 ratione
3062 2242 3373 2305 praecepta
3395 2239 3585 2294 tradi-
3665 2275 3668 2278 ~

1926 2322 2115 2388 disse;
2138 2321 2282 2376 adeo
2308 2327 2373 2376 ut
2405 2324 2652 2393 quidam
2675 2324 2987 2393 afﬁrmem
3006 2325 3223 2381 librum
3241 2330 3583 2398 asceticum,

1925 2412 2034 2482 qui
2067 2411 2286 2466 Basilii
2327 2412 2706 2479 Cappadocis
2746 2413 2985 2468 nomine
3013 2415 3390 2484 inscribitur,
3423 2419 3495 2472 ab
3521 2434 3586 2475 eo
3683 2467 3694 2478 .

1927 2501 2332 2567 conscriptum
2343 2500 2549 2568 fuisse.
2566 2501 2747 2555 Erant
2758 2501 2936 2569 igitur
2949 2500 3114 2568 olim,
3133 2505 3466 2562 Sozomeno
3486 2521 3588 2562 au-

1927 2593 2110 2655 ctore,
2149 2604 2411 2661 quorum
2437 2588 2668 2659 judicio
2688 2590 2978 2645 asceticus
3005 2591 3258 2662 quidam
3280 2593 3448 2662 liber,
3482 2596 3588 2668 qui

1931 2678 2128 2734 Basilii
2158 2677 2532 2750 Cappadocis
2552 2679 2798 2734 nomine
2828 2681 3200 2753 conscriptus
3231 2688 3356 2739 erat
3375 2685 3454 2740 ad
3480 2688 3590 2742 Eu-

1927 2768 2216 2824 stathium
2235 2768 2629 2824 Sebastenum
2652 2768 3001 2839 pertinebat.
3027 2773 3171 2826 Puto
3191 2776 3392 2828 autem
3416 2776 3592 2831 Sozo-

1927 2874 2177 2914 menum
2207 2857 2356 2913 nihil
2377 2857 2542 2913 aliud
2564 2857 2680 2912 nisi
2708 2859 3184 2915 monasticarum
3206 2863 3590 2920 Constitutio-

1927 2964 2074 3004 num
2095 2946 2315 3002 librum
2336 2945 2600 3002 indicare
2617 2945 2898 3002 voluisse.
2927 2951 3040 3003 Nec
3061 2949 3281 3006 mirum
3303 2952 3590 3025 cuiquam

1930 3037 2242 3103 videbitur,
2276 3034 2498 3090 librum
2521 3035 2628 3107 qui
2648 3035 2937 3091 Eustathii
2963 3042 3108 3106 erat,
3125 3040 3372 3096 nomine
3393 3042 3592 3099 Basilii

135 3135 220 3189 De
245 3133 365 3202 ﬁde
381 3132 586 3188 libello
606 3129 973 3187 vocabulum
987 3131 1264 3202 ὁμοούσιος
1289 3129 1502 3184 deesse
1531 3128 1687 3185 falso
1708 3146 1817 3202 pu-
1850 3147 1891 3200 ο
1930 3127 2286 3197 inscriptum
2307 3124 2510 3192 fuisse,
2546 3125 2592 3179 si
2615 3125 2952 3182 meminerit
2974 3127 3165 3183 multa
3192 3131 3414 3203 scripta
3437 3147 3592 3204 esse,

135 3227 395 3289 taverat,
426 3222 510 3276 ita
552 3219 967 3290 argumentari
995 3217 1164 3274 licuit
1195 3235 1207 3272 :
1251 3235 1406 3290 opus
1435 3218 1492 3274 in
1523 3234 1648 3290 quo
1697 3235 1819 3275 vox

135 3314 424 3385 ὁμοούσιος
465 3315 717 3377 tacetur,
751 3307 1060 3363 Eustathio
1090 3307 1371 3362 convenit
1398 3307 1597 3376 magis
1628 3324 1820 3380 quam

137 3402 392 3470 Basilio,
411 3416 536 3456 non
548 3400 726 3456 video
740 3415 846 3454 cur
860 3397 1038 3453 nobis
1051 3412 1297 3468 quoque
1310 3397 1391 3452 ita
1409 3391 1823 3467 argumentari

133 3510 266 3551 non
292 3492 517 3548 liceat:
566 3491 730 3561 Opus
760 3489 822 3542 in
851 3503 976 3558 quo
1020 3502 1248 3542 nomen
1287 3488 1566 3558 ὁμοούσιος
1604 3489 1822 3544 omitti-

137 3589 256 3646 tur,
305 3576 621 3634 Eustathio
660 3575 862 3648 potius
900 3565 1083 3630 tribui
1120 3573 1300 3630 debet
1337 3589 1526 3645 quam
1560 3575 1773 3631 Basilio
1807 3593 1820 3632 :

137 3670 251 3728 sed
291 3666 471 3724 vocis
511 3665 791 3738 ὁμοούσίος
834 3679 910 3719 ne
948 3662 1271 3732 vestigium
1309 3662 1557 3734 quidem
1599 3663 1661 3718 in
1701 3668 1824 3720 toto

140 3756 666 3817 Constitutionum
681 3754 837 3810 libro
859 3757 1079 3819 exstat;
1105 3752 1338 3823 aequius
1360 3758 1450 3807 est
1469 3751 1647 3822 igitur
1667 3754 1717 3823 ej
1730 3770 1824 3808 us-

141 3849 320 3908 modi
364 3847 594 3904 librum
633 3844 944 3902 Eustathio
973 3842 1331 3914 adjudicari,
1363 3858 1552 3914 quam
1583 3843 1823 3902 Basilio.

143 3943 211 3996 Et
238 3943 307 3995 ut
337 3936 527 4012 hujus
560 3933 901 4005 argumenti
930 3931 1021 3988 vis
1055 3931 1248 4001 magis
1276 3931 1662 4003 intelligatur,
1689 3933 1827 3990 loca

144 4029 262 4086 tria
302 4042 450 4100 quae
494 4023 763 4081 maxime
802 4022 882 4079 ad
927 4038 1054 4078 rem
1087 4021 1333 4084 faciunt.
1365 4021 1461 4076 hic
1493 4023 1826 4080 exscribere

141 4133 275 4176 non
307 4114 571 4190 pigebit.
593 4113 859 4169 Primum
881 4111 1188 4167 adducam
1206 4126 1236 4166 e
1256 4109 1458 4167 libello
1486 4111 1573 4167 De
1594 4113 1734 4180 ﬁde,
1764 4112 1827 4168 in

144 4227 274 4283 quo
301 4208 393 4264 ita
423 4205 641 4275 legitur
671 4208 832 4276 (pag.
857 4202 984 4272 228)
1012 4219 1023 4256 :
1059 4201 1212 4253 Οὕτω
1243 4209 1546 4276 φρονοῦμεν,
1573 4206 1664 4254 καί
1692 4202 1827 4254 οὕτω

150 4294 492 4369 βαπτίζομεν
518 4290 590 4353 εἰς
620 4285 827 4364 Τριάὸα
855 4289 1151 4359 ὁμοούσιον.
1175 4287 1270 4342 Sic
1291 4290 1601 4349 sentimus,
1624 4289 1830 4360 sicque

152 4385 545 4455 baptizamus
612 4380 675 4434 in
745 4377 1044 4433 Trinitate
1099 4375 1624 4432 consubstcsntiali.
1702 4377 1832 4434 Alia

150 4473 280 4532 duo
312 4468 656 4530 mutuabor
675 4484 706 4523 e
728 4464 1078 4522 monasticis
1107 4463 1646 4521 Constitutionibus
1671 4467 1828 4540 (cap.

153 4570 207 4629 2,
242 4578 398 4638 pag.
432 4563 587 4626 541),
625 4557 688 4613 in
727 4555 952 4629 quibus
990 4554 1074 4610 ita
1111 4553 1406 4625 scriptum
1445 4555 1786 4612 invenimus
1817 4574 1829 4612 :

153 4656 345 4708 Ἠνίχα
394 4653 489 4724 μὲν
536 4650 636 4720 γὰρ
688 4647 717 4705 ὴ
768 4644 921 4716 ψυχὴ
968 4647 1026 4696 τὸ
1069 4643 1255 4705 ἑαυτῆς
1303 4642 1620 4696 ἀνακινοῦσα
1663 4649 1835 4719 νοερὸν

156 4750 218 4798 τὸ
252 4747 502 4817 φυσικῶς
533 4736 1013 4810 ἐγκατεσπαρμένον
1045 4733 1175 4805 αὐτῇ
1209 4736 1351 4807 παρὰ
1377 4743 1474 4796 τῆς
1493 4739 1838 4798 πεποιηκυίας

1931 3233 2069 3289 quae
2084 3220 2205 3271 tam
2219 3215 2280 3270 in
2295 3215 2552 3285 vulgatis
2571 3230 2759 3286 quam
2776 3214 2837 3269 in
2855 3215 3158 3272 veteribus
3172 3217 3338 3274 libris
3355 3227 3593 3278 sancto-

1933 3322 2067 3362 rum
2087 3309 2325 3361 Patrum
2338 3304 2584 3361 nomine
2597 3303 3028 3372 inscribuntur,
3042 3322 3180 3378 qua:
3195 3312 3396 3365 tamen
3413 3311 3594 3368 hodie

1934 3396 2013 3452 ab
2047 3394 2294 3450 eruditis
2331 3393 2682 3450 hominibus
2720 3394 2782 3449 in
2814 3394 3137 3452 subdititiis
3167 3402 3224 3453 et
3242 3398 3595 3457 adulterinis

1934 3484 2080 3556 poni
2099 3484 2396 3539 videmus.
2417 3487 2566 3538 Cum
2587 3483 2766 3554 igitur
2783 3485 3290 3543 Constitutionum
3313 3491 3599 3547 monasti-

1936 3589 2143 3629 carum
2175 3572 2346 3637 liber,
2378 3571 2482 3643 qui
2515 3572 2802 3627 Eustathii
2830 3579 2976 3639 erat,
3013 3576 3210 3631 Basilii
3235 3580 3480 3635 nomine
3509 3581 3597 3636 in-

1939 3663 2198 3734 scriptus
2215 3661 2344 3726 fuit,
2364 3660 2512 3715 nihil
2527 3661 2734 3716 einovi
2748 3661 2993 3719 accidit:
3015 3665 3122 3720 sed
3137 3667 3352 3723 eadem
3373 3673 3596 3726 sortem

1937 3752 2169 3818 habuit,
2193 3765 2381 3824 quam
2403 3750 2596 3806 multa
2617 3749 2734 3806 alia
2757 3750 3002 3823 scripta,
3020 3769 3158 3824 quae
3178 3770 3318 3812 cum
3338 3757 3597 3816 aliorum

1937 3846 2162 3907 essent,
2204 3839 2462 3895 aliorum
2496 3844 2699 3895 tamen
2737 3840 3085 3896 nominibus
3122 3842 3276 3900 falso
3315 3845 3602 3920 inscripta

1939 3937 2096 3988 sunt.
2122 3931 2262 4001 Ejus
2290 3928 2375 3985 rei
2399 3944 2618 3986 causas
2638 3944 2928 4001 quaerere,
2961 3930 3110 3987 nihil
3135 3933 3212 3988 ad
3234 3950 3330 3991 me
3353 3936 3600 3994 attinet:

1937 4021 2087 4078 mihi
2107 4019 2250 4076 satis
2279 4023 2390 4089 est,
2423 4021 2474 4074 si
2501 4034 2595 4074 res
2624 4017 2705 4074 ita
2736 4018 2830 4086 sit,
2860 4035 2970 4075 nec
3001 4023 3211 4092 negari
3240 4025 3450 4096 possit.
3487 4028 3602 4084 Sed

1939 4112 2149 4168 audire
2187 4110 2336 4166 mihi
2361 4109 2568 4165 videor
2596 4109 2702 4181 qui
2731 4117 3182 4182 conquerantur
3209 4113 3603 4174 immoratum

1939 4217 2038 4258 me
2054 4200 2235 4256 fuisse
2252 4199 2310 4254 in
2334 4197 2660 4270 probanda
2678 4214 2742 4254 re
2763 4213 2887 4254 non
2909 4199 3116 4269 dubia,
3131 4218 3270 4259 cum
3287 4206 3604 4264 ostendere

1941 4290 2290 4347 debuissem
2316 4290 2738 4358 Sozomenum,
2760 4303 2900 4344 cum
2921 4289 3004 4345 ita
3023 4289 3258 4348 locutus
3281 4299 3405 4350 est:
3438 4296 3606 4352 Adeo

1943 4387 2011 4436 ut
2025 4379 2272 4451 quidam
2293 4378 2606 4447 afﬁrmem
2639 4377 2861 4434 librum
2881 4381 3224 4446 asceticum,
3259 4386 3364 4455 qui
3390 4386 3612 4443 Basilii

1949 4468 2323 4551 Cappadocis
2352 4468 2593 4523 nomine
2619 4467 2998 4534 inscribitur,
3029 4470 3106 4526 ab
3145 4487 3209 4528 eo
3239 4472 3609 4547 [Eustathio]

1949 4559 2350 4626 conscriptum
2363 4556 2573 4626 fuisse,
2587 4555 2738 4611 nihil
2750 4555 2915 4612 aliud
2935 4557 3030 4613 his
3051 4560 3252 4616 verbis
3270 4561 3611 4632 signiﬁcare

1947 4646 2234 4718 voluisse,
2255 4644 2371 4702 nisi
2391 4645 2590 4700 solum
2614 4645 3120 4702 Constitutionum
3136 4651 3610 4709 monasticarum

1949 4738 2192 4806 librum,
2207 4734 2374 4808 quod
2395 4739 2460 4789 ut
2488 4733 2754 4790 maxime
2775 4734 3055 4805 dubium,
3075 4737 3156 4794 ita
3176 4739 3438 4810 probatu
3459 4740 3612 4797 difﬁ-

159 4835 331 4892 αὐτὴν
393 4831 553 4901 ἁγίας
619 4821 868 4899 Τριάδος,
928 4821 1231 4896 βουλεύεται
1285 4825 1372 4889 τά,
1433 4827 1546 4880 etc.
1603 4824 1817 4880 Etenin

1953 4827 2241 4885 cillimum
2267 4824 2453 4880 videri
2478 4829 2692 4896 potest.
2718 4827 2841 4894 Ego
2861 4830 3059 4882 autem
3084 4827 3253 4884 aliter
3283 4830 3493 4896 sentio,
3527 4831 3613 4887 id-

165 4925 417 4983 animus
450 4917 696 4989 quando
725 4930 836 4971 sua
866 4913 1255 4983 intelligendi
1282 4913 1344 4968 vi
1366 4919 1681 4983 commota,
1709 4930 1845 4985 qua:
1953 4934 2072 4991 que
2090 4915 2346 4973 arbitror
2365 4929 2490 4970 non
2509 4913 2836 4971 obscurum
2858 4915 3006 4987 fore,
3029 4916 3078 4972 si
3094 4932 3186 4988 ea,
3201 4935 3338 4991 quas
3359 4936 3504 4976 mox
3527 4937 3615 4977 re-

163 5017 219 5073 εἰ
266 5008 656 5069 naturaliter
697 5021 736 5062 a
777 5009 990 5060 sancta
1044 5003 1343 5059 Trinitate
1390 5003 1578 5071 ipsius
1637 5005 1849 5074 opifice
1956 5007 2084 5076 tuli,
2109 5003 2620 5063 Sozomeniverba
2639 5005 2823 5076 paulo
2843 5005 3187 5076 diligentius
3205 5007 3502 5078 legantur.
3529 5010 3616 5067 lbi

165 5105 360 5162 insita
391 5103 503 5165 est,
534 5095 608 5151 de
636 5094 812 5151 rebus
840 5093 1158 5161 deliberat,
1189 5095 1302 5147 etc.
1335 5093 1402 5146 Et
1429 5091 1643 5163 paucis
1672 5093 1850 5149 inter-
1961 5097 2120 5154 enim
2144 5093 2343 5150 solum
2373 5093 2597 5149 mentio
2627 5093 2693 5148 ﬁt
2715 5093 2790 5150 de
2813 5095 3082 5150 arctioris
3108 5097 3242 5153 vitae
3273 5098 3615 5172 disciplina,

161 5193 344 5268 jectis
379 5189 470 5244 sic
502 5185 924 5258 persequitur;
965 5189 1128 5234 Τοῦτο
1167 5184 1257 5253 μὲν
1296 5181 1366 5242 εἰς
1407 5180 1559 5252 ἁγίαν
1599 5186 1686 5234 καὶ
1727 5203 1817 5257 πρε

1961 5186 2036 5242 de
2062 5183 2213 5241 cibis
2241 5182 2465 5255 quibus
2499 5182 2813 5252 utendum,
2855 5189 2959 5240 aut
2995 5199 3031 5240 a
3061 5185 3286 5258 quibus
3316 5186 3621 5246 abstinen-

171 5283 452 5340 σχυνητὴν
475 5271 704 5351 Τριάὸα,
728 5274 862 5325 κατὰ
883 5276 941 5323 τὸ
963 5269 1287 5340 ἐνονιὰτενὲς
1312 5269 1560 5344 ἐνορῶσα,
1587 5275 1699 5327 etc.
1722 5273 1817 5329 ΗΟ

1962 5275 2133 5344 dum,
2155 5273 2230 5329 de
2251 5271 2537 5339 vestibus,
2559 5271 2784 5344 quibus
2805 5272 2889 5328 uti
2910 5279 3231 5348 oporteret,
3253 5276 3328 5333 de
3345 5279 3618 5336 moribus

169 5373 490 5436 videlicet,
551 5374 845 5437 quantum
893 5362 1033 5431 ﬁeri
1079 5366 1298 5430 potest,
1365 5361 1613 5416 intentis
1662 5363 1857 5418 animi
1964 5360 2224 5434 denique
2253 5365 2312 5416 et
2335 5364 2546 5417 exacta
2581 5360 2824 5417 vivendi
2860 5363 3093 5421 ratione
3127 5381 3141 5420 :
3172 5365 3396 5438 quibus
3423 5367 3619 5426 verbis

171 5463 367 5522 oculis
411 5462 479 5514 in
511 5460 726 5511 sancta
763 5457 818 5509 et
857 5451 1178 5508 adoranda
1216 5449 1514 5506 Trinitate
1543 5456 1852 5518 contuens,
1965 5450 2468 5508 Constitutionum
2516 5451 2993 5510 monasticarum
3034 5453 3186 5511 liber
3229 5461 3350 5513 tam
3397 5461 3624 5533 perspi-

173 5561 292 5613 etc.
347 5555 573 5618 Vocem
621 5546 897 5618 ὁμοούσιος
945 5541 1223 5597 videmus
1268 5539 1330 5595 in
1374 5539 1578 5596 libello
1624 5544 1705 5597 De
1737 5543 1858 5610 ﬁde
1966 5559 2076 5599 cue
2105 5541 2427 5609 indicatur,
2459 5546 2524 5596 ut
2551 5546 2787 5598 tantum
2831 5559 2954 5600 non
2984 5545 3284 5602 nominari
3321 5547 3617 5607 videatur.

176 5644 572 5716 usurpatam,
621 5650 763 5691 cum
810 5631 1038 5689 mentio
1079 5629 1338 5687 habetur
1370 5627 1446 5685 de
1477 5630 1859 5688 sanctissima
1967 5631 2186 5689 Omnia
2226 5630 2387 5686 enim
2423 5645 2562 5702 quin
2612 5631 2676 5687 in
2723 5631 2823 5688 illo
2874 5634 3190 5691 Sozomeni
3237 5635 3370 5693 loco
3414 5637 3622 5709 legun-
