4092 6386
394 322 495 375 135

1905 288 2304 350 PREFATIO.

3711 282 3809 336 136

389 443 678 516 scriptum
729 445 817 496 est
862 439 965 494 εἨ
1015 439 1145 510 μετὰ
1190 439 1284 492 τὴν
1334 431 1587 484 ἀπόλυσιν
1637 433 1737 478 τῶν
1790 419 2048 481 συνάξεων

2171 413 2476 469 timiorum
2505 410 2792 484 primum,
2815 410 2878 466 in
2906 411 3115 464 nostra
3140 405 3402 463 editione
3423 403 3816 478 quadragesi-

389 533 644 607 ὁμιλοῦσα
695 551 799 582 τινι
856 537 956 582 τῶν
1015 528 1108 590 ἔξω
1163 531 1456 597 γυναικῶν,
1509 515 1870 589 ὰφοριζέσθω,
1934 515 2053 572 etc,

389 606 530 693 Qum
557 629 690 694 post
721 621 1030 677 absolutas
1059 629 1321 686 synaxes
1366 627 1500 667 cum
1550 609 1762 677 aliqua
1802 606 2054 694 certet-ma

386 687 640 772 muliere
656 708 1193 781 con/abulabatur,
1211 708 1540 774 separetur,
1567 704 1678 752 etc.
1700 692 1847 750 Illud
1868 687 2052 782 enim,

386 814 486 857 τῶν
521 802 797 868 συνάξεων,
831 804 1045 870 praeter
1093 792 1290 849 Basilii
1338 784 1846 845 consuetudinem
1886 791 2054 850 posr-

387 901 519 953 tum
541 898 630 948 est
655 912 666 948 :
692 891 794 964 qui
827 887 935 944 etsi
966 880 1420 942 communionis
1440 892 1628 933 sacrae
1661 872 1873 929 crebro
1891 878 2058 922 men-

390 987 613 1043 tionem
638 959 797 1051 facit,
816 992 1121 1050 nusquam
1147 967 1549 1042 tamen,quod
1569 963 1820 1038 quidem
1841 959 2054 1023 sciam,

389 1093 538 1134 voce
573 1073 786 1134 σύναξις
814 1069 1018 1125 utitur.

463 1172 551 1222 51.
586 1161 759 1229 Quod
795 1160 924 1230 jam
956 1155 1035 1212 ad
1072 1151 1353 1227 Epitimia
1385 1145 1671 1204 secundae
1693 1139 1908 1230 classis
1928 1133 2055 1193 atti-

390 1264 514 1324 net,
546 1255 688 1312 talia
718 1228 878 1316 sunt,
905 1254 964 1304 ut
988 1248 1212 1302 mirum
1241 1243 1314 1297 sit
1351 1235 1828 1296 eruditissimum
1857 1228 2054 1283 virum

393 1323 824 1406 Combeﬁsium
865 1335 1169 1410 ejusmodi
1208 1330 1484 1405 Epitimia
1520 1342 1630 1400 pro
1661 1323 1814 1378 veris
1834 1335 1905 1375 ac
1927 1331 2054 1410 ger-

393 1437 592 1495 manis
615 1431 959 1503 agnovisse,
975 1432 1080 1482 aut
1093 1430 1249 1480 certe
1270 1422 1330 1477 in
1353 1435 1489 1476 eam
1506 1414 1856 1488 opinionem
1878 1405 2054 1503 valde

395 1494 814 1601 propendisse.
839 1494 988 1573 Cum
1019 1515 1179 1570 enim
1211 1509 1462 1566 dixisset
1487 1502 1785 1578 Epitimia,
1824 1512 1962 1570 quae
1992 1494 2054 1594 in

395 1592 716 1675 Barisiensi
757 1608 1020 1665 editione
1063 1601 1313 1660 diversis
1352 1598 1501 1654 locis
1546 1594 1744 1668 posita
1792 1592 1952 1653 sunt,
1993 1592 2055 1640 in

394 1724 506 1765 suo
529 1703 710 1762 veteri
757 1700 910 1756 libro
959 1694 1333 1751 continenter
1361 1687 1498 1758 legi,
1523 1685 1606 1740 sic
1635 1680 1900 1754 loquitur
1926 1679 2005 1746 (a)
2038 1690 2051 1728 :

393 1795 701 1856 Mazarini
719 1791 907 1848 codex
925 1785 1128 1843 omnia
1144 1781 1325 1837 simul
1345 1777 1692 1846 complexus
1713 1775 1821 1837 est,
1837 1767 2054 1824 eidem-

395 1904 511 1961 que
529 1883 809 1952 ascripsit
833 1893 965 1935 vero
985 1881 1090 1933 aut
1111 1872 1452 1929 existimato
1473 1865 1704 1922 Basilio
1729 1880 1741 1917 :
1767 1875 1839 1916 ac
1855 1856 2057 1960 potius

396 1949 557 2043 ivero,
591 1949 934 2030 subnectens
965 1968 1037 2023 iis
1076 1961 1380 2034 opusculis
1409 1973 1539 2028 quw
1568 1951 1966 2012 communiter
1994 1949 2056 2003 in

395 2041 625 2126 Basilii
643 2061 858 2131 Magni
891 2055 1168 2128 genuinis
1199 2053 1624 2106 numerantur.
1653 2046 1715 2098 Et
1735 2056 1877 2097 vero
1910 2041 2060 2112 quot

397 2161 539 2214 sunt
556 2168 737 2209 voces
765 2150 824 2205 in
847 2149 963 2203 hac
984 2142 1405 2218 Epitimiorum
1427 2138 1644 2200 classe,
1670 2137 1755 2188 tot
1773 2136 1914 2186 sunt
1938 2131 2058 2185 fere

395 2239 840 2320 peregrinitatis
864 2241 1022 2292 notae
1047 2252 1060 2290 :
1088 2230 1257 2305 quod
1283 2247 1356 2285 ex
1374 2241 1586 2283 eorum
1606 2223 1861 2320 lectione
1878 2218 2058 2320 facile

396 2309 433 2394 a
462 2309 680 2408 quovis
710 2325 997 2399 cognosci
1034 2326 1251 2396 potest.
1289 2319 1388 2375 Hic
1419 2329 1666 2372 monere
1695 2311 1852 2376 volo,
1877 2309 2058 2408 hujus

396 2396 681 2481 secundae
704 2396 914 2474 classis
939 2411 1280 2485 epitimium
1302 2407 1568 2480 primum
1600 2403 1660 2457 in
1689 2406 1894 2456 nostra
1932 2396 2058 2453 edi-

397 2514 559 2570 tione
585 2506 1020 2566 duodecimum
1069 2514 1219 2555 esse.
1260 2501 1322 2552 In
1365 2512 1437 2552 eo
1481 2499 1685 2550 autem
1724 2490 1806 2546 ita
1842 2487 2059 2556 legitur

397 2606 562 2676 (pag.
607 2604 726 2657 527)
757 2615 770 2652 :
814 2598 873 2648 Εἰ
911 2613 992 2653 τις
1031 2589 1222 2652 ἐξελθοι
1251 2594 1344 2638 τοῦ
1373 2586 1752 2676 μοναστηρίου,
1785 2584 1854 2651 μὴ
1888 2574 2056 2628 λαϐὼν

398 2691 633 2762 εὐλογίαν
665 2687 696 2744 ἢ
730 2684 1004 2741 ἀπολυθεὶς
1025 2681 1126 2732 ὑπὸ
1146 2685 1238 2730 τοῦ
1263 2675 1323 2748 ἀρ
1330 2669 1538 2747 χιμανδ
1541 2692 1568 2747 ρ
1578 2677 1686 2724 ίτου
1718 2673 1847 2742 μετὰ
1868 2669 2000 2738 ερχῆ
2015 2689 2054 2733 ς,

399 2760 534 2837 ἔστω
565 2780 931 2834 ἀκοινώνητος.
964 2773 1030 2828 Si
1078 2771 1210 2841 quis
1248 2765 1599 2838 egrediatur
1635 2777 1665 2819 e
1697 2760 2058 2817 monasterio

397 2890 522 2930 non
540 2876 789 2938 accepta
813 2861 1246 2925 benedictione,
1270 2862 1377 2914 aut
1403 2871 1523 2910 non
1546 2854 1827 2908 dimissus
1859 2851 1935 2906 ab
1959 2865 2056 2905 ar-

399 2959 816 3021 chimandrita
836 2969 970 3010 cum
991 2949 1354 3020 precatione,
1371 2961 1408 3000 a
1429 2945 1657 3001 caeteris
1678 2943 2056 3010 sejungatur.

402 3055 570 3110 Certe
602 3051 892 3120 praestare
924 3039 1142 3104 ausim,
1167 3037 1321 3093 duas
1351 3036 1463 3091 has
1487 3049 1686 3098 voces,
1710 3035 2059 3102 μοναστήριον

402 3147 462 3198 et
499 3117 949 3214 ἀρχ-ιμανὸρίτης,
990 3145 1127 3202 quae
1158 3141 1276 3182 non
1316 3125 1413 3179 hic
1445 3121 1665 3187 solum,
1697 3119 1806 3174 sed
1836 3119 1895 3174 in
1929 3117 2061 3173 aliis

401 3208 584 3289 etiam
607 3208 890 3298 epitimiis
911 3235 1072 3292 saepe
1092 3218 1396 3286 leguntur,
1425 3227 1732 3284 nusquam
1755 3208 1922 3298 apud
1953 3210 2062 3262 Ba-

403 3319 603 3376 silium
615 3296 882 3387 reperiri.
899 3309 1132 3365 Addere
1155 3303 1385 3378 possim
1406 3306 1464 3357 et
1486 3300 1604 3357 alia
1618 3296 1921 3355 vocabula
1941 3311 2064 3352 non

402 3423 603 3484 pauca
636 3405 698 3461 in
736 3401 954 3458 iisdem
982 3397 1098 3454 illis
1139 3391 1428 3468 Epitimiis
1471 3390 1701 3462 passim
1725 3402 2062 3448 occurrere,

402 3477 540 3572 quae
572 3495 622 3551 si
643 3507 766 3550 non
785 3490 1010 3554 omnia,
1026 3491 1087 3543 at
1099 3485 1387 3558 pleraque
1411 3486 1612 3537 tamen
1632 3478 1838 3534 minus
1861 3477 2064 3533 adhuc

408 3566 706 3643 Basiliana
730 3596 865 3638 esse
891 3575 1277 3633 videbuntur.
1307 3569 1519 3636 Qualia
1545 3573 1687 3624 sunt
1722 3568 1870 3633 haec,
1906 3566 2063 3640 ἁρχι-

403 3682 652 3741 κουνίτις,
683 3675 905 3737 κούνιον,
932 3665 1262 3736 ἀπευλογίας,
1287 3666 1558 3735 μαφόριον,
1584 3655 1791 3732 ὅρδινος
1814 3660 2063 3728 ἠσυχασ-

403 3772 518 3834 τὴς,
571 3764 858 3837 ὀστιάριον,
894 3749 1439 3831 ἁρχιεϐὃομαὸάριος,
1486 3765 1621 3821 quae
1672 3763 1872 3813 voces,
1920 3761 2062 3801 cum

407 3861 512 3914 aut
571 3834 790 3911 Latinae
847 3849 986 3913 sint,
1049 3849 1155 3901 aut
1204 3840 1383 3897 valde
1434 3838 1713 3905 insolitae,
1769 3835 1911 3892 novi
1961 3834 2064 3890 ali-

403 3946 555 4020 quid
573 3942 831 4000 simulet
855 3934 1154 4010 peregrini
1175 3929 1489 3988 manifeste
1515 3928 1801 3984 indicant.
1831 3929 1899 3981 Et
1917 3940 2061 3980 vero

407 4015 460 4091 si
513 4032 707 4090 Caroli
774 4026 981 4097 Cangii
1048 4023 1426 4079 Glossarium
1476 4019 1747 4074 Graecum
1803 4015 2058 4086 legatur,

405 4124 491 4180 ibi
531 4122 753 4177 horum
802 4113 1218 4188 Epitimiorum
1258 4123 1380 4164 non
1411 4107 1727 4162 minimam
1766 4110 1999 4177 partem
2029 4118 2060 4158 e

405 4210 592 4269 veteri
621 4207 890 4281 quodam
917 4197 1313 4257 Paenitentiali
1340 4200 1540 4253 Graeco
1571 4195 1814 4251 citatam
1845 4191 2063 4249 intueri

404 4300 624 4358 licebit.
675 4298 815 4367 Ejus
853 4309 1043 4367 quam
1081 4289 1206 4346 dixi
1243 4289 1329 4344 rei
1368 4286 1647 4359 exempla
1689 4285 1812 4340 duo
1851 4300 1884 4340 e
1914 4299 2062 4338 voce

409 4392 732 4462 ἠσυχοιστής
761 4384 1067 4459 proferam
1101 4398 1113 4436 :
1148 4396 1193 4435 SI
1221 4379 1314 4434 cui
1353 4376 1594 4433 libuerit
1623 4374 1825 4430 videre
1865 4372 2058 4445 plura,

409 4481 562 4538 alias
593 4493 747 4551 quas
795 4472 981 4530 modo
1020 4469 1228 4527 notavi
1260 4483 1436 4524 voces
1482 4467 1543 4520 in
1582 4463 1716 4536 ipso
1759 4464 2062 4519 Glossario

2162 518 2332 558 mum
2371 506 2656 574 quartum
2688 504 2802 566 est;
2849 497 3206 562 secundum,
3239 499 3523 568 quartum
3563 499 3621 549 et
3643 508 3816 566 quin-

2161 607 2609 664 quagesrmum.
2639 592 2720 646 Ex
2743 589 2966 662 quibus
2988 588 3128 644 satis
3152 586 3495 657 intelligitur
3514 583 3819 655 ejusmodi

2164 680 2443 752 Epitimia
2473 697 2593 736 non
2627 679 2865 744 Basilio,
2900 676 3007 733 sed
3041 675 3357 732 recentiori
3379 674 3644 746 cuipiam
3677 672 3818 728 scri-

2164 769 2320 842 ptori
2341 769 2665 825 tribuenda
2685 784 2834 824 esse.

2165 930 2193 1002 §
2232 932 2318 985 XI.
2363 931 2518 986 Pars
2549 945 2730 997 nona,
2764 929 2868 984 ubi
2890 926 3322 1002 expenduntur
3357 923 3648 1002 opuscng
3678 923 3818 1002 duo,

2235 1017 2366 1071 quae
2407 994 2788 1068 Combeﬁsius
2823 994 3060 1056 non-ita
3093 998 3330 1066 pridem
3366 999 3580 1071 in__suo
3606 994 3820 1050 Basilio

2235 1069 2528 1129 recensita
2549 1088 2664 1141 pro
2696 1075 2864 1128 novis
2895 1087 2969 1128 ac
2995 1071 3274 1142 genuinis
3305 1069 3517 1124 edidit.

2235 1236 2320 1287 5'2.
2375 1235 2597 1289 Horum
2655 1231 3086 1304 opusculorum
3145 1228 3410 1302 primum
3457 1227 3538 1284 ita
3589 1225 3824 1282 exordi-

2163 1325 2261 1376 tur
2283 1322 2359 1384 (b)
2393 1340 2405 1376 :
2442 1328 2544 1372 Τοῦ
2581 1327 2777 1394 Κυρίου
2812 1324 2957 1392 ἡμῶν
2988 1319 3161 1377 Ἰησου
3195 1326 3430 1391 Χριστοῦ
3460 1319 3822 1389 προστάσσον-

2162 1431 2268 1473 τοςο
2318 1410 2382 1463 ⁴Ο
2428 1411 2557 1483 λέγω
2606 1414 2725 1484 ὑμῖν
2766 1411 2816 1463 ἐν
2866 1419 2928 1482 τῇ
2993 1414 3202 1480 σκοτίᾳ,
3251 1413 3428 1460 εἴπατε
3469 1406 3516 1458 ἐν
3565 1415 3636 1476 τῷ
3669 1409 3821 1476 φωτί·

2163 1506 2253 1553 καὶ
2284 1501 2310 1552 ὁ
2341 1506 2472 1573 πρὸς
2496 1505 2553 1552 τὸ
2576 1497 2665 1561 οὖς
2698 1501 2977 1570 ἠκούσατε,
3009 1499 3267 1573 κῆρύξατε
3298 1496 3384 1548 ἐπὶ
3415 1505 3514 1548 τῶν
3546 1492 3822 1567 δωματων·

2163 1597 2252 1642 καὶ
2302 1600 2393 1642 του
2450 1590 2791 1658 Ἀπόστολου,
2851 1599 2947 1650 τῆς
3009 1597 3214 1649 σιωπῆς
3266 1592 3324 1639 τὸ
3382 1595 3546 1660 κρῖμα
3613 1585 3827 1657 φοϐερὸν

2167 1677 2480 1747 δεικνύντος,
2509 1685 2622 1735 etc.
2651 1681 2796 1736 Cum
2816 1680 3105 1735 Dominus
3132 1684 3335 1733 noster
3353 1677 3523 1733 Jesus
3547 1676 3830 1732 Christus

2089 1818 2127 1869 Β
2162 1771 2481 1839 ρνκεὶρίαι
2506 1785 2530 1825 .·
2559 1792 2585 1819 ‹‹
2620 1769 2788 1836 Quod
2843 1769 3003 1824 vobis
3032 1769 3165 1823 dico
3205 1769 3268 1822 in
3319 1766 3600 1835 tenebris,
3648 1765 3831 1819 dicite

2165 1861 2230 1914 in
2269 1861 2432 1930 luce;
2473 1866 2526 1915 et
2585 1859 2746 1931 quod
2803 1860 3028 1915 auditis
3076 1860 3137 1913 in
3185 1872 3306 1927 ore,
3345 1857 3680 1925 praedicata
3725 1870 3830 1909 su-

2161 1964 2276 2017 per
2307 1955 2462 2020 tecta
2488 1951 2534 1983 ‘5
2560 1965 2573 2014 ;
2609 1971 2637 1998 ››
2663 1949 2988 2018 Apostolus
3020 1949 3160 2002 item
3185 1946 3418 2001 silentii
3453 1944 3829 2000 tremendum

2157 2039 2464 2108 judicium
2513 2039 2848 2104 ostendens,
2892 2043 3006 2092 etc.
3055 2040 3138 2091 Ita
3182 2039 3386 2092 autem
3426 2033 3686 2089 desinit:
3721 2033 3834 2085 ἰνα

2168 2127 2415 2199 πληρωθῇ
2494 2125 2542 2177 ἐν
2602 2129 2721 2198 ὑμῖν
2778 2130 2836 2178 τὸ
2895 2127 2994 2177 ὑπὸ
3050 2129 3143 2176 το·3
3195 2123 3511 2176 Ἀποστολου
3570 2122 3834 2194 εἰρημένον

2169 2216 2250 2268 ὁτι
2295 2223 2472 2268 Ταῦτα
2515 2218 2752 2290 παράθου
2804 2222 3014 2276 πιστοῖς
3059 2213 3372 2285 ἀνθρώποις,
3425 2212 3608 2271 οἱτινες
3665 2211 3832 2262 ἱκανοὶ

2168 2308 2374 2357 ἔσονται
2405 2311 2492 2357 καὶ
2524 2305 2728 2378 ἐτέρους
2759 2301 3001 2365 διδάξαι·
3035 2319 3153 2375 quo
3185 2305 3248 2358 in
3288 2302 3451 2358 vobis
3500 2301 3834 2369 impleatur

2167 2397 2328 2451 illud
2357 2397 2636 2464 Apostoli
2664 2412 2685 2450 .·
2718 2417 2746 2444 ‹‹
2779 2396 2924 2450 Haec
2954 2394 3301 2449 commenda
3329 2391 3612 2460 ﬁdelibus
3645 2390 3835 2445 homi-

2168 2487 2366 2554 nibus,
2407 2490 2514 2557 qui
2555 2491 2608 2542 et
2659 2486 2808 2541 alios
2858 2484 3072 2539 docere
3113 2488 3291 2538 erunt
3331 2481 3531 2536 idonei
3553 2481 3620 2534 ‘7.
3663 2502 3690 2527 »
3733 2478 3834 2532 Hic

2167 2575 2425 2648 qumstio
2457 2581 2567 2637 est,
2600 2574 2857 2629 fueritne
2881 2573 2998 2628 hoc
3028 2571 3396 2645 opusculum
3423 2567 3834 2640 conscriptum

2169 2664 2248 2720 ab
2277 2680 2371 2730 eo,
2404 2663 2507 2736 qui
2536 2663 2899 2728 Asceticum,
2933 2661 3101 2734 quod
3139 2666 3378 2730 vocant,
3405 2659 3467 2714 in
3495 2658 3690 2714 lucem
3713 2655 3834 2712 edi-

2168 2753 2275 2820 dit,
2306 2770 2384 2809 an
2415 2752 2492 2808 ab
2516 2753 2740 2826 aliquo,
2773 2753 2878 2825 qui
2907 2751 3160 2807 Ascetici
3199 2755 3408 2807 auctor
3438 2748 3590 2804 falso
3618 2746 3831 2802 haberi

2169 2842 2442 2899 voluerit.
2476 2842 2813 2898 Meminisse
2838 2847 3040 2898 autem
3059 2841 3252 2912 juvat,
3273 2856 3399 2895 non
3423 2837 3672 2908 intelligi
3694 2852 3831 2908 pro-

2167 2932 2296 3004 prie
2325 2930 2575 2986 Ascetici
2605 2929 2850 2986 nomine
2881 2930 3093 2986 omnia
3142 2929 3369 3001 scripta
3407 2926 3686 2991 ascetica,
3721 2923 3830 2980 sed

2169 3022 2468 3078 duntaxat
2513 3020 2745 3077 libellos
2775 3023 2860 3077 De
2892 3021 3129 3090 judicio
3173 3036 3244 3076 ac
3275 3021 3361 3075 De
3406 3019 3543 3086 ﬁde,
3589 3014 3832 3072 Moralia

2171 3116 2229 3168 et
2290 3111 2547 3180 Regulas
2597 3115 2723 3166 tam
2775 3109 3081 3166 breviores
3131 3125 3322 3182 quam
3369 3106 3695 3175 longiores.
3747 3104 3833 3159 Ex

2171 3217 2296 3274 quo
2323 3200 2406 3268 fit,
2441 3205 2505 3256 ut
2533 3199 2583 3254 si
2625 3200 2754 3254 hzec
2797 3197 3332 3254 lucubratiuncula
3373 3211 3517 3252 vera
3557 3196 3631 3250 sit
3654 3200 3712 3250 et
3735 3209 3832 3264 ge-

2172 3291 2380 3356 nuina,
2421 3289 2764 3345 necessario
2808 3293 2914 3344 aut
2969 3288 3182 3343 Basilio
3225 3287 3554 3344 tribuenda
3593 3286 3688 3353 sit,
3729 3287 3835 3340 aut

2176 3381 2503 3447 Eustathio,
2531 3396 2671 3436 cum
2701 3378 2984 3435 alteruter
3011 3378 3354 3434 Asceticum
3392 3393 3464 3433 eo
3494 3392 3678 3449 quem
3709 3373 3834 3429 dixi

2171 3471 2357 3528 modo
2388 3475 2706 3543 acceptum
2749 3467 3032 3539 vulgasse
3063 3468 3142 3524 ab
3191 3466 3478 3524 omnibus
3526 3464 3828 3521 credatur.

2173 3560 2569 3619 Combeiisius
2600 3557 2767 3614 nullo
2809 3557 2995 3614 modo
3021 3557 3258 3613 dubitat
3293 3556 3443 3629 quin
3491 3555 3622 3611 haec
3666 3553 3831 3609 lucu-

2168 3650 2558 3708 bratiuncula
2581 3663 2726 3705 vera
2755 3647 2831 3703 sit
2852 3643 2923 3704 a‘c
2954 3662 3248 3716 germana
3281 3663 3292 3700 :
3321 3644 3731 3701 Tillemontius
3753 3643 3833 3714 (c)

2169 3757 2312 3798 vero
2343 3756 2481 3796 eam
2509 3738 2760 3812 quidem
2790 3753 2903 3810 pro
2933 3752 3073 3792 vera
3094 3736 3327 3802 habuit,
3359 3735 3465 3791 sed
3495 3737 3578 3791 ita
3603 3740 3827 3800 tamen,

2167 3836 2384 3887 utnon
2413 3829 2670 3886 obscure
2702 3827 2997 3883 indicaret
3035 3843 3097 3882 se
3126 3841 3249 3882 non
3286 3825 3467 3896 longe
3499 3824 3714 3882 abesse
3751 3822 3831 3880 ab

2173 3937 2386 3978 eorum
2415 3919 2722 3992 opinione,
2753 3917 2858 3990 qui
2889 3917 3057 3973 aliter
3099 3917 3405 3973 sentirent.
3443 3917 3538 3973 Ait
3566 3916 3728 3971 enim
3768 3931 3831 3970 se

2168 4022 2232 4078 in
2272 4011 2408 4082 ipsa
2435 4025 2662 4082 parum
2691 4013 2748 4063 et
2775 4005 3180 4077 igniculorum
3211 4013 3265 4062 et
3293 4005 3606 4077 elegantiae
3634 4003 3834 4061 Basilii

2169 4103 2416 4160 vidisse.
2466 4103 2588 4170 Ego
2633 4103 2837 4154 autem
2887 4113 3008 4154 non
3041 4097 3241 4153 dicam
3266 4096 3470 4152 videre
3499 4113 3593 4153 me
3624 4096 3684 4151 in
3715 4095 3834 4186 hqc

2170 4190 2470 4265 opusculo
2494 4205 2711 4262 parum
2738 4187 3024 4244 Basiliani
3056 4187 3194 4259 styli
3219 4205 3231 4243 :
3255 4187 3362 4243 sed
3383 4186 3707 4242 afﬁrmabo
3730 4201 3837 4257 po-

2170 4283 2287 4340 tius
2330 4297 2427 4338 me
2475 4278 2623 4336 nihil
2650 4278 2902 4334 omnino
2933 4278 2995 4333 in
3036 4294 3107 4334 eo
3137 4277 3428 4343 invenire,
3475 4277 3642 4349 quod
3687 4277 3833 4333 tanti

2169 4371 2277 4428 viri
2306 4370 2584 4444 phrasim
2613 4368 2706 4424 vel
2737 4367 3052 4440 paululum
3090 4368 3306 4440 sapiat.
3338 4369 3549 4424 Sermo
3589 4365 3836 4423 humilis

2171 4466 2262 4517 est
2289 4464 2344 4515 et
2375 4458 2648 4530 abjeclus
2673 4475 2685 4510 :
2707 4456 3036 4513 verborum
3060 4456 3430 4512 constructio
3447 4456 3506 4512 in
3530 4455 3836 4529 aliquibus

408 4525 680 4642 quaerere
709 4563 960 4638 poterit;
989 4561 1226 4632 hacque
1255 4556 1422 4613 brevi
1462 4570 1533 4610 ac
1576 4552 1734 4609 facili
1766 4551 1864 4607 via
1900 4552 2062 4608 inve-
2097 4525 2136 4578 θ
2171 4549 2319 4606 locis
2353 4548 2517 4604 nulla
2545 4566 2558 4603 :
2596 4547 2906 4602 sententiae
2949 4546 3247 4602 obscurae.
3289 4525 3648 4602 Sermonem
3673 4544 3837 4616 abje-

316 4685 320 4688 ·
408 4641 532 4714 niet
571 4655 741 4729 quod
801 4651 1036 4726 quaerit.
1097 4653 1160 4704 In
1227 4661 1299 4702 eo
1365 4643 1544 4716 igitur
1611 4643 1917 4698 Glossario
1981 4641 2065 4697 ita

411 4747 699 4818 scriptum
722 4748 828 4805 est,
860 4740 962 4796 ubi
986 4738 1148 4794 vocis
1179 4738 1502 4806 ἡσυχαστής
1527 4731 1855 4787 declaratio
1881 4729 2063 4786 tradi-

408 4841 507 4892 tur
557 4853 570 4889 :
617 4838 678 4887 Εἴ
724 4853 802 4893 τις
850 4832 1028 4903 εὑρεθῇ
1080 4826 1245 4879 λαλῶν
1295 4825 1366 4886 εἰς
1407 4827 1472 4875 τὰ
1518 4821 1710 4887 milia,
1762 4820 1910 4881 ἐκτὸς
1965 4829 2062 4870 τῶν

411 4923 736 4977 ἐνοικούντων
785 4921 939 4987 αὐτὰ,
973 4919 1001 4977 ἢ
1058 4917 1158 4969 τῶν
1207 4917 1554 4986 ἡσυχαστών,
1583 4913 1808 4982 γενέσθω
1839 4909 2063 4962 ἀπωλο-

410 5019 550 5086 γίας.
597 5016 824 5069 Rursus
871 5027 883 5065 :

411 5108 506 5161 τὴν
555 5105 685 5176 μετὰ
727 5100 794 5152 τοῖ
846 5098 1077 5171 ὀρθρινά,
1135 5095 1432 5166 εἰσέρχεται
1482 5091 1552 5151 εἰς
1606 5089 1665 5140 τὸ
1713 5089 2062 5162 νοσοκομεῐόν,

931 5011 991 5060 Εἴ
1039 5026 1119 5067 τις
1159 5012 1442 5079 περισσῶς,
1477 5003 1607 5074 μετά
1650 5005 1742 5057 τὴν
1792 4999 2064 5070 ἐπίσκεψιν

413 5191 558 5254 ἐκτὸς
603 5200 703 5242 τῶν
752 5191 1078 5258 ἠσυχαστών
1125 5188 1215 5235 καὶ
1261 5191 1360 5233 τῶν
1400 5185 1492 5238 τὴν
1541 5175 1796 5252 φροντίδα
1839 5177 2065 5251 ἐγκεχει-

410 5284 687 5357 ρισμένων,
737 5278 960 5350 γενέσθω
1025 5273 1361 5343 ἀπωλογίας.
1410 5271 1638 5325 Horum
1681 5274 1882 5326 autem
1941 5269 2064 5341 epi-

487 5407 534 5441 ‘5
567 5405 766 5461 Matth.
799 5419 856 5469 Χ,
887 5407 974 5456 27.
1081 5400 1124 5434 ν’
1158 5402 1196 5453 ll
1231 5397 1377 5454 Tim.
1412 5413 1473 5465 ιι,
1505 5400 1557 5450 2.

489 5531 569 5603 (a)
601 5531 796 5587 Basil.
828 5542 1054 5584 recens.
1079 5530 1116 5580 t.
1155 5525 1221 5591 II,
1245 5540 1302 5596 p.
1337 5527 1461 5580 2'25.

484 5622 565 5692 (b)
598 5620 744 5676 Ibid.
775 5634 915 5691 pag.
950 5621 1038 5672 99.

2173 4645 2337 4697 ctum
2363 4654 2491 4696 esse
2520 4642 2578 4693 et
2615 4635 2929 4703 humilem,
2962 4653 3164 4702 nemo,
3213 4634 3449 4707 opinor,
3491 4635 3697 4701 homo,
3727 4636 3836 4707 qui

2171 4731 2289 4787 hoc
2317 4727 2663 4802 epistolium
2704 4727 2934 4797 legerit,
2967 4725 3358 4782 inﬁciabitur.
3401 4729 3526 4781 lmo
3557 4726 3739 4781 etiam
3770 4725 3834 4781 id

2171 4821 2254 4876 ita
2279 4834 2430 4886 esse,
2451 4835 2520 4873 ex
2545 4817 2629 4872 eis
2650 4834 2787 4890 qua:
2819 4832 2963 4871 mox
2993 4815 3333 4871 exscribam
3366 4815 3715 4884 fragmentis
3748 4815 3836 4870 fa-

2173 4909 2282 4965 cile
2305 4925 2340 4965 a
2369 4906 2590 4980 quovis
2623 4905 2875 4974 intelligi
2903 4905 3138 4978 poterit.
3171 4907 3303 4960 Jam
3337 4920 3529 4959 unum
3557 4908 3661 4960 aut
3691 4903 3835 4960 alte-

2172 5016 2310 5056 rum
2341 4998 2545 5054 locum
2587 4995 2916 5068 proferam,
2952 5000 3014 5051 ut
3063 4995 3388 5051 verborum
3439 4995 3833 5050 constructio-

2174 5104 2316 5144 nem
2382 5084 2606 5142 alicubi
2666 5083 2898 5139 nullam
2965 5099 3099 5140 esse
3166 5083 3443 5156 probem.
3507 5083 3591 5138 Ita
3655 5083 3837 5152 igitur

2176 5180 2386 5234 auctor
2415 5172 2690 5246 scripsit:
2727 5176 3092 5247 Ιῐροσθήσεται
3120 5169 3178 5225 δέ
3207 5192 3297 5244 μοι
3328 5177 3384 5225 τὸ
3415 5180 3597 5246 κρῖμα,
3631 5181 3834 5246 πρῶτον

2176 5271 2265 5342 μὲν
2291 5271 2386 5324 τὴν
2425 5264 2593 5317 αἰτίαν
2635 5268 2724 5316 καὶ
2756 5267 2841 5316 τὸν
2888 5259 3129 5316 κίνδυνον
3160 5271 3256 5326 τῆς
3295 5265 3558 5324 τοσαύτης
3596 5271 3697 5314 τῶν
3726 5261 3838 5316 Ἐκ-

2291 5517 2365 5590 (c)
2393 5517 2556 5571 Tom.
2591 5517 2676 5582 IX,
2710 5529 2850 5587 pag.
2887 5518 3010 5570 634.
