4092 6376
213 274 313 327 137

1735 266 1820 319 ΡΒ
1829 264 2131 322 IEFATIO.

3536 275 3638 330 138

203 394 437 453 κλησιῶν
467 400 558 447 τοῦ
586 399 720 447 Θεοῦ
749 398 839 446 καὶ
866 391 1087 445 ἑκάστου
1118 393 1248 464 πρὸς
1276 391 1354 462 (α)
1387 393 1444 442 τὸ
1489 393 1635 464 ἔργον
1668 386 1702 442 δ
1709 410 1863 463 ιαφω-

1980 392 2340 452 charitatem
2382 393 2725 465 scriberem,
2771 397 2884 451 etc.
2925 395 3112 452 Velim
3141 395 3348 468 igitur,
3399 397 3450 455 si
3498 398 3640 472 quis

198 489 317 547 νίας
343 504 397 536 τε
427 488 517 536 καὶ
549 479 900 544 διαστάσεωςο
937 479 1199 556 δεύτερον,
1235 483 1330 542 τὰς
1389 479 1443 532 ἐκ
1484 489 1582 542 τῆς
1617 481 1864 532 θεοπτεύ-

205 593 336 626 στου
397 580 606 647 Γραγῆς
645 568 938 634 ἀποδείξεις
993 575 1109 644 περὶ
1170 578 1262 622 τοῦ
1328 575 1502 623 πᾶσαν
1568 568 1868 644 παράϐασιν

202 662 415 726 ἐντολῆς
464 670 597 715 Θεοῦ
631 657 875 734 σφοδρῶς
902 665 992 712 καὶ
1023 659 1248 734 φοϐερῶς
1279 655 1677 720 ἐκδικήσαντος·
1712 659 1865 726 ὥστε,

202 759 323 810 etc.
355 754 498 819 Quae
528 751 717 808 verba
745 750 829 806 sic
884 749 1087 806 Latine
1125 749 1387 804 reddidit
1424 747 1821 806 Combeﬁsius
1853 763 1865 802 :

202 841 371 896 Hinc
400 856 540 897 vero
561 842 757 908 ejusce
777 841 866 894 rei
889 841 1182 895 rationem
1209 839 1544 910 adjungam
1571 854 1582 904 ;
1609 838 1871 908 primum

203 930 447 1002 quidem
487 945 620 1000 quae
658 944 844 986 causa
879 931 974 1000 sit,
1008 929 1241 1001 quodve
1280 929 1649 999 periculum;
1684 932 1872 983 tantae

203 1019 622 1076 Ecclesiarum
656 1019 766 1074 Dei
791 1034 866 1074 ac
895 1020 1187 1090 cujusque
1208 1018 1382 1075 rebus
1409 1018 1658 1088 agendis
1690 1016 1872 1072 disso-

207 1112 442 1165 nantia
471 1123 543 1164 ac
573 1109 996 1175 dissensionis;
1031 1113 1158 1164 tum
1183 1108 1399 1165 deinde
1427 1113 1623 1164 certas
1673 1121 1748 1163 ex
1785 1105 1873 1160 di-

210 1200 357 1256 vina
401 1199 728 1268 Scriptura
770 1198 1156 1267 probationes
1200 1214 1272 1255 ac
1317 1199 1608 1267 rationes,
1657 1196 1872 1269 quibus

211 1289 550 1358 conﬁcitur,
586 1291 649 1344 in
673 1304 904 1345 omnem
938 1290 1122 1345 Deum
1152 1289 1432 1345 mandati
1450 1288 1872 1358 transgressio-

209 1394 344 1436 nem
373 1381 507 1436 acri
524 1379 954 1450 tremendaque
972 1378 1350 1434 districtione
1371 1378 1870 1444 animadvertere,

213 1475 302 1533 ut,
331 1474 443 1525 etc.
475 1467 646 1532 Illud,
677 1475 881 1541 πρῶτον
929 1472 1040 1540 μὲν,
1092 1473 1209 1534 τήν,
1245 1474 1382 1533 etc.,
1433 1467 1620 1523 verbo
1651 1471 1815 1522 caret
1855 1483 1870 1522 :

211 1558 383 1633 quod
405 1557 705 1629 judicium
731 1556 1050 1614 ferendum
1083 1563 1175 1614 est
1204 1573 1452 1630 quoque
1481 1557 1556 1612 de
1583 1556 1707 1627 illo,
1749 1552 1872 1608 δεύ-

214 1668 378 1722 τερον,
411 1651 504 1709 τὰς
529 1646 584 1700 ἐκ
613 1657 710 1710 τῆς
749 1649 1184 1720 θεοττνεῦστου....
1214 1647 1441 1722 φοϐερῶς
1469 1644 1652 1705 ἐκδική
1664 1666 1868 1709 σαντος.

1978 488 2058 546 ad
2086 488 2205 544 huc
2250 483 2483 540 dubitet
2522 484 2891 558 haereatque,
2933 484 3094 541 hanc
3133 487 3452 559 epistolam
3496 504 3638 545 cum

1978 575 2257 651 genuinis
2290 573 2491 630 Basilii
2520 573 2798 646 Epistolis
2825 579 3137 648 comparet
3156 577 3502 651 statimque,
3523 579 3640 637 nisi

1976 664 2156 726 valde
2177 665 2370 736 fallor,
2403 664 2844 721 animadvertet
2880 681 3014 721 eam
3057 665 3136 724 ab
3163 665 3281 722 illis
3321 671 3378 724 et
3404 668 3638 741 perspi-

1979 758 2219 829 cuitate,
2243 760 2300 812 et
2320 754 2642 826 elegantia,
2666 758 2723 811 et
2742 754 3108 819 urbanitate,
3131 759 3207 826 et,
3244 761 3311 812 ut
3331 757 3522 813 verbo
3548 757 3638 814 di-

1979 863 2136 917 cam,
2179 851 2303 902 toto
2335 844 2638 901 scribendi
2661 861 2878 917 genere
2907 861 3158 918 prorsus
3188 845 3448 903 differre.
3473 849 3640 904 Certe

1978 955 2119 994 cum
2166 937 2252 994 ita
2295 937 2432 1008 lego
2471 936 2606 1010 ipso
2651 936 2862 993 initio:
2895 944 2998 990 Τοῦ
3040 941 3235 1012 Κυρίου
3279 940 3425 1012 ἡμῶν
3462 937 3638 996 Ἰησοῦ

1980 1037 2215 1105 Χριστοῦ
2263 1030 2709 1102 προστάσσοντος⁶
2759 1026 2824 1080 Ὀ
2871 1027 3003 1100 λέγω
3051 1028 3193 1101 ὑμῖν.
3222 1070 3235 1083 .
3263 1070 3276 1084 .
3304 1070 3317 1084 .
3346 1070 3359 1083 .
3399 1032 3491 1080 καὶ
3546 1035 3639 1082 τοῦ

1983 1118 2285 1173 Αποστόλου
2316 1126 2412 1180 τῆς
2443 1126 2648 1179 σιωπῆς
2687 1119 2747 1169 τὸ
2778 1123 2944 1193 κρῖμα
2975 1116 3188 1190 φοϐερὸν
3223 1114 3541 1186 δεικνύντος,
3569 1115 3641 1170 δι’

1981 1206 2046 1260 ὧν
2074 1229 2205 1282 φησι
2235 1211 2364 1282 πρὸς
2411 1211 2532 1268 τοὺς
2573 1205 2816 1280 Ἐφεσίων
2846 1205 3250 1282 πρεσϐυτέρους·
3285 1210 3641 1282 Διαμαρτύρο-

1981 1319 2078 1372 μαι
2103 1300 2223 1371 ὑμῖν
2254 1306 2315 1371 τῇ
2353 1302 2576 1372 σήμερον
2603 1299 2793 1370 ἡμέρᾳ,
2809 1300 2921 1353 etc.
2949 1295 3098 1353 Cum
3123 1299 3410 1354 Dominus
3439 1303 3644 1354 noster

1979 1391 2146 1445 Jesus
2177 1388 2454 1445 Christus
2480 1388 2797 1458 prueipiat
2823 1402 2846 1443 .·
2876 1408 2904 1437 ‹‹
2934 1408 2963 1436 ‹‹
2997 1387 3170 1454 Quod
3192 1386 3354 1444 vobis
3380 1387 3583 1444 dico...
3609 1407 3640 1438 »

1981 1479 2308 1549 Apostolus
2338 1484 2539 1534 autem
2560 1477 2790 1533 silentii
2811 1476 3184 1533 tremendum
3206 1476 3509 1546 judicium
3551 1492 3644 1532 os-

1984 1569 2214 1632 tendat,
2246 1568 2390 1623 dum
2427 1568 2510 1623 sic
2539 1567 2941 1636 Ephesiorum
2971 1565 3355 1638 presbyteros
3387 1565 3644 1636 alloqui-

1985 1663 2107 1726 tur,
2132 1679 2160 1706 «
2196 1658 2510 1714 Contestor
2537 1671 2638 1712 vos
2665 1656 2841 1712 hodie
2861 1657 2930 1723 ‘9,
2963 1678 2991 1705 ι)
3031 1660 3142 1711 etc.
3170 1674 3184 1721 ;
3217 1654 3365 1710 mihi
3393 1654 3644 1727 quidem

219 1738 352 1796 Scio
400 1739 651 1812 quidem
698 1737 929 1811 aliquid
979 1738 1058 1795 ab
1101 1737 1348 1794 homine
1395 1739 1575 1795 docto
1606 1736 1869 1810 suppleri

1981 1745 2155 1803 facile
2183 1746 2525 1820 persuadeo
2571 1745 2687 1801 hoc
2741 1743 3085 1817 epistolium
3137 1744 3427 1816 scriptum
3457 1743 3645 1799 fuisse

216 1845 394 1903 posse
425 1847 438 1885 :
473 1828 583 1884 sed
609 1843 790 1883 nemo
828 1843 950 1884 non
994 1828 1158 1883 videt
1182 1827 1439 1900 ellipsim
1491 1828 1606 1884 hoc
1652 1825 1787 1883 loco
1816 1829 1876 1882 et

216 1918 544 1976 violentam
573 1933 727 1981 esse,
761 1921 819 1973 et
838 1934 872 1973 a
900 1916 1092 1972 Basilii
1135 1916 1562 1989 perspicuitate
1588 1915 1870 1972 alienam.

216 2007 304 2064 Ab
323 2007 419 2063 his
443 2023 565 2063 non
602 2006 867 2062 multum
907 2005 1143 2061 abludit
1179 2005 1346 2078 quod
1387 2006 1697 2078 sequitur:
1730 2007 1875 2058 Μετά

215 2105 383 2150 ταῦτα
410 2096 633 2172 περιέξει
661 2100 754 2155 τὴν
787 2094 970 2154 εὐσεϐῆ
1001 2103 1092 2147 τοῦ
1121 2103 1253 2148 Θεοῦ
1283 2099 1373 2146 καὶ
1404 2098 1628 2169 Πατρὸς,
1662 2099 1752 2146 καὶ
1780 2100 1873 2146 τοῦ

219 2194 522 2260 μονογενοῦς
546 2185 670 2238 Υὶοῦ
694 2185 853 2237 αὐτοῦ
875 2190 965 2237 καὶ
988 2192 1142 2251 Θεοῦ,
1167 2190 1258 2237 καὶ
1279 2192 1370 2237 τοῦ
1397 2183 1548 2256 ἁγίου
1579 2186 1876 2256 Πνεῦματος

222 2276 513 2350 ὁμολογίαν·
543 2278 739 2343 ἔπειτα,
769 2279 862 2331 etc
914 2274 1004 2330 Ad
1025 2274 1282 2331 verbum
1316 2292 1329 2330 :
1362 2276 1579 2330 Postea
1605 2275 1772 2344 piam
1803 2274 1876 2330 de

223 2369 343 2424 Deo
371 2383 441 2424 ac
470 2368 674 2438 Patre,
713 2366 1144 2437 unigenitoque
1184 2367 1313 2435 ejus
1343 2365 1500 2420 Filio
1531 2380 1604 2421 ac
1643 2365 1786 2434 Deo,
1820 2368 1875 2420 et

228 2458 459 2526 Spiritu
485 2461 692 2513 sancto
731 2455 1162 2526 confessionem
1194 2457 1618 2525 complectetur
1657 2472 1670 2510 :
1713 2461 1873 2510 tum-

227 2562 356 2619 que,
389 2552 500 2603 etc.
541 2549 838 2602 Hactenus
867 2545 1037 2601 nulla
1082 2545 1310 2601 mentio
1341 2545 1498 2603 facta
1527 2549 1614 2602 est
1645 2545 1720 2602 de
1751 2543 1873 2600 ullo

225 2635 462 2708 scripto,
491 2634 659 2708 quod
705 2635 784 2691 ad
840 2650 969 2690 rem
1015 2634 1354 2708 pertineat:
1388 2640 1443 2691 et
1487 2639 1689 2692 tamen
1736 2650 1874 2691 auc-

221 2729 335 2794 tor,
403 2724 581 2798 quasi
636 2724 1045 2781 nominativus
1105 2737 1179 2780 ex
1245 2723 1662 2797 superioribus
1729 2739 1874 2796 sup-

215 2813 385 2886 pleri,
435 2819 640 2886 posset
684 2830 757 2870 ac
802 2813 1071 2884 deberet,
1121 2814 1206 2870 sic
1251 2813 1482 2886 incipit,
1531 2817 1662 2888 μετὰ
1708 2821 1876 2866 ταῦτα

214 2904 434 2978 περιέξει
475 2910 593 2973 τήν,
626 2910 739 2961 etc.
772 2904 1037 2976 Scriptor
1073 2903 1258 2977 paulo
1304 2903 1646 2974 diligentior
1681 2904 1762 2961 ita
1791 2903 1877 2960 lo-

212 3000 388 3050 cutus
433 2992 647 3050 fuisset
688 3012 701 3050 :
753 2996 898 3048 Μιτά
942 3001 1110 3046 ταῦτα
1156 2996 1186 3052 ἡ
1237 2993 1364 3051 ἄλλη
1417 2991 1600 3067 βίϐλος
1653 2992 1874 3069 περιέξει

1983 1836 2063 1894 ab
2090 1836 2319 1909 aliquo,
2351 1835 2457 1908 qui
2501 1833 2703 1890 Basilii
2743 1834 3005 1905 Regulas
3053 1832 3370 1904 diligenter
3397 1832 3647 1903 legisset

1981 1927 2152 1999 (nam
2182 1925 2245 1981 in
2275 1925 2393 1981 illis
2419 1924 2501 1982 ita
2528 1924 2651 1981 fere
2672 1922 3005 1997 aliquando
3024 1923 3296 1996 loquitur
3325 1921 3601 1994 Basilius)
3628 1937 3643 1978 :

1984 2017 2090 2072 sed
2118 2021 2265 2089 puto
2298 2015 2461 2071 hunc
2489 2014 2825 2084 hominem,
2857 2011 3136 2086 quisquis
3165 2016 3279 2080 est,
3323 2027 3644 2084 nunquam

1984 2106 2261 2179 ejusdem
2320 2104 2522 2161 Basilii
2573 2103 2876 2176 Epistolas
2927 2103 3171 2173 legisse,
3204 2105 3309 2158 aut
3350 2105 3508 2158 certe
3538 2116 3645 2156 eas

1982 2196 2204 2254 imitari
2240 2211 2366 2252 non
2404 2193 2706 2268 potuisse.
2758 2191 2997 2250 Nullam
3036 2192 3199 2248 enim
3243 2190 3440 2248 Basilii
3489 2191 3648 2262 epis-

1982 2286 2170 2344 tolam
2224 2301 2375 2350 esse,
2425 2300 2564 2357 quae
2601 2283 2718 2340 hoc
2769 2282 2866 2338 vel
2904 2280 3083 2337 simili
3134 2281 3320 2338 modo
3378 2279 3646 2352 incipiat,

1982 2379 2085 2425 Τοῦ
2117 2375 2313 2446 Κυρίου
2362 2372 2508 2442 ἡμῶν
2551 2367 2727 2427 Ἰησοῦ
2775 2374 3014 2441 Χριστοῦ
3062 2368 3512 2442 προστάσσοντος.
3540 2407 3554 2419 .
3583 2407 3596 2419 .
3623 2405 3638 2419 .

1981 2466 2072 2514 καὶ
2101 2463 2193 2514 τοῦ
2221 2458 2558 2527 Ἀποστόλου,
2593 2463 2726 2526 etc.,
2775 2456 3084 2513 afﬁrmare
3133 2455 3354 2512 ausim.
3405 2457 3472 2510 Et
3518 2453 3650 2527 qui-

1983 2553 2125 2610 dem
2162 2553 2223 2607 in
2277 2549 2475 2607 indice
2521 2551 2724 2606 Graeco
2767 2547 3212 2604 Basilianarum
3240 2545 3648 2618 Epistolarum

1982 2641 2088 2716 qui
2151 2641 2232 2699 ad
2273 2639 2504 2697 calcem
2552 2638 2841 2696 editionis
2872 2635 3229 2694 Parisiensis
3265 2635 3502 2692 locatus
3533 2638 3646 2706 est,

1981 2731 2131 2788 nihil
2158 2731 2276 2788 tale
2304 2729 2570 2787 invenio.

2058 2826 2144 2878 53.
2185 2824 2353 2878 Nunc
2376 2819 2790 2890 conjecturam
2820 2817 3160 2891 quamdam
3188 2831 3393 2873 meam
3423 2815 3500 2872 de
3529 2815 3648 2873 hoc

1983 2911 2260 2985 epistolio
2284 2925 2627 2984 proponere
2651 2907 2891 2964 libitum
2917 2911 3005 2965 est
3037 2923 3050 2963 :
3094 2907 3202 2964 sed
3234 2906 3283 2962 si
3312 2905 3482 2978 prius
3512 2921 3648 2962 mo-

1981 3017 2194 3070 nuero,
2225 3001 2342 3057 hoc
2371 2999 2534 3055 idem
2561 2996 2929 3071 epistolium,
2962 2995 3132 3070 quod
3160 3011 3272 3069 pro
3292 3011 3455 3052 novo
3477 2998 3649 3052 Com-

208 3087 324 3152 τὴν,
358 3090 471 3140 etc.
513 3085 732 3141 Postea
779 3084 938 3140 alius
983 3084 1223 3140 libellus
1260 3084 1708 3168 complectetur,
1752 3087 1864 3140 etc.
1897 3107 1940 3163 ο
1981 3089 2234 3147 beﬁsius
2266 3087 2471 3154 edidit,
2489 3086 2863 3159 jampridem
2895 3085 2957 3141 in
2980 3087 3206 3141 Veneta
3230 3083 3492 3140 editione
3513 3082 3647 3139 ναι-

207 3173 330 3229 Sub
396 3173 584 3230 ﬁnem
657 3190 798 3230 cum
872 3179 1085 3230 auctor
1157 3189 1500 3230 sermonem
1573 3172 1868 3231 instituis-

204 3269 295 3320 set
343 3263 421 3320 de
471 3263 817 3333 Moralibus,
845 3262 930 3321 ita
976 3269 1330 3336 persecutus
1379 3269 1514 3320 est:
1561 3263 1639 3318 Ἐν
1687 3265 1764 3325 οἷς
1808 3268 1868 3316 τό

199 3371 255 3405 τε
285 3353 715 3430 ἀπηκριϐωμένον
758 3359 848 3406 καὶ
892 3353 1123 3428 ἀκριϐῶς
1158 3355 1536 3429 κεκαθαρμένον
1576 3363 1672 3416 τῆς
1714 3353 1868 3407 πολι-

195 3449 344 3506 τείας
375 3440 410 3495 δ
416 3447 600 3515 ιαφανή
613 3461 777 3495 σεται·
823 3448 914 3494 καὶ
943 3445 1024 3509 τὸ,
1056 3441 1117 3492 ἶν’
1147 3443 1309 3504 οὕτως
1358 3446 1504 3509 εἴπω,
1535 3441 1740 3516 ἀξίωμα
1767 3451 1868 3495 τῶν

197 3530 428 3584 ἐνταῦθα
483 3533 814 3604 παρεπόντων
869 3529 1140 3602 ἐκλάμψει,
1192 3546 1376 3603 quem
1437 3530 1642 3586 locum
1703 3530 1868 3586 idem

200 3619 609 3678 Combeﬁsius
658 3619 739 3676 ita
785 3619 1216 3691 interpretatus
1246 3624 1335 3676 est
1375 3637 1388 3675 ε
1421 3620 1493 3676 In
1522 3620 1737 3692 quibus
1763 3635 1867 3676 ea:-

198 3717 342 3768 acta
364 3716 550 3782 atque
577 3715 787 3766 exacte
815 3709 1162 3780 depurgata
1190 3710 1534 3780 disciplinae
1562 3711 1718 3766 ratio
1738 3711 1867 3766 elu-

199 3807 424 3868 cescet;
458 3814 800 3872 eorumque,
841 3804 917 3854 ut-
953 3799 1041 3854 sic
1070 3798 1287 3868 dicam,
1327 3800 1434 3870 qui
1463 3799 1560 3856 hic
1583 3799 1873 3869 discipuli

195 3898 540 3964 sequuntur
568 3891 835 3961 dignitas
860 3889 1357 3960 persptendescet.
1397 3888 1505 3946 Ubi
1532 3889 1596 3945 in
1640 3888 1868 3946 ultimis

197 3982 404 4038 verbis
433 3981 650 4038 Gi'wcis
681 3981 925 4036 obscuri
970 3979 1202 4053 aliquid
1248 3979 1663 4052 deprehendo.
1715 3978 1868 4036 lllud

196 4071 361 4129 enim
391 4077 484 4125 xui
511 4075 592 4140 τὸ,
621 4069 682 4123 ἶν’
710 4070 876 4133 οὕτως
915 4073 1060 4138 εἴπω,
1096 4069 1301 4144 ἀξίωμα
1328 4078 1429 4123 τῶν
1452 4069 1672 4123 ἐνταῦθα
1700 4090 1864 4144 παρε-

193 4164 396 4214 πόντων
428 4160 702 4236 ἐκλάμψει,
733 4160 819 4218 ita
863 4158 1220 4233 simpliciter
1265 4159 1496 4216 dictum
1544 4176 1670 4217 non
1719 4160 1864 4217 satis

192 4252 590 4325 perspicuum
613 4251 874 4322 videtur,
888 4253 965 4318 et,
979 4249 1099 4306 nisi
1118 4266 1237 4307 vox
1258 4249 1465 4324 aliqua
1484 4249 1863 4324 suppleatur,

192 4340 294 4397 vix
321 4341 581 4412 intelligi
611 4345 832 4414 potest.
876 4339 968 4396 Ad
1001 4340 1282 4408 verbum,
1315 4356 1639 4412 eorumque
1667 4347 1734 4396 ut
1776 4342 1864 4396 ita

1981 3184 2193 3252 gatum
2244 3178 2449 3234 fuisse.
2480 3175 2765 3248 Suspicor
2806 3173 2987 3245 igitur
3033 3174 3146 3230 has
3175 3171 3466 3229 litterulas
3495 3173 3646 3229 anti-

1979 3287 2136 3344 quas
2177 3285 2301 3326 non
2346 3284 2502 3333 esse,
2534 3267 2642 3323 sed
2692 3265 2874 3335 longe
2903 3268 3041 3338 post
3075 3263 3270 3320 Basilii
3307 3266 3546 3319 aetatem
3571 3277 3646 3320 ex

1979 3360 2174 3418 Photii
2196 3360 2572 3416 Bibliotheca
2597 3356 2831 3414 efﬁctas
2854 3355 3043 3411 fuisse
3065 3358 3122 3410 et
3146 3369 3490 3422 expressas.
3515 3355 3646 3418 Qua

1978 3450 2053 3506 de
2083 3465 2147 3505 re
2173 3455 2239 3506 ut
2264 3449 2484 3522 cuique
2513 3446 2859 3503 existimare
2884 3444 3084 3512 liceat,
3116 3443 3432 3516 utriusque
3460 3442 3644 3514 scrip-

1979 3536 2125 3595 toris
2175 3536 2360 3592 verba
2403 3534 2754 3606 subjiciam.
2809 3538 2896 3589 lta
2934 3533 3115 3603 igitur
3153 3531 3395 3589 Photius
3442 3530 3643 3604 loqui-

1980 3630 2076 3682 tur
2101 3625 2182 3696 (b)
2210 3642 2222 3680 :
2254 3624 2313 3677 Ὀ
2342 3629 2433 3698 μὲν
2473 3624 2560 3676 οὖν
2589 3631 2796 3698 πρῶτος
2821 3622 2962 3693 αὐτῷ
2985 3621 3139 3694 λόγος
3178 3617 3528 3696 διεξέρχεται,
3560 3625 3643 3682 τίς

1980 3717 2010 3774 ἡ
2045 3715 2190 3767 αἰτία
2235 3718 2325 3766 xui
2356 3714 2381 3766 ὀ
2429 3709 2673 3773 κίνδυνος
2719 3720 2816 3774 τῆς
2862 3713 3128 3772 τοσαύτης
3170 3716 3271 3761 τῶν
3319 3707 3640 3766 Ἐκκλησιῶν

1979 3813 2070 3857 τοῦ
2103 3812 2235 3859 Θεοῦ
2265 3809 2356 3857 καὶ
2387 3803 2608 3856 ἑκάστου
2639 3804 2771 3875 πρὸς
2799 3804 2886 3853 τὸν
2935 3801 3102 3873 ἕτερον
3145 3795 3434 3871 διαφωνίας
3463 3817 3518 3850 τε
3548 3802 3639 3852 καὶ

1981 3891 2330 3957 διαστάσεως·
2367 3889 2626 3967 δεύτερον,
2660 3892 2743 3943 ὅτι
2766 3892 2945 3952 πάσης
2988 3887 3195 3949 ἐντολῆς
3227 3895 3360 3942 Θεοῦ
3391 3887 3638 3962 παράϐα-

1980 4005 2065 4048 σις
2105 3980 2348 4057 σφοδρῶς
2375 3987 2466 4035 καὶ
2497 3979 2723 4055 φοϐερῶς
2753 3976 3060 4032 ἐκδικείται·
3093 3982 3184 4030 καὶ
3209 3978 3238 4036 ἠ
3285 3972 3560 4039 ἀπόδειξις
3585 3975 3640 4029 ἐκ

1975 4081 2076 4126 τῶν
2107 4079 2341 4149 Γραφῶν·
2375 4075 2570 4146 τρίτον,
2597 4075 2717 4144 περὶ
2758 4077 2855 4132 τῆς
2903 4065 3148 4128 εὐσεϐοῦς
3189 4070 3418 4128 πίστεως
3459 4068 3635 4138 ὠμῶν,

1975 4169 2094 4226 ἤτοι
2118 4174 2214 4228 τῆς
2261 4164 2332 4227 εἰς
2359 4168 2454 4222 τὴν
2506 4161 2777 4237 ίπεραγίαν
2824 4156 3033 4235 Τριάδα
3078 4160 3314 4234 καθαρᾶς
3360 4160 3506 4231 ἡμῶν
3549 4161 3641 4211 καὶ

1975 4255 2281 4330 εἰλικρινοῦς
2347 4251 2652 4327 ὁμολογίας.
2720 4249 2780 4304 Ὁ
2847 4247 3087 4323 δεύτερος
3147 4249 3252 4301 οἷον
3318 4257 3640 4323 χαρακτῆρα

1974 4351 2297 4420 Χριστιανοῦ
2346 4337 2679 4416 κεφαλαιώδη
2728 4345 2818 4392 xui
2851 4342 3103 4412 σύντομον
3151 4340 3515 4410 παρατιθεται,
3547 4341 3638 4388 xui

192 4429 416 4500 dicam,
463 4432 573 4504 qui
615 4431 714 4488 hic
758 4434 1114 4502 sequuntur,
1158 4429 1429 4500 dignitas
1469 4430 1860 4500 splendescet.

1980 4443 2296 4509 χαρακτῆρα
2355 4432 2508 4485 πάλιν
2560 4429 2930 4503 παραπλήσιον
2988 4437 3087 4480 τῶν
3145 4433 3486 4502 προεστώτων
3544 4433 3636 4479 τοῦ

195 4521 624 4594 Combeﬁsius,
647 4525 716 4578 ut
741 4537 814 4576 ex
845 4519 978 4591 ejus
1001 4519 1495 4592 interpretatione
1524 4519 1735 4592 liquet,
1756 4536 1861 4576 vo-

194 4623 329 4667 cem
368 4613 622 4685 μαθητῶν
653 4608 958 4684 supplevit
1005 4625 1018 4664 :
1067 4607 1238 4682 quod
1284 4625 1411 4666 non
1455 4607 1710 4681 fecisset,
1745 4609 1865 4666 nisi

198 4700 556 4758 credidisset
592 4700 781 4756 verba
810 4701 1014 4756 Graeca
1059 4714 1168 4772 per
1215 4715 1277 4754 se
1307 4698 1571 4755 obscura
1598 4715 1752 4765 esse,
1785 4697 1865 4755 ob

197 4786 406 4862 idque,
436 4796 506 4849 ut
553 4790 1051 4862 intelligerentur,
1082 4788 1314 4862 aliquid
1337 4788 1682 4845 necessario
1728 4804 1868 4860 sup-

199 4878 348 4950 pleri
367 4881 611 4939 debere.
636 4878 983 4938 Notandum
1012 4883 1305 4953 prmterea
1321 4877 1386 4934 id
1412 4878 1581 4952 quod
1602 4877 1865 4935 maxime

201 4966 281 5022 ad
307 4984 441 5027 rem
466 4969 632 5036 facit,
661 4970 778 5026 hoc
809 4968 1174 5042 opusculum
1197 4982 1334 5023 vere
1368 4966 1687 5040 epistolam
1707 4981 1860 5024 esse.

201 5056 286 5112 Ita
315 5060 482 5117 enim
526 5064 737 5117 auctor
781 5057 1050 5132 loquitur
1082 5074 1096 5114 :
1128 5056 1434 5130 Ἀναγκαῖον
1483 5055 1699 5130 ἐνόμισα
1725 5059 1861 5130 γρά-

202 5143 302 5215 ψαι
328 5153 462 5223 πρὸς
489 5155 586 5210 τὴν
616 5151 819 5203 πάντων
849 5150 992 5222 ὑμῶν
1019 5147 1067 5200 ἐν
1097 5156 1318 5222 Χριστῳ
1349 5147 1578 5220 ἀγάπην,
1611 5151 1724 5205 etc.
1750 5149 1863 5205 Ne-

200 5240 528 5297 cessarium
547 5239 865 5312 putavi,ut
880 5237 962 5296 ad
976 5244 1236 5296 vestram
1257 5239 1520 5295 omnium
1537 5237 1601 5295 in
1623 5237 1862 5296 Christo

273 5378 320 5415 ‘9
358 5385 490 5444 Act.
521 5400 613 5456 xx,
635 5387 732 5441 26.

275 5521 354 5596 (a)
392 5525 480 5586 Ita
508 5528 677 5603 apud
707 5524 979 5586 Combef.

565 5631 810 5687 PATBOL.
848 5629 950 5685 Gn.
988 5627 1163 5686 XXXI.

1975 4523 2150 4594 λόγου.
2180 4524 2326 4589 Εἶτα,
2356 4525 2468 4576 etc.
2507 4520 2710 4591 Igitur
2734 4519 2967 4589 primus
2996 4518 3124 4586 ejus
3163 4515 3318 4572 liber
3372 4515 3641 4572 continet

1974 4629 2106 4686 quae
2133 4613 2212 4668 sit
2232 4626 2439 4681 causa,
2473 4615 2886 4682 quantumque
2907 4606 3258 4676 periculum
3283 4605 3640 4675 hujusmodi

1975 4719 2108 4760 cum
2150 4701 2559 4758 Ecclesiarum
2597 4699 2726 4767 Dei,
2758 4703 2883 4752 tum
2916 4696 3295 4766 singulorum
3326 4694 3637 4751 hominum

1973 4794 2135 4850 inter
2190 4793 2344 4862 ipsos
2391 4790 2774 4846 dissensionis
2833 4793 3015 4860 atque
3063 4785 3344 4841 dissidii:
3399 4783 3634 4854 deinde,

1973 4882 2135 4954 quod
2170 4881 2360 4938 omnis
2383 4879 2660 4952 praecepti
2684 4878 2879 4935 divini
2906 4875 3302 4946 transgressio
3325 4873 3636 4930 vehemen-

1975 4977 2068 5028 ter
2082 4987 2154 5028 ac
2176 4969 2534 5027 terribiliter
2548 4969 2828 5038 punitur,
2845 4967 3021 5037 idque
3036 4981 3065 5023 e
3089 4964 3428 5036 Scripturis
3444 4964 3636 5019 sacris
3731 4993 3740 5000 -

1971 5063 2489 5119 demonstratum:
2542 5059 2741 5125 tertio,
2780 5058 2853 5113 de
2887 5057 3009 5127 ﬁde
3043 5061 3254 5113 nostra
3305 5054 3631 5120 catholica,

1972 5153 2095 5209 sive
2113 5151 2185 5208 de
2215 5165 2378 5220 pura
2397 5154 2603 5205 nostra
2640 5153 2694 5205 et
2713 5149 2950 5204 sincera
2973 5147 3343 5216 confessione
3378 5144 3635 5200 sanctis-

1972 5241 2135 5298 sima:
2168 5239 2506 5297 Trinitatis.
2545 5237 2724 5294 Liber
2766 5251 2905 5294 vero
2950 5235 3271 5306 secundus,
3309 5232 3639 5291 Christiani

2042 5535 2125 5608 (a)
2159 5526 2305 5594 Cod.
2336 5542 2486 5600 exet,
2513 5543 2656 5605 pag.
2678 5528 2806 5588 494.
