4092 6408
458 273 559 328 139

1961 266 2348 324 ΡΒιΕΡΑΤιΟ.

3769 285 3875 339 140

454 394 712 452 hominis
725 393 1049 467 quamdam
1060 394 1252 452 veluti
1260 393 1725 465 descriptionem
1737 408 1855 464 per
1871 406 2106 449 summa
2135 394 2184 449 Δ
2219 408 2358 449 vera
2381 393 2577 450 Basilii
2598 394 2850 467 epistola
2870 396 3081 455 haberi
3103 404 3332 471 posset,
3347 402 3554 476 sicque
3570 404 3720 462 illud
3741 421 3881 464 con-

450 487 656 556 capita
676 485 1049 557 breviterque
1066 486 1345 555 exponit:
1364 486 1736 558 similemque
1750 500 1993 540 rursum
2014 483 2109 539 de-

446 577 835 646 scriptionem
849 592 1075 643 eorum,
1091 577 1198 648 qui
1211 576 1476 634 docendo
1496 576 1824 646 Evangelia
1832 573 2111 644 praefecti

447 671 612 721 sunt.
648 665 886 736 Deinde,
909 670 1021 723 etc.
1063 669 1148 722 lta
1176 670 1382 722 autem
1418 665 1482 721 in
1511 664 1786 736 epistolio
1814 662 2107 734 scriptum

448 759 540 812 est
565 773 579 811 :
613 757 983 829 Βροσθήσεται
1012 751 1073 808 δέ
1099 775 1191 829 μοι
1217 758 1276 809 τὸ
1315 763 1498 829 κρῖμα,
1528 763 1730 830 πρῶτον
1779 757 1867 827 μὲν
1897 758 1991 811 τὴν
2018 751 2105 804 αἰ-

445 849 564 899 τίαν
592 852 684 900 καὶ
710 850 799 900 τὸν
827 844 1068 901 κίνδυνον
1096 857 1194 910 τῆς
1234 852 1499 909 τοσαύτης
1527 857 1627 899 τῶν
1657 845 1973 903 Ἐκκλησιῶν
2012 850 2104 897 τοῦ

444 933 615 1005 ³Θεοῦ,
665 942 755 990 καὶ
802 937 1025 991 ἑκάστου
1070 941 1201 1013 πρὸς
1241 939 1325 1010 (a)
1372 941 1459 991 τὸν
1504 939 1669 1013 ἕτερον
1719 933 2007 1010 διαφωνίας
2052 956 2106 991 τε

443 1030 537 1078 καὶ
558 1022 910 1090 διαστάσεως·
936 1024 1194 1102 δεύτερον,
1222 1030 1317 1090 τὰς
1337 1026 1392 1079 ἐκ
1413 1037 1474 1087 τῆ
1487 1049 1509 1090 ς
1536 1029 1873 1080 θεοπνεύστου
1897 1032 2071 1099 Γραφῆ
2084 1047 2106 1089 ς

444 1111 740 1180 ἀποδείξεις
791 1123 910 1193 περὶ
965 1125 1058 1170 τοῦ
1118 1123 1294 1170 πᾶσαν
1349 1116 1650 1193 παράϐασιν
1707 1115 1912 1176 ἐντολῆς
1969 1123 2102 1168 Θεοῦ

445 1202 690 1280 σφοδρῶς
737 1203 1135 1268 ἐκδικήσαντος.
1164 1249 1177 1262 .
1205 1250 1219 1262 .
1246 1250 1259 1262 .
1311 1210 1457 1260 Μετὰ
1501 1214 1670 1260 ταῦτα
1723 1205 1944 1279 περιέξει
2007 1211 2102 1263 τὴν

442 1293 631 1356 εὐσεϐῆ
655 1305 748 1349 τοῦ
797 1304 931 1351 Θεοῦ
971 1302 1061 1350 καὶ
1090 1300 1314 1371 Πατρός,
1347 1303 1438 1349 καὶ
1484 1304 1576 1349 τοῦ
1624 1303 1929 1369 μονογενοῦς
1976 1298 2100 1348 Υἱοῦ

441 1383 602 1438 αὐτοῦ
653 1392 744 1440 καὶ
809 1395 962 1455 Θεοῦ,
1030 1392 1121 1439 καὶ
1185 1394 1276 1439 τοῦ
1327 1386 1480 1459 ἁγίου
1547 1389 1845 1459 Πνεύματος
1912 1384 2099 1458 ὁμολο-

436 1483 647 1553 γίαν....
675 1476 759 1530 ἐπὶ
782 1479 988 1539 τούτοις
1016 1479 1168 1529 οἱονεὶ
1213 1486 1538 1552 χαρακτῆρα
1584 1483 1907 1550 Χριστιανοῦ
1937 1495 2098 1548 κεφα-

433 1565 604 1622 λαιώδ
607 1587 637 1626 η
663 1571 754 1619 καὶ
776 1570 1027 1640 σύντομον
1054 1566 1175 1639 ὂρου
1202 1570 1362 1619 τύπον
1391 1569 1588 1639 ἔχοντα
1627 1569 1935 1641 πειράσεται
1967 1562 2098 1617 δοῦ-

431 1678 518 1711 ναι
546 1660 672 1731 ἡμῖν
697 1655 752 1708 ἐκ
781 1664 881 1709 τῶν
913 1659 1074 1729 ἁγίων
1122 1662 1338 1731 Γραφών
1382 1656 1408 1707 ὅ
1446 1656 1623 1728 λόγος,
1657 1662 1747 1710 καὶ
1777 1664 2100 1729 χαρακτῆρα

2219 488 2592 555 sequeretur,
2616 489 2683 541 ut
2710 502 2924 542 omnes
2946 488 3191 545 tandem
3218 490 3503 550 Basilium
3548 495 3596 566 ej
3609 511 3677 551 us
3706 496 3879 570 quod
3942 542 3951 547 ι

2214 571 2402 628 modo
2427 573 2553 629 dixi
2589 574 2798 647 scripti
2826 581 3132 635 auctorem
3155 595 3285 635 esse
3325 597 3448 639 uno
3487 600 3592 640 ore
3633 585 3882 642 conﬁte-

2214 666 2440 718 rentur.
2465 666 2681 734 Pauca,
2714 665 2831 720 nisi
2874 673 3076 724 actum
3120 686 3298 741 agere
3336 672 3639 740 velim,de
3684 674 3877 734 altero

2215 752 2560 809 Combefisii
2579 754 2874 826 opusculo
2897 756 3119 813 dicam.
3145 763 3294 816 Nam
3323 766 3382 818 et
3400 762 3607 834 ipsum
3625 781 3875 839 quoque

2205 841 2577 913 jamdudum
2595 844 2656 900 in
2676 845 2937 903 editione
2959 848 3276 906 Parisiensi
3297 851 3607 923 vulgatum
3627 861 3740 921 est,
3763 856 3875 913 sed

2212 931 2295 988 ita
2313 936 2540 999 tamen,
2563 934 2729 991 utibi
2771 934 2960 1000 aliter,
3001 937 3172 995 aliter
3210 940 3398 1012 apud,
3437 944 3874 1003 Combeﬁsium

2211 1020 2570 1095 inscriptum
2593 1023 2688 1079 sit.
2713 1029 2796 1081 tta
2835 1028 2997 1082 enim
3033 1028 3095 1083 in
3116 1029 3378 1086 editione
3399 1032 3716 1090 Parisiensi
3745 1035 3871 1092 ins-

2210 1110 2485 1167 cribitur:
2506 1112 2719 1185 Ὁμιλία
2740 1113 2863 1167 ΛΑ’.
2889 1120 3060 1188 Λόγος
3097 1124 3217 1192 περὶ
3237 1127 3330 1171 τοῦ
3352 1121 3713 1184 αύτεξουσίου.
3738 1126 3871 1181 ΗΟ·-

2210 1203 2381 1291 milia
2406 1205 2636 1261 XXXI.
2649 1207 2737 1262 De
2758 1207 2950 1264 libero
2971 1209 3230 1266 arbitrio
3259 1226 3452 1268 sermo
3480 1231 3493 1268 :
3518 1214 3680 1291 apud
3715 1218 3869 1273 Con-

2208 1290 2493 1349 beﬁsium
2524 1310 2664 1351 vero
2691 1296 2794 1368 (b),
2844 1296 2960 1353 hoc
3002 1299 3211 1369 modo,
3258 1308 3361 1354 Τοῦ
3407 1302 3567 1355 αὑτοῦ
3615 1305 3873 1379 πρόλογος

2210 1380 2516 1446 ἀσκητικός.
2546 1386 2766 1441 Basilii
2790 1388 3005 1457 Magni
3037 1390 3326 1461 prologus
3356 1394 3669 1451 asceticus.
3698 1399 3870 1453 Com-

2205 1470 2510 1544 beﬁsium,
2558 1475 2666 1547 qui
2718 1479 2783 1532 ut
2837 1482 3113 1545 caeteras,
3163 1479 3246 1535 ita
3300 1480 3461 1536 hanc
3502 1483 3701 1555 ipsam
3754 1486 3869 1543 110-:

2205 1561 2438 1619 miliam
2504 1564 2873 1623 tricesimam
2923 1568 3186 1639 primam
3232 1569 3295 1625 in
3344 1587 3456 1627 suo
3506 1572 3729 1631 Basilio
3775 1592 3866 1634 re-

2206 1653 2435 1709 censito
2493 1653 2799 1727 aliquibus
2839 1656 2988 1712 locis
3032 1659 3465 1740 emendaverat
3504 1661 3706 1721 fallere
3754 1681 3866 1737 po-

430 1747 585 1802 πάλιν
604 1745 971 1823 παραπλήσιον
996 1753 1096 1798 τῶν
1118 1751 1457 1819 προεστώτων
1477 1754 1570 1799 τοῦ
1590 1746 1768 1818 λόγου,
1793 1752 1904 1802 etc.
1937 1746 2003 1801 Η
2001 1747 2084 1802 int

2206 1743 2316 1799 tuit
2341 1744 2752 1817 inscriptionis
2794 1747 3056 1804 varietas
3090 1766 3103 1803 :
3137 1754 3201 1806 ut
3231 1756 3293 1806 ut
3336 1750 3466 1807 haec
3508 1758 3667 1819 sunt,
3717 1756 3866 1813 nihil

430 1851 573 1896 vero
603 1839 850 1909 ejusque
876 1836 969 1892 rei
994 1836 1235 1892 ratione
1260 1836 1633 1907 adjungam;
1672 1837 1940 1906 primum
1970 1836 2098 1907 qui-

430 1927 564 1985 dem
593 1940 728 1998 quae
756 1936 939 1982 causa
986 1925 1085 1993 sit,
1118 1926 1353 1998 quodve
1389 1927 1732 1995 periculum
1762 1931 1949 1982 tanta?
1975 1926 2092 1982 Ec-

429 2018 754 2074 clesiarum
796 2016 910 2072 Dei
934 2021 991 2071 et
1017 2016 1273 2072 alterius
1304 2030 1441 2072 cum
1485 2017 1680 2073 altero
1709 2016 2093 2072 dissensionis

428 2111 612 2179 atque
631 2106 892 2174 dissidii;
925 2111 1052 2161 tum
1081 2105 1300 2162 deinde
1326 2112 1521 2163 certas
1548 2120 1624 2163 ex
1648 2106 1859 2162 divina
1888 2108 2091 2177 Scrip-

427 2202 571 2254 tura
608 2195 997 2267 probationes
1046 2211 1122 2253 ac
1159 2197 1451 2265 rationes,
1495 2196 1711 2269 quibus
1769 2198 2092 2267 conﬁcitur

425 2288 490 2345 in
509 2303 741 2344 omnem
762 2288 948 2343 Deum
965 2287 1246 2344 mandati
1262 2290 1799 2357 transgressionem
1820 2290 1954 2344 acri
1973 2293 2090 2345 tre-

421 2378 759 2449 mendaque
785 2376 1166 2434 districtione
1195 2378 1775 2436 animadvertere...
1805 2379 1906 2434 Ad
1936 2377 2083 2450 hac,

416 2469 586 2539 piam
608 2468 683 2525 de
726 2468 848 2525 Deo
890 2482 963 2524 ac
1006 2469 1216 2537 Patre,
1269 2470 1704 2542 unigenitoque
1759 2472 1888 2540 ejus
1918 2470 2085 2526 Filio

420 2573 494 2617 ae
554 2559 698 2628 Deo,
753 2573 864 2615 nec
915 2572 1037 2615 non
1091 2558 1328 2629 Spiritu
1383 2565 1592 2616 sancto
1654 2560 2083 2630 confessionem

422 2648 578 2706 liber
601 2648 1120 2717 complectetur....
1164 2662 1237 2705 ac
1246 2653 1570 2718 praeterea,
1600 2650 2084 2720 compendiosum

420 2737 772 2810 brevemque
799 2738 962 2795 velut
990 2739 1398 2795 characterem
1432 2739 1691 2796 hominis
1723 2739 2081 2809 Christiani,

418 2826 789 2897 deﬁnitionis
807 2828 1017 2898 forma
1042 2841 1118 2885 ex
1159 2827 1501 2898 Scripturis
1530 2830 1720 2886 sacris
1765 2829 2085 2886 conabitur

418 2916 608 2989 dare;
666 2917 1027 2990 afﬁnemque
1067 2932 1282 2974 rursus
1339 2919 1749 2977 charaCterem
1795 2920 2080 2990 pra’posi-

418 3012 619 3065 torum
646 3009 964 3079 sermonis,
996 3010 1115 3064 etc.
1150 3007 1337 3065 Velim
1364 3008 1547 3081 igitur
1575 3010 1893 3082 utriusque
1939 3010 2080 3065 scri-

415 3098 607 3171 ptoris
630 3097 820 3154 verba
837 3096 993 3153 inter
1018 3113 1081 3153 se
1103 3097 1493 3154 conferantur
1523 3115 1536 3153 :
1565 3099 1734 3171 quod
1755 3099 1805 3154 si
1832 3099 1972 3172 quis
1992 3099 2079 3155 fe-

418 3187 584 3258 cerit,
617 3186 1062 3244 animadvertet
1090 3186 1339 3243 easdem
1363 3203 1546 3244 voces
1576 3193 1835 3262 utroque
1856 3189 1918 3245 in
1944 3189 2079 3246 loco

416 3275 517 3334 hic
575 3274 693 3332 illic
748 3275 1050 3346 adhiberi,
1106 3276 1321 3349 quales
1376 3283 1542 3347 sunt,
1601 3277 1763 3345 αἰτία,
1814 3274 2075 3347 κίνδυνος,

419 3369 622 3442 Γραφὴ,
646 3361 937 3433 ἀπόδειξις,
961 3363 1283 3441 παράϐασις,
1308 3364 1506 3433 ἐντολὴ,
1535 3364 1795 3441 σφοδρῶς,
1831 3366 2075 3441 φοϐερῶς,

420 3452 666 3524 ἐκδικεῖν,
693 3454 774 3512 ob
800 3455 988 3529 idque
1016 3458 1269 3513 fortasse
1294 3456 1594 3529 suspicari
1622 3456 1890 3530 incipiet,
1912 3458 2078 3515 hunc

416 3545 517 3602 vel
564 3545 736 3602 illum
784 3545 1142 3618 scriptorem
1191 3544 1558 3618 plagiarium
1608 3546 1820 3603 fuisse.
1863 3547 1980 3605 Sed
2028 3548 2079 3604 si

416 3633 603 3710 paulo
669 3634 954 3692 attentius
1030 3634 1498 3692 consideraverit
1559 3639 1690 3693 tum
1748 3636 1918 3709 illud,
1981 3646 2077 3699 τῆς

412 3728 683 3791 τοσαύτης
722 3733 823 3777 τῶν
864 3721 1183 3783 Ἐκκλησιῶν
1226 3732 1321 3778 τοῦ
1370 3732 1522 3794 Θεοῦ,
1555 3730 1645 3778 καὶ
1676 3726 1896 3780 ἑκάστου
1944 3731 2077 3804 πρὸς

414 3818 504 3870 τὸν
535 3817 701 3891 ἕτερον
734 3812 1023 3889 διαφωνίας
1044 3834 1100 3867 τε
1119 3819 1210 3867 καὶ
1235 3812 1685 3887 διαστάσεωςβῑᾶ
1703 3817 1866 3872 enim
1894 3817 2077 3889 plane

414 3906 745 3977 legendum
776 3910 891 3975 est,
940 3908 1009 3961 ut
1044 3905 1107 3960 in
1134 3907 1359 3961 Veneta
1386 3905 1673 3973 editione,
1703 3920 1829 3963 non
1856 3910 1988 3980 πρὸς
2015 3910 2075 3959 τὸ

416 3998 566 4069 ἔργον
631 3999 698 4051 ut
752 3993 920 4067 apud
986 3993 1458 4066 Combeﬁsium),
1519 3999 1648 4051 tum
1701 3995 1871 4063 illud,
1923 3996 2076 4050 οἱονεὶ

415 4093 739 4161 χαρακτῆρα
783 4090 1106 4158 Χριστιανοῦ
1159 4081 1491 4156 κεφαλαιώδη
1536 4090 1627 4138 καὶ
1679 4088 1949 4159 σύντομον.
1977 4129 1990 4141 .
2018 4128 2032 4141 .
2059 4127 2073 4141 .

414 4180 508 4229 καὶ
538 4184 860 4249 χαρακτῆρα
885 4173 1040 4228 πάλιν
1069 4174 1435 4249 παραπλήσιον
1464 4184 1564 4227 τῶν
1604 4183 1945 4251 προεστώτων
1983 4184 2077 4230 τοῦ

413 4264 596 4338 λόγου,
644 4263 840 4335 facile,
893 4264 1133 4338 opinor,
1183 4263 1298 4321 sibi
1349 4265 1759 4338 persuadebit,
1820 4266 2076 4324 alterum

414 4355 496 4413 ab
527 4355 714 4412 altero
742 4353 1037 4411 nonnulla
1071 4358 1275 4426 aperte
1318 4353 1399 4410 ad
1432 4355 1690 4412 verbum
1718 4357 2075 4430 sumpsisse.

2202 1832 2300 1888 hic
2320 1832 2649 1891 dicendum
2670 1834 2744 1891 de
2767 1836 2882 1893 hoc
2912 1838 3206 1910 opusculo
3231 1840 3679 1899 Combeﬁsiano
3707 1845 3865 1902 arbi-

2202 1926 2455 1994 tramur,
2483 1940 2624 1980 cum
2661 1924 2813 1981 illud
2838 1927 2969 1998 jam
3004 1927 3067 1983 in
3099 1934 3503 2002 antecessum,
3546 1932 3653 1990 ubi
3680 1935 3862 1992 nobis

2201 2010 2278 2067 de
2324 2012 2541 2069 eadem
2584 2013 2690 2070 illa
2735 2015 3006 2072 oratione
3052 2017 3358 2075 tricesima
3403 2020 3603 2092 prima
3658 2039 3860 2082 sermo

2199 2105 2347 2172 erat,
2375 2101 2437 2157 in
2482 2102 2703 2174 spuriis
2734 2108 2917 2177 atque
2947 2104 3305 2162 adulterinis
3335 2112 3720 2180 posuerimus
3758 2115 3856 2185 (c).

2197 2193 2302 2247 Hic
2322 2191 2568 2248 tandem
2581 2192 3090 2265 disputationibus
3115 2196 3389 2253 asceticis
3400 2197 3736 2258 clausulam
3750 2204 3863 2260 im-

2195 2297 2425 2355 ponam
2448 2282 2680 2356 siprius
2707 2283 2824 2340 hoc
2850 2301 3041 2341 unum
3071 2285 3387 2355 addidero,
3407 2289 3672 2361 primum
3693 2292 3862 2350 libel-

2191 2370 2320 2428 lum
2350 2389 2388 2430 a
2407 2373 2768 2430 Combefisio
2793 2390 2824 2430 e
2846 2374 3087 2430 duobus
3117 2375 3286 2433 libris
3310 2379 3606 2435 veteribus
3638 2383 3857 2454 Regiis,

2193 2461 2450 2519 alterum
2504 2478 2580 2518 ex
2611 2479 2735 2518 uno
2766 2464 2976 2519 itidem
3017 2466 3198 2534 Regio
3224 2466 3455 2524 editum
3484 2469 3671 2526 fuisse
3699 2474 3812 2545 (ά).

2228 2561 2256 2635 §
2294 2565 2407 2619 Xll.
2448 2563 2761 2620 Basilione
2780 2563 3089 2643 tribuendi
3107 2567 3227 2621 sint
3258 2567 3378 2624 duo
3412 2571 3491 2624 De
3514 2568 3822 2643 baptismo

2818 2636 2980 2703 libri,
3022 2652 3227 2694 necne.

2264 2736 2357 2790 54.
2392 2732 2564 2797 Quod
2613 2733 2696 2790 ait
2724 2732 3111 2790 doctissimus
3149 2735 3240 2792 vir
3290 2738 3631 2797 Ludovicus
3672 2744 3853 2816 Dupi-

2189 2839 2304 2879 nus
2318 2825 2424 2894 (e),
2438 2822 2593 2878 duos
2609 2822 2721 2878 hos
2735 2824 2824 2879 De
2845 2823 3138 2893 baptismo
3150 2824 3340 2882 libros
3358 2843 3670 2902 nusquam
3685 2835 3853 2905 apud

2189 2913 2475 2985 antiquos
2502 2912 2759 2974 laudari,
2788 2928 2859 2968 eo
2887 2912 3038 2968 nihil
3068 2914 3268 2970 verius
3307 2915 3425 2973 dici
3471 2920 3699 2992 potuit;
3741 2923 3851 2979 sed

2188 3002 2357 3075 quod
2388 3001 2645 3070 addidit,
2680 3002 2932 3058 eosdem
2961 3018 2999 3059 a
3026 3004 3270 3061 nemine
3301 3005 3363 3061 in
3393 3005 3650 3065 dubium
3680 3026 3851 3068 revo-

2110 3113 2152 3169 ρ
2189 3092 2335 3156 cari,
2366 3090 2429 3148 id
2456 3107 2580 3148 non
2610 3107 2747 3147 vere
2790 3091 3019 3148 dictum
3072 3091 3259 3150 fuisse
3310 3101 3565 3153 constat.
3601 3098 3850 3158 Combe-

2188 3181 2358 3237 ﬁsius
2387 3181 2552 3237 enim
2584 3186 2893 3254 suspectos
2930 3181 3100 3254 ipsos
3136 3182 3352 3241 habuit
3400 3202 3413 3241 :
3446 3188 3619 3259 cujus
3662 3191 3849 3248 verba

2188 3269 2410 3328 referre
2450 3286 2579 3327 non
2628 3270 2858 3343 pigebit
2900 3273 2996 3344 (Γ).
3052 3273 3148 3328 Vir
3176 3273 3356 3344 igitur
3402 3276 3848 3338 eruditissimus

2189 3378 2329 3418 cum
2357 3361 2420 3417 in
2450 3361 2544 3417 his
2575 3360 2745 3417 libris
2793 3361 3087 3419 adverbia
3134 3363 3421 3435 quaedam
3461 3367 3847 3427 animadver-

2186 3452 2370 3519 tisset,
2401 3450 2608 3525 qualia
2636 3455 2777 3507 sunt
2805 3450 3101 3525 ὁριστικῶς,
3124 3452 3482 3527 πολυτρόπως,
3503 3455 3846 3532 ἐντρεπτιιιὼ-

2185 3560 2350 3616 τερον,
2396 3549 2640 3615 φανερῶς,
2675 3545 2731 3596 et
2762 3541 2881 3597 alia
2910 3541 3187 3612 ejusdem
3219 3545 3458 3614 generis
3502 3547 3714 3618 multa,
3760 3549 3845 3608 ita

2183 3631 2422 3688 locutus
2440 3637 2530 3688 est
2547 3649 2559 3687 :
2575 3632 2938 3701 Aﬂ‘ectatior
2956 3649 3137 3706 quam
3158 3635 3346 3691 soleat
3367 3637 3530 3693 hisce
3547 3638 3848 3698 adverbiis

2184 3723 2456 3779 Basilius
2477 3727 2600 3778 toto
2622 3722 2732 3778 hoc
2752 3737 2948 3791 opere,
2972 3738 3081 3779 nec
3100 3725 3194 3779 sui
3209 3725 3580 3796 simillimus,
3600 3731 3846 3789 nativa-

2184 3827 2299 3884 que
2311 3813 2583 3880 puritate
2601 3816 2960 3882 gratus;ac,
3005 3828 3153 3869 num
3201 3828 3336 3886 quae
3372 3816 3517 3873 inde
3534 3815 3846 3877 Ἀσκητικὸν

2183 3903 2443 3972 suspicio
2456 3902 2709 3971 pulsare
2728 3902 2999 3958 animum
3017 3904 3244 3972 possit?
3272 3905 3488 3961 Lector
3506 3908 3728 3979 videat,
3751 3911 3848 3969 de-

2185 4006 2299 4063 que
2318 3997 2440 4047 toto
2459 3991 2705 4047 dicendi
2722 3991 3079 4048 charactere
3101 3995 3548 4067 austeriorique
3566 3998 3845 4059 doctrina

2185 4084 2597 4151 conjecturam
2619 4081 2823 4138 ducat.
2846 4080 3277 4154 Tillemontius,
3316 4084 3407 4140 vir
3444 4087 3845 4158 peritissimus

2182 4171 2469 4245 idemque
2516 4170 3043 4244 diligentissimus,
3091 4172 3326 4230 viderat
3380 4175 3631 4248 quidem
3680 4178 3845 4237 hunc

2186 4260 2534 4319 Combeﬂsii
2550 4259 2781 4317 locum:
2801 4261 2909 4317 sed
2930 4275 3055 4318 non
3076 4267 3363 4336 proptera
3380 4264 3695 4335 vulgatam
3713 4270 3847 4342 opi-

2182 4351 2430 4408 nionem
2465 4349 2827 4423 repudiavit.
2867 4354 2993 4407 lmo
3031 4352 3212 4408 etiam
3250 4353 3334 4410 ait
3366 4370 3434 4411 se
3477 4356 3697 4413 criticis
3729 4358 3844 4417 illis

415 4445 522 4504 Cui
542 4448 743 4502 autem
762 4442 1089 4501 verisimile
1112 4444 1236 4510 ﬁet,
1255 4442 1680 4502 doctissimum
1709 4446 1907 4503 virum
1930 4448 2076 4505 Pho-
2103 4470 2149 4526 Β
2184 4440 2528 4499 Combeﬁsii
2546 4441 2705 4496 notis
2741 4439 2803 4496 in
2842 4457 2956 4497 sua
2993 4442 3292 4499 sententia
3312 4444 3509 4513 magis
3533 4460 3604 4502 ac
3641 4449 3843 4519 magis

411 4534 588 4605 tium,
611 4532 1021 4606 eamdemque
1052 4532 1361 4589 scribendi
1385 4534 1842 4606 peritissimum,
1878 4553 1914 4593 a
1936 4552 2075 4594 nes-

417 4625 511 4683 cio
532 4640 657 4698 quo
677 4639 803 4680 non
838 4638 1037 4696 pauca
1065 4622 1146 4679 ad
1175 4622 1433 4679 verbum
1463 4628 1806 4681 mutuatum
1839 4625 2024 4683 fuisse
2043 4628 2072 4684 ‘I

408 4714 580 4789 quod
632 4729 704 4771 eo
752 4712 955 4769 minus
1009 4711 1329 4784 probabile
1383 4713 1703 4785 videbitur,
1760 4715 1909 4787 quia
1954 4715 2070 4772 hoc

408 4804 752 4879 epistolium
796 4802 1060 4876 pessime
1115 4802 1525 4875 conscriptum
1583 4808 1691 4859 est.
1752 4805 2069 4877 Reliquum

406 4900 498 4952 est
543 4893 745 4965 igitur,
777 4897 844 4949 ut
890 4890 1146 4964 epistolii
1195 4891 1452 4963 scriptor
1496 4891 1830 4964 plagiarius
1878 4894 2068 4952 fuisse

407 4983 661 5041 dicatur.
707 4982 823 5039 Sed
859 4981 1121 5037 fortasse
1168 4984 1400 5053 qureret
1445 4980 1680 5054 aliquis,
1713 4999 1836 5054 quo
1866 4984 2065 5040 consi-

401 5073 484 5131 lio
541 5072 831 5145 scriptum
885 5071 1059 5127 fuerit
1110 5070 1227 5127 hoc
1276 5071 1639 5143 epistolium.
1672 5075 1819 5129 Puto
1875 5074 2066 5130 homi-

401 5179 546 5223 nem
586 5168 801 5220 caetera
847 5160 1186 5234 simplicem
1223 5166 1280 5216 et
1315 5161 1569 5229 bonum,
1601 5162 1709 5235 qui
1750 5162 2064 5222 Ἀσκητικόν

403 5270 442 5312 a
489 5251 799 5310 nonnullis
846 5250 926 5307 ob
978 5250 1294 5307 Sozomeni
1348 5249 1553 5306 locum
1598 5252 1907 5309 Eustathio
1961 5253 2061 5309 tri-

399 5343 509 5401 bui
538 5340 787 5411 videret,
820 5343 1049 5396 tentare
1096 5338 1386 5411 voluisse,
1428 5339 1478 5394 si
1506 5339 1761 5412 epistola
1809 5357 1921 5399 sua
1950 5358 2061 5415 pro

469 5468 553 5541 (a)
591 5471 678 5524 Ita
706 5467 768 5541 in
799 5465 939 5521 edit.
972 5464 1121 5520 Ven.

472 5539 550 5613 (b)
590 5540 766 5597 Basil
798 5552 1049 5613 recens.,
1082 5544 1227 5594 tom.
1261 5539 1326 5607 lt,
1350 5551 1412 5609 p.
1443 5539 1566 5595 107.

471 5609 550 5685 (c)
589 5614 742 5684 Lege
762 5609 930 5668 Praef.
962 5612 990 5678 §
1016 5612 1067 5665 8.

2181 4528 2549 4587 conﬁrmari.
2574 4528 2691 4585 Sed
2729 4533 2795 4585 ut
2834 4530 2965 4585 haec
3003 4529 3220 4587 melius
3256 4530 3690 4603 intelligantur,
3712 4552 3844 4595 rem

2179 4618 2357 4677 altius
2394 4623 2620 4691 petam.
2644 4619 2984 4675 Meminisse
3005 4634 3151 4690 ergo
3188 4620 3383 4691 juvat,
3412 4622 3842 4684 Combeﬁsium

2179 4709 2513 4776 Ἀσκῆτικόν,
2540 4714 2710 4782 quod
2727 4713 2952 4765 vocant
2969 4723 3094 4764 non
3118 4708 3354 4775 Basilio,
3396 4710 3505 4767 sed
3534 4714 3841 4773 Eustathio

2181 4801 2507 4859 Sebasteno
2529 4798 2811 4867 tribuere,
2835 4806 3017 4871 atque
3036 4799 3190 4855 inter
3210 4804 3427 4857 caetera
3454 4809 3840 4877 argumenta,

2176 4891 2400 4965 quibus
2447 4890 2539 4945 vir
2585 4889 2804 4945 doctus
2861 4888 2941 4945 ad
2994 4886 3449 4946 defendendam
3491 4896 3840 4968 suam'opi-

2174 4982 2421 5038 nionem
2449 4979 2655 5050 utitur,
2689 4978 2804 5034 hoc
2848 4994 3095 5051 quoque
3142 4980 3413 5051 reperiri,
3456 4982 3627 5054 quod
3665 4988 3841 5043 Asce-

2174 5071 2274 5127 tici
2303 5070 2559 5143 scriptor
2586 5068 2669 5125 ita
2700 5067 3071 5141 Scripturam
3100 5068 3244 5125 citat
3271 5074 3338 5125 ut
3363 5069 3655 5129 adverbia
3675 5088 3841 5146 quas-

2174 5162 2321 5219 dam
2350 5164 2685 5234 praeponat,
2714 5157 2918 5232 qualia
2944 5163 3108 5227 sunt,
3137 5160 3435 5233 ὁριστικῶς,
3471 5171 3667 5234 σαφῶς,
3711 5162 3839 5218 ἀπο-

2175 5260 2450 5327 animum,
2483 5254 2541 5306 et
2574 5248 2790 5305 eodem
2821 5247 2897 5304 de
2936 5263 3156 5318 genere
3186 5247 3306 5306 alia
3334 5267 3347 5306 :
3380 5252 3486 5323 qui
3516 5251 3837 5311 adverbio-

2172 5358 2308 5398 rum
2337 5356 2483 5396 usus
2531 5338 2595 5394 in
2623 5338 2754 5394 aliis
2800 5336 2998 5393 Basilii
3028 5338 3267 5410 scriptis
3295 5338 3498 5394 nullus
3539 5344 3649 5397 est.
3684 5343 3835 5400 Cum

2242 5467 2328 5539 (d)
2364 5467 2558 5523 Basil.
2582 5481 2805 5522 recens.
2816 5505 2833 5535 ,
2862 5467 3008 5533 tom,
3033 5466 3100 5535 ll,
3130 5479 3278 5537 pag.
3310 5467 3377 5519 97
3405 5470 3463 5522 et
3494 5469 3615 5523 107.

2245 5542 2316 5615 (e)
2353 5541 2614 5615 Iom_._ll,
2647 5554 2712 5609 p.
2756 5540 2886 5615 540.
3044 5610 3066 5615 _
3138 5612 3141 5615 Α

2242 5610 2317 5683 (Γ)
2355 5611 2553 5669 Βαεὶι.
2585 5624 2832 5679 recens.,
2865 5611 3014 5666 tom.
3044 5610 3084 5680 Ι,
3118 5612 3264 5681 pag.
3289 5610 3418 5667 241.
