4092 6414
243 325 329 379 lbi

1744 316 2116 373 PRIEFATIO
2127 355 2139 370 .

3558 314 3660 370 142

234 448 409 518 igitur
426 447 922 518 Combeﬁsiusi(a)
947 447 1166 503 similia
1186 446 1476 502 adverbia
1492 445 1692 502 tamin
1714 445 1887 499 Asce-
1925 443 1973 496 Α
2003 439 2050 494 si
2081 438 2434 511 opinionem
2468 453 2701 502 eorum,
2735 437 2843 510 qui
2871 439 3215 495 Asceticum
3263 442 3321 496 et
3349 439 3506 497 duos
3546 439 3662 496 hos

234 538 348 594 tico
378 553 569 610 quam
600 538 662 592 in
691 537 784 593 his
815 539 901 593 De
925 537 1222 606 baptismo
1241 537 1411 592 libris
1438 534 1705 607 inspergi
1725 533 1886 589 vide-

233 632 340 695 ret,
382 627 724 700 suspicatus
772 632 860 684 est
915 633 1240 700 utrumque
1271 643 1425 700 opus
1480 627 1557 683 ad
1606 623 1892 681 eumdem

235 721 545 772 auctorem
575 718 890 789 pertinere,
915 718 1028 773 hoc
1049 722 1135 773 est
1163 717 1243 773 ad
1267 716 1644 772 Eustathium
1678 715 1893 771 Sebas—

236 811 468 875 tenum,
492 824 695 879 quem,
727 813 792 862 ut
819 807 1005 862 modo
1038 807 1182 877 dixi,
1205 807 1453 862 Ascetici
1483 812 1790 863 auctorem
1813 804 1898 860 fa-

237 895 330 951 cit.
365 895 771 952 Tillemontius
801 903 1028 966 autem,
1060 896 1164 969 qui
1216 902 1272 952 et
1303 897 1433 968 ipse
1455 913 1700 969 quoque
1720 911 1794 951 ea
1822 894 1899 952 de

237 983 459 1057 quibus
490 984 688 1055 agitur
717 985 1009 1042 adverbia
1039 990 1095 1041 et
1121 987 1181 1041 in
1209 985 1476 1042 Ascetico
1497 987 1632 1042 etin
1653 986 1899 1043 duobuS

239 1073 348 1130 illis
378 1076 464 1131 De
496 1075 787 1144 baptismo
807 1074 977 1131 libris
1007 1076 1459 1144 animadvertit,
1487 1075 1629 1130 inde
1656 1075 1901 1146 quidem

242 1167 464 1238 pariter
494 1165 751 1235 collegit,
786 1165 1099 1238 utriusque
1142 1166 1343 1238 operis
1368 1167 1655 1222 eumdem
1703 1171 1905 1223 aucto-

242 1273 366 1313 rem
400 1272 530 1312 esse
565 1274 577 1312 :
615 1256 722 1312 sed
767 1257 1065 1328 quoniam
1112 1257 1659 1313 semelAsceticum
1690 1257 1904 1314 Basilio

246 1346 670 1418 adscripserat,
720 1345 918 1402 eidem
977 1347 1156 1402 etiam
1205 1351 1264 1402 et
1311 1347 1423 1402 bos
1479 1347 1566 1403 De
1614 1347 1905 1418 baptismo

246 1437 433 1493 libros
465 1436 822 1508 adjudicare
848 1452 1097 1492 necesse
1129 1436 1362 1492 habuit.
1387 1441 1502 1493 Nec
1530 1453 1644 1507 ego
1663 1438 1907 1508 negabo

248 1525 636 1583 doctissimos
657 1526 819 1581 viros
869 1525 1302 1582 Combeﬁsium
1350 1531 1407 1582 et
1461 1526 1906 1582 Tillemontium

249 1621 648 1686 congruenter
678 1615 802 1670 suis
831 1615 1146 1688 principiis
1177 1615 1725 1688 convenienterque
1751 1617 1911 1688 judi-

250 1721 438 1765 casse.
470 1705 779 1777 viderique
823 1705 1021 1773 primo
1069 1709 1320 1778 aspectu
1360 1711 1721 1776 argumento
1761 1707 1910 1763 satis

1999 530 2087 585 De
2107 528 2399 598 baptismo
2428 528 2616 584 libros
2651 527 3151 600 eidemscriptori
3170 529 3465 598 tribuunt,
3489 531 3664 605 sequi

1999 618 2237 676 vellem.
2270 624 2355 675 lta
2385 619 2566 690 igitur
2593 619 2655 674 in
2686 616 2924 688 Regulis
2952 617 3330 676 brevioribus
3369 623 3664 695 scriptum

2004 713 2098 765 est
2115 714 2260 782 (reg.
2288 711 2407 780 175)
2431 727 2444 764 :
2481 714 2580 762 Καὶ
2602 707 2685 760 ἐὰν
2709 705 3004 770 δοξάζηται
3025 707 3072 762 ἓν
3095 709 3264 782 μέλος,
3289 713 3425 764 κατὰ
3448 716 3662 783 σκοπὸν,

2009 795 2251 856 δηλονότι
2279 807 2375 860 τῆς
2399 803 2529 874 πρὸς
2574 801 2701 852 Θεὸν
2735 797 3144 871 εὐαρεστήσεως,
3182 806 3468 877 συγχαίρει
3497 806 3670 856 πάντα

2007 893 2074 941 τὰ
2103 890 2251 962 μέλη,
2278 913 2304 944 ‹
2333 891 2413 946 Et
2441 891 2496 946 si
2516 891 2715 960 gloria
2740 889 3018 959 afﬁcitur
3044 905 3231 948 unum
3256 894 3608 962 membrum,
3639 916 3669 945 »

2009 993 2086 1036 ex
2109 981 2358 1036 consilio
2402 981 2680 1036 videlicet
2727 982 3015 1051 placendi
3054 983 3194 1047 Deo,
3228 1004 3258 1033 «
3290 985 3673 1054 congaudent

2012 1072 2214 1126 omnia
2242 1072 2511 1130 membra
2540 1075 2610 1128 ⁵ο.
2654 1096 2682 1125 κ
2719 1079 2784 1132 Et
2815 1074 2999 1148 paulo
3025 1077 3170 1146 post
3197 1074 3453 1146 scriptor
3479 1075 3564 1132 ita
3589 1075 3676 1132 lo-

2015 1163 2189 1214 cutus
2219 1165 2308 1217 est
2335 1164 2482 1233 (reg.
2532 1167 2692 1236 179):
2743 1164 2856 1218 Ἐὰν
2905 1165 3011 1238 ἄρα
3058 1160 3396 1226 ὃνσωπηθεὶς
3441 1168 3536 1224 τὴν
3583 1171 3676 1217 τοῦ

2017 1256 2150 1302 Θεοῦ
2193 1256 2564 1323 χρηστότητα,
2615 1262 2892 1330 προτραπῇ
2947 1254 3018 1315 εἰς
3067 1252 3356 1326 ἐπιμέλειαν
3404 1262 3502 1316 τῆς
3547 1258 3678 1330 πρὸς

2017 1338 2171 1390 αὐτὸν
2204 1340 2612 1413 εὐαρεστήσεως,
2644 1348 2756 1401 etc.
2788 1345 2858 1400 Si
2881 1345 3044 1414 forte
3085 1344 3411 1402 bonitatem
3439 1346 3553 1402 Dei
3587 1360 3680 1401 re-

2016 1432 2263 1498 veritus,
2294 1433 2554 1504 hincque
2591 1437 3010 1505 ea'timulatus,
3043 1436 3284 1492 studeat
3322 1437 3378 1493 ei
3411 1438 3681 1505 compla-

2018 1535 2170 1592 cere,
2201 1527 2314 1578 etc.
2337 1525 2454 1579 Nec
2477 1524 2559 1580 ita
2578 1525 2772 1582 multo
2791 1525 2951 1582 infra
2981 1525 3065 1582 sic
3084 1525 3306 1597 legitur
3329 1529 3480 1598 (reg.
3511 1525 3636 1590 187)
3666 1544 3680 1582 :

2017 1608 2179 1663 Ὃταν
2234 1609 2598 1688 ἀμετεωριστῳ
2645 1620 2735 1668 καὶ
2791 1619 3040 1690 τεταμένη
3099 1615 3352 1689 ἐπιθυμιᾳ
3401 1624 3498 1676 τῆς
3553 1619 3686 1691 πρὸς

2023 1705 2152 1754 Θεὸν
2183 1701 2590 1775 εὐαρεστήσεως,
2625 1710 2735 1761 etc.
2768 1708 2916 1762 Tum
2943 1722 3078 1762 cum
3108 1706 3352 1763 assiduo
3414 1721 3487 1763 ac
3516 1707 3688 1763 vehe-

247 1794 548 1868 probabili
585 1795 663 1850 ad
690 1794 980 1850 tuendam
1009 1810 1185 1851 suam
1214 1795 1564 1867 opinionem
1593 1797 1721 1852 niti.
1761 1800 1911 1854 Cum
1952 1801 1993 1854 Β
2021 1794 2208 1849 menti
2234 1793 2528 1850 desiderio
2583 1796 2873 1864 placendi
2909 1798 3054 1861 Deo,
3085 1800 3197 1852 etc.
3231 1799 3402 1851 Nunc
3434 1795 3687 1852 totidem

250 1885 409 1940 enim
441 1885 720 1955 ejusdem
748 1884 984 1954 generis
1016 1884 1303 1941 adverbia
1328 1901 1452 1941 non
1485 1903 1682 1958 pauca
1706 1891 1831 1943 tam
1853 1887 1914 1944 in

251 1975 518 2031 Ascetico
557 1990 744 2046 quam
785 1973 848 2029 in
893 1975 1298 2030 controversis
1327 1975 1456 2030 istis
1495 1978 1581 2032 De
1619 1977 1915 2046 baptismo

256 2064 427 2120 libris
458 2064 715 2119 inveniri
751 2068 1018 2133 constet;
1074 2070 1255 2134 certe,
1289 2065 1408 2121 nisi
1455 2067 1804 2123 attentiores
1846 2068 1920 2124 si-

255 2170 414 2222 mus,
446 2169 518 2209 eo
551 2153 794 2208 animus
822 2152 1158 2223 inclinabit,
1192 2159 1257 2209 ut
1286 2159 1610 2227 utrumque
1637 2171 1790 2226 opus
1813 2158 1920 2213 uni

257 2243 493 2300 etidem
527 2242 804 2314 scriptori
830 2243 1195 2298 tribuamus.
1223 2243 1338 2299 Sed
1368 2248 1573 2298 tamen
1605 2243 1655 2298 si
1685 2244 1820 2316 quis
1851 2259 1924 2300 ea

259 2333 330 2389 de
359 2332 585 2406 quibus
606 2332 952 2403 disputatur
979 2333 1205 2404 scripta
1235 2332 1421 2405 paulo
1451 2333 1735 2388 attentius
1764 2333 1923 2403 lege-

259 2423 350 2488 rit,
369 2421 431 2476 id
452 2421 622 2493 quod
643 2420 766 2475 dixi
797 2425 1226 2490 argumentum
1246 2420 1474 2476 nullius
1505 2422 1800 2478 momenti
1823 2428 1928 2480 aut

263 2513 543 2585 ponderis
583 2527 716 2567 esse
748 2511 942 2578 facile,
976 2511 1214 2582 opinor,
1248 2511 1556 2570 fatebitur.
1599 2515 1728 2568 Non
1761 2513 1927 2570 enim

269 2603 464 2659 omnia
486 2600 780 2657 adverbia
800 2601 900 2657 illa
923 2616 1165 2672 semper
1177 2601 1394 2656 eodem
1418 2617 1602 2656 sensu
1624 2601 1926 2675 accipiun-

268 2697 355 2747 tur
394 2691 453 2746 in
486 2696 745 2762 utroque
777 2705 978 2762 opere.
1024 2691 1171 2745 Cum
1218 2690 1379 2746 enim
1423 2690 1592 2759 illud,
1625 2693 1929 2766 ὁριστικῶς,

266 2797 508 2853 semper
527 2781 590 2836 in
614 2780 884 2835 Ascetico
907 2795 1017 2852 pro
1041 2795 1111 2835 eo
1135 2780 1302 2852 quod
1326 2785 1434 2850 est,
1456 2781 1631 2836 modo
1663 2781 1931 2838 decreto-

257 2873 348 2928 rio
374 2872 557 2942 loqui,
574 2874 873 2936 sumatur,
896 2873 1100 2924 tamen
1126 2868 1186 2923 in
1214 2869 1306 2924 his
1329 2871 1416 2924 De
1440 2869 1734 2938 baptismo
1758 2870 1928 2926 libris

251 2959 592 3033 aliquando
614 2963 737 3014 tam
758 2957 990 3013 diverse
1013 2963 1440 3029 usurpatur,ut
1459 2960 1593 3031 ipsa
1611 2959 1930 3017 diversitas

249 3050 562 3106 diversum
585 3053 895 3104 auctorem
927 3063 1050 3104 non
1073 3047 1332 3103 obscure
1353 3048 1598 3105 indicet.
1625 3049 1926 3106 Nimirum

247 3142 334 3200 ibi
362 3155 812 3211 nonnunquam
839 3155 951 3212 pro
974 3155 1046 3195 eo
1068 3139 1238 3212 quod
1258 3143 1366 3208 est,
1394 3141 1654 3196 strictim
1677 3156 1748 3198 ac
1773 3157 1928 3198 com-

244 3232 518 3302 pressius
534 3231 749 3298 dicere,
767 3229 1082 3301 accipitur.
1106 3231 1306 3301 Neque
1329 3245 1470 3285 vero
1493 3231 1624 3300 ejus
1645 3230 1925 3304 interpre-

246 3322 503 3380 tationis
535 3325 747 3377 auctor
776 3335 890 3390 ego
913 3337 1071 3386 sum,
1099 3320 1208 3376 sed
1234 3320 1634 3376 Combeﬁsius
1659 3322 1792 3395 ipse
1821 3325 1926 3395 (b),

244 3413 356 3485 qui
388 3411 466 3466 de
489 3410 607 3465 illis
655 3409 761 3481 qui
808 3425 974 3464 nunc
1004 3411 1068 3464 in
1116 3410 1595 3466 controversiam
1631 3417 1929 3468 vocantur

242 3501 444 3571 libris,
481 3499 680 3569 deque
712 3513 924 3552 eorum
958 3501 1204 3552 auctore
1227 3497 1510 3569 loquens,
1533 3499 1616 3554 ita
1647 3499 1923 3582 scripsit;

241 3592 568 3665 ὀριστικῶς
595 3588 819 3656 passim
848 3593 1042 3651 vocat,
1068 3585 1248 3657 quasi
1285 3587 1614 3643 indicative
1644 3590 1931 3645 strictim-

250 3696 370 3755 que
382 3677 677 3750 jubendo.
701 3678 922 3748 Sicque
946 3676 1108 3746 quod
1127 3675 1236 3741 ait,
1265 3677 1547 3750 ὁριστικῶς
1568 3682 1658 3728 καὶ
1679 3677 1932 3752 πολυτρο-

248 3789 368 3831 πως
383 3768 521 3835 erit,
543 3772 708 3822 tuum
731 3766 1062 3822 indicando
1079 3766 1460 3836 strictimque
1482 3767 1779 3822 tradendo
1796 3768 1930 3824 doc-

250 3861 638 3922 trinam,tum
659 3857 828 3912 varie
845 3855 1231 3924 explicando.
1252 3857 1539 3911 Praeterea
1559 3855 1781 3912 alicubi
1805 3872 1932 3914 mo-

246 3949 382 4016 nui,
412 3945 718 4018 ejusmodi
743 3944 1055 4014 adverbia,
1076 3959 1217 4017 quae
1236 3945 1298 4000 in
1324 3945 1595 4001 Ascetico
1621 3945 1929 4016 leguntur,

251 4053 383 4096 non
410 4038 494 4092 ita
521 4034 802 4096 multum,
835 4034 885 4089 si
916 4035 1121 4106 operis
1149 4034 1467 4107 prolixitas
1493 4034 1926 4104 consideretur,

247 4125 608 4200 frequentia
637 4140 794 4191 esse,
819 4140 959 4179 cum
987 4128 1195 4180 tamen
1225 4124 1286 4179 in
1313 4123 1408 4180 his
1431 4125 1520 4181 De
1550 4112 1931 4194 baptismati-

246 4216 383 4276 bris
432 4220 559 4272 tam
585 4214 933 4286 frequenter
960 4219 1334 4288 usurpentur
1381 4215 1473 4286 (c),
1511 4219 1576 4271 ut
1605 4231 1769 4288 saepe
1804 4232 1930 4273 non

249 4308 465 4365 minus
494 4320 710 4362 eorum
740 4303 916 4376 copia
957 4319 1146 4376 quam
1175 4319 1399 4361 vocum
1443 4305 1708 4362 novitate
1749 4311 1930 4378 atque

249 4393 587 4455 insolentia
617 4393 846 4468 moveri
878 4409 1110 4450 nausea
1129 4393 1342 4465 possit.
1391 4394 1567 4461 Quod
1593 4395 1777 4466 igitur
1817 4412 1930 4468 pro

250 4487 441 4544 ﬁrmo
467 4487 829 4554 argumento
853 4483 1186 4539 attulerunt
1215 4483 1257 4538 ii
1291 4499 1448 4555 quos
1478 4484 1604 4540 dixi
1653 4485 1767 4541 viri
1795 4501 1930 4541 eru-

252 4574 566 4642 ditissimi,
595 4578 700 4629 aut
722 4572 891 4640 nihil,
927 4577 1034 4630 aut
1053 4588 1272 4647 parum
1302 4572 1383 4628 ad
1421 4589 1597 4629 suam
1639 4575 1932 4631 tuendam

253 4665 616 4740 opinionem
644 4662 822 4720 valet.
854 4661 972 4720 Sed
1001 4678 1078 4717 ne
1108 4661 1260 4734 quid
1290 4661 1676 4720 dissimulare
1702 4663 1930 4730 videar,

256 4771 528 4829 ingenue
549 4753 784 4810 fatebor
803 4753 970 4809 aliud
992 4757 1424 4824 argumentum
1445 4754 1705 4825 proponi
1728 4772 1932 4826 posse,

257 4847 358 4903 cui
377 4844 747 4916 respondere
768 4843 1194 4899 difﬁcillimum
1221 4843 1318 4911 sit,
1339 4847 1395 4898 et
1425 4843 1751 4917 ejusmodi,
1782 4851 1844 4902 ut
1865 4847 1935 4902 iis

255 4934 370 5009 qui
402 4933 482 4991 ad
501 4932 908 5004 judicandum
943 4933 1150 5004 aliqua
1180 4931 1319 5004 styli
1373 4932 1766 4991 similitudine
1797 4952 1938 4992 con-

256 5023 412 5083 tenti
428 5026 590 5087 sunt,
606 5020 1053 5077 validissimum
1072 5021 1263 5077 videri
1285 5021 1496 5093 possit.
1514 5025 1760 5080 Constat
1777 5025 1937 5081 hanc

257 5111 508 5171 dicendi
563 5111 911 5182 formulam,
946 5113 975 5169 ἡ
1009 5115 1140 5186 πρὸς
1183 5115 1311 5164 Θεὸν
1344 5111 1710 5186 εὐαρέστησις,
1743 5117 1936 5173 Asceti

259 5202 498 5263 auctori
520 5217 643 5258 non
671 5217 892 5272 parum
921 5199 1281 5256 familiarem
1305 5217 1436 5257 esse
1465 5218 1478 5257 :
1505 5204 1680 5274 cujus
1705 5204 1790 5260 rei
1811 5203 1937 5262 duo

261 5299 372 5354 aut
419 5293 532 5351 tria
597 5297 878 5364 exempla
951 5291 1282 5364 proferam,
1332 5291 1512 5365 plura
1561 5293 1932 5367 prolaturus,

337 5437 391 5472 ⁵ο
431 5439 452 5491 Ι
485 5437 615 5492 Cor.
644 5450 742 5505 xu,
778 5433 868 5489 16.

338 5570 423 5644 (a)
462 5571 643 5644 'Ilom.
665 5567 737 5636 Il,
768 5581 918 5640 pag.
958 5568 1080 5644 124,
1112 5569 1234 5644 1⁸62.

343 5640 426 5713 (b)
465 5640 666 5698 Basil.
695 5654 921 5697 recens.
955 5643 1102 5696 tom.
1126 5642 1170 5706 Ι,
1195 5653 1338 5712 pag.
1369 5642 1500 5698 240.

2024 1883 2304 1954 exempla
2332 1899 2364 1938 e
2410 1883 2654 1940 duabus
2686 1887 2774 1942 De
2805 1887 3101 1955 baptismo
3139 1885 3310 1941 libris
3342 1885 3686 1956 subjiciam.

2026 1975 2160 2029 Haec
2184 1972 2529 2042 suntigitur
2555 1975 2868 2047 scriptoris
2889 1975 3074 2031 verba
3105 1974 3229 2047 (lib.
3255 1981 3305 2046 1,
3331 1991 3382 2031 c.
3415 1980 3466 2044 1,
3499 1991 3559 2031 n.
3592 1977 3644 2047 l)
3675 1991 3689 2031 :

2030 2064 2176 2115 Κατὰ
2208 2067 2402 2116 σκοπὸν
2433 2073 2530 2125 τῆς
2577 2069 2708 2138 πρὸς
2739 2069 2867 2119 Θεὸν
2900 2065 3151 2139 εὐαρεστή
3164 2085 3309 2132 σεως,
3330 2068 3522 2136 juxta
3547 2082 3694 2136 pro-

2020 2154 2288 2222 positum
2314 2155 2610 2223 placendi
2637 2156 2777 2212 Deo.
2813 2158 3042 2211 Rursus
3072 2155 3158 2211 ita
3186 2154 3457 2228 loquitur
3479 2155 3605 2229 (lib.
3643 2161 3691 2228 1,

2031 2258 2086 2311 c,
2131 2246 2186 2311 2,
2237 2258 2298 2298 n.
2347 2245 2478 2313 l7):
2533 2246 2760 2318 Δύναμις
2806 2253 2901 2306 τῆς
2944 2249 3076 2318 πρὸς
3111 2248 3242 2298 Θεὸν
3283 2245 3696 2319 εὐαρεστήσεως,

2035 2328 2381 2394 δικαιοσύνης
2412 2329 2601 2407 δωρεά,
2650 2338 2762 2390 etc.
2807 2335 3008 2390 Virtus
3049 2350 3171 2407 qua
3207 2337 3376 2406 grati
3397 2337 3702 2406 efﬁcimur

2035 2422 2158 2478 Deo
2187 2428 2244 2478 et
2289 2425 2541 2492 accepti,
2563 2425 2824 2493 justitia’
2848 2424 3096 2493 donum,
3125 2429 3239 2481 etc.
3287 2428 3352 2482 Et
3397 2425 3521 2482 alio
3566 2425 3703 2482 loco

2032 2511 2122 2567 sic
2163 2511 2452 2583 scriptum
2481 2513 2788 2569 invenitur
2819 2532 2832 2570 :
2862 2516 2939 2566 Τὰ
2963 2517 3052 2586 μεν
3077 2519 3230 2566 νόσον
3254 2517 3706 2588 θεραπεύοντα,τὰ

2042 2598 2101 2654 δὲ
2155 2607 2424 2674 προκοπὴν
2472 2600 2786 2675 ἐμποιοῦντα
2835 2608 2967 2679 πρὸς
2997 2604 3258 2658 τελείωσιν
3324 2607 3559 2678 ἄγουσαν
3610 2615 3708 2667 τῆς

2039 2694 2171 2764 πρὸς
2201 2695 2328 2745 Θεὸν
2361 2691 2608 2767 εὐαρεστή
2621 2712 2768 2761 σεως,
2793 2698 2906 2750 etc.
2932 2696 3171 2751 Partim
3195 2697 3467 2752 morbum
3488 2711 3709 2753 curan-

2043 2781 2146 2850 tia,
2178 2784 2408 2850 partim
2457 2783 2778 2852 aﬂerentia
2829 2785 3012 2840 talem
3055 2786 3423 2855 profectum,
3469 2801 3585 2857 quo
3629 2786 3712 2843 ad

2038 2872 2304 2942 perfecte
2329 2873 2445 2926 Deo
2467 2872 2842 2939 placendum
2882 2874 3277 2945 deducamur,
3305 2879 3417 2931 etc.
3452 2877 3620 2932 Certe
3637 2892 3711 2932 ex

2043 2961 2136 3016 his
2185 2965 2242 3015 et
2290 2960 2594 3016 similibus
2639 2961 2811 3027 locis,
2843 2979 2980 3035 quas
3018 2963 3081 3018 in
3120 2963 3270 3036 ipsis
3303 2964 3568 3021 fontibus
3593 2965 3712 3037 legi

1972 3055 2010 3109 C
2044 3055 2327 3124 possunt,
2360 3051 2505 3107 satis
2545 3051 2941 3123 probabiliter
2988 3052 3145 3109 efﬁci
3191 3054 3452 3122 videtur,
3485 3055 3710 3112 Asceti-

2043 3157 2183 3197 cum
2225 3145 2279 3196 et
2318 3145 2744 3197 controversas
2775 3142 2888 3198 hos
2935 3144 3024 3199 De
3064 3143 3356 3211 baptismo
3403 3144 3587 3201 libros
3631 3145 3712 3202 ad

2041 3232 2326 3287 eumdem
2358 3237 2669 3287 auctorem
2694 3232 3010 3304 pertinere.
3047 3234 3346 3299 Quoniam
3368 3239 3573 3291 tamen
3594 3236 3712 3292 hoc

2041 3320 2300 3377 fortasse
2329 3320 2637 3393 aliquibus
2663 3321 2793 3378 leve
2823 3322 3147 3394 videbitur,
3171 3324 3335 3381 aliud
3363 3325 3711 3398 exemplum

2037 3409 2370 3482 proferam,
2384 3411 2550 3482 quod
2574 3411 2653 3466 ab
2674 3411 3050 3481 hominibus,
3073 3413 3178 3486 qui
3200 3415 3565 3488 caeteroquin
3585 3431 3711 3472 non

2041 3498 2123 3553 ita
2173 3498 2432 3553 multum
2466 3499 2697 3554 creduli
2748 3501 2887 3571 sint,
2910 3517 3022 3573 pro
3070 3502 3554 3560 demonstrativo
3600 3505 3710 3561 ha-

2041 3587 2170 3642 beri
2200 3591 2406 3658 queat.
2435 3589 2603 3644 Patet
2639 3605 2713 3645 ex
2742 3589 2938 3653 dictis,
2970 3591 3224 3648 Ascetici
3255 3598 3564 3649 auctorem
3595 3593 3712 3650 hac

2042 3675 2285 3731 dicendi
2326 3675 2610 3747 formula,
2659 3693 2788 3749 qua
2834 3694 3017 3735 voces
3075 3685 3180 3736 aut
3231 3681 3560 3757 πληροφορία
3605 3688 3714 3740 aut

2041 3764 2392 3839 πληρσφορείν
2419 3765 2500 3822 ad
2528 3765 2833 3836 integram
2859 3768 3201 3839 quamdam
3246 3771 3710 3842 persuasionem

2042 3854 2448 3924 signiﬁcanda
2507 3855 2899 3922 adhibentur,
2948 3857 3032 3913 ita
3061 3857 3361 3930 delectari,
3422 3865 3488 3916 ut
3541 3860 3710 3918 nullo

2042 3942 2161 3998 alio
2193 3942 2387 4011 magis
2408 3942 2775 4008 delectetur;
2810 3959 3010 4016 neque
3060 3945 3157 4001 hic
3202 3947 3334 4018 ejus
3374 3947 3460 4003 rei
3509 3964 3712 4004 exem-

2042 4032 2212 4104 plum
2246 4031 2457 4101 ullum,
2490 4048 2631 4088 cum
2661 4033 2854 4090 multa
2885 4035 3161 4107 superius
3185 4036 3568 4094 retulerimus
3597 4039 3705 4110 (ά),

2040 4137 2268 4195 ponere
2298 4137 2542 4178 necesse
2573 4127 2681 4178 est.
2715 4126 2961 4181 Constat
2991 4129 3195 4181 autem
3225 4124 3390 4182 idem
3418 4126 3712 4200 loquendi

2043 4226 2234 4282 genus
2264 4210 2326 4266 in
2353 4210 2597 4268 duobus
2639 4228 2888 4286 quoque
2917 4215 3006 4270 De
3036 4215 3326 4285 baptismo
3371 4215 3543 4272 libris
3582 4221 3708 4274 tam

2041 4300 2389 4374 frequenter
2435 4306 2796 4372 usurpatum
2845 4302 3118 4370 inveniri,
3144 4309 3208 4360 ut
3256 4305 3318 4360 in
3342 4304 3489 4378 ipsis
3521 4306 3707 4363 etiam

2042 4390 2273 4463 passim
2304 4395 2602 4446 occurrat.
2632 4391 2747 4446 Sed
2777 4407 2853 4448 ne
2879 4392 3032 4450 falso
3055 4393 3282 4450 dictum
3309 4394 3372 4450 id
3401 4394 3590 4452 fuisse
3624 4395 3708 4452 vi-

2043 4482 2278 4544 deatur,
2318 4481 2597 4553 exempla
2644 4481 2837 4539 multa
2885 4488 2990 4540 aut
3026 4483 3353 4557 proferam,
3391 4490 3497 4542 aut
3551 4491 3710 4543 certe

2042 4570 2349 4626 indicabo.
2400 4573 2486 4626 lta
2528 4569 2712 4640 igitur
2755 4576 2966 4626 auctor
3006 4572 3244 4643 scripsit
3293 4572 3418 4642 (lib.
3469 4580 3522 4642 l,
3554 4591 3608 4631 c.
3658 4576 3707 4643 l,

2043 4676 2110 4716 n.
2240 4677 2253 4716 :
2287 4662 2684 4732 Στοχαζὸμενος
2729 4656 2788 4712 ὃε
2837 4669 2932 4720 τῆς
2985 4661 3240 4734 ἡμετέρας
3284 4661 3574 4731 ἀσθενείας,
3618 4671 3709 4719 καὶ

2047 4746 2122 4802 δι’
2143 4745 2540 4821 ὑποδειγμάτων
2566 4745 2837 4806 ηὐδόκησε
2861 4747 3156 4821 βεϐαιῶσαι
3185 4751 3330 4822 ἡμῶν
3360 4755 3455 4812 τὰς
3480 4749 3709 4825 καρδίας

2047 4839 2095 4893 ἐν
2133 4839 2461 4914 πληροφοριᾳ
2514 4849 2610 4900 τῆς
2668 4839 2936 4901 ἀληθείας.
2984 4840 3277 4897 Caeterum
3327 4844 3711 4902 considerata

2045 4931 2460 4987 imbecillitate
2517 4936 2746 5001 nostra,
2797 4932 2977 4986 etiam
3017 4946 3132 5000 per
3185 4933 3464 5000 exempla
3519 4935 3709 4991 voluit

2046 5021 2316 5076 animum
2362 5024 2639 5075 nostrum
2696 5022 2761 5075 in
2809 5021 3083 5076 veritatis
3129 5027 3295 5077 certa
3328 5025 3712 5091 persuasione

2048 5111 2430 5180 conﬁrmare.
2469 5109 2641 5165 Haud
2670 5109 2852 5180 longe
2902 5110 2984 5166 ita
3015 5109 3138 5181 (lib.
3178 5117 3227 5180 l,
3259 5129 3311 5167 c.
3355 5117 3406 5183 2,
3435 5129 3497 5168 n.
3535 5116 3588 5184 1)
3625 5114 3709 5170 lo-

2047 5205 2224 5257 cutus
2248 5206 2383 5256 est:
2426 5199 2562 5258 Πλην
2607 5197 2665 5252 δὲ
2712 5207 2803 5253 καὶ
2850 5199 3182 5276 βεϐαιότερον
3226 5201 3279 5254 ἐκ
3307 5212 3403 5264 τῆς
3447 5211 3567 5279 περὶ
3609 5213 3710 5257 τῶν

2050 5293 2218 5364 ἱερέων
2262 5294 2352 5343 καὶ
2377 5298 2476 5343 τῶν
2502 5295 2930 5366 προσφερομένων
2963 5291 3107 5352 ζώων
3140 5292 3213 5356 εἰς
3262 5295 3448 5346 θυσίαν
3489 5293 3707 5367 ἀκριϐο-

2118 5563 2194 5633 (c)
2231 5567 2400 5622 Nova
2424 5563 2521 5620 ed.
2553 5567 2593 5620 t.
2626 5564 2696 5635 II,
2725 5578 2790 5635 p.
2821 5565 2946 5620 625.
2980 5563 3132 5634 Lege
3161 5577 3224 5619 n.
3255 5565 3346 5620 43.

2119 5636 2201 5709 (d)
2243 5638 2378 5706 Leg.
2400 5651 2465 5694 n.
2493 5639 2584 5693 38.
