4092 6400
429 309 528 362 143

1919 261 2334 352 ΡΒιΕΡΑΤΙο.

3735 305 3840 362 1H-

423 435 603 508 λογίας
630 432 744 486 ἔστι
773 430 1256 507 πληροφορηθῆναι.
1279 425 1397 483 Sed
1421 431 1620 482 tamen
1644 423 1879 494 ﬁrmius
1903 426 2068 481 etiam

2198 423 2392 494 οὐδείς,
2425 443 2540 500 quo
2559 427 2722 484 inter
2741 433 2913 484 natos
2943 428 3263 485 mulierum
3289 431 3491 500 major
3518 435 3601 486 est
3628 445 3799 487 nemo
3835 447 3849 485 :

423 528 552 593 ejus
573 524 664 580 rei
699 539 775 580 ex
815 522 1190 578 sacerdotum
1227 524 1283 576 et
1327 517 1688 575 animalium
1732 516 2087 584 sacriﬁcan-

422 615 636 670 dorum
685 618 981 670 accurata
1029 609 1508 668 consideratione
1556 607 1838 662 convinci
1878 621 2085 675 possu-

420 721 574 761 mus.
622 707 847 760 Rursus
890 703 974 758 ita
1013 701 1253 774 scripsit
1300 698 1424 765 (lib.
1476 703 1526 766 1,
1567 714 1616 752 c.
1660 701 1714 764 2,
1745 713 1804 752 n.
1842 697 1926 766 10)
1961 713 1972 750 :
2005 695 2085 746 Ἐν

420 794 746 868 πληροφορίᾳ
771 802 865 854 τῆς
896 791 1161 854 ἀληθείας,
1187 795 1323 853 etc.,
1356 790 1422 844 in
1440 788 1786 844 indubitata
1809 785 2082 842 veritatis

413 885 826 954 persuasione,
860 887 972 938 etc.
1008 885 1094 938 Ita
1116 895 1363 953 quoque
1392 877 1612 947 legitur
1639 877 1755 932 alio
1787 875 1921 931 loco
1952 873 2081 944 (lib.

425 979 474 1043 1,
504 990 553 1029 c.
593 979 646 1040 2,
671 989 732 1028 n.
777 976 864 1040 i3)
893 991 904 1027 :
943 971 1103 1044 ΛΟττερ
1137 969 1184 1021 ἐν
1215 969 1540 1043 πληροφορίᾳ
1585 966 1827 1026 ἀληθείας
1858 962 1931 1017 δι’
1978 963 2084 1016 ἐπι-

419 1058 620 1131 μελείας
654 1054 1069 1130 σπουδαιοτέροις
1109 1055 1480 1128 φυλάσσοντες,
1530 1057 1648 1108 etc.
1713 1049 1880 1118 Quod
1933 1051 1987 1105 si
2019 1050 2083 1104 in

419 1149 691 1205 veritatis
721 1153 887 1204 certa
927 1146 1322 1217 persuasione
1364 1142 1715 1212 diligentius
1753 1139 2082 1196 servaveri-

415 1256 570 1310 mus,
603 1242 715 1295 etc.
749 1238 926 1293 Plura
956 1237 1062 1309 qui
1093 1235 1317 1303 volent,
1348 1234 1546 1304 legere
1578 1235 1862 1304 poterunt
1899 1229 2084 1302 caput

416 1334 470 1398 2,
517 1329 621 1385 lib.
653 1346 692 1393 ι,
724 1344 895 1383 num.
931 1331 996 1382 14
1026 1331 1082 1382 et
1118 1330 1203 1394 15,
1244 1324 1349 1379 ubi
1381 1336 1594 1378 earum
1638 1337 1793 1393 quas
1828 1319 1952 1375 dixi
1981 1335 2083 1376 vo-

416 1435 558 1475 cum
583 1419 707 1474 duo
735 1416 1016 1488 exempla
1046 1415 1427 1487 reperiuntur
1452 1431 1464 1481 ;
1496 1412 1641 1468 item
1691 1415 1877 1482 caput
1926 1410 2082 1480 ejus-

415 1509 554 1565 dem
576 1507 734 1574 libri,
766 1522 936 1561 num.
979 1509 1025 1572 1,
1059 1504 1200 1560 item
1232 1502 1556 1575 quaestion.
1584 1505 1636 1564 6,
1677 1499 1784 1555 lib.
1819 1519 1874 1567 ιι,
1905 1515 2078 1566 num,

419 1598 634 1666 l,item
657 1601 874 1669 quaest.
901 1599 960 1663 8,
1019 1610 1191 1649 num.
1231 1598 1252 1648 1
1285 1598 1341 1648 et
1368 1597 1421 1649 9.
1467 1594 1598 1647 Jam
1637 1590 1720 1647 ita
1763 1604 2083 1659 argumen-

412 1687 524 1744 tari
547 1686 720 1742 licet:
771 1686 830 1741 Si
863 1684 1115 1757 quando
1159 1682 1466 1756 quasdam
1495 1679 1740 1737 dicendi
1786 1678 2080 1736 formulas

411 1793 547 1850 quae
577 1773 1042 1848 quodammodo
1093 1772 1430 1844 singulares
1488 1769 1679 1826 videri
1730 1769 1984 1841 possint,
2016 1769 2080 1824 in

413 1866 658 1923 duobus
697 1863 987 1937 operibus
1031 1862 1254 1935 saepius
1292 1860 1550 1916 inveniri
1583 1859 1917 1930 contigerit,
1959 1858 2080 1914 fere

411 1957 480 2012 ﬁt
525 1960 588 2011 ut
625 1960 952 2026 utrumque
995 1969 1154 2026 opus
1196 1951 1393 2007 eidem
1436 1949 1713 2022 scriptori
1756 1948 2075 2005 tribuatur.

415 2050 564 2104 Cum
596 2041 778 2115 igitur
808 2045 869 2100 id
890 2043 1180 2116 loquendi
1210 2057 1420 2112 genus,
1446 2056 1569 2113 quo
1595 2055 1768 2095 voces
1814 2037 2074 2096 autsin-

412 2143 645 2211 ροφορεῖν
685 2139 790 2190 aut
834 2133 1160 2206 πληροφορία
1200 2131 1261 2186 in
1330 2129 1774 2199 signiﬁcatione
1827 2128 2073 2199 integrae

413 2225 732 2296 cujusdam
785 2220 1199 2295 persuasionis
1245 2223 1578 2292 ponuntur,
1608 2215 2072 2289 quodammodo

414 2314 722 2385 singulare
751 2313 846 2382 sit,
879 2311 1167 2383 idemque
1197 2314 1323 2365 tam
1363 2309 1422 2364 in
1456 2308 1732 2363 Ascetico
1776 2322 1962 2378 quam
2009 2305 2072 2360 in

411 2405 654 2461 duobus
685 2405 770 2458 De
811 2401 1104 2471 baptismo
1133 2398 1302 2454 libris
1335 2397 1563 2470 passim
1593 2400 1894 2459 occurrat,
1926 2410 2072 2450 con-

413 2510 674 2568 sequens
722 2509 852 2549 esse
896 2491 1154 2557 videtur,
1204 2495 1268 2546 ut
1295 2489 1613 2561 utriusque
1659 2487 1862 2559 operis
1908 2485 2071 2541 idem

410 2589 624 2642 auctor
665 2598 796 2639 esse
844 2581 1098 2637 dicatur.
1147 2579 1280 2646 Sed,
1323 2584 1389 2634 ut
1425 2579 1554 2648 jam
1583 2575 1936 2632 commonui
1965 2576 2069 2645 (a),

409 2673 712 2746 ejusmodi
740 2674 1107 2741 argumenta
1136 2685 1166 2724 e
1204 2668 1476 2741 quadam
1508 2667 1646 2739 styli
1677 2664 2070 2720 similitudine

407 2766 593 2838 petita
622 2779 746 2819 non
777 2767 1012 2818 tantum
1049 2758 1277 2830 valent,
1307 2761 1607 2830 quantum
1651 2755 1852 2812 valere
1883 2753 2067 2824 vulgo

406 2859 715 2927 putantur.
731 2852 853 2908 Nisi
869 2851 1030 2907 enim
1051 2849 1169 2906 alia
1188 2864 1429 2921 quoque
1454 2851 1790 2903 consonent
1810 2845 2071 2902 faveant-

408 2961 549 3017 que,
582 2943 732 2998 nihil
762 2941 1016 2998 omnino
1075 2939 1138 2994 in
1191 2937 1340 3010 ipsis
1391 2953 1590 3009 neque
1635 2936 1927 2992 momenti
1966 2949 2068 2989 ne-

2193 522 2296 567 Τοῦ
2324 517 2448 591 ὑπὲρ
2483 519 2627 590 ἡμῶν
2657 515 3002 578 ἀποθανόντος
3039 521 3129 568 καὶ
3162 516 3472 592 ἐγερθέντος·
3507 527 3598 571 τοῦ
3642 537 3852 591 μονογε-

2193 614 2311 668 νοῦς
2341 612 2463 659 Υίοῦ
2491 615 2581 659 τοῦ
2609 615 2742 659 Θεοῦ
2765 615 2854 659 τοῦ
2887 608 3096 674 ζῶντος,
3128 609 3234 679 qui
3253 624 3368 676 pro
3391 609 3557 665 nobis
3581 616 3854 665 mortuus

2193 702 2279 752 est
2325 700 2379 753 et
2418 699 2751 753 resurrexit
2787 716 2798 752 :
2857 699 2963 766 qui
3002 699 3347 768 unigenitus
3377 699 3569 754 Filius
3617 704 3700 755 est
3745 699 3860 754 Dei

2195 788 2445 842 viventis
2467 803 2488 842 .'
2518 792 2619 840 Καὶ
2658 795 2748 838 τοῦ
2793 795 3025 860 Χριστοῦ
3077 787 3258 856 αὑτοῦ,
3292 793 3346 844 et
3381 788 3612 844 Christi
3661 789 3852 858 ipsius

2195 876 2275 948 (p.
2319 879 2467 947 651).
2501 875 2694 933 Nolim
2739 883 2943 932 autem
2983 877 3174 949 accipi
3221 877 3280 932 in
3325 877 3550 934 malam
3594 884 3852 950 partem,

2191 981 2330 1039 qum
2355 970 2486 1036 jam
2517 965 2663 1033 dixi,
2697 972 2801 1022 aut
2827 983 2965 1039 quae
2998 984 3138 1022 mox
3177 967 3446 1023 dicturus
3471 985 3628 1023 sum.
3658 968 3853 1024 Voces

2189 1035 2396 1115 ’ima;
2427 1061 2657 1130 Χριστός
2683 1057 2913 1128 passim
2961 1073 3205 1130 quoque
3244 1062 3619 1129 repetuntur,
3662 1056 3850 1113 modo

2195 1144 2396 1200 ambae
2441 1145 2837 1216 conjunctim,
2874 1147 3058 1202 modo
3096 1163 3304 1202 earum
3345 1147 3549 1204 altera.
3591 1149 3853 1206 Noverat

2197 1234 2470 1300 Basilius,
2495 1250 2693 1307 neque
2724 1251 2836 1290 nos
2872 1235 3252 1306 ignoramus,
3276 1237 3349 1292 iis
3387 1253 3544 1310 quas
3573 1238 3853 1294 recensui

2192 1322 2466 1394 vocibus,
2500 1323 2648 1379 nihil
2680 1324 2896 1380 melius
2929 1341 3084 1392 esse,
3117 1332 3222 1383 aut
3267 1328 3574 1384 sanctius:
3624 1329 3726 1384 sed
3760 1333 3850 1385 ta-

2193 1428 2330 1467 men
2371 1413 2449 1468 ab
2489 1429 2699 1470 earum
2733 1420 2856 1470 tam
2891 1414 3191 1487 frequenti
3222 1417 3574 1488 repetitione
3605 1434 3667 1473 se
3697 1422 3849 1474 tem-

2192 1502 2466 1574 perabat,
2489 1503 2677 1575 quod,
2702 1503 2941 1576 opinor,
2971 1505 3279 1576 ejusmodi
3303 1523 3520 1562 vocum
3563 1508 3854 1564 continua

2191 1591 2464 1664 repetitio
2513 1592 2765 1648 nihilad
2797 1593 3144 1649 docendum
3193 1595 3527 1652 conferret:
3573 1595 3854 1669 id.quod

2123 1709 2160 1762 Β
2190 1683 2360 1736 Pater
2380 1682 2712 1753 piissimus,
2742 1699 2881 1738 cum
2913 1683 3220 1747 scriberet,
3245 1685 3356 1740 sibi
3381 1685 3441 1740 in
3473 1686 3684 1758 primis
3708 1702 3849 1758 pro-

2189 1771 2476 1841 ponebat.
2501 1776 2589 1827 Ad
2615 1773 2892 1828 eamdem
2934 1774 3270 1846 ταυτολογίαν
3301 1775 3557 1848 pertinet
3601 1791 3672 1832 ea
3710 1780 3850 1833 scri-

2186 1859 2372 1916 bendi
2400 1861 2574 1928 ratio,
2598 1878 2721 1934 qua
2749 1879 2861 1918 vox
2895 1863 3174 1935 ἀναγκαῖον
3197 1866 3430 1937 passim
3461 1866 3520 1921 in
3554 1866 3647 1922 his
3675 1865 3847 1922 libris

2186 1954 2449 2024 ponitur.
2474 1953 2558 2009 Ita
2575 1954 2757 2024 igitur
2775 1955 2836 2009 in
2855 1955 3218 2011 brevissimo
3235 1958 3430 2028 spatio
3453 1957 3741 2029 scriptum
3758 1957 3848 2013 in-

2184 2043 2462 2098 venimus
2492 2046 2576 2116 (p.
2611 2045 2734 2115 633)
2760 2065 2771 2100 :
2808 2051 2906 2098 Καὶ
2928 2048 3099 2120 ὥσπερ
3126 2043 3198 2099 δι’
3221 2046 3475 2121 ἐσόπτρου
3498 2053 3586 2099 καὶ
3609 2046 3655 2099 ἐν
3679 2049 3844 2120 αἰνίγ-

2183 2153 2310 2206 ματι
2337 2130 2683 2207 ὁδηγούμενοι
2705 2144 2860 2187 ειπείν
2894 2134 3190 2207 ἀναγκαῖον,
3211 2138 3289 2192 Et
3322 2139 3484 2194 velut
3503 2153 3617 2208 per
3637 2154 3846 2208 specu-

2186 2224 2308 2278 lum
2331 2231 2384 2279 et
2407 2225 2469 2278 in
2493 2226 2811 2294 aenigmate
2832 2226 3043 2282 ductos
3067 2242 3301 2282 necesse
3324 2233 3408 2282 est
3433 2229 3616 2298 loqui.
3644 2231 3709 2284 Et
3730 2233 3847 2284 sta-

2182 2312 2286 2367 tim
2313 2331 2325 2368 :
2359 2311 2660 2386 Ἀναγκαῖον
2686 2311 2744 2366 δὲ
2765 2314 3059 2388 λογίζομαι,
3081 2322 3213 2387 etc.,
3245 2333 3476 2374 necesse
3502 2321 3699 2375 autem
3721 2333 3845 2376 esse

2179 2399 2352 2463 duco,
2385 2406 2497 2457 etc.
2523 2405 2640 2457 Nec
2671 2403 2752 2458 ita
2783 2404 2973 2459 multo
3006 2409 3142 2476 post
3175 2422 3187 2459 :
3222 2404 3524 2477 Ἀναγκαῖον
3569 2412 3658 2460 καὶ
3701 2405 3843 2480 ἡμᾶς

2181 2488 2539 2564 ἐξητασμένως
2564 2498 2654 2544 καὶ
2676 2492 3121 2568 ἐπιτετηρημένως
3143 2500 3423 2568 προσέχειν
3451 2497 3654 2568 ἑκάστῳ
3673 2499 3838 2572 ῥητῷ,

2180 2595 2414 2636 necesse
2445 2588 2528 2638 est
2555 2589 2609 2638 et
2651 2599 2758 2639 nos
2779 2579 3066 2640 accurate
3104 2585 3548 2657 diligenterque
3585 2589 3842 2657 singulis

2179 2668 2355 2724 dictis
2385 2671 2716 2741 attendere,
2749 2677 2805 2726 et
2834 2672 2910 2726 ad
2943 2673 3226 2728 eumdem
3260 2673 3514 2730 modum
3554 2674 3839 2748 pleraque

2179 2755 2317 2811 alia.
2351 2759 2648 2830 Frequens
2679 2764 2764 2813 est
2791 2759 3040 2831 quidem
3067 2760 3129 2815 in
3170 2760 3282 2816 illo'
3320 2778 3502 2834 opere
3533 2778 3602 2818 ea
3650 2778 3839 2835 quam

2177 2847 2364 2901 modo
2386 2847 2512 2902 dixi
2539 2848 2845 2904 scribendi
2866 2850 3018 2905 ratio
3043 2867 3055 2904 :
3083 2850 3189 2906 sed
3223 2851 3283 2906 in
3315 2851 3528 2908 eodem
3560 2852 3841 2926 frequen-

2179 2936 2293 2991 tior
2325 2941 2412 2992 est
2441 2937 2643 2995 adhuc
2671 2938 2821 2994 illud
2843 2939 3132 3012 loquendi
3165 2957 3355 3011 genus
3378 2943 3543 3015 (pag.
3568 2945 3713 3013 656),
3745 2949 3835 2997 καὶ

407 3049 525 3108 que
551 3032 791 3088 roboris
833 3030 987 3085 inest
1015 3046 1026 3084 :
1057 3027 1227 3100 quod
1273 3042 1440 3082 nunc
1463 3025 1779 3082 ostendere
1818 3023 2069 3080 conabi-
2105 3069 2146 3126 α
2175 3025 2338 3078 πολλὰ
2366 3036 2602 3095 τοιαῦτα,
2636 3035 2691 3084 et
2722 3030 2877 3086 talia
2907 3032 3124 3098 multa,
3159 3037 3283 3099 aut,
3315 3031 3484 3104 quod
3526 3031 3688 3088 idem
3719 3039 3832 3102 est,

407 3140 566 3180 mur.
590 3122 709 3178 Etsi
740 3119 903 3176 enim
925 3117 1288 3188 Asceticum,
1311 3116 1485 3187 cujus
1511 3115 1819 3185 legitimus
1843 3129 2066 3186 parens

409 3212 662 3269 Basilius
691 3215 802 3273 est.
836 3210 897 3265 in
929 3207 1135 3279 aliqua
1157 3205 1296 3278 styli
1327 3205 1714 3262 similitudine
1745 3221 1884 3260 cum
1911 3204 2065 3260 duo-

406 3304 526 3360 bus
566 3304 652 3358 De
685 3301 977 3370 baptismo
1008 3297 1177 3352 libris
1218 3295 1558 3351 consentire
1608 3293 1934 3350 viderimus
1960 3294 2061 3364 (b),

407 3399 614 3450 tamen
655 3388 920 3446 dubitari
966 3386 1135 3443 nullo
1181 3385 1368 3442 modo
1441 3399 1623 3456 posse
1676 3383 2063 3451 arbitramur,

408 3485 557 3557 quin
584 3481 644 3538 hi
670 3479 810 3536 libri
837 3477 990 3534 falso
1014 3477 1308 3532 hactenus
1341 3474 1726 3532 sanctissimo
1775 3473 1934 3529 Patri
1972 3489 2065 3528 as-

408 3573 582 3646 cripti
606 3571 749 3627 sint.
787 3572 854 3624 Et
878 3582 1021 3624 vero
1068 3571 1172 3622 aut
1200 3580 1522 3636 nunquam
1551 3563 1736 3631 licuit,
1773 3562 1940 3636 quod
1973 3567 2062 3618 ta-

406 3679 549 3722 men
567 3662 704 3718 licet
740 3657 1087 3731 saepissime,
1119 3671 1274 3728 opus
1295 3654 1545 3727 aliquod
1577 3653 1655 3709 ob
1699 3653 1836 3725 styli
1873 3652 2062 3708 diver-

407 3755 644 3810 sitatem
686 3750 748 3805 in
792 3746 1012 3820 spuriis
1055 3750 1237 3818 atque
1286 3743 1641 3801 adulterinis
1694 3758 2056 3799 numerare:

407 3849 510 3903 aut
539 3843 579 3898 ii
606 3842 681 3897 de
707 3839 932 3912 quibus
962 3836 1204 3907 agimus
1249 3835 1386 3891 libri
1432 3850 1543 3907 pro
1588 3832 1924 3906 peregrinis
1952 3832 2061 3888 ha-

405 3934 536 3992 beri
599 3931 811 3988 merito
865 3929 1145 4000 possunt.
1199 3925 1464 3990 Mentior,
1494 3924 1615 3980 nisi
1667 3939 1825 3995 opus
1865 3927 2060 3978 totum

407 4029 530 4082 toto
551 4019 793 4078 dicendi
823 4031 1043 4087 genere
1070 4029 1106 4070 a
1139 4013 1436 4069 Basiliano
1461 4011 1678 4069 differt.
1710 4011 1943 4068 Etenim
1985 4011 2062 4065 si-

406 4113 548 4171 cubi
586 4127 703 4167 vox
731 4107 938 4179 aliqua
974 4104 1288 4178 reperitur,
1319 4119 1456 4176 quae
1497 4101 1905 4159 similitudinis
1951 4101 2060 4157 ali-

405 4203 556 4278 quid
571 4217 711 4258 cum
741 4197 896 4270 stylo
939 4195 1236 4252 Basiliano
1280 4194 1507 4252 habere
1528 4193 2060 4258 videatur,eodem

402 4294 538 4351 loco
559 4291 862 4362 adjunctus
887 4291 1028 4343 sunt
1043 4301 1224 4343 voces
1247 4284 1399 4358 aliae,
1419 4283 1643 4358 quibus
1662 4283 2060 4357 peregrinitas

399 4387 606 4457 aperte
628 4379 987 4437 declaretur.

475 4477 564 4528 55.
621 4474 824 4542 Neque
861 4483 1006 4524 vero
1049 4481 1188 4523 rara
1235 4470 1373 4522 sunt
1425 4466 1627 4527 νοθείας
1670 4469 2055 4535 argumenta,

403 4563 513 4620 sed
563 4560 794 4636 passim
853 4557 1061 4614 obvia.
1123 4560 1274 4614 Nam
1313 4556 1376 4612 in
1405 4554 1498 4610 his
1558 4555 1727 4611 libris
1779 4555 2057 4624 generale

400 4652 721 4727 quoddam
777 4649 993 4706 vitium
1058 4646 1255 4704 notari
1323 4649 1544 4719 potest,
1609 4645 1782 4717 cujus
1830 4648 2059 4720 pagina

399 4741 568 4798 nulla
609 4754 825 4812 expers
873 4741 982 4794 est.
1028 4735 1096 4792 Id
1146 4740 1370 4798 autem,
1410 4733 1585 4806 quod
1631 4733 1790 4799 dico,
1821 4735 2054 4808 vitium,

398 4830 687 4888 continua
730 4826 1018 4902 quaedam
1049 4829 1140 4882 est
1166 4824 1523 4881 earumdem
1561 4829 1665 4881 aut
1688 4840 1913 4881 vocum
1951 4830 2056 4883 aut

397 4921 736 4977 dictionum
760 4915 1058 4990 repetitio,
1089 4931 1225 4987 quae
1255 4914 1506 4970 minime
1541 4916 1819 4971 omnium
1865 4914 1928 4971 in
1958 4932 2056 4972 co-

395 5010 817 5083 piosissimum
845 5007 1160 5063 hominem
1188 5004 1472 5061 Basilium
1502 5005 1805 5064 convenit.
1824 5008 1889 5062 Et
1909 5023 2053 5065 vero

396 5098 590 5155 sicubi
620 5097 844 5154 mentio
881 5097 948 5153 ﬁt
995 5100 1099 5152 aut
1141 5093 1400 5176 apostoli
1444 5094 1631 5158 Pauli,
1661 5100 1763 5152 aut
1803 5098 2052 5154 Joannis

394 5187 694 5260 Baptistae,
717 5193 822 5243 aut
849 5185 1040 5258 ipsius
1072 5185 1328 5248 Domini,
1349 5189 1453 5240 aut
1475 5185 1597 5254 Dei,
1620 5184 1702 5241 ibi
1723 5187 2051 5258 saepissime

391 5277 674 5336 additum
729 5276 965 5332 invenis
1009 5284 1100 5328 τοῦ
1144 5274 1192 5327 ἐν
1240 5283 1456 5350 Χριστῷ
1498 5274 1792 5339 λαλοῦντος.
1845 5279 1953 5348 qui
1985 5279 2049 5336 in

393 5368 636 5426 Christo
669 5366 1068 5440 loquebatur:
1098 5367 1175 5419 Οὗ
1199 5367 1390 5438 μείζων
1422 5364 1470 5418 ἐν
1499 5374 1764 5438 γεννητοῖς
1791 5377 2049 5441 γυναικῶν

457 5585 543 5732 (αἶ
584 5585 736 5659 Lege
765 5601 826 5644 n.
855 5585 948 5645 25.

457 5659 512 5732 (b
574 5661 715 5732 Leg.
741 5676 807 5719 n.
836 5664 905 5720 39
936 5677 948 5717 ι

454 5659 536 5732 (b)
574 5661 715 5733 Leg.
741 5676 807 5719 n.
836 5664 905 5720 39
936 5663 996 5720 et
1022 5669 1150 5736 seq.

2175 3121 2266 3168 καὶ
2286 3116 2447 3168 πολλὰ
2463 3118 2590 3170 ἄλλα
2621 3121 2828 3192 ὁμοίως,
2854 3127 2908 3176 et
2950 3122 3141 3178 multa
3169 3123 3520 3192 hujusmodi
3547 3124 3694 3194 alia,
3726 3128 3833 3181 aut

2176 3206 2398 3263 similia
2424 3209 2732 3281 quaedam.
2768 3210 3033 3283 Scriptor
3056 3211 3241 3281 igitur
3265 3229 3401 3268 cum
3431 3212 3656 3269 alicubi
3677 3219 3832 3270 retu-

2172 3295 2339 3352 lisset
2366 3297 2554 3354 verba
2579 3298 2785 3371 aliqua
2815 3317 2844 3355 e
2867 3315 3038 3357 sacra
3065 3301 3392 3374 Scriptura,
3415 3303 3499 3358 sic
3520 3303 3828 3376 persequi-

2174 3389 2270 3441 tur
2298 3391 2386 3438 καὶ
2417 3387 2580 3440 πολλὰ
2608 3397 2844 3456 τοιαῦτα,
2878 3396 2933 3446 et
2959 3392 3254 3459 ejusmodi
3280 3393 3497 3449 multa.
3524 3395 3588 3448 Et
3617 3391 3828 3465 paucis

2170 3474 2623 3547 interjectis,ita
2649 3479 2889 3535 locutus
2921 3485 3032 3548 est,
3059 3486 3148 3533 καὶ
3191 3481 3354 3534 πολλὰ
3400 3490 3618 3534 τοιαῦτα
3659 3484 3828 3557 εὕροις

2171 3563 2231 3616 ἂν
2253 3569 2397 3640 παρὰ
2425 3587 2479 3619 τε
2508 3576 2616 3628 τοῖς
2647 3569 3058 3641 εὖαγγελισταῖς,
3085 3575 3222 3639 etc.,
3254 3577 3307 3627 et
3337 3573 3532 3628 multa
3557 3573 3623 3628 id
3638 3587 3828 3643 genus

2169 3658 2440 3715 invenias
2469 3665 2524 3715 et
2545 3659 2714 3729 apud
2730 3662 3158 3731 evangelistas,
3183 3666 3318 3728 etc.,
3348 3661 3452 3717 ubi
3482 3663 3544 3718 in
3570 3663 3828 3720 transitu

2168 3748 2368 3804 notari
2386 3753 2602 3820 potest,
2627 3749 2800 3820 paria
2822 3754 3086 3822 quatuor
3103 3750 3380 3824 exempla
3400 3751 3462 3808 in
3481 3751 3672 3809 tribus
3689 3767 3828 3826 quae

2167 3837 2442 3909 proxime
2467 3844 2805 3910 sequuntur
2819 3839 3059 3912 paginis
3082 3840 3352 3913 reperiri.
3382 3843 3531 3898 Usus
3551 3842 3831 3900 immodi-

2171 3944 2278 3984 cus
2301 3927 2476 3983 verbi
2501 3924 2770 3981 παιδεύειν
2801 3929 2881 3984 ad
2907 3927 3068 3986 idem
3101 3930 3307 3986 vitium
3336 3930 3544 3988 referri
3582 3935 3783 4004 potest
3810 3949 3824 3988 :

2169 4017 2339 4091 quod
2366 4017 2528 4074 idem
2554 4017 2629 4074 de
2657 4017 2844 4074 verbo
2889 4018 3170 4091 φυλάσσειν
3209 4019 3440 4077 dictum
3479 4020 3639 4078 volo.
3675 4023 3827 4078 Usus

2169 4121 2418 4180 quoque
2463 4108 2969 4181 praepositionum
3007 4109 3091 4165 ita
3137 4109 3423 4182 frequens
3471 4116 3562 4168 est
3615 4111 3712 4183 (c),
3759 4116 3827 4169 ut

2167 4204 2336 4262 nullo
2364 4206 2553 4263 modo
2579 4207 2897 4263 convenire
2929 4207 3122 4280 possit
3160 4207 3224 4263 in
3253 4208 3825 4281 praestantissimum

2170 4300 2472 4353 oratorem
2505 4295 2810 4369 Basilium,
2837 4298 3012 4369 cujus
3034 4297 3226 4354 oratio
3244 4313 3368 4355 non
3390 4299 3593 4354 minus
3618 4298 3826 4356 dictio-

2094 4381 2141 4435 D
2169 4403 2319 4443 num
2347 4402 2537 4459 quam
2561 4402 2765 4443 rerum
2786 4388 3072 4444 varietate
3097 4387 3384 4444 omnibus
3410 4393 3538 4446 erat
3564 4389 3825 4447 admira-

2168 4476 2338 4534 tioni.
2373 4475 2559 4532 Velim
2589 4480 2794 4533 autem
2820 4477 3166 4550 experiatur
3195 4492 3303 4550 per
3332 4493 3396 4534 se
3426 4478 3710 4551 quisque,
3741 4495 3822 4536 an

2165 4580 2313 4622 vera
2334 4565 2453 4621 sint
2470 4580 2608 4637 quae
2629 4564 2774 4621 dixi.
2792 4567 2976 4638 Spero
2998 4569 3082 4622 tot
3101 4580 3313 4622 earum
3333 4581 3488 4639 quas
3509 4567 3716 4625 notavi
3737 4583 3826 4624 re-

2164 4670 2302 4711 rum
2325 4653 2604 4727 exempla
2623 4653 2934 4710 inventum
2956 4654 3048 4722 iri,
3067 4659 3132 4710 ut
3151 4669 3334 4711 nemo
3351 4654 3587 4712 futurus
3608 4655 3703 4724 sit,
3716 4656 3824 4730 qui

2163 4761 2288 4802 non
2307 4744 2562 4801 libenter
2579 4744 2839 4802 fateatur
2854 4744 3152 4816 ejusmodi
3172 4760 3351 4816 opus,
3364 4745 3427 4802 in
3447 4762 3572 4820 quo
3593 4747 3822 4804 eaedem

2161 4851 2342 4892 voces
2369 4835 2664 4908 perpetuo
2709 4838 3084 4907 repetuntur,
3115 4834 3556 4908 peritissimum
3579 4836 3824 4894 dicendi

2161 4925 2526 4997 magistrum
2544 4923 2828 4980 Basilium
2845 4924 3014 4981 nullo
3031 4924 3219 4982 modo
3233 4925 3476 4983 docere.
3491 4927 3718 4984 Eodem
3732 4943 3822 4985 re-

2161 5017 2248 5073 dit
2265 5016 2368 5072 illa
2389 5014 2792 5087 genitivorum
2813 5014 2992 5087 quasi
3017 5013 3191 5083 silva,
3219 5015 3305 5071 sic
3325 5021 3392 5072 ut
3411 5016 3472 5072 in
3498 5015 3614 5072 hoc
3635 5032 3821 5090 opere

2160 5103 2308 5160 nihil
2330 5103 2496 5162 aliud
2512 5103 2629 5159 nisi
2644 5103 2776 5175 ejus
2790 5118 2977 5175 quem
2997 5102 3122 5159 dixi
3139 5119 3317 5161 casus
3333 5104 3640 5162 incondita
3654 5121 3819 5178 quae-

2161 5194 2306 5251 dam
2338 5193 2651 5264 congeries
2682 5196 2984 5249 cernatur.
3019 5195 3088 5249 Et
3113 5209 3255 5250 vero
3283 5194 3604 5267 participia
3631 5197 3692 5252 in
3723 5195 3819 5251 his

2159 5287 2248 5341 De
2272 5286 2566 5355 baptismo
2593 5282 2764 5339 libris
2792 5283 2874 5340 ita
2905 5283 2985 5340 ad
3009 5283 3310 5357 reliquam
3343 5285 3684 5343 orationem
3727 5302 3821 5343 ac-

2159 5374 2650 5444 commodantur,
2667 5378 2735 5432 ut
2753 5373 2874 5432 fere
2895 5373 3171 5447 quolibet
3189 5390 3374 5432 versu
3399 5374 3701 5447 genitivus
3721 5391 3819 5434 oc-

2227 5667 2304 5746 (c)
2353 5659 2506 5744 Lege
2531 5684 2594 5744 p.
2625 5658 2727 5728 653
2760 5667 2817 5731 et
2844 5654 2972 5729 657.
