4092 6378
230 319 332 374 145

1757 300 2144 360 ΡΒᾸΞΡΑΤΙΟ.

3555 308 3656 363 146

226 440 448 498 currat.
482 440 569 496 Ita
590 437 789 510 legere
814 439 904 494 est
930 437 994 493 in
1011 431 1787 510 primapagina(pag.624):
1804 427 1887 483 Εἰ-
1918 432 1966 485 Α
1993 430 2066 486 ob
2093 444 2253 501 spem
2290 436 2434 491 vitm
2457 434 2701 490 aeterna?
2729 434 2786 488 et
2815 429 2988 502 regni
3020 431 3294 499 celestis,
3346 436 3402 489 et
3411 430 3655 502 judicio

225 542 414 601 πόντος
443 533 538 590 διὰ
566 533 735 589 Δαϐὶδ
764 543 856 589 τοῦ
885 537 1176 610 προφήτου,
1227 532 1482 589 dicentis
1528 544 1641 602 per
1686 525 1890 585 David

2012 519 2170 578 iustae
2196 523 2504 590 mercedis,
2530 528 2653 579 tam
2669 536 2899 588 eorum,
2914 521 3021 592 qui
3036 526 3295 591 patrant
3317 521 3652 592 prohibita,

220 635 624 707 prophetam;
658 633 767 688 ἐπεὶ
793 629 881 687 οὖν
922 633 1315 707 προστάξαντος
1368 637 1461 683 τοῦ
1503 632 1720 703 Κυρίου,
1748 628 1887 695 etc.,

224 750 361 791 cum
388 734 601 806 igitur,
632 733 888 789 Domino
909 733 1321 802 praecipiente,
1354 733 1492 798 etc.,
1539 729 1630 780 καὶ
1660 729 1776 779 τότε
1806 723 1891 778 ἒπ-

228 836 539 905 αγαγόντος,
586 831 803 888 deinde
841 831 1245 902 subjungente
1293 845 1306 883 :
1368 826 1702 900 λογισάμενοι
1766 822 1890 897 παρ’

229 929 437 990 ἐντολὴν
492 937 586 983 τοῦ
633 928 953 983 Ἀποστόλου
997 929 1182 995 ποιεῖν,
1230 926 1314 980 ἐὰν
1361 930 1432 1001 μὴ
1485 925 1637 988 εὐθὺς
1677 933 1894 999 ἀποκρι-

231 1031 454 1104 νὼμεθα,
514 1027 766 1095 εἰπόντος,
825 1032 964 1098 etc.,
1018 1028 1179 1083 ratio
1263 1030 1480 1083 contra
1530 1023 1892 1081 mandatum

231 1127 512 1199 Apostoli
523 1126 799 1198 facturos
814 1142 944 1194 nos,
961 1127 1017 1182 si
1031 1142 1154 1184 non
1174 1126 1381 1183 statim
1402 1122 1892 1193 respondeamus,

235 1242 370 1285 cum
431 1226 617 1294 dicat,
671 1228 783 1282 etc.
820 1242 833 1282 :
867 1225 1093 1278 ἐνταῦθα
1146 1244 1236 1299 μεν
1305 1220 1413 1292 οὖν,
1490 1223 1890 1287 Μαθητεύσατε,

237 1325 485 1393 εἰπόντος,
534 1324 851 1398 ἠκούσαμεν,
912 1323 1010 1380 hic
1057 1324 1253 1395 igitur
1305 1321 1643 1381 audivimus
1696 1319 1893 1376 dicen—

237 1428 373 1486 tem,
397 1443 427 1473 ‹‹
454 1422 687 1479 Docete.
712 1442 741 1472 η
768 1424 852 1479 Ex
876 1421 1103 1496 quibus
1131 1421 1337 1478 videre
1356 1420 1513 1489 licet,
1536 1418 1689 1476 alios
1735 1433 1893 1489 esse,

238 1520 548 1593 genitivos,
580 1520 688 1594 qui
715 1520 981 1579 absoluti
1022 1520 1224 1578 vocari
1272 1519 1487 1587 solent,
1533 1517 1684 1575 alios
1740 1532 1894 1574 esse.

237 1618 343 1693 qui
358 1618 439 1676 ab
468 1619 675 1693 aliqua
702 1619 994 1677 orationis
1020 1626 1189 1693 parte
1210 1618 1516 1693 pendent:
1544 1632 1670 1691 quo
1686 1615 1899 1688 geniti-

237 1725 455 1765 vorum
476 1724 597 1765 usu
624 1709 708 1766 ita
735 1708 1074 1766 oblectatus
1103 1712 1195 1765 est
1223 1708 1504 1781 scriptor,
1533 1711 1598 1764 ut
1622 1706 1900 1778 genitivis

1995 616 2103 666 aut
2132 618 2423 681 respuunt
2443 613 2802 683 approbata,
2842 611 2925 668 ad
2942 611 3307 681 supplicium
3337 616 3651 681 aternum,

1995 715 2177 772 quam
2187 703 2524 775 eorum,qui
2534 717 2646 772 pro
2658 701 2956 772 dignitate
2966 700 3295 771 Evangelii
3305 701 3415 757 Dei
3423 702 3488 756 in
3499 715 3656 758 sana

1999 790 2389 863 ﬁdaquwper
2401 792 2632 849 Christi
2651 790 3017 848 charitatem
3036 795 3331 859 operatur
3342 791 3651 858 vixerunt,

1998 880 2072 937 ob
2090 896 2251 951 spem
2280 883 2420 939 vitae
2439 887 2683 939 aeternae
2719 885 2776 938 et
2806 881 2984 951 regni
3001 880 3274 951 caelestis,
3298 879 3460 951 quod
3479 884 3566 937 est
3589 879 3654 936 in

2001 970 2246 1028 Christo
2269 973 2413 1029 Jesu
2438 972 2689 1029 Domino
2719 975 2946 1027 nostro.
2991 969 3189 1039 Caput
3218 970 3305 1037 II,
3354 969 3656 1037 Quomodo

2002 1061 2134 1134 quis
2157 1077 2224 1118 eo
2255 1061 2613 1132 baptismate
2643 1060 3015 1130 baptizatur,
3042 1060 3204 1132 quod
3233 1060 3298 1115 in
3326 1060 3656 1130 Evangelia

2000 1152 2245 1208 Domini
2278 1153 2472 1208 nostri
2495 1152 2637 1208 Jesu
2653 1150 2887 1207 Christi
2897 1148 3537 1206 commendatur.0um
3558 1149 3660 1205 Di-

2001 1242 2202 1297 minus
2230 1246 2433 1299 noster
2458 1242 2631 1298 Jesus
2663 1239 2944 1296 Christus
2971 1240 3325 1308 praeceperit
3352 1238 3542 1308 nobis,
3592 1242 3661 1294 ut

2001 1330 2330 1402 diligamus
2350 1346 2458 1387 nos
2477 1329 2864 1395 mutuo,sicut
2881 1329 3010 1397 ipse
3037 1328 3255 1385 dilexit
3277 1343 3406 1397 nos,
3431 1327 3661 1400 hocque

2002 1430 2111 1477 nos
2128 1435 2240 1489 rer
2253 1421 2594 1490 apostolum
2609 1418 2877 1474 Paulum
2894 1417 3126 1484 doceat,
3150 1421 3217 1472 ut
3238 1432 3346 1473 nos
3366 1420 3575 1473 mutuo
3595 1415 3661 1472 in

2003 1511 2326 1568 dilectione
2345 1510 2904 1575 toleremus,vestra9
2918 1506 2983 1562 in
3003 1504 3237 1563 Christo
3247 1507 3495 1576 pictatis
3510 1520 3664 1574 prte-

2006 1609 2345 1679 ceptum,de
2357 1607 2759 1679 gloriosisimo
2778 1605 3105 1662 secundum
3126 1605 3529 1676 Evangelium
3550 1606 3665 1660 Do-

2006 1700 2159 1756 mini
2176 1699 2374 1755 nostri
2401 1698 2543 1754 Jesu
2575 1695 2811 1752 Christi
2849 1694 3202 1766 baptismate
3230 1695 3433 1750 animo
3465 1694 3667 1751 alacri

238 1797 668 1855 transitionum
696 1798 835 1855 loco
861 1813 1018 1871 saepe
1042 1803 1264 1854 utatur.
1300 1796 1417 1855 Sed
1429 1796 1581 1853 nihil
1605 1795 1755 1852 mihi
1774 1811 1902 1852 ma-
1928 1792 1974 1848 Β
2008 1787 2266 1857 suscepi,
2307 1790 2420 1843 etc.
2457 1785 2687 1855 Dicant,
2709 1798 2942 1856 quaeso,
2963 1781 3469 1855 quiinversandis
3484 1782 3668 1838 Basili

240 1887 331 1958 gis
362 1903 593 1944 novum
623 1893 730 1945 aut
752 1888 1065 1945 insolitum
1079 1887 1282 1944 visum
1314 1891 1427 1956 est,
1456 1902 1647 1960 quam
1676 1902 1900 1942 vocum

238 1977 460 2033 harum
502 1980 693 2052 Κύριος
744 1980 891 2050 ἡμῶν
949 1977 1159 2039 Ἰησοῦς
1210 1981 1444 2051 Χριστός
1489 1976 1654 2047 jugis
1691 1991 1904 2048 perpe-

239 2071 467 2140 tuaque
508 2067 909 2139 repetitio(a).
942 2066 1261 2123 Afﬁrmare
1292 2081 1558 2139 possum
1588 2081 1712 2135 eas,
1745 2081 1900 2138 quas

241 2155 551 2223 adnotavi,
596 2172 775 2213 voces
807 2163 913 2214 aut
940 2156 1058 2225 bis,
1082 2161 1316 2226 autter,
1346 2160 1451 2211 aut
1497 2160 1733 2228 quater,
1797 2157 1903 2210 aut

240 2245 420 2302 etiam
451 2245 779 2318 quinquies
800 2246 862 2302 in
894 2261 1017 2302 una
1036 2245 1375 2318 eademque
1391 2245 1614 2317 pagina
1626 2259 1751 2300 non
1762 2259 1901 2300 raro

240 2334 526 2390 inveniri:
557 2350 696 2407 quae
728 2336 1086 2392 earumdem
1108 2350 1331 2390 vocum
1349 2335 1637 2406 frequens
1666 2334 1901 2391 iteratio

242 2422 401 2490 facit,
427 2428 490 2479 ut
513 2423 618 2480 tibi
645 2424 844 2495 legere
868 2423 1154 2494 videaris,
1173 2439 1297 2481 non
1317 2423 1541 2479 librum
1564 2422 1896 2494 vulgarem,

249 2513 354 2569 sed
380 2513 681 2586 quasdam
702 2515 882 2586 quasi
903 2513 1176 2577 litanias,
1198 2513 1262 2569 in
1291 2513 1517 2586 quibus
1550 2513 1715 2569 idem
1766 2528 1901 2568 εθι-

252 2602 463 2658 centies
486 2603 795 2676 repetitur.
819 2608 943 2672 aut,
974 2604 1024 2659 si
1053 2603 1115 2659 in
1145 2603 1329 2660 rebus
1382 2603 1552 2659 seriis
1597 2603 1680 2658 ita
1731 2601 1902 2674 loqui

242 2692 395 2764 licet,
420 2694 631 2750 audire
661 2695 1000 2766 parochum
1021 2694 1399 2767 quempiam,
1415 2694 1518 2767 qui
1537 2693 1816 2750 morienti
1834 2694 1898 2749 in

241 2798 452 2840 aurem
496 2783 784 2840 continuo
814 2785 1073 2851 occinat,
1121 2786 1416 2841 Dominus
1455 2778 1676 2841 'noster
1723 2785 1898 2841 Jesus

240 2873 539 2931 Christus.
586 2874 719 2931 Scio
748 2874 999 2948 quidem
1028 2875 1441 2948 conﬁteorque
1472 2890 1544 2930 ea
1570 2890 1708 2948 quas
1737 2873 1895 2930 indi-

238 2964 374 3020 cavi
406 2964 659 3020 nomina
693 2965 970 3021 omnium
998 2982 1132 3022 esse
1188 2971 1245 3022 et
1274 2965 1507 3039 optima
1535 2969 1594 3021 et
1644 2965 1896 3022 sanctis-

238 3052 431 3109 sima:
457 3054 565 3110 sed
593 3069 718 3110 non
745 3060 1062 3128 propterea
1095 3055 1344 3112 vetitum
1378 3060 1467 3111 est
1489 3054 1711 3124 dicere,
1744 3056 1899 3127 ejus-

2008 1876 2427 1935 voluminibus
2443 1874 2619 1931 multi
2631 1877 2879 1942 sunt,an
2900 1871 3019 1928 tale
3040 1871 3383 1945 quidquam
3401 1872 3465 1928 in
3484 1871 3667 1928 illlius

2009 1983 2124 2038 gen
2134 1966 2289 2022 uinis
2304 1964 2506 2037 scripti
2515 1981 2544 2020 s
2563 1978 2840 2036 unquam
2851 1960 3105 2031 legerint
3116 1963 3203 2018 .Et
3218 1965 3424 2018 tamen
3436 1961 3530 2018 his
3542 1977 3668 2019 non

2010 2060 2326 2114 contentus
2370 2058 2603 2123 auctor,
2654 2052 2861 2109 statim
2907 2051 2971 2107 in
3009 2051 3125 2107 hac
3144 2051 3279 2124 ipsa
3304 2051 3534 2123 pagina
3583 2053 3669 2109 ita

2007 2149 2367 2220 persecutus
2418 2148 2508 2200 est
2559 2142 2726 2216 (pag.
2772 2143 2900 2207 629)
2944 2157 2957 2196 :
3019 2141 3172 2193 Οὕτω
3199 2144 3300 2215 γὰρ
3328 2140 3538 2204 αὐτὸςό
3570 2144 3671 2195 Κύ-

2009 2257 2122 2311 ριος
2174 2240 2262 2287 καὶ
2335 2237 2464 2295 Θεὸς
2516 2235 2663 2306 ἡμῶν
2745 2231 2951 2291 Ἰησοῦς
3001 2232 3235 2304 Χριστὸς
3293 2229 3319 2283 ό
3389 2235 3670 2303 μονογενὴς

2010 2330 2130 2388 Υίὸς
2168 2333 2260 2378 τοῦ
2297 2330 2429 2379 Θεοῦ
2468 2330 2563 2376 τοῦ
2600 2323 2794 2384 ζῶντος
2849 2319 3128 2373 ἐνετείλατο
3174 2326 3285 2382 τοῖς
3326 2318 3512 2373 ἑαυτοῦ
3561 2341 3669 2395 μα-

2014 2418 2216 2480 θηταῖς,
2266 2415 2365 2471 [ια
2402 2415 2560 2469 enim
2587 2411 2880 2467 Dominus
2904 2411 3031 2479 ipse
3059 2416 3116 2467 et
3144 2413 3298 2467 Deus
3326 2416 3532 2467 noster
3575 2412 3671 2468 Je-

2013 2522 2111 2563 sus
2134 2505 2432 2572 Christus,
2458 2502 2812 2573 Unigenitus
2832 2501 2947 2557 Dei
2963 2501 3215 2557 viventis
3262 2502 3478 2569 Filius,
3499 2501 3672 2559 disci-

2013 2595 2176 2666 pulis
2206 2594 2327 2649 suis
2352 2592 2666 2663 praecepit.
2704 2588 2820 2646 Sed
2838 2592 2905 2644 ut
2938 2604 3102 2645 nunc
3136 2588 3213 2645 de
3240 2588 3345 2645 illa
3386 2605 3681 2662 quarum-

2017 2684 2164 2741 dam
2208 2698 2422 2738 vocum
2470 2679 2824 2753 repetitione
2883 2678 3098 2735 sileam
3146 2678 3284 2751 quis
3339 2694 3466 2735 non
3511 2678 3679 2737 videt

2016 2773 2352 2830 orationem
2381 2769 2747 2827 dissolutam
2772 2784 2933 2839 esse,
2955 2784 3069 2825 nec
3099 2769 3364 2826 suaviter
3393 2768 3599 2842 ﬂuere,
3626 2768 3674 2822 ἐν

2016 2863 2217 2937 ἀγάπῃ,
2272 2862 2349 2915 ἐπ’
2404 2857 2599 2929 ἐλπίδι,
2657 2857 2730 2913 δι’
2789 2858 3019 2932 ἀγάπης,
3085 2857 3161 2912 ἐπ’
3218 2855 3414 2927 ἑλπίδι,
3451 2863 3510 2912 τὸ
3556 2880 3676 2935 περι

2014 2961 2128 3021 τοῦ,
2156 2955 2385 3020 κατὰτὸ,
2404 2950 2560 3007 etc.?
2585 2953 2878 3006 Praeterea
2904 2965 3046 3005 cum
3067 2949 3322 3020 scriptor
3331 2949 3463 3019 jam
3487 2949 3675 3022 paulo

2013 3048 2153 3100 ante
2199 3040 2560 3114 scripsisset,
2617 3037 2694 3092 ἐπ’
2747 3035 2921 3091 ἐλπίδι
2983 3042 3120 3101 ζωῆς
3167 3038 3376 3091 αἰωνίου
3406 3043 3497 3091 καὶ
3527 3038 3677 3091 ἐπου-

236 3142 412 3199 modi
438 3127 1580 3218 repetitionemtamfrequentemapud
1607 3144 1899 3201 Basilium
1936 3152 1977 3208 c
2014 3137 2191 3208 ρανίου
2243 3130 2536 3206 βασιλείας,
2587 3128 2760 3203 quid,
2821 3144 3057 3202 quaem,
3118 3127 3411 3218 attinebat
3457 3127 3674 3185 eadem

234 3230 595 3289 inusitatam
624 3249 781 3301 esse,
814 3249 888 3290 ex
929 3250 1123 3307 eaque
1175 3233 1389 3291 merito
1442 3233 1642 3306 colligi
1692 3250 1900 3308 posse,

232 3319 425 3378 hosce
450 3323 540 3379 De
568 3322 858 3392 baptismo
886 3322 1074 3379 libros
1096 3324 1173 3379 ad
1204 3324 1409 3396 ipsum
1436 3340 1561 3380 non
1583 3325 1900 3396 pertinere,

234 3410 301 3466 Et
331 3411 634 3483 quoniam
673 3411 927 3467 fortasse
981 3412 1100 3467 nisi
1131 3413 1483 3484 exemplum
1514 3413 1766 3485 aliquod
1821 3413 1901 3469 ob

230 3499 452 3556 oculos
478 3504 824 3571 poneretur,
858 3500 1072 3559 multis
1098 3516 1224 3556 non
1260 3500 1549 3556 credibile
1599 3501 1904 3558 videretur

234 3604 434 3662 quam
459 3588 520 3644 in
539 3588 709 3644 brevi
740 3590 938 3662 spatio
965 3604 1147 3645 voces
1167 3588 1285 3645 illas
1307 3594 1680 3662 repetantur,
1708 3606 1902 3646 unum

236 3683 346 3735 aut
374 3677 636 3734 alterum
654 3677 860 3735 locum
882 3678 1186 3748 integrum
1225 3678 1566 3734 exscribere
1596 3679 1901 3748 constitui,

238 3774 304 3824 ut
324 3783 403 3824 ex
432 3767 527 3826 his
574 3766 651 3824 de
693 3767 826 3824 aliis
868 3767 1168 3840 judicium
1225 3767 1364 3824 ferri
1415 3768 1628 3840 possit.
1683 3772 1906 3825 Auctor

235 3857 426 3929 igitur
471 3857 557 3914 ita
600 3856 823 3914 alicubi
867 3860 1033 3931 (pag.
1094 3861 1223 3927 629)
1269 3858 1559 3931 scripsit;
1610 3858 1691 3912 Ἐν
1721 3858 1899 3932 ἀγάπῃ

238 3953 480 4021 Χριστοῦ
539 3947 717 4006 Ἰησοῦ
774 3951 1118 4022 τοῦ’Κυρίου
1177 3949 1346 4021 ἡμῶν,
1404 3946 1479 4007 ἐη⁹
1540 3944 1716 4001 ἐλπίδι
1764 3948 1904 4010 ζωης

240 4036 454 4089 αἰωνίου
531 4040 624 4089 καὶ
677 4034 982 4110 ἐπουρανίου
1042 4035 1334 4110 βασιλείας,
1394 4042 1485 4089 καὶ
1541 4041 1608 4091 τὰ
1672 4041 1909 4112 κρίματα

240 4134 339 4188 τῆς
387 4122 600 4190 δικαίας
646 4122 1044 4189 ἀνταποδόσεως
1100 4135 1201 4179 τῶν
1257 4146 1312 4180 τε
1362 4129 1644 4180 ποιούντων
1693 4130 1759 4180 τὰ
1810 4125 1907 4180 ἀπ-

242 4219 593 4290 ηγορουμένα,
653 4216 682 4277 ᾖ
761 4215 1074 4269 ἀθετοῦντων
1144 4219 1211 4269 τὰ
1284 4215 1621 4291 ἕγκεκριμένα
1694 4216 1767 4278 εἰς
1821 4220 1910 4270 κό-

240 4304 399 4358 λασιν
450 4305 675 4374 αἰώνιον,
730 4311 821 4358 καὶ
872 4313 973 4358 τῶν
1022 4304 1180 4369 ἀξίως
1251 4312 1344 4359 τοῦ
1400 4305 1719 4378 Εὐαγγελίου
1773 4312 1907 4360 Θεοῦ

244 4394 651 4468 πολιτευομένων
708 4393 757 4448 ἐν
831 4395 1167 4468 ὑγιαινούσῃ,
1253 4398 1451 4463 πίστει,
1537 4391 1613 4448 δι’
1694 4394 1910 4468 ἀγάπης

245 4492 486 4559 Χριστοῦ
535 4482 866 4560 ἐνεργουμένη
927 4476 1003 4537 ἐπ’
1078 4479 1254 4537 ἐλπίδι
1325 4484 1466 4546 ζωῆς
1540 4484 1749 4538 αἰωνίου
1819 4504 1911 4537 και

247 4573 558 4649 ἐπουρανιου
591 4572 864 4647 βασιλείας
918 4582 1015 4636 τῆς
1072 4571 1120 4626 ἐν
1177 4581 1394 4647 Χριστῳ
1452 4572 1630 4632 Ἰησοῦ
1686 4594 1759 4647 τῳ
1810 4580 1912 4628 Κυ-
1948 4570 2270 4643 ῃγουμένη,
2342 4567 2515 4627 καθὼς
2588 4567 2904 4638 γέγραπταυ

246 4669 346 4739 ρίῳ
372 4666 540 4737 ἡμῶν.
570 4668 745 4734 Αόγοσ
767 4661 841 4737 β’.
893 4670 1012 4724 Πῶς
1038 4661 1356 4736 βαπτίζεταί
1397 4682 1479 4724 τις
1506 4660 1727 4716 κατὰτὸ
1759 4662 1808 4716 ἐν
1837 4683 1911 4736 τῳ

249 4752 552 4826 Εὗαγγελίῳ
616 4759 709 4806 τοῦ
763 4757 958 4826 Κυρίου
1016 4754 1162 4824 ἡμῶν
1221 4751 1400 4810 Ἰησοῦ
1480 4760 1716 4826 Χριστοῦ
1802 4751 1910 4826 βά-

248 4862 480 4917 πτισμα.
538 4849 642 4896 Τοῦ
698 4846 892 4916 Κυρίου
966 4844 1112 4915 ἡμῶν
1189 4840 1369 4900 Ἰησοῦ
1412 4849 1649 4916 Χριστοῦ
1706 4839 1911 4901 ἐντολὴν

254 4928 553 4995 δεδωκότος
605 4933 728 5005 ἡμῖν
785 4930 991 5004 ἀγαπᾷν
1045 4930 1299 4992 ἀλλήλους
1354 4932 1529 4994 καθὼς
1569 4930 1727 4993 αὐτὸς
1783 4931 1914 5003 ἠγά-

252 5042 420 5081 πησεν
476 5025 635 5095 ἡμᾶς,
690 5026 782 5074 καὶ
834 5016 930 5074 διὰ
986 5020 1190 5074 Παύλου
1247 5028 1338 5073 τοῦ
1395 5020 1687 5074 ἀποστόλου
1747 5016 1912 5073 διδά-

259 5130 473 5174 σκοντος
523 5115 685 5185 ἡμᾶς,
741 5109 1024 5183 ἀνέχεσθαι
1075 5108 1303 5169 ἀλλήλων
1357 5109 1406 5163 ἐν
1462 5109 1664 5184 ἀγάπη,
1709 5113 1768 5163 τὸ
1805 5109 1915 5162 ἐπί-

257 5221 436 5274 ταγμα
482 5210 578 5264 τῆς
621 5203 871 5274 ὑμετέρας
921 5198 970 5252 ἐν
1028 5208 1283 5274 Χρισστῷ
1340 5199 1625 5268 εὐλαϐείας,
1687 5203 1747 5253 τό
1793 5204 1914 5275 περὶ

259 5298 351 5344 τοῦ
429 5289 564 5344 κατά
646 5294 706 5342 τό
762 5287 1076 5362 Εῦαγγέλιον
1132 5296 1224 5342 τοῦ
1284 5296 1479 5364 Κυριου
1538 5292 1684 5363 ἡμῶν
1737 5289 1915 5348 Ἰησοῦ

261 5388 497 5455 Χριστοῦ
555 5375 895 5442 ἐνδοξοτάτου
952 5377 1343 5453 βαπτίσματος,
1403 5381 1684 5455 προθύμως
1732 5376 1917 5442 ἐδεξά-

262 5490 385 5543 μην,
416 5476 528 5527 etc.
558 5471 632 5527 In
660 5469 986 5526 dilectione
1010 5470 1156 5526 Jesu
1188 5468 1426 5526 Christi
1447 5469 1676 5526 domini
1700 5469 1917 5539 nostri,

337 5596 383 5631 ⁵⁸
422 5598 642 5654 lJoan.
673 5611 756 5664 ιιι,
793 5599 843 5651 1.

2012 3223 2197 3283 verba
2227 3221 2429 3279 statim
2459 3224 2730 3294 repetere
2753 3219 2783 3276 ?
2809 3218 2918 3275 sed
2945 3218 3023 3274 ad
3044 3217 3431 3290 propositum
3453 3232 3551 3273 me
3578 3232 3675 3274 re-

2011 3313 2159 3369 fero.
2187 3311 2345 3368 Alter
2373 3310 2556 3381 igitur
2583 3309 2778 3376 locus,
2806 3324 2992 3382 quem
3035 3307 3344 3363 excribere
3371 3306 3676 3378 integrum

2011 3402 2176 3469 libet,
2223 3401 2320 3457 hic
2374 3404 2464 3457 est
2504 3400 2674 3471 (pag.
2731 3399 2897 3468 646);
2946 3401 3074 3451 Τότε
3115 3400 3214 3470 γὰρ
3267 3399 3336 3459 ὡς
3383 3400 3501 3450 Υῖὸν
3540 3403 3675 3451 Θεοῦ

2013 3488 2378 3563 ἐνδυσάμενος,
2446 3488 2790 3551 καταξιοῦται
2871 3494 2964 3540 τοῦ
3014 3487 3204 3540 τελείου
3277 3485 3510 3560 βαθμοῦ,
3586 3492 3677 3541 καὶ

2014 3580 2335 3655 βαπτίζεται
2383 3579 2453 3641 εἰς
2500 3581 2559 3630 τὸ
2609 3581 2770 3650 ὄνομα
2823 3584 2918 3630 τοῦ
2972 3581 3179 3650 Πατρός
3228 3576 3388 3630 αὐτοῦ
3425 3584 3519 3631 τοῦ
3565 3585 3677 3632 Κυ-

2011 3688 2130 3746 ριου
2180 3670 2326 3741 ἡμῶν
2379 3669 2557 3727 Ἰησοῦ
2610 3674 2869 3741 Χριστοῦ,
2916 3668 3054 3719 κατὰ
3103 3670 3198 3725 τὴν
3267 3674 3361 3719 τοῦ
3438 3666 3676 3723 Ἰωάννου

2013 3763 2305 3834 μαρτυρίαν
2359 3754 2605 3818 διδόντος
2664 3754 2904 3820 ἐξουσίαν
2977 3754 3132 3808 τέκνα
3197 3763 3331 3810 Θεοῦ
3410 3759 3675 3829 γενέσθαι,

2017 3857 2151 3904 Θεοῦ
2228 3855 2320 3902 τοῦ
2402 3847 2661 3920 λέγοντος·
2749 3845 3007 3908 Ἐξέλθετε
3096 3844 3152 3898 ἐκ
3226 3849 3389 3919 μέσου
3484 3847 3675 3916 αὐτῶν,

2015 3944 2106 3993 καὶ
2205 3937 2545 4014 ἀφορίσθητε,
2628 3934 2929 4009 ἀκαθάρτου
3027 3940 3099 4009 μὴ
3208 3934 3449 3988 ἅπτεσθὸ
3530 3934 3679 4009 κάγὼ

2018 4024 2323 4102 εἰσδέξομαι
2422 4027 2579 4100 ὑμᾶς,
2660 4029 2752 4079 καὶ
2830 4026 3018 4098 ἔσομαι
3099 4026 3221 4099 ὑμῖν
3301 4025 3373 4089 εἰς
3450 4030 3681 4102 πατέρας

2017 4124 2109 4172 καὶ
2182 4120 2330 4191 ὑμεῖς
2413 4118 2597 4170 ἔσεσθέ
2676 4134 2767 4189 μοι
2839 4115 2912 4178 εἰς
2998 4114 3145 4178 υἱοὺς
3226 4118 3319 4168 καὶ
3368 4117 3678 4192 θυγατέρας,

1956 4216 1963 4219 “
2017 4208 2152 4281 λὲγει
2208 4209 2405 4283 Κύριος
2461 4207 2861 4281 παντοκράτωρ,
2931 4205 3124 4280 χάριτι
3193 4204 3356 4259 αὐτοῦ
3424 4212 3519 4259 τοῦ
3578 4212 3682 4260 Κυ-

2018 4305 2135 4376 ρίου
2189 4299 2335 4372 ἠμῶν
2386 4298 2564 4355 Ἰησοῦ
2620 4301 2857 4371 Χριστοῦ
2910 4302 3002 4349 τοῦ
3053 4303 3359 4369 μονογενοῦς
3404 4300 3530 4350 Υίοῦ
3587 4302 3681 4349 τοῦ

2021 4396 2155 4443 Θεοῦ
2208 4396 2302 4441 τοῦ
2351 4387 2567 4455 ζῶντος,
2623 4384 2674 4438 ἐν
2721 4381 2762 4456 ᾧ
2834 4386 2953 4437 οὔτε
3022 4390 3279 4460 περιτομή
3363 4404 3417 4438 τι
3475 4385 3682 4459 ἰσχύει,

2021 4482 2139 4533 οὔτε
2223 4474 2569 4553 ἀκροϐυστία,
2648 4472 2772 4533 am
2846 4478 3029 4537 πίστις
3078 4470 3149 4527 δι’
3252 4472 3463 4547 ἀγάπης
3537 4474 3681 4550 ἆνερ..

2995 4560 3071 4615 δι’
3138 4563 3202 4625 ἧς
3276 4561 3475 4627 εῦόδως
3557 4565 3682 4638 ἡμῖν

2021 4659 2371 4732 κατορθοῦται
2443 4658 2504 4707 τὸ
2585 4652 2855 4725 ἐπενεχθεν
2931 4655 3272 4726 συνημμένως
3340 4661 3414 4726 τῷ
3482 4673 3684 4729 παραγ-

2021 4747 2238 4821 γέλματι
2301 4752 2393 4799 τοῦ
2451 4743 2821 4818 βαπτισματος
2903 4743 3048 4816 παρά
3103 4749 3196 4794 τοῦ
3254 4741 3416 4795 αὐτοῦ
3486 4748 3683 4817 Κυρίου

2023 4838 2170 4910 ἡμῶν
2220 4842 2395 4895 Ἰησοῦ
2470 4840 2730 4908 Χριστοῦ,
2800 4831 3032 4894 εἰπόντος
3105 4836 3223 4888 etc.
3292 4833 3457 4889 Tunc
3526 4834 3686 4890 enim

2024 4927 2200 4999 quasi
2212 4926 2439 4982 Filium
2450 4924 2564 4980 Dei
2575 4923 2848 4993 indutus,
2860 4922 3156 4993 ﬁtdignus
3175 4921 3375 4993 gradu
3389 4922 3687 4992 perfecto,

2027 5016 2489 5087 baptizaturque
2507 5014 2572 5070 in
2587 5027 2804 5070 nomen
2816 5012 3024 5070 Patris
3038 5012 3224 5082 ipsius
3243 5012 3488 5069 Domini
3495 5010 3691 5069 nostri

2024 5109 2165 5165 Jesu
2179 5104 2741 5176 Christi,quijua:ta
2758 5103 3014 5160 Joannis
3027 5102 3435 5159 testimonium
3448 5116 3575 5160 eam
3588 5117 3691 5173 po-

2028 5203 2294 5256 testatem
2307 5195 2567 5260 dedit,ut
2582 5195 2693 5251 Dei
2702 5193 3195 5264 efﬁciamurﬁilii
3206 5194 3225 5228 ⁵
3238 5194 3251 5227 ι
3262 5192 3689 5264 ,Dei,inquam.

2028 5287 2134 5361 qui
2152 5286 2292 5342 dicit
2319 5301 2332 5340 :
2355 5305 2383 5337 «
2397 5285 2581 5341 Exite
2597 5283 2672 5339 de
2686 5282 2880 5338 medio
2902 5297 3107 5339 eorum
3114 5323 3132 5353 ,
3154 5287 3209 5340 et
3233 5282 3618 5353 separemini,
3633 5286 3693 5339 et

2028 5375 2406 5434 immundum
2437 5389 2512 5431 ne
2537 5372 2852 5443 tetigeritis
2883 5388 2897 5427 :
2929 5377 2984 5427 et
3022 5387 3129 5443 ego
3161 5372 3443 5442 recipiam
3489 5386 3614 5443 vos,
3635 5375 3692 5428 et

2031 5482 2127 5524 ero
2143 5465 2305 5524 vobis
2335 5465 2400 5521 in
2421 5466 2749 5535 patrem,et
2772 5476 2872 5519 vos
2926 5460 3098 5518 eritis
3117 5461 3272 5521 mihi
3292 5461 3358 5518 in
3376 5460 3535 5531 ﬁlios
3551 5465 3606 5518 et
3624 5461 3693 5533 ﬁ-

339 5668 424 5739 (a)
456 5666 595 5739 Legi
625 5661 891 5740 possunt
911 5680 972 5741 p.
1007 5668 1134 5731 626,
1166 5669 1446 5739 628,629,
1472 5667 1601 5725 633.
1634 5669 1760 5737 635,
1794 5668 1918 5740 636,
1942 5666 2068 5738 642,
2091 5665 2219 5733 644,
2249 5663 2376 5720 646.
2411 5661 2528 5719 etc.
