4092 6392
402 306 504 360 147

1914 300 2286 361 PREFATIO

3716 319 3822 377 148

400 429 536 495 tias,
593 426 744 485 dicit
768 426 1063 484 Dominus
1093 426 1469 519 omnipotens
1499 427 1620 519 δῇ»
1636 410 1753 519 per
1798 425 2065 519 gratiam
2098 428 2148 483 Δ
2174 427 2288 519 Dei
2311 431 2565 488 viventis
2589 433 2804 504 Filius,
2837 439 2951 492 etc.
2977 436 3111 493 Alio
3137 436 3272 494 loco
3301 439 3387 512 (p.
3438 441 3589 513 646).
3632 445 3829 519 Χάριιτ

395 517 588 586 ipsius
611 518 858 574 Domini
893 517 1092 574 nostri
1114 519 1257 574 Jesu
1303 517 1551 583 Christi,
1583 516 1883 587 unigeniti
1916 516 2069 588 Ρίιιί

395 607 510 664 Dei
532 608 812 677 viventis,
830 608 939 663 «in
959 622 1076 679 quo
1104 621 1296 679 neque
1323 607 1698 663 circumcisio
1712 607 1952 677 aliquid
1963 621 2065 663 va-

399 696 499 764 let,
523 711 711 767 neque
719 700 1108 767 prxputium,
1127 697 1229 754 sed
1234 697 1404 767 ﬁdes,
1418 712 1554 768 qute
1570 711 1683 766 per
1696 697 2060 753 charitatem

396 791 688 855 operatur
710 786 780 850 ⁵³,
812 790 905 841 uti
935 788 1195 855 sciptum
1224 792 1446 856 est,per
1483 800 1663 859 quam
1719 785 1887 841 nobis
1923 801 2063 856 pro-

395 889 567 943 spere
615 875 771 932 cedit
802 876 870 932 id
892 876 1055 947 quod
1079 876 1155 932 ab
1184 878 1313 946 ipso
1372 877 1628 932 Domino
1672 881 1880 932 nostro
1914 876 2061 932 Jesu

400 963 643 1021 Christo
670 966 1052 1022 continenter
1070 982 1207 1022 cum
1245 966 1625 1036 baptismatis
1633 971 1928 1038 prxcepto
1947 980 2058 1034 ap-

390 1054 655 1123 positum
682 1060 768 1111 est
788 1055 912 1125 ubi,
924 1056 1108 1124 dixit,
1134 1060 1245 1112 etc.
1272 1058 1354 1111 Ex
1373 1072 1497 1129 quo
1515 1056 1650 1112 loco
1669 1059 1965 1128 tanquam
1983 1070 2059 1111 ex

394 1143 724 1215 specimine
754 1145 1028 1217 quodam
1048 1145 1524 1219 intelligipotest,
1552 1161 1710 1219 opus
1737 1150 1927 1202 totum
1958 1160 2059 1202 va-

390 1233 497 1290 riis
563 1234 885 1307 Scriptura
931 1237 1288 1294 testimoniis
1359 1237 1654 1294 referciri:
1704 1254 1841 1311 quae
1867 1253 2059 1311 quam

392 1322 571 1390 belle,
596 1339 736 1381 cum
766 1325 1001 1400 reliqua
1047 1327 1319 1384 oratione
1358 1328 1685 1385 cohaerant.
1737 1327 1837 1384 alii
1892 1329 2058 1385 vide-

392 1413 532 1470 rint.
563 1414 679 1472 Sed
704 1416 872 1488 quod
894 1416 974 1472 ad
1002 1432 1131 1473 rem
1163 1417 1307 1475 facit
1339 1417 1653 1474 adnotabo
1676 1418 2053 1491 scriptorem,

392 1518 533 1559 cum
589 1519 795 1561 sacras
850 1504 1186 1578 Scripturas
1246 1507 1480 1578 citaret,
1529 1507 1592 1563 in
1628 1508 1793 1564 idem
1811 1509 2056 1562 ταυτολοο

389 1598 513 1664 γίας
562 1592 777 1650 vitium
834 1594 1143 1653 incidisse.
1203 1597 1432 1655 Eadem
1471 1598 1653 1665 enim,
1709 1598 1892 1656 etiam
1913 1615 2056 1656 cum

387 1681 541 1738 nihil
570 1698 726 1756 opus
757 1687 1035 1758 est,stepe
1058 1690 1434 1759 repetuntur.
1467 1691 1813 1760 Proponam
1848 1689 2054 1746 locum

2176 517 2337 571 αὐτοῦ
2415 528 2507 574 τοῦ
2589 530 2783 598 Κυρίου
2861 525 3037 585 Ἰησοῦ
3090 536 3326 603 Χριστοῦ
3382 531 3474 583 τοῦ
3524 542 3832 605 μονογενοῦς

2174 610 2298 661 Υἱοῦ
2329 618 2420 663 τοῦ
2448 620 2580 666 Θεοῦ
2606 622 2699 667 τοῦ
2754 616 2963 683 ζῶντος,
3010 621 3122 674 etc.
3151 620 3272 676 Per
3315 622 3582 691 gratiam
3639 625 3830 693 ipsius

2170 697 2425 756 Domini
2445 704 2645 759 nostri
2659 704 2797 760 Iesu
2822 705 3055 763 Christi
3071 709 3370 779 unigeniti
3413 711 3567 766 Filii
3585 712 3699 769 Dei
3738 714 3828 769 vi-

2171 790 2387 860 ventis,
2425 795 2549 847 etc.
2588 792 2928 866 Aliquando
2954 803 3203 870 posttp.
3256 800 3383 870 651)
3417 816 3431 855 :
3475 800 3730 857 Ληλονὸτι
3756 801 3831 864 εἰς

2171 874 2526 940 ἀνεξάλειπτον
2552 884 2761 956 μνήμην
2791 892 2883 937 τοῦ
2915 886 3039 960 ὑπὲρ
3094 887 3240 960 ἡμῶν
3273 886 3621 952 ἀποθανόντος
3648 889 3826 949 Ἰησοῦ

2168 973 2405 1040 Χριστοῦ
2435 978 2527 1022 τοῦ
2570 958 2764 1046 Κυρίδυ
2805 975 2971 1047 ἡμῶν,
3011 958 3140 1029 -καὶή
3183 975 3493 1051 ἐγερθέντος,
3553 983 3666 1035 etc.
3734 981 3827 1036 Vi-

2167 1056 2381 1115 delicet
2406 1060 2488 1115 ad
2504 1061 2879 1120 indelebilem
2909 1067 3259 1122 memoriam
3284 1069 3427 1124 Jesu
3447 1068 3681 1125 Christi
3715 1070 3830 1126 Do-

2165 1146 2320 1203 mini
2358 1152 2568 1223 nostri,
2612 1153 2718 1224 qui
2740 1168 2855 1223 pro
2900 1155 3070 1210 nobis
3095 1163 3368 1213 mortuus
3416 1164 3502 1214 est
3541 1164 3597 1215 et
3628 1174 3829 1216 resur-

2168 1238 2351 1301 rexit,
2400 1242 2510 1294 etc.
2564 1239 2832 1296 Ibidem:
2874 1241 2956 1295 Ἐν
3003 1251 3076 1314 τῷ
3122 1248 3196 1316 μὴ
3245 1241 3339 1298 διὰ
3374 1253 3470 1308 τῆς
3499 1253 3711 1320 μνήμης
3733 1256 3827 1300 τοῦ

2168 1326 2295 1399 ὑπὲρ
2349 1329 2496 1386 ἡμῶν
2553 1327 2899 1394 ἀποθανόντος
2958 1337 3049 1385 καὶ
3105 1332 3392 1408 ἓγερθίντος
3442 1334 3621 1394 Ἰησοῦ
3700 1345 3831 1413 Χρι-

2170 1424 2297 1469 στοῦ
2316 1425 2408 1470 τοῦ
2424 1424 2618 1492 Κυρίου
2641 1422 2671 1478 η
2678 1429 2807 1493 μῶν,
2830 1424 2890 1474 τὸ
2911 1421 3176 1496 εἰρημένον
3196 1422 3501 1496 φυλάσσειν,
3519 1430 3631 1482 etc.
3658 1427 3831 1495 Quod

2166 1520 2290 1561 non
2314 1522 2422 1576 per
2462 1510 2810 1567 memoriam
2862 1513 3005 1568 Jesu
3038 1512 3267 1569 Christi
3310 1516 3563 1571 Domini
3608 1518 3827 1588 nostri,

2166 1597 2274 1667 qui
2284 1612 2393 1669 pro
2411 1598 2580 1654 nobis
2598 1606 2873 1657 mortuus
2892 1608 2978 1658 est
2998 1609 3054 1658 et
3075 1605 3433 1670 resurrexit,
3446 1612 3649 1662 servat
3667 1606 3830 1677 quod

2165 1684 2396 1743 dictum
2427 1693 2653 1759 est,etc,
2688 1693 2805 1748 Nec
2836 1691 2922 1748 ita
2944 1691 3134 1748 multo
3168 1692 3423 1766 infra(p.
3447 1694 3608 1764 635):
3640 1696 3825 1757 Καθὼς

386 1786 580 1829 unum
608 1772 934 1845 insignem,
957 1776 1063 1848 qui
1079 1792 1220 1833 cum
1247 1776 1320 1833 iis
1343 1792 1483 1850 qua:
1511 1778 1697 1851 paulo
1723 1783 1860 1835 ante
1882 1779 2051 1835 retuli

2166 1774 2504 1849 ἐπηγγείλατο
2552 1783 2578 1831 ὀ
2627 1778 2865 1852 ἀψευδὴς
2911 1786 3100 1855 Κύριος
3144 1788 3233 1835 καὶ
3278 1787 3409 1847 Θεὸς
3439 1786 3584 1858 ἡμῶν
3617 1784 3824 1849 Ἰησοῦς

383 1861 586 1918 verbis
610 1865 957 1937 comparari
985 1866 1200 1938 possit,
1227 1882 1367 1923 cum
1411 1867 1597 1939 igitur
1637 1873 1871 1932 auctor,
1920 1870 2054 1943 qui-

384 1967 629 2025 cunque
657 1952 755 2011 ille
776 1954 906 2021 fuit,
930 1954 1173 2013 locutus
1208 1956 1420 2013 fuisset
1443 1958 1548 2028 ita,
1594 1963 1660 2015 ut
1702 1975 1848 2015 mox
1898 1959 2048 2028 dixi,

382 2042 587 2099 statim
632 2043 751 2100 hoc
796 2044 984 2101 modo
1030 2048 1413 2119 persequitur
1458 2048 1624 2120 (pag,
1644 2052 1809 2121 648):
1860 2054 1958 2104 Τὸν
1990 2046 2049 2103 δὲ

381 2133 503 2185 Υἱὸν
544 2140 638 2186 τοῦ
685 2140 817 2189 Ωεοῦ
866 2131 1208 2208 ἕνδυσάμενοι
1254 2139 1341 2189 τὸν
1404 2133 1567 2191 δόντα
1613 2138 1852 2201 ἐξουσίαν
1895 2144 2049 2194 τέκνα

383 2228 518 2275 Θεοῦ
560 2224 822 2295 γενέσθαι,
891 2221 940 2276 ἓν
984 2224 1201 2298 ὀνόματι
1256 2234 1349 2279 τοῦ
1400 2232 1603 2303 Πατρός
1653 2227 2042 2302 βαπτιζόμεθα,

380 2314 472 2365 καὶ
557 2316 713 2365 τέκνα
804 2320 939 2368 Θεοῦ
1019 2312 1439 2389 ἀναγορευόμεθα
1513 2325 1606 2371 τοῦ
1653 2319 2045 2391 προστάξαντος

379 2405 470 2454 καὶ
544 2400 1001 2477 ἐπαγγειλαμένου,
1073 2407 1248 2467 καθὼς
1304 2407 1439 2460 εἶπεν
1496 2408 1523 2459 6
1606 2414 1898 2481 προφήτης·
1955 2410 2044 2463 Διό

381 2489 605 2554 ἔξελθετε
683 2491 741 2544 ἐκ
830 2497 994 2566 μέσου
1062 2494 1231 2547 αὐτῶν
1311 2500 1402 2548 καὶ
1482 2495 1821 2571 ἀφορίσθητε,
1908 2498 2045 2571 λέγει

381 2583 594 2656 Κύριος,
693 2586 785 2635 καὶ
886 2581 1185 2658 ἂκαθάρτου
1256 2588 1329 2657 μὴ
1404 2584 1648 2640 ἅπτεσθε·
1727 2590 1873 2660 κάγὼ
1941 2588 2045 2641 εἰσ-

380 2664 600 2743 δέξομαι
679 2671 816 2744 ὑμᾶς
892 2676 983 2725 καὶ
1053 2676 1241 2747 ἔσομαι
1311 2676 1433 2748 ὑμῖν
1509 2675 1583 2738 εἰς
1659 2681 1877 2753 πατέρα,
1954 2683 2045 2731 καὶ

379 2759 529 2832 ὑμεῖς
579 2762 763 2813 ἔσεσθέ
821 2782 913 2835 μοι
965 2763 1039 2824 εἰς
1111 2766 1260 2826 υἱοὺς
1332 2769 1423 2817 καὶ
1498 2767 1807 2842 θυγατέρας,
1910 2768 2046 2840 λέγει

381 2850 576 2922 Κύριος
629 2853 1025 2927 παντοκράτωρ·
1079 2854 1407 2927 Postquam
1482 2862 1684 2913 autem
1736 2858 2045 2915 induimus

378 2937 493 2995 Dei
507 2939 870 3013 Filium,qui
902 2957 1032 2999 eam
1053 2948 1506 3013 potestatem,ut
1533 2946 1648 3003 Dei
1669 2947 1792 3016 ﬁlii
1813 2948 2046 3018 efﬁcia-

382 3044 526 3085 mur
535 3030 777 3099 prtebet
795 3032 859 3088 in
888 3034 1134 3090 nomine
1152 3034 1361 3091 Patris
1390 3035 1792 3105 baptizamur,
1812 3039 2043 3106 praedi-

381 3133 711 3192 camurque
726 3122 847 3191 ﬁlii
864 3123 994 3192 Dei,
1026 3124 1135 3196 qui
1145 3125 1441 3194 prtecepit
1461 3130 1517 3182 et
1546 3126 1737 3183 edixit
1767 3129 1928 3184 velut
1956 3130 2043 3185 ait

374 3209 715 3280 prOpheta:
749 3234 779 3264 «
803 3211 1189 3284 Quapropter
1216 3216 1374 3272 exite
1403 3215 1477 3272 de
1494 3216 1687 3273 medio
1732 3232 1960 3287 eorum,
1993 3225 2047 3275 et

380 3310 761 3382 separemini,
783 3312 931 3368 dicit
956 3313 1327 3381 Dominus,et
1345 3314 1724 3371 immundum
1738 3330 1812 3372 ne
1850 3317 2052 3387 tetige_

381 3399 544 3456 ritis:
561 3405 620 3456 et
647 3415 755 3471 ego
802 3402 1086 3472 recipiam
1111 3417 1235 3468 vos,
1266 3410 1321 3458 et
1350 3418 1453 3460 ero
1475 3403 1638 3460 vobis
1676 3405 1738 3460 in
1787 3411 2051 3481 patrem,

384 3497 439 3548 et
471 3507 573 3549 vos
629 3493 798 3549 eritis
822 3493 978 3550 mihi
1000 3495 1066 3548 in
1093 3491 1255 3562 ﬁlios
1281 3498 1338 3549 et
1352 3493 1540 3561 ﬁlias,
1573 3494 1737 3551 dixit
1757 3496 2052 3552 Dominus

386 3583 820 3653 omnipotens.»
843 3582 944 3639 Hic
956 3586 1364 3656 praeterquam
1379 3582 1547 3656 quod
1560 3583 1702 3640 item
1732 3585 2052 3658 Scripturte

384 3672 822 3741 testimonium,
852 3672 957 3730 ubi
978 3688 1105 3729 non
1132 3672 1219 3730 ita
1238 3671 1500 3729 multum
1530 3688 1686 3747 opus
1717 3679 1864 3744 erat,
1882 3674 2051 3733 bisin

383 3761 553 3819 brevi
604 3762 805 3836 spatio
864 3762 1474 3836 repetitur,prasterea
1518 3767 1579 3820 et
1615 3779 1797 3820 voces
1839 3769 1897 3822 et
1918 3781 2054 3822 sen-

385 3852 607 3923 tentias,
662 3868 800 3926 qua
847 3857 1110 3926 utroque
1163 3851 1228 3907 in
1290 3853 1426 3909 loco
1472 3852 1796 3926 Scriptura:
1852 3854 2052 3911 verbis

385 3946 681 4020 praeeunt,
735 3942 969 3999 easdem
1021 3957 1265 4015 quoque
1340 3946 1516 3999 sunt:
1562 3959 1754 4016 quam
1806 3945 2051 3998 ταυτολο-

386 4040 509 4109 γιας
557 4037 769 4091 notam
825 4032 1286 4106 copiossisimus
1327 4032 1420 4089 vir
1450 4032 1703 4091 Basilius
1733 4034 1849 4091 sibi
1892 4034 2052 4091 inuri

386 4139 707 4198 nunquam
732 4139 952 4198 passus
981 4125 1166 4182 esset.
1187 4125 1391 4197 Neque
1417 4138 1564 4180 vero
1581 4139 1766 4180 voces
1794 4124 2050 4196 illae,“-

388 4235 506 4291 ριος
569 4217 715 4289 ἡμῶν
767 4214 973 4277 Ἰησοῦς
1018 4216 1270 4287 Χριστὸς,
1328 4217 1682 4286 repetuntur
1738 4213 1935 4270 solum
1988 4215 2051 4270 in

388 4305 485 4362 his
512 4306 600 4362 De
653 4304 948 4375 baptismo
1007 4302 1177 4359 libris
1226 4302 1584 4377 freqentius,
1639 4319 1835 4376 quum
1885 4304 2052 4377 apud

389 4394 677 4452 Basilium
717 4392 849 4450 ﬁeri
893 4393 1066 4459 solet,
1093 4392 1200 4449 sed
1226 4392 1360 4450 alia:
1390 4393 1575 4451 etiam
1603 4409 1731 4450 non
1775 4410 1850 4451 ex
1881 4410 2055 4450 sanc-

2165 1868 2573 1939 thorég,sicut
2593 1872 2871 1939 promisit
2889 1887 3078 1930 verax
3098 1874 3473 1937 Dominus,et
3512 1876 3670 1931 Deus
3692 1889 3824 1930 nos-

2163 1958 2432 2012 terJesus
2456 1957 2757 2027 Christus,
2794 1963 2914 2015 Hoc
2938 1960 3075 2033 ipso
3103 1961 3166 2016 in
3194 1960 3331 2018 loco
3365 1978 3378 2017 :
3410 1965 3481 2015 Τὸ
3507 1961 3824 2035 ἇρὼτημα,εἰ

2158 2051 2249 2098 καὶ
2326 2050 2659 2100 παντάπασιν
2740 2049 2947 2112 ηνάξιον
2995 2054 3186 2113 παντὸς
3238 2059 3330 2103 τοῦ
3400 2048 3823 2124 καταδεξαμένου

2159 2136 2421 2209 ὁμολογεῖν
2446 2141 2533 2190 τὸν
2563 2142 2751 2211 Κύριον
2777 2142 2922 2213 ἡμῶν
2950 2139 3155 2199 Ἰησοῦν
3178 2145 3409 2215 Χριστὸν
3434 2150 3678 2214 μονογενῆ
3704 2145 3822 2196 Υὶὸν

2156 2233 2249 2279 τοῦ
2281 2234 2414 2280 Θεοῦ
2443 2236 2535 2280 τοῦ
2563 2229 2773 2295 ζῶντος,
2804 2225 2862 2282 di
2885 2229 2961 2282 ’ῦο
2980 2233 3046 2282 τὰ
3070 2232 3241 2283 πάντα
3265 2231 3461 2302 ἐγένετο
3481 2233 3547 2283 τοί
3575 2251 3630 2285 τε
3659 2233 3825 2305 ὁρατὰ

2156 2322 2246 2369 καὶ
2282 2319 2350 2370 τά
2397 2321 2614 2393 ἀόρατα,
2643 2323 2757 2375 etc.
2800 2320 2950 2377 Haec
2992 2324 3244 2393 qutestio
3285 2323 3523 2379 tametsi
3564 2337 3825 2391 prorsus

2156 2408 2413 2478 indigna
2450 2414 2537 2465 est
2582 2425 2958 2481 quocunque,
3014 2412 3122 2482 qui
3164 2412 3490 2467 Dominum
3544 2418 3820 2468 nostrum

2153 2497 2357 2553 Jesum
2381 2496 2687 2554 Christum
2710 2500 3088 2570 unigenitum
3115 2501 3217 2557 Dei
3240 2501 3492 2571 Filium,
3515 2516 3624 2570 per
3645 2515 3821 2573 quem

2156 2588 2359 2643 omnia
2400 2593 2521 2644 tam
2560 2589 2826 2645 visibilia
2856 2605 3038 2661 quam
3078 2590 3409 2647 invisibilia
3437 2591 3608 2660 facta
3653 2596 3819 2657 sunt,

2156 2678 2436 2747 conﬁteri
2469 2693 2590 2733 non
2617 2680 2935 2745 recusarit,
2960 2682 3072 2735 etc.
3104 2679 3226 2736 Sub
3247 2679 3433 2735 ﬁnem
3460 2681 3547 2751 (p.
3565 2680 3687 2749 672)
3712 2679 3772 2735 Ei
3791 2681 3819 2732 ὁ

2156 2771 2369 2843 Κύριος,
2402 2770 2547 2841 ἡμῶν
2599 2768 2807 2831 Ἰησοῦς
2866 2770 3173 2844 Χριστὸς,ὁ
3230 2774 3508 2842 μονογενὴς
3559 2772 3677 2831 Υἱὸς
3726 2777 3820 2822 τοῦ

2157 2867 2291 2913 Θεοῦ
2340 2867 2432 2911 τοῦ
2487 2860 2699 2925 ζῶντος,
2749 2856 2822 2912 δι’
2852 2859 2912 2911 οῦ
2937 2862 3004 2912 τὰ
3032 2862 3203 2913 πάντα
3228 2860 3424 2932 ὶγένετο
3455 2861 3620 2934 ὁρατά
3649 2878 3703 2913 τε
3728 2865 3820 2913 καὶ

2156 2948 2374 3023 ἀόρατα,
2401 2949 2560 3016 ξώἡν,
2597 2952 2753 3021 ἔχων,
2782 2953 2895 3006 etc.
2922 2952 2985 3006 Si
3028 2951 3320 3007 Dominus
3358 2957 3587 3011 noster.
3643 2952 3819 3007 Jesus

2155 3040 2438 3096 Christus
2459 3041 2808 3110 unigenitus
2836 3040 3034 3097 Filius
3061 3042 3173 3097 Dei
3193 3041 3463 3102 viventis.
3490 3056 3600 3109 per
3644 3054 3819 3111 quem

2079 3141 2119 3196 c
2156 3131 2356 3186 omnia
2404 3136 2530 3186 tum
2574 3131 2840 3188 visibilia
2889 3137 3015 3188 tum
3067 3131 3399 3187 invisibilia
3427 3132 3604 3199 facta
3645 3136 3809 3196 sunt,

2158 3223 2262 3292 qui
2320 3221 2505 3277 vitam
2569 3220 2767 3287 habet,
2800 3226 2907 3276 etc.
2958 3224 3024 3276 In
3051 3220 3187 3293 ipso
3208 3220 3329 3276 ﬁne
3352 3220 3815 3292 (p.673):KaOob;

2160 3309 2498 3381 ἐπηγγείλατο
2529 3311 2555 3362 6
2586 3307 2822 3381 ἀψευδὴς
2852 3313 3039 3383 Κύριος
3095 3315 3185 3363 καὶ
3233 3314 3362 3372 Θεὸς
3413 3311 3558 3382 ἡμῶν
3607 3308 3817 3370 Ἰησοῦς

2160 3404 2411 3475 Χριστὸς,
2436 3402 2461 3452 6
2491 3406 2766 3473 μονογενὴς
2796 3409 2887 3453 τοῦ
2920 3408 3052 3454 Θεοῦ
3098 3401 3288 3464 ζῶντος
3336 3402 3474 3466 Υἱός,
3525 3398 3815 3472 quemad-

2160 3491 2401 3548 modum
2427 3492 2710 3561 promisit
2750 3506 2942 3548 verax
2969 3492 3264 3547 Dominus
3303 3497 3359 3547 et
3415 3492 3575 3547 Deus
3614 3494 3820 3546 noster

2159 3583 2330 3639 Jesus
2348 3581 2648 3647 Christus,
2675 3582 3020 3652 unigenitus
3045 3584 3153 3638 Dei
3176 3581 3299 3637 vivi
3322 3581 3541 3638 Filius.
3566 3577 3817 3635 Basilius

2160 3677 2366 3729 autem
2388 3672 2581 3729 sicubi
2602 3671 2687 3739 (id
2706 3671 2875 3745 quod
2895 3671 3139 3744 parcius
3159 3670 3321 3741 fecit)
3344 3671 3436 3726 his
3471 3668 3693 3738 verbis,
3718 3671 3818 3721 Κῦ-

2158 3765 2426 3838 ριοςήμών
2449 3762 2656 3825 Ἰησοῦς
2678 3766 2929 3835 Χριστός,
2962 3778 3110 3816 usus
3134 3765 3240 3817 est:
3266 3776 3574 3833 nusquam
3589 3764 3816 3827 tamen,

2158 3854 2328 3927 quod
2354 3853 2603 3928 quidem
2636 3853 2844 3921 sciam,
2865 3868 2941 3909 ea
2960 3869 3099 3925 quae
3124 3868 3269 3910 mox
3289 3852 3556 3909 vidimus
3584 3849 3817 3907 addita-

2158 3948 2368 4002 menta
2395 3944 2542 4017 ipsis
2564 3943 2897 4014 conjunxit.

2229 4040 2318 4092 56.
2338 4038 2507 4093 Nunc
2525 4050 2870 4108 proponam
2891 4033 3031 4101 alia,
3050 4050 3186 4106 quae
3205 4050 3243 4090 a
3264 4032 3679 4107 superioribus
3694 4045 3817 4087 non

2157 4126 2242 4183 ita
2268 4124 2529 4181 multum
2554 4122 2872 4180 abludunt.
2903 4127 3123 4180 Auctor
3148 4140 3288 4180 cum
3331 4121 3581 4197 aliquod
3629 4136 3814 4177 sacrae

2162 4215 2481 4288 Scriptura
2509 4213 2923 4270 testimonium
2961 4213 3229 4286 proferre
3259 4213 3579 4273 vult,tanto
3601 4210 3817 4267 verbo-

2159 4320 2295 4361 rum
2318 4304 2565 4360 circuitu
2586 4304 2791 4371 utitur,
2817 4309 2882 4359 ut
2908 4304 2971 4360 in
2999 4304 3116 4359 hoc
3146 4319 3391 4377 quoque
3405 4318 3631 4359 novam
3650 4315 3816 4374 pere-

2161 4394 2456 4468 grinitatis
2484 4398 2693 4451 notam
2722 4393 2925 4449 videre
2956 4393 3104 4449 mihi
3139 4393 3300 4449 visus
3332 4393 3467 4449 sim.
3503 4395 3570 4448 Et
3598 4395 3665 4447 ut
3685 4404 3814 4447 rem

390 4485 606 4544 tissimi
632 4484 827 4542 Patris
865 4484 1304 4543 consuetudine
1328 4484 1476 4557 ipsis
1524 4484 1866 4553 adduntur,
1921 4500 2052 4543 rem
2083 4497 2127 4552 1)
2161 4485 2313 4559 ipsis
2339 4485 2530 4542 oculis
2560 4484 2902 4556 subjiciam,
2951 4485 3030 4540 ad
3078 4483 3359 4557 exempla
3387 4482 3699 4552 confugio.
3732 4485 3819 4538 Ita

390 4575 671 4649 exempla
708 4574 1028 4632 clariorem
1079 4574 1361 4631 reddent.
1420 4574 1689 4647 Scriptor
1739 4574 1923 4645 igitur
1968 4576 2053 4633 sic

388 4667 605 4726 incidit
660 4666 1017 4740 (pag.62&):
1072 4663 1130 4717 εΟ
1189 4666 1381 4739 Κύριος
1427 4665 1575 4738 ἡμῶν
1647 4664 1855 4727 Ἰησοῦς
1924 4674 2054 4741 Χρι-

393 4762 518 4821 στὸς
546 4760 573 4811 ὸ
598 4760 875 4832 μονογενὴς
895 4755 1018 4818 Υἱὸς
1053 4761 1146 4808 τοῦ
1197 4762 1330 4809 Θεοῦ
1368 4762 1461 4807 τοῦ
1494 4754 1686 4817 ζῶντος
1715 4758 1827 4811 etc.
1855 4757 2053 4813 Domi.

389 4864 505 4906 nus
531 4846 738 4906 noster
762 4848 935 4905 Jesus
963 4845 1262 4913 Christus,
1311 4846 1657 4916 unigenitus
1677 4846 2053 4903 Deiviventis

384 4941 605 5008 Filius,
654 4942 762 4997 etc.
795 4936 951 4994 Alibi
978 4937 1064 4995 ita
1088 4935 1355 5010 loquitur
1386 4937 1550 5008 (pag.
1579 4937 1703 5007 628)
1734 4953 1747 4991 :
1782 4941 1886 4994 Τήν
1917 4956 1971 4990 τε
2000 4941 2050 4991 ὲν

391 5030 536 5105 ἀρχῇ
590 5035 684 5082 τοῦ
737 5035 871 5083 Θεοῦ
919 5029 1019 5102 μιὰ
1070 5033 1163 5080 τοῦ
1212 5032 1516 5099 μονογενοῦς
1568 5025 1729 5078 αὐτοῦ
1786 5028 1910 5079 Υίοῦ
1956 5035 2048 5080 τοῦ

391 5125 588 5195 Κυρίου
641 5123 733 5173 καὶ
785 5126 918 5174 Θεοῦ
943 5119 1090 5193 ἡμῶν
1130 5116 1309 5175 Ἰησοῦ
1339 5124 1597 5189 Χριστοῦ,
1657 5120 1767 5174 etc.
1810 5119 2048 5176 Initioa

388 5213 511 5269 Deo
534 5226 651 5282 per
699 5211 1082 5283 unigenitum
1134 5223 1311 5265 suum
1349 5207 1575 5263 Filium
1624 5208 1943 5265 Dominum
1990 5215 2047 5267 et

387 5303 861 5360 Deumnostrum
881 5301 1086 5357 Jesum
1106 5296 1426 5367 Christum,
1442 5300 1554 5353 etc.
1577 5299 1807 5353 Rursus
1824 5298 2043 5370 (p.629)

389 5401 573 5456 Οῦτως
587 5394 688 5467 γὰρ
711 5391 870 5454 αὐτὸς
889 5392 914 5443 6
937 5392 1131 5463 Κύριος
1148 5392 1239 5441 καὶ
1259 5390 1390 5449 Θεὸς
1415 5389 1561 5461 ἡμῶν
1583 5386 1791 5449 Ἰησοῦς
1812 5391 2044 5462 Χριστὸς

387 5485 415 5537 6
445 5486 723 5557 μονογενὴς
740 5483 863 5543 Υἱὸς
881 5486 974 5533 τοῦ
1002 5485 1137 5532 Θεοῦ
1163 5478 1375 5546 ζῶντος,
1407 5482 1520 5535 etc.
1552 5479 1650 5535 Ita
1672 5477 1828 5535 enim
1844 5479 2043 5535 Domi-

387 5588 502 5631 nus
531 5574 658 5644 ipse
677 5577 733 5629 et
752 5572 913 5629 Deus
933 5574 1138 5627 noster
1163 5570 1338 5627 Jesus
1363 5568 1662 5639 Christus,
1693 5569 2041 5641 unigenitus

460 5664 509 5701 ⁵⁸
535 5662 580 5720 11
609 5665 748 5721 Cor.
780 5676 863 5726 vi,
898 5665 985 5719 17.
1011 5660 1060 5697 ³³
1088 5658 1284 5719 Galat.
1333 5675 1418 5729 v.,
1440 5663 1495 5719 6.

2162 4591 2307 4647 ergo
2332 4581 2543 4633 auctor
2562 4575 2769 4632 scribit
2788 4576 3007 4648 (p.660)
3034 4592 3047 4631 :
3092 4576 3277 4637 Καθὼς
3307 4571 3442 4627 εἶπεν
3472 4574 3631 4635 αὐτὸς
3659 4575 3686 4625 ὁ
3719 4575 3819 4627 Κύ-

2161 4687 2272 4743 ριος
2293 4669 2437 4741 ἡμῶν
2485 4666 2693 4729 Ἰησοῦς
2734 4669 2968 4739 Χριστὸς
2998 4666 3024 4717 6
3068 4668 3343 4737 μονογενὴς
3386 4667 3504 4727 Υἱὸς
3547 4671 3639 4716 τοῦ
3683 4670 3817 4716 Θεοῦ

2161 4766 2253 4811 τοῦ
2276 4759 2486 4820 ζῶντος
2510 4758 2777 4830 Μακάριοι
2790 4758 2838 4808 οἱ
2858 4764 3146 4817 πεινῶντες.
3172 4755 3341 4811 Sicut
3369 4755 3495 4824 ipse
3522 4754 3818 4809 Dominus

2161 4854 2366 4905 noster
2393 4849 2564 4905 Jesus
2588 4846 2862 4902 Christus
2892 4845 3239 4916 unigenitus
3272 4845 3386 4901 Dei
3408 4844 3666 4899 viventis
3711 4842 3818 4898 Fi-

2164 4939 2279 4995 lius
2310 4938 2505 4995 dixit:
2531 4958 2560 4986 «
2595 4936 2774 4992 Beati
2802 4935 2907 5008 qui
2929 4936 3227 4999 esuriunt,
3256 4954 3286 4984 κ
3319 4937 3430 4989 etc.
3461 4935 3686 4989 Rursus
3729 4933 3814 5004 (p.

2160 5029 2321 5100 671):
2360 5028 2540 5094 Δῆλον,
2574 5026 2654 5079 ὃτι
2682 5046 2773 5078 και
2801 5027 2972 5078 πάντα
2996 5024 3379 5099 ἀσφαλέστερον
3435 5019 3811 5095 παιδευόμεθα,

2156 5122 2558 5193 μνημονεύοντες
2600 5117 2760 5169 αὐτοῦ
2789 5124 2881 5169 τοῦ
2915 5120 3109 5190 Κυρίου
3154 5115 3299 5187 ἡμῶν
3344 5113 3523 5173 Ἰησοῦ
3580 5119 3815 5187 Χριστοῦ

2155 5217 2247 5262 τοῦ
2325 5214 2627 5282 μονογενοῦς
2698 5208 2820 5259 Υὶοῦ
2887 5212 2978 5258 τοῦ
3037 5210 3169 5257 Θεοῦ
3236 5211 3328 5255 τοῦ
3390 5203 3601 5267 ζῶντος,
3660 5204 3818 5259 ἡνίκα

2156 5299 2398 5361 Ἰωάννης
2472 5299 2499 5350 6
2586 5300 2885 5357 Βαπτιστης
2966 5290 3100 5347 εἶπεν
3182 5293 3342 5364 αὐτῷ·
3427 5292 3557 5364 Ἐγὼ
3628 5296 3815 5364 χρείαν

2157 5391 2266 5462 ἔχω
2317 5389 2418 5440 ὑπὸ
2483 5392 2578 5438 σοῦ
2635 5384 3014 5458 βαπσιοθῆναι,
3067 5387 3157 5435 καὶ
3225 5386 3290 5434 σὺ
3348 5386 3483 5455 ἔρχῃ
3546 5384 3674 5453 πρὸς
3728 5384 3814 5452 μί-

2154 5477 2586 5552 ἆποκριναμένου,
2639 5475 2719 5527 ὅτι
2762 5474 2917 5547 "Aps;
2965 5474 3106 5548 ἄρτι,
3135 5477 3248 5530 etc.
3279 5472 3682 5542 Perspicuum
3728 5476 3814 5527 est

2150 5571 2360 5629 omnia
2382 5569 2560 5626 etiam
2582 5583 2619 5625 a
2638 5566 2809 5623 nobis
2829 5566 3051 5623 certius
3072 5565 3244 5633 disci,
3268 5566 3321 5623 si
3339 5565 3523 5637 ipsius
3566 5562 3812 5635 Domini
