4092 6384
250 348 357 404 149

1844 322 2232 382 PREFATIO.

3586 315 3691 371 150

242 472 452 528 nostri
472 471 615 528 Jesu
647 468 878 526 Christi
917 467 1217 539 unigeniti
1239 464 1386 522 Filii
1410 461 1522 520 Dei
1542 457 1669 519 vivi
1694 470 1910 514 memo-
1936 456 1987 504 Α
2023 446 2358 539 dictionum
2384 446 2803 539 repetitionem
2824 445 3189 539 perpetuam
3203 441 3264 539 in
3293 440 3387 498 his
3405 439 3578 539 libris
3601 453 3690 539 re-

244 576 345 618 res
370 561 574 625 simus,
610 560 716 633 qui
756 575 889 615 cum
936 559 1197 614 Joannes
1226 554 1514 625 Baptista
1541 552 1597 608 ei
1622 547 1913 606 discisset:

248 668 278 696 α
302 651 460 707 Mihi
506 666 656 721 opus
683 656 766 707 est
798 654 865 705 ut
905 649 1012 705 abs
1053 653 1109 704 te
1139 648 1425 717 baptizer,
1458 649 1514 701 et
1544 650 1610 699 tu
1639 640 1802 699 venis
1831 636 1914 695 ad

239 757 363 811 me,
388 763 416 792 »
458 741 791 810 respondit,
825 760 855 789 «
876 739 1020 795 Sine
1056 738 1230 794 modo
1250 738 1318 804 ⁸⁵,
1352 762 1371 785 κ
1414 738 1524 791 etc.
1571 731 1782 790 Statim
1813 734 1904 802 (p.

244 832 401 898 6⁸71),
431 837 534 884 Τοῦ
562 834 758 905 Κυρίου
789 831 935 903 ἡμῶν
978 827 1157 886 Ἰησοῦ
1206 832 1441 901 Χριστοῦ
1485 831 1578 876 τοῦ
1608 827 1913 896 μονογενοῦς

244 924 373 976 Υἱοῦ
422 928 515 974 τοῦ
564 928 718 987 Θεοῦ,
757 916 829 973 δι’
856 919 918 972 οὗ
959 922 1024 972 τὰ
1051 921 1225 972 πάντα
1270 916 1464 990 ἐγένετο
1512 916 1676 989 ὁρατά
1721 931 1775 967 τε
1822 917 1913 966 καὶ

246 1010 470 1085 ἀόρατα,
528 1010 901 1083 ὁμολογοῦντος
952 1012 1068 1083 μὲν,
1127 1012 1207 1061 ὅτι
1264 1007 1369 1060 Οῦν
1421 1003 1740 1067 ἀπεστάλην,
1800 1004 1912 1058 etc.

249 1104 402 1161 Cum
452 1103 743 1159 Dominus
792 1108 992 1159 noster
1030 1103 1199 1158 Jesus
1245 1100 1526 1156 Christus
1571 1095 1916 1167 unigenitus

246 1196 348 1251 Dei
368 1192 585 1261 Filius,
617 1208 727 1263 per
751 1207 922 1265 quem
953 1193 1156 1248 omnia
1181 1192 1357 1261 facta
1388 1193 1531 1246 sunt
1567 1194 1623 1245 et
1655 1186 1918 1243 visibilia

243 1288 301 1341 et
330 1283 667 1340 invisibilia
698 1283 1077 1350 conﬁteatur,
1107 1302 1137 1332 «
1156 1282 1296 1338 Non
1321 1296 1453 1336 sum
1483 1280 1771 1341 missus,»
1804 1280 1913 1332 etc.

241 1375 448 1444 Neque
493 1371 692 1428 solum
740 1371 1020 1444 scriptor,
1054 1386 1193 1426 cum
1239 1370 1547 1425 Christum
1593 1366 1915 1423 Dominum

188 1490 189 1499 ι
239 1460 593 1534 loquentem
651 1460 904 1527 inducit,
957 1459 1179 1531 majori
1230 1459 1560 1516 verborum
1614 1460 1919 1529 apparatu

237 1551 445 1621 utitur,
472 1568 660 1625 quam
692 1551 946 1608 Basilius
976 1551 1202 1607 soleat:
1232 1549 1337 1606 sed
1369 1549 1531 1606 idem
1563 1548 1743 1604 etiam
1772 1535 1917 1603 facit

240 1656 382 1697 eum
410 1640 753 1714 apostolum
783 1641 1037 1698 Paulum
1061 1641 1294 1697 laudat.
1330 1642 1398 1695 Et
1417 1637 1710 1712 quoniam
1737 1652 1897 1710 pauc

239 1735 403 1799 sunt,
436 1731 539 1804 qui
564 1730 866 1803 ejusmodi
890 1730 1023 1787 loca
1051 1731 1114 1786 in
1144 1729 1292 1802 ipsis
1318 1728 1591 1785 fontibus
1619 1723 1913 1801 quasrant‘

2021 537 2230 612 periri;
2263 554 2454 612 quam
2485 539 2533 593 si
2562 536 2700 610 quis
2727 533 3005 607 scriptori
3032 532 3179 603 vitio
3209 531 3355 587 dare
3382 530 3566 601 nolet,
3598 537 3690 587 ta-

2020 645 2184 696 men,
2212 628 2261 685 si
2290 643 2581 700 germana
2607 625 2804 683 Basilii
2831 624 3056 696 scripta
3077 620 3259 695 paulo
3290 621 3573 685 attentius
3601 619 3689 676 le-

2023 724 2146 792 gat,
2172 735 2297 776 non
2316 722 2683 790 negaturum
2710 730 2908 788 spero,
2942 713 3005 770 id
3031 715 3249 785 praeter
3276 710 3410 781 ejus
3439 724 3691 766 consue-

2021 811 2296 870 tudinem
2321 810 2551 867 factum
2571 823 2721 864 esse.
2739 804 2875 862 Mihi
2902 820 3043 860 cum
3062 804 3175 861 hos
3194 802 3382 859 libros
3402 800 3689 872 legerem,

2022 902 2087 958 in
2116 904 2383 958 mentem
2410 899 2571 957 venit
2600 897 2960 969 scriptorem
2987 892 3251 973 veritum
3281 907 3434 962 esse,
3462 906 3538 947 ne
3566 909 3691 942 ταυ-

2023 990 2265 1065 τολογίας
2288 991 2503 1048 vitium
2533 988 2648 1045 sibi
2686 986 3071 1058 objiceretur,
3103 982 3184 1039 ob
3213 981 3399 1054 idque
3421 978 3695 1053 Apostoli

2025 1079 2305 1153 exemplo
2327 1095 2391 1135 se
2409 1092 2701 1135 excusare
2720 1073 3007 1131 voluisse.
3024 1071 3119 1130 Sic
3134 1070 3296 1127 enim
3313 1069 3688 1141 scribit(pag.

2027 1172 2191 1242 639):
2224 1165 2399 1231 Εἰδὼς
2445 1164 2557 1220 ὃὲό
2593 1163 2910 1225 Ἀπόστολος
2958 1164 3038 1216 ὅτι
3076 1160 3393 1232 ταυτολογία
3429 1157 3694 1232 ὠφελιμω-

2025 1263 2151 1334 τέρα
2180 1258 2293 1315 ἐστὶ
2319 1264 2430 1321 τοῖς
2458 1257 2713 1310 ἀκούουσι
2741 1256 2874 1328 πρὸς
2904 1257 3000 1312 τὴν
3032 1250 3337 1325 ἀσφάλειαν,
3366 1254 3457 1303 καὶ
3479 1247 3692 1322 βεϐαιο-

2025 1354 2176 1425 τέραν
2216 1348 2419 1422 ἐμποιεῖ
2437 1343 2532 1400 διὰ
2554 1354 2649 1409 τῆς
2671 1342 3039 1415 ἐπαναλήψιως
3062 1349 3164 1405 τῶς
3196 1340 3365 1394 αὐτῶν
3385 1343 3479 1399 τὴν
3500 1336 3694 1410 πληρο-

2026 1444 2207 1515 φορίαν
2270 1448 2367 1500 τῆς
2417 1436 2682 1498 ἀληθείας.
2728 1436 2879 1492 Cum
2935 1438 3138 1491 autem
3193 1430 3520 1501 Apostolus
3569 1442 3693 1484 non

2024 1532 2337 1602 ignoraret
2365 1528 2779 1599 repetitionem
2825 1523 3212 1582 audientibus
3261 1522 3344 1589 ad
3388 1523 3693 1591 integram

2026 1621 2548 1692 conﬁrmationem
2573 1618 2780 1675 utilem
2809 1630 2950 1683 esse,
2972 1614 3153 1672 etiam
3174 1611 3382 1668 iisdem
3411 1611 3588 1667 rebus
3602 1623 3694 1667 re-

2018 1713 2224 1782 petitis
2239 1711 2510 1768 oeritatis
2517 1708 2960 1779 persuasionem
2972 1704 3165 1774 magis
3181 1698 3700 1764 stabilit.Videant

238 1837 314 1877 ea
346 1789 915 1877 hic‘conscribenda
936 1836 1070 1876 esse
1095 1789 1385 1892 judicavi.
1412 1822 1497 1875 Ita
1529 1789 1711 1889 igitur
1739 1819 1915 1875 alicui
1952 1815 1994 1872 Β
2030 1801 2269 1869 θΐιιάίῖί,
2302 1800 2352 1857 Si
2379 1790 3406 1892 ejtlsm9d1_excusati0eccipienqa
3429 1789 3525 1892 εξίξο

236 1910 303 1967 bi
332 1910 394 1967 in
416 1911 509 1967 his
534 1910 713 1967 libris
744 1911 966 1981 legitur
991 1916 1082 1983 (p.
1113 1910 1240 1983 625)
1268 1927 1280 1965 :
1313 1915 1590 1985 Μαρτυρεῖ
1617 1906 1676 1962 δὲ
1701 1914 1792 1963 καὶ
1819 1910 1844 1963 ὅ
1875 1899 1924 1992 ἐξ,

238 2006 462 2075 Χριστῷ
498 2000 664 2053 λαλῶν
688 2000 911 2063 Παῦλος,
935 1999 1143 2075 γράψας
1169 2016 1182 2030 ⁶
1235 2007 1278 2052 Ο
1310 1996 1370 2052 δὲ
1402 1995 1608 2064 δοῦλος,
1637 2002 1749 2055 etc.
1792 2002 1923 2057 Tes-

241 2095 417 2147 tatur
442 2090 552 2147 hoc
577 2090 733 2147 idem
774 2095 828 2147 et
853 2092 959 2162 qui
987 2092 1050 2146 in
1094 2091 1339 2146 Christo
1373 2089 1734 2161 loquebatur
1761 2091 1924 2146 Pau-

243 2182 360 2247 lus,
390 2196 523 2237 cum
545 2182 797 2238 scribit:
828 2202 856 2230 «
883 2182 998 2249 Qui
1017 2196 1156 2237 vero
1189 2195 1419 2241 servus.
1441 2200 1470 2229 ι)
1496 2184 1607 2235 etc.
1638 2179 1924 2252 Aliquan.

238 2273 305 2325 to
335 2270 490 2326 infra
515 2272 600 2342 (p.
635 2271 761 2341 631)
787 2288 799 2326 :
837 2270 1042 2334 Παῦλος
1073 2267 1179 2324 δ’ὲὸ
1210 2269 1595 2332 άπόστο).ος.’..
1629 2268 1677 2322 ἐν
1706 2277 1923 2345 Χριστῷ

239 2358 410 2412 λαλῶν
442 2357 952 2437 διαμαρτύρεται....
982 2363 1108 2413 ποτὲ
1161 2363 1250 2433 μὲν
1300 2359 1453 2413 εἰπὼν
1510 2359 1808 2433 ὁριστίκῶς,
1844 2360 1924 2420 ὅτι

240 2452 315 2504 Οἱ
368 2455 435 2504 τὰ
476 2458 716 2519 τοιαῦτα,
768 2456 877 2507 etc.
941 2452 1179 2507 Paulus
1236 2465 1374 2508 vero
1426 2452 1803 2519 apostolus...
1857 2450 1921 2505 in

249 2542 486 2598 Christo
540 2544 782 2613 loquens
822 2543 1102 2599 declarat
1156 2557 1294 2599 ea...
1325 2542 1501 2597 modo
1541 2557 1674 2597 cum
1721 2541 1920 2596 minus

255 2631 378 2686 late
402 2631 555 2687 dixit.
581 2646 604 2688 .'
633 2652 662 2680 ‹‹
690 2632 804 2698 Οιιί
835 2633 1008 2697 talia,
1034 2651 1064 2683 ιο
1093 2637 1208 2686 etc.
1239 2630 1412 2686 Haud
1432 2630 1612 2700 longe
1640 2631 1723 2703 (p.
1745 2631 1875 2688 634)
1903 2637 1916 2675 ε

248 2719 450 2782 Ηαῦλος
479 2727 507 2772 ὃ
538 2719 586 2773 ἓν
618 2729 834 2795 Χριστῷ
862 2721 1048 2788 λαλῶν,
1083 2718 1419 2794 δογματικῶς
1444 2717 1810 2795 παραδίδωσι,
1832 2719 1920 2773 λέ-

242 2830 349 2882 γων
374 2829 387 2842 ·
417 2810 482 2865 Ἣ
533 2810 780 2883 ἀγνοεῖτε,
811 2816 923 2868 etc.
966 2813 1202 2885 Paulus
1242 2813 1305 2867 in
1355 2810 1595 2867 Christo
1645 2811 1915 2881 loquens,

240 2901 485 2957 modum
513 2901 864 2958 decretoriis
911 2901 1003 2957 his
1033 2901 1223 2958 verbis
1251 2901 1464 2966 tradit,
1493 2922 1521 2950 ‹‹
1544 2900 1642 2956 An
1676 2900 1917 2971 ignora-

242 2991 344 3052 tis,
371 3012 398 3039 »
427 2994 539 3047 etc.
575 2994 693 3046 Nec
716 2991 801 3047 ita
839 2990 1030 3047 multo
1062 2997 1198 3063 post
1228 2992 1311 3064 (p.
1336 2992 1464 3061 646)
1492 3008 1504 3044 :
1535 2991 1706 3043 Αὐτοῦ
1735 2998 1830 3043 τοῦ
1866 2989 1916 3042 ἐν

238 3088 461 3154 Χριστῷ
490 3081 762 3144 λαλοῦντος
800 3081 1007 3135 Παύλου
1034 3089 1127 3135 τοῦ
1158 3081 1474 3149 ἀποστόλου,
1498 3081 1731 3142 εἰποντος
1750 3101 1764 3114 ·
1800 3080 1915 3135 Ἐάν

2106 1896 2195 1948 57.
2231 1893 2520 1964 Superest
2546 1887 2714 1946 aliud
2734 1887 3187 1957 argumentum,
3211 1880 3380 1954 quod
3409 1884 3468 1937 et
3493 1879 3698 1954 ipsum

2032 1997 2279 2057 quoque
2289 1998 2323 2037 e
2333 1980 2564 2037 ratione
2574 1978 2774 2037 citand
2783 1992 2959 2035 arum
2977 1973 3418 2045 Scripturarum
3430 1985 3671 2028 sumam
3681 2011 3698 2029 .

2032 2077 2270 2133 Monere
2315 2072 2497 2143 igitur
2543 2085 2744 2143 operte
2790 2065 3056 2139 pretium
3102 2066 3210 2133 est,
3238 2062 3398 2118 hanc
3440 2059 3699 2118 citandte

2036 2164 2354 2236 Scripturaa
2384 2158 2734 2225 formulam,
2764 2157 2815 2209 ἐν
2843 2164 2917 2228 τῷ
2946 2154 3125 2221 εἰπεῖν,
3154 2151 3203 2205 ἐν
3232 2159 3306 2223 τῷ
3334 2170 3571 2225 γραφιιν,
3595 2152 3702 2206 aut

2030 2252 2259 2310 similes
2305 2249 2610 2324 quasdam
2655 2248 2878 2305 horum
2922 2243 3222 2301 ﬁbrarum
3267 2239 3500 2297 auctori
3544 2254 3702 2297 unas

2032 2342 2312 2401 omnium
2354 2341 2539 2397 fuisse
2580 2335 3110 2401 familiarissimas,
3138 2347 3365 2404 easque
3394 2329 3469 2400 ei,
3502 2329 3553 2386 si
3577 2344 3704 2402 qua

2032 2434 2173 2501 alia,
2195 2431 2374 2489 valde
2400 2428 2739 2488 admodum
2765 2424 3089 2500 placuisse.
3104 2422 3284 2482 Multa
3302 2420 3553 2494 quidem
3567 2420 3703 2492 ejus

2032 2525 2118 2582 rei
2146 2522 2428 2596 exempla
2456 2520 2742 2579 addicam
2783 2518 2849 2575 in
2876 2515 3171 2580 medium,
3204 2512 3315 2569 sed
3357 2512 3443 2570 ita
3471 2516 3704 2581 tamen,

2031 2621 2097 2675 ut
2121 2632 2195 2673 ea
2223 2631 2414 2689 quam
2455 2611 2810 2670 brevissime
2838 2612 3052 2682 potero
3082 2604 3361 2665 referam.
3396 2602 3491 2661 Sic
3520 2603 3702 2674 igitur

2030 2711 2243 2764 auctor
2278 2704 2507 2763 alicubi
2564 2705 2725 2776 (pag.
2781 2703 2906 2771 625)
2951 2696 3200 2754 scribit:
3261 2694 3339 2749 Ἐν
3386 2702 3460 2765 τῷ
3504 2691 3665 2747 εἰπεῖν
3689 2712 3703 2727 ο

2031 2805 2075 2851 Ο
2106 2804 2270 2851 ποιῶν
2297 2800 2399 2854 τὴν
2434 2794 2720 2867 ἁμαρτιαν,
2753 2794 2867 2848 etc.
2879 2831 2894 2859 ,
2922 2804 3057 2845 cum
3086 2786 3240 2843 dixit
3266 2801 3281 2841 :
3335 2806 3363 2835 «
3392 2784 3511 2852 Qui
3547 2782 3710 2854 facit

2039 2894 2375 2958 peccatum,
2400 2906 2429 2936 »
2478 2888 2587 2941 etc.
2624 2882 2717 2940 Sic
2752 2877 3140 2954 persequitur
3184 2876 3272 2948 (p.
3302 2874 3473 2943 626):
3524 2878 3588 2926 Εν
3636 2878 3710 2944 τῷ

2042 2979 2236 3032 εἰπεῖν·
2281 2975 2621 3049 Ταλαίπωρος
2666 2971 2789 3045 ἐγώ,
2821 2974 2956 3037 etc.,
3001 2983 3139 3026 cum
3183 2966 3371 3023 dicit:
3425 2962 3708 3033 «Infelix

2036 3084 2200 3140 ego,»
2232 3071 2343 3124 etc.
2373 3064 2503 3122 Alio
2538 3063 2675 3120 loco
2704 3065 2791 3135 (p.
2817 3063 2921 3117 630
2963 3058 3071 3125 bis)
3110 3054 3374 3127 loquitur
3413 3053 3530 3109 hoc
3576 3067 3710 3113 mo-

242 3141 364 3232 ταῖς
410 3141 702 3242 άλώσσαις,
736 3174 847 3226 etc.
891 3160 1048 3228 Cum
1092 3172 1330 3227 Paulus
1357 3172 1666 3240 apostolus
1697 3172 1803 3242 qui
1814 3182 1819 3187 '
1849 3173 1912 3227 in

2032 3160 2148 3217 d0:
2183 3159 2262 3213 Ἐν
2291 3166 2364 3230 τῷ
2404 3156 2559 3211 εἰπεῖν
2585 3192 2598 3206 .
2644 3160 2747 3208 Τοῦ
2789 3154 2927 3225 ἱεροῦ
2970 3147 3148 3222 μεῖζον
3191 3142 3315 3212 ὦδε,
3347 3145 3441 3202 his
3482 3141 3705 3211 verbis,

244 3231 491 3315 Christo
513 3231 888 3331 loquebatur,
920 3261 1130 3316 dicat:
1161 3281 1189 3309 ‹‹
1210 3260 1281 3315 Si
1303 3231 1552 3331 linguis,
1574 3280 1603 3309 ν
1623 3231 1734 3315 etc.
1758 3258 1912 3315 Alibi

2025 3272 2055 3301 «
2085 3249 2328 3318 Templo
2356 3246 2556 3317 magis
2576 3242 2819 3315 aliquid
2840 3240 2948 3331 hic
2978 3244 3086 3306 est,
3107 3255 3139 3290 ›
3170 3239 3284 3331 etc,
3311 3233 3551 3331 ibidem
3575 3231 3705 3331 :A’Es

244 3352 413 3420 (pag.
439 3350 601 3415 663):
634 3354 734 3404 Καὶ
765 3350 970 3412 Παῦλος
1014 3347 1075 3403 δὲ
1115 3349 1140 3401 ὀ
1191 3348 1482 3411 ἀπόστολος
1523 3351 1549 3401 ὁ
1599 3348 1648 3401 ἐν
1695 3357 1912 3423 Χριστῷ

239 3437 412 3489 λαλῶν
443 3457 601 3510 φησιν
626 3459 638 3472 ·
674 3441 788 3491 Εἴτε
819 3437 1035 3503 ἐσθίετε,
1057 3441 1171 3494 etc.
1214 3439 1292 3492 Et
1312 3454 1483 3508 quem
1514 3439 1749 3493 Paulus
1768 3454 1908 3508 apo-

237 3527 436 3583 stolus
488 3527 554 3582 in
603 3526 844 3583 Christo
894 3528 1140 3597 loquens
1191 3527 1469 3593 tradidit,
1520 3541 1653 3582 cum
1712 3526 1907 3583 dixit:

238 3638 272 3666 «
307 3616 450 3673 Sive
474 3616 880 3681 mantlucatis,
909 3638 937 3665 »δ
969 3621 1082 3672 etc.
1113 3618 1340 3672 Rursus
1376 3617 1458 3688 (p.
1491 3615 1653 3685 668):
1683 3614 1772 3677 Ὦς
1803 3617 1828 3667 ὁ
1858 3615 1909 3667 ἐν

239 3714 463 3782 Χριστῷ
491 3706 653 3758 λαλῶν
702 3706 907 3769 Παῦλος
934 3708 1213 3782 ὁριστικῶς
1252 3705 1566 3778 ἀπεφήνατο,
1597 3705 1756 3778 λέγων
1780 3720 1795 3736 ⁸
1820 3706 1905 3766 Μὴ

245 3804 660 3868 συνκοινωνεῖτε,
690 3800 803 3852 etc.
859 3797 961 3853 Uti
986 3797 1221 3852 Paulus
1272 3797 1337 3851 in
1387 3797 1619 3853 Christo
1662 3797 1908 3868 loquens

242 3886 490 3954 deﬁnite
517 3886 957 3958 pronuntiavit,
993 3886 1098 3942 ubi
1123 3887 1285 3942 dixit
1309 3901 1330 3941 :
1377 3886 1626 3942 «Nolite
1648 3901 1910 3943 commu-

240 3978 474 4047 nicare,
496 3999 521 4025 ο
556 3981 673 4033 etc.
707 3981 929 4033 Auctor
956 3975 1175 4033 alicubi
1206 3978 1290 4049 (p.
1323 3976 1452 4038 639)
1481 3990 1594 4049 pro
1616 3975 1663 4028 ἐν
1691 3984 1908 4052 Χριστῷ

242 4065 524 4130 λαλοῦντος
573 4066 828 4139 scripsit,
881 4066 930 4121 ἐν
981 4075 1199 4140 Χριστῷ
1241 4069 1672 4139 προφητεύοντος.
1721 4066 1909 4123 Velim

240 4156 527 4226 legantur
572 4156 892 4226 diligenter
939 4156 1134 4213 Basilii
1182 4155 1421 4227 Regulae
1464 4160 1593 4213 tam
1642 4156 1909 4228 majores

240 4260 433 4318 quam
462 4244 805 4301 breviores:
836 4245 900 4300 in
929 4244 1180 4318 quibus,
1211 4243 1325 4300 nisi
1356 4243 1535 4301 valde
1565 4244 1757 4316 fallor,
1779 4244 1909 4300 haec

239 4333 484 4405 longior
513 4334 740 4391 citandi
771 4334 946 4403 ratio,
981 4333 1186 4396 Παῦλος
1214 4334 1241 4386 o’
1282 4333 1330 4386 ἐν
1364 4342 1576 4408 Χριστῷ
1605 4334 1790 4402 λαλῶν,
1820 4352 1912 4393 se-

241 4422 367 4480 mel
386 4423 686 4480 duntaxat
709 4424 1013 4480 invenitur
1035 4426 1181 4496 (reg.
1215 4428 1304 4491 20,
1327 4439 1391 4479 n.
1410 4424 1507 4493 2);
1541 4441 1679 4481 cum
1709 4428 1910 4483 tamen

2022 3349 2096 3411 τῷ
2127 3339 2303 3393 εἰπεῖν·
2335 3337 2359 3358 ⁷
2386 3344 2434 3389 Ω
2460 3335 2741 3408 παρέθεντο
2769 3329 2921 3398 πολύ,
2954 3332 3090 3399 etc.,
3124 3326 3233 3383 ubi
3283 3323 3447 3385 dixit
3468 3338 3491 3379 .'
3526 3344 3556 3374 «
3583 3321 3701 3378 Cui

2024 3427 2599 3488 commendaverunt
2626 3424 2960 3484 multum,»
2992 3421 3109 3475 etc.
3142 3417 3375 3475 Rursus
3403 3414 3492 3485 (p.
3526 3414 3702 3482 635):

2037 3528 2105 3574 Εν
2133 3527 2207 3590 τῷ
2237 3518 2414 3583 εἰπεῖν,
2439 3515 2496 3567 Ὀ
2519 3517 2673 3585 γνοὺς
2702 3515 2761 3564 τὸ
2791 3510 3008 3582 θέλημα,
3034 3511 3148 3564 etc.
3172 3521 3313 3564 cum
3333 3503 3503 3572 dicit,
3529 3523 3559 3554 «
3584 3500 3706 3569 Qui

2031 3609 2309 3679 cognovit
2338 3606 2735 3670 voluntatem,
2758 3621 2788 3651 »
2817 3603 2931 3666 etc,
2954 3596 3182 3654 Deinde
3212 3597 3296 3668 (p.
3326 3594 3491 3654 639):
3520 3591 3599 3647 Ἐν
3626 3597 3700 3662 τῷ

2015 3695 2205 3761 εἰπεῖν·
2232 3696 2292 3749 Ὀ
2342 3694 2457 3768 ἐμοὶ
2504 3690 2781 3757 διακονῶν,
2815 3693 2927 3744 etc.
2960 3701 3098 3744 cum
3140 3686 3308 3747 dicit,
3361 3703 3392 3733 ι(
3416 3680 3700 3753 Quisquis

2020 3788 2175 3846 mihi
2198 3786 2572 3843 ministrat.»
2621 3785 2736 3837 etc.
2769 3776 2953 3835 Paulo
3003 3778 3145 3848 post
3184 3775 3274 3846 (p.
3313 3774 3482 3840 66.0):
3515 3769 3594 3823 Ἐν
3624 3776 3698 3840 τῷ

2021 3878 2202 3932 εἰπεῖν·
2257 3876 2317 3930 Εἰ
2361 3877 2464 3948 γὰρ
2525 3875 2807 3946 σύμφυτοι,
2836 3872 2948 3924 etc.
2995 3881 3132 3923 cum
3180 3863 3349 3930 dicit,
3399 3860 3515 3916 «Si
3540 3857 3699 3916 enim

2019 3968 2482 4040 complantati,»
2515 3967 2628 4020 etc.
2660 3964 2811 4018 Tum
2854 3960 2938 4031 (p.
2974 3959 3129 4025 642):
3165 3953 3242 4007 Ἐν
3284 3960 3358 4024 τῷ
3406 3950 3586 4004 εἰπεῖν.

2018 4067 2120 4139 γὰρ
2151 4037 2355 4133 οψώνια
2379 4065 2476 4118 τῆς
2501 4056 2781 4127 ἁμαρτίας,
2810 4052 2923 4106 etc.
2948 4046 3042 4139 his
3062 4044 3258 4139 verbis
3282 4060 3353 4139 ιιι

2019 4126 2177 4212 enim
2194 4126 2496 4221 peccati,»
2527 4126 2640 4201 ac.
2671 4144 2789 4198 Nec
2807 4139 2893 4196 ita
2911 4136 3105 4195 multo
3129 4133 3288 4193 intra
3306 4132 3391 4204 (p.
3416 4130 3549 4201 645)
3571 4146 3585 4221 ξ
3609 4126 3689 4182 Ἐν

2018 4253 2092 4318 τῷ
2124 4219 2281 4298 εἰπ-ἐῖν
2307 4261 2320 4274 ·
2371 4239 2538 4298 Αὐτὸς
2566 4236 2670 4309 γάρ
2718 4235 2860 4286 ἐστιν
2904 4228 2935 4288 ὴ
2968 4228 3139 4302 εἰρήνη
3182 4225 3349 4298 ἡμῶν,
3370 4225 3511 4318 etc.,
3544 4219 3692 4276 dum

2019 4310 2168 4391 dicit
2196 4349 2210 4388 :
2246 4351 2276 4381 ‹‹
2301 4331 2439 4399 Ipse
2466 4326 2625 4383 enim
2654 4326 2739 4379 est
2764 4333 2897 4391 pas:
2915 4322 3150 4382 nostra,
3172 4336 3201 4365 »
3231 4318 3342 4371 etc.
3368 4310 3692 4382 Aliquanto

2017 4426 2159 4498 post
2208 4422 2293 4494 (p.
2350 4416 2527 4486 648):
2578 4413 2658 4467 Ἐν
2704 4419 2778 4484 τῷ
2840 4403 3165 4498 εἰπεῖν.-⁹Ευ
3343 4401 3535 4498 ἔχομεν
3597 4400 3692 4456 τὴν

242 4512 311 4569 in
339 4512 582 4584 Regulis
632 4529 663 4570 e
702 4513 869 4570 Pauli
906 4491 1186 4587 Epistolis
1226 4491 1511 4569 sexcenta
1564 4514 1908 4573 testimonia
1935 4537 1979 4597 ι)
2018 4491 2401 4587 ἐκπολύτρωσιν,
2433 4510 2573 4599 etc.,
2602 4503 2730 4599 ubi
2745 4500 2894 4599 dicit
2925 4496 3242 4599 tein,

244 4602 499 4676 proferri
516 4607 772 4660 constet.
799 4584 971 4661 Certe
986 4603 1036 4659 si
1060 4603 1222 4660 idem
1248 4606 1461 4659 auctor
1485 4612 1698 4660 omnes
1717 4607 1906 4677 Regu-

2025 4584 2438 4672 demptionem,
2462 4618 2492 4647 »
2524 4598 2637 4650 etc.
2678 4593 2814 4648 Mox
2839 4589 2923 4660 (p.
2952 4586 3058 4643 649
3090 4584 3240 4650 bis):
3283 4584 3460 4677 Tum;
3489 4584 3647 4677 εἰπεῖν
3671 4613 3700 4650 ,θ

241 4693 335 4750 las
359 4698 417 4749 et
440 4692 597 4749 duos
626 4697 713 4751 De
733 4695 1020 4764 baptismo
1048 4693 1234 4766 libros
1260 4693 1905 4765 scripsisset.futurum

240 4782 431 4840 fuisse
449 4788 617 4857 puto,
637 4786 705 4840 ut
731 4784 937 4841 habita
956 4783 1187 4840 ratione
1208 4782 1564 4855 prolixitatis
1592 4783 1905 4858 utriusque

240 4872 468 4945 operis,
500 4872 551 4928 is
578 4887 761 4945 quem
809 4873 933 4930 dixi
976 4873 1201 4929 citandi
1248 4871 1471 4928 modus
1499 4872 1905 4946 quinquagies

238 4962 309 5018 in
367 4962 606 5032 Regulis
658 4963 1022 5035 reperiretur
1091 4966 1293 5035 Neque
1339 4961 1512 5019 facile
1549 4961 1904 5021 crediderim

238 5051 409 5109 idem
449 5051 597 5107 illud
626 5050 916 5124 loquendi
945 5067 1141 5115 genus
1183 5052 1560 5124 frequentius
1585 5053 1648 5109 in
1675 5052 1903 5110 cantoris

240 5141 445 5199 Basilii
472 5140 642 5197 libris
680 5140 996 5197 inventum
1023 5140 1112 5196 iri.
1147 5140 1374 5196 Possim
1404 5140 1647 5213 quidem
1687 5146 1746 5198 et
1786 5141 1905 5198 alia

239 5232 379 5289 loca
416 5231 705 5302 indicare,
731 5229 956 5305 quibus
993 5230 1312 5287 ostendam
1363 5230 1733 5304 scriptorem,
1764 5249 1904 5290 cum

237 5321 496 5379 Joannis
529 5322 804 5395 Baptistae
836 5322 1205 5378 mentionem
1233 5320 1501 5392 haberet,
1530 5322 1667 5394 pari
1692 5324 1905 5381 verbo-

239 5430 381 5472 rum
400 5412 751 5470 circuitione
771 5427 954 5468 usum
974 5427 1106 5468 esse
1127 5412 1293 5485 (pag.
1321 5415 1446 5477 632,
1466 5414 1589 5484 638,
1616 5417 1772 5482 658);
1799 5415 1910 5472 sed

239 5521 320 5565 ne
344 5505 586 5576 longior
615 5520 745 5561 esse
769 5503 1024 5570 viderer,
1053 5519 1126 5559 ea
1149 5502 1346 5559 sciens
1369 5503 1567 5559 omisi.
1585 5506 1669 5560 Ex
1684 5505 1908 5578 quibus

243 5596 534 5654 omnibus
584 5594 729 5652 satis
784 5593 976 5667 liquet
1013 5591 1342 5650 multarum
1390 5596 1493 5650 aut
1530 5608 1755 5652 vocum
1808 5601 1916 5655 aut

318 5690 369 5726 δ”
398 5687 602 5746 Matth.
630 5702 714 5757 ιιι,
751 5688 834 5753 14,
873 5690 959 5742 15.

2018 4664 2198 4748 Πάντα
2246 4694 2441 4743 ποιεῖτε
2497 4687 2668 4758 χωρὶς
2722 4683 3063 4753 γογγυσμῶν,
3122 4676 3260 4738 etc.,
3315 4669 3408 4725 his
3446 4664 3680 4758 verbis:

2017 4807 2048 4837 ‹‹
2074 4784 2291 4841 Omnia
2324 4755 2686 4850 facite—sine
2729 4763 3328 4830 murmurationibus,
3354 4780 3384 4850 ν
3409 4760 3524 4815 etc.
3558 4755 3683 4850 ῌοο

2012 4868 2148 4949 ipso
2191 4873 2254 4928 in
2281 4846 2419 4927 loco
2444 4886 2458 4924 :
2489 4866 2569 4921 Ἐν
2598 4872 2671 4937 τῷ
2700 4862 2878 4916 εἰπεῖν.
2918 4857 3067 4931 Ἐμὸν
3113 4852 3328 4949 βρῶμά.
3350 4847 3511 4949 ἐστιν,
3527 4846 3678 4949 ﬁte”

2015 4934 2108 5023 his
2131 4962 2368 5020 verbis:
2409 4979 2427 5011 ι
2457 4934 2825 5015 Cibusmeus
2844 4955 2952 5018 est,
2979 4970 3008 5003 »
3039 4949 3150 5005 etc.
3185 4940 3396 5001 Statim
3413 4939 3496 5011 (p.
3520 4934 3677 5003 650):

2023 5063 2088 5110 Εν
2116 5062 2189 5127 τῷ
2218 5052 2398 5106 εἰπεῖν.
2426 5052 2488 5101 Ἥ
2519 5047 2656 5121 ἁγάρ
2676 5061 2857 5118 αγαπη
2887 5046 2981 5094 τοῦ
3019 5040 3256 5113 Χριστοῦ
3278 5031 3493 5102 συνέχει

2024 5117 2380 5219 ᾳιιοοιεὶις
2448 5160 2477 5190 ‹‹
2503 5117 2787 5195 Charitas
2829 5133 2987 5190 enim
3041 5124 3273 5219 Christi
3319 5117 3683 5219 cqnstrjngit

2012 5210 2141 5292 nos.
2172 5255 2192 5286 ι
2248 5229 2501 5289 Inferius
2558 5227 2642 5300 (p.
2689 5226 2849 5295 657):
2882 5222 2962 5277 Ἐν
3008 5227 3082 5291 τῷ
3134 5214 3313 5279 εἰπεῖν,
3365 5210 3446 5263 ὃτι
3499 5210 3612 5300 Πᾶς
3653 5210 3681 5256 ὀ

2018 5325 2240 5400 βλέπων,
2274 5297 2788 5392 θῒοηοιιηι-άίσῖιε
2843 5310 3092 5370 «Omnis
3143 5306 3251 5400 qui
3297 5297 3676 5400 vid_e_t,>»'etc.

2016 5395 2191 5473 Haud
2218 5413 2301 5469 ita
2321 5413 2499 5481 longe
2523 5408 2611 5482 (p.
2643 5410 2739 5463 661
2780 5404 2886 5476 bis)
2912 5421 2926 5472 ;
2965 5400 3046 5457 Ἐν
3071 5407 3145 5471 τῷ
3182 5395 3357 5451 εἰπεῖν·
3396 5395 3676 5461 Μακάριος

2017 5507 2045 5559 ὁ
2090 5502 2277 5564 δοῦλος
2318 5499 2526 5568 ἐκεῖνος,
2556 5501 2699 5563 etc.,
2728 5496 2821 5553 his
2866 5492 3102 5554 verbis:
3150 5487 3429 5549 «Beatus
3476 5485 3685 5568 servus

2018 5597 2148 5669 ille,
2170 5617 2200 5648 ››
2232 5596 2342 5657 etc.
2370 5596 2436 5650 In
2468 5565 2689 5652 eadem
2729 5587 2996 5665 pagina:
3024 5585 3104 5641 Ἐν
3141 5590 3215 5656 τῷ
3244 5579 3421 5635 εἰπεῖν.
3451 5569 3524 5633 Ἠ
3555 5565 3614 5620 οὗ
3637 5568 3673 5597 ⁸⁸
