4092 6382
423 313 522 371 151

1948 313 2334 372 PBEFATIO.

3758 320 3858 373 152

421 439 556 500 αὕτη
607 437 639 500 ἡ
687 441 863 514 φύσις,
916 455 1052 496 cum
1099 440 1282 510 dixit,
1315 462 1344 490 «
1367 440 1593 498 Annon
1617 444 1847 497 natura
1874 438 2031 509 ipsa,
2055 460 2084 489 υ

2199 459 2362 511 ματος
2410 439 2480 503 εἰς
2528 443 2725 502 πάντας
2774 439 3076 513 ἀνθρώπους
3113 439 3183 502 εἰς
3215 437 3494 492 δικαίωσιν
3526 439 3686 508 ζωῆς,
3717 433 3857 514 qum

419 534 530 586 etc.
559 532 626 585 ln
651 529 925 602 sequenti
950 530 1116 603 (pag.
1145 534 1248 586 662
1270 531 1417 601 ter):
1442 529 1522 582 Ἐν
1543 539 1615 602 τῷ
1637 529 1894 605 εἰρηκέναι
1912 543 1928 558 ⁶
1953 531 2086 581 Οὔτε

420 617 469 672 ἓν
489 618 850 693 Ἰερουσαλὴμ,
886 622 1002 671 οὔτε
1027 618 1075 671 ἐν
1107 629 1178 692 τῷ
1217 620 1324 693 ὃρει
1353 623 1538 692 τούτῳ,
1563 625 1654 675 etc
1684 663 1698 688 ,
1730 619 1823 675 his
1847 617 2081 675 verbis:

423 727 453 758 ιι
478 708 684 780 Neque
707 709 769 764 in
793 710 1207 779 Jerosolymis,
1228 725 1420 781 neque
1448 711 1512 765 in
1541 715 1739 765 monte
1763 709 1894 778 hoc,
1921 730 1949 756 ‹‹
1972 711 2085 765 etc.

421 796 655 854 Ibidem
683 797 768 870 (p.
791 800 953 863 666):
987 804 1052 850 Εν
1082 807 1154 870 τῷ
1182 798 1342 871 λέγειν
1367 803 1497 873 πρὸς
1526 801 1724 861 πάντας
1756 802 1846 872 μέν
1872 814 1883 827 ·
1916 804 2088 870 Παρα-

423 887 563 940 καλῶ
615 885 672 940 δὲ
713 890 869 962 ὑμᾶς,
913 892 1050 960 etc.,
1085 906 1215 946 cum
1247 890 1393 946 dicit
1444 891 1526 946 ad
1578 905 1777 946 omnes
1808 889 2088 962 quidem:

424 998 455 1027 ‹‹
489 977 742 1034 Obsecro
785 985 984 1036 autem
1045 995 1227 1048 vos,»
1275 983 1392 1036 etc.
1447 983 1568 1036 Hoc
1615 980 1752 1053 ipso
1796 980 1860 1035 in
1909 977 2082 1034 loco:

423 1054 502 1120 Ἐν
525 1076 598 1139 τῷ
626 1067 786 1142 λέγειν
815 1089 830 1104 ο
856 1072 1002 1142 Λέγω
1039 1072 1138 1145 γὰρ
1172 1066 1266 1122 διὰ
1285 1079 1381 1132 τῆς
1408 1071 1652 1142 χάριτος,
1678 1074 1790 1126 etc.
1821 1069 1924 1125 ubi
1957 1069 2044 1125 ait
2063 1084 2087 1126 .'

427 1176 456 1205 κ
484 1159 631 1215 Dico
671 1161 828 1217 enim
871 1175 983 1230 per
1005 1161 1294 1231 gratiam,
1319 1163 1430 1216 etc.
1463 1159 1760 1233 Denique:
1801 1158 1879 1213 Ἐν
1909 1167 1981 1230 τῷ
2010 1162 2081 1231 μὴ

429 1254 608 1321 εἰπεῖν,
655 1252 842 1322 τούτῳ,
890 1247 1036 1317 ἀλλὰ,
1083 1258 1154 1321 τῷ
1206 1252 1443 1321 τοιούτῳ,
1487 1265 1622 1306 cum
1669 1265 1790 1306 non
1833 1249 2085 1316 dixerit,

429 1367 457 1395 «
485 1358 619 1399 cum
648 1341 778 1408 hoc,
805 1360 834 1389 »
862 1339 968 1396 sed
994 1362 1022 1391 «
1048 1355 1182 1396 cum
1205 1340 1342 1395 tali.
1376 1360 1405 1388 »
1437 1341 1520 1394 Ex
1549 1339 1776 1412 quibus
1804 1357 1840 1396 a
1868 1341 2087 1413 quovis

425 1430 677 1502 intelligi
705 1432 920 1503 potest,
948 1428 1115 1502 quod
1158 1429 1297 1498 dixi,
1330 1445 1366 1485 a
1394 1443 1491 1485 me
1536 1446 1663 1486 non
1711 1434 1929 1486 temere
1957 1429 2084 1487 dic-

425 1528 556 1582 tum
611 1523 835 1578 fuisse:
890 1520 1000 1576 sed
1053 1536 1118 1577 re
1168 1521 1304 1593 ipsa
1357 1519 1522 1578 illam
1586 1537 1777 1594 quam
1821 1522 2085 1579 indicavi

430 1613 747 1685 Scriptura:
765 1610 1024 1668 citandaa
1045 1609 1342 1667 rationem
1363 1611 1644 1683 scriptori
1665 1611 1922 1668 multum
1945 1611 2086 1668 arri-

427 1703 601 1759 sisse.
648 1701 901 1757 Basilius
953 1704 1155 1757 autem
1205 1700 1422 1757 eodem
1459 1701 1560 1757 illo
1591 1701 1832 1758 dicendi
1869 1717 2086 1772 genere

2195 528 2380 586 verba
2407 529 2763 603 perturbata
2780 545 2909 585 esse
2939 544 3080 585 cum
3102 528 3460 586 credidisset
3482 533 3651 586 vetus
3676 529 3857 586 inter-

2194 635 2357 694 pres,
2386 621 2468 678 ita
2497 622 2671 679 vertit
2711 622 2874 678 hunc
2903 621 3130 690 locum,
3162 625 3226 677 ut
3254 637 3473 678 vocum
3513 623 3858 678 Graecarum

2194 711 2469 769 ordinem
2490 728 2740 785 prorsus
2762 711 3102 768 mutaverit.
3138 711 3232 768 Sic
3251 711 3414 767 enim
3438 711 3860 784 interpretatus

2195 805 2314 858 est:
2349 803 2423 858 In
2452 817 2556 872 spe
2582 803 2718 858 vitae
2753 808 2990 858 aeternas
3024 817 3139 871 per
3170 802 3373 858 Jesum
3405 800 3714 856 Christum
3742 801 3856 856 Do-

2194 892 2425 948 minum
2473 898 2768 959 nostrum,
2801 908 2910 966 per
2946 893 3121 963 cujus
3159 891 3340 948 unius
3363 889 3856 962 justiﬁcationem

2192 980 2256 1038 in
2307 997 2521 1038 omnes
2566 982 2844 1038 homines
2891 981 2971 1038 ad
3013 981 3308 1053 justitiam
3347 980 3507 1046 vitae,
3553 980 3707 1036 sicut
3750 996 3858 1054 per

2195 1071 2377 1127 unius
2408 1070 2696 1128 delictum
2735 1071 2798 1128 in
2827 1087 3041 1128 omnes
3079 1071 3351 1128 homines
3381 1070 3462 1126 ad
3491 1069 3858 1127 condemna-

2195 1161 2444 1217 tionem.
2473 1163 2538 1216 In
2567 1176 2692 1233 quo
2723 1177 2836 1233 ego
2884 1177 3008 1217 non
3040 1159 3420 1234 reprehendo
3451 1159 3858 1233 interpretem,

2194 1249 2301 1306 sed
2331 1254 2640 1307 auctorem
2686 1251 2912 1324 potius,
2944 1252 3050 1324 qui
3091 1251 3221 1324 ipse
3265 1250 3429 1323 prior
3466 1248 3697 1324 aliquid
3742 1249 3860 1306 hoc

2193 1333 2328 1396 loco
2356 1339 2715 1411 pertubasse
2758 1339 2896 1412 jure
2933 1340 3099 1397 credi
3131 1343 3348 1414 potest.
3384 1339 3610 1396 Ibidem
3652 1344 3851 1408 (num.

2197 1427 2319 1490 10):
2382 1435 2484 1483 Καὶ
2531 1431 2632 1497 ἵνα,
2683 1433 2752 1494 ὡς
2802 1436 3129 1505 προείρηταὶ,
3172 1427 3266 1483 διὰ
3310 1439 3410 1483 τῶν
3456 1435 3862 1504 γνωριμωτέρων

2195 1519 2365 1595 ῥητῶν
2417 1539 2470 1573 τε
2516 1524 2606 1572 καὶ
2659 1523 2982 1594 πραγμάτων
3041 1517 3389 1594 ὁδηγηθῶμεν
3437 1520 3508 1582 εἰς
3544 1523 3862 1578 κατανόησιν

2196 1618 2288 1663 τοῦ
2321 1616 2585 1684 σωτηρίου
2616 1616 2705 1663 καὶ
2731 1609 2779 1662 ἐν
2807 1620 2878 1682 τῷ
2903 1611 3207 1684 βαπισματι
3234 1607 3500 1683 δόγματος
3525 1627 3537 1665 :
3563 1609 3668 1665 ubi
3688 1609 3862 1678 illud,

2196 1708 2288 1753 τοῦ
2313 1705 2574 1774 σωτηρίου
2601 1721 2691 1752 και
2721 1699 2769 1752 ἐν
2801 1710 2872 1772 τῷ
2901 1700 3236 1774 βαπτισματι
3269 1697 3554 1773 δόγματος,
3579 1715 3703 1756 non
3727 1698 3862 1772 pla-

427 1797 554 1850 tam
582 1807 803 1865 parum
833 1789 1275 1860 oblectabatur,
1297 1795 1364 1846 ut
1400 1791 1588 1847 semel
1609 1796 1757 1862 (reg.
1789 1793 1934 1864 207),
1963 1809 2087 1849 non
2117 1813 2158 1867 Β
2196 1793 2308 1863 cet,
2336 1806 2447 1846 nec
2495 1790 2733 1847 videtur
2781 1791 3079 1864 optimum
3123 1791 3477 1864 scriptorem
3502 1789 3736 1846 decere.
3770 1789 3863 1846 Ad

427 1881 710 1954 amplius,
731 1879 900 1954 quod
928 1879 1180 1952 quidem
1203 1880 1414 1950 sciam,
1445 1880 1528 1938 ita
1551 1880 1788 1938 locutus
1812 1883 1904 1939 sit.
1939 1885 2087 1939 Ecce

425 1971 611 2042 igitur
623 1971 732 2027 tibi
756 1970 880 2026 duo
911 1969 1254 2043 scriptores,
1275 1986 1540 2043 quorum
1569 1987 1730 2028 unus
1761 1978 1922 2030 certa
1939 1989 2086 2047 qua-

426 2062 573 2118 dam
602 2059 844 2117 dicendi
871 2059 1136 2116 formula
1151 2059 1524 2116 familiariter
1548 2061 1634 2117 uti
1655 2069 2081 2134 consueverat;

425 2150 577 2208 alter
599 2165 745 2207 vero
773 2151 993 2222 praeter
1021 2147 1527 2205 consuetudinem
1556 2165 1705 2206 casu
1735 2151 1941 2208 nescio
1961 2169 2086 2226 quo

423 2241 588 2297 hunc
635 2239 805 2296 illum
851 2237 1143 2310 loquendi
1189 2238 1448 2295 modum
1502 2241 1692 2296 semel
1748 2244 2082 2315 usurpavit.

423 2333 590 2387 Certe
621 2329 671 2385 si
700 2327 954 2386 Basilius
985 2330 1196 2385 auctor
1220 2332 1377 2385 esset
1412 2328 1706 2386 librorum
1733 2331 1995 2401 illorum,
2023 2333 2086 2390 in

421 2419 648 2493 quibus
678 2419 1002 2491 Scriptura:
1028 2417 1259 2490 passim
1288 2418 1550 2476 citantur
1574 2419 1678 2487 ita,
1713 2425 1777 2478 ut
1805 2423 2086 2495 superius

422 2509 570 2578 dixi,
583 2524 660 2565 ne
671 2509 946 2579 cogitans
958 2503 1205 2580 quidem
1217 2523 1320 2564 eas
1332 2509 1547 2565 eodem
1569 2511 1754 2567 modo
1774 2511 1838 2568 in
1859 2514 2087 2570 caeteris

423 2599 548 2655 suis
567 2597 811 2670 scriptis
830 2596 1044 2653 millies
1061 2596 1320 2654 citasset.
1343 2599 1674 2672 Scriptores
1691 2600 1871 2674 enim,
1893 2603 1944 2658 si
1962 2620 2087 2676 quo

421 2687 661 2745 dicendi
692 2702 910 2758 genere
939 2685 1334 2757 delectantur,
1365 2703 1438 2744 eo
1468 2689 1612 2746 data
1649 2691 1973 2748 occasione
2003 2693 2088 2750 uti

421 2779 635 2836 solent.
654 2779 849 2851 Atque
866 2776 1049 2834 etiam
1068 2777 1144 2833 iis
1173 2793 1310 2850 quae
1335 2778 1558 2850 protuli
1584 2781 1874 2854 exemplis
1895 2787 1952 2838 et
1971 2783 2090 2840 alia

421 2868 614 2924 multa
634 2867 730 2939 adj
743 2882 965 2938 ungere
987 2881 1253 2940 possem,
1281 2882 1354 2923 ex
1382 2868 1609 2941 quibus
1631 2870 1811 2942 plane
1842 2880 2088 2930 consta-

420 2962 511 3014 ret
559 2960 890 3024 auctorem,
932 2955 1116 3012 etiam
1166 2959 1307 3012 tunc
1353 2971 1494 3013 cum
1541 2959 1859 3030 Scripturae
1904 2963 2091 3019 verba

422 3063 548 3105 non
576 3047 844 3114 referret,
877 3044 1134 3102 similem
1181 3045 1475 3120 loquendi
1502 3048 1799 3107 rationem
1831 3069 1993 3126 saepe
2028 3054 2090 3110 in

2195 1879 2474 1946 verbum,
2505 1881 2807 1937 ducamur
2844 1881 2926 1936 ad
2954 1882 3353 1952 cognitionem
3381 1882 3672 1937 salutaris
3709 1886 3767 1936 et
3794 1880 3861 1934 in

2197 1970 2554 2041 baptismate
2573 1971 2890 2042 dogmatis.
2925 1970 3115 2026 Nihilo
3145 1970 3396 2026 meliora
3428 1975 3570 2026 sunt
3592 1985 3730 2043 quve
3751 1967 3862 2026 ad-

2196 2060 2480 2117 scribam.
2507 2061 2600 2116 Sic
2628 2060 2806 2130 igitur
2833 2065 3044 2116 auctor
3070 2060 3305 2133 scripsit
3330 2063 3415 2133 (p.
3450 2061 3611 2131 640):
3641 2067 3747 2112 Νῦν
3769 2061 3861 2130 μὶν

2195 2153 2330 2203 κατὰ
2393 2154 2451 2203 τὸ
2517 2156 2702 2224 μέτρον
2760 2160 2854 2212 τῆς
2903 2149 3336 2224 ἐνανθρωπήσεως
3405 2152 3864 2224 συμμορφούμενοι

2196 2243 2282 2294 τὸν
2331 2243 2433 2293 ἔσω
2480 2242 2749 2314 ἄνθρωπον
2800 2239 2847 2292 ἐν
2892 2249 2953 2313 τῇ
3000 2245 3272 2298 καινότητι
3318 2249 3414 2301 τῆς
3462 2241 3622 2306 ζωῆς,
3655 2245 3746 2292 καὶ
3792 2249 3860 2314 τῇ

2196 2335 2361 2404 μέχρι
2393 2332 2614 2384 θανάτου
2665 2331 2867 2403 ὑπακοῇ
2911 2329 2959 2382 ἓν
2989 2330 3317 2404 πληροφορίᾳ
3345 2339 3441 2391 τῆς
3486 2329 3731 2392 ἀληθείας
3758 2339 3863 2382 τῶν

2193 2422 2440 2496 ῥηματων
2474 2421 2671 2473 αὐτοῦ·
2707 2423 2808 2486 ἱνα,
2842 2425 2953 2476 etc.
2989 2419 3074 2476 Ad
3101 2419 3381 2489 verbum,
3414 2419 3593 2476 Nunc
3621 2421 3867 2491 quidem

2186 2514 2377 2583 juxta
2398 2512 2835 2568 incarnationis
2857 2526 3196 2567 mensuram
3228 2513 3532 2567 internum
3566 2510 3866 2568 hominem

2196 2603 2564 2674 conformem
2587 2609 2948 2672 prmstantes
2974 2603 3037 2658 in
3067 2603 3332 2658 novitate
3365 2603 3514 2667 vita,
3545 2608 3601 2658 et
3630 2603 3689 2656 in
3732 2602 3867 2660 obe-

2197 2693 2428 2749 dientia
2455 2708 2644 2763 usque
2663 2693 2746 2749 ad
2782 2696 3053 2762 mortem,
3080 2693 3144 2748 in
3193 2693 3431 2762 integra
3465 2693 3867 2761 persuasione

2199 2784 2471 2839 veritatis
2526 2783 2839 2839 verborum
2891 2784 3102 2852 ipsius,
3157 2787 3243 2850 ut,
3295 2787 3407 2836 etc.
3467 2781 3566 2837 Hic
3622 2785 3866 2855 praster-

2198 2887 2389 2945 quam
2420 2872 2587 2946 quod
2635 2873 2826 2929 oratio
2871 2887 2994 2928 non
3045 2870 3398 2937 absolvitur,
3431 2870 3597 2937 illud,
3625 2874 3759 2924 κατὰ
3801 2875 3865 2925 τὸ

2201 2967 2383 3037 μέτρον
2413 2972 2508 3025 τῆς
2539 2961 2985 3037 ἓνανθρωττὸσεως,
3007 2965 3199 3032 juxta
3231 2962 3672 3018 incarnationis
3702 2977 3864 3018 men-

2200 3069 2405 3110 suram
2437 3069 2561 3110 non
2598 3051 2680 3110 ita
2717 3057 2852 3128 apte
2879 3053 3110 3110 dictum
3141 3052 3392 3108 videtur.
3431 3052 3664 3125 Optime
3692 3052 3866 3110 dicas

422 3137 549 3194 suis
568 3136 738 3194 libris
759 3136 1132 3193 adhibuisse.
1149 3140 1234 3193 lta
1254 3139 1421 3194 enim
1441 3137 1711 3212 loquitur
1729 3157 1853 3198 non
1877 3150 2089 3216 procul

2203 3145 2398 3218 μάτρον
2455 3148 2698 3210 πίστεως,
2744 3159 3088 3200 mensuram
3130 3142 3308 3212 ﬁdei:
3367 3158 3492 3198 non
3548 3142 3690 3199 item
3746 3141 3864 3198 for-

421 3226 501 3283 ab
548 3225 718 3282 initio
756 3228 920 3298 (pag.
953 3224 1120 3295 625):
1179 3223 1259 3278 Ἐν
1289 3234 1362 3297 τῷ
1391 3227 1653 3302 ῥυσθῆναι
1701 3229 1802 3282 ἀπὸ
1850 3241 1945 3295 τῆς
1993 3243 2092 3286 τῶν

428 3316 822 3390 ἁμαρτημάτων
851 3310 1325 3382 καταδυναστείας,
1359 3316 1503 3373 dum
1527 3333 1564 3374 a
1591 3327 1975 3387 peccatorum
1999 3323 2094 3379 do-

421 3404 608 3461 minio
649 3403 968 3461 liberatur.
997 3406 1114 3460 Nec
1161 3403 1244 3460 ita
1287 3403 1487 3461 multo
1517 3411 1656 3478 post
1697 3410 1783 3481 (p.
1815 3411 1978 3481 626):
2011 3421 2095 3485 Τῷ

425 3494 580 3548 εἰπεῖν
620 3497 965 3552 πεποιηκέναι
1003 3494 1176 3546 πάντα
1203 3496 1271 3546 τὰ
1299 3495 1399 3547 ὑπὸ
1447 3503 1539 3548 τοῦ
1585 3504 1779 3572 Κυρίου
1830 3501 2092 3575 εἰρημένα,

424 3586 532 3657 qui
556 3585 786 3641 scilicet
816 3584 1065 3640 dixisset
1109 3584 1325 3653 fecisse
1353 3599 1413 3641 se
1441 3588 1643 3644 omnia
1685 3604 1818 3660 quae
1841 3592 2098 3661 fuerant

424 3690 463 3732 a
490 3675 745 3732 Domino
780 3675 964 3737 dicta,
997 3676 1055 3730 et
1083 3673 1202 3731 alia
1251 3673 1312 3730 id
1355 3689 1548 3745 genus
1597 3693 1723 3734 non
1754 3695 1954 3752 pauca
1981 3685 2096 3762 ia);

425 3783 566 3824 cum
594 3769 801 3822 tamen
829 3763 1082 3822 Basilius
1120 3768 1226 3821 aut
1269 3780 1614 3840 nunquam,
1651 3773 1758 3825 aut
1784 3771 2098 3831 rarissime

423 3857 542 3914 hoc
593 3855 778 3912 modo
831 3854 1157 3928 scripserit.
1195 3855 1312 3912 Sed
1362 3871 1440 3912 ne
1487 3856 1622 3930 ipsa
1672 3861 2097 3935 exemplorum

427 3946 604 4020 copia
644 3944 901 4002 molesta
951 3943 1106 4001 foret
1170 3947 1228 4001 et
1275 3944 1533 4017 ingrata,
1593 3948 1896 4020 ejusmodi
1959 3952 2097 4010 loca

429 4036 763 4095 omittenda
793 4049 926 4092 esse
948 4034 1245 4106 judicavi.

503 4128 590 4184 58.
634 4125 735 4182 Hic
780 4140 979 4200 pauca
1018 4141 1093 4181 ex
1139 4123 1345 4181 multis
1386 4130 1736 4198 cOngeram,
1765 4145 1838 4187 ex
1867 4131 2093 4204 quibus

432 4215 777 4274 confirmari
804 4213 1015 4288 possit,
1043 4213 1198 4272 duos
1226 4215 1313 4272 De
1339 4215 1631 4286 baptismo
1659 4218 1848 4276 libros
1879 4222 2091 4281 Basilio

432 4310 649 4378 Magno
697 4302 878 4361 tribui
924 4318 1048 4360 non
1096 4302 1337 4360 debere.
1383 4305 1590 4362 Statim
1641 4309 1902 4366 occurrit
1944 4309 2093 4368 illud

430 4398 517 4470 (p.
546 4398 707 4465 632):
755 4392 917 4446 Ὀσον
957 4390 1016 4446 δὲ
1061 4389 1296 4468 διαφέρει
1343 4397 1402 4447 τό
1447 4402 1657 4469 Πνεῦμα
1701 4401 1760 4450 τό
1804 4397 1950 4471 ἅγιον
1999 4409 2090 4454 τοῦ

2203 3237 2380 3304 tasse,
2410 3236 2594 3308 μέτρον
2621 3232 3072 3308 ἐνανθρωπήσεως,
3104 3248 3447 3289 mensuram
3486 3233 3866 3289 incarnatio-

2204 3323 2317 3378 nis.
2351 3323 2595 3390 Caetera,
2637 3321 2685 3375 ἐν
2728 3321 2788 3396 τῇ
2835 3327 2923 3374 καὶ
2970 3319 3056 3395 τῇ,
3110 3321 3158 3374 ἐν
3207 3321 3550 3396 πληροφορίᾳ,
3606 3320 3868 3378 hominis

2206 3415 2367 3480 sunt,
2398 3413 2503 3484 qui
2549 3411 2734 3468 verba
2763 3411 2963 3468 verbis
2993 3411 3300 3482 eleganter
3343 3416 3699 3468 connectere
3740 3425 3868 3466 non

2205 3502 2394 3560 novit.
2422 3505 2624 3575 Neque
2663 3502 2760 3559 hic
2792 3502 3015 3566 solum,
3051 3501 3157 3559 sed
3191 3502 3252 3558 in
3284 3506 3403 3559 toto
3434 3517 3614 3575 opere
3650 3501 3870 3557 oratio-

2205 3591 2301 3649 nis
2329 3596 2529 3664 partes
2579 3591 2701 3649 fere
2754 3609 2879 3649 non
2911 3592 3100 3658 aliter,
3131 3608 3319 3666 quam
3369 3590 3870 3666 praepositionum

2207 3697 2322 3755 ope
2345 3681 2500 3738 inter
2529 3697 2593 3737 se
2619 3681 3000 3755 copulantur.
3031 3683 3302 3737 Fortasse
3328 3680 3664 3754 aliquando
3684 3679 3868 3736 etiam

2207 3773 2418 3845 pejora
2444 3771 2812 3829 videbuntur
2843 3788 2979 3845 quas
3010 3772 3192 3845 paulo
3235 3777 3373 3846 post
3399 3771 3618 3843 scripta
3643 3769 3871 3826 inveni-

2207 3878 2347 3917 mus
2377 3863 2460 3934 (p.
2494 3862 2658 3933 6M):
2693 3865 2929 3936 Χριστός
2966 3864 3125 3934 ἡμᾶς,
3160 3861 3473 3936 ἐξηγόρασεν
3521 3859 3577 3913 ἐκ
3623 3869 3719 3921 τῆς
3764 3879 3866 3912 κα-

2205 3949 2367 4024 τάρας
2403 3958 2494 4003 τοῦ
2523 3954 2703 4023 νόμου,
2735 3955 3004 4023 γενόμενος
3033 3952 3159 4025 ὑπὲρ
3193 3953 3338 4024 ἡμῶν
3381 3952 3606 4025 κατάρα.
3638 3948 3774 4003 Πολὺ
3807 3944 3867 4002 δὲ

2202 4045 2449 4116 πρότερον
2479 4050 2574 4102 τῆς
2617 4041 2877 4115 ἁμαρτίας
2909 4037 3151 4099 δηλονότι
3180 4043 3371 4116 χάριτι
3415 4049 3507 4094 τοῦ
3542 4045 3733 4114 Κυρίου
3763 4037 3864 4098 Ἰη-

2206 4140 2300 4186 σοῦ
2330 4141 2586 4209 Χριστοῦ,
2618 4135 2793 4196 καθὼς
2810 4138 3123 4207 γέγραπται.
3149 4134 3450 4206 lnterpres
3474 4138 3665 4199 vetus,
3689 4133 3866 4205 cujus

2203 4223 2389 4281 menti
2415 4224 2621 4296 inepta
2643 4223 2934 4297 loquendi
2949 4225 3100 4281 ratio
3123 4225 3404 4280 tenebras
3429 4223 3765 4288 offudisset,
3782 4223 3868 4281 ita

2200 4317 2489 4372 verterat:
2525 4313 2801 4370 Christus
2827 4330 2932 4369 nos
2964 4314 3246 4370 liberavit
3276 4329 3313 4370 a
3334 4314 3654 4370 maledicto
3695 4314 3864 4384 legis,

2199 4405 2404 4477 factus
2417 4420 2532 4474 pro
2546 4405 2713 4461 nobis
2729 4405 3094 4462 maledictio.
3107 4405 3400 4473 Quoniam
3415 4409 3615 4461 autem
3628 4405 3870 4473 peccati

433 4484 649 4553 ὓδατος,
700 4492 948 4538 τοσοῦτον
996 4484 1260 4558 ὑπερέχει,
1314 4481 1577 4553 δηλονότι,
1619 4491 1710 4539 καὶ
1751 4492 1776 4540 ό
1816 4488 2089 4562 βαπτίζων

440 4577 453 4592 ἱ
514 4584 557 4592 -ιν
628 4579 639 4592 1
815 4575 827 4589 Ι
882 4580 894 4592 1
1034 4581 1055 4591 α-
1090 4573 1118 4592 Λ
1262 4574 1289 4592 Il
1472 4574 1484 4590 3
1551 4575 1568 4592 Α
1592 4572 1614 4592 ἢ
1828 4583 1837 4592 ι
1925 4580 1937 4592 ι
1985 4585 1993 4592 ι
2072 4586 2081 4592 ι

2199 4496 2535 4565 plurimum
2554 4495 2885 4565 praecessit,
2917 4495 3308 4564 manifestum
3344 4500 3450 4560 est,
3481 4493 3642 4564 quod
3661 4495 3866 4563 gratia

433 4577 482 4632 ἓν
514 4579 775 4650 Πνεῦματι
803 4575 935 4648 ἁγίῳ
965 4581 1056 4628 τοῦ
1084 4573 1433 4647 βαπτιζοντος
1464 4574 1513 4628 ἐν
1544 4572 1722 4645 ὓδατι,
1755 4583 1845 4632 καὶ
1876 4580 2001 4635 αὐτὸ
2031 4586 2090 4635 τὸ

435 4669 754 4743 βάπτισμα·
785 4667 937 4734 ὥστε,
969 4668 1085 4722 etc.
1126 4665 1217 4722 Ad
1260 4664 1556 4722 verbum:
1615 4669 1852 4736 Quanto
1891 4677 2091 4730 autem

432 4757 828 4816 excellentior
845 4760 930 4812 est
945 4755 1216 4827 Spiritus
1233 4760 1482 4812 sanctus
1497 4771 1676 4828 aqua,
1693 4763 1864 4816 tanto
1881 4761 2092 4818 videli-

434 4855 523 4907 cet
547 4852 799 4920 pra'stat
822 4851 879 4904 et
907 4847 956 4902 is
988 4847 1094 4918 qui
1123 4845 1386 4916 baptizat
1413 4847 1476 4902 in
1505 4848 1736 4917 Spiritu
1766 4857 1996 4921 sancto,
2027 4868 2092 4910 eo

433 4941 541 5013 qui
569 4939 834 5010 baptizat
872 4939 938 4994 in
965 4951 1147 5010 aqua,
1179 4943 1234 4993 et
1273 4937 1470 5006 ipsum
1516 4937 1812 5007 baptisma
1833 4953 1858 5012 ,'
1892 4943 1978 5000 sic
2004 4949 2092 5014 ut,

433 5033 545 5087 etc.
579 5029 752 5096 lllud,
779 5034 836 5086 et
873 5028 1069 5098 ipsum
1117 5027 1434 5096 baptisma,
1461 5025 1545 5084 ita
1575 5025 1900 5093 ἐλλειπτικῶς
1929 5033 2094 5105 ροεί-

431 5125 562 5178 tum
591 5135 716 5176 non
746 5117 983 5192 placet;
1033 5115 1185 5174 alius
1235 5116 1492 5189 scriptor
1529 5118 1774 5190 peritior
1819 5120 2093 5193 pluribus

433 5210 630 5267 verbis
657 5225 784 5266 rem
827 5207 1203 5281 explicasset.
1245 5205 1588 5279 Aliquando
1636 5213 1774 5279 post
1813 5218 1894 5283 (p.
1928 5213 2090 5285 635):

426 5300 534 5356 Ἐπ’
553 5297 704 5355 ἔλπίδ
711 5321 728 5353 ι
758 5300 898 5362 ζωῆς
929 5298 1137 5351 αἰωνίου
1173 5293 1285 5364 διὰ,
1309 5295 1484 5355 Ἰησοῦ
1510 5305 1745 5372 Χριστοῦ
1775 5308 1866 5353 τοῦ
1900 5307 2094 5378 Κυριου

427 5395 594 5466 ἡμῶν,
631 5387 702 5445 δι’
748 5390 827 5458 οὔ,
862 5391 1035 5463 ὥσπερ
1069 5384 1157 5440 δι’
1197 5387 1326 5457 ἑνὸς,
1357 5392 1507 5460 φησὶ,
1555 5396 1981 5464 παραπτώματος
2024 5393 2094 5458 εἰς

426 5484 624 5546 πάντας
641 5481 942 5556 ἀνθρώπους
956 5481 1026 5542 εἰς
1046 5479 1368 5552 κατάκριμα,
1385 5478 1519 5530 οὕτω
1540 5483 1630 5530 καὶ
1666 5473 1702 5531 δ
1707 5477 1737 5530 ι’
1748 5478 1855 5540 ἑνός
1877 5477 2093 5535 δικαιώ-

2203 4585 2450 4642 Domini
2467 4585 2662 4640 nostri
2681 4586 2826 4641 Jesu
2845 4583 3075 4640 Christi
3092 4583 3198 4640 hoc
3214 4583 3521 4654 praestitit,
3544 4583 3698 4638 sicut
3719 4583 3866 4638 scri-

2201 4681 2372 4746 ptum
2403 4680 2512 4732 est.
2545 4674 2742 4730 Potius
2773 4674 2854 4729 ita
2877 4673 3168 4746 scriptum
3190 4672 3430 4739 vellem,
3453 4671 3584 4724 πολὺ
3606 4668 3665 4724 δὴ
3686 4690 3866 4746 προτε-

2201 4783 2295 4838 ρου
2322 4763 2720 4838 ἐλευθερούμεθα
2746 4771 2841 4822 τῆς
2872 4762 3150 4835 ἁμαρτίας,
3184 4766 3366 4835 atque
3403 4760 3520 4817 hoc
3550 4764 3728 4833 pacto
3756 4759 3868 4816 0b-

2204 4854 2462 4911 scuritas
2514 4851 2713 4909 omnis
2745 4851 3083 4908 vitabatur:
3135 4853 3338 4922 Longe
3392 4856 3592 4908 autem
3637 4849 3868 4920 potiori

2193 4947 2338 5016 jure
2370 4944 2698 5002 liberamur
2717 4958 2754 4999 a
2771 4948 3042 5013 peccato,
3071 4943 3346 4998 videlicet
3372 4942 3600 5012 gratia,
3623 4945 3730 4996 etc.
3759 4942 3868 4995 Ne-

2202 5050 2321 5109 que
2351 5050 2423 5091 eo
2454 5049 2633 5106 quem
2666 5049 2803 5088 mox
2823 5031 3163 5087 exscribam
3195 5031 3329 5088 loco
3360 5030 3602 5086 videtur
3626 5033 3762 5102 apte
3783 5028 3868 5085 lo-

2203 5128 2377 5180 cutus
2403 5126 2633 5190 auctor,
2657 5121 2762 5195 qui
2792 5121 2877 5177 ita
2908 5119 3144 5193 scripsit
3176 5121 3255 5192 (p.
3292 5124 3449 5186 662):
3481 5127 3585 5173 Τοῦ
3615 5119 3866 5173 Ἀποστό-

2203 5213 2286 5266 λον
2340 5201 2683 5273 παιδεύοντος
2739 5210 3048 5284 ἡμᾶς.....
3100 5215 3190 5262 καὶ
3239 5207 3333 5263 διὰ
3389 5220 3482 5273 τῆς
3529 5209 3578 5261 ἐν
3628 5208 3865 5271 ἀλληλοις

2203 5311 2304 5356 τῶν
2343 5303 2503 5377 μελῶν
2556 5309 2647 5354 τοῦ
2709 5307 2947 5374 σώματος
2989 5303 3119 5372 πρὸς
3167 5304 3225 5352 τό
3271 5303 3544 5373 εὔσχημον
3582 5305 3673 5352 καὶ
3723 5298 3864 5350 ἀκιν-

2205 5390 2358 5447 δυνον
2407 5396 2905 5464 κατηναγκασμένης
2949 5389 3186 5453 εὐταξίας
3247 5390 3604 5452 κανονιζοντος
3643 5388 3692 5441 ἐν
3739 5390 3865 5460 ἡμῖν

2204 5489 2297 5545 τὴν
2328 5485 2473 5558 ἡμῶν
2522 5486 2653 5555 πρὸς
2702 5480 2950 5546 ἀλληλους
2996 5479 3272 5556 εὐάρεστον
3321 5489 3393 5553 τῷ
3443 5488 3558 5552 Θεῷ
3596 5478 3645 5532 ἓν
3685 5479 3861 5553 ἀγάπη

496 5613 580 5679 (a)
603 5610 741 5681 Leg.
773 5623 835 5681 p.
869 5609 995 5679 628,
1026 5609 1130 5664 637
1163 5607 1269 5679 bis,
1303 5612 1403 5667 641
1441 5608 1549 5676 bis,
1583 5612 1711 5684 647,
1743 5614 1842 5670 651
1883 5611 1993 5683 bis,
2027 5614 2131 5670 668
2162 5612 2276 5670 bis.
