4092 6386
302 424 324 477 l
340 423 407 477 53
1842 417 1960 473 PRA

2067 418 2226 476 LTIO.
3624 433 3726 487 154

290 552 536 620 Χριστοῦ
593 546 772 605 Ἰησοῦ
829 546 1067 611 εὐταξίαν
1132 547 1181 601 ἓν
1238 555 1300 621 τῇ
1362 544 1593 621 διαφορᾴ
1799 560 1957 615 χαρι-

2068 541 2205 599 beo.
2234 545 2409 603 Primi
2437 548 2536 606 hic
2560 554 2649 607 est
2676 551 2901 619 titulus,
2945 554 3263 608 Tractatus
3298 553 3361 609 S.
3403 554 3627 610 Basilii
3651 554 3727 609 de

296 636 531 707 σμάτων.
580 638 735 707 Λέγει
788 637 911 710 γάρ,
943 641 1081 708 etc.,
1127 652 1266 709 quae
1314 635 1499 694 verba
1545 651 1618 693 eo
1658 632 1850 697 retuli,
1895 635 1961 687 ut
2068 638 2474 695 consolatione
2491 640 2554 696 in
2575 641 3254 707 adversis,incerto,sed
3272 643 3521 713 antiquo
3543 644 3725 698 inter-

290 723 493 792 magis
525 728 755 796 pateret
781 725 1119 782 orationem
1146 731 1204 782 et
1234 726 1585 800 perplexam
1616 742 1747 783 esse
1782 730 1839 783 et
1868 726 1958 782 in-

289 812 595 881 tricatam,
626 814 936 887 nimiaque
957 822 1012 872 et
1032 816 1235 889 inepta
1253 816 1757 889 praepositionum
1783 815 1961 889 copia

288 903 659 961 redundare.
711 906 883 962 Haud
922 905 1102 977 longe
1148 922 1185 962 a
1241 907 1362 963 ﬁne
1401 907 1486 963 sic
1534 906 1825 980 scriptum
1871 910 1962 963 est

282 995 383 1066 '(p.
419 998 578 1063 672):
631 994 792 1048 Καλεῖ
827 992 905 1063 δὲ,
950 997 1033 1049 ὅτε
1080 996 1193 1049 ἐστὶ
1239 1001 1391 1071 πρὸς,
1440 1000 1529 1050 τὸν
1567 996 1694 1051 Θαὸν
1737 1002 1828 1049 καὶ
1871 1000 1957 1049 τὸν

292 1087 530 1157 Χριστὸν
560 1084 721 1137 αὐτοῦ
970 1085 1247 1160 πληρῶσαι
1276 1092 1370 1147 τὴν
1401 1085 1599 1145 ἐντολὴν
1629 1094 1722 1139 τοῦ
1762 1091 1958 1160 Κυρίου

294 1172 549 1234 εἰπόντος’
607 1173 844 1233 Ἐντολὴν
891 1181 1095 1241 καινήν,
1144 1181 1255 1233 etc.
1334 1176 1489 1242 Quid
1549 1180 1659 1247 est,
1726 1192 1956 1249 quaeso,

292 1261 464 1328 illud,
524 1263 667 1317 ἐστὶν
717 1263 894 1337 ἀγάπη
941 1265 1265 1339 πληρῶσαιῗ
1312 1266 1418 1340 qui
1460 1266 1629 1336 illud,
1687 1270 1819 1342 πρὸς
1870 1268 1958 1318 τὸν

295 1355 427 1405 Θεὸν
453 1358 543 1405 καὶ
572 1356 660 1405 τόν
688 1358 921 1429 Χριστὸν
955 1358 1136 1422 αὐτοῦ,
1181 1356 1266 1413 ita
1296 1356 1422 1411 sine
1452 1356 1575 1412 ulla
1605 1356 1824 1428 copula
1854 1370 1959 1428 p0-

293 1442 520 1499 situm?
543 1443 763 1500 Saltem
786 1444 1062 1502 additum
1085 1447 1453 1520 oportuisset
1473 1445 1814 1512 articulum,
1840 1444 1957 1501 hoc

291 1532 479 1587 modo
504 1550 517 1588 :
542 1535 572 1591 ἠ
597 1538 730 1609 πρὸς
756 1537 845 1587 τὸν
876 1539 1125 1593 Θεόν.....
1159 1534 1357 1608 ἀγάπη.
1386 1535 1638 1592 Monebo
1659 1534 1756 1591 hic
1777 1533 1957 1606 quasi

289 1621 662 1693 praeteriens,
695 1627 888 1680 totum
929 1622 1052 1681 fere
1082 1625 1513 1695 fragmentum,
1544 1623 1713 1698 quod
1744 1626 1804 1680 in
1836 1630 1956 1695 Ap-

289 1709 547 1782 pendice
566 1726 638 1767 ex
659 1727 785 1768 uno
814 1713 1021 1770 codice
1041 1713 1223 1786 Regio
1244 1713 1499 1770 orationi
1521 1713 1766 1769 cuidam
1788 1711 1958 1768 addi-

2066 731 2237 793 prete
2252 742 2274 781 .·
2295 729 2568 794 secundi,
2588 731 2875 801 Ejusdem
2891 730 2951 786 S.
2974 732 3182 787 Patris
3208 731 3426 786 Basilii
3451 733 3729 788 salutare

2069 820 2123 871 et
2144 817 2443 874 eruditum
2468 835 2637 890 opus,
2650 823 2724 877 de
2736 821 2915 878 laude
2924 822 3215 878 solitariae
3228 822 3384 887 vitae,
3397 822 3621 877 incerto
3633 823 3725 876 in-

2067 911 2360 975 terprete:
2381 908 2552 980 tertii,
2566 912 2629 967 S.
2644 912 2867 967 Basilii
2880 912 3167 967 Caesarea
3190 911 3592 981 Cappadociae
3608 911 3730 980 epi-

2066 998 2233 1066 scopi
2240 998 2570 1055 admonitio
2583 1002 2664 1056 ad
2670 1002 2866 1070 ﬁlium
2878 1002 3278 1070 spiritualem,
3296 1001 3527 1056 incerto
3538 1001 3724 1056 inter-

2062 1091 2250 1154 prete.
2275 1089 2443 1152 Quod
2479 1094 2683 1145 autem
2712 1090 2773 1146 in
2801 1090 3191 1163 inscriptione
3221 1089 3544 1161 cujuslibet
3566 1105 3724 1161 opu-

2067 1175 2215 1230 sculi
2236 1175 2472 1248 legitur,
2499 1180 2727 1236 incerto
2749 1181 3092 1250 interprete,
3135 1195 3259 1235 non
3296 1183 3571 1235 nostrum
3614 1182 3721 1245 est,

2066 1264 2176 1319 sed
2206 1280 2438 1334 eorum,
2464 1268 2567 1340 qui
2586 1268 2881 1325 editiones
2912 1270 3193 1342 antiquas
3222 1268 3617 1325 adornarunt.
3636 1271 3725 1323 An

2065 1354 2228 1410 enim
2251 1354 2374 1411 ulla
2402 1372 2475 1412 ex
2504 1357 2599 1413 his
2631 1358 3174 1415 lucubratiunculis
3212 1374 3488 1430 unquam
3524 1360 3726 1414 Graece

2065 1444 2372 1514 exstiterit,
2403 1446 2665 1503 dubitari
2696 1449 2910 1504 merito
2938 1464 3118 1521 posse
3159 1448 3562 1505 arbitramur:
3599 1447 3725 1503 imo

2062 1532 2286 1605 potius,
2308 1534 2425 1590 nisi
2449 1536 2628 1593 valde
2649 1536 2933 1605 fallimur,
2955 1538 3068 1594 tria
3086 1538 3215 1593 haec
3241 1536 3535 1610 opuscula
3555 1552 3592 1591 a
3615 1537 3724 1591 La-

2062 1622 2204 1678 tinis
2225 1626 2566 1697 composita
2585 1626 2769 1683 fuisse
2790 1643 2903 1700 pro
2922 1632 3084 1683 certo
3104 1627 3313 1683 haberi
3329 1631 3546 1698 potest.
3567 1627 3726 1698 Opu-

2064 1710 2210 1766 sculi
2242 1712 2419 1784 primi
2459 1715 2826 1771 mentionem
2873 1716 3099 1772 faciens
3145 1714 3598 1771 eruditissimus
3635 1713 3725 1769 vir

290 1800 521 1869 dimus,
542 1817 574 1857 e
596 1802 791 1874 capite
809 1804 980 1860 tertio
1000 1803 1138 1859 libri
1156 1803 1336 1876 primi
1367 1805 1454 1860 De
1484 1804 1779 1873 baptismo
1796 1819 1955 1858 sum-
1994 1807 2036 1864 B
2062 1802 2324 1856 Joannes
2354 1802 2635 1859 Albertus
2671 1804 3093 1869 Fabricius,ita
3120 1804 3325 1859 scribit
3342 1805 3451 1875 (l):
3478 1804 3614 1859 Non
3638 1808 3724 1859 est

291 1893 469 1963 ptum
504 1907 656 1947 esse.
699 1892 839 1963 Ejus
886 1908 1074 1966 quam
1104 1893 1247 1961 dixi,
1281 1895 1571 1950 orationis
1606 1893 1841 1949 initium
1868 1895 1957 1947 est

293 1980 383 2051 (in
410 1985 563 2053 App.
591 1998 734 2054 pag.
769 1982 921 2054 583):
954 1981 1013 2035 Ὀ
1035 1983 1421 2057 βαπτιζόμενος
1445 1984 1515 2046 εἰς
1535 1980 1743 2058 Τριάὸα
1766 1981 1957 2056 βαπτί-

295 2070 465 2137 ζεται,
499 2070 569 2131 εἰς
600 2076 808 2146 Πατέρα
835 2077 926 2125 καὶ
956 2075 1077 2126 Υἱὸν
1102 2078 1193 2125 καὶ
1224 2073 1373 2145 ἅγιον
1417 2080 1645 2147 Πνεῦμα.
1695 2073 1811 2140 Qui
1859 2072 1958 2127 ba-

295 2161 544 2225 tizatur,
587 2162 651 2216 in
685 2162 1039 2218 Trinitatem
1079 2162 1441 2231 baptizatur,
1483 2164 1546 2217 in
1602 2163 1845 2219 Patrem
1900 2165 1956 2217 et

291 2251 545 2306 Filium
579 2256 635 2307 et
680 2251 975 2320 Spiritum
1029 2252 1377 2309 Sanctum:
1442 2252 1760 2323 fragmenti
1818 2266 1958 2306 vero

291 2340 380 2412 (p,
417 2340 580 2410 585):
616 2339 758 2394 Ἐπεὶ
790 2338 850 2394 δὲ
877 2349 1011 2395 Θεοῦ
1040 2349 1132 2394 τοῦ
1165 2341 1364 2414 ἀγαθοῦ
1408 2345 1617 2417 χάριτι,
1662 2350 1724 2415 τῇ
1776 2346 1952 2414 μνήμῃ

293 2438 397 2481 τῶν
427 2436 519 2483 τοῦ
549 2438 856 2503 μονογενοῦς
879 2439 1003 2484 Υιοῦ
1033 2439 1123 2484 τοῦ
1152 2440 1285 2485 Θεοῦ
1310 2428 1402 2484 τοῦ
1444 2432 1636 2493 ζῶντος
1687 2433 1955 2506 ῥημάτων,

295 2524 408 2576 etc.
437 2520 555 2576 Sed
583 2522 739 2578 enim
771 2537 848 2577 ex
871 2522 1087 2590 optimi
1122 2523 1236 2579 Dei
1269 2524 1495 2594 gratia,
1544 2521 1963 2578 recordatione

302 2611 615 2667 verborum
652 2612 955 2683 unigeniti
975 2612 1126 2668 Filii
1151 2613 1264 2668 Dei
1287 2613 1560 2678 viventis,
1591 2618 1703 2667 etc.
1752 2613 1822 2667 Ut
1840 2610 1957 2680 hic,

296 2698 380 2754 ita
406 2702 464 2755 et
495 2697 644 2755 alias
674 2715 834 2772 saepe
863 2700 1020 2756 Deus
1059 2700 1122 2756 in
1164 2700 1259 2757 his
1304 2700 1471 2757 libris
1516 2700 1724 2755 vivens
1771 2698 1966 2755 nomi'

296 2795 515 2846 natur:
568 2790 742 2861 cujus
790 2790 1167 2848 creberrimae
1196 2790 1570 2864 repetitionis
1616 2805 1740 2846 non
1787 2789 1963 2844 video

297 2894 415 2949 ego
443 2895 718 2947 causam,
757 2880 873 2936 nisi
903 2880 1053 2936 forte
1095 2881 1349 2954 scriptor
1380 2880 1602 2937 veritus
1630 2880 1723 2947 sit,
1756 2894 1833 2935 ne
1858 2877 1966 2951 qui

298 2969 487 3024 Deum
519 2973 828 3026 mortuum
860 2986 987 3026 esse
1026 2970 1495 3039 arbitrarentur;
1536 2970 1617 3026 ob
1644 2968 1829 3042 idque
1859 2982 1964 3022 ne-

2062 1890 2458 1960 Basilii,nece
2470 1894 2675 1949 Grzco
2686 1895 3021 1963 versus,sed
3032 1895 3248 1950 Latine
3258 1895 3519 1963 scriptus
3537 1908 3575 1949 a
3599 1894 3726 1949 Vic-

2065 1982 2326 2053 tore,qui
2351 1987 2486 2051 post
2526 1984 2834 2040 Rusticum
2874 1985 3195 2040 Cartennae
3232 1982 3628 2039 Mauritania
3656 1982 3722 2037 in

2063 2069 2108 2122 Α
2120 2069 2281 2137 frica
2294 2073 2603 2140 episcopus
2615 2073 2778 2128 circa
2794 2074 2840 2128 A
2853 2072 2931 2129 .C.
2948 2076 3051 2128 460
3061 2074 3269 2143 fuit,et
3287 2072 3447 2126 hunc
3458 2070 3725 2126 consola-

2065 2160 2285 2214 torium
2302 2160 2706 2232 libellum,qui
2714 2164 2893 2218 etiam
2907 2163 3067 2219 inter
3077 2164 3134 2217 S.
3149 2162 3444 2218 Eucherii
3452 2174 3635 2229 opera
3649 2160 3726 2215 le-

2062 2250 2337 2320 gitur,ad
2351 2253 2547 2307 nescio
2563 2268 2735 2324 quem
2754 2253 3039 2309 Basiliam
3054 2268 3236 2322 super
3250 2255 3441 2307 morte
3452 2250 3724 2319 ﬁliiscri-

2062 2341 2364 2408 psit,teste
2388 2341 2699 2398 Gennadio
2724 2358 2857 2412 cap.
2888 2347 2952 2399 67
2982 2345 3061 2398 De
3082 2340 3478 2413 scriptoribus
3510 2338 3725 2397 eccles.

2068 2429 2287 2485 Eadem
2311 2432 2541 2486 notavit
2558 2431 2947 2487 doctissimus
2967 2433 3054 2487 vir
3070 2431 3393 2488 Casimirus
3425 2428 3724 2495 Oudinus,

2066 2520 2241 2591 cujus
2254 2520 2383 2575 haec
2401 2524 2541 2576 sunt
2553 2520 2737 2577 verba
2754 2522 3175 2593 (tom.l,p.572)
3195 2538 3208 2576 :
3237 2521 3505 2590 Epistola
3525 2533 3725 2575 conso-

2070 2611 2295 2667 latoria
2328 2612 2391 2666 in
2419 2611 2689 2668 adversis
2720 2615 3071 2683 neutiquam
3101 2616 3331 2681 spectat
3352 2610 3434 2666 ad
3452 2613 3722 2666 sanctum

2071 2701 2369 2757 Basiliam
2385 2701 2670 2757 Caesareae
2679 2702 3218 2772 archiepiscopum,
3245 2701 3340 2757 vel
3360 2700 3441 2756 ad
3454 2700 3725 2756 Graecum
3745 2721 3751 2725 -

2068 2791 2259 2846 alium
2272 2798 2576 2847 auctorem
2588 2814 2607 2850 ,ο
2618 2793 2720 2849 sed
2732 2794 2982 2849 hominis
2996 2792 3202 2847 Latini
3208 2797 3312 2859 est,
3324 2790 3570 2846 Victoris
3584 2789 3732 2844 Car-

2071 2885 2266 2936 tennw
2280 2881 2343 2935 in
2356 2881 2570 2950 Africa
2581 2883 2862 2951 episcopi,
2885 2883 2991 2953 qui
3009 2897 3136 2938 eam
3163 2881 3245 2937 ad
3275 2881 3535 2937 amicum
3552 2892 3727 2934 suum

2069 2970 2387 3041 quemdam
2427 2971 2667 3027 nomine
2693 2971 2993 3026 Basilium
3015 2971 3351 3039 scripsit,ut
3377 2968 3551 3037 infra
3575 2965 3730 3023 dice-

300 3075 472 3116 cesse
515 3075 648 3117 esse
672 3059 978 3133 judicarit,
1020 3064 1085 3117 ut
1121 3076 1259 3117 eum
1304 3061 1504 3118 vivere
1551 3059 1776 3133 saepius
1811 3056 1967 3114 aﬂir—
2001 3074 2042 3131 (ς
2069 3075 2221 3114 mus.
2266 3058 2394 3114 Alio
2424 3063 2629 3114 autem
2656 3058 2758 3114 illo
2779 3060 2840 3114 in
2872 3058 3007 3115 loco
3029 3059 3282 3115 Victoris
3302 3054 3729 3113 Cartennensis

299 3154 495 3206 maret
506 3192 519 3205 .

298 3242 330 3308 §
366 3243 500 3297 XIII.
543 3242 629 3298 De
664 3241 941 3313 Liturgia
984 3242 1223 3310 Basilii,
1266 3243 1456 3315 deque
1499 3240 1735 3298 Latinis
1771 3239 1963 3295 tribus

371 3331 700 3400 opusculis,
738 3336 794 3386 et
823 3332 896 3388 de
926 3333 1115 3388 veleri
1140 3332 1405 3403 quadam
1441 3331 1650 3402 Ruﬁni
1677 3343 1961 3402 quarum-

370 3420 514 3476 dam
544 3420 884 3476 orationum
916 3419 1440 3488 interpretatione.

371 3513 462 3565 59.
489 3512 567 3565 De
597 3507 795 3564 Basilii
818 3508 1082 3578 Liturgia
1110 3514 1234 3564 tam
1270 3508 1441 3565 multi
1469 3512 1593 3565 tam
1615 3506 1803 3564 multa
1824 3505 1962 3561 scri-

293 3603 571 3674 pserunt,
592 3604 657 3655 ut
676 3598 885 3671 siquid
901 3597 1041 3656 novi
1058 3598 1280 3656 addere
1295 3597 1533 3667 vellem,
1548 3603 1790 3669 tempus
1808 3594 1962 3651 male

290 3689 497 3746 locare
515 3688 662 3745 mibi
684 3688 936 3745 viderer.
960 3688 1307 3756 Quamdam
1336 3692 1541 3745 autem
1560 3684 1755 3743 Basilii
1777 3685 1961 3741 Litur-

295 3778 460 3850 giam
472 3779 615 3835 olim
629 3780 921 3836 exstitisse
938 3779 1110 3836 facile
1127 3779 1390 3836 fatentur
1399 3793 1542 3834 omn
1552 3792 1633 3833 es.
1654 3777 1793 3848 Ejus
1806 3776 1890 3831 rei
1907 3778 1965 3831 et

296 3868 534 3941 antiqui
553 3872 610 3925 et
630 3874 897 3925 recentes
927 3873 1109 3925 testes
1140 3869 1419 3938 citantur,
1460 3866 1723 3936 Proclus,
1758 3868 1964 3921 Petrus

300 3959 628 4028 Diaconus,
660 3959 940 4016 Leontius
962 3958 1345 4032 Byzantinus,
1369 3957 1639 4033 episcopi
1664 3957 1724 4013 in
1766 3954 1963 4013 Trullo

301 4049 675 4121 congregati,
709 4038 912 4106 Patres
938 4050 1174 4107 concilii
1196 4049 1453 4124 septimi,
1487 4046 1798 4105 Cabasilas
1818 4049 1964 4103 Mar-

301 4154 409 4195 cus
440 4139 798 4213 Ephesinus.
842 4139 1026 4195 Video
1054 4139 1236 4212 igitur
1265 4138 1409 4196 satis
1438 4136 1620 4195 hodie
1658 4136 1809 4192 inter
1836 4150 1967 4191 eru-

298 4229 456 4285 ditos
486 4233 786 4297 constare,
810 4229 1135 4300 Liturgiam
1157 4229 1425 4302 aliquam
1448 4244 1483 4283 a
1506 4226 1721 4284 Basilio
1749 4228 1966 4296 Magno

2070 3148 2293 3219 scripta
2312 3148 2805 3205 recensensidem
2826 3147 3121 3215 Oudinus,
3152 3147 3233 3203 ita
3256 3145 3521 3219 loquitur
3551 3144 3723 3213 (ibid.

2069 3252 2128 3311 p.
2156 3240 2310 3309 i282)
2338 3255 2350 3293 :
2377 3240 2548 3305 Item,
2574 3238 2726 3295 liber
2749 3240 2834 3295 De
2855 3238 3265 3294 consolatione
3282 3237 3345 3291 in
3361 3236 3629 3292 adversis
3646 3233 3729 3290 ad

2069 3328 2559 3398 Basilium,inter
2596 3342 2780 3398 opera
2813 3328 3006 3385 sancti
3042 3327 3265 3383 Basilii
3289 3326 3527 3396 Magni:
3566 3322 3728 3395 quod

2067 3421 2278 3475 nullus
2299 3420 2632 3475 adnotavit.
2646 3420 2783 3475 Jam
2797 3423 2997 3475 autem
3021 3418 3210 3490 ipsrus
3230 3415 3523 3474 Gennadii
3540 3413 3729 3470 verba

2066 3510 2287 3565 referre
2308 3524 2507 3580 operae
2529 3508 2787 3581 pretium
2810 3510 3016 3580 est(a),
3038 3511 3170 3564 Haec
3186 3513 3388 3564 autem
3407 3510 3573 3560 sunt:
3599 3505 3730 3559 Vic-

2070 3598 2499 3653 torCartennae
2517 3598 2908 3654 Mauritaniae
2928 3598 3190 3653 civitatis
3221 3599 3552 3665 episcopus,
3582 3593 3730 3649 scri-

2064 3687 2187 3758 psit
2207 3686 2494 3743 adversus
2509 3688 2772 3742 Arianos
2786 3687 3005 3742 librum
3028 3702 3215 3742 unum
3239 3687 3552 3755 longum...
3577 3688 3633 3739 et
3648 3682 3732 3738 ad

2068 3778 2367 3833 Basiliam
2385 3776 2701 3847 quemdam
2714 3792 2896 3845 super
2914 3783 3104 3831 morte
3119 3774 3239 3844 ﬁlii
3255 3772 3726 3830 consolatoriam

2071 3866 3587 3937 librum,speresurrectionis,perfectainstructione
3602 3876 3729 3915 mu-

2069 3958 2286 4013 nitum.
2319 3959 2436 4012 Nec
2458 3956 2621 4011 aliud
2641 3955 2716 4011 de
2738 3971 2811 4011 eo
2829 3954 3031 4011 libello
3049 3954 3230 4010 sentit
3251 3951 3599 4010 Guillelmus
3620 3950 3729 4006 Ca-

2069 4062 2204 4103 vus.
2226 4049 2348 4116 Ego
2370 4049 2570 4102 autem
2592 4061 2715 4101 non
2741 4048 2983 4115 negabo
3005 4043 3250 4117 quidem
3270 4042 3440 4099 illam
3460 4038 3730 4097 doctissi-

2072 4152 2311 4192 morum
2324 4136 2590 4192 virorum
2606 4136 2963 4191 sententiam
2975 4151 3182 4190 veram
3194 4132 3380 4189 videri
3396 4149 3408 4187 :
3424 4132 3529 4187 sed
3541 4131 3728 4204 ipsam

2072 4242 2276 4281 veram
2298 4241 2431 4281 esse
2462 4240 2586 4281 non
2609 4224 2783 4280 facile
2816 4223 3070 4280 fatebor.
3113 4222 3219 4295 Cui
3258 4222 3418 4278 enim
3455 4234 3729 4292 unquam

300 4319 591 4393 scriptam
623 4318 847 4376 fuisse:
884 4319 991 4375 sed
1025 4318 1179 4375 inter
1208 4335 1313 4377 eos
1352 4334 1475 4374 non
1517 4317 1719 4374 minus
1749 4329 1969 4371 conve-
1996 4331 2041 4386 ι)
2073 4309 3731 4387 persuaderipoterit,libellum,inquoneunumquidem

298 4411 405 4478 nit,
429 4426 565 4467 eam
594 4410 674 4465 ad
689 4425 802 4466 nos
822 4409 1121 4482 integram
1143 4414 1200 4466 et
1216 4424 1436 4483 puram
1453 4423 1575 4464 non
1596 4406 1961 4481 pervenisse,

299 4500 406 4558 sed
423 4498 727 4572 aliquibus
740 4499 889 4555 locis
910 4505 1013 4556 aut
1030 4499 1326 4559 mutilam,
1342 4503 1442 4554 aut
1465 4502 1729 4565 auctam,
1749 4503 1966 4553 autva-

297 4591 403 4647 riis
423 4590 684 4663 denique
704 4588 903 4645 modis
919 4594 1236 4646 mutatam.
1253 4591 1319 4645 Et
1335 4586 1585 4660 quidem
1602 4590 1806 4644 Petrus
1829 4586 1963 4642 Dia-

299 4695 493 4738 conus
514 4679 834 4751 cujusdam
850 4679 1214 4752 precationis
1233 4677 1526 4744 meminit,
1545 4692 1729 4749 quam
1749 4676 1810 4731 in
1827 4692 1965 4731 nos-

297 4771 406 4828 tris
425 4769 875 4842 exemplaribus
886 4785 1011 4826 non
1022 4773 1260 4826 exstare
1278 4772 1530 4825 constat.
1549 4767 1706 4823 Inter
1717 4772 1963 4823 caateros

300 4865 527 4929 autem,
559 4859 666 4933 qui
706 4864 913 4917 nostra
936 4864 1107 4916 aetate
1145 4859 1220 4915 de
1256 4857 1453 4915 Basilii
1481 4856 1742 4927 Liturgia
1779 4857 1964 4913 disse-

298 4967 496 5021 ruere,
516 4948 813 5007 recenseri
838 4954 1116 5023 possunt,
1154 4948 1504 5006 Guillelmus
1541 4948 1760 5016 Cavus,
1796 4946 1962 5003 Tille-

298 5042 588 5108 montius,
606 5038 943 5096 Ludovicus
961 5039 1260 5112 Dupinus,
1277 5039 1545 5095 Joannes
1567 5036 1840 5094 Albertus
1864 5039 1966 5092 Fa-

296 5131 550 5201 bricius,
566 5128 897 5188 Casimirus
911 5129 1205 5196 Oudinus,
1220 5134 1279 5185 et
1288 5128 1378 5184 vir
1390 5126 1961 5184 clarissimusidem-

294 5238 416 5296 que
427 5219 811 5277 doctissimus
824 5218 1111 5275 Eusebius
1124 5217 1515 5275 Benaudotus
1531 5243 1541 5276 :
1556 5218 1729 5288 cujus
1743 5217 1898 5289 scrip
1908 5224 1962 5272 ta

295 5312 403 5387 qui
415 5309 1043 5380 rerumliturgicarum
1057 5309 1277 5366 curiosi
1289 5308 1643 5381 sunt,legere
1658 5312 1959 5381 poterunt.

372 5405 460 5458 60.
492 5403 690 5459 Pauca
717 5399 794 5456 de
821 5398 1048 5455 Latinis
1080 5398 1271 5456 tribus
1290 5398 1603 5472 opusculis
1622 5397 1818 5454 dicere
1847 5396 1958 5455 ha-

412 5634 495 5708 (a)
532 5637 719 5693 Genu.
741 5635 828 5692 De
856 5633 1001 5692 viris
1020 5633 1147 5691 ill..
1179 5648 1232 5691 c.
1258 5639 1348 5692 77.

2072 4405 2327 4461 verbum
2349 4404 2424 4459 de
2446 4402 3105 4460 amissioneliberorum
3119 4402 3352 4474 legitur,
3366 4399 3731 4472 illudipsum

2073 4510 2228 4567 opus
2250 4510 2385 4550 esse
2407 4494 2652 4550 Victoris
2690 4492 3131 4560 Cartennensis,
3182 4490 3349 4564 quod
3384 4487 3733 4546 Gennadius

2073 4585 2156 4641 ait
2174 4584 2309 4640 ideo
2322 4584 2615 4656 scriptum
2636 4583 2820 4639 fuisse
2841 4598 2877 4638 a
2891 4582 3146 4650 Victore,
3164 4580 3571 4653 utquemdam
3586 4578 3735 4634 ami-

2071 4692 2213 4732 cum
2235 4691 2413 4730 suum
2436 4690 2619 4747 super
2637 4676 2828 4729 morte
2844 4670 3412 4729 ﬁliiconsolaretur?
3431 4671 3595 4725 Certe
3608 4683 3732 4725 non

2071 4764 2235 4821 estin
2256 4762 2572 4835 exemplis,
2598 4762 2714 4818 tale
2734 4761 3073 4835 quidquam
3094 4775 3368 4833 unquam
3411 4757 3730 4816 accidisse.

2072 4854 2353 4927 Quisquis
2387 4854 2570 4924 igitur
2597 4852 2867 4909 libellum
2903 4850 3393 4917 consolatorium,
3434 4848 3540 4922 qui
3577 4847 3733 4905 inter

2072 4944 2265 5001 Basilii
2302 4959 2488 5016 opera
2519 4944 2823 4999 invenitur
2849 4944 3014 5015 (pag.
3066 4944 3211 5012 697),
3256 4940 3483 5011 legerit,
3528 4937 3732 4995 statim

2071 5035 2526 5103 animadvertet,
2554 5034 2754 5107 ipsum
2786 5033 3126 5090 confectum
3156 5031 3342 5087 fuisse
3380 5045 3505 5088 non
3544 5045 3733 5087 causa

2070 5124 2276 5198 patris,
2300 5124 2476 5196 cujus
2496 5123 2656 5179 ﬁlius
2694 5127 2971 5180 mortuus
2998 5125 3173 5189 esset,
3199 5120 3305 5177 sed
3325 5136 3513 5177 causa
3549 5121 3732 5177 mise-

2070 5231 2297 5276 rorum,
2322 5228 2691 5287 quacunque
2714 5212 3056 5270 calamitate
3094 5216 3198 5269 aut
3221 5226 3496 5269 aerumna
3536 5209 3733 5266 aﬂice-

2066 5309 2307 5361 rentur:
2335 5303 2534 5361 sedita
2546 5302 3344 5375 tamen,utscriptorinterea
3357 5302 3506 5357 dum
3518 5315 3732 5358 omnes

2068 5395 2454 5454 calamitosos
2484 5392 2787 5451 consolari
2817 5393 3322 5469 vellet,praacipue
3356 5391 3427 5448 iis
3453 5390 3730 5450 solatium

406 5762 475 5838 (')
509 5761 670 5820 Bibl.
703 5760 897 5821 Griec.
923 5762 1069 5820 tom.
1090 5760 1169 5820 IX
1188 5758 1285 5818 ed.
1312 5757 1539 5819 Harles.
1563 5759 1706 5820 Vide
1722 5758 1879 5819 inter
1896 5758 2331 5833 Prolegomena
2347 5756 2530 5833 hujus
2552 5754 2854 5824 editionis,
2880 5770 3022 5832 pag.
3049 5770 3246 5815 ccum
3274 5754 3339 5812 D.
3368 5756 3523 5814 Εοιτ.
3548 5756 3725 5814 Pun.
