4092 6378
399 398 501 453 155

1897 390 2285 450 PREFATIO.

3717 389 3819 442 156

396 515 611 573 afferre
631 520 886 576 conatus
908 516 1001 584 sit,
1029 517 1134 590 qui
1148 517 1331 592 lepras
1351 519 1567 577 morbo
1588 518 2052 577 afﬂictabantur.
2083 519 2129 575 Α
2160 530 2258 572 me
2284 513 2544 587 speravi,
2579 512 2629 570 si
2660 512 2874 570 veteris
2902 511 3062 569 illius
3084 507 3425 584 interpretis
3453 524 3607 583 opus
3631 508 3694 566 in
3720 508 3818 564 lu-

395 607 546 662 Nam
566 605 702 677 ipso
723 606 891 663 initio
911 606 994 663 ita
1005 609 1328 681 auctorloq
1338 609 1495 665 uitur
1515 626 1527 664 :
1546 608 2052 677 Quemadmodum

392 696 590 761 navis,
607 711 743 753 cum
757 697 1058 753 undarum
1082 703 1429 768 tempestate
1450 706 1795 772 quassatur,
1810 700 1932 754 nisi
1946 714 2053 769 gu-

397 783 774 843 bernatorem
794 787 1222 855 peritissimum
1245 789 1484 859 habeat,
1512 805 1551 846 a
1567 790 1848 859 ﬂuctibus
1867 789 2054 844 maris

396 872 514 928 cito
534 875 900 931 conteritur:
919 875 1007 932 ita
1021 880 1076 932 et
1099 877 1272 932 homo
1294 892 1428 933 cum
1444 879 1504 933 in
1528 878 1831 949 aliquibus
1847 876 2054 933 adver-

396 961 475 1019 sis
490 962 685 1031 fuerit
712 965 1092 1036 constitutus,
1140 967 1261 1022 nisi
1301 966 1515 1024 habuit
1550 972 1801 1023 mentem
1838 966 2052 1022 divinis

396 1051 650 1123 eloquiis
672 1053 999 1122 eruditam,
1028 1055 1147 1111 cito
1176 1057 1415 1113 animus
1440 1058 1568 1126 ejus
1602 1056 1943 1127 frangitur,
1996 1059 2052 1111 et

393 1140 613 1196 salutis
637 1156 762 1198 suce
796 1145 1048 1199 sustinet
1086 1143 1396 1202 damnum.
1445 1146 1717 1217 Quisquis
1763 1160 1903 1214 ergo
1946 1145 2054 1201 ille

396 1243 456 1286 es
476 1231 712 1298 positus
732 1231 797 1287 in
827 1233 1110 1306 adversis,
1128 1236 1459 1305 paulisper,
1478 1242 1636 1304 peto,
1678 1234 1872 1292 verbis
1910 1235 2053 1291 meis

396 1332 606 1375 aurem
636 1320 960 1389 diligenter
984 1325 1390 1392 accommoda,
1420 1331 1485 1379 ut
1515 1324 1643 1391 tibi,
1674 1340 1737 1379 in
1756 1328 2053 1395 quantum

395 1422 658 1477 possum,
691 1411 1156 1469 consolationem
1177 1428 1255 1470 ex
1291 1412 1750 1482 Scripturarum
1783 1412 2054 1483 fontibus

386 1498 724 1567 proferam.
747 1501 1122 1572 Propositum
1144 1518 1288 1573 ergo
1308 1507 1437 1560 erat
1454 1503 1703 1571 auctori,
1723 1519 1846 1560 non
1858 1503 2055 1575 priva-

393 1585 501 1643 tim
522 1586 702 1643 solari
720 1593 956 1661 patrem
974 1590 1100 1647 ﬁlio
1119 1592 1425 1660 orbatum,
1444 1609 1571 1665 qua
1580 1593 1657 1649 de
1667 1609 1729 1650 re
1741 1608 2054 1666 nusquam

393 1676 1081 1751 expresseloquitur,sed
1093 1682 2055 1753 quemlibetgeneratim,adversa

2161 620 2291 662 cem
2319 604 2628 661 edendum
2653 619 2964 661 curarem:
2999 607 3191 676 eoque
3213 600 3428 671 magis,
3459 599 3648 674 quod,
3679 615 3818 655 cum

2161 695 2365 751 Graeca
2393 693 2726 750 etiamnum
2757 697 3010 759 exstent,
3038 692 3245 749 Latina
3269 706 3410 746 cum
3428 689 3521 745 his
3558 705 3595 744 a
3617 686 3816 761 quoli-

2158 782 2260 840 bet
2287 783 2630 857 comparari
2666 787 2967 856 poterunt,
3010 781 3218 854 sicque
3258 779 3454 850 magis
3491 777 3819 848 intelligere

2156 872 2383 945 licebit,
2404 878 2705 947 quantum
2733 872 2989 929 licentiae
3026 872 3089 928 in
3130 869 3432 927 vertendis
3474 871 3819 926 Graecorum

2160 961 2394 1035 scriptis
2424 962 2537 1019 sibi
2576 966 2837 1018 sumeret
2864 962 2937 1030 is,
2968 976 3152 1035 quem
3186 958 3329 1027 dixi,
3362 956 3820 1030 antiquissimus

2158 1051 2451 1125 interpres
2489 1051 2762 1108 Ruﬁnus.
2804 1050 3050 1108 Duobus
3079 1054 3280 1106 autem
3309 1046 3479 1104 libris
3524 1045 3819 1103 veteribus

2159 1142 2258 1197 usi
2285 1157 2521 1209 sumus,
2549 1157 2672 1197 uno
2694 1141 2896 1210 Regio,
2931 1140 3121 1196 altero
3142 1137 3523 1194 Colbertino:
3556 1150 3821 1208 quorum

2159 1229 2221 1287 in
2236 1231 2435 1304 primo
2456 1230 2758 1287 orationes
2779 1231 3076 1286 duntaxat
3097 1228 3387 1302 quinque,
3417 1227 3477 1282 in
3498 1224 3686 1281 altero
3706 1239 3819 1280 au-

2160 1324 2278 1377 tem
2303 1325 2438 1377 octo
2458 1320 2857 1393 reperiuntur.
2882 1318 3142 1386 Qumstio
3162 1316 3260 1373 hic
3279 1315 3421 1372 oriri
3441 1318 3660 1389 potest,
3675 1316 3825 1387 quot

2162 1410 2341 1467 Basili
2370 1410 2674 1467 orationes
2704 1410 2955 1467 Ruﬁnus
2986 1408 3413 1480 interpretatus
3444 1405 3538 1472 sit,
3567 1408 3703 1460 octo
3741 1417 3822 1459 an

2161 1500 2393 1557 decem.
2420 1498 2746 1556 Dubitandi
2767 1498 2972 1555 autem
2999 1512 3186 1554 causa
3211 1500 3321 1564 est,
3355 1492 3522 1567 quod
3543 1492 3819 1560 Rufinus,

2161 1589 2269 1647 ubi
2298 1589 2600 1660 signiﬁcat
2622 1590 2870 1645 vertisse
2902 1605 2964 1644 sc
3011 1588 3222 1645 decem
3255 1584 3454 1642 Basilii
3494 1583 3819 1650 orationes,

2161 1679 2447 1750 ambigue
2469 1678 2707 1736 locutus
2727 1678 2829 1734 sit:
2862 1677 2969 1751 qui
2998 1682 3204 1734 tamen
3243 1674 3389 1732 alibi
3426 1673 3704 1730 distincte
3724 1670 3821 1728 di-

393 1762 638 1821 fortuna
658 1772 946 1825 utentem.
977 1772 1043 1826 Et
1062 1770 1386 1843 interjectis
1424 1770 1650 1840 multis,
1690 1772 1775 1829 ita
1814 1771 2054 1844 scripsit
2090 1796 2131 1851 Β
2161 1770 2258 1837 cit,
2288 1785 2351 1825 se
2379 1769 2675 1826 duntaxat
2702 1774 2838 1824 octo
2869 1767 3066 1823 Basilii
3091 1765 3416 1823 conciones
3446 1763 3653 1820 Latine
3676 1761 3821 1818 red-

392 1853 559 1926 (pag.
581 1860 713 1922 701)
737 1875 750 1912 :
776 1859 936 1916 Novi
962 1862 1119 1917 enim
1158 1864 1469 1934 quosdam,
1510 1866 1772 1921 maxime
1802 1879 1919 1931 eos,
1950 1865 2056 1936 qui

399 1943 585 2013 leprae
605 1948 848 2004 macula
871 1955 1017 2004 sunt
1043 1966 1292 2020 corpore
1320 1954 1568 2023 aspersi,
1592 1953 1656 2008 in
1685 1957 1918 2009 tantam
1957 1953 2053 2008 de-

395 2036 795 2103 sperationem
828 2053 946 2107 pro
994 2039 1110 2096 hac
1133 2042 1327 2111 plaga
1369 2044 1590 2113 venire,
1630 2047 1693 2097 ut
1739 2047 1956 2113 putent
1994 2056 2055 2098 se

395 2135 640 2180 omnino
658 2125 970 2183 destitutos
997 2144 1117 2185 esse
1136 2144 1175 2186 a
1196 2131 1466 2187 Domino.
1497 2132 1706 2187 Statim
1726 2137 1930 2188 autem
1956 2147 2052 2187 eo-

395 2208 536 2267 dem
556 2210 656 2268 illo
684 2213 762 2269 de
790 2219 1006 2273 morbo
1033 2217 1312 2291 loquens,
1336 2219 1416 2277 ita
1445 2221 1856 2293 persequitur:
1880 2223 1957 2277 Et
1986 2227 2052 2276 tu

396 2313 531 2356 cum
559 2302 639 2357 sis
670 2304 734 2358 in
771 2306 973 2375 plagis
1013 2322 1086 2363 ac
1128 2308 1438 2366 doloribus
1480 2312 1855 2379 constitutus,
1887 2317 1943 2366 et
1969 2305 2075 2366 ad'

396 2388 512 2445 hac
542 2391 707 2448 lutea
736 2393 883 2451 urbe
908 2398 1208 2467 exclusus,
1239 2414 1289 2454 si
1312 2400 1614 2469 sapienter
1658 2400 1786 2458 haec
1833 2401 2052 2457 tolera-

394 2481 571 2548 veris,
593 2487 649 2537 et
669 2481 980 2541 humiliter
1001 2488 1119 2544 Deo
1141 2494 1240 2544 tuo
1263 2491 1557 2561 servieris,
1582 2491 1843 2548 civitatis
1864 2492 2050 2561 ipsius

394 2583 465 2626 ac
490 2572 763 2641 paradisi
781 2576 1025 2632 colonus
1052 2578 1353 2647 efﬁcieris.
1401 2582 1536 2636 Non
1560 2583 1717 2637 enim
1755 2598 1868 2651 pro
1887 2596 2050 2638 exse-

392 2661 660 2717 cratione
686 2666 929 2733 animle,
961 2667 1065 2723 sed
1086 2676 1342 2738 propter
1369 2671 1724 2741 qualitatem
1746 2672 2051 2743 aegritudi-

391 2749 507 2817 nis,
531 2765 570 2806 a
587 2754 807 2821 populi
829 2759 1127 2814 consortio
1158 2761 1475 2829 recessisti,
1513 2776 1579 2816 eo
1617 2761 1778 2833 quod
1811 2764 2049 2832 generis

392 2839 521 2921 ejus
549 2841 790 2898 morbus
818 2848 907 2912 (ut
936 2848 1186 2916 quidam
1215 2864 1480 2906 asserere
1503 2851 1735 2921 volunt)
1764 2858 2047 2909 contactu

391 2942 498 2985 suo
526 2931 713 2987 soleat
734 2934 1032 3001 polluere.
1064 2941 1180 2993 Nec
1210 2938 1292 2994 ita
1322 2938 1513 2995 multo
1539 2939 1698 2996 infra
1727 2941 1811 2996 sic
1831 2940 2048 3011 legitur

391 3019 555 3089 (Pag.
581 3022 705 3089 702)
735 3039 747 3076 :
793 3021 910 3078 Sed
937 3028 1221 3095 quoniam
1253 3044 1414 3084 nunc
1436 3029 1500 3084 in
1525 3028 1640 3087 hac
1679 3037 1857 3099 parte
1900 3032 2043 3087 oni-
2086 3052 2126 3109 ρ

389 3121 549 3162 mum
571 3113 740 3166 tuum
760 3120 1061 3182 cegrotare
1078 3118 1377 3187 intelligo,
1400 3133 1533 3176 cum
1562 3121 1731 3177 dicas
1760 3120 1911 3177 hoc:
1934 3122 2051 3190 Qui

389 3210 521 3253 cum
547 3199 732 3269 plaga
757 3201 945 3271 lepra?
972 3204 1047 3261 de
1075 3207 1299 3263 mundo
1319 3212 1661 3277 excesserit,
1692 3212 1779 3268 ita
1800 3226 1929 3267 eum
1951 3212 2045 3267 de-

388 3295 510 3337 nuo
522 3290 659 3352 post
680 3294 930 3345 mortem
951 3305 1282 3361 resurgere,
1308 3298 1416 3350 etc.
1443 3297 1524 3349 Ex
1544 3295 1766 3368 quibus
1788 3297 2046 3369 perspici

388 3375 607 3446 potest,
635 3380 963 3449 auctorem,
990 3395 1131 3435 cum
1162 3381 1469 3454 scriberet,
1499 3384 1833 3456 praesertim
1854 3385 1936 3443 ad
1961 3386 2048 3443 le-

389 3475 605 3534 prosos
633 3466 989 3538 respexisse.
1024 3472 1152 3525 Non
1200 3487 1453 3543 possum
1495 3474 1647 3546 quin
1685 3480 1888 3531 notem
1932 3476 2045 3532 mi-

390 3551 705 3610 serrimam
735 3571 865 3611 esse
894 3559 1301 3618 conditionem
1333 3563 1721 3636 scriptorum,
1746 3565 1851 3639 qui
1882 3581 2045 3638 saepe

388 3638 465 3696 de
493 3641 676 3697 rebus
705 3649 810 3701 aut
838 3647 1094 3720 exiguis,
1129 3656 1234 3707 aut
1261 3652 1443 3709 etiam
1480 3653 1705 3711 nullius
1754 3638 2047 3712 momenti

388 3731 543 3786 serio
573 3731 884 3806 disputare
913 3746 1247 3810 coguntur;
1285 3749 1639 3817 contraque,
1683 3745 1911 3818 quibus
1942 3744 2045 3801 ali-

385 3822 637 3893 quando
666 3824 741 3880 de
768 3827 952 3882 rebus
976 3830 1352 3899 gravissimis
1379 3833 1548 3908 loqui
1564 3850 1690 3892 non
1718 3835 1875 3892 licet.
1898 3837 2047 3891 Tan-

386 3909 511 3967 tine
534 3911 731 3983 fuerit,
771 3931 1000 3987 quasso,
1033 3920 1345 3988 orationis,
1394 3939 1532 3995 quae
1580 3924 1785 3981 multis
1831 3927 2046 3982 merito

385 3998 520 4057 luce
548 4002 801 4074 indigna
830 4006 1020 4064 videri
1043 4016 1257 4080 potest,
1288 4019 1598 4070 auctorem
1622 4030 1805 4072 nosse
1825 4016 1853 4072 ?
1879 4020 2046 4073 Nunc

388 4092 856 4151 communicabo
894 4112 1034 4153 cum
1083 4100 1368 4157 studiosis
1404 4103 1742 4176 quamdam
1780 4104 2044 4161 hominis

386 4180 734 4252 peritissimi
764 4186 1175 4257 conjecturam
1224 4207 1363 4263 quae
1411 4192 1578 4265 ipsis,
1625 4195 1865 4267 opinor,
1922 4210 2046 4250 non

2159 1858 2412 1916 didisse.
2444 1859 2644 1915 Primo
2668 1858 2851 1929 igitur
2875 1856 3009 1913 loco
3034 1856 3127 1912 his
3156 1855 3359 1911 verbis
3390 1870 3535 1910 usus
3560 1856 3652 1908 est
3687 1851 3770 1923 (a)
3801 1868 3817 1908 :

2157 1948 2426 2006 Exstant
2454 1962 2686 2021 quoque
2706 1928 3032 2019 utriusque
3053 1945 3285 2017 ingenii
3307 1943 3555 2017 [Basilii
3583 1947 3637 1998 et
3676 1941 3822 1998 Gre-
3846 1928 3861 1940 ’

2158 2039 2340 2110 gorii]
2370 2039 2738 2095 monimenta
2769 2038 3091 2108 magniﬁca
3132 2041 3509 2092 tractatuum
3551 2047 3697 2103 quos
3742 2046 3821 2088 ea:

2160 2134 2421 2197 tempore
2449 2129 2513 2184 in
2544 2128 2806 2184 ecclesiis
2836 2125 3286 2183 declamabant.
3336 2125 3436 2179 Ea:
3470 2122 3684 2196 quibus
3710 2135 3821 2176 nos

2158 2218 2346 2276 denas
2374 2219 2564 2287 ferme
2586 2218 2970 2287 singularum
3012 2214 3433 2270 oratiunculas
3481 2210 3820 2280 transfudi-

2157 2323 2290 2364 mus
2318 2312 2378 2362 in
2407 2309 2717 2363 Latinum.
2741 2309 2869 2362 Non
2901 2304 3061 2360 enim
3092 2307 3511 2367 asseveranter
3526 2300 3673 2356 dicit
3691 2313 3823 2354 ver-

2156 2397 2300 2453 tisse
2317 2413 2379 2452 se
2400 2396 2611 2452 decem
2625 2394 2951 2459 orationes,
2967 2393 3074 2449 sed
3092 2392 3277 2448 ferme
3288 2391 3522 2447 decem.
3547 2393 3609 2445 In
3632 2387 3825 2444 altero

2157 2492 2362 2542 autem
2388 2485 2525 2542 loco
2556 2485 2637 2556 (b)
2663 2484 2915 2541 Ruﬁnus
2936 2481 3375 2556 Apronianum,
3400 2480 3495 2536 cui
3519 2494 3693 2533 suam
3723 2476 3824 2532 in-

2161 2576 2649 2648 terpretationem
2665 2572 3012 2642 dedicabat,
3034 2570 3427 2629 itaallocutus
3444 2573 3533 2624 est
3556 2584 3568 2623 :
3593 2568 3827 2637 Aliqua

2158 2666 2270 2722 tibi
2287 2666 2350 2722 in
2368 2667 2655 2722 Latinum
2685 2666 2841 2722 verti
2861 2663 3004 2719 olim
3030 2675 3411 2732 poposceras,
3442 2657 3821 2727 Aproniane,

2153 2756 2249 2826 ﬁli
2276 2754 2652 2811 charissime:
2671 2753 2832 2825 quod
2851 2758 2905 2810 et
2936 2754 3200 2822 exparte
3217 2750 3431 2820 aliqua
3442 2747 3566 2817 feci
3583 2747 3645 2801 in
3670 2759 3828 2815 prte-

2154 2846 2312 2901 senti
2337 2845 2481 2901 dum
2498 2846 2561 2899 in
2612 2843 2766 2899 Urbe
2793 2858 2995 2909 essem,
3027 2841 3131 2898 sed
3159 2846 3211 2896 et
3243 2853 3407 2895 nunc
3432 2838 3821 2908 aliquantum

2153 2934 2386 2990 addidi.
2397 2936 2540 2991 Octo
2555 2948 2695 3004 ergo
2712 2933 2888 2989 Beati
2903 2931 3122 2988 Basilii
3141 2929 3340 2986 breves
3360 2929 3501 2984 istos
3522 2926 3823 2983 homileti—

2154 3039 2252 3081 cos
2273 3025 2568 3082 transtuli
2594 3023 2840 3080 libellos.
2868 3020 3042 3088 Quod
3069 3020 3250 3089 igitur
3265 3019 3348 3075 ait
3377 3014 3820 3074 eruditissimus

2155 3113 2246 3170 vir
2272 3112 2772 3183 Tillemontius(c)
2792 3111 3003 3167 decem
3039 3106 3232 3165 Basilii
3261 3107 3568 3163 orationes
3615 3119 3652 3163 a
3694 3107 3817 3161 Ru—

2154 3202 2280 3260 ﬁno
2302 3202 2507 3259 Latine
2536 3200 2805 3258 redditas
2830 3200 3036 3267 fuisse,
3080 3200 3157 3255 de
3206 3214 3277 3255 eo
3324 3195 3477 3254 mihi
3522 3211 3663 3251 cum
3713 3193 3817 3250 illo

2155 3308 2279 3349 non
2301 3292 2551 3348 omnino
2573 3290 2871 3347 convenit.
2892 3292 3042 3346 Nam
3063 3286 3296 3356 vocula,
3316 3287 3528 3357 ferme,
3548 3300 3671 3357 qua
3695 3285 3817 3340 Ru-

2155 3381 2316 3436 ﬁnus
2337 3380 2536 3447 utitur,
2559 3378 2720 3449 facit,
2744 3383 2808 3435 ut
2836 3394 2975 3434 eum
2995 3392 3120 3434 non
3141 3376 3278 3450 plus
3317 3380 3452 3431 octo
3491 3374 3815 3439 orationes,

2156 3471 2402 3526 vertisse
2442 3470 2743 3543 suspicer;
2787 3483 2982 3542 eoque
3012 3466 3233 3537 magis,
3266 3464 3434 3539 quod
3462 3479 3585 3520 non
3615 3461 3821 3535 plures

2155 3560 2264 3617 sed
2289 3561 2537 3617 totidem
2559 3559 2640 3616 ad
2668 3559 3088 3632 Apronianum
3108 3556 3357 3613 miserit.
3383 3553 3557 3621 Quod
3577 3553 3626 3608 si
3646 3551 3819 3624 quis-

2153 3649 2321 3723 piam
2352 3649 2717 3707 contender-e
2737 3648 2894 3719 velit,
2917 3662 3042 3703 non
3068 3662 3181 3718 ego
3217 3642 3577 3718 repugnabo
3602 3658 3615 3697 :
3667 3639 3820 3697 satis

2154 3756 2285 3796 esse
2314 3740 2495 3808 duco,
2521 3738 2933 3811 conjecturam
2954 3751 3091 3807 qua:
3112 3734 3256 3790 mihi
3297 3732 3561 3790 maxime
3589 3730 3818 3805 proba-

2153 3829 2291 3886 bilis
2320 3831 2448 3884 visa
2469 3832 2581 3897 est,
2603 3826 2979 3883 eruditorum
3011 3824 3243 3896 judicio
3280 3823 3649 3898 permisisse.
3696 3825 3818 3878 Nec

2153 3919 2407 3976 fortasse
2434 3918 2685 3974 Ruﬁnus
2712 3915 2914 3990 plures
2967 3914 3231 3985 Gregorii
3270 3912 3628 3971 Nazianzeni
3672 3927 3816 3968 ora-

2154 4009 2349 4067 tiones
2372 4008 2436 4064 in
2471 4008 2744 4065 Latinam
2781 4006 3057 4077 linguam
3088 4004 3406 4061 transtulit.
3456 4006 3608 4059 Nam
3632 4000 3816 4058 hodie

2152 4114 2353 4171 neque
2378 4097 2440 4153 in
2466 4097 2800 4169 impressis,
2833 4110 3031 4169 neque
3057 4095 3119 4149 in
3150 4092 3451 4150 veteribus
3477 4090 3647 4148 libris
3676 4089 3816 4162 plus

2153 4193 2386 4260 septem
2405 4192 2507 4243 aut
2536 4192 2669 4242 octo
2691 4186 3079 4242 inveniuntur
3136 4183 3238 4255 (εἰ).

386 4268 939 4393 ῗξῗξξθῗξδξξῗξλξῖί
959 4277 1140 4377 igitur
1168 4280 1407 4393 “ff”
1433 4283 1648 4393 Pinus,
1667 4284 2045 4393 δθνζλυίῗίθίθ
2078 4306 2123 4362 ι)
2190 4326 2218 4393 §
2249 4325 2383 4379 xw.
2409 4323 2520 4380 Ubi
2546 4322 2619 4378 de
2644 4323 2864 4379 erratis
2892 4320 3253 4393 quibusdam
3284 4318 3448 4385 meis,
3475 4316 3664 4388 deque
3691 4314 3779 4370 di-

385 4373 576 4431 quam
607 4369 783 4418 acuto
812 4368 1055 4436 ingenio
1086 4370 1397 4441 praeditus,
1429 4371 1590 4429 hanc
1633 4372 2045 4431 lucubratiun-

387 4447 582 4505 culam
614 4467 651 4506 a
680 4452 843 4509 Gallo
889 4459 1291 4529 compositam
1317 4460 1523 4532 fuisse,
1572 4462 1850 4520 videlicet
1898 4470 2044 4521 tem-

383 4552 553 4611 pore,
584 4556 708 4613 quo
737 4542 919 4616 leprae
937 4545 1062 4602 lues
1080 4549 1192 4606 has
1217 4550 1493 4621 regiones
1511 4552 1777 4609 maxime
1802 4554 2045 4612 infesta-

384 4632 495 4717 ret.
542 4632 887 4690 Secundam
934 4642 1137 4694 autem
1186 4640 1631 4699 oratiunculam
1683 4649 1865 4717 caput
1914 4660 2045 4701 esse

384 4715 691 4779 decimum
720 4740 953 4783 nonum
992 4725 1177 4785 libelli
1219 4731 1542 4802 cujusdam
1576 4734 1727 4790 Petri
1760 4715 2046 4792 Bamiani

384 4808 448 4865 in
475 4831 504 4860 ιι
524 4812 816 4871 Dominus
839 4818 1160 4887 vobiscum,
1194 4841 1221 4869 ››
1253 4820 1385 4892 jam
1415 4821 1516 4878 alii
1561 4828 1863 4881 notarunt.
1905 4828 2043 4881 Ter-

385 4898 534 4956 tium
563 4901 826 4978 denique
856 4908 1220 4981 opusculum
1269 4910 1575 4968 afﬁrmare
1605 4914 1803 4970 ausim
1847 4915 2045 4972 Basilii

382 4990 632 5064 quidem
647 5010 773 5051 non
788 5012 918 5053 esse
943 5016 955 5054 :
990 4998 1097 5054 sed
1123 5004 1225 5056 aut
1255 5017 1292 5057 a
1319 5018 1467 5075 quo,
1502 5008 1607 5060 aut
1621 5020 1746 5077 quo
1772 5010 2044 5078 tempore

380 5078 769 5140 lucubratum
801 5087 892 5155 sit,
915 5086 1096 5160 plane
1127 5089 1360 5161 ignoro.

454 5175 544 5227 61.
569 5175 848 5246 Sequitur
865 5180 1273 5251 quarumdam
1296 5182 1491 5241 Basilii
1510 5185 1855 5243 orationum
1872 5190 2044 5243 vetus

382 5262 800 5336 interpretatio
828 5281 990 5340 (pag.
1010 5275 1137 5342 7l3)
1165 5289 1177 5327 :
1210 5275 1384 5344 cujus
1414 5275 1664 5333 Ruﬁnus
1695 5282 1903 5334 auctor
1931 5282 2040 5334 est.

382 5354 529 5411 Rem
564 5360 769 5412 autem
798 5359 1045 5416 eruditis
1085 5362 1433 5422 hominibus
1474 5372 1715 5438 gratam
1741 5366 2043 5426 facturum

456 5480 536 5552 (a)
562 5482 717 5539 Hist.
748 5482 789 5539 1.
817 5500 878 5554 ιι,
911 5502 961 5541 c.
990 5490 1043 5541 9.

453 5558 534 5705 Eb;
562 5559 715 5628 Lege
740 5562 917 5633 App.,
951 5575 1012 5633 p.
1045 5565 1173 5618 713.

480 5646 510 5688 c
553 5633 720 5689 Tom.
750 5632 845 5705 IX,
875 5650 939 5705 p.
971 5637 1098 5690 301.

480 5632 531 5705 c)
553 5633 720 5689 Tom.
750 5632 845 5705 IX,
875 5632 1098 5706 p.301.

2772 4412 2959 4469 versis
2997 4411 3193 4468 rebus.

2227 4554 2316 4608 62.
2346 4548 2558 4607 Notavi
2584 4547 2883 4605 nonnulla
2908 4548 2975 4603 in
3003 4544 3425 4603 Ambrosium:
3459 4556 3721 4616 quorum
3749 4538 3815 4597 in

2155 4657 2278 4698 uno
2302 4639 2706 4698 hallucinatus
2729 4654 2866 4694 sum
2893 4646 2988 4709 (θ).
3020 4640 3222 4710 Neque
3252 4650 3393 4692 vero
3421 4632 3549 4690 leve
3579 4636 3668 4687 est
3696 4630 3814 4686 hoc

2154 4731 2469 4801 mendum,
2497 4727 2606 4785 sed
2628 4728 2766 4797 tale,
2799 4733 2958 4783 utne
2983 4742 3171 4800 puero
3200 4724 3450 4798 quidem
3481 4719 3817 4779 condonari

2152 4821 2329 4880 facile
2358 4820 2569 4895 possit.
2593 4822 2741 4876 Nam
2763 4818 2857 4874 vel
2882 4816 2996 4890 ipsi
3034 4814 3313 4873 infantuli
3350 4814 3560 4871 oculos
3599 4810 3814 4867 saltem

2152 4910 2469 4986 paululum
2492 4909 2763 4966 attollere
2793 4911 3084 4987 possunt:
3126 4905 3293 4980 quod
3323 4905 3373 4961 si
3414 4904 3551 4978 quis
3587 4899 3811 4967 fecerit,

2152 5002 2357 5060 statim
2378 5017 2452 5057 ex
2479 4999 2552 5055 iis
2583 5012 2721 5072 qua:
2770 4996 3049 5071 proxime
3097 4995 3463 5053 antecedunt
3512 4987 3815 5048 Ambrosxi

2150 5093 2352 5150 verbis
2385 5093 2455 5162 (Γ)
2484 5088 2794 5159 intelliget,
2829 5088 2945 5157 legi
2968 5086 3067 5143 illo
3111 5086 3241 5143 loco
3285 5085 3525 5151 debere,
3562 5097 3708 5149 non,
3750 5081 3817 5135 ut

2152 5181 2477 5251 duxi,Noli
2489 5195 2628 5250 ergo
2650 5181 2764 5234 Deo
2790 5193 2911 5234 non
2937 5177 3197 5245 credere,
3223 5175 3329 5232 sed
3357 5175 3460 5242 ita,
3491 5177 3556 5229 ut
3578 5173 3641 5228 in
3689 5170 3817 5227 vul-

2152 5274 2309 5345 gatis
2328 5272 2564 5342 legitur,
2587 5269 2729 5325 Noli
2749 5283 2885 5340 ergo
2902 5268 3080 5323 Deum
3106 5268 3365 5332 credere,
3394 5265 3510 5322 hoc
3541 5268 3650 5328 est,
3676 5276 3816 5317 cave

2152 5364 2363 5424 credas
2391 5363 2575 5420 solem
2604 5363 2794 5418 Deum
2825 5372 2966 5418 esse.
3000 5358 3179 5415 Plura
3208 5374 3281 5415 ea
3308 5357 3385 5415 de
3406 5374 3467 5414 re
3498 5357 3697 5416 dicere
3724 5357 3815 5414 in-

2224 5492 2311 5563 (d)
2340 5493 2491 5559 Lege
2516 5486 2746 5563 :I‘illem2
2777 5490 2819 5542 t.
2850 5483 2953 5563 DS,
2982 5499 3043 5557 p.
3071 5488 3197 5541 559.

2214 5558 2480 5634 (e)'Tom.
2516 5560 2556 5628 Ι,
2591 5558 2761 5634 Prrei.
2795 5573 2856 5613 n.
2889 5561 2981 5611 25.

2210 5632 2281 5707 (Γ)
2314 5632 2442 5689 Lib.
2470 5648 2550 5700 1v,
2583 5647 2647 5688 in
2676 5632 2859 5698 Hem,
2884 5644 2949 5685 n.
2985 5633 3037 5684 1.
