4092 6386
225 324 314 379 157
1722 328 1858 381 ΡΒᾹ

1969 326 2110 382 .ΤΙΟ.

3535 337 3638 390 158

217 447 511 502 stitueram
546 466 558 501 :
588 445 694 502 sed
725 449 814 503 est
850 462 1058 514 causa,
1089 463 1197 504 cur
1225 463 1297 504 ea
1324 448 1386 504 in
1425 447 1591 504 aliud
1619 453 1857 520 tempus
1888 453 1933 505 Α
1970 447 2212 504 videare
2244 467 2256 505 :
2307 453 2415 508 sed
2445 468 2586 509 eum
2624 453 3044 518 nihilominus,
3086 457 3150 510 ut
3196 455 3343 524 dixi,
3376 457 3544 514 omni
3572 474 3635 514 re

217 535 426 606 rejecta
449 535 650 592 velim.
685 539 980 608 Interpres
1005 537 1221 609 psalmi
1250 554 1430 593 xxvru
1454 554 1587 593 cum
1611 537 1695 594 ita
1722 536 1861 592 scri-

217 625 421 696 psisset
447 626 612 696 (pag.
654 627 781 696 355)
807 643 819 680 :
871 630 972 678 Καὶ
1004 627 1032 685 ἡ
1068 626 1122 678 ἐκ
1151 635 1243 679 τοῦ
1273 634 1496 700 μαμωνᾶ
1523 637 1619 689 τῆς
1650 624 1862 686 ἀδικίας

215 719 443 787 γινομένη
488 715 631 788 φιλία
669 724 1012 784 κατασκηνοῖ,
1047 717 1244 790 inepte
1285 723 1340 774 et
1370 718 1596 774 insulse
1625 718 1864 772 locutus

215 804 387 860 fuisse
431 807 578 861 mihi
622 806 786 861 visus
824 812 912 862 est
956 808 1082 878 (e):
1131 812 1189 863 et
1237 813 1440 864 tamen
1485 824 1557 863 ex
1590 807 1686 863 his
1726 822 1863 876 quae

215 894 379 950 retuli
410 895 606 950 verbis
637 901 776 968 apta
814 899 870 952 et
906 896 1127 952 idonea
1159 897 1475 964 sententia,
1515 912 1710 969 eaque
1740 911 1864 950 non

215 983 468 1041 obscura
480 985 751 1042 efficitur.
771 987 1308 1057 Signiﬁcavitenim
1327 987 1644 1060 interpres.
1659 984 1866 1042 amici-

215 1073 368 1140 tiam,
390 1090 524 1146 que:
547 1091 618 1129 ex
637 1091 992 1131 mammona
1012 1076 1342 1148 iniquitatis
1365 1077 1737 1144 conciliatur,
1755 1090 1863 1130 no-

213 1163 300 1219 bis
326 1163 401 1218 ad
430 1163 674 1220 beatam
703 1166 974 1237 requiem
1006 1165 1241 1221 aditum
1272 1166 1438 1222 dare.
1477 1165 1587 1222 llbi
1617 1165 1742 1220 dixi
1786 1164 1866 1235 (b)

212 1252 346 1308 illud
374 1251 526 1324 psal.
549 1269 655 1308 CXV
676 1271 688 1308 :
721 1253 854 1307 Ἀλλ’
875 1257 975 1308 εἴθε
1000 1254 1158 1328 κάμοὶ
1179 1260 1378 1327 ’γένθιτο
1399 1263 1682 1308 πιστεῦσαι
1708 1253 1863 1316 ἀξίως

215 1344 287 1392 ἵνα
319 1341 525 1400 λαλήσω
551 1351 638 1394 νῦν
766 1343 1051 1417 Ἐκκλησίᾳ
1079 1354 1170 1397 τοῦ
1211 1353 1344 1398 Θεοῦ
1376 1354 1435 1418 τῇ
1465 1345 1660 1418 μεγάλῄ
1696 1346 1858 1416 ταύτῃ

210 1430 378 1502 λόγους
416 1429 464 1483 ἐν
619 1435 698 1484 νοΐ
734 1453 834 1506 μου
868 1432 1370 1506 ἀποτηγανίζεσοαι,
1397 1435 1515 1490 Sed
1544 1436 1776 1490 utinam
1807 1438 1863 1489 et

208 1521 346 1576 mihi
397 1522 712 1592 contingat
761 1525 943 1593 digne
991 1525 1252 1589 credere,
1304 1529 1371 1579 ut
1408 1540 1572 1579 nunc
1623 1540 1862 1594 magna’

209 1609 338 1664 huic
393 1609 508 1665 Dei
547 1611 832 1668 Ecclesia
872 1612 1056 1667 verba
1099 1615 1360 1683 quinque
1401 1614 1466 1668 in
1509 1627 1685 1668 sensu
1735 1628 1859 1668 meo

208 1699 433 1769 loquar,
466 1698 573 1755 ubi
603 1699 786 1770 igitur
813 1701 939 1756 dixi
964 1701 1095 1757 haec
1124 1701 1312 1757 verba
1342 1701 1489 1756 mihi
1519 1701 1856 1773 displicere,

204 1801 319 1842 non
347 1789 582 1855 monui,
614 1788 676 1844 id
705 1805 828 1861 quo
860 1790 1132 1861 decebat,
1169 1790 1382 1846 eadem
1410 1790 1576 1863 apud
1604 1790 1858 1846 Paulum
1891 1811 1929 1864 Β

203 1875 447 1932 inveniri
471 1878 801 1950 quidem“,
828 1880 933 1935 sed
963 1896 1149 1935 sensu
1171 1880 1307 1936 alio.
1341 1883 1491 1936 Nam
1516 1881 1681 1952 apud
1702 1885 1857 1952 Apo-

205 1967 415 2022 stolum
437 1983 561 2023 non
578 1969 652 2024 de
678 1968 818 2036 ﬁde,
852 1970 958 2025 sed
981 1970 1056 2025 de
1080 1970 1334 2042 simplici
1356 1970 1579 2040 linguae
1603 1970 1859 2042 alicujus

204 2056 408 2114 notitia
434 2073 633 2113 sermo
663 2058 941 2114 habetur.
965 2060 1124 2114 Inter
1152 2065 1367 2116 caetera
1395 2059 1697 2116 vocabula
1721 2076 1857 2132 quae

203 2146 358 2218 apud
410 2147 695 2203 Basilium
725 2148 1012 2205 inusitata
1043 2165 1175 2205 esse
1215 2149 1574 2220 existimavi,
1607 2149 1860 2205 verbum

201 2251 441 2310 quoque
481 2236 961 2310 ἀποτηγανίζεσθαι
1007 2240 1304 2311 reperitur
1344 2241 1458 2311 (e):
1500 2255 1624 2312 quo
1655 2243 1859 2296 tamen

199 2332 395 2383 orator
425 2328 696 2400 optimus
725 2329 789 2385 in
821 2329 1020 2401 prima
1044 2331 1129 2386 De
1142 2332 1383 2400 jejunio
1415 2329 1686 2386 oratione
1712 2346 1858 2384 usus

199 2419 300 2474 est.
333 2417 614 2473 Similiter
639 2417 743 2474 ubi
771 2419 977 2476 notavi
1005 2419 1154 2474 illud
1188 2420 1294 2486 (ά),
1328 2417 1456 2472 εἶναι
1485 2421 1550 2471 τὰ
1580 2421 1695 2476 ἔθνη
1723 2439 1858 2490 συγ-

196 2504 489 2579 κληρονόμα
509 2511 599 2559 καὶ
633 2510 912 2581 σύσσωμα,
939 2524 1061 2564 non
1087 2509 1172 2564 ita
1196 2508 1547 2580 simpliciter
1568 2509 1859 2580 scriptum

195 2597 556 2667 oportuisse,
589 2597 696 2652 sed
718 2598 863 2654 addi
892 2598 1200 2668 debuisse,
1229 2599 1300 2660 εἰς
1330 2603 1388 2651 τό
1411 2605 1475 2655 ut
1494 2603 1671 2667 esset,
1699 2599 1770 2660 εἰς
1800 2601 1858 2651 τὸ

196 2682 319 2737 εἶναι
344 2689 433 2752 τά,
454 2690 590 2741 etc..
619 2687 905 2760 opinione
926 2703 1064 2743 mea
1084 2688 1266 2744 falsus
1296 2705 1455 2743 sum.
1473 2691 1677 2760 Neque
1696 2689 1856 2744 enim

194 2769 440 2844 illud,si;
461 2775 627 2845 ré,a.p
637 2773 714 2828 ud
728 2773 1072 2846 apostolum
1087 2773 1340 2829 Paulum
1352 2774 1642 2844 legitur“,
1661 2785 1858 2846 neque

198 2861 272 2917 ab
290 2863 615 2934 interprete
635 2865 838 2920 Graeco
855 2864 1035 2934 adiici
1055 2865 1272 2920 decuit.
1301 2867 1450 2921 Cum
1466 2865 1859 2920 instituissem

198 2968 540 3009 sermonem
587 2953 663 3008 de
705 2953 1136 3026 interpretibus
1176 2953 1372 3009 Basilii
1409 2955 1505 3024 (e),
1552 2954 1859 3011 Adamum

197 3043 562 3113 Fumanum,
611 3044 716 3116 qui
750 3045 1019 3101 Ascetica
1065 3045 1492 3117 interpretatus
1530 3048 1639 3110 est,
1690 3043 1858 3099 nullo

200 3130 548 3190 discriminc
571 3133 788 3189 habui:
831 3149 1018 3206 quem
1057 3138 1260 3190 tamen
1300 3151 1439 3189 cum
1470 3133 1738 3190 Ascetica
1774 3150 1861 3189 re-

202 3237 530 3292 censerem,
565 3223 821 3294 vulgum
849 3224 1245 3296 interpretum
1282 3224 1463 3293 longe
1504 3223 1858 3279 antecellere

199 3310 481 3369 intellexi.
521 3314 746 3368 Janum
781 3313 1137 3370 Cornarium
1164 3312 1433 3384 laudavi,
1466 3330 1650 3386 quem
1678 3311 1858 3368 laude

197 3400 453 3472 dignum
499 3403 834 3457 etiamnum
864 3407 1052 3473 puto:
1089 3402 1194 3456 sed
1234 3403 1284 3457 ei
1317 3408 1521 3457 tamen
1548 3404 1858 3458 Fumanus

195 3489 660 3562 anteponendus
680 3506 813 3545 esse
833 3491 981 3545 mihi
1003 3490 1254 3546 videtur.
1280 3490 1600 3545 Cornarius
1620 3490 1858 3545 ﬁdelius

145 3612 154 3617 -
195 3580 445 3649 quidem
476 3595 662 3652 quam
694 3578 1072 3650 temporibus
1096 3578 1210 3634 illis
1248 3579 1376 3635 ﬁeri
1409 3579 1644 3647 soleret,
1677 3580 1856 3634 inter-

193 3676 464 3744 pretatus
485 3674 574 3726 est
602 3689 614 3727 :
641 3670 749 3726 sed
781 3673 1187 3742 praeterquam
1218 3669 1385 3743 quod
1413 3669 1542 3739 ejus
1565 3669 1856 3741 interpre-

193 3762 337 3818 tatio
363 3761 523 3816 dura
553 3759 632 3815 sit
659 3775 1007 3833 asperaque
1037 3763 1094 3816 et
1122 3761 1326 3816 minus
1361 3759 1590 3828 Latina,
1614 3775 1775 3831 saepe
1802 3763 1860 3814 et

194 3851 319 3925 ipse
350 3866 600 3924 quoque
631 3851 898 3906 auctoris
938 3849 1300 3906 sententiam
1332 3866 1452 3906 non
1492 3853 1855 3905 consecutus

197 3946 302 3998 est.
344 3945 420 3997 At
471 3943 776 3998 Fumanus
822 3940 1024 3996 Latine
1068 3955 1242 4013 aeque
1291 3956 1361 3996 ac
1401 3942 1601 3997 Graece
1640 3939 1856 3995 doctus

196 4036 318 4088 erat
364 4048 377 4086 :
430 4031 536 4104 qui
579 4030 692 4087 etsi
730 4030 1104 4101 frequentius
1145 4030 1224 4086 ab
1263 4030 1525 4086 auctoris
1561 4029 1855 4085 sententia

197 4121 540 4184 aberrabat,
574 4120 636 4176 id
673 4120 888 4175 vitium
932 4119 1240 4176 Latinitate
1278 4119 1652 4176 accuratiore
1689 4135 1852 4174 com-

194 4211 512 4282 pensabat.
534 4214 648 4267 Nec
668 4209 1067 4266 dissimulabo
1096 4210 1437 4265 Fumanum
1469 4211 1527 4264 in
1555 4225 1850 4279 magnum

196 4301 359 4357 aliud
386 4300 624 4370 vitium,
660 4317 698 4356 a
733 4316 858 4372 quo
897 4300 1224 4357 Cornarius
1253 4299 1662 4355 alienissimus
1700 4303 1848 4363 erat,

193 4387 499 4447 incidisse.
522 4393 607 4445 Ita
630 4388 793 4445 enim
815 4391 1020 4445 Graeca
1042 4389 1243 4445 Latine
1268 4387 1580 4455 reddebat,
1598 4392 1660 4442 ut
1675 4403 1850 4460 para-

195 4479 464 4550 phrasim
494 4479 695 4552 potius
719 4495 906 4551 quam
935 4477 1488 4550 interpretationem
1512 4477 1710 4546 legere
1738 4477 1844 4533 tibi

264 4605 311 4641 ⁵⁵
352 4606 533 4662 lCor.
562 4621 681 4673 x1v,
719 4608 807 4660 19.
893 4604 941 4639 ⁸⁸
974 4602 1192 4675 Ephes.
1219 4617 1301 4670 ιιι,
1335 4604 1386 4656 6-

388 4787 450 4840 ln
492 4780 686 4849 Praei,
731 4785 768 4838 t.
811 4782 855 4852 Ι,
895 4796 956 4837 n.
1001 4783 1088 4837 34.

387 4860 452 4910 In
494 4853 684 4917 Praef.,
727 4859 766 4910 t.
812 4858 854 4920 l,
895 4869 957 4908 n.
1000 4858 1088 4909 41.

382 4928 451 4982 In
491 4925 685 4989 Prmf.,
728 4928 770 4981 t.
812 4930 853 4992 l,
894 4941 956 4980 n.
1000 4929 1086 4981 54.

288 4997 348 5057 dl
387 5004 454 5056 ln
494 4997 686 5071 Praei,
725 5002 768 5053 t.
810 5000 854 5063 Ι,
895 5013 956 5052 n.
1000 5001 1088 5053 55.

1969 539 2370 612 considerata,
2387 544 2672 600 Cornario
2686 543 2948 617 praeferri
2961 543 3180 600 debere
3193 547 3489 604 existimo.
3507 552 3635 605 Non

1971 628 2370 700 committam,
2423 636 2488 686 ut
2537 633 2811 688 sodalem
2859 638 3136 688 nostrum
3188 635 3486 691 Joannem
3543 640 3638 693 Ja-

1969 716 2195 772 cobum
2219 721 2494 793 Raverdy
2517 738 2640 777 non
2662 721 2926 794 laudem,
2947 723 3260 778 hominem
3283 725 3455 779 multi
3471 725 3638 780 labo-

1969 805 2073 872 ris,
2098 811 2156 862 et
2179 808 2256 862 ad
2276 808 2440 866 bona
2464 811 2665 866 studia
2682 810 2959 882 juvanda
2980 816 3193 866 natum
3219 827 3231 865 :
3256 812 3361 884 qui
3389 828 3636 871 omnem

1973 911 2181 952 curam
2213 902 2392 971 atque
2417 916 2666 972 operam
2699 901 2759 956 in
2791 917 2861 956 eo
2883 901 3108 972 posuit,
3150 907 3212 956 ut
3252 917 3448 957 novus
3481 903 3636 959 Basi-

1971 983 2086 1039 lius
2115 987 2357 1044 nitidior
2379 993 2434 1044 et
2463 990 2842 1046 emendatior
2870 989 3128 1059 legatur.
3156 990 3321 1045 Alius
3355 1008 3385 1046 e
3417 993 3637 1048 nostris

1973 1074 2290 1131 sodalibus
2320 1077 2579 1134 indicem
2607 1096 2794 1152 quam
2822 1079 3279 1149 diligentissime
3306 1082 3634 1138 contexuit.

1975 1165 2350 1236 Conquestus
2391 1173 2479 1223 est
2516 1169 2607 1224 vir
2639 1169 3014 1225 clarissimus
3041 1169 3326 1242 idemque
3357 1170 3635 1226 doctissi—

1973 1267 2129 1320 mus,
2154 1271 2250 1310 me
2279 1257 2514 1312 nullum
2537 1263 2963 1328 argumentum
2988 1258 3279 1325 attulisse,
3306 1275 3379 1314 ex
3400 1275 3524 1332 quo
3547 1259 3636 1315 ef-

1970 1343 2068 1399 ﬁci
2088 1350 2313 1416 posset.
2335 1347 2618 1402 Basilium
2634 1347 2786 1403 tcrtii
2806 1349 2869 1404 in
2890 1350 3252 1403 Eunomium
3278 1348 3413 1404 libri
3435 1353 3637 1405 aucto-

1969 1449 2098 1488 rem
2119 1450 2252 1489 esse
2279 1452 2290 1489 :
2314 1435 2375 1490 id
2398 1437 2564 1508 quod
2583 1441 2784 1492 tamen
2808 1437 3230 1509 promiseram.
3255 1439 3362 1493 Hic
3383 1439 3638 1509 promis-

1970 1539 2106 1578 sum
2139 1525 2528 1596 complerem,
2556 1526 3050 1597 nisijudicarem,
3079 1542 3193 1594 me,
3214 1542 3358 1582 cum
3380 1528 3440 1582 in
3463 1529 3634 1584 tertio

1967 1612 2274 1669 volumine
2287 1614 2560 1686 praeclari
2575 1614 2732 1670 illius
2747 1618 2833 1672 De
2853 1616 3084 1687 Spiritu
3105 1622 3313 1671 sancto
3333 1615 3470 1671 libri
3487 1617 3634 1686 legi-

1967 1701 2181 1757 timum
2196 1707 2507 1775 parentem
2519 1704 2852 1774 indagabo,
2869 1704 3056 1760 multo
3075 1705 3458 1760 commodius
3476 1722 3546 1762 ea
3561 1706 3635 1762 de

1967 1807 2028 1846 re
2059 1791 2425 1848 locuturum.
2465 1795 2610 1848 Cum
2645 1793 2829 1864 paulo
2860 1799 2993 1848 ante
3027 1803 3219 1860 (num.
3253 1796 3342 1864 48)
3375 1795 3634 1866 probare

1969 1895 2240 1947 conarer,
2278 1882 2589 1938 Sozomeni
2620 1882 2841 1950 locum,
2884 1883 2945 1938 in
2984 1899 3107 1955 quo
3138 1883 3341 1939 Basilii
3372 1884 3636 1942 Ascetica

1970 1987 2006 2026 a
2025 1971 2396 2042 quibusdam
2420 1972 2730 2027 Eustathio
2764 1971 3100 2028 Sebasteno
3131 1973 3419 2028 attributa
3449 1972 3635 2029 fuisse

1968 2059 2271 2129 dicuntur,
2301 2076 2424 2116 non
2464 2060 2538 2115 de
2570 2061 2831 2132 Regulis,
2866 2062 2971 2116 sed
3003 2061 3077 2116 de
3103 2063 3457 2118 monasticis
3487 2078 3634 2119 con-

1968 2149 2377 2204 stitutionibus
2392 2149 2814 2222 accipiendum
2829 2150 3100 2224 esse,hoc
3115 2155 3475 2219 argumento
3489 2168 3636 2208 usus

1968 2255 2125 2307 sum,
2141 2238 2306 2310 quod
2329 2239 2377 2294 si
2402 2242 2768 2295 Sozomenus
2784 2239 3025 2310 regulas
3048 2240 3314 2295 indicare
3327 2240 3633 2310 voluisset,

1966 2327 2050 2383 ita
2093 2327 2167 2383 de
2214 2327 2306 2383 his
2348 2329 2590 2384 fecisset
2628 2330 3023 2398 mentionem,
3081 2333 3146 2384 ut
3191 2330 3636 2402 Scripturarum

1966 2417 2329 2484 testimonia,
2364 2417 2588 2490 quibus
2621 2417 2851 2473 refertae
2902 2423 3060 2481 sunt,
3092 2417 3401 2474 laudasset
3433 2436 3445 2473 :
3478 2435 3634 2492 quo-

1967 2522 2104 2561 rum
2138 2507 2459 2578 Scriptura:
2479 2507 2753 2563 locorum
2780 2507 3188 2563 meminerunt
3217 2507 3467 2563 Ruﬁnus
3496 2511 3636 2564 Cas-

1969 2596 2296 2668 sianusque
2329 2601 2385 2652 et
2419 2597 2668 2652 Photius
2699 2599 2793 2667 if).
2830 2597 2952 2653 Hoc
2980 2601 3181 2652 autem
3203 2597 3417 2652 eodem
3449 2597 3636 2653 modo

1973 2684 2339 2741 intellectum
2382 2685 2543 2742 nolo.
2575 2689 2723 2742 Cum
2755 2687 2916 2741 enim
2951 2687 3275 2743 Cassianus
3305 2692 3363 2742 et
3393 2686 3635 2743 Photius

1969 2773 2043 2829 de
2064 2773 2156 2829 his
2185 2774 2550 2830 testimoniis
2583 2791 2865 2846 expresse
2888 2775 3257 2830 mentionem
3287 2775 3635 2846 habuerint,

1971 2868 2172 2919 tamen
2211 2865 2460 2919 Ruﬁnus
2491 2881 2563 2919 ea
2594 2864 2909 2936 perspicue
2950 2868 3160 2920 notare
3199 2865 3344 2920 satis
3370 2864 3586 2932 habuit
3617 2880 3632 2919 :

1968 2953 2073 3025 qui
2103 2953 2326 3009 scilicet
2367 2953 2440 3008 de
2473 2953 2674 3008 Basilii
2703 2954 3013 3025 responsis
3051 2954 3129 3024 (g)
3171 2953 3407 3009 locutus
3441 2955 3534 3025 sit,
3572 2954 3636 3010 in

1968 3041 2191 3114 quibus
2233 3042 2539 3113 ejusmodi
2579 3041 3022 3113 Scripturarum
3051 3041 3186 3097 loca
3226 3042 3634 3098 continentur.

1971 3134 2050 3186 De
2072 3132 2439 3203 panegyrica
2469 3133 2760 3197 oratione,
2792 3148 2929 3203 quae
2960 3131 3035 3186 de
3061 3135 3325 3204 martyre
3359 3130 3635 3187 Barlaam

1967 3220 2177 3276 habita
2197 3221 2324 3289 fuit,
2342 3221 2583 3293 copiose
2605 3221 2852 3293 quidem
2874 3220 3251 3292 disputatum
3273 3225 3395 3276 est:
3421 3220 3527 3276 sed
3549 3224 3634 3276 ta-

1969 3327 2108 3366 men
2129 3311 2304 3366 omisi
2328 3311 2494 3384 quod
2516 3315 2726 3366 notatu
2750 3327 2875 3366 non
2899 3310 3223 3380 indignum
3251 3315 3380 3366 erat
3399 3310 3508 3381 (ἠ),
3539 3310 3633 3365 vi-

1968 3401 2182 3456 delicet
2205 3401 2264 3455 in
2293 3400 2705 3456 vetustissimo
2736 3400 2891 3456 libro
2923 3401 3003 3456 ita
3029 3399 3319 3473 scriptum
3341 3399 3632 3456 inveniri:

1968 3491 2057 3551 Εἰς
2100 3494 2185 3541 τὸν
2234 3490 2380 3560 ἅγιον
2425 3489 2672 3563 Βαρλαὰμ
2719 3493 2805 3540 τὸν
2850 3491 3152 3561 Ἀντιοχείᾳ
3197 3494 3634 3564 μαρτυρήσαντα,

1967 3582 2040 3635 In
2069 3587 2343 3636 sanctum
2383 3581 2702 3645 Barlaam,
2753 3581 2861 3650 qui
2895 3579 3234 3636 Antiochia:
3258 3595 3471 3648 passus
3503 3587 3588 3636 est
3617 3596 3630 3636 :

1967 3685 2090 3742 qua
2110 3675 2246 3725 nota
2277 3669 2482 3740 opinio
2511 3672 2722 3723 nostra
2741 3683 2864 3722 non
2886 3667 3037 3722 nihil
3065 3667 3476 3723 conﬁrmatur.
3515 3669 3634 3725 Etsi

1967 3759 2128 3814 enim
2167 3757 2312 3814 talia
2348 3773 2471 3813 non
2513 3761 2651 3812 sunt
2692 3755 2993 3828 ejusmodi
3036 3756 3416 3812 librariorum
3465 3757 3632 3813 testi-

1966 3848 2194 3915 monia,
2226 3852 2292 3903 ut
2315 3847 2654 3920 quidquam
2675 3863 2747 3902 ex
2786 3847 2878 3902 his
2910 3853 3073 3902 certo
3101 3845 3380 3902 concludi
3417 3847 3630 3920 possit,

1966 3943 2166 3994 tamen
2195 3953 2319 3993 non
2351 3937 2603 3992 omnino
2625 3935 3073 3994 contemnenda
3110 3953 3181 3992 ea
3213 3952 3346 3992 esse
3376 3941 3630 3994 constat.

2038 4031 2207 4100 Saepe
2226 4027 2462 4098 rogavit
2475 4039 2569 4082 me
2591 4027 2682 4082 vir
2699 4026 3070 4082 clarissimus
3086 4026 3352 4081 Joannes
3375 4027 3635 4099 Baptista

1965 4118 2284 4188 Coignard,
2326 4116 2526 4187 regius
2557 4115 3171 4188 architypographus,
3201 4121 3264 4171 ut
3294 4132 3629 4185 monerem,

1962 4207 2009 4262 si
2030 4207 2270 4263 tertium
2292 4205 2575 4261 volumen
2597 4220 2721 4260 non
2754 4210 2879 4260 tam
2911 4203 3026 4259 cito
3049 4204 3108 4259 in
3129 4203 3328 4260 lucem
3348 4204 3629 4278 prodeat,

1957 4298 2018 4353 id
2041 4313 2163 4352 non
2185 4294 2562 4366 negligentia:
2573 4294 2839 4362 suae,sed
2853 4294 3124 4350 adversm
3139 4309 3288 4350 mea;
3301 4289 3634 4352 valetudini

1957 4387 2335 4455 assignatum
2349 4389 2646 4456 Oportere.
2665 4382 2886 4450 Enitar,
2905 4387 3022 4438 Deo
3034 4384 3308 4453 juvante,
3324 4387 3473 4440 utan
3485 4382 3635 4439 tein‘

1958 4475 2269 4548 sequentis
2293 4473 2440 4530 anni
2461 4473 2645 4529 ﬁnem
2666 4472 2980 4545 inceptum
2997 4488 3152 4544 opus
3163 4487 3629 4545 persequamur.

2039 4777 2116 4847 (e)
2157 4781 2222 4832 In
2255 4773 2445 4843 Praef.,
2473 4777 2514 4829 t.
2551 4778 2593 4844 1,
2624 4789 2685 4829 n.
2717 4779 2771 4829 7.

2036 4850 2112 4918 (Γ)
2151 4847 2295 4904 Cod.
2339 4862 2484 4903 CXCI.

2037 4922 2120 4990 (gi
2147 4919 2296 4977 Cod.
2330 4918 2541 4988 [ἱεραὶ.
2575 4933 2636 4990 ρ.
2666 4920 2755 4973 91.

2040 4994 2124 5062 (h)
2154 4994 2289 5062 Leg.
2318 5007 2380 5046 n.
2410 4995 2440 5046 5
2472 4994 2530 5046 et
2557 5004 2685 5062 seq.
