4092 6382
423 338 526 392 159
1932 329 2317 387 ΡΒᾸΞΡᾹΤΙΟ.
3736 335 3837 388 160

1045 774 1729 891 ELENCHUS
1812 776 2443 892 VETERUM
2526 776 3199 891 LIBBORUM

1960 1040 2057 1090 AD
2098 1040 2284 1099 QUOS

426 1218 657 1285 Exacta
720 1228 786 1284 et
854 1218 1197 1285 emendata
1254 1226 1404 1285 sunt
1467 1214 1683 1285 Basilii
1738 1237 1962 1306 Opera,
2015 1238 2157 1305 quae
2214 1213 2278 1283 in
2336 1216 2465 1285 hoc
2519 1226 2585 1285 et
2645 1211 2946 1305 sequenti
3011 1212 3337 1284 volumine
3394 1211 3839 1284 continentur.

498 1483 764 1541 Homilies
802 1484 878 1539 de
907 1484 1163 1540 diversis
1186 1484 1494 1541 recensita:
1525 1488 1665 1541 sunt
1694 1484 1774 1541 ad
1805 1499 1908 1541 eos
1936 1483 2407 1556 manuscriptos,
2435 1483 2542 1555 qui
2567 1482 2721 1540 infra
2752 1486 3063 1539 notantur.

501 1574 711 1644 Regius
732 1573 925 1630 codex
959 1579 1114 1641 1906,
1142 1590 1326 1647 quem
1356 1591 1651 1631 vocamus
1682 1574 1946 1646 primum
1970 1591 1983 1642 ;
2008 1573 2213 1646 sicque
2244 1573 2319 1628 de
2340 1571 2585 1644 reliquis
2611 1572 2843 1639 ordine,
2873 1572 2958 1628 ita
2989 1576 3053 1627 ut
3074 1570 3183 1643 qui
3205 1570 3401 1643 primo
3425 1570 3560 1627 loco
3582 1570 3850 1643 ponitur,

423 1669 665 1720 vocetur
695 1662 929 1735 primus
961 1682 975 1732 ;
1015 1664 1119 1736 qui
1160 1664 1450 1733 secundo,
1492 1664 1820 1732 secundus,
1860 1668 1970 1719 etc.
2012 1663 2114 1719 ilic
2148 1662 2303 1718 liber
2344 1661 2853 1718 membranaceus
2897 1667 2987 1718 est
3029 1666 3086 1718 et
3124 1660 3413 1733 antiquus
3450 1664 3509 1716 et
3545 1660 3856 1731 eleganter

425 1753 704 1825 scriptus.

496 1843 636 1910 Reg.
669 1840 857 1896 codex
891 1845 1048 1908 1907,
1082 1842 1366 1911 membr.,
1397 1842 1657 1916 scriptus
1687 1841 1924 1898 decimo
1952 1840 2194 1897 saaculo.

500 1932 642 1999 Reg.
672 1929 862 1985 codex
903 1934 1039 1986 2287
1076 1937 1185 1999 ter,
1221 1932 1475 1988 membr.
1508 1937 1565 1987 et
1593 1930 2055 2004 antiquissimus
2083 1946 2154 1986 ac
2183 1930 2428 2003 optimae
2458 1934 2638 1988 notaa.

500 2022 667 2080 Colb.
696 2022 889 2078 codex
913 2026 1040 2091 457,
1070 2023 1353 2088 membr.,
1386 2024 1644 2096 scriptus
1683 2022 2009 2079 undecimo
2040 2020 2281 2077 saeculo.

502 2110 671 2168 Colb.
703 2111 891 2167 codex
917 2115 1041 2178 499,
1065 2112 1348 2178 membr.,
1377 2113 1637 2185 scriptus
1666 2112 1904 2168 decimo
1934 2110 2180 2166 saeculo.

506 2200 673 2257 Colb.
706 2200 896 2256 codex
930 2205 1085 2263 1934,
1120 2202 1365 2274 optimae
1404 2207 1583 2269 notua,
1625 2202 1881 2273 scriptus
1913 2200 2151 2255 decimo
2183 2200 2427 2268 smeulo,
2454 2199 2713 2255 membr.

503 2290 680 2346 Coisl.
705 2288 889 2345 codex
914 2295 1039 2360 230,
1071 2291 1215 2346 noni
1247 2291 1449 2346 seaculi
1480 2310 1491 2347 :
1521 2308 1643 2364 quo
1670 2296 1870 2347 tamen
1899 2288 2141 2363 parcius
2174 2290 2263 2344 usi
2293 2306 2522 2359 sumus,
2557 2289 2702 2361 quia
2733 2303 2855 2343 non
2888 2303 3107 2360 parum
3134 2285 3465 2343 mendosus
3494 2288 3605 2341 est.

504 2377 783 2434 Ducaeani
811 2379 1071 2448 codices,
1103 2380 1209 2452 qui
1240 2381 1323 2435 sic
1354 2386 1663 2449 notantur,
1693 2380 1865 2446 Oliv.,
1900 2380 2132 2450 Anglic.
2167 2382 2314 2436 Sunt
2344 2383 2545 2434 autem
2586 2378 2709 2432 duo
2742 2377 2889 2433 Oliv.

503 2467 933 2524 Combeﬁsiani
963 2468 1221 2536 codices,
1253 2485 1513 2542 quorum
1549 2470 1729 2526 varia:
1757 2469 2044 2525 lectiones
2069 2469 2131 2525 in
2161 2468 2375 2524 Basilio
2404 2467 2699 2524 recensito
2727 2467 3030 2539 leguntur.

1912 2595 2034 2648 Pro
2064 2592 2370 2648 Asceticis.

499 2720 640 2788 Reg.
666 2717 858 2773 codex
892 2721 1047 2788 1908,
1072 2718 1329 2773 membr.
1353 2722 1408 2774 et
1430 2718 1737 2791 antiquus,
1761 2718 1865 2792 qui
1882 2718 2010 2790 jam
2033 2722 2213 2774 antea
2233 2718 2427 2774 fuerat
2447 2732 2483 2773 a
2505 2714 2865 2774 Combeﬁsio
2894 2714 3164 2781 collatus,
3196 2714 3304 2770 sed
3326 2714 3407 2770 sic
3430 2716 3493 2770 ut
3514 2712 3854 2770 maximam

431 2806 797 2863 variantium
823 2807 1147 2863 lectionum
1180 2814 1412 2879 partem
1442 2808 1763 2864 omisisset.

505 2899 641 2967 Reg.
676 2898 865 2953 codex
902 2901 1063 2967 2288,
1087 2898 1342 2955 membr.
1377 2902 1435 2954 et
1455 2899 1765 2971 antiquus,
1797 2898 2014 2955 eodem
2044 2898 2230 2955 modo
2254 2898 2383 2970 jam
2413 2911 2448 2953 a
2475 2894 2837 2953 Combeﬁsio
2864 2893 3139 2951 collatus.

504 2989 646 3053 Reg.
677 2990 835 3057 2895,
872 2988 1132 3043 membr.
1164 2994 1221 3044 et
1243 2988 1553 3061 antiquus.

509 3073 673 3131 Colb.
700 3079 863 3141 3063,
893 3077 1177 3147 membr.,
1208 3078 1465 3150 scriptus
1493 3077 1731 3134 decimo
1761 3077 2001 3133 saeculo.

512 3164 686 3220 Coisl.
720 3170 847 3233 231,
880 3167 1139 3224 membr.
1174 3167 1497 3223 undecimo
1528 3166 1748 3223 seculo
1778 3167 2057 3240 scriptus.

513 3254 686 3309 Coisl.
720 3256 911 3312 codex
941 3261 1067 3325 233,
1100 3258 1384 3324 membr.,
1418 3262 1476 3313 et
1504 3258 1811 3330 antiquus.
1849 3257 1946 3313 His
1974 3256 2218 3313 duobus
2244 3256 2467 3313 ultimis
2493 3254 2801 3313 codicibus
2830 3253 3161 3311 identidem
3189 3253 3284 3310 usi
3314 3268 3547 3309 sumus.

511 3345 677 3399 Voss.
707 3345 899 3401 codex
938 3362 973 3402 a
1000 3347 1126 3402 viro
1156 3346 1506 3403 doctissimo
1536 3348 1773 3403 Andrea
1807 3350 2006 3403 Scotto
2035 3346 2309 3413 collatus,
2340 3346 2599 3403 membr.
2643 3352 2699 3401 et
2728 3344 3206 3419 antiquissimus.

512 3433 703 3489 Editio
725 3436 868 3490 Ven.
900 3436 979 3491 ad
1010 3452 1199 3508 quam
1230 3436 1655 3492 adornandam
1689 3436 1945 3493 adhibiti
1980 3442 2122 3493 sunt
2148 3441 2378 3493 veteres
2411 3441 2676 3510 quatuor
2699 3434 2837 3491 libri
2868 3435 3081 3507 :cujus
3110 3434 3173 3491 in
3199 3449 3305 3491 ora
3334 3431 3536 3489 multae
3560 3430 3864 3487 variantes

437 3520 727 3578 lectiones
760 3525 1143 3596 reperiuntur
1169 3539 1183 3579 :
1215 3541 1373 3598 quas
1404 3525 1719 3597 diligenter
1746 3526 2119 3582 notavimus.

1593 3654 1717 3707 Pro
1749 3652 2290 3709 Constitutionibus
2316 3652 2684 3709 monasticis.

508 3773 651 3841 Reg.
693 3772 884 3828 codex
919 3776 1075 3839 1824,
1108 3774 1389 3841 membr.,
1423 3791 1607 3847 quem
1638 3792 1922 3831 vocamus
1948 3777 2237 3848 primum.
2273 3779 2351 3831 Ex
2382 3792 2507 3849 quo
2533 3775 2600 3830 ﬁt
2629 3782 2695 3831 ut
2723 3774 2914 3831 codex
2945 3774 3165 3845 Regius
3199 3777 3357 3842 1908,
3389 3773 3494 3847 qui
3535 3788 3645 3846 pro
3685 3786 3868 3844 supe—

438 3860 699 3918 rioribus
726 3862 1006 3918 Asceticis
1034 3864 1269 3935 primus
1303 3870 1410 3932 est,
1440 3864 1744 3920 secundus
1768 3866 1841 3921 sit
1862 3882 1972 3938 pro
2004 3865 2357 3922 monasticis
2380 3864 2940 3922 Constitutionibus.
2973 3864 3197 3920 Eadem
3225 3879 3411 3919 causa
3432 3863 3650 3932 Regius
3673 3860 3866 3917 codex

437 3955 578 4007 2288
608 3952 812 4007 tertius
842 3957 930 4007 est
958 3968 1068 4025 pro
1107 3954 1460 4009 monasticis
1502 3954 2057 4011 Constitutionibus.
2102 3955 2326 4012 Pariter
2356 3957 2495 4025 Reg.
2530 3954 2721 4011 codex
2750 3955 2893 4011 2895
2920 3958 3174 4029 quartus
3205 3958 3295 4009 est
3331 3969 3441 4025 pro
3469 3952 3683 4008 iisdem
3717 3954 3867 4008 Con-

441 4040 851 4097 stitutionibus
882 4042 1260 4097 monasticis.

1772 4171 1883 4225 Pro
1910 4169 2081 4225 libris
2107 4170 2185 4225 De
2211 4168 2543 4242 baptismo.

514 4293 656 4359 Reg.
690 4290 881 4345 codex
916 4294 1073 4359 1908,
1107 4290 1364 4347 membr.
1396 4296 1454 4348 et
1482 4291 1789 4363 antiquus.

514 4380 655 4449 Reg.
688 4379 880 4435 codex
909 4384 1069 4446 2288,
1105 4380 1361 4437 membr.
1395 4384 1451 4437 et
1480 4380 1792 4454 antiquus.

516 4472 658 4539 Reg.
692 4469 882 4525 codex
913 4473 1075 4541 289$,
1108 4470 1365 4527 membr.
1396 4475 1453 4526 et
1480 4472 1787 4544 antiquus.

1909 4856 2220 4949 MONIT
2234 4860 2406 4951 UM.

517 5250 603 5305 Ita
640 5264 735 5303 res
774 5248 833 5304 in
873 5248 988 5304 hoc
1036 5246 1343 5303 volumine
1384 5245 1827 5318 disposuimus,
1874 5251 1938 5302 ut
1976 5248 2253 5316 genuina:
2303 5250 2614 5307 Orationes
2660 5250 2972 5307 obtineant
3028 5252 3292 5322 primum
3335 5248 3558 5314 locum,
3606 5248 3874 5304 Ascetica

446 5338 806 5405 secundum,
850 5337 981 5393 alim
1021 5336 1343 5393 conciones
1383 5335 1603 5408 spuria
1635 5335 1897 5408 tertium,
1946 5336 2082 5393 duae
2124 5337 2669 5395 lucubratiunculas
2703 5339 3087 5396 Coteleriante
3127 5345 3183 5395 et
3212 5338 3402 5394 altera
3433 5336 3875 5395 Combeﬁsiana

444 5435 753 5501 quartum,
785 5428 908 5483 duo
933 5427 1021 5483 De
1060 5426 1352 5496 baptismo
1377 5424 1515 5481 libri
1541 5426 1843 5497 quintum,
1882 5426 2139 5497 Liturgia
2162 5436 2419 5499 sextum,
2453 5430 2571 5486 alia
2595 5430 2883 5503 quaedam
2915 5430 3115 5485 Latine
3148 5430 3372 5501 scripta
3406 5428 3709 5483 ultimum.
3752 5427 3874 5481 Hoc

446 5518 627 5589 igitur
646 5517 930 5574 volumen
961 5532 1133 5589 neque
1160 5532 1231 5571 ac
1258 5516 1526 5588 primum
1557 5515 1618 5571 in
1649 5515 1803 5571 duas
1827 5520 2029 5587 partes
2058 5517 2323 5575 divisum
2356 5525 2472 5575 est:
2507 5536 2769 5592 quarum
2799 5521 2860 5575 in
2884 5520 3080 5593 prima
3106 5519 3384 5590 genuina;
3404 5516 3873 5578 lucubrationes,

446 5608 509 5665 in
539 5608 727 5665 altera
758 5606 1108 5664 adulterina:
1140 5604 1539 5661 continentur.
1582 5604 1697 5661 Sed
1734 5620 1809 5661 ne
1848 5605 1943 5661 cui
1972 5621 2043 5661 ea
2073 5623 2261 5679 quam
2294 5609 2420 5665 dixi
2456 5626 2659 5666 rerum
2684 5608 3000 5683 dispositio
3030 5624 3298 5665 errorem
3324 5606 3591 5678 objiciat,
3626 5618 3873 5661 monere

443 5698 651 5761 inutile
678 5713 803 5758 non
832 5696 1027 5767 fuerit,
1056 5694 1362 5771 germanis
1383 5710 1456 5751 ac
1486 5694 1735 5753 sinceris
1765 5694 2084 5772 peregrina
2103 5697 2390 5771 quaedam
2415 5696 2758 5754 admisceri.
2792 5697 3002 5755 Statim
3031 5696 3210 5768 igitur
3227 5695 3381 5752 inter
3400 5699 3593 5751 certas
3613 5709 3683 5750 ac
3702 5691 3873 5749 indu-
