4092 6408
240 305 325 359 161
1736 292 2121 351 ΡΒᾸΞΡΑΤΙΟ.
3541 301 3642 356 162

232 424 439 481 bitatas
465 421 767 479 invenitur
796 421 1068 478 secunda
1098 423 1183 478 De
1210 420 1437 493 jejunio
1467 419 1679 487 oratio,
1712 434 1837 476 non
1867 418 2035 491 quod
2059 434 2197 475 eam
2228 423 2453 477 certam
2474 436 2605 476 esse
2630 424 2814 493 atque
2844 420 3248 478 indubitatam
3277 425 3505 495 putem,
3533 422 3640 479 sed

232 512 387 587 quod
413 528 447 567 a
469 510 834 567 doctissimis
860 512 1005 567 viris
1036 511 1173 568 talis
1204 527 1335 567 esse
1359 510 1657 567 credatur.
1690 512 1917 565 Rursus
1942 509 2377 581 panegyricam
2404 510 2762 577 orationem,
2790 526 2928 581 quae
2957 510 3032 567 de
3065 517 3327 584 martyre
3358 513 3639 570 Barlaam

232 602 425 659 habita
466 606 574 669 est,
598 602 750 657 inter
780 617 1069 671 germana
1093 617 1163 657 ac
1194 601 1429 657 sincera
1460 599 1750 656 collocavi
1775 617 1787 655 :
1820 614 2005 671 quam
2028 602 2229 655 tamen
2264 600 2644 671 peregrinam
2668 616 2797 655 esse
2819 600 3094 656 arbitror.
3122 602 3235 658 Sed
3260 601 3386 657 haec
3408 603 3638 672 concio,

232 691 334 747 etsi
362 707 496 746 meo
532 690 764 761 judicio
788 690 1006 757 aliena,
1035 691 1117 747 ita
1147 695 1351 747 tamen
1382 689 1627 760 elegans
1658 693 1749 745 est
1772 694 1830 744 et
1858 693 2089 760 ornata,
2128 696 2191 744 ut
2217 689 2371 745 inter
2402 690 2699 759 genuinas
2726 690 2930 745 locum
2963 691 3175 746 mereri
3207 691 3352 747 mihi
3383 692 3512 748 visa
3543 693 3637 749 sit.

233 780 498 852 Reliquas
515 786 717 835 autem
734 778 1042 836 orationes
1064 795 1299 847 omnes,
1324 795 1461 851 qua:
1477 778 1538 834 in
1558 779 1755 851 prima
1776 778 2098 833 voluminis
2111 782 2280 850 parte
2301 778 2600 848 leguntur,
2625 795 2735 851 pro
2758 780 2914 835 veris
2926 796 2996 835 ac
3009 779 3182 835 certis
3198 780 3416 836 habeo:
3437 798 3629 855 eoque

232 871 413 939 magis
437 869 499 925 in
531 870 645 926 hac
677 886 813 925 mea
844 869 1143 926 sententia
1171 868 1520 937 conﬁrmor,
1553 868 1720 942 quod
1742 884 1951 924 earum
1980 866 2211 923 nullam
2230 868 2523 924 hactenus
2544 868 2622 924 ab
2645 867 2892 924 eruditis
2916 870 2976 924 in
2999 869 3257 925 dubium
3288 876 3631 927 revocatam

232 960 402 1017 fuisse
427 959 685 1016 videam.
719 962 923 1032 Neque
954 976 1095 1016 vero
1115 959 1176 1015 id
1207 960 1454 1015 cuidam
1484 958 1708 1014 mirum
1740 957 1927 1014 videri
1955 957 2153 1026 debet,
2186 974 2326 1013 cum
2365 958 2427 1014 in
2467 958 2560 1014 his
2594 958 2742 1014 nihil
2770 959 2861 1025 sit,
2907 959 3068 1014 unde
3116 961 3380 1031 suspicio
3404 961 3495 1016 vel
3524 962 3607 1017 mi

233 1049 388 1107 nima
407 1048 548 1104 oriri
576 1048 784 1121 possit.
814 1052 963 1105 Nam
983 1054 1047 1105 ut
1068 1049 1306 1105 interim
1328 1048 1402 1104 de
1425 1048 1796 1121 quibusdam
1816 1046 2193 1103 orationibus
2213 1064 2474 1120 quarum
2497 1052 2720 1104 veteres
2744 1049 3112 1104 mentionem
3136 1048 3349 1119 fecere,
3374 1056 3628 1119 taceam,

234 1138 526 1195 neminem
556 1138 791 1194 inﬁcias
818 1138 1041 1195 iturum
1076 1155 1274 1212 spero,
1309 1137 1359 1192 si
1389 1137 1451 1193 in
1481 1137 1787 1205 omnibus,
1819 1136 2044 1210 pariter
2068 1154 2282 1194 omnes
2312 1139 2551 1195 dicendi
2579 1140 2846 1206 virtutes,
2882 1156 3035 1212 quas
3065 1139 3297 1212 antiqui
3324 1141 3387 1197 in
3418 1142 3633 1200 Basilio

231 1227 564 1295 laudarunt,
591 1227 1011 1299 splendescere
1044 1244 1115 1284 ac
1148 1228 1372 1284 micare
1403 1226 1724 1282 afﬁrmem.
1758 1229 1821 1282 Et
1850 1242 1993 1282 vero
2024 1228 2209 1283 miras
2238 1228 2370 1284 illas
2400 1229 2624 1298 ingenii
2652 1229 2844 1296 dotes,
2874 1229 3097 1302 quibus
3145 1230 3397 1286 Basilius
3444 1231 3636 1288 excel-

234 1317 400 1373 luisse
429 1334 467 1373 a
487 1316 790 1373 veteribus
821 1317 1057 1386 dicitur,
1086 1319 1148 1373 in
1176 1318 1250 1373 iis
1278 1333 1432 1390 quas
1461 1316 1586 1373 dixi
1607 1315 1982 1372 orationibus
2004 1317 2204 1373 videre
2232 1318 2450 1390 cuique
2480 1318 2632 1386 licet,
2659 1304 3070 1392 eloquentiam
3086 1319 3518 1388 incredibilem,
3540 1337 3633 1378 re-

231 1424 354 1463 rum
377 1411 435 1461 et
455 1407 777 1463 verborum
804 1408 1064 1480 copiam,
1085 1423 1389 1464 summam
1404 1406 1733 1463 mundanae
1748 1405 2057 1479 sapientiae
2071 1407 2479 1477 cognitionem
2492 1408 2571 1464 ab
2582 1409 2750 1465 omni
2762 1409 3163 1466 ostentatione
3176 1409 3630 1480 alienissimam,

229 1496 638 1565 eruditionem,
666 1498 973 1570 pietatem,
1009 1499 1151 1554 artis
1181 1504 1540 1553 ornamenta
1576 1496 1786 1551 omnia
1816 1496 1946 1551 sine
1978 1496 2100 1552 ulla
2128 1496 2569 1567 signiﬁcatione
2600 1500 2765 1568 artis,
2798 1499 2860 1554 in
2914 1499 3291 1571 explicandis
3331 1502 3634 1572 mysteriis

231 1585 647 1659 tradendisque
674 1603 917 1643 morum
938 1587 1257 1660 praeceptis
1286 1586 1660 1656 diligentiam
1684 1585 2034 1654 maximam,
2060 1587 2571 1659 perspicuitatem,
2589 1588 3090 1652 perfectissimam
3101 1589 3442 1645 liberalium
3464 1590 3638 1646 disci-

228 1675 519 1749 plinarum
550 1676 1029 1748 intelligentiam,
1059 1677 1181 1733 vim
1212 1675 1624 1750 persuadendi
1655 1674 2044 1744 singularem,
2068 1680 2144 1743 et,
2182 1682 2245 1732 ut
2267 1676 2452 1733 verbo
2472 1677 2694 1745 dicam,
2728 1676 2959 1733 felicem
2985 1677 3322 1750 quamdam
3352 1685 3634 1736 naturam

225 1783 353 1822 cum
374 1766 453 1823 ad
481 1772 697 1823 caetera
720 1772 848 1823 tum
871 1766 951 1823 ad
972 1767 1409 1839 panegyricum
1430 1765 1668 1821 dicendi
1690 1780 1881 1835 genus
1906 1765 2629 1823 accommodatissimam.
2651 1766 2853 1839 Neque
2874 1767 3023 1823 mihi
3042 1768 3157 1823 hoc
3178 1768 3341 1824 credi
3358 1768 3597 1840 postulo
3622 1783 3636 1822 :

223 1855 338 1911 imo
363 1854 515 1911 meis
536 1856 735 1912 verbis
754 1855 941 1912 ﬁdem
965 1855 1138 1912 facile
1160 1855 1435 1912 adhiberi
1459 1870 1615 1925 aegre
1637 1853 1874 1911 ferrem.
1892 1854 1975 1911 Ita
1997 1856 2158 1912 enim
2172 1856 2380 1924 sentio,
2399 1856 2569 1929 quod
2592 1857 2875 1912 attentius
2897 1856 3365 1929 diligentiusque
3386 1858 3479 1913 hee
3500 1874 3639 1913 con-

224 1947 419 2001 ciones
439 1944 734 2014 legentur,
758 1961 830 2001 eo
854 1946 1056 2001 minus
1083 1950 1397 2017 suspectas
1416 1944 1562 2001 fore:
1589 1947 1654 1999 Et
1673 1944 1940 2016 alioquin
1957 1945 2335 2015 dignissimae
2362 1950 2523 2013 sunt,
2539 1962 2678 2019 quae
2694 1946 2917 2020 saepius
2940 1946 3019 2003 ab
3040 1946 3634 2016 omnibuslegantur,

222 2050 355 2090 cum
375 2050 589 2091 earum
608 2032 782 2091 lectio
806 2035 994 2091 cuivis
1014 2039 1072 2091 et
1098 2034 1414 2090 utilissima
1425 2038 1483 2090 et
1491 2037 1513 2105 j
1528 2034 1941 2091 ucundissima
1960 2036 2161 2093 futura
2183 2035 2272 2091 sit.
2303 2036 2637 2092 Doctissimi
2658 2035 2884 2109 quique
2906 2035 3288 2092 mirabuntur
3308 2038 3636 2106 orationes,

222 2124 280 2180 in
298 2125 523 2198 quibus
544 2124 690 2180 nihil
718 2124 1002 2193 otiosum,
1029 2125 1178 2181 nihil
1199 2123 1554 2181 redundans
1574 2123 1892 2197 reperitur;
1916 2124 1977 2180 in
1998 2124 2223 2196 quibus
2243 2125 2435 2182 densa
2462 2131 2604 2181 sunt
2632 2132 2689 2181 et
2717 2132 3034 2198 compacta
3054 2126 3262 2181 omnia
3288 2142 3642 2182 nervorum-

222 2232 333 2288 que
363 2221 423 2272 et
454 2216 669 2272 virium
698 2215 901 2289 plena,
932 2232 1071 2273 cum
1095 2215 1386 2273 omnibus
1414 2215 1657 2272 condita
1684 2213 1926 2271 dicendi
1963 2213 2403 2282 festivitatibus,
2440 2219 2568 2271 tum
2596 2214 3075 2288 praeclarissimis
3103 2214 3641 2289 saluberrimisque

222 2306 536 2378 praeceptis
567 2305 984 2363 refertissima.

287 2447 563 2504 Ascetica
584 2447 721 2520 plus
742 2447 892 2504 mihi
906 2446 1577 2518 negotiiexhibuerunt.
1608 2446 1778 2504 Modo
1799 2463 2011 2504 eorum
2028 2447 2325 2505 nonnulla
2345 2447 2406 2504 in
2429 2446 2701 2503 secunda
2722 2444 2868 2503 tomi
2894 2451 3063 2520 parte
3084 2447 3459 2520 reponebam
3481 2464 3495 2503 :
3518 2463 3645 2504 mo-

219 2535 296 2592 do
324 2538 546 2593 eadem
572 2537 634 2594 in
656 2537 920 2611 primam
938 2537 1329 2593 revocabam.
1355 2536 1469 2593 Sed
1500 2542 1707 2593 tamen
1736 2554 1875 2593 cum
1904 2554 2031 2594 rem
2059 2538 2338 2594 eamdem
2364 2538 2425 2593 in
2457 2537 2741 2593 Asceticis
2762 2536 3047 2592 omnibus
3075 2537 3318 2593 tractari
3360 2537 3640 2607 cogitavi,

219 2625 334 2682 alia
362 2626 447 2682 ab
474 2625 607 2683 aliis
626 2642 752 2682 non
775 2625 1121 2699 separanda
1141 2642 1273 2682 esse
1296 2625 1527 2682 censui.
1557 2627 1750 2693 Quare
1772 2642 1848 2682 ne
1868 2642 2013 2683 vera
2034 2643 2173 2683 cum
2195 2626 2365 2682 falsis
2384 2626 2625 2682 incaute
2647 2626 3119 2693 confundantur,
3163 2627 3279 2682 hoc
3297 2625 3431 2682 loco
3451 2625 3644 2681 brevi-

218 2719 303 2771 ter
326 2715 571 2788 singula
585 2732 896 2773 recensere
911 2732 1034 2773 non
1058 2715 1306 2789 pigebit.
1331 2716 1603 2772 Genuina
1632 2722 1771 2773 sunt
1791 2721 1850 2772 et
1870 2732 2179 2786 germana,
2203 2720 2269 2772 ut
2293 2715 2469 2771 nobis
2491 2715 2741 2788 quidem
2764 2715 3019 2784 videtur,
3048 2716 3308 2772 ascetica
3330 2716 3440 2772 tria
3460 2731 3644 2787 opus-

217 2805 353 2862 cula
373 2806 622 2879 praevia,
648 2806 831 2863 libelli
851 2808 937 2863 De
945 2807 1182 2876 judicio
1204 2807 1315 2862 Dei
1333 2822 1404 2862 ac
1433 2808 1519 2862 De
1546 2808 1686 2877 ﬁde,
1711 2807 1996 2874 Moralia,
2021 2807 2266 2876 Regulae
2287 2810 2411 2862 tam
2432 2804 2735 2875 longiores
2755 2821 2943 2879 quam
2963 2804 3272 2861 breviores
3297 2822 3309 2860 :
3340 2804 3401 2860 in
3425 2804 3645 2878 spuriis

218 2910 360 2951 vero
382 2901 601 2953 caetera
620 2912 1037 2965 numeramus,
1060 2895 1334 2952 videlicet
1351 2895 1562 2953 breves
1583 2897 1739 2953 duos
1758 2895 1993 2953 libellos
2012 2896 2117 2969 qui
2138 2901 2276 2968 post
2294 2896 2561 2952 Moralia
2587 2894 2767 2951 locati
2808 2899 2970 2962 sunt,
3014 2894 3480 2951 Constitutiones
3518 2910 3647 2951 mo-

219 2986 505 3055 nasticae,
531 2986 830 3059 Epitimia,
854 2985 1009 3042 duas
1029 3002 1186 3060 quas
1210 2985 1610 3043 Comheﬁsius
1632 2986 1819 3043 edidit
1836 2986 2414 3042 lucubratiunculas.
2440 2983 2696 3041 Attuliin
2710 2984 3061 3041 Praefatione
3073 2990 3433 3055 argumenta
3446 2985 3646 3041 omnis

222 3076 483 3146 generis,
509 3075 734 3149 quibus
752 3075 999 3148 probari
1018 3091 1206 3149 posse
1226 3074 1473 3143 credidi,
1498 3081 1818 3134 tractatum
1839 3092 2149 3150 quemque
2179 3080 2283 3132 aut
2304 3074 2635 3147 genuinum
2657 3092 2813 3145 esse,
2838 3080 2942 3131 aut
2979 3074 3408 3132 adulterinum.
3449 3076 3645 3140 Quare

222 3165 315 3222 hic
336 3166 680 3240 quidquam
700 3166 843 3223 addi
865 3166 936 3222 iis
955 3167 1031 3223 de
1052 3166 1236 3224 rebus
1257 3182 1508 3225 necesse
1544 3182 1669 3225 non
1708 3172 1876 3241 puto,
1899 3183 2039 3224 cum
2058 3166 2263 3240 potius
2301 3166 2491 3223 vereri
2528 3164 2808 3233 debeam,
2851 3179 2928 3221 ne
2968 3163 3223 3235 singulis
3263 3161 3637 3238 explicandis

220 3255 450 3315 diutius
476 3256 837 3313 immoratus
860 3256 1046 3313 fuisse
1075 3256 1303 3314 videar.

287 3402 438 3456 Pars
454 3397 781 3455 voluminis
802 3398 1071 3455 secunda
1091 3414 1129 3454 a
1156 3398 1355 3470 prima
1382 3398 1445 3455 in
1462 3398 1579 3455 hoc
1600 3398 1816 3467 differt,
1838 3400 2006 3473 quod
2025 3415 2405 3473 quaecunque
2424 3399 2487 3455 in
2516 3415 2590 3457 ea
2624 3399 3025 3473 reperiuntur,
3048 3402 3153 3456 aut
3172 3398 3378 3471 spuria
3396 3397 3517 3455 sint
3534 3399 3640 3457 aut

219 3495 381 3547 certe
402 3489 612 3560 spuria
632 3504 764 3544 esse
784 3488 928 3543 mihi
947 3488 1304 3544 videantur:
1333 3489 1499 3561 quod
1531 3494 1735 3545 tamen
1759 3490 1846 3547 ita
1863 3488 2056 3562 accipi
2079 3489 2239 3552 volo,
2272 3494 2339 3544 ut
2376 3488 2696 3545 Ruﬁniana
2731 3488 3143 3560 quarumdam
3183 3488 3379 3545 Basilii
3424 3488 3643 3545 oratio-

218 3595 371 3637 num
390 3577 803 3650 interpretatio
823 3577 884 3634 in
916 3576 1238 3633 subdititiis
1266 3593 1391 3633 non
1416 3583 1699 3649 ponatur.
1734 3582 1883 3635 Cum
1911 3583 2114 3634 autem
2135 3577 2517 3650 praestiterim
2536 3578 2598 3634 in
2623 3578 2999 3650 Praafatione,
3050 3593 3431 3651 quaecunque
3451 3578 3640 3634 homo

219 3684 372 3725 mea;
400 3666 580 3723 sortis
609 3670 899 3740 praestare
918 3670 1171 3739 poterat,
1211 3665 1273 3722 in
1308 3682 1503 3738 eaque
1533 3667 1742 3723 omnia
1769 3666 2176 3740 disposuerim
2197 3681 2308 3723 suo
2328 3666 2539 3722 ordine
2560 3671 2617 3722 et
2642 3666 2798 3735 loco,
2819 3682 2932 3723 nec
2961 3667 3299 3740 quidquam
3328 3665 3641 3722 omiserim

219 3774 455 3825 eorum,
487 3756 714 3829 quibus
741 3772 946 3813 meam
974 3756 1332 3811 sententiam
1354 3754 1598 3811 defendi
1626 3772 1807 3828 posse
1832 3755 2168 3823 arbitrarer,
2192 3755 2441 3813 taedium
2463 3770 2759 3827 parerem,
2807 3756 2858 3812 si
2887 3772 2983 3812 res
3013 3756 3143 3813 fuse
3189 3754 3516 3828 explicatas
3542 3754 3643 3810 hic

220 3846 422 3904 fusius
442 3845 745 3919 explicare
766 3861 1042 3903 conarer.
1075 3844 1226 3902 Satis
1253 3844 1437 3914 igitur
1454 3843 1697 3902 habebo
1718 3850 1921 3919 petere
1942 3862 2011 3903 ac
2031 3860 2245 3916 rogare
2285 3844 2364 3901 ab
2393 3844 2639 3901 eruditis
2667 3845 3019 3902 hominibus
3046 3847 3162 3903 hoc
3190 3860 3401 3913 unum,
3434 3847 3499 3900 ut
3528 3856 3643 3916 pro

223 3952 335 3997 sua
356 3937 739 3995 humanitate
758 3938 940 4008 atque
966 3933 1391 3992 benevolentia
1419 3934 1835 3995 Prmfationem
1865 3940 2136 3995 nostram
2161 3936 2424 4007 benigne
2452 3940 2512 3993 et
2539 3934 2745 4008 legant
2769 3940 2828 3992 et
2853 3935 3337 4010 interpretentur.
