4092 6380
427 321 528 377 103

1829 315 1887 372 S.
1928 315 2178 371 BASILII
2216 315 2433 371 MAGNI

3738 312 3841 370 164-

424 490 3838 529 W

1218 636 1457 725 ΤΟΥ
1525 638 1674 723 ΕΝ
1742 634 2134 724 ΑΓΙΟΙΣ
2192 632 2650 723 ΠΑΤΡΟΣ
2709 631 3042 723 ΗΜΩΝ

1507 847 2770 1023 ΒΑΣΙΛΕΙΟΥ

1363 1149 1909 1200 ΑΡΧΙΕΠῙΣΚΟΠΟΥ
1973 1146 2361 1196 ΚΑΙΣΛΡΕΙΑΣ
2390 1208 2395 1213 _
2429 1144 2905 1194 ΚΛΠΠΑΔΟΚῙΑΣ

1352 1325 1717 1420 (¹)ΠΕΡΙ
1759 1327 2258 1418 ΝΗΤΕΙΑΣ
2315 1327 2705 1417 ΛΟΓΟΣ
2774 1323 2883 1413 Α’.

1543 1682 1650 1803 S.
1756 1682 1864 1804 P.
1958 1679 2089 1801 Ν.
2186 1680 2731 1805 BAS’LIl

829 1928 1497 2027 C/ESARE/E
1555 1928 2404 2025 CAPPADOCI/E
2470 1927 3466 2039 ARCHIEPISCOPI

1246 2148 1439 2267 DE
1521 2144 2128 2268 JEJUNIO
2218 2146 2858 2267 HOMILIA
2948 2146 3038 2267 Ι.

509 2504 553 2574 ι
595 2507 644 2559 l.
678 2502 978 2574 Clangite,
999 2502 1215 2575 inquit,
1237 2503 1303 2559 in
1332 2504 1505 2560 initio
1545 2504 1783 2574 mensis,
1838 2501 2093 2559 buccina
2152 2503 2200 2556 Α

431 2595 500 2651 in
519 2594 749 2664 insigni
767 2594 1211 2650 (liesolemnilal
1220 2596 1267 2650 is
1282 2599 1493 2651 vestras
1508 2594 1549 2651 ¹.
1589 2593 1713 2649 Hoc
1735 2592 2095 2650 mandatum

430 2686 526 2739 est
544 2681 984 2755 propheticum.
1013 2685 1193 2739 Porro
1214 2682 1438 2740 festum
1458 2682 1625 2756 quod
1646 2683 1758 2739 hos
1779 2681 1908 2738 dies
1933 2687 2097 2739 ante-

429 2771 608 2839 cedit,
631 2773 846 2844 quavls
870 2771 1015 2829 tuba
1033 2772 1323 2840 vocalius,
1366 2779 1423 2830 et
1448 2772 1663 2845 quovis
1691 2772 2096 2829 instrumento

431 2860 669 2918 musico
691 2860 1128 2931 significantius
1153 2861 1430 2918 indicant
1460 2861 1638 2918 nobis
1668 2861 1979 2927 scripturas
2007 2877 2097 2917 re-

430 2949 649 3007 citatae.
687 2952 841 3006 Nam
879 2965 953 3006 ex
989 2951 1143 3008 Isaia
1187 2950 1513 3008 didicimus
1546 2951 1921 3023 jejuniorum
1964 2966 2097 3021 gra-

428 3038 597 3109 tiam,
629 3038 736 3113 qui
769 3043 833 3096 ut
872 3038 1197 3096 Judaicum
1221 3040 1541 3112 jejunandi
1572 3040 1826 3097 modum
1858 3056 2099 3096 aversa-

430 3131 527 3186 tus
556 3132 664 3196 est,
695 3130 747 3198 2
780 3128 865 3185 ita
886 3144 1099 3186 verum
1120 3130 1419 3202 jejunium
1449 3129 1626 3188 nobis
1656 3134 2098 3186 commonstra-

431 3218 538 3275 vit.
568 3219 660 3275 Ne
675 3221 971 3289 jejunetis
996 3220 1079 3277 ad
1109 3222 1240 3277 lites
1279 3236 1351 3277 ac
1379 3222 1803 3287 contentiones,
1845 3220 1950 3276 sed
1984 3220 2101 3276 dis-

432 3310 596 3365 solve
636 3324 809 3366 omne
856 3311 1168 3367 vinculum
1211 3312 1594 3382 iniquitatis”
1664 3314 1731 3367 Et
1771 3310 2096 3367 Dominus:

432 3397 638 3455 Nolite
652 3398 789 3468 ﬁeri
809 3401 1029 3469 tristes,
1064 3399 1167 3456 sed
1198 3401 1338 3456 lava
1373 3401 1591 3471 faciem
1629 3406 1816 3463 tuam,
1849 3406 1907 3457 et
1943 3414 2103 3471 unge

433 3492 623 3556 caput
670 3492 841 3543 tuum
872 3487 915 3543 ³.
969 3487 1061 3545 Sic
1107 3488 1287 3559 igitur
1335 3489 1555 3545 animis
1620 3488 1819 3546 affecti
1883 3489 2097 3556 simus,

433 3576 962 3649 quemadmodum
1015 3593 1228 3633 sumus
1274 3578 1489 3647 edocti,
1535 3594 1606 3635 ac
1644 3579 1771 3635 dies
1808 3578 2102 3635 instantes

432 3664 919 3738 haudquaquam
953 3667 1120 3734 tristi,
1154 3666 1262 3723 sed
1281 3667 1456 3724 hilari
1476 3668 1683 3725 animo
1703 3668 2097 3741 excipiamus,

434 3753 610 3812 sicuti
633 3755 807 3814 decet
834 3761 1095 3813 sanctos.
1124 3760 1311 3814 Nemo
1331 3757 1577 3829 dejectee
1598 3759 1821 3814 mentis
1843 3773 2101 3814 corona-

433 3848 551 3912 tur,
598 3860 781 3902 nemo
819 3862 1083 3903 maerens
1121 3852 1420 3919 tropaeum
1471 3848 1699 3904 statuit.
1760 3848 1891 3905 Noli
1920 3848 2101 3904 tristis
2162 3854 2208 3911 Β

436 3949 592 4001 esse,
615 3934 764 3990 dum
785 3936 1033 3991 curaris.
1056 3936 1406 3993 Absurdum
1435 3936 1613 3994 fuerit
1647 3953 1772 3994 non
1809 3938 1997 3995 laetari
2025 3939 2101 3994 de

436 4023 691 4079 sanitate
715 4024 955 4091 animm,
994 4025 1118 4082 imo
1157 4025 1234 4081 de
1273 4029 1658 4083 commutatis
1688 4027 1836 4083 cibis
1873 4027 2098 4095 dolere,

439 4127 511 4169 ac
538 4112 729 4169 videri
759 4113 907 4170 tales
936 4114 1043 4187 qui
1068 4115 1208 4188 plus
1239 4116 1574 4173 tribuamus
1615 4117 1914 4190 voluptati
1960 4133 2104 4173 ven-

434 4201 561 4269 tris,
589 4219 779 4275 quam
809 4220 969 4260 curm
998 4205 1236 4263 mentis.
1271 4209 1433 4263 Nam.
1450 4207 1513 4263 in
1535 4212 1741 4265 ventre
1763 4208 1988 4265 sistitur
2006 4224 2103 4265 sa-

434 4291 653 4349 tietatis
673 4292 1023 4367 delectatio;
1058 4295 1165 4353 sed
1179 4296 1485 4369 jejunium
1503 4297 1565 4354 in
1586 4298 1860 4355 animam
1891 4297 2104 4355 subve-

435 4381 524 4441 hit
548 4382 808 4442 lucrum.
831 4385 922 4441 Sis
948 4385 1127 4444 hilari
1163 4388 1391 4458 animo,
1426 4388 1595 4462 quod
1624 4389 1732 4447 tibi
1778 4405 1817 4447 a
1863 4389 2100 4447 medico

2336 2508 2383 2559 1.
2435 2503 2744 2571 Σαλπίσατε,
2796 2508 2976 2576 φησιν,
3027 2501 3076 2556 ἓν
3140 2507 3387 2576 νεομηνία
3433 2503 3515 2573 (2)
3583 2495 3873 2574 σάλπιγγιδ

2259 2588 2309 2641 ἕν
2375 2591 2589 2664 εὐσήμῳ
2633 2595 2802 2664 ἡμέρα
2866 2591 3049 2663 ἑορτῆς
3107 2592 3271 2663 ὑμῶν.
3320 2597 3485 2645 Τοῦτο
3541 2594 3864 2663 πρόσταγμα

2260 2679 2374 2733 ἐστι
2420 2686 2759 2755 προφητικὸν.
2806 2666 2955 2753 Ἡμῖν
3023 2677 3082 2733 δι
3129 2683 3309 2743 πάσης
3361 2680 3655 2752 σάλπιγγος
3694 2698 3863 2752 μεγα-

2258 2768 2619 2847 λοφωνότιρον,
2652 2776 2741 2823 καὶ
2769 2774 2962 2832 παντὸς
3006 2770 3227 2845 ὀργάνου
3274 2778 3536 2843 μουσικοῦ
3584 2769 3867 2841 εὐσημότε-

2258 2879 2368 2935 ρον,
2417 2866 2511 2920 τὴν
2559 2862 2896 2936 προάγουσαν
2927 2863 3001 2930 (3)
3048 2868 3148 2913 τῶν
3197 2863 3400 2933 ἡμερῶν
3445 2859 3620 2934 ἑορτὴν
3668 2859 3869 2917 ὑποση-

2259 2956 2431 3024 μαίνει
2504 2954 2571 3004 τὰ
2645 2949 3048 3023 ἀναγνώσματα.
3122 2949 3502 3023 Ἐγνωρίσαμεν
3584 2951 3686 3022 γὰρ
3766 2956 3870 3001 τῶν

2259 3048 2511 3099 νηστειῶν
2573 3045 2667 3099 τὴν
2741 3043 2904 3114 χάριν
2942 3048 3034 3093 τοῦ
3071 3040 3311 3108 ⁸Ησαίου,
3367 3042 3453 3092 τὸν
3501 3041 3591 3111 μεν
3633 3034 3873 3091 Ἰουδαῖ-

2260 3135 2350 3184 κὸν
2380 3141 2475 3193 τῆς
2513 3136 2757 3194 νηστείας
2804 3136 2993 3205 τρόπον
3041 3134 3437 3205 παρωσομένον,
3482 3133 3577 3186 τὴν
3628 3124 3691 3181 δε
3737 3127 3870 3187 ἁλη-

2264 3224 2408 3280 θινὴν
2439 3223 2517 3293 (4)
2563 3226 2806 3278 νηστείαν
2855 3223 2978 3293 ἡμῖν
3025 3217 3457 3293 παραδείξαντος.
3510 3222 3595 3277 Μή
3644 3217 3715 3280 εἰς
3760 3221 3873 3292 κρί-

2266 3330 2374 3372 σεις
2429 3315 2519 3363 καὶ
2577 3313 2760 3382 μάχας
2811 3311 3102 3376 νηστεύετι,
3162 3307 3289 3360 ἀλλὰ
3338 3306 3425 3359 λύε
3498 3308 3670 3358 πάντα
3744 3308 3870 3357 σύν-

2265 3396 2457 3474 δεσμον
2511 3396 2744 3463 ἀδικίας.
2808 3403 2910 3453 Καὶ
2967 3398 2992 3451 ὁ
3051 3401 3261 3473 Κύριος⁸
3322 3400 3410 3455 Μὴ
3463 3396 3673 3468 γένεσθε
3733 3412 3869 3448 ωιν-

2266 3493 2481 3567 θρωποὶ,
2534 3489 2661 3542 ἀλλά
2705 3489 2857 3561 νίψαι
2907 3509 3001 3542 σου
3054 3492 3113 3541 τὸ
3161 3490 3441 3562 πρόσωπον
3506 3489 3597 3537 καὶ
3657 3482 3870 3555 ἄλειψαί

2265 3600 2359 3634 σου
2403 3584 2498 3639 τὴν
2543 3578 2788 3653 κεφαλήν.
2835 3579 3154 3650 Διατεθῶμεν
3197 3579 3391 3642 τοίνυν,
3444 3576 3513 3635 ὡς
3560 3568 3869 3644 ἐδιδάχθη-

2263 3691 2373 3745 μεν,
2432 3674 2503 3743 μὴ
2554 3668 3160 3743 κατασκυθρωπάζοντες
3217 3664 3299 3719 hri
3354 3670 3472 3726 ταῖς
3518 3664 3871 3737 προσιούσαις

2264 3763 2503 3834 ἡμέραις,
2578 3757 2705 3811 ἀλλὰ
2774 3755 3009 3833 φαιδρῶς
3081 3758 3212 3829 πρός
3286 3754 3470 3821 αὐτὰς,
3542 3755 3611 3815 ὥς
3684 3755 3871 3827 πρέπει

2266 3849 2457 3922 ἁγίοις,
2511 3845 2882 3921 διατιθέμενοι.
2943 3842 3139 3907 Οὐδεὶς
3213 3842 3424 3918 ἀθυμῶν
3502 3848 3866 3915 στεφανοῦταιι

2264 3936 2443 4002 οὐδεὶς
2487 3938 2792 4011 στυγνάζων
2838 3941 3084 4012 τρόπαιον
3134 3937 3339 3993 ἵστησι.
3388 3936 3475 3991 Μὴ
3548 3931 3869 4005 σκυθρωπά-

2267 4049 2366 4103 σῃς
2434 4030 2854 4101 θεραπευόμενος.
2922 4024 3148 4079 ’Ἄτοπον
3212 4029 3284 4097 μή
3330 4027 3540 4095 χαίρειν
3589 4019 3672 4073 ἐπὶ
3720 4022 3873 4093 ὑγεία

2263 4119 2418 4191 ψυχῆ
2434 4140 2471 4184 ς,
2502 4116 2629 4170 ἀλλὰ
2665 4117 2946 4170 λυπεῖσθαι
2988 4114 3074 4169 ἐπὶ
3122 4114 3414 4189 βρωμάτων
3464 4110 3734 4183 ὑπαλλαγῇ
3769 4111 3867 4183 (5),

2265 4213 2356 4263 καὶ
2386 4206 2594 4261 πλείονα
2619 4210 2782 4282 χάριν
2813 4208 3087 4281 φαίνεσθαι
3125 4200 3376 4265 διδόντας
3423 4197 3586 4274 ἡδονῇ
3636 4202 3872 4272 ⁴γαστρὸς

2265 4300 2296 4359 ἢ
2331 4297 2593 4372 ἐπιμιλείᾳ
2620 4297 2827 4371 ψυχῆς.
2876 4301 3043 4370 Κόρος
3088 4297 3179 4369 μὶν
3226 4296 3328 4366 γὰρ
3378 4291 3450 4354 εἰς
3497 4294 3735 4363 γαστέρα
3774 4292 3870 4347 τὴν

2265 4391 2427 4463 χάριν
2455 4389 2659 4447 ἰστησι·
2690 4392 2911 4446 νησετία
2939 4382 2999 4439 δὲ
3044 4388 3177 4462 πρὸς
3222 4382 3409 4456 ψυχὴν
3456 4378 3762 4441 ἀναϐιϐάζει
3807 4383 3869 4432 τό

511 4565 530 4600 ¹
569 4564 723 4623 Psal.
754 4582 928 4635 Lm,
960 4570 1016 4625 4.
1092 4570 1115 4605 ³
1155 4571 1271 4626 isa.
1304 4584 1460 4639 Lvm,
1488 4572 1603 4626 4-6.
1680 4570 1704 4605 ³
1742 4568 1944 4629 Matth.
1974 4584 2051 4638 v1,
2087 4570 2173 4638 16,
2210 4570 2299 4626 17.

508 4744 589 4815 (1)
609 4743 764 4800 Editi
785 4744 1034 4816 perinde
1055 4749 1120 4802 ut
1138 4746 1304 4818 Regii
1325 4747 1632 4805 secundus
1651 4753 1707 4806 et
1726 4748 1931 4805 tertius
1957 4765 1971 4804 :
1995 4754 2100 4802 Τοῦ

438 4831 600 4886 αὐτοῦ
626 4839 743 4907 περὶ
771 4840 1017 4897 νηστείας
1044 4836 1198 4908 λόγος
1226 4836 1293 4907 α’,
1333 4839 1616 4909 Ejusdem
1650 4855 1841 4897 sermo
1865 4840 2101 4909 primus

437 4922 781 4993 dejejunio.
805 4926 943 4995 Reg.
969 4925 1235 4997 primus:
1273 4926 1484 4999 Ὀμιλία
1505 4929 1578 4991 εἰς
1624 4933 1718 4987 τὴν
1754 4928 2099 5005 παρείσϐασιν

438 5019 540 5063 τῶν
562 5020 831 5084 νηστειῶν,
866 5014 1131 5071 Homilia
1161 5017 1223 5071 in
1254 5017 2005 5088 ingressumjejuniorum.
2030 5023 2102 5074 At

444 5099 569 5156 duo
591 5101 949 5159 Colbertini:
976 5109 1102 5179 Περὶ
1120 5111 1368 5167 νηστείας
1386 5105 1541 5178 λόγος
1563 5106 1631 5180 β’,
1664 5110 1872 5165 Sermo
1902 5123 2101 5165 secun-

438 5190 553 5246 dus
573 5191 646 5248 de
656 5192 910 5262 jejunio.
939 5192 1114 5259 Quod
1141 5194 1221 5250 ait
1241 5196 1332 5251 vir
1358 5195 1749 5253 doctissimus
1785 5198 2101 5256 Tillemono

439 5278 578 5343 tius,
601 5280 756 5336 duas
780 5281 892 5338 has
913 5297 1069 5355 quas
1093 5283 1151 5338 in
1173 5283 1434 5341 editione
1455 5285 1781 5343 Parisiensi
1800 5287 2099 5345 habemus

438 5368 741 5427 orationes
778 5370 1091 5428 Dominica
1124 5373 1321 5445 prima
1342 5375 1831 5447 Quadragesimm
1859 5378 2101 5436 habitas

439 5474 591 5528 esse,
615 5459 723 5515 sed
742 5476 867 5517 non
888 5458 1105 5519 eodem
1125 5479 1307 5533 anno,
1337 5464 1414 5522 de
1442 5481 1513 5523 eo
1534 5482 1675 5524 cum
1700 5467 1833 5540 ipso
1858 5473 2102 5526 conten-

438 5547 583 5606 dere
620 5548 943 5606 nolumus:
989 5551 1096 5608 sed
1134 5553 1353 5623 eidem,
1403 5559 1726 5630 utramque
1764 5559 2099 5618 orationem

440 5635 644 5696 Basilii
659 5637 851 5697 videri
870 5638 1216 5713 aﬂirmanti,
1238 5657 1364 5703 non
1386 5644 1469 5704 ita
1484 5644 1659 5705 facile
1678 5649 2099 5708 assentiemur.

2265 4751 2348 4806 Ea
2377 4747 2452 4804 de
2476 4763 2539 4805 re
2561 4747 2623 4804 in
2652 4745 3025 4803 Praefatione.

2336 4840 2413 4911 (2)
2445 4838 2597 4895 Editi
2618 4837 2666 4890 ἐν
2695 4841 3008 4910 νεομηνὶαις,
3049 4834 3116 4889 in
3141 4831 3331 4888 initiis
3354 4829 3663 4886 mensium.
3688 4829 3760 4883 At
3804 4824 3871 4884 in

2263 4929 2527 5001 antiquis
2545 4930 2814 5002 quinque
2838 4926 3005 4982 libris
3034 4928 3091 4981 et
3109 4920 3277 4996 apud
3299 4922 3426 4977 LXX
3449 4918 3666 4991 legitur
3685 4915 3733 4969 ἐν
3753 4934 3867 4968 νεο-

2262 5024 2446 5094 μηνίᾳ,
2479 5021 2543 5076 in
2562 5020 2735 5075 initio
2754 5018 2973 5074 mensis

2334 5110 2407 5181 (3)
2446 5112 2683 5165 Veteres
2712 5106 2942 5180 aliquot
2962 5102 3097 5160 libri
3116 5103 3489 5177 προσάγουσαν
3518 5107 3638 5165 τῶν,
3671 5093 3859 5151 male.

2334 5202 2411 5271 (4)
2450 5202 2591 5269 Reg.
2624 5195 2927 5253 secundus
2946 5199 3040 5253 τὴν
3069 5189 3128 5246 δί
3159 5191 3350 5250 ἀληθῆ.
3381 5191 3531 5246 Mox.
3556 5184 3722 5244 Colb.
3746 5184 3869 5258 pri-

2261 5305 2401 5347 mus
2429 5289 2571 5342 λύετε
2592 5291 2782 5343 πάντα.

2288 5438 2295 5443 ,
2334 5380 2411 5452 (5)
2458 5377 2631 5447 Illud,
2674 5376 2758 5431 ἐπὶ
2803 5375 3093 5449 βρωμάτων
3132 5369 3429 5442 ὑπαλλαγῇ,
3480 5366 3565 5423 sic
3610 5366 3872 5423 verterat

2264 5471 2571 5535 Erasmus,
2613 5467 2685 5524 ob
2741 5465 2900 5523 cibos
2937 5464 3312 5520 subtractos:
3358 5457 3484 5526 ubi,
3540 5460 3609 5513 ut
3652 5467 3868 5510 omnes

2261 5559 2489 5628 vident,
2520 5560 2749 5616 vertere
2769 5554 3078 5620 debuerat,
3100 5553 3174 5610 ob
3198 5550 3358 5609 cibos
3379 5549 3791 5606 commutatos.
