4092 6410
258 252 347 315 165
1532 249 1622 303 DE
1658 245 1761 303 IE1
1768 246 1845 302 Ul‘

2013 246 2270 303 {OMILIA
2306 251 2350 306 ῐ.
3559 254 3657 312 166

250 379 438 458 κέρδος.
470 375 803 453 Εῦθύμησον,
833 379 912 429 ὅτι
956 395 1039 429 σοι
1071 370 1287 428 δέδοται
1313 374 1457 449 παρὰ
1512 379 1605 426 τοῦ
1657 370 1836 446 ἰατροῦ

2013 368 2215 427 :latum
2244 375 2335 428 est
2366 373 2766 446 pharmacum
2805 373 3023 433 efﬁcax
3052 375 3356 435 abolendo
3385 385 3654 453 peccato.

250 475 500 549 φάρμακον
559 468 821 543 ἁμαρτίας
896 463 1240 539 ἂναιρετικόν.
1287 468 1487 538 *Ὥσπερ
1530 463 1632 536 γὰρ
1685 462 1736 513 οἱ
1789 459 1836 512 ἒν

248 569 347 625 τοῖς
397 559 629 634 ἐγκάτοις
686 566 787 610 τῶν
843 553 1049 611 παίδων
1107 555 1514 627 ζωογονούμενοι
1573 551 1835 613 σκώληκες

250 652 523 726 φαρμάκοις
580 651 691 700 τισὶ
752 643 1095 722 δριμυτάτοις
1160 643 1556 717 ἐξαφανίζονται
1587 684 1600 704 ,
1674 639 1838 702 οὕτως

249 741 508 815 ἁμαρτίαν,
561 737 978 810 ὑποικουροῦσαν
1018 743 1089 806 τῷ
1138 732 1313 807 βάθει,
1383 731 1725 784 ἐναποκτείνει
1770 738 1832 804 τῇ

246 831 390 903 ψυχῇ
422 824 789 880 ἐπεισελθοῦσα
817 829 1051 897 νηστεία,
1102 822 1194 896 ἦγε
1242 825 1309 885 ὡς
1348 820 1550 884 ἀληθῶς
1590 829 1685 883 τῆς
1715 839 1840 894 προ-

252 922 492 994 σηγορίας
512 918 712 977 ταύτης
744 913 884 978 ἀξία.

313 1013 367 1065 2.
415 1005 659 1077 ’Ἃλειψαί
716 1024 810 1058 σου
859 1008 949 1063 τὴν
991 1002 1230 1076 κεσγαλήν,
1260 1007 1350 1055 καὶ
1395 1000 1547 1072 νίψαι
1574 1004 1633 1053 τὸ
1664 1003 1836 1074 πρόσ-

249 1119 389 1153 ωπον.
438 1095 550 1150 Ἐπὶ
601 1096 869 1169 μυστήρια
918 1113 976 1146 σε
1022 1091 1169 1145 καλεῖ
1216 1094 1241 1143 ό
1288 1090 1461 1164 λόγος.
1506 1089 1565 1142 Ὀ
1616 1087 1837 1159 ἀλειψά-

246 1207 383 1261 μενος
442 1182 723 1258 ἒχρίσατο·
764 1184 789 1235 ό
837 1180 1117 1255 νιψάμενος
1176 1179 1502 1233 ἆπεπλύνατο
1723 1176 1837 1231 Ἐπὶ

250 1280 311 1331 τὰ
366 1272 507 1329 ἔνδον
567 1271 799 1347 λάμϐανε
849 1280 949 1324 τῶν
1011 1270 1174 1345 μελῶν
1220 1275 1311 1328 τήν
1358 1271 1664 1343 νομοθεσίαν

247 1365 520 1421 Ἀπόπλυνε
562 1367 653 1422 τὴν
699 1361 888 1434 ψυχὴν
928 1360 1339 1436 ἁμαρτημάτων.
1380 1365 1579 1433 Χρῖσαι
1626 1362 1715 1416 τήν
1760 1377 1839 1409 κε-

248 1456 392 1532 φαλὴν
443 1458 713 1529 χρίσματι
769 1451 922 1523 ἁγίῳ,
981 1452 1064 1503 ἶνα
1119 1454 1348 1523 μέτοχος
1400 1453 1524 1522 γένῃ
1577 1452 1836 1524 Χριστοῦ,

245 1552 326 1600 καὶ
355 1544 486 1597 οὓτω
518 1541 774 1619 πρόσελθε
803 1549 867 1614 τῇ
912 1544 1150 1613 νηστείᾳ.
1177 1544 1262 1598 Μή
1303 1539 1562 1612 ἁφανίσης
1592 1541 1649 1589 τὸ
1679 1542 1841 1612 πρόσ-

245 1637 373 1688 ωπόν
434 1641 530 1685 σου
589 1639 764 1707 ὥσπερ
821 1631 871 1682 οἱ
928 1630 1230 1705 ὑποκριταί.
1283 1627 1615 1701 Ἀφανιζεται
1679 1631 1842 1701 πρόσ-

246 1743 392 1791 ωπον,
434 1723 559 1774 ὅταν
608 1718 638 1779 ἦ
682 1710 838 1773 ⁵ἔνδον
884 1710 1125 1780 διάθεσις
1157 1716 1458 1789 ἐπιπλάστῳ
1499 1722 1740 1789 σχήματι
1768 1723 1841 1788 τῷ

240 1813 412 1876 ἔξωθεν
462 1810 832 1881 ἐπισκοτῆται,
887 1808 1065 1884 ὥσπερ
1125 1808 1225 1860 ὑπὸ
1273 1808 1718 1880 παραπετάσματι
1769 1814 1841 1877 τῷ

240 1898 418 1973 ψεύδει
484 1900 873 1972 καλυπτομένη.
933 1902 1232 1973 Υποκριτής
1289 1895 1428 1950 ἐστιν
1482 1897 1507 1948 ὁ
1538 1894 1587 1948 ἐν
1645 1897 1841 1970 θεάτρῳ

241 1989 500 2066 ἀλλότριον
556 1995 838 2066 πρόσωπον
896 1987 1144 2041 ὑπελθών·
1213 1983 1398 2048 δοῦλος
1456 1986 1546 2058 ὢν,
1594 1985 1842 2046 πολλάκις

238 2085 293 2134 τὸ
321 2088 412 2134 τοῦ
444 2075 733 2151 δεσπότου,
764 2082 853 2131 καὶ
898 2073 1139 2143 ἰδιώτης,
1170 2081 1228 2129 τὸ
1278 2083 1371 2129 τοῦ
1418 2074 1696 2149 βασιλέως.
1731 2077 1841 2128 Ofi-

236 2192 304 2225 τω
332 2174 422 2237 καὶ
451 2169 503 2224 ἐν
549 2179 622 2243 τῷ
672 2168 776 2243 βίῳ
819 2170 1008 2241 τούτῳ,
1042 2171 1216 2242 ὥσπερ
1266 2165 1349 2219 ἐπὶ
1398 2166 1701 2241 ὀρχήστρας
1745 2174 1843 2227 τῆς

237 2261 426 2323 ἑαυτῶν
482 2261 625 2322 ζωῆς
682 2261 731 2313 οἱ
781 2257 961 2311 πολλοὶ
1024 2256 1412 2331 θεατρίζουσιν,
1468 2254 1597 2307 ἄλλα
1643 2259 1735 2328 μὲν
1790 2254 1838 2308 ἐν

235 2359 295 2424 τῇ
356 2347 563 2424 καρδίᾳ
630 2353 886 2423 φέροντες,
945 2346 1077 2400 ἄλλα
1138 2343 1198 2399 δὲ
1258 2353 1321 2418 τῇ
1399 2342 1669 2418 ἐπιφανείᾳ
1732 2348 1843 2404 τοῖς

234 2438 528 2516 ἀνθρώποις
578 2433 891 2500 δεικνύντες.
951 2441 1036 2495 Μὴ
1093 2433 1310 2508 ἆφάνιζε
1367 2428 1456 2487 οὖν
1512 2436 1570 2486 τό
1636 2436 1844 2506 πρόσω-

231 2550 341 2586 πον.
377 2531 505 2591 Οἰος
535 2522 598 2596 εἶ,
626 2535 862 2589 τοιοῦτος
893 2531 1095 2600 φαίνου·
1128 2529 1200 2598 μὴ
1234 2522 1722 2597 κατασχηματίζου
1759 2522 1838 2601 (8)

234 2622 449 2673 σεαυτόν
506 2622 639 2694 πρός
686 2621 745 2670 τό
795 2618 1126 2691 σκυθρωπόν,
1174 2619 1264 2674 τὴν
1308 2612 1364 2666 ἐκ
1407 2621 1500 2666 τοῦ
1552 2609 1723 2665 δοκεῖν
1763 2609 1845 2683 ἐγ-

231 2715 430 2784 κρατὴς
484 2707 616 2762 εἶναι
670 2703 827 2771 δόξαν
893 2707 1208 2779 θηρώμενος,
1259 2704 1393 2757 Οὔτε
1448 2705 1547 2776 γὰρ
1611 2701 1845 2761 εὐποιίας

233 2799 623 2872 σαλπιζομένης
680 2796 874 2870 ὄφελος,
930 2800 1020 2848 καὶ
1083 2798 1329 2856 νηστείας
1394 2788 1846 2865 δημοσιευομένης

230 2886 417 2965 κέρδος
449 2884 620 2942 οὐδέν.
656 2890 734 2939 Τὰ
769 2889 870 2959 γὰρ
916 2880 1282 2945 ἐπιδεικτικῶς
1326 2885 1570 2956 ’γινόμενα
1616 2881 1675 2933 οὐ
1714 2884 1846 2956 πρὸς

234 2982 322 3032 τὸν
378 2979 545 3031 αἰῶνα
598 2979 686 3029 τόν
754 2974 1002 3049 μέλλοντα
1056 2977 1145 3027 τὸν
1200 2975 1399 3047 καρπόν
1444 2971 1672 3039 ἐκτείνει,
1743 2968 1848 3023 ἀλλ’

230 3067 304 3128 εἰς
358 3069 451 3119 τόν
498 3074 601 3118 τῶν
653 3062 935 3137 ἀνθρώπων
994 3064 1199 3115 ἔπαινον
1245 3064 1612 3135 καταστρέφει.
1666 3062 1845 3133 Ηρόσ-

233 3153 403 3231 δραμε
452 3160 626 3208 τοίνυν
676 3149 913 3228 φαιδρῶς
958 3160 1022 3225 τῇ
1058 3148 1232 3226 δωρεᾷ
1275 3160 1373 3212 τῆς
1418 3153 1686 3212 νηστείας.
1721 3147 1845 3224 Ἀρ-

228 3254 386 3319 χαῐον
440 3240 609 3318 δῶρον
658 3245 688 3302 ἡ
739 3245 975 3301 νηστεία·
1022 3240 1081 3294 οῦ
1130 3240 1504 3314 παλαιούμενον
1544 3244 1635 3292 καὶ
1680 3241 1848 3312 γηρά-

232 3356 377 3405 σκον,
439 3332 545 3388 ἀλλ’
599 3331 962 3406 ἀνανεούμενον
1026 3329 1126 3399 ἀεὶ,
1182 3335 1270 3383 καὶ
1327 3330 1400 3392 εἰς
1451 3327 1622 3403 ἀκμήν
1686 3327 1845 3381 ἐπαν-

232 3427 377 3481 θοῦν.

299 3520 355 3572 3.
392 3514 510 3565 Οἴει
556 3530 619 3585 με
659 3514 755 3569 τὴν
800 3505 1177 3582 ἀρχαιογονίαν
1208 3505 1375 3568 αὐτῆς
1421 3505 1523 3559 ἀπὸ
1549 3512 1641 3558 τοῦ
1683 3509 1845 3579 νόμου

228 3604 517 3670 τίθεσθαι;
578 3604 678 3655 Καὶ
729 3602 889 3672 νόμου
943 3594 1273 3671 πρεσϐυτέρα
1326 3600 1562 3655 νηστεία.
1594 3593 1709 3647 Ἐὰν
1762 3615 1846 3668 μι-

229 3698 354 3770 κρὸν
407 3691 706 3764 ἁναμείνης,
768 3689 1008 3760 εὑρήσεις
1057 3693 1151 3739 τοῦ
1201 3684 1360 3758 λόγου
1412 3688 1507 3743 τήν
1564 3681 1836 3741 ἀλήθειαν.

230 3769 317 3843 Μὴ
378 3784 494 3835 οἶου
538 3783 631 3838 τήν
687 3779 884 3851 ἡμέραν
923 3783 1015 3828 τοῦ
1076 3774 1319 3847 ἱλασμοῦ,
1352 3777 1446 3832 τήν
1496 3769 1846 3845 διατεταγμέ-

231 3893 322 3946 νην
368 3879 448 3943 τῷ
488 3866 702 3944 Ἰσραήλ
747 3875 820 3939 τῷ
868 3861 1075 3938 ἑϐδόμῳ
1125 3869 1273 3938 μηνὶ,
1322 3871 1386 3936 τῇ
1441 3859 1635 3935 δεκάτῃ
1678 3863 1850 3936 ἡμέρᾳ

232 3968 326 4015 τοῦ
378 3962 571 4035 μηνὸς,
618 3959 815 4015 ταύτην
871 3951 1001 4009 εἶναι
1046 3963 1145 4014 τῆς
1198 3955 1444 4013 νηστείας
1496 3955 1590 4010 τὴν
1645 3948 1844 4024 ἀρχήν.

234 4057 394 4125 Δεῦρο
427 4046 495 4109 δή
549 4044 643 4102 διὰ
684 4054 781 4109 τῆς
813 4048 1050 4121 ἱστορίας
1093 4038 1355 4116 βαδίζων,
1386 4039 1721 4117 ἆνερεύνησον
1751 4044 1846 4099 τήν

234 4139 619 4215 ἆρχαιογονίαν
668 4135 852 4197 αὐτῆς.
905 4134 981 4187 Οῦ
1024 4135 1126 4208 γὰρ
1174 4137 1416 4206 νεώτερον
1464 4134 1524 4185 τὸ
1576 4128 1844 4205 ἐφεύρεμα·

234 4235 473 4305 πατέρων
505 4227 618 4281 ἐστὶ
663 4229 722 4280 τὸ
770 4223 1055 4299 κειμήλιον.
1090 4227 1197 4275 Ηᾶν
1244 4225 1303 4274 τό
1352 4220 1678 4296 ἀρχαιότητι
1722 4216 1848 4276 δια-

237 4325 410 4396 φέρον,
471 4315 767 4391 αἰδέσιμον.
812 4315 1169 4373 Δυσωπήθητι
1223 4317 1319 4372 τήν
1365 4311 1549 4366 πολιὰν
1601 4318 1698 4373 τῆς
1750 4329 1849 4368 νη-

308 4464 331 4500 ⁴
356 4460 560 4522 Matth.
592 4476 677 4532 vi,
713 4462 797 4515 l7.
875 4459 898 4495 ⁸
925 4455 1104 4513 Levit.
1134 4469 1253 4527 1m,
1277 4457 1388 4521 29;
1416 4470 1583 4524 mn,
1613 4457 1705 4511 27.

309 4608 387 4693 (6)
428 4608 567 4693 Haec
593 4602 804 4685 verba,
832 4604 865 4684 ὁ.
890 4598 1230 4693 ἀλειψάμενος
1268 4595 1523 4693 ἐχρξσῐατο
1549 4597 1595 4648 ὁ·
1623 4593 1850 4693 vui/«3.51

237 4668 328 4742 νος
352 4668 709 4745 ἇπεπλύνατο,
739 4675 824 4730 sic
852 4668 1399 4745 interpretatus'e'st
1422 4668 1855 4745 Erasmus,0uz'

240 4738 392 4809 alios
435 4738 719 4819 angebat,
758 4751 978 4820 unctus
1007 4738 1132 4812 est;
1171 4742 1277 4820 qui
1307 4739 1575 4820 lavabat,
1607 4738 1853 4820 ablutus

241 4831 326 4880 est
350 4839 364 4889 ;
392 4809 618 4895 quibus
639 4809 719 4895 ex:
737 4817 937 4874 verbis
960 4831 1096 4895 quas.
1111 4809 1265 4895 apta
1287 4809 1583 4895 sententia
1605 4809 1853 4895 idonea-

284 4883 362 4951 ue
383 4883 544 4949 eiﬁci
562 4890 907 4965 possit,non
918 4883 1116 4965 video.
1132 4883 1218 4965 lia
1235 4883 1416 4965 igitur
1434 4883 1848 4965 interpretare:

296 4970 359 5022 ui
383 4952 732 5036 uncttisest,
755 4952 1042 5036 inanxit:
1065 4957 1172 5028 qui
1186 4952 1447 5036 ablutus
1462 4952 1609 5036 fuit,
1632 4952 1850 5036 ualuit.

241 5028 760 5107 floeestzchristus
770 5030 877 5105 qui
888 5028 1371 5107 unctusestmngi
1381 5029 1566 5107 caput
1582 5028 1856 5107 nostrum

242 5108 439 5166 voluit
469 5124 485 5163 :
513 5097 812 5171 Christus:
838 5101 957 5178 qui.
972 5099 1217 5178 ablutus
1259 5097 1438 5178 estin
1461 5097 1851 5178 baptismate,

242 5180 465 5239 faciem
491 5181 765 5250 nostram
792 5166 963 5250 ablui
983 5168 1323 5250 jussit.7'p
1349 5166 1689 5250 ᾁλε-ιψ-ᾴεὶεγος
1710 5166 1855 5250 ἐχρί-

249 5271 401 5306 σατο·
430 5252 457 5302 ὁ
488 5249 773 5321 νιψάμενος
797 5240 1143 5321 ἀπεπλῦνατοε
1179 5242 1295 5321 ριίί
1340 5240 1851 5321 ἧξζὶηἱίὲβημηρὶε,

246 5326 356 5397 qui
378 5310 583 5397 lavat;
601 5310 1001 5397 abluit:_§um
1027 5313 1202 5397 vellet
1230 5312 1493 5397 basilius
1527 5310 1676 5397 illud
1704 5326 1857 5397 prae-

248 5380 495 5467 septum
524 5380 761 5467 Christi.
790 5385 1037 5467 Ἀἓιειφαί
1060 5405 1153 5467 εον
1183 5388 1278 5467 τῆξ
1304 5382 1545 5467 κεφαλὴν»
1578 5387 1669 5435 καὶ
1703 5380 1858 5467 Ῠὲφαι

248 5470 308 5519 τὸ
320 5453 640 5542 ’πρόσωποη
672 5453 757 5519 ad
782 5453 1051 5542 animam
1082 5453 1422 5542 trapsferre‘,
1444 5453 1725 5542 observat
1743 5453 1857 5542 has

248 5525 454 5606 vocés,
486 5525 909 5663 ἄλειΐαιμίψαι,
937 5530 1132 5592 illine,
1164 5529 1325 5594 lava,
1353 5526 1516 5582 idem
1543 5525 1741 5582 valere
1761 5538 1854 5593 ac,

249 5624 417 5663 unae
446 5612 504 5663 et
532 5607 610 5663 ab
635 5621 733 5663 ue.
749 5620 889 5663 ante
912 5602 1132 5661 animae.
1159 5599 1377 5658 melius
1399 5601 1762 5663 congruunt.
1790 5598 1854 5652 In

249 5624 417 5681 unge
440 5598 504 5665 et
532 5598 733 5677 ablue,
749 5598 1132 5679 quae'animaa
1159 5599 1377 5658 melius
1399 5601 1762 5670 congruunt.
1790 5598 1858 5652 In

2004 460 2533 525 Quemadmodum
2557 463 2721 520 enim
2736 480 2996 535 vermes,
3015 466 3117 539 qui
3137 466 3197 522 in
3220 484 3548 544 puerorum
3565 471 3657 527 in-

2001 549 2236 606 testinis
2287 552 2646 624 germinant,
2686 554 3033 626 pharmacis
3067 556 3440 629 quibusdam
3488 560 3660 617 vehe-

2001 644 2233 695 menter
2258 640 2502 697 acribus
2546 648 2602 698 et
2632 643 2856 699 amaris
2894 645 3296 717 excutiuntur,
3326 646 3409 703 ita
3447 664 3658 720 pecca-

2002 732 2151 795 tum,
2184 729 2244 784 in
2274 729 2498 785 intimis
2544 731 2881 788 secessibus
2922 733 3291 801 inhabitans,
3332 735 3487 792 delet
3525 753 3660 794 ene-

2001 823 2239 891 catque,
2281 818 2461 875 simul
2492 824 2674 894 atque
2704 824 2767 877 in
2807 822 3079 879 animam
3111 826 3540 897 supervenerit,
3569 827 3660 899 je-

1995 905 2258 979 junium,
2288 908 2455 982 quod
2487 909 2712 967 scilicet
2727 927 2866 968 vere
2884 912 2957 968 sit
2980 913 3095 968 hoc
3110 914 3357 970 nomine
3379 915 3658 986 dignum.

2071 1001 2123 1053 2.
2166 999 2331 1070 Unge
2357 1007 2539 1069 caput
2561 1006 2753 1072 tuum,
2781 1008 2834 1057 et
2862 1002 3002 1058 lava
3019 1003 3296 1073 faciem‘.
3326 1004 3413 1060 Ad
3437 1010 3660 1077 myste-

2000 1086 2090 1143 ria
2118 1091 2172 1143 te
2191 1094 2368 1145 vocat
2392 1090 2713 1162 Scriptura.
2738 1091 2849 1157 Qui
2879 1096 3094 1148 unctus
3128 1097 3236 1159 est,
3258 1093 3526 1164 inunxit;
3557 1096 3662 1170 qui

2002 1176 2241 1234 ablutus
2285 1178 2415 1249 fuit,
2466 1179 2674 1236 abluit.
2709 1182 2987 1237 Transfer
3029 1187 3399 1256 praeceptum
3449 1184 3528 1241 ad
3574 1185 3662 1242 in-

2003 1272 2174 1324 terna
2214 1268 2510 1325 membra.
2547 1269 2739 1325 Ablue
2779 1270 3051 1327 animam
3100 1288 3137 1328 a
3179 1274 3464 1345 peccatis.
3498 1277 3662 1348 Unge

2002 1362 2184 1431 caput
2208 1362 2518 1429 unguento
2546 1364 2775 1427 sancto,
2796 1365 2860 1416 ut
2879 1361 3250 1418 consortium
3267 1362 3500 1421 habeas
3520 1378 3661 1421 cum

2003 1448 2253 1511 Christo,
2292 1447 2498 1520 sicque
2527 1449 2794 1506 accedito
2825 1449 2905 1506 ad
2930 1451 3248 1522 jejunium.
3282 1454 3409 1510 Noli
3439 1454 3663 1511 obscu-

1999 1552 2136 1594 rare
2165 1536 2378 1594 faciem
2402 1542 2570 1594 tuam
2602 1552 2769 1595 more
2789 1540 3268 1613 hypocritarum.
3292 1542 3665 1602 Obscuratur

2002 1626 2206 1697 facies,
2240 1643 2378 1683 cum
2409 1628 2682 1684 internus
2704 1628 2955 1686 affectus
2986 1636 3231 1687 externo
3256 1633 3528 1705 quodam
3557 1634 3662 1692 ha-

2001 1716 2133 1773 bitu
2163 1715 2448 1772 simulato
2478 1716 2902 1788 obumbratur,
2946 1718 3269 1777 mendacio
3315 1721 3498 1779 veluti
3526 1723 3662 1781 velo
3693 1754 3710 1766 -

2003 1806 2249 1863 obtento
2303 1809 2629 1862 contectus.
2678 1800 3006 1880 Hypocrita
3043 1812 3132 1864 est
3172 1810 3277 1882 qui
3326 1811 3390 1867 in
3429 1812 3661 1870 theatro

2002 1911 2327 1970 personam
2364 1897 2616 1952 sustinet
2634 1895 2918 1967 alienam,
2942 1913 3101 1970 saepe
3124 1897 3274 1969 heri,
3294 1915 3433 1955 cum
3455 1901 3528 1957 sit
3544 1917 3664 1958 ser-

2003 2001 2136 2053 vus,
2182 1990 2288 2042 aut
2328 1986 2508 2057 regis,
2551 2002 2691 2042 cum
2736 1987 2810 2042 sit
2856 1976 3145 2059 privatus.
3199 1989 3408 2045 Itidem
3449 1990 3510 2047 in
3547 1991 3663 2048 hac

2002 2073 2124 2131 vita
2151 2075 2313 2132 velut
2333 2076 2396 2131 in
2423 2076 2729 2132 orchestra
2762 2076 3029 2149 quadam
3060 2082 3250 2147 agunt
3279 2077 3548 2153 plerique
3582 2080 3665 2136 vi-

2004 2167 2129 2221 tam
2162 2165 2539 2235 theatricam,
2567 2164 2732 2221 aliud
2760 2165 2822 2221 in
2854 2166 3037 2222 corde
3076 2156 3372 2241 gerentes,
3406 2169 3573 2225 aliud
3599 2169 3664 2227 in

2006 2254 2205 2326 specie
2226 2254 2576 2311 horninibus
2605 2255 3013 2312 ostendentes.
3034 2260 3239 2330 Itaque
3268 2273 3345 2314 ne
3371 2258 3663 2316 obscuras

2005 2342 2242 2400 faciem.
2278 2344 2484 2410 Qualis
2517 2360 2601 2413 es,
2636 2344 2767 2401 talis
2797 2361 3053 2417 appara;
3079 2362 3153 2402 ne
3183 2346 3444 2420 teipsum
3472 2355 3666 2405 trans-

2005 2430 2228 2503 ﬁgures
2253 2433 2315 2488 in
2342 2432 2621 2489 habitum
2647 2434 2875 2489 tristem
2907 2449 2978 2490 ac
3016 2435 3313 2504 tetricum,
3350 2436 3494 2493 hinc
3533 2437 3662 2495 lau-

2006 2522 2146 2580 dem
2168 2539 2238 2580 ac
2250 2522 2503 2593 gloriam
2524 2539 2860 2596 aucupans,
2878 2524 3044 2597 quod
3060 2525 3303 2582 videare
3324 2528 3665 2597 continens,

2008 2629 2081 2670 ac
2105 2618 2472 2687 temperans.
2503 2616 2706 2686 Neque
2746 2614 2905 2670 enim
2944 2614 3091 2671 boni
3131 2616 3351 2689 operis,
3384 2618 3476 2673 cui
3518 2618 3668 2676 tuba

2007 2702 2296 2778 praecinit,
2331 2701 2554 2759 utilitas
2583 2708 2673 2759 est
2710 2702 2855 2768 ulla,
2885 2718 3084 2777 neque
3124 2703 3354 2761 fructus
3398 2706 3556 2762 ullus
3581 2707 3667 2779 je-

2003 2792 2181 2866 junii,
2230 2792 2397 2866 quod
2440 2791 2520 2848 ad
2548 2791 2858 2865 publicam
2896 2793 3478 2853 ﬁt-ostentationem.
3524 2797 3667 2862 Quae

2010 2884 2172 2941 enim
2189 2883 2609 2940 ostentationis
2631 2899 2819 2940 causa
2830 2883 3007 2950 ﬁunt,
3025 2900 3097 2941 ea
3116 2900 3508 2959 nequaquam
3530 2902 3667 2959 por-

2007 2974 2215 3044 rigunt
2231 2972 2492 3029 fructum
2512 2972 2574 3028 in
2595 2972 2887 3029 saeculum
2908 2975 3541 3043 venturum,verumin
3561 2975 3668 3032 ho-

2009 3063 2246 3118 minum
2301 3061 2548 3118 laudem
2605 3061 3323 3136 commendationemque
3362 3063 3666 3122 desinunt.

2008 3151 2183 3209 Proin
2208 3150 2474 3208 hilariter
2492 3167 2737 3208 accurre
2759 3150 2839 3208 ad
2850 3151 3066 3223 jejunii
3085 3152 3343 3211 donum.—
3358 3155 3538 3209 Vetus
3563 3153 3669 3210 do-

2006 3258 2158 3299 num
2178 3232 2360 3313 estjej
2371 3240 2775 3315 unium,quod
2790 3256 2914 3297 non
2930 3241 3377 3314 veterascit,nec
3390 3244 3669 3317 senescit,

2008 3331 2116 3389 sed
2132 3345 2325 3403 usque
2346 3335 2691 3400 renovatur,
2711 3330 2816 3388 sed
2837 3336 3131 3405 perpetuo
3146 3332 3349 3403 vigore
3370 3332 3669 3405 pubescit.

2080 3496 2134 3549 3.
2168 3494 2429 3548 Putasne
2458 3507 2557 3547 me
2577 3490 2793 3562 jejunii
2817 3492 3232 3566 antiquitatem
3257 3509 3294 3551 a
3320 3493 3470 3566 legis
3499 3488 3675 3552 initio"

2010 3582 2381 3654 supputare?
2407 3580 2598 3636 Etiam
2618 3580 2754 3653 ipsa
2767 3580 2899 3652 lege
2915 3581 3222 3654 antiquius
3242 3588 3332 3640 est
3343 3584 3667 3655 jejunium.

2008 3669 2320 3741 Paulisper
2349 3668 2400 3724 si
2420 3668 2740 3739 manseris,
2759 3669 3099 3742 comperies
3117 3687 3327 3727 verum
3353 3687 3484 3728 esse
3502 3672 3675 3745 quod

2009 3757 2152 3816 dixi.
2194 3761 2349 3816 Cave
2390 3757 2698 3814 existimes
2738 3758 2902 3815 diem
2949 3759 3412 3832 propitiationis,
3462 3762 3514 3833 3
3564 3763 3687 3834 qui

2011 3847 2365 3919 designatus
2395 3846 2675 3904 Israelitis
2713 3851 2840 3903 erat
2886 3863 3096 3904 mense
3126 3851 3404 3922 septimo,
3433 3849 3673 3908 decimo

2010 3937 2110 3994 die
2138 3936 2363 3994 mensis
2378 3938 2421 4006 ⁵,
2450 3935 2635 3993 fuisse
2664 3936 2878 4009 jejunii
2920 3937 3306 4010 principium.
3342 3939 3498 3996 Ades
3529 3939 3670 4009 huc,

2014 4042 2087 4085 ac
2106 4042 2216 4101 per
2236 4026 2549 4084 historiam
2569 4026 2920 4095 decurrens,
2945 4027 3174 4099 vestiga
3182 4028 3397 4100 jejunii
3418 4029 3676 4103 antiqui-

2012 4120 2221 4174 tatem.
2258 4120 2464 4189 Neque
2492 4115 2655 4173 enim
2685 4132 2894 4174 recens
2918 4116 3233 4174 inventum
3262 4125 3372 4187 est,
3397 4118 3507 4174 sed
3535 4134 3676 4192 pre-

2000 4207 2207 4264 tiosus
2226 4207 2545 4264 thesaurus
2567 4222 2604 4263 a
2621 4207 2960 4278 majoribus
2979 4207 3282 4280 repositus
3306 4223 3377 4265 ac
3398 4208 3672 4266 traditus.

2017 4295 2326 4371 Quidquid
2347 4299 2649 4355 vetustate
2676 4296 2986 4371 praeellit,
3012 4297 3176 4356 idem
3196 4297 3540 4360 venerabile
3564 4303 3672 4359 est.

2016 4584 2227 4643 eadem
2261 4584 2531 4641 oratione
2559 4599 2622 4657 ρ.
2656 4587 2709 4651 8,
2736 4587 2805 4655 A,
2837 4587 2900 4660 ις)
2928 4601 2941 4641 :
2976 4587 3042 4660 ξὺ
3074 4580 3152 4652 δὲ,
3194 4585 3544 4660 ῦπερπιαίνῳν
3583 4588 3674 4660 μὲν

2019 4661 2373 4732 σεαυτὸν-καὶ
2419 4654 2795 4732 κατασαρκῶν,
2832 4656 2927 4708 οὐκ
2972 4655 3160 4732 ἀνίης
3209 4654 3437 4732 ἐκτήκῳν
3482 4654 3541 4710 δὲ
3583 4654 3674 4711 τὸν

2014 4738 2132 4803 νοῦν
2165 4727 2212 4780 ἐν
2233 4726 2467 4803 κάτροφία
2490 4736 2590 4779 τῶν
2614 4725 2753 4803 61,311;
2760 4733 2884 4803 ρίων
2905 4725 3342 4803 καὶζωοποιῶνῌδ
3348 4725 3403 4780 ιδ
3407 4731 3671 4802 αγμάτων,

2014 4798 2208 4854 οὐδένα
2233 4798 2391 4871 λόφον
2411 4807 2535 4872 ποιῇ
2563 4815 2578 4866 ;
2619 4800 2707 4854 Tu
2739 4798 2875 4857 vero
2905 4801 3225 4855 nullumne
3258 4798 3675 4871 ﬁnem'factué

2015 4889 2121 4929 rus
2146 4887 2205 4929 es
2237 4874 2490 4942 teipsum
2535 4886 2727 4940 supra
2754 4872 2997 4927 modum
3039 4873 3366 4942 saginandi
3392 4887 3464 4929 ac
3494 4888 3679 4930 carne

2016 4943 2355 5001 onerandi?
2374 4944 2643 5000 animum
2664 4948 2865 4999 autem
2886 4959 2925 5000 a
2947 4949 3003 4999 te
3024 4944 3294 5012 labeﬁeri
3308 4945 3678 5001 salutarium

2016 5024 2071 5074 et
2092 5015 2463 5085 viviﬁcorum
2477 5013 2974 5072 documentorum
2992 5016 3404 5086 inedia,parvi
3420 5016 3680 5084 pendes?

3342 5090 3565 5145 Marum.

2090 5158 2170 5232 (7A)
2190 5156 2575 5232 Antiquiduo
2595 5156 2731 5232 libri
2755 5165 2856 5209 τῶν
2876 5156 3040 5232 μελῶν
3059 5162 3154 5216 τὴν
3175 5155 3478 5232 ὀνομασίαν,
3500 5161 3676 5218 velim

2018 5230 2291 5311 accipias
2327 5230 2398 5284 de
2426 5230 2685 5311 internis
2733 5230 3208 5311 appettatz'onem
3255 5230 3679 5311 membrorum,

2005 5300 2129 5358 ~Alii
2148 5298 2415 5374 quatuor
2432 5316 2576 5357 mss.
2609 5304 2667 5355 et
2695 5298 2835 5355 editi
2857 5298 3020 5374 μελῶν
3048 5303 3498 5374 τὴννομοθεσίαν.

2093 5371 2377 5447 (8ῙΟΙξηι,
2401 5376 2467 5447 ut
2495 5377 2664 5428 notat
2686 5371 2958 5439 Dacicus,
2985 5371 3048 5447 in
3075 5371 3239 5429 Oliv.
3259 5389 3374 5447 pro
3399 5392 3679 5447 κατασχη-

2020 5444 2254 5525 ματίςων
2277 5443 2596 5525 legebatur
2618 5444 3122 5525 xaraaxnpariCou_,
3142 5443 3333 5525 quam
3360 5443 3677 5525 lectione!!!

2021 5514 2188 5588 alteri
2218 5514 2616 5588 praetulimus.
2663 5515 2749 5588 Ita
2793 5514 2956 5588 enim
2994 5514 3112 5588 legi
3148 5514 3390 5588 debere,
3432 5517 3484 5573 si
3530 5518 3681 5575 nihil

2021 5586 2377 5661 aliud,'ipsa
2400 5591 2556 5644 certe
2584 5586 2879 5644 orationis
2909 5586 3094 5645 series
3122 5587 3406 5646 ostendit.
