4124 6430
441 220 544 274 167
1831 217 1891 278 S.
1933 213 2184 274 BASILH
2219 215 2464 280 MAGNI.
3760 240 3864 295 168

437 345 725 400 Reverere
738 342 953 414 jejunii
981 344 1280 400 canitiem.
1310 347 1458 402 Tam
1486 349 1658 403 vetus
1689 349 1797 414 est,
1820 348 1888 401 ut
1912 344 2065 400 simu

2263 349 2458 406 στείας.
2535 349 2904 416 Συνηλικιῶτίς
2979 353 3093 408 ἔστι
3157 365 3253 419 τῆς
3310 356 3730 435 ἆνθρογπότητος-
3799 382 3861 422 νη

436 448 576 489 cum
606 433 851 489 homine
873 432 1115 489 condito
1132 435 1378 506 cmperit
1401 452 1414 490 :
1439 436 1499 492 in
1519 435 1806 508 paradiso
1827 432 2064 508 praescri

2262 438 2514 526 Graia—(9)
2556 436 2604 490 ἐν
2662 450 2734 512 τῷ
2782 439 3092 518 παραδείσῳ
3141 432 3508 519 ένομοθετήνθη.
3566 455 3672 510 Τὴν
3726 457 3865 526 πρώ-

434 526 607 596 ptum
645 527 751 578 est.
785 522 1050 578 Primum
1081 521 1233 578 illud
1265 529 1635 598 praeceptum
1685 524 1919 596 accepit
1945 521 2062 579 Ada

2259 541 2353 580 την
2416 524 2619 587 ἐντολὴν
2685 529 2858 585 ἔλαϐεν
2924 531 3116 609 Ἀδάμ·
3188 536 3314 590 Ἀπὸ
3391 546 3483 591 τοῦ
3551 539 3704 603 ξύλου
3767 521 3865 594 τοῦ

433 627 573 668 mus
605 628 618 666 :
652 613 740 668 De
773 613 936 682 ligno
956 613 1222 668 scientia:
1249 614 1389 669 boni
1414 620 1470 670 et
1498 615 1651 670 mali
1676 630 1796 670 non
1829 612 2061 669 comede

2258 619 2532 684 γινώσκειν
2587 619 2740 672 καλὸν
2797 627 2886 675 καὶ
2950 630 3172 700 πονηρόν
3227 627 3285 679 οὐ
3351 630 3592 700 φάγεσθε.
3643 633 3713 683 Τό
3782 626 3861 698 δε,

436 702 572 758 tis“.
609 701 761 756 Illud
796 707 1021 770 autem,
1050 718 1170 758 non
1202 705 1539 769 comedetis,
1573 703 1790 774 jejunii
1820 707 1878 759 et
1915 701 2064 758 absti

2260 702 2319 754 οὐ
2379 707 2619 776 φάγεσθε,
2674 718 2915 776 νηστείας
2975 713 3086 768 ἐστὶ
3144 721 3235 768 καὶ
3298 715 3597 792 ἐγκρατείας
3658 721 3864 792 νομοθε-

432 789 650 847 nentiaa
668 789 763 846 lex
778 795 883 846 est.
899 791 955 846 Si
978 808 1014 847 a
1027 791 1193 862 ligno
1205 793 1539 862 jejunasset
1556 796 2060 866 Eva,nequaquan

2261 797 2371 848 σία.
2432 796 2491 848 Εἰ
2539 795 2841 856 ἐνήστευσεν
2895 802 2996 856 ἀπὸ
3054 813 3147 857 τοῦ
3199 806 3350 868 ξύλου
3403 809 3432 866 ἠ
3483 810 3611 877 Εὔα,
3654 809 3748 861 οὐκ
3801 811 3863 861 ἄν

431 879 549 937 hoc
565 896 726 936 nunc
741 880 973 952 jejunio
985 897 1141 954 opus
1163 881 1528 939 haberemus
1540 884 1762 955 .Neque
1774 886 1929 940 enim
1948 898 2059 952 opu

2259 885 2453 946 ταύτης
2509 893 2597 938 νῦν
2665 885 2915 964 ἐδεόμεθα
2971 893 3086 961 (10)
3142 903 3236 958 τῆς
3293 901 3562 960 νηστείας.
3630 899 3707 950 Οὐ
3762 901 3861 974 γὰρ

435 977 520 1028 est
548 971 887 1027 valentibus
923 972 1172 1043 medico,
1196 973 1301 1029 sed
1329 975 1488 1030 male
1517 973 1931 1030 habentibus".
1965 971 2063 1027 Fui

2257 976 2444 1043 χρείαν
2512 976 2730 1046 ἔχουσιν
2787 981 2835 1030 οἱ
2901 980 3173 1053 ἰσχύοντες
3237 984 3452 1058 ἰατροῦ,
3512 984 3618 1037 ἀλλ’
3673 987 3721 1038 οἱ
3771 1006 3864 1039 κα-

433 1076 573 1116 mus
606 1075 714 1133 per
749 1065 1068 1132 peccatum
1107 1059 1277 1130 laesi;
1325 1079 1615 1119 sanemur
1660 1079 1769 1135 per
1804 1061 2061 1135 poenitet]

2258 1068 2360 1122 κῶς
2408 1064 2635 1133 ἔχοντες.
2684 1066 3044 1144 Ἐκακώθημεν
3093 1076 3184 1125 κιὰ
3228 1083 3324 1137 τῆς
3373 1074 3653 1149 ἁμαρτίας⁸
3711 1076 3839 1128 ἰαθῶ

431 1150 580 1207 tiam
609 1166 630 1206 .·
657 1150 1010 1222 paenitentia
1040 1155 1242 1208 autem
1288 1151 1416 1209 sine
1452 1153 1688 1224 jejunio
1718 1155 1878 1208 iners
1907 1156 1998 1207 est
2039 1167 2059 1206 ε

2257 1169 2347 1222 μεν
2391 1147 2486 1204 διὰ
2532 1163 2626 1217 τῆς
2671 1165 2964 1230 μετανοίας·
3010 1165 3258 1235 μετάνοια
3302 1161 3362 1218 δι
3408 1147 3580 1241 χωρὶς
3618 1171 3861 1229 νηστείας

430 1239 802 1310 infrugifera.
822 1241 1151 1297 Maledicta
1174 1248 1356 1310 terra,
1381 1245 1586 1312 spinas
1608 1249 1661 1300 et
1682 1243 1938 1298 tribulos
1964 1255 2058 1312 ger

2256 1238 2412 1332 ξφγή.
2477 1241 2906 1321 Ἐπικατάρατος·
2975 1253 3006 1310 ἠ
3075 1262 3166 1324 γῆ,
3237 1238 3624 1318 ἠκάνθαςνκαὶ
3690 1254 3860 1332 τριϐό-

431 1331 685 1388 minabit
716 1331 879 1387 tibi”.
909 1334 971 1386 In
995 1331 1228 1388 tristitia
1258 1333 1455 1388 vivere
1493 1334 1701 1404 jussus
1740 1349 1823 1397 es,
1857 1349 1980 1388 non
2009 1333 2059 1388 in

2256 1327 2376 1393 λους
2452 1332 2681 1388 ἀνατελιεί
2754 1357 2858 1395 σοι.
2928 1343 3235 1413 Στυγνάζειν
3300 1346 3676 1417 προσετάχθης
3720 1327 3858 1418 (Η),

430 1417 681 1492 dulgere
710 1419 960 1476 deliciis.
978 1423 1084 1476 Per
1095 1421 1175 1492 jej
1189 1421 1399 1478 unium
1423 1422 1749 1479 satisfacito
1775 1425 1916 1480 Deo.
1940 1422 2058 1488 Qui)

2255 1423 2328 1492 μὴ
2382 1423 2482 1496 γὰρ
2530 1431 2746 1498 τρυφᾷν.
2799 1431 2894 1481 Διὰ
2940 1436 3182 1494 νηστείας
3227 1432 3558 1506 ἀπολόγησαι
3605 1443 3678 1506 τῷ
3723 1417 3855 1506 Θεῷ.

432 1514 490 1566 et
519 1509 653 1582 ipsa
681 1509 742 1564 in
774 1507 1061 1582 paradiso
1108 1509 1252 1581 vita,
1286 1511 1504 1582 jejunii
1544 1511 1939 1568 simulacrum
1983 1515 2060 1568 est

2253 1509 2408 1564 Ἀλλὰ
2453 1520 2542 1566 καὶ
2594 1517 2624 1574 ἠ
2673 1515 2721 1568 ἐν
2767 1515 3077 1593 παραδείσῳ
3135 1519 3372 1596 διαγωγὴ
3422 1528 3666 1587 νηστείας
3719 1522 3858 1577 ἔστιν

428 1613 556 1654 non
585 1597 665 1654 ob
694 1595 757 1654 id
784 1596 970 1654 modo
991 1599 1158 1672 quod
1180 1599 1389 1670 homo,
1416 1600 1728 1657 communi
1753 1617 1893 1658 cum
1914 1616 2056 1672 ang:

2257 1601 2422 1670 εἰκὼν,
2457 1604 2516 1656 οὐ
2563 1610 2716 1678 μόνον
2763 1611 2949 1662 καθότι
2997 1620 3104 1675 τοῖς
3135 1595 3370 1686 ἀγγέλοις
3400 1611 3705 1687 ὁμοδίαιτος
3736 1622 3802 1666 ῶν
3832 1615 3857 1668 ὁ

375 1752 393 1766 ο
425 1687 501 1745 lis
521 1687 771 1745 vivendi
799 1688 1032 1746 ratione
1055 1695 1256 1758 utens,
1278 1691 1429 1763 ipsis
1456 1690 1832 1748 efﬁciebatur
1860 1692 2003 1748 simi.

2255 1691 2544 1767 ἄνθρωπος,
2580 1691 2675 1748 διὰ
2703 1706 2798 1761 τῆς
2828 1698 3129 1774 ὀλιγαρχίας
3278 1707 3408 1778 πρὸς
3427 1678 3438 1687 ’
3456 1703 3644 1766 αὐτοὺς
3675 1704 3858 1777 ὁμοίω-

425 1783 634 1850 utpote
664 1777 876 1851 paucis
894 1774 1214 1835 contentus
1238 1797 1252 1849 ;
1284 1796 1496 1837 verum
1520 1781 1700 1838 etiam
1726 1781 1914 1855 quod,
1933 1798 2053 1856 qua

2257 1800 2340 1833 σιν
2369 1787 2661 1857 κατώρθου,
2691 1787 2796 1840 ἀλλ’
2824 1790 2906 1842 ότι
2935 1795 3025 1843 καὶ
3074 1794 3176 1845 ὅσα
3220 1792 3436 1869 ὓστερον
3466 1795 3496 1852 ἠ
3531 1792 3732 1846 ἐπίνοια
3759 1802 3856 1847 τῶν

427 1883 667 1940 cunque
698 1872 838 1940 post
865 1867 1186 1924 hominum
1215 1869 1496 1939 cogitatio
1523 1877 1868 1928 commenta
1892 1877 2000 1938 est,
2023 1887 2052 1927 e

2254 1868 2534 1947 ἀνθρώπων
2565 1877 2681 1948 (12)
2730 1876 2946 1952 ἐξεῦρεν,
2998 1883 3140 1934 οὔπω
3182 1890 3290 1946 τοῖς
3435 1893 3508 1956 τῷ
3550 1880 3857 1958 παραδείσῳ

422 1956 703 2013 nondum
726 1955 1087 2027 degentibus
1109 1957 1168 2013 in
1201 1958 1483 2030 paradiso
1513 1960 1854 2031 excogitata
1877 1967 2049 2018 erant

2256 1958 2618 2037 διαιτωμένοις
2649 1965 2961 2028 ἑπενενόητο·
2995 1974 3139 2024 οὔπω
3186 1973 3500 2041 οἰνοποσίαι,
3552 1978 3696 2026 οὔπω
3730 1978 3855 2038 ζωο-

423 2045 704 2102 nondum
730 2047 855 2101 vini
883 2047 1132 2118 potatio,
1155 2048 1434 2104 nondum
1455 2049 1759 2121 pecudum
1786 2051 2051 2108 mactati:

2257 2054 2457 2122 θυσίαι,
2491 2056 2596 2130 οὐχ
2626 2060 2726 2112 ὅσα
2756 2064 2842 2113 τόν
2871 2070 2989 2114 νοῦν
3019 2061 3251 2117 έπιθολοῖ
3271 2067 3359 2118 τόν
3390 2065 3728 2138 ἀνθρώπινον.

421 2151 550 2193 non
562 2136 1073 2208 aliaquaacunque
1085 2137 1441 2209 perturbant
1455 2146 1718 2196 mentem
1730 2141 2088 2198 humanam.

498 2229 553 2282 4.
584 2225 887 2292 Quoniam
915 2215 1499 2298 non'jejunavimus,
1540 2229 1890 2286 exsulamus
1923 2247 1954 2288 e
1984 2247 2089 2304 pa-

2325 2219 2378 2304 ξ.
2406 2215 2615 2278 Ἐπειδὴ
2649 2221 2742 2273 οὐκ
2763 2224 2876 2295 (13)
2897 2221 3298 2298 ένηστεύσαμεν,
3323 2224 3628 2298 έξεπέσομεν
3649 2233 3740 2278 τοῦ
3761 2245 3855 2278 πα-

421 2314 626 2372 radiso
651 2332 664 2370 :
683 2315 764 2386 jej
778 2330 1038 2370 unemus
1060 2315 1262 2386 igitur,
1286 2322 1350 2372 ut
1377 2319 1456 2373 ad
1488 2317 1660 2375 illum
1689 2301 2049 2376 revertam—ui

2251 2301 2524 2378 ραδείσου·
2553 2315 2918 2386 νηστεύσωμεν
2948 2319 3139 2383 τοίνυν,
3170 2317 3254 2368 ἶνα
3298 2319 3429 2389 πρὸς
3469 2316 3623 2368 αὐτὸν
3655 2313 3855 2383 έπανρλ-

421 2409 509 2461 An
540 2419 664 2460 non
694 2404 886 2472 vides,
907 2405 1221 2476 quomodo
1250 2408 1510 2462 Lazarus
1541 2424 1651 2480 per
1673 2409 1972 2480 jejunium
2003 2410 2049 2466 ir

2256 2395 2441 2466 θωμεν.
2472 2396 2595 2468 Οὐχ
2625 2394 2747 2472 όρᾷς
2781 2405 2868 2454 τὸν
2901 2405 3163 2478 Λάζαρον,
3196 2412 3305 2467 πῶς
3339 2400 3434 2456 διὰ
3470 2408 3718 2464 νηστείας
3753 2404 3851 2456 εἰσ-

424 2510 668 2566 gressus
698 2507 786 2550 est
817 2493 1250 2566 paradisum”?
1288 2495 1418 2552 Noli
1452 2496 1672 2554 imitari
1720 2502 1854 2555 Evas
1884 2501 2052 2557 inobe

2252 2481 2402 2541 ἢλθεν
2456 2486 2525 2549 εἰς
2582 2492 2669 2540 τὸν
2726 2488 3088 2564 παράδεισον;
3151 2497 3235 2550 Μὴ
3296 2497 3506 2566 μιμήσῃ
3567 2501 3662 2554 τῆς
3721 2495 3851 2554 Εὔας

421 2583 733 2649 dientiam,
757 2583 880 2638 noli
900 2599 1109 2639 rursus
1130 2592 1471 2656 serpentem
1487 2587 1547 2643 iu
1571 2588 1890 2646 consilium
1917 2590 2049 2646 adh:

2251 2575 2345 2630 τὴν
2403 2583 2693 2649 παρακοήν,
2753 2585 2826 2652 μὴ
2886 2581 3040 2634 πάλιν
3103 2581 3393 2654 σύμϐουλον
3441 2578 3710 2656 παραδέξῃ
3766 2584 3851 2633 τὸν

422 2672 586 2737 bere,
619 2671 886 2729 edulium
919 2673 997 2728 ad
1029 2689 1276 2730 carnem
1308 2675 1551 2732 mollius
1584 2678 1922 2736 curandam
1953 2696 2050 2752 prc

2253 2666 2365 2733 ὅφιν
2393 2668 2506 2734 (14)
2535 2685 2547 2735 ;
2577 2665 2751 2740 φειδοῖ
2790 2679 2888 2731 τῆς
2933 2673 3128 2744 σαρκὸς
3176 2675 3270 2729 τὴν
3302 2668 3504 2745 βρῶσιν
3553 2671 3851 2742 ὑποτιθέμε-

419 2767 768 2835 ponentem.
797 2765 877 2818 Ne
916 2761 1179 2818 causeris
1220 2765 1492 2837 corporis
1521 2766 1828 2824 inﬁrmam
1860 2769 2047 2826 valetu

2250 2773 2353 2812 νον.
2407 2761 2491 2815 Μὴ
2545 2761 2880 2832 προφασίξου
2928 2759 3224 2837 ἀρρωστίαν
3258 2765 3501 2832 σώματος
3532 2765 3623 2812 καὶ
3660 2755 3853 2811 ἀδυνα-

421 2852 630 2908 dinem
681 2868 752 2908 ac
803 2851 1194 2908 debilitatem.
1249 2857 1451 2927 Neque
1509 2855 1671 2913 enim
1721 2857 1869 2914 mihi
1933 2859 2047 2917 ista

2250 2859 2397 2926 μίαν.
2425 2851 2500 2904 Οὐ
2531 2854 2633 2926 γὰρ
2667 2851 2783 2924 ἐμοὶ
2814 2853 2909 2913 τὰς
2933 2853 3241 2925 προφάσεις,
3276 2847 3404 2901 ἀλλὰ
3440 2857 3513 2920 τῷ
3543 2850 3656 2920 (15)
3688 2844 3851 2901 εἰδότι

421 2943 841 2999 excusationes
882 2942 1141 3014 profers,
1185 2944 1291 2999 sed
1336 2944 1542 3002 scienti
1572 2947 1742 3003 dicis.
1789 2951 1936 3019 Age,
1986 2950 2048 3006 di

2248 2943 2435 3015 λέγεις.
2467 2943 2753 3000 Νηστεύειν
2799 2939 2858 2992 οὐ
2900 2937 3130 2993 δύνασαι
3160 2939 3293 3006 (εἰπέ
3335 2939 3486 3012 μοι);
3517 2938 3851 3010 κορέννυσθαι

422 3031 594 3098 mihi,
611 3032 889 3103 jejunare
912 3048 1035 3088 non
1059 3037 1252 3104 potes,
1280 3040 1336 3089 et
1357 3040 1528 3108 potes
1549 3038 1834 3095 continuo
1846 3014 2050 3112 exple!

2251 3014 2432 3087 didit}
2465 3031 2609 3106 βίου,
2659 3037 2750 3084 καὶ
2801 3029 3091 3105 συντρίϐειν
3133 3033 3192 3082 τὸ
3248 3037 3401 3102 σῶμα
3439 3036 3512 3100 τῷ
3557 3026 3710 3102 βάρει
3753 3036 3851 3080 τῶν

420 3121 593 3193 cibis,
628 3125 802 3194 potes
849 3121 1149 3179 conﬁcere
1197 3138 1416 3196 corpus
1458 3125 1728 3199 pondere
1757 3144 2035 3186 escarum

2249 3123 2559 3196 ἐσθιομένων
2590 3120 2856 3191 δύνασαι;
2913 3127 3014 3175 Καὶ
3065 3124 3169 3195 μὴν
3220 3125 3328 3181 τοῖς
3375 3113 3687 3171 ἀσθενοῦσιν
3726 3117 3847 3190 οὐχὶ

417 3211 597 3283 Atqui
615 3211 869 3267 inﬁrmis
884 3227 1008 3268 non
1020 3212 1294 3268 ciborum
1307 3215 1680 3288 varietatem,
1697 3216 1802 3274 sed
1814 3218 2045 3276 inediar

2249 3213 2543 3288 βρωμάτων
2590 3212 2875 3280 ποικιλίαν,
2925 3211 3033 3264 ἀλλ’
3078 3209 3288 3263 ἀσιτίαν
3343 3213 3433 3260 καὶ
3480 3204 3679 3260 ἔνδειαν
3731 3203 3852 3260 οἶδα

420 3305 479 3356 et
519 3299 952 3357 abstinentiam
991 3317 1028 3357 a
1067 3300 1321 3358 medicis
1352 3303 1546 3360 solere
1593 3308 1903 3378 praescribi
1934 3308 2048 3366 scio

2247 3307 2366 3362 τοῦς
2419 3299 2626 3374 ἰατροὺς
2676 3297 3083 3358 ἐπιτάσσοντας.
3123 3302 3239 3357 Ηῶς
3288 3289 3375 3347 οὖν
3427 3294 3455 3345 ό
3483 3299 3653 3346 ταῦτα
3698 3288 3852 3345 δυνά-

421 3391 536 3455 Qui
564 3389 632 3445 ﬁt
655 3389 837 3460 igitur
867 3396 952 3457 ut,
988 3407 1128 3446 cum
1155 3390 1271 3448 ista
1298 3395 1518 3466 possis,
1551 3395 1653 3452 illa
1671 3401 1728 3453 te
1757 3413 1880 3454 non
1901 3415 2047 3471 poss

2245 3408 2415 3462 μενος,
2463 3387 2630 3441 ἐκεῖνα
2688 3387 2988 3462 προφασὶζῃ
3038 3391 3110 3460 μη
3163 3381 3465 3452 δύνασθαι;
3521 3386 3586 3435 Τί
3631 3381 3855 3436 εὐκοπώ-

419 3478 733 3535 causeris?
788 3481 996 3536 Utrum
1041 3480 1237 3536 ventri
1283 3481 1516 3539 facilius
1572 3490 1662 3542 est
1705 3487 1869 3543 tenui
1919 3487 2047 3544 victi

2244 3498 2390 3553 τερον
2437 3487 2500 3552 τῇ
2551 3484 2785 3552 γαστρίς
2835 3477 3073 3534 λιτότητι
3123 3471 3338 3535 διαίτης
3393 3479 3718 3548 παρενεγκεῖν
3765 3476 3851 3530 τὴν

420 3567 822 3625 transmittere
852 3573 1115 3637 noctem,
1148 3586 1227 3627 an
1253 3572 1430 3644 copia
1458 3573 1732 3633 ciborum
1760 3583 2048 3648 gravatun

2243 3572 2424 3639 νύκτα,
2475 3571 2506 3628 ἦ
2557 3567 2806 3641 δαψιλείᾳ
2859 3567 3154 3644 βρωμάτων
3203 3563 3564 3640 βεϐαρημένην
3601 3564 3847 3632 κεῖσθαι;

411 3657 658 3730 jacere?
687 3657 810 3714 imo
841 3675 916 3715 ne
941 3659 1144 3730 jacere
1173 3660 1446 3733 quidem,
1496 3664 1604 3720 sed
1627 3665 1841 3723 crebro
1871 3667 1991 3724 huc
2024 3684 2039 3724 ε

2242 3655 2431 3727 μᾶλλον
2464 3652 2523 3708 δε
2551 3652 2692 3728 μηδε
2737 3655 2968 3720 κεῖσθαι,
3020 3650 3148 3704 ἀλλὰ
3193 3652 3365 3704 πυκνά
3402 3650 3850 3722 μεταστρέφεσθαι

414 3747 536 3802 huc
575 3747 744 3815 verti,
771 3746 1187 3840 dehiscentem
1235 3767 1307 3807 ac
1355 3753 1747 3812 stridentem?
1775 3757 1899 3813 Nisi
1926 3758 2042 3814 fort

2244 3743 2695 3821 διαρρηγνυμένην
2742 3749 2833 3795 καὶ
2884 3746 3204 3809 στένουσαν;
3256 3739 3299 3792 εἰ
3341 3743 3413 3813 μὴ
3464 3743 3554 3790 καὶ
3602 3741 3724 3798 τοὺς
3763 3757 3848 3789 κυ-

2252 3833 2273 3840 -
2593 3838 2600 3840 Α
2782 3831 2808 3840 -
3029 3835 3038 3840 .
3229 3835 3249 3840 _
3317 3827 3329 3840 .
3465 3833 3476 3840 .
3657 3825 3693 3840 ρ.
3763 3821 3814 3840 ,ι

413 3835 683 3892 dicturus
709 3851 773 3892 es
791 3835 1144 3910 illud,quod
1169 3840 1436 3897 naucleri
1456 3841 1692 3900 facilius
1712 3851 1956 3903 servant
1975 3862 2041 3904 na

2243 3833 2489 3909 ϐερνήτας
2538 3838 2724 3906 φήσεις
2773 3831 3131 3906 βαρυνομένην
3165 3835 3277 3889 τοῖς
3308 3827 3598 3900 ἁγωγίμοις
3648 3821 3848 3879 ὁλκάδα

413 3924 535 3981 vim
567 3926 822 3982 sarcinis
850 3931 1136 3984 onustam
1171 3945 1361 4002 quam
1391 3947 1528 3988 eam
1562 3950 1698 4007 quin
1743 3936 2041 4009 expeditio

2241 3923 2580 3996 εὐκολώτερον
2627 3923 2813 3983 σώζειν
2863 3929 2958 3983 τῆς
3011 3917 3416 3991 εὐσταλεστέρας
3467 3921 3558 3969 καὶ
3614 3918 3838 3988 κούφης.

414 4017 506 4070 est
536 4029 608 4070 ac
632 4013 836 4071 levior.
868 4017 1020 4072 Nam
1045 4017 1247 4074 oneris
1275 4005 1696 4091 magnitudine
1735 4005 2042 4095 gravatam

2239 4017 2345 4072 Τὴν
2376 4014 2467 4086 μὶν
2512 4013 2612 4086 γὰρ
2652 4015 2998 4085 πεπιεσμένην
3045 4017 3118 4080 τῷ
3161 4008 3348 4098 πλήθει
3399 4005 3636 4081 βραχεῖα
3681 4008 3848 4078 κύμα-

411 4103 694 4176 quamvis
720 4105 975 4175 exiguus
1001 4105 1219 4163 ﬂuetus
1258 4108 1544 4167 adoriens
1571 4092 1907 4186 demergit;
1934 4131 2039 4173 con

2239 4123 2326 4166 τος
2371 4101 2728 4164 ἐπανάστασις
2771 4097 3174 4154 κατεϐάπτισεν.
3209 4099 3240 4155 ἡ
3295 4092 3356 4149 δι
3399 4099 3709 4168 συμμέτρως
3745 4101 3845 4146 τῶν

410 4197 523 4260 tra,
555 4193 730 4264 cujus
768 4193 1008 4252 sarcina
1054 4196 1374 4256 moderata
1401 4204 1494 4258 est
1532 4217 1606 4258 ac
1645 4181 1910 4274 modica,
1941 4205 2038 4262 hae

2239 4191 2517 4267 ἀγωγίμων
2572 4194 2777 4264 ἔχουσα
2832 4185 3035 4266 ῥᾳδίως
3083 4188 3352 4262 ὑπεραίρει
3411 4192 3504 4237 τοῦ
3559 4181 3842 4251 κλύδωνος,

412 4280 587 4338 facile
613 4281 836 4338 ﬂuctus
867 4293 1134 4356 superat,
1165 4302 1238 4343 eo
1258 4289 1421 4361 quod
1455 4305 1593 4348 eam
1625 4291 1721 4349 his
1749 4293 1881 4351 ﬁeri
1908 4294 2040 4354 altio

2239 4281 2449 4346 οὐδενὸς
2513 4279 2887 4356 έμποδίζοντος
2961 4278 3125 4337 αὐτὴν
3190 4275 3516 4350 ὑψηλοτέραν
3570 4275 3836 4346 γενέσθαι.

409 4387 539 4429 rem
567 4372 1043 4446 impediatnihil.
1078 4377 1375 4436 Eumdem
1403 4381 1483 4438 ad
1509 4383 1768 4440 modum
1798 4389 1856 4441 et
1881 4385 2037 4443 hom:

2240 4380 2342 4430 Καὶ
2388 4377 2559 4427 τοίνυν
2605 4374 2672 4425 τὰ
2718 4379 2819 4424 τῶν
2868 4367 3150 4441 ἀνθρώπων
3200 4371 3439 4438 σώματα,
3493 4369 3709 4435 συνεχεῖ
3754 4364 3844 4435 μεν

409 4477 558 4518 num
580 4477 839 4536 corpora
859 4464 1107 4523 assidua
1126 4467 1462 4540 expletione
1483 4471 1819 4542 degravata
1837 4473 2010 4532 facile
2036 4517 2037 4524 η

2234 4475 2308 4539 τῷ
2358 4468 2497 4540 κόρῳ
2543 4461 3024 4535 καταϐαρυνόμενα,
3078 4455 3299 4516 εὐκόλως
3361 4451 3672 4527 ὑποϐρύχια
3726 4459 3843 4514 ταῖς

410 4551 640 4608 morbis
660 4553 1125 4625 demerguntur;
1144 4574 1280 4631 quae
1302 4576 1446 4618 vero
1465 4561 1626 4620 facili
1636 4563 1877 4637 levique
1898 4571 2038 4624 utun

2236 4556 2553 4632 ἀρρωστίαις
2582 4557 2800 4627 γίνεται·
2845 4547 3082 4637 εὐσταλεί
3132 4544 3191 4600 δε
3237 4549 3328 4598 καὶ
3370 4546 3536 4637 κούφη
3580 4549 3641 4614 τῇ
3676 4548 3837 4637 τροφῇ

408 4643 506 4700 tur
531 4641 844 4709 alimonia,
869 4659 996 4702 non
1033 4647 1219 4705 modo
1247 4649 1416 4722 quod
1447 4667 1523 4708 ex
1549 4633 2036 4714 morbo—immine

2233 4649 2554 4721 κεχρημένα,
2606 4647 2696 4696 καὶ
2747 4644 2808 4694 τὸ
2873 4634 3308 4713 προσδοκώμενον
3375 4633 3434 4688 έκ
3485 4637 3642 4687 νόσου
3679 4633 3840 4684 κακὸν

478 4786 500 4821 ⁸
529 4787 670 4843 Gen.
701 4802 764 4854 ll,
788 4787 876 4842 17.
952 4788 973 4824 ⁷
1007 4789 1207 4848 Matth.
1237 4807 1319 4864 1x,
1352 4797 1436 4848 12.
1512 4791 1535 4826 ⁸
1557 4796 1699 4852 Gen.
1724 4811 1808 4862 Ill,
1845 4801 1930 4866 17,
1968 4801 2060 4857 18.

1242 4807 1319 4864 ix,
1352 4797 1436 4848 12.
1512 4791 1535 4826 ⁸
1557 4796 1699 4852 Gen.
1724 4811 1808 4862 Ill,
1845 4801 1930 4866 17,
1968 4801 2060 4857 18.
2303 4801 2325 4836 9
2357 4801 2498 4856 Luc.
2522 4812 2645 4866 xvx,
2674 4797 2870 4852 20-31.

479 4929 1143 5013 (‘9)‘A‘ugustﬁinus,_cum
1159 4939 1478 5013 peccatum
1496 4935 1790 5013 originale
1810 4941 2069 5013 probare
2229 4945 2464 5013 ménro,

403 4999 605 5086 vellet,
617 4999 782 5057 hunc
804 4999 1220 5086 Basiliilocuin
1233 5007 1482 5080 protulit
1496 4999 1642 5066 libri
1664 4999 1895 5070 Cont'ra
1911 4999 2065 5084 Jul.,
2303 4999 2411 5086 (i3)
2439 5009 2638 5068 Codex
2659 5024 2819 5086 unus
2843 5004 2955 5086 irer
2983 5000 3043 5086 δέ

405 5076 637 5156 cap1‘5,‘
662 5077 954 5156 num._18.
1026 5149 1055 5156 _
1099 5147 1138 5156 η
1323 5150 1334 5156 _
1575 5148 1624 5156 __
1767 5155 1770 5156 ν
1853 5154 1865 5156 _

2244 5153 2258 5156 -
2297 5071 2408 5156 Mi
2431 5086 2572 5156 Reg.
2589 5080 2828 5155 primus
2840 5079 2923 5156 ita
2938 5075 3127 5156 habet
3138 5075 3199 5130 in
3215 5073 3498 5156 contextu
3509 5071 3604 5152 μῂ.
3617 5109 3630 5124 .
3641 5083 3836 5156 ,παρα-

478 5089 546 5142 p.
577 5089 630 5139 ο,
662 5089 832 5129 num.
865 5089 954 5133 1a.

478 5147 588 5230 (t9)
623 5147 684 5200 In
730 5145 975 5204 duobus
1016 5147 1370 5208 Colbertinis
1415 5165 1528 5224 pro
1567 5148 1818 5227 ἐδεόμεθα
1850 5154 2069 5229 legitur

2326 5089 2408 5156 14)
2431 5089 2572 5152 Reg.
2589 5089 2828 5155 primus
2840 5089 2923 5135 ita
2939 5089 3199 5133 nanetin
3215 5089 3498 5156 contexru
3509 5089 3604 5152 μη.
3617 5107 3654 5124 ..
3668 5089 3836 5149 παρα-

2231 5089 2353 5230 δέἓη
2378 5161 2466 5210 τὸν
2497 5155 2708 5230 ἐχθρόν,
2733 5165 2876 5230 cape
2894 5149 3206 5230 inimicum
3227 5145 3617 5230 adhibensrqm‘
3639 5154 3836 5226 consi-

406 5209 711 5295 éatawa.
964 5289 978 5295 _
1104 5294 1128 5295 ί
1233 5293 1242 5295 _
1419 5209 1438 5224 ·
1683 5209 1694 5227 ·

2231 5209 2426 5286 liii-ni
2445 5232 2506 5285 at
2529 5209 2726 5282 in'ora
2754 5223 2896 5295 libr,
2914 5220 3216 5295 scriptum
3234 5215 3540 5295 invenitur
3566 5214 3653 5264 τὸν
3683 5211 3842 5295 ξφα...

477 5285 816 5374 gli);-_U‘nus
832 5289 1060 5374 “codex
1092 5293 1324 5374 ⁸Βιξεξιιε
1379 5295 1686 5368 στυγνάζειν
1739 5297 2062 5372 έπετάχθης.

2236 5285 2269 5286 Π
2298 5302 2349 5374 (t
2362 5285 2415 5372 5)
2431 5297 2607 5374 illud
2633 5285 2927 5374 loquendi
2957 5285 3169 5374 genus,
3185 5285 3372 5374 ἐἰδότι
3407 5286 3604 5374 λέγεις,
3619 5285 3839 5374 εσίεηξε

403 5355 806 5442 Aliug‘it‘idem
832 5362 1054 5442 Regius
1084 5355 1357 5442 adiens.
1486 5355 1500 5368 ’
1590 5355 1603 5358 ⁷
1764 5439 1773 5442 _
1897 5355 1968 5372 η’
2225 5355 2498 5442 ἀίὲίείίει
2531 5355 2839 5442 proverbii
2867 5355 3371 5442 consuetudinem
3406 5355 3840 5442 venissejglgj

476 5429 588 5510 (1‘2)
615 5426 1100 5510 ﬁeg._sec1indus
1128 5426 1239 5510 τρῗς
1268 5438 1579 5510 ἀνθρώποις.
1613 5442 1729 5497 Nec
1759 5439 1844 5498 ita
1871 5443 2065 5502 multo

2225 5426 2867 5510 net—v'irrrdoctissimus
2899 5437 3172 5492 Ducaaus.
3195 5432 3336 5510 Ejus
3354 5426 3837 5488 eruditissimum

402 5498 541 5571 Ροει
568 5498 729 5559 editi.
742 5498 1108 5577 διαιτωμένοις
1146 5498 1461 5569 ἕπενωόῆτο.
1505 5498 1663 5569 Libri
1689 5498 1934 5573 veteres

1650 5513 1663 5569 ἱ
1689 5498 1934 5573 veteres
1949 5498 2065 5570 liri-
2224 5498 2436 5575 notam
2463 5510 2720 5571 studiosi
2745 5509 2944 5580 legere
2975 5498 3278 5581 poterunt.
