4124 6380
231 326 334 383 169
1503 334 1594 390 DE
1630 332 1907 392 JEJUNIO

1956 333 2246 393 HOMlLlA
2283 338 2325 393 ῐ.
3511 348 3611 403 HO

229 454 412 529 ὥσπερ
458 461 724 527 χειμῶνος
769 452 1121 507 ἐπανάστασιν
1170 455 1470 529 ὑπεξέφυγε,
1504 462 1593 511 καὶ
1634 461 1693 510 τό
1733 454 1828 518 ἣδε

1953 458 2209 526 malum,
2230 458 2392 517 velut
2423 462 2701 535 procella:
2731 464 3028 521 assultum
3058 467 3373 538 effugiunt,
3394 486 3610 528 verum

224 545 396 616 παρὸν
439 542 675 616 ὀχληρὸν
723 543 897 618 ὣσπερ
947 547 1062 596 τινὰ
1090 548 1206 612 (16)
1249 543 1506 609 σπιλάδος
1552 544 1841 623 ἐπιδρομὴν

228 629 589 708 διεκρούσατο
640 632 811 686 Ἶῐπου
868 639 957 687 καὶ
1000 638 1059 687 τό
1108 635 1406 707 ἡσυχάζειν
1453 640 1592 689 κατά
1648 640 1842 693 σὶ,τού

225 725 443 796 τρέχειν
497 722 891 797 ἐπιπονώτερον,
936 729 1027 777 καὶ
1084 732 1175 777 τοῦ
1220 724 1459 778 παλαίειν
1500 728 1558 778 τό
1609 726 1836 801 ἠρεμεῖν·

227 810 373 887 εἰπερ
416 807 510 864 οὖν
558 811 649 864 καί
685 815 744 864 τό
794 818 989 887 τρυφᾴν
1037 821 1128 866 τοῦ
1176 813 1331 877 λιτῶς
1362 816 1477 885 (17)
1529 811 1840 869 διαιτᾶσθαι

224 896 336 962 τοῖς
375 900 664 953 ἀσθενοῦσι
715 904 814 974 φῇς
852 899 981 954 εἶναι
1016 902 1472 977 καταλληλότερον.
1506 904 1564 957 ἸΙ
1609 903 1708 979 γὰρ
1750 909 1835 957 οὶ-

222 997 532 1062 κονομοῦσα
579 994 636 1042 τὸ
682 990 813 1051 ζῶον
859 986 1082 1065 δύναμις
1133 992 1443 1068 αὐτάρκειαν
1496 996 1585 1067 μεν
1629 998 1719 1046 καὶ
1767 993 1841 1046 λι-

223 1084 428 1138 τότητα
474 1076 679 1153 ῥᾳδίως
726 1084 1131 1153 κατειργάσατο,
1180 1088 1271 1135 καὶ
1325 1083 1553 1155 ᾡκείωσε
1600 1091 1673 1155 τῷ
1716 1102 1837 1158 τρε-

225 1172 450 1241 φομένῳ·
489 1168 814 1221 πολυτέλειαν
860 1166 919 1222 δὲ
962 1176 1051 1222 καὶ
1094 1171 1355 1223 ποικιλίαν
1399 1170 1694 1246 βρωμάτων
1740 1192 1839 1225 πα-

224 1256 555 1330 ραλαϐοῦσα,
609 1255 720 1310 εἶτα
759 1256 1028 1330 ἀντισχεῖν
1076 1263 1206 1333 πρὸς
1250 1264 1308 1312 τό
1349 1250 1507 1334 πέρας
1554 1260 1647 1314 ούκ
1691 1260 1837 1334 ὶξαρ-

225 1350 454 1415 κέσασα,
490 1349 556 1400 τά
594 1346 806 1400 ποικίλα
833 1350 951 1420 γένη
983 1358 1081 1400 τῶν
1106 1352 1417 1423 νοσημάτων
1451 1348 1720 1410 ἐποίησεν.

291 1724 345 1778 5-
391 1720 622 1776 Ἀλλ’ἒπὶ
652 1726 739 1782 τὴν
788 1727 1022 1800 ἱστορίαν
1056 1721 1325 1798 βαδιζέτω
1357 1729 1383 1779 ό
1416 1725 1569 1800 λόγος
1601 1727 1738 1800 (18),
1774 1730 1832 1781 τὸ

219 1813 452 1885 ἀρχαῖον
502 1822 599 1873 τῆς
638 1818 886 1875 νηστείας
931 1811 1155 1878 διεξιών·
1215 1822 1305 1868 καὶ
1349 1820 1486 1879 ὅπως
1540 1820 1727 1881 πάντες
1782 1823 1832 1872 οί
1870 1835 1912 1891 Β

219 1899 383 1972 οἶγιοι,
450 1905 630 1977 ὥσπερ
702 1905 821 1955 τινὰ
884 1902 1072 1977 κλῆρον
1142 1914 1380 1978 πατρῷον
1439 1902 1828 1980 διαδεξάμενοι,

219 1991 354 2042 οὕτω
416 1986 757 2063 διεφύλαξαν,
820 1997 995 2066 πατὴρ
1054 1990 1210 2046 παιδὶ
1256 1991 1665 2068 παραδιδόντες·
1718 1998 1830 2049 ὅθεν

215 2084 302 2132 καὶ
333 2080 411 2141 εἰς
442 2080 589 2153 ἡμᾶς
617 2080 900 2154 άκολονθία
947 2078 1217 2155 διαδοχῆς
1269 2080 1499 2143 διεσώθη
1550 2088 1608 2138 τὸ
1656 2094 1833 2158 κτῆμα

216 2168 352 2241 (19).
402 2168 521 2220 Ούκ
564 2164 626 2227 ἦν
675 2167 723 2220 ἐν
767 2178 840 2240 τῷ
887 2167 1197 2243 παραδείσῳ
1241 2169 1395 2241 οἶνος,
1442 2180 1585 2228 οὔπω
1635 2174 1832 2235 ζωοθυ-

216 2262 364 2323 σίαι,
409 2256 561 2310 οὓπω
608 2263 948 2334 κρεωφαγίαι.
1004 2262 1150 2313 Μετά
1194 2265 1281 2313 τὸν
1333 2260 1699 2335 κατακλυσμόν
1760 2259 1831 2316 οἶ-

213 2367 328 2409 νος·
408 2349 549 2421 μετά
613 2352 701 2400 τόν
772 2349 1162 2423 κατακλυσμὸν,
1219 2353 1452 2424 Φάγεσθε
1520 2354 1692 2406 πάντα
1760 2356 1830 2416 ὡς

212 2436 428 2510 λάχανα
468 2441 700 2511 χόρτου.
752 2438 876 2491 Ὃτε
931 2442 1241 2512 ἀπεγνὼσθη
1301 2443 1331 2499 ἠ
1388 2440 1669 2510 τελείωσις,
1714 2448 1829 2497 τότε

216 2528 574 2601 συνεχωρήοη
619 2528 648 2585 ἡ
692 2525 1003 2590 ἀπόλαυσις,
1054 2536 1249 2603 Δεῖγμα
1295 2526 1355 2583 δὲ
1397 2538 1493 2592 τῆς
1550 2539 1641 2583 τοῦ
1686 2536 1824 2586 οἴνου

211 2614 460 2690 ἀπειρίας
489 2624 606 2671 Νῶε
657 2616 851 2690 ἀγνοῶν
898 2627 989 2672 τοῦ
1046 2621 1186 2671 οἰνου
1234 2624 1327 2679 τὴν
1380 2628 1605 2696 χρῆσιν.
1663 2624 1823 2675 Οὔπω

208 2709 309 2781 γὰρ
365 2712 445 2770 εἰς
498 2710 587 2759 τόν
618 2705 736 2781 βίον
788 2708 1152 2782 παρεληλύθει,
1203 2706 1321 2763 οὐδ’
1360 2708 1623 2784 ἐτίτρίπτο
1667 2711 1715 2764 ἐν
1755 2721 1817 2787 τῇ

211 2799 465 2869 σονηθείᾳ
521 2804 584 2869 τῇ
631 2805 731 2849 τῶν
762 2796 1065 2871 ἀνθρώπων.
1121 2800 1256 2851 Οὔτε
1299 2795 1385 2851 οὖν
1442 2799 1592 2853 ἄλλον
1648 2802 1820 2855 τεθεα-

208 2888 378 2956 μένος,
449 2889 570 2938 οὗτε
622 2885 779 2947 αύτός
834 2888 1118 2960 πειραθεὶς,
1179 2897 1241 2961 τῇ
1300 2886 1389 2941 ἀπ’
1438 2889 1597 2943 αὐτοῦ
1643 2888 1812 2965 βλάϐῃ

205 2979 511 3049 περιέπεσεν
570 2974 896 3048 ἀφυλάκτως·
961 2976 1242 3049 Ἐφύτευσε
1289 2980 1388 3052 γὰρ
1428 2978 1654 3052 ἄμπελον
1679 2987 1813 3048 Νῶε,

204 3068 291 3116 καὶ
319 3067 466 3117 ἔπιεν
518 3063 620 3117 ἀπὸ
678 3072 771 3117 τοῦ
827 3073 1051 3139 καρποῦ,
1111 3070 1201 3119 καὶ
1249 3063 1532 3140 ἐμεθύσθη’
1579 3067 1707 3142 ούχὶ
1743 3076 1816 3141 τῷ

209 3154 464 3227 πάροινος
517 3149 666 3222 εἶναι,
716 3153 846 3207 ἀλλὰ
900 3163 974 3228 τῷ
1011 3154 1224 3232 ἄπειρος
1279 3152 1409 3210 εἶναι
1461 3165 1559 3209 τῶν
1616 3161 1814 3235 μέτρων
1856 3164 1898 3221 C

204 3251 296 3305 τῆς
357 3242 722 3317 μεταλήψεως.
790 3243 943 3297 Οὓτω
1007 3251 1319 3321 νεαρώτερον
1368 3242 1700 3320 παραδείσου
1756 3250 1814 3302 τό

206 3329 412 3406 εὕρημα
458 3340 555 3393 τῆς
607 3336 927 3400 οίνοποσίας,
977 3337 1066 3386 καὶ
1114 3337 1276 3397 οὕτως
1332 3334 1558 3411 ἀρχαῖον
1615 3340 1673 3389 τό
1721 3346 1818 3401 τῆς

204 3425 456 3483 νηστείας
488 3424 693 3493 σεμνόν.
724 3420 878 3474 Ἀλλὰ
904 3427 993 3473 καί
1020 3427 1250 3476 Μωῦσία
1278 3419 1373 3476 διὰ
1399 3429 1646 3487 νηστείας
1665 3427 1818 3497 ἔγνω-

208 3528 291 3581 μεν
350 3507 725 3585 προσϐαλόντα
775 3517 849 3582 τῷ
900 3508 1028 3585 ὂρει.
1068 3510 1145 3563 Ού
1196 3513 1296 3584 γὰρ
1346 3509 1407 3563 ἂν
1461 3511 1817 3585 κατετόλμησε

207 3600 597 3672 καπνιζομένης
619 3606 718 3662 τῆς
741 3606 940 3672 κορυφῇ
952 3618 992 3667 ς,
1022 3595 1139 3653 οὐδ’
1166 3598 1228 3652 ἂν
1253 3601 1542 3675 ἐθάρσησεν
1572 3599 1815 3654 εἰσελθεῖν

209 3690 277 3748 εἱς
308 3691 401 3740 τόν
429 3691 639 3761 γνόφον,
665 3688 710 3739 εἰ
733 3691 805 3760 μὴ
828 3691 1047 3761 νηστείᾳ
1066 3687 1422 3745 καθώπλιστο.
1451 3691 1546 3743 Διὰ
1572 3694 1817 3752 νηστείας

207 3780 298 3834 τὴν
342 3775 553 3836 ἐντολὴν
610 3772 898 3840 ὑπεδέξατο
955 3772 1199 3850 δακτύλῳ
1246 3785 1380 3832 Θεοῦ
1429 3785 1716 3852 γραφεῖσαν
1766 3778 1815 3833 ἑν

210 3873 320 3927 ταῖς
343 3865 526 3929 πλαξί.
556 3870 657 3918 Καὶ
686 3867 791 3918 οἰνω
816 3867 906 3938 μὶν
929 3867 959 3925 ἡ
991 3870 1209 3924 νηστεία
1235 3868 1545 3941 νομοθεσίας
1573 3868 1816 3943 πρόξενος

211 3950 289 4021 ἦν,
358 3957 508 4008 κάτω
579 3951 639 4009 δε
685 3956 715 4014 ἡ
780 3960 1181 4029 γαστριμαργία
1244 3961 1318 4017 είς
1388 3954 1813 4035 εἰδωλολατρείαν

210 4041 464 4117 ἐξέμηνεν·
522 4044 764 4099 Ἐκάθισε
799 4047 899 4118 γὰρ
954 4044 981 4097 ό
1018 4044 1143 4108 λαὸς
1192 4053 1370 4119 φαγεῖν
1418 4053 1508 4101 καὶ
1536 4055 1689 4117 πιεῖν,
1722 4053 1812 4102 καὶ

209 4131 502 4193 ἀνέστησαν
538 4134 765 4196 παίζειν.
796 4136 1205 4210 Τεσσαράκοντα
1242 4137 1445 4209 ἡμερῶν
1488 4133 1810 4214 προσεδρίαν

211 4222 320 4292 (20)
349 4227 693 4287 νηστεύοντος
721 4228 812 4277 καὶ
861 4221 1104 4298 δεομένου
1135 4232 1227 4277 τοῦ
1257 4227 1569 4301 θεράποντος
1597 4227 1811 4302 ἄχρησ-

211 4329 291 4364 τον
320 4310 588 4377 ἀπέδειξεν
617 4313 921 4387 οἰνοφλυγία
957 4318 1082 4387 μία.
1114 4313 1210 4377 “Ag
1234 4317 1334 4389 γὰρ
1357 4317 1386 4374 ἡ
1416 4321 1634 4375 νηστεία
1663 4315 1810 4370 ἔλαϐε

213 4399 409 4465 πλάκας
454 4398 699 4475 δακτύλῳ
747 4407 876 4456 Θεοῦ
922 4407 1309 4478 γεγραμμένας,
1357 4406 1554 4467 ταύτας
1599 4407 1630 4465 ἡ
1672 4407 1804 4480 μίθη

216 4491 532 4567 συνέτριψεν,
557 4492 651 4545 ούκ
671 4492 815 4555 ἠξιον
841 4496 1110 4568 κρίναντος
1138 4501 1230 4548 τοῦ
1254 4496 1521 4567 προφάτου
1552 4497 1810 4569 μεθύοντα
1844 4464 1891 4522 D

213 4574 328 4631 λαόν
369 4580 763 4654 νομοθετεῖσθαι
806 4582 952 4656 παρὰ
1002 4588 1095 4634 τοῦ
1141 4589 1295 4640 Θεοῦ.
1355 4583 1433 4637 Ἐν
1479 4589 1579 4656 μιᾷ
1623 4593 1809 4658 καιροῦ

214 4666 341 4743 ῥοπῇ
369 4666 469 4723 διὰ
509 4675 935 4745 γαστριμαργίας
966 4670 993 4724 ό
1043 4670 1167 4734 λαὸς
1225 4669 1414 4735 ὶκεῖνος
1461 4670 1487 4725 ό
1536 4676 1624 4725 τὸν
1682 4678 1810 4728 Θεὸν

219 4752 308 4809 διὰ
373 4769 473 4814 τῶν
551 4765 811 4834 μεγίστων
883 4766 1173 4837 τεραστίων
1241 4758 1660 4838 δεδιδαγμένος,
1741 4764 1815 4828 εἰς

215 4849 303 4905 τὴν
359 4850 658 4923 Αἰγυπτίων
726 4847 1099 4925 εἰδωλομανιαν
1175 4851 1479 4916 ἐξεκυλίσθη
1516 4892 1530 4908 .
1609 4854 1814 4929 Παράλ-

216 4931 341 4993 ληλα
396 4942 478 5004 θὶς
545 4939 831 5016 ἀμφότερα·
903 4950 1014 5004 πῶς
1079 4946 1296 5000 νηστεία
1349 4951 1463 5015 Θεῷ
1517 4944 1812 5020 προσάγει,

1952 548 2132 604 etiam
2164 557 2524 622 praesentem
2552 553 2681 625 jam
2725 555 3146 626 aegritudinem
3190 558 3247 631 4
3290 560 3452 617 velut
3488 567 3610 619 tur-

1949 637 2153 694 binem
2186 640 2520 711 quemdam
2552 643 2919 700 exorientem
2951 645 3300 703 discutiunt.
3331 650 3613 709 Videlicet

1944 726 2118 798 juxta
2144 733 2312 785 tuam
2344 731 2708 789 sententiam
2749 732 3118 791 laboriosius
3157 736 3268 794 erit
3301 739 3609 811 quiescere

1947 832 2136 889 quam
2166 833 2424 891 currere,
2460 825 2516 877 et
2538 822 2804 878 otiosum
2834 838 2965 880 esse
3014 839 3203 897 quam
3249 826 3502 885 luctari:
3537 829 3609 885 si-

1946 905 2195 977 quidem
2216 906 2457 979 judicas
2482 911 2915 981 congruentius
2937 928 3068 970 esse
3086 913 3359 972 infirmos
3377 916 3607 974 deliciis

1946 994 2174 1068 expleri
2201 1011 2391 1068 quam
2422 1014 2607 1070 parco
2639 1001 2923 1073 tenuique
2955 1002 3041 1058 uti
3094 1003 3278 1060 victu.
3305 1009 3479 1066 ,Nam
3517 1008 3607 1064 vis

1946 1081 2049 1138 illa
2079 1099 2203 1169 qua
2232 1085 2486 1142 animali
2525 1089 2894 1159 providetur,
2937 1095 3343 1164 temperatum
3370 1110 3441 1151 ac
3467 1112 3607 1169 par-

1946 1186 2088 1228 cum
2112 1164 2333 1230 vietum
2362 1175 2527 1233 nullo
2556 1178 2798 1247 negotio
2826 1182 3177 1253 concoquit,
3208 1189 3266 1239 et
3294 1184 3355 1240 in
3396 1164 3608 1260 corpo-

1942 1260 2026 1317 ris
2055 1262 2221 1334 quod
2245 1263 2421 1321 alitur
2448 1265 2850 1323 substantiam
2894 1270 3062 1325 vertit
3087 1288 3100 1339 ;
3152 1275 3213 1328 at
3260 1274 3476 1331 eadem
3503 1275 3607 1331 ubi

1944 1351 2230 1425 opiparos
2249 1354 2573 1429 variosque
2597 1356 2764 1413 cibos
2786 1359 3105 1431 complexa
3123 1366 3232 1430 est,
3259 1378 3371 1420 nec
3387 1364 3606 1423 deinde

1943 1457 2056 1515 par
2084 1448 2173 1499 cst
2195 1442 2289 1500 his
2318 1444 2569 1502 omnino
2602 1447 2955 1520 coquendis,
2986 1453 3115 1505 tum
3146 1450 3385 1511 diversa
3416 1454 3607 1526 gignit

1941 1531 2300 1590 morborum
2336 1548 2579 1605 genera.

2014 1626 2069 1680 5.
2094 1622 2209 1680 Sed
2232 1623 2363 1694 jam
2394 1624 2474 1682 ad
2502 1624 2820 1683 historiam
2852 1643 2916 1683 se
2938 1633 3148 1686 nostra
3173 1631 3423 1705 recipiat
3464 1649 3602 1692 ora-

1941 1711 2043 1784 tio,
2072 1712 2288 1784 jejunii
2309 1715 2733 1788 antiquitatem
2752 1732 3130 1788 percurrens,
3145 1725 3201 1777 et
3226 1727 3602 1798 quantopere

1942 1818 2156 1860 omnes
2188 1804 2400 1877 sancti,
2425 1805 2675 1879 perinde
2701 1808 2879 1879 quasi
2904 1807 3320 1868 haereditatcm
3353 1829 3390 1869 a
3413 1817 3604 1888 majo-

1938 1890 2107 1947 ribus
2138 1891 2440 1963 traditam,
2462 1892 2763 1965 jejunium
2784 1895 3257 1962 observaverint,
3280 1905 3602 1977 patresque

1942 1980 2070 2037 suis
2108 1981 2335 2055 quique
2381 1982 2586 2039 liberis
2632 1984 3025 2043 tradiderint:
3077 1987 3239 2045 unde
3269 1993 3327 2047 et
3371 1991 3451 2048 ad
3489 2009 3602 2050 nos

1939 2074 2232 2143 perpetua
2256 2071 2528 2144 quadam
2561 2074 2962 2130 successionis
2990 2076 3140 2132 serie
3170 2081 3445 2150 pervenit
3471 2081 3601 2140 haec

1939 2159 2269 2231 possessio.
2303 2162 2432 2217 Non
2458 2167 2587 2218 erat
2621 2162 2683 2218 in
2723 2163 3017 2237 paradiso
3060 2165 3295 2234 vinum,
3324 2183 3449 2223 non
3476 2174 3603 2225 erat

1939 2248 2242 2320 pecudum
2274 2250 2582 2322 mactatio,
2616 2267 2740 2307 non
2770 2253 3044 2309 carnium
3087 2271 3246 2311 esus.
3290 2258 3425 2313 Post
3448 2256 3601 2313 dilu-

1937 2336 2104 2393 vium
2128 2338 2309 2411 ccepit
2333 2339 2563 2406 vinum;
2588 2346 2724 2412 post
2744 2341 3373 2411 diluvium,Comedz‘te
3397 2348 3599 2404 omnia

1936 2426 2089 2482 sicut
2143 2427 2312 2485 olera
2347 2428 2567 2497 pabuli
2598 2430 2663 2486 ³ο.
2702 2429 3104 2503 Posteaquam
3148 2432 3471 2506 desperata
3510 2441 3599 2492 est

1933 2515 2378 2588 perfectio,tum
2408 2517 2672 2591 denique
2703 2518 2797 2575 his
2828 2521 3035 2577 utendi
3064 2538 3355 2580 concessa
3385 2529 3471 2581 est
3492 2540 3597 2597 po-

1935 2608 2140 2662 testas.
2184 2608 2364 2663 Porro
2386 2606 2617 2664 nullam
2648 2612 2778 2665 tum
2802 2607 2989 2666 fuisse
3014 2611 3135 2667 vini
3161 2613 3595 2686 experientiam

1933 2701 2294 2766 argumento
2324 2700 2413 2753 est
2440 2700 2581 2767 Noe,
2614 2697 2720 2771 qui
2745 2699 3055 2756 nesciebat
3076 2701 3196 2757 vini
3218 2718 3419 2759 usum.
3442 2706 3596 2761 Non-

1930 2784 2078 2842 dum
2101 2785 2262 2842 enim
2282 2785 2636 2859 obrepserat
2657 2787 2715 2843 in
2737 2787 3075 2846 humanam
3093 2790 3301 2861 vitam,
3316 2793 3594 2851 nondum

1928 2874 2279 2931 mortalium
2320 2891 2441 2930 usu
2490 2875 2695 2932 tritum
2736 2882 2881 2933 erat.
2917 2881 3125 2952 ltaque
3173 2896 3313 2937 cum
3352 2880 3450 2939 ille
3479 2897 3591 2939 nec

1926 2962 2114 3020 alium
2135 2979 2510 3037 quemquam
2526 2963 2837 3021 bibentem
2863 2967 3133 3039 vidisset,
3153 2985 3264 3025 nec
3285 2970 3414 3043 ipse
3436 2976 3593 3029 esset

1926 3059 2232 3126 expertus,
2254 3052 2314 3109 in
2342 3069 2570 3110 noxam
2603 3069 2640 3110 a
2684 3054 2826 3111 vino
2870 3055 3069 3112 afferri
3107 3057 3346 3115 solitam
3381 3060 3591 3118 incidit

1926 3143 2225 3200 incautus.
2257 3144 2579 3201 Plantavit
2609 3145 2764 3201 enim
2786 3146 2912 3203 Noe
2937 3148 3193 3214 vineam,
3230 3148 3492 3221 bibitque
3518 3151 3592 3208 de

1921 3235 2159 3305 fructu,
2189 3237 2246 3289 et
2287 3233 2621 3290 inebriatus
2659 3240 2743 3291 est
2768 3236 2809 3270 ¹¹
2830 3277 2843 3304 ,
2874 3251 2998 3292 non
3039 3236 3288 3309 quidem
3319 3253 3391 3295 eo
3420 3239 3591 3313 quod

1926 3323 2269 3381 vinolentus
2294 3328 2472 3397 esset,
2506 3323 2612 3379 sed
2642 3324 2812 3397 quod
2850 3326 3131 3383 sumendi
3157 3327 3284 3384 vini
3332 3330 3588 3387 modum

1925 3412 2201 3470 nesciret.
2223 3415 2433 3485 ltaque
2452 3412 2765 3469 inventum
2788 3413 3038 3471 bibendi
3060 3416 3266 3473 vinum
3291 3420 3589 3476 recentius

1927 3506 2019 3560 est
2059 3501 2371 3574 paradiso,
2423 3501 2578 3559 adeo
2617 3508 2858 3561 vetusta
2906 3509 2994 3561 est
3035 3506 3250 3577 jejunii
3298 3508 3585 3579 dignitas.

1928 3591 2081 3659 Quin
2104 3595 2160 3647 et
2187 3592 2462 3664 Moysem
2492 3591 2772 3647 novimus
2802 3609 2909 3665 per
2933 3595 3236 3665 jejunium
3265 3593 3588 3656 accessisse

1925 3681 2005 3740 ad
2024 3682 2374 3738 montem".
2404 3683 2603 3753 Neque
2620 3681 2781 3737 enim
2803 3697 2993 3738 ausus
3021 3692 3179 3740 esset
3193 3687 3475 3743 verticem
3500 3688 3587 3745 fu-

1924 3774 2196 3828 mantem
2240 3769 2548 3840 attingere,
2591 3785 2786 3842 neque
2816 3770 3054 3842 ingredi
3092 3773 3152 3828 in
3183 3774 3435 3846 nubem,
3471 3776 3587 3834 nisi

1923 3861 2132 3918 fuisset
2157 3859 2392 3933 jejunio
2418 3858 2925 3918 obarmatus.Per
2942 3862 3246 3933 jejunium
3268 3863 3466 3937 legem
3493 3882 3589 3923 ac-

1924 3949 2082 4024 cepit
2101 3949 2289 4021 digito
2318 3949 2420 4006 Dei
2443 3948 2727 4021 scriptam
2759 3948 2822 4006 in
2849 3950 3085 4019 tabulis,
3112 3957 3294 4027 atque
3322 3954 3385 4011 in
3415 3972 3587 4012 mon-

1923 4039 1996 4097 tis
2017 4038 2265 4112 quidem
2278 4038 2906 4110 cacumincjejunium
2930 4039 3125 4113 legem
3151 4041 3587 4116 impetravit,in

1919 4129 2126 4186 radice
2157 4144 2297 4186 vero
2340 4128 2561 4184 montis
2591 4127 2888 4199 ingluvies
2920 4130 3000 4186 ad
3037 4130 3441 4191 idololatriam
3484 4133 3589 4191 de-

1921 4218 2401 4277 mentavit.Sedit
2417 4218 2571 4275 enim
2590 4219 2858 4289 populus
2879 4226 2944 4277 ut
2964 4220 3163 4279 ederet
3183 4237 3255 4279 ac
3279 4223 3588 4287 biberet,et

1916 4313 2316 4367 surrexerunt
2337 4308 2420 4366 ad
2441 4307 2842 4364 ludendum”.
2860 4309 3031 4374 Quod
3046 4309 3311 4368 famulus
3329 4312 3585 4386 quadra-

1921 4400 2088 4471 ginta
2108 4397 2239 4454 dies
2255 4397 2503 4469 jejunus
2523 4396 2769 4453 assidue
2789 4413 3037 4454 versans
3057 4415 3196 4456 cum
3220 4403 3361 4467 Deo,
3376 4401 3588 4475 depre-

1922 4504 2190 4562 cansque
2209 4484 2636 4557 confecerat,id
2654 4486 2835 4543 unica
2855 4487 3207 4546 temulentia
3228 4490 3490 4548 reddidit
3506 4491 3585 4548 ir—

1920 4579 2102 4636 ritum
2120 4575 2841 4649 infrugiferumque.Nam
2854 4575 3585 4651 tabulas,quasjejunium

1922 4669 2278 4743 impetrarat
2301 4664 2678 4739 conscriptas
2700 4665 2887 4737 digito
2909 4666 3030 4736 Dei,
3049 4667 3312 4726 ebrietas
3336 4671 3587 4727 commi-

1922 4760 2088 4827 nuit;
2106 4754 2405 4830 judicavit
2431 4754 2659 4829 quippe
2690 4755 2986 4828 propheta
3015 4755 3252 4814 ebrium
3286 4758 3587 4831 populum

1925 4849 2180 4922 dignum
2211 4861 2336 4903 non
2366 4859 2521 4913 esse,
2550 4843 2657 4917 qui
2686 4843 2881 4917 legem
2929 4845 3227 4919 acciperet
3269 4864 3306 4904 a
3345 4850 3483 4905 Deo.
3520 4852 3587 4906 In

1925 4940 2106 4998 unico
2124 4934 2413 5011 temporis
2436 4937 2747 4993 momento
2765 4935 3031 5009 populus
3048 4935 3164 5006 ille,
3182 4935 3286 5011 qui
3307 4938 3588 4996 maximis

285 5118 330 5155 ¹⁰
356 5120 569 5178 Genes.
596 5135 680 5191 ix,
709 5123 765 5179 3.
807 5120 852 5157 “
882 5119 1035 5178 ibid.
1056 5123 1146 5187 20,
1178 5125 1271 5180 2t.
1307 5123 1353 5159 ¹²
1375 5121 1565 5182 Exod.
1595 5137 1742 5193 xxxv,
1778 5122 1828 5180 11

1936 5117 2166 5178 ’Exod.
2198 5131 2381 5188 χχχιι,
2409 5118 2462 5171 ϐ.

231 5308 248 5327 Α
288 5241 400 5317 (16)
430 5244 586 5327 Editi
614 5254 788 5321 ὥσπερ
816 5250 975 5311 τινός.
1007 5251 1079 5305 At
1107 5263 1257 5305 mss.
1298 5247 1573 5324 plerique
1603 5264 1817 5308 omnes

223 5331 397 5459 tMa?)
415 5319 659 5462 Χύῗίσυὶ
676 5388 801 5446 duo
823 5387 962 5448 libri
986 5396 1045 5449 et
1068 5391 1210 5448 editi
1230 5399 1323 5445 τοῦ
1342 5397 1539 5467 τρυφᾷν
1561 5395 1620 5444 τὸ
1639 5392 1816 5461 λιτῶς,

227 5465 513 5519 corrupte.
549 5465 622 5517 At
650 5461 820 5519 Regii
853 5463 1089 5519 primus
1116 5468 1174 5519 et
1193 5465 1496 5519 secundus
1523 5480 1661 5519 cum
1684 5463 1816 5519 aliis

227 5465 513 5533 corrupte.
549 5461 622 5517 At
650 5461 820 5532 Regii
853 5463 1089 5535 primus
1116 5468 1174 5521 et
1193 5461 1502 5520 secundus
1523 5480 1661 5520 cum
1684 5463 1819 5519 aliis

229 5525 456 5587 duobus
479 5532 837 5589 Colbertinis
865 5538 925 5588 τὸ
947 5540 1143 5610 τρυφᾷν
1172 5544 1265 5589 τοο
1288 5535 1460 5603 λιτῶς,
1479 5534 1816 5593 emendate.

604 5661 848 5717 ΡΑτιιοι..
881 5659 977 5716 Gr.
1003 5658 1179 5716 XXXI.

1999 5246 2111 5320 (18)
2140 5244 2287 5320 Reg,
2316 5240 2553 5320 primus
2586 5239 2822 5320 iffopiaz
2854 5238 2879 5291 ὁ
2908 5235 3068 5320 λόγος.
3088 5234 3327 5320 βαδίζει.

1997 5307 2115 5391 (19⁷)
2146 5307 2391 5391 Antiqui
2444 5311 2569 5391 duo
2596 5307 2734 5391 libri
2779 5307 3110 5391 διεφυλάχθη
3143 5313 3201 5391 τὸ
3232 5320 3428 5391 κτῆμα.
3475 5314 3596 5369 Nec

1926 5378 2015 5447 itii
2037 5378 2232 5445 multo
2262 5378 2419 5443 ilift‘a
2446 5381 2615 5465 Coll).
2643 5378 2881 5465 primus
2912 5378 3166 5465 oivoé‘xai
3191 5378 3407 5465 μεῖλξω

2000 5460 2116 5532 (20)
2139 5462 2379 5516 Veteres
2408 5449 2674 5528 quatuoi
2712 5452 2846 5508 libri
2880 5449 3223 5526 προσεδρίαν.
3259 5454 3408 5510 Edili
3435 5474 3599 5527 προσ-

1929 5529 2125 5607 stipata.

3106 5654 3137 5707 6
