4124 6440
483 383 580 438 1Ἱὸ

1853 381 1910 438 5.
1953 378 2204 437 ΒΑΞΙΙιιῐ
2243 380 2464 440 ΜᾹΟΝΙ

3741 400 3845 454 176

473 504 828 562 diminuitin
841 504 1074 578 jejunio
1086 505 1115 562 ?
1127 505 1392 563 Reeense
1407 504 1588 563 hodie
1604 505 1821 562 domus
1840 503 2106 576 supellec

2245 509 2472 582 σήμερον
2510 511 2578 562 τὰ
2618 508 2785 580 ἔνδον,
2831 515 2922 566 καὶ
2960 510 3244 586 ἀρίθμνσον
3291 515 3424 586 μετὰ
3459 523 3646 570 ταῦτα·
3689 516 3844 574 ούδέν

471 593 658 666 tilem,
679 610 752 652 ac
775 601 988 668 postea
1013 595 1214 652 denuo
1240 611 1532 664 numera;
1557 595 1708 653 nihil
1733 595 1924 652 deerit
1941 593 2132 663 obje-

467 683 708 757 junium
720 684 783 743 in
796 685 978 742 rebus
989 685 1356 744 domesticis.
1370 685 1606 743 Nullum
1621 683 1849 742 animal
1859 683 2135 757 deplorat

472 779 756 845 mortem,
785 789 1095 848 nusquam
1118 775 1388 847 sanguis,
1410 791 1716 849 nusquam
1735 772 2032 832 sententia
2051 772 2131 830 ab

471 863 828 922 inexorabili
847 867 1053 921 ventre
1073 863 1364 921 adversus
1379 863 1713 922 animantia
1723 863 1984 938 prolata.
2003 865 2134 920 Ces-

473 957 567 1010 sat
584 953 888 1010 machaera
899 969 1256 1027 coquorum,
1269 969 1408 1011 men
1417 969 1486 1012 sa
1505 958 1788 1010 contenta
1808 957 1900 1009 est
1920 955 2134 1026 sponte

469 1041 889 1100 nascentibus.
927 1041 1261 1100 Sabbatum
1303 1042 1524 1100 Judzeis
1565 1046 1691 1100 erat
1725 1041 2036 1113 traditum,
2067 1044 2135 1096 ut

467 1131 828 1206 requiescat,
881 1131 1078 1206 inquit
1121 1133 1192 1201 ³⁸,
1219 1133 1565 1204 jumentum
1607 1135 1782 1188 tuum
1820 1136 1878 1188 et
1923 1145 2131 1187 servus

471 1227 630 1280 tuus.
661 1223 744 1280 Sit
774 1222 1074 1295 jejunium
1103 1221 1346 1279 famulis
1376 1221 1614 1295 requies
1646 1237 1682 1278 a
1712 1220 2017 1295 perpetuis
2045 1219 2130 1278 la-

467 1311 744 1382 boribus,
768 1313 874 1386 qui
896 1311 999 1368 tibi
1019 1327 1128 1385 per
1141 1316 1330 1368 totum
1351 1326 1583 1368 annum
1601 1311 1960 1368 inserviunt.
1977 1313 2127 1368 Dato

465 1402 928 1477 respirationem
971 1407 1028 1458 et
1066 1415 1303 1458 moram
1333 1416 1530 1474 coquo
1562 1404 1690 1470 tuo,
1739 1399 1869 1456 sine
1905 1416 2126 1458 vacare

466 1497 824 1550 structorem
845 1507 1197 1548 mensarum
1229 1509 1242 1560 ;
1269 1490 1410 1548 siste
1437 1490 1806 1564 pocillatoris
1827 1506 2080 1548 manum
2107 1507 2121 1560 ;

417 1607 426 1616 -
463 1583 542 1640 sit
570 1581 902 1655 aliquando
929 1580 1246 1654 respiratio
1282 1579 1592 1637 variorum
1628 1579 2022 1637 bellariorum
2053 1595 2125 1636 ac

463 1670 860 1746 cupediarum
899 1669 1242 1728 architecto.
1277 1669 1678 1744 Conquiescat
1714 1668 1962 1726 tandem
1990 1669 2128 1742 ipsa

462 1761 684 1818 domus
724 1759 804 1817 ab
843 1759 1092 1816 infinitis
1123 1757 1502 1827 tumultibus,
1536 1774 1573 1815 a
1601 1758 1794 1828 fumo,
1825 1774 1863 1815 a
1891 1757 2124 1828 nidore,

2242 589 2338 646 διά
2383 601 2476 656 τὴν
2518 606 2760 658 νηστείαν
2801 600 2966 673 λείψει
3003 609 3102 654 τῶν
3140 603 3255 674 (38)
3293 601 3340 654 ἓν
3385 613 3456 676 τῷ
3494 609 3641 679 οἳκῳ.
3675 605 3844 663 Ούδεν

2242 681 2374 742 ζῶον
2411 683 2658 762 ὀδύρεται
2699 691 2935 757 θάνατον,
2977 687 3216 764 οὐδαμοῦ
3253 693 3404 765 αἷμα,
3446 690 3685 768 οὐδαμοῦ
3717 697 3842 752 ἀπό-

2241 792 2400 844 φασις
2454 779 2600 850 παρὰ
2654 786 2750 840 τῆς
2807 777 3168 853 ἀπαραιτήτου
3233 785 3466 856 γαστρὸς
3531 781 3838 860 ἐκφερομένη

2239 867 2376 917 κατὰ
2427 874 2528 917 τῶν
2581 866 2746 928 ζώων.
2798 872 3069 921 Πίπαυται
3111 873 3369 943 μαγείρων
3414 871 3444 929 ἠ
3487 873 3756 950 μάχαιρσρ
3805 878 3836 936 ἡ

2239 954 2477 1026 τράπεζα
2505 953 2741 1030 ἀρκεῖται
2768 965 2878 1018 τοῖς
2908 957 3242 1030 αὐτομάτοις.
3283 962 3354 1012 T6
3385 959 3646 1015 Σάϐϐατόν
3678 960 3836 1023 ἰδόοη

2237 1051 2350 1108 τοῖς
2376 1041 2674 1114 Ἰουδαίοις,
2719 1049 2802 1100 ἱνα
2839 1047 3230 1116 ἀναπαύσηται,
3272 1055 3422 1122 φησὶ,
3464 1055 3522 1104 τὸ
3552 1053 3838 1126 ὑποζύγιον

2241 1151 2334 1185 σου
2382 1137 2473 1186 καὶ
2519 1135 2546 1186 6
2587 1142 2713 1198 παῖς
2761 1155 2878 1190 σου.
2929 1138 3156 1190 Γινέσθω
3203 1137 3232 1196 ὴ
3282 1139 3500 1196 νηστεία
3542 1139 3838 1206 ἀνάπαυσις

2237 1219 2292 1274 ἔκ
2329 1231 2428 1275 τῶν
2469 1233 2704 1296 συνεχῶν
2747 1229 2912 1278 πόνων
2951 1233 3062 1286 τοῖς
3101 1222 3136 1279 δ
3142 1229 3196 1278 ιὰ
3236 1235 3330 1279 τοῦ
3370 1227 3606 1282 ἐνιαυτοῦ
3644 1235 3838 1294 παντὸς

2235 1312 2584 1387 ὑπηρετοῦσιν
2631 1314 2875 1376 οἰκέταις.
2930 1315 3258 1369 Ἀνάπαυσόν
3299 1336 3395 1370 σου
3433 1322 3520 1370 τόν
3562 1321 3832 1396 μάγειρον,

2235 1398 2328 1462 δὸς
2370 1399 2554 1456 ἄδειαν
2592 1413 2664 1476 τῷ
2711 1404 3074 1478 τραπεζοποιῷ
3121 1406 3256 1477 (36).
3305 1417 3501 1466 στῆσον
3539 1413 3634 1468 τὴν
3676 1418 3836 1486 χεῖρα

2232 1501 2305 1563 τῷ
2356 1491 2600 1565 οἰνοχόῳο
2655 1496 2953 1547 παυσάσθω
3004 1513 3129 1548 ποτε
3185 1501 3276 1548 καὶ
3331 1497 3358 1549 6
3423 1500 3517 1560 τὰς
3573 1500 3838 1564 ποικιλίας

2231 1589 2332 1632 τῶν
2389 1585 2670 1656 πεμμάτων
2727 1579 3069 1641 ἐπιτηδεύων.
3137 1584 3498 1658 Ἰισυχασάτω
3554 1591 3678 1641 ποτὲ
3743 1595 3832 1643 καὶ

2233 1670 2259 1722 6
2302 1666 2444 1732 οἶκος
2493 1669 2594 1724 ἀπὸ
2641 1680 2741 1724 τῶν
2789 1677 2988 1747 μυρίων
3034 1671 3286 1748 θορύϐων,
3337 1679 3426 1728 καὶ
3469 1684 3562 1728 τοῦ
3609 1687 3828 1746 καπνοῦ,

2231 1764 2322 1812 καὶ
2350 1769 2447 1824 τῆς
2475 1765 2665 1819 κνίσση
2677 1782 2717 1828 ς,
2750 1767 2840 1815 καὶ
2863 1771 2964 1814 τῶν
2994 1764 3099 1815 οἰνω
3127 1767 3218 1816 καὶ
3246 1765 3388 1816 κάτω
3419 1761 3826 1842 διατρεχόντων,

462 1851 540 1908 ab
567 1852 620 1908 is
645 1850 752 1924 qui
775 1865 1020 1906 sursum
1041 1849 1329 1906 deorsum
1355 1848 1666 1918 cursitant,
1693 1863 1764 1905 ac
1790 1848 1984 1906 ventri
2011 1848 2107 1905 vel

2231 1854 2322 1902 καὶ
2382 1851 2535 1904 οἰονεὶ
2601 1849 2938 1926 ἀπαραιτήτῳ
3013 1847 3262 1926 δεσποίνῇ
3335 1859 3528 1928 γαστρὶ
3593 1855 3829 1932 λειτουρ-

458 1946 527 1998 ut
553 1939 895 2014 imperiosae
936 1938 1200 1996 dominre
1239 1937 1608 1997 ministrant.
1648 1941 1904 1996 Prorsus
1943 1938 2126 1995 etiam

456 2029 824 2088 tributorum
853 2032 1166 2084 exactores
1207 2025 1321 2083 sibi
1351 2025 1631 2084 obnoxiis
1662 2027 1953 2100 pusillum
1985 2043 2123 2084 con-

457 2119 682 2176 cedunt
715 2116 1031 2174 libertatis.
1089 2116 1194 2172 Det
1245 2115 1628 2190 aliquantum
1678 2117 2014 2174 vacationis
2064 2121 2124 2173 et

453 2213 661 2267 venter
689 2207 802 2278 ori,
836 2207 1180 2281 paciscatur
1221 2205 1544 2262 nobiscum
1583 2206 1854 2280 quinque
1882 2205 2120 2263 dierum

447 2299 748 2366 inducias,
779 2297 886 2371 qui
915 2311 1154 2368 semper
1173 2295 1400 2369 alioqui
1419 2293 1674 2366 ﬂagitat,
1701 2311 1814 2352 nec
1839 2311 2116 2369 unquam

447 2389 692 2456 desinit,
714 2386 862 2444 dum
883 2385 1055 2460 quod
1073 2383 1308 2458 accepit
1331 2384 1533 2454 hodie,
1555 2399 1690 2442 cras
1717 2383 2111 2442 obliviscitur.

451 2482 598 2538 Cum
611 2477 788 2536 fuerit
799 2475 1092 2549 expletus,
1108 2479 1236 2532 tum
1253 2473 1328 2532 de
1350 2473 1714 2531 abstinentia
1725 2474 2114 2548 philosopha-

447 2573 574 2639 tur;
601 2566 707 2625 ubi
730 2564 1047 2634 detumuit,
1067 2563 1424 2636 dogmatum
1447 2563 1689 2620 illorum
1715 2563 2107 2622 obliviscitur.

517 2662 572 2716 8.
613 2655 914 2730 Jejunium
961 2668 1085 2711 non
1123 2653 1292 2710 novit
1329 2653 1584 2710 faenoris
1620 2663 1943 2721 naturam;
1985 2669 2109 2711 non

447 2748 568 2805 olet
603 2761 824 2802 usuras
861 2741 1196 2816 jejunantis
1235 2757 1480 2809 mensa;
1525 2758 1651 2799 non
1690 2742 1980 2816 przefocat
2017 2760 2110 2800 or-

445 2836 722 2910 phanum
735 2828 1094 2906 jejunatoris
1113 2830 1306 2888 ﬁlium
1333 2847 1413 2888 aes
1433 2830 1696 2888 alienum
1717 2849 1754 2888 ιι
1771 2837 1942 2904 patre
1969 2848 2109 2890 con-

445 2925 682 2991 ﬂatum,
739 2921 908 2997 quod
967 2921 1340 2994 serpentium
1399 2920 1518 2977 ritu
1573 2920 2104 2979 circumvolvatur.

447 3017 811 3087 Quanquam
832 3016 889 3068 et
909 3009 1058 3067 alias
1074 3009 1378 3082 jejunium
1397 3009 1639 3068 occasio
1660 3015 1748 3067 est
1765 3011 2106 3069 hilaritatis.

443 3109 595 3163 Nam
618 3100 1143 3176 quemadmodum
1171 3099 1298 3156 sitis
1325 3099 1524 3168 efﬁcit,
1552 3101 1680 3172 ut7
1701 3101 2014 3172 jucundus
2036 3101 2110 3158 sit

2230 1941 2476 2011 γούντων.
2529 1941 2741 2002 Πάντως
2786 1941 2910 1993 ποτε
2955 1945 3046 1994 καὶ
3075 1943 3124 1994 οἱ
3155 1941 3426 2015 φορολόγοι
3463 1951 3574 2008 τοῖς
3603 1947 3828 2019 ὑποχει-

2227 2035 2366 2104 ρίοις
2420 2028 2775 2105 ἐλευθεριάσαι
2839 2033 3024 2105 μικρὸν
3091 2029 3446 2106 ἐπιτρέπουσι.
3517 2039 3656 2088 Δότω
3711 2040 3830 2090 τινὰ

2228 2117 2519 2194 ἐκεχειρίαν
2547 2125 2638 2173 καὶ
2675 2121 2704 2178 ἡ
2737 2125 2946 2194 γαστὴρ
2986 2129 3058 2192 τῷ
3099 2125 3324 2194 στόματι
3353 2123 3484 2196 (37),
3520 2127 3826 2180 πεισάσθω

2225 2209 2352 2281 ημῖν
2407 2210 2757 2283 πενθημέρους
2817 2205 3070 2278 σπονδὰς,
3135 2212 3164 2268 ἠ
3234 2209 3314 2264 ἀεὶ
3377 2210 3678 2268 ἀπαιτοῦσα
3735 2221 3825 2268 καὶ

2225 2295 2473 2352 οὐδέποτε
2509 2297 2767 2370 λήγουσα,
2810 2299 2840 2357 ἡ
2881 2297 3223 2372 λαμϐάνουσα
3272 2306 3492 2376 σήμερον
3521 2307 3612 2356 καὶ
3644 2307 3822 2380 αὔριον

2223 2386 2651 2460 ἐπιλανθανομένη
2679 2428 2692 2441 .
2740 2392 2902 2440 Ὀταν
2969 2386 3289 2462 ἐμπλησθῇ,
3351 2395 3470 2464 περὶ
3520 2390 3824 2466 ἐγκρατειας

2221 2474 2509 2550 φιλοσοφεῖ·
2559 2479 2680 2531 ὅταν
2728 2473 3077 2552 διαπνευσθῇ,
3134 2478 3523 2534 ἐπιλανθάνεται
3578 2492 3678 2534 τῶν
3723 2481 3820 2538 δο-

2218 2586 2252 2638 γ
2255 2567 2452 2640 μάτων.

2289 2658 2341 2711 8.
2374 2661 2611 2714 Νηστεία
2642 2651 2849 2709 δανείου
2881 2659 3036 2729 φύσιν
3076 2656 3171 2710 ούκ
3201 2654 3363 2712 οἷδενο
3394 2657 3490 2712 οὐκ
3521 2662 3629 2722 ὄζει
3658 2667 3822 2715 τόκων

2215 2745 2452 2820 τράπεζα
2509 2753 2602 2798 τοῦ
2666 2749 3024 2808 νηστεύοντος·
3093 2749 3186 2800 οῦκ
3252 2749 3519 2821 ἄγχουσιν
3595 2749 3820 2826 ὀρφανόν

2214 2842 2502 2892 νηστευτοῦ
2545 2830 2717 2887 παῖδα
2757 2839 2904 2888 τόκοι
2959 2843 3214 2911 πατρῷοι,
3265 2839 3438 2913 ὥσπερ
3485 2843 3625 2912 ὄφεις
3669 2860 3819 2916 περι-

2214 2922 2536 2997 πλεκόμενοι.
2596 2930 2697 2977 Καὶ
2762 2923 2926 2988 άλλως
2981 2921 3040 2978 δὲ
3109 2923 3312 3001 ἀρορμὴ
3375 2927 3447 2990 εἰς
3504 2929 3820 3003 εὐφροσύνην

2215 3011 2328 3066 ἐστὶ
2380 3017 2438 3066 τὸ
2485 3016 2774 3072 νηστεύειν.
2825 3013 2912 3076 Ὠς
2958 3017 3058 3089 γὰρ
3108 3017 3138 3074 ἡ
3193 3013 3328 3087 δίψα
3377 3013 3484 3076 ἡδύ
3541 3022 3600 3070 τὸ
3663 3024 3821 3072 ποτόν

2216 3102 2524 3176 εὐτρεπίζει,
2574 3107 2664 3154 καὶ
2711 3101 2861 3176 λιμὸς
2902 3105 3235 3177 ἡγησάμενος
3273 3106 3388 3178 (38)
3426 3103 3609 3164 ἡδεῖαν
3646 3128 3820 3182 παρα-

445 3199 650 3268 potus,
681 3196 738 3249 et
766 3192 920 3248 sicut
948 3206 1086 3264 quae
1134 3189 1368 3262 praeivit
1405 3189 1619 3259 fames,
1650 3190 1862 3263 epulas
1892 3207 2107 3249 suaves

2219 3191 2462 3252 σκευάζει
2518 3194 2611 3249 την
2676 3191 2958 3266 τράπεζαν·
3019 3191 3154 3244 οὕτω
3221 3198 3309 3246 καὶ
3373 3198 3468 3253 τὴν
3526 3204 3625 3248 τῶν
3683 3196 3822 3272 βρω-

444 3282 684 3342 reddit:
733 3281 818 3340 ita
847 3295 1094 3354 quoque
1131 3295 1268 3353 quae
1299 3283 1622 3336 sumuntur
1664 3279 1868 3338 edulia
1907 3282 2112 3338 condit

441 3372 767 3446 jejunium,
791 3376 972 3444 atque
994 3369 1256 3426 edulcat.
1289 3371 1444 3426 Dum
1469 3369 1632 3426 enim
1653 3371 1923 3428 medium
1944 3388 2007 3428 se
2030 3371 2113 3428 in-

446 3462 727 3537 terponit,
751 3477 822 3519 ac
841 3459 1195 3518 deliciarum
1215 3459 1571 3517 continuum
1592 3475 1772 3516 usum
1794 3460 2112 3518 interrum-

445 3555 555 3631 pit,
586 3551 1021 3628 sumptionem,
1054 3555 1261 3625 utpote
1293 3551 1724 3623 intermissam,
1755 3551 1862 3608 tibi
1895 3553 2110 3624 jucun-

446 3645 592 3704 dam
604 3642 928 3702 exhibebit.
945 3640 1197 3698 Proinde
1215 3640 1261 3696 si
1282 3640 1368 3696 vis
1387 3640 1489 3697 tibi
1513 3657 1788 3698 mensam
1809 3657 2108 3716 apparare

447 3751 720 3802 suavem,
753 3732 1005 3791 admitte
1031 3747 1107 3788 ex
1131 3731 1366 3804 jejunio
1389 3730 1889 3788 vicissitudinem.
1911 3735 1995 3790 Tu
2013 3749 2110 3801 veg

443 3843 534 3900 ro,
557 3823 726 3899 quod
744 3821 973 3880 deliciis
994 3820 1249 3878 nimium
1269 3818 1549 3877 addictus
1571 3821 1961 3894 es,insipidas
1975 3822 2108 3880 red-

445 3915 542 3972 dis
583 3911 694 3972 tibi
743 3911 992 3969 delicias
1040 3908 1422 3982 imprudens,
1479 3925 1553 3966 ac
1605 3925 1730 3983 pra;
1774 3909 2105 3984 voluptatis

446 4019 656 4062 amore
675 4001 1051 4074 voluptatem
1079 3998 1275 4070 fugas.
1308 3997 1460 4056 Nihil
1489 3997 1652 4056 enim
1681 4003 1806 4057 tam
1831 4000 2104 4074 cupitum

445 4096 556 4166 est,
597 4090 762 4166 quod
801 4105 926 4146 non
963 4086 1191 4144 habeas
1227 4087 1288 4143 in
1340 4085 1673 4155 fastidium,
1724 4089 1772 4145 si
1809 4094 2104 4162 perpetuo

442 4181 664 4239 fruare.
705 4185 777 4237 At
799 4195 936 4254 quae
964 4192 1106 4234 raro
1135 4176 1460 4248 habentur,
1489 4175 1583 4233 his
1611 4177 1788 4236 avide
1811 4177 2093 4236 fruimur.

445 4271 542 4331 Sic
584 4275 643 4329 et
685 4269 793 4345 qui
827 4267 1100 4326 condidit
1137 4282 1250 4324 nos
1299 4269 1477 4336 Deus,
1518 4267 1782 4339 providit
1825 4273 1892 4324 ut
1935 4268 2104 4326 dona

439 4361 631 4436 ipsius
649 4359 904 4434 gratiam
928 4357 1092 4432 apud
1121 4373 1230 4413 nos
1249 4355 1563 4413 obtineant
1579 4355 1715 4430 ipsa
1735 4356 1977 4414 vivendi
1996 4373 2101 4414 va-

439 4452 646 4510 rietate
681 4467 754 4510 ac
789 4447 1216 4506 vicissitudine.
1249 4449 1340 4504 An
1377 4461 1502 4502 non
1537 4445 1708 4504 vides
1745 4445 1934 4504 solem
1964 4463 2095 4505 esse

2216 3282 2392 3354 μάτων
2458 3276 2747 3332 ἀπόλαυσιν
2810 3284 3030 3337 νηστεία
3094 3277 3387 3356 φαιδρύνει.
3464 3287 3646 3344 Μέσην
3716 3289 3816 3362 γὰρ

2217 3369 2403 3426 ἑαυτὴν
2450 3370 2784 3443 παρενθεῖσα,
2835 3374 2925 3422 καὶ
2966 3373 3025 3422 τό
3068 3374 3283 3443 συνεχὶς
3321 3379 3419 3434 τῆς
3454 3382 3652 3448 τρυφῆς
3701 3371 3820 3428 δια-

2215 3458 2449 3530 κόψασα,
2498 3461 2740 3518 ποθεινὴν
2790 3477 2875 3512 σοι
2920 3463 3014 3518 την
3061 3459 3352 3533 μετάληψιν
3392 3471 3614 3534 φανῆναι
3656 3469 3816 3523 ποιη-

2216 3569 2296 3603 σει
2342 3551 2514 3624 ὦσπερ
2570 3545 2865 3623 ἀπόδημον.
2917 3554 3096 3616 ’.(ὶστε,
3148 3548 3191 3602 εἰ
3229 3547 3406 3622 βούλει
3451 3561 3652 3624 σεαυτῷ
3699 3551 3816 3606 ἔπι-

2215 3641 2451 3712 θυμητην
2493 3641 2891 3692 κατασκευάσαι
2929 3642 3024 3696 την
3071 3639 3354 3713 τράπεζαν,
3417 3636 3566 3704 δέξαι
3621 3645 3715 3701 τὴν
3759 3638 3814 3694 ἐκ

2210 3736 2306 3789 τῆς
2369 3733 2614 3791 νηστείας
2652 3727 2768 3800 (39)
2814 3725 3124 3800 μεταϐολήν.
3171 3731 3238 3780 Σύ
3279 3724 3358 3795 δε,
3402 3729 3503 3782 ύπό
3540 3737 3635 3782 τοῦ
3679 3735 3812 3804 σφό-

2211 3813 2317 3892 δρα
2351 3826 2443 3876 τῆε
2487 3825 2685 3893 τρυφῆς
2732 3817 3096 3890 περιέχεσθαι,
3135 3815 3357 3880 λΰιηθας
3396 3827 3599 3891 σεαυτῷ
3639 3822 3810 3892 ἀμαυ-

2207 3915 2310 3981 ρῶν
2365 3911 2460 3966 τὴν
2511 3910 2730 3981 τρυφὴν,
2797 3910 2888 3958 καὶ
2943 3905 3044 3958 ὑπὸ
3101 3902 3408 3979 φιληδονίας
3455 3911 3557 3974 ,τὴν
3613 3905 3811 3969 ἡδονὴν

2208 3993 2490 4068 ἀφανίζων.
2550 3991 2718 4048 Οὐδὲν
2765 3995 2865 4069 ’γὰρ
2920 3993 3086 4058 οὕτως
3126 3993 3468 4069 ἐπιθυμητὸν,
3510 3999 3580 4060 ὡς
3626 4002 3699 4071 μὴ
3745 4007 3808 4072 τῇ

2208 4089 2457 4158 συνεχείᾳ
2500 4091 2596 4145 τῆς
2645 4081 2978 4146 ἀπολαύσεως
3035 4083 3489 4160 εὐκαταφρόνητον
3545 4088 3808 4158 γίνεσθαι.

2203 4173 2298 4226 Ὧν
2339 4170 2399 4256 δὲ
2444 4177 2639 4226 σπανία
2683 4174 2714 4231 ἡ
2760 4180 2970 4240 κτῆσις,
3016 4175 3213 4226 τούτων
3259 4171 3728 4250 περισπούδαστος
3774 4179 3806 4236 ἠ

2202 4263 2513 4326 ἀπόλαυσις.
2564 4263 2718 4316 Οὕτω
2764 4267 2854 4316 καὶ
2898 4264 2925 4315 6
2973 4267 3162 4325 κτίσας
3209 4265 3370 4336 ἡμᾶς,
3421 4261 3515 4318 διὰ
3560 4266 3673 4338 (40)
3713 4275 3811 4331 τῆς

2200 4357 2337 4408 κατά
2381 4357 2467 4408 τὸν
2519 4351 2636 4426 βίον
2685 4351 2968 4425 ἕναλλαγῆς
2995 4357 3306 4428 παραμένειν
3345 4356 3470 4427 ἡμῖν
3509 4359 3603 4415 τὴν
3641 4359 3805 4432 χάριν

2201 4453 2300 4498 τῶν
2358 4440 2648 4517 δεδομένων
2705 4439 3104 4516 ἐμηχανήσατο.
3173 4443 3298 4515 Οῦχ
3363 4441 3507 4518 δρᾷς,
3567 4446 3648 4498 ὃτι
3713 4452 3804 4500 καὶ

437 4541 727 4600 laetiorem
747 4541 1143 4615 postnoctem
1162 4537 1192 4594 ?
1221 4551 1294 4595 ac
1311 4533 1584 4608 vigiliam
1613 4551 1746 4594 esse
1770 4536 2090 4610 jucundio-

2218 4535 2346 4600 ᾖλιος
2393 4529 2732 4608 φαιδρότερος
2781 4535 2914 4606 μετὰ
2958 4532 3074 4606 (Η)
3122 4536 3216 4592 τὴν
3262 4534 3465 4600 νύκτας
3499 4531 3586 4587 καί
3640 4531 3828 4611 ξηρή-.

509 4671 560 4708 ²⁶
589 4667 776 4728 Exod.
801 4681 904 4736 xx,
937 4669 1020 4723 40.

509 4850 621 4920 (35)
651 4846 817 4920 Colb.
843 4845 1076 4919 primus
1106 4841 1276 4920 ἕλειψε
1291 4849 1412 4920 τῷν.

509 4853 597 4920 (35
651 4850 817 4906 Colb.
843 4850 1076 4919 primus
1106 4850 1273 4914 ἕλειψε
1291 4850 1412 4898 τῶν.

501 4850 621 4996 (3-ρζ
654 4919 1054 4996 Ait_Duezeu_s,
1093 4913 1280 4996 videri
1317 4917 1634 4996 Erasmum
1673 4911 1964 4996 scriptum
2001 4915 2088 4975 of.

429 4985 722 5064 fendisse,
755 4987 846 5064 δρς
885 4988 1069 5064 ἀργίαν
1220 4985 1600 5058 τραπεζοποιῷ,
1633 5001 1773 5064 cum
1792 4985 2086 5064 interpret

430 5070 593 5122 tatus
620 5063 695 5118 sit
722 5078 735 5118 :
770 5063 862 5117 Da
889 5058 1074 5117 otium
1103 5071 1446 5117 mensarum
1484 5059 1864 5127 apparatori,
1895 5058 2004 5115 sed
2033 5060 2084 5118 si

425 5137 512 5194 ita
529 5136 950 5208 interpretatus
975 5135 1062 5208 est
1093 5130 1372 5184 Erasmus
1401 5143 1522 5208 non
1552 5128 1838 5208 continuo
1866 5135 2081 5208 putan-

420 5208 546 5277 gius
583 5199 892 5277 est'ég-yiau
921 5201 1178 5277 legisse;
1219 5213 1361 5277 cum
1397 5199 1489 5277 vel
1527 5214 1602 5256 ex
1628 5199 1835 5256 lexieis
1865 5199 2078 5260 notum

426 5271 501 5336 sit
529 5293 672 5336 voce
701 5271 878 5340 ἄδεια,
911 5275 1363 5344 vocationemet
1400 5271 1586 5344 otium
1625 5285 2076 5344 nonnunquam

422 5349 749 5423 significari
780 5363 792 5402 :
823 5339 990 5423 quod
1009 5348 1067 5399 et
1089 5339 1415 5423 llesychius
1431 5340 1804 5423 jampridem
1823 5339 2074 5423 adnota-

421 5412 525 5480 vit.
552 5425 668 5478 Nec
686 5419 769 5476 ita
786 5412 978 5484 multo
999 5416 1138 5486 post
1157 5412 1322 5469 con).
1353 5412 1587 5484 primus
1611 5414 1678 5465 τὰ
1705 5412 1920 5467 ποικίλα
1947 5423 2066 5486 τῷν,

489 5495 604 5564 (37)
644 5485 1146 5564 (ζοάθξίῖοώὺθῖ.
1191 5487 1394 5559 γαστὴρ
1435 5493 1506 5555 τῷ
1547 5488 1787 5564 στόματι.
1811 5485 2068 5564 _Memi_ni

461 5555 743 5621 u‘zes'itum
783 5559 928 5616 olim
966 5573 1040 5613 ex
1075 5572 1172 5612 me
1201 5555 1374 5628 esse,
1403 5571 1540 5628 quae
1569 5555 1772 5628 essent
1807 5555 2065 5612 inducite

461 5581 743 5621 uresntum
783 5581 928 5616 Ollm
966 5581 1040 5613 ex
1075 5581 1172 5612 Luc
1201 5581 1352 5621 esse,
1403 5581 1540 5628 qua:
1569 5581 1772 5612 essent
1807 5581 2065 5612 luuucue

415 5581 532 5694 illas
551 5635 788 5692 dierum
809 5630 1097 5705 quinque,
1121 5633 1174 5684 θ’
1198 5626 1302 5700 qui
1322 5626 1543 5684 horum
1564 5625 1887 5685 verborum
1909 5631 2066 5685 esset

2193 4857 2409 4918 sensus
2434 4841 2566 4918 :kcui
2592 4836 3046 4918 interrogationi
3076 4836 3796 4918 satisfacerepromptum

2191 4914 2585 4984 fuerat.Cum
2612 4909 2774 4967 enim
2801 4909 3666 4984 nonjejunentAGrmci'neqa'e
3697 4915 3793 4971 die

2191 4983 2504 5042 Dominica
2555 4997 2756 5055 neque
2813 4980 3099 5055 sabbato,
3125 4980 3452 5055 _reliquum
3493 4980 3584 5039 est
3629 4985 3794 5055 utin

2186 5055 2460 5130 qualibet
2509 5051 3004 5130 Quadragesimm
3033 5051 3434 5130 hebdomade
3481 5052 3793 5130 supersint

2185 5121 2385 5184 s'olum
2430 5121 2701 5200 quinque
2745 5121 2895 5194 dies,
2943 5121 3168 5197 quibus
3213 5123 3514 5196 jejunium
3555 5121 3791 5186 "servari

2181 5203 2477 5256 onorteat.

2223 5216 2557 5342 ἷξὲἓῖθὲἓιι).
2589 5268 2831 5342 primus
2849 5265 2999 5340 λιμὸς
3013 5285 3244 5342 Λπβοῃγη
3253 5269 3496 5342 σάμενος.

2273 5337 2360 5412 39)
2388 5341 2482 5399 Sic
2506 5337 2978 5412 mss,_plerique.
3011 5337 3160 5412 Editi
3186 5337 3286 5412 ’τὴν
3314 5337 3409 5403 τῆς
3434 5344 3702 5404 νηστείας.

2177 5408 2364 5470 Paulo
2394 5417 2533 5483 post
2559 5408 2726 5470 Colb.
2767 5408 3001 5483 primus
3026 5408 3245 5483 mead;
3275 5429 3350 5469 τε.

2244 5427 2364 5470 tuto
2437 5427 2533 5470 os:
2559 5427 2726 5470 uom.
2767 5427 3001 5483 primus
3029 5427 3245 5472 ΑεΑηυας

2244 5486 2359 5564 (ιο)
2391 5427 2531 5564 Eeg.
2562 5484 2796 5556 primus
2824 5483 2962 5564 ὴμῇς
2993 5484 3122 5564 Θξὸς

2244 5550 2361 5682 (ἐι)
2389 5550 2658 5612 Sic'm'ss.
2685 5550 2981 5640 nonnulli.
3021 5552 3198 5610 Deest
3233 5553 3522 5614 articulus
3558 5554 3622 5612 in
3651 5556 3775 5614 vul-

2244 5657 2251 5682 ι
2281 5641 2350 5682 Is.

2172 5639 2350 5697 gaus.
