4124 6520
416 339 520 399 177

1701 346 1791 402 DE
1827 342 2099 401 JEJUNIO
2137 344 2425 402 HOMILIA
2466 347 2504 402 ῐ.

3696 346 3794 402 178

413 490 604 547 γορσις
648 466 816 530 ἡδίων
868 471 999 543 μετά
1045 473 1132 523 τόν
1185 470 1341 525 ὕπνον
1398 475 1526 536 ςκαὶ
1579 473 1727 545 ὑγεία
1782 474 2007 525 ποθεινο-

2133 485 2262 526 rem
2277 475 2418 544 post
2435 470 2760 528 somnum?
2779 473 2835 525 et
2852 469 3171 526 sanitatem
3188 483 3319 525 esse
3337 465 3795 525 desiderabilio—

413 564 541 636 τέρα
588 562 722 634 μετά
770 564 864 618 τὴν
912 566 1092 635 πεῖραν
1144 568 1244 613 τῶν
1294 560 1531 614 ἐναντίων
1575 578 1589 628 ;
1630 567 1731 615 Καὶ
1786 563 2022 634 τράπεζα

414 655 589 702 τοίνυν
647 652 972 725 χαριεστέρα
1017 652 1148 722 μετά
1209 655 1303 709 τὴν
1357 655 1623 709 νηστείαν⁶
1685 652 1876 724 ὁμοίως
1928 653 2017 723 μὲν

411 738 687 802 πλουσίοις
736 742 826 791 καὶ
873 738 1229 813 εὖτραπεζοις,
1282 741 1471 814 ὁμοίως
1503 736 1563 794 δὲ
1606 748 1715 804 τοῖς
1742 740 1904 803 λιτοῖς
1932 742 2018 792 καὶ

413 825 794 901 αὐτοσχεδίοις
813 833 907 887 τήν
939 825 1167 883 δίαιταν.

487 921 540 975 9.
582 916 849 977 Φοϐήθητε
896 920 956 971 τό
998 915 1296 991 ὑπόδειγμα
1336 927 1429 972 τοῦ
1475 919 1752 977 πλουσίου.
1801 915 2017 972 Ἐκεῖνον

410 1004 688 1082 παρέδωκε
732 1016 806 1078 τῷ
834 1006 964 1082 πυρὶ
993 1007 1023 1066 ἠ
1061 1004 1154 1060 διὰ
1186 1006 1308 1081 βίον
1347 1013 1538 1085 τρυφή.
1571 1009 1647 1062 Οὐ
1672 1008 1771 1083 γάρ
1805 1005 2017 1062 ἀδικίαν

413 1094 544 1148 ἀλλά
581 1100 641 1148 τό
685 1091 1024 1170 ἁϐροδίαιτον
1073 1095 1361 1168 ἐγκληθεὶς,
1413 1096 1819 1170 ἀπετηγανίζετο
1870 1097 1920 1149 ἐν
1951 1105 2013 1170 τῇ

411 1185 560 1258 φλογὶ
604 1193 702 1247 τῆς
753 1191 995 1258 καμίνου.
1049 1192 1160 1239 Ἵνα
1208 1191 1379 1239 τοίνυν
1430 1186 1694 1260 σϐἐσωμεν
1744 1185 1902 1240 ἐκεῖνο
1958 1190 2016 1238 τό

408 1282 538 1351 πῦρ,
570 1271 769 1338 ὕδατος
796 1280 975 1349 χρεία.
1005 1280 1105 1329 Καὶ
1127 1274 1185 1328 0'3
1215 1279 1345 1351 πρός
1374 1279 1439 1329 τά
1458 1277 1570 1349 (42)
1594 1276 1840 1350 μέλλοντα
1864 1280 2017 1349 μόνον

410 1363 667 1437 ὠφέλιμος
711 1366 739 1423 ἡ
801 1370 1035 1431 νηστεία,
1088 1363 1216 1417 ἀλλά
1262 1369 1350 1418 καὶ
1388 1366 1518 1438 αὐτῇ
1579 1374 1641 1439 τῇ
1675 1369 1832 1441 σαρκὶ
1858 1366 2016 1418 λυσι-

407 1452 703 1529 τελεστέρα.
782 1455 846 1507 Αἱ
909 1456 1009 1528 γὰρ
1077 1453 1149 1517 εἰς
1200 1456 1359 1531 ἄκρον
1417 1454 1603 1518 εὐεξίαι
1660 1456 2012 1529 ὑποστροφὰς,

407 1544 603 1615 ἔχουσι
665 1547 753 1596 καὶ
815 1548 1191 1617 μεταπτώσεις,
1263 1543 1593 1607 ὁκλαζούσης
1643 1553 1740 1607 τῆς
1791 1547 2013 1617 φύσεως,

406 1636 501 1684 καὶ
552 1631 813 1707 ἀναφέρειν
881 1636 940 1685 τό
1013 1630 1178 1708 βάρος
1227 1642 1324 1695 τῆς
1375 1633 1571 1696 εὐεξίας
1623 1630 2009 1699 ἀδυνατούσης.

402 1727 544 1797 Ὀρα
598 1727 688 1795 μη,
747 1729 835 1774 νῦν
892 1721 1004 1795 (43)
1032 1718 1300 1775 διαπτύων
1325 1726 1384 1775 τό
1415 1719 1581 1796 ὓδωρ,
1612 1721 1823 1798 ὒϐτερον
1861 1724 2012 1798 ῥανί-

408 1807 505 1872 δος
551 1810 906 1885 ἐπιθυμήσῃς,
953 1814 1023 1874 ὡς
1067 1813 1205 1864 καὶὸ
1234 1811 1499 1874 πλούσιος.
1535 1808 1725 1874 Οὐδεὶς
1768 1811 2014 1885 ἐκραιπά-

402 1899 563 1958 λησεν
584 1898 686 1953 ἀπὸ
709 1897 923 1962 ὓδατος.
949 1897 1177 1963 Οὐδενός
1196 1900 1387 1973 κεφαλὴ
1413 1897 1587 1960 ὠδυνὴ
1598 1903 1660 1960 θη
1683 1904 1808 1955 ποτε
1852 1899 2013 1955 ὒδατι

406 1987 723 2063 βαρηθεῖσα.
770 1986 969 2051 Οὐδεὶς
1015 1988 1293 2064 ἀλλοτρίων
1338 1986 1516 2043 ποδῶν
1564 1987 1752 2049 ἐδεήθη
1786 1988 2014 2067 ὑδροπο-

407 2084 505 2152 σίᾳ
547 2079 744 2140 συζῶν.
794 2075 1023 2141 Οὐδενὸς
1074 2076 1329 2137 ἐδέθησαν
1368 2076 1547 2147 πόδες,
1588 2077 1798 2142 οὐδενός
1836 2088 2013 2157 χεῖρες

404 2167 881 2242 ἀπηχρειώθησαν,
942 2165 1101 2223 ὕδατι
1143 2166 1550 2243 καταρδόμεναι.
1604 2175 1674 2224 Τό
1742 2173 1845 2244 γὰρ
1892 2191 2011 2247 περι

401 2263 500 2317 την
567 2258 724 2330 πέψιν
775 2258 1088 2332 πλημμελὲς,
1143 2258 1169 2311 ὃ
1217 2266 1327 2321 τοῖς
1395 2268 1659 2334 τρυφῶσιν
1717 2258 2010 2332 ἀναγκαίως

401 2345 695 2415 ἀκολουθεῖ,
741 2356 895 2401 τοῦτο
937 2350 1002 2401 τα
1050 2344 1259 2424 σφοδρὰ
1304 2353 1578 2422 νοσήματα
1628 2349 1738 2413 τοῖς
1770 2356 2007 2423 σώμασιν

402 2436 755 2512 ἐνεργάζεται.
805 2441 1165 2501 Νηστεύοντος
1209 2442 1391 2511 σεμνόν
1434 2458 1492 2491 το
1541 2448 1755 2513 χρῶμα,
1812 2441 1906 2492 οὐκ
1937 2441 2009 2503 εἰς

401 2524 642 2601 ἕρύθημα
696 2523 908 2590 ἀναιδὲς
946 2526 1229 2595 ἐξανθοῦνη
1281 2526 1387 2579 ἀλλ’
1447 2527 1719 2603 ὠχρότητι
1781 2534 2007 2604 σώφρονι

398 2618 806 2689 κεκοσμημένον
873 2615 1137 2689 ὀφθαλμός
1200 2616 1389 2690 πραΰς,
1449 2616 1856 2691 κατεσταλμένον
1909 2618 2008 2693 βά-

400 2700 594 2777 δισμα,
638 2709 917 2781 πρόσωπον
969 2708 1203 2773 σύννούν,
1254 2705 1528 2779 άκολάστῳ
1553 2706 1737 2778 γΰιωτι
1778 2712 1850 2781 μὴ
1883 2710 2008 2762 καθ-

398 2792 761 2869 υϐριζόμενον,
814 2800 1112 2870 συμμετρία
1157 2794 1335 2867 λόγου,
1408 2797 1704 2870 καθαρότης
1759 2794 2004 2872 καρδίας.

396 2885 681 2942 Μνήσθητι
727 2892 827 2937 τῶν
878 2883 970 2936 ἀπ’
1018 2883 1203 2945 αἰῶνος
1252 2883 1436 2957 ἁγίων,
1487 2884 1581 2937 Ὧν
1626 2885 1720 2938 οὐκ
1769 2883 1830 2945 ἧν
1862 2887 2010 2950 ἄξιος

397 2973 425 3024 ό
486 2975 705 3045 κόσμος,
768 2972 818 3025 οἳ
880 2972 1159 3049 περιῆλθον
1222 2972 1270 3025 ἓν
1339 2973 1624 3047 μηλωταῖς,
1685 2973 1734 3027 ἓν
1794 2975 2009 3048 αἰγείοις

398 3057 675 3135 δέρμασιν,
747 3064 1154 3138 ὑστερούμενοι,
1241 3061 1559 3136 θλιϐόμενοι,
1645 3068 2009 3139 κακουχούμε-

2130 574 2260 615 rem
2304 561 2609 617 contraria
2637 560 2946 633 expertis?
2967 557 3179 615 itidem
3211 562 3268 613 et
3297 573 3511 614 mensa
3548 560 3606 614 et
3660 573 3794 628 gra-

2132 650 2243 707 tior
2263 656 2402 723 post
2420 652 2746 724 jejunium,
2770 650 2957 723 idque
2986 653 3050 705 ut
3072 647 3357 704 divitibus
3378 651 3434 704 et
3469 648 3542 704 iis
3564 648 3791 722 quibus

2127 755 2343 797 mensa
2372 746 2463 798 est
2488 740 2766 814 opipara,
2792 740 2877 797 ita
2906 738 3188 797 tenuibus
3218 740 3278 794 et
3303 736 3376 794 iis
3398 737 3506 810 qui
3532 736 3791 811 parabili

2128 830 2408 904 facilique
2435 830 2599 888 victu
2625 833 2888 887 utentur.

2200 926 2253 977 9.
2293 924 2529 978 Terreat
2557 925 2611 977 te
2628 919 2832 977 divitis
2854 917 3224 991 exemplum,
3256 933 3443 990 quem
3461 917 3587 974 vita
3604 916 3667 974 in
3687 917 3789 974 de-

2125 1010 2278 1067 liciis
2307 1015 2442 1067 acta
2472 1009 2717 1067 tradidit
2745 1008 3053 1065 inccndio.
3094 1010 3223 1063 Non
3255 1008 3418 1063 enim
3448 1006 3528 1063 ob
3558 1007 3787 1064 crimen

2126 1100 2452 1171 injustitire,
2486 1099 2594 1155 sed
2614 1099 2695 1155 ob
2714 1098 2853 1155 vitte
2873 1096 3185 1154 mollitiem
3207 1096 3270 1151 in
3290 1095 3516 1151 camini
3534 1095 3787 1153 ﬂamma

2126 1189 2485 1257 torrebatur;
2509 1189 2684 1245 Proin
2710 1192 2775 1244 ut
2796 1188 2914 1243 hoe
2943 1185 3301 1242 inuendium
3334 1186 3782 1256 extinguamus,

2128 1294 2285 1351 opus
2306 1284 2395 1336 est
2425 1293 2607 1352 aqua.
2634 1280 2835 1350 Neque
2858 1291 3000 1331 vero
3026 1274 3105 1331 ad
3136 1274 3338 1330 futura
3395 1273 3593 1330 solum
3639 1273 3783 1331 utile

2127 1372 2217 1423 est
2231 1368 2552 1440 jejunium,
2569 1366 2679 1423 sed
2700 1366 2795 1423 hic
2819 1366 3001 1421 etiam
3022 1364 3135 1437 ipsi
3157 1362 3781 1420 earnieonducibilius

2127 1462 2238 1514 est.
2284 1457 2594 1531 Siquidem
2648 1454 2945 1513 habitudo
3002 1453 3274 1526 corporis
3318 1457 3582 1510 extreme
3614 1452 3782 1510 bona

2126 1547 2355 1604 sensim
2386 1546 2691 1615 alteratur,
2720 1549 3108 1616 mutaturque
3133 1559 3146 1602 :
3174 1542 3464 1599 nimirum
3504 1558 3781 1600 succum-

2123 1637 2301 1693 bente
2321 1640 2561 1705 natura,
2589 1650 2702 1692 nec
2719 1634 2956 1690 valente
2979 1632 3366 1706 corpulentite
3387 1631 3632 1705 pondus
3652 1649 3779 1689 sus-

2125 1725 2331 1782 tinere.
2355 1724 2498 1781 Vide
2517 1740 2593 1781 ne
2618 1724 2905 1797 quinune
2927 1738 3155 1796 aquam
3199 1722 3463 1794 respuis,
3485 1720 3548 1777 in
3575 1726 3778 1794 poste-

2122 1832 2255 1873 rum
2280 1830 2544 1888 quoque,
2569 1811 2848 1885 exemplo
2868 1812 3066 1868 divitis
3086 1810 3247 1867 illius
3268 1813 3339 1881 ³⁷,
3364 1810 3581 1866 stillam
3603 1826 3776 1883 aqua:

2123 1904 2552 1978 concupiscas.
2575 1906 2760 1959 Nemo
2788 1917 2895 1975 per
2918 1917 3094 1974 aqua:
3115 1904 3329 1975 potum
3353 1899 3567 1973 lapsus
3593 1904 3691 1957 est
3716 1900 3780 1958 in

2123 1995 2460 2069 crapulam,
2481 1992 2630 2050 nulli
2656 1996 2842 2065 caput
2870 2007 3145 2064 unquam
3167 1990 3360 2047 doluit
3382 2006 3548 2063 aqua
3572 2006 3779 2061 grava-

2122 2090 2274 2143 tum.
2305 2083 2517 2141 Nullus
2548 2082 2712 2153 eguit
2734 2080 2948 2138 alienis
2982 2079 3259 2154 pedibus,
3284 2079 3382 2136 cui
3403 2079 3579 2136 fuerit
3606 2078 3777 2136 fami-

2118 2174 2285 2233 liaris
2316 2188 2491 2246 aqute
2509 2175 2710 2245 potus.
2758 2170 2988 2227 Nullius
3037 2169 3224 2243 pedes
3255 2168 3571 2242 praepediti
3612 2173 3775 2238 sunt,

2118 2263 2342 2320 nullius
2370 2276 2590 2319 manus
2620 2276 2799 2316 usum
2847 2275 3027 2315 suum
3064 2258 3421 2324 amiserunt,
3455 2273 3619 2331 aqua
3644 2257 3775 2315 irri-

2119 2356 2295 2425 gataa.
2326 2355 2477 2409 Nam
2506 2348 2916 2406 concoctionis
2945 2348 3177 2415 vitium,
3204 2346 3372 2420 quod
3400 2346 3671 2405 viventes
3710 2347 3775 2404 in

2116 2440 2343 2497 deliciis
2364 2438 2709 2496 necessario
2736 2436 3079 2501 comitatur,
3111 2451 3282 2493 acres
3305 2434 3557 2493 morbos
3584 2435 3778 2506 gignit

2113 2540 2177 2598 in
2196 2528 2572 2602 corporibus.
2602 2527 2857 2598 Jejunan
2867 2525 2938 2581 tis
2961 2524 3127 2581 color
3143 2522 3503 2581 venerabilis
3520 2529 3632 2592 est,
3654 2539 3782 2581 non

2114 2616 2527 2674 inverecunda
2557 2615 2778 2672 rubore
2806 2613 3080 2686 ﬂoridus,
3106 2613 3218 2670 sed
3245 2613 3529 2670 modesto
3549 2612 3782 2686 pallore

2114 2708 2549 2766 eohonestatus
2581 2722 2595 2773 ;
2627 2704 2789 2761 oculi
2816 2702 3061 2777 placidi,
3081 2702 3357 2760 incessus
3383 2701 3782 2775 compositus,

2118 2797 2319 2854 vultus
2353 2795 2717 2866 cogitatione
2751 2793 3009 2866 deﬁxus,
3048 2809 3161 2850 nec
3204 2792 3637 2865 intemperator
3654 2791 3780 2849 risu

2115 2887 2539 2955 dedecoratus,
2562 2884 2896 2940 concinnus
2918 2898 3371 2955 sermo,purum
3393 2897 3517 2938 eor.
3542 2883 3782 2939 Revoca

2116 2978 2178 3034 in
2201 2975 2558 3033 memoriam
2584 2976 2887 3047 quotquot
2913 2971 2994 3030 ab
3018 2972 3164 3029 orbe
3182 2971 3425 3029 condito
3448 2971 3616 3027 fuere
3641 2985 3781 3027 san-

2117 3068 2209 3124 cti.
2248 3065 2472 3135 Quibus
2494 3065 2713 3134 dignus
2749 3078 2872 3119 non
2898 3068 3030 3119 erat
3070 3062 3356 3127 mundus,
3393 3061 3501 3132 qui
3525 3060 3779 3117 circum-

395 3170 497 3220 νοι,
565 3149 766 3204 ἐκείνων
833 3156 1071 3225 μίμησαι
1131 3155 1225 3211 τὴν
1297 3152 1652 3226 ἀναστροφὴν,
1697 3156 1836 3229 εἰπερ
1891 3154 2007 3208 ἐπι-

2116 3156 2286 3214 ibant
2311 3158 2374 3209 in
2392 3154 2652 3223 pellibus
2676 3153 2874 3208 ovium
2895 3155 2950 3208 et
2967 3165 3467 3221 caprarum,egen
3477 3149 3780 3219 τρεμοωεὶ

398 3239 574 3302 ζητεῖς
602 3243 770 3292 αὐτῶν
799 3245 893 3300 τὴν
918 3237 1130 3314 μερίδα.
1181 3245 1246 3295 Τί
1281 3245 1368 3294 τόν
1414 3242 1658 3317 Λάζαρον
1701 3240 2011 3298 ἑνανέπαυσε

397 3337 509 3392 τοῖς
532 3330 648 3402 (44)
679 3329 894 3393 κόλποις
920 3325 1280 3404 τοῦᾚὶϐραάμ
1313 3347 1327 3398 ;
1362 3331 1507 3403 Οὐχὶ
1553 3336 1770 3390 νηστεία
1797 3349 1811 3401 ;
1840 3333 2009 3388 Ἰωάν-

395 3439 485 3472 νου
517 3414 576 3472 δὶῖ
603 3420 629 3471 ό
662 3417 781 3492 βιός
808 3424 906 3493 μία
932 3424 1151 3477 νηστεία
1180 3417 1261 3478 ἧν·
1307 3419 1363 3481 ὃς
1409 3421 1468 3473 οὐ
1514 3420 1691 3480 κλίνην
1736 3421 1895 3495 εἶχεν,
1948 3423 2006 3476 οὐ

396 3509 680 3582 τράπεζαν,
715 3508 773 3561 οὐ
819 3517 918 3581 γῆν
968 3507 1249 3583 ἀροσίμην,
1284 3509 1379 3562 οὐκ
1424 3512 1539 3583 (45)
1577 3509 1813 3585 ἀροτῆρα
1860 3510 2001 3580 ϐοῦν,

398 3597 458 3649 οὐ
509 3604 672 3665 σῖτον,
720 3597 779 3650 οὐ
825 3601 1111 3666 σιτοποιὸν,
1163 3598 1259 3651 οὐκ
1304 3597 1427 3651 ὧλο
1473 3618 1526 3650 τι
1581 3608 1681 3652 τῶν
1730 3603 1867 3653 κατά
1916 3604 2002 3654 τόν

399 3684 538 3760 βίον.
585 3689 681 3740 Διά
725 3695 879 3741 τοῦτο
916 3687 1122 3748 Μείζων
1175 3685 1224 3739 ἐν
1276 3695 1541 3759 γεννητοῖς
1591 3698 1850 3761 γυναικῶν
1908 3693 2003 3742 οὐκ

399 3775 587 3835 ἀνέστη
645 3776 880 3831 Ἰωάννου
936 3784 1030 3830 τοῦ
1076 3784 1393 3833 Βαπτιστοῦ.
1442 3777 1644 3831 Παῦλον
1699 3782 1832 3853 μετά
1900 3789 2000 3832 τῶν

396 3865 559 3919 ἄλλων
634 3870 724 3919 καὶ
779 3868 810 3924 ἡ
860 3872 1096 3933 νηστεία,
1171 3866 1232 3925 ἣν
1297 3866 1345 3919 ἄν
1398 3874 1509 3929 τοῖς
1560 3869 1686 3942 ὑπὲρ
1742 3877 1841 3921 τῶν
1897 3869 2001 3923 θλι-

392 3954 530 4025 ψεων
554 3959 903 4028 καυχήμασιν
942 3953 1374 4028 ἀπηριθμήσατο,
1426 3956 1497 4019 εἰς
1542 3960 1629 4009 τόν
1674 3962 1849 4031 τρίτον
1906 3958 1999 4011 οὗ-

391 4047 546 4117 ρανόν
596 4042 845 4116 ἀνήγαγε.
899 4044 1183 4117 Κεφάλαιον
1232 4041 1291 4098 δε
1339 4044 1423 4098 ἐπὶ
1468 4052 1579 4109 τοῖς
1626 4046 1933 4122 εἰρημένοις,
1971 4051 1997 4102 ό

395 4135 586 4207 Κύριος
632 4135 779 4206 ἡμῶν
813 4138 999 4206 νησεία
1045 4138 1139 4192 τὴν
1189 4136 1383 4207 σάρκα,
1434 4137 1495 4194 ην
1536 4136 1663 4209 ὑπὲρ
1708 4138 1854 4210 ἡμῶν
1903 4136 1997 4190 ἀν-

390 4220 584 4288 έλαϐεν,
627 4221 932 4295 ὀχυρώσας,
973 4222 1138 4284 οὕτως
1176 4221 1223 4274 ἓν
1271 4223 1402 4297 αὐτῇ
1449 4232 1541 4277 τοῦ
1599 4221 1846 4279 διαϐόλου
1903 4230 1999 4290 τὰς

389 4310 689 4384 προσϐολὰς
750 4307 1056 4379 ὑπεδέξατο,
1120 4314 1261 4384 ἡμᾶς
1319 4331 1375 4365 τε
1420 4310 1685 4366 παιδεύων
1730 4322 1998 4380 νηστείαις

391 4398 612 4472 ἀλείφειν
659 4404 749 4453 καὶ
786 4396 1147 4474 παιδοτριϐεῖν
1186 4401 1402 4464 ἑαυτοὺς
1442 4406 1574 4476 πρός
1618 4407 1741 4466 τοὺς
1788 4403 1835 4456 ἐν
1887 4414 1997 4468 τοῖς

2119 3244 2341 3316 afﬂicti
2358 3242 2404 3278 ³⁸
2431 3259 2444 3311 ;
2476 3240 2719 3297 illorum
2745 3239 2981 3297 imitare
3005 3239 3212 3311 vitam,
3236 3239 3285 3295 si
3301 3237 3506 3309 modo,
3529 3236 3775 3294 illorum

2118 3333 2291 3407 cupis
2322 3331 2567 3405 assequi
2596 3337 2842 3388 sortem.
2891 3331 3033 3397 Quae
3071 3345 3168 3386 res
3229 3331 3450 3385 Lazaro
3504 3326 3775 3401 quietem

2117 3423 2353 3497 paravit
2382 3422 2443 3477 in
2474 3422 2610 3477 sinu
2635 3419 3030 3490 iAbrahamae
3053 3421 3100 3454 ³ο
3126 3418 3154 3474 ‘?
3186 3421 3393 3476 Nonne
3419 3417 3725 3489 jejunium
3744 3417 3773 3472 ?

2116 3516 2298 3570 Porro
2320 3510 2568 3568 Joannis
2592 3510 2737 3575 vita,
2762 3524 2954 3566 unum
2985 3513 3114 3566 erat
3139 3524 3210 3565 ac
3238 3508 3594 3565 continuum
3618 3506 3774 3578 jeju-

2111 3603 2276 3659 nium
2303 3603 2372 3659 ³⁰.
2403 3604 2535 3657 Non
2573 3598 2842 3656 habebat
2880 3599 3123 3666 lectum,
3155 3614 3281 3655 non
3312 3613 3614 3666 mensam,
3644 3612 3771 3654 non

2114 3708 2281 3760 arva,
2306 3706 2431 3747 non
2464 3694 2764 3746 aratorem
2793 3689 3034 3755 bovem,
3060 3703 3185 3745 non
3218 3688 3503 3753 triticum,
3525 3702 3649 3743 non
3675 3686 3770 3759 pi-

2112 3787 2359 3847 storem,
2386 3778 2649 3852 denique
2689 3793 2813 3834 non
2838 3777 3003 3834 aliud
3034 3777 3373 3850 quidquam
3398 3791 3608 3833 eorum
3629 3790 3768 3848 quae

2110 3870 2189 3928 ad
2206 3869 2428 3926 vietum
2450 3867 2767 3942 pertinent.
2786 3867 3049 3939 Ideoque
3070 3867 3239 3923 Inter
3253 3870 3427 3923 natos
3442 3866 3766 3922 mulierum

2108 3977 2230 4018 non
2242 3960 2509 4016 surrexit
2525 3957 3264 4027 maJorJoanneBaptista
3276 3956 3321 3991 ³¹
3332 3999 3345 4012 .
3360 3954 3610 4011 Paulum
3624 3970 3766 4012 cum

2108 4051 2245 4116 alia,
2278 4055 2404 4106 tum
2423 4048 2748 4120 jejunium,
2779 4046 2947 4119 quod
2967 4062 3150 4120 super
3181 4044 3608 4103 afﬂictionibus
3639 4044 3767 4102 suis

2108 4138 2377 4210 glorians
2420 4139 2712 4205 recenset,
2742 4135 2804 4191 in
2850 4134 3092 4190 tertium
3137 4133 3358 4190 caelum
3388 4132 3669 4190 subvexit
3691 4134 3762 4190 ".

2108 4232 2289 4285 Porro
2320 4227 2379 4298 8
2404 4225 2570 4299 quod
2596 4224 2968 4298 praecipuum
2988 4228 3079 4280 est
3106 4240 3180 4280 ex
3204 4223 3275 4280 iis
3313 4239 3449 4297 qua:
3475 4222 3762 4293 diximus,

2108 4316 2400 4373 Dominus
2429 4319 2636 4372 noster
2663 4330 2787 4371 non
2815 4314 3057 4386 priusin
3080 4329 3281 4382 carne,
3304 4329 3492 4387 quam
3518 4327 3631 4385 pro
3659 4329 3765 4370 no-

2104 4406 2197 4464 bis
2210 4422 2417 4462 assum
2428 4402 2879 4477 pserat,diaboli
2894 4401 3150 4459 insultus
3162 4403 3409 4476 excepit,
3424 4418 3611 4475 quam
3624 4417 3762 4459 eam

388 4496 704 4564 πειρασμοῖς
758 4488 980 4562 ἀγῶνας,
1014 4494 1104 4542 καὶ
1133 4497 1204 4562 τῷ
1245 4488 1506 4563 ἀντιπάλῳ
1538 4488 1573 4544 δ
1579 4494 1631 4544 ιὰ
1659 4502 1756 4554 τῆς
1798 4491 1997 4557 ἐνδείας

2116 4495 2333 4568 iejunio
2356 4492 2795 4550 communisset
2814 4493 2884 4556 ³³,
2915 4496 3043 4548 tum
3075 4507 3187 4548 nos
3214 4491 3495 4548 erudiens
3522 4496 3590 4548 ut
3624 4507 3762 4547 nos-

390 4574 497 4632 οἷον
543 4577 706 4637 λαϐὴν
745 4575 1007 4642 ἐνδιδούς.
1060 4578 1376 4654 Ἀπρόσιτος
1420 4582 1522 4653 γὰρ
1550 4578 1611 4639 ἦν
1644 4582 1784 4654 αὐτῷ
1815 4580 1910 4637 διά
1938 4589 1996 4637 τὸ

388 4666 525 4738 ὕψος
570 4676 668 4730 τῆς
717 4668 975 4735 θεότητος,
1027 4671 1070 4720 εί
1098 4672 1170 4740 μὴ
1217 4664 1312 4720 δια
1340 4677 1434 4729 τῆς
1459 4665 1657 4732 ἐνδείας
1677 4670 1840 4730 ὑπέϐη
1869 4677 2015 4747 πρὸς·

386 4759 448 4809 τό
511 4753 849 4831 ἀνθρώπινον.
903 4756 1154 4810 Ἰ-Σπανιὼν
1211 4761 1385 4830 μέντοι
1437 4757 1509 4819 εἰς
1556 4758 1824 4834 οὐρανοὺς,
1884 4782 1999 4836 τροι-

389 4841 492 4919 φῆς
542 4844 736 4917 ἣψατό,
786 4849 880 4905 τὴν
926 4848 1080 4919 φύσιν
1137 4854 1231 4899 τοῦ
1288 4853 1531 4921 σώματος
1560 4855 1652 4900 τοῦ
1681 4846 1999 4914 ἀναστάντος

461 4970 507 5005 ³⁷
569 4972 708 5026 Luc.
760 4986 884 5039 xw,
932 4973 1024 5029 24.
1097 4971 1146 5008 ⁸⁸
1210 4970 1387 5028 Hebr.
1452 4988 1534 5040 δι,
1583 4975 1673 5041 36,
1725 4978 1814 5032 37.

387 5043 438 5078 ³³
478 5041 527 5097 Il
557 5043 689 5098 Cor.
722 5058 804 5111 XI,
826 5046 894 5099 27
929 5061 944 5113 ;
976 5057 1080 5116 xu,
1107 5047 1165 5099 2.
1239 5043 1288 5077 ³⁸
1319 5044 1523 5100 Matth.
1557 5061 1632 5109 ιγ,
1663 5049 1721 5104 2.

463 5166 569 5241 (42)
602 5166 770 5224 Colb.
800 5166 1038 5241 primus
1069 5173 1159 5241 καὶ
1189 5167 1283 5221 οὐκ
1314 5169 1385 5231 εἰς
1412 5170 1497 5222 τά.

462 5238 831 5316 (43)_l_tursus
861 5239 1024 5316 Colb.
1047 5240 1294 5316 primus
1311 5247 1448 5316 Ὥρα
1475 5241 1562 5294 οὖν
1587 5246 1682 5316 μή.
1708 5245 1882 5316 Notes
1902 5260 1996 5301 ve-

388 5309 521 5386 lim,
553 5309 696 5386 olim
721 5315 786 5366 ut
808 5309 1107 5386 carnium,
1137 5311 1221 5368 ita
1239 5309 1596 5386 vini'usum'
1620 5314 1992 5386 prohibitum

386 5381 576 5462 fuisse
592 5382 652 5436 in
674 5381 1174 5462 Quadragesima,
1197 5382 1277 5439 ob
1295 5383 1480 5456 idque
1495 5384 1591 5441 hic
1610 5381 1797 5441 solius
1818 5403 1994 5460 aqum

397 5452 526 5509 ﬁeri
550 5453 942 5509 mentionem.

465 5526 572 5589 (44)
614 5526 849 5589 Legitur
883 5523 945 5580 in
974 5523 1216 5580 duobus
1245 5525 1618 5583 ~Colbertiais
1674 5526 1995 5583 ἑπανέπαυσε

394 5600 508 5655 τοῖς
532 5613 544 5647 :
578 5594 640 5649 in
663 5594 780 5650 alio
804 5610 950 5651 vero
980 5595 1189 5651 codice
1220 5595 1505 5650 ἀνέπαυσεν
1531 5597 1579 5650 ἐν
1600 5607 1736 5661 τοῖς.

468 5667 579 5744 (45)
603 5665 1399 5743 Hunclocuminterprctans
1427 5672 1733 5742 Erasmus,
1762 5671 1998 5733 addidit

1891 4978 1941 5013 '9
2000 4978 2141 5036 Luc.
2191 4992 2307 5046 xvi,
2362 4979 2453 5033 23.

2106 4588 2231 4641 met
2247 4582 2493 4654 jejuniis
2513 4581 2591 4639 ad
2609 4579 3005 4638 tentationum
3029 4581 3363 4637 certamina
3376 4595 3681 4650 ungamus
3701 4586 3761 4636 et

2107 4688 2523 4735 exerceamus.
2554 4676 2684 4728 tum
2704 4669 3050 4726 adversario
3069 4684 3178 4741 per
3202 4668 3588 4726 esuritionem
3609 4684 3759 4742 prae-

2105 4762 2261 4819 bens
2294 4759 2630 4817 accedendi
2656 4758 2832 4832 quasi
2861 4772 3097 4814 ansam.
3127 4756 3367 4831 Alioqui
3396 4761 3643 4830 propter
3670 4758 3757 4815 di-

2108 4852 2264 4908 vina:
2293 4856 2525 4908 naturas
2557 4847 2988 4905 sublimitatem
3019 4862 3143 4904 non
3198 4845 3446 4919 patebat
3473 4847 3554 4904 ad
3584 4846 3757 4906 illum

2528 4975 2579 5010 ⁸ο
2636 4972 2838 5032 Matth.
2888 4988 2973 5041 In,
3022 4975 3080 5029 4.
3164 4971 3209 5007 ³¹
3252 4970 3453 5029 Matth.
3508 4987 3592 5039 xx,
3662 4977 3722 5031 ll

2099 5174 2230 5231 haec
2254 5173 2463 5240 verba,
2494 5177 2560 5228 ut
2587 5173 2674 5229 ait
2713 5170 3007 5229 Hesiodus
3047 5185 3063 5235 ;
3094 5184 3205 5226 nec
3250 5171 3456 5226 tamen
3504 5169 3755 5228 Basilius

2102 5247 2235 5316 ejus
2267 5251 2460 5317 poetas
2487 5244 2804 5317 meminit:
2833 5242 2941 5317 sed
2980 5241 3067 5317 vir
3123 5240 3325 5317 multa;
3372 5241 3644 5317 lectionis
3700 5248 3759 5299 et

2100 5310 2552 5390 propemodum
2610 5311 3193 5390 intinitre,__indieare
3229 5310 3420 5390 voluit
3448 5312 3756 5390 Basilium,

2102 5382 2241 5444 eum
2280 5388 2500 5444 bovem
2531 5392 2832 5442 aratorem
2863 5383 3029 5456 digit,
3055 5382 3171 5438 hoc
3191 5383 3518 5456 epithetum
3541 5384 3619 5437 ab
3649 5387 3758 5439 He-

2102 5459 2275 5514 siodo
2308 5463 2649 5514 mutuatum
2693 5456 2895 5511 fuisse.
2923 5453 3145 5509 Versus
3176 5453 3438 5518 llésiodi,
3469 5457 3619 5509 teste
3647 5457 3756 5510 Dus

2101 5546 2247 5663 ριφῖ,
2279 5528 2915 5602 quadringentesimns
2946 5524 3150 5581 tertius
3180 5529 3267 5581 est
3295 5524 3356 5582 in
3389 5524 3678 5596 Operibus
3703 5530 3758 5583 et

2148 5617 2197 5663 te
2241 5618 2328 5662 us.

2148 5617 2328 5664 (eous.
