4124 6430
408 302 511 358 179

1777 295 1835 352 S.
1878 288 2129 349 BASILII
2165 292 2393 353 MAGNI

3669 304 3770 360 180

403 424 602 483 aditus
630 421 896 492 diabolo,
927 422 1048 479 nisi
1072 437 1134 479 se
1159 435 1267 495 per
1305 420 1693 479 esuritionem
1723 418 1803 475 ad
1846 417 2059 473 huma—

2190 422 2532 492 τιστούμενος.
2583 427 2650 476 Σὺ
2716 421 2777 478 δε
2841 426 3189 499 ὐπερπιαίνων
3256 429 3346 500 μὶν
3405 430 3624 482 σεαυτὸν
3681 431 3774 483 καί

402 528 546 571 nam
591 511 1062 569 imbecillitatem
1102 510 1503 567 submisisset.
1546 510 1829 564 Attamen
1866 504 2061 578 prius-

403 617 594 676 quam
642 605 1036 658 reverteretur
1081 599 1143 656 in
1191 599 1394 663 caelos,
1455 598 1662 654 cibum
1708 593 2061 669 gustavit“,

404 691 676 766 corporis
700 690 870 764 quod
895 694 1306 747 resurrexerat
1329 694 1610 746 naturam
1652 703 1724 743 ac
1751 686 2064 742 veritatem

406 782 934 855 comprobaturus.
967 783 1051 836 Tu
1097 795 1236 836 vero
1287 778 1602 835 nullumne
1648 777 1834 833 ﬁnem
1879 773 2065 830 factu-

387 888 513 931 rus
539 887 603 928 es
632 871 895 943 teipsum
927 884 1112 942 supra
1139 868 1393 925 modum
1424 866 1741 939 saginandi
1778 881 1848 922 ac
1888 877 2067 919 carne

410 960 706 1020 onerandi
734 962 762 1017 ?
789 959 1097 1016 nullamne
1125 958 1330 1015 animo
1347 974 1417 1014 ex
1438 957 1598 1014 fame
1615 961 1671 1011 et
1691 954 1889 1012 inedia
1910 956 2070 1010 exta-

410 1053 715 1118 bescente,
741 1050 1058 1107 habiturus
1089 1065 1153 1104 es
1184 1049 1477 1105 rationem
1518 1046 1872 1103 salutarium
1891 1060 1960 1099 ac
1984 1043 2068 1098 vi-

411 1130 1116 1210 viﬁcorum'dogmatum
1145 1140 1172 1194 ξ)
1201 1142 1290 1194 An
1318 1139 1587 1207 ignoras,
1622 1134 1791 1208 quod
1820 1133 2069 1206 perinde

415 1235 594 1304 atque
623 1228 841 1285 in'acie
870 1227 1011 1284 hinc
1042 1230 1222 1300 atque
1251 1226 1391 1282 hinc
1421 1225 1730 1291 instructa,
1759 1223 1863 1296 qui
1903 1220 2071 1277 alteri

414 1319 572 1395 parti
616 1319 729 1376 fert
779 1316 1114 1390 suppetias,
1163 1316 1302 1373 facit
1332 1320 1397 1372 ut
1425 1314 1613 1371 altera
1636 1313 1913 1369 vincatur
1945 1327 1958 1365 :
1991 1310 2073 1367 ita

416 1408 524 1484 qui
544 1408 709 1469 carni
740 1422 868 1463 sese
901 1404 1199 1476 adjungit,
1230 1408 1542 1477 expugnat
1564 1402 1865 1475 spiritum,
1891 1404 1949 1457 et
1967 1400 2073 1473 qui

419 1500 497 1557 ad
538 1497 814 1571 spiritum
831 1495 1062 1563 transit,
1086 1509 1330 1551 carnem
1356 1494 1418 1549 in
1439 1492 1787 1549 servitutem
1813 1490 2073 1559 redigit?

417 1590 563 1646 Haec
585 1589 741 1644 enim
770 1586 885 1642 sibi
905 1585 1156 1641 invicem
1202 1584 1608 1640 adversantur
1629 1583 1697 1639 ³⁵.
1729 1579 1981 1637 Proinde
2026 1580 2075 1635 si

394 1708 398 1713 ι
419 1678 590 1752 cupis
610 1679 876 1734 mentem
886 1674 1138 1731 reddere
1158 1672 1449 1740 validam,
1472 1672 1567 1729 fac
1593 1687 1839 1729 carnem
1858 1670 2074 1727 domes

2171 520 2516 585 κατασαρκῶν
2546 513 2639 566 οὐκ
2669 513 2818 579 ἀνίης
2847 531 2861 581 ;
2891 514 3118 574 ἐκτήκων
3142 512 3202 569 δε
3230 520 3316 570 τὸν
3362 525 3481 571 νοῦν
3525 516 3574 572 ἐν
3624 516 3774 592 ἀτρο-

2172 601 2285 670 φίᾳ,
2336 610 2436 651 τῶν
2489 602 2603 673 (46)
2662 609 2932 677 σωτηρίων
2980 610 3069 658 καὶ
3118 606 3383 667 ζωοποιοῦν
3429 603 3773 680 διδαγμάτων

2172 684 2362 742 οὐδένα
2384 688 2531 763 λόγον
2560 702 2682 766 ποιῇ
2720 710 2734 759 ;
2762 692 2830 748 ’Ἦ
2863 692 3083 766 ἀγνοεῖς,
3117 695 3216 761 ὃτι,
3259 697 3433 770 ὥσπερ
3483 695 3570 749 ἐπὶ
3610 716 3776 771 παρει-

2174 777 2366 840 τάξεως
2395 782 2424 839 ἡ
2455 790 2546 834 τοῦ
2574 782 2740 856 ἑτέρον
2792 790 3081 858 συμμαχία
3135 786 3296 843 ἧτταν
3343 792 3483 839 ποιεῖ
3525 794 3618 838 τοῦ
3667 786 3776 839 ἐτί-

2176 886 2291 940 ρου,
2337 870 2499 933 οὕτως
2547 873 2573 923 6
2610 879 2673 945 τῇ
2723 878 2881 947 σαρκὶ
2926 876 3276 948 προσθέμενος
3316 879 3375 928 τὸ
3426 883 3629 948 πνεῦμα
3655 894 3780 929 κατ-

2179 958 2506 1029 αγωνίζεται,
2569 967 2659 1015 καὶ
2725 963 2752 1014 6
2816 965 2945 1036 πρὸς
3019 966 3078 1016 τὸ
3148 971 3350 1037 πνεῦμα
3427 964 3779 1038 μεταταξάμε-

2177 1067 2261 1110 νος
2320 1049 2433 1118 (47)
2495 1048 2917 1105 καταδουλοῦται
2979 1057 3073 1112 την
3137 1055 3309 1127 σάρκα
3367 1070 3381 1121 ;
3435 1060 3614 1107 Ταῦτα
3675 1056 3777 1128 γὰρ

2180 1137 2418 1202 ἀλληλοις
2461 1138 2764 1196 ἀντίκειται.
2809 1140 2988 1209 Ὠστε,
3036 1142 3080 1195 εἰ
3124 1141 3303 1216 βούλει
3357 1142 3583 1218 ἰσχυρὸν
3631 1152 3783 1204 ποιῆ-

2183 1246 2274 1280 σαι
2315 1232 2403 1280 τὸν
2453 1237 2591 1296 νοῦν,
2648 1227 2891 1304 δάμασον
2946 1236 3042 1290 τὴν
3113 1234 3286 1307 σάρκα
3356 1228 3451 1286 διὰ
3511 1238 3778 1298 νηστείας.

2180 1323 2346 1370 Τοῦτο
2397 1321 2498 1392 γάρ
2558 1317 2698 1373 ἐστιν
2741 1322 2767 1373 ὃ
2815 1340 2974 1394 φησιν
3014 1320 3039 1373 6
3083 1320 3419 1390 Ἀπόστολος,
3470 1323 3550 1375 ὁτι
3594 1324 3716 1375 οσον
3750 1341 3780 1382 η

2184 1406 2364 1470 ἔξωθεν
2411 1410 2680 1483 ἄνθρωπος
2724 1411 2840 1482 (48)
2885 1406 3262 1485 διαφθείρεται,
3312 1420 3562 1466 τοσοῦτον
3591 1413 3617 1464 6
3661 1415 3785 1465 ῖσω-

2187 1497 2267 1550 θεν
2320 1499 2707 1552 ἀνακαινοῦται⁶
2767 1504 2857 1552 καὶ
2903 1505 2981 1553 τό·
3036 1507 3196 1553 Ὅταν
3254 1499 3473 1567 ἀσθενῶ,
3520 1492 3639 1555 ’τότε
3692 1497 3785 1554 δυ-

2182 1591 2337 1648 νατός
2411 1588 2536 1661 εἰμι.
2610 1592 2686 1640 Οὐ
2775 1595 3185 1665 καταφρονήσεις
3260 1599 3361 1643 τῶν
3448 1592 3787 1664 φθειρομένων

2189 1673 2481 1749 βρωμάτων
2514 1693 2528 1744 ;
2562 1679 2655 1730 οὐκ
2704 1677 2981 1752 ἐπιθυμίαν
3026 1677 3170 1753 λήψῃ
3217 1687 3312 1743 τῆς
3360 1678 3411 1732 ἐν
3449 1688 3511 1753 τῇ
3543 1678 3790 1753 βασιλείᾳ

415 1766 670 1841 jejunio.
700 1767 822 1821 Hoc
855 1763 1013 1820 enim
1053 1766 1144 1820 est
1184 1760 1354 1835 quod
1394 1761 1478 1818 ait
1515 1761 1859 1834 Apostolus,
1908 1758 2074 1833 quod

2190 1766 2472 1839 τραπέζης,
2526 1767 2586 1824 ἣν
2627 1770 2833 1831 πάντως
2878 1770 2910 1828 ἡ
2962 1765 3144 1824 ἐνθάδε
3194 1774 3406 1827 νηστεία
3446 1773 3788 1844 προευτρεπί-

419 1859 722 1929 quantum
752 1856 1033 1908 externus
1055 1851 1242 1909 homo
1263 1851 1688 1923 corrumpitur,
1716 1854 1952 1907 tantum
1990 1849 2079 1905 in-

420 1951 630 2003 ternus
651 1946 974 1999 renovatur
1021 1941 1088 1999 ³⁶.
1132 1944 1280 1997 ltem
1327 1939 1476 1996 illud
1517 1956 1530 1996 :
1569 1942 1716 1997 Cum
1777 1941 2075 2009 inﬁrmor,

397 2040 570 2092 tunc
615 2038 823 2104 potens
867 2046 996 2087 sum
1032 2030 1118 2086 '7.“
1152 2033 1315 2086 Itane
1366 2044 1491 2086 non
1537 2033 1889 2085 contemnas
1934 2029 2080 2085 istas

423 2140 619 2195 escas,
637 2138 775 2196 quae
796 2120 1307 2193 corrumpuntur?
1326 2119 1487 2176 itane
1502 2134 1624 2175 non
1641 2123 1693 2175 te
1710 2121 1903 2192 capiet
1921 2118 2082 2175 illius

423 2230 651 2272 mensae
681 2210 1071 2279 desiderium,
1100 2226 1238 2284 quae
1272 2213 1360 2265 est
1416 2210 1476 2266 in
1530 2224 1718 2279 regno
1766 2208 2079 2277 ‘cwlorum,

423 2319 613 2378 quam
638 2316 889 2376 prorsus
917 2300 1014 2357 hic
1039 2299 1380 2372 jejunando
1411 2298 1515 2356 tibi
1543 2298 1961 2373 preeparabis?
1991 2303 2080 2355 An

424 2397 694 2468 ignoras,
725 2392 892 2466 quod
914 2391 1317 2448 immoderata
1328 2389 1669 2463 explatione
1690 2390 1794 2446 tibi
1820 2389 1932 2462 ipsi
1953 2390 2082 2463 pin-

425 2500 605 2557 guem
618 2487 905 2541 tortorem
924 2496 1196 2538 vermem
1212 2495 1393 2552 paras
1412 2481 1440 2536 ?
1462 2480 1605 2547 Quis
1624 2480 1786 2536 enim
1806 2479 1866 2536 in
1889 2478 2085 2552 splen-

427 2574 587 2632 didis
610 2569 1265 2646 epulis,perpetuisque
1294 2568 1521 2625 deliciis
1555 2568 1860 2642 particeps
1889 2568 2083 2625 factus

426 2666 518 2721 est
552 2663 730 2720 ullius
757 2660 905 2717 doni
928 2657 1255 2732 spiritualis
1281 2659 1309 2715 ?
1330 2660 1562 2731 Moyses
1580 2661 1645 2715 ut
1663 2657 1913 2715 alteram
1933 2657 2085 2714 acci-

424 2757 595 2828 peret
620 2752 838 2822 legem,
872 2749 1061 2806 altero
1078 2748 1308 2819 jejunio
1338 2764 1493 2821 opus
1520 2747 1751 2804 habuit.
1793 2746 1915 2804 Nisi
1961 2762 2086 2804 una

428 2855 569 2900 cum
598 2839 869 2898 Ninivitis
894 2838 1277 2910 jejunassent
1300 2840 1357 2892 et
1398 2837 1530 2909 ipsa
1554 2836 1733 2893 bruta
1776 2835 2084 2899 animalia,

394 2956 397 2959 ·
428 2930 914 3004 haudquaquam
952 2926 1303 2997 eﬂ'ugissent
1323 2925 1736 2983 subversionis
1751 2926 2089 2983 commina-

430 3021 656 3078 tionem
678 3019 747 3074 ⁸⁸.
773 3019 1045 3085 Quorum
1073 3015 1377 3072 cadavera
1395 3019 1698 3088 prostrata
1730 3020 1872 3073 sunt
1900 3015 1963 3072 in
1992 3015 2092 3072 de-

2192 1874 2271 1908 σει
2299 1872 2312 1923 ;
2343 1855 2569 1927 Ἀγνοεῖς
2614 1865 2675 1930 τῇ
2726 1856 2946 1931 ἀμετρίᾳ
2987 1865 3079 1910 τοῦ
3130 1862 3288 1932 κόρου
3339 1862 3522 1930 παχὺν
3590 1866 3790 1929 σεαυτῷ

2188 1948 2276 1998 τὸν
2323 1943 2653 2018 βασανιστὴν
2702 1948 3111 2008 κατασκευάζων
3158 1948 3404 2006 σκώληκα
3432 1963 3445 2015 ;
3473 1953 3564 2011 Τίς
3610 1950 3709 2020 γὰρ
3741 1946 3789 2000 ἐν

2189 2042 2351 2107 τρογῇ
2405 2031 2621 2106 δαψιλεῖ
2664 2041 2753 2089 καὶ
2805 2044 2972 2110 τρυφῇ
3027 2033 3259 2094 διηνεκεῖ
3285 2033 3499 2100 ἐδέξατό
3533 2055 3648 2089 τινα
3677 2038 3789 2106 (49)

2190 2128 2458 2176 κοινωνίαν
2501 2130 2838 2200 χαρίσματος
2886 2133 3238 2199 πνευματικοῦ
3289 2142 3303 2193 ;
3352 2133 3606 2192 Μωῦσῆς,
3676 2121 3792 2178 δευο

2190 2218 2341 2287 τέραν
2370 2213 2642 2288 λαμϐάνων
2671 2217 2999 2288 νομοθεσίαν,
3044 2211 3288 2291 δευτέρας
3334 2219 3579 2279 νηστείας
3620 2232 3792 2289 προσ-

2193 2299 2400 2362 εδεήθη.
2451 2305 2745 2367 Νινευίταις
2790 2305 2834 2357 εἰ
2879 2308 2951 2377 μὴ
3001 2310 3093 2357 καὶ
3134 2308 3199 2357 τὰ
3238 2304 3404 2377 ἄλογα
3458 2308 3793 2363 συνενὴστευ-

2194 2413 2298 2460 σεν,
2348 2393 2443 2445 οὐκ
2480 2392 2542 2445 ἂν
2586 2389 2829 2466 διέφυγον
2872 2398 2966 2452 την
3010 2392 3223 2454 ἁπιιλὴν
3269 2402 3363 2456 τῆς
3402 2400 3787 2467 καταστροφῆς.

2190 2488 2352 2536 Τίνων
2383 2486 2531 2536 ἔπεσε
2571 2474 2637 2535 τὰ
2683 2482 2825 2535 κῶλα
2866 2481 2918 2536 ἐν
2948 2492 3009 2556 τῇ
3058 2482 3234 2558 ἐρήμῴ
3263 2499 3277 2551 ;
3307 2482 3383 2535 Οὐ
3429 2492 3530 2536 τῶν
3555 2500 3792 2557 κρεωφα-

2189 2577 2311 2645 γίαν
2354 2573 2734 2634 ἐπιζητούντων
2786 2589 2800 2640 ;
2847 2572 3080 2640 Ἐκεῖνοι,
3129 2573 3223 2635 ἕως
3275 2575 3366 2646 μὲν
3422 2580 3677 2646 ηρκοῦντο
3721 2580 3795 2643 τῷ

2193 2663 2360 2735 μάννα
2383 2666 2473 2714 καὶ
2514 2666 2589 2713 τῶ
2621 2660 2675 2713 ἐκ
2721 2669 2816 2724 τῆς
2862 2665 3055 2735 πέτρας
3102 2658 3282 2729 ὕδατι,
3335 2660 3654 2734 Αἰγυπτίους
3703 2660 3796 2713 ἐνί-

2193 2770 2316 2818 κων,
2375 2747 2469 2804 διὰ
2518 2750 2788 2813 θαλάσσης
2837 2747 3050 2804 ὥδευον·
3102 2750 3214 2802 Οὐκ
3256 2758 3319 2823 ᾖν
3377 2748 3425 2802 ἐν
3468 2757 3584 2813 ταῖς
3615 2748 3798 2822 φυλαῖς

2196 2840 2364 2893 αὐτῶν
2448 2842 2475 2893 6
2560 2838 2804 2894 ἀσθενῶν·
2834 2835 3012 2899 ἐπειδή
3034 2835 3094 2894 δι
3136 2837 3473 2913 ἐμνήσθησαν
3493 2848 3593 2891 τῶν
3640 2846 3798 2912 κρεῶν

2196 2938 2297 2982 τῶν
2344 2928 2591 2996 λεϐήτων,
2650 2934 2741 2982 καὶ
2788 2927 3124 3002 ἐστράφησαν
3175 2936 3293 2991 ταῖς
3501 2926 3802 3000 ἐπιθυμίαις

2201 3024 2272 3081 είς
2335 3022 2616 3091 Αἴγυπτον,
2676 3019 2771 3071 οῦκ
2829 3014 2967 3071 εἶδον
3023 3022 3118 3078 την
3167 3026 3269 3090 γῆν
3323 3026 3419 3081 τῆς
3476 3015 3799 3089 ἐπαγγελίας.

433 3113 591 3167 serto
612 3109 660 3144 ⁸⁹
681 3108 711 3164 ?
735 3109 945 3163 Nonne
970 3120 1205 3173 eorum,
1228 3104 1335 3177 qui
1356 3119 1531 3161 esum
1559 3104 1837 3161 carnium
1858 3104 2068 3175 ﬂagita

2204 3108 2280 3162 Οὐ
2349 3107 2477 3182 φοϐῇ
2554 3111 2614 3161 τὸ
2667 3104 2968 3180 ὑπόδειγμα
3021 3122 3035 3174 ;
3095 3107 3155 3160 οῦ
3213 3111 3454 3181 φρίσσεις
3512 3110 3609 3165 τὴν
3662 3101 3804 3164 άδη-

431 3198 701 3257 bant“?
728 3196 816 3253 llli
843 3195 1039 3252 donec
1070 3198 1242 3251 erant
1268 3192 1535 3249 contenti
1567 3208 1797 3250 manna
1831 3198 1887 3251 et
1931 3209 2096 3267 aqua

433 3287 510 3343 de
538 3291 713 3359 petra
725 3281 1694 3356 ﬂuente,superabantEgyptins,
1708 3298 1816 3354 per
1834 3298 2002 3340 mare
2014 3283 2097 3341 ia-

437 3375 678 3433 ciebant
698 3374 828 3430 iter.
844 3373 981 3430 Non
993 3376 1122 3429 erat
1143 3372 1420 3441 inﬁrmus
1435 3371 1495 3426 in
1520 3371 1795 3427 tribubus
1815 3375 2093 3430 eorum“:

400 3492 403 3496 -
434 3468 843 3540 posteaquam
869 3477 1015 3519 vero
1052 3460 1349 3518 recordati
1377 3462 1516 3516 sunt
1548 3461 1823 3518 carnium
1858 3462 2009 3519 ollas
2025 3464 2095 3533 ⁸³,

439 3559 498 3613 et
524 3553 827 3611 desiderio
853 3551 1073 3609 reversi
1104 3553 1247 3606 sunt
1274 3550 1337 3606 in
1363 3551 1717 3624 Egyptum,
1767 3567 1887 3609 non
1935 3554 2097 3611 vide-

437 3648 579 3703 runt
597 3647 820 3701 terram
848 3640 1306 3715 repromissam.
1329 3640 1457 3697 Non
1474 3641 1693 3697 metuis
1711 3644 2055 3718 exemplum
2071 3645 2099 3700 ?

436 3748 563 3793 non
617 3733 829 3791 horres
875 3730 1257 3799 edacitatem,
1299 3745 1376 3787 ne
1424 3730 1573 3788 forte
1628 3747 1667 3788 a
1711 3731 1893 3790 bonis
1957 3748 2095 3808 quas

437 3838 779 3899 speramus,
809 3825 866 3879 te
891 3820 1221 3878 excludat?
1248 3823 1330 3877 Ac
1355 3834 1432 3877 ne
1480 3820 1690 3877 Daniel
1716 3822 1965 3895 quidem
1998 3824 2099 3882 ille

438 3914 685 3987 sapiens
715 3911 976 3967 visiones
1001 3909 1276 3974 vidisset,
1320 3908 1438 3965 nisi
1463 3909 1697 3980 jejunio
1738 3910 2101 3971 reddidisset

436 4003 710 4062 animam
722 4001 781 4073 9
799 3999 1232 4073 limpidiorem.
1252 3997 1562 4070 Siquidem
1586 3998 1901 4070 pinguiore
1918 4007 2098 4074 pastu

438 4106 551 4150 ceu
614 4089 839 4148 fumosi
893 4088 1149 4162 quidam
1224 4102 1484 4160 vapores
1542 4087 1926 4160 exhalantur,
1992 4093 2099 4167 qui

436 4182 636 4239 lucem
661 4181 853 4237 sancti
876 4178 1127 4252 Spiritus
1151 4176 1212 4235 in
1234 4175 1500 4234 hominis
1527 4182 1790 4236 mentem
1807 4179 2099 4242 irradian-

509 4334 558 4370 κ
600 4334 738 4389 Luc.
764 4334 917 4401 xxiv,
948 4334 1038 4387 43.
1116 4330 1163 4366 ³³
1205 4328 1393 4387 Galat.
1434 4344 1492 4385 v.
1531 4329 1616 4385 l7.
1693 4330 1741 4367 ³⁸
1781 4334 1827 4388 ιι
1852 4335 1984 4391 Cor.
2009 4351 2082 4403 iv,

509 4449 520 4466 .
565 4409 648 4462 t7.
729 4403 776 4440 ιο
803 4404 1119 4466 Num.xiv,
1143 4405 1234 4459 37.
1314 4399 1539 4457 “Psal.
1566 4415 1674 4466 ειν,
1707 4405 1796 4461 37.
1888 4405 1936 4442 ⁴³
1975 4408 2082 4466 Exc

2194 4372 2209 4391 .
2285 4333 2403 4464 ετέι
2434 4336 2572 4392 Cor.
2600 4347 2706 4401 xu,
2742 4334 2827 4403 10,
2904 4331 2952 4367 ³⁸
2976 4331 3149 4390 Joan.
3193 4347 3278 4403 ιιι,
3312 4334 3467 4390 4-10.

2195 4422 2313 4466 xw.
2393 4446 2406 4462 .

2153 4449 2168 4465 ο
2196 4446 2313 4480 δτι,
2347 4446 2406 4464 UO

436 4421 520 4477 ιιι,
565 4409 648 4462 t7.
729 4403 776 4440 ιο
803 4399 978 4461 Num.
1001 4418 1119 4475 xiv,
1143 4405 1234 4459 37.
1314 4402 1357 4439 δι
1382 4399 1539 4457 Psal.
1566 4415 1674 4471 cxv,
1707 4405 1796 4461 37.

2205 3202 2416 3273 φαγίαν,
2493 3201 2669 3271 μήπου
2739 3215 2796 3250 σε
2868 3204 2969 3249 τῶν
3022 3194 3364 3270 ἐλπιζομένων
3421 3193 3629 3268 ἀγαθῶν
3683 3193 3806 3248 ἀπο-

2203 3289 2383 3362 κλείσῃ
2419 3305 2434 3355 ;
2469 3286 2603 3342 Ἀλλ’
2635 3283 2749 3340 οὐδ’
2790 3284 2850 3338 ἂν
2897 3287 2925 3339 ὁ
2975 3289 3132 3359 σοφὸς
3176 3285 3366 3345 Δανιὴλ
3406 3288 3501 3348 τὰς
3549 3285 3807 3347 ὀπτασίας

2206 3376 2360 3446 εἶδεν,
2427 3377 2471 3431 εἰ
2544 3381 2615 3451 μὴ
2691 3379 2908 3449 νηστείᾳ
2977 3372 3356 3450 διαυγεστέραν
3437 3374 3650 3433 ἐποίησε
3711 3379 3806 3434 τὴν

2204 3470 2410 3542 ψυχήν.
2468 3466 2554 3520 Ἐκ
2605 3467 2704 3539 γὰρ
2754 3473 2849 3527 τῆς
2876 3469 3107 3537 παχείας
3136 3473 3331 3541 τροφῆς
3359 3468 3485 3540 (51)
3525 3461 3629 3518 οἷον
3660 3464 3807 3517 αἰθα-

2203 3555 2388 3631 λώδεις
2460 3555 2835 3629 ἀναθυμιάσεις
2895 3553 3336 3628 ἆναπεμπόμεναι,
3404 3554 3612 3628 νεφέλης
3651 3550 3806 3612 δίκην

2204 3655 2424 3715 πυκνῆς,
2482 3644 2578 3708 τὰς
2624 3643 2725 3697 ἀπὸ
2774 3652 2866 3697 τοῦ
2924 3643 3076 3717 ἁγίου
3140 3646 3435 3717 Πνεύματος
3483 3642 3806 3716 ἐγγινομένας

2207 3735 2481 3810 ἐλλάμψεις
2512 3738 2595 3787 ἐπὶ
2623 3736 2710 3785 τὸν
2740 3740 2857 3787 νοῦν
2903 3729 2938 3785 δ
2944 3736 3304 3788 ιακόπτουσιν.
3332 3732 3394 3786 Εἰ
3423 3728 3483 3785 δέ
3507 3737 3598 3785 καὶ
3655 3730 3809 3804 ἀγγέ-

2205 3826 2303 3880 λων
2329 3824 2445 3878 ἐστί
2490 3842 2572 3885 τις
2618 3826 2805 3897 τροφὴ,
2855 3823 3011 3895 ἄρτος
3043 3820 3202 3889 ἐστίν,
3259 3824 3327 3885 ὥς
3358 3839 3516 3895 φησιν
3543 3823 3569 3874 6
3599 3826 3808 3895 προφη-

2206 3935 2323 3977 τηςο
2391 3912 2581 3988 Ἀρτον
2657 3909 2884 3984 ἀγγέλων
2956 3914 3137 3983 ἔφαγεν
3194 3912 3483 3985 ἄνθρωπος’
3544 3912 3604 3964 οὐ
3660 3915 3806 3985 κρέα,

2209 4000 2334 4060 οὐδέ
2362 3998 2514 4069 οἶνος,
2565 3997 2690 4054 οὐδὶ
2745 3999 2985 4072 661(52)
3014 4007 3123 4064 τοῖς
3168 3996 3375 4063 δούλοις
3437 4007 3532 4064 τῆς
3583 4005 3809 4074 γαστρός

2210 4088 2652 4149 διεσπούδασται.
2685 4094 2922 4149 Νηστεία
2950 4090 3102 4143 ὅπλον
3133 4089 3245 4143 ἐστὶ
3269 4093 3399 4165 πρὸς
3428 4094 3522 4149 την
3551 4092 3687 4143 κατὰ
3710 4098 3809 4143 τῶν

2209 4181 2471 4258 δαιμόνων
2504 4181 2775 4255 στρατιάν·
2804 4185 2968 4233 Τοῦτο
3006 4181 3108 4254 γὰρ
3150 4181 3212 4233 τὸ
3262 4182 3408 4253 γένος
3454 4179 3548 4236 οὐκ
3606 4179 3809 4257 ἐξέρχι.

3551 4332 3599 4368 ³ο
3621 4331 3801 4391 Hebr.

507 4556 635 4638 (46).
668 4556 831 4638 linus
870 4552 1056 4638 codex
1093 4550 1348 4610 Combef
1386 4549 1732 4638 ‘conjuncte
1781 4550 1828 4604 ἐν
1874 4551 2082 4638 ἀτροφίᾳ

2197 4559 2410 4638 rantur
2439 4555 2553 4638 ista
2580 4555 2657 4614 ad
2682 4555 2783 4638 illa
2803 4571 2939 4630 quae
2962 4556 3419 4638 praecesserunt,
3435 4555 3602 4638 .elprog
3632 4555 3793 4638 iam»:

433 4621 555 4696 τῶν,
584 4621 642 4684 et
665 4627 748 4684 ita
775 4626 919 4697 legit
940 4628 1227 4697 Erasmus
1257 4639 1271 4679 :
1300 4621 1408 4679 sed
1432 4621 1753 4697 virgulam,
1774 4621 1964 4697 quam
1988 4621 2092 4697 ini

431 4692 570 4757 veni
590 4700 653 4756 in
682 4692 944 4755 editione
974 4696 1157 4768 Paris.
1191 4698 1329 4768 post
1378 4709 1591 4768 vocem
1634 4692 1872 4768 ᾁτροφίᾳ,
1917 4696 2092 4754 ι-ειίη-

431 4787 614 4845 quere
634 4769 843 4845 malui.
879 4772 1030 4845 Nam
1053 4764 1211 4845 hoc_'
1224 4769 1406 4845 pacto
1452 4764 1586 4836 ejus
1632 4764 2090 4827 loci'sententia

432 4837 628 4916 aptior
651 4840 909 4916 efficitur
932 4844 991 4916 et
1013 4837 1379 4916 concinnior.

500 4917 617 4983 (47)
649 4915 815 4969 Unus
846 4915 1039 4968 codex
1084 4908 1351 4983 cumhef.
1403 4909 1842 4983 καταταξάμενος,
1900 4911 2083 4983 male.

430 4978 799 5042 de.'C01b.
857 4983 1090 5056 primus
1116 4979 1369 5056 ⁸ἀλλῂλοις
1426 4978 1760 5056 ἀντίκεινται,
1818 4980 2084 5041 Subinde

428 5059 571 5129 Reg.
597 5056 833 5129 primus
858 5051 985 5129 imo
1008 5051 1195 5129 verbo
1220 5053 1641 5129 ξσχυροποιῇσαι
1670 5055 1756 5104 τὸν
1781 5061 1918 5109 νοῦν,

496 5124 619 5199 (λϐ)
632 5128 771 5199 Reg.
802 5126 1037 5199 primus
1062 5125 1087 5175 6
1113 5124 1297 5199 ἔξωθεν
1328 5125 1356 5181 ἠ
1366 5131 1472 5195 μῶν
1499 5125 1788 5199 ἄνθρωπος.

495 5191 611 5270 (49)
634 5191 1071 5270 βοῖὶ).’Ῑ)ΐὶωι.ι8
1101 5191 1387 5258 ὑπεδέξατο
1416 5213 1550 5247 τινα.
1589 5191 1720 5250 Mox
1768 5198 1912 5268 Reg.
1962 5198 2081 5270 pri-

425 5265 564 5325 mus
594 5265 711 5327 ίδεὴ
723 5270 808 5326 θη.

497 5341 613 5409 (50)
651 5341 830 5411 Unux
855 5338 1045 5411 codex
1072 5336 1236 5395 Colb.
1255 5342 1346 5390 καὶ
1369 5334 1698 5411 ὑπίστρεψαν
1722 5345 1855 5411 ταῖς.

487 5412 609 5539 fit).
659 5410 827 5470 Colb.
864 5410 1452 5538 Erimus'n’axors'pa;
1493 5409 1706 5490 τροᾳζῆς·
1749 5409 2075 5495 aliquanto

510 5498 577 5539 ra
594 5481 757 5539 idem
788 5498 858 5539 co
907 5498 980 5537 ex
1007 5499 1300 5539 πνευματος
1328 5497 1726 5539 εκπεμπομευας
1754 5481 1856 5534 ελλ·

419 5478 577 5539 infra
590 5478 757 5539 idem
788 5478 980 5539 codex
1007 5478 1300 5554 πνεύματος
1320 5478 1726 5554 λὲκπεμιτομέυας
1754 5479 1856 5534 ἐλλ·

491 5557 604 5625 (52)
652 5557 845 5626 Monet
891 5550 1169 5626 Duczeus',
1214 5551 1334 5626 legi
1366 5552 1427 5626 in
1454 5550 1627 5626 'Qli'v.
1651 5554 1712 5626 ob
1740 5555 1912 5626 κρέας,
1947 5550 2070 5626 οὐδὲ

422 5622 573 5694 οινον,
608 5623 724 5679 οὐδ’
754 5631 872 5695 ὅσα,
904 5625 991 5682 sic
1017 5629 1100 5695 ut,
1122 5624 1319 5699 inquit
1345 5623 1437 5680 vir
1471 5622 1877 5695 doctissimus,
1924 5624 2070 5684 refe—

2197 4628 2657 4709 Becte‘quidem,
2677 4626 2996 4709 opinorke't
3034 4642 3170 4709 vere
3180 4626 3497 4709 judicavit,
3514 4643 3655 4684 cum
3671 4630 3799 4709 mg‘

2196 4701 2328 4774 nuit
2347 4697 2516 4774 illud,
2548 4700 2608 4754 οὐ
2637 4697 2812 4774 κρέας,
2840 4697 3049 4774 referri
3078 4697 3159 4755 ad
3181 4697 3243 4754 id
3271 4698 3438 4774 quod
3488 4699 3791 4774 praecedit,

2196 4773 2353 4846 ἄρτος
2400 4770 2578 4846 ἐστίν’-
2614 4766 2721 4846 sed
2767 4766 3079 4846 quomodo
3126 4784 3244 4826 vox
3271 4766 3428 4846 ὀἶνον
3477 4766 3557 4827 ad
3586 4785 3794 4827 vocem

2195 4838 2352 4923 ἄρτος
2379 4841 2582 4923 referri
2611 4838 3200 4923 itidem‘possit‘,_non
3226 4838 3404 4896 video
3440 4858 3454 4897 :
3484 4857 3624 4923 cum
3649 4856 3795 4923 _una

2191 4911 2391 4997 posita
2403 4915 2555 4997 sitoin
2571 4911 2967 4997 nominativo,
2987 4911 3245 4997 alterain
3259 4913 3627 4997 accusativo.
3649 4915 3795 4971 Puto

2190 4983 2371 5056 igitur
2401 4985 2550 5042 Oliv.
2574 4983 2847 5056 codicem
2875 4983 2994 5056 hac
3025 4988 3194 5056 parte
3226 4983 3591 5056 mendosum
3613 5000 3743 5056 esse
3776 5002 3790 5056 ;

2189 5054 2717 5130 quemadmodum
2748 5060 2804 5111 et
2834 5054 3221 5130 aliiquinque
3242 5054 3481 5130 codices
3513 5055 3793 5130 mendosi

2191 5122 2350 5193 s'unt,
2384 5127 2443 5183 in
2469 5126 2693 5199 quibus
2724 5126 2945 5199 pariter
2971 5122 3558 5199 legithrsodd‘apl'vov.
3595 5128 3791 5192 Quare

2187 5194 2504 5272 vulgatam
2518 5194 2832 5272 lectionem
2851 5194 3121 5272 οὐδεοῖνος
3139 5197 3526 5272 retinendam
3541 5199 3753 5272 censui
3772 5216 3787 5255 :

2186 5285 2260 5328 eo
2301 5268 2517 5340 inagis,
2546 5269 2713 5342 quod
2750 5269 3102 5326 auctoritate
3147 5269 3539 5342 vetustissimi
3562 5268 3790 5325 codicis

2185 5342 2350 5411 Regii
2382 5338 2532 5414 tertii
2550 5338 2974 5414 conﬁrmetur.
2999 5339 3209 5414 iamsi
3239 5338 3343 5413 qui
3373 5340 3645 5414 requirat
3682 5356 3787 5397 cur

2182 5410 2305 5486 non
2335 5412 2703 5486 ediderimus
2733 5416 2906 5486 κρέας,
2932 5416 2996 5467 ut
3016 5412 3096 5486 in.
3122 5410 3278 5486 _Oli_vI
3299 5410 3591 5485 scriptum
3615 5411 3784 5486 inve-

2178 5484 2269 5540 nit
2289 5487 2560 5556 Ducteus,
2587 5482 2793 5556 dicam
2810 5482 2869 5539 id
2890 5498 3013 5556 non
3035 5483 3174 5540 inde
3195 5482 3445 5556 factum,
3459 5482 3634 5556 quod
3652 5482 3785 5556 haec

2176 5570 2299 5639 vox
2326 5555 2661 5639 displiceat;
2692 5555 2992 5639 sedquod
3016 5559 3073 5612 et
3100 5556 3163 5612 in
3192 5553 3507 5628 impressis
3527 5553 3698 5611 libris
3724 5559 3784 5613 et

2174 5625 2238 5684 in
2262 5625 2483 5685 nostris
2508 5643 2656 5685 mss.
2684 5629 2811 5701 κρέα
2838 5625 3095 5699 legatur.
