4124 6438
345 307 439 361 181

1624 304 1715 359 DE
1752 304 2027 362 JEJUNIO
2069 306 2361 363 HOMILIA
2400 310 2440 363 Ι.

3609 310 3713 367 182

340 448 428 481 ται
458 427 502 480 εἰ
527 430 599 500 μὴ
634 424 682 478 ἐν
708 431 985 498 προσευχῇ
1019 426 1107 476 καὶ
1148 429 1381 498 νηστείᾳ.
1418 429 1516 480 Καὶ
1556 428 1621 479 τὰ
1650 429 1739 500 μεν
1769 425 1824 479 ἐκ
1849 435 1944 489 τῆς

2057 430 2196 495 tem,
2220 430 2397 502 quasi
2419 430 2611 489 densa
2635 431 2830 489 nubes
2862 431 3286 503 interveniens,
3308 432 3711 508 intercipiunt.

338 521 586 578 νηστείας
607 514 781 588 ἀγαθά
801 521 1036 566 τοσαῦτα
1058 535 1071 547 '
1101 515 1126 565 ὁ
1154 510 1211 567 δὲ
1232 518 1386 588 κόρος
1410 515 1601 590 ὕϐρεων
1628 514 1770 590 ἀρχή
1805 518 1941 587 (53).

338 605 510 669 Εὐθὺς
554 608 656 679 γὰρ
704 608 1067 659 συνεισπίπτει
1113 611 1174 677 τῇ
1226 612 1393 678 τρυφῇ
1444 609 1534 657 καὶ
1580 613 1642 678 τῇ
1692 607 1821 678 μέθη
1855 611 1945 659 καὶ

339 702 455 759 ταῖς
510 690 877 755 παντοδαπαῖς
942 697 1244 766 καρυκείαις
1298 699 1400 747 πᾶν
1464 690 1604 755 εἶδος
1660 692 1945 757 ἀκολασίας

343 780 824 860 βοσκηματώδους.
856 780 1033 837 Ἔνθεν
1083 784 1233 836 ίπποι
1274 783 1583 857 θηλυμανεῖς
1607 786 1656 837 οἱ
1681 786 1945 860 ἄνθρωποι

342 871 436 929 διὰ
464 878 551 928 τὸν
582 872 639 927 ἔκ
667 881 763 935 τῆς
790 880 993 946 τρυφῆς
1040 868 1248 949 οἶστρον
1296 871 1619 947 ἐγγινόμενον
1666 882 1729 948 τῇ
1761 873 1940 948 ψυχῇ,

342 966 494 1038 Παρὰ
547 972 647 1017 τῶν
692 963 985 1037 μεθυόντων
1035 963 1089 1016 αἱ
1144 971 1240 1025 τῆς
1297 966 1498 1036 φύσεως
1552 962 1844 1036 ἐναλλαγαὶ,
1895 963 1943 1017 ἓν

341 1053 517 1131 ἄρρενι
545 1055 634 1126 μεν
665 1054 723 1105 τὸ
756 1051 907 1119 θῆλυ,
935 1049 983 1105 ἐν
1016 1048 1074 1106 δε
1099 1059 1172 1124 τῷ
1199 1051 1341 1114 θήλει
1360 1055 1419 1106 τὸ
1450 1052 1600 1129 ἄρρεν
1631 1052 1943 1116 ἐπιζητούν-

339 1162 459 1199 των.
502 1146 740 1201 Νηστεία
782 1137 841 1197 δὲ
883 1146 972 1194 καὶ
1000 1149 1238 1215 γαμικῶν
1269 1144 1428 1217 ἔργων
1468 1147 1632 1217 μτρα
1676 1143 1940 1216 γνωρίζει,

338 1236 428 1285 καὶ
473 1239 573 1285 τῶν
617 1229 673 1284 ἐκ
709 1235 868 1304 νόμον
920 1234 1400 1305 στγκεχωρημένων
1430 1232 1545 1303 (54)
1575 1236 1669 1291 τὴν
1695 1230 1942 1306 ἀμετρίαν

337 1320 675 1388 κολάζουσα,
730 1322 1000 1395 σύμφωνον
1053 1319 1254 1395 σχολὴν
1304 1319 1523 1395 ἕμποιεί,
1577 1322 1660 1375 ἵνα
1714 1326 1943 1397 παραμεί

334 1431 467 1465 νωσι
495 1419 557 1487 τῇ
585 1417 887 1484 προσευχῇ.

2057 517 2286 584 Quodsi
2331 520 2688 590 angelorum
2719 537 2964 594 quoque
2992 520 3165 576 cibus
3204 525 3297 577 est
3325 522 3503 590 ullus,
3531 522 3714 596 panis

2054 609 2162 676 est,
2194 609 2720 680 quemadmodum
2747 609 2828 667 ait
2853 609 3185 682 propheta:
3208 610 3438 667 Panem
3469 613 3715 684 angelo-

2051 711 2182 751 rum
2206 697 2601 756 manducavit
2624 699 2798 756 homo
2822 698 2898 753 ‘3:
2924 713 3048 754 non
3067 712 3303 764 carnes,
3332 714 3459 756 non
3483 700 3711 773 vinum,

2052 799 2177 841 non
2220 784 2483 860 denique
2530 802 2915 861 quaecunque
2957 784 3099 857 alia,
3128 802 3267 859 quae
3294 787 3403 861 qui
3446 790 3714 848 serviunt

2051 874 2263 941 ventri,
2305 875 2535 947 ingenti
2580 876 2782 933 studio
2812 876 3153 950 exquirunt.
3182 876 3490 948 Jejunium
3517 893 3714 935 arma-

2052 966 2187 1020 tura
2215 966 2303 1020 est
2333 964 2413 1021 ad
2451 964 2907 1035 conﬂigendum
2945 980 3087 1020 cum
3123 964 3530 1022 daemonibus.
3560 969 3712 1024 Nam

2051 1055 2184 1110 Hoc
2224 1070 2413 1125 genus
2439 1071 2561 1112 non
2591 1057 2715 1113 exit
2744 1055 2866 1112 nisi
2893 1055 2958 1110 in
2988 1055 3257 1111 oratione
3284 1059 3341 1111 et
3376 1055 3617 1126 jejunio
3640 1055 3711 1110 “.

2051 1144 2197 1199 Tam
2251 1143 2442 1200 multa
2487 1143 2654 1201 bona
2703 1143 3071 1218 proveniunt
3107 1159 3138 1199 e
3174 1142 3446 1215 jejunio:
3478 1148 3710 1208 contra,

2052 1232 2296 1289 satietas
2315 1234 2577 1291 lasciviae
2599 1233 2833 1291 initium
2859 1238 2969 1290 est.
2999 1232 3211 1290 Statim
3230 1233 3395 1289 enim
3419 1249 3545 1290 una
3569 1249 3713 1291 cum

2051 1321 2280 1379 deliciis
2303 1322 2612 1389 ebrietate,
2635 1331 2693 1380 et
2712 1323 2880 1380 omni
2900 1338 3118 1393 genere
3140 1321 3400 1380 conditis
3423 1321 3710 1395 bellariis,

2052 1411 2255 1483 prodit
2302 1412 2568 1470 libidinis
2606 1412 2877 1487 pecuniae
2925 1427 3118 1483 genus
3163 1427 3368 1469 omne.
3399 1411 3546 1468 Hinc
3574 1411 3715 1485 equi

333 1499 705 1557 insanientes
744 1498 809 1557 in
855 1498 1115 1558 feminas
1144 1499 1299 1557 ﬁunt
1341 1500 1623 1557 homines
1645 1502 1714 1571 κο,
1747 1499 1828 1556 ob
1858 1502 2111 1557 metrum
2155 1517 2228 1558 ac
2257 1501 2526 1560 furorem
2563 1519 2750 1576 quem
2774 1503 2838 1559 in
2863 1503 3068 1560 animo
3098 1501 3357 1573 gignunt
3391 1499 3637 1559 deliciae.
3670 1507 3716 1559 Α

336 1588 682 1647 temulentis
727 1591 860 1647 orta
888 1593 979 1646 est
1007 1593 1241 1647 naturae
1283 1589 1568 1660 inversio,
1599 1590 1748 1647 dum
1780 1590 1843 1646 in
1874 1589 2215 1649 masculino
2264 1608 2424 1650 sexu.
2456 1592 2835 1662 femininum,
2863 1592 2928 1649 in
2970 1591 3266 1649 feminino
3306 1591 3717 1650 masculinum

335 1682 641 1753 quierunt.
669 1678 973 1751 Jejunium
1005 1695 1149 1736 vero
1176 1680 1358 1736 etiam
1387 1679 1450 1737 in
1478 1695 1599 1736 usu
1627 1679 1894 1752 conjugii
1936 1678 2190 1737 modum
2231 1683 2819 1756 temperantiamque
2846 1682 3044 1748 docet,
3070 1698 3143 1740 ac
3169 1682 3556 1755 voluptatum
3582 1680 3714 1755 lege

338 1780 768 1826 iioncessarum
793 1766 1194 1825 immodicum
1215 1784 1399 1825 usum
1429 1769 1759 1840 castigans,
1786 1769 1946 1843 parit
1970 1783 2224 1827 concors
2252 1772 2465 1840 otium,
2499 1776 2564 1830 ut
2588 1775 2972 1846 perseverent
3001 1771 3064 1829 in
3093 1770 3441 1845 precatione
3463 1773 3534 1828 ‘6.

417 1862 505 1917 l0.
545 1862 630 1917 Μὴ
664 1861 839 1931 μέντοι
869 1856 917 1910 ἐν
946 1866 1008 1931 τῇ
1058 1856 1237 1932 ἀποχῇ
1270 1861 1398 1931 μόνῃ
1430 1867 1530 1911 τῶν
1563 1857 1854 1934 βρωμάτων
1885 1862 1942 1912 τό
1982 1857 2027 1913 Β

339 1946 396 2002 iit
425 1956 523 2010 τῆς
565 1952 812 2009 νηστείας
855 1945 1049 2019 ἀγαθόν
1079 1946 1281 2022 όρίζου.
1314 1952 1551 2007 Νηστεία
1596 1952 1697 2023 γὰρ
1745 1948 1945 2010 ἀληθὴς

340 2039 370 2100 ἡ
430 2045 532 2089 τῶν
587 2044 761 2090 κακῶν
814 2034 1155 2110 ἀλλοτρίωσις
1179 2078 1193 2105 ,
1255 2039 1360 2090 Λύε
1424 2041 1596 2091 πάντα
1652 2034 1944 2112 σύνδεσμον

340 2123 557 2190 ἀδικίας
578 2147 593 2161 ο
626 2127 751 2199 οἶφες
791 2134 865 2198 τῷ
910 2126 1131 2186 πλησίον
1178 2130 1272 2186 τὴν
1301 2125 1467 2185 λύπην
1491 2148 1503 2162 ·
1537 2127 1840 2201 ἄφεςξαύτῷ
1881 2129 1948 2182 τὰ

339 2214 635 2290 ὀφλήματα.
696 2220 781 2275 Μὴ
850 2215 922 2278 εἰς
985 2221 1188 2290 κρίσεις
1243 2221 1334 2270 καὶ
1397 2218 1582 2289 μάχας
1653 2219 1942 2277 νηστεύετε.

343 2310 513 2380 Κρεῶν
561 2296 657 2359 οὐκ
704 2302 915 2373 ἐσθίεις,
965 2303 1072 2357 ἀλλ’
1119 2305 1312 2369 ἔσθίεις
1362 2308 1449 2358 τὸν
1498 2303 1737 2380 ἀδελφόν.
1791 2310 1946 2359 Οἶνον

343 2394 542 2469 ἀπέχῃ,
600 2392 707 2447 ἀλλ’
763 2393 956 2468 ὕϐρεων
1173 2395 1232 2447 ού
1289 2402 1514 2470 κρατεῖς.
1571 2401 1674 2455 Τὴν
1728 2395 1947 2471 ἑσπέραν

340 2482 607 2557 ἀναμένεις
662 2483 736 2547 εἰς
791 2483 1104 2557 μετάληψιν,
1160 2483 1287 2538 ἀλλά
1339 2481 1576 2557 δαπανᾷς
1605 2490 1698 2545 τήν
1751 2488 1948 2561 ἡμέραν

344 2572 417 2637 εἰς
465 2569 812 2649 δικαστήρια.
865 2574 1000 2627 Ούαὶ
1053 2574 1102 2627 οἰ
1148 2575 1437 2647 μεθύοντες,
1489 2574 1584 2627 ούκ
1630 2574 1732 2629 ἀπὸ
1785 2576 1945 2653 οἶνον.

347 2665 528 2736 Θυμὸς
586 2664 717 2736 μέθη
764 2661 878 2715 ἐστὶ
918 2670 1015 2723 τῆς
1060 2660 1268 2735 ψυχῆς,
1300 2665 1523 2737 ἔκφρονα
1573 2664 1737 2723 αὐτὴν
1789 2672 1948 2718 ποιῶν

345 2754 416 2814 ὡς
461 2752 488 2805 ό
537 2748 690 2812 οἶνος.
738 2754 893 2810 Λύπη
938 2753 1068 2826 μέθη
1120 2750 1233 2806 ἐστὶ
1279 2757 1370 2806 καὶ
1413 2753 1568 2821 αὕτη,
1619 2752 1949 2807 καταϐαπτί-

347 2841 512 2902 ζοντα
561 2845 656 2900 την
711 2837 968 2896 διάνοιαν.
1021 2840 1183 2902 Φόϐος
1234 2841 1382 2917 ἑτέρα
1427 2844 1581 2916 μέθη,
1632 2844 1753 2895 ὅταν
1802 2841 1873 2916 ἐφ’
1916 2842 1952 2896 ἃ

345 2934 418 3004 μὴ
470 2926 555 2984 δεῖ
596 2935 811 3002 γένηται
836 2931 947 3002 (56)
974 2951 986 2964 ·
1014 2928 1140 2984 Ἀπὸ
1190 2929 1348 3004 φόϐου
1386 2935 1509 3006 γὰρ,
1545 2936 1722 3005 φησὶν,
1752 2930 1949 3006 ἔχθροῡ

347 3017 515 3082 ἐξελοῦ
580 3023 675 3079 την
739 3019 926 3092 ψυχήν
1003 3039 1124 3093 μου.
1197 3025 1299 3074 Καὶ
1366 3019 1494 3084 ὅλως
1558 3022 1775 3075 ἕκαστον
1850 3030 1950 3074 τῶν

345 3109 669 3182 παθημάτων
724 3107 1028 3162 ἐκστατικὸν
1083 3105 1321 3172 διανοίας
1373 3111 1636 3185 ὑπάρχον,
1698 3112 1828 3184 μέθη
1890 3110 1950 3164 ἂν

2133 1864 2219 1917 lo.
2261 1861 2420 1919 Cave
2456 1866 2665 1920 tamen
2689 1878 2767 1920 ne
2803 1861 3022 1934 jejunii
3051 1861 3366 1919 utilitatem
3397 1861 3528 1919 sola
3551 1877 3716 1921 esca-

2055 1960 2193 2002 rum
2236 1945 2600 2007 abstinentia
2643 1946 2932 2005 metiaris.
2968 1949 3186 2004 Verum
3227 1946 3390 2003 enim
3413 1946 3717 2019 jejunium

2056 2038 2148 2091 est
2167 2051 2203 2093 a
2223 2036 2378 2093 vitiis
2399 2052 2530 2094 esse
2551 2037 2841 2094 alienum.
2865 2036 3039 2095 Solve
3057 2051 3229 2095 omne
3254 2037 3567 2095 vinculum
3603 2036 3720 2094 ini-

2055 2127 2306 2199 quitatis
2328 2129 2370 2164 ιτ
2408 2145 2423 2184 :
2457 2127 2742 2185 condona
2787 2126 3070 2201 proximo
3114 2125 3458 2184 molestiam
3485 2125 3718 2186 illatam

2056 2215 2196 2273 tibi:
2219 2216 2455 2274 remitte
2474 2215 2560 2274 illi
2579 2216 2804 2274 debita.
2825 2217 3030 2274 Nolite
3049 2215 3124 2274 ad
3146 2217 3278 2274 lites
3297 2218 3724 2275 aceantentio-

2057 2322 2161 2364 nes
2177 2308 2472 2377 jejunare
2491 2308 2561 2365 ‘3.
2591 2307 2818 2365 Carnes
2846 2322 2974 2364 non
2999 2305 3148 2375 edis,
3177 2306 3285 2364 sed
3305 2305 3576 2364 comedis
3601 2306 3723 2364 fra-

2057 2395 2235 2450 trem.
2263 2397 2310 2449 A
2330 2392 2472 2450 vino
2493 2392 2784 2462 abstines,
2809 2392 2915 2449 sed
2937 2392 3018 2449 ab
3038 2391 3275 2465 injuriis
3296 2391 3404 2449 tibi
3431 2406 3556 2448 non
3575 2394 3722 2449 tem-

2059 2497 2257 2555 pera.
2287 2485 2612 2556 Exspectas
2639 2497 2985 2556 vesperam,
3008 2486 3076 2538 ut
3116 2481 3322 2539 cibum
3353 2481 3585 2554 capias,
3613 2481 3723 2540 sed

2058 2571 2223 2628 diem
2251 2576 2448 2630 totum
2495 2572 2772 2630 absumis
2801 2572 2970 2647 apud
3001 2570 3350 2630 tribunalia.
3374 2574 3473 2628 Vae
3501 2572 3576 2629 iis
3614 2574 3724 2646 qui

2060 2660 2212 2717 ebrii
2233 2666 2390 2735 sunt,
2414 2676 2541 2719 non
2563 2678 2600 2718 a
2618 2661 2844 2718 vino“.
2870 2666 2983 2731 ira,
3006 2661 3223 2719 mentis
3242 2666 3334 2718 est
3352 2660 3720 2731 temulentia,

2058 2765 2323 2824 eamque
2353 2750 2751 2824 desipientem
2780 2751 2998 2816 reddit,
3028 2750 3198 2808 haud
3223 2750 3394 2808 aliter
3430 2765 3620 2824 quam
3642 2750 3724 2807 vi-

2063 2858 2235 2900 num.
2256 2841 2512 2899 Tristitia
2541 2845 2634 2899 est
2661 2857 2907 2915 quoque
2940 2840 3289 2898 temulentia
3316 2844 3588 2898 mentem
3617 2840 3724 2898 ob-

2059 2949 2271 3005 ruens,
2301 2949 2374 2990 ac
2417 2933 2800 3004 demergens.
2831 2932 2961 2989 Alia
2989 2931 3340 2989 temulentia
3385 2935 3583 2990 metus
3612 2934 3723 3002 est,

2061 3039 2204 3079 cum
2228 3022 2488 3081 habetur
2516 3023 2621 3080 ubi
2651 3038 2775 3079 non
2805 3026 3062 3094 oportet.
3095 3023 3146 3080 A
3183 3023 3398 3079 timore
3422 3023 3608 3088 enim,
3636 3022 3726 3079 in-

2060 3108 2211 3181 quit,
2265 3108 2497 3165 inimi'ci
2531 3108 2694 3178 eripe
2741 3108 3008 3164 animam
3040 3122 3231 3165 meam
3254 3107 3302 3142 ⁵ο
3346 3110 3411 3162 In
3453 3122 3721 3180 summa,

346 3194 572 3260 δικαίως
596 3201 1062 3275 προσαγορεύοιτο.
1094 3198 1363 3257 Ἐννόησον
1408 3219 1499 3273 μοι
1531 3203 1619 3253 τὸν
1668 3199 1946 3275 ὀργιζόμε-

2062 3193 2261 3267 quivis
2295 3193 2547 3249 affectus
2575 3192 2893 3249 dimovens
2922 3191 3194 3248 animam
3214 3207 3249 3248 a
3276 3195 3438 3249 statu
3461 3207 3573 3248 suo
3602 3191 3726 3249 dici

343 3305 428 3341 νον
476 3289 616 3349 ὅπως
658 3289 836 3361 μεθύει
886 3296 959 3359 τῷ
999 3289 1175 3344 πάθει.
1219 3288 1331 3341 Ούκ
1375 3292 1515 3342 ἔστιν
1564 3289 1721 3350 αὐτὸς
1764 3290 1949 3345 ἑαυτοῦ

330 3380 544 3452 κύριος,
592 3375 766 3449 ἀγνοεῖ
807 3377 1007 3446 ἑαυτὸν,
1043 3376 1218 3452 ἀγνοεῖ
1259 3380 1383 3442 τοὺς
1426 3383 1722 3453 παρόντας·
1776 3381 1949 3455 ὥσπερ

342 3464 392 3519 ἓν
447 3470 786 3541 νυκτομαχίᾳ
840 3468 1043 3520 πάντων
1099 3468 1339 3535 άπτεται,
1389 3475 1525 3521 πᾶσι
1585 3474 1901 3544 προσπταίει
1934 3490 1947 3504 ο

334 3554 637 3629 ἀταμίευτα
683 3557 979 3629 φθέγγεται,
1033 3552 1392 3619 δυσκάθεκτός
1435 3556 1568 3626 ἐστι,
1611 3555 1945 3632 λοιδορεῖται,

338 3649 560 3713 τύπτει,
625 3644 856 3713 ἀπειλεῖ,
924 3642 1242 3718 διόμνυται,
1319 3645 1460 3720 βοᾷ,
1533 3643 1568 3700 δ
1574 3646 1944 3723 ιαῤῥήγνυται.

341 3737 477 3807 Φύγε
529 3737 725 3793 ταύτην
782 3739 880 3794 τήν
932 3737 1114 3809 μέθην,
1166 3731 1306 3810 μηδὲ
1363 3740 1458 3795 την
1519 3732 1614 3789 διὰ
1663 3744 1754 3789 τοῦ
1808 3740 1946 3791 οἴνου

338 3820 648 3899 προσδέξη.
676 3829 763 3883 Μὴ
810 3823 1079 3900 προλάϐῃς
1123 3824 1423 3898 πολυποσίᾳ
1451 3825 1559 3898 (57)
1604 3830 1696 3885 τὴν
1723 3822 1947 3901 ὑδροπο-

342 3918 481 3968 σίαν.
533 3918 617 3972 Μὴ
669 3918 1083 3987 μυσταγωγείτω
1133 3934 1190 3967 σε
1246 3913 1331 3974 ἐπὶ
1373 3919 1653 3990 νηστείαν
1699 3918 1729 3974 ἠ
1790 3918 1943 3989 μέθη.

340 4006 452 4054 Οὐκ
501 4004 614 4056 ἔστι
663 3999 757 4055 διὰ
798 4005 962 4076 μέθης
1005 3999 1212 4066 εἴσοδος
1261 4004 1333 4066 εἰς
1368 4008 1649 4063 νηστείαν·
1692 4002 1945 4081 οὐδὲγὰρ

339 4087 435 4144 διὰ
481 4090 772 4155 πλεονεξίας
819 4092 890 4154 εἰς
941 4089 1304 4161 δικαιοσύνην,
1342 4090 1490 4149 σύδὲ.
1543 4090 1614 4147 δι’
1662 4092 1947 4158 ἀκολασίας

339 4179 411 4244 εἰς
470 4182 844 4256 σωφροσύνην,
896 4176 1039 4250 ούδὶ,
1095 4178 1414 4242 συλλήϐδην
1459 4181 1651 4252 εἰπεῖν,
1712 4179 1807 4237 διὰ
1850 4193 1945 4246 τῆς

335 4274 525 4332 κακίας
571 4271 643 4333 εἰς
686 4268 891 4345 ἀρετήν.
943 4269 1104 4329 ’Ἄλλη
1157 4273 1290 4347 θύρα
1338 4270 1421 4324 ἐπὶ
1475 4277 1738 4331 νηστείαν.
1795 4275 1938 4333 Μέθη

336 4359 409 4422 εἰς
452 4357 736 4412 ἀκολασίαν
795 4359 1029 4432 εἰσάγει,
1087 4358 1171 4413 ἐπὶ
1218 4365 1462 4418 νηστείαν
1515 4360 1828 4438 αὐτάρκεια.
1882 4362 1941 4416 ⁸0

336 4446 501 4501 ἀθλῶν
568 4449 994 4525 προγυμνάζεται
1026 4466 1039 4483 ο
1110 4450 1136 4502 ὁ
1202 4450 1463 4507 νηστεύων
1529 4454 1939 4527 προεγκρατεύε-

2062 3283 2275 3341 merito
2301 3286 2499 3356 potest
2540 3282 2824 3341 ebrietas.
2857 3282 3069 3355 Cogita
3115 3280 3264 3338 mihi
3288 3280 3603 3338 hominem
3629 3281 3724 3339 ira

2062 3374 2380 3448 percitum,
2412 3389 2603 3448 quam
2646 3372 3012 3430 temulentus
3043 3371 3119 3428 sit
3159 3388 3231 3428 eo
3262 3371 3422 3429 vitio.
3455 3375 3585 3430 Non
3631 3376 3724 3430 est

2061 3462 2156 3519 sui
2179 3478 2453 3535 compos,
2482 3477 2605 3519 non
2635 3460 2802 3518 novit
2831 3461 3249 3534 semetipsum,
3271 3476 3396 3517 non
3421 3460 3589 3518 novit
3612 3460 3723 3534 qui

2060 3551 2319 3622 adsunt;
2356 3552 2465 3608 sed
2507 3550 2673 3608 velut
2712 3550 2775 3607 in
2802 3566 3011 3624 pugna
3040 3555 3361 3621 nocturna,
3392 3565 3607 3608 omnes
3635 3554 3720 3609 at-

2059 3642 2253 3713 tingit,
2296 3641 2361 3698 in
2406 3640 2714 3714 quoslibet
2754 3638 2967 3696 obvios
3008 3639 3240 3710 incidit,
3270 3636 3720 3697 inconsiderata

2056 3732 2341 3805 loquitur,
2373 3746 2500 3787 non
2527 3734 2724 3803 potest
2752 3728 3040 3797 cohiberi,
3074 3727 3473 3793 conviciatur,
3501 3744 3715 3802 percu-

2056 3821 2143 3890 tit,
2197 3820 2481 3892 minatur,
2552 3819 2798 3892 dejerat,
2856 3817 3240 3884 vociferatur,
3299 3816 3712 3889 disrumpitur.

2058 3911 2267 3982 Fugito
2310 3909 2490 3967 istam
2522 3907 2961 3976 temulentiam,
2994 3907 3102 3964 sed
3130 3923 3207 3964 ne
3250 3907 3418 3964 illam
3461 3906 3713 3982 quidem

2056 4016 2193 4074 quae
2220 4016 2294 4057 ex
2334 3999 2477 4055 vino
2507 3998 2797 4070 nascitur,
2828 3997 3099 4054 admitte.
3131 3996 3261 4054 Noli
3298 4013 3472 4071 aquai
3498 4000 3712 4071 potum

2054 4089 2310 4161 largiore
2356 4087 2477 4145 vini
2522 4091 2674 4161 potu
2719 4090 3100 4160 prievertere.
3148 4086 3229 4144 Ne
3272 4090 3328 4144 te
3372 4085 3451 4144 ad
3494 4087 3711 4159 jejunii

2054 4178 2343 4253 mysteria
2386 4176 2733 4234 introducat
2775 4174 3053 4233 ebrietas.
3085 4177 3216 4234 Non
3263 4180 3355 4233 est
3382 4191 3491 4250 per
3516 4180 3710 4233 temu-

2049 4268 2297 4326 lentiam
2323 4268 2526 4324 aditus
2558 4265 2636 4323 ad
2675 4265 2998 4338 jejunium.
3044 4264 3569 4339 quemadmodum
3595 4281 3710 4325 uec

2051 4356 2131 4413 ad
2147 4356 2442 4429 justitiam
2463 4370 2747 4412 accessus
2769 4360 2858 4411 est
2876 4370 2984 4428 per
3001 4353 3475 4424 fraudationem,
3496 4370 3608 4412 nec
3626 4352 3709 4413 ad

2049 4445 2470 4505 castimoniam
2500 4460 2610 4518 per
2635 4444 2971 4513 lasciviam,
2995 4456 3132 4511 nec,
3153 4447 3219 4501 ut
3241 4444 3592 4502 summatim
3620 4444 3707 4503 di-

332 4557 441 4592 ται.
492 4542 577 4598 Μὴ
634 4541 703 4600 ὡς
746 4536 1062 4613 ἀμυνόμενος
1101 4541 1196 4600 τὰς
1244 4541 1466 4612 ἡμέρας,
1502 4540 1576 4613 μὴ
1630 4542 1700 4602 ὡς
1753 4559 1937 4596 καταε-

2057 4553 2206 4607 eam,
2238 4551 2346 4609 per
2373 4533 2707 4608 nequitiam
2738 4533 2818 4591 ad
2846 4532 3147 4592 virtutem.
3169 4531 3341 4590 Aliud
3371 4533 3591 4591 ostium
3617 4537 3709 4593 est

335 4626 674 4701 σοφιζόμενος
723 4630 812 4681 τόν
869 4629 1172 4700 νομοθέτην,
1222 4636 1321 4681 τῶν
1378 4632 1524 4682 πέντε
1583 4630 1785 4704 ἡμερῶν
1842 4635 1937 4691 τὴν

331 4716 626 4793 κραιπάλην
706 4719 1120 4793 προαποτίθεσο.
1193 4721 1294 4772 Καὶ
1370 4719 1473 4793 γὰρ
1548 4715 1772 4776 ἀνόνητα
1833 4738 1935 4774 πο-

405 4880 454 4955 {3
491 4877 643 4936 Psal.
672 4894 887 4955 Lxxvu,
916 4884 1006 4955 25.
1049 4949 1064 4955 Α
1086 4881 1135 4917 “
1173 4882 1353 4951 Marc,
1386 4896 1465 4955 ix,
1494 4882 1592 4939 28.

334 4952 382 4989 ιν
416 4951 528 5009 lsa.
562 4967 643 5026 x1,
676 4956 768 5012 2i.
845 4949 893 4990 5°
930 4949 1088 5011 Psal.
1121 4968 1283 5024 Lxui,
1314 4949 1368 5012 2.

405 5131 522 5208 (§3)
562 5134 704 5208 ξοδ.
736 5130 967 5208 primus
992 5132 1188 5208 ὕϐρεως
1217 5131 1385 5207 ἀρχή.

407 5146 522 5202 (53)
562 5146 704 5258 “cf.
736 5147 967 5205 primus
992 5146 1188 5208 υῧρεως
1217 5146 1385 5207 αρχη.

407 5203 523 5274 (54)
565 5202 647 5285 ῼο
675 5202 734 5261 b'.
758 5203 1019 5286 _primus
1066 5208 1231 5286 νόμου
1267 5205 1939 5286 ⁸συγχωρουριένρυν.ᾹἻΜρΧ

335 5275 480 5350 Reg.
502 5274 735 5350 primus
757 5274 840 5328 ἵνα
866 5274 1224 5350 παραμένωσι.
1250 5274 1747 5349 Aliquanlo'infra
1769 5274 1938 5335 Colb.

334 5344 567 5419 primus
599 5344 779 5418 ἀποχῇ
824 5344 1009 5419 μόνὼν.

405 5417 518 5492 (55)
555 5416 724 5492 linus
753 5416 1122 5492 codexiteg.
1147 5416 1253 5469 ἀλλ’
1275 5416 1489 5492 ύϐρεως,

350 5530 353 5533 ν
403 5489 702 5563 (36)_Reg.
742 5485 1217 5563 secundus'ﬁruy
1258 5485 1354 5563 ⁸ἔρεξ’
1384 5488 1420 5541 ἃ
1458 5485 1542 5563 δεῖ
1581 5494 1655 5563 μὴ
1703 5496 1935 5563 γίνηται,

336 5559 580 5629 quando
622 5574 745 5616 non
789 5562 860 5630 ﬁt
909 5561 1014 5617 ubi
1056 5560 1195 5630 ﬁeri
1230 5559 1418 5617 debet.
1453 5559 1591 5617 Nec'
1625 5559 1722 5620 ita'
1748 5561 1940 5619 multo

334 5635 473 5707 post
498 5635 762 5704 quatuor
790 5647 938 5689 mss.
970 5631 1190 5690 ἕκαστον
1219 5639 1318 5687 τῶν
1344 5633 1542 5689 παθῶν.

1676 4880 1724 4918 ὀδ
1757 4884 1976 4940 Jerem.
2005 4898 2065 4956 v,
2097 4883 2151 4941 8.

2047 4626 2127 4685 ad
2152 4625 2472 4698 jejunium.
2507 4623 2772 4681 Ebrietas
2802 4622 2882 4681 ad
2901 4620 3216 4679 lasciviam
3241 4621 3490 4690 inducit,
3519 4621 3596 4682 ad
3617 4622 3707 4695 je-

2043 4717 2286 4792 junium
2314 4714 2653 4787 frugalitas.
2684 4712 2919 4772 Athleta
2948 4715 3090 4770 ante
3117 4715 3428 4771 certamen
3464 4727 3705 4772 exerce-

2229 4880 2277 4918 “
2317 4882 2337 4937 l
2370 4877 2505 4937 Cor.
2535 4892 2634 4947 vu,
2669 4881 2727 4935 5.
2811 4875 2856 4913 ⁸⁷
2900 4879 3016 4934 lsa.
3050 4890 3200 4945 Lirin,
3235 4877 3291 4935 6.
3367 4874 3415 4912 ⁴⁸
3452 4872 3601 4932 ibid.
3630 4876 3693 4934 4.

2120 5132 2234 5203 (57)
2276 5129 2525 5203 Antiqui
2565 5127 2688 5203 duo
2743 5127 2881 5185 libri
2931 5125 3199 5203 προλάϐῃς
3253 5126 3543 5203 οἰνοποσίᾳ,
3574 5126 3706 5203 pini

2045 5197 2193 5276 potu
2214 5197 2235 5258 ζ·
2263 5197 2460 5276 quani
2480 5200 2842 5276 scripturam
2872 5197 3170 5273 Optimam
3191 5213 3324 5276 esse
3352 5201 3410 5255 et
3436 5197 3701 5276 maxime

2047 5269 2335 5332 idoneam
2363 5269 2751 5339 arbitramur,
2773 5286 2884 5327 nec
2910 5269 3112 5342 tamen
3138 5269 3480 5342 quidquam
3510 5273 3705 5327 muta-

2046 5348 2286 5418 vimus,
2337 5344 2506 5418 quod
2553 5343 2865 5418 vulgatam
2914 5341 3243 5418 lectionem
3291 5341 3439 5412 Reg.
3490 5342 3701 5418 tertius

2049 5417 2241 5475 codex
2271 5410 2555 5489 optimus
2606 5410 2890 5489 idemque
2945 5410 3405 5489 vetustissimus
3442 5416 3696 5489 tueatur.

2050 5492 2198 5555 Mos,
2228 5482 2348 5560 qui'
2366 5487 2457 5560 his
2487 5482 2860 5560 temporibus
2889 5483 3108 5560 misere
3132 5482 3313 5560 viget,
3345 5482 3698 5560 multorum,

2049 5560 2155 5633 qui
2188 5550 2337 5633 ante
2382 5550 2860 5633 diem‘ginerum
2902 5552 3078 5633 genio
3122 5550 3257 5627 plus
3286 5550 3465 5626 aequo
3503 5550 3703 5612 indul-

2051 5626 2216 5704 g'ent,
2243 5631 2342 5687 hic
2371 5645 2408 5688 a
2437 5627 2655 5687 Basilio
2683 5626 3084 5701 redarguitur.
