4124 6422
457 299 555 356 183

1823 288 1880 349 S.
1922 289 2171 347 BASlLll
2209 289 2453 347 MAG)".

3718 292 3818 350 184

449 426 581 491 tur;
615 420 720 495 qui
757 421 1142 493 jejunaturus
1187 423 1293 492 est,
1327 422 1631 495 praeparat
1676 434 1740 475 se
1782 432 1887 492 per
1925 414 2104 473 absti-

2214 415 2477 487 νεῖς(58),
2504 418 2563 469 τό
2609 417 2699 488 μὶν
2748 422 2901 487 σῶμα
2944 412 3252 489 συντρίϐων,
3298 418 3370 487 μὴ
3417 416 3823 489 παραμυθούμε-

446 509 741 568 nentiam.
772 513 850 567 Ne
896 510 1059 567 velut
1090 510 1387 567 ulciscens
1425 510 1539 566 hos
1579 509 1733 573 dies,
1762 523 1884 564 neu
1925 503 2107 561 veluti

378 650 387 659 .
445 600 655 656 fucum
686 599 955 656 facturus
986 599 1340 670 legislatori,
1364 603 1501 655 ante
1541 598 1655 655 hos
1681 598 1952 671 quinque
1981 594 2110 650 dies

448 689 682 746 colloca
712 688 1051 762 crapulam.
1087 692 1237 745 Nam
1276 688 1518 745 laboras
1540 688 1782 750 frustra,
1817 687 1866 743 si
1887 700 2110 758 corpus

447 780 698 854 quidem
719 780 992 847 conﬁcis,
1012 796 1123 837 nec
1147 784 1349 837 tamen
1373 780 1657 836 solatium
1677 776 1990 834 esuritioni
2011 774 2114 832 ad-

449 886 683 927 moves.
706 868 899 926 lnﬁda
928 874 1015 927 est
1037 869 1207 936 cella,
1231 869 1292 925 in
1314 874 1629 943 pertusum
1650 867 1884 924 dolium
1908 865 2109 922 infun-

449 959 566 1015 dis.
617 958 848 1021 Etenim
906 959 1115 1014 vinum
1163 958 1405 1022 difﬂuit,
1452 957 1531 1014 ad
1577 973 1751 1013 suam
1796 971 2113 1012 recurrens

446 1049 901 1117 viam;contra
947 1053 1224 1105 remanet
1268 1053 1602 1121 peccatum.
1661 1049 1772 1119 10
1824 1045 2108 1103 Famulus

448 1136 717 1210 profugit
739 1137 818 1193 ab
840 1137 987 1194 hero
1013 1137 1372 1195 verberante
1394 1156 1407 1193 :
1432 1141 1495 1193 tu
1517 1152 1660 1192 vero
1680 1152 1803 1192 non
1823 1134 2054 1191 recedis
2075 1149 2113 1191 a

447 1226 609 1295 vino,
650 1224 817 1297 quod
852 1229 1020 1282 tuum
1049 1225 1322 1299 quotidie
1361 1229 1542 1298 caput
1572 1224 1875 1295 percutit?
1903 1222 2111 1279 Modus

447 1308 659 1366 utendi
692 1309 837 1365 vino
858 1310 1123 1382 optimus
1146 1316 1239 1366 est
1263 1310 1534 1382 corporis
1564 1308 1917 1364 necessitas.
1938 1306 2111 1374 Quod

450 1399 499 1455 si
540 1398 693 1454 ﬁnes
735 1398 1267 1470 praetergredieris,
1313 1398 1603 1471 postridie
1646 1397 1854 1456 venies
1902 1394 2113 1469 capitis

447 1482 774 1555 gravedine
812 1482 1084 1552 affectus,
1136 1482 1424 1552 oscitans,
1463 1482 1758 1553 vertigine
1798 1480 2108 1547 laborans,

2215 524 2301 566 νος
2330 500 2389 557 δι
2431 510 2525 563 τὴν
2555 500 2774 558 ἔνδειαν.
2807 502 3064 557 Ἀπιστόν
3095 501 3208 555 ἐστι
3246 506 3305 555 τὸ
3339 504 3455 573 (59)
3486 511 3715 576 ταμεῖον,
3749 512 3822 568 εἰς

2216 598 2522 667 τετρημένον
2568 594 2720 646 πίθον
2763 590 3061 654 ἁντλείς.Ὀ
3104 595 3193 665 μεν
3242 594 3344 667 γὰρ
3396 590 3533 656 οἶνος
3572 588 3819 668 διαρρέει,

2216 687 2311 740 τὴν
2355 678 2496 735 ἰδίαν
2534 678 2657 736 όδόν
2699 680 3003 756 ἀποτρέχων
3028 702 3041 715 ·
3088 682 3117 740 ἡ
3154 677 3214 734 δὲ
3245 681 3478 756 ἁμαρτία
3506 680 3817 755 ἓναπομίνει.

2218 771 2442 835 Οἰκέτης
2498 768 2803 847 δραπετεύει
2851 767 3115 829 δεσπότην
3159 773 3456 823 τύπτοντα·
3506 774 3571 823 σὺ
3620 767 3681 824 δε
3725 792 3822 824 πα-

2215 866 2452 936 ραμένεις
2496 870 2568 933 τῷ
2615 863 2755 933 οϊνῳ,
2789 860 2904 914 καθ’
2943 860 3168 918 ἑκάστην
3208 862 3405 935 ἡμέραν
3458 864 3552 918 τὴν
3599 860 3820 933 κεφαλήν

2220 969 2313 1003 σου
2345 953 2628 1017 τύπτοντι;
2660 955 2859 1025 Μέτρον
2902 951 3117 1026 ἄριστον
3148 958 3244 1012 τῆς
3271 958 3363 1002 τοῦ
3405 952 3545 1002 οἴνου
3574 954 3823 1024 χρήσεως

2217 1040 2247 1097 ἠ
2297 1043 2457 1114 χρεία
2502 1047 2594 1092 τοῦ
2645 1045 2905 1113 σώματος.
2955 1038 3070 1093 Ἐὰν
3116 1035 3175 1092 δὲ
3219 1038 3314 1101 ἔξω
3357 1047 3457 1090 τῶν
3506 1040 3635 1113 ὅρων
3673 1042 3819 1112 γένῃ,

2217 1131 2396 1202 αὔριον
2468 1128 2608 1192 ἣξεις
2667 1128 3018 1204 καρηϐαρῶν,
3087 1132 3476 1201 χασμώμενος,
3549 1127 3820 1200 ἰλιγγιῶν,

2220 1222 2512 1280 σεσηπότος
2567 1219 2706 1271 οἶνου
2767 1218 3013 1279 ἀπόζων·
3069 1220 3240 1271 πάντα
3299 1236 3385 1269 σοι
3434 1218 3820 1292 περιφέρεσθαι,

2216 1307 2379 1360 τάντα
2423 1303 2694 1360 δονείσθαι
2741 1304 2903 1370 δόξει.
2960 1309 3103 1365 Μέθη
3145 1309 3247 1382 γὰρ
3298 1306 3454 1359 ὕπνον
3497 1309 3588 1379 μὶν
3620 1303 3823 1377 ἐπάγει,

2219 1391 2438 1468 ἀδελφόν
2496 1397 2757 1465 θανάτου,
2820 1394 3136 1471 ἐγρήγορσιν
3192 1392 3251 1449 δὲ
3307 1394 3526 1470 ὀνείροις
3588 1414 3828 1469 προσεοι-

2218 1502 2282 1535 xu
2289 1492 2391 1538 ῖαν.

442 1568 848 1645 putrefactum
885 1570 1139 1627 obolens
1181 1570 1431 1639 vinum;
1481 1571 1690 1627 omnia
1732 1570 1842 1626 tibi
1890 1569 2285 1640 circumferri,
2323 1575 2533 1632 omnia
2574 1574 2969 1632 circumvolvi
3013 1572 3401 1632 videbuntur.
3453 1573 3721 1631 Ebrietas
3761 1575 3831 1631 ut

445 1675 729 1718 somnum
758 1660 932 1718 affert
959 1660 1173 1717 mortis
1204 1676 1591 1731 germanum,
1623 1660 1708 1717 ita
1735 1658 2007 1730 vigiliam
2032 1658 2219 1716 habet
2248 1664 2503 1721 somniis
2532 1664 2891 1724 assimilem.

520 1756 605 1807 11.
647 1756 736 1808 An
784 1751 1035 1821 ignoras
1080 1765 1265 1823 quem
1296 1766 1360 1805 es
1388 1749 1649 1822 hospitio
1697 1749 2108 1822 excepturus?
2146 1748 2190 1803 Β

444 1839 737 1897 Nimirum
770 1840 963 1905 illum,
995 1838 1103 1911 qui
1134 1837 1313 1895 nobis
1359 1837 1441 1894 ita
1488 1837 1789 1910 pollicitus
1820 1842 1907 1894 est
1938 1854 1951 1892 :
1982 1838 2109 1908 Ego

446 1935 503 1986 et
521 1930 713 1986 Pater
741 1929 1066 1995 veniemus,
1094 1932 1149 1984 et
1168 1928 1543 1985 mansionem
1573 1928 1741 1998 apud
1770 1943 1903 1984 eum
1924 1927 2110 1997 facie-

445 2034 578 2076 mus
599 2020 670 2075 δι.
716 2019 834 2075 Cur
877 2018 1059 2090 igitur
1102 2015 1273 2090 prius
1322 2017 1544 2090 recipis
1576 2016 2010 2083 temulentiam,
2038 2031 2110 2072 ac

447 2108 705 2166 Domino
723 2109 1069 2180 ingressum
1086 2106 1448 2180 praecludis?
1464 2123 1572 2163 cur
1586 2107 1826 2164 hostem
1847 2105 2108 2174 inducis,

444 2203 512 2254 ut
550 2202 654 2255 tua
700 2198 865 2271 prior
901 2197 1282 2253 munimenta
1328 2196 1630 2269 occupet?
1672 2195 1941 2252 Ebrietas
1984 2210 2111 2251 non

443 2287 656 2360 recipit
678 2287 1020 2357 dominum,
1048 2285 1309 2342 ebrietas
1340 2286 1627 2359 Spiritum
1655 2280 1959 2358 propellit.
2001 2287 2110 2341 Fu-

443 2391 582 2432 mus
622 2375 895 2450 quidem,
934 2374 1127 2445 abigit
1172 2390 1340 2448 apes,
1374 2375 1541 2431 dona
1592 2390 1733 2431 vero
1774 2372 2109 2447 spiritualia

443 2465 613 2535 fugat
642 2464 912 2537 crapula.
935 2463 1238 2535 Jejunium
1258 2463 1515 2521 civitatis
1545 2468 1634 2520 est
1654 2467 2106 2532 ornamentum,

447 2553 559 2609 tori
583 2552 886 2623 columen,
919 2552 1243 2610 domorum
1264 2568 1411 2626 pax,
1444 2552 1833 2609 incolumitas
1853 2550 2107 2608 faculta-

444 2646 594 2698 tum.
628 2642 725 2698 Vis
765 2641 983 2713 jejunii
1020 2641 1228 2698 videre
1275 2640 1636 2711 dignitatem
1657 2641 1685 2697 ?
1711 2640 1930 2698 Confer
1959 2639 2107 2696 mihi

443 2731 723 2789 hodierni
743 2731 863 2787 diei
889 2747 1203 2804 vesperam
1225 2748 1365 2789 cum
1392 2746 1655 2805 vespera
1675 2730 1941 2797 crastini,
1965 2746 2106 2788 con-

446 2820 666 2894 spicies
685 2820 985 2877 civitatem
1012 2836 1042 2875 e
1068 2820 1328 2877 tumultu
1348 2836 1419 2877 ac
1436 2825 1790 2893 tempestate
1808 2824 2107 2877 mutatam

446 2909 509 2967 in
546 2909 917 2983 profundam
967 2910 1488 2983 tranquillitatem.
1522 2910 1759 2967 Utinam
1807 2915 2012 2967 autem
2049 2914 2107 2967 et

444 2999 780 3057 hodiernus
799 2999 930 3056 dies
953 3001 1219 3057 crastino
1241 3000 1453 3057 similis
1473 3000 1547 3057 sit
1564 3001 1881 3058 sanctitate
1896 3005 1953 3057 et
1973 3017 2106 3072 gra-

2296 1756 2379 1809 H.
2421 1754 2558 1828 Ἀρα
2587 1752 2738 1818 οἶδας
2783 1760 2865 1817 τίς
2912 1754 3053 1808 ἐστιν
3100 1757 3155 1808 ὃν
3186 1752 3550 1827 ὑποδέχεσθαι
3587 1753 3822 1827 μέλλεις

2217 1841 2277 1895 Ὀ
2320 1842 2747 1918 ἐπαγγειλάμενος
2789 1847 2935 1918 ἡμῖν,
2985 1846 3068 1898 ὅτε
3114 1843 3244 1917 Ἐγὼ
3292 1850 3381 1897 καὶ
3411 1846 3437 1896 ό
3466 1848 3645 1918 Πατὴρ
3690 1842 3825 1896 ἕλευ-

2221 1935 2457 2006 σόμεθα,
2508 1938 2597 1987 καὶ
2654 1938 2814 2007 μονὴν
2869 1932 2992 2007 παρ’
3039 1933 3181 2005 αὐτῷ
3238 1938 3525 2007 ποιήσομεν
3572 1933 3705 2003 (60).
3759 1936 3825 1985 Τί

2219 2018 2307 2074 οὖν
2355 2021 2733 2097 προλαμϐάνῃς
2789 2031 2850 2096 τῇ
2902 2025 3032 2096 μέθη
3060 2066 3073 2090 ,
3124 2027 3214 2075 καὶ
3272 2022 3561 2085 ἀποκλείεις
3606 2031 3678 2093 τῷ
3728 2028 3823 2075 Δε-

2222 2115 2388 2185 σπότη
2423 2115 2517 2171 τήν
2544 2108 2748 2165 εῖσοδον
2773 2130 2786 2180 ;
2820 2117 2872 2165 τί
2903 2116 3167 2187 προτρίπη
3209 2116 3297 2164 τόν
3328 2112 3520 2187 ἐχθρὸν
3550 2130 3822 2187 προκατα-

2221 2208 2373 2273 σχεῖν
2405 2220 2500 2254 σου
2544 2203 2610 2254 τὰ
2656 2200 3019 2277 ὀχυρώματα;
3060 2203 3205 2259 Μέθη
3255 2204 3445 2276 Κύριον
3487 2200 3592 2272 οὐχ
3625 2195 3824 2253 ὑποδί-

2218 2309 2410 2361 χεται·
2463 2292 2592 2364 μέθη
2644 2298 2853 2364 Πνεῦμα
2904 2291 3053 2363 ἅγιον
3113 2286 3420 2345 ἅποδιώχει.
3480 2292 3687 2352 Καπνὸς
3731 2292 3824 2362 μεν

2216 2382 2318 2454 γὰρ
2364 2376 2651 2433 ἀποδιώκει
2696 2379 2950 2455 μελίσσας
2995 2381 3131 2451 (6i),
3178 2384 3498 2455 χαρίσματα
3550 2374 3610 2431 δε
3662 2397 3823 2431 πνευ-

2217 2471 2416 2541 ματικὰ
2463 2466 2749 2523 ἆποδιώκει
2795 2469 3081 2544 κραιπάλη.
3110 2474 3347 2526 Νηστεία
3388 2467 3583 2529 πόλεως
3612 2467 3823 2540 εὐσχη-

2216 2561 2417 2631 μοσύνη
2444 2600 2459 2626 ,
2513 2557 2707 2634 ἀγορᾶς
2754 2559 3067 2625 εὐστάθεια,
3121 2562 3273 2611 οἴκων
3318 2557 3493 2633 εἰρήνη
3521 2600 3537 2626 ,
3584 2560 3826 2631 σωτηρία

2214 2655 2316 2699 τῶν
2345 2650 2710 2723 ὑπαρχόντων.
2759 2647 2933 2700 Βούλει
2976 2648 3141 2710 αὐτῆς
3173 2643 3301 2700 ἰδεῖν
3348 2651 3443 2705 τὴν
3490 2649 3819 2719 σεμνότητα;

2216 2740 2495 2812 Σύγκρινόν
2546 2757 2638 2810 μοι
2684 2740 2778 2795 τὴν
2829 2742 3054 2812 σήμερον
3103 2736 3322 2811 ἑσπέραν
3369 2744 3430 2808 τῇ
3463 2735 3574 2808 (62)
3617 2739 3817 2810 αὔριον,

2214 2830 2304 2878 καὶ
2352 2825 2469 2897 ὄψει
2506 2831 2600 2885 τὴν
2643 2826 2790 2879 πόλιν
2834 2824 2889 2878 ἐκ
2932 2835 3177 2901 ταραχῆς
3205 2830 3296 2878 καὶ
3326 2825 3488 2887 ζάλης
3532 2824 3604 2887 εἰς
3648 2822 3819 2897 γαλή-

2213 2936 2305 2975 νην
2354 2914 2570 2989 βαθεῖαν
2612 2914 3024 2988 μεταϐαλοῦσαν.
3056 2917 3303 2988 Εὔχομαι
3350 2910 3410 2967 δε
3448 2916 3539 2966 καὶ
3587 2918 3682 2971 τὴν
3715 2917 3818 2971 σή-

2214 3024 2366 3080 μερον
2414 3012 2476 3077 τῇ
2524 3008 2703 3079 αὔριον
2748 3003 2965 3057 ἑοικέναι
3019 3006 3157 3057 κατὰ
3202 3008 3297 3062 τήν
3357 3006 3687 3076 σεμνότηταο
3728 3006 3820 3055 καὶ

445 3088 649 3160 vitate,
676 3093 735 3146 et
753 3089 1053 3146 crastinus
1083 3089 1213 3146 dies
1232 3089 1528 3146 hodierno
1558 3105 1684 3147 non
1707 3089 1883 3146 cedat
1906 3089 2105 3147 hilari-

2215 3098 2309 3152 τὴν
2353 3097 2533 3169 αὔριον
2575 3090 2741 3167 μηδεν
2787 3088 3104 3168 φαιδρότητι
3131 3101 3227 3154 τῆς
3279 3096 3504 3167 σήμερον
3549 3089 3815 3144 ἀπολείπε-

446 3180 565 3235 tate
589 3177 602 3233 ι
624 3177 917 3233 Caeterum
945 3178 1050 3250 qui
1080 3193 1193 3234 nos
1218 3177 1505 3250 produxit
1523 3177 1604 3233 ad
1627 3178 1789 3235 hunc
1818 3178 2108 3251 temporis

446 3281 763 3323 recursum
795 3267 1106 3337 Dominus,
1125 3270 1370 3339 praestet
1398 3265 1577 3323 nobis
1605 3270 1900 3340 tanquam
1920 3272 2107 3323 certa-

448 3353 705 3426 toribus,
728 3359 793 3412 ut
822 3356 883 3410 in
913 3356 1031 3411 hoc
1061 3355 1460 3411 certaminum
1491 3355 1742 3411 exordio
1763 3356 2003 3413 ﬁrmam
2035 3372 2108 3413 ac

449 3446 827 3501 constantem
862 3445 1328 3518 temperantiam
1358 3446 1777 3515 ostendamus,
1798 3445 2109 3518 pervenia-

449 3548 713 3606 musque
734 3534 812 3590 ad
833 3533 1122 3590 arbitram
1144 3549 1509 3590 coronarum
1540 3534 1724 3601 diem,
1747 3540 1812 3591 ut
1834 3535 2107 3591 recorde-

449 3637 590 3679 mur
626 3638 790 3680 nunc
829 3622 1078 3697 quidem
1109 3622 1428 3680 salutiferas
1458 3621 1784 3696 passionis,
1815 3625 1877 3680 in
1905 3624 2105 3681 futuro

447 3727 594 3771 vero
623 3712 846 3771 saeculo
875 3712 1153 3771 fruamur
1177 3713 1449 3785 praemio,
1471 3729 1583 3786 pro
1611 3712 1706 3769 his
1735 3730 1874 3787 quas
1900 3714 1962 3770 in
1990 3714 2106 3771 hac

447 3803 575 3861 vita
602 3804 922 3875 gessimus,
953 3802 1309 3878 reponendo
1335 3804 1400 3859 in
1432 3803 1597 3875 justo
1630 3803 1856 3875 judicio
1894 3803 2109 3861 Christi

448 3893 669 3966 ipsius,
688 3895 984 3968 quoniam
1011 3894 1094 3952 illi
1117 3893 1313 3965 gloria
1336 3893 1401 3950 in
1426 3893 1668 3951 saecula.
1698 3898 1911 3951 Amen.

523 4002 572 4039 σι
609 4003 782 4059 Joan.
810 4018 924 4070 xxv,
947 4006 1039 4058 23.

678 4105 829 4163 Editi
868 4106 1064 4179 ἀνόητα
1108 4114 1299 4179 πονεῖς,
1326 4106 1513 4179 stulte
1560 4103 1820 4179 laboras.
1873 4108 1943 4161 At
1983 4105 2106 4164 duo

451 4174 627 4247 Regii
645 4193 795 4237 mss.
827 4184 882 4235 et
912 4178 1061 4235 Oliv.
1093 4183 1149 4234 et
1179 4177 1344 4233 Colb.
1388 4177 1622 4249 primus
1666 4174 1887 4249 ἀνόνητα
1914 4185 2102 4249 πονεῖς,

447 4250 692 4318 frustra
753 4249 1018 4322 laboras.
1075 4249 1343 4322 Denique
1391 4247 1574 4304 ‘Colb.
1634 4248 1839 4305 tertius
1911 4247 2107 4308 ἀνόητα

451 4327 637 4392 ποιεῖς,
669 4321 851 4392 stulte
870 4322 1052 4392 facis.

465 4463 477 4475 ο
525 4389 1136 4475 (δωρρζιρξρφίωιιε
1179 4389 1446 4475 tiniae-sris
1497 4390 1636 4474 ἔστι,
1669 4396 1749 4459 τό,
1804 4392 1970 4475 (σείίᾳὶ
2018 4398 2103 4475 est

450 4452 853 4535 ίηὲῳριεόίὶίδ.
895 4452 1075 4519 llaud
1121 4462 1299 4532 longe
1351 4464 1492 4535 Reg.
1548 4452 1781 4535 primus
1827 4467 1885 4519 et
1931 4462 2098 4521 Colb.
2132 4452 2178 4507 D

447 4533 656 4608 tertius
688 4534 760 4595 εἰς
783 4538 1111 4608 τετριμμένον
1140 4536 1310 4600 πίθον,
1344 4533 1694 4608 ᾀθρτωῖνᾶἱθ.

521 4604 633 4676 (60)
677 4608 837 4678 Unus
867 4604 1076 4678 cedex
1122 4608 1265 4675 Reg.
1299 4604 1441 4678 αὐτῷ
1485 4606 1832 4678 ποιησόμεθα.
1865 4607 2101 4663 Monere

446 4675 632 4746 iuvat,
665 4677 1105 4734 Eucharistiam
1154 4693 1278 4734 non
1317 4675 1575 4733 obScure
1617 4675 1733 4733 hec
1773 4677 1909 4733 loco
1950 4678 2102 4734 indi-

446 4747 574 4822 cari
597 4763 612 4802 :
641 4747 720 4804 ad
749 4764 936 4822 quam
966 4749 1071 4822 qui
1114 4747 1490 4822 accederent,
1521 4747 1843 4822 Dominum
1870 4749 2096 4822 ipsum,

444 4823 512 4875 ut
538 4818 715 4875 docet
748 4818 1016 4886 Basilius]
1046 4836 1169 4876 non
1202 4818 1438 4875 Domini
1469 4818 1748 4875 umbram
1799 4818 1913 4875 aut
1945 4821 2099 4890 ligu-

441 4904 573 4961 ram
590 4890 985 4961 recipiebant.
1011 4892 1142 4957 Quo
1166 4890 1363 4946 Basilii
1386 4889 1748 4961 testimonio,
1770 4895 1836 4945 ut
1858 4889 2098 4947 sexcen-

441 4959 517 5015 tis
548 4960 681 5017 aliis
710 4959 1059 5018 sanctorum
1090 4966 1354 5027 Patrum,
1384 4960 1563 5032 plane
1593 4966 1829 5017 constat
1861 4963 2097 5019 Domini

439 5045 666 5104 corpus
697 5033 757 5087 in
788 5034 1164 5104 Eucharistia
1188 5048 1323 5088 vere
1354 5033 1680 5104 etproprie
1708 5032 1915 5104 recipi.

662 5103 901 5184 Antiqui
933 5104 1056 5160 duo
1084 5104 1301 5184 libriet
1329 5099 1787 5184 editiﬁn-‘o'itréxst
1816 5099 2089 5184 μλεισσας.

435 5172 547 5248 Alii
576 5172 839 5246 quatuor
866 5191 1021 5248 mss.
1060 5172 1341 5248 φυγαδεύει
1370 5172 1645 5248 μελίσσας.
1679 5174 1793 5230 Sed
1817 5172 2093 5248 suspicor

435 5242 519 5327 ita
548 5242 886 5327 correctum
925 5246 1005 5327 ab
1035 5242 1262 5327 aliquo,
1294 5242 1397 5318 qui
1426 5244 1795 5327 existimaret
1835 5242 2091 5327 verbum

435 5312 749 5368 ἀποδιώκειν
777 5316 841 5371 in
882 5323 1005 5373 unto
1044 5312 1158 5375 aut'
1184 5312 1370 5373 altero
1413 5331 1593 5371 versu
1633 5321 1719 5372 ter
1752 5317 1941 5383 repeti
1969 5334 2089 5375 non

430 5385 673 5459 debere,
702 5403 841 5459 cum
889 5393 1093 5445 tamen
1122 5390 1184 5445 in
1227 5390 1343 5445 hac
1383 5387 1735 5458 repetitione
1774 5387 2089 5459 elegantias

430 5455 662 5531 aliquid
683 5463 742 5531 et
768 5458 992 5531 leporis
1016 5460 1211 5516 inesse
1240 5455 1542 5515 videatur.

658 5530 1216 5605 Editi’rnvcnus‘oov
1265 5531 1484 5603 ἑσπέραν
1532 5537 1619 5601 τῇ,
1670 5533 1805 5597 etc.,
1860 5531 2087 5602 Confer

425 5599 573 5655 mihi
596 5600 877 5658 hodierni
898 5602 1019 5660 diei
1041 5599 1348 5672 uesperam
1372 5599 1507 5672 cum
1530 5599 1785 5672 vespera
1807 5599 2081 5660 crastini.

424 5672 570 5743 Reg.
597 5672 832 5745 primus
861 5678 918 5733 et
958 5673 1060 5733 alii
1090 5671 1211 5733 tres
1252 5689 1401 5729 mss.
1441 5671 1764 5730 Colbertiui
1793 5677 1888 5732 τὴν
1916 5693 2082 5747 σημε-

2217 3185 2362 3237 σθαι.
2392 3182 2451 3235 Ὀ
2482 3179 2541 3235 δὲ
2571 3181 2782 3255 ἀγαγὼν
2811 3184 2950 3255 ἡμᾶς
2994 3181 3066 3244 εἰς
3110 3186 3206 3241 τὴν
3248 3176 3491 3257 περίοδον
3538 3187 3631 3233 τοῦ
3673 3184 3815 3254 χρό-

2213 3290 2301 3324 νου
2326 3274 2518 3347 Κύριος
2543 3272 2823 3347 παράσχοι
2868 3273 3013 3344 ἡμῖν,
3049 3272 3153 3323 οἷον
3208 3268 3544 3342 ἀγωνισταῖς,
3579 3268 3652 3330 εἰς
3692 3272 3816 3331 τοὺς

2214 3369 2523 3436 προαγῶνας
2564 3364 2782 3422 τούτους
2827 3363 2887 3413 τὸ
2937 3359 3147 3435 στερρόν
3185 3365 3277 3412 καὶ
3324 3363 3526 3412 εὔτονον
3570 3366 3667 3419 τῆς
3694 3377 3821 3433 καρ-

2214 3456 2389 3526 τερίας
2435 3446 2855 3523 ἐπιδειξαμένους
2898 3449 3035 3521 (63),
3078 3450 3277 3522 φθάσαι
3323 3453 3413 3501 καί
3461 3446 3545 3500 ἐπὶ
3589 3451 3685 3506 τήν
3726 3466 3818 3500 κυ-

2213 3544 2330 3615 ρίαν
2380 3548 2481 3592 τῶν
2545 3542 2805 3613 στεφάνων
2860 3541 3056 3614 ἡμέραν
3084 3560 3098 3573 ·
3153 3546 3240 3591 νῦν
3297 3541 3386 3612 μὶν
3442 3546 3504 3597 τῆ
3518 3558 3539 3600 ς
3591 3535 3818 3610 ἀναμνη-

2217 3648 2345 3692 σεως
2385 3637 2478 3682 τοῦ
2529 3633 2790 3704 σωτηρίου
2837 3630 3038 3691 πάθους
3077 3628 3211 3700 (64),
3261 3626 3309 3679 ἐν
3358 3624 3418 3681 δι
3464 3635 3537 3698 τῷ
3582 3625 3817 3700 μέλλοντι

2214 3718 2361 3771 αἰῶνι
2403 3727 2500 3781 τῆς
2547 3714 2948 3780 ἆνταποδόσεως
2989 3725 3089 3770 τῶν
3135 3715 3459 3791 βεϐιωμένων
3498 3718 3623 3788 ἡμῖν
3661 3713 3709 3767 ἐν
3748 3722 3810 3787 τῇ

2216 3804 2582 3881 δικαιοκρισίᾳ
2609 3815 2700 3860 τοῦ
2731 3814 2967 3882 Χριστοῦ
2994 3806 3173 3876 αὐτοῦ,
3207 3807 3287 3860 ὅτι
3313 3806 3453 3877 αὐτῷ
3478 3807 3509 3865 ἠ
3544 3800 3677 3868 δόξα
3704 3802 3817 3878 (65)

2215 3896 2287 3959 εἰς
2315 3900 2437 3959 τοὺς
2465 3896 2675 3959 αἰῶνας.
2703 3894 2886 3970 Ἀμήν.

2211 4115 2371 4192 ρινὴν.
2390 4109 2608 4192 ἑσπέραν
2633 4117 2718 4192 τῇ,
2746 4107 3174 4192 nonﬂdi‘ssimili
3199 4124 3407 4192 sensu.
3434 4112 3505 4192 At
3532 4108 3814 4192 Regii'se-

2212 4179 2529 4254 cunduset
2548 4179 2753 4238 tertius
2779 4186 2837 4254 et
2865 4179 3033 4247 Colb,
3044 4180 3283 4254 primus
3312 4185 3405 4254 τὴν
3438 4179 3661 4254 σήμερον
3688 4182 3812 4254 ἠμέ-

2210 4234 2837 4328 miscuerat/ii-
2859 4234 3003 4309 an;
3014 4234 3112 4309 ἃῗέ
3125 4234 3396 4328 amni,
3425 4234 3584 4328 (lieni
3611 4234 3811 4328 sane-

2208 4323 2376 4381 'num.
2402 4324 2553 4381 Nihil
2580 4325 2639 4380 in
2670 4328 2953 4380 contextu
2980 4323 3347 4393 mutandum
3373 4323 3807 4393 judicavimus.

2282 4396 2665 4469 (63)”Veteres
2710 4400 2945 4469 septem
2986 4393 3123 4452 libri
3169 4391 3608 4468 ἑπιδειξὰμένους.
3659 4392 3814 4449 Editi

2210 4464 2639 4540 ἐπιδειξαμένοις.

2279 4542 2390 4610 (6t)
2434 4535 2673 4607 Legenti
2698 4536 2845 4593 mihi
2895 4539 3237 4602 Erasmum,
3264 4537 3369 4610 qui
3393 4535 3577 4610 illud,
3602 4543 3691 4588 νῦν
3720 4538 3810 4609 μὶν

2207 4617 2269 4669 τῆ
2282 4608 2666 4683 ςλὰναμνήσε-ως
2708 4617 2799 4661 τοῦ
2845 4614 3107 4683 σωτηρίου
3138 4608 3357 4675 πάθους,
3387 4608 3811 4683 interpretatus

2206 4660 2302 4737 es;
2318 4660 2449 4738 Ηοὸ
2464 4660 2670 4748 uisas,
2693 4660 2759 4736 ut
2780 4660 3168 4752 ream-dem.»
3183 4660 3359 4752 ’ἠὼξὲ
3379 4660 3810 4752 iurgares;

2207 4754 2403 4823 li/‘crar
2427 4754 2800 4824 afﬂictionis,
2818 4750 2879 4806 in
2900 4757 3169 4824 mentem
3186 4750 3352 4824 venit
3372 4749 3806 4824 quorumdam,

2204 4820 2329 4896 qui,
2376 4820 2849 4896 ne"videre_ntur
2896 4822 3288 4896 antiquitatis
3309 4820 3414 4878 aut
3465 4820 3661 4896 ignari
3706 4826 3811 4876 aut

2203 4893 2423 4967 parum
2468 4893 2739 4964 studiosi,
2783 4908 2909 4949 non
2953 4893 3161 4967 fidem,
3187 4893 3805 4967 sedpersuasionem,

2203 4963 2325 5022 non
2364 4963 2809 5022 sacramentum
2840 4968 3111 5035 corporis
3140 4964 3459 5031 Dominici,
3490 4963 3597 5035 sed
3615 4978 3801 5035 _sanc-

2202 5040 2426 5106 ti/icum
2477 5037 2835 5105 crustatum,
2877 5033 3096 5092 et'alia
3139 5036 3202 5092 id
3247 5050 3441 5105 genus
3477 5033 3800 5106 dicebant:

2199 5105 2388 5181 quam
2437 5107 2729 5181 loquendi
2762 5107 3088 5181 _rationem
3135 5122 3317 5181 nemo
3381 5105 3624 5181 sapiens
3696 5121 3806 5181 un-

2198 5175 2390 5305 guem
2422 5175 2819 5260 .approbabit.
2849 5181 3093 5235 Praestat
3135 5178 3338 5249 igitur,
3373 5183 3438 5234 ut
3454 5175 3627 5233 —mihi
3669 5175 3804 5249 qui-

2241 5267 2337 5305 em
2381 5250 2634 5305 wdetur.
2689 5252 2774 5305 ita
2824 5255 3090 5305 vertere:
3126 5256 3192 5305 ut
3234 5250 3587 5305 recordetur
3639 5263 3803 5305 nunc

2241 5267 2337 5306 em
2381 5250 2634 5315 videtur,
2689 5252 2774 5306 ita
2824 5255 3090 5307 vertere:
3126 5256 3192 5305 ut
3234 5250 3587 5307 recordetur
3639 5263 3803 5305 nunc

2196 5322 2432 5393 quidem
2462 5321 2797 5393 salutiferas
2818 5322 3136 5393 passionis.

2266 5398 2378 5466 (65)
2398 5389 2876 5466 Colbzpt‘lmuss'v
2896 5401 2957 5466 τῇ
2980 5389 3345 5466 δικαιοκρισίᾳ
3360 5400 3451 5466 τοῦ
3469 5399 3591 5466 Υιού
3615 5390 3796 5458 αὑτοῦ,

2194 5452 2280 5535 ῤ’τὶ
2305 5452 2445 5535 αύτῷ
2470 5466 2501 5522 ἡ
2537 5452 2669 5525 δόξα
2691 5471 2779 5535 νῦν
2808 5469 2899 5516 καί
2925 5452 3021 5530 ἆεί,
3044 5469 3160 5535 etc.
3182 5452 3364 5521 Aliter
3392 5464 3458 5535 in
3486 5462 3618 5535 aliis
3645 5452 3795 5535 mss.

2190 5532 2641 5608 legituriﬁneque
2653 5534 2714 5590 id
2732 5535 2953 5608 mirum
2964 5534 3347 5608 videbituriis
3361 5534 3465 5608 qui
3478 5532 3797 5606 paululum

2191 5605 2274 5661 in’
2292 5605 2675 5662 conferendis
2708 5605 3010 5663 veteribus
3038 5605 3209 5663 libris
3247 5605 3466 5662 versati
3483 5605 3636 5662 sunt
3654 5620 3796 5660 cum

2190 5675 2471 5736 clausula
2513 5677 2575 5735 in
2604 5677 2788 5735 variis
2818 5676 3132 5736 codicibus
3160 5677 3323 5735 varie
3355 5676 3538 5735 scribi
3570 5675 3787 5734 soleat.
