4124 6422
313 337 415 394 185
1547 331 1638 388 DE
1693 325 1966 386 JEJUNIO

2021 325 2318 388 HOMILIA
2373 334 2440 390 ll.
3584 339 3686 398 186

323 459 3685 492 mm

559 543 708 594 nam
763 545 1086 594 Nus'rEIAz
1139 545 1357 594 Aoros
1410 537 1476 592 ιε’
1522 538 1662 612 (66).
1942 533 1992 586 Α

384 669 432 723 1.
493 664 864 742 Παρακαλεῖτε,
925 669 1103 739 φησὶν,
1167 667 1336 738 ἱερεῖς,
1404 667 1491 717 τόν
1551 663 1696 716 λαόνο
1757 660 1910 721 λαλή-

313 774 436 808 σατε
465 755 538 818 εἰς
564 757 631 808 τά
659 751 768 808 ὦτα
794 753 1154 829 Ἰερουσαλήμ.
1183 752 1354 814 Ἰκανὴ
1387 760 1478 807 τοῦ
1517 751 1672 826 λόγου
1693 753 1724 812 ἡ
1759 753 1916 826 φύσις

309 852 408 898 τῶν
432 847 524 918 μὶν
554 839 858 897 σπουδαίων
894 846 988 908 τὰς
1018 846 1184 918 ὁρμὰς
1225 842 1494 911 ἐπιτεῖναι,
1527 850 1628 896 τῶν
1655 837 1716 894 0":
1741 842 1914 917 ῥᾳθύ-

309 955 419 1008 μων
447 937 538 986 καὶ
567 934 774 1008 νωθρῶν
813 931 1070 1008 ἐπεγεῖραι
1106 937 1165 986 τό
1212 935 1500 1008 πρόθυμον.
1547 930 1701 986 Ὅθεν
1753 949 1910 1005 στρα-

307 1028 464 1096 τηγοὶ
511 1025 626 1097 μὲν,
673 1041 746 1084 εις
790 1022 1085 1098 παράταξιν
1129 1027 1216 1076 τὸν
1249 1027 1472 1098 στρατὸν
1531 1023 1904 1088 καθιστώντες,

307 1118 419 1175 τοῖς
445 1111 860 1186 παρακλητικοῖς
888 1111 1065 1186 λόγοις
1091 1115 1192 1187 πρὸ
1225 1120 1324 1166 τῶν
1356 1111 1566 1185 ἀγώνων
1595 1115 1908 1185 κέχρηνται,

306 1206 398 1254 καὶ
462 1204 726 1260 τοσαύτην
807 1204 922 1274 ἔχει
983 1197 1206 1276 δύναμιν
1284 1203 1315 1260 ἡ
1383 1205 1710 1276 παραίνεσις,
1780 1201 1915 1253 ὥστε

305 1289 511 1354 πολλοῖς
552 1295 642 1344 καὶ
677 1293 901 1344 θανάτου
945 1290 1196 1353 πολλάκις
1226 1295 1616 1364 καταφρόνησιν
1660 1288 1910 1363 ἐμποιεῖν·

303 1383 604 1453 γυμνασταί
665 1377 724 1434 δὲ
779 1385 870 1433 καὶ
927 1377 1288 1454 παιδοτριϐοι,
1343 1383 1476 1454 πρὸς
1529 1383 1652 1442 τοὺς
1708 1377 1756 1431 ἐν
1803 1385 1914 1442 τοῖς

306 1465 550 1532 σταδίοις
611 1467 817 1542 ἀγῶνας
881 1473 1004 1532 τούς
1063 1468 1349 1531 ἀθλοῦντας
1413 1471 1740 1542 πρσάγοντες
1778 1468 1910 1540 (67),

301 1557 464 1612 πολλά
505 1562 625 1634 περὶ
672 1565 766 1612 τοῦ
809 1566 1011 1633 χρῆναι
1067 1565 1238 1612 πονεῖν
1295 1559 1424 1632 ὑπὲρ
1483 1567 1582 1610 τῶν
1651 1558 1911 1630 στεφάνων

302 1643 708 1702 διακελεύονταιο
777 1650 912 1702 ὥστε
973 1653 1064 1702 καὶ
1133 1650 1552 1706 συνεπείσθησαν
1619 1646 1798 1701 πολλοι
1843 1653 1907 1720 τῇ

299 1742 420 1812 περὶ
475 1742 570 1798 τὴν
624 1743 772 1798 νίκην
822 1738 1093 1812 φιλοτιμίᾳ
1146 1747 1246 1792 τῶν
1306 1739 1564 1812 σωμάτων
1621 1732 1906 1810 ὑπεριδεῖν.

302 1830 406 1880 Καὶ
434 1831 605 1880 τοίνυν
649 1831 741 1880 καὶ
791 1826 928 1902 ἐμοὶ,
961 1831 1083 1890 τούς
1133 1835 1370 1902 Χριστοῦ
1415 1831 1743 1902 στρατιώτας
1779 1827 1914 1899 πρὸς

298 1919 389 1970 τόν
430 1918 566 1970 κατά
609 1925 710 1970 τῶν
753 1915 986 1992 ἀοράτῶν
1030 1916 1234 1992 ἐχθρῶν
1276 1916 1497 1990 πόλεμον
1541 1912 1908 1982 ὃιατάσσοντι,

299 2011 394 2058 καὶ
455 2009 577 2069 τοὺς
658 2005 886 2070 άθλητάς
953 2015 1051 2068 τῆς
1125 2005 1386 2068 εὐσεϐειας
1451 2004 1536 2058 ἐπὶ
1613 2009 1737 2066 τοὺς
1817 2013 1914 2068 τῆς

304 2091 653 2158 δικαιοσύνης
719 2097 1002 2170 στεφάνους
1068 2092 1162 2149 διὰ
1226 2104 1323 2158 τῆς
1389 2093 1692 2169 ἐγκρατείας
1746 2113 1914 2168 παρα-

304 2185 634 2252 σκευάζοντι,
663 2184 946 2258 ἀναγκαῖος
965 2186 992 2238 ό
1021 2185 1175 2258 λόγος
1198 2195 1295 2247 τῆς
1323 2183 1717 2260 παρακλήσεως.
1740 2188 1804 2237 Τί
1824 2179 1912 2236 οὖν

301 2293 459 2348 φημι,
492 2270 743 2348 ἀδελφοί;
781 2273 903 2327 Ὀτι
931 2278 1052 2336 τούς
1097 2277 1187 2350 μὲν
1217 2277 1284 2328 τὰ
1311 2275 1536 2327 τακτικά
1571 2272 1908 2347 μελετῶντας,

298 2367 392 2416 καὶ
435 2366 558 2426 τοὺς
608 2361 657 2416 ἒν
707 2363 1059 2441 παλαίστραις
1113 2364 1225 2437 (68)
1283 2360 1742 2436 διαπονουμένους,
1793 2359 1914 2414 ἀκό-

296 2451 484 2506 λουθόν
538 2451 651 2506 ἔστι
707 2461 770 2528 τῇ
832 2450 1082 2527 δαψιλείᾳ
1131 2461 1228 2516 τῆς
1283 2461 1480 2528 τροφῆς
1543 2457 1912 2526 κατασαρκοῦν

299 2541 536 2610 ἑαυτούς,
566 2545 636 2606 ὡς
662 2541 723 2596 ἂν
754 2547 1087 2620 εὐτονώτερον
1107 2551 1206 2596 τῶν
1231 2545 1398 2596 πόνων
1429 2539 1908 2614 ἀντιλαμϐάνοιντο·

297 2633 380 2693 οἷς
417 2627 478 2685 δὲ
543 2636 654 2685 Οὐκ
719 2635 858 2687 ἔστιν
898 2635 928 2693 ἡ
1001 2631 1134 2692 πάλη
1193 2635 1325 2708 πρὸς
1387 2630 1519 2704 uiua
1570 2632 1659 2683 καὶ
1719 2631 1909 2704 σάρκα,

302 2718 436 2774 ἀλλά
493 2725 628 2797 πρὸς
677 2724 772 2785 τὰς
839 2721 1034 2799 ἀρχὰς,
1101 2725 1232 2798 πρὸς
1295 2723 1390 2784 τὰς
1454 2719 1714 2788 ἓξουσιας,
1782 2723 1915 2795 πρὸς

299 2813 429 2872 τούς
482 2813 918 2888 κοσμοκράτορας
973 2819 1066 2865 τοῦ
1121 2815 1342 2874 σκότους
1401 2812 1602 2878 τούτον,
1660 2811 1793 2885 πρός
1846 2811 1915 2862 τά

300 2903 630 2974 πνευματικά
692 2910 789 2963 τῆς
839 2905 1113 2977 πονηρίας,
1169 2903 1375 2962 τούτοις
1427 2895 1522 2953 διὰ
1566 2906 1662 2960 τῆς
1718 2896 1910 2974 ἐγκρα-

299 2994 448 3052 τείας
488 2993 578 3043 καὶ
623 2999 720 3054 τῆς
759 2995 1007 3052 νηστείας
1054 2987 1336 3062 ἀναγκαῖόν
1383 2988 1497 3042 ἐστι
1543 2991 1603 3040 τὸ
1649 2989 1781 3063 πρὸς
1825 2989 1913 3040 τόν

304 3076 483 3150 ἀγῶνα
537 3079 1058 3154 καταγυμνάξεσθαι.
1127 3078 1335 3134 ’Ἑλειιον
1402 3081 1494 3152 μὲν
1555 3079 1658 3152 γὰρ
1719 3080 1916 3130 πιαίνει

302 3169 394 3220 τὸν
442 3165 690 3228 ἀθλητήν·
739 3173 958 3228 νηστεία
1003 3165 1064 3222 δέ
1103 3171 1192 3222 τόν
1237 3167 1475 3227 ἀσκητην
1504 3175 1602 3229 τῆς
1647 3163 1910 3226 εὐσεϐείας

301 3259 565 3331 κρατύνει.
611 3257 774 3312 Ὠστε
816 3257 936 3312 ὅσον
983 3259 1218 3335 ύφαιρεῖς
1260 3265 1357 3320 τῆς
1405 3259 1620 3332 σαρκὸς,
1659 3261 1908 3308 τοσοῦτον
1939 3233 1981 3290 C

301 3350 428 3406 ποιή
439 3355 618 3410 σειςτῆ
631 3356 988 3422 ςπνευματικῆ
1001 3368 1024 3411 ς
1035 3346 1232 3412 εὐεξίας
1244 3345 1536 3418 τὴνψυχην
1554 3342 1906 3419 ἀμοστιλϐειν.

301 3435 381 3488 Ού
409 3438 512 3512 γὰρ
554 3443 876 3511 σωματικοῖς
904 3441 1092 3505 τόνοις,
1305 3438 1556 3510 καρτερίᾳ
1591 3433 1780 3506 ψυχῆς
1821 3436 1911 3486 καὶ

297 3532 364 3598 τῇ
398 3528 530 3600 πρὸς
557 3527 652 3590 τὰς
699 3525 900 3599 θλίψεις
941 3527 1172 3600 ὑπομονῇ
1223 3528 1283 3578 τὸ
1313 3528 1446 3601 πρὸς
1488 3527 1610 3586 τοὺς
1655 3521 1910 3596 ἀοράτους

296 3612 530 3690 ἐχθρούς
555 3620 873 3690 περιγίνεται
908 3616 1118 3691 κράτος.

371 3707 424 3761 2.
463 3702 617 3758 Ἐστι
654 3707 746 3779 μὲν
775 3701 862 3758 οὖν
905 3705 1078 3758 πάντα
1104 3707 1191 3757 τὸν
1221 3706 1413 3780 χρόνον
1456 3704 1487 3762 ἡ
1529 3705 1746 3761 νηστεία
1773 3700 1910 3773 ὠφέ-

293 3792 449 3866 λιμος
489 3800 601 3856 τοῖς
647 3795 973 3869 αἱρουμένοις
1003 3793 1166 3852 αὐτὴν
1199 3792 1334 3866 (οὔτε
1376 3795 1478 3869 γὰρ
1520 3791 1736 3868 ἐπήρεια
1792 3785 1911 3843 δαι-

295 3885 466 3956 μόνων
491 3881 817 3956 κατατολμᾷ
860 3890 954 3936 τοῦ
995 3885 1354 3949 νηστεύοντος,
1401 3885 1488 3934 καὶ
1509 3883 1560 3934 οἱ
1589 3879 1704 3953 (69)
1753 3877 1910 3954 φύλα-

294 3989 386 4034 κες
423 3979 522 4034 τῆς
568 3971 708 4034 ζωῆς
753 3973 900 4045 ἡμῶν
947 3971 1160 4045 ἄγγελοι
1205 3971 1609 4046 φιλοπονώτερον
1662 3972 1904 4045 παραμέ-

292 4079 448 4113 νουσι
493 4067 604 4123 τοῖς
651 4057 747 4114 διὰ
790 4065 1036 4122 νηστείας
1080 4065 1174 4120 τὴν
1213 4059 1400 4133 ψυχὴν
1447 4057 1902 4135 κεκαθαρμένοις).

293 4148 468 4222 πολλῷ
497 4145 558 4203 δὲ
606 4148 757 4202 πλέον
807 4156 916 4218 νῦν,
973 4149 1057 4204 ὅτε
1103 4149 1174 4212 εἰς
1227 4155 1404 4203 πᾶσαν
1449 4152 1544 4208 τὴν
1598 4147 1904 4222 οἰκουμένην

291 4233 718 4313 περιαγγίλλεται
761 4241 821 4292 1'0
869 4244 1138 4314 κήρυγμα.
1172 4243 1274 4293 Καὶ
1303 4241 1421 4292 οὔτε
1469 4257 1544 4300 τις
1587 4246 1767 4305 νῆσος,
1810 4235 1906 4290 ούκ

291 4327 528 4402 ᾖπειρος,
572 4327 631 4381 ού
678 4327 847 4396 πόλις,
898 4329 992 4380 ούκ
1049 4329 1210 4396 ἔθνος,
1258 4327 1354 4381 ούκ
1401 4326 1635 4400 ἓσχατιὰ
1683 4325 1905 4388 ἀνήκοός

292 4415 411 4470 ἐστι
461 4424 552 4470 τοῦ
609 4419 968 4493 κηρύγματος.
1029 4415 1185 4472 Ἀλλά
1241 4422 1332 4470 καὶ
1401 4413 1756 4492 στρατόπεδα,
1813 4419 1902 4468 καὶ

291 4502 588 4581 ὁδοιπόροι,
619 4511 711 4559 καὶ
747 4505 1033 4582 πλωτῆρες,
1073 4511 1165 4559 καὶ
1207 4508 1444 4582 ἔμποροι,
1475 4507 1665 4568 πάντες
1711 4509 1902 4579 ὁμοίως

289 4599 384 4650 καὶ
441 4594 694 4650 ἀκούουσι
763 4604 856 4649 τοῦ
927 4595 1382 4672 παραγγέλματος,
1442 4599 1534 4647 καὶ
1595 4602 1902 4670 περιχαρῶς
1933 4589 1976 4644 D

289 4681 670 4758 ὑποδέχονται.
717 4684 881 4738 ’Ὥστε
927 4682 1118 4760 μηδεὶς
1171 4685 1352 4739 ἑαυτὸν
1407 4684 1502 4748 ἔξω
1548 4688 1761 4737 ποιείτω
1808 4690 1900 4736 τοῦ

287 4773 607 4846 καταλόγου.
647 4783 748 4828 τῶν
792 4779 1165 4843 νηστευόντων,
1214 4773 1264 4828 ἓν
1312 4775 1353 4826 ὦ
1399 4775 1572 4828 πάντα
1615 4777 1761 4846 γένη,
1811 4776 1902 4824 καὶ

287 4871 441 4919 πᾶσα
485 4863 683 4933 ἡλικία,
732 4869 823 4918 καὶ
870 4863 1176 4939 ἀξιωμάτων
1225 4861 1477 4940 διαφοραὶ
1526 4869 1696 4916 πᾶσαι
1741 4880 1902 4914 κατα-

286 4953 546 5029 λέγονται.
590 4952 838 5028 ’Ἂγγελοί
885 4953 1014 5008 εἰσιν
1071 4956 1122 5008 οἰ
1167 4953 1282 5008 καθ’
1336 4953 1562 5012 ἑκάστην
1620 4950 1900 5011 ἐκκλησίαν

359 5063 410 5108 ⁸³
447 5066 541 5120 lsa
565 5078 664 5134 XL,
699 5066 749 5119 1.
827 5062 876 5099 ⁵³
915 5061 1138 5137 Ephes.
1173 5077 1252 5132 τι,
1289 5065 1376 5118 t2.

386 5170 476 5245 (36)
507 5169 675 5245 Colb.
701 5169 1005 5245 secundus
1029 5169 1182 5242 λόγος
1201 5177 1642 5245 πρῶτοςεεεςιηο
1657 5169 1818 5245 prim
1828 5183 1896 5224 us

285 5239 468 5314 (30le
480 5241 689 5314 tertius
706 5239 860 5314 λόγος
879 5240 944 5297 α’.
957 5245 1072 5314 ita,
1092 5239 1251 5314 teste:
1269 5239 1654 5314 Cpmbeﬁsio,
1681 5239 1900 5309 legitur

281 5313 346 5369 in
365 5313 552 5382 Regio
565 5308 839 5386 quodam
860 5312 1092 5382 codice,
1113 5321 1176 5386 τῇ
1203 5308 1249 5366 ὃν
1269 5312 1420 5386 οὗτος
1440 5313 1466 5364 ό
1485 5308 1658 5386 λόγος,
1675 5308 1897 5386 quarta

281 5386 384 5441 die
401 5381 702 5441 recitatur
721 5384 821 5439 hic
838 5399 1054 5440 sermo.
1078 5381 1242 5441 Unus
1272 5383 1466 5440 codex
1489 5381 1894 5449 COlbertinus,

278 5471 470 5530 quem
500 5453 1120 5530 Combetisiusjocat
1149 5456 1458 5530 minorem,
1495 5453 1582 5511 sic
1616 5453 1805 5530 habet
1831 5453 1895 5530 in

277 5521 489 5602 prima
504 5527 798 5602 oratione,
811 5533 874 5602 τῇ
899 5521 946 5579 δ’
958 5535 1062 5602 1-25;
1080 5546 1174 5602 τυρ
1183 5535 1260 5586 ινῆ
1273 5527 1415 5602 ςΑΙιίσ
1431 5521 1624 5584 sermo
1643 5524 1901 5602 recitari

277 5597 433 5672 Solet
447 5598 544 5656 die
563 5607 788 5672 quarta
803 5597 940 5672 θῙιιε
948 5597 1359 5666 hebdomadis,
1372 5612 1494 5670 qua
1505 5598 1692 5655 cassis
1712 5597 1898 5672 utili-

279 5677 372 5730 cet
389 5670 475 5730 :in
491 5667 762 5728 secunda
776 5669 1100 5744 veroita,1-f;
1117 5667 1425 5746 παρασκευῇ
1445 5678 1508 5730 τῆ
1521 5690 1542 5733 ς
1553 5676 1734 5744 τυρινή⁹
1747 5667 1896 5737 ;,hic

1943 1885 1985 1940 Β

2411 542 2504 598 DE
2553 542 2834 600 JEJUNIO
2892 545 3194 604 HOMILIA
3242 548 3310 602 Il.

2100 663 2154 718 1.
2181 663 2636 736 Exhortamini,
2674 666 2892 742 inquit,
2930 669 3289 740 sacerdotes,
3326 673 3626 742 populum
3662 688 3677 729 :

2027 753 2344 825 loquimini
2359 754 2442 811 ad
2459 771 2636 813 aures
2653 759 2990 816 Jerusalem
3005 759 3075 812 ⁵³.
3119 761 3204 816 Ea
3233 758 3316 816 vis
3337 763 3430 816 est
3462 761 3684 818 oratio-

2025 841 2229 910 nis,ut
2256 849 2314 900 et
2345 844 2634 902 studiosis
2676 847 2876 920 possit
2905 847 3201 921 impetum
3249 848 3586 920 intendere,
3628 853 3688 908 et

2023 931 2264 1002 ignavis
2295 949 2367 990 ac
2391 933 2680 1004 segnibus
2701 935 2960 993 excitare
2989 936 3388 994 alacritatem.
3411 937 3580 994 Hanc
3601 937 3684 996 ob

2025 1037 2276 1079 causam
2312 1021 2499 1080 duces
2523 1039 2664 1080 cum
2685 1024 2880 1082 aciem
2905 1024 3232 1097 instruunt,
3255 1027 3684 1084 exhortatoriis

2025 1112 2402 1170 orationibus
2425 1117 2563 1170 ante
2585 1113 2940 1172 conﬂictum
2970 1114 3060 1172 uti
3089 1114 3304 1186 solent,
3327 1119 3684 1190 tantamque

2023 1200 2150 1258 vim
2193 1201 2382 1260 habet
2426 1219 2496 1260 ea
2545 1203 2904 1270 exhortatio,
2943 1208 3012 1262 ut
3049 1205 3468 1278 compluribus
3499 1205 3684 1263 etiam

2025 1291 2236 1348 mortis
2263 1296 2686 1366 contemptum
2729 1293 3076 1368 frequenter
3121 1293 3354 1352 afferat.
3403 1293 3686 1352 Similiter

2029 1381 2452 1438 exercitiorum
2475 1383 2752 1455 magistri
2773 1387 2830 1440 et
2856 1383 3234 1456 paedotribaa,
3258 1383 3311 1439 si
3337 1383 3588 1457 quando
3617 1383 3683 1440 in

2025 1469 2238 1528 stadiis
2287 1475 2622 1528 certaturos
2668 1471 3038 1546 producunt,
3083 1471 3290 1528 multis
3347 1473 3684 1530 admonent

2020 1559 2260 1618 labores
2287 1561 2635 1619 necessario
2661 1577 2773 1636 pro
2813 1561 3054 1619 coronis
3081 1561 3476 1638 perferendos
3506 1577 3678 1630 esse;

2022 1650 2300 1726 adeoque
2314 1651 2573 1710 victoriae
2593 1653 3040 1727 consequendaa
3053 1652 3252 1709 studio
3273 1651 3521 1709 adducti
3541 1655 3684 1708 sunt

2022 1740 2196 1798 multi
2215 1741 2298 1798 ad
2332 1757 2445 1798 sua
2469 1757 2726 1815 corpora
2753 1741 3222 1798 contemnenda.
3246 1740 3502 1797 Proinde
3520 1740 3683 1798 mihi

2021 1847 2288 1905 quoque,
2303 1831 2408 1904 qui
2429 1831 2644 1888 Christi
2665 1831 2884 1888 milites
2907 1831 2988 1888 ad
3007 1829 3234 1888 bellum
3256 1845 3396 1887 cum
3417 1830 3683 1887 invisibi-

2020 1919 2181 1978 libus
2203 1920 2480 1976 hostibus
2502 1919 2838 1990 gerendum
2859 1920 3114 1988 instruo,
3138 1924 3192 1978 et
3213 1919 3468 1977 athletas
3490 1919 3682 1993 pieta-

2022 2009 2094 2068 tis
2113 2025 2224 2083 per
2249 2011 2292 2080 1
2311 2011 2354 2080 ι
2392 2009 2822 2066 abstinentiam
2843 2024 3123 2082 praepara
3143 2009 3221 2066 ad
3237 2008 3484 2080 justitiae
3506 2023 3680 2065 coro-

2021 2115 2156 2168 nas,
2177 2115 2333 2172 opus
2352 2101 2443 2155 est
2461 2098 2732 2155 oratione
2751 2097 3178 2156 exhortatoria.
3207 2096 3366 2164 Quid
3387 2097 3569 2168 igitur
3591 2101 3684 2154 est

2020 2187 2189 2262 quod
2224 2188 2382 2257 dico,
2405 2187 2619 2245 fratres
2639 2189 2668 2246 ?
2708 2191 2932 2260 Nempe
2960 2186 3128 2262 quod
3147 2187 3222 2243 iis
3241 2185 3346 2260 qui
3365 2185 3598 2242 bellicis
3618 2186 3682 2242 in

2019 2277 2204 2336 rebus
2224 2282 2598 2348 exercentur,
2617 2277 2846 2351 quippe
2863 2276 2927 2333 in
2958 2274 3254 2349 palaestris
3273 2273 3560 2332 luctando
3580 2274 3683 2332 de-

2023 2366 2273 2430 sudant,
2300 2365 2600 2434 convenit,
2627 2369 2695 2422 ut
2722 2365 2901 2440 copia
2925 2364 3202 2422 ciborum
3238 2363 3498 2420 reddant
3526 2363 3684 2436 seip-

2021 2473 2122 2514 sos
2143 2455 2532 2532 corpulen'tos
2555 2460 2613 2514 et
2630 2455 2851 2513 obesos
2875 2474 2888 2525 ;
2921 2454 3198 2512 videlicet
3232 2469 3357 2528 quo
3375 2452 3682 2510 validiori-

2019 2545 2138 2602 bus
2157 2546 2360 2604 nervis
2379 2545 2620 2603 labores
2647 2549 2878 2619 queant
2895 2559 3211 2618 capessere
3237 2561 3251 2600 :
3275 2547 3487 2600 contra
3509 2557 3677 2614 vero,

2021 2637 2264 2714 quibus.
2285 2637 2424 2694 Non
2445 2642 2531 2695 est
2552 2637 2900 2694 colluctatio
2931 2636 3223 2693 adversus
3246 2633 3602 2706 sanguinem
3623 2638 3680 2690 et

2021 2744 2283 2800 carnem,
2307 2727 2413 2784 sed
2439 2727 2730 2784 adversus
2745 2727 3148 2796 principatus,
3172 2723 3462 2781 adversus
3483 2726 3676 2792 potes-

2021 2825 2194 2887 tates,
2217 2819 2510 2874 adversus
2544 2816 2760 2873 mundi
2801 2816 3076 2872 dominos
3135 2813 3522 2871 tenebrarum
3571 2811 3678 2868 ha-

2019 2924 2178 2974 rum,
2210 2907 2498 2964 adversus
2527 2905 2870 2976 spirituales
2891 2904 3192 2976 nequitias
3211 2903 3280 2976 ⁵³,
3304 2902 3418 2958 hos
3441 2904 3682 2976 oportet

2019 3013 2129 3072 per
2139 2995 2524 3054 sobrietatem
2548 3010 2618 3052 ac
2635 2993 2940 3066 jejunium
2960 2993 3042 3050 ad
3062 2996 3370 3050 certamen
3391 2992 3676 3047 exerceri.

2017 3087 2250 3144 Etenim
2278 3084 2808 3160 quemadmodum
2850 3083 3054 3140 oleum
3083 3079 3456 3156 pinguefacit
3491 3080 3679 3137 athle-

2020 3180 2145 3234 tam
2169 3193 2183 3233 :
2206 3175 2290 3233 ita
2306 3174 2606 3248 jejunium
2629 3172 2816 3230 robur
2836 3171 3008 3230 addit
3034 3171 3088 3228 ei
3124 3171 3230 3245 qui
3273 3170 3354 3228 ad
3392 3170 3677 3244 pietatem

2019 3269 2256 3323 exercet
2293 3279 2447 3320 sese.
2491 3263 2703 3336 itaque
2739 3264 3040 3336 quantum
3079 3258 3450 3317 subtraxeris
3486 3256 3677 3327 carni,

2017 3359 2184 3413 tanto
2202 3353 2420 3412 reddes
2438 3353 2710 3410 animam
2729 3351 2896 3410 bona
2911 3349 3266 3408 habitudine
3284 3347 3535 3422 spiritali
3549 3345 3681 3404 niti-

2018 3445 2319 3503 tidiorem.
2361 3447 2490 3501 Non
2522 3443 2686 3500 enim
2717 3459 2791 3498 ex
2837 3441 3070 3499 viribus
3111 3437 3404 3512 corporis.
3449 3435 3555 3494 sed
3601 3450 3678 3492 ex

2019 3534 2208 3592 animi
2237 3533 2554 3590 tolerantia
2581 3536 2764 3606 atque
2801 3532 2864 3587 in
2907 3528 3340 3587 afﬂictionibus
3386 3525 3679 3601 patientia

2019 3621 2318 3679 adversus
2336 3621 2538 3677 hostes
2559 3617 2892 3676 invisibiles
2921 3617 3110 3674 robur
3136 3609 3424 3690 suppetit.

2088 3715 2142 3768 2.
2166 3713 2266 3767 Est
2292 3707 2541 3782 quidem
2574 3707 2875 3780 jejunium
2913 3705 3080 3764 omni
3119 3710 3392 3778 tempore
3411 3695 3578 3770 uiile,
3599 3700 3676 3758 iis

2019 3801 2123 3876 qui
2137 3799 2370 3856 lubenti
2391 3797 2601 3856 animo
2620 3796 2770 3854 illud
2791 3795 3131 3870 suscipiunt
3150 3796 3370 3867 (neque
3391 3791 3557 3848 enim
3585 3805 3678 3846 as-

2019 3890 2214 3948 sultus
2234 3889 2584 3946 daemonum
2611 3887 2950 3962 quidquam
2989 3883 3173 3943 audet
3211 3883 3499 3940 adversus
3523 3881 3678 3954 jeju-

2014 3995 2136 4038 nan
2145 3983 2264 4037 tem
2284 3994 2355 4034 ac
2372 3977 2509 4034 vitae
2529 3980 2752 4034 nostras
2773 3974 3056 4032 custodes
3095 3972 3293 4045 angeli
3323 3970 3674 4042 diligentius

2013 4071 2239 4129 adsunt
2255 4069 2328 4126 iis
2347 4067 2453 4142 qui
2464 4066 2701 4139 jejunio
2738 4069 3064 4140 purgatam
3081 4064 3314 4122 habent
3331 4059 3625 4132 animam)
3657 4076 3672 4116 :

2014 4159 2125 4218 sed
2152 4157 2344 4216 multo
2365 4157 2563 4227 magis
2581 4155 2699 4214 hoc
2717 4159 3014 4230 tempore,
3036 4171 3161 4228 quo
3181 4168 3290 4227 per
3315 4155 3676 4209 universum

2017 4255 2309 4308 terrarum
2330 4247 2543 4306 orbem
2564 4246 2836 4320 undique
2877 4245 3266 4302 denuntiatur
3293 4241 3506 4315 jejunii
3527 4255 3676 4313 prte-

2013 4339 2282 4397 conium.
2305 4340 2421 4394 Nec
2457 4335 2580 4393 ulla
2617 4339 2708 4393 est
2735 4334 2958 4402 insula,
2992 4349 3103 4390 nec
3127 4333 3252 4390 ulla
3282 4337 3442 4390 terra
3483 4327 3674 4386 conti-

2012 4445 2189 4500 nens,
2218 4443 2342 4486 non
2381 4426 2614 4495 civitas,
2647 4441 2773 4483 non
2803 4441 2952 4498 gens
3002 4423 3149 4489 ulla,
3190 4437 3316 4480 non
3363 4426 3676 4478 extremus

2012 4517 2226 4576 mundi
2251 4516 2532 4588 angulus,
2555 4515 2661 4572 ubi
2687 4530 2810 4572 non
2840 4514 3124 4571 audiatur
3143 4512 3358 4584 jejunii
3382 4511 3672 4568 edictum.

2012 4609 2164 4678 Quin
2193 4613 2252 4666 et
2281 4605 2598 4674 exercitus,
2629 4611 2689 4662 et
2733 4606 3014 4675 viatores,
3049 4607 3108 4660 et
3135 4609 3362 4664 nautas,
3403 4608 3461 4658 et
3490 4617 3674 4672 nego—

2011 4697 2502 4768 tiatores,omnes
2521 4693 2746 4768 pariter
2766 4693 3026 4750 audiunt
3045 4691 3331 4760 edictum,
3351 4694 3408 4747 et
3428 4706 3672 4747 summo

2011 4786 2238 4859 gaudio
2259 4785 2594 4858 excipiunt.
2618 4785 2698 4840 Ne
2719 4781 2858 4856 quis
2876 4779 3058 4852 igitur
3081 4784 3270 4836 semet
3289 4778 3580 4837 excludat
3631 4795 3670 4836 a

2008 4890 2268 4932 numero
2293 4872 2724 4945 jejunantium,
2756 4870 2820 4926 in
2870 4884 2996 4942 quo
3034 4883 3216 4925 omne
3255 4883 3448 4939 genus
3477 4865 3674 4922 homi-

2009 4979 2182 5035 num,
2215 4961 2414 5022 omnis
2442 4965 2614 5032 tetas,
2644 4975 2860 5018 omnes
2889 4957 3258 5032 dignitatum
3287 4955 3534 5013 ordines
3579 4971 3673 5013 re-

1997 5178 2200 5221 sermo
2221 5162 2519 5218 recitatur
2535 5158 2634 5214 die
2652 5163 2826 5216 sexta
2846 5159 2976 5228 ejus
2997 5156 3410 5223 hebdomadis,
3431 5170 3552 5282 gua
3574 5169 3674 5212 ca-

2007 5237 2120 5282 seis
2139 5235 2238 5282 uti.
2259 5233 2414 5282 licet.
2434 5232 2606 5282 Putat
2625 5234 2826 5282 autem
2847 5229 2940 5282 vir
2958 5227 3424 5282 doctissimus.li
3477 5226 3671 5282 rarios

2007 5237 2120 5292 seis
2139 5235 2238 5290 uti
2259 5233 2414 5288 licet.
2434 5232 2606 5287 Putat
2625 5234 2826 5285 autem
2847 5227 2940 5284 vir
2958 5227 3671 5293 doctissimus,librarios

2007 5307 2138 5362 haec
2157 5321 2230 5362 eo
2251 5309 2522 5370 notasse,
2543 5307 2609 5358 ut
2631 5299 3042 5356 Ecclesiarum
3095 5315 3350 5356 suarum
3389 5299 3542 5354 ritus
3568 5298 3675 5370 dc-

2007 5377 2324 5434 clararent.
2343 5369 2518 5446 Plura
2529 5372 2635 5446 qui
2655 5371 2979 5446 cup_i_t,ejus
2991 5376 3202 5446 notam
3215 5370 3414 5442 legere
3431 5369 3670 5446 poterit.

2077 5449 2192 5530 (67)
2250 5445 2496 5530 A‘ntiqui
2550 5442 2680 5530 11:98
2737 5442 2882 5530 libri
2939 5442 3226 5504 ἀθλοῦντας
3276 5443 3662 5518 προσάγοντες.

2004 5513 2388 5588 Αιίιεεόοᾱβι
2409 5513 2639 5591 etcditi
2669 5513 3008 5591 προὴοντες.

2077 5593 2189 5661 (68)
2236 5585 2376 5659 Reg.
2399 5589 2636 5661 primus
2663 5585 2790 5661 τούς
2817 5585 2879 5661 ἓν
2891 5587 3229 5661 παλαίστρᾳ.

2077 5657 2196 5736 (69)
2237 5657 2622 5718 Unus'codex
2653 5657 2822 5717 Colb.
2857 5657 2986 5712 ἀλλὰ
3009 5661 3101 5713 καὶ
3131 5657 3201 5716 σε.
