  <div class='ocr_page' id='page_1' title='image "/cluster/home/n/w/nwhite01/storage/ocr_20150623/31:no.3/coo.31924054869288/105.png"; bbox 0 0 4124 6400; ppageno 0'>
   <div class='ocr_carea' id='block_1_1' title="bbox 494 311 595 368">
    <p class='ocr_par' dir='ltr' id='par_1_1' title="bbox 494 311 595 368">
     <span class='ocr_line' id='line_1_1' title="bbox 494 311 595 368; baseline -0.02 0"><span class='ocrx_word' id='word_1_1' title='bbox 494 311 595 368; x_wconf 70' lang='grc'><strong>187</strong></span> 
     </span>
    </p>
   </div>
   <div class='ocr_carea' id='block_1_2' title="bbox 1844 302 2500 364">
    <p class='ocr_par' dir='ltr' id='par_1_2' title="bbox 1844 302 2500 364">
     <span class='ocr_line' id='line_1_2' title="bbox 1844 302 2500 364; baseline -0.005 0"><span class='ocrx_word' id='word_1_2' title='bbox 1844 305 1904 364; x_wconf 88' lang='lat' dir='ltr'><strong>S.</strong></span> <span class='ocrx_word' id='word_1_3' title='bbox 1948 302 2203 362; x_wconf 80' lang='lat' dir='ltr'><strong>BASILII</strong></span> <span class='ocrx_word' id='word_1_4' title='bbox 2257 303 2500 362; x_wconf 71' lang='lat' dir='ltr'><strong>MAGNI.</strong></span> 
     </span>
    </p>
   </div>
   <div class='ocr_carea' id='block_1_3' title="bbox 3759 308 3858 363">
    <p class='ocr_par' dir='ltr' id='par_1_3' title="bbox 3759 308 3858 363">
     <span class='ocr_line' id='line_1_3' title="bbox 3759 308 3858 363; baseline 0.01 -1"><span class='ocrx_word' id='word_1_5' title='bbox 3759 308 3858 363; x_wconf 81' lang='grc'><strong>188</strong></span> 
     </span>
    </p>
   </div>
   <div class='ocr_carea' id='block_1_4' title="bbox 491 427 2150 506">
    <p class='ocr_par' dir='ltr' id='par_1_4' title="bbox 491 428 2139 506">
     <span class='ocr_line' id='line_1_4' title="bbox 491 428 2139 506; baseline -0.003 -15"><span class='ocrx_word' id='word_1_6' title='bbox 491 436 830 493; x_wconf 83' lang='lat' dir='ltr'><strong>censentur.</strong></span> <span class='ocrx_word' id='word_1_7' title='bbox 863 432 1074 503; x_wconf 75' lang='lat' dir='ltr'><strong>Angeli</strong></span> <span class='ocrx_word' id='word_1_8' title='bbox 1119 437 1262 490; x_wconf 90' lang='lat' dir='ltr'><strong>sunt</strong></span> <span class='ocrx_word' id='word_1_9' title='bbox 1310 432 1415 506; x_wconf 89' lang='lat' dir='ltr'><strong>qui</strong></span> <span class='ocrx_word' id='word_1_10' title='bbox 1460 432 1523 490; x_wconf 89' lang='lat' dir='ltr'><strong>in</strong></span> <span class='ocrx_word' id='word_1_11' title='bbox 1572 429 1827 503; x_wconf 82' lang='lat' dir='ltr'><strong>singulis</strong></span> <span class='ocrx_word' id='word_1_12' title='bbox 1870 428 2139 486; x_wconf 90' lang='lat' dir='ltr'><strong>ecclesiis</strong></span> 
     </span>
    </p>
   </div>
   <div class='ocr_carea' id='block_1_5' title="bbox 2259 427 3859 506">
    <p class='ocr_par' dir='ltr' id='par_1_5' title="bbox 2259 427 3859 506">
     <span class='ocr_line' id='line_1_5' title="bbox 2259 427 3859 506; baseline 0.001 -23"><span class='ocrx_word' id='word_1_13' title='bbox 2259 428 2674 505; x_wconf 70' lang='grc' dir='ltr'><strong>ἀπογραφόμενοι</strong></span> <span class='ocrx_word' id='word_1_14' title='bbox 2729 431 2850 490; x_wconf 84' lang='grc' dir='ltr'>τούς</span> <span class='ocrx_word' id='word_1_15' title='bbox 2906 428 3270 490; x_wconf 85' lang='grc' dir='ltr'>νηστεύοντας.</span> <span class='ocrx_word' id='word_1_16' title='bbox 3316 428 3452 504; x_wconf 84' lang='grc' dir='ltr'>Ὅρα</span> <span class='ocrx_word' id='word_1_17' title='bbox 3498 434 3569 503; x_wconf 80' lang='grc' dir='ltr'>μὴ</span> <span class='ocrx_word' id='word_1_18' title='bbox 3618 427 3713 484; x_wconf 78' lang='grc' dir='ltr'><strong>διὰ</strong></span> <span class='ocrx_word' id='word_1_19' title='bbox 3765 453 3859 506; x_wconf 87' lang='grc' dir='ltr'>μι-</span> 
     </span>
    </p>
   </div>
   <div class='ocr_carea' id='block_1_6' title="bbox 487 518 2141 595">
    <p class='ocr_par' dir='ltr' id='par_1_6' title="bbox 487 518 2141 595">
     <span class='ocr_line' id='line_1_6' title="bbox 487 518 2141 595; baseline -0.004 -15"><span class='ocrx_word' id='word_1_20' title='bbox 487 523 841 580; x_wconf 88' lang='lat' dir='ltr'><strong>describunt</strong></span> <span class='ocrx_word' id='word_1_21' title='bbox 867 538 938 579; x_wconf 89' lang='lat' dir='ltr'><strong>ac</strong></span> <span class='ocrx_word' id='word_1_22' title='bbox 977 526 1301 579; x_wconf 89' lang='lat' dir='ltr'><strong>recensunt</strong></span> <span class='ocrx_word' id='word_1_23' title='bbox 1319 521 1725 595; x_wconf 86' lang='lat' dir='ltr'><strong>jejunantium</strong></span> <span class='ocrx_word' id='word_1_24' title='bbox 1757 519 1973 592; x_wconf 81' lang='lat' dir='ltr'><strong>capita.</strong></span> <span class='ocrx_word' id='word_1_25' title='bbox 2003 518 2141 574; x_wconf 82' lang='lat' dir='ltr'><strong>Vide</strong></span> 
     </span>
    </p>
   </div>
   <div class='ocr_carea' id='block_1_7' title="bbox 489 606 2142 685">
    <p class='ocr_par' dir='ltr' id='par_1_7' title="bbox 489 606 2142 685">
     <span class='ocr_line' id='line_1_7' title="bbox 489 606 2142 685; baseline -0.005 -15"><span class='ocrx_word' id='word_1_26' title='bbox 489 628 568 670; x_wconf 87' lang='lat' dir='ltr'><strong>ne</strong></span> <span class='ocrx_word' id='word_1_27' title='bbox 586 612 666 670; x_wconf 90' lang='lat' dir='ltr'><strong>ob</strong></span> <span class='ocrx_word' id='word_1_28' title='bbox 689 627 943 685; x_wconf 90' lang='lat' dir='ltr'><strong>parvam</strong></span> <span class='ocrx_word' id='word_1_29' title='bbox 964 611 1307 669; x_wconf 88' lang='lat' dir='ltr'><strong>eduliorum</strong></span> <span class='ocrx_word' id='word_1_30' title='bbox 1344 612 1719 684; x_wconf 88' lang='lat' dir='ltr'><strong>voluptatem</strong></span> <span class='ocrx_word' id='word_1_31' title='bbox 1746 608 1926 665; x_wconf 85' lang='lat' dir='ltr'>simul</span> <span class='ocrx_word' id='word_1_32' title='bbox 1950 611 2007 663; x_wconf 92' lang='lat' dir='ltr'><strong>et</strong></span> <span class='ocrx_word' id='word_1_33' title='bbox 2026 606 2142 680; x_wconf 89' lang='lat' dir='ltr'><strong>pri-</strong></span> 
     </span>
    </p>
   </div>
   <div class='ocr_carea' id='block_1_8' title="bbox 488 695 2143 773">
    <p class='ocr_par' dir='ltr' id='par_1_8' title="bbox 488 695 2143 773">
     <span class='ocr_line' id='line_1_8' title="bbox 488 695 2143 773; baseline -0.004 -15"><span class='ocrx_word' id='word_1_34' title='bbox 488 702 646 759; x_wconf 82' lang='lat' dir='ltr'><strong>veris</strong></span> <span class='ocrx_word' id='word_1_35' title='bbox 669 699 870 772; x_wconf 84' lang='lat' dir='ltr'><strong>angeli</strong></span> <span class='ocrx_word' id='word_1_36' title='bbox 906 701 1287 771; x_wconf 82' lang='lat' dir='ltr'><strong>recensione,</strong></span> <span class='ocrx_word' id='word_1_37' title='bbox 1310 704 1369 758; x_wconf 87' lang='lat' dir='ltr'><strong>et</strong></span> <span class='ocrx_word' id='word_1_38' title='bbox 1389 700 1650 773; x_wconf 88' lang='lat' dir='ltr'><strong>teipsnm</strong></span> <span class='ocrx_word' id='word_1_39' title='bbox 1673 698 1842 770; x_wconf 90' lang='lat' dir='ltr'><strong>apud</strong></span> <span class='ocrx_word' id='word_1_40' title='bbox 1864 713 2006 753; x_wconf 90' lang='lat' dir='ltr'><strong>eum</strong></span> <span class='ocrx_word' id='word_1_41' title='bbox 2037 695 2143 769; x_wconf 87' lang='lat' dir='ltr'><strong>qui</strong></span> 
     </span>
    </p>
   </div>
   <div class='ocr_carea' id='block_1_9' title="bbox 494 786 2145 862">
    <p class='ocr_par' dir='ltr' id='par_1_9' title="bbox 494 786 2145 862">
     <span class='ocr_line' id='line_1_9' title="bbox 494 786 2145 862; baseline -0.004 -14"><span class='ocrx_word' id='word_1_42' title='bbox 494 792 818 849; x_wconf 85' lang='lat' dir='ltr'><strong>exercitum</strong></span> <span class='ocrx_word' id='word_1_43' title='bbox 849 790 1106 862; x_wconf 83' lang='lat' dir='ltr'><strong>collegit,</strong></span> <span class='ocrx_word' id='word_1_44' title='bbox 1128 790 1460 847; x_wconf 83' lang='lat' dir='ltr'><strong>obnoxium</strong></span> <span class='ocrx_word' id='word_1_45' title='bbox 1480 789 1670 847; x_wconf 81' lang='lat' dir='ltr'><strong>facias</strong></span> <span class='ocrx_word' id='word_1_46' title='bbox 1689 787 2016 845; x_wconf 81' lang='lat' dir='ltr'><strong>desertoris</strong></span> <span class='ocrx_word' id='word_1_47' title='bbox 2037 786 2145 843; x_wconf 86' lang='lat' dir='ltr'><strong>cri-</strong></span> 
     </span>
    </p>
   </div>
   <div class='ocr_carea' id='block_1_10' title="bbox 490 876 2142 953">
    <p class='ocr_par' dir='ltr' id='par_1_10' title="bbox 490 876 2142 953">
     <span class='ocr_line' id='line_1_10' title="bbox 490 876 2142 953; baseline -0.005 -15"><span class='ocrx_word' id='word_1_48' title='bbox 490 880 661 939; x_wconf 87' lang='lat' dir='ltr'><strong>mini.</strong></span> <span class='ocrx_word' id='word_1_49' title='bbox 683 880 873 938; x_wconf 78' lang='lat' dir='ltr'><strong>Minus</strong></span> <span class='ocrx_word' id='word_1_50' title='bbox 894 879 1230 953; x_wconf 89' lang='lat' dir='ltr'><strong>periculum</strong></span> <span class='ocrx_word' id='word_1_51' title='bbox 1255 879 1425 947; x_wconf 86' lang='lat' dir='ltr'><strong>foret,</strong></span> <span class='ocrx_word' id='word_1_52' title='bbox 1451 879 1500 936; x_wconf 91' lang='lat' dir='ltr'><strong>si</strong></span> <span class='ocrx_word' id='word_1_53' title='bbox 1537 878 1676 952; x_wconf 85' lang='lat' dir='ltr'><strong>quis</strong></span> <span class='ocrx_word' id='word_1_54' title='bbox 1698 876 1988 948; x_wconf 86' lang='lat' dir='ltr'><strong>fugiendo</strong></span> <span class='ocrx_word' id='word_1_55' title='bbox 2009 891 2142 931; x_wconf 87' lang='lat' dir='ltr'><strong>scu-</strong></span> 
     </span>
    </p>
   </div>
   <div class='ocr_carea' id='block_1_11' title="bbox 490 965 2146 1042">
    <p class='ocr_par' dir='ltr' id='par_1_11' title="bbox 490 965 2146 1042">
     <span class='ocr_line' id='line_1_11' title="bbox 490 965 2146 1042; baseline -0.004 -15"><span class='ocrx_word' id='word_1_56' title='bbox 490 973 621 1027; x_wconf 86' lang='lat' dir='ltr'><strong>tum</strong></span> <span class='ocrx_word' id='word_1_57' title='bbox 637 969 699 1026; x_wconf 90' lang='lat' dir='ltr'><strong>in</strong></span> <span class='ocrx_word' id='word_1_58' title='bbox 724 969 851 1026; x_wconf 85' lang='lat' dir='ltr'><strong>acie</strong></span> <span class='ocrx_word' id='word_1_59' title='bbox 873 969 1134 1042; x_wconf 90' lang='lat' dir='ltr'><strong>abjicere</strong></span> <span class='ocrx_word' id='word_1_60' title='bbox 1153 967 1724 1042; x_wconf 85' lang='lat' dir='ltr'><strong>deprehenderetur,</strong></span> <span class='ocrx_word' id='word_1_61' title='bbox 1738 982 1928 1041; x_wconf 90' lang='lat' dir='ltr'><strong>quam</strong></span> <span class='ocrx_word' id='word_1_62' title='bbox 1951 965 2001 1021; x_wconf 89' lang='lat' dir='ltr'><strong>si</strong></span> <span class='ocrx_word' id='word_1_63' title='bbox 2021 980 2146 1021; x_wconf 91' lang='lat' dir='ltr'><strong>ma-</strong></span> 
     </span>
    </p>
   </div>
   <div class='ocr_carea' id='block_1_12' title="bbox 491 1054 2143 1130">
    <p class='ocr_par' dir='ltr' id='par_1_12' title="bbox 491 1054 2143 1130">
     <span class='ocr_line' id='line_1_12' title="bbox 491 1054 2143 1130; baseline -0.004 -15"><span class='ocrx_word' id='word_1_64' title='bbox 491 1073 683 1130; x_wconf 89' lang='lat' dir='ltr'><strong>gnum</strong></span> <span class='ocrx_word' id='word_1_65' title='bbox 711 1058 860 1115; x_wconf 86' lang='lat' dir='ltr'><strong>illud</strong></span> <span class='ocrx_word' id='word_1_66' title='bbox 882 1063 1123 1115; x_wconf 86' lang='lat' dir='ltr'><strong>scutum</strong></span> <span class='ocrx_word' id='word_1_67' title='bbox 1150 1058 1453 1129; x_wconf 86' lang='lat' dir='ltr'><strong>jejunium</strong></span> <span class='ocrx_word' id='word_1_68' title='bbox 1482 1056 1761 1114; x_wconf 88' lang='lat' dir='ltr'><strong>videatur</strong></span> <span class='ocrx_word' id='word_1_69' title='bbox 1789 1054 2143 1128; x_wconf 77' lang='lat' dir='ltr'><strong>proiecisse.</strong></span> 
     </span>
    </p>
   </div>
   <div class='ocr_carea' id='block_1_13' title="bbox 491 1142 2145 1218">
    <p class='ocr_par' dir='ltr' id='par_1_13' title="bbox 491 1142 2145 1218">
     <span class='ocr_line' id='line_1_13' title="bbox 491 1142 2145 1218; baseline -0.003 -14"><span class='ocrx_word' id='word_1_70' title='bbox 491 1148 665 1204; x_wconf 86' lang='lat' dir='ltr'><strong>Dives</strong></span> <span class='ocrx_word' id='word_1_71' title='bbox 685 1148 789 1204; x_wconf 83' lang='lat' dir='ltr'><strong>es?</strong></span> <span class='ocrx_word' id='word_1_72' title='bbox 809 1150 889 1204; x_wconf 89' lang='lat' dir='ltr'><strong>Ne</strong></span> <span class='ocrx_word' id='word_1_73' title='bbox 905 1148 986 1218; x_wconf 91' lang='lat' dir='ltr'><strong>jej</strong></span> <span class='ocrx_word' id='word_1_74' title='bbox 997 1147 1207 1204; x_wconf 90' lang='lat' dir='ltr'><strong>unium</strong></span> <span class='ocrx_word' id='word_1_75' title='bbox 1227 1145 1500 1203; x_wconf 82' lang='lat' dir='ltr'><strong>effeceris</strong></span> <span class='ocrx_word' id='word_1_76' title='bbox 1530 1142 1919 1212; x_wconf 80' lang='lat' dir='ltr'><strong>contumelia,</strong></span> <span class='ocrx_word' id='word_1_77' title='bbox 1942 1142 2145 1200; x_wconf 82' lang='lat' dir='ltr'><strong>exclu-</strong></span> 
     </span>
    </p>
   </div>
   <div class='ocr_carea' id='block_1_14' title="bbox 490 1234 2148 1302">
    <p class='ocr_par' dir='ltr' id='par_1_14' title="bbox 490 1234 2148 1302">
     <span class='ocr_line' id='line_1_14' title="bbox 490 1234 2148 1302; baseline -0.002 -9"><span class='ocrx_word' id='word_1_78' title='bbox 490 1235 644 1293; x_wconf 90' lang='lat' dir='ltr'><strong>dens</strong></span> <span class='ocrx_word' id='word_1_79' title='bbox 672 1236 819 1293; x_wconf 90' lang='lat' dir='ltr'><strong>illud</strong></span> <span class='ocrx_word' id='word_1_80' title='bbox 841 1236 1147 1294; x_wconf 78' lang='lat' dir='ltr'><strong>fastidiose</strong></span> <span class='ocrx_word' id='word_1_81' title='bbox 1179 1252 1215 1292; x_wconf 93' lang='lat' dir='ltr'><strong>a</strong></span> <span class='ocrx_word' id='word_1_82' title='bbox 1244 1252 1471 1293; x_wconf 64' lang='lat' dir='ltr'><strong>mensus</strong></span> <span class='ocrx_word' id='word_1_83' title='bbox 1510 1238 1627 1292; x_wconf 80' lang='lat' dir='ltr'><strong>tuae</strong></span> <span class='ocrx_word' id='word_1_84' title='bbox 1652 1234 1979 1302; x_wconf 90' lang='lat' dir='ltr'><strong>consortio,</strong></span> <span class='ocrx_word' id='word_1_85' title='bbox 1999 1248 2148 1289; x_wconf 87' lang='lat' dir='ltr'><strong>neve</strong></span> 
     </span>
    </p>
   </div>
   <div class='ocr_carea' id='block_1_15' title="bbox 491 1321 2150 1400">
    <p class='ocr_par' dir='ltr' id='par_1_15' title="bbox 491 1321 2150 1400">
     <span class='ocr_line' id='line_1_15' title="bbox 491 1321 2150 1400; baseline -0.002 -17"><span class='ocrx_word' id='word_1_86' title='bbox 491 1324 729 1400; x_wconf 80' lang='lat' dir='ltr'><strong>absque</strong></span> <span class='ocrx_word' id='word_1_87' title='bbox 750 1325 873 1383; x_wconf 90' lang='lat' dir='ltr'><strong>ullo</strong></span> <span class='ocrx_word' id='word_1_88' title='bbox 891 1326 1119 1383; x_wconf 88' lang='lat' dir='ltr'><strong>honore</strong></span> <span class='ocrx_word' id='word_1_89' title='bbox 1140 1341 1172 1382; x_wconf 93' lang='lat' dir='ltr'><strong>e</strong></span> <span class='ocrx_word' id='word_1_90' title='bbox 1192 1325 1377 1382; x_wconf 90' lang='lat' dir='ltr'><strong>domo</strong></span> <span class='ocrx_word' id='word_1_91' title='bbox 1400 1329 1502 1382; x_wconf 88' lang='lat' dir='ltr'><strong>tua</strong></span> <span class='ocrx_word' id='word_1_92' title='bbox 1537 1324 1743 1398; x_wconf 90' lang='lat' dir='ltr'><strong>ipsum</strong></span> <span class='ocrx_word' id='word_1_93' title='bbox 1763 1321 2077 1397; x_wconf 86' lang='lat' dir='ltr'><strong>expuleris,</strong></span> <span class='ocrx_word' id='word_1_94' title='bbox 2111 1338 2150 1379; x_wconf 90' lang='lat' dir='ltr'><strong>a</strong></span> 
     </span>
    </p>
   </div>
   <div class='ocr_carea' id='block_1_16' title="bbox 490 1412 2149 1488">
    <p class='ocr_par' dir='ltr' id='par_1_16' title="bbox 490 1412 2149 1488">
     <span class='ocr_line' id='line_1_16' title="bbox 490 1412 2149 1488; baseline -0.002 -17"><span class='ocrx_word' id='word_1_95' title='bbox 490 1414 802 1488; x_wconf 80' lang='lat' dir='ltr'><strong>voluptate</strong></span> <span class='ocrx_word' id='word_1_96' title='bbox 813 1414 1037 1471; x_wconf 89' lang='lat' dir='ltr'><strong>victum</strong></span> <span class='ocrx_word' id='word_1_97' title='bbox 1060 1430 1130 1471; x_wconf 91' lang='lat' dir='ltr'><strong>ac</strong></span> <span class='ocrx_word' id='word_1_98' title='bbox 1151 1417 1504 1487; x_wconf 84' lang='lat' dir='ltr'><strong>superatum</strong></span> <span class='ocrx_word' id='word_1_99' title='bbox 1522 1430 1534 1479; x_wconf 94' lang='lat'>;</span> <span class='ocrx_word' id='word_1_100' title='bbox 1551 1412 1879 1486; x_wconf 85' lang='lat' dir='ltr'><strong>nequando</strong></span> <span class='ocrx_word' id='word_1_101' title='bbox 1896 1416 1954 1467; x_wconf 90' lang='lat' dir='ltr'><strong>te</strong></span> <span class='ocrx_word' id='word_1_102' title='bbox 1975 1427 2149 1468; x_wconf 90' lang='lat' dir='ltr'><strong>reum</strong></span> 
     </span>
    </p>
   </div>
   <div class='ocr_carea' id='block_1_17' title="bbox 489 1501 2151 1576">
    <p class='ocr_par' dir='ltr' id='par_1_17' title="bbox 489 1501 2151 1576">
     <span class='ocr_line' id='line_1_17' title="bbox 489 1501 2151 1576; baseline -0.002 -17"><span class='ocrx_word' id='word_1_103' title='bbox 489 1507 743 1576; x_wconf 79' lang='lat' dir='ltr'><strong>peragat</strong></span> <span class='ocrx_word' id='word_1_104' title='bbox 766 1502 934 1576; x_wconf 88' lang='lat' dir='ltr'><strong>apud</strong></span> <span class='ocrx_word' id='word_1_105' title='bbox 958 1502 1337 1575; x_wconf 90' lang='lat' dir='ltr'><strong>jejuniorum</strong></span> <span class='ocrx_word' id='word_1_106' title='bbox 1366 1501 1793 1573; x_wconf 88' lang='lat' dir='ltr'><strong>legislatorem,</strong></span> <span class='ocrx_word' id='word_1_107' title='bbox 1817 1501 2042 1574; x_wconf 82' lang='lat' dir='ltr'><strong>ﬁatque</strong></span> <span class='ocrx_word' id='word_1_108' title='bbox 2085 1503 2151 1557; x_wconf 92' lang='lat' dir='ltr'><strong>ut</strong></span> 
     </span>
    </p>
   </div>
   <div class='ocr_carea' id='block_1_18' title="bbox 489 1588 2151 1664">
    <p class='ocr_par' dir='ltr' id='par_1_18' title="bbox 489 1588 2151 1664">
     <span class='ocr_line' id='line_1_18' title="bbox 489 1588 2151 1664; baseline -0.001 -16"><span class='ocrx_word' id='word_1_109' title='bbox 489 1591 914 1648; x_wconf 88' lang='lat' dir='ltr'><strong>condemneris</strong></span> <span class='ocrx_word' id='word_1_110' title='bbox 942 1592 1023 1649; x_wconf 89' lang='lat' dir='ltr'><strong>ad</strong></span> <span class='ocrx_word' id='word_1_111' title='bbox 1050 1591 1230 1664; x_wconf 90' lang='lat' dir='ltr'><strong>longe</strong></span> <span class='ocrx_word' id='word_1_112' title='bbox 1268 1592 1569 1664; x_wconf 85' lang='lat' dir='ltr'><strong>majorem</strong></span> <span class='ocrx_word' id='word_1_113' title='bbox 1606 1590 1875 1648; x_wconf 88' lang='lat' dir='ltr'><strong>inediam</strong></span> <span class='ocrx_word' id='word_1_114' title='bbox 1913 1588 2151 1646; x_wconf 69' lang='lat' dir='ltr'><strong>mulctaa</strong></span> 
     </span>
    </p>
   </div>
   <div class='ocr_carea' id='block_1_19' title="bbox 487 1678 2152 1753">
    <p class='ocr_par' dir='ltr' id='par_1_19' title="bbox 487 1678 2152 1753">
     <span class='ocr_line' id='line_1_19' title="bbox 487 1678 2152 1753; baseline -0.002 -14"><span class='ocrx_word' id='word_1_115' title='bbox 487 1681 759 1747; x_wconf 89' lang='lat' dir='ltr'><strong>nomine,</strong></span> <span class='ocrx_word' id='word_1_116' title='bbox 781 1681 908 1738; x_wconf 85' lang='lat' dir='ltr'><strong>sive</strong></span> <span class='ocrx_word' id='word_1_117' title='bbox 937 1697 1014 1738; x_wconf 79' lang='lat' dir='ltr'><strong>ex</strong></span> <span class='ocrx_word' id='word_1_118' title='bbox 1049 1681 1310 1739; x_wconf 87' lang='lat' dir='ltr'><strong>adversa</strong></span> <span class='ocrx_word' id='word_1_119' title='bbox 1328 1681 1674 1738; x_wconf 88' lang='lat' dir='ltr'><strong>valetudine</strong></span> <span class='ocrx_word' id='word_1_120' title='bbox 1714 1680 2002 1753; x_wconf 84' lang='lat' dir='ltr'><strong>corporis.</strong></span> <span class='ocrx_word' id='word_1_121' title='bbox 2024 1678 2152 1736; x_wconf 89' lang='lat' dir='ltr'><strong>sive</strong></span> 
     </span>
    </p>
   </div>
   <div class='ocr_carea' id='block_1_20' title="bbox 2253 516 3857 598">
    <p class='ocr_par' dir='ltr' id='par_1_20' title="bbox 2253 516 3857 598">
     <span class='ocr_line' id='line_1_20' title="bbox 2253 516 3857 598; baseline 0.002 -26"><span class='ocrx_word' id='word_1_122' title='bbox 2253 522 2382 595; x_wconf 81' lang='grc' dir='ltr'><strong>κράν</strong></span> <span class='ocrx_word' id='word_1_123' title='bbox 2431 516 2627 578; x_wconf 75' lang='grc' dir='ltr'>ἡδονὴν</span> <span class='ocrx_word' id='word_1_124' title='bbox 2681 516 2974 594; x_wconf 74' lang='grc' dir='ltr'><strong>βρωμάτων</strong></span> <span class='ocrx_word' id='word_1_125' title='bbox 3025 518 3298 591; x_wconf 67' lang='grc' dir='ltr'>ζημιωθῇς</span> <span class='ocrx_word' id='word_1_126' title='bbox 3340 519 3431 591; x_wconf 71' lang='grc' dir='ltr'><strong>μεν</strong></span> <span class='ocrx_word' id='word_1_127' title='bbox 3477 523 3571 578; x_wconf 81' lang='grc' dir='ltr'>τὴν</span> <span class='ocrx_word' id='word_1_128' title='bbox 3620 520 3857 598; x_wconf 87' lang='grc' dir='ltr'>ἀπογρα-</span> 
     </span>
    </p>
   </div>
   <div class='ocr_carea' id='block_1_21' title="bbox 2254 604 3856 683">
    <p class='ocr_par' dir='ltr' id='par_1_21' title="bbox 2254 604 3856 683">
     <span class='ocr_line' id='line_1_21' title="bbox 2254 604 3856 683; baseline 0.002 -23"><span class='ocrx_word' id='word_1_129' title='bbox 2254 613 2352 683; x_wconf 71' lang='grc' dir='ltr'>φὴν</span> <span class='ocrx_word' id='word_1_130' title='bbox 2409 617 2502 662; x_wconf 74' lang='grc' dir='ltr'>τοῦ</span> <span class='ocrx_word' id='word_1_131' title='bbox 2558 606 2801 681; x_wconf 84' lang='grc' dir='ltr'>ἀγγέλου,</span> <span class='ocrx_word' id='word_1_132' title='bbox 2856 604 3109 660; x_wconf 76' lang='grc' dir='ltr'><strong>ὑπόδικον</strong></span> <span class='ocrx_word' id='word_1_133' title='bbox 3168 604 3227 660; x_wconf 70' lang='grc' dir='ltr'>δὲ</span> <span class='ocrx_word' id='word_1_134' title='bbox 3287 611 3479 661; x_wconf 83' lang='grc' dir='ltr'>σαυτὸν</span> <span class='ocrx_word' id='word_1_135' title='bbox 3530 608 3856 674; x_wconf 73' lang='grc' dir='ltr'><strong>λειποταξίου</strong></span> 
     </span>
    </p>
   </div>
   <div class='ocr_carea' id='block_1_22' title="bbox 2252 695 3857 773">
    <p class='ocr_par' dir='ltr' id='par_1_22' title="bbox 2252 695 3857 773">
     <span class='ocr_line' id='line_1_22' title="bbox 2252 695 3857 773; baseline 0.001 -22"><span class='ocrx_word' id='word_1_136' title='bbox 2252 707 2459 773; x_wconf 78' lang='grc' dir='ltr'>γραφῆς</span> <span class='ocrx_word' id='word_1_137' title='bbox 2523 699 2594 752; x_wconf 84' lang='grc' dir='ltr'>τῶ</span> <span class='ocrx_word' id='word_1_138' title='bbox 2655 695 3143 773; x_wconf 81' lang='grc' dir='ltr'>στρατολογώσαντι</span> <span class='ocrx_word' id='word_1_139' title='bbox 3194 702 3504 772; x_wconf 68' lang='grc' dir='ltr'>καταστήσῃ</span> <span class='ocrx_word' id='word_1_140' title='bbox 3519 720 3558 761; x_wconf 90' lang='grc' dir='ltr'>ς.</span> <span class='ocrx_word' id='word_1_141' title='bbox 3607 698 3857 753; x_wconf 86' lang='grc' dir='ltr'>Ἐλάττων</span> 
     </span>
    </p>
   </div>
   <div class='ocr_carea' id='block_1_23' title="bbox 2255 783 3859 863">
    <p class='ocr_par' dir='ltr' id='par_1_23' title="bbox 2255 783 3859 863">
     <span class='ocr_line' id='line_1_23' title="bbox 2255 783 3859 863; baseline 0.001 -22"><span class='ocrx_word' id='word_1_142' title='bbox 2255 790 2281 841; x_wconf 91' lang='grc' dir='ltr'><strong>ὁ</strong></span> <span class='ocrx_word' id='word_1_143' title='bbox 2337 783 2578 849; x_wconf 89' lang='grc' dir='ltr'>κίνδυνος</span> <span class='ocrx_word' id='word_1_144' title='bbox 2631 786 2893 863; x_wconf 61' lang='grc' dir='ltr'>ῥίψασπιν</span> <span class='ocrx_word' id='word_1_145' title='bbox 2952 786 3037 840; x_wconf 74' lang='grc' dir='ltr'><strong>ἐπὶ</strong></span> <span class='ocrx_word' id='word_1_146' title='bbox 3075 786 3415 862; x_wconf 80' lang='grc' dir='ltr'>παρατάξεως</span> <span class='ocrx_word' id='word_1_147' title='bbox 3469 785 3859 862; x_wconf 75' lang='grc' dir='ltr'>ἀπελεγχθῆναί</span> 
     </span>
    </p>
   </div>
   <div class='ocr_carea' id='block_1_24' title="bbox 2253 875 3861 951">
    <p class='ocr_par' dir='ltr' id='par_1_24' title="bbox 2253 875 3861 951">
     <span class='ocr_line' id='line_1_24' title="bbox 2253 875 3861 951; baseline 0.002 -20"><span class='ocrx_word' id='word_1_148' title='bbox 2253 897 2370 931; x_wconf 90' lang='grc' dir='ltr'>τινα</span> <span class='ocrx_word' id='word_1_149' title='bbox 2396 878 2447 945; x_wconf 70' lang='grc' dir='ltr'>,ἦ</span> <span class='ocrx_word' id='word_1_150' title='bbox 2490 881 2549 930; x_wconf 88' lang='grc' dir='ltr'>τὸ</span> <span class='ocrx_word' id='word_1_151' title='bbox 2591 882 2728 951; x_wconf 79' lang='grc' dir='ltr'>μέγα</span> <span class='ocrx_word' id='word_1_152' title='bbox 2774 876 2926 930; x_wconf 82' lang='grc' dir='ltr'>ὁπλον</span> <span class='ocrx_word' id='word_1_153' title='bbox 2969 880 3063 936; x_wconf 74' lang='grc' dir='ltr'>τὴν</span> <span class='ocrx_word' id='word_1_154' title='bbox 3100 881 3344 936; x_wconf 78' lang='grc' dir='ltr'><strong>νηστείαν</strong></span> <span class='ocrx_word' id='word_1_155' title='bbox 3393 875 3720 931; x_wconf 79' lang='grc' dir='ltr'>ἀποϐαλόντα</span> <span class='ocrx_word' id='word_1_156' title='bbox 3747 879 3861 951; x_wconf 82' lang='lat'><strong>(70)</strong></span> 
     </span>
    </p>
   </div>
   <div class='ocr_carea' id='block_1_25' title="bbox 2258 965 3855 1042">
    <p class='ocr_par' dir='ltr' id='par_1_25' title="bbox 2258 965 3855 1042">
     <span class='ocr_line' id='line_1_25' title="bbox 2258 965 3855 1042; baseline 0 -23"><span class='ocrx_word' id='word_1_157' title='bbox 2258 976 2495 1041; x_wconf 73' lang='grc' dir='ltr'>φανῆναι.</span> <span class='ocrx_word' id='word_1_158' title='bbox 2530 966 2787 1028; x_wconf 80' lang='grc' dir='ltr'>Πλούσιός</span> <span class='ocrx_word' id='word_1_159' title='bbox 2839 967 2920 1033; x_wconf 69' lang='grc' dir='ltr'>εἷς</span> <span class='ocrx_word' id='word_1_160' title='bbox 2959 971 3045 1027; x_wconf 82' lang='grc' dir='ltr'><strong>Μὴ</strong></span> <span class='ocrx_word' id='word_1_161' title='bbox 3074 965 3405 1042; x_wconf 76' lang='grc' dir='ltr'>καθυϐρίσης</span> <span class='ocrx_word' id='word_1_162' title='bbox 3451 972 3545 1026; x_wconf 71' lang='grc' dir='ltr'>τὴν</span> <span class='ocrx_word' id='word_1_163' title='bbox 3591 973 3855 1036; x_wconf 76' lang='grc' dir='ltr'><strong>νηστείαν,</strong></span> 
     </span>
    </p>
   </div>
   <div class='ocr_carea' id='block_1_26' title="bbox 2257 1053 3863 1131">
    <p class='ocr_par' dir='ltr' id='par_1_26' title="bbox 2257 1053 3863 1131">
     <span class='ocr_line' id='line_1_26' title="bbox 2257 1053 3863 1131; baseline -0.001 -22"><span class='ocrx_word' id='word_1_164' title='bbox 2257 1053 2562 1119; x_wconf 79' lang='grc' dir='ltr'><strong>ἀπαξιώσας</strong></span> <span class='ocrx_word' id='word_1_165' title='bbox 2617 1054 2789 1109; x_wconf 80' lang='grc' dir='ltr'>λαϐεῖν</span> <span class='ocrx_word' id='word_1_166' title='bbox 2845 1056 3007 1115; x_wconf 71' lang='grc' dir='ltr'>αὐτὴν</span> <span class='ocrx_word' id='word_1_167' title='bbox 3064 1056 3438 1131; x_wconf 73' lang='grc' dir='ltr'><strong>ὁμοτράπεζον,</strong></span> <span class='ocrx_word' id='word_1_168' title='bbox 3497 1053 3638 1129; x_wconf 75' lang='grc' dir='ltr'>μηδέ</span> <span class='ocrx_word' id='word_1_169' title='bbox 3693 1061 3863 1120; x_wconf 86' lang='grc' dir='ltr'>οίκίας</span> 
     </span>
    </p>
   </div>
   <div class='ocr_carea' id='block_1_27' title="bbox 2260 1143 3863 1221">
    <p class='ocr_par' dir='ltr' id='par_1_27' title="bbox 2260 1143 3863 1221">
     <span class='ocr_line' id='line_1_27' title="bbox 2260 1143 3863 1221; baseline 0 -22"><span class='ocrx_word' id='word_1_170' title='bbox 2260 1152 2479 1200; x_wconf 76' lang='grc' dir='ltr'>σεαυτοῦ</span> <span class='ocrx_word' id='word_1_171' title='bbox 2524 1147 2710 1220; x_wconf 82' lang='grc' dir='ltr'>ἄτιμον</span> <span class='ocrx_word' id='word_1_172' title='bbox 2743 1143 3026 1219; x_wconf 61' lang='grc' dir='ltr'>ἀποπέμψῃ</span> <span class='ocrx_word' id='word_1_173' title='bbox 3073 1147 3594 1221; x_wconf 81' lang='grc' dir='ltr'>παρευημερηθείσαυ</span> <span class='ocrx_word' id='word_1_174' title='bbox 3635 1147 3735 1199; x_wconf 76' lang='grc' dir='ltr'><strong>ὑπὸ</strong></span> <span class='ocrx_word' id='word_1_175' title='bbox 3767 1154 3863 1208; x_wconf 80' lang='grc' dir='ltr'>τῆς</span> 
     </span>
    </p>
   </div>
   <div class='ocr_carea' id='block_1_28' title="bbox 2257 1231 3866 1308">
    <p class='ocr_par' dir='ltr' id='par_1_28' title="bbox 2257 1231 3866 1308">
     <span class='ocr_line' id='line_1_28' title="bbox 2257 1231 3866 1308; baseline -0.011 -15"><span class='ocrx_word' id='word_1_176' title='bbox 2257 1231 2473 1308; x_wconf 72' lang='grc' dir='ltr'>ᾖδονῆς,</span> <span class='ocrx_word' id='word_1_177' title='bbox 2519 1238 2721 1308; x_wconf 76' lang='grc' dir='ltr'>μήποτέ</span> <span class='ocrx_word' id='word_1_178' title='bbox 2770 1255 2826 1288; x_wconf 92' lang='grc' dir='ltr'><strong>σε</strong></span> <span class='ocrx_word' id='word_1_179' title='bbox 2868 1235 3182 1308; x_wconf 66' lang='grc' dir='ltr'>καταγγείλῃ</span> <span class='ocrx_word' id='word_1_180' title='bbox 3232 1234 3345 1306; x_wconf 75' lang='grc'>(71)</span> <span class='ocrx_word' id='word_1_181' title='bbox 3393 1233 3476 1287; x_wconf 70' lang='grc' dir='ltr'><strong>ἐπὶ</strong></span> <span class='ocrx_word' id='word_1_182' title='bbox 3518 1242 3609 1288; x_wconf 74' lang='grc' dir='ltr'>τοῦ</span> <span class='ocrx_word' id='word_1_183' title='bbox 3658 1237 3866 1308; x_wconf 71' lang='grc' dir='ltr'><strong>νομοθέ-</strong></span> 
     </span>
    </p>
   </div>
   <div class='ocr_carea' id='block_1_29' title="bbox 2255 1320 3867 1391">
    <p class='ocr_par' dir='ltr' id='par_1_29' title="bbox 2255 1320 3867 1391">
     <span class='ocr_line' id='line_1_29' title="bbox 2255 1320 3867 1391; baseline -0.001 -14"><span class='ocrx_word' id='word_1_184' title='bbox 2255 1344 2346 1377; x_wconf 91' lang='grc' dir='ltr'><strong>του</strong></span> <span class='ocrx_word' id='word_1_185' title='bbox 2377 1333 2476 1377; x_wconf 84' lang='grc' dir='ltr'>τῶν</span> <span class='ocrx_word' id='word_1_186' title='bbox 2505 1345 2564 1384; x_wconf 86' lang='grc' dir='ltr'><strong>νη</strong></span> <span class='ocrx_word' id='word_1_187' title='bbox 2574 1333 2750 1391; x_wconf 83' lang='grc' dir='ltr'>στιῶν,</span> <span class='ocrx_word' id='word_1_188' title='bbox 2774 1328 2864 1377; x_wconf 85' lang='grc' dir='ltr'>καὶ</span> <span class='ocrx_word' id='word_1_189' title='bbox 2888 1322 3310 1377; x_wconf 85' lang='grc' dir='ltr'>πολλαπλασίονά</span> <span class='ocrx_word' id='word_1_190' title='bbox 3334 1343 3419 1377; x_wconf 90' lang='grc' dir='ltr'><strong>σοι</strong></span> <span class='ocrx_word' id='word_1_191' title='bbox 3440 1323 3541 1377; x_wconf 87' lang='grc' dir='ltr'>ἀπὸ</span> <span class='ocrx_word' id='word_1_192' title='bbox 3571 1320 3867 1386; x_wconf 75' lang='grc' dir='ltr'>καταδίκης</span> 
     </span>
    </p>
   </div>
   <div class='ocr_carea' id='block_1_30' title="bbox 2258 1409 3864 1489">
    <p class='ocr_par' dir='ltr' id='par_1_30' title="bbox 2258 1409 3864 1489">
     <span class='ocr_line' id='line_1_30' title="bbox 2258 1409 3864 1489; baseline 0.001 -23"><span class='ocrx_word' id='word_1_193' title='bbox 2258 1412 2494 1487; x_wconf 68' lang='grc' dir='ltr'>ἐπαγάγῃ</span> <span class='ocrx_word' id='word_1_194' title='bbox 2567 1418 2661 1473; x_wconf 77' lang='grc' dir='ltr'>τὴν</span> <span class='ocrx_word' id='word_1_195' title='bbox 2735 1409 2954 1481; x_wconf 77' lang='grc' dir='ltr'>ἔνδειαν,</span> <span class='ocrx_word' id='word_1_196' title='bbox 3006 1414 3036 1473; x_wconf 75' lang='grc' dir='ltr'>ἦ</span> <span class='ocrx_word' id='word_1_197' title='bbox 3099 1412 3152 1476; x_wconf 76' lang='grc' dir='ltr'><strong>ἐξ</strong></span> <span class='ocrx_word' id='word_1_198' title='bbox 3221 1412 3537 1489; x_wconf 80' lang='grc' dir='ltr'>ἀρρωστίας.</span> <span class='ocrx_word' id='word_1_199' title='bbox 3599 1420 3864 1487; x_wconf 80' lang='grc' dir='ltr'>σώματος,</span> 
     </span>
    </p>
   </div>
   <div class='ocr_carea' id='block_1_31' title="bbox 2258 1502 3872 1578">
    <p class='ocr_par' dir='ltr' id='par_1_31' title="bbox 2258 1502 3872 1578">
     <span class='ocr_line' id='line_1_31' title="bbox 2258 1502 3872 1578; baseline 0.001 -23"><span class='ocrx_word' id='word_1_200' title='bbox 2258 1507 2287 1563; x_wconf 79' lang='grc' dir='ltr'>ἦ</span> <span class='ocrx_word' id='word_1_201' title='bbox 2336 1502 2388 1567; x_wconf 77' lang='grc' dir='ltr'><strong>ἐξ</strong></span> <span class='ocrx_word' id='word_1_202' title='bbox 2443 1502 2602 1565; x_wconf 78' lang='grc' dir='ltr'>ἄλλης</span> <span class='ocrx_word' id='word_1_203' title='bbox 2644 1507 2783 1566; x_wconf 86' lang='grc' dir='ltr'>τινὸς</span> <span class='ocrx_word' id='word_1_204' title='bbox 2831 1505 3159 1578; x_wconf 85' lang='grc' dir='ltr'>σκυθρωπῆσ</span> <span class='ocrx_word' id='word_1_205' title='bbox 3201 1504 3559 1577; x_wconf 74' lang='grc' dir='ltr'>περιστάσεως</span> <span class='ocrx_word' id='word_1_206' title='bbox 3608 1502 3667 1556; x_wconf 85' lang='grc' dir='ltr'><strong>Ὀ</strong></span> <span class='ocrx_word' id='word_1_207' title='bbox 3712 1506 3872 1565; x_wconf 83' lang='grc' dir='ltr'>πίνης</span> 
     </span>
    </p>
   </div>
   <div class='ocr_carea' id='block_1_32' title="bbox 2258 1591 3872 1668">
    <p class='ocr_par' dir='ltr' id='par_1_32' title="bbox 2258 1591 3872 1668">
     <span class='ocr_line' id='line_1_32' title="bbox 2258 1591 3872 1668; baseline -0.001 -23"><span class='ocrx_word' id='word_1_208' title='bbox 2258 1598 2329 1667; x_wconf 74' lang='grc' dir='ltr'>μὴ</span> <span class='ocrx_word' id='word_1_209' title='bbox 2391 1592 2734 1668; x_wconf 80' lang='grc' dir='ltr'>εἰρωνευέσθω</span> <span class='ocrx_word' id='word_1_210' title='bbox 2789 1596 2919 1668; x_wconf 81' lang='grc' dir='ltr'>πρὸς</span> <span class='ocrx_word' id='word_1_211' title='bbox 2975 1598 3068 1652; x_wconf 72' lang='grc' dir='ltr'>τὴν</span> <span class='ocrx_word' id='word_1_212' title='bbox 3116 1597 3381 1661; x_wconf 75' lang='grc' dir='ltr'>νηστείαν,</span> <span class='ocrx_word' id='word_1_213' title='bbox 3413 1591 3577 1646; x_wconf 85' lang='grc' dir='ltr'>παλαι</span> <span class='ocrx_word' id='word_1_214' title='bbox 3631 1594 3872 1647; x_wconf 80' lang='grc' dir='ltr'>σύνοικον</span> 
     </span>
    </p>
   </div>
   <div class='ocr_carea' id='block_1_33' title="bbox 2260 1678 3871 1757">
    <p class='ocr_par' dir='ltr' id='par_1_33' title="bbox 2260 1678 3871 1757">
     <span class='ocr_line' id='line_1_33' title="bbox 2260 1678 3871 1757; baseline 0.001 -23"><span class='ocrx_word' id='word_1_215' title='bbox 2260 1682 2421 1741; x_wconf 74' lang='grc' dir='ltr'>αὐτὴν</span> <span class='ocrx_word' id='word_1_216' title='bbox 2452 1688 2541 1735; x_wconf 85' lang='grc' dir='ltr'>καὶ</span> <span class='ocrx_word' id='word_1_217' title='bbox 2570 1678 2873 1755; x_wconf 76' lang='grc' dir='ltr'>ὁμοδίαιτον</span> <span class='ocrx_word' id='word_1_218' title='bbox 2899 1681 3037 1754; x_wconf 75' lang='grc' dir='ltr'>ἔχων</span> <span class='ocrx_word' id='word_1_219' title='bbox 3068 1686 3208 1754; x_wconf 83' lang='grc'><strong>(72).</strong></span> <span class='ocrx_word' id='word_1_220' title='bbox 3245 1682 3466 1744; x_wconf 84' lang='grc' dir='ltr'>Γυναιξὶ</span> <span class='ocrx_word' id='word_1_221' title='bbox 3498 1678 3577 1750; x_wconf 65' lang='grc' dir='ltr'><strong>δε,</strong></span> <span class='ocrx_word' id='word_1_222' title='bbox 3607 1684 3781 1757; x_wconf 78' lang='grc' dir='ltr'>ὥσπερ</span> <span class='ocrx_word' id='word_1_223' title='bbox 3811 1684 3871 1735; x_wconf 89' lang='grc' dir='ltr'>τὸ</span> 
     </span>
    </p>
   </div>
   <div class='ocr_carea' id='block_1_34' title="bbox 491 1768 2150 1844">
    <p class='ocr_par' dir='ltr' id='par_1_34' title="bbox 491 1768 2144 1844">
     <span class='ocr_line' id='line_1_34' title="bbox 491 1768 2144 1844; baseline -0.001 -17"><span class='ocrx_word' id='word_1_224' title='bbox 491 1786 564 1827; x_wconf 81' lang='lat' dir='ltr'><strong>ex</strong></span> <span class='ocrx_word' id='word_1_225' title='bbox 584 1770 705 1827; x_wconf 90' lang='lat' dir='ltr'><strong>alio</strong></span> <span class='ocrx_word' id='word_1_226' title='bbox 725 1769 1019 1844; x_wconf 90' lang='lat' dir='ltr'><strong>quopiam</strong></span> <span class='ocrx_word' id='word_1_227' title='bbox 1040 1769 1188 1827; x_wconf 87' lang='lat' dir='ltr'><strong>tristi</strong></span> <span class='ocrx_word' id='word_1_228' title='bbox 1217 1786 1389 1827; x_wconf 90' lang='lat' dir='ltr'><strong>casu.</strong></span> <span class='ocrx_word' id='word_1_229' title='bbox 1415 1769 1635 1827; x_wconf 87' lang='lat' dir='ltr'><strong>Contra</strong></span> <span class='ocrx_word' id='word_1_230' title='bbox 1654 1768 1759 1842; x_wconf 91' lang='lat' dir='ltr'><strong>qui</strong></span> <span class='ocrx_word' id='word_1_231' title='bbox 1780 1784 2012 1842; x_wconf 86' lang='lat' dir='ltr'><strong>pauper</strong></span> <span class='ocrx_word' id='word_1_232' title='bbox 2029 1773 2144 1832; x_wconf 85' lang='lat' dir='ltr'><strong>est,</strong></span> 
     </span>
    </p>
   </div>
   <div class='ocr_carea' id='block_1_35' title="bbox 2259 1768 3872 1844">
    <p class='ocr_par' dir='ltr' id='par_1_35' title="bbox 2261 1770 3872 1840">
     <span class='ocr_line' id='line_1_35' title="bbox 2261 1770 3872 1840; baseline 0 -16"><span class='ocrx_word' id='word_1_233' title='bbox 2261 1770 2518 1840; x_wconf 80' lang='grc' dir='ltr'>ἀναπνεῖν,</span> <span class='ocrx_word' id='word_1_234' title='bbox 2579 1772 2713 1825; x_wconf 74' lang='grc' dir='ltr'>οὓτω</span> <span class='ocrx_word' id='word_1_235' title='bbox 2769 1777 2858 1824; x_wconf 84' lang='grc' dir='ltr'>καὶ</span> <span class='ocrx_word' id='word_1_236' title='bbox 2912 1775 2972 1824; x_wconf 82' lang='grc' dir='ltr'>τὸ</span> <span class='ocrx_word' id='word_1_237' title='bbox 3028 1774 3298 1830; x_wconf 74' lang='grc' dir='ltr'>νηστεύειν</span> <span class='ocrx_word' id='word_1_238' title='bbox 3355 1772 3544 1825; x_wconf 83' lang='grc' dir='ltr'>οἰκεῖόν</span> <span class='ocrx_word' id='word_1_239' title='bbox 3602 1770 3716 1825; x_wconf 78' lang='grc' dir='ltr'>ἐστι</span> <span class='ocrx_word' id='word_1_240' title='bbox 3780 1775 3872 1825; x_wconf 72' lang='grc' dir='ltr'>καὶ</span> 
     </span>
    </p>
   </div>
   <div class='ocr_carea' id='block_1_36' title="bbox 489 1856 2154 1932">
    <p class='ocr_par' dir='ltr' id='par_1_36' title="bbox 489 1856 2154 1932">
     <span class='ocr_line' id='line_1_36' title="bbox 489 1856 2154 1932; baseline -0.001 -16"><span class='ocrx_word' id='word_1_241' title='bbox 489 1874 566 1916; x_wconf 90' lang='lat' dir='ltr'><strong>ne</strong></span> <span class='ocrx_word' id='word_1_242' title='bbox 607 1858 823 1915; x_wconf 89' lang='lat' dir='ltr'><strong>ludum</strong></span> <span class='ocrx_word' id='word_1_243' title='bbox 856 1859 1162 1932; x_wconf 87' lang='lat' dir='ltr'><strong>jejunium</strong></span> <span class='ocrx_word' id='word_1_244' title='bbox 1201 1858 1419 1927; x_wconf 84' lang='lat' dir='ltr'><strong>faciat;</strong></span> <span class='ocrx_word' id='word_1_245' title='bbox 1466 1858 1973 1931; x_wconf 89' lang='lat' dir='ltr'><strong>quandoquidem</strong></span> <span class='ocrx_word' id='word_1_246' title='bbox 2004 1856 2154 1914; x_wconf 89' lang='lat' dir='ltr'><strong>illud</strong></span> 
     </span>
    </p>
   </div>
   <div class='ocr_carea' id='block_1_37' title="bbox 487 1946 2149 2020">
    <p class='ocr_par' dir='ltr' id='par_1_37' title="bbox 487 1946 2149 2020">
     <span class='ocr_line' id='line_1_37' title="bbox 487 1946 2149 2020; baseline 0 -16"><span class='ocrx_word' id='word_1_247' title='bbox 487 1948 621 2020; x_wconf 89' lang='lat' dir='ltr'><strong>jam</strong></span> <span class='ocrx_word' id='word_1_248' title='bbox 658 1947 801 2005; x_wconf 88' lang='lat' dir='ltr'><strong>olim</strong></span> <span class='ocrx_word' id='word_1_249' title='bbox 829 1946 1015 2004; x_wconf 88' lang='lat' dir='ltr'><strong>habet</strong></span> <span class='ocrx_word' id='word_1_250' title='bbox 1041 1952 1098 2005; x_wconf 90' lang='lat' dir='ltr'><strong>et</strong></span> <span class='ocrx_word' id='word_1_251' title='bbox 1120 1946 1524 2005; x_wconf 87' lang='lat' dir='ltr'><strong>domesticum</strong></span> <span class='ocrx_word' id='word_1_252' title='bbox 1553 1952 1611 2004; x_wconf 93' lang='lat' dir='ltr'><strong>et</strong></span> <span class='ocrx_word' id='word_1_253' title='bbox 1648 1962 1874 2004; x_wconf 63' lang='lat' dir='ltr'><strong>mensas</strong></span> <span class='ocrx_word' id='word_1_254' title='bbox 1895 1947 2149 2004; x_wconf 83' lang='lat' dir='ltr'><strong>socium-</strong></span> 
     </span>
    </p>
   </div>
   <div class='ocr_carea' id='block_1_38' title="bbox 494 2035 2152 2110">
    <p class='ocr_par' dir='ltr' id='par_1_38' title="bbox 494 2035 2152 2110">
     <span class='ocr_line' id='line_1_38' title="bbox 494 2035 2152 2110; baseline -0.001 -16"><span class='ocrx_word' id='word_1_255' title='bbox 494 2039 677 2094; x_wconf 84' lang='lat' dir='ltr'><strong>Porro</strong></span> <span class='ocrx_word' id='word_1_256' title='bbox 724 2036 1086 2094; x_wconf 86' lang='lat' dir='ltr'><strong>mulieribus</strong></span> <span class='ocrx_word' id='word_1_257' title='bbox 1138 2053 1329 2110; x_wconf 89' lang='lat' dir='ltr'><strong>quam</strong></span> <span class='ocrx_word' id='word_1_258' title='bbox 1374 2041 1465 2094; x_wconf 80' lang='lat' dir='ltr'><strong>est</strong></span> <span class='ocrx_word' id='word_1_259' title='bbox 1512 2035 1790 2094; x_wconf 88' lang='lat' dir='ltr'><strong>naturale</strong></span> <span class='ocrx_word' id='word_1_260' title='bbox 1834 2036 2152 2110; x_wconf 83' lang='lat' dir='ltr'><strong>respirare,</strong></span> 
     </span>
    </p>
   </div>
   <div class='ocr_carea' id='block_1_39' title="bbox 490 2123 2153 2198">
    <p class='ocr_par' dir='ltr' id='par_1_39' title="bbox 490 2123 2153 2198">
     <span class='ocr_line' id='line_1_39' title="bbox 490 2123 2153 2198; baseline -0.002 -16"><span class='ocrx_word' id='word_1_261' title='bbox 490 2128 615 2182; x_wconf 89' lang='lat' dir='ltr'><strong>tam</strong></span> <span class='ocrx_word' id='word_1_262' title='bbox 635 2128 728 2182; x_wconf 88' lang='lat' dir='ltr'><strong>est</strong></span> <span class='ocrx_word' id='word_1_263' title='bbox 765 2125 1132 2183; x_wconf 88' lang='lat' dir='ltr'><strong>conveniens</strong></span> <span class='ocrx_word' id='word_1_264' title='bbox 1159 2124 1484 2198; x_wconf 89' lang='lat' dir='ltr'><strong>jejunium.</strong></span> <span class='ocrx_word' id='word_1_265' title='bbox 1511 2124 1710 2193; x_wconf 87' lang='lat' dir='ltr'><strong>Pueri,</strong></span> <span class='ocrx_word' id='word_1_266' title='bbox 1742 2123 1904 2181; x_wconf 90' lang='lat' dir='ltr'><strong>velut</strong></span> <span class='ocrx_word' id='word_1_267' title='bbox 1931 2123 2153 2197; x_wconf 62' lang='lat' dir='ltr'><strong>plantas</strong></span> 
     </span>
    </p>
   </div>
   <div class='ocr_carea' id='block_1_40' title="bbox 487 2211 2156 2289">
    <p class='ocr_par' dir='ltr' id='par_1_40' title="bbox 487 2211 2156 2289">
     <span class='ocr_line' id='line_1_40' title="bbox 487 2211 2156 2289; baseline 0 -20"><span class='ocrx_word' id='word_1_268' title='bbox 487 2213 729 2277; x_wconf 87' lang='lat' dir='ltr'><strong>virides,</strong></span> <span class='ocrx_word' id='word_1_269' title='bbox 740 2213 957 2287; x_wconf 90' lang='lat' dir='ltr'><strong>jejunii</strong></span> <span class='ocrx_word' id='word_1_270' title='bbox 977 2230 1139 2289; x_wconf 91' lang='lat' dir='ltr'><strong>aqua</strong></span> <span class='ocrx_word' id='word_1_271' title='bbox 1162 2214 1507 2286; x_wconf 87' lang='lat' dir='ltr'><strong>irrigentur.</strong></span> <span class='ocrx_word' id='word_1_272' title='bbox 1532 2212 1789 2270; x_wconf 89' lang='lat' dir='ltr'><strong>Senibus</strong></span> <span class='ocrx_word' id='word_1_273' title='bbox 1807 2212 2004 2270; x_wconf 89' lang='lat' dir='ltr'><strong>levem</strong></span> <span class='ocrx_word' id='word_1_274' title='bbox 2024 2211 2156 2269; x_wconf 91' lang='lat' dir='ltr'><strong>red-</strong></span> 
     </span>
    </p>
   </div>
   <div class='ocr_carea' id='block_1_41' title="bbox 491 2301 2155 2376">
    <p class='ocr_par' dir='ltr' id='par_1_41' title="bbox 491 2301 2155 2376">
     <span class='ocr_line' id='line_1_41' title="bbox 491 2301 2155 2376; baseline -0.001 -17"><span class='ocrx_word' id='word_1_275' title='bbox 491 2302 579 2360; x_wconf 89' lang='lat' dir='ltr'><strong>dit</strong></span> <span class='ocrx_word' id='word_1_276' title='bbox 604 2302 882 2360; x_wconf 88' lang='lat' dir='ltr'><strong>laborem</strong></span> <span class='ocrx_word' id='word_1_277' title='bbox 911 2308 1221 2362; x_wconf 88' lang='lat' dir='ltr'><strong>contratra</strong></span> <span class='ocrx_word' id='word_1_278' title='bbox 1236 2305 1369 2376; x_wconf 91' lang='lat' dir='ltr'><strong>jam</strong></span> <span class='ocrx_word' id='word_1_279' title='bbox 1389 2302 1535 2361; x_wconf 89' lang='lat' dir='ltr'><strong>olim</strong></span> <span class='ocrx_word' id='word_1_280' title='bbox 1557 2319 1699 2360; x_wconf 91' lang='lat' dir='ltr'><strong>cum</strong></span> <span class='ocrx_word' id='word_1_281' title='bbox 1715 2302 1952 2375; x_wconf 89' lang='lat' dir='ltr'><strong>jejunio</strong></span> <span class='ocrx_word' id='word_1_282' title='bbox 1974 2301 2155 2360; x_wconf 89' lang='lat' dir='ltr'><strong>fami-</strong></span> 
     </span>
    </p>
   </div>
   <div class='ocr_carea' id='block_1_42' title="bbox 490 2391 2158 2468">
    <p class='ocr_par' dir='ltr' id='par_1_42' title="bbox 490 2391 2158 2468">
     <span class='ocr_line' id='line_1_42' title="bbox 490 2391 2158 2468; baseline 0.001 -19"><span class='ocrx_word' id='word_1_283' title='bbox 490 2391 740 2461; x_wconf 84' lang='lat' dir='ltr'><strong>liaritas,</strong></span> <span class='ocrx_word' id='word_1_284' title='bbox 785 2392 1026 2450; x_wconf 88' lang='lat' dir='ltr'><strong>labores</strong></span> <span class='ocrx_word' id='word_1_285' title='bbox 1067 2392 1394 2468; x_wconf 85' lang='lat' dir='ltr'><strong>siquidem,</strong></span> <span class='ocrx_word' id='word_1_286' title='bbox 1449 2409 1718 2466; x_wconf 90' lang='lat' dir='ltr'><strong>quorum</strong></span> <span class='ocrx_word' id='word_1_287' title='bbox 1783 2391 2010 2450; x_wconf 85' lang='lat' dir='ltr'><strong>factum</strong></span> <span class='ocrx_word' id='word_1_288' title='bbox 2068 2395 2158 2450; x_wconf 90' lang='lat' dir='ltr'><strong>est</strong></span> 
     </span>
    </p>
   </div>
   <div class='ocr_carea' id='block_1_43' title="bbox 492 2480 2158 2555">
    <p class='ocr_par' dir='ltr' id='par_1_43' title="bbox 492 2480 2158 2555">
     <span class='ocr_line' id='line_1_43' title="bbox 492 2480 2158 2555; baseline 0.001 -17"><span class='ocrx_word' id='word_1_289' title='bbox 492 2483 975 2555; x_wconf 84' lang='lat' dir='ltr'><strong>experimentum</strong></span> <span class='ocrx_word' id='word_1_290' title='bbox 989 2483 1174 2555; x_wconf 90' lang='lat' dir='ltr'><strong>longo</strong></span> <span class='ocrx_word' id='word_1_291' title='bbox 1196 2482 1573 2550; x_wconf 89' lang='lat' dir='ltr'><strong>usu,minore</strong></span> <span class='ocrx_word' id='word_1_292' title='bbox 1592 2482 1871 2540; x_wconf 90' lang='lat' dir='ltr'><strong>molestia</strong></span> <span class='ocrx_word' id='word_1_293' title='bbox 1889 2480 2042 2540; x_wconf 79' lang='lat' dir='ltr'><strong>aﬂici</strong></span> <span class='ocrx_word' id='word_1_294' title='bbox 2053 2486 2158 2539; x_wconf 91' lang='lat' dir='ltr'><strong>unt</strong></span> 
     </span>
    </p>
   </div>
   <div class='ocr_carea' id='block_1_44' title="bbox 492 2570 2156 2647">
    <p class='ocr_par' dir='ltr' id='par_1_44' title="bbox 492 2570 2156 2647">
     <span class='ocr_line' id='line_1_44' title="bbox 492 2570 2156 2647; baseline 0 -19"><span class='ocrx_word' id='word_1_295' title='bbox 492 2573 866 2630; x_wconf 79' lang='lat' dir='ltr'><strong>exercitatos.</strong></span> <span class='ocrx_word' id='word_1_296' title='bbox 906 2573 1254 2631; x_wconf 88' lang='lat' dir='ltr'><strong>Viatoribus</strong></span> <span class='ocrx_word' id='word_1_297' title='bbox 1301 2570 1621 2647; x_wconf 82' lang='lat' dir='ltr'><strong>expeditus</strong></span> <span class='ocrx_word' id='word_1_298' title='bbox 1681 2572 1905 2630; x_wconf 88' lang='lat' dir='ltr'><strong>itineris</strong></span> <span class='ocrx_word' id='word_1_299' title='bbox 1952 2588 2156 2629; x_wconf 89' lang='lat' dir='ltr'><strong>comes</strong></span> 
     </span>
    </p>
   </div>
   <div class='ocr_carea' id='block_1_45' title="bbox 492 2661 2156 2735">
    <p class='ocr_par' dir='ltr' id='par_1_45' title="bbox 492 2661 2156 2735">
     <span class='ocr_line' id='line_1_45' title="bbox 492 2661 2156 2735; baseline 0 -17"><span class='ocrx_word' id='word_1_300' title='bbox 492 2666 582 2719; x_wconf 91' lang='lat' dir='ltr'><strong>est</strong></span> <span class='ocrx_word' id='word_1_301' title='bbox 599 2662 924 2735; x_wconf 88' lang='lat' dir='ltr'><strong>jejunium.</strong></span> <span class='ocrx_word' id='word_1_302' title='bbox 950 2663 1479 2731; x_wconf 84' lang='lat' dir='ltr'><strong>Quemadmodum</strong></span> <span class='ocrx_word' id='word_1_303' title='bbox 1500 2663 1662 2720; x_wconf 89' lang='lat' dir='ltr'><strong>enim</strong></span> <span class='ocrx_word' id='word_1_304' title='bbox 1698 2662 1878 2719; x_wconf 83' lang='lat' dir='ltr'><strong>luxus</strong></span> <span class='ocrx_word' id='word_1_305' title='bbox 1908 2661 2068 2734; x_wconf 80' lang='lat' dir='ltr'><strong>cogit</strong></span> <span class='ocrx_word' id='word_1_306' title='bbox 2092 2661 2156 2718; x_wconf 91' lang='lat' dir='ltr'><strong>il-</strong></span> 
     </span>
    </p>
   </div>
   <div class='ocr_carea' id='block_1_46' title="bbox 490 2750 2156 2827">
    <p class='ocr_par' dir='ltr' id='par_1_46' title="bbox 490 2750 2156 2827">
     <span class='ocr_line' id='line_1_46' title="bbox 490 2750 2156 2827; baseline -0.001 -19"><span class='ocrx_word' id='word_1_307' title='bbox 490 2750 584 2808; x_wconf 89' lang='lat' dir='ltr'><strong>los</strong></span> <span class='ocrx_word' id='word_1_308' title='bbox 604 2767 763 2810; x_wconf 89' lang='lat' dir='ltr'><strong>onus</strong></span> <span class='ocrx_word' id='word_1_309' title='bbox 780 2753 1068 2827; x_wconf 87' lang='lat' dir='ltr'><strong>perferre,</strong></span> <span class='ocrx_word' id='word_1_310' title='bbox 1083 2755 1126 2826; x_wconf 78' lang='grc' dir='ltr'><strong>ι</strong></span> <span class='ocrx_word' id='word_1_311' title='bbox 1141 2755 1193 2826; x_wconf 76' lang='lat'><strong>2</strong></span> <span class='ocrx_word' id='word_1_312' title='bbox 1217 2752 1505 2810; x_wconf 89' lang='lat' dir='ltr'><strong>nimirum</strong></span> <span class='ocrx_word' id='word_1_313' title='bbox 1526 2768 1600 2810; x_wconf 91' lang='lat' dir='ltr'><strong>ea</strong></span> <span class='ocrx_word' id='word_1_314' title='bbox 1614 2752 1838 2826; x_wconf 89' lang='lat' dir='ltr'><strong>quibus</strong></span> <span class='ocrx_word' id='word_1_315' title='bbox 1865 2768 1929 2810; x_wconf 89' lang='lat' dir='ltr'><strong>se</strong></span> <span class='ocrx_word' id='word_1_316' title='bbox 1948 2751 2156 2824; x_wconf 85' lang='lat' dir='ltr'><strong>ingur-</strong></span> 
     </span>
    </p>
   </div>
   <div class='ocr_carea' id='block_1_47' title="bbox 492 2840 2157 2915">
    <p class='ocr_par' dir='ltr' id='par_1_47' title="bbox 492 2840 2157 2915">
     <span class='ocr_line' id='line_1_47' title="bbox 492 2840 2157 2915; baseline 0.001 -18"><span class='ocrx_word' id='word_1_317' title='bbox 492 2842 763 2913; x_wconf 86' lang='lat' dir='ltr'><strong>gitarunt</strong></span> <span class='ocrx_word' id='word_1_318' title='bbox 788 2842 1278 2900; x_wconf 85' lang='lat' dir='ltr'><strong>circumferentes</strong></span> <span class='ocrx_word' id='word_1_319' title='bbox 1307 2862 1320 2899; x_wconf 92' lang='lat'>:</span> <span class='ocrx_word' id='word_1_320' title='bbox 1346 2843 1431 2899; x_wconf 91' lang='lat' dir='ltr'><strong>sic</strong></span> <span class='ocrx_word' id='word_1_321' title='bbox 1445 2843 1750 2915; x_wconf 91' lang='lat' dir='ltr'><strong>jejunium</strong></span> <span class='ocrx_word' id='word_1_322' title='bbox 1771 2858 1875 2900; x_wconf 90' lang='lat' dir='ltr'><strong>eos</strong></span> <span class='ocrx_word' id='word_1_323' title='bbox 1914 2847 1971 2899; x_wconf 91' lang='lat' dir='ltr'><strong>et</strong></span> <span class='ocrx_word' id='word_1_324' title='bbox 1994 2840 2157 2899; x_wconf 90' lang='lat' dir='ltr'><strong>leves</strong></span> 
     </span>
    </p>
   </div>
   <div class='ocr_carea' id='block_1_48' title="bbox 490 2929 2159 3006">
    <p class='ocr_par' dir='ltr' id='par_1_48' title="bbox 490 2929 2159 3006">
     <span class='ocr_line' id='line_1_48' title="bbox 490 2929 2159 3006; baseline 0.001 -18"><span class='ocrx_word' id='word_1_325' title='bbox 490 2931 692 2989; x_wconf 90' lang='lat' dir='ltr'><strong>reddit</strong></span> <span class='ocrx_word' id='word_1_326' title='bbox 712 2935 767 2989; x_wconf 92' lang='lat' dir='ltr'><strong>et</strong></span> <span class='ocrx_word' id='word_1_327' title='bbox 785 2932 1122 3006; x_wconf 81' lang='lat' dir='ltr'><strong>expeditos.</strong></span> <span class='ocrx_word' id='word_1_328' title='bbox 1142 2932 1233 2989; x_wconf 79' lang='lat' dir='ltr'><strong>Ad</strong></span> <span class='ocrx_word' id='word_1_329' title='bbox 1253 2932 1403 3002; x_wconf 67' lang='lat' dir='ltr'><strong>haec,</strong></span> <span class='ocrx_word' id='word_1_330' title='bbox 1424 2932 1651 2990; x_wconf 90' lang='lat' dir='ltr'><strong>indicta</strong></span> <span class='ocrx_word' id='word_1_331' title='bbox 1687 2930 1901 3005; x_wconf 90' lang='lat' dir='ltr'><strong>procul</strong></span> <span class='ocrx_word' id='word_1_332' title='bbox 1918 2929 2159 3005; x_wconf 82' lang='lat' dir='ltr'><strong>expedi-</strong></span> 
     </span>
    </p>
   </div>
   <div class='ocr_carea' id='block_1_49' title="bbox 491 3020 2155 3096">
    <p class='ocr_par' dir='ltr' id='par_1_49' title="bbox 491 3020 2155 3096">
     <span class='ocr_line' id='line_1_49' title="bbox 491 3020 2155 3096; baseline 0 -19"><span class='ocrx_word' id='word_1_333' title='bbox 491 3020 669 3094; x_wconf 90' lang='lat' dir='ltr'><strong>tione,</strong></span> <span class='ocrx_word' id='word_1_334' title='bbox 710 3022 1003 3080; x_wconf 87' lang='lat' dir='ltr'><strong>militibus</strong></span> <span class='ocrx_word' id='word_1_335' title='bbox 1040 3026 1413 3080; x_wconf 89' lang='lat' dir='ltr'><strong>commeatus</strong></span> <span class='ocrx_word' id='word_1_336' title='bbox 1452 3020 1894 3096; x_wconf 86' lang='lat' dir='ltr'><strong>suppeditatur,</strong></span> <span class='ocrx_word' id='word_1_337' title='bbox 1914 3037 2037 3079; x_wconf 89' lang='lat' dir='ltr'><strong>non</strong></span> <span class='ocrx_word' id='word_1_338' title='bbox 2076 3021 2155 3078; x_wconf 79' lang='lat' dir='ltr'><strong>ad</strong></span> 
     </span>
    </p>
   </div>
   <div class='ocr_carea' id='block_1_50' title="bbox 2260 1857 3866 1937">
    <p class='ocr_par' dir='ltr' id='par_1_50' title="bbox 2260 1857 3866 1937">
     <span class='ocr_line' id='line_1_50' title="bbox 2260 1857 3866 1937; baseline -0.001 -23"><span class='ocrx_word' id='word_1_339' title='bbox 2260 1863 2396 1914; x_wconf 84' lang='grc' dir='ltr'><strong>κατά</strong></span> <span class='ocrx_word' id='word_1_340' title='bbox 2426 1864 2599 1935; x_wconf 74' lang='grc' dir='ltr'>φύσιν.</span> <span class='ocrx_word' id='word_1_341' title='bbox 2634 1863 2701 1913; x_wconf 83' lang='grc' dir='ltr'><strong>Οἱ</strong></span> <span class='ocrx_word' id='word_1_342' title='bbox 2736 1857 2942 1929; x_wconf 88' lang='grc' dir='ltr'>παῖδες,</span> <span class='ocrx_word' id='word_1_343' title='bbox 2976 1860 3150 1937; x_wconf 81' lang='grc' dir='ltr'>ὧσπερ</span> <span class='ocrx_word' id='word_1_344' title='bbox 3198 1868 3297 1914; x_wconf 85' lang='grc' dir='ltr'>τῶν</span> <span class='ocrx_word' id='word_1_345' title='bbox 3346 1869 3516 1935; x_wconf 78' lang='grc' dir='ltr'>φυτῶν</span> <span class='ocrx_word' id='word_1_346' title='bbox 3557 1863 3626 1913; x_wconf 81' lang='grc' dir='ltr'>τὰ</span> <span class='ocrx_word' id='word_1_347' title='bbox 3654 1859 3866 1928; x_wconf 73' lang='grc' dir='ltr'>εὐθαλῆ,</span> 
     </span>
    </p>
   </div>
   <div class='ocr_carea' id='block_1_51' title="bbox 2261 1946 3871 2025">
    <p class='ocr_par' dir='ltr' id='par_1_51' title="bbox 2261 1946 3871 2025">
     <span class='ocr_line' id='line_1_51' title="bbox 2261 1946 3871 2025; baseline -0.001 -22"><span class='ocrx_word' id='word_1_348' title='bbox 2261 1960 2334 2022; x_wconf 84' lang='grc' dir='ltr'>τῷ</span> <span class='ocrx_word' id='word_1_349' title='bbox 2358 1958 2452 2013; x_wconf 79' lang='grc' dir='ltr'>τῆς</span> <span class='ocrx_word' id='word_1_350' title='bbox 2499 1954 2744 2011; x_wconf 83' lang='grc' dir='ltr'>νηστείας</span> <span class='ocrx_word' id='word_1_351' title='bbox 2790 1946 2950 2003; x_wconf 81' lang='grc' dir='ltr'>ὖδατι</span> <span class='ocrx_word' id='word_1_352' title='bbox 3003 1946 3530 2025; x_wconf 73' lang='grc' dir='ltr'>καταρδευίσθωσαι.</span> <span class='ocrx_word' id='word_1_353' title='bbox 3562 1957 3684 2012; x_wconf 84' lang='grc' dir='ltr'><strong>Τοῖς</strong></span> <span class='ocrx_word' id='word_1_354' title='bbox 3712 1967 3871 2024; x_wconf 88' lang='grc' dir='ltr'>πρεσ-</span> 
     </span>
    </p>
   </div>
   <div class='ocr_carea' id='block_1_52' title="bbox 2264 2038 3871 2115">
    <p class='ocr_par' dir='ltr' id='par_1_52' title="bbox 2264 2038 3871 2115">
     <span class='ocr_line' id='line_1_52' title="bbox 2264 2038 3871 2115; baseline -0.001 -22"><span class='ocrx_word' id='word_1_355' title='bbox 2264 2039 2498 2115; x_wconf 73' lang='grc' dir='ltr'>ϐυτέροις</span> <span class='ocrx_word' id='word_1_356' title='bbox 2529 2042 2640 2112; x_wconf 83' lang='grc'>(73)</span> <span class='ocrx_word' id='word_1_357' title='bbox 2688 2048 2877 2113; x_wconf 72' lang='grc' dir='ltr'>κοῦφον</span> <span class='ocrx_word' id='word_1_358' title='bbox 2933 2047 3073 2092; x_wconf 87' lang='grc' dir='ltr'>ποιεῖ</span> <span class='ocrx_word' id='word_1_359' title='bbox 3122 2043 3209 2093; x_wconf 79' lang='grc' dir='ltr'><strong>τόν</strong></span> <span class='ocrx_word' id='word_1_360' title='bbox 3262 2045 3416 2094; x_wconf 82' lang='grc' dir='ltr'>πόνον</span> <span class='ocrx_word' id='word_1_361' title='bbox 3465 2042 3495 2098; x_wconf 80' lang='grc' dir='ltr'><strong>η</strong></span> <span class='ocrx_word' id='word_1_362' title='bbox 3553 2038 3607 2093; x_wconf 78' lang='grc' dir='ltr'><strong>ίκ</strong></span> <span class='ocrx_word' id='word_1_363' title='bbox 3645 2038 3871 2093; x_wconf 79' lang='grc' dir='ltr'>παλαιοῦ</span> 
     </span>
    </p>
   </div>
   <div class='ocr_carea' id='block_1_53' title="bbox 2262 2127 3872 2204">
    <p class='ocr_par' dir='ltr' id='par_1_53' title="bbox 2262 2127 3872 2204">
     <span class='ocr_line' id='line_1_53' title="bbox 2262 2127 3872 2204; baseline -0.001 -22"><span class='ocrx_word' id='word_1_364' title='bbox 2262 2132 2393 2203; x_wconf 82' lang='grc' dir='ltr'>πρὸς</span> <span class='ocrx_word' id='word_1_365' title='bbox 2423 2128 2584 2188; x_wconf 70' lang='grc' dir='ltr'>αὐτην</span> <span class='ocrx_word' id='word_1_366' title='bbox 2628 2128 2908 2189; x_wconf 60' lang='grc' dir='ltr'>οἰκείωσις</span> <span class='ocrx_word' id='word_1_367' title='bbox 2955 2131 3104 2182; x_wconf 87' lang='grc' dir='ltr'>πόνοι</span> <span class='ocrx_word' id='word_1_368' title='bbox 3129 2130 3227 2204; x_wconf 87' lang='grc' dir='ltr'><strong>γάρ</strong></span> <span class='ocrx_word' id='word_1_369' title='bbox 3272 2127 3327 2181; x_wconf 73' lang='grc' dir='ltr'>ἐκ</span> <span class='ocrx_word' id='word_1_370' title='bbox 3357 2135 3564 2204; x_wconf 77' lang='grc' dir='ltr'>μακρᾶς</span> <span class='ocrx_word' id='word_1_371' title='bbox 3595 2130 3872 2190; x_wconf 75' lang='grc' dir='ltr'>συνηθείας</span> 
     </span>
    </p>
   </div>
   <div class='ocr_carea' id='block_1_54' title="bbox 2263 2216 3873 2295">
    <p class='ocr_par' dir='ltr' id='par_1_54' title="bbox 2263 2216 3873 2295">
     <span class='ocr_line' id='line_1_54' title="bbox 2263 2216 3873 2295; baseline -0.002 -23"><span class='ocrx_word' id='word_1_372' title='bbox 2263 2218 2639 2294; x_wconf 82' lang='grc' dir='ltr'>μελετηθέντες,</span> <span class='ocrx_word' id='word_1_373' title='bbox 2710 2216 3023 2295; x_wconf 79' lang='grc' dir='ltr'>ἀλυπότερον</span> <span class='ocrx_word' id='word_1_374' title='bbox 3093 2223 3493 2292; x_wconf 76' lang='grc' dir='ltr'>προσπίπτουσι</span> <span class='ocrx_word' id='word_1_375' title='bbox 3549 2225 3662 2282; x_wconf 86' lang='grc' dir='ltr'>τοῖς</span> <span class='ocrx_word' id='word_1_376' title='bbox 3708 2237 3873 2290; x_wconf 86' lang='grc' dir='ltr'>γεγυ-</span> 
     </span>
    </p>
   </div>
   <div class='ocr_carea' id='block_1_55' title="bbox 2263 2303 3872 2383">
    <p class='ocr_par' dir='ltr' id='par_1_55' title="bbox 2263 2303 3872 2383">
     <span class='ocr_line' id='line_1_55' title="bbox 2263 2303 3872 2383; baseline -0.001 -22"><span class='ocrx_word' id='word_1_377' title='bbox 2263 2312 2595 2383; x_wconf 76' lang='grc' dir='ltr'>μνασμένοις.</span> <span class='ocrx_word' id='word_1_378' title='bbox 2628 2314 2750 2370; x_wconf 85' lang='grc' dir='ltr'>Τοῖς</span> <span class='ocrx_word' id='word_1_379' title='bbox 2779 2303 3082 2383; x_wconf 81' lang='grc' dir='ltr'>ὁδοιπόροις</span> <span class='ocrx_word' id='word_1_380' title='bbox 3113 2306 3368 2370; x_wconf 77' lang='grc' dir='ltr'>εὐσταλής</span> <span class='ocrx_word' id='word_1_381' title='bbox 3388 2306 3503 2361; x_wconf 74' lang='grc' dir='ltr'>ἔστι</span> <span class='ocrx_word' id='word_1_382' title='bbox 3546 2311 3872 2382; x_wconf 82' lang='grc' dir='ltr'>συνίμπορος</span> 
     </span>
    </p>
   </div>
   <div class='ocr_carea' id='block_1_56' title="bbox 2264 2395 3872 2474">
    <p class='ocr_par' dir='ltr' id='par_1_56' title="bbox 2264 2395 3872 2474">
     <span class='ocr_line' id='line_1_56' title="bbox 2264 2395 3872 2474; baseline -0.001 -24"><span class='ocrx_word' id='word_1_383' title='bbox 2264 2401 2293 2457; x_wconf 79' lang='grc' dir='ltr'>ἡ</span> <span class='ocrx_word' id='word_1_384' title='bbox 2345 2402 2580 2457; x_wconf 87' lang='grc' dir='ltr'>νηστεία.</span> <span class='ocrx_word' id='word_1_385' title='bbox 2611 2403 2811 2472; x_wconf 86' lang='grc' dir='ltr'>Ὥσπερ</span> <span class='ocrx_word' id='word_1_386' title='bbox 2860 2400 2962 2474; x_wconf 80' lang='grc' dir='ltr'><strong>γὰρ</strong></span> <span class='ocrx_word' id='word_1_387' title='bbox 3008 2399 3038 2457; x_wconf 78' lang='grc' dir='ltr'><strong>ἠ</strong></span> <span class='ocrx_word' id='word_1_388' title='bbox 3085 2401 3253 2473; x_wconf 72' lang='grc' dir='ltr'>τρυφὴ</span> <span class='ocrx_word' id='word_1_389' title='bbox 3307 2395 3624 2473; x_wconf 79' lang='grc' dir='ltr'>ἀχθοφορείν</span> <span class='ocrx_word' id='word_1_390' title='bbox 3678 2396 3872 2459; x_wconf 85' lang='grc' dir='ltr'>αύτούς</span> 
     </span>
    </p>
   </div>
   <div class='ocr_carea' id='block_1_57' title="bbox 2266 2484 3876 2561">
    <p class='ocr_par' dir='ltr' id='par_1_57' title="bbox 2266 2484 3876 2561">
     <span class='ocr_line' id='line_1_57' title="bbox 2266 2484 3876 2561; baseline -0.001 -22"><span class='ocrx_word' id='word_1_391' title='bbox 2266 2486 2547 2560; x_wconf 73' lang='grc' dir='ltr'>ἀναγκάζει</span> <span class='ocrx_word' id='word_1_392' title='bbox 2589 2489 2683 2549; x_wconf 83' lang='grc' dir='ltr'><strong>τὰς</strong></span> <span class='ocrx_word' id='word_1_393' title='bbox 2724 2484 3039 2549; x_wconf 76' lang='grc' dir='ltr'>ἀπολαύσεις</span> <span class='ocrx_word' id='word_1_394' title='bbox 3085 2487 3526 2561; x_wconf 73' lang='grc' dir='ltr'>περικομίζοντας</span> <span class='ocrx_word' id='word_1_395' title='bbox 3571 2486 3709 2540; x_wconf 73' lang='grc' dir='ltr'>οὕτω</span> <span class='ocrx_word' id='word_1_396' title='bbox 3756 2488 3876 2539; x_wconf 91' lang='grc' dir='ltr'>κού-</span> 
     </span>
    </p>
   </div>
   <div class='ocr_carea' id='block_1_58' title="bbox 2265 2575 3873 2651">
    <p class='ocr_par' dir='ltr' id='par_1_58' title="bbox 2265 2575 3873 2651">
     <span class='ocr_line' id='line_1_58' title="bbox 2265 2575 3873 2651; baseline 0.001 -22"><span class='ocrx_word' id='word_1_397' title='bbox 2265 2596 2390 2649; x_wconf 71' lang='grc' dir='ltr'>φους</span> <span class='ocrx_word' id='word_1_398' title='bbox 2434 2576 2624 2638; x_wconf 80' lang='grc' dir='ltr'>αύτούς</span> <span class='ocrx_word' id='word_1_399' title='bbox 2670 2581 2760 2629; x_wconf 83' lang='grc' dir='ltr'>καὶ</span> <span class='ocrx_word' id='word_1_400' title='bbox 2809 2575 3065 2636; x_wconf 72' lang='grc' dir='ltr'>εὐζώνους</span> <span class='ocrx_word' id='word_1_401' title='bbox 3112 2578 3144 2635; x_wconf 79' lang='grc' dir='ltr'><strong>ἠ</strong></span> <span class='ocrx_word' id='word_1_402' title='bbox 3196 2580 3417 2634; x_wconf 78' lang='grc' dir='ltr'>νηστεία</span> <span class='ocrx_word' id='word_1_403' title='bbox 3456 2575 3873 2651; x_wconf 74' lang='grc' dir='ltr'>παρασκευάζει.</span> 
     </span>
    </p>
   </div>
   <div class='ocr_carea' id='block_1_59' title="bbox 2265 2662 3876 2740">
    <p class='ocr_par' dir='ltr' id='par_1_59' title="bbox 2265 2662 3876 2740">
     <span class='ocr_line' id='line_1_59' title="bbox 2265 2662 3876 2740; baseline -0.001 -22"><span class='ocrx_word' id='word_1_404' title='bbox 2265 2662 2413 2733; x_wconf 83' lang='grc' dir='ltr'>Εἶτα,</span> <span class='ocrx_word' id='word_1_405' title='bbox 2481 2669 2757 2740; x_wconf 77' lang='grc' dir='ltr'>στρατείας</span> <span class='ocrx_word' id='word_1_406' title='bbox 2822 2667 2914 2737; x_wconf 69' lang='grc' dir='ltr'><strong>μεν</strong></span> <span class='ocrx_word' id='word_1_407' title='bbox 2981 2664 3260 2740; x_wconf 76' lang='grc' dir='ltr'>ὑπερορίου</span> <span class='ocrx_word' id='word_1_408' title='bbox 3321 2669 3737 2740; x_wconf 70' lang='grc' dir='ltr'>προγραφείσης,</span> <span class='ocrx_word' id='word_1_409' title='bbox 3805 2666 3876 2717; x_wconf 80' lang='grc' dir='ltr'><strong>τὰ</strong></span> 
     </span>
    </p>
   </div>
   <div class='ocr_carea' id='block_1_60' title="bbox 2266 2752 3872 2829">
    <p class='ocr_par' dir='ltr' id='par_1_60' title="bbox 2266 2752 3872 2829">
     <span class='ocr_line' id='line_1_60' title="bbox 2266 2752 3872 2829; baseline -0.001 -22"><span class='ocrx_word' id='word_1_410' title='bbox 2266 2754 2541 2827; x_wconf 87' lang='grc' dir='ltr'>ἀναγκαῖα,</span> <span class='ocrx_word' id='word_1_411' title='bbox 2576 2753 2704 2826; x_wconf 76' lang='grc' dir='ltr'>ούχὶ</span> <span class='ocrx_word' id='word_1_412' title='bbox 2751 2756 2818 2807; x_wconf 86' lang='grc' dir='ltr'><strong>τά</strong></span> <span class='ocrx_word' id='word_1_413' title='bbox 2863 2757 2995 2828; x_wconf 87' lang='grc' dir='ltr'>πρὸς</span> <span class='ocrx_word' id='word_1_414' title='bbox 3035 2758 3255 2828; x_wconf 76' lang='grc' dir='ltr'>τρυφὴν,</span> <span class='ocrx_word' id='word_1_415' title='bbox 3290 2752 3673 2815; x_wconf 75' lang='grc' dir='ltr'>ίπισιτιζονται</span> <span class='ocrx_word' id='word_1_416' title='bbox 3704 2772 3872 2829; x_wconf 88' lang='grc' dir='ltr'>στρα-</span> 
     </span>
    </p>
   </div>
   <div class='ocr_carea' id='block_1_61' title="bbox 2264 2839 3872 2918">
    <p class='ocr_par' dir='ltr' id='par_1_61' title="bbox 2264 2839 3872 2918">
     <span class='ocr_line' id='line_1_61' title="bbox 2264 2839 3872 2918; baseline -0.001 -22"><span class='ocrx_word' id='word_1_417' title='bbox 2264 2850 2468 2896; x_wconf 87' lang='grc' dir='ltr'>τιῶται·</span> <span class='ocrx_word' id='word_1_418' title='bbox 2502 2845 2627 2916; x_wconf 75' lang='grc' dir='ltr'>ἡμῖν</span> <span class='ocrx_word' id='word_1_419' title='bbox 2658 2839 2719 2896; x_wconf 69' lang='grc' dir='ltr'><strong>δε</strong></span> <span class='ocrx_word' id='word_1_420' title='bbox 2760 2846 2891 2918; x_wconf 85' lang='grc' dir='ltr'>πρὸς</span> <span class='ocrx_word' id='word_1_421' title='bbox 2936 2845 3024 2896; x_wconf 85' lang='grc' dir='ltr'>τὸν</span> <span class='ocrx_word' id='word_1_422' title='bbox 3065 2845 3203 2896; x_wconf 89' lang='grc' dir='ltr'><strong>κατά</strong></span> <span class='ocrx_word' id='word_1_423' title='bbox 3247 2850 3347 2896; x_wconf 82' lang='grc' dir='ltr'><strong>τῶν</strong></span> <span class='ocrx_word' id='word_1_424' title='bbox 3379 2840 3612 2917; x_wconf 79' lang='grc' dir='ltr'>ἀοράτων</span> <span class='ocrx_word' id='word_1_425' title='bbox 3666 2840 3872 2916; x_wconf 71' lang='grc' dir='ltr'>ἐχθρῶν</span> 
     </span>
    </p>
   </div>
   <div class='ocr_carea' id='block_1_62' title="bbox 2264 2931 3875 3006">
    <p class='ocr_par' dir='ltr' id='par_1_62' title="bbox 2264 2931 3875 3006">
     <span class='ocr_line' id='line_1_62' title="bbox 2264 2931 3875 3006; baseline -0.001 -20"><span class='ocrx_word' id='word_1_426' title='bbox 2264 2932 2483 3006; x_wconf 86' lang='grc' dir='ltr'>πόλεμον</span> <span class='ocrx_word' id='word_1_427' title='bbox 2531 2931 2748 3000; x_wconf 72' lang='grc' dir='ltr'>ἐξιοῦσι,</span> <span class='ocrx_word' id='word_1_428' title='bbox 2808 2936 2900 2985; x_wconf 72' lang='grc' dir='ltr'>καὶ</span> <span class='ocrx_word' id='word_1_429' title='bbox 2951 2934 3084 3005; x_wconf 85' lang='grc' dir='ltr'><strong>μετά</strong></span> <span class='ocrx_word' id='word_1_430' title='bbox 3138 2933 3232 2992; x_wconf 73' lang='grc' dir='ltr'><strong>την</strong></span> <span class='ocrx_word' id='word_1_431' title='bbox 3280 2932 3475 2985; x_wconf 88' lang='grc' dir='ltr'>τούτων</span> <span class='ocrx_word' id='word_1_432' title='bbox 3535 2936 3708 2989; x_wconf 86' lang='grc' dir='ltr'>νίκην·</span> <span class='ocrx_word' id='word_1_433' title='bbox 3740 2934 3875 3006; x_wconf 88' lang='grc' dir='ltr'>πρὸς</span> 
     </span>
    </p>
   </div>
   <div class='ocr_carea' id='block_1_63' title="bbox 2264 3017 3872 3095">
    <p class='ocr_par' dir='ltr' id='par_1_63' title="bbox 2264 3017 3872 3095">
     <span class='ocr_line' id='line_1_63' title="bbox 2264 3017 3872 3095; baseline -0.001 -21"><span class='ocrx_word' id='word_1_434' title='bbox 2264 3026 2359 3080; x_wconf 81' lang='grc' dir='ltr'>τὴν</span> <span class='ocrx_word' id='word_1_435' title='bbox 2420 3023 2527 3074; x_wconf 80' lang='grc' dir='ltr'>ἄνω</span> <span class='ocrx_word' id='word_1_436' title='bbox 2587 3017 2827 3095; x_wconf 87' lang='grc' dir='ltr'>πατρίδα</span> <span class='ocrx_word' id='word_1_437' title='bbox 2894 3018 3263 3095; x_wconf 68' lang='grc' dir='ltr'>ἐπειγομένοις,</span> <span class='ocrx_word' id='word_1_438' title='bbox 3330 3020 3390 3074; x_wconf 81' lang='grc' dir='ltr'><strong>ού</strong></span> <span class='ocrx_word' id='word_1_439' title='bbox 3447 3020 3616 3092; x_wconf 79' lang='grc' dir='ltr'>πολλῷ</span> <span class='ocrx_word' id='word_1_440' title='bbox 3680 3019 3872 3094; x_wconf 82' lang='grc' dir='ltr'>μᾶλλον</span> 
     </span>
    </p>
   </div>
   <div class='ocr_carea' id='block_1_64' title="bbox 490 3106 2150 3193">
    <p class='ocr_par' dir='ltr' id='par_1_64' title="bbox 490 3108 2150 3193">
     <span class='ocr_line' id='line_1_64' title="bbox 490 3108 2150 3193; baseline 0.001 -27"><span class='ocrx_word' id='word_1_441' title='bbox 490 3108 757 3179; x_wconf 89' lang='lat' dir='ltr'><strong>delicias,</strong></span> <span class='ocrx_word' id='word_1_442' title='bbox 782 3111 886 3193; x_wconf 87' lang='lat' dir='ltr'><strong>sed</strong></span> <span class='ocrx_word' id='word_1_443' title='bbox 907 3111 988 3169; x_wconf 90' lang='lat' dir='ltr'><strong>ad</strong></span> <span class='ocrx_word' id='word_1_444' title='bbox 1010 3110 1433 3169; x_wconf 87' lang='lat' dir='ltr'><strong>necessitatem</strong></span> <span class='ocrx_word' id='word_1_445' title='bbox 1456 3129 1471 3181; x_wconf 89' lang='lat'><strong>;</strong></span> <span class='ocrx_word' id='word_1_446' title='bbox 1499 3126 1578 3169; x_wconf 88' lang='lat' dir='ltr'><strong>an</strong></span> <span class='ocrx_word' id='word_1_447' title='bbox 1599 3127 1724 3168; x_wconf 91' lang='lat' dir='ltr'><strong>non</strong></span> <span class='ocrx_word' id='word_1_448' title='bbox 1742 3109 1935 3169; x_wconf 89' lang='lat' dir='ltr'><strong>multo</strong></span> <span class='ocrx_word' id='word_1_449' title='bbox 1958 3109 2150 3181; x_wconf 86' lang='lat' dir='ltr'><strong>magis</strong></span> 
     </span>
    </p>
   </div>
   <div class='ocr_carea' id='block_1_65' title="bbox 2259 3106 3872 3193">
    <p class='ocr_par' dir='ltr' id='par_1_65' title="bbox 2265 3106 3872 3185">
     <span class='ocr_line' id='line_1_65' title="bbox 2265 3106 3872 3185; baseline 0.001 -20"><span class='ocrx_word' id='word_1_450' title='bbox 2265 3110 2507 3185; x_wconf 78' lang='grc' dir='ltr'>ἁρμόσει,</span> <span class='ocrx_word' id='word_1_451' title='bbox 2557 3108 2730 3185; x_wconf 85' lang='grc' dir='ltr'>ὥσπερ</span> <span class='ocrx_word' id='word_1_452' title='bbox 2780 3108 2864 3163; x_wconf 73' lang='grc' dir='ltr'><strong>ἐπὶ</strong></span> <span class='ocrx_word' id='word_1_453' title='bbox 2896 3106 3256 3185; x_wconf 76' lang='grc' dir='ltr'>στρατοπέδου</span> <span class='ocrx_word' id='word_1_454' title='bbox 3303 3106 3666 3185; x_wconf 74' lang='grc' dir='ltr'>διαιτωμένοις</span> <span class='ocrx_word' id='word_1_455' title='bbox 3691 3109 3872 3167; x_wconf 57' lang='grc' dir='ltr'>αὐτοῖς</span> 
     </span>
    </p>
   </div>
   <div class='ocr_carea' id='block_1_66' title="bbox 489 3188 2152 3275">
    <p class='ocr_par' dir='ltr' id='par_1_66' title="bbox 489 3188 2152 3275">
     <span class='ocr_line' id='line_1_66' title="bbox 489 3188 2152 3275; baseline 0.001 -20"><span class='ocrx_word' id='word_1_456' title='bbox 489 3198 666 3256; x_wconf 87' lang='lat' dir='ltr'><strong>nobis</strong></span> <span class='ocrx_word' id='word_1_457' title='bbox 692 3200 799 3275; x_wconf 91' lang='lat' dir='ltr'><strong>qui</strong></span> <span class='ocrx_word' id='word_1_458' title='bbox 816 3188 1117 3259; x_wconf 81' lang='lat' dir='ltr'><strong>adversus</strong></span> <span class='ocrx_word' id='word_1_459' title='bbox 1136 3202 1342 3258; x_wconf 90' lang='lat' dir='ltr'><strong>hostes</strong></span> <span class='ocrx_word' id='word_1_460' title='bbox 1361 3199 1695 3258; x_wconf 87' lang='lat' dir='ltr'><strong>invisibiles</strong></span> <span class='ocrx_word' id='word_1_461' title='bbox 1732 3199 2052 3273; x_wconf 88' lang='lat' dir='ltr'><strong>prodimus</strong></span> <span class='ocrx_word' id='word_1_462' title='bbox 2090 3199 2152 3257; x_wconf 90' lang='lat' dir='ltr'><strong>in</strong></span> 
     </span>
    </p>
   </div>
   <div class='ocr_carea' id='block_1_67' title="bbox 2267 3197 3046 3276">
    <p class='ocr_par' dir='ltr' id='par_1_67' title="bbox 2267 3197 3046 3276">
     <span class='ocr_line' id='line_1_67' title="bbox 2267 3197 3046 3276; baseline -0.001 -24"><span class='ocrx_word' id='word_1_463' title='bbox 2267 3197 2544 3276; x_wconf 86' lang='grc' dir='ltr'>ἀρκεῖσθαι</span> <span class='ocrx_word' id='word_1_464' title='bbox 2567 3206 2678 3263; x_wconf 91' lang='grc' dir='ltr'>τοῖς</span> <span class='ocrx_word' id='word_1_465' title='bbox 2708 3197 3046 3273; x_wconf 77' lang='grc' dir='ltr'>ἀναγκαίοιςς</span> 
     </span>
    </p>
   </div>
   <div class='ocr_carea' id='block_1_68' title="bbox 488 3287 3872 3365">
    <p class='ocr_par' dir='ltr' id='par_1_68' title="bbox 488 3287 3872 3365">
     <span class='ocr_line' id='line_1_68' title="bbox 488 3287 3872 3365; baseline 0 -21"><span class='ocrx_word' id='word_1_466' title='bbox 488 3289 791 3362; x_wconf 77' lang='lat' dir='ltr'><strong>praelium,</strong></span> <span class='ocrx_word' id='word_1_467' title='bbox 824 3306 897 3348; x_wconf 86' lang='lat' dir='ltr'><strong>ac</strong></span> <span class='ocrx_word' id='word_1_468' title='bbox 937 3293 1076 3365; x_wconf 90' lang='lat' dir='ltr'><strong>post</strong></span> <span class='ocrx_word' id='word_1_469' title='bbox 1115 3305 1220 3347; x_wconf 92' lang='lat' dir='ltr'><strong>eos</strong></span> <span class='ocrx_word' id='word_1_470' title='bbox 1263 3288 1534 3348; x_wconf 86' lang='lat' dir='ltr'><strong>devictos</strong></span> <span class='ocrx_word' id='word_1_471' title='bbox 1563 3289 1643 3347; x_wconf 88' lang='lat' dir='ltr'><strong>ad</strong></span> <span class='ocrx_word' id='word_1_472' title='bbox 1684 3304 2014 3364; x_wconf 88' lang='lat' dir='ltr'><strong>supernam</strong></span> <span class='ocrx_word' id='word_1_473' title='bbox 2043 3289 2307 3363; x_wconf 85' lang='lat' dir='ltr'><strong>patriam</strong></span> <span class='ocrx_word' id='word_1_474' title='bbox 2334 3287 2717 3358; x_wconf 81' lang='lat' dir='ltr'><strong>festinamus,</strong></span> <span class='ocrx_word' id='word_1_475' title='bbox 2751 3289 3082 3359; x_wconf 88' lang='lat' dir='ltr'><strong>conveniet,</strong></span> <span class='ocrx_word' id='word_1_476' title='bbox 3123 3292 3420 3365; x_wconf 88' lang='lat' dir='ltr'><strong>tanquam</strong></span> <span class='ocrx_word' id='word_1_477' title='bbox 3445 3289 3509 3348; x_wconf 91' lang='lat' dir='ltr'><strong>in</strong></span> <span class='ocrx_word' id='word_1_478' title='bbox 3529 3289 3739 3347; x_wconf 84' lang='lat' dir='ltr'><strong>castris</strong></span> <span class='ocrx_word' id='word_1_479' title='bbox 3768 3288 3872 3345; x_wconf 88' lang='lat' dir='ltr'><strong>de-</strong></span> 
     </span>
    </p>
   </div>
   <div class='ocr_carea' id='block_1_69' title="bbox 494 3378 1732 3450">
    <p class='ocr_par' dir='ltr' id='par_1_69' title="bbox 494 3378 1732 3450">
     <span class='ocr_line' id='line_1_69' title="bbox 494 3378 1732 3450; baseline 0.002 -15"><span class='ocrx_word' id='word_1_480' title='bbox 494 3378 795 3450; x_wconf 85' lang='lat' dir='ltr'><strong>gentibus,</strong></span> <span class='ocrx_word' id='word_1_481' title='bbox 826 3379 1187 3438; x_wconf 87' lang='lat' dir='ltr'><strong>necessariis</strong></span> <span class='ocrx_word' id='word_1_482' title='bbox 1215 3395 1349 3437; x_wconf 84' lang='lat' dir='ltr'><strong>esse</strong></span> <span class='ocrx_word' id='word_1_483' title='bbox 1378 3382 1693 3438; x_wconf 89' lang='lat' dir='ltr'><strong>contentos</strong></span> <span class='ocrx_word' id='word_1_484' title='bbox 1719 3380 1732 3437; x_wconf 77' lang='grc' dir='ltr'>Ξ</span> 
     </span>
    </p>
   </div>
   <div class='ocr_carea' id='block_1_70' title="bbox 564 3466 2151 3537">
    <p class='ocr_par' dir='ltr' id='par_1_70' title="bbox 564 3466 2151 3537">
     <span class='ocr_line' id='line_1_70' title="bbox 564 3466 2151 3537; baseline 0.001 -12"><span class='ocrx_word' id='word_1_485' title='bbox 564 3472 617 3525; x_wconf 88' lang='grc'><strong>3.</strong></span> <span class='ocrx_word' id='word_1_486' title='bbox 666 3469 860 3526; x_wconf 81' lang='lat' dir='ltr'><strong>Suﬂ&#39;er</strong></span> <span class='ocrx_word' id='word_1_487' title='bbox 883 3468 1267 3526; x_wconf 78' lang='lat' dir='ltr'><strong>afﬂictionem</strong></span> <span class='ocrx_word' id='word_1_488' title='bbox 1310 3467 1472 3527; x_wconf 91' lang='lat' dir='ltr'><strong>velut</strong></span> <span class='ocrx_word' id='word_1_489' title='bbox 1506 3468 1709 3526; x_wconf 88' lang='lat' dir='ltr'><strong>bonus</strong></span> <span class='ocrx_word' id='word_1_490' title='bbox 1752 3466 1946 3537; x_wconf 89' lang='lat' dir='ltr'><strong>miles,</strong></span> <span class='ocrx_word' id='word_1_491' title='bbox 1981 3471 2038 3527; x_wconf 92' lang='lat' dir='ltr'><strong>et</strong></span> <span class='ocrx_word' id='word_1_492' title='bbox 2070 3466 2151 3527; x_wconf 91' lang='lat' dir='ltr'><strong>le-</strong></span> 
     </span>
    </p>
   </div>
   <div class='ocr_carea' id='block_1_71' title="bbox 494 3557 2147 3630">
    <p class='ocr_par' dir='ltr' id='par_1_71' title="bbox 494 3557 2147 3630">
     <span class='ocr_line' id='line_1_71' title="bbox 494 3557 2147 3630; baseline 0.001 -17"><span class='ocrx_word' id='word_1_493' title='bbox 494 3557 700 3629; x_wconf 88' lang='lat' dir='ltr'><strong>gitime</strong></span> <span class='ocrx_word' id='word_1_494' title='bbox 729 3564 909 3629; x_wconf 88' lang='lat' dir='ltr'><strong>certa,</strong></span> <span class='ocrx_word' id='word_1_495' title='bbox 935 3564 1000 3615; x_wconf 89' lang='lat' dir='ltr'><strong>ut</strong></span> <span class='ocrx_word' id='word_1_496' title='bbox 1018 3558 1407 3627; x_wconf 67' lang='lat' dir='ltr'><strong>coroneris“,</strong></span> <span class='ocrx_word' id='word_1_497' title='bbox 1447 3558 1597 3616; x_wconf 90' lang='lat' dir='ltr'><strong>illud</strong></span> <span class='ocrx_word' id='word_1_498' title='bbox 1631 3558 1799 3617; x_wconf 89' lang='lat' dir='ltr'><strong>haud</strong></span> <span class='ocrx_word' id='word_1_499' title='bbox 1837 3559 2147 3630; x_wconf 87' lang='lat' dir='ltr'><strong>ignorans,</strong></span> 
     </span>
    </p>
   </div>
   <div class='ocr_carea' id='block_1_72' title="bbox 491 3647 2147 3723">
    <p class='ocr_par' dir='ltr' id='par_1_72' title="bbox 491 3647 2147 3723">
     <span class='ocr_line' id='line_1_72' title="bbox 491 3647 2147 3723; baseline 0.001 -20"><span class='ocrx_word' id='word_1_500' title='bbox 491 3647 660 3721; x_wconf 93' lang='lat' dir='ltr'><strong>quod</strong></span> <span class='ocrx_word' id='word_1_501' title='bbox 692 3648 1043 3723; x_wconf 90' lang='lat' dir='ltr'><strong>quicunque</strong></span> <span class='ocrx_word' id='word_1_502' title='bbox 1063 3652 1268 3716; x_wconf 89' lang='lat' dir='ltr'><strong>certat,</strong></span> <span class='ocrx_word' id='word_1_503' title='bbox 1290 3648 1354 3704; x_wconf 92' lang='lat' dir='ltr'><strong>in</strong></span> <span class='ocrx_word' id='word_1_504' title='bbox 1390 3647 1675 3706; x_wconf 89' lang='lat' dir='ltr'><strong>omnibus</strong></span> <span class='ocrx_word' id='word_1_505' title='bbox 1697 3648 1813 3705; x_wconf 87' lang='lat' dir='ltr'><strong>sibi</strong></span> <span class='ocrx_word' id='word_1_506' title='bbox 1835 3652 2147 3722; x_wconf 89' lang='lat' dir='ltr'><strong>temperat.</strong></span> 
     </span>
    </p>
   </div>
   <div class='ocr_carea' id='block_1_73' title="bbox 491 3736 2152 3810">
    <p class='ocr_par' dir='ltr' id='par_1_73' title="bbox 491 3736 2152 3810">
     <span class='ocr_line' id='line_1_73' title="bbox 491 3736 2152 3810; baseline 0 -15"><span class='ocrx_word' id='word_1_507' title='bbox 491 3736 608 3795; x_wconf 86' lang='lat' dir='ltr'><strong>Sed</strong></span> <span class='ocrx_word' id='word_1_508' title='bbox 626 3737 794 3810; x_wconf 91' lang='lat' dir='ltr'><strong>quod</strong></span> <span class='ocrx_word' id='word_1_509' title='bbox 816 3738 965 3795; x_wconf 91' lang='lat' dir='ltr'><strong>mihi</strong></span> <span class='ocrx_word' id='word_1_510' title='bbox 984 3737 1172 3795; x_wconf 90' lang='lat' dir='ltr'><strong>modo</strong></span> <span class='ocrx_word' id='word_1_511' title='bbox 1203 3738 1359 3796; x_wconf 90' lang='lat' dir='ltr'><strong>inter</strong></span> <span class='ocrx_word' id='word_1_512' title='bbox 1377 3737 1707 3795; x_wconf 89' lang='lat' dir='ltr'><strong>dicendum</strong></span> <span class='ocrx_word' id='word_1_513' title='bbox 1724 3736 1886 3795; x_wconf 89' lang='lat' dir='ltr'><strong>venit</strong></span> <span class='ocrx_word' id='word_1_514' title='bbox 1899 3738 1962 3794; x_wconf 90' lang='lat' dir='ltr'><strong>in</strong></span> <span class='ocrx_word' id='word_1_515' title='bbox 1987 3753 2152 3795; x_wconf 91' lang='lat' dir='ltr'><strong>men-</strong></span> 
     </span>
    </p>
   </div>
   <div class='ocr_carea' id='block_1_74' title="bbox 491 3825 2151 3900">
    <p class='ocr_par' dir='ltr' id='par_1_74' title="bbox 491 3825 2151 3900">
     <span class='ocr_line' id='line_1_74' title="bbox 491 3825 2151 3900; baseline -0.002 -15"><span class='ocrx_word' id='word_1_516' title='bbox 491 3831 633 3896; x_wconf 85' lang='lat' dir='ltr'><strong>tem,</strong></span> <span class='ocrx_word' id='word_1_517' title='bbox 655 3828 825 3885; x_wconf 89' lang='lat' dir='ltr'><strong>haud</strong></span> <span class='ocrx_word' id='word_1_518' title='bbox 859 3827 1073 3885; x_wconf 89' lang='lat' dir='ltr'><strong>merito</strong></span> <span class='ocrx_word' id='word_1_519' title='bbox 1109 3828 1499 3896; x_wconf 89' lang='lat' dir='ltr'><strong>omitteretur,</strong></span> <span class='ocrx_word' id='word_1_520' title='bbox 1521 3825 1795 3883; x_wconf 90' lang='lat' dir='ltr'><strong>videlicet</strong></span> <span class='ocrx_word' id='word_1_521' title='bbox 1832 3826 2000 3900; x_wconf 89' lang='lat' dir='ltr'><strong>quod</strong></span> <span class='ocrx_word' id='word_1_522' title='bbox 2037 3827 2151 3882; x_wconf 86' lang='lat' dir='ltr'><strong>hu-</strong></span> 
     </span>
    </p>
   </div>
   <div class='ocr_carea' id='block_1_75' title="bbox 487 3914 2153 3989">
    <p class='ocr_par' dir='ltr' id='par_1_75' title="bbox 487 3914 2153 3989">
     <span class='ocr_line' id='line_1_75' title="bbox 487 3914 2153 3989; baseline 0.001 -17"><span class='ocrx_word' id='word_1_523' title='bbox 487 3915 590 3987; x_wconf 84' lang='lat' dir='ltr'><strong>jus</strong></span> <span class='ocrx_word' id='word_1_524' title='bbox 612 3916 829 3972; x_wconf 89' lang='lat' dir='ltr'><strong>mundi</strong></span> <span class='ocrx_word' id='word_1_525' title='bbox 847 3916 1135 3973; x_wconf 87' lang='lat' dir='ltr'><strong>militibus</strong></span> <span class='ocrx_word' id='word_1_526' title='bbox 1154 3932 1266 3989; x_wconf 92' lang='lat' dir='ltr'><strong>pro</strong></span> <span class='ocrx_word' id='word_1_527' title='bbox 1303 3914 1587 3973; x_wconf 87' lang='lat' dir='ltr'><strong>laborum</strong></span> <span class='ocrx_word' id='word_1_528' title='bbox 1624 3914 1856 3972; x_wconf 88' lang='lat' dir='ltr'><strong>ratione</strong></span> <span class='ocrx_word' id='word_1_529' title='bbox 1897 3920 2153 3986; x_wconf 89' lang='lat' dir='ltr'><strong>augetur</strong></span> 
     </span>
    </p>
   </div>
   <div class='ocr_carea' id='block_1_76' title="bbox 489 4002 2153 4078">
    <p class='ocr_par' dir='ltr' id='par_1_76' title="bbox 489 4002 2153 4078">
     <span class='ocr_line' id='line_1_76' title="bbox 489 4002 2153 4078; baseline 0.001 -18"><span class='ocrx_word' id='word_1_530' title='bbox 489 4003 846 4073; x_wconf 84' lang='lat' dir='ltr'><strong>obsonium;</strong></span> <span class='ocrx_word' id='word_1_531' title='bbox 868 4008 1098 4073; x_wconf 86' lang='lat' dir='ltr'><strong>contra,</strong></span> <span class='ocrx_word' id='word_1_532' title='bbox 1120 4005 1275 4062; x_wconf 87' lang='lat' dir='ltr'><strong>inter</strong></span> <span class='ocrx_word' id='word_1_533' title='bbox 1294 4003 1635 4078; x_wconf 89' lang='lat' dir='ltr'><strong>spirituales</strong></span> <span class='ocrx_word' id='word_1_534' title='bbox 1657 4002 1893 4073; x_wconf 88' lang='lat' dir='ltr'><strong>milites,</strong></span> <span class='ocrx_word' id='word_1_535' title='bbox 1918 4004 2025 4078; x_wconf 91' lang='lat' dir='ltr'><strong>qui</strong></span> <span class='ocrx_word' id='word_1_536' title='bbox 2045 4004 2153 4061; x_wconf 87' lang='lat' dir='ltr'><strong>mi-</strong></span> 
     </span>
    </p>
   </div>
   <div class='ocr_carea' id='block_1_77' title="bbox 493 4092 2153 4168">
    <p class='ocr_par' dir='ltr' id='par_1_77' title="bbox 493 4092 2153 4168">
     <span class='ocr_line' id='line_1_77' title="bbox 493 4092 2153 4168; baseline 0 -18"><span class='ocrx_word' id='word_1_537' title='bbox 493 4093 1089 4151; x_wconf 87' lang='lat' dir='ltr'><strong>nushabetalimenti</strong></span> <span class='ocrx_word' id='word_1_538' title='bbox 1104 4094 1243 4168; x_wconf 85' lang='lat' dir='ltr'><strong>plus</strong></span> <span class='ocrx_word' id='word_1_539' title='bbox 1276 4092 1463 4151; x_wconf 89' lang='lat' dir='ltr'><strong>habet</strong></span> <span class='ocrx_word' id='word_1_540' title='bbox 1476 4092 1742 4151; x_wconf 88' lang='lat' dir='ltr'><strong>honoris.</strong></span> <span class='ocrx_word' id='word_1_541' title='bbox 1768 4095 1916 4150; x_wconf 85' lang='lat' dir='ltr'><strong>Nam</strong></span> <span class='ocrx_word' id='word_1_542' title='bbox 1946 4109 2153 4166; x_wconf 88' lang='lat' dir='ltr'><strong>quem-</strong></span> 
     </span>
    </p>
   </div>
   <div class='ocr_carea' id='block_1_78' title="bbox 493 4180 2154 4256">
    <p class='ocr_par' dir='ltr' id='par_1_78' title="bbox 493 4180 2154 4256">
     <span class='ocr_line' id='line_1_78' title="bbox 493 4180 2154 4256; baseline 0.001 -18"><span class='ocrx_word' id='word_1_543' title='bbox 493 4183 827 4239; x_wconf 88' lang='lat' dir='ltr'><strong>admodum</strong></span> <span class='ocrx_word' id='word_1_544' title='bbox 848 4183 1022 4254; x_wconf 88' lang='lat' dir='ltr'><strong>galea</strong></span> <span class='ocrx_word' id='word_1_545' title='bbox 1041 4186 1247 4240; x_wconf 87' lang='lat' dir='ltr'><strong>nostra</strong></span> <span class='ocrx_word' id='word_1_546' title='bbox 1263 4198 1377 4240; x_wconf 88' lang='lat' dir='ltr'><strong>sua</strong></span> <span class='ocrx_word' id='word_1_547' title='bbox 1396 4186 1613 4240; x_wconf 86' lang='lat' dir='ltr'><strong>natura</strong></span> <span class='ocrx_word' id='word_1_548' title='bbox 1633 4180 1830 4239; x_wconf 69' lang='lat' dir='ltr'><strong>ditl‘ert</strong></span> <span class='ocrx_word' id='word_1_549' title='bbox 1852 4198 1889 4240; x_wconf 91' lang='lat' dir='ltr'><strong>a</strong></span> <span class='ocrx_word' id='word_1_550' title='bbox 1909 4198 2154 4256; x_wconf 89' lang='lat' dir='ltr'><strong>corrup-</strong></span> 
     </span>
    </p>
   </div>
   <div class='ocr_carea' id='block_1_79' title="bbox 493 4270 2151 4345">
    <p class='ocr_par' dir='ltr' id='par_1_79' title="bbox 493 4270 2151 4345">
     <span class='ocr_line' id='line_1_79' title="bbox 493 4270 2151 4345; baseline 0.001 -17"><span class='ocrx_word' id='word_1_551' title='bbox 493 4270 661 4338; x_wconf 89' lang='lat' dir='ltr'><strong>tibili,</strong></span> <span class='ocrx_word' id='word_1_552' title='bbox 685 4270 984 4345; x_wconf 88' lang='lat' dir='ltr'><strong>siquidem</strong></span> <span class='ocrx_word' id='word_1_553' title='bbox 1021 4272 1181 4329; x_wconf 90' lang='lat' dir='ltr'><strong>illius</strong></span> <span class='ocrx_word' id='word_1_554' title='bbox 1219 4270 1471 4329; x_wconf 85' lang='lat' dir='ltr'><strong>materia</strong></span> <span class='ocrx_word' id='word_1_555' title='bbox 1509 4275 1597 4329; x_wconf 92' lang='lat' dir='ltr'><strong>est</strong></span> <span class='ocrx_word' id='word_1_556' title='bbox 1631 4288 1737 4338; x_wconf 71' lang='grc' dir='ltr'><strong>ωε,</strong></span> <span class='ocrx_word' id='word_1_557' title='bbox 1774 4275 1981 4330; x_wconf 89' lang='lat' dir='ltr'><strong>nostra</strong></span> <span class='ocrx_word' id='word_1_558' title='bbox 2011 4286 2151 4329; x_wconf 88' lang='lat' dir='ltr'><strong>vero</strong></span> 
     </span>
    </p>
   </div>
   <div class='ocr_carea' id='block_1_80' title="bbox 494 4360 2150 4433">
    <p class='ocr_par' dir='ltr' id='par_1_80' title="bbox 494 4360 2150 4433">
     <span class='ocr_line' id='line_1_80' title="bbox 494 4360 2150 4433; baseline 0.002 -17"><span class='ocrx_word' id='word_1_559' title='bbox 494 4374 569 4416; x_wconf 85' lang='lat' dir='ltr'><strong>ex</strong></span> <span class='ocrx_word' id='word_1_560' title='bbox 589 4375 697 4433; x_wconf 90' lang='lat' dir='ltr'><strong>spe</strong></span> <span class='ocrx_word' id='word_1_561' title='bbox 719 4360 928 4418; x_wconf 88' lang='lat' dir='ltr'><strong>salutis</strong></span> <span class='ocrx_word' id='word_1_562' title='bbox 944 4363 990 4399; x_wconf 77' lang='grc'><strong><em>⁵⁵</em></strong></span> <span class='ocrx_word' id='word_1_563' title='bbox 1027 4366 1120 4419; x_wconf 91' lang='lat' dir='ltr'><strong>est</strong></span> <span class='ocrx_word' id='word_1_564' title='bbox 1140 4360 1401 4418; x_wconf 88' lang='lat' dir='ltr'><strong>conﬂata</strong></span> <span class='ocrx_word' id='word_1_565' title='bbox 1425 4379 1439 4417; x_wconf 91' lang='lat'><strong>:</strong></span> <span class='ocrx_word' id='word_1_566' title='bbox 1480 4360 1689 4418; x_wconf 89' lang='lat' dir='ltr'><strong>itidem</strong></span> <span class='ocrx_word' id='word_1_567' title='bbox 1721 4361 1837 4418; x_wconf 91' lang='lat' dir='ltr'><strong>illis</strong></span> <span class='ocrx_word' id='word_1_568' title='bbox 1858 4365 2098 4418; x_wconf 88' lang='lat' dir='ltr'><strong>scutum</strong></span> <span class='ocrx_word' id='word_1_569' title='bbox 2118 4378 2150 4419; x_wconf 91' lang='lat' dir='ltr'><strong>e</strong></span> 
     </span>
    </p>
   </div>
   <div class='ocr_carea' id='block_1_81' title="bbox 491 4448 2151 4522">
    <p class='ocr_par' dir='ltr' id='par_1_81' title="bbox 491 4448 2151 4522">
     <span class='ocr_line' id='line_1_81' title="bbox 491 4448 2151 4522; baseline 0.002 -17"><span class='ocrx_word' id='word_1_570' title='bbox 491 4448 657 4519; x_wconf 82' lang='lat' dir='ltr'><strong>ligno</strong></span> <span class='ocrx_word' id='word_1_571' title='bbox 696 4465 767 4507; x_wconf 88' lang='lat' dir='ltr'><strong>ac</strong></span> <span class='ocrx_word' id='word_1_572' title='bbox 787 4453 1020 4522; x_wconf 89' lang='lat' dir='ltr'><strong>tergore</strong></span> <span class='ocrx_word' id='word_1_573' title='bbox 1039 4450 1273 4508; x_wconf 90' lang='lat' dir='ltr'><strong>bubulo</strong></span> <span class='ocrx_word' id='word_1_574' title='bbox 1294 4450 1636 4508; x_wconf 82' lang='lat' dir='ltr'><strong>confectum</strong></span> <span class='ocrx_word' id='word_1_575' title='bbox 1659 4455 1765 4518; x_wconf 90' lang='lat' dir='ltr'><strong>est,</strong></span> <span class='ocrx_word' id='word_1_576' title='bbox 1788 4451 1969 4508; x_wconf 89' lang='lat' dir='ltr'><strong>nobis</strong></span> <span class='ocrx_word' id='word_1_577' title='bbox 2006 4468 2151 4508; x_wconf 89' lang='lat' dir='ltr'><strong>vero</strong></span> 
     </span>
    </p>
   </div>
   <div class='ocr_carea' id='block_1_82' title="bbox 2334 3469 3869 3545">
    <p class='ocr_par' dir='ltr' id='par_1_82' title="bbox 2334 3469 3869 3545">
     <span class='ocr_line' id='line_1_82' title="bbox 2334 3469 3869 3545; baseline -0.001 -20"><span class='ocrx_word' id='word_1_578' title='bbox 2334 3475 2386 3525; x_wconf 93' lang='lat'><strong>7.</strong></span> <span class='ocrx_word' id='word_1_579' title='bbox 2453 3470 2836 3529; x_wconf 81' lang='grc' dir='ltr'>Κακοπάοησον</span> <span class='ocrx_word' id='word_1_580' title='bbox 2862 3472 2932 3532; x_wconf 79' lang='grc' dir='ltr'>ὡς</span> <span class='ocrx_word' id='word_1_581' title='bbox 2955 3469 3110 3533; x_wconf 87' lang='grc' dir='ltr'>καλὸς</span> <span class='ocrx_word' id='word_1_582' title='bbox 3144 3476 3491 3545; x_wconf 84' lang='grc' dir='ltr'>στρατιώτης,</span> <span class='ocrx_word' id='word_1_583' title='bbox 3519 3474 3610 3523; x_wconf 80' lang='grc' dir='ltr'><strong>καὶ</strong></span> <span class='ocrx_word' id='word_1_584' title='bbox 3639 3469 3869 3529; x_wconf 83' lang='grc' dir='ltr'>ἄθλησον</span> 
     </span>
    </p>
   </div>
   <div class='ocr_carea' id='block_1_83' title="bbox 2259 3556 3869 3632">
    <p class='ocr_par' dir='ltr' id='par_1_83' title="bbox 2259 3556 3869 3632">
     <span class='ocr_line' id='line_1_83' title="bbox 2259 3556 3869 3632; baseline 0 -21"><span class='ocrx_word' id='word_1_585' title='bbox 2259 3578 2511 3632; x_wconf 86' lang='grc' dir='ltr'>νομιμως,</span> <span class='ocrx_word' id='word_1_586' title='bbox 2576 3561 2658 3612; x_wconf 80' lang='grc' dir='ltr'>ἵνα</span> <span class='ocrx_word' id='word_1_587' title='bbox 2712 3561 3065 3632; x_wconf 74' lang='grc' dir='ltr'>στεφανωθῇς,</span> <span class='ocrx_word' id='word_1_588' title='bbox 3122 3558 3282 3612; x_wconf 77' lang='grc' dir='ltr'>ἐκεῖνο</span> <span class='ocrx_word' id='word_1_589' title='bbox 3330 3556 3504 3627; x_wconf 85' lang='grc' dir='ltr'>εἰδὼς,</span> <span class='ocrx_word' id='word_1_590' title='bbox 3564 3561 3645 3612; x_wconf 86' lang='grc' dir='ltr'>ὅτι</span> <span class='ocrx_word' id='word_1_591' title='bbox 3696 3565 3799 3620; x_wconf 81' lang='grc' dir='ltr'>πᾶς</span> <span class='ocrx_word' id='word_1_592' title='bbox 3842 3560 3869 3611; x_wconf 88' lang='grc' dir='ltr'><strong>ὁ</strong></span> 
     </span>
    </p>
   </div>
   <div class='ocr_carea' id='block_1_84' title="bbox 2262 3645 3870 3723">
    <p class='ocr_par' dir='ltr' id='par_1_84' title="bbox 2262 3645 3870 3723">
     <span class='ocr_line' id='line_1_84' title="bbox 2262 3645 3870 3723; baseline -0.001 -22"><span class='ocrx_word' id='word_1_593' title='bbox 2262 3646 2641 3722; x_wconf 76' lang='grc' dir='ltr'>ἀγωνιζόμενος</span> <span class='ocrx_word' id='word_1_594' title='bbox 2689 3650 2861 3701; x_wconf 88' lang='grc' dir='ltr'>πάντα</span> <span class='ocrx_word' id='word_1_595' title='bbox 2913 3647 3294 3723; x_wconf 69' lang='grc' dir='ltr'>ἐγκρατεύεται.</span> <span class='ocrx_word' id='word_1_596' title='bbox 3357 3647 3423 3701; x_wconf 88' lang='grc' dir='ltr'><strong>Ὃ</strong></span> <span class='ocrx_word' id='word_1_597' title='bbox 3476 3645 3538 3701; x_wconf 74' lang='grc' dir='ltr'>δέ</span> <span class='ocrx_word' id='word_1_598' title='bbox 3586 3667 3651 3723; x_wconf 89' lang='grc' dir='ltr'><strong>με</strong></span> <span class='ocrx_word' id='word_1_599' title='bbox 3707 3646 3870 3707; x_wconf 81' lang='grc' dir='ltr'>ὑπῆλ-</span> 
     </span>
    </p>
   </div>
   <div class='ocr_carea' id='block_1_85' title="bbox 2263 3734 3868 3813">
    <p class='ocr_par' dir='ltr' id='par_1_85' title="bbox 2263 3734 3868 3813">
     <span class='ocr_line' id='line_1_85' title="bbox 2263 3734 3868 3813; baseline -0.002 -20"><span class='ocrx_word' id='word_1_600' title='bbox 2263 3740 2344 3793; x_wconf 79' lang='grc' dir='ltr'>θεν</span> <span class='ocrx_word' id='word_1_601' title='bbox 2403 3736 2593 3813; x_wconf 87' lang='grc' dir='ltr'>ἀρτίως</span> <span class='ocrx_word' id='word_1_602' title='bbox 2654 3736 2885 3811; x_wconf 84' lang='grc' dir='ltr'>λέγοντα,</span> <span class='ocrx_word' id='word_1_603' title='bbox 2954 3736 3100 3800; x_wconf 79' lang='grc' dir='ltr'>ἄξιον</span> <span class='ocrx_word' id='word_1_604' title='bbox 3155 3740 3227 3811; x_wconf 80' lang='grc' dir='ltr'>μὴ</span> <span class='ocrx_word' id='word_1_605' title='bbox 3292 3734 3554 3812; x_wconf 81' lang='grc' dir='ltr'>παριδεῖν·</span> <span class='ocrx_word' id='word_1_606' title='bbox 3612 3738 3693 3790; x_wconf 86' lang='grc' dir='ltr'><strong>ὁτι</strong></span> <span class='ocrx_word' id='word_1_607' title='bbox 3758 3745 3868 3800; x_wconf 85' lang='grc' dir='ltr'>τοῖς</span> 
     </span>
    </p>
   </div>
   <div class='ocr_carea' id='block_1_86' title="bbox 2260 3828 3864 3902">
    <p class='ocr_par' dir='ltr' id='par_1_86' title="bbox 2260 3828 3864 3902">
     <span class='ocr_line' id='line_1_86' title="bbox 2260 3828 3864 3902; baseline -0.001 -22"><span class='ocrx_word' id='word_1_608' title='bbox 2260 3830 2352 3901; x_wconf 74' lang='grc' dir='ltr'><strong>μεν</strong></span> <span class='ocrx_word' id='word_1_609' title='bbox 2381 3834 2473 3880; x_wconf 80' lang='grc' dir='ltr'>τοῦ</span> <span class='ocrx_word' id='word_1_610' title='bbox 2499 3831 2700 3901; x_wconf 85' lang='grc' dir='ltr'>κόσμου</span> <span class='ocrx_word' id='word_1_611' title='bbox 2754 3832 3104 3902; x_wconf 84' lang='grc' dir='ltr'>στρατιώταις</span> <span class='ocrx_word' id='word_1_612' title='bbox 3151 3828 3288 3881; x_wconf 89' lang='grc' dir='ltr'><strong>κατά</strong></span> <span class='ocrx_word' id='word_1_613' title='bbox 3331 3832 3426 3886; x_wconf 79' lang='grc' dir='ltr'>τὴν</span> <span class='ocrx_word' id='word_1_614' title='bbox 3469 3835 3569 3879; x_wconf 84' lang='grc' dir='ltr'>τῶν</span> <span class='ocrx_word' id='word_1_615' title='bbox 3618 3829 3864 3900; x_wconf 83' lang='grc' dir='ltr'>καμάτων</span> 
     </span>
    </p>
   </div>
   <div class='ocr_carea' id='block_1_87' title="bbox 2263 3912 3865 3997">
    <p class='ocr_par' dir='ltr' id='par_1_87' title="bbox 2263 3912 3865 3997">
     <span class='ocr_line' id='line_1_87' title="bbox 2263 3912 3865 3997; baseline -0.001 -28"><span class='ocrx_word' id='word_1_616' title='bbox 2263 3915 2539 3997; x_wconf 75' lang='grc' dir='ltr'>ἀναλογίαν</span> <span class='ocrx_word' id='word_1_617' title='bbox 2586 3920 2644 3969; x_wconf 89' lang='grc' dir='ltr'>τὸ</span> <span class='ocrx_word' id='word_1_618' title='bbox 2695 3920 2993 3990; x_wconf 76' lang='grc' dir='ltr'>σιτηρέσιον</span> <span class='ocrx_word' id='word_1_619' title='bbox 3042 3916 3273 3980; x_wconf 66' lang='grc' dir='ltr'>αὔξει-αι’</span> <span class='ocrx_word' id='word_1_620' title='bbox 3320 3923 3430 3978; x_wconf 86' lang='grc' dir='ltr'>τοῖς</span> <span class='ocrx_word' id='word_1_621' title='bbox 3474 3912 3534 3970; x_wconf 75' lang='grc' dir='ltr'><strong>δε</strong></span> <span class='ocrx_word' id='word_1_622' title='bbox 3575 3935 3865 3989; x_wconf 84' lang='grc' dir='ltr'>πνευματι-</span> 
     </span>
    </p>
   </div>
   <div class='ocr_carea' id='block_1_88' title="bbox 2260 3993 3867 4080">
    <p class='ocr_par' dir='ltr' id='par_1_88' title="bbox 2260 3993 3867 4080">
     <span class='ocr_line' id='line_1_88' title="bbox 2260 3993 3867 4080; baseline -0.001 -22"><span class='ocrx_word' id='word_1_623' title='bbox 2260 3993 2371 4068; x_wconf 80' lang='grc' dir='ltr'>κοῖς</span> <span class='ocrx_word' id='word_1_624' title='bbox 2419 3993 2728 4068; x_wconf 85' lang='grc' dir='ltr'>ὁπλίταιςὸ</span> <span class='ocrx_word' id='word_1_625' title='bbox 2774 4008 2834 4057; x_wconf 88' lang='grc' dir='ltr'><strong>τό</strong></span> <span class='ocrx_word' id='word_1_626' title='bbox 2865 4004 3073 4059; x_wconf 73' lang='grc' dir='ltr'>ἔλαττον</span> <span class='ocrx_word' id='word_1_627' title='bbox 3117 4006 3254 4078; x_wconf 80' lang='grc' dir='ltr'>ἔχων</span> <span class='ocrx_word' id='word_1_628' title='bbox 3307 4014 3400 4068; x_wconf 78' lang='grc' dir='ltr'>τῆς</span> <span class='ocrx_word' id='word_1_629' title='bbox 3426 4013 3620 4080; x_wconf 65' lang='grc' dir='ltr'>τροφῆς</span> <span class='ocrx_word' id='word_1_630' title='bbox 3651 4009 3709 4058; x_wconf 88' lang='grc' dir='ltr'>τὸ</span> <span class='ocrx_word' id='word_1_631' title='bbox 3757 4012 3867 4078; x_wconf 87' lang='grc' dir='ltr'>μεῖ-</span> 
     </span>
    </p>
   </div>
   <div class='ocr_carea' id='block_1_89' title="bbox 2264 4091 3869 4168">
    <p class='ocr_par' dir='ltr' id='par_1_89' title="bbox 2264 4091 3869 4168">
     <span class='ocr_line' id='line_1_89' title="bbox 2264 4091 3869 4168; baseline -0.002 -21"><span class='ocrx_word' id='word_1_632' title='bbox 2264 4095 2350 4156; x_wconf 79' lang='grc' dir='ltr'>ζον</span> <span class='ocrx_word' id='word_1_633' title='bbox 2404 4097 2516 4167; x_wconf 75' lang='grc' dir='ltr'>ἔχει</span> <span class='ocrx_word' id='word_1_634' title='bbox 2568 4101 2660 4147; x_wconf 82' lang='grc' dir='ltr'>τοῦ</span> <span class='ocrx_word' id='word_1_635' title='bbox 2711 4092 3025 4167; x_wconf 78' lang='grc' dir='ltr'>ἀξιώματος.</span> <span class='ocrx_word' id='word_1_636' title='bbox 3083 4093 3171 4155; x_wconf 75' lang='grc' dir='ltr'>Ὠς</span> <span class='ocrx_word' id='word_1_637' title='bbox 3229 4096 3330 4168; x_wconf 82' lang='grc' dir='ltr'><strong>γὰρ</strong></span> <span class='ocrx_word' id='word_1_638' title='bbox 3394 4095 3425 4153; x_wconf 77' lang='grc' dir='ltr'><strong>η</strong></span> <span class='ocrx_word' id='word_1_639' title='bbox 3493 4091 3869 4167; x_wconf 70' lang='grc' dir='ltr'>περικεφαλαὶα</span> 
     </span>
    </p>
   </div>
   <div class='ocr_carea' id='block_1_90' title="bbox 2261 4182 3863 4258">
    <p class='ocr_par' dir='ltr' id='par_1_90' title="bbox 2261 4182 3863 4258">
     <span class='ocr_line' id='line_1_90' title="bbox 2261 4182 3863 4258; baseline -0.001 -23"><span class='ocrx_word' id='word_1_640' title='bbox 2261 4186 2405 4258; x_wconf 71' lang='grc' dir='ltr'>ἡμῶν</span> <span class='ocrx_word' id='word_1_641' title='bbox 2475 4182 2843 4258; x_wconf 78' lang='grc' dir='ltr'>παρηλλακται</span> <span class='ocrx_word' id='word_1_642' title='bbox 2907 4188 3001 4243; x_wconf 79' lang='grc' dir='ltr'>τὴν</span> <span class='ocrx_word' id='word_1_643' title='bbox 3055 4186 3210 4256; x_wconf 73' lang='grc' dir='ltr'>φύσιν</span> <span class='ocrx_word' id='word_1_644' title='bbox 3262 4187 3393 4257; x_wconf 82' lang='grc' dir='ltr'>πρὸς</span> <span class='ocrx_word' id='word_1_645' title='bbox 3453 4187 3547 4242; x_wconf 75' lang='grc' dir='ltr'><strong>την</strong></span> <span class='ocrx_word' id='word_1_646' title='bbox 3609 4184 3863 4257; x_wconf 73' lang='grc' dir='ltr'>φθαρτηνο</span> 
     </span>
    </p>
   </div>
   <div class='ocr_carea' id='block_1_91' title="bbox 2260 4268 3866 4347">
    <p class='ocr_par' dir='ltr' id='par_1_91' title="bbox 2260 4268 3866 4347">
     <span class='ocr_line' id='line_1_91' title="bbox 2260 4268 3866 4347; baseline -0.002 -21"><span class='ocrx_word' id='word_1_647' title='bbox 2260 4281 2354 4336; x_wconf 77' lang='grc' dir='ltr'>τῆς</span> <span class='ocrx_word' id='word_1_648' title='bbox 2380 4276 2470 4346; x_wconf 87' lang='grc' dir='ltr'><strong>μεν</strong></span> <span class='ocrx_word' id='word_1_649' title='bbox 2518 4276 2616 4347; x_wconf 83' lang='grc' dir='ltr'><strong>γὰρ</strong></span> <span class='ocrx_word' id='word_1_650' title='bbox 2648 4272 2743 4331; x_wconf 81' lang='grc' dir='ltr'>ὕλη</span> <span class='ocrx_word' id='word_1_651' title='bbox 2805 4271 2945 4326; x_wconf 71' lang='grc' dir='ltr'>ἔστὶν</span> <span class='ocrx_word' id='word_1_652' title='bbox 2976 4273 3001 4324; x_wconf 93' lang='grc' dir='ltr'><strong>ὁ</strong></span> <span class='ocrx_word' id='word_1_653' title='bbox 3031 4270 3252 4345; x_wconf 81' lang='grc' dir='ltr'>χαλκὸς,</span> <span class='ocrx_word' id='word_1_654' title='bbox 3285 4275 3316 4331; x_wconf 78' lang='grc' dir='ltr'>ἡ</span> <span class='ocrx_word' id='word_1_655' title='bbox 3369 4268 3429 4325; x_wconf 71' lang='grc' dir='ltr'><strong>δε</strong></span> <span class='ocrx_word' id='word_1_656' title='bbox 3475 4271 3531 4324; x_wconf 68' lang='grc' dir='ltr'>ἔκ</span> <span class='ocrx_word' id='word_1_657' title='bbox 3577 4280 3671 4335; x_wconf 84' lang='grc' dir='ltr'>τῆς</span> <span class='ocrx_word' id='word_1_658' title='bbox 3719 4270 3866 4324; x_wconf 74' lang='grc' dir='ltr'>ἐλπι-</span> 
     </span>
    </p>
   </div>
   <div class='ocr_carea' id='block_1_92' title="bbox 2263 4359 3866 4437">
    <p class='ocr_par' dir='ltr' id='par_1_92' title="bbox 2263 4359 3866 4437">
     <span class='ocr_line' id='line_1_92' title="bbox 2263 4359 3866 4437; baseline -0.001 -21"><span class='ocrx_word' id='word_1_659' title='bbox 2263 4359 2355 4426; x_wconf 86' lang='grc' dir='ltr'><strong>δος</strong></span> <span class='ocrx_word' id='word_1_660' title='bbox 2384 4370 2476 4416; x_wconf 83' lang='grc' dir='ltr'>τοῦ</span> <span class='ocrx_word' id='word_1_661' title='bbox 2529 4367 2793 4436; x_wconf 89' lang='grc' dir='ltr'>σωτηρίου</span> <span class='ocrx_word' id='word_1_662' title='bbox 2846 4364 3149 4421; x_wconf 77' lang='grc' dir='ltr'>συνέστηκε·</span> <span class='ocrx_word' id='word_1_663' title='bbox 3200 4368 3290 4415; x_wconf 81' lang='grc' dir='ltr'>καὶ</span> <span class='ocrx_word' id='word_1_664' title='bbox 3338 4364 3364 4415; x_wconf 95' lang='grc' dir='ltr'><strong>ὁ</strong></span> <span class='ocrx_word' id='word_1_665' title='bbox 3415 4363 3594 4437; x_wconf 79' lang='grc' dir='ltr'>θυρεὸς</span> <span class='ocrx_word' id='word_1_666' title='bbox 3643 4360 3866 4424; x_wconf 84' lang='grc' dir='ltr'>ἀκείνοις</span> 
     </span>
    </p>
   </div>
   <div class='ocr_carea' id='block_1_93' title="bbox 2261 4447 3866 4527">
    <p class='ocr_par' dir='ltr' id='par_1_93' title="bbox 2261 4447 3866 4527">
     <span class='ocr_line' id='line_1_93' title="bbox 2261 4447 3866 4527; baseline -0.001 -23"><span class='ocrx_word' id='word_1_667' title='bbox 2261 4455 2352 4527; x_wconf 74' lang='grc' dir='ltr'><strong>μεν</strong></span> <span class='ocrx_word' id='word_1_668' title='bbox 2377 4452 2495 4524; x_wconf 74' lang='grc'><strong>(74)</strong></span> <span class='ocrx_word' id='word_1_669' title='bbox 2526 4450 2582 4504; x_wconf 82' lang='grc' dir='ltr'>ἐκ</span> <span class='ocrx_word' id='word_1_670' title='bbox 2630 4451 2784 4515; x_wconf 79' lang='grc' dir='ltr'>ξύλου</span> <span class='ocrx_word' id='word_1_671' title='bbox 2830 4456 2921 4504; x_wconf 90' lang='grc' dir='ltr'><strong>καί</strong></span> <span class='ocrx_word' id='word_1_672' title='bbox 2966 4450 3173 4527; x_wconf 79' lang='grc' dir='ltr'>βύρσης</span> <span class='ocrx_word' id='word_1_673' title='bbox 3216 4455 3519 4519; x_wconf 89' lang='grc' dir='ltr'>πεποίηται,</span> <span class='ocrx_word' id='word_1_674' title='bbox 3552 4453 3676 4524; x_wconf 79' lang='grc' dir='ltr'>ἡμῖν</span> <span class='ocrx_word' id='word_1_675' title='bbox 3700 4447 3760 4504; x_wconf 75' lang='grc' dir='ltr'><strong>δε</strong></span> <span class='ocrx_word' id='word_1_676' title='bbox 3807 4455 3866 4503; x_wconf 85' lang='grc' dir='ltr'>τὸ</span> 
     </span>
    </p>
   </div>
   <div class='ocr_carea' id='block_1_94' title="bbox 492 4537 2150 4618">
    <p class='ocr_par' dir='ltr' id='par_1_94' title="bbox 492 4537 2150 4599">
     <span class='ocr_line' id='line_1_94' title="bbox 492 4537 2150 4599; baseline 0.002 -5"><span class='ocrx_word' id='word_1_677' title='bbox 492 4537 637 4595; x_wconf 86' lang='lat' dir='ltr'><strong>fidei</strong></span> <span class='ocrx_word' id='word_1_678' title='bbox 657 4542 930 4597; x_wconf 88' lang='lat' dir='ltr'><strong>tutamen</strong></span> <span class='ocrx_word' id='word_1_679' title='bbox 966 4539 1101 4598; x_wconf 94' lang='lat' dir='ltr'><strong>loco</strong></span> <span class='ocrx_word' id='word_1_680' title='bbox 1135 4545 1225 4599; x_wconf 92' lang='lat' dir='ltr'><strong>est</strong></span> <span class='ocrx_word' id='word_1_681' title='bbox 1244 4540 1750 4598; x_wconf 71' lang='lat' dir='ltr'><strong>scuti5°:rursum</strong></span> <span class='ocrx_word' id='word_1_682' title='bbox 1772 4557 1884 4598; x_wconf 90' lang='lat' dir='ltr'><strong>nos</strong></span> <span class='ocrx_word' id='word_1_683' title='bbox 1906 4541 2150 4599; x_wconf 86' lang='lat' dir='ltr'><strong>thorace</strong></span> 
     </span>
    </p>
   </div>
   <div class='ocr_carea' id='block_1_95' title="bbox 2259 4537 3868 4618">
    <p class='ocr_par' dir='ltr' id='par_1_95' title="bbox 2263 4540 3868 4618">
     <span class='ocr_line' id='line_1_95' title="bbox 2263 4540 3868 4618; baseline -0.001 -24"><span class='ocrx_word' id='word_1_684' title='bbox 2263 4550 2356 4608; x_wconf 83' lang='grc' dir='ltr'>τῆς</span> <span class='ocrx_word' id='word_1_685' title='bbox 2386 4546 2613 4607; x_wconf 86' lang='grc' dir='ltr'>πίστεώς</span> <span class='ocrx_word' id='word_1_686' title='bbox 2659 4541 2772 4596; x_wconf 74' lang='grc' dir='ltr'>ἐστι</span> <span class='ocrx_word' id='word_1_687' title='bbox 2819 4540 3128 4618; x_wconf 75' lang='grc' dir='ltr'>προϐόλαιον</span> <span class='ocrx_word' id='word_1_688' title='bbox 3168 4542 3306 4615; x_wconf 81' lang='grc'><strong>(75)·</strong></span> <span class='ocrx_word' id='word_1_689' title='bbox 3339 4546 3430 4595; x_wconf 77' lang='grc' dir='ltr'>καὶ</span> <span class='ocrx_word' id='word_1_690' title='bbox 3476 4543 3675 4616; x_wconf 83' lang='grc' dir='ltr'>θώρακι</span> <span class='ocrx_word' id='word_1_691' title='bbox 3715 4542 3868 4613; x_wconf 75' lang='grc' dir='ltr'>ἡμεῖς</span> 
     </span>
    </p>
   </div>
   <div class='ocr_carea' id='block_1_96' title="bbox 568 4691 1085 4763">
    <p class='ocr_par' dir='ltr' id='par_1_96' title="bbox 568 4691 1085 4763">
     <span class='ocr_line' id='line_1_96' title="bbox 568 4691 1085 4763; baseline 0.004 -16"><span class='ocrx_word' id='word_1_692' title='bbox 568 4691 617 4727; x_wconf 73' lang='grc'><strong>⁸⁸</strong></span> <span class='ocrx_word' id='word_1_693' title='bbox 657 4692 679 4747; x_wconf 94' lang='grc' dir='ltr'>Ι</span> <span class='ocrx_word' id='word_1_694' title='bbox 714 4693 849 4749; x_wconf 87' lang='lat' dir='ltr'><strong>Cor.</strong></span> <span class='ocrx_word' id='word_1_695' title='bbox 881 4707 962 4763; x_wconf 83' lang='lat' dir='ltr'><strong>1x,</strong></span> <span class='ocrx_word' id='word_1_696' title='bbox 993 4696 1085 4749; x_wconf 81' lang='lat'><strong>25.</strong></span> 
     </span>
    </p>
   </div>
   <div class='ocr_carea' id='block_1_97' title="bbox 564 4834 2148 4911">
    <p class='ocr_par' dir='ltr' id='par_1_97' title="bbox 564 4834 2148 4911">
     <span class='ocr_line' id='line_1_97' title="bbox 564 4834 2148 4911; baseline 0 -21"><span class='ocrx_word' id='word_1_697' title='bbox 564 4834 676 4911; x_wconf 66' lang='grc'><strong>(70)</strong></span> <span class='ocrx_word' id='word_1_698' title='bbox 716 4837 857 4911; x_wconf 69' lang='lat' dir='ltr'><strong>Beg.</strong></span> <span class='ocrx_word' id='word_1_699' title='bbox 885 4834 1825 4911; x_wconf 13' lang='grc' dir='ltr'>ρι’ὶωιιενπαρατάξεωςξὲλεγχθῆναι</span> <span class='ocrx_word' id='word_1_700' title='bbox 1855 4855 1993 4904; x_wconf 88' lang='grc' dir='ltr'>τινα,</span> <span class='ocrx_word' id='word_1_701' title='bbox 2088 4840 2148 4890; x_wconf 86' lang='grc' dir='ltr'>τὸ</span> 
     </span>
    </p>
   </div>
   <div class='ocr_carea' id='block_1_98' title="bbox 493 4905 1387 4979">
    <p class='ocr_par' dir='ltr' id='par_1_98' title="bbox 493 4905 1387 4979">
     <span class='ocr_line' id='line_1_98' title="bbox 493 4905 1387 4979; baseline 0.002 -20"><span class='ocrx_word' id='word_1_702' title='bbox 493 4905 626 4979; x_wconf 83' lang='grc' dir='ltr'>μέγα</span> <span class='ocrx_word' id='word_1_703' title='bbox 655 4905 820 4979; x_wconf 75' lang='grc' dir='ltr'>ὁπλον</span> <span class='ocrx_word' id='word_1_704' title='bbox 838 4905 906 4964; x_wconf 75' lang='grc' dir='ltr'><em>τῆ</em></span> <span class='ocrx_word' id='word_1_705' title='bbox 912 4927 934 4969; x_wconf 88' lang='grc' dir='ltr'><strong>ς</strong></span> <span class='ocrx_word' id='word_1_706' title='bbox 957 4910 1205 4968; x_wconf 87' lang='grc' dir='ltr'>νηστείας</span> <span class='ocrx_word' id='word_1_707' title='bbox 1225 4905 1387 4979; x_wconf 61' lang='grc' dir='ltr'>’ἀποᾷ.</span> 
     </span>
    </p>
   </div>
   <div class='ocr_carea' id='block_1_99' title="bbox 564 4976 2149 5063">
    <p class='ocr_par' dir='ltr' id='par_1_99' title="bbox 564 4976 2149 5063">
     <span class='ocr_line' id='line_1_99' title="bbox 564 4976 2149 5063; baseline -0.007 -29"><span class='ocrx_word' id='word_1_708' title='bbox 564 4976 680 5063; x_wconf 50' lang='grc'><strong>(7))</strong></span> <span class='ocrx_word' id='word_1_709' title='bbox 722 4977 963 5035; x_wconf 89' lang='lat' dir='ltr'><strong>Veteres</strong></span> <span class='ocrx_word' id='word_1_710' title='bbox 992 4982 1256 5052; x_wconf 90' lang='lat' dir='ltr'><strong>quatuor</strong></span> <span class='ocrx_word' id='word_1_711' title='bbox 1299 4976 1438 5034; x_wconf 86' lang='lat' dir='ltr'><strong>libri</strong></span> <span class='ocrx_word' id='word_1_712' title='bbox 1465 4977 1801 5053; x_wconf 71' lang='grc' dir='ltr'>καταγγείλῃ.</span> <span class='ocrx_word' id='word_1_713' title='bbox 1837 4978 1988 5036; x_wconf 89' lang='lat' dir='ltr'><strong>Editi</strong></span> <span class='ocrx_word' id='word_1_714' title='bbox 2016 4999 2149 5033; x_wconf 84' lang='grc' dir='ltr'>κατ-</span> 
     </span>
    </p>
   </div>
   <div class='ocr_carea' id='block_1_100' title="bbox 497 5062 2145 5243">
    <p class='ocr_par' dir='ltr' id='par_1_100' title="bbox 497 5062 2145 5243">
     <span class='ocr_line' id='line_1_100' title="bbox 599 5062 709 5107; baseline 0.036 -8"><span class='ocrx_word' id='word_1_715' title='bbox 599 5062 709 5107; x_wconf 81' lang='grc' dir='ltr'>εΛη.</span> 
     </span>
     <span class='ocr_line' id='line_1_101' title="bbox 497 5069 2145 5243; baseline 0 -68"><span class='ocrx_word' id='word_1_716' title='bbox 497 5069 681 5243; x_wconf 63' lang='grc' dir='ltr'><strong>αγζ72)</strong></span> <span class='ocrx_word' id='word_1_717' title='bbox 737 5118 796 5171; x_wconf 75' lang='grc' dir='ltr'>Ὀ</span> <span class='ocrx_word' id='word_1_718' title='bbox 841 5124 1002 5182; x_wconf 75' lang='grc' dir='ltr'>πίνης</span> <span class='ocrx_word' id='word_1_719' title='bbox 1047 5125 1118 5194; x_wconf 80' lang='grc' dir='ltr'>μὴ</span> <span class='ocrx_word' id='word_1_720' title='bbox 1172 5121 1518 5195; x_wconf 71' lang='grc' dir='ltr'>εἰρωνευέσθω</span> <span class='ocrx_word' id='word_1_721' title='bbox 1564 5123 1697 5209; x_wconf 86' lang='grc' dir='ltr'>πρὸς</span> <span class='ocrx_word' id='word_1_722' title='bbox 1737 5126 1833 5180; x_wconf 70' lang='grc' dir='ltr'>τὴν</span> <span class='ocrx_word' id='word_1_723' title='bbox 1881 5128 2145 5190; x_wconf 85' lang='grc' dir='ltr'>νηστείαν,</span> 
     </span>
     <span class='ocr_line' id='line_1_102' title="bbox 497 5187 2145 5243; baseline 0 0"><span class='ocrx_word' id='word_1_724' title='bbox 497 5209 569 5243; x_wconf 88' lang='grc' dir='ltr'><strong>πα</strong></span> <span class='ocrx_word' id='word_1_725' title='bbox 591 5209 659 5243; x_wconf 55' lang='grc' dir='ltr'>και</span> <span class='ocrx_word' id='word_1_726' title='bbox 687 5193 923 5243; x_wconf 88' lang='grc' dir='ltr'>σύνοικον</span> <span class='ocrx_word' id='word_1_727' title='bbox 950 5192 1113 5243; x_wconf 74' lang='grc' dir='ltr'>αὐτὴν</span> <span class='ocrx_word' id='word_1_728' title='bbox 1144 5199 1233 5243; x_wconf 81' lang='grc' dir='ltr'>καὶ</span> <span class='ocrx_word' id='word_1_729' title='bbox 1263 5187 1567 5243; x_wconf 70' lang='grc' dir='ltr'>ὁμοδίαιτον</span> <span class='ocrx_word' id='word_1_730' title='bbox 1598 5211 1754 5243; x_wconf 79' lang='grc' dir='ltr'>εγων.</span> <span class='ocrx_word' id='word_1_731' title='bbox 1783 5193 1900 5243; x_wconf 82' lang='lat' dir='ltr'><strong>()ui</strong></span> <span class='ocrx_word' id='word_1_732' title='bbox 1915 5209 2145 5243; x_wconf 73' lang='lat' dir='ltr'><strong>manner</strong></span> 
     </span>
    </p>
   </div>
   <div class='ocr_carea' id='block_1_101' title="bbox 494 5187 2151 5265">
    <p class='ocr_par' dir='ltr' id='par_1_101' title="bbox 494 5187 2151 5265">
     <span class='ocr_line' id='line_1_103' title="bbox 494 5187 2151 5265; baseline 0.005 -22"><span class='ocrx_word' id='word_1_733' title='bbox 494 5187 670 5244; x_wconf 67' lang='grc' dir='ltr'>παλαι</span> <span class='ocrx_word' id='word_1_734' title='bbox 687 5193 923 5265; x_wconf 75' lang='grc' dir='ltr'>σύνοικον</span> <span class='ocrx_word' id='word_1_735' title='bbox 950 5187 1113 5250; x_wconf 66' lang='grc' dir='ltr'>αὐτην</span> <span class='ocrx_word' id='word_1_736' title='bbox 1144 5187 1233 5244; x_wconf 68' lang='grc' dir='ltr'><strong>καὶ</strong></span> <span class='ocrx_word' id='word_1_737' title='bbox 1263 5187 1567 5265; x_wconf 85' lang='grc' dir='ltr'>ὁμοδίαιτον</span> <span class='ocrx_word' id='word_1_738' title='bbox 1598 5187 1754 5263; x_wconf 72' lang='grc' dir='ltr'>ἔχων.</span> <span class='ocrx_word' id='word_1_739' title='bbox 1783 5193 1900 5260; x_wconf 82' lang='lat' dir='ltr'><strong>Qui</strong></span> <span class='ocrx_word' id='word_1_740' title='bbox 1913 5187 2151 5265; x_wconf 60' lang='lat' dir='ltr'><strong>pauper</strong></span> 
     </span>
    </p>
   </div>
   <div class='ocr_carea' id='block_1_102' title="bbox 493 5262 2148 5335">
    <p class='ocr_par' dir='ltr' id='par_1_102' title="bbox 493 5262 2148 5335">
     <span class='ocr_line' id='line_1_104' title="bbox 493 5262 2148 5335; baseline 0.002 -17"><span class='ocrx_word' id='word_1_741' title='bbox 493 5268 601 5335; x_wconf 75' lang='lat' dir='ltr'><strong>est,</strong></span> <span class='ocrx_word' id='word_1_742' title='bbox 632 5277 706 5317; x_wconf 81' lang='lat' dir='ltr'><strong>ne</strong></span> <span class='ocrx_word' id='word_1_743' title='bbox 738 5262 946 5317; x_wconf 74' lang='lat' dir='ltr'><strong>ludum</strong></span> <span class='ocrx_word' id='word_1_744' title='bbox 957 5266 1269 5332; x_wconf 80' lang='lat' dir='ltr'><strong>jejunium</strong></span> <span class='ocrx_word' id='word_1_745' title='bbox 1292 5262 1493 5334; x_wconf 78' lang='lat' dir='ltr'><strong>faciat</strong></span> <span class='ocrx_word' id='word_1_746' title='bbox 1519 5280 1533 5318; x_wconf 87' lang='lat'>:</span> <span class='ocrx_word' id='word_1_747' title='bbox 1561 5262 2052 5335; x_wconf 66' lang='lat' dir='ltr'><strong>quandoquidem</strong></span> <span class='ocrx_word' id='word_1_748' title='bbox 2077 5267 2148 5322; x_wconf 80' lang='lat' dir='ltr'><strong>il-</strong></span> 
     </span>
    </p>
   </div>
   <div class='ocr_carea' id='block_1_103' title="bbox 498 5333 2144 5402">
    <p class='ocr_par' dir='ltr' id='par_1_103' title="bbox 498 5333 2144 5402">
     <span class='ocr_line' id='line_1_105' title="bbox 498 5333 2144 5402; baseline 0.003 -14"><span class='ocrx_word' id='word_1_749' title='bbox 498 5333 603 5389; x_wconf 83' lang='lat' dir='ltr'><strong>lud</strong></span> <span class='ocrx_word' id='word_1_750' title='bbox 621 5336 757 5402; x_wconf 85' lang='lat' dir='ltr'><strong>jam</strong></span> <span class='ocrx_word' id='word_1_751' title='bbox 787 5335 931 5389; x_wconf 77' lang='lat' dir='ltr'><strong>olim</strong></span> <span class='ocrx_word' id='word_1_752' title='bbox 963 5335 1143 5391; x_wconf 83' lang='lat' dir='ltr'><strong>habet</strong></span> <span class='ocrx_word' id='word_1_753' title='bbox 1170 5333 1640 5391; x_wconf 36' lang='lat' dir='ltr'><strong>do‘m’estz’cum’et</strong></span> <span class='ocrx_word' id='word_1_754' title='bbox 1670 5333 1870 5392; x_wconf 75' lang='lat' dir='ltr'><strong>mense</strong></span> <span class='ocrx_word' id='word_1_755' title='bbox 1898 5340 2144 5394; x_wconf 79' lang='lat' dir='ltr'><strong>socium.</strong></span> 
     </span>
    </p>
   </div>
   <div class='ocr_carea' id='block_1_104' title="bbox 496 5404 2150 5478">
    <p class='ocr_par' dir='ltr' id='par_1_104' title="bbox 496 5404 2150 5478">
     <span class='ocr_line' id='line_1_106' title="bbox 496 5404 2150 5478; baseline 0.001 -17"><span class='ocrx_word' id='word_1_756' title='bbox 496 5407 643 5478; x_wconf 79' lang='lat' dir='ltr'><strong>cum</strong></span> <span class='ocrx_word' id='word_1_757' title='bbox 687 5404 943 5478; x_wconf 75' lang='lat' dir='ltr'><strong>Basilius</strong></span> <span class='ocrx_word' id='word_1_758' title='bbox 994 5405 1109 5461; x_wconf 92' lang='lat' dir='ltr'><strong>hoc</strong></span> <span class='ocrx_word' id='word_1_759' title='bbox 1149 5404 1282 5478; x_wconf 85' lang='lat' dir='ltr'><strong>loco</strong></span> <span class='ocrx_word' id='word_1_760' title='bbox 1330 5421 1631 5478; x_wconf 87' lang='lat' dir='ltr'><strong>pauperes</strong></span> <span class='ocrx_word' id='word_1_761' title='bbox 1680 5407 1850 5478; x_wconf 89' lang='lat' dir='ltr'><strong>ipsos</strong></span> <span class='ocrx_word' id='word_1_762' title='bbox 1879 5406 2150 5465; x_wconf 86' lang='lat' dir='ltr'><strong>hortetur</strong></span> 
     </span>
    </p>
   </div>
   <div class='ocr_carea' id='block_1_105' title="bbox 497 5474 2150 5548">
    <p class='ocr_par' dir='ltr' id='par_1_105' title="bbox 497 5474 2150 5548">
     <span class='ocr_line' id='line_1_107' title="bbox 497 5474 2150 5548; baseline 0.004 -19"><span class='ocrx_word' id='word_1_763' title='bbox 497 5477 575 5548; x_wconf 80' lang='lat' dir='ltr'><strong>ad</strong></span> <span class='ocrx_word' id='word_1_764' title='bbox 615 5474 1047 5548; x_wconf 73' lang='lat' dir='ltr'><strong>jejunandum,</strong></span> <span class='ocrx_word' id='word_1_765' title='bbox 1078 5476 1269 5532; x_wconf 88' lang='lat' dir='ltr'><strong>multo</strong></span> <span class='ocrx_word' id='word_1_766' title='bbox 1318 5474 1516 5548; x_wconf 75' lang='lat' dir='ltr'><strong>aptior</strong></span> <span class='ocrx_word' id='word_1_767' title='bbox 1545 5482 1604 5532; x_wconf 90' lang='lat' dir='ltr'><strong>et</strong></span> <span class='ocrx_word' id='word_1_768' title='bbox 1632 5474 2013 5535; x_wconf 73' lang='lat' dir='ltr'><strong>commodior</strong></span> <span class='ocrx_word' id='word_1_769' title='bbox 2041 5480 2150 5538; x_wconf 91' lang='lat' dir='ltr'><strong>erit</strong></span> 
     </span>
    </p>
   </div>
   <div class='ocr_carea' id='block_1_106' title="bbox 494 5546 2147 5625">
    <p class='ocr_par' dir='ltr' id='par_1_106' title="bbox 494 5546 2147 5625">
     <span class='ocr_line' id='line_1_108' title="bbox 494 5546 2147 5625; baseline 0.001 -24"><span class='ocrx_word' id='word_1_770' title='bbox 494 5546 896 5625; x_wconf 72' lang='lat' dir='ltr'><strong>illiusoralio,</strong></span> <span class='ocrx_word' id='word_1_771' title='bbox 947 5547 1005 5625; x_wconf 82' lang='lat' dir='ltr'><strong>si</strong></span> <span class='ocrx_word' id='word_1_772' title='bbox 1033 5546 1309 5625; x_wconf 86' lang='lat' dir='ltr'><strong>legamus</strong></span> <span class='ocrx_word' id='word_1_773' title='bbox 1353 5546 1593 5625; x_wconf 72' lang='lat' dir='ltr'><strong>sublata</strong></span> <span class='ocrx_word' id='word_1_774' title='bbox 1636 5549 1975 5625; x_wconf 81' lang='lat' dir='ltr'><strong>negatione,</strong></span> <span class='ocrx_word' id='word_1_775' title='bbox 2005 5551 2147 5625; x_wconf 87' lang='grc' dir='ltr'>εἰρω-</span> 
     </span>
    </p>
   </div>
   <div class='ocr_carea' id='block_1_107' title="bbox 494 5618 2145 5696">
    <p class='ocr_par' dir='ltr' id='par_1_107' title="bbox 494 5618 2145 5696">
     <span class='ocr_line' id='line_1_109' title="bbox 494 5618 2145 5696; baseline 0.004 -24"><span class='ocrx_word' id='word_1_776' title='bbox 494 5619 718 5672; x_wconf 82' lang='grc' dir='ltr'>νευέσθω</span> <span class='ocrx_word' id='word_1_777' title='bbox 774 5621 905 5692; x_wconf 83' lang='grc' dir='ltr'>πρὸς</span> <span class='ocrx_word' id='word_1_778' title='bbox 950 5621 1045 5677; x_wconf 76' lang='grc' dir='ltr'>τὴν</span> <span class='ocrx_word' id='word_1_779' title='bbox 1085 5622 1348 5691; x_wconf 77' lang='grc' dir='ltr'>νηστείαν,</span> <span class='ocrx_word' id='word_1_780' title='bbox 1384 5618 1594 5677; x_wconf 79' lang='lat' dir='ltr'><strong>ludum</strong></span> <span class='ocrx_word' id='word_1_781' title='bbox 1647 5622 1941 5679; x_wconf 71' lang='lat' dir='ltr'><strong>existimet</strong></span> <span class='ocrx_word' id='word_1_782' title='bbox 1980 5618 2145 5696; x_wconf 68' lang='lat' dir='ltr'><strong>jeju-</strong></span> 
     </span>
    </p>
   </div>
   <div class='ocr_carea' id='block_1_108' title="bbox 1164 4692 2245 4767">
    <p class='ocr_par' dir='ltr' id='par_1_108' title="bbox 1164 4692 2245 4767">
     <span class='ocr_line' id='line_1_110' title="bbox 1164 4692 2245 4767; baseline 0.003 -18"><span class='ocrx_word' id='word_1_783' title='bbox 1164 4692 1211 4728; x_wconf 71' lang='grc' dir='ltr'><strong>δδ</strong></span> <span class='ocrx_word' id='word_1_784' title='bbox 1252 4692 1549 4766; x_wconf 85' lang='lat' dir='ltr'><strong>lThes.v,</strong></span> <span class='ocrx_word' id='word_1_785' title='bbox 1581 4695 1636 4751; x_wconf 90' lang='lat'><strong>8.</strong></span> <span class='ocrx_word' id='word_1_786' title='bbox 1711 4692 1760 4729; x_wconf 77' lang='grc'><strong>⁸⁵⁸</strong></span> <span class='ocrx_word' id='word_1_787' title='bbox 1801 4693 2020 4767; x_wconf 88' lang='lat' dir='ltr'><strong>Ephes.</strong></span> <span class='ocrx_word' id='word_1_788' title='bbox 2046 4694 2245 4763; x_wconf 73' lang='lat' dir='ltr'><strong>v1.17.</strong></span> 
     </span>
    </p>
   </div>
   <div class='ocr_carea' id='block_1_109' title="bbox 2255 4835 3871 4912">
    <p class='ocr_par' dir='ltr' id='par_1_109' title="bbox 2255 4835 3871 4912">
     <span class='ocr_line' id='line_1_111' title="bbox 2255 4835 3871 4912; baseline -0.001 -17"><span class='ocrx_word' id='word_1_789' title='bbox 2255 4840 2443 4910; x_wconf 80' lang='lat' dir='ltr'><strong>nium,</strong></span> <span class='ocrx_word' id='word_1_790' title='bbox 2463 4836 2967 4912; x_wconf 89' lang='lat' dir='ltr'><strong>quandoquidem</strong></span> <span class='ocrx_word' id='word_1_791' title='bbox 2989 4836 3244 4911; x_wconf 87' lang='lat' dir='ltr'><strong>jejunio,</strong></span> <span class='ocrx_word' id='word_1_792' title='bbox 3261 4835 3633 4909; x_wconf 88' lang='lat' dir='ltr'><strong>jamdudum</strong></span> <span class='ocrx_word' id='word_1_793' title='bbox 3658 4852 3871 4896; x_wconf 81' lang='lat' dir='ltr'><strong>assue-</strong></span> 
     </span>
    </p>
   </div>
   <div class='ocr_carea' id='block_1_110' title="bbox 2259 4913 2750 4969">
    <p class='ocr_par' dir='ltr' id='par_1_110' title="bbox 2259 4913 2750 4969">
     <span class='ocr_line' id='line_1_112' title="bbox 2259 4913 2750 4969; baseline 0.002 -1"><span class='ocrx_word' id='word_1_794' title='bbox 2259 4916 2354 4968; x_wconf 89' lang='lat' dir='ltr'><strong>tus</strong></span> <span class='ocrx_word' id='word_1_795' title='bbox 2386 4915 2495 4968; x_wconf 86' lang='lat' dir='ltr'><strong>est.</strong></span> <span class='ocrx_word' id='word_1_796' title='bbox 2529 4913 2750 4969; x_wconf 70' lang='lat' dir='ltr'><strong>MARAN.</strong></span> 
     </span>
    </p>
   </div>
   <div class='ocr_carea' id='block_1_111' title="bbox 2329 4979 3867 5056">
    <p class='ocr_par' dir='ltr' id='par_1_111' title="bbox 2329 4979 3867 5056">
     <span class='ocr_line' id='line_1_113' title="bbox 2329 4979 3867 5056; baseline 0.001 -19"><span class='ocrx_word' id='word_1_797' title='bbox 2329 4985 2452 5056; x_wconf 82' lang='lat'><strong>(73)_</strong></span> <span class='ocrx_word' id='word_1_798' title='bbox 2480 4985 2629 5056; x_wconf 73' lang='lat' dir='ltr'><strong>Beg.</strong></span> <span class='ocrx_word' id='word_1_799' title='bbox 2661 4982 2896 5056; x_wconf 78' lang='lat' dir='ltr'><strong>primus</strong></span> <span class='ocrx_word' id='word_1_800' title='bbox 2916 4989 3025 5045; x_wconf 84' lang='grc' dir='ltr'>τοῖς</span> <span class='ocrx_word' id='word_1_801' title='bbox 3054 4980 3529 5056; x_wconf 74' lang='grc' dir='ltr'>πρεσϐύταις.Νοο</span> <span class='ocrx_word' id='word_1_802' title='bbox 3560 4980 3642 5037; x_wconf 92' lang='lat' dir='ltr'><strong>ita</strong></span> <span class='ocrx_word' id='word_1_803' title='bbox 3675 4979 3867 5038; x_wconf 90' lang='lat' dir='ltr'><strong>multo</strong></span> 
     </span>
    </p>
   </div>
   <div class='ocr_carea' id='block_1_112' title="bbox 2255 5053 3861 5128">
    <p class='ocr_par' dir='ltr' id='par_1_112' title="bbox 2255 5053 3861 5128">
     <span class='ocr_line' id='line_1_114' title="bbox 2255 5053 3861 5128; baseline -0.003 -19"><span class='ocrx_word' id='word_1_804' title='bbox 2255 5056 2395 5128; x_wconf 80' lang='lat' dir='ltr'><strong>post</strong></span> <span class='ocrx_word' id='word_1_805' title='bbox 2429 5053 2819 5128; x_wconf 43' lang='lat' dir='ltr'><strong>&#39;idemcodex</strong></span> <span class='ocrx_word' id='word_1_806' title='bbox 2842 5053 3239 5128; x_wconf 79' lang='grc' dir='ltr'>προσπίπτουσι</span> <span class='ocrx_word' id='word_1_807' title='bbox 3262 5059 3372 5115; x_wconf 87' lang='grc' dir='ltr'>τοῖς</span> <span class='ocrx_word' id='word_1_808' title='bbox 3400 5053 3861 5128; x_wconf 73' lang='grc' dir='ltr'>ἐγγυμνασμίνοις.</span> 
     </span>
    </p>
   </div>
   <div class='ocr_carea' id='block_1_113' title="bbox 2258 5123 3868 5198">
    <p class='ocr_par' dir='ltr' id='par_1_113' title="bbox 2258 5123 3868 5198">
     <span class='ocr_line' id='line_1_115' title="bbox 2258 5123 3868 5198; baseline 0 -16"><span class='ocrx_word' id='word_1_809' title='bbox 2258 5123 2529 5198; x_wconf 78' lang='lat' dir='ltr'><strong>Subinde</strong></span> <span class='ocrx_word' id='word_1_810' title='bbox 2559 5125 2858 5198; x_wconf 61' lang='lat' dir='ltr'><strong>editioﬁw</strong></span> <span class='ocrx_word' id='word_1_811' title='bbox 2881 5123 2977 5178; x_wconf 75' lang='grc' dir='ltr'>καὶ</span> <span class='ocrx_word' id='word_1_812' title='bbox 3008 5128 3260 5198; x_wconf 69' lang='grc' dir='ltr'>κούφους.</span> <span class='ocrx_word' id='word_1_813' title='bbox 3297 5128 3371 5181; x_wconf 78' lang='lat' dir='ltr'><strong>At</strong></span> <span class='ocrx_word' id='word_1_814' title='bbox 3416 5123 3637 5182; x_wconf 56' lang='lat' dir='ltr'><strong>Vitellia</strong></span> <span class='ocrx_word' id='word_1_815' title='bbox 3668 5123 3771 5179; x_wconf 65' lang='grc' dir='ltr'>’καί</span> <span class='ocrx_word' id='word_1_816' title='bbox 3805 5125 3868 5182; x_wconf 87' lang='lat' dir='ltr'><strong>in</strong></span> 
     </span>
    </p>
   </div>
   <div class='ocr_carea' id='block_1_114' title="bbox 2254 5195 3245 5267">
    <p class='ocr_par' dir='ltr' id='par_1_114' title="bbox 2254 5195 3245 5267">
     <span class='ocr_line' id='line_1_116' title="bbox 2254 5195 3245 5267; baseline 0 -15"><span class='ocrx_word' id='word_1_817' title='bbox 2254 5195 2481 5252; x_wconf 88' lang='lat' dir='ltr'><strong>nostris</strong></span> <span class='ocrx_word' id='word_1_818' title='bbox 2509 5196 2822 5253; x_wconf 88' lang='lat' dir='ltr'><strong>codicibus</strong></span> <span class='ocrx_word' id='word_1_819' title='bbox 2853 5212 2977 5253; x_wconf 92' lang='lat' dir='ltr'><strong>non</strong></span> <span class='ocrx_word' id='word_1_820' title='bbox 3006 5195 3245 5267; x_wconf 81' lang='lat' dir='ltr'><strong>legitur,</strong></span> 
     </span>
    </p>
   </div>
   <div class='ocr_carea' id='block_1_115' title="bbox 2325 5266 3869 5342">
    <p class='ocr_par' dir='ltr' id='par_1_115' title="bbox 2325 5266 3869 5342">
     <span class='ocr_line' id='line_1_117' title="bbox 2325 5266 3869 5342; baseline 0.001 -18"><span class='ocrx_word' id='word_1_821' title='bbox 2325 5270 2439 5342; x_wconf 52' lang='lat' dir='ltr'><strong>(Z4)</strong></span> <span class='ocrx_word' id='word_1_822' title='bbox 2479 5267 2632 5342; x_wconf 78' lang='lat' dir='ltr'><strong>Editi</strong></span> <span class='ocrx_word' id='word_1_823' title='bbox 2677 5271 2768 5320; x_wconf 83' lang='grc' dir='ltr'><strong>καί</strong></span> <span class='ocrx_word' id='word_1_824' title='bbox 2797 5270 3033 5342; x_wconf 16' lang='grc' dir='ltr'>όμθυρεὸς</span> <span class='ocrx_word' id='word_1_825' title='bbox 3078 5266 3169 5341; x_wconf 70' lang='grc' dir='ltr'><strong>μεν</strong></span> <span class='ocrx_word' id='word_1_826' title='bbox 3200 5266 3430 5331; x_wconf 76' lang='grc' dir='ltr'>ίκείνοις.</span> <span class='ocrx_word' id='word_1_827' title='bbox 3457 5268 3702 5341; x_wconf 76' lang='lat' dir='ltr'><strong>Antiqui</strong></span> <span class='ocrx_word' id='word_1_828' title='bbox 3747 5272 3869 5325; x_wconf 80' lang='lat' dir='ltr'><strong>tres</strong></span> 
     </span>
    </p>
   </div>
   <div class='ocr_carea' id='block_1_116' title="bbox 2254 5337 3171 5414">
    <p class='ocr_par' dir='ltr' id='par_1_116' title="bbox 2254 5337 3171 5414">
     <span class='ocr_line' id='line_1_118' title="bbox 2254 5337 3171 5414; baseline 0 -20"><span class='ocrx_word' id='word_1_829' title='bbox 2254 5337 2511 5414; x_wconf 7' lang='lat' dir='ltr'><strong>librique;</strong></span> <span class='ocrx_word' id='word_1_830' title='bbox 2541 5340 2567 5392; x_wconf 88' lang='grc' dir='ltr'><strong>ὁ</strong></span> <span class='ocrx_word' id='word_1_831' title='bbox 2600 5341 2780 5414; x_wconf 78' lang='grc' dir='ltr'>ουρεὸς</span> <span class='ocrx_word' id='word_1_832' title='bbox 2817 5337 3171 5414; x_wconf 56' lang='grc' dir='ltr'>ἐκείνοιςμέν.</span> 
     </span>
    </p>
   </div>
   <div class='ocr_carea' id='block_1_117' title="bbox 2328 5359 3868 5484">
    <p class='ocr_par' dir='ltr' id='par_1_117' title="bbox 2328 5359 3868 5484">
     <span class='ocr_line' id='line_1_119' title="bbox 2328 5359 3171 5414; baseline 0.002 -21"><span class='ocrx_word' id='word_1_833' title='bbox 2328 5359 2393 5394; x_wconf 74' lang='lat' dir='ltr'><strong>ll‘l</strong></span> <span class='ocrx_word' id='word_1_834' title='bbox 2421 5359 2511 5391; x_wconf 88' lang='grc' dir='ltr'><strong>και</strong></span> <span class='ocrx_word' id='word_1_835' title='bbox 2541 5359 2567 5392; x_wconf 89' lang='grc' dir='ltr'><strong>ο</strong></span> <span class='ocrx_word' id='word_1_836' title='bbox 2600 5359 2780 5414; x_wconf 87' lang='grc' dir='ltr'>υυρεος</span> <span class='ocrx_word' id='word_1_837' title='bbox 2819 5359 3031 5403; x_wconf 87' lang='grc' dir='ltr'>εκεινοις</span> <span class='ocrx_word' id='word_1_838' title='bbox 3102 5360 3171 5395; x_wconf 82' lang='grc' dir='ltr'>εν.</span> 
     </span>
     <span class='ocr_line' id='line_1_120' title="bbox 2328 5359 3868 5484; baseline 0.001 -18"><span class='ocrx_word' id='word_1_839' title='bbox 2328 5411 2438 5484; x_wconf 75' lang='grc'><strong>(75)</strong></span> <span class='ocrx_word' id='word_1_840' title='bbox 2464 5412 2695 5484; x_wconf 77' lang='lat' dir='ltr'><strong>Veteres</strong></span> <span class='ocrx_word' id='word_1_841' title='bbox 2723 5359 3149 5484; x_wconf 57' lang='lat' dir='ltr'><strong>quinqueligri</strong></span> <span class='ocrx_word' id='word_1_842' title='bbox 3169 5427 3309 5468; x_wconf 88' lang='lat' dir='ltr'><strong>cum</strong></span> <span class='ocrx_word' id='word_1_843' title='bbox 3328 5414 3587 5484; x_wconf 86' lang='lat' dir='ltr'><strong>utraque</strong></span> <span class='ocrx_word' id='word_1_844' title='bbox 3603 5410 3868 5484; x_wconf 88' lang='lat' dir='ltr'><strong>editione</strong></span> 
     </span>
    </p>
   </div>
   <div class='ocr_carea' id='block_1_118' title="bbox 2257 5480 3871 5557">
    <p class='ocr_par' dir='ltr' id='par_1_118' title="bbox 2257 5480 3871 5557">
     <span class='ocr_line' id='line_1_121' title="bbox 2257 5480 3871 5557; baseline 0.001 -21"><span class='ocrx_word' id='word_1_845' title='bbox 2257 5480 2441 5557; x_wconf 50' lang='lat' dir='ltr'><strong>Raris,</strong></span> <span class='ocrx_word' id='word_1_846' title='bbox 2464 5486 2521 5538; x_wconf 93' lang='lat' dir='ltr'><strong>et</strong></span> <span class='ocrx_word' id='word_1_847' title='bbox 2539 5481 2698 5539; x_wconf 88' lang='lat' dir='ltr'><strong>Basil</strong></span> <span class='ocrx_word' id='word_1_848' title='bbox 2721 5480 2834 5535; x_wconf 66' lang='grc' dir='ltr'><strong>ἐὸτὶ</strong></span> <span class='ocrx_word' id='word_1_849' title='bbox 2856 5480 3199 5557; x_wconf 64' lang='grc' dir='ltr'>περιϐόλαιον·</span> <span class='ocrx_word' id='word_1_850' title='bbox 3223 5495 3410 5557; x_wconf 88' lang='lat' dir='ltr'><strong>quem</strong></span> <span class='ocrx_word' id='word_1_851' title='bbox 3429 5480 3729 5557; x_wconf 74' lang='lat' dir='ltr'><strong>locumita</strong></span> <span class='ocrx_word' id='word_1_852' title='bbox 3742 5497 3871 5539; x_wconf 83' lang='lat' dir='ltr'><strong>ver-</strong></span> 
     </span>
    </p>
   </div>
   <div class='ocr_carea' id='block_1_119' title="bbox 2252 5552 3865 5624">
    <p class='ocr_par' dir='ltr' id='par_1_119' title="bbox 2252 5552 3865 5624">
     <span class='ocr_line' id='line_1_122' title="bbox 2252 5552 3865 5624; baseline 0.002 -16"><span class='ocrx_word' id='word_1_853' title='bbox 2252 5552 2319 5609; x_wconf 89' lang='lat' dir='ltr'><strong>tit</strong></span> <span class='ocrx_word' id='word_1_854' title='bbox 2344 5554 2652 5624; x_wconf 82' lang='lat' dir='ltr'><strong>Erasmus,</strong></span> <span class='ocrx_word' id='word_1_855' title='bbox 2666 5552 2943 5611; x_wconf 72' lang='lat' dir='ltr'><strong>nostrum</strong></span> <span class='ocrx_word' id='word_1_856' title='bbox 2960 5571 3097 5613; x_wconf 86' lang='lat' dir='ltr'><strong>vero</strong></span> <span class='ocrx_word' id='word_1_857' title='bbox 3126 5552 3566 5611; x_wconf 55' lang='lat' dir='ltr'><strong>munimentum</strong></span> <span class='ocrx_word' id='word_1_858' title='bbox 3591 5555 3740 5624; x_wconf 77' lang='lat' dir='ltr'><strong>ﬁdes</strong></span> <span class='ocrx_word' id='word_1_859' title='bbox 3755 5561 3865 5611; x_wconf 71' lang='lat' dir='ltr'><strong>est.</strong></span> 
     </span>
    </p>
   </div>
   <div class='ocr_carea' id='block_1_120' title="bbox 2253 5623 3868 5702">
    <p class='ocr_par' dir='ltr' id='par_1_120' title="bbox 2253 5623 3868 5702">
     <span class='ocr_line' id='line_1_123' title="bbox 2253 5623 3868 5702; baseline 0 -17"><span class='ocrx_word' id='word_1_860' title='bbox 2253 5623 2369 5685; x_wconf 89' lang='lat' dir='ltr'><strong>Sed</strong></span> <span class='ocrx_word' id='word_1_861' title='bbox 2379 5628 2785 5699; x_wconf 67' lang='lat' dir='ltr'><strong>praeterquam</strong></span> <span class='ocrx_word' id='word_1_862' title='bbox 2798 5625 2948 5700; x_wconf 90' lang='lat' dir='ltr'><strong>quid</strong></span> <span class='ocrx_word' id='word_1_863' title='bbox 2957 5646 3050 5702; x_wconf 87' lang='grc' dir='ltr'><strong>περ</strong></span> <span class='ocrx_word' id='word_1_864' title='bbox 3059 5625 3282 5680; x_wconf 71' lang='grc' dir='ltr'>ιϐόλαιον</span> <span class='ocrx_word' id='word_1_865' title='bbox 3294 5623 3731 5687; x_wconf 77' lang='lat' dir='ltr'><strong>munimentum</strong></span> <span class='ocrx_word' id='word_1_866' title='bbox 3745 5642 3868 5687; x_wconf 85' lang='lat' dir='ltr'><strong>non</strong></span> 
     </span>
    </p>
   </div>
  </div>
