4124 6434
254 346 346 402 189
1453 341 1543 396 DE
1578 336 1855 396 JEJUNIO
1895 337 2190 396 HOHILIA
2227 344 2296 400 II.

3510 343 3612 396 190

250 472 334 545 μὲν
379 475 451 541 τῷ
496 475 593 531 τῆς
640 464 986 529 δικαιοσύνης
1029 468 1513 541 περιπεφράγμεθα,
1563 463 1746 518 ἐκεῖνοι
1790 458 1850 515 δὲ

1972 463 2199 532 iustitiae
2224 466 2636 537 obarmamur,
2664 468 2747 526 illi
2765 467 3032 526 tunicam
3052 467 3253 524 hamis
3270 469 3611 525 consertam

250 559 447 632 χιτῶνά
488 562 617 612 τινα
650 553 977 611 ἁλυσιδωτὸν
1026 556 1142 629 (76)
1190 562 1546 633 περιφέρουσιο
1596 558 1688 607 καὶ
1743 553 1849 626 μά-

249 667 416 722 χαιρα
442 650 567 721 ημῖν
596 650 686 720 μεν
734 649 764 706 ἠ
816 654 908 701 τοῦ
951 649 1246 720 πνεύματός
1289 645 1403 699 ἐστι
1448 648 1579 720 πρὸς
1626 645 1847 717 ἄμυναν,

250 740 300 791 οἱ
326 734 384 790 δε
425 741 518 796 τὴν
563 734 619 789 ἐκ
668 732 896 809 σιδήρου
944 733 1339 809 προϐάλλονται·
1380 735 1515 789 οὕτω
1559 729 1738 799 δῆλον,
1770 734 1851 783 ὄτι

251 830 431 899 τροφαὶ
461 824 567 898 οὐχ
616 827 671 878 αἱ
716 824 870 877 αὑταὶ
916 823 1227 899 ἀμφοτέροις
1271 829 1365 884 τὴν
1418 824 1578 897 ἰσχὺν
1611 820 1852 895 ἐμποιοῦ-

253 934 350 968 cur
402 912 507 966 ἀλλ’
554 915 695 987 ἡμᾶς
741 917 830 987 μὲν
880 916 947 966 τὰ
1000 911 1249 988 δόγματα
1287 920 1384 977 τῆς
1428 910 1690 974 εὐσεϐείας
1726 911 1852 985 ῥών-

249 1022 412 1071 νυσιν,
446 1001 656 1064 ἐκείνοις
687 999 747 1056 δε
776 1004 806 1062 ἡ
840 1002 1113 1077 πλησμονὴ
1161 1012 1258 1066 τῆς
1294 1005 1527 1077 γαστρὸς
1570 999 1850 1073 ἀναγκαία.

250 1091 382 1147 Ἐπεὶ
444 1088 531 1145 οὖν
598 1095 792 1164 ἤγαγεν
859 1094 984 1165 ἡμῖν
1049 1096 1373 1168 περιτρέχων
1431 1093 1457 1144 6
1512 1095 1706 1165 χρόνος
1760 1090 1854 1149 τὰς

251 1180 647 1243 πολυποθητους
688 1183 884 1243 ταύτας
929 1184 1167 1257 ἡμέρας,
1218 1183 1287 1244 ως
1334 1180 1562 1242 παλαιὰς
1610 1180 1852 1253 τροφοὺς,

253 1272 465 1343 ἄσμενοι
519 1272 709 1331 πάντες
774 1266 1168 1345 ύποδεξὼριεθα,
1240 1267 1311 1324 δι’
1376 1268 1444 1322 ὦν
1510 1268 1855 1327 ἐτιθηνήσατο

252 1362 388 1433 ἡμᾶς
429 1362 460 1419 ἠ
511 1358 797 1419 Ἐκκλησία
846 1364 978 1434 πρὸς
1021 1365 1116 1421 τὴν
1166 1359 1446 1416 εὐσέϐειαν.
1489 1358 1694 1414 Μέλλων
1741 1362 1859 1445 τοίῖ

251 1470 337 1504 νυν
398 1453 667 1508 νηστεύειν
747 1453 819 1524 μὴ
909 1452 1299 1527 σκυθρωπάσης
1359 1446 1682 1510 Ἰουδαῖκῶς·
1755 1444 1846 1500 ἀλλ

254 1539 862 1618 εὐαγγελικῶςρεαυτὸν
909 1536 1358 1615 παταφαίδρυνον,
1405 1543 1478 1613 μὴ
1527 1539 1723 1592 πενθῶν
1761 1544 1857 1598 τῆς

251 1632 479 1703 γαστρὸς
501 1633 595 1689 την
627 1624 847 1697 ἔνδειαν,
881 1627 1010 1682 ἀλλά
1050 1625 1404 1703 συνηδόμενος
1445 1636 1507 1702 τῇ
1556 1625 1712 1700 ψυχῇ
1755 1634 1856 1679 τῶν

252 1727 608 1792 πνευματικῶν
659 1716 1014 1774 ἀπολαύσεων.
1067 1715 1236 1782 Οἶδας
1285 1721 1410 1792 γὰρ,
1467 1722 1547 1771 ὅτι
1595 1718 1655 1770 Ἡ
1725 1715 1858 1789 σὰρξ

1960 555 2391 616 circumferunt
2417 577 2429 614 :
2454 564 2745 632 praeterea
2773 557 2951 616 nobis
2977 557 3146 614 adest
3176 556 3415 627 gladius
3437 556 3615 629 spiri-

1964 649 2055 704 tus
2075 646 2155 703 ad
2173 646 2610 716 defensionem,
2623 648 2707 705 illi
2726 649 2885 705 ferro
2900 645 3339 703 defenduntur:
3365 647 3448 702 ita
3467 662 3614 719 quo-

1960 751 2080 809 que
2110 751 2224 793 nos
2243 753 2369 794 non
2398 738 2619 796 iisdem
2641 737 2879 795 cibariis
2897 736 3122 810 quibus
3142 734 3248 805 illi,
3264 739 3617 805 vegetamur

1960 825 2240 900 viresque
2261 827 2597 900 colligimus
2618 845 2632 896 ;
2665 826 2771 884 sed
2794 842 2909 883 nos
2928 825 3165 900 pietatis
3184 824 3477 895 dogmata
3495 839 3625 880 cor-

1958 916 2272 985 roborant,
2294 916 2408 974 illis
2437 918 2516 975 ad
2540 917 2851 992 parandas
2865 916 3024 973 vires
3043 915 3382 989 explatione
3392 913 3623 971 ventris

1962 1010 2056 1065 est
2086 1022 2263 1080 opus.
2298 1008 2598 1074 Quoniam
2641 1008 2822 1078 igitur
2868 1006 3158 1080 temporis
3191 1004 3452 1062 circulus
3489 1004 3620 1061 dies

1962 1097 2076 1154 hos
2108 1096 2499 1155 vehementer
2534 1097 2833 1171 optabiles
2861 1095 3038 1153 nobis
3066 1094 3323 1161 reduxit,
3364 1110 3467 1152 eos
3491 1098 3618 1151 tan-

1964 1201 2156 1260 quam
2176 1192 2408 1244 veteres
2426 1188 2729 1256 nutritios,
2746 1186 3026 1243 iubentes
3047 1190 3106 1243 et
3122 1185 3341 1242 hilares
3360 1183 3619 1258 quisque

1965 1275 2365 1349 excipiamus,
2395 1291 2508 1349 per
2547 1291 2704 1349 quos
2750 1274 3018 1332 Ecclesia
3057 1290 3169 1332 nos
3215 1273 3296 1330 ad
3331 1274 3618 1346 pietatem

1965 1364 2203 1423 educat.
2243 1365 2499 1422 Proinde
2533 1366 2917 1437 jejunaturus
2958 1363 3082 1421 noli
3122 1362 3303 1421 tristis
3342 1377 3492 1430 esse,
3522 1365 3620 1420 Ju-

1965 1455 2239 1513 daeorum
2260 1472 2458 1526 more;
2483 1456 2612 1524 sed,
2631 1456 2807 1527 juxta
2826 1454 3164 1512 doctrinam
3184 1450 3617 1524 evangelicum,

1964 1546 2226 1619 teipsum
2253 1545 2510 1603 hilarem
2551 1550 2608 1602 et
2634 1545 2898 1603 alacrem
2926 1543 3133 1617 praebe
3153 1545 3197 1580 ⁵⁷
3226 1560 3242 1613 ;
3288 1558 3488 1615 neque
3532 1542 3621 1599 lu-

1966 1650 2111 1707 geas
2136 1635 2355 1692 ventris
2385 1635 2674 1702 inediam,
2709 1634 2819 1692 sed
2848 1634 3070 1691 anima:
3097 1632 3298 1706 potius
3319 1631 3620 1702 gratulare

1966 1724 2378 1798 spiritualibus
2406 1725 2600 1798 epulis
2628 1723 2867 1781 fruenti.
2902 1723 3029 1782 Scis
3062 1722 3225 1780 enim
3263 1721 3431 1796 quod
3459 1722 3620 1779 Caro

253 1808 503 1882 ἀπιθυμεῖ
539 1811 677 1862 κατά
716 1815 808 1865 τοῦ
848 1811 1158 1881 πνεύματος,
1193 1811 1252 1861 τὸ
1284 1805 1344 1862 δε
1372 1815 1574 1881 πνεῦμα
1601 1808 1739 1859 κατά
1760 1814 1857 1867 τῆς

1972 1814 2334 1885 concupiscit
2359 1815 2649 1873 adversus
2668 1814 2973 1884 spiritum,
2991 1818 3047 1870 et
3061 1812 3314 1882 spiritus
3332 1810 3624 1868 adversus

254 1902 464 1972 σαρκός.
497 1896 636 1952 Ἐπεὶ
667 1895 753 1952 οὖν
783 1906 953 1951 ταῦτα
982 1897 1222 1961 ἀλλήλοις
1261 1896 1567 1965 ἀντίκειται,
1599 1895 1855 1970 ύφέλωμεν

251 1997 348 2051 τῆς
379 1992 574 2064 σαρκὸς
597 1993 692 2049 τὴν
724 1988 1019 2055 εὐπάθειαν,
1054 1987 1362 2061 αὐξήσωμεν
1416 1983 1476 2040 δε
1521 1995 1621 2039 τῶν
1663 1985 1855 2058 ψυχῶν

251 2084 347 2138 τὴν
378 2078 539 2150 ἰσχύν
570 2082 700 2151 (77),
728 2080 832 2146 ἵνα,
862 2073 897 2131 δ
903 2079 957 2130 ιὰ
993 2085 1090 2140 τῆς
1116 2081 1360 2139 νηστείας
1389 2078 1525 2129 κατά
1548 2084 1648 2129 τῶν
1676 2078 1855 2130 παθῶν

251 2166 492 2230 λαϐόντες
519 2170 587 2220 τὰ
609 2172 920 2243 vium-upwa-
938 2170 1060 2232 τοὺς
1106 2176 1202 2230 τῆς
1245 2165 1549 2242 ἐγκρατείας
1575 2167 1857 2239 στεφάνους

253 2255 388 2312 ἀναδ
392 2279 422 2318 η
431 2259 661 2332 σώμεθα.

326 2350 378 2405 4.
411 2342 553 2406 Ἤδη
586 2346 676 2399 οὖν
708 2347 925 2399 σεαυτὸν
955 2346 1098 2411 ἄξιον
1126 2348 1514 2421 παραίκεύασον
1544 2354 1640 2408 τῆς
1680 2364 1857 2419 σεμνο-

252 2437 713 2513 τάτηςμηστείας·
745 2440 818 2508 μὴ
852 2435 967 2508 (78)
995 2443 1058 2509 τῇ
1109 2444 1361 2510 σημερινῇ
1396 2437 1524 2509 μέθη
1554 2439 1648 2496 τὴν
1679 2438 1857 2509 αὔριον

216 2523 569 2600 “διαφθείρης
611 2524 934 2600 ἐγκράτειαν.
970 2529 1143 2589 Κακὸς
1190 2528 1215 2579 6
1262 2526 1538 2599 λογισμὸς,
1591 2527 1796 2599 πονηρὰ
1823 2527 1853 2585 ἡ

256 2614 478 2670 ἐπίνοιαο
526 2610 738 2674 Ἐπειδὴ
787 2617 936 2667 πέντε
978 2616 1181 2688 ἡμερῶν
1231 2618 1451 2673 νηστεία
1501 2615 1626 2686 ἡμῖν
1677 2632 1859 2687 προκε-

253 2709 536 2778 κήρυκται,
567 2707 791 2777 σήμερον
840 2702 1056 2767 ἑαυτοὺς
1098 2710 1160 2776 τῇ
1193 2704 1322 2777 μέθῃ
1364 2700 1856 2776 καταϐαπτίσωμεν.

256 2789 470 2861 Οὐδεὶς,
519 2799 748 2865 γυναῖκα
790 2796 969 2865 νόμοις
1013 2798 1262 2865 γαμικοῐς
1309 2788 1598 2864 ἐπάγεσθαι
1644 2790 1856 2864 μέλλων,

251 2878 581 2944 παλλακίδας
627 2886 718 2935 καὶ
765 2881 974 2956 ἑταίρας
1018 2880 1290 2958 προλαϐὼν
1338 2880 1678 2942 εἰσοικίζεται
1726 2882 1856 2952 (79).

254 2972 332 3025 Ού
362 2974 464 3047 ’γὰρ
491 2970 737 3044 ἀνέχεται
768 2973 798 3031 ἠ
830 2976 1024 3045 νομίμη
1075 2975 1168 3030 τὴν
1216 2974 1349 3045 μετὰ
1392 2980 1492 3041 τῶν
1542 2966 1577 3024 δ
1583 2972 1860 3045 ιεφθαρμέ-

250 3081 350 3114 νων
394 3065 722 3121 συνοίκησιν.
772 3066 859 3120 Μὴ
909 3065 1081 3114 τοίνυν
1132 3065 1224 3114 καὶ
1277 3064 1364 3129 σὺ,
1415 3055 1862 3133 προσδοκωμένης

1962 1919 2207 1962 carnem
2220 1904 2289 1960 ⁵⁸.
2317 1904 2527 1976 Itaque
2548 1920 2689 1960 cum
2708 1903 2837 1959 haec
2866 1902 2982 1958 sibi
3006 1901 3267 1958 invicem
3295 1900 3620 1957 adversan-

1964 1995 2059 2051 tur
2076 1994 2146 2062 ⁵ο,
2176 1993 2607 2051 subtrahamus
2636 1991 2805 2049 carni
2832 1990 3097 2057 delicias,
3131 2003 3468 2060 augeamus
3497 1990 3623 2046 ani-

1962 2098 2079 2143 mte
2111 2083 2337 2152 robur;
2368 2087 2435 2141 ut
2474 2098 2584 2156 per
2607 2082 2910 2155 jejunium
2940 2097 2978 2139 a
3017 2080 3175 2138 vitiis
3205 2084 3387 2154 atque
3424 2079 3621 2137 libidi-

1962 2174 2147 2232 nibus
2174 2173 2492 2232 victoriam
2531 2173 2933 2247 reportantes,
2970 2169 3346 2228 abstinentia
3384 2169 3623 2228 coronis

1963 2263 2303 2336 cingamur.

2036 2356 2090 2410 4.
2120 2353 2260 2409 Jam
2287 2351 2471 2423 igitur
2499 2351 2757 2426 teipsum
2784 2351 3075 2409 exhibeas
3103 2349 3355 2421 dignum
3389 2347 3622 2420 jejunio

1965 2456 2107 2500 cum
2130 2441 2341 2515 primis
2360 2440 2713 2509 venerabili,
2737 2446 2804 2499 ut
2838 2456 2913 2498 ne
2949 2439 3246 2497 hodierna
3276 2437 3626 2495 temulentia

1966 2531 2295 2591 crastinam
2308 2530 2719 2589 abstinentiam
2732 2528 3456 2604 corrumpaslmprobum
3470 2527 3623 2585 istuc

1966 2619 2283 2678 consilium
2311 2624 2421 2689 est,
2452 2635 2644 2693 prava
2674 2619 2959 2691 cogitatio
2989 2622 3098 2687 est,
3129 2618 3209 2675 ita
3245 2616 3574 2674 dicentium
3603 2634 3616 2673 :

1969 2710 2268 2777 Quoniam
2317 2708 2495 2766 nobis
2547 2708 2818 2782 quinque
2861 2708 3098 2765 dierum
3139 2706 3443 2779 jejunium
3470 2705 3625 2763 indi-

1967 2804 2133 2858 ctum
2152 2803 2260 2871 est,
2274 2798 3122 2872 hodiefnosipsosjemulentia
3135 2797 3491 2855 obruamus.
3512 2800 3624 2855 Ne-

1966 2904 2072 2948 mo
2095 2890 2385 2964 pudicam
2420 2904 2670 2948 uxorem
2699 2888 2968 2960 legitimo
2998 2887 3284 2960 conjugio
3307 2887 3621 2956 ducturus,

1968 2979 2138 3053 prius
2169 2983 2369 3037 scorta
2394 2982 2454 3037 et
2477 2978 2850 3035 concubinas
2870 2977 3124 3035 domum
3153 2976 3404 3034 inducit.
3426 2980 3630 3049 Neque

1969 3067 2131 3125 enim
2153 3068 2377 3140 conjux
2398 3067 2668 3138 legitima
2694 3067 2921 3140 patitur
2949 3065 3294 3123 convictum
3315 3064 3631 3122 contuber-

248 3156 514 3219 νηστείας,
574 3152 973 3227 προεισαγάγῃς
1031 3155 1127 3210 τήν
1182 3151 1365 3224 μέθην,
1427 3154 1522 3208 τὴν
1579 3146 1858 3222 πάνδημον

1972 3157 2264 3231 niumque
2288 3161 2737 3229 corruptarum.
2781 3155 3034 3213 Proinde
3080 3158 3147 3211 tu
3192 3168 3460 3228 quoque,
3486 3168 3629 3210 cum

250 3245 465 3315 πόρνην,
516 3245 611 3300 τὴν
680 3238 1064 3313 ἀναισχυντίας
1123 3243 1345 3314 μητέρα,
1404 3242 1499 3298 τὴν
1561 3237 1857 3312 φιλόγελων,

250 3334 347 3390 τὴν
376 3326 632 3404 μαινάδα,
664 3334 759 3389 τὴν
801 3332 933 3404 πρὸς
961 3326 1136 3384 πᾶσαν
1184 3325 1326 3384 ἰδέαν
1353 3327 1743 3403 ἀσχημοσύνης
1772 3331 1860 3382 εὗ-

249 3420 420 3476 κολον.
472 3419 550 3472 Ού
600 3421 703 3495 γὰρ
758 3423 830 3493 μὴ
887 3418 1089 3493 εἰσέλθῃ
1149 3422 1368 3478 νηστεία
1412 3422 1503 3471 καὶ
1557 3414 1743 3480 δέησις
1790 3417 1864 3480 εἰς

250 3509 442 3583 ψυχὴν
494 3509 824 3586 ῥυπωθεῖσαν
877 3510 978 3562 ὑπὸ
1034 3516 1131 3571 τῆς
1177 3510 1359 3581 μέθης.
1400 3510 1498 3561 Τὸν
1545 3509 1864 3566 νηστεύοντα

254 3601 383 3653 εἵσω
408 3606 509 3650 τῶν
542 3600 685 3673 ἱερῶν
715 3597 998 3673 περιϐόλων
1035 3593 1404 3671 παραδέχεται
1444 3597 1471 3650 6
1521 3599 1731 3672 Κύριος·
1773 3600 1861 3650 τὸν

251 3686 626 3763 κραιπαλῶντα
652 3688 764 3760 (80)
798 3690 867 3751 ὡς
911 3685 1132 3761 βέϐηλον
1174 3692 1265 3739 καὶ
1312 3684 1508 3762 ἀνιερον
1556 3685 1616 3739 ού
1655 3690 1864 3760 προσίε-

250 3796 363 3834 ται.
393 3776 509 3833 Ἐὰν
536 3780 638 3852 γὰρ
682 3776 836 3852 ἔλθῃς
876 3780 1054 3850 αὔριον
1101 3779 1240 3830 οἴνου
1288 3774 1516 3844 ἀπόζων,
1548 3780 1639 3829 καὶ
1674 3778 1861 3829 τούτου

254 3870 570 3934 σεσηπότος,
602 3875 714 3929 πῶς
760 3866 831 3930 είς
872 3870 1116 3926 νηστείαν
1167 3883 1253 3920 σοι
1298 3869 1392 3924 τὴν
1440 3864 1733 3940 κραιπάλην
1771 3863 1861 3919 λο-

247 3960 519 4030 γίσομαις
549 3961 635 4017 Μὴ
666 3959 768 4030 γὰρ
819 3959 901 4010 ὅτι
945 3959 1248 4031 πρόσφατον
1278 3954 1373 4009 οὐκ
1413 3952 1600 4027 ἔνεχέω
1629 3953 1746 4027 (81)
1773 3956 1861 4031 τὸν

246 4047 499 4121 ἄκρατον,
532 4044 637 4099 ἀλλ’
679 4050 760 4100 ὄτι
800 4046 861 4099 ού
907 4047 1213 4120 καθαρεύεις
1241 4047 1401 4113 οἴνου,
1428 4050 1583 4098 τοῦτο
1623 4028 1859 4117 λογίζέυ.

246 4141 362 4189 Ηοῦ
392 4154 452 4188 σε
497 4135 674 4202 reiEnn;
706 4133 784 4190 Ἐν
826 4142 938 4198 τοῖς
979 4137 1250 4208 μεθύσοις,
1304 4133 1335 4193 ἣ
1384 4132 1434 4188 ἐν
1481 4140 1592 4196 τοῖς
1636 4150 1861 4193 νηστευ-

240 4232 408 4292 ταῖςς
460 4223 520 4280 Ἡ
571 4224 907 4300 παρελθοῦσα
960 4223 1264 4303 οἰνοφλυγία
1313 4225 1446 4298 πρὸς
1498 4222 1688 4282 ἑαυτὴν
1744 4218 1861 4283 έπε-

244 4320 472 4369 σπᾶται·
530 4315 561 4374 ἠ
620 4320 870 4390 παροῦσα
921 4309 1093 4367 ἔνδεια
1146 4317 1390 4372 νηστείαν
1443 4319 1858 4388 προσμαρτυρεῖ.

239 4402 750 4478 Ἀμφισϐητήσιμος
797 4401 845 4457 εἶ
886 4411 948 4477 τῇ
983 4404 1112 4477 μέθῃ
1163 4405 1338 4476 ὥσπερ
1389 4398 1744 4477 ἀνδράποδον,
1772 4407 1863 4455 καὶ

1970 3249 2354 3321 exspectatur
2368 3246 2690 3319 jejunium,
2716 3261 2863 3303 cave
2887 3245 3054 3318 prius
3073 3244 3424 3302 introducas
3442 3242 3631 3300 ebrie-

1970 3339 2180 3407 tatem,
2213 3339 2481 3393 scortum
2519 3333 2670 3392 illud
2709 3334 3047 3409 publicum,
3078 3332 3474 3408 impudentius
3503 3348 3629 3389 ma-

1970 3429 2146 3495 trem,
2172 3425 2330 3482 risus
2356 3427 2689 3493 amantem,
2715 3423 3140 3491 insanientem,
3173 3423 3254 3480 ad
3281 3421 3491 3479 omnia
3510 3424 3630 3479 tur-

1971 3513 2266 3589 pitudinis
2291 3528 2520 3584 genera
2546 3512 2898 3587 proclivem.
2921 3512 3125 3586 Neque
3143 3512 3305 3569 enim
3327 3510 3630 3583 jejunium

1971 3609 2032 3663 et
2058 3604 2326 3678 precatio
2354 3602 2690 3661 introibunt
2716 3602 2779 3659 in
2810 3601 3084 3659 animam
3115 3601 3478 3659 temulentis:
3518 3600 3627 3672 ιθ

1976 3692 2261 3753 sordibus
2282 3692 2687 3765 inquinatam.
2702 3691 3086 3763 Jejunantem
3104 3690 3263 3746 intra
3274 3704 3482 3746 sacros
3493 3703 3634 3745 can-

1973 3782 2156 3841 cellos
2177 3781 2429 3854 suscipit
2456 3780 2782 3850 Dominus;
2825 3782 2887 3838 at
2920 3778 3069 3836 luxu
3101 3777 3474 3852 crapulaque
3499 3777 3632 3850 ple-

1971 3887 2145 3941 num,
2176 3869 2358 3927 veluti
2392 3869 2719 3943 profanum
2745 3873 2804 3926 et
2829 3884 2866 3925 a
2893 3862 3086 3925 Sacris
3110 3866 3378 3925 alienum
3407 3880 3634 3939 nequa-

1971 3976 2161 4035 quam
2179 3958 2456 4019 admittit.
2468 3958 2694 4015 Etenim
2707 3957 2760 4015 si
2774 3973 2909 4015 cras
2918 3957 3124 4015 venias
3135 3956 3347 4013 vinum
3359 3954 3632 4023 obolens,

1973 4050 2160 4126 idque
2197 4048 2494 4106 cruditate
2526 4050 2881 4121 corruptum
2929 4060 3001 4104 ac
3037 4044 3465 4120 putrefactum,
3488 4059 3637 4117 qum

1973 4139 2159 4200 modo
2185 4139 2292 4197 tibi
2321 4136 2637 4212 crapulam
2658 4150 2770 4211 pro
2784 4136 3014 4209 jejunio
3036 4135 3354 4208 imputabo
3374 4136 3402 4192 ?
3431 4136 3637 4207 Neque

1974 4230 2137 4289 enim
2163 4227 2315 4286 illud
2357 4227 2575 4299 cogita,
2605 4227 2774 4300 quod
2814 4242 3051 4283 merum
3091 4225 3198 4282 tibi
3225 4239 3440 4282 recens
3480 4223 3637 4280 infu-

1974 4336 2112 4378 sum
2141 4333 2266 4376 non
2298 4321 2389 4376 est
2399 4337 2418 4391 ;
2454 4317 2562 4374 sed
2593 4315 2762 4390 quod
2793 4331 2830 4373 a
2855 4315 2998 4373 vino
3027 4331 3217 4389 purus
3255 4330 3380 4371 non
3404 4330 3490 4383 es,
3520 4311 3638 4369 hoc

1973 4412 2210 4483 reputa.
2242 4411 2307 4465 In
2336 4411 2474 4464 utro
2506 4411 2561 4463 te
2587 4404 2799 4462 ordine
2843 4404 3159 4462 collocabo
3180 4404 3208 4460 ?
3247 4406 3404 4460 Inter
3445 4401 3639 4458 ebrio-

240 4492 348 4547 οὐκ
401 4491 639 4566 ἀφέξεταί
689 4512 784 4547 σου
833 4488 1076 4560 δικαίως,
1137 4489 1368 4565 ἄναργεῐς
1422 4494 1517 4554 τὰς
1569 4488 1858 4555 ἀποδείξεις

1976 4515 2099 4571 sos,
2125 4513 2205 4556 an
2235 4497 2391 4555 inter
2427 4495 2826 4568 jejunantes?
2868 4493 3169 4551 Prteterita
3205 4490 3538 4551 vinolentia
3582 4495 3638 4547 te

240 4591 350 4645 τῆς
374 4579 614 4646 δουλείας
640 4586 999 4657 παρεχομένη,
1038 4585 1135 4640 την
1179 4580 1351 4655 ὀσμὴν
1388 4587 1482 4635 τοῦ
1522 4583 1661 4634 οἴνου
1687 4585 1860 4655 ὥσπερ

242 4671 448 4746 ἀγγείῳ
479 4671 908 4746 έναπομείνασαν.
958 4670 1127 4732 Εύθύς
1166 4672 1197 4731 ἡ
1242 4674 1423 4744 πρώτη
1466 4677 1566 4723 τῶν
1611 4678 1863 4729 νηστειῶν

242 4757 512 4835 ἀδόκιμός
542 4781 628 4815 σοι
660 4761 776 4834 (82)
808 4765 1106 4834 γενήσεται,
1154 4755 1190 4813 δ
1195 4761 1250 4812 ιὰ
1278 4762 1337 4813 τὸ
1369 4757 1735 4813 ἕναποκεῖσθαί
1781 4777 1865 4812 σοι

320 4868 371 4905 ετ
403 4868 619 4926 Matth.
650 4883 726 4941 v1,
761 4872 967 4942 {6,17.
1044 4865 1397 4934 «eam»,
1434 4867 1521 4923 47.
1598 4866 1648 4902 δ’
1676 4865 1829 4925 ibid.

235 4978 363 5040 est,
395 4974 510 5031 sed
547 4975 991 5043 indumentum,
1027 4971 1319 5030 debuerat
1338 4972 1421 5029 ita
1440 4971 1820 5044 interpretari
1852 4990 1866 5031 :

233 5047 422 5104 nobis
472 5062 615 5104 vero
641 5046 789 5116 ﬁdei
811 5047 1252 5116 munimentum
1292 5046 1427 5102 loco
1464 5050 1552 5116 est
1594 5045 1773 5103 scuti.
1806 5048 1871 5102 In

231 5121 391 5192 Reg,
410 5114 746 5192 primopro
765 5116 1091 5192 περιϐόλαιον
1105 5114 1685 5192 Εεὶίιξξ-προϐόλαιονξ
1699 5116 1870 5188 quod

228 5184 469 5262 melius
508 5184 837 5262 veriusque
845 5186 1078 5262 judico.
1103 5184 1235 5245 mox
1261 5184 1412 5245 Oliv'.
1440 5191 1498 5242 et
1524 5184 1697 5262 Angl.
1720 5184 1869 5262 'cum

225 5260 424 5319 editis
472 5258 953 5346 περιπεφρᾷγμέθα.
1006 5262 1083 5346 at
1137 5275 1290 5346 mss.
1350 5258 1542 5316 nostri
1593 5258 1867 5333 plerique

225 5282 424 5319 εαιιιε
472 5282 656 5346 περιπε
686 5282 953 5344 ραγμεσα.
1006 5282 1083 5316 At
1137 5282 1231 5315 IIIS

224 5282 850 5413 omn_es_s_impiiciter
876 5332 1239 5413 πεφράχμεθα.

308 5407 432 5476 (76)
462 5397 1161 5476 Εάᾆίῖἀλυσιδετόνίίιῖβῖἱ
1183 5404 1413 5476 veteres
1442 5397 1789 5476 ἁλυσιδωτὸν.

310 5471 429 5549 ΓΠ)
465 5474 631 5549 Colb.
665 5474 900 5549 primus
931 5482 1029 5536 τῆς
1053 5473 1245 5549 ψυχῆς
1271 5477 1366 5531 τὴν
1394 5472 1574 5549 ἰσχύν.

309 5542 433 5616 (78)
466 5549 534 5603 Et
556 5542 719 5604 hanc
739 5542 1080 5603 orationem
1101 5542 1376 5601 habitam
1397 5542 1531 5600 esse
1548 5542 1646 5600 die
1667 5544 1868 5601 Domi-

216 5619 382 5677 nica
409 5623 578 5690 patet
606 5634 678 5675 ex
712 5617 835 5687 illo,
870 5618 966 5675 Ne
994 5616 1295 5674 hodierna
1316 5617 1666 5690 temulentia
1699 5632 1862 5690 cras-

220 5687 438 5754 tinam
469 5689 896 5751 abstinentiam
929 5702 1315 5759 corrumpas.
1337 5687 1683 5761 Improbum
1710 5688 1866 5746 istuc

1977 4588 2093 4646 sibi
2116 4587 2368 4645 asserit:
2400 4599 2670 4659 praesens
2708 4583 2913 4640 inedia
2936 4582 3236 4654 jejunium
3258 4580 3637 4637 testiﬁcatur.

1974 4681 2214 4750 Anceps
2269 4691 2355 4745 es,
2410 4678 2470 4732 et
2515 4678 2978 4731 controversum
3031 4668 3397 4728 temulentis:
3454 4666 3638 4723 veluti

1975 4766 2374 4841 mancipium,
2396 4779 2510 4822 nec
2533 4777 2809 4836 unquam
2829 4761 3088 4827 dimittet
3109 4764 3185 4832 te,
3202 4758 3388 4832 idque
3407 4755 3640 4830 optimo

1979 4945 2297 5003 consilium
2355 4949 2461 5013 est,
2522 4944 2610 4999 ita
2666 4941 2995 4999 dicentium
3054 4953 3069 4993 :
3128 4936 3422 5006 Quoniam
3466 4932 3639 4990 nobis

1979 5019 2247 5090 quinque
2265 5016 2498 5090 dierum
2518 5014 2866 5090 jejunium,
2882 5017 2992 5090 etc_.

2051 5080 2164 5157 (⁸79)
2206 5091 2361 5159 Reg.
2377 5080 2613 5159 primus
2642 5082 2914 5159 προλαϐὼν
2937 5080 3236 5159 εἰσοικίζει.

2048 5148 2183 5231 (780'),
2230 5148 2477 5231 Αῐῖιὶᾷυί
2531 5148 2866 5231 tres_'libri_
2893 5157 2981 5206 τὸν
3038 5151 3426 5231 κραιπαλῶντα..
3490 5148 3641 5231 Εάὶὶξ

1974 5222 2409 5306 κραιπαλοῡνταδ
2443 5231 2575 5286 Mox
2617 5226 2780 5284 idem
2835 5228 2976 5296 Reg.
3038 5222 3274 5298 primus
3332 5222 3528 5296 ἀνίερον
3580 5222 3640 5274 οὗ

1976 5299 2357 5377 προσδέχεται.

2047 5378 2161 5443 (8t)
2180 5362 2372 5430 "Unus
2400 5370 2677 5443 mss.‘ozix
2707 5367 2936 5441 ὸιχέου.
2972 5365 3084 5443 Alii
3122 5369 3387 5443 quatuor
3416 5369 3474 5443 e_t
3500 5362 3643 5421 editi

1976 5434 2304 5570 οὐδὲοένέχέω.
2354 5443 2526 5500 Haud
2556 5441 2734 5512 longe
2777 5434 2918 5511 Reg.
2965 5434 3203 5511 primus
3250 5436 3392 5500 τάξω
3434 5434 3482 5488 ἐν
3532 5442 3643 5496 τοῖς

1978 5535 2038 5570 με
2074 5534 2278 5570 νουσιν.

2018 5534 2278 5571 ευυουσιν.

1974 5537 2278 5591 μευυουσιν.

2044 5589 2160 5659 (82)
2202 5584 2624 5659 Reg._primus
2675 5579 3169 5659 snaryJwAa'ilo'zés
3216 5596 3328 5659 σοι1
3366 5577 3482 5659 erit
3534 5577 3645 5632 (ibi

1985 5648 2219 5732 iri‘iltts,
2256 5648 2485 5714 ιῦίάὲω
2517 5654 2681 5712 idem
2712 5653 2904 5710 codex
2930 5648 3024 5706 διὰ
3050 5648 3109 5704 τό
3142 5648 3475 5703 ἀποκεῖσθαι.
