4124 6406
564 326 659 382 191

552 448 688 520 jure
720 463 734 503 :
764 445 996 520 quippe
1025 462 1163 520 quae
1185 447 1513 505 manifesta
1538 446 1840 505 servitutis
1859 447 2219 517 argumenta

556 535 846 609 proferat,
874 534 1128 592 odorem
1160 535 1279 592 vini
1308 536 1475 593 velut
1500 537 1562 593 in
1592 536 1813 607 lagena
1830 535 2213 592 residentem.

556 625 837 681 Protinus
867 623 975 680 tibi
996 624 1231 697 primus
1248 626 1462 698 jejunii
1491 626 1619 681 dies
1644 624 2114 697 abjudicabitur,
2134 622 2215 680 ob

555 713 922 773 temulentite
941 713 1227 787 reliquias
1244 714 1305 771 in
1326 719 1382 772 te
1400 716 1988 788 repositas.Quorum
2010 717 2215 770 autem

556 802 842 876 primitiae
884 802 1258 874 rejiciuntur,
1305 805 1474 862 haud
1517 803 1770 861 dubium
1819 804 1967 877 quin
2012 802 2072 860 in
2119 803 2215 859 his

556 896 753 948 totum
774 907 1020 965 quoque
1042 893 1116 948 sit
1134 892 1550 963 rejiciendum.
1572 895 1816 950 Εὐνίθεί
1834 908 2085 963 regnum
2112 893 2221 949 Dei

555 996 677 1037 non
716 981 1101 1050 possidebunt
1118 983 1185 1036 ⁸ο.
1215 982 1272 1038 Si
1301 982 1667 1040 temulentus
1692 983 1929 1040 accedis
1959 983 2034 1039 ad
2062 982 2141 1054 jej
2154 998 2215 1038 u-

554 1070 748 1136 nium,
779 1070 930 1143 quid
979 1070 1243 1127 utilitatis
1290 1072 1536 1128 aufers?
1583 1076 1733 1129 Nam
1776 1075 1825 1128 si
1874 1076 1927 1128 te
1958 1071 2215 1129 ebrietas

554 1159 819 1215 excludit
846 1176 882 1216 a
901 1175 1090 1231 regno
1115 1160 1425 1229 caelorum,
1446 1162 1730 1235 quisnam
1753 1162 1997 1219 tandem
2015 1177 2047 1217 e
2060 1161 2215 1233 jeju-

554 1247 658 1303 nio
686 1247 915 1305 fructus
934 1249 962 1303 ‘?
991 1253 1207 1306 Annon
1247 1250 1432 1319 vides,
1463 1251 1631 1324 quod
1656 1251 1762 1324 qui
1800 1251 1859 1306 in
1891 1251 2214 1308 domandis

555 1335 749 1408 equis,
780 1336 888 1408 qui
916 1337 996 1393 ad
1025 1339 1358 1395 certamina
1382 1338 1647 1407 aluntur,
1675 1338 2026 1412 peritissimi
2047 1341 2208 1409 sunt,

554 1440 694 1481 cum
721 1425 908 1480 instat
926 1427 1269 1483 certaminis
1298 1427 1448 1497 dies,
1463 1443 1568 1484 eos
1589 1429 1791 1485 inedia
1811 1431 2160 1501 praeparant
2183 1428 2212 1484 ‘?

552 1515 637 1570 Tu
665 1517 893 1580 contra,
926 1514 1070 1571 data
1101 1531 1289 1589 opera
1314 1518 1700 1591 temetipsum
1725 1517 2022 1590 deprimis
2048 1521 2211 1574 satu-

550 1601 725 1659 ritate
750 1619 763 1658 :
788 1603 944 1660 adeo
971 1604 1126 1675 gulae
1155 1606 1302 1663 vitio
1328 1606 1508 1663 bruta
1537 1607 1719 1663 etiam
1750 1606 2039 1665 animalia
2062 1623 2213 1681 prae-

552 1692 769 1748 curris.
806 1695 1020 1749 Venter
1042 1699 1299 1751 onustus
1320 1711 1444 1752 non
1475 1696 1675 1753 solum
1707 1696 1785 1752 ad
1810 1712 2081 1767 cursum,
2105 1697 2215 1754 sed

549 1780 814 1838 distento
844 1782 1125 1840 ciborum
1155 1786 1351 1858 copia,
1384 1801 1509 1843 non
1535 1786 1716 1844 datur
1739 1786 2071 1860 quiescere,
2103 1788 2210 1845 sed

550 1869 773 1927 laavum
803 1870 962 1928 latus
998 1877 1247 1931 vertere.

626 1962 684 2015 5.
732 1960 1038 2031 Jejunium
1086 1967 1283 2019 servat
1333 1964 1641 2036 parvulos,
1693 1965 1962 2022 sobrium
2013 1966 2212 2024 reddit

545 2048 858 2119 juvenem,
891 2051 1297 2109 venerabilem
1328 2053 1470 2110 facit
1517 2070 1764 2124 senem;
1808 2055 2212 2113 venerabilior

553 2136 718 2194 enim
743 2142 837 2194 est
855 2139 1106 2196 canities
1122 2141 1358 2213 jejunio
1377 2142 1681 2199 decorata.
1699 2144 2007 2216 Jejunium
2036 2144 2209 2200 femi-

551 2226 644 2281 nis
670 2231 922 2284 ornatus
942 2234 1035 2286 est
1055 2231 1664 2301 congruentissimus;
1688 2239 1861 2290 atate
1890 2248 1962 2290 ac
1990 2233 2209 2292 robore

548 2315 901 2386 vigentibus
924 2334 1038 2391 pro
1057 2319 1228 2376 freno
1249 2326 1339 2377 est
1361 2340 1374 2389 ;
1393 2322 1692 2393 jejunium
1714 2323 2085 2380 matrimonii
2109 2340 2211 2380 cu-

551 2403 750 2462 stodia
771 2410 883 2478 est,
910 2408 1264 2478 virginitatis
1282 2411 1585 2468 nutritius.
1599 2417 1792 2486 Atque
1807 2412 1939 2469 haec
1958 2413 2207 2486 quidem

551 2495 879 2552 commoda
928 2496 1103 2554 affert
1136 2498 1419 2571 privatim
1464 2501 1789 2572 jejunium,
1836 2502 1899 2557 in
1956 2502 2207 2574 singulis

550 2582 804 2652 sedibus,
836 2585 899 2641 in
953 2587 1176 2660 quibus
1226 2590 1459 2647 colitur.
1493 2595 1565 2647 At
1611 2591 1852 2664 publice
1890 2593 2207 2665 quomodo

548 2671 739 2729 vitam
767 2679 1041 2732 nostram
1074 2676 1422 2747 gubernat?
1456 2682 1663 2737 Totam
1711 2681 2042 2750 confestim,
2071 2682 2209 2739 civi-

552 2763 758 2831 tatem,
774 2766 1092 2837 totumque
1107 2767 1403 2839 populum
1434 2768 1512 2824 ad
1534 2768 2022 2842 tranquillitatem
2046 2786 2209 2827 com-

548 2850 742 2922 ponit,
772 2854 1051 2926 consopit
1079 2855 1394 2924 clamores,
1426 2857 1699 2915 eliminat
1733 2859 1885 2927 lites,
1918 2859 2208 2916 conviciis

547 2937 805 3011 imponit
829 2941 1151 3002 silentium.
1166 2945 1349 3017 Cujus
1366 2947 1643 3018 magistri
1658 2949 1980 3022 praesentia
1996 2964 2210 3022 puero-

546 3043 685 3084 rum
729 3031 1010 3103 strepitus
1047 3038 1170 3089 tam
1220 3034 1419 3091 subito
1446 3036 1795 3109 compescit,
1821 3053 2011 3110 quam
2050 3038 2209 3110 jeju-

545 3117 718 3174 nium
756 3119 1042 3178 oboriens
1080 3123 1337 3180 civitatis
1384 3125 1678 3183 tumultus
1729 3129 2012 3185 coercet?
2060 3127 2206 3194 Quis

548 3215 987 3267 commessator
1007 3212 1232 3283 prodiit
1249 3213 1308 3268 in
1327 3213 1596 3284 jejunio?
1616 3217 1755 3288 quis
1775 3231 2052 3289 unquam
2068 3216 2209 3274 eho-

545 3309 652 3351 rus
688 3296 1014 3355 lasciviens
1044 3315 1081 3356 a
1101 3301 1333 3371 jejunio
1363 3308 1606 3360 coactus
1639 3305 1765 3361 est?
1792 3305 1997 3361 Teneri
2026 3305 2205 3369 risus,

546 3385 900 3441 meretriciae
948 3388 1284 3457 cantilenae,
1331 3390 1564 3447 insanae
1612 3392 1961 3449 saltationes
2005 3394 2206 3452 subito

544 3472 869 3543 diffugiunt
886 3491 918 3531 e
940 3476 1196 3546 civitate,
1230 3494 1266 3534 a
1287 3479 1520 3550 jejunio
1547 3485 1839 3554 tanquam
1859 3482 1939 3539 ab
1959 3487 2205 3541 austero

545 3562 842 3633 quopiam
862 3564 1068 3634 judice
1098 3565 1160 3621 in
1192 3567 1471 3624 exsilium
1500 3573 1673 3626 actas.
1708 3570 1883 3636 Quod
1913 3571 1960 3628 si
1989 3588 2202 3629 omnes

533 3649 835 3723 jejunium
864 3652 945 3709 ad
965 3669 1060 3710 res
1080 3656 1380 3725 gerendas
1403 3658 1464 3713 in
1481 3659 1798 3716 consilium
1821 3660 2197 3730 adhiberent,

538 3739 693 3796 nihil
720 3740 993 3799 obstaret
1020 3746 1350 3817 quominus
1381 3762 1489 3820 per
1517 3748 1873 3805 universum
1897 3753 2198 3809 terrarum

537 3829 752 3886 orbem
777 3831 902 3887 alta
931 3848 1049 3905 pax
1079 3839 1257 3902 esset,
1290 3834 1565 3892 videlicet
1601 3853 1714 3893 nec
1743 3838 1875 3894 aliis
1917 3839 2200 3910 gentibus

491 3924 494 3927 ‘
537 3918 600 3974 in
621 3919 771 3975 alias
796 3920 1275 3991 insurgentibus,
1290 3940 1404 3980 nec
1426 3926 1788 3983 exercitibus
1804 3943 2025 3984 manus
2043 3929 2198 3987 inter

539 4022 603 4062 se
634 4009 1116 4067 conserentibus.
1146 4014 1226 4068 Ne
1257 4028 1431 4070 arma
1464 4015 1712 4087 quidem
1739 4016 2123 4088 cuderentur,
2146 4019 2197 4076 si

536 4095 835 4167 jejunium
863 4098 1114 4170 vigeret,
1144 4116 1260 4157 nec
1301 4102 1434 4159 fora
1466 4103 1783 4174 judicialia
1825 4111 2200 4164 exstrueren-

538 4189 652 4255 tur,
684 4201 883 4258 neque
914 4187 1243 4262 quisquam
1270 4190 1650 4249 habitaretin
1688 4193 1799 4268 14
1830 4196 2195 4257 carceribus.

537 4274 605 4329 In
650 4291 912 4340 summa,
946 4293 1059 4333 nec
1105 4280 1347 4337 deserta
1392 4281 1689 4340 haberent
1724 4284 2058 4355 maleficos,
2088 4304 2201 4346 nec

535 4362 805 4418 civitates
831 4366 1267 4438 sycophantas,
1301 4384 1411 4425 nec
1443 4386 1610 4426 mare
1633 4371 1881 4444 piratas.
1909 4374 1965 4430 Si
1986 4390 2200 4433 omnes

534 4457 741 4508 essent
786 4446 1006 4525 jejunii
1049 4455 1352 4530 discipuli,
1393 4475 1649 4531 prorsus
1695 4477 1822 4518 non
1868 4463 2197 4534 audiretur,

531 4544 598 4598 ut
638 4541 753 4598 Job
793 4544 957 4613 ait“,
988 4561 1104 4602 vox
1149 4549 1486 4617 exactoris;
1531 4566 1642 4606 nec
1688 4552 1815 4609 vita
1859 4559 2071 4611 nostra
2120 4560 2202 4612 tot

530 4632 830 4705 suspiriis,
854 4639 939 4691 tot
968 4638 1332 4694 mmroribus
1362 4644 1519 4697 esset
1543 4641 1800 4709 diﬂ'erta,
1827 4643 1877 4698 si
1896 4645 2198 4715 jejunium

526 4722 718 4779 vitam
761 4730 1034 4782 nostram
1081 4728 1446 4799 gubernare.
1496 4733 1846 4805 Perspicum
1897 4739 1990 4791 est
2035 4736 2198 4793 enim

528 4813 696 4884 quod
715 4830 1216 4890 unumquemque
1237 4818 1481 4877 doceret
1500 4837 1625 4877 non
1648 4826 1883 4879 tantum
1899 4822 1961 4880 in
1977 4824 2195 4882 eduliis

601 4922 649 4956 ⁸ο
682 4924 702 4978 ι
735 4923 874 4978 Cor.
916 4938 996 4995 v1,
1032 4925 1118 4980 10.
1199 4927 1241 4961 θ’
1269 4925 1382 4984 Job
1408 4944 1491 4998 Ill,
1524 4930 1608 4985 18.

601 5024 711 5113 (83?
781 5031 923 5100 Reg.
988 5031 1222 5103 primus
1291 5032 1517 5113 ἀγωνίας
1575 5042 1942 5113 προκειμένης·
2004 5055 2193 5113 quam

529 5098 1343 5175 scripturamsequeremur,
1372 5106 1486 5162 nisi
1519 5098 1662 5163 editi
1688 5113 1744 5164 et
1766 5098 1866 5165 alii
1889 5098 2043 5170 mss:
2075 5113 2194 5168 vul-

528 5174 734 5238 gatam
782 5170 1102 5251 lectionem
1155 5170 1481 5233 tuerentur.
1518 5179 1688 5234 Haud
1733 5179 1911 5251 longe
1954 5183 2095 5239 editi
2133 5190 2193 5241 et

528 5256 681 5321 9‘53.
750 5246 1083 5321 καταπιέζεις
1148 5256 1219 5317 τῷ
1286 5253 1443 5321 κόρῳ,
1514 5265 1636 5305 non
1689 5246 2067 5319 κατατῖιαίνεις,
2126 5262 2193 5312 ut

527 5311 881 5368 Tilmannus
930 5315 992 5370 in
1039 5333 1145 5373 ora
1190 5311 1709 5378 libri'a'dnotarat.
1742 5326 1856 5380 Nec
1887 5325 1969 5380 ita
1999 5311 2191 5384 multo

526 5385 996 5465 P°§t.!n§S-_F1u9
1031 5386 1317 5465 βρυλοῆέγη
1346 5394 1468 5465 γάρ·

597 5455 708 5540 (ὃς)
730 5457 994 5541 'Anti‘qui
1031 5455 1166 5541 'duo
1194 5455 1375 5541 'libri
1407 5455 1725 5541 {iolberlini
1777 5467 2186 5541 καταθλιϐομένη

525 5532 599 5596 τῷ
641 5527 821 5598 ἄχθει.
861 5527 1187 5602 Aliquanto
1242 5538 1380 5606 post
1419 5537 1559 5604 Reg.
1610 5536 1846 5612 primus
1898 5527 2191 5615 σεμνοποιεῐ

1936 320 1996 380 S.
2036 320 2289 379 BASlLll
2336 321 2556 378 MAGNI

3820 319 3921 379 192

2248 445 2296 500 Α
2324 452 2420 506 τῆς
2461 446 2626 518 μίθης
2670 447 2735 499 τὰ
2771 443 3009 516 λείψανα.
3059 444 3157 497 Ὧν
3202 439 3261 498 δί
3317 446 3347 503 ἠ
3374 442 3595 520 ἀπαρχὴ
3646 441 3918 519 ἀδόκιμος,

2323 539 2414 586 καὶ
2442 537 2500 587 τὸ
2531 541 2633 588 πᾶν
2666 533 2956 594 ἀπόϐλητον
3002 530 3266 592 δηλονότι.
3317 536 3552 588 Μέθυσοι
3583 542 3717 588 Θεοῦ
3757 533 3921 608 βασι-

2323 621 2462 675 λείαν
2507 623 2566 676 ού
2609 623 3117 697 κληρονομήσουσιν.
3151 627 3210 676 Εἰ
3267 625 3469 696 μεθύων
3500 626 3633 697 ἴρχη
3691 621 3774 677 ἐπὶ
3830 628 3921 684 την

2321 717 2585 779 νηστείαν,
2626 718 2678 766 τί
2723 733 2809 767 σοι
2854 716 2913 766 τὸ
2962 711 3174 786 ὄφελος;
3224 717 3284 766 Εἰ
3311 714 3414 787 γὰρ
3442 711 3700 766 ἀποκλείει
3745 732 3802 766 σε
3830 723 3923 775 τῆς

2325 800 2599 875 βασιλείας
2640 805 2671 863 ἠ
2711 804 2866 876 μέθη,
2912 810 3013 856 πού
3063 821 3148 855 σοι
3193 802 3371 855 λοιπόν
3413 807 3685 877 χρήσιμον
3732 807 3791 856 τό
3836 825 3923 863 νη-

2326 894 2560 958 στεύειν;
2594 892 2717 964 Ούχ
2770 893 2916 965 ὁρᾷς,
2966 896 3046 944 ὅτι
3092 895 3182 943 καὶ
3229 898 3329 943 τῶν
3377 894 3548 944 ἳππων
3577 895 3699 953 τοὺς
3729 891 3921 965 ἀγωνι-

2325 982 2453 1043 στὰς
2478 983 2527 1033 οἱ
2556 980 2920 1054 ἐμπειρότατοι
2965 976 3327 1053 πωλοδάμναι,
3358 988 3455 1043 τῆς
3502 979 3727 1052 ἀγωνίας
3763 1000 3924 1056 προσ-

2322 1065 2624 1143 δοκωμένης
2649 1069 2782 1140 (83),
2814 1066 2908 1123 διὰ
2945 1078 3041 1132 τῆς
3089 1065 3289 1131 ἐνδείας
3316 1070 3823 1144 προευτρεπίζονσι;
3856 1075 3922 1123 Σύ

2322 1153 2382 1211 δι
2429 1154 2719 1221 ἐξεὸίτηδες
2768 1162 2985 1212 σεαυτόν
3031 1158 3367 1220 καταπήξας
3412 1167 3484 1230 τῷ
3530 1163 3686 1232 κόρῳ⁸
3731 1167 3922 1212 τοσοῦ-

2319 1267 2406 1300 τον
2435 1255 2497 1320 τῇ
2547 1253 2950 1322 γαστριμαργίᾳ
2977 1251 3068 1299 καὶ
3108 1249 3177 1300 τὰ
3221 1246 3388 1319 ἄλογα
3432 1246 3786 1321 παρελαύνεις.
3831 1255 3925 1300 Βα-

2318 1341 2541 1412 ρουμίνη
2589 1340 2800 1411 γαστὴρ
2851 1336 2957 1409 ούχ
3004 1340 3144 1398 ὅπως
3191 1339 3322 1411 πρός
3370 1332 3586 1411 δρόμον,
3641 1335 3745 1388 ἀλλ’
3801 1333 3925 1392 οὐδὲ

2318 1430 2451 1501 πρὸς
2496 1430 2654 1479 ὕπνον
2698 1422 2991 1484 ἐπιτηδεία·
3045 1422 3205 1494 διότι,
3237 1424 3649 1499 καταθλιϐομένη
3694 1434 3767 1497 τῷ
3796 1426 3924 1485 πλή-

2322 1518 2396 1570 θει
2426 1515 2561 1586 (84),
2593 1512 2718 1569 ούδὶ
2765 1516 2971 1591 ἠρεμεῖν
3020 1524 3401 1589 συγχωρείται,
3444 1514 3547 1568 ἀλλ’
3573 1514 3926 1588 ἀναγκάζεται

2316 1606 2509 1668 πολλὰς
2537 1608 2804 1660 ποιεῖσθαι
2832 1608 2927 1668 τὰς
2954 1609 3307 1680 περιστροφὰς
3335 1605 3407 1680 ἐφ’
3435 1606 3672 1680 ἑκάτερα.

2242 1714 2318 1756 ne
2348 1701 2427 1754 ad
2457 1711 2743 1753 somnum
2772 1689 3021 1769 quidem
3050 1693 3488 1752 accommodus
3513 1699 3628 1764 est,
3655 1709 3727 1751 eo
3758 1695 3929 1769 quod

2238 1787 2474 1859 cogitur
2503 1785 2761 1843 subinde
2792 1789 2982 1843 semet
3023 1801 3186 1842 nunc
3222 1785 3286 1843 in
3324 1784 3627 1852 dextrum,
3654 1799 3819 1841 nunc
3861 1785 3926 1842 in

2240 1907 2281 1962 Β
2393 1970 2444 2022 5.
2486 1970 2723 2024 Νηστεία
2769 1963 3024 2037 φυλάσσει
3072 1969 3255 2032 νήπια,
3305 1966 3613 2039 σωφρονίζει
3658 1968 3746 2018 τὸν
3793 1969 3925 2033 νέον,

2321 2056 2504 2127 σεμνὸν
2550 2060 2687 2107 ποιεῖ
2732 2056 2820 2105 τόν
2867 2052 3184 2129 πρεσϐύτην·
3234 2049 3621 2127 αὶδεσιμωτέρα
3673 2056 3774 2128 γὰρ
3823 2072 3927 2106 πο-

2316 2142 2404 2196 λιὰ
2450 2149 2669 2216 νηστείᾳ
2713 2148 3100 2216 κεκοσμημένη.
3151 2143 3364 2207 Γυναιξὶ
3405 2147 3604 2216 κόσμος
3651 2139 3927 2217 ἁρμοδιώ-

2316 2252 2492 2300 τατος,
2547 2230 2886 2305 ἀκμαζόντων
2939 2230 3177 2303 χαλινὸς,
3240 2232 3501 2304 συζυγίας
3552 2231 3926 2307 φυλακτήριον,

2315 2324 2597 2395 παρθενίας
2644 2325 2851 2397 τροφός.
2903 2327 3157 2373 Τοιαῦται
3202 2324 3293 2394 μὶν
3341 2324 3398 2373 αἱ
3443 2320 3558 2373 καθ’
3586 2321 3805 2374 ἕκαστον
3853 2319 3930 2374 οἷ-

2315 2430 2404 2463 κον
2452 2411 2617 2472 αύτῆς
2660 2408 2965 2483 ἐπιμέλειαι.
3008 2415 3250 2483 Δημοσίᾳ
3292 2406 3352 2463 δι
3393 2418 3504 2471 πῶς
3532 2418 3604 2481 τῷ
3645 2408 3747 2483 βίῳ
3778 2412 3928 2483 ἡμῶν

2317 2497 2744 2572 ἱμπολιτεύεται;
2787 2503 2970 2551 Πᾶσαν
3015 2497 3217 2572 ἀθρόως
3258 2503 3353 2557 τὴν
3399 2498 3568 2565 πόλιν,
3619 2504 3709 2552 καὶ
3755 2501 3930 2552 πάντα

2315 2591 2404 2640 τὸν
2436 2584 2605 2661 δῆμον
2653 2587 2972 2662 μεθαρμόζει
3018 2589 3152 2660 πρὸς
3195 2587 3454 2654 εύταξίαν,
3486 2588 3717 2660 κοιμίζει
3754 2607 3927 2661 κραυ-

2315 2680 2436 2748 γὴν,
2469 2675 2690 2750 ἐξορίζει
2718 2678 2903 2748 μάχην
2935 2676 3068 2747 (85),
3112 2672 3379 2750 λοιδορίαν
3425 2676 3794 2749 κατασιγάζει.
3825 2681 3927 2729 Τί-

2315 2784 2401 2828 νος
2469 2761 2803 2827 διδασκάλου
2870 2769 3139 2838 παρουσία
3201 2761 3409 2819 παίδων
3476 2764 3693 2839 θόρυϐον
3759 2765 3928 2829 ούτως

2318 2853 2520 2928 ἀθρόως
2566 2856 2907 2922 καθίστησιν,
2957 2857 3026 2917 ὡς
3073 2856 3103 2913 ἡ
3155 2858 3373 2913 νηστεία
3418 2861 3782 2929 παραφανεῖσα
3827 2874 3928 2907 τα-

2316 2948 2495 3018 ραχὴν
2541 2944 2738 3007 πόλεως
2784 2942 3156 3010 καταστίλλει;
3207 2951 3362 3005 Ιιοῖος
3408 2949 3695 3017 κωμαστὴς
3748 2942 3797 2996 ἐν
3834 2965 3929 3003 νη-

2321 3037 2470 3105 στείᾳ
2514 3031 2780 3107 προῆλθε;
2838 3038 2988 3094 ποῖος
3029 3035 3199 3107 χορὸς
3243 3030 3470 3104 ἀσελγὴς
3521 3030 3622 3085 ἀπὸ
3678 3038 3928 3095 νηστείας

2318 3125 2545 3179 συνίστη
2573 3138 2586 3189 ;
2614 3120 2830 3175 Ἀπαλοὶ
2870 3121 3106 3192 γέλωτες,
3158 3126 3249 3173 καὶ
3295 3122 3513 3194 ᾄσματα
3557 3125 3800 3197 πορνικὰ,
3832 3128 3928 3176 καὶ

2317 3210 2575 3284 ὀρχήσεις
2622 3209 2857 3283 ἐκμανεῖς
2905 3208 3150 3273 ἐξαπίνης
3204 3219 3300 3272 τῆς
3354 3210 3549 3271 πόλεως
3601 3210 3927 3286 ύπεξέρχον-

2314 3318 2403 3351 ται
2450 3300 2588 3371 (86),
2638 3302 2813 3372 ὥσπερ
2868 3300 2969 3351 ὑπὸ
3020 3295 3282 3352 δικαστοῦ
3329 3317 3469 3361 τινος
3516 3299 3786 3373 αὐστηροῦ
3825 3309 3928 3363 τῆς

2313 3393 2560 3451 νηστείας
2589 3385 3020 3462 φυγαδευθείσαι.
3070 3387 3131 3441 Εἰ
3178 3384 3239 3442 δι
3284 3389 3470 3449 πάντες
3518 3388 3681 3446 αὐτὴν
3712 3388 3783 3451 εἰς
3823 3394 3925 3448 τήν

2312 3481 2439 3554 ύπίρ
2498 3487 2598 3531 τῶν
2646 3481 2913 3551 πρακτέων
2956 3475 3247 3550 σύμϐουλον
3302 3477 3714 3551 παρελάμϐανον,
3767 3475 3925 3532 όύδὶν

2312 3566 2500 3620 ἐκώλυε
2530 3566 2748 3640 βαθεῖαν
2779 3566 2986 3643 εἰρήνην
3031 3568 3160 3619 εἶναι
3205 3569 3342 3619 κατὰ
3382 3573 3557 3620 πᾶσαν
3599 3572 3694 3626 τὴν
3741 3568 3926 3620 οἰκου-

2311 3660 2487 3730 μένην·
2544 3661 2677 3729 μήτε
2737 3654 2891 3709 ἐθνῶν
2959 3654 3377 3728 ἐπανισταμένων
3447 3654 3726 3724 ἀλληλοις,
3791 3662 3931 3730 μήτε

2313 3741 2682 3819 στρατοπέδων
2767 3744 3221 3819 συρρηγνυμένων.
3298 3743 3410 3797 Ούκ
3484 3743 3545 3796 ἆν
3613 3743 3929 3817 ἐχαλκεύετο

2311 3833 2462 3900 ὅπλα,
2494 3837 2739 3894 νηστείας
2781 3836 3101 3907 κρατούσης,
3153 3829 3267 3887 οὐδ’
3304 3832 3365 3886 ἂν
3415 3830 3745 3910 δικαστήρια
3793 3854 3929 3888 συν-

2310 3929 2586 3998 εκροτεῖτο,
2638 3918 2753 3974 οὐδ’
2794 3921 2855 3973 ἂν
2899 3925 3065 3974 ὤκουν
3112 3926 3247 3985 τινες
3288 3925 3356 3975 τὰ
3403 3919 3765 3999 δεσμωτήρια,
3809 3922 3933 3978 οὐδ’

2309 4010 2371 4064 ἂν
2418 4010 2547 4073 ὅλως
2591 4008 2736 4084 εἶχον
2785 4015 2841 4063 αί
2884 4009 3097 4085 ἐρημίαι
3140 4015 3262 4073 τοὺς
3307 4020 3749 4087 κακουργοῦντας,
3791 4014 3821 4073 ἦ
3866 4016 3931 4067 αἱ

2306 4100 2481 4163 πόλεις
2529 4103 2652 4161 τοὺς
2710 4100 3039 4171 συκοφάντας
3071 4141 3085 4166 ,
3144 4101 3175 4160 ἣ
3235 4104 3359 4163 τοὺς
3414 4104 3837 4165 καταποντιστὰς
3890 4107 3924 4163 ἡ

2311 4189 2572 4243 θάλασσα.
2606 4188 2667 4241 Εἰ
2694 4190 2883 4249 πάντες
2912 4186 3047 4246 ἦσαν
3092 4190 3328 4262 μαθηταὶ
3370 4199 3467 4252 τῆς
3511 4196 3774 4257 νηστείας,
3806 4190 3932 4245 οὐδ’

2310 4278 2370 4331 ἃν
2419 4278 2657 4337 ἠκούσθη
2704 4276 2851 4344 ὅλως,
2905 4296 3043 4330 κατα
3092 4282 3180 4330 τὸν
3236 4286 3329 4330 τοῦ
3380 4276 3497 4332 Ἰὼϐ
3548 4278 3718 4351 λόγον,
3775 4287 3923 4353 φωνὴ

2311 4366 2614 4442 φορολόγου,
2660 4362 2774 4419 οὐδ’
2799 4365 2859 4418 ἆν
2888 4370 3072 4437 ῑοῦτως
3119 4363 3180 4426 ἦν
3212 4368 3320 4438 (87)
3353 4369 3379 4419 ὁ
3410 4365 3530 4441 βίος
3576 4371 3721 4442 ἡμῶν
3751 4369 3927 4421 πολυ-

2313 4462 2590 4518 στένακτος
2653 4461 2744 4509 καὶ
2800 4461 3086 4528 κατηφείας
3150 4456 3374 4530 πλήρης,
3444 4457 3488 4510 εἰ
3551 4464 3768 4517 νηστεία
3826 4463 3926 4511 τὸν

2313 4545 2431 4620 βίον
2481 4549 2626 4619 ημῶν
2676 4544 3002 4620 ἐπρυτάνευε.
3055 4545 3214 4605 Δῆλον
3261 4548 3386 4621 γὰρ,
3436 4547 3517 4598 ὅτι
3565 4544 3803 4611 ἐδίδαξεν
3852 4548 3924 4601 ἆν

2231 4612 2273 4666 D
2310 4637 2509 4699 πάντας
2551 4635 2679 4708 οὐχὶ
2731 4633 3024 4707 βρωμάτων
3072 4640 3225 4708 μόνον
3270 4632 3592 4709 ἐγκράτειαν,
3646 4636 3773 4689 ἀλλά
3823 4645 3925 4692 καὶ

2310 4724 2676 4801 φιλαργυρίας,
2723 4726 2813 4775 καὶ
2855 4722 3168 4791 πλεονεξίας,
3215 4729 3304 4776 καὶ
3347 4726 3526 4786 πάσης
3567 4732 3757 4788 κακίας
3788 4747 3926 4779 παν-

2305 4813 2419 4877 τελῆ
2455 4819 2623 4888 φυγὴν
2665 4818 2757 4867 καὶ
2797 4809 3155 4887 ἀλλοτρίωσιν.
3188 4814 3285 4867 Ὧν
3333 4810 3710 4887 ἐξαιρεθέντων,
3762 4812 3922 4892 οὐδὲν

2303 5030 2390 5081 τὸν
2420 5026 2739 5102 πρεσϐύτην·
2771 5022 3165 5102 αἰδεσιμωτάτη
3193 5030 3313 5102 γάρ.

2377 5097 2494 5173 (85)
2522 5097 3006 5173 ⁸Εᾱὶιὶίἐξομιαλίζει
3034 5097 3561 5173 μάχηνςΛί-Βθκὶἱ
3602 5105 3721 5159 tres
3763 5119 3922 5163 mss.

2303 5170 2641 5253 et.totidcm
2676 5170 2999 5227 Colbcrtini
3036 5170 3297 5228 et'Coisl.
3332 5171 3571 5248 ἐξορίζει,
3600 5174 3793 5231 multo
3825 5191 3926 5231 re-

2303 5248 2486 5437 Οίϊὲῗῖ.)
2525 5312 2693 5369 Colb.
2721 5312 2954 5386 primus
2986 5313 3180 5377 πόλεως
3206 5313 3529 5401 ἐξέρχονται.

2392 5388 2477 5437 87)
2545 5384 2745 5437 Codex
2810 5384 3084 5437 Combef-
3160 5390 3248 5437 τὸν
3330 5387 3431 5437 nec
3495 5388 3529 5437 ‘1.

2392 5388 2477 5465 87)
2545 5384 2745 5441 Codex
2810 5384 3084 5445 Combef.
3160 5390 3248 5438 τὸν
3284 5384 3431 5441 ’Ἰὼϐ
3495 5388 3738 5465 λόγον....
3807 5388 3917 5445 οὐδ’

2302 5455 2362 5508 ἆν
2392 5457 2480 5514 ἦν.
