4124 6396
242 350 345 409 193
1493 341 1583 398 DE
1621 330 1905 395 JEJUNIO

1948 329 2248 392 HOMILIA
2289 333 2359 394 ll.
3510 341 3616 399 194

235 473 456 526 ἐκώλυεν
483 471 531 524 ἐν
562 471 733 544 εἰρήνῃ
769 467 960 542 βαθείᾳ
983 466 1090 538 (88)
1121 469 1212 518 καὶ
1232 464 1491 540 ἀταραξίᾳ
1517 464 1709 536 ψυχῶν
1749 465 1841 519 τὴν

1965 459 2662 531 ;emperantiam,verum
2688 457 2866 516 etiam
2897 459 2977 516 ab
3007 461 3260 518 avaritia
3286 467 3336 519 et
3359 465 3610 537 rapinis,

237 564 384 624 ζωὴν
414 565 553 634 ἡμᾶς
564 563 904 634 παραπέμειν.

1957 545 2218 618 denique
2247 547 2325 602 ab
2356 547 2520 602 omni
2552 545 2695 602 vitio
2745 562 2994 619 prorsus
3026 548 3352 605 abhorrere
3382 557 3439 607 et
3468 552 3610 608 alie-

236 669 392 708 num
421 667 568 707 esse.
603 648 833 715 Quibus
867 643 1209 717 exstirpatis
1233 643 1383 700 nihil
1411 646 1644 700 vetaret
1676 637 2006 715 quominus
2027 639 2084 692 et
2109 651 2218 691 nos
2249 635 2309 691 in
2339 635 2461 692 alla
2481 651 2632 708 pace
2677 636 3145 710 animorumque
3188 639 3612 711 tranquillitate

233 743 430 798 vitam
461 743 736 797 nostram
765 735 1336 793 transmitteremus.

318 839 369 889 6.
410 840 518 886 Νῦν
547 827 606 882 δε
635 835 683 881 oi
713 831 802 902 μὲν
833 831 927 885 τὴν
947 830 1190 884 νηστείαν
1250 823 1693 898 ἀποπεμπόμενοι,
1749 825 1844 879 την

238 929 442 1002 τρυφὴν
492 919 551 975 δὲ
598 923 667 983 ὡς
713 923 1080 993 μακαριότητα
1119 916 1240 991 βίον
1289 913 1718 990 μεταδιώκοντες,
1759 917 1846 965 τόν

240 1035 299 1068 τε
344 1013 501 1067 πολὺν
549 1009 734 1062 ἐκεῖνον
773 1017 871 1061 τῶν
914 1016 1084 1059 κακῶν
1136 1005 1291 1079 ἐσμὸν
1346 1005 1714 1077 ἐπεισήγαγον,
1757 1007 1847 1055 καὶ

240 1105 311 1156 τά
353 1103 542 1156 ἑαυτῶν
592 1095 1103 1174 προσ-διαφθείρουσι
1161 1103 1401 1169 σώματα.
1463 1097 1845 1168 Παρατήρησὸν

242 1213 337 1266 μοι
391 1201 490 1244 τῶν
539 1194 832 1263 προσώπων
880 1191 973 1245 τὴν
1015 1182 1292 1260 διαφορὰν,
1354 1193 1452 1237 τῶν
1509 1204 1564 1236 τε
1622 1186 1846 1257 σήμερον

246 1302 333 1335 σοι
384 1283 520 1333 κατὰ
561 1283 655 1336 τὴν
701 1277 920 1349 ἑσπέραν
965 1279 1331 1348 φανησομένων
1375 1279 1593 1327 καὶτῶν
1645 1275 1845 1346 αὔριον.

243 1378 471 1445 Σήμερον
516 1365 781 1434 οἰδοῦντα,
843 1365 1129 1439 ὑπέρυθρα,
1180 1361 1366 1437 ἱδρῶτι
1428 1363 1596 1435 λεπτῷ
1648 1362 1848 1422 νοτιζὸ-

243 1482 391 1536 μενα,
453 1457 706 1532 ὀφθαλμοὶ
755 1452 985 1526 ὃίυγροι,
1037 1460 1326 1526 προπετεῖς,
1379 1457 1437 1505 τὸ
1493 1451 1700 1526 ἀκριϐὲς
1753 1459 1862 1513 τῆς-

243 1552 544 1610 αἰσθησεως
587 1547 641 1600 ἐκ
690 1555 750 1606 τῆ
763 1565 783 1606 ς
815 1540 1018 1597 ἔνδοθεν
1051 1541 1249 1615 ἀχλύος
1280 1541 1602 1617 ἀφῃρημένοι
1627 1563 1638 1575 ·
1669 1546 1847 1614 αὔριον

245 1637 308 1693 δὲ
357 1637 763 1710 κατεσταλμένα,
799 1636 978 1707 σεμνὰ,
1030 1636 1122 1691 τὴν
1181 1631 1236 1683 ἐκ
1288 1641 1383 1692 τῆς
1432 1633 1848 1705 φύσεο›ς.χρόαν

243 1727 572 1783 ἀπολαϐόντα
626 1724 761 1796 (89),
821 1727 1060 1783 συννοίας
1115 1726 1338 1794 γέμοντα
1387 1725 1477 1773 καὶ
1534 1723 1712 1782 πάσης
1774 1719 1850 1772 αἰ-

242 1823 484 1880 σθήσεως
530 1814 799 1892 ἀκριϐοῦς,
853 1809 1104 1884 οὐδεμιᾶς
1143 1807 1346 1863 ἔνδοθεν
1393 1811 1564 1873 αἰτίας
1611 1818 1727 1871 ταῖς
1759 1831 1850 1883 φυ-

241 1917 420 1971 σικαῖς
464 1906 737 1980 ἐνεργείαις
785 1901 1190 1963 ἐπισκοτούσης.
1244 1905 1481 1958 Νηστεία
1527 1903 1556 1958 ἡ
1609 1910 1708 1952 τῶν
1762 1899 1849 1972 ἁγ-

236 1999 400 2071 γέλων
454 1998 724 2069 ὁμοίωσις,
793 1993 823 2050 ἡ
894 1999 993 2042 τῶν
1048 1986 1266 2041 δικαίων
1319 1989 1631 2061 ὁμόσκηνος,
1687 1990 1713 2040 ὁ
1757 1996 1848 2042 τοῦ

241 2087 368 2162 βίον
451 2086 834 2158 σωφρονισμός.
898 2078 1040 2136 Αῦτη
1114 2080 1394 2150 νομοθέτην
1473 2077 1686 2136 ἐποίησε
1760 2083 1847 2131 τὸν
1881 2097 1920 2150 Β

240 2185 500 2235 Μωῦο-ῆν·
558 2177 798 2232 νηστείας
831 2169 942 2222 ἐστι
980 2171 1181 2242 καρπὸς
1209 2167 1468 2240 Σαμουὴλ.
1503 2171 1851 2226 Νηστεύουσοῑ

240 2264 582 2340 προσηύξατο
613 2271 685 2334 τῷ
712 2269 825 2332 Θεῷ
849 2259 871 2273 κ
893 2264 1030 2311 AW“
1053 2301 1064 2312 ·
1100 2254 1327 2309 Ἀδωναῖ
1358 2264 1534 2330 κυρεῖ,
1567 2256 1715 2309 Έλωῖ
1734 2258 1848 2329 (90)

240 2355 460 2408 Σαϐαὼθ
540 2352 622 2405 ἐὰν
705 2349 986 2403 ἐπιϐλέπων
1054 2345 1335 2418 ἐπιϐλέψης
1402 2345 1485 2398 ἐπὶ
1568 2351 1660 2406 τὴν
1729 2343 1851 2399 δού-

239 2445 338 2504 λην
397 2465 512 2511 σου,
563 2447 654 2494 καὶ
708 2437 815 2511 δῷς
861 2458 952 2512 μοι
1011 2440 1217 2510 σπέρμα
1273 2431 1482 2510 ἀνδρὸς,
1546 2432 1702 2488 δώσω
1761 2439 1851 2488 αῦ-

239 2538 333 2588 τὸν
390 2532 601 2586 ἐνώπιόν
663 2550 756 2583 σον
808 2525 982 2584 ὃοτόν.
1043 2523 1192 2578 Οἶνον
1250 2530 1340 2577 καὶ
1400 2544 1582 2598 σικερα
1648 2525 1706 2577 οὗ
1773 2531 1843 2598 μὴ

241 2629 360 2678 πίοι
390 2622 519 2693 ι91),
589 2621 684 2682 ἓως
740 2621 940 2691 ἡμέρας
1009 2617 1231 2669 θανάτου
1299 2614 1481 2668 αὑτοῦ.
1552 2615 1692 2673 Αὕτη
1761 2618 1846 2667 τὸν

240 2718 405 2785 μέγαν
464 2708 687 2782 Σαμψὼν
736 2705 1101 2770 ἐτιθηνήσατο,
1149 2708 1239 2754 καὶ
1283 2702 1375 2763 ἕως
1432 2703 1513 2754 ὅτε
1567 2711 1847 2775 συμπαρῆν

241 2811 318 2874 τῷ
369 2797 542 2874 ἀνδρὶ,
585 2800 721 2850 κατὰ
748 2796 960 2869 χιλίους
1001 2795 1213 2847 ἔπιπτον
1244 2794 1293 2844 οἱ
1317 2791 1574 2864 πολέμιοι,
1620 2797 1711 2843 καὶ
1752 2794 1849 2844 πύ-

238 2893 331 2945 λαι
361 2891 474 2963 (92)
522 2887 713 2941 πόλεων
759 2885 1072 2949 ἀνεσπῶντο,
1114 2881 1204 2934 καὶ
1259 2881 1454 2943 λέοντες
1502 2890 1602 2932 τῶν
1655 2889 1848 2956 χειρῶν

241 2985 338 3038 τὴν
391 2980 549 3052 ἰσχὺν
597 2977 704 3049 οὐχ
750 2977 1053 3048 ὑφίσταντο.
1102 2970 1224 3023 Ὀτε
1268 2967 1326 3022 δὲ
1377 2971 1506 3042 μέθη
1558 2969 1714 3022 αὐτὸν
1767 2973 1856 3022 καὶ

241 3077 455 3146 πορνεία
510 3067 818 3142 παρέλαϐον,
871 3065 1136 3136 ἁλώσιμος
1193 3059 1255 3121 ἧν
1318 3068 1430 3123 τοῖς
1479 3059 1712 3133 ἐχθροῖς,
1767 3065 1858 3113 καὶ

242 3170 346 3214 τὼν
413 3159 684 3234 ὀφθαλμῶν
737 3157 1025 3229 στερηθεὶς,
1111 3157 1342 3223 παίγνιον
1416 3154 1683 3224 προέκειτο
1747 3158 1858 3212 τοῖς

244 3247 555 3325 παιδαρίοις
615 3256 714 3300 τῶν
778 3243 1088 3317 ἀλλοφύλων.
1140 3243 1454 3301 Νηστεύσας
1520 3240 1632 3311 (93)
1680 3238 1857 3301 Ἠλίας

247 3339 518 3394 ἀπέκλεισε
562 3341 649 3390 τὸν
681 3336 895 3409 οὐρανὸν
926 3337 1050 3406 τρία
1093 3333 1180 3389 ἔτη
1209 3334 1298 3382 καὶ
1328 3338 1498 3402 μῆνας
1535 3328 1609 3391 ἓξ.
1641 3325 1852 3386 Ἐπειδὴ

244 3433 347 3504 γάρ
394 3426 498 3483 εἶδε
540 3427 730 3486 πολλὴν
762 3424 818 3477 ἐκ
865 3430 957 3476 τοῦ
1001 3426 1158 3494 κόρον
1189 3423 1495 3492 τικτομένην
1542 3422 1636 3476 τὴν
1684 3417 1853 3491 ὕϐριν,
1884 3447 1924 3503 C

247 3521 547 3593 ἀναγκαίως
577 3518 754 3578 αὐτοῖς
778 3519 872 3573 τὴν
913 3511 1159 3564 ἀκούσιον
1207 3507 1263 3560 ἐκ
1292 3516 1384 3560 τοῦ
1413 3507 1567 3580 λιμοῦ
1614 3512 1856 3565 νηστείαν

246 3611 476 3683 ἐπήγαγε
499 3651 512 3664 ,
549 3605 636 3662 δι’
662 3609 726 3670 ἧς
754 3609 883 3677 πρὸς
913 3606 970 3654 τὸ
1001 3603 1220 3674 ἄμετρον
1266 3595 1372 3657 ἤδη
1405 3602 1658 3670 χεομένην
1690 3597 1857 3649 αὐτῶν

244 3708 339 3760 νην
379 3701 639 3774 ἣμαρτίαν
688 3699 925 3760 ἔστησεν,
959 3692 1063 3744 οἷον
1113 3691 1340 3761 καυτῆρί
1385 3706 1486 3738 τινι
1526 3689 1556 3745 ἦ
1606 3694 1738 3759 τομῇ
1790 3694 1852 3758 τῇ

242 3770 465 3862 νηστείᾳ
488 3770 582 3848 τὴν
610 3786 680 3848 εἰς
710 3787 767 3837 τὸ
798 3783 946 3837 πλέον
977 3775 1204 3853 πρόοδον
1252 3783 1344 3829 τοῦ
1374 3782 1537 3829 κακοῦ
1570 3770 1852 3847 διακόψας.

320 4067 374 4119 7.
399 4060 623 4124 Δέξασθε
651 4053 834 4121 αὐτὴν,
868 4054 917 4105 ot
943 4053 1174 4116 πένητες,
1203 4049 1298 4106 τὴν
1321 4047 1558 4099 σύνοικον
1603 4043 1745 4118 ὑμῶν
1765 4047 1854 4096 καὶ

244 4150 627 4227 ὁμοτράπεζον.
661 4148 726 4198 Οἱ
758 4141 956 4211 δοῦλοι,
989 4144 1083 4198 τὴν
1129 4136 1422 4189 ἀνάπαυσιν
1472 4141 1573 4186 τῶν
1617 4141 1852 4205 συνεχῶν

243 4205 344 4304 της
382 4205 683 4313 ⁸ὑπηρεσίας
729 4235 994 4307 καμάτων.
1028 4229 1095 4280 Oi
1137 4226 1401 4291 πλούσιοι,
1436 4227 1530 4282 τὴν
1581 4223 1854 4298 ἰατρεῦου-

248 4353 348 4386 σαν
379 4310 514 4393 5,5,2;—
543 4336 638 4389 τῆς
663 4324 718 4377 ἐκ
763 4331 854 4376 τοῦ
901 4324 1057 4393 κόρον
1101 4314 1323 4389 βλάϐης,
1361 4318 1452 4365 καὶ
1495 4312 1557 4384 τῇ
1593 4310 1851 4384 μεταϐολῇ

244 4385 561 4475 τεοπνοτεοα
622 4422 876 4469 ποιοῦσαν
942 4411 1010 4460 τὰ
1068 4408 1168 4458 ὑπὸ
1221 4411 1317 4464 τῆς
1375 4403 1652 4462 συνηθείας
1697 4420 1857 4453 κατα·

307 4475 315 4492 l
493 4475 502 4492 I
1424 4491 1428 4492 ν

493 4475 502 4492 ³
1419 4491 1431 4504 ο
1510 4494 1520 4506 ι
1756 4494 1765 4506 ρ

247 4475 590 4586 φρονοῦμενα.
647 4505 712 4558 Οἱ
767 4501 1052 4577 ἄρρωστοι,
1111 4498 1206 4551 τὴν
1261 4499 1358 4552 τῆς
1409 4510 1583 4562 υγειας
1633 4509 1854 4562 μητερα.

247 4577 318 4654 δί
367 4577 705 4660 εὐεκτοῦντες,
757 4596 816 4645 τὸ
873 4598 970 4649 τῆς
1027 4584 1222 4646 εὐεξίας
1284 4581 1425 4652 ὑμῶν
1482 4577 1853 4654 φνλᾟτήρίθνο

243 4696 540 4755 “glaeba”,
592 4689 712 4744 τοὺς
763 4680 990 4755 ἰατροὺς,
1041 4677 1131 4726 καὶ
1188 4667 1529 4742 ἀναγγελοῦσι
1602 4683 1706 4735 σοι,
1778 4668 1859 4720 ότι

246 4746 642 4853 σξαλερώτατόν
691 4771 804 4824 ἐστι
855 4768 1058 4821 πάντων
1103 4762 1132 4820 ἡ
1187 4757 1261 4812 ἐπ’
1299 4759 1457 4830 ἄκρον
1508 4755 1697 4818 εὐεξία.
1733 4758 1854 4808 Διό-

242 4831 342 4925 πίο
498 4867 742 4922 νηστείας
783 4860 1066 4931 ὑφαιροῦσι
1096 4853 1154 4902 τὸ
1193 4846 1471 4906 πλεονάζον
1519 4846 1568 4896 οἱ
1607 4843 1852 4917 ἐμπειρό-

243 4925 417 5027 ταὶτοι,
472 4960 540 5018 ὡς
597 4957 667 5028 μὴ
723 4950 875 5024 βάρει
930 4955 1024 5006 τῆς
1081 4940 1440 5012 πολυσαρκίας
1507 4934 1852 4994 ὑποκλασοῆ-

240 5071 330 5103 να,
531 5019 775 5116 δύξδαμιν,
820 5029 1150 5100 Ἐξεπίτηδες
1198 5031 1296 5102 γὰρ
1355 5022 1450 5079 διὰ
1500 5032 1602 5086 τῶς
1654 5019 1855 5086 ἐνδείας

321 5177 367 5212 ⁸³
409 5178 429 5230 l
463 5176 604 5243 Reg.
635 5186 673 5238 ι,
710 5172 792 5224 tt.

319 5305 433 5374 (88)
462 5296 629 5369 Regii
654 5294 777 5351 duo
804 5288 1049 5374 codiees‘
1071 5280 1285 5372 ἐκώλυεν
1317 5277 1364 5365 ἐν

243 5345 629 5440 ιιᾶἷιέἰόἷιῖςὲ
654 5345 798 5423 eam
825 5365 918 5440 τὴν
951 5359 1086 5440 ζωὴν
1109 5359 1199 5406 καὶ
1230 5345 1652 5424 ἡμᾶς.’νοοίι]ει
1673 5350 1763 5397 καὶ
1783 5345 1848 5401 in

240 5430 467 5504 nostris
497 5430 643 5498 mss.
673 5451 797 5511 non
828 5430 1151 5511 invenitur.
1207 5499 1216 5511 ο
1321 5493 1333 5505 ,
1409 5492 1428 5511 λ
1479 5489 1529 5511 β’

867 5501 1100 5588 Regius
1305 5489 1652 5588 ,εἶιναλαϐονζτίαΣ

322 5557 436 5658 i363
465 5557 623 5642 ἓδῦῖ
644 5557 876 5658 εἴ
901 5557 1343 5658 saeuitia)?-
1391 5557 1848 5658 etiam}?

242 5629 982 5732 legal/1:13;;ilexwediti
1004 5641 1159 5698 δώσω
1189 5640 1335 5694 αὐτὸ.
1378 5629 1622 5707 Antiqui
1642 5646 1748 5688 sex
1770 5629 1845 5688 li-

871 5164 919 5200 6³
956 5158 1152 5218 Judic.
1183 5169 1302 5223 xm,
1337 5155 1423 5210 14.

1502 5151 1549 5186 5‘
1587 5147 1781 5205 Judic.
1810 5163 1914 5222 xv,
1949 5151 2053 5218 l6;
2081 5164 2196 5216 xw,
2230 5151 2300 5218 3;
2332 5163 2450 5214 XIV,
2487 5151 2537 5203 6.

2027 819 2078 871 6.
2112 817 2278 870 Nunc
2310 831 2450 871 vero
2475 813 2581 888 qui
2611 819 2676 871 ut
2699 813 3002 886 jejunium
3031 816 3330 888 rejiciunt,
3359 819 3443 876 ita
3472 819 3617 877 deli-

1959 903 2082 959 cias
2107 909 2405 977 tanquam
2444 904 2505 960 in
2551 903 2642 960 his
2692 904 2805 960 sita
2835 905 2908 960 sit
2938 905 3072 961 vitae
3111 907 3383 976 felicitas,
3433 926 3614 983 expe-

1954 998 2105 1060 tunt,
2140 1010 2264 1049 non
2295 998 2528 1050 tantum
2551 994 2854 1050 infinitum
2886 994 3034 1050 illud
3057 996 3335 1054 vitiorum
3359 1015 3615 1057 examen

1954 1082 2345 1150 induxerunt,
2381 1099 2586 1138 verum
2616 1088 2672 1138 et
2713 1099 2825 1140 sua
2870 1083 3145 1157 ipsorum
3183 1102 3442 1160 corpora
3489 1106 3617 1146 cor-

1953 1176 2270 1244 rumpunt.
2304 1171 2572 1229 Observa
2602 1172 2751 1228 mihi
2792 1173 3066 1230 vultuum
3105 1175 3451 1247 discrimen,
3484 1183 3616 1236 tum

1956 1276 2166 1316 eorum
2183 1261 2290 1333 qui
2310 1261 2489 1317 hodie
2512 1261 2627 1317 sub
2649 1279 2966 1336 vesperam
2989 1266 3454 1340 conspiciemur,
3483 1274 3615 1325 tum

1956 1364 2168 1405 eorum
2197 1351 2303 1422 qui
2332 1367 2464 1407 cras
2486 1351 2892 1424 apparebunt.
2918 1353 3103 1409 llodie
3126 1359 3377 1424 tument,
3396 1359 3617 1416 rubore

1958 1439 2192 1506 suffusi,
2240 1440 2464 1496 sudore
2509 1441 2673 1497 tenui
2719 1447 3017 1511 rorantes,
3067 1444 3226 1500 oculi
3271 1446 3612 1517 humentes,

1957 1543 2268 1600 procaces,
2299 1534 2478 1602 atque
2510 1529 2590 1585 ob
2609 1529 2907 1586 internam
2922 1531 3242 1602 caliginem
3258 1540 3468 1592 exacta
3485 1553 3616 1594 cer-

1958 1617 2144 1672 nendi
2167 1617 2450 1674 facultate
2477 1619 2724 1690 privati;
2767 1620 3029 1676 crastino
3068 1638 3211 1678 vero
3241 1623 3339 1680 die
3378 1625 3617 1683 videbis

1959 1706 2207 1762 eosdem
2229 1708 2430 1762 vultus
2453 1709 2842 1781 compositos,
2872 1726 3102 1780 graves,
3131 1713 3330 1769 colore
3356 1717 3619 1773 naturali

1958 1800 2220 1868 recepto,
2266 1801 2390 1852 toto
2429 1796 2642 1853 habitu
2673 1804 3034 1870 praesentem
3061 1801 3334 1858 animum
3372 1821 3496 1877 prae
3552 1823 3617 1863 se

1961 1884 2237 1952 ferentes,
2280 1885 2566 1941 omnibus
2599 1887 2880 1944 sensibus
2921 1888 3192 1959 integris.
3224 1896 3429 1964 utpote
3459 1911 3616 1966 quo-

1959 1988 2098 2028 rum
2127 1973 2508 2029 naturalibus
2537 1975 2882 2031 actionibus
2913 1977 3083 2033 nulla
3122 1978 3285 2035 intus
3315 1997 3502 2040 causa
3527 1989 3615 2040 tc-

1959 2062 2182 2119 nebras
2213 2062 2493 2120 offundit.
2513 2065 2815 2136 Jejunium
2838 2066 3165 2123 similitudo
3190 2073 3280 2125 est
3299 2071 3616 2130 hominum

1959 2168 2098 2208 cum
2129 2151 2380 2222 angelis,
2406 2154 2710 2225 justorum
2741 2157 3213 2228 contubernalis,
3243 2162 3371 2218 vitae
3399 2165 3616 2221 mode-

1957 2242 2128 2300 ratio.
2149 2245 2254 2298 Per
2269 2243 2571 2314 jejunium
2595 2247 2822 2317 Moyses
2844 2246 3037 2303 factus
3057 2255 3147 2305 est
3166 2249 3472 2321 legislator
3500 2255 3617 2326 :je-

1953 2331 2356 2402 juniifructus
2375 2338 2462 2390 est
2485 2333 2746 2391 Samuel.
2769 2336 3058 2407 Jejunans
3089 2341 3264 2396 Anna
3291 2344 3479 2399 Deum
3517 2345 3616 2401 de-

1957 2426 2204 2493 precata
2233 2427 2351 2478 est:
2385 2424 2628 2480 Adonai
2647 2426 2914 2493 Domine,
2936 2428 3078 2485 Eloi
3099 2430 3390 2503 Sabaoth,
3419 2436 3472 2490 si
3491 2452 3620 2493 res-

1953 2511 2182 2580 piciens
2224 2515 2560 2582 respexeris
2590 2515 2672 2570 ad
2719 2517 3013 2574 ancillam
3044 2525 3233 2588 luam,
3266 2523 3618 2598 dederisque

1959 2601 2112 2657 mihi
2130 2617 2324 2658 semen
2358 2604 2497 2672 viri,
2534 2604 2690 2660 dabo
2720 2606 2881 2661 illud
2918 2607 2981 2662 in
3020 2619 3339 2679 conspectu
3387 2619 3489 2670 tuo
3517 2615 3617 2671 do-

1961 2693 2187 2748 num“.
2223 2694 2435 2749 Vinum
2458 2699 2511 2750 et
2533 2694 2786 2752 siceram
2807 2713 2929 2753 non
2953 2699 3124 2771 bibet,
3150 2717 3336 2774 usque
3353 2705 3436 2760 ad
3462 2707 3616 2764 diem

1959 2779 2153 2836 obitus
2175 2783 2348 2838 sui”.
2375 2782 2679 2854 Jejunium
2709 2801 3001 2855 magnum
3040 2788 3209 2846 illum
3260 2794 3617 2852 Samsonem

1961 2869 2264 2940 educavit,
2331 2870 2516 2943 idque
2568 2874 2844 2944 quandiu
2893 2875 3023 2932 viro
3069 2877 3262 2948 affuit,
3315 2881 3622 2941 cadebant

1961 2957 2168 3014 hostes
2195 2959 2381 3026 mille,
2413 2960 2656 3016 urbium
2704 2969 2893 3034 portae
2940 2966 3372 3040 evellebantur,
3415 2971 3622 3030 leones

1962 3047 2150 3103 robur
2174 3065 2472 3105 manuum
2499 3050 2659 3106 illius
2690 3068 2816 3108 non
2839 3055 3308 3114 sustinebant“.
3339 3065 3412 3118 At
3437 3063 3621 3120 simul

1963 3143 2146 3209 atque
2175 3138 2434 3196 ebrietas
2463 3156 2533 3196 ac
2563 3141 2842 3198 scortatio
2864 3145 3264 3216 apprehendit
3283 3148 3616 3221 hominem,

1964 3225 2135 3282 facile
2164 3227 2226 3282 in
2255 3244 2474 3284 manus
2499 3229 2764 3286 hostium
2799 3230 3028 3303 incidit,
3060 3239 3243 3308 atque
3273 3239 3620 3298 exoculatus

1962 3330 2074 3387 pro
2102 3316 2248 3373 ludo
2276 3318 2585 3390 expositus
2613 3322 2923 3393 estpueris
2943 3323 3440 3396 alienigenarum.
3466 3330 3622 3388 Elias

1965 3421 2106 3460 cum
2150 3407 2487 3478 jejunasset
2541 3408 2757 3466 clausit
2811 3411 3033 3468 coelum
3114 3419 3232 3471 tres
3289 3433 3486 3476 annos
3549 3438 3620 3478 ac

1965 3511 2204 3552 menses
2235 3499 2420 3553 sex“.
2469 3499 2701 3556 Etenim
2738 3516 2882 3556 eum
2911 3503 3138 3562 videret
3163 3507 3420 3566 multam
3446 3513 3620 3570 nasci

1966 3601 1997 3641 e
2026 3586 2297 3642 satietate
2327 3587 2752 3662 petulantiam,
2782 3591 3108 3649 accedente
3150 3594 3312 3652 fame
3353 3599 3486 3656 illos
3522 3601 3620 3658 in-

1963 3674 2120 3732 vitos
2146 3675 2342 3745 coegit
2363 3677 2672 3748 jejunare;
2728 3695 2920 3753 eoque
2946 3688 3198 3754 peccata
3226 3685 3468 3745 illorum
3490 3691 3621 3760 jam

1962 3763 2025 3820 in
2053 3764 2422 3822 immensum
2443 3768 2821 3826 excurrentia
2858 3769 3145 3836 cohibuit,
3197 3775 3346 3831 dum
3387 3777 3621 3849 jejunio

1963 3853 2128 3912 velut
2151 3855 2387 3912 ustione
2408 3861 2512 3913 aut
2543 3857 2808 3915 sectione
2833 3860 3126 3935 quadam,
3155 3865 3452 3936 majorem
3476 3868 3622 3925 mali

1960 3960 2354 4018 progressum
2391 3945 2733 4020 interrupit.

2033 4039 2093 4092 7.
2132 4036 2399 4108 Excipite
2424 4037 2560 4110 hoc,
2594 4054 2921 4112 pauperes,
2952 4043 3388 4104 contubernale
3425 4048 3620 4121 vobis,

1962 4139 2034 4182 ac
2053 4140 2284 4181 mensae
2307 4125 2558 4183 socium.
2583 4128 2868 4202 Excipite,
2892 4131 3170 4199 servi,uti
3188 4134 3623 4196 relaxationem

1963 4215 2316 4288 aperpetuis
2330 4215 2553 4273 servitii
2565 4215 2878 4275 laboribus
2889 4261 2905 4277 .
2919 4221 3204 4294 Excipite,
3214 4224 3274 4280 di
3282 4225 3625 4301 vites,quod

1963 4319 2138 4361 noxae
2160 4320 2197 4361 a
2223 4305 2370 4361 luxu
2400 4305 2571 4363 vobis
2592 4307 2772 4365 illatae
2797 4309 3433 4388 medeatur,quodque
3454 4318 3627 4374 vicis-

1965 4393 2227 4451 situdine
2253 4401 2310 4452 et
2355 4396 2620 4454 novitate
2661 4398 2836 4454 vobis
2879 4399 3250 4471 jucundiora
3292 4406 3507 4464 reddat
3552 4425 3625 4466 ea

1965 4499 2103 4556 quae
2126 4501 2290 4541 nunc
2319 4485 2398 4542 ob
2424 4487 2881 4544 assuetudinem
2901 4489 3312 4548 fastidiuntur.
3337 4497 3622 4568 Excipite,

1966 4575 2126 4632 male
2153 4574 2443 4644 valentes,
2488 4577 2764 4634 sanitatis
2793 4583 3074 4635 matrem.
3117 4581 3229 4646 Qui
3270 4582 3438 4640 bona
3481 4588 3624 4643 estis

1966 4664 2343 4736 habitudine,
2372 4665 2627 4738 excipite
2656 4666 2831 4722 bonae
2854 4671 3069 4724 vestrae
3097 4668 3473 4729 habitudinis
3515 4692 3624 4732 cu-

1971 4754 2231 4810 stodem.
2261 4757 2567 4825 Interroga
2585 4755 2881 4828 medicos,
2903 4773 2972 4812 ac
2994 4751 3469 4818 dicenttibinihil
3489 4781 3624 4820 esse

1967 4843 2367 4916 periculosius
2413 4843 2770 4901 habitudine
2809 4846 3084 4919 corporis
3127 4853 3393 4906 extreme
3444 4851 3621 4910 bona.

1967 4933 2345 5006 Quapropter
2368 4932 2474 5005 qui
2522 4928 2870 5006 peritissimi
2913 4939 3053 4993 sunt
3101 4937 3267 5006 artis,
3314 4955 3421 5012 per
3462 4941 3624 5012 jeju-

1963 5022 3344 5104 niumldetrahuntredundantia,nevisnatura:
3357 5032 3626 5104 pondere

2617 5150 2664 5185 ⁵⁵
2708 5153 2776 5206 ιιι
2809 5153 2951 5222 Reg.
2984 5167 3118 5222 xvn,
3159 5158 3207 5209 t.

1953 5271 2050 5329 bri
2069 5271 2243 5327 αὐτόν.
2280 5273 2443 5340 Colb,
2479 5273 2684 5330 tertius
2716 5271 2874 5327 δώσω
2907 5295 2990 5329 σοι
3018 5278 3196 5332 αὐτὸν.

2001 5347 2135 5429 ‘(9t)
2171 5347 2309 5429 lleg.
2341 5345 2576 5417 primus
2607 5350 2790 5420 σίκερα
2819 5347 2877 5398 οὐ
2906 5353 3100 5403 πίεται.
3143 5349 3254 5405 Alii
3299 5350 3423 5409 duo
3475 5369 3621 5410 mss.

1957 5419 2016 5466 οὗ
2043 5420 2114 5487 μὴ
2143 5419 2257 5487 πίῃ.

2027 5477 2135 5558 (92)
2170 5477 2233 5541 In
2261 5485 2424 5542 Colb.
2455 5487 2623 5544 tertio
2643 5488 2860 5558 legitur
2882 5489 3038 5542 πύλαι
3064 5491 3274 5553 πόλεως.
3306 5494 3436 5549 Mox
3460 5495 3622 5550 idem

1956 5558 2149 5615 codex
2177 5562 2388 5630 πορνεία
2416 5560 2718 5630 παρέλαϐεν.

2174 5611 2333 5686 Urius
2364 5611 2556 5687 codex
2590 5611 2726 5702 [legi
2759 5634 3045 5690 νηστεύων.
