4124 6382
491 360 594 419 193

1866 343 1924 403 S.
1967 339 2213 400 BASILll
2253 344 2471 402 MAGNI

3752 355 3848 408 196

484 478 868 556 corpulentia:
894 477 1082 532 fracta
1109 471 1488 529 succumbat.
1521 474 1671 527 Nam
1697 468 1864 544 quod
1887 469 2138 525 nimium

2251 469 2551 533 καθελόντες
2599 491 2692 529 την
2736 471 3002 547 ἀμετριαν,
3059 472 3390 546 εὐρυχωρίαν
3443 475 3578 542 τινὰ,
3607 479 3696 526 καὶ
3724 473 3848 526 ἀνα-

485 578 594 642 est,
623 587 732 646 per
760 567 1028 625 inediam
1071 579 1140 619 ac
1170 562 1397 618 famem
1428 560 1706 616 consulto
1735 559 2139 624 detrahentes,

493 666 537 734 1
553 663 604 735 5
631 658 1030 733 capacitatem
1050 652 1410 726 quamdam,
1433 666 1503 707 ac
1525 650 1776 707 alteram
1799 648 2145 705 nutricatio-

485 769 646 819 nem,
682 748 1046 818 alteriusque
1077 741 1430 798 incrementi
1472 740 1838 813 principium
1875 737 2145 794 facultati

485 839 772 900 nutrienti
796 839 1103 911 praestant.
1133 833 1296 889 Adeo
1339 832 1506 888 omni
1536 832 1806 887 instituto
1853 829 2142 901 omnique

487 931 757 1005 corporis
773 923 1115 984 habitudini
1132 921 1345 994 jejunii
1366 921 1642 991 congruit
1673 920 1914 991 utilitas,
1948 935 2018 975 ac
2041 933 2144 990 pa-

483 1023 624 1079 riter
653 1019 860 1077 omnia
885 1015 1270 1080 condecorat,
1295 1013 1534 1077 domos,
1559 1011 1709 1078 fora,
1735 1016 1962 1077 noctes,
1985 1009 2140 1078 dies,

487 1111 776 1175 civitates,
811 1107 1068 1162 deserta.
1093 1102 1244 1157 Cum
1275 1101 1454 1172 igitur
1479 1105 1564 1156 tot
1593 1099 1791 1155 modis
1819 1114 1930 1153 sua
1968 1113 2141 1153 com-

487 1199 676 1256 moda
700 1192 1296 1266 nobisimpertiatur,
1321 1189 1587 1246 hilariter
1605 1188 1772 1254 illud,
1808 1188 1981 1259 juxta
2024 1186 2140 1242 Do-

485 1289 635 1348 mini
663 1290 1034 1361 preeceptum
1066 1283 1133 1348 ⁸⁵,
1172 1280 1571 1352 excipiamus,
1602 1294 1725 1334 non
1767 1278 1960 1333 tristes
1991 1275 2145 1331 sicut

483 1376 833 1452 hypocritae,
859 1372 965 1429 sed
985 1370 1202 1427 mentis
1223 1367 1582 1424 hilaritatem
1603 1368 1838 1440 absque
1861 1365 1996 1421 fuco
2016 1380 2141 1438 prae

485 1467 663 1525 nobis
684 1465 963 1521 ferentes.
985 1465 1343 1531 Quanquam
1367 1473 1491 1513 non
1513 1455 1771 1512 arbitror
1800 1460 1966 1512 tanto
1993 1453 2141 1509 mihi

481 1557 691 1614 labore
715 1569 870 1626 opus
897 1566 1052 1616 esse,
1103 1553 1169 1605 ut
1207 1563 1312 1604 vos
1361 1546 1441 1602 ad
1485 1546 1786 1617 jejunium
1839 1544 2136 1609 exhorter,

482 1651 714 1722 quanto
738 1649 803 1700 ut
831 1642 1112 1698 dehorter
1137 1654 1212 1695 ne
1237 1637 1372 1710 quis
1393 1635 1572 1692 hodie
1597 1635 1659 1690 in
1689 1635 1903 1690 vitium
1940 1633 2139 1689 ebrie-

480 1738 621 1794 tatis
651 1733 901 1791 incidat.
928 1732 1078 1787 Nam
1097 1727 1398 1801 jejunium
1419 1725 1667 1798 quidem
1681 1723 1971 1798 plerique,
1997 1738 2138 1795 par-

485 1827 591 1883 tim
616 1824 698 1882 ob
728 1818 1251 1883 consuetudinem,
1286 1816 1509 1888 partim
1548 1814 1630 1872 ob
1667 1814 1962 1888 pudorem
1989 1813 2142 1868 inter

481 1916 648 1990 ipsos
675 1917 974 1977 mutuum,
1003 1907 1358 1980 suscipiunt.
1380 1907 1597 1960 Verum
1619 1904 1696 1959 ab
1717 1902 2003 1960 ebrietate
2022 1917 2142 1957 me-

486 2009 611 2068 tuo,
641 2018 829 2077 quam
873 1997 1180 2063 vinolenti,
1224 2011 1346 2051 non
1387 1993 1558 2050 aliter
1596 2009 1785 2066 quam
1824 1997 2139 2066 paternam

483 2093 916 2157 haereditatem,
974 2087 1283 2144 mordicus
1334 2090 1557 2140 tenent.
1606 2082 2138 2149 Quemadmodum

485 2184 646 2240 enim
677 2181 782 2254 qui
809 2179 1207 2250 longinquam
1239 2173 1666 2248 perfectionem
1712 2173 2028 2237 adornant,
2057 2171 2139 2226 ita

482 2271 760 2330 nonnulli
785 2268 1072 2326 vecordes
1094 2265 1274 2323 hodie
1299 2264 1584 2320 adversus
1615 2263 1882 2336 quinque
1905 2261 2139 2318 dierum

479 2361 777 2436 jejunium
799 2360 941 2415 vino
963 2356 1298 2425 indulgent.
1319 2353 1459 2415 Quis
1482 2358 1571 2409 est
1593 2368 1784 2424 usque
1799 2351 1952 2407 adeo
1971 2366 2140 2406 vesa-

483 2455 693 2517 nus,ut
717 2449 1076 2522 priusquam
1097 2445 1301 2501 bibere
1331 2443 1602 2516 incipiat,
1637 2442 1938 2498 ebriorum
1971 2457 2138 2497 more

483 2540 732 2597 deliret?
753 2541 843 2593 An
866 2538 1111 2606 ignoras
1132 2533 1299 2607 quod
1320 2539 1529 2588 venter
1540 2547 1660 2586 non
1685 2535 1882 2586 servat
1899 2530 2135 2602 deposi-

482 2633 614 2685 tum
635 2629 663 2684 ‘I
689 2630 902 2683 Venter
929 2628 1016 2680 est
1046 2623 1312 2696 pessima
1332 2621 1450 2676 fide
1470 2620 1530 2696 in
1552 2619 1882 2675 conventis.
1914 2621 2139 2674 Penum

482 2714 999 2783 incustoditum,in
1013 2710 1182 2786 quod
1194 2727 1332 2766 cum
1347 2694 2138 2781 multareposuerismoxam

485 2808 732 2881 quidem
754 2804 987 2866 retinet,
1005 2807 1065 2858 at
1085 2817 1207 2857 non
1230 2806 1430 2856 servat
1447 2800 1740 2872 deposita.
1776 2799 1918 2854 Vide
1939 2814 2013 2854 ne
2037 2797 2139 2853 tibi

485 2911 749 2970 quoque,
773 2894 822 2949 si
843 2909 974 2949 cras
992 2890 1487 2965 postebrietatem
1514 2888 2141 2958 veneris,dicanturea

485 3003 621 3059 quae
654 2983 1015 3041 modolecta
1043 2985 1209 3036 sunt:
1261 2980 1400 3035 Non.
1431 2979 1594 3034 istud
1624 2981 1930 3049 jejunium
1965 2979 2137 3047 elegi,

485 3076 630 3132 dicit
653 3074 944 3130 Dominus
962 3073 1028 3126 σῖ.
1070 3069 1223 3135 Quid
1246 3068 1462 3124 misces
1489 3083 1560 3123 ea
1589 3083 1723 3140 qua:
1753 3066 1992 3122 misceri
2017 3081 2138 3122 non

484 3163 790 3238 possunt?
832 3160 1005 3228 Quod
1027 3158 1399 3216 consortium
1425 3157 1788 3214 temulentiaa
1815 3172 1954 3212 cum
1979 3155 2140 3228 jeju-

483 3254 586 3310 nio
609 3255 638 3310 ?
687 3268 826 3326 qua:
857 3250 1111 3306 societas
1147 3245 1492 3303 vinolentite
1539 3263 1679 3302 cum
1727 3243 2140 3302 abstinentia?

488 3343 628 3412 Quis
655 3355 974 3398 consensus
996 3338 1216 3408 templo
1237 3337 1342 3393 Dei
1365 3351 1497 3392 cum
1519 3336 1697 3392 idolis
1719 3335 1804 3390 ‘3?
1827 3334 2141 3407 Templum

485 3433 650 3489 enim
683 3430 784 3488 Dei
815 3433 973 3496 sunt,
1017 3428 1081 3484 in
1129 3425 1356 3499 quibus
1382 3424 1617 3482 habitat
1647 3425 1896 3498 Spiritus
1928 3423 2030 3480 Dei
2052 3426 2098 3459 δ’
2125 3439 2138 3478 :

484 3527 715 3587 contra,
769 3516 1060 3590 templum
1088 3514 1390 3572 idolorum
1421 3519 1583 3587 sunt,
1613 3514 1719 3588 qui
1765 3513 1992 3571 foedam
2023 3513 2140 3570 im-

484 3610 784 3685 pudicitiae
829 3607 1146 3665 colluviem
1190 3621 1298 3679 per
1363 3605 1714 3662 ebrietatem
1782 3604 2132 3662 admittunt.

485 3701 820 3759 Hodiernus
848 3698 980 3754 dies
1011 3694 1376 3753 vestibulum
1400 3698 1489 3752 est
1509 3694 1742 3767 jejunii.
1779 3695 1979 3766 Neque
2005 3710 2141 3751 vero

483 3791 588 3865 qui
625 3791 687 3846 in
733 3787 1042 3846 vestibulis
1088 3785 1465 3859 profanatur,
1521 3783 1743 3856 dignus
1791 3789 1879 3841 est
1919 3784 2024 3856 qui
2063 3783 2143 3842 ad

483 3883 693 3937 sancta
753 3877 1028 3934 introeat.
1071 3873 1278 3932 Nullus
1319 3872 1580 3930 famulus
1627 3871 1880 3945 cupiens
1928 3873 2141 3929 herum

486 3985 668 4024 suum
699 3967 955 4039 placare,
996 3965 1237 4021 hostem
1266 3961 1422 4018 illius
1468 3967 1794 4036 patronum
1823 3978 1894 4020 ac
1923 3979 2136 4019 recon-

485 4059 813 4116 ciliatorem
831 4053 1098 4112 adhibet.
1124 4052 1385 4110 Ebrietas
1407 4051 1720 4108 inimicitia
1731 4057 1820 4108 est
1837 4053 1894 4108 in
1915 4056 2097 4108 Deum
2124 4071 2138 4122 ;

477 4147 799 4220 jejunium,
832 4144 1196 4219 poenitentiae
1233 4142 1497 4199 initium.
1529 4143 1738 4216 Itaque
1765 4143 1814 4198 si
1837 4142 2008 4216 cupis
2035 4157 2144 4216 per

486 4235 931 4293 confessionem
962 4231 1178 4289 reverti
1224 4231 1303 4288 ad
1349 4233 1556 4304 Deum,
1604 4230 1794 4301 fugito
1842 4231 2140 4289 temulen-

483 4327 652 4396 tiam,
684 4341 761 4382 ne
782 4322 980 4393 magis
1010 4328 1066 4378 te
1097 4337 1134 4378 a
1166 4323 1285 4377 Deo
1318 4320 1554 4377 alienet.
1589 4323 1868 4379 Attamen
1899 4322 1976 4379 ad
2003 4322 2138 4394 hoc,

483 4423 549 4473 ut
572 4414 819 4473 laudem
847 4416 1266 4486 promereatur
1291 4409 1610 4482 jejunium,
1661 4425 1785 4466 non
1823 4417 1915 4469 est
1941 4428 2050 4485 per
2079 4428 2142 4469 se

486 4505 628 4563 satis
660 4504 961 4562 abstinere
1005 4519 1042 4560 a
1089 4501 1260 4570 cibis,
1318 4499 1426 4556 sed
1459 4501 1758 4572 jejunium
1791 4501 2142 4574 jejunemus

484 4593 876 4670 acceptabile,
901 4596 1029 4650 'Deo
1060 4596 1324 4664 gratum.
1355 4593 1574 4648 Verum
1610 4591 1913 4663 jejunium
1943 4599 2052 4661 est,
2105 4610 2142 4652 a

482 4686 641 4744 vitiis
661 4685 930 4743 alienum
959 4698 1112 4751 esse,
1145 4680 1514 4738 continentia
1541 4681 1786 4752 linguai,
1826 4681 1930 4739 ira:
1969 4683 2140 4741 cohi-

479 4777 649 4844 bitio,
710 4773 1340 4847 concupiscentiarum
1407 4771 1763 4844 amputatio,
1835 4772 2140 4834 obtrecta-

2179 1611 2218 1664 Β

2179 2777 2219 2832 C

2174 3917 2218 3970 D

2250 563 2462 630 τροφὴν,
2515 566 2603 612 καὶ
2662 559 2836 635 ἀρχὴν
2892 559 3136 636 δευτέρας
3169 562 3436 624 αύξησεως
3484 571 3545 635 τῇ
3600 565 3845 636 θρεπτιχῇ

2251 643 2469 721 δυνάμει
2517 652 3033 723 παρασκευάζουσιν,
3068 651 3219 704 Ούτω
3266 656 3422 704 παντὶ
3471 648 3850 725 ἐπιτηδεύματι

2248 744 2338 790 καὶ
2385 741 2529 812 πάσῃ
2608 747 2851 814 σώματος
2920 742 3017 806 ἔξει
3088 745 3146 794 τὸ
3196 741 3334 815 παρ’
3387 742 3550 804 αύτῆς
3602 743 3848 815 ὠφέλιμον

2249 831 2472 900 ἀπαντᾷ,
2527 835 2616 882 καὶ
2642 838 2842 902 ὰπᾶσιν
2896 833 3087 904 ὁμοίως
3149 830 3436 904 ἐπιπρέπει,
3493 839 3602 894 τοῖς
3666 835 3846 899 οἴκοις,

2247 925 2363 979 ταῖς
2412 917 2643 994 ἀγοραῖς,
2691 929 2805 981 ταῖς
2858 920 2991 990 νυξὶ,
3044 928 3161 982 ταῖς
3191 922 3435 994 ἦμέραις,
3489 929 3606 982 ταῖς
3648 921 3846 988 πόλεσι,

2248 1014 2364 1069 ταῖς
2407 1007 2665 1082 ἐρημίαις.
2698 1014 2802 1068 Την
2847 1015 3018 1062 τοίνυν
3061 1006 3154 1062 διά
3182 1013 3443 1062 τοσούτων
3476 1010 3599 1081 ἡμῖν
3643 1012 3700 1061 τό
3731 1008 3852 1082 παρ’

2249 1097 2437 1159 ἑαυτῆς
2500 1098 2654 1150 καλὸν
2739 1100 3096 1172 χαριζομένην
3160 1095 3394 1172 φαιδρῶς
3455 1095 3846 1170 ύποδεξὼμεθα,

2247 1191 2382 1240 κατὰ
2428 1191 2514 1239 τόν
2563 1196 2654 1240 τοῦ
2688 1194 2882 1261 Κυρίου
2922 1189 3090 1260 λόγον,
3123 1193 3194 1261 μή
3247 1188 3852 1260 κατασκυθρωπάζοντες

2249 1283 2316 1340 ὡς
2364 1280 2412 1330 οἱ
2451 1279 2750 1351 ὑποκριταὶ,
2787 1277 2912 1330 ἀλλά
2937 1282 2995 1331 τό
3030 1278 3201 1352 ἱλαρόν
3233 1286 3328 1340 τῆς
3374 1277 3562 1349 ψυχῆς
3603 1277 3849 1336 ἀνεπιτη-

2250 1366 2445 1432 δεύτως
2491 1365 2896 1430 διαδεικνύντες.
2932 1373 3032 1422 Καὶ
3076 1367 3133 1419 ού
3178 1369 3431 1420 τοσούτου
3457 1386 3548 1440 μοι
3579 1363 3686 1419 δεῖν
3719 1366 3853 1439 ἀγῶ-

2247 1482 2332 1524 νος
2383 1463 2614 1534 ἠγοῦμαι
2679 1464 2771 1518 την
2825 1464 2944 1532 περὶ
3013 1463 3260 1521 νηστείας
3316 1458 3669 1531 παράκλησιν,
3725 1461 3851 1511 ὅσου

2248 1558 2306 1606 τό
2349 1559 2420 1628 μὴ
2493 1556 2716 1626 σήμερον
2764 1570 2880 1603 τινα
2945 1559 3054 1612 τοῖς
3115 1557 3297 1611 κακοῖς
3351 1558 3444 1612 τῆς
3503 1552 3664 1622 μέθης
3711 1568 3853 1622 περι-

2247 1650 2441 1696 πεσεῖν.
2473 1646 2577 1698 Τὴν
2621 1644 2722 1712 μὴν
2761 1643 2863 1712 γὰρ
2894 1643 3138 1697 νηστείαν
3166 1643 3254 1691 καὶ
3304 1635 3398 1691 διὰ
3438 1643 3532 1697 τὴν
3576 1640 3852 1696 συνήθειαν

2248 1738 2336 1784 καὶ
2381 1727 2474 1784 διά
2516 1734 2609 1788 την
2658 1733 2789 1802 πρὸς
2831 1728 3082 1790 ἀλλήλους
3127 1724 3262 1780 αἰδῶ
3306 1730 3354 1780 οἱ
3401 1727 3578 1780 πολλοὶ
3621 1723 3853 1779 καταδί-

2248 1841 2437 1894 χονται
2463 1841 2474 1854 ·
2519 1818 2777 1893 φοϐοῦμαι
2817 1814 2876 1871 δὲ
2906 1823 2998 1876 τὴν
3043 1820 3226 1892 μέθην,
3256 1821 3336 1886 ἣν,
3361 1817 3534 1891 ὥσπερ
3566 1820 3680 1870 τινὰ
3720 1817 3852 1875 κλῆ-

2247 1932 2334 1987 ρον
2387 1920 2647 1984 πατρῷον,
2698 1910 2746 1960 οἱ
2797 1907 3021 1980 φίλοινοι
3081 1904 3464 1968 διασώζουσιν.
3523 1905 3609 1967 Ὠς
3655 1909 3754 1979 γὰρ
3803 1908 3854 1958 οἱ

2249 2005 2377 2076 πρὸς
2426 2004 2518 2061 τὰς
2570 2001 2775 2072 μακρὰς
2823 1993 3127 2070 ἀποδημίας
3177 1995 3502 2070 ἀπαίροντες,
3536 1996 3672 2049 οὕτω
3719 1999 3855 2058 τινες

2247 2101 2346 2144 τῶν
2396 2089 2621 2142 ἀνοάτων
2675 2094 2898 2161 σήμερον
2955 2091 3084 2162 πρὸς
3127 2088 3223 2149 τὰς
3265 2089 3411 2140 πέντε
3453 2095 3552 2138 τῶν
3601 2094 3853 2144 νηστειῶν

2248 2184 2446 2254 ἡμέρας
2493 2179 2792 2242 οἰνίζονται.
2851 2182 2943 2239 Τίς
3005 2175 3168 2238 οὕτως
3214 2173 3448 2242 ἀνόητος,
3516 2177 3668 2242 ὥστε,
3729 2180 3854 2227 πρὶν

2247 2271 2511 2344 ἄρξασθαι
2584 2272 2766 2332 πίνειν,
2827 2268 2894 2318 τὰ
2944 2273 3044 2318 τῶν
3117 2266 3406 2337 μεθυόντων
3463 2260 3854 2337 παραφρονεῖνξ

2246 2362 2357 2413 Ούκ
2388 2356 2558 2426 οἶδας,
2587 2360 2667 2410 ὅτι
2711 2361 2915 2431 γαστὴρ
2961 2357 3410 2432 παρακαταθηκην
3455 2355 3513 2407 ού
3555 2351 3852 2423 διασώζει;

2247 2455 2455 2526 Γαστὴρ
2526 2446 2883 2507 συναλλακτής
2946 2444 3086 2499 ἔστιν
3153 2444 3538 2506 ἀπιστότατος.
3617 2451 3854 2517 ταμιεῖον

2247 2541 2558 2614 ἀφύλακτον,
2614 2536 2808 2590 πολλῶν
2863 2533 3282 2602 ἐναποτεθίντων,
3343 2539 3436 2593 τήν
3494 2536 3582 2607 μεν
3647 2532 3854 2607 βλάϐην

2247 2632 2716 2704 παρακατέχουσα,
2751 2627 2817 2678 τὰ
2862 2629 3037 2698 μέντοι
3075 2626 3427 2697 παρατεθέντα
3471 2623 3583 2696 (94)
3625 2622 3684 2676 ού
3735 2618 3856 2675 δια-

2251 2720 2518 2781 σώζουσα.
2546 2715 2683 2789 Ὀρα
2711 2720 2800 2767 καὶ
2830 2720 2900 2788 μή
2939 2734 3024 2767 σοι
3068 2718 3246 2786 αὔριον
3296 2712 3400 2767 ἀπὸ
3443 2715 3606 2786 μέθης
3655 2711 3856 2764 ἐλθόντι

2250 2811 2316 2862 τὰ
2357 2817 2444 2860 νῦν
2511 2805 2903 2878 ἀναγνωσθέντα
2951 2803 3158 2876 λεχθῇο
3213 2802 3290 2856 Ού
3351 2804 3546 2860 ταύτην
3604 2805 3697 2860 τὴν
3753 2822 3856 2859 νη-

2253 2904 2426 2952 στείαν
2494 2895 2814 2968 ἐξελεξάμην,
2883 2893 3017 2966 λέγει
3084 2894 3295 2966 Κύριος.
3361 2896 3426 2944 Τί
3489 2894 3722 2966 μιγνύεις
3786 2894 3858 2943 τὰ

2249 2991 2484 3062 diuum;
2533 2990 2625 3047 Τίς
2669 2986 2870 3058 μετοχὴ
2921 2987 3165 3043 νηστείας
3212 2985 3343 3056 πρὸς
3385 2982 3584 3054 μίθην;
3635 2985 3718 3043 τίς
3745 3000 3856 3034 κοι-

2248 3081 2405 3130 νωνία
2441 3083 2504 3148 τῇ
2555 3072 2854 3146 οἰνοφλυγία
2895 3071 3004 3143 (95)
3059 3074 3190 3144 πρὸς
3231 3074 3324 3129 την
3374 3068 3710 3144 ἐγκράτεια-η
3759 3075 3858 3132 Τίς

2253 3166 2635 3238 συγκατάθεσις
2685 3170 2789 3233 ναῷ
2843 3167 2976 3214 Θεοῦ
3038 3162 3168 3233 μετά
3216 3155 3476 3229 εἰδώλων;
3549 3162 3688 3220 Ναός
3761 3163 3854 3233 μεν

2248 3257 2348 3330 γὰρ
2377 3261 2509 3308 Θεοῦ
2541 3255 2670 3306 εἰσιν
2698 3250 2744 3303 ἐν
2772 3252 2847 3313 οἷς
2874 3254 2932 3302 τὸ
2959 3257 3168 3322 Πνεῦμα
3208 3257 3300 3302 τοῦ
3344 3256 3477 3303 Θεοῦ
3499 3247 3699 3314 ἐνοικεῖ,
3730 3253 3853 3310 ναός

2253 3342 2312 3398 δὲ
2342 3341 2566 3398 εἰδώλων
2597 3342 2646 3395 οἰ
2672 3338 2765 3394 διὰ
2810 3348 2905 3401 τῆς
2934 3341 3097 3412 μέθης
3125 3342 3213 3392 τὸν
3265 3342 3515 3414 συρφετὸν
3545 3347 3641 3401 τῆς
3661 3337 3854 3390 ἀκολα-

2253 3439 2373 3498 σίας
2402 3429 2805 3506 ὑποδεχόμενοι.
2835 3428 2893 3483 Ἦ
2929 3430 3037 3499 (96)
3068 3433 3291 3502 σήμεοον
3331 3430 3502 3502 ἡμέρα
3530 3427 3852 3502 προπύλαιον

2251 3524 2363 3579 ἔστι
2409 3534 2509 3577 τῶν
2551 3541 2822 3581 νηστειων.
2863 3520 2939 3573 Ού
2973 3516 3146 3578 δήπου
3176 3515 3233 3571 δὲ
3265 3519 3289 3570 ὃ
3322 3517 3369 3570 ἓν
3417 3527 3526 3579 τοῖς
3570 3520 3854 3592 προθύροις

2253 3613 2566 3688 βεϐηλωθεὶς
2609 3612 2755 3675 οἷξιός
2802 3609 2940 3662 ἐστιν
2988 3608 3228 3662 εἰσελθεῖν
3262 3608 3332 3670 εἰς
3373 3611 3439 3660 τὰ
3481 3609 3626 3679 άγια.
3659 3603 3853 3669 Ούδεὶς

2250 3705 2472 3771 οἰκέτης,
2525 3701 2952 3774 ἑξευμενίσασθαι
2997 3698 3149 3752 θέλων
3198 3702 3285 3750 τόν
3334 3697 3518 3750 ἑαυτοῦ
3564 3693 3848 3763 δεσπότην,

2250 3804 2322 3865 τῷ
2367 3793 2540 3865 ἐχθρῷ
2589 3791 2747 3842 αύτοῦ
2792 3789 3061 3860 προστάτῃ
3103 3792 3192 3838 καὶ
3238 3783 3524 3860 διαλλακτῇ
3567 3791 3850 3859 κέχρηται.

2251 3885 2394 3938 Μέθη
2429 3883 2598 3954 ἔχθρα
2624 3878 2762 3932 ἐστὶν
2795 3877 2865 3938 εἰς
2891 3876 3038 3930 Θεὸν·
3063 3881 3278 3934 νηστεία
3304 3873 3362 3928 δε
3388 3876 3529 3949 ἀρχὴ
3555 3881 3850 3948 μετανοίας.

2250 3971 2312 4026 Εἰ
2337 3968 2423 4025 οὖν
2471 3969 2649 4042 βούλει
2692 3964 2726 4020 δ
2733 3969 2786 4020 ιά
2832 3976 2927 4027 τῆς
2957 3965 3370 4039 ἐξομολογησεως
3409 3965 3692 4018 ἐπανελθεῖν
3724 3969 3856 4038 πρὸς

2250 4066 2336 4115 τόν
2369 4063 2517 4128 Θεὸν,
2553 4067 2721 4132 φεῦγε,
2751 4060 2844 4116 την
2874 4058 3055 4130 μέθην,
3085 4061 3156 4129 μή
3190 4074 3273 4108 σοι
3298 4055 3666 4128 χαλεπωτέραν
3696 4073 3856 4106 κατα-

2253 4151 2483 4223 σκευάσῃ
2545 4152 2637 4206 τήν
2710 4145 3065 4222 ἀλλοτρίωσιν.
3120 4145 3195 4197 Ού
3252 4149 3427 4217 μέντοι
3485 4143 3686 4217 ἐξαρκεῖ
3735 4144 3854 4196 καθ’

2253 4241 2440 4300 ἑαυτὴν
2493 4241 2522 4297 ἠ
2559 4237 2739 4309 ἀποχὴ
2791 4245 2889 4288 τῶν
2937 4234 3228 4310 βρωμάτων
3277 4238 3409 4308 πρὸς
3445 4238 3541 4292 τὴν
3586 4232 3856 4292 ἐπαινετὴν

2250 4333 2513 4397 νηστείαν,
2563 4326 2690 4380 αλλά
2736 4327 3100 4398 νηστεύσωμεν
3146 4329 3387 4382 νηστείαν
3429 4320 3638 4389 δεκτην,
3673 4322 3855 4395 εύάρε-

2254 4438 2374 4473 στον
2404 4427 2476 4490 τῷ
2508 4425 2621 4489 Θεῷ
2651 4416 2784 4488 (97).
2818 4414 3041 4475 Ἀληθὴς
3077 4418 3294 4472 νηστεία
3318 4415 3348 4472 ἡ
3381 4421 3472 4466 τοῦ
3499 4420 3663 4464 κακοῦ
3712 4411 3858 4464 ἀλλο.

2251 4514 2488 4583 τρίωσις,
2544 4505 2818 4580 ἐγκράτεια
2853 4504 3120 4577 γλώσσης,
3175 4505 3341 4576 θυμοῦ
3387 4501 3554 4574 ἑποχη
3584 4504 3718 4574 (98),
3747 4499 3858 4554 ἐπι-

2253 4602 2449 4673 θυμιῶν
2505 4599 2804 4672 χωρισμός,
2863 4593 3198 4659 καταλαλιᾱς,
3261 4588 3512 4663 ψεύδους,
3564 4590 3855 4663 ἐπιορκίας.

2250 4687 2308 4744 Ἠ
2356 4689 2550 4742 τούτων
2606 4681 2780 4740 ἔνδεια
2823 4688 3041 4744 νηστεία
3097 4681 3235 4736 ἐστὶν
3266 4681 3484 4742 ἀληθής.
3542 4680 3621 4734 Ἐν
3651 4683 3858 4742 τούτοις

2252 4781 2342 4852 μὶν
2371 4777 2459 4831 οὖν
2485 4776 2515 4836 ἡ
2549 4779 2768 4836 νηστεία
2791 4773 2966 4830 καλόν.

483 4866 688 4935 tionis,
722 4862 1044 4929 mendacii,
1095 4860 1366 4936 perjurii.
1421 4861 1510 4918 Ab
1556 4860 1650 4918 his
1695 4860 2019 4935 abstinere,
2063 4883 2272 4930 verum
2300 4870 2396 4928 est
2426 4865 2753 4941 jejunium,
2797 4863 2863 4922 in
2907 4861 3002 4921 his
3043 4860 3227 4934 igitur
3274 4859 3455 4919 situm
3498 4863 3589 4918 est
3622 4858 3858 4918 bonum

491 4972 564 5014 ac
582 4953 892 5013 laudabile
915 4951 1239 5026 jejunium.
2047 5002 2049 5004 .

561 5050 612 5102 8.
655 5045 946 5102 Caeterum
978 5041 1348 5099 delectemur
1376 5040 1439 5099 in
1468 5040 1747 5113 Domino,
1800 5042 1862 5100 in
1883 5046 2142 5106 medita-

561 5172 607 5208 ⁸⁸
647 5169 848 5229 Matth.
886 5185 954 5237 γι,
993 5173 1076 5237 16,
1111 5172 1194 5225 17.

705 5290 951 5376 ,ιδ-ῃῑὶᾳυὶ
973 5289 1094 5371 duo
1124 5289 1535 5376 libriljeg‘i'i'rrk
1554 5292 1728 5364 μέντοι
1758 5291 2142 5369 παραδοθεντα.

488 5360 697 5422 Statim
723 5360 882 5433 Reg.—
895 5362 1130 5435 primus
1151 5361 1248 5435 ἐγῲ
1271 5360 1594 5435 ἐξελεξάμην.

559 5440 668 5508 (95)
714 5437 875 5508 linus
898 5433 1098 5490 codex
1127 5433 1289 5490 C011).
1323 5443 1384 5493 τῆ
1398 5433 1794 5508 ςγοὶνοφλυγίας.

1274 5167 1321 5204 ⁸⁷
1363 5168 1480 5225 lsa.
1516 5183 1667 5237 Lt‘lu,
1705 5173 1756 5224 3.

556 5505 671 5580 (96)
698 5505 1024 5580 Aliquanto
1051 5511 1189 5580 ante
1218 5505 1598 5580 ostendimus
1628 5505 1787 5565 hanc
1812 5508 2148 5569 orationem

484 5575 757 5637 habitam
789 5575 922 5634 esse
953 5576 1052 5633 die
1076 5575 1410 5633 Dominico.
1450 5579 1618 5634 Nunc
1649 5595 1721 5636 ex
1749 5580 1888 5648 illis,
1917 5581 2150 5641 hodier-

485 5668 601 5710 nus
630 5651 755 5709 dies
784 5649 1147 5708 vestibulum
1169 5655 1252 5705 est
1264 5651 1497 5720 jejunii
1512 5662 1535 5722 ;
1555 5666 1662 5709 nec
1679 5660 1833 5711 certe
1853 5654 1975 5726 qui,
2009 5659 2147 5727 etc.,

1834 5172 1881 5207 ⁸⁸
1924 5173 1970 5228 ll
2011 5172 2145 5232 Cor.
2176 5190 2254 5246 vr,
2291 5176 2380 5234 16.

2326 5051 2380 5106 8.
2416 5048 2908 5122 Κατατρυφησωμεν
2949 5038 3008 5097 δε
3035 5049 3129 5096 τοῦ
3178 5044 3395 5116 Κυρίου,
3458 5037 3506 5095 ἕν
3553 5043 3615 5113 τῇ
3672 5035 3853 5112 μελέτη

2456 5175 2504 5212 ⁸⁸
2545 5175 2726 5231 IGor.
2759 5188 2836 5239 ιιι,
2875 5170 2960 5227 16.

2257 5295 2438 5370 plane
2459 5298 2702 5370 constat
2730 5292 2948 5351 eadem
2971 5289 3170 5366 prima
3222 5287 3540 5348 Dominica
3584 5285 3858 5354 Quadra-

2257 5366 2504 5439 gesimas
2534 5366 2809 5424 habitam
2838 5380 2990 5439 esse.

2329 5440 2442 5510 (97)
2470 5440 2536 5496 In
2566 5439 2748 5509 Regio
2785 5436 2983 5510 primo
3009 5435 3302 5509 scriptum
3351 5432 3696 5490 invenimus
3746 5431 3859 5483 εὐά-

2257 5529 2439 5586 ρεστον
2467 5521 2539 5584 τῷ
2561 5516 2768 5586 μυρίῳ.

2327 5584 2438 5658 (98)
2474 5566 2803 5642 C'olbe‘rtini
2827 5579 2952 5638 duo
2983 5582 3149 5656 θυμοῦ
3182 5578 3359 5655 ἀποχὴ
