4124 6406
302 350 396 406 197
1220 348 1509 408 HOMILIA
1542 352 1612 406 ΙΝ
1652 346 1883 419 ILLUD,
1932 342 2313 408 ATTENDE
2359 346 2529 408 TIBI
2552 348 2737 409 IPSI.

3558 351 3660 413 198

298 482 391 526 τῶν
433 472 621 546 λογίων
644 480 736 526 τοῦ
785 474 1100 547 Πνεύματος,
1152 479 1243 527 καὶ
1290 473 1339 527 ἂν
1383 482 1447 547 τῇ
1495 473 1749 548 ἀναλήψει
1793 484 1893 529 τῶν

2008 475 2167 533 tione
2185 476 2564 551 eloquiorum
2587 478 2862 551 Spiritus,
2880 476 3064 551 inque
3089 479 3489 552 suscipiendis
3507 480 3663 538 salu-

301 567 566 639 σωτηρίων
628 568 880 636 νομίμων,
936 567 1026 615 καὶ
1083 561 1131 615 ἐν
1188 568 1325 617 πᾶσι
1370 572 1482 627 τοῖς
1528 561 1896 641 διορθωτικοῖς

296 660 391 705 τῶν
438 650 630 725 ψυχῶν
679 652 824 724 ἡμῶν
869 647 1153 725 δόγμασιν.
1216 652 1345 707 Ἀπὸ
1397 656 1573 727 μέντοι
1614 662 1712 717 τῆς
1741 653 1789 707 ἓν
1819 662 1893 726 τῷ

296 749 506 815 κρυπτῷ
552 745 797 802 νηστείας
844 740 1205 814 φυλαξὼμεθα,
1265 747 1384 817 περὶ
1436 744 1500 806 ἧς
1554 748 1644 797 καὶ
1697 745 1723 797 6
1775 746 1891 812 (99)

296 835 565 906 προφήτης
623 828 912 901 ἆπεῦχεται
959 829 1138 902 λέγων·
1214 831 1290 884 Οὐ
1355 831 1723 906 λιμοκτονήσει
1782 835 1894 886 Κύ-

295 937 401 995 ριος
453 917 641 991 ψυχὰς
708 914 956 971 δικαίων·
1030 925 1120 972 καὶ
1175 922 1254 974 τὸ·
1312 920 1423 974 Οὐκ
1481 917 1619 975 εἶδον
1686 918 1894 975 δίκαιον

295 1008 828 1082 ἐγκαταλελειμμένον,
918 1005 1105 1063 οὐδετό
1191 1015 1401 1086 σπέρμα
1467 1012 1629 1065 αὐτοῦ
1702 1011 1895 1073 ζητοῦν

297 1099 502 1174 ἄρτους.
556 1098 632 1151 Οὐ
689 1100 792 1174 γὰρ
843 1098 905 1151 ἂν
953 1105 1073 1175 περὶ
1129 1098 1397 1161 αἰσθητῶν
1454 1103 1622 1177 ἄρτων
1681 1100 1815 1155 εἶπεν
1870 1102 1897 1154 ὁ

300 1185 449 1250 εἰδὼς
476 1192 599 1250 τοὺς
640 1184 841 1252 παῖδας
868 1198 961 1242 τοῦ
1005 1192 1344 1265 πατριάρχου
1393 1193 1537 1265 ἡμῶν
1581 1191 1659 1264 (1)
1708 1189 1897 1244 Ἰακὼϐ

300 1279 462 1351 ἄρτων
513 1277 674 1330 ἕνεκεν
727 1277 1061 1340 καταϐάντας
1125 1284 1197 1340 εὶς
1255 1280 1538 1352 Αἴγυπτον,
1600 1276 1728 1331 ἀλλὰ
1777 1284 1896 1354 περὶ

298 1376 391 1430 τῆς
434 1376 791 1441 πνευματικῆς
836 1367 973 1440 λέγει
1019 1377 1234 1444 τροφῆς,
1284 1369 1402 1423 καθ’
1447 1372 1508 1429 ἥν
1548 1371 1574 1422 6
1618 1371 1720 1422 ἔσω
1749 1370 1895 1443 ἡμῶν

298 1458 565 1532 ἄνθρωπος
605 1456 911 1513 τελειοῦται.
971 1462 1057 1517 Μὴ
1110 1458 1230 1533 ἔλθῃ
1290 1463 1380 1511 καὶ
1431 1456 1505 1531 ἐφ’
1559 1460 1698 1531 ἡμᾶς
1747 1461 1818 1521 (2)
1861 1460 1893 1518 ἦ

295 1552 403 1609 τοῖς
432 1543 716 1608 Ἰουδαίοις
765 1546 1107 1606 maneam
1153 1553 1388 1606 νηστεία·
1440 1544 1585 1601 Ἰδοὺ
1626 1550 1728 1623 γὰρ
1774 1546 1898 1621 ὴμέ-

295 1654 382 1711 ραι
406 1638 677 1711 ἔρχονται,
721 1635 860 1709 λέγει
914 1639 1126 1712 Κύριος,
1177 1641 1268 1692 καὶ
1315 1637 1486 1700 ἐπάξω
1534 1636 1618 1690 ἐπὶ
1660 1642 1754 1697 τὴν
1797 1646 1897 1710 γῆν

295 1727 486 1785 ταύτην
535 1725 707 1799 λιμὸν,
757 1726 818 1781 οὐ
863 1725 1012 1800 λιμὸν
1059 1728 1242 1801 ἄρτου,
1294 1723 1419 1781 οὐδὲ
1471 1723 1635 1798 δίψαν
1678 1722 1894 1794 ὓδατος,

297 1813 422 1868 ἀλλὰ
461 1814 612 1888 λιμὸν
649 1824 741 1869 τοῦ
773 1814 998 1869 ἀκοῦσαι
1044 1816 1195 1888 λόγον
1247 1822 1461 1892 Κυρίου·
1512 1815 1564 1868 ὃν
1609 1812 1703 1869 διὰ
1743 1824 1899 1869 τοῦτο

295 1902 549 1977 ἐπήγαγεν
589 1907 614 1958 6
664 1901 872 1968 δίκαιος
916 1909 1132 1981 κριτὴς,
1181 1901 1360 1965 ἐπειδὴ
1418 1905 1551 1979 ἐώρα
1599 1905 1767 1957 αὐτῶν
1811 1908 1898 1958 τὸν

294 1997 382 2067 μεν
410 2003 528 2048 νοῦν
555 1993 603 2048 ἐν
629 2004 691 2069 τῇ
727 1994 950 2072 ἀτροφίᾳ
978 2005 1077 2047 τῶν
1102 2003 1200 2058 τῆς
1237 1993 1480 2057 ἀληθείας
1510 1992 1788 2069 δογμάτων
1822 1997 1896 2059 (3)

293 2082 793 2158 λιμαγχονούμενον,
848 2086 1305 2159 ὑπερπιαινόμενον
1339 2081 1398 2138 δε
1443 2084 1612 2137 αὐτῶν
1670 2089 1760 2139 καὶ
1806 2104 1899 2138 κα-

294 2176 713 2248 τασαρκούμενον
762 2177 849 2226 τὸν
894 2172 988 2236 ἔξω
1037 2175 1328 2249 ἄνθρωπον.
1381 2176 1565 2236 Πάσας
1606 2178 1778 2227 τοίνυν
1804 2177 1900 2236 τὰς

296 2258 474 2333 ἑφεξῆς
525 2262 725 2337 ἡμέρας
773 2262 1008 2315 ἑστιάσει
1061 2263 1197 2335 ὑμᾶς
1252 2265 1311 2315 τὸ
1361 2269 1572 2336 Πνεῦμα
1621 2266 1680 2315 τὸ
1747 2262 1896 2336 ἅγιον

297 2348 531 2412 ἐωθιναῖς
595 2369 648 2403 τε
723 2355 814 2404 καὶ
886 2351 1184 2427 ἐσπεριναῖς
1253 2351 1615 2426 εὐφροσύναις.
1692 2348 1900 2414 Μηδεὶς

296 2439 545 2503 ἑκουσίως
574 2439 1013 2515 ἁπολιμπανέσθω
1041 2442 1116 2515 (4)
1143 2451 1241 2505 τῆς
1264 2451 1622 2517 πνευματικῆς
1642 2442 1894 2514 εὐωχίας.

298 2532 493 2593 Πάντες
543 2532 891 2604 μενάσχωμεν
943 2539 1036 2584 τοῦ
1091 2530 1343 2604 νηφαλίου
1400 2541 1700 2607 κρατῆρος,
1752 2530 1806 2584 ὃν
1864 2534 1893 2591 ἠ

299 2624 473 2692 σοφία,
518 2621 810 2695 κεράσασα,
852 2622 1134 2696 προέθηκεν
1187 2623 1312 2694 ἡμῖν
1370 2619 1565 2689 ἐξίσου,
1615 2621 1733 2674 καθ’
1778 2625 1897 2674 ὅσον

297 2706 409 2762 ἕστὶ
459 2713 766 2785 χωρητικός
822 2713 1044 2773 ἕκαστος
1101 2709 1451 2786 ἀπαρύεσοαι.
1503 2710 1748 2787 Ἐκέρασε
1793 2714 1896 2787 γὰρ

294 2802 380 2852 τὸν
425 2799 614 2863 ἑαυτῆς
654 2808 911 2876 κρατῆρα,
957 2805 1048 2854 καὶ
1096 2801 1283 2874 ἔσφαξε
1318 2803 1386 2853 τὰ
1433 2800 1622 2862 ἑαυτῆς
1667 2803 1893 2875 θύματα⁹

294 2893 556 2958 τουτέστι,
591 2894 684 2949 τὴν
722 2898 823 2942 τῶν
866 2889 1067 2943 τελείων
1097 2894 1311 2966 τροφὴν,
1358 2898 1469 2944 Τῶν
1514 2887 1610 2943 διὰ
1654 2895 1748 2950 τήν
1792 2890 1895 2954 ἕξιν

293 2980 360 3030 τὰ
389 2978 715 3052 αἰσθητήρια
755 2984 1158 3053 γεγυμνασμένα
1204 2978 1430 3053 ἑχόντων
1460 2982 1592 3055 πρὸς
1623 2974 1894 3054 διάκρισιν

293 3067 452 3120 καλοῦ
501 3087 555 3121 τε
623 3074 715 3122 καὶ
769 3077 955 3125 κακοῦ.
1028 3069 1124 3122 Ὧν
1196 3065 1434 3141 δαψιλῶς
1500 3068 1889 3143 ἐμφορηθέντες,

293 3158 617 3233 εὑρεθείημεν
647 3158 787 3221 ἄξιοι
824 3165 914 3212 καὶ
960 3166 1057 3221 τῆς
1103 3157 1152 3212 ἓν
1180 3167 1254 3232 τῷ
1296 3168 1528 3233 νυμφῶνι
1572 3158 1893 3234 εὐφροσύνης

294 3244 342 3298 ἂν
372 3254 589 3321 Χριστῷ
620 3246 798 3306 Ἰησοῦ
828 3257 901 3320 τῷ
947 3252 1122 3325 Κυρίῳ
1164 3250 1330 3322 ἡμῶν,
1360 3245 1400 3322 ᾧ
1430 3250 1461 3309 ἡ
1516 3245 1650 3312 δόξα
1695 3253 1785 3302 καὶ
1833 3251 1892 3301 τὸ

292 3338 485 3411 κράτος
515 3338 588 3400 εἰς
610 3341 732 3399 τοὺς
763 3338 971 3400 αἰῶνας.
1004 3337 1171 3412 Ἀμήν

831 3549 1065 3600 ΟΜῙΔΙΑ
1108 3549 1208 3599 ΕΙΣ
1250 3551 1359 3614 T0,

783 3638 1024 3709 Πρόσεχε
1073 3644 1275 3708 σεαυτῷ

366 3723 418 3778 1.
450 3730 554 3779 Τοῦ
577 3722 734 3797 λόγου
758 3727 853 3783 την
873 3731 1076 3800 χρῆσιν
1098 3721 1324 3779 δέδωκεν
1350 3726 1477 3799 ἡμῖν
1498 3725 1523 3778 6
1550 3727 1738 3789 κτίσας
1757 3725 1787 3785 ἠ
1793 3729 1897 3801 μᾶς

293 3817 444 3883 Θεὸς,
479 3812 563 3866 ἳνα
600 3815 693 3877 τὰς
749 3811 945 3887 βουλὰς
990 3823 1091 3868 τῶν
1137 3811 1371 3891 καρδιῶν
1411 3813 1652 3879 ἀλλήλοις
1690 3813 1896 3870 ἀποκα-

289 3902 581 3977 λύπτωμεν,
614 3907 704 3955 καὶ
736 3899 831 3955 διὰ
858 3903 916 3956 τὸ
960 3907 1257 3957 κοινωνικὸν
1301 3907 1398 3968 τῆς
1442 3906 1646 3978 φύσεως
1673 3904 1897 3969 ἕκαστος

289 4000 365 4064 τῷ
401 3990 622 4050 πλησίον
661 3987 1046 4065 μεταδιδῶμεν,
1098 3993 1272 4070 ὥσπερ
1322 3993 1380 4048 ἔκ
1422 4012 1574 4047 τινων
1622 3999 1891 4069 ταμιείων,

288 4090 392 4133 τῶν
434 4089 531 4145 τῆς
575 4078 803 4158 καρδίας
861 4091 1118 4158 κρνπτῶν,
1168 4086 1510 4159 προφέροντες
1553 4085 1622 4136 τὰ
1674 4081 1896 4158 βουλεύ-

289 4190 452 4243 ματα.
504 4172 564 4225 Εἰ
604 4174 694 4244 μὲν
735 4172 838 4247 γὰρ
881 4180 1050 4246 γυμνῇ
1102 4179 1164 4244 τῇ
1206 4170 1362 4245 ψυχῇ
1413 4169 1691 4248 διεζῶμεν,
1744 4172 1898 4235 εὐθὺς

289 4262 354 4314 οἶν
393 4259 494 4314 ἀπὸ
536 4270 637 4315 τῶν
661 4262 933 4337 νοημάτων
980 4261 1218 4326 ἀλλήλοις
1264 4265 1656 4337 συνεγινόμεθω
1710 4259 1892 4324 ἐπειδὴ

2004 566 2235 624 taribus
2262 566 2568 638 institutis,
2600 567 2863 640 denique
2904 567 2967 623 in
2995 569 3225 625 cunctis
3248 568 3660 639 dogmatibus,

2005 655 2229 728 quibus
2251 656 2652 714 emendantur
2664 656 2852 713 animi
2866 656 3309 714 nostri.Rursus
3329 657 3408 714 ab
3426 657 3661 716 interno

2004 745 2224 803 mentis
2245 746 2480 818 jejunio
2495 761 2849 814 caveamus,
2869 745 3039 819 quod
3059 749 3115 802 et
3133 745 3431 820 propheta
3452 746 3665 819 depre-

2005 838 2193 903 catur,
2212 834 2306 890 his
2324 834 2554 891 verbis:
2596 836 2732 894 Non
2767 834 2996 892 occidet
3028 836 3321 892 Dominus
3344 837 3513 907 fame
3533 837 3663 895 ani-

2004 939 2135 981 mas
2144 926 2639 996 justorum7°.Ac
2665 941 2911 982 rursus:
2934 925 3070 983 Non
3094 925 3224 981 vidi
3239 926 3474 995 justum
3501 925 3665 983 dere-
3690 950 3693 957 ν

2007 1016 2237 1080 tictum,
2250 1031 2360 1073 nec
2375 1031 2571 1073 semen
2591 1017 2721 1087 ejus
2748 1028 3023 1088 quaerens
3033 1030 3254 1085 panem
3271 1016 3289 1051 ⁷
3303 1017 3316 1052 ί
3329 1056 3342 1070 .
3363 1018 3478 1072 Nec
3498 1015 3662 1072 enim

2002 1101 2271 1174 loquitur
2289 1103 2366 1160 de
2394 1102 2659 1176 panibus
2679 1102 3086 1172 sensibilibus,
3105 1101 3211 1175 qui
3239 1108 3491 1160 noverat
3506 1102 3664 1161 ﬁlios

2004 1192 2359 1264 patriarcha:
2384 1193 2573 1249 nostri
2598 1192 2783 1250 Jacob
2809 1208 3037 1266 panum
3065 1207 3253 1248 causa
3277 1191 3665 1249 descendisse

1999 1281 2064 1338 in
2093 1285 2438 1355 Aigyptum,
2468 1281 2575 1339 sed
2615 1282 2691 1339 de
2721 1281 3013 1355 spirituali
3039 1281 3308 1355 loquitur
3348 1280 3660 1352 alimonia,

2001 1387 2126 1445 qua
2150 1370 2396 1428 interior
2431 1373 2547 1444 ιο
2574 1376 2787 1428 noster
2808 1371 2998 1428 homo
3017 1371 3445 1444 perﬁcitur.Ne
3462 1371 3668 1430 veniat

2003 1461 2184 1518 etiam
2213 1460 2276 1517 in
2300 1476 2415 1517 nos
2438 1461 2742 1533 jejunium
2763 1461 2927 1534 quod
2946 1462 3103 1517 Deus
3132 1460 3541 1518 comminatur
3557 1462 3664 1518 Ju-

2003 1549 2170 1606 desis:
2194 1550 2348 1607 Ecce
2370 1550 2529 1607 enim
2559 1550 2684 1607 dies
2713 1551 2980 1616 veniunt,
3001 1550 3149 1607 dicit
3177 1550 3557 1619 Dominus,et
3576 1551 3666 1607 in-

2004 1639 2221 1697 ducam
2239 1640 2302 1696 in
2319 1644 2547 1697 terram
2570 1639 2729 1697 hanc
2743 1641 3103 1711 famen,non
3121 1640 3345 1710 famem
3366 1640 3667 1709 panis,ne-

2005 1745 2120 1802 que
2144 1730 2308 1786 sitim
2336 1744 2528 1801 aqua},
2549 1729 2653 1785 sed
2675 1730 2902 1800 famem
2936 1729 3229 1787 audiendi
3262 1729 3508 1786 verbum
3548 1730 3663 1785 Do-

1936 1838 1977 1900 B
2004 1818 2262 1875 mini":
2314 1832 2505 1891 quam
2533 1817 2672 1875 ideo
2719 1817 2971 1875 immisit
3006 1818 3205 1890 justus
3249 1817 3456 1891 iudex,
3496 1817 3666 1892 quod

2004 1907 2369 1982 perspiceret
2404 1922 2616 1964 eorum
2665 1912 2933 1965 mentem
2979 1923 3257 1965 verorum
3304 1906 3665 1978 dogmatum

2002 1995 2227 2067 inedia,
2249 1996 2410 2053 fame
2429 1995 2667 2063 necari;
2693 2001 2906 2054 contra
2927 2011 3092 2069 vero,
3113 2000 3426 2054 externum
3451 2012 3665 2055 eorum

2003 2085 2317 2143 hominem
2348 2101 2537 2158 supra
2574 2086 2830 2143 modum
2878 2086 3275 2159 pinguescere
3315 2089 3375 2144 et
3409 2085 3666 2145 obesum

2003 2174 2153 2231 ﬁeri.
2185 2177 2294 2231 Per
2319 2189 2536 2231 omnes
2564 2174 2745 2246 igitur
2768 2175 2954 2232 hosce
2983 2177 3302 2248 sequentes
3317 2174 3446 2232 dies
3462 2175 3669 2235 convi-

2003 2263 2102 2320 vio
2131 2262 2390 2337 excipiet
2411 2278 2522 2320 vos
2550 2263 2804 2338 Spiritus
2829 2266 3096 2334 sanctus,
3141 2263 3454 2321 matutinis
3484 2264 3666 2321 simul

2004 2355 2062 2409 et
2084 2351 2442 2425 vespertinis
2482 2352 2697 2426 epulis.
2741 2355 2928 2410 Nemo
2975 2367 3089 2409 sua
3132 2357 3347 2426 sponte
3391 2352 3666 2426 seipsum

2003 2442 2243 2501 fraudet
2270 2443 2387 2501 hoc
2417 2442 2600 2516 epulo
2630 2442 2947 2517 spirituali.
2982 2444 3205 2501 Omnes
3228 2442 3553 2517 participes
3583 2442 3665 2500 si-

2004 2548 2143 2589 mus
2172 2531 2359 2590 sobrii
2379 2532 2602 2603 calicis,
2624 2548 2811 2607 quem
2826 2533 2968 2606 ipsa
2985 2532 3291 2605 Sapientia
3310 2533 3665 2606 temperavit

2003 2636 2076 2679 ac
2104 2620 2284 2679 nobis
2318 2622 2606 2694 apposuit
2628 2637 2704 2679 ex
2730 2637 2931 2695 aequo,
2957 2626 3025 2678 ut
3065 2627 3366 2694 quantum
3405 2622 3664 2696 quisque

2004 2728 2203 2787 capax
2220 2715 2312 2769 est
2330 2712 2593 2770 hauriat.
2616 2713 2859 2770 Miscuit
2879 2713 3037 2771 enim
3057 2718 3350 2771 craterem
3369 2720 3665 2785 suum,oc-

2002 2802 2147 2860 oidit
2177 2802 2403 2860 hostias
2432 2818 2574 2860 suas
2597 2803 2648 2840 ⁷³
2674 2821 2688 2873 ;
2720 2802 2838 2860 hoc
2859 2808 2971 2871 est,
2995 2801 3402 2877 perfectorum
3433 2803 3662 2875 cibum,

2005 2893 2121 2962 Qui
2125 2897 2380 2963 propter
2393 2892 2838 2950 assuetudinem
2851 2907 3061 2952 sensus
3071 2894 3431 2951 exercitatos
3442 2894 3663 2953 habent

2002 2981 2086 3040 ad
2119 2982 2544 3041 discretionem
2577 2982 2719 3039 boni
2764 2987 2822 3039 et
2861 2983 3100 3040 mali“.
3153 2982 3387 3049 Quibus
3430 2982 3663 3041 aﬁ‘atim

2002 3070 2242 3144 expleti,
2272 3070 2651 3144 reperiamur
2668 3075 2728 3128 et
2744 3069 2847 3129 illo
2866 3070 3038 3142 digni
3058 3071 3478 3144 gaudio,quod
3502 3072 3666 3128 exhi-

1924 3143 1965 3199 (ἶ
1999 3143 2239 3218 habitur
2264 3160 2328 3217 in
2345 3143 2573 3233 sponsi
2602 3160 2894 3228 thalamo,
2907 3159 2971 3217 in
2996 3160 3229 3219 Christo
3246 3143 3387 3219 Iesu
3405 3160 3665 3218 Domino

2000 3254 2230 3323 nostro,
2261 3250 2357 3308 cui
2401 3250 2591 3322 gloria
2618 3254 2677 3308 et
2700 3251 3030 3325 imperium
3064 3250 3130 3308 in
3161 3250 3405 3310 sacula.
3447 3254 3659 3308 Amen.

2498 3548 2792 3607 HOMILIA
2829 3548 2902 3605 IN
2942 3548 3175 3617 ILLUD,

2530 3638 2794 3696 Attende
2814 3639 2927 3696 tibi
2942 3639 3145 3709 ipsi".

2079 3729 2133 3784 1.
2165 3724 2278 3793 Qui
2300 3741 2415 3785 nos
2453 3726 2727 3785 condidit
2752 3730 2929 3797 Deus,
2956 3726 3095 3784 ideo
3136 3725 3464 3801 impertivit
3484 3725 3666 3785 nobis

2006 3816 2307 3874 sermonis
2340 3832 2542 3886 usum,
2576 3819 2638 3874 ut
2664 3817 2813 3874 alter
2833 3816 3003 3875 alteri
3029 3815 3230 3874 cordis
3254 3815 3506 3875 consilia
3525 3832 3667 3892 ape-

2003 3905 2257 3980 riamus,
2287 3922 2482 3980 eaque
2513 3907 2939 3982 unusquisque
2961 3910 3207 3980 propter
3228 3910 3459 3972 naturas
3481 3906 3667 3964 socie-

2006 3999 2192 4053 tatem
2231 3996 2759 4055 communicemus
2803 4014 2945 4053 cum
2973 3997 3277 4071 proximo,
3328 4012 3401 4054 ex
3444 3996 3668 4056 abditis

2007 4086 2205 4143 cordis
2229 4084 2586 4158 recessibus,
2610 4086 2772 4145 velut
2793 4103 2866 4143 ex
2892 4086 3056 4143 cellis
3084 4088 3458 4162 quibusdam
3477 4102 3665 4162 pena-

2004 4175 2129 4245 riis,
2163 4175 2614 4250 depromentes.
2647 4175 2882 4233 Etenim
2914 4176 2967 4232 si
3009 4180 3428 4235 constaremus
3460 4177 3669 4235 anima

2006 4264 2405 4335 nuda,statim
2426 4268 2586 4323 certe
2614 4265 3048 4336 cogitationum
3078 4283 3195 4341 ope
3222 4266 3376 4324 inter
3399 4282 3512 4324 nos
3529 4283 3670 4324 con-

292 4346 355 4404 δε
398 4352 498 4404 ὑπὸ
527 4353 971 4428 παραπετάσματι
1016 4360 1080 4425 τῇ
1133 4357 1293 4428 σαρκὶ
1338 4352 1699 4428 καλυπτομένη
1750 4353 1895 4428 ἡμῶν

2008 4353 2434 4426 grederemur:
2464 4354 2613 4429 quia
2635 4371 2776 4412 vero
2797 4355 3004 4413 anima
3036 4360 3245 4413 nostra
3272 4356 3474 4413 carnis
3497 4360 3667 4427 tegu-

291 4440 323 4499 ἠ
359 4438 514 4513 ψυχὴ
564 4443 658 4504 τὰς
701 4439 895 4503 ἑννοίας
950 4439 1248 4515 ἐργάζεται,
1292 4442 1543 4518 ῥημάτων
1590 4438 1763 4498 δεῖται
1804 4446 1897 4498 καὶ

293 4529 561 4604 ὀνομάτων
590 4533 721 4608 πρὸς
765 4532 825 4584 τὸ
873 4526 1208 4604 δημοσιεύειν
1254 4531 1323 4584 τὰ
1362 4529 1410 4583 ἓν
1456 4538 1529 4604 τῷ
1585 4529 1741 4605 βάθει
1793 4534 1899 4586 κεί-

292 4638 444 4695 μενα.
499 4616 741 4674 Ἐπειδὰν
793 4616 881 4673 οὖν
923 4639 1049 4675 ποτε
1098 4618 1325 4680 λάϐηται
1365 4627 1537 4694 φωνῆς
1563 4626 1896 4696 σημωτικῆς

292 4711 327 4770 ἡ
373 4712 540 4766 ἔννοια
587 4711 733 4786 ἡμῶν
771 4710 865 4786 (⁸7),
924 4713 1097 4787 ὥσπερ
1153 4712 1421 4790 πορθμείῳ
1472 4712 1576 4767 τινὶ
1624 4719 1699 4788 τῷ
1753 4709 1892 4789 λόγῳ

2005 4447 2214 4501 mento
2254 4447 2486 4519 operta,
2519 4444 2918 4514 cogitationes
2946 4444 3248 4517 producit,
3284 4444 3483 4502 verbis
3511 4460 3668 4519 opus

2005 4531 2192 4591 habet
2228 4538 2287 4590 et
2328 4532 2708 4607 nominibus,
2759 4536 2825 4590 ut
2880 4548 2952 4590 ca
2996 4549 3136 4607 quae
3179 4533 3242 4589 in
3266 4532 3671 4591 reconditiora

2006 4622 2226 4680 mentis
2256 4638 2506 4682 secessu
2534 4621 2914 4693 delitescunt,
2944 4621 3212 4695 proferat
3244 4620 3308 4679 in
3352 4627 3660 4696 apertum.

2007 4714 2170 4771 Mens
2197 4711 2379 4785 igitur
2406 4716 2617 4773 nostra
2645 4710 2828 4769 simul
2856 4714 2925 4769 ut
2956 4726 3172 4769 vocem
3221 4710 3543 4785 quidpiam
3591 4710 3669 4769 si-

371 4889 421 4928 ⁷ο
450 4893 624 4950 Prov.
646 4907 705 4963 ιι,
737 4893 792 4950 3.
831 4889 879 4928 τί
911 4889 1064 4951 Psal.
1084 4904 1285 4964 xxxvr,
1316 4893 1407 4950 35.
1446 4889 1497 4929 ⁷³
1526 4893 1711 4950 Amos
1739 4903 1864 4960 vru,

2010 4890 2061 4928 ⁷³
2082 4893 2249 4950 Prov.
2281 4906 2356 4957 Ix,
2384 4895 2439 4948 2.
2468 4889 2519 4928 τι
2544 4889 2724 4949 Hebr.
2756 4906 2816 4962 v,
2855 4892 2942 4949 14.
2969 4891 3019 4928 ⁷⁵
3052 4890 3222 4949 Deut.
3254 4906 3344 4963 xv,
3373 4893 3428 4950 9.

368 5072 479 5146 (99)
518 5065 762 5146 Antiqui
796 5068 1084 5146 treslibri
1104 5072 1225 5146 περὶ
1253 5071 1318 5146 ἧς
1340 5073 1431 5125 καὶ
1455 5069 1505 5128 6.
1539 5067 1770 5146 Aberat
1796 5084 1901 5128 VO-

289 5141 440 5226 cula
452 5141 542 5226 κειρ
562 5160 600 5226 a
621 5141 1207 5226 vulgatissMoxnlleg'.
1221 5143 1455 5226 prim-us
1476 5143 1669 5226 Κύριος
1685 5141 1892 5226 tux-sy.

368 5216 448 5287 (1)
484 5217 719 5297 Veteres
738 5214 1166 5297 quinquelibri
1188 5214 1527 5297 πριτριάρχου
1556 5214 1722 5288 ἧμῶν.
1757 5214 1898 5275 Ulti-

288 5284 403 5345 ma
428 5287 636 5359 voxin
664 5284 978 5359 impressis
1007 5285 1176 5343 libris
1205 5284 1434 5359 deerat;

300 5433 315 5447 ν
370 5363 443 5446 (2)
475 5356 795 5417 Colbertini
839 5358 1073 5431 primus
1102 5361 1161 5415 et
1206 5357 1412 5415 tertius
1441 5361 1513 5431 μὴ
1544 5356 1684 5412 ἔλθοι
1704 5361 1794 5412 καὶ
1821 5356 1897 5431 ἐφ.

289 5451 561 5629 Sic
586 5500 746 5573 Regii
774 5498 1007 5574 primus
1030 5503 1089 5559 et
1108 5501 1334 5560 tertius.
1361 5499 1473 5559 Alii
1495 5517 1646 5559 mss.
1671 5503 1729 5561 et
1756 5499 1899 5559 editi

340 5596 358 5628 ι
403 5592 665 5629 ανματων.

340 5596 358 5628 ι

403 5573 665 5647 ἀγμάτων.
777 5573 795 5574 ἡ

894 5643 1177 5660 ....,...
1579 5646 1591 5660 .
1705 5646 1716 5660 ο

373 5643 453 5720 (ἐν)⁷
470 5643 718 5719 Ὰιιιὶιιιιὶ
744 5643 868 5704 duo
890 5643 1028 5705 libri
1056 5643 1381 5705 Colbertini
1408 5643 1661 5709 ἑκουσίως
1682 5645 1895 5713 ἀπολει-

2005 5070 2186 5125 πίσθω
2197 5112 2210 5127 .

2075 5145 2151 5218 (5)
2193 5139 2361 5218 Colb.
2400 5141 2636 5216 primus
2683 5144 2743 5196 τὸ
2767 5142 2978 5218 κράτος,
3005 5143 3219 5218 certe
3255 5145 3425 5216 Πατρὶ
3463 5144 3554 5218 καὶ
3595 5150 3669 5215 τῷ

2004 5212 2136 5306 αγίῳ
2190 5211 2455 5288 Πνεῦματι
2508 5223 2598 5269 νῦν
2647 5219 2738 5268 καὶ
2790 5211 2863 5276 εἰς
2898 5217 3020 5276 τοὺς
3075 5211 3267 5277 αἰῶνας
3317 5211 3418 5267 τῶν
3446 5211 3664 5269 αἰώνων.

2025 5289 2195 5344 Αμήν.

2070 5305 2260 5417 ειέίῖη
2289 5359 2432 5429 Reg.
2467 5356 2664 5431 primo
2685 5357 2783 5431 ita
2791 5354 3087 5431 scriptum
3113 5355 3478 5431 invenimus:
3500 5358 3670 5431 Οὗτος

2006 5429 2031 5481 6
2056 5427 2209 5502 λόγος
2230 5426 2644 5502 άναγινώσκεται
2662 5436 2725 5502 τῇ
2831 5426 2933 5502 τῆξ
2956 5435 3136 5502 τυρινῇ
3150 5447 3190 5488 ς.
3215 5428 3334 5484 Hic
3355 5442 3557 5502 sermo
3590 5429 3669 5502 le-

2004 5501 2173 5571 gitur
2199 5501 2298 5559 die
2323 5499 2586 5560 secunda
2607 5499 2737 5572 ejus
2752 5499 3166 5571 hebdomadis,
3198 5514 3317 5570 qua
3349 5499 3670 5556 lacticiniis

2007 5572 2160 5629 vesci
2190 5573 2344 5631 licet.

2076 5644 2154 5716 (7)
2193 5643 2359 5702 C011).
2388 5643 2597 5703 tertius
2618 5644 2648 5703 ἡ
2683 5645 2887 5699 ἐπίνοια
2915 5644 3085 5718 ἡμῶν.
