4124 6402
456 353 556 407 190

450 473 841 546 gnificantem
885 470 1306 545 apprehendit,
1358 485 1638 528 sermone
1684 469 1847 528 velut
1889 466 2113 541 cymba

445 561 721 635 quadam
740 559 995 630 vehitur,
1022 564 1081 616 et
1104 575 1307 616 aerem
1330 559 1738 629 transvolans,
1766 575 1804 615 a
1826 558 2111 630 loquente

446 650 662 708 transit
698 650 779 707 ad
820 649 1191 707 audientem.
1224 649 1451 716 Quodsi
1479 654 1683 721 nacta.
1709 648 1888 704 fuerit
1924 645 2111 703 altam

449 739 945 809 tranquillitatem
976 754 1046 795 ac
1069 739 1361 812 quietem,
1380 744 1502 796 tum
1527 754 1727 795 sermo
1760 736 1945 793 veluti
1969 750 2109 808 por-

448 835 580 887 tum
600 830 933 903 quemdam
954 828 1267 902 placidum
1281 845 1352 885 ac
1366 824 2109 902 tranquillum,discipulo-

448 937 588 977 rum
619 935 799 977 aures
830 918 1029 988 subit;
1056 918 1150 975 sin
1170 924 1375 975 autem
1401 920 1693 976 excitatus
1720 917 1799 974 ab
1819 913 2108 973 auditori-

447 1010 566 1067 bus
587 1008 1089 1082 tumultus,quasi
1101 1024 1319 1082 aspera
1328 1008 1614 1082 quaedam
1626 1011 1953 1080 tempestas
1968 1019 2109 1061 con-

446 1104 541 1157 tra
567 1098 867 1172 aspirarit,
899 1098 1101 1154 medio
1123 1098 1184 1153 in
1207 1114 1345 1155 aere
1369 1096 1700 1155 dissolutus
1718 1095 2107 1165 naufragium

448 1186 610 1244 facit.
643 1189 786 1244 Date
827 1186 1011 1258 igitur
1039 1186 1303 1259 quietem
1341 1185 1610 1267 sermoni
1638 1201 1746 1259 per
1779 1183 2104 1240 silentium.

451 1279 516 1332 In
538 1292 609 1333 eo
630 1276 791 1333 enim
820 1276 1071 1332 fortasse
1101 1274 1403 1332 videbitur
1423 1274 1653 1347 aliquid
1683 1273 1845 1343 utile,
1871 1287 1983 1329 nec
2008 1271 2107 1327 in—

447 1364 708 1436 dignum
736 1364 905 1438 quod
934 1364 1077 1421 hinc
1105 1364 1427 1420 vobiscum
1462 1363 1808 1437 exportetis.
1846 1360 2108 1418 Difﬁcilis

447 1457 629 1525 captu
648 1456 738 1509 est
764 1451 1025 1508 veritatis
1055 1467 1280 1517 sermo,
1308 1467 1381 1508 ac
1410 1451 1587 1508 facile
1616 1454 1815 1524 potest
1842 1449 2108 1521 effugere

446 1556 571 1597 non
595 1545 875 1597 attentos.
905 1540 993 1597 Ita
1021 1541 1183 1597 enim
1211 1541 1400 1597 voluit
1434 1539 1690 1613 Spiritus
1717 1543 1963 1596 sanctus
1988 1553 2107 1595 ser-

446 1645 693 1687 monem
718 1646 899 1687 suum
921 1634 1300 1687 contractum
1313 1645 1449 1687 esse
1466 1645 1535 1687 ac
1553 1628 1889 1698 brevem,ut
1902 1626 2110 1700 paucis

445 1718 641 1776 multa
672 1718 988 1789 signiﬁcet,
1020 1719 1309 1793 nulloque
1338 1719 1582 1790 negotio
1621 1718 1699 1775 ob
1748 1718 2106 1775 brevitatem

444 1808 648 1866 valeat
675 1807 852 1865 facile
893 1808 1192 1865 memoria
1235 1807 1495 1865 retineri.
1543 1811 1690 1864 Nam
1740 1812 1798 1864 et
1831 1805 2106 1863 naturale

447 1898 747 1955 sermonis
764 1913 991 1954 munus
1010 1903 1321 1971 est,neque
1350 1897 1717 1954 obscuritate
1745 1898 1849 1968 17
1878 1912 1948 1953 ea
1967 1912 2105 1969 quae

449 1986 826 2058 signiﬁcatur
850 1986 1176 2058 occultare,
1204 2003 1401 2061 neque
1428 2002 1951 2060 supervacaneum
1975 2001 2106 2041 esse

447 2080 507 2133 et
532 2093 784 2140 vanum,
836 2091 909 2133 ac
963 2080 1181 2133 temere
1217 2076 1400 2133 rebus
1447 2075 1891 2133 circumﬂuum.
1938 2077 2106 2131 Certe

446 2165 747 2238 ejusmodi
769 2169 909 2221 sunt
928 2181 999 2222 ea
1014 2164 1357 2239 verba,qu£e
1388 2165 1573 2221 modo
1592 2164 1769 2221 nobis
1790 2181 1862 2221 ex
1884 2164 2105 2235 Moysis

444 2254 615 2311 libris
644 2255 893 2312 recitata
921 2259 1080 2321 sunt,
1117 2271 1382 2328 quorum
1411 2255 1663 2311 omnino
1699 2248 2107 2311 recordamini

445 2360 553 2401 vos
576 2344 682 2417 qui
708 2343 961 2400 studiosi
980 2344 1147 2415 estis,
1182 2345 1299 2400 nisi
1326 2344 1476 2400 forte
1516 2344 1595 2401 ob
1635 2360 1811 2401 suam
1839 2343 2105 2400 brevita-

444 2436 569 2489 tem
592 2437 825 2490 vestras
847 2431 1350 2505 praeterﬂuxerint
1365 2448 1561 2490 aures.
1584 2436 1668 2490 lta
1688 2437 1891 2489 autem
1914 2438 1976 2489 se
2000 2432 2106 2488 ha-

443 2520 551 2577 bet
572 2520 867 2577 sententia
888 2536 902 2577 :
928 2520 1189 2578 Attende
1212 2522 1324 2577 tibi
1335 2522 1466 2593 ipsi,
1483 2537 1561 2579 ne
1578 2522 1822 2594 quando
1838 2522 1949 2591 fiat
1970 2536 2103 2579 ver-

448 2608 587 2665 bum
617 2610 917 2666 occultum
947 2610 1011 2665 in
1041 2609 1221 2666 corde
1252 2615 1355 2666 tuo
1384 2612 1695 2682 iniquitas.
1738 2613 1961 2668 Sumus
1992 2625 2105 2667 nos

444 2697 725 2754 homines
757 2697 838 2755 ad
863 2702 1117 2771 peccata
1144 2698 1580 2770 cogitationum
1610 2699 1924 2772 proclives.
1953 2703 2106 2767 Qua-

442 2794 690 2862 propter
707 2788 812 2862 qui
831 2788 1017 2846 corda
1037 2794 1245 2845 nostra
1270 2788 1621 2862 singillatim
1645 2790 1906 2859 ﬁnxit“,
1935 2789 2106 2847 haud

444 2877 684 2934 nescius
713 2877 776 2933 in
810 2877 1139 2935 voluntatis
1174 2877 1544 2951 appetitione
1591 2878 1880 2952 compleri
1917 2879 2106 2937 maxi-

442 2984 611 3024 mam
639 2971 1027 3041 peccatorum
1057 2972 1314 3041 partem,
1343 2969 1669 3041 puritatem
1700 2969 1762 3025 in
1786 2969 2105 3043 principali

442 3055 661 3113 animae
688 3048 858 3129 parte
898 3055 1099 3128 sitam,
1144 3072 1256 3114 ceu
1277 3057 1613 3131 principem
1647 3074 1719 3114 ac
1747 3058 2103 3131 primariam

441 3145 619 3203 nobis
639 3146 1012 3203 constituit.N
1019 3162 1119 3203 am
1148 3146 1412 3203 maxime
1432 3162 1556 3220 qua
1576 3153 1750 3220 parte
1774 3148 1944 3205 facile
1967 3164 2104 3221 pro-

440 3233 709 3291 labimur
731 3236 794 3291 in
816 3240 1090 3308 peccata,
1118 3235 1276 3292 hanc
1297 3236 1582 3293 custodia
1605 3252 1677 3293 ac
1700 3253 1844 3294 cura
1868 3238 2101 3310 majore

443 3323 731 3394 dignatus
760 3330 872 3381 est.
902 3324 1436 3391 Quemadmodum
1466 3325 1629 3382 enim
1659 3327 1881 3385 medici
1900 3328 2101 3401 provi-

444 3411 745 3469 dentiores
766 3412 1162 3469 imbecilliora
1182 3429 1439 3486 corpora
1458 3414 1703 3471 monitis
1726 3415 2101 3488 quibusdam

446 3500 522 3557 ad
554 3501 899 3558 cautionem
928 3501 1214 3558 adhibitis
1244 3502 1438 3560 multo
1468 3508 1606 3560 ante
1635 3505 2096 3563 communiunt:

443 3589 729 3647 eumdem
770 3591 851 3648 ad
878 3590 1134 3648 modum
1165 3592 1505 3649 communis
1534 3598 1795 3663 curator,
1835 3599 1893 3652 et
1918 3611 2100 3653 verus

444 3681 788 3738 animarum
838 3680 1137 3751 medicus,
1183 3698 1373 3755 quam
1419 3687 1653 3756 partem
1674 3684 1752 3742 ad
1779 3690 2099 3759 peccatum

441 3786 700 3843 pronam
718 3770 782 3826 in
806 3770 983 3827 nobis
1012 3771 1278 3827 maxime
1310 3772 1500 3843 novit,
1531 3788 1667 3830 eam
1696 3773 2097 3831 validioribus

440 3858 737 3933 praesidiis
765 3860 1169 3933 praemunivit.
1207 3861 1440 3918 Etenim
1484 3877 1793 3935 corporeae
1829 3864 2097 3921 actiones

439 3953 714 4022 tempore
739 3947 1034 4021 indigent,
1054 3951 1529 4023 opportunitate,
1554 3950 1786 4022 labore,
1808 3952 2097 4025 adjutori-

437 4036 577 4103 bus,
608 4035 870 4111 denique
892 4036 1130 4111 reliquo
1151 4044 1515 4097 commeatu.
1540 4042 1581 4096 Ε
1608 4040 1878 4114 diverso,
1908 4041 2100 4099 animi

440 4130 643 4183 motus
667 4126 815 4183 citra
834 4127 1122 4200 temporis
1148 4143 1386 4185 moram
1412 4128 1587 4197 ﬁunt,
1608 4130 2003 4202 perﬁciuntur
2021 4130 2099 4187 ci-

439 4216 533 4268 tra
549 4209 988 4281 lassitudinem,
1017 4211 1166 4269 citra
1184 4213 1490 4284 negotium
1521 4213 1712 4272 ullum
1737 4217 2096 4283 consistunt,

438 4300 724 4357 idoneum
747 4301 898 4375 ipsis
928 4306 1017 4359 est
1039 4306 1277 4376 tempus
1303 4319 1503 4361 omne.
1536 4305 1601 4361 Et
1638 4321 1786 4362 sane
1815 4322 2099 4363 nonnun-

438 4407 627 4463 quam
658 4391 955 4448 invenitur
983 4391 1091 4465 qui
1117 4406 1411 4463 arrogans
1436 4393 1532 4465 sit,
1564 4392 1994 4470 superbiatque
2022 4396 2098 4453 de

439 4479 728 4552 gravitate
757 4484 816 4537 et
851 4481 1143 4551 castitate,
1193 4482 1418 4556 quique
1463 4484 1831 4540 extrinsecus
1861 4501 1987 4558 prae
2036 4501 2098 4542 se

436 4568 634 4626 ferens
648 4570 1061 4643 temperantiae
1080 4568 1335 4640 larvam,
1354 4587 1425 4628 ac
1445 4571 1806 4646 plerumque
1825 4575 1981 4631 inter
1995 4591 2097 4632 eos

436 4658 542 4732 qui
565 4659 768 4733 ipsum
789 4659 869 4716 ob
887 4659 1165 4739 virtutem
1184 4659 1436 4718 beatum
1453 4661 2097 4736 prtedicant,desidens

435 4747 845 4820 medius,mox
864 4753 1069 4807 tamen
1101 4747 1465 4821 cogitatione
1489 4765 1598 4824 per
1626 4752 1933 4811 occultum
1962 4770 2095 4812 eor-

435 4837 528 4894 dis
549 4831 784 4895 motum
807 4838 885 4895 ad
909 4839 1143 4913 peccati
1162 4839 1367 4897 locum
1392 4842 1870 4900 aceurrat.Videt
1889 4844 2096 4903 animo

435 4928 782 5000 concupita,
811 4929 1294 4987 comminiscitur
1319 4942 1711 5002 congressum
1740 4933 2093 5008 quempiam

434 5015 814 5081 indecorum,
846 5032 918 5073 ac
957 5018 1221 5091 denique
1250 5017 1311 5073 in
1357 5018 1565 5075 abdita
1598 5021 1791 5077 cordis
1828 5022 2093 5095 officina,

434 5105 664 5163 claram
712 5106 774 5163 in
827 5106 1027 5181 seipso
1066 5107 1391 5180 voluptatis
1433 5108 1695 5182 speciem
1737 5109 2094 5185 depingens,

434 5193 616 5252 nullis
644 5195 893 5253 testibus
922 5197 1078 5255 intra
1108 5213 1171 5254 se
1201 5201 1519 5270 peccatum
1551 5204 1874 5274 perpetrat,
1902 5204 2093 5262 omni-

504 5348 554 5384 ⁷⁸
592 5347 750 5406 Psal.
780 5365 979 5418 xxxiv,
1014 5353 1099 5407 ll.

507 5507 585 5581 (8_)
616 5503 676 5556 In
708 5499 1016 5581 aliquibus
1046 5501 1359 5581 codicibus
1390 5506 1848 5581 Combcﬁsianis
1874 5508 2089 5581 legitur

435 5570 721 5660 δυνάμενος
755 5570 1009 5654 ἐκφυγεῖν.
1069 5574 1189 5631 Nec
1236 5575 1320 5633 ita
1369 5576 1561 5636 multo
1606 5584 1745 5652 post
1778 5586 1895 5639 tres
1934 5570 2086 5640 fnss.

433 5653 566 5700 ὣστε
596 5653 816 5698 πλεῖστα
846 5653 913 5700 εν.

1812 346 1871 403 8.
1915 342 2166 399 BASILII
2203 340 2446 399 MAGNI.

3712 344 3821 401 200

2141 464 2192 518 Α
2222 464 2574 540 ἐποχουμένη,
2628 463 2937 544 διαπερῶσα
2991 469 3078 519 τόν
3135 466 3280 541 ἀέρα,
3340 466 3395 520 ἐκ
3442 475 3534 521 τοῦ
3592 471 3817 542 φθεγγο-

2218 560 2371 627 μένου
2419 555 2717 629 μεταϐαίνει
2762 561 2894 633 πρός
2945 561 3032 610 τόν
3077 556 3350 610 ἀκούοντα⁸
3402 557 3496 609 κᾶν
3545 562 3635 630 μὶν
3693 560 3814 634 εὕρῃ

2216 643 2446 715 γαλήνην
2478 643 2695 718 βαθεῖαν
2724 650 2814 698 καὶ
2860 648 3119 718 ἡσυχίαν,
3152 648 3326 721 ὥσπερ
3374 645 3577 719 λιμέσιν
3621 644 3819 709 εὐδίοις

2216 737 2307 785 καὶ
2352 732 2702 807 ἀχειμάστοις
2730 742 2846 796 ταῖς
2877 733 3059 797 ἀκοαῖς
3092 744 3191 787 τῶν
3229 736 3588 807 μανθανόντων
3615 737 3642 788 6
3664 735 3818 809 λόγος

2217 819 2673 896 ἐγκαθορμιξεται·
2721 822 2804 876 ὶάν
2846 820 2905 877 δί
2948 822 3053 876 οἷον
3086 822 3216 884 ζαλη
3245 842 3326 886 τις
3367 831 3595 898 τραχεῖα
3618 826 3645 877 6
3674 827 3819 900 παρά

2215 919 2316 962 τῶν
2361 910 2650 964 ἀκουόντων
2696 911 2914 987 θόρυϐος
2961 910 3297 985 ἀντιπνεύσῃ,
3343 911 3391 963 ἓν
3434 917 3578 985 μέσῳ
3606 922 3679 985 τῷ
3705 911 3817 989 ἀέρι

2217 994 2484 1063 διαλυθεὶς
2536 1000 2845 1074 ἕναυάγησε.
2906 1006 3171 1059 Ποιήσατε
3239 1006 3411 1053 τοίνυν
3463 1002 3692 1074 γαλήνην
3743 1013 3817 1076 τῷ

2214 1088 2349 1162 λόγῳ
2389 1087 2484 1143 διὰ
2506 1099 2602 1152 τῆς
2647 1100 2870 1154 σιωπῆς.
2917 1090 3071 1153 Ἴσως
3098 1093 3201 1165 γὰρ
3249 1093 3309 1143 οἰν
3348 1111 3401 1143 τι
3444 1097 3621 1163 φανείη
3668 1097 3816 1167 χρή-

2218 1198 2369 1252 σιμον
2414 1182 2549 1252 ἔχων
2597 1189 2697 1232 τῶν
2747 1178 3047 1253 ἀγωγίμων.
3095 1182 3433 1255 Δυσθὴρατός
3476 1179 3617 1233 ἔστιν
3665 1183 3690 1233 6
3720 1189 3817 1243 τῆς

2216 1266 2459 1331 ἀληθείας
2500 1268 2670 1341 λόγος,
2719 1266 2920 1345 ῥᾳδίως
2968 1265 3254 1342 δυνάμενος
3283 1267 3544 1342 ἐκφεύγειν
3571 1271 3649 1341 (8)
3695 1275 3817 1334 τους

2214 1362 2285 1430 μὴ
2338 1363 2718 1433 προσέχοντας,
2765 1357 2900 1412 οὓτω
2952 1366 3043 1411 τοῦ
3102 1361 3398 1432 Πνεύματος
3444 1359 3817 1432 οἰκονομήσαν-

2214 1466 2302 1510 τος
2333 1447 2735 1521 συνεσταλμένον
2767 1448 2921 1500 αὐτόν
2949 1444 3078 1500 εἶναι
3101 1454 3191 1500 καὶ
3221 1446 3457 1522 βραχὺν,
3490 1447 3625 1501 ὣστε
3654 1448 3818 1502 πολλά

2216 1534 2264 1588 έν
2314 1536 2510 1609 ὀλίγοις
2553 1534 2765 1606 δηλοῦν,
2816 1543 2907 1590 καὶ
2950 1533 3046 1590 διὰ
3094 1542 3377 1610 συντομίαν
3436 1537 3641 1591 εὔκολον
3686 1536 3817 1591 εἶναι

2215 1633 2276 1699 τῇ
2311 1631 2487 1700 μνήμῃ
2529 1627 3048 1702 παρακατασχίσθαι
3069 1626 3162 1688 (9).
3216 1630 3316 1680 Καὶ
3339 1628 3441 1701 γὰρ
3474 1629 3627 1700 φύσει
3657 1625 3812 1702 ἀρετὴ

2214 1714 2370 1787 λόγου
2412 1721 2545 1788 μήτε
2588 1714 2815 1788 ἀσαφείᾳ
2860 1717 3106 1791 κρύπτειν
3154 1717 3222 1768 τὰ
3266 1720 3641 1790 σημαινόμενα,
3682 1721 3818 1790 μήτε

2215 1808 2453 1879 περιττόν
2486 1802 2614 1857 εἶναι
2656 1810 2746 1857 καὶ
2787 1806 3008 1878 μάταιον
3039 1809 3149 1863 εἰκῆ
3183 1812 3294 1867 τοῖς
3322 1807 3602 1880 πράγμασι
3631 1804 3815 1881 περιρ-

2214 1896 2415 1970 ῥέοντα.
2446 1894 2656 1957 Ὀποῖος
2682 1892 2769 1948 οὖν
2816 1891 2882 1953 δή
2920 1893 3033 1948 ἔστι
3062 1899 3152 1948 καὶ
3195 1894 3221 1947 ὁ
3252 1894 3442 1976 ἀρτίως
3468 1897 3593 1968 ἡμῖν
3623 1893 3678 1947 ἐκ
3715 1905 3815 1947 τῶν

2215 1988 2479 2045 Μωῡσίως
2528 1983 2721 2057 βιϐλων
2779 1981 3160 2057 ἀνεγνωσμένος
3211 1983 3383 2056 λόγος,
3445 1984 3505 2036 οὗ
3550 1986 3818 2057 μέμνησθε

2214 2074 2421 2134 πάντως
2450 2072 2498 2125 οἳ
2535 2092 2594 2145 γε
2624 2073 2907 2145 φιλόπονοι,
2952 2072 3085 2131 πλὴν
3116 2072 3159 2126 εἰ
3186 2078 3257 2146 μή
3305 2092 3405 2125 που
3451 2068 3546 2125 διά
3594 2071 3816 2148 βραχύ-

2215 2182 2351 2220 τητα
2373 2159 2703 2237 παρέδραμεν
2734 2164 2876 2235 υμῶν
2923 2164 3017 2223 τάς
3064 2161 3244 2224 ἀκοάς.
3295 2161 3449 2234 Ἐχει
3492 2159 3552 2214 δε
3600 2164 3629 2219 ἡ
3679 2162 3818 2225 λέξις

2215 2252 2416 2314 οὕτως·
2474 2256 2714 2326 Πρόσεχε
2786 2260 3025 2322 σεαυτῷ,
3081 2256 3151 2324 μή
3208 2270 3333 2304 ποτε
3400 2254 3616 2323 γένηται
3667 2252 3818 2326 ῥῆμα

2214 2344 2444 2416 κρυπτὸν
2493 2339 2541 2392 ἓν
2598 2348 2659 2413 τῇ
2716 2336 2916 2413 καρδίᾳ
2951 2359 3040 2393 σον
3072 2338 3336 2413 ἀνόμημα.
3386 2340 3604 2395 Εὗκολοί
3661 2338 3814 2413 ἐσμεν

2214 2434 2346 2505 πρός
2408 2432 2503 2493 τὰς
2567 2431 2703 2482 κατά
2777 2425 3014 2481 διάνοιαν
3085 2428 3347 2505 ἁμαρτίας
3402 2431 3452 2482 οἱ
3524 2431 3811 2505 ἅνθρωποι.

2215 2524 2398 2595 Διόπερ
2469 2521 2496 2572 6
2551 2519 2759 2581 πλάσας
2826 2524 3126 2593 καταμόνας
3194 2522 3288 2581 τάς
3357 2515 3586 2594 καρδίας
3640 2520 3810 2592 ἡμῶν,

2214 2605 2388 2677 εἰδὼς,
2438 2609 2520 2661 ότι
2573 2612 2631 2662 τὸ
2683 2608 2922 2662 πλεῖστον
2988 2616 3084 2671 τῆς
3141 2608 3402 2685 ἁμαρτίας
3452 2607 3501 2660 ἓν
3671 2609 3808 2681 ὁρμῇ

2212 2698 2504 2775 πληροῦται
2550 2707 2611 2772 τῇ
2663 2701 2799 2751 κατὰ
2844 2699 3112 2773 πρόθεσιν,
3158 2703 3253 2757 τὴν
3306 2697 3355 2751 ἰν
3399 2706 3471 2770 τῷ
3517 2699 3813 2771 ἡγεμονικῷ

2212 2790 2549 2863 καθαρότητα
2592 2794 2803 2863 πρώτην
2851 2788 2977 2860 ἡμῖν
3026 2782 3322 2850 διετάξατο.
3355 2786 3425 2839 Ὢ
3447 2789 3548 2861 γὰρ
3579 2785 3816 2859 μάλιστα

2212 2883 2510 2952 προχείρως
2578 2876 3030 2951 έξαμ-αρτάνομεν,
3086 2885 3241 2930 τοῦτο
3297 2875 3527 2937 πλείονος
3581 2875 3816 2949 φυλακῆς

2212 2972 2301 3020 καὶ
2343 2965 2633 3040 ἐπιμελείας
2677 2966 2917 3029 ἠξίωσεν.
2970 2964 3176 3041 .”Ωσπερ
3244 2967 3346 3041 γάρ
3394 2974 3495 3017 τῶν
3559 2967 3817 3037 σωμάτων

2211 3059 2279 3109 τὰ
2331 3054 2676 3131 ἀσθενέστερα
2727 3058 2776 3107 oi
2825 3056 3247 3129 προμηθέστεροι
3293 3062 3393 3106 τῶν
3455 3053 3642 3127 ἰατρῶν
3694 3060 3817 3115 ταῖς

2210 3144 2655 3219 προφυλακτικαῑς
2720 3145 3015 3205 ὑποθήκαις
3088 3141 3350 3217 πόρρωθεν
3410 3140 3813 3215 ἀσφαλίζονται·

2212 3233 2376 3297 οὓτως
2427 3235 2453 3286 ό
2505 3235 2678 3294 κοινός
2723 3228 2989 3305 κηδεμὼν,
3041 3236 3130 3285 καὶ
3176 3230 3419 3294 ἀληθινός
3469 3239 3570 3284 τῶν
3619 3230 3815 3303 ψυχῶν

2214 3323 2409 3399 ἰατρός,
2461 3322 2487 3375 ὃ
2533 3322 2767 3396 μάλιστα
2812 3323 2957 3394 ἡμῶν
3006 3317 3118 3374 οἶδε
3172 3324 3310 3389 (10)
3363 3322 3494 3395 πρὸς
3552 3319 3815 3395 ἁμαρτίαν

2210 3414 2646 3489 ὁλισθηρότερον,
2718 3419 2871 3465 τοῦτο
2949 3411 3322 3487 ἰσχυροτέραις
3399 3409 3814 3485 προκατελάϐετο

2210 3503 2482 3577 φυλακαῖς.
2529 3504 2594 3556 Αἱ
2622 3504 2712 3575 μεν
2754 3504 2857 3577 γὰρ
2890 3496 2985 3554 διὰ
3025 3508 3117 3553 τοῦ
3169 3505 3411 3574 σώματος
3458 3500 3674 3574 πράξεις
3719 3504 3813 3553 καὶ

2207 3598 2403 3669 χρόνου
2471 3588 2697 3659 δεονται,
2752 3595 2842 3643 καὶ
2895 3589 3182 3665 εὐκαιρίας,
3255 3594 3345 3642 καὶ
3396 3591 3664 3663 καμάτων,
3719 3593 3813 3641 καὶ

2209 3690 2489 3758 συνεργῶν,
2528 3685 2738 3741 καὶτῆς
2764 3678 2953 3741 λοιπῆς
2996 3683 3282 3754 χορηγίας·
3329 3680 3385 3731 αἰ
3433 3674 3492 3731 δι
3537 3686 3634 3739 τῆς
3682 3674 3812 3731 δια-

2205 3777 2349 3833 νοίας
2388 3774 2623 3830 κινήσεις
2670 3765 2909 3841 ἀχρόνως
2967 3764 3311 3842 ἕνεργοῦνται,
3380 3763 3589 3828 ἀκόπως
3636 3764 3812 3821 ἔπιτε-

2204 3860 2435 3926 λοῠνται,
2488 3856 2934 3932 ἀπραγματεύτως
2994 3859 3355 3923 συνίστανται,
3410 3857 3582 3908 πάντα
3627 3859 3811 3931 καιρόν

2208 3944 2504 4008 ἐπιτήδειον
2558 3948 2768 4019 ἔχουσι.
2830 3948 2932 3999 Καί
2978 3947 3079 3997 πού
3136 3964 3217 4008 τις
3269 3954 3369 3997 τῶν
3425 3944 3662 4020 σοϐαρῶν
3719 3951 3812 4000 καὶ

2206 4038 2658 4112 κατωφρυωμένων
2709 4033 2792 4087 ἐπὶ
2848 4037 3145 4107 σεμνότητι,
3200 4033 3421 4108 πλάσμα
3469 4037 3813 4108 σωφροσύνης

2208 4128 2389 4191 ἔξωθεν
2427 4128 2796 4201 περικείμενος,
2848 4120 2896 4175 έν
2943 4126 3125 4195 μέσοις
3171 4122 3517 4195 καθεζόμενος
3561 4122 3813 4186 πολλάκις

2207 4224 2319 4279 τοῖς
2374 4214 2451 4268 ἔπ’
2511 4212 2664 4288 ἀρετῇ
2724 4211 2879 4264 αὐτὸν
2937 4210 3347 4287 μακαρίζουσιν,
3415 4206 3685 4287 ἀπέδραμε
3742 4218 3807 4285 τῇ

2210 4302 2421 4378 διανοιᾳ
2447 4305 2578 4379 πρὸς
2623 4305 2710 4355 τόν
2758 4306 2853 4364 τῆς
2895 4300 3156 4375 ἁμαρτίας
3202 4304 3357 4353 τόπον
3400 4297 3448 4352 έν
3496 4309 3568 4372 τῷ
3630 4298 3813 4374 ἀφανεῖ

2208 4404 2270 4456 τῆ
2283 4417 2303 4457 ς
2327 4390 2555 4470 καρδίας
2591 4397 2861 4466 κινήματι.
2907 4385 3031 4445 Εἶδε
3078 4397 3139 4464 τῇ
3187 4394 3449 4464 φαντασίᾳ
3476 4392 3543 4442 τὰ
3573 4387 3812 4443 σπουδα-

2210 4488 2419 4561 ζόμενα,
2490 4481 2856 4537 ἀνετυπώσατό
2920 4499 3039 4534 τινα
3112 4479 3317 4554 ὁμιλίαν
3389 4480 3482 4534 οὐκ
3553 4479 3805 4555 εὐπρεπῆ,

2207 4581 2297 4631 καὶ
2354 4574 2483 4638 ὃλως
2534 4571 2582 4626 ἓν
2634 4580 2706 4645 τῷ
2752 4575 2994 4646 κρυφαίῳ
3035 4575 3132 4632 τῆς
3175 4564 3403 4644 καρδίας
3450 4567 3804 4645 ἐργαστηρίῳ,

2206 4667 2391 4742 ἐναργῆ
2443 4662 2490 4717 ἔν
2540 4662 2704 4735 ἑαυτῷ
2750 4662 2844 4720 τήν
2898 4655 3089 4719 ἡδονήν
3144 4658 3516 4734 ζωγραφήσας,
3575 4657 3809 4734 ἀμάρτυ-

2204 4773 2292 4832 ρον
2344 4757 2448 4809 ἓσω
2495 4756 2588 4813 την
2646 4751 2907 4825 ἁμαρτίαν
2962 4749 3262 4823 εἰργάσατο,
3325 4751 3590 4822 ἄγνωστον
3642 4755 3807 4803 πᾶσιν

2131 4365 2176 4420 0

2204 4847 2300 4910 ἕως
2350 4845 2410 4897 ἂν
2458 4844 2577 4916 ἔλθη
2631 4843 2656 4894 6
2706 4838 3083 4893 ἀποκαλύπτων
3149 4840 3215 4891 τά
3265 4840 3474 4913 κρυπτὰ
3523 4847 3614 4891 τοῦ
3684 4845 3809 4892 σκό-

2204 4956 2345 5003 τους,
2378 4935 2468 4986 καὶ
2516 4939 2740 5006 φανερῶν
2783 4932 2877 4990 τὰς
2908 4926 3103 5001 βουλὰς
3132 4936 3230 4980 τῶν
3272 4924 3526 5003 καρδιῶν.
3578 4926 3809 4991 Φυλαξαι

2205 5024 2314 5093 οὖν,
2347 5029 2418 5098 μή
2451 5041 2574 5077 ποτε
2602 5025 2815 5093 γένηται
2842 5020 2989 5095 ῥῆμα
3016 5021 3243 5091 κρυπτὸν
3276 5016 3323 5069 ἐν
3461 5014 3661 5094 καρδίᾳ
3709 5038 3806 5071 σου

2207 5114 2473 5187 ἀνόμημα.
2545 5108 2603 5161 Ὀ
2659 5111 2758 5183 γὰρ
2828 5105 3088 5181 ἐμϐλέψας
3136 5111 3346 5178 γυναικὶ
3398 5110 3527 5180 πρὸς
3579 5110 3637 5158 τό
3687 5103 3807 5159 ἑπι-

2208 5207 2467 5277 ουμῆσαι,
2526 5194 2635 5257 ἤδη
2721 5195 3029 5277 ἐμοίχευσεν
3100 5193 3148 5247 ἐν
3214 5203 3277 5267 τῇ
3346 5190 3547 5268 καρδία
3619 5195 3804 5251 αὑτοῦ.

2264 5508 2341 5585 (9)
2364 5505 2614 5585 Codices
2641 5499 3064 5585 Combeﬁsiani
3103 5506 3638 5577 παρακατασχέσθαι.
3684 5507 3801 5561 Νο-

2198 5577 2314 5662 ειέί,
2334 5587 2392 5662 et
2418 5581 2563 5662 editi
2593 5577 3086 5662 πρισκαῖέκεςραιι
3174 5644 3196 5659 ,

2268 5655 2384 5727 (10)
2404 5643 2647 5726 Antiqui
2666 5650 2791 5708 duo
2815 5643 2953 5706 libri
2977 5650 3121 5722 ἡμῶν
3149 5643 3273 5701 εἶδε.
