4124 6450
267 389 364 444 201

1194 383 1480 440 HOMILIA
1525 382 1597 437 IN
1640 383 1872 452 lLLUD,
1912 380 2292 437 AITENDE
2334 379 2503 435 TIBI
2531 379 2717 435 IPSI.

3540 378 3647 435 202

269 515 410 566 Διὸτι
458 510 513 562 αἰ
564 513 653 583 μὲν
707 517 798 562 τοῦ
840 514 1081 582 σώματος
1109 508 1323 584 πράξεις
1365 512 1464 561 ὑπὸ
1494 508 1691 561 πολλῶν
1742 505 1869 560 δια-

1989 505 2102 561 bus
2134 505 2433 577 ignotum,
2462 504 2656 561 donec
2686 502 2886 560 veniat
2923 501 3028 576 qui
3075 501 3365 559 revelabit
3409 501 3646 559 occulta

268 605 567 667 κόπτονται,
613 600 639 651 ὁ
680 594 738 651 δὲ
785 601 920 651 κατὰ
966 600 1211 673 πρόθεσιν
1244 598 1571 673 ἁμαρτάνων,
1612 607 1684 670 τῷ
1713 599 1872 670 τάχει

268 698 367 742 τῶν
412 689 685 761 νοημάτων
733 687 1247 761 συναπαρτιξομένην
1287 689 1396 758 ἔχει
1446 691 1539 745 τὴν
1589 686 1868 761 ἁμαρτίαν.

267 785 433 831 Ὅπου
482 774 569 829 οὖν
617 776 707 840 ὀξὺ
750 779 808 828 τὸ
855 777 1207 851 παράπτωμα,
1250 782 1444 849 ταχεῖα
1488 773 1704 829 δέδοται
1748 778 1872 850 ἡμῖν

269 871 300 927 ἡ
329 867 551 941 φυλακή.
613 868 1028 941 Διαμαρτύρεται
1070 868 1190 941 γὰρ,
1224 871 1439 924 Μήποτε
1467 870 1679 938 γένηται
1729 867 1875 942 ῥῆμα

270 960 497 1033 κρυπτὸν
527 954 576 1008 ἐν
628 964 690 1028 τῇ
723 952 923 1030 καρδίᾳ
975 975 1068 1008 σου
1115 954 1378 1029 ἀνόμημα.
1435 955 1640 1009 Μᾶλλον
1689 953 1748 1009 δι
1796 955 1874 1010 ἐπ’

273 1046 426 1105 αὐτὴν
456 1053 548 1098 τοῦ
576 1044 731 1117 λόγου
756 1049 850 1103 τὴν
882 1043 1057 1119 ἀρχὴν
1089 1042 1488 1120 ἀναδράμωμεν.

1982 596 2395 661 tenebrarum,
2429 598 2487 649 et
2513 591 2933 649 manifestabit
2975 591 3228 648 consilia
3265 591 3543 647 cordium
3574 592 3641 644 ⁷⁸.

1986 688 2136 744 Cave
2167 685 2349 757 igitur
2378 699 2452 741 ne
2480 683 2726 756 quando
2751 682 2994 740 verbum
3026 683 3329 739 occultum
3361 682 3426 737 in
3470 681 3650 738 corde

1986 784 2086 833 tuo
2109 776 2221 846 ﬁat
2252 776 2559 832 delictum.
2587 773 2861 844 Quisquis
2892 773 3049 829 enim
3072 772 3309 842 aspexit
3334 771 3649 827 mulierem

1985 868 2068 926 ad
2084 865 2625 936 concupiscendum
2646 879 2797 931 eam,
2806 866 2943 933 jam
2966 862 3338 919 adulterium
3356 861 3650 918 commisit

1983 958 2050 1014 in
2082 956 2254 1013 corde
2296 969 2403 1012 suo
2433 955 2505 1012 ⁷⁷.
2548 957 2700 1010 Nam
2749 951 3017 1025 corporis
3062 951 3329 1007 actiones
3373 965 3411 1006 a
3445 948 3651 1005 multis

1985 1045 2484 1117 intercipiuntur:
2518 1043 2623 1117 qui
2660 1057 2805 1099 vero
2836 1045 3048 1115 peccat
3093 1039 3420 1107 voluntate,
3448 1039 3651 1095 statim

275 1135 445 1193 celeri
476 1135 912 1205 cogitationum
961 1139 1133 1190 motu
1171 1140 1489 1207 peccatum
1519 1135 1792 1209 explevit.
1830 1136 1938 1193 Ubi
1954 1137 2137 1208 igitur
2164 1135 2373 1208 lapsus
2413 1139 2503 1191 est
2522 1139 2900 1206 repentinus,
2932 1130 3015 1188 ibi
3048 1130 3367 1204 repentina
3396 1128 3653 1186 cavendi

276 1225 524 1283 facultas
549 1225 662 1281 fuit
684 1224 864 1281 nobis
894 1224 1132 1281 tradita.
1175 1224 1521 1282 Obtestatur
1540 1226 1724 1291 enim,
1755 1226 2090 1299 Nequando
2129 1224 2374 1283 verbum
2395 1226 2692 1281 occultum
2720 1223 2784 1279 in
2832 1221 3005 1279 corde
3048 1226 3151 1277 tuo
3187 1221 3300 1290 ﬁat
3342 1220 3646 1277 delictum-

273 1316 405 1371 Jam
433 1315 634 1388 potius
660 1314 739 1371 ad
767 1315 971 1386 ipsum
1002 1314 1299 1370 sermonis
1325 1330 1710 1371 recurramus
1736 1316 2073 1373 exordium.

341 1408 392 1460 2.
436 1409 694 1479 Πρόσεχε,
730 1409 880 1476 φησὶ,
913 1413 1134 1475 σεαυτῷ.
1163 1411 1274 1457 Τῶν
1298 1405 1442 1464 ζώων
1487 1406 1704 1458 ἕκαστον
1734 1408 1881 1479 παρὰ

271 1500 361 1546 τοῦ
402 1494 470 1546 τὰ
514 1494 687 1546 πάντα
736 1496 1139 1566 συστησαμένου
1184 1500 1317 1546 Θεοῦ
1363 1495 1559 1546 οἴκοθεν
1627 1497 1740 1566 ἔχει
1785 1497 1881 1556 τὰς

273 1581 508 1655 ἀφορμὰς
552 1585 684 1656 πρὸς
735 1584 830 1639 τὴν
879 1580 1110 1654 φυλακὴν
1167 1588 1261 1643 τῆς
1305 1581 1499 1642 οἰκείας
1549 1584 1875 1644 συστάσεως.

2061 1411 2115 1462 2.
2157 1404 2437 1473 Attende,
2468 1404 2684 1476 inquit,
2720 1401 2830 1459 tibi
2847 1402 2981 1470 ipsi.
3012 1399 3253 1457 Animal
3277 1397 3538 1473 quodvis
3569 1397 3650 1457 ad

1990 1511 2055 1551 se
2078 1495 2375 1551 tuendum
2397 1492 2475 1549 ab
2496 1491 2774 1581 omnium
2795 1490 3108 1548 conditore
3131 1493 3252 1546 Deo
3282 1487 3468 1545 habet
3487 1488 3651 1545 intus

1988 1584 2281 1657 impetum
2315 1577 2669 1657 quemdam.
2690 1581 2967 1638 Invenias
3002 1578 3301 1650 itidem,si
3323 1585 3508 1635 modo
3523 1577 3651 1635 ani-

273 1675 373 1725 Καὶ
420 1671 589 1746 εὕροις
635 1669 717 1735 ἂν,
746 1670 791 1723 εἰ
836 1672 1180 1743 καταμάθοις,
1215 1668 1485 1743 ἐπιμελῶς,
1532 1680 1632 1723 τῶν
1682 1670 1876 1744 ἀλόγων

1989 1690 2162 1729 mum
2209 1673 2527 1743 diligenter
2559 1670 2905 1741 attenderis,
2950 1668 3286 1725 maximam
3328 1667 3648 1724 brutorum

268 1763 336 1814 τά
379 1760 600 1814 πλεῖστα
648 1756 938 1812 ἀδίδακτον
987 1762 1178 1832 ἔχοντα
1223 1764 1317 1819 τὴν
1366 1763 1498 1834 πρὸς
1538 1764 1597 1813 τὸ
1647 1760 1879 1835 βλάπτον

269 1848 540 1908 διαϐολήν·
569 1854 659 1902 καὶ
707 1857 901 1922 φυσικῇ
948 1869 1051 1901 τινι
1107 1848 1260 1902 πάλιν
1304 1849 1427 1923 ὁλκῇ
1460 1854 1591 1924 πρὸς
1639 1855 1733 1910 τήν
1779 1860 1879 1904 τῶν

267 1938 593 2012 ὠφελούντων
659 1936 947 1990 ἀπόλαυσιν
1006 1936 1327 2011 ἐπειγόμενοι.
1376 1941 1463 1992 Διὸ
1520 1944 1610 1992 καὶ
1658 1941 1783 2013 ἡμῖν
1853 1941 1879 1992 ὁ

265 2024 532 2081 παιδεύων
580 2029 723 2100 ἡμᾶς
752 2030 883 2088 Θεὸς
929 2030 987 2079 τὸ
1035 2031 1172 2101 μέγα
1216 2036 1370 2080 τοῦτο
1413 2029 1759 2104 παράγγελμα
1798 2025 1882 2083 δέ-

267 2114 453 2186 δωκεν,
506 2115 609 2184 ἳνα,
643 2118 764 2192 ὅπερ
814 2115 1024 2179 ἐκείνοις
1078 2115 1133 2169 ἐκ
1187 2120 1409 2190 φύσεως,
1438 2126 1592 2170 τοῦτο
1645 2119 1770 2191 ἡμῖν
1824 2117 1880 2171 ἐκ

264 2215 364 2271 τῆς
437 2215 529 2260 τοῦ
598 2206 754 2279 λόγου
828 2205 1077 2279 βοηθείας
1142 2213 1516 2280 προσγένηται·
1594 2212 1685 2261 καὶ
1756 2209 1877 2282 ὅπερ

262 2299 619 2372 κατορθοῦται
672 2303 783 2357 τοῖς
845 2295 1054 2369 ἀλόγοις
1105 2295 1482 2365 ἀνεπιστάτως,
1545 2306 1700 2351 τοῦτο
1755 2298 1878 2373 παρ’

263 2388 415 2460 ἡμῶν
445 2383 741 2445 ἐπιτελῆται
772 2381 867 2437 διὰ
894 2393 990 2447 τῆς
1028 2394 1308 2460 προσοχῆς
1350 2392 1441 2440 καὶ
1483 2394 1580 2449 τῆς
1624 2395 1882 2460 συνεχοῦς

262 2485 367 2529 τῶν
424 2476 689 2549 λογισμῶν
740 2475 854 2547 (11)
909 2473 1251 2539 ἐπιστάσεως·
1307 2482 1397 2529 καὶ
1461 2476 1680 2550 φύλακες
1746 2478 1879 2551 ὦμεν

263 2564 504 2641 ἀκριϐεῖς
543 2573 644 2617 τῶν
690 2566 836 2638 παρὰ
896 2572 1030 2619 Θεοῦ
1097 2562 1387 2640 δεδομένων
1432 2568 1557 2639 ἡμῖν
1612 2566 1875 2643 ἀφορμῶν·

262 2658 539 2728 φεύγοντες
581 2657 670 2727 μὲν
713 2658 808 2713 τήν
851 2653 1128 2729 ἁμαρτίαν,
1163 2657 1335 2731 ὥσπερ
1384 2659 1451 2708 τὰ
1492 2656 1658 2729 οἴλογα
1705 2660 1880 2730 φεύγει

259 2753 364 2798 τῶν
413 2744 706 2819 βρωμάτων
753 2746 820 2797 τὰ
868 2741 1189 2818 δηλητήρια·
1234 2742 1509 2809 διώκοντες
1551 2742 1610 2799 δὲ
1655 2751 1751 2806 τὴν
1796 2743 1879 2800 δι-

256 2838 571 2903 καιοσύνην,
621 2836 796 2909 ὥσπερ
840 2832 1053 2887 κάκεῖνα
1107 2832 1423 2909 μεταδιώκει
1452 2838 1563 2908 (12)
1602 2845 1699 2899 τῆς
1743 2841 1878 2900 πόας

254 2928 316 2978 τὸ
375 2930 649 2998 τρόφιμον.
709 2928 952 2999 Πρόσεχε
1001 2921 1089 2976 οὖν
1140 2935 1361 2997 σεαυτῷ,
1413 2924 1499 2979 ἳνα
1545 2922 1768 2990 δυνατὸς
1812 2924 1875 3000 ᾖς

254 3011 549 3090 διακρίνειν
579 3017 637 3067 τὸ
671 3012 902 3088 βλάπτον
953 3012 1069 3067 ἀπὸ·
1096 3023 1189 3067 τοῦ
1242 3017 1520 3079 σώζοντος.
1568 3014 1780 3077 Ἐπειδὴ
1817 3015 1877 3071 δὲ

254 3100 480 3158 διπλοῦν
524 3106 583 3157 τὸ
626 3109 929 3178 προσέχειν·
979 3108 1039 3157 τὸ
1083 3108 1194 3178 μὲν,
1227 3115 1547 3179 σωματικοῖς
1594 3107 1875 3182 ὀφθαλμοῖς

254 3193 565 3256 ἐνατενίζειν
613 3201 725 3255 τοῖς
768 3196 995 3269 ὁρατοῖς·
1040 3199 1099 3247 τὸ
1150 3191 1228 3264 δε,
1262 3204 1324 3269 τῇ
1371 3203 1523 3271 νοερᾷ
1552 3205 1647 3259 τῆς
1689 3197 1876 3271 ψυχῆς

256 3280 486 3358 δυνάμει
547 3283 833 3337 ἐπιϐάλλειν
882 3292 944 3357 τῇ
1013 3286 1202 3359 θεωρίᾳ
1260 3294 1359 3338 τῶν
1427 3285 1738 3361 ἀσωμάτων·
1791 3287 1875 3341 ἐὰν

252 3376 348 3447 μεν
416 3372 501 3426 ἐπὶ
548 3381 644 3435 τῆς
690 3381 792 3425 τῶν
842 3372 1115 3446 ὀφθαλμῶν
1164 3372 1419 3447 ἐνεργείας
1465 3378 1674 3429 κεῖσθαι
1727 3379 1876 3430 εἴπω·

252 3482 346 3536 μεν
399 3465 462 3515 τὸ
507 3462 873 3537 παράγγελμα,
926 3462 1078 3525 εὐθὺς
1143 3463 1304 3516 αὐτοῦ
1352 3466 1410 3516 τὸ
1467 3461 1723 3519 ἀδύνατον
1769 3464 1874 3519 ἀπ-

252 3550 548 3624 ελὲγξομεν.
590 3558 708 3613 Πῶς
748 3553 850 3626 γὰρ
900 3552 962 3603 ἄν
1003 3571 1083 3613 τις
1132 3551 1244 3604 ὁλον
1293 3552 1473 3606 ἑαυτὸν
1512 3563 1584 3626 τῷ
1630 3554 1875 3628 ὀφθαλμῷ

253 3640 591 3709 καταλάϐοι;
638 3636 779 3693 Οὐδὲ
833 3643 935 3714 γὰρ
986 3640 1142 3704 αὐτός
1195 3639 1268 3713 ἐφ’
1302 3641 1481 3695 ἑαυτὸν
1534 3644 1560 3694 ὁ
1614 3643 1874 3717 ὀφθαλμὸς

249 3734 529 3805 κέχρηται
578 3738 650 3801 τῷ
707 3731 830 3805 ὁρᾷν
880 3731 1013 3802 (13)·
1070 3730 1130 3783 ού
1186 3740 1417 3807 κορυφῆς
1465 3732 1763 3806 ἐφικνεῖται,
1814 3733 1874 3787 οὐ

249 3824 323 3874 τὰ
349 3829 498 3873 νῶτα
526 3816 684 3888 οἶδεν,
718 3820 778 3873 ού
802 3825 1080 3893 πρόσωπα,
1110 3821 1169 3874 ού
1216 3826 1312 3880 τὴν
1356 3821 1404 3874 ἐν
1452 3832 1524 3895 τῷ
1574 3822 1729 3897 βάθει
1774 3833 1874 3876 τῶν

252 3910 588 3984 σπλάγχνων
635 3906 894 3966 διάθεσιν.
945 3909 1153 3973 Ἀσεϐες
1197 3907 1283 3964 οὖν
1327 3915 1385 3965 τὸ
1428 3912 1590 3985 λέγειν
1640 3911 1877 3968 ἀδύνατα

250 3997 392 4054 εἶναι
423 4002 494 4052 τὰ
515 4006 610 4052 τοῦ
656 4001 951 4072 Πνεῦματος
1000 4001 1415 4075 παραγγέλματα
1442 4003 1575 4074 (14).
1628 4009 1875 4058 Λείπεται

245 4094 434 4143 τοίνυν
466 4087 550 4142 ἐπὶ
592 4096 688 4152 τῆς
729 4091 867 4141 κατά
910 4097 1029 4141 νοῦν
1078 4087 1330 4164 ἐνεργείας
1378 4099 1470 4144 τοῦ
1522 4096 1874 4168 προστάγμα-

242 4198 338 4243 τος
383 4173 669 4242 ἐξακούειν.
730 4182 973 4252 Πρόσεχε
1016 4174 1103 4231 οὖν
1154 4189 1375 4252 σεαυτῷ·
1416 4187 1678 4251 τουτέστι,
1730 4191 1873 4237 Παν-

240 4272 489 4343 ταχόθεν
545 4271 760 4322 σεαυτὸν
826 4273 1152 4343 περισκόπει.
1224 4269 1533 4345 Ἀκοίμητον
1591 4276 1683 4347 ἔχε
1742 4278 1872 4349 πρὸς

1991 1762 2349 1818 animalium
2383 1765 2639 1835 partem,
2673 1758 2843 1815 nullo
2887 1758 3201 1829 magistro,
3233 1756 3418 1813 noxia
3458 1757 3648 1813 vitare

1990 1851 2378 1924 aversarique
2396 1869 2408 1907 :
2430 1856 2642 1906 contra
2667 1846 3089 1914 vero,naturali
3104 1847 3374 1920 quadam
3390 1861 3651 1920 propen-

1992 1940 2160 1997 sione
2176 1940 2255 1997 ad
2274 1956 2389 1996 sua
2409 1937 2755 2008 commoda,
2775 1937 3076 2010 capienda
3102 1935 3359 1992 incitari.
3380 1936 3650 2008 Quapro-

1987 2034 2122 2104 pter
2147 2034 2203 2086 et
2227 2030 2334 2104 qui
2372 2045 2487 2086 nos
2527 2026 2727 2084 erudit
2773 2028 2948 2090 Deus,
2980 2040 3279 2096 magnum
3316 2024 3433 2080 hoc
3471 2023 3649 2080 nobis

1988 2124 2361 2193 praeceptum
2382 2118 2565 2185 dedit,
2599 2122 2666 2174 ut
2693 2116 2861 2190 quod
2894 2115 2996 2173 illa
3021 2131 3058 2172 a
3085 2119 3308 2171 natura
3336 2129 3646 2187 accepere,

1987 2210 2255 2285 idipsum
2287 2209 2537 2267 accedat
2564 2208 2743 2265 nobis
2770 2206 3024 2264 rationis
3045 2221 3161 2278 ope
3187 2224 3200 2274 ;
3237 2208 3297 2261 et
3323 2204 3490 2278 quod
3518 2203 3584 2260 ﬁt
3611 2220 3650 2261 a

1989 2300 2182 2357 brutis
2232 2298 2698 2363 inconsiderate,
2730 2297 2848 2353 hoc
2890 2312 2928 2353 a
2977 2294 3157 2351 nobis
3194 2293 3542 2368 perﬁciatur
3574 2309 3650 2350 ex

1991 2391 2179 2448 animi
2202 2390 2529 2447 attentione
2550 2392 2608 2444 et
2623 2386 2877 2445 assidua
2897 2385 3117 2442 mentis
3133 2383 3644 2441 consideratione:

1989 2481 2153 2552 item,
2179 2484 2245 2536 ut
2264 2479 2441 2536 datos
2470 2477 2651 2535 nobis
2683 2492 2721 2533 a
2739 2477 2861 2533 Deo
2890 2475 3152 2549 impetus
3177 2473 3493 2546 diligenter
3512 2488 3648 2529 cus-

1987 2570 2315 2641 todiamus,
2342 2568 2635 2639 fugientes
2658 2572 2977 2640 peccatum
2998 2562 3251 2637 perinde
3269 2568 3450 2635 atque
3469 2561 3651 2619 bruta

1988 2658 2279 2715 animalia
2303 2662 2669 2714 venenatum
2699 2654 3001 2730 pabulum
3039 2652 3317 2725 fugiunt;
3351 2655 3650 2708 sectantes

1984 2764 2132 2806 vero
2152 2748 2471 2819 justitiam,
2498 2745 2658 2802 velut
2677 2745 2780 2802 illa
2807 2743 3032 2801 herbas
3061 2741 3272 2799 edules
3293 2745 3649 2797 consectan-
3698 2736 3701 2745 “

1985 2844 2103 2896 tur.
2128 2838 2386 2895 Attende
2409 2837 2591 2908 igitur
2612 2836 2726 2891 tibi
2745 2836 2862 2906 ipsi
2883 2839 2948 2890 ut
2972 2832 3170 2906 possis
3207 2831 3320 2903 18
3340 2830 3593 2888 noxium
3614 2847 3652 2887 a

1987 2929 2218 2986 salubri
2271 2928 2637 2985 discernere.
2686 2924 2989 2993 Quoniam
3037 2928 3245 2980 autem
3290 2921 3517 2994 duplex
3560 2926 3653 2979 est

1915 2988 1956 3044 ο
1987 3018 2269 3075 attentio:
2313 3016 2524 3086 altera,
2562 3032 2704 3073 cum
2742 3014 3225 3072 considerantur
3270 3011 3463 3068 oculis
3516 3026 3650 3068 cor-

1984 3108 2186 3181 poreis
2215 3106 2509 3174 visibilia;
2545 3105 2755 3175 altera,
2788 3120 2931 3160 cum
2958 3101 3349 3177 speculamur
3372 3100 3651 3173 incorpo-

1984 3213 2091 3254 rea
2108 3196 2479 3267 intelligente
2503 3194 2690 3252 animi
2712 3192 2993 3250 facultate
3018 3210 3031 3260 ;
3075 3191 3124 3247 si
3153 3189 3485 3246 dixerimus
3513 3188 3649 3262 qui-

1985 3287 2125 3343 dem
2155 3287 2271 3343 hoc
2297 3290 2670 3358 praeceptum
2708 3285 2770 3340 in
2800 3282 3118 3339 oculorum
3146 3279 3382 3336 actione
3408 3294 3541 3335 esse
3572 3278 3649 3334 si-

1985 3381 2137 3445 tum,
2153 3376 2355 3432 statim
2376 3374 2439 3431 id
2458 3374 2588 3431 ﬁeri
2609 3390 2732 3431 non
2758 3388 2941 3446 posse
2962 3368 3514 3444 deprehendemus.
3537 3368 3652 3434 Qui

1985 3466 2149 3523 enim
2208 3464 2340 3521 ﬁeri
2382 3467 2604 3537 potest,
2636 3466 2701 3520 ut
2747 3463 2885 3536 quis
2934 3461 3201 3534 seipsum
3230 3463 3427 3515 totum
3471 3456 3647 3515 oculo

1984 3555 2457 3629 complectatur?
2482 3558 2686 3627 Neque
2706 3553 2869 3609 enim
2889 3551 3102 3608 oculus
3124 3550 3255 3622 ipse
3275 3549 3354 3605 ad
3377 3548 3648 3621 seipsum

1983 3645 2317 3702 videndum
2358 3644 2606 3700 adhibet
2658 3658 2801 3698 suos
2846 3640 3136 3708 obtutus;
3188 3654 3312 3694 non
3362 3636 3650 3709 pertingit

1984 3735 2065 3791 ad
2087 3735 2391 3800 verticem,
2416 3739 2604 3805 terga;
2634 3748 2759 3789 non
2784 3730 2970 3797 novit,
3004 3744 3129 3785 non
3152 3727 3383 3796 vultus,
3408 3742 3533 3783 non
3558 3726 3649 3781 in-

1984 3828 2218 3881 ternam
2248 3824 2550 3880 viscerum
2576 3821 3066 3896 dispositionem.
3088 3817 3356 3889 Denique
3385 3814 3646 3888 impium

1988 3913 2163 3970 fuerit
2196 3914 2428 3970 discere
2458 3916 2761 3986 praecepta
2791 3909 3024 3982 Spritus
3053 3905 3246 3964 sancti
3276 3904 3486 3978 perﬁci
3522 3920 3648 3961 non

1982 4018 2183 4076 posse.
2210 4006 2493 4077 Superest
2512 4001 2693 4072 igitur
2712 4004 2778 4057 ut
2807 3998 2955 4055 illud
2974 3999 3346 4071 praeceptum
3379 3995 3455 4050 de
3480 4010 3646 4051 men—

1983 4094 2058 4149 tis
2079 4093 2311 4151 actione
2334 4092 2729 4165 accipiamus.
2747 4088 3011 4146 Attende
3028 4087 3208 4158 igitur
3229 4085 3341 4140 tibi
3358 4084 3478 4154 ipsi
3494 4101 3506 4136 :
3528 4082 3647 4149 hoc

1982 4187 2094 4240 est.
2125 4184 2410 4255 Teipsum
2435 4180 2603 4239 omni
2624 4196 2697 4236 ex
2726 4182 2898 4252 parte
2918 4176 3223 4249 conspice.
3252 4174 3479 4231 Habeto
3499 4190 3645 4230 ocu-

1980 4273 2109 4330 lum
2163 4273 2383 4330 animse
2413 4272 2759 4327 insomnem
2803 4268 2883 4324 ad
2921 4266 3008 4323 tui
3057 4266 3249 4339 ipsius
3278 4263 3643 4320 custodiam.

240 4365 345 4421 τὴν
377 4366 610 4413 σεαυτοῦ
636 4359 868 4432 φυλακὴν
914 4363 974 4412 τὸ
1023 4368 1117 4422 τῆς
1163 4360 1350 4433 ψυχῆς
1399 4366 1562 4436 ὄμμα.
1607 4362 1685 4419 Ἐν
1728 4370 1872 4439 μέσῳ

1989 4364 2054 4420 In
2073 4364 2264 4421 medio
2287 4364 2637 4435 laqueorum
2663 4361 2887 4416 transis
2907 4358 2979 4412 ⁷⁸.
2999 4359 3206 4413 Latent
3223 4353 3425 4427 laquei
3443 4352 3647 4409 multis

240 4447 506 4524 παγίδων
556 4445 863 4512 διαϐαίνεις.
917 4454 1274 4524 Κεκρυμμένοι
1327 4449 1526 4525 βρόχοι
1580 4456 1725 4528 παρά
1780 4463 1871 4509 τοῦ

243 4539 464 4613 ἐχθροῦ
510 4537 823 4611 πολλαγόθεν
880 4543 1310 4610 καταπεπήγασι.
1366 4542 1547 4594 Πάντα
1592 4539 1679 4594 οὖν
1731 4564 1874 4619 περι-

244 4634 473 4696 σκόπει,
530 4626 641 4681 Ἳνα
695 4626 839 4701 σώζῃ
886 4630 1060 4704 ὥσπερ
1117 4624 1311 4703 δορκὰς
1364 4627 1419 4681 ἐκ
1491 4628 1727 4705 βρόχων,
1783 4639 1873 4688 καὶ

242 4722 437 4793 ὥσπερ
488 4721 655 4792 ὄρνεον
709 4715 764 4769 ἐκ
813 4714 1069 4789 παγίδος.
1130 4717 1187 4771 Ἡ
1373 4721 1475 4794 γὰρ
1532 4716 1727 4795 δορκάς
1780 4721 1873 4774 ἀν-

241 4809 464 4870 άλωτὸς
520 4805 633 4859 ἐστι
679 4812 789 4868 τοῖς
837 4805 1063 4880 βρόχοις
1109 4804 1181 4860 δι’
1227 4806 1457 4871 ὀξύτητα
1502 4818 1596 4873 τῆς
1623 4812 1870 4885 ὁράσεως·

240 4900 366 4953 ὅθεν
421 4899 518 4949 καὶ
570 4894 837 4968 ἐπώνυμός
885 4895 999 4948 ἐστι
1045 4904 1143 4959 τῆς
1184 4897 1378 4959 οἰκείας
1424 4895 1757 4974 ὀξυδορκίας·
1817 4903 1875 4952 τὸ

243 4984 309 5042 δέ
337 4992 524 5063 ὄρνεον
572 4987 748 5059 κούφῳ
777 4993 850 5057 τῷ
892 4994 1063 5059 πτερῷ
1106 4985 1424 5062 ὑψηλότερον
1466 4997 1563 5052 τῆς
1602 4988 1877 5052 ἐπιϐουλῆς

1980 4453 2044 4509 in
2063 4453 2213 4510 locis
2234 4451 2312 4508 ab
2332 4452 2506 4508 hoste
2527 4449 2730 4507 deﬁxi.
2754 4446 3160 4518 Circumspice
3179 4444 3361 4514 igitur
3379 4448 3438 4499 et
3456 4442 3648 4498 lustra

1982 4543 2212 4608 omnia,
2247 4542 2319 4599 Ut
2359 4540 2614 4598 serveris
2637 4544 2942 4609 tamquam
2966 4535 3216 4591 damula
3249 4549 3280 4589 e
3309 4532 3559 4603 laqueis,
3589 4536 3647 4587 et

1984 4638 2277 4705 tanquam
2325 4632 2456 4689 avis
2494 4645 2524 4687 e
2572 4631 2689 4685 reti
2713 4629 2785 4683 79.
2847 4628 3076 4697 Caprea
3106 4622 3267 4678 enim
3304 4638 3427 4694 pra:
3479 4619 3643 4675 visus

1983 4722 2250 4779 claritate
2281 4720 2419 4794 capi
2454 4718 2688 4792 laqueis
2717 4731 2841 4773 non
2870 4718 3067 4788 potest
3092 4730 3106 4780 ;
3155 4710 3295 4767 inde
3326 4714 3416 4766 est
3457 4709 3645 4765 etiam

1984 4811 2152 4885 quod
2188 4811 2252 4867 id
2278 4809 2545 4867 nominis
2578 4794 2876 4879 acceperit
2920 4820 2957 4860 a
2996 4799 3242 4875 proprio
3288 4799 3456 4855 visus
3505 4813 3646 4853 acu-

1987 4901 2176 4964 mine:
2202 4900 2332 4957 avis
2360 4914 2519 4969 vero,
2548 4896 2597 4953 si
2618 4895 2806 4952 modo
2836 4893 2951 4950 sibi
2980 4889 3271 4959 attendat,
3301 4887 3419 4944 levi
3440 4901 3647 4960 penna

1989 5007 2238 5048 sursum
2267 4994 2482 5061 erecta,
2514 4987 2786 5046 redditur
2815 4983 2991 5042 altior
3019 4997 3208 5056 quam
3237 4983 3306 5036 ut
3333 4976 3562 5034 incidat
3582 4972 3646 5033 in

317 5114 376 5151 ⁷⁸
413 5115 441 5170 I
468 5113 581 5171 Cor
610 5126 689 5179 iv,
717 5115 771 5167 5.
802 5111 849 5146 ⁷⁷
879 5111 1081 5169 Matth.
1110 5127 1167 5185 v,
1196 5115 1289 5171 28.
1318 5113 1369 5149 ⁷⁸
1399 5113 1586 5171 Eccle.
1620 5130 1699 5185 Ix,
1732 5116 1821 5173 20.
1852 5116 1871 5152 ⁷

1989 5131 2099 5174 'ov.
2126 5132 2204 5185 v1,
2232 5120 2287 5173 ὅ.

323 5256 459 5330 (tt)
501 5252 654 5310 Editi
681 5256 742 5330 et
774 5256 928 5330 _Beg.
959 5254 1190 5330 _tertius
1235 5263 1336 5330 τῶν
1366 5256 1548 5330 λόγων.
1577 5259 1688 5330 Alii
1736 5276 1883 5318 mss.

239 5325 679 5402 ξτῶνῗλογιονιινὼνξ
704 5325 934 5383 Ibidem
954 5326 1015 5383 in
1038 5330 1183 5400 Reg.
1211 5328 1409 5401 primo
1433 5325 1889 5402 pl‘ojma'raiaw;

240 5396 492 5474 legitur
507 5396 831 5474 _iiftf_dth;.

504 5468 655 5526 Editi
685 5464 887 5523 διώκη⁹
913 5474 984 5526 At
1011 5486 1163 5526 ωδε·
1186 5470 1461 5547 Plerique
1487 5490 1700 5531 omnes
1725 5493 1884 5548 μετοι-

293 5561 483 5598 ιωκεε.

326 5616 457 5696 (13)
499 5611 1058 5696 ῐξηιιε-οορβξβθε.
1086 5616 1144 5669 et
1171 5613 1317 5696 editi
1341 5619 1399 5669 τὸ
1439 5618 1722 5696 ὁρᾷνηΑΙῇ
1757 5633 1882 5675 non

243 5684 461 5763 pauci
490 5692 563 5757 τῷ
592 5685 737 5757 ὁρᾷν.
770 5684 982 5742 Statim
1002 5699 1160 5742 unus
1208 5686 1401 5746 codex
1440 5684 1709 5748 Co'mbef.
1740 5698 1880 5745 νῶτα

743 5779 997 5837 Parnm“
1022 5778 1126 5837 Gs.
1152 5779 1331 5840 XXXI.

1996 5256 2103 5313 εἶδε
2128 5279 2140 5313 :
2174 5260 2312 5333 quae
2337 5257 2638 5333 scriptura
2658 5255 2785 5333 viro
2802 5250 3168 5333 _doctissimo
3193 5246 3392 5330 magis
3411 5246 3648 5333 placet;

2000 5347 2114 5387 nec
2149 5319 2630 5387 difﬁtebor'eam
2668 5325 2817 5383 mihi
2855 5337 3102 5399 quoque
3151 5320 3350 5399 magis
3390 5319 3650 5399 placere.

1998 5404 2297 5469 Quoniam
2347 5409 2550 5458 tamen
2605 5399 2706 5455 alii
2758 5391 2909 5469 mss'.
2965 5391 3274 5469 vulgatam
3326 5391 3657 5445 lectionem

1994 5464 2327 5548 prefcrunt,
2353 5472 2503 5548 nihil
2530 5468 2895 5548 mutandum
2925 5464 3299 5548 censuimus.

2065 5528 2183 5618 (1.4:)—
2210 5528 2619 5616 Ϊίᾘὲξρΐὶωιιε
2645 5544 2733 5618 Δ’τά
2774 5538 2896 5618 τοῦ.
2930 5528 3650 5618 Σωτῆροῖςηπαραγγέλμαῖα,

1985 5603 2699 5689 ρνέεσέριαυδᾶιυαεοτίδ.
2772 5609 3004 5689 Ibidem
3074 5603 3216 5662 editi
3260 5603 3494 5656 λείπεται
3546 5603 3655 5656 οὖν.

1990 5685 2152 5748 Multi
2177 5685 2317 5746 libri
2339 5691 2571 5746 veteres
2601 5685 2835 5739 λείπεται
2863 5685 3038 5734 τοίνυν
