4124 6430
488 365 595 420 203
1881 360 1936 416 S.
1971 357 2220 413 BASILII
2257 359 2496 418 MAGNI.
3761 375 3870 431 204

491 501 802 559 aucupum
831 483 1108 542 insidias.
1137 486 1292 541 Cave
1316 485 1517 555 igitur,
1543 499 1619 540 ne
1649 483 1846 540 brutis
1875 481 2119 538 animan

2259 492 2356 534 τῶν
2407 484 2744 560 ἀγρευόντων,
2788 491 2908 542 ὅταν
2974 495 3236 565 προσέχῃ,
3307 497 3523 564 γίνεταί.
3583 494 3720 570 Ὀρα
3776 495 3863 550 οὖν

488 577 645 632 tibus
670 575 931 632 deterior
952 574 1188 630 videare
1237 574 1317 630 ad
1363 574 1624 646 teipsum
1656 571 2116 628 custodiendum

2255 578 2326 644 μὴ
2359 582 2552 649 χείρων
2589 588 2750 652 φανῇς
2784 590 2882 631 τῶν
2923 580 3120 652 ἀλόγων
3163 585 3294 656 πρὸς
3345 588 3440 642 τὴν
3487 595 3709 637 σεαυτοῦ
3761 607 3861 659 φυ-

485 667 817 740 nequando
833 666 1070 738 laqueis
1087 665 1585 738 irretitus,przeda
1604 664 1882 720 etﬁciaris
1896 661 2113 717 diaboli

2255 661 2434 722 λακήν·
2495 675 2715 739 μήποτε,
2784 678 2898 732 ταῖς
2959 677 3177 743 παγίσιν
3245 672 3418 740 ἁλοὺς,
3477 676 3690 748 θήραμα
3735 681 3855 750 γένη

489 758 568 815 ab
598 774 670 814 eo
701 761 913 830 captus
942 760 1000 812 et
1024 756 1103 812 ad
1149 755 1311 812 illius
1341 755 1719 813 voluntatem
1752 753 2054 811 adductus
2076 753 2117 788 ⁸ο

2254 763 2345 805 τοῦ
2401 752 2668 831 διαϐόλου,
2707 758 3063 833 έζωγρημένος
3109 760 3193 814 ὑπ’
3240 760 3399 815 αὐτοῦ
3444 762 3517 824 εἰς
3563 767 3624 816 τὸ
3664 762 3857 819 ἐκείνου

2258 843 2476 917 θέλημα.

557 969 608 1021 3.
651 963 913 1020 Attende
938 962 1141 1035 itaque
1173 961 1286 1018 tibi
1327 963 1483 1032 ipsi:
1517 961 1634 1016 hoc
1687 963 1796 1016 est.
1844 963 1970 1016 Non
2005 957 2140 1027 tuis,

2323 964 2376 1016 3.
2421 969 2662 1036 Πρόσεχε
2700 962 2787 1017 οὖν
2833 976 3053 1038 σεαυτῷ·
3101 972 3364 1038 τουτέστι,
3407 975 3553 1029 Μὴτε
3597 978 3706 1032 τοῖς
3746 980 3859 1034 σοῖς

482 1069 683 1126 neque
721 1053 814 1108 bis
853 1068 989 1125 quae
1029 1053 1254 1107 circum
1297 1056 1351 1106 te
1393 1056 1552 1119 sunt,
1595 1051 1701 1106 sed
1743 1049 1846 1105 tibi
1886 1048 2000 1120 ipsi
2034 1046 2110 1102 sol

2251 1054 2384 1121 μήτε
2413 1060 2525 1114 τοῖς
2571 1058 2690 1128 περὶ
2733 1057 2809 1120 σε,
2837 1054 2963 1107 ἀλλὰ
3003 1066 3205 1127 σεαυτῷ
3232 1061 3371 1129 μόνῳ
3417 1063 3668 1132 πρόσεχε.
3701 1059 3855 1114 Ἀλλο

484 1143 748 1200 attende.
775 1142 953 1199 Aliud
985 1143 1148 1198 enim
1190 1158 1404 1197 sumus
1424 1157 1536 1196 nos
1567 1139 1884 1213 ipsi,aliud
1912 1144 2112 1193 nostra

2250 1141 2348 1212 γάρ
2403 1139 2553 1214 ἔσμεν
2612 1145 2762 1215 ἡμεῖς
2810 1145 2979 1211 αὐτοὶ,
3039 1151 3127 1198 καὶ
3176 1145 3297 1198 ἄλλο
3350 1149 3416 1198 τὰ
3473 1151 3716 1224 ἡμέτερα,
3766 1155 3855 1202 καὶ

481 1233 644 1290 aliud
667 1249 802 1306 quae
827 1233 1050 1288 circum
1076 1248 1188 1286 nos
1210 1236 1369 1286 sunt.
1399 1232 1519 1285 Nos
1546 1229 1793 1301 quidem
1820 1228 2024 1283 anima
2047 1242 2109 1280 su

2251 1229 2372 1281 ἄλλο
2406 1234 2471 1283 τὰ
2500 1237 2617 1306 περὶ
2657 1235 2815 1304 ἡμᾶς.
2861 1234 3036 1307 Ἡμεῖς
3065 1239 3154 1307 μὲν
3191 1233 3278 1288 οὖν
3309 1236 3462 1309 ἔσμεν
3502 1239 3532 1296 ἡ
3579 1236 3733 1310 ψυχή
3767 1245 3854 1292 καὶ

479 1339 618 1378 mus
647 1327 704 1377 et
735 1338 930 1389 mens,
961 1325 1262 1394 quatenus
1304 1319 1383 1374 ad
1432 1319 1763 1386 imaginem
1802 1317 2105 1373 Conditori

2250 1320 2275 1369 ό
2319 1328 2456 1386 νοῦς,
2486 1323 2617 1373 καθὸ
2671 1323 2784 1374 κατ’
2827 1324 2998 1376 εἰκόνα
3052 1333 3144 1376 του
3190 1331 3468 1388 κτίσαντος
3514 1331 3850 1400 γεγενήμεθαο

477 1430 688 1469 sumus
719 1413 859 1468 {acti
885 1433 897 1479 ;
927 1417 1206 1466 nostrum
1239 1426 1378 1466 vero
1411 1426 1633 1481 corpus
1668 1413 1777 1475 est,
1815 1414 1872 1464 et
1899 1407 2003 1480 qui
2033 1423 2105 1478 pe

2248 1409 2493 1483 ἡμέτερον
2534 1407 2592 1463 δε
2621 1415 2679 1463 τὸ
2716 1421 2867 1485 σῶμα
2896 1419 2985 1465 καί
3018 1416 3070 1465 αἱ
3111 1411 3184 1466 δι’
3215 1415 3376 1466 αὑτοῦ
3409 1417 3522 1487 (15)
3554 1417 3848 1480 αἰσθήσεις·

472 1503 676 1576 ipsum
729 1506 870 1557 sunt
896 1517 1110 1556 sensus
1143 1518 1156 1566 ;
1190 1499 1419 1555 circum
1464 1514 1576 1553 nos
1606 1503 1813 1553 autem
1840 1495 2100 1569 pecunia

2248 1503 2364 1572 περὶ
2413 1501 2551 1572 ἡμᾶς
2607 1496 2685 1567 δε,
2735 1508 3014 1575 χρήματα,
3068 1507 3253 1574 τέχναι
3313 1509 3404 1556 καὶ
3465 1506 3495 1562 ἡ
3552 1504 3705 1564 λοιπὴ
3759 1514 3851 1559 τοῦ

471 1597 629 1648 artes
681 1594 740 1646 et
794 1589 1028 1662 reliqua
1057 1591 1190 1644 vitae
1246 1587 1583 1660 suppellex.
1617 1587 1771 1653 Quid
1828 1585 2010 1655 igitur
2059 1601 2095 1641 a

2249 1586 2372 1659 βίου
2404 1595 2725 1648 κατασκευή.
2768 1596 2831 1643 Τί
2871 1588 2957 1642 οὖν
2985 1611 3143 1664 φησιν
3183 1594 3208 1644 ό
3245 1591 3427 1664 λόγος;
3472 1598 3555 1652 Μὴ
3585 1602 3647 1666 τῇ
3694 1602 3851 1668 σαρκὶ

471 1680 776 1752 Scriptura
801 1681 828 1735 ?
860 1683 939 1735 Ne
974 1679 1140 1734 carni
1174 1677 1438 1746 attende,
1472 1693 1580 1732 nec
1613 1675 1736 1731 ullo
1777 1675 1964 1731 modo
2003 1689 2099 1746 prc

2246 1681 2498 1750 πρόσεχε,
2545 1676 2685 1752 μηδε
2728 1684 2786 1732 τὸ
2826 1683 3021 1743 ταύτης
3069 1681 3262 1754 ἀγαθόν
3311 1681 3366 1734 ἐκ
3418 1687 3611 1746 παντὸς
3655 1690 3851 1757 τρόπου

467 1787 723 1845 sequare
749 1769 908 1826 illius
939 1769 1126 1831 bona,
1143 1766 2024 1840 sanitatem,pulchritudinem,
2040 1780 2095 1818 vc

2248 1761 2425 1819 δίωκε·
2482 1770 2658 1840 ὑγείαν
2707 1775 2796 1822 καὶ
2839 1770 3023 1832 κάλλος
3070 1776 3159 1823 καὶ
3215 1769 3418 1829 ἡδονῶν
3464 1777 3574 1841 (16)
3623 1772 3851 1826 ἀπολαῦ-

463 1859 772 1932 luptatum
805 1875 1006 1925 usum,
1038 1858 1286 1926 longam
1317 1839 1536 1924 vitam;
1565 1872 1678 1912 nec
1709 1854 2002 1928 pecunias
2035 1869 2091 1908 at

2249 1874 2373 1923 σεις,
2407 1862 2496 1910 καὶ
2524 1839 2905 1931 μακροϐίωσιν·
2939 1855 3079 1932 μηδε
3109 1866 3368 1934 χρήματα
3411 1865 3502 1913 καὶ
3548 1839 3730 1934 δόξαν,
3761 1868 3852 1916 καὶ

467 1949 750 2020 gloriam,
784 1952 889 2004 aut
917 1948 1249 2019 potentiam
1283 1946 1586 2000 admirare
1614 1963 1626 2013 ;
1678 1959 1790 2000 nec
1823 1943 1940 1998 alia
1968 1958 2095 2014 quae

2247 1941 2556 1999 δυναστείαν
2618 1949 2871 2020 θαύμαζε·
2927 1946 3066 2021 μηδὲ
3109 1951 3210 2001 ὅσα
3255 1969 3340 2002 σοι
3387 1956 3504 2021 (17)
3553 1961 3650 2014 τῆς
3676 1972 3850 2027 προσ-

469 2053 712 2111 cunque
745 2035 1098 2109 temporalis
1132 2040 1248 2091 tute
1268 2035 1404 2090 vitae
1431 2050 1688 2090 munera
1718 2034 1979 2104 explent,
2013 2048 2097 2087 me

2243 2041 2427 2109 καίρου
2501 2037 2640 2100 ζωῆς
2696 2042 2790 2095 τὴν
2835 2040 3124 2111 ὑπηρεσίαν
3176 2039 3386 2113 πληροῖ,
3441 2049 3608 2092 ταῦτα
3648 2041 3851 2114 μεγάλα

467 2143 588 2198 gna
632 2132 737 2184 aut
765 2127 989 2182 eximia
1045 2126 1196 2181 tanti
1251 2124 1520 2191 duxeris,
1572 2127 1638 2180 ut
1674 2124 1894 2179 horum
1935 2122 2089 2177 studi

2241 2131 2481 2198 νομίσας,
2533 2135 2594 2199 τῇ
2651 2133 2768 2201 περὶ
2821 2137 2989 2180 ταῦτα
3048 2125 3257 2201 σπουδῇ
3317 2138 3414 2192 τῆς
3450 2135 3851 2203 προηγουμένης

464 2219 822 2292 primariam
854 2222 1020 2272 tuam
1048 2216 1236 2271 vitam
1264 2214 1560 2284 negligas,
1604 2214 1708 2268 sed
1741 2213 1986 2270 attende
2026 2213 2092 2267 tit

2245 2225 2464 2269 σεαυτοῦ
2536 2217 2676 2278 ζωῆς
2750 2218 3045 2290 καταμέλει·
3115 2216 3243 2270 ἀλλά
3317 2224 3550 2292 πρόσεχε
3621 2230 3844 2291 σεαυτῷ·

463 2308 624 2378 ipsi;
649 2308 766 2363 hoc
798 2312 908 2374 est,
942 2306 1161 2363 animae
1187 2311 1321 2360 tute.
1349 2307 1586 2360 Exorna
1606 2303 1790 2373 illam,
1809 2306 1865 2357 et
1885 2303 2014 2372 ejus
2037 2318 2091 2358 ct

2238 2309 2498 2372 τουτέστι,
2532 2314 2592 2378 τῇ
2640 2305 2794 2378 ψυχῇ
2832 2326 2946 2360 σου.
2988 2310 3193 2365 Ταύτην
3223 2314 3566 2381 κατακόσμει,
3593 2315 3683 2361 καὶ
3714 2313 3846 2363 ταύ-

463 2414 594 2454 ram
630 2413 790 2467 gere,
826 2402 892 2452 ut
923 2396 1132 2452 sordes
1164 2410 1378 2450 omnes
1417 2411 1489 2449 cx
1522 2393 1798 2465 nequitia
1822 2393 1937 2464 ipsi
1965 2408 2091 2448 accc

2237 2415 2334 2456 της
2385 2393 2645 2468 ἐπιμελοῦ,
2690 2398 2822 2454 ὥστε
2871 2399 3040 2447 πάντα
3081 2400 3170 2469 μὶν
3219 2401 3305 2448 τὸν
3353 2397 3408 2449 έκ
3450 2406 3546 2458 τῆς
3592 2404 3848 2472 πονηρίας

463 2487 694 2558 dentes,
721 2486 1202 2541 submoveantur
1227 2500 1333 2556 per
1355 2482 1545 2540 animi
1570 2482 1986 2552 attentionem,
2010 2497 2091 2537 on

2238 2482 2586 2557 έπιγινόμενον
2655 2486 2784 2557 αὐτῇ
2854 2486 3015 2560 Ιῥύπον
3077 2485 3542 2559 ἀποεκονομεῖσθαι
3599 2484 3691 2540 διὰ
3747 2497 3846 2550 τῆς

463 2576 681 2648 nisque
713 2574 993 2630 vitiorum
1025 2572 1336 2644 turpitudo
1385 2576 1774 2645 expurgetur,
1807 2587 1877 2626 ac
1922 2576 2091 2626 contr

2236 2583 2534 2648 προσοχῆς,
2569 2582 2668 2628 πᾶν
2715 2572 2773 2628 δὲ
2801 2579 2860 2627 τό
2902 2574 3002 2628 ἀπὸ
3033 2582 3219 2638 κακίας
3252 2574 3446 2648 αἶσχος
3486 2576 3844 2652 ἀποκαθαίρε-

466 2665 906 2721 condecoretur
934 2663 1384 2734 illustreturque
1409 2661 1577 2717 omni
1627 2660 1857 2716 virtutis
1886 2665 2094 2716 ornatu

2240 2666 2384 2731 σθαι,
2441 2669 2595 2717 παντὶ
2625 2661 2711 2736 ¹δε
2759 2673 2831 2735 τῷ
2892 2664 2944 2726 ἐξ
3015 2663 3199 2738 ἀρετῆς
3247 2665 3419 2718 κάλλει
3491 2674 3844 2740 κατακοσμεῖν

464 2755 845 2810 Perscrutare
879 2757 934 2809 te
961 2753 1110 2824 ipse,
1147 2752 1283 2824 quis
1315 2751 1396 2805 sis
1426 2766 1439 2816 ;
1469 2750 1564 2806 fac
1603 2761 1825 2806 noscas
1848 2754 2014 2805 tuam
2039 2750 2092 2821 ip

2237 2754 2399 2813 αὐτὴν
2467 2760 2558 2807 καὶ
2629 2751 2948 2827 φαιδρύνειν.
3023 2753 3292 2816 Ἐξέτασον
3366 2759 3582 2808 σεαυτόν
3641 2762 3721 2820 τὶς
3775 2756 3841 2827 εἶ,

467 2843 590 2899 sius
639 2849 944 2909 naturam,
973 2842 1260 2898 nimirum
1319 2857 1540 2914 corpus
1571 2839 1821 2912 quidem
1873 2838 2091 2895 mortal

2235 2847 2400 2918 γνῶθι
2432 2851 2626 2896 σαυτοῦ
2652 2849 2746 2902 τήν
2773 2846 2948 2915 φύσιν·
2983 2846 3062 2895 ὅτι
3104 2846 3286 2902 θνητὸν
3433 2865 3527 2898 σου
3566 2849 3624 2898 τό
3666 2854 3842 2919 σῶμα,

464 2950 617 3002 esse,
651 2934 923 2990 animam
945 2948 1089 2988 vero
1123 2931 1531 2988 immortalem
1565 2947 1579 2985 :
1629 2931 1793 2996 item,
1823 2929 2092 3001 duplice:

2239 2933 2494 2997 ἀθάνατος
2525 2930 2584 2986 δε
2614 2935 2642 2992 ἡ
2681 2933 2860 3005 ψυχή’
2907 2939 2996 2986 καὶ
3044 2935 3124 2985 ὅτι
3177 2930 3336 2993 διπλῆ
3381 2939 3460 2996 τίς
3508 2933 3648 2987 ἔστιν
3696 2936 3845 3008 ἡμῶν

463 3039 599 3080 esse
628 3023 811 3079 vitam
835 3021 1390 3088 nostram,alteram
1424 3020 1622 3076 carnis
1651 3019 1983 3091 propriam,
2015 3019 2091 3073 cit

2238 3027 2268 3082 ἠ
2301 3025 2430 3085 ζωή·
2474 3025 2504 3082 ἡ
2538 3027 2627 3096 μὲν
2667 3023 2833 3075 οἰκεία
2873 3031 2934 3081 τῆ
2982 3028 3158 3098 σαρκὶ,
3188 3028 3330 3096 ταχὺ
3369 3030 3758 3099 παρερχομένη·
3809 3028 3842 3085 ἡ

465 3118 881 3170 transeuntem
912 3129 925 3178 ;
961 3112 1216 3168 alteram
1268 3110 1485 3166 animae
1533 3114 1879 3180 cognatam,
1912 3109 2093 3164 limite

2241 3111 2300 3167 ti":
2358 3120 2614 3186 συγγενὴς
2667 3122 2728 3187 τῇ
2803 3113 2981 3186 ψυχῇ,
3034 3119 3105 3186 μὴ
3159 3110 3418 3187 δεχομένη
3494 3121 3843 3192 περιγραφήν.

467 3203 668 3259 nullas
695 3203 1135 3258 admittentem.
1179 3201 1441 3256 Attende
1461 3214 1604 3269 ergo
1635 3199 1747 3254 tibi
1771 3199 1906 3267 ipsi,
1935 3214 2095 3270 nequ

2242 3210 2480 3280 Πρόσεχε
2527 3201 2614 3256 οὖν
2673 3214 2892 3274 σεαυτῷ,
2947 3209 3080 3277 μήτε
3121 3212 3231 3267 τοῖς
3267 3206 3474 3267 θνητοῖς
3521 3208 3591 3267 ὡς
3646 3203 3847 3270 ἀϊδίοις

467 3291 540 3347 iis
571 3308 708 3364 quae
753 3291 1022 3363 peritura
1049 3294 1210 3353 sunt,
1240 3305 1310 3344 ac
1343 3289 1388 3343 si
1417 3293 1642 3344 aeterna
1671 3292 1898 3353 essent,
1931 3286 2095 3342 adha

2240 3294 2596 3367 ἐναπομείνης,
2673 3299 2806 3366 μήτε
2880 3301 2980 3345 τῶν
3053 3290 3240 3346 ἀϊδίων
3307 3297 3376 3356 ὡς
3439 3300 3847 3369 παρερχομένων

469 3383 851 3452 seris,neque
873 3385 1097 3435 aeterna
1112 3377 1288 3451 quasi
1310 3377 1473 3432 ﬂuxa
1492 3377 1853 3449 asperneris.
1877 3378 2097 3432 Carnem

2241 3389 2662 3456 καταφρονήσῃς.
2739 3381 2989 3454 ’Υπερόρα
3047 3386 3261 3456 σαρκός,
3333 3388 3658 3456 παρέρχεται
3718 3387 3843 3459 γάρ·

465 3468 778 3542 despicito,
794 3469 1023 3540 quippe
1045 3483 1181 3540 quat
1204 3471 1497 3533 transeat;
1524 3481 1736 3522 curam
1758 3464 1987 3520 habeas
2009 3481 2093 3520 an:

2240 3472 2478 3546 ἐπιμελοῦ
2545 3471 2751 3543 ψυχῆς,
2824 3474 3130 3547 πράγματος
3202 3470 3482 3526 ἀθανάτου.
3563 3473 3848 3531 Ἐπίστηθε

468 3576 582 3616 mm
614 3559 700 3614 rei
733 3559 844 3630 19
873 3557 1266 3613 immortalis.
1296 3555 1495 3628 (,Omni
1533 3555 1842 3626 diligentia
1880 3555 1982 3612 tibi
2018 3556 2096 3627 ips

2238 3566 2366 3636 μετὰ
2418 3563 2598 3622 πάσης
2651 3559 2916 3634 ἀκριϐείας
2972 3570 3192 3632 σεαυτῷ,
3247 3562 3330 3613 ἵνα
3381 3557 3528 3632 εἰδῇς
3580 3557 3844 3634 διανέμειν

459 3648 728 3718 intende,
763 3654 825 3703 ut
853 3646 1021 3720 quod
1053 3647 1289 3719 utrique
1340 3645 1727 3718 profuturam
1756 3644 1854 3712 sit,
1885 3646 2087 3700 noveri

2239 3652 2459 3726 ἑκατέρῳ
2529 3655 2588 3703 τὸ
2658 3655 2974 3725 πρόσφορον,
3024 3656 3182 3724 σαρκὶ
3244 3654 3333 3723 μεν
3397 3647 3686 3725 διατροφὰς
3750 3657 3846 3705 καὶ

459 3737 781 3811 dispertiri,
806 3738 974 3794 carni
1001 3736 1252 3809 quidem
1283 3735 1635 3791 alimoniam
1659 3739 1717 3789 et
1745 3739 2087 3803 tegumenta

2240 3744 2606 3814 σκεπάσματα,
2661 3740 2815 3812 ψυχῇ
2875 3737 2934 3792 δὲ
2991 3737 3236 3812 δόγματα
3287 3738 3568 3807 εὐσεϐείας,
3628 3739 3844 3813 ἀγωγὴν

459 3829 679 3886 animm
705 3843 849 3883 vero
871 3827 1106 3899 pietatis
1131 3827 1444 3895 dogmata,
1477 3823 1920 3880 institutionem
1943 3823 2087 3879 urba

2237 3830 2468 3897 ἀστείαν,
2526 3828 2713 3903 ἀρετῆς
2760 3831 3008 3897 ἄσκησιν,
3056 3831 3232 3882 παθῶν
3279 3828 3652 3902 ἐπανόρθωσιν⁹
3707 3836 3848 3903 μήτε

457 3932 625 3984 nam,
648 3918 884 3972 virtutis
905 3916 1420 3982 exercitationem,
1442 3914 1726 3969 vitiorum
1757 3911 2085 3968 emendatic

2237 3922 2587 3993 ὑπερπιαίνειν
2661 3923 2718 3971 τὸ
2775 3928 2946 3991 σῶμα,
3009 3924 3141 3991 μήτε
3204 3924 3322 3993 περὶ
3369 3922 3454 3971 τόν
3516 3918 3674 3990 ὄχλον
3738 3929 3847 3972 τῶν

455 4021 621 4062 nem.
657 4007 865 4077 Neque
894 4019 1039 4059 vero
1061 4003 1198 4073 plus
1225 4019 1404 4074 aequo
1434 4001 1851 4074 piuguefacias
1877 4017 2083 4072 corpus

2239 4019 2444 4083 σαρκῶν
2525 4005 2925 4063 έσπουδακέναι.
2997 4005 3207 4066 Ἐπειδὴ
3280 4006 3380 4083 γὰρ
3459 4007 3734 4082 Ἐπιθυμεῖ
3807 4012 3842 4069 ἡ

455 4111 654 4167 neque
687 4095 770 4150 sis
826 4092 1121 4148 sollicitus
1150 4092 1224 4146 de
1257 4091 1434 4162 copia
1481 4093 1780 4146 carnium.
1824 4090 2083 4155 Quoniar

2238 4098 2370 4172 σὰρξ
2421 4096 2556 4150 κατά
2610 4106 2702 4150 τοῦ
2750 4100 3060 4170 πνεύματος,
3103 4101 3162 4149 τὸ
3203 4093 3262 4149 δε
3304 4104 3507 4168 πνεῦμα
3557 4100 3695 4151 κατά
3745 4108 3851 4163 τῆς

455 4186 619 4241 enim
648 4184 806 4240 Caro
834 4183 1205 4252 concupiscit
1234 4183 1518 4238 adversus
1538 4182 1844 4250 spiritum,
1869 4182 2083 4249 spiritu

2236 4193 2450 4262 σαρκός,
2505 4196 2672 4240 ταῦτα
2729 4183 2790 4239 δέ
2837 4185 3074 4249 ἀλλήλοις
3121 4185 3407 4239 ἀντικειται
3454 4187 3593 4256 (18),
3621 4187 3718 4261 ὅρα
3763 4194 3842 4261 μή

453 4281 652 4330 autem
676 4274 966 4330 adversus
989 4288 1258 4340 carnem,
1275 4278 1327 4328 et
1353 4271 1478 4328 haec
1497 4272 1613 4327 sibi
1630 4272 1880 4326 invicem
1906 4271 2081 4326 advel

2232 4298 2374 4344 ποτε,
2421 4280 2769 4353 προσθέμενος
2816 4285 2877 4350 τῇ
2942 4281 3120 4350 σαρκὶ,
3188 4275 3379 4334 πολλὴν
3428 4279 3688 4350 παράσχῃ
3742 4283 3845 4337 τὴν

450 4371 671 4421 santur
702 4365 772 4431 εί,
806 4379 950 4420 cave
982 4363 1317 4434 nequando
1353 4361 1634 4418 addictus
1677 4361 1866 4431 carni,
1897 4360 2078 4433 multa

2234 4365 2546 4420 δυναστείαν
2596 4376 2668 4438 τῷ
2718 4372 2940 4440 χείρονι.
2998 4366 3198 4440 Ὠσπερ
3251 4369 3349 4440 γὰρ
3382 4365 3432 4418 έν
3482 4374 3600 4428 ταῖς
3645 4368 3847 4442 ῥοπαῖς

447 4453 606 4509 vires
631 4452 858 4508 tribuas
873 4452 1173 4508 deteriori.
1197 4455 1344 4507 Nam
1366 4449 1891 4523 quemadmodum
1914 4450 1974 4504 in
2001 4454 2075 4505 sta

2231 4467 2330 4509 τῶν
2380 4459 2572 4530 ζυγῶν,
2619 4456 2704 4508 ἐὰν
2749 4462 2873 4530 μίαν
2916 4455 3281 4531 καταϐαρύνης
3321 4455 3644 4528 πλάστιγγα,
3703 4476 3844 4510 κου-

445 4546 710 4598 terarum
733 4540 1056 4597 momentis
1082 4555 1264 4596 unam
1286 4539 1526 4596 lancem
1552 4538 1600 4594 si
1623 4538 2073 4610 degravabis,nt

2233 4552 2446 4622 φοτέραν
2519 4551 2725 4610 πάντως
2774 4552 2868 4606 τὴν
2941 4545 3293 4619 ἀντικειμένην
3367 4550 3628 4609 ποιήσειςι
3696 4546 3842 4601 οὕτω

445 4648 610 4688 cesse
629 4636 720 4688 est
735 4631 988 4688 omnino
1006 4635 1070 4686 ut
1086 4630 1435 4702 oppositam
1453 4629 1674 4684 reddas
1694 4628 2012 4685 leviorem:
2031 4630 2073 4684 it

2228 4643 2318 4690 καὶ
2362 4636 2444 4690 ἐπὶ
2511 4642 2752 4710 σώματος
2781 4641 2871 4689 καὶ
2919 4635 3115 4707 ψυκῆς,
3149 4637 3175 4688 ὁ
3227 4642 3318 4687 τοῦ
3375 4634 3546 4708 ἑτέρου
3611 4635 3840 4691 πλεονα-

441 4723 624 4780 etiam
655 4723 716 4778 in
738 4737 991 4794 corpore
1013 4725 1071 4777 et
1111 4720 1506 4787 animo,dum
1553 4735 1740 4774 unum
1786 4719 2063 4775 redunda

2231 4731 2358 4801 σμὸς
2391 4725 2677 4798 ἀναγκαίαν
2724 4733 2862 4780 ποιεῖ
2903 4730 2997 4784 τὴν
3029 4730 3143 4793 (19)
3177 4724 3456 4778 έλάττωσιν
3492 4733 3586 4778 τοῦ
3633 4726 3837 4800 έτέρου.

440 4813 698 4870 alterum
722 4811 1074 4868 necessario
1097 4810 1496 4866 imminuitur.
1524 4812 1778 4865 Fruente
1801 4810 1961 4865 enim
1986 4827 2068 4867 cci

2225 4825 2469 4892 Σώματος
2516 4820 2606 4890 μεν
2653 4819 2751 4890 γὰρ
2805 4816 3151 4882 εὐποςθοῦντος
3198 4819 3289 4868 καὶ
3344 4814 3676 4890 πολυσαρκίᾳ
3721 4815 3840 4890 βα·-

436 4918 586 4975 pore
613 4901 974 4957 habitudine
1006 4900 1193 4966 bona,
1218 4905 1398 4972 atque
1429 4898 1722 4954 obesitate
1754 4905 2064 4970 aggravatt

2221 4911 2521 4982 ρυνομένου,
2557 4905 2754 4978 ἀνάγκη
2789 4902 2989 4978 ἀδρανῆ
3018 4909 3108 4958 καὶ
3159 4905 3340 4958 ἄτονον
3383 4903 3513 4959 εἶναι
3554 4909 3684 4978 πρὸς
3733 4908 3839 4970 τὰς

436 5007 822 5064 consequens
847 4996 937 5046 est
959 4995 1023 5046 ut
1046 5005 1220 5046 mens
1244 4989 1322 5044 ad
1346 4988 1683 5062 peculiares
1701 4989 1815 5044 sibi
1840 4991 2064 5046 actione

2220 4997 2414 5059 οἰκείας
2449 4995 2702 5071 ἐνεργείας
2752 4998 2838 5047 τόν
2867 5003 3004 5049 νοῦν·
3041 4993 3229 5066 ψυχῆς
3279 4990 3340 5048 δε
3381 4993 3694 5057 εὖεκτούσης
3737 5001 3840 5050 καὶ.

431 5082 677 5140 inﬁrma
689 5082 764 5138 sit
775 5099 845 5138 ac
863 5080 1078 5137 debilis
1097 5099 1108 5150 ;
1136 5079 1582 5150 contra,animo
1596 5095 1657 5135 se
1675 5079 1830 5138 bene
1844 5079 2059 5138 habent

2221 5083 2314 5140 διὰ
2342 5093 2437 5149 τῆς
2485 5094 2586 5139 τῶν
2618 5084 2826 5158 ἀγαθῶν
2868 5085 3083 5159 μελέτης
3127 5087 3259 5160 πρὸς
3287 5087 3346 5138 τὸ
3393 5084 3580 5140 οἰκεῖον
3608 5086 3837 5159 μέγεθος

503 5226 552 5263 ⁸ο
593 5228 641 5282 ll
671 5224 818 5282 Tim.
849 5240 912 5296 ιι,
934 5227 1026 5282 26.
1105 5223 1148 5259 ⁸¹
1194 5222 1386 5280 Galat.
1418 5239 1482 5296 v,
1511 5227 1596 5280 17.

494 5408 610 5477 (15)
647 5409 793 5488 ξξθεζ.
829 5404 1146 5488 ρΓὶξΙιιιεμὲ
1181 5399 1274 5456 διὰ
1302 5405 1514 5488 τούτου.

2212 5411 2391 5488 trium
2418 5408 2714 5488 librorum
2743 5415 3014 5488 veterum
3046 5407 3254 5488 secuti.

493 5475 602 5556 (16)
647 5480 810 5556 Unus
831 5475 1036 5556 codex
1063 5475 1267 5556 ἡδονῶν
1293 5475 1639 5556 ἀπόλαυσιν...-

2278 5486 2396 5553 (18)
2438 5489 2500 5540 ln
2526 5483 2693 5540 Colb.
2734 5483 2906 5539 tertio
2946 5499 3057 5556 pro
3101 5482 3383 5556 ἀντίκειται
3420 5483 3640 5556 legitur
3678 5477 3835 5537 ἀντέ-

494 5546 607 5621 (17)
649 5548 892 5629 A_utiqu_i
924 5547 1209 5629 duo‘libri
1241 5551 1340 5629 ὅσα
1372 5567 1486 5629 σου,
1533 5546 1639 5629 alii
1674 5565 1820 5604 mss.
1863 5555 1919 5629 et
1947 5549 2092 5609 editi

2208 5546 2424 5610 κεῖνται.
2471 5556 2601 5612 Mox
2649 5561 2913 5628 quatuor
2947 5546 3108 5612 'mss.
3133 5554 3414 5629 παράσχῃ.
3448 5546 3600 5612 Batti
3643 5559 3833 5629 "pei-

419 5619 521 5700 ὅσα
552 5641 655 5676 σοι.
680 5619 920 5700 Nec’itra
952 5619 1144 5700 multo
1176 5625 1312 5700 post
1341 5619 1485 5700 editi
1512 5623 1737 5700 et‘Reg.
1771 5623 1980 5700 tertius
2010 5645 2047 5674 νε

745 5619 920 5700 ac’itra
952 5619 1144 5700 multo
1176 5625 1312 5700 post
1341 5619 1485 5700 editi
1512 5623 1737 5700 et‘Reg.
1771 5623 1980 5700 tertius
2010 5644 2093 5676 νο·
2209 5647 2373 5700 σχῃς,

418 5695 696 5768 μίσας,καὶ
741 5701 828 5765 τῇ·
874 5691 995 5748 Sed
1043 5689 1326 5748 voculam
1375 5695 1465 5743 καί
1506 5690 1865 5766 delevimus,
1901 5694 2046 5751 tider

1763 5710 1865 5757 .us,
1901 5694 2087 5753 tidem
2244 5689 2395 5771 "('19,
2436 5698 2678 5772 Antiqui
2700 5704 2818 5756 tres
2844 5697 2982 5756 libri
3013 5703 3238 5752 ποιεῖται
3277 5700 3391 5757 τὴν.
