4124 6446
312 373 420 428 205
1229 363 1527 420 HOMILIA
1564 360 1629 416 1N
1675 357 1902 423 ILLUD,
1941 352 2325 411 ATTE'NDE
2368 352 2540 409 TIBI
2570 351 2751 410 IPSI.
2879 320 2885 326 ’
3580 358 3689 413 206

314 493 582 567 ὑψουμένη
594 511 634 560 ς,
664 490 905 564 ἑπόμενὸν
954 487 1068 542 ἐστι
1113 490 1208 547 τὴν
1238 493 1330 540 τοῦ
1364 491 1606 559 σώματος
1630 482 1733 547 ἕξιν
1758 499 1917 534 κατα-

2066 475 2417 532 tbonorum
2446 474 2838 532 meditatione
2869 473 2949 531 ad
2972 476 3285 548 propriam
3306 477 3690 549 'magnitudi-

314 564 685 659 μαραίνεσθαι.

2062 582 2173 623 lem
2190 569 2419 635 evecto,
2435 564 2710 638 sequitur
2727 564 2962 622 bonam
2979 566 3249 639 corporis
3266 566 3690 627 habitudinem

2031 655 2462 714 eontabescere
2493 660 2548 712 et
2576 654 2924 726 elanguere.

387 763 443 817 4.
474 763 544 815 Τὸ
575 757 703 812 αύτὸ
736 754 795 811 δὴ
825 764 979 809 τοῦτο
1006 753 1350 829 παράγγελμα
1368 757 1459 806 καὶ
1485 751 1766 806 ἀσθενοῦσι
1784 750 1924 824 χρή-

2103 748 2159 802 4.
2201 748 2385 801 Porro
2428 744 2547 801 hoc
2600 744 2765 801 idem
2810 748 3185 818 praeceptum
3239 760 3381 802 cum
3432 746 3691 805 inﬁrmis

318 870 493 923 σιμον,
522 854 613 902 καὶ
660 847 966 923 ἐρῥωμένοις
1010 840 1426 921 ἁρμοδιώτατον.
1458 841 1536 897 Ἐν
1584 844 1674 916 μέν
1721 859 1781 912 γε
1808 844 1924 900 ταῖς

2063 834 2346 904 :onducit,
2374 839 2504 892 tum
2534 834 2800 892 maxime
2829 834 3105 905 congruit
3140 835 3297 892 bene
3324 836 3691 897 valentibus.

320 939 611 999 ἀσθενείαις
641 940 690 991 οἱ
722 937 892 1011 ἰατροὶ
928 942 1041 997 τοῖς
1082 936 1343 1007 κάμνουσι
1384 940 1724 1008 παρεγγυῶσι
1763 946 1927 1005 προσ-

2065 928 2105 982 lt
2131 925 2193 981 in
2222 924 2453 982 morbis
2479 924 2733 999 quidem
2756 924 2978 981 medici
2998 924 3400 984 adhortantur
3414 931 3693 999 aagrotos,

320 1034 463 1104 έχειν
494 1029 685 1091 αὐτοὺς
715 1027 940 1093 ἑαυτοῖς,
989 1030 1081 1077 καὶ
1122 1021 1349 1098 μηδενὸς
1394 1031 1495 1076 τῶν
1544 1022 1615 1082 εἰς
1655 1022 1927 1095 θεραπείαν

2072 1018 2105 1072 ιι
2132 1014 2250 1071 sibi
2275 1014 2395 1088 ipsi
2424 1014 2761 1104 attendant,
2782 1013 3055 1088 nihilque
3080 1030 3291 1072 eorum
3316 1032 3455 1090 quae
3476 1017 3556 1074 ad
3576 1034 3700 1076 me-

322 1122 551 1180 ἠκόντων
610 1116 934 1190 καταμελεῐν.
993 1114 1216 1188 Ὁμοίως
1273 1110 1332 1166 δὲ
1388 1117 1478 1165 καὶ
1525 1113 1551 1164 ὁ
1597 1111 1774 1185 ἰατρὸς
1827 1114 1928 1160 τῶν

2072 1104 2241 1161 telam
2288 1103 2590 1178 pertinent
2629 1103 2958 1176 negligant.
2991 1104 3289 1163 Eumdem
3335 1111 3416 1163 ad
3440 1107 3700 1166 modum

325 1208 514 1281 ψυχῶν
563 1209 709 1281 ἡμῶν
756 1206 907 1279 λόγος
954 1203 1067 1276 (20)
1111 1207 1206 1263 τὴν
1255 1190 1365 1256 ύπὸδ
1399 1209 1495 1264 τῆς
1539 1200 1799 1276 ἁμαρτίας
1840 1217 1930 1250 κε-

2078 1211 2243 1251 ermo
2273 1195 2478 1262 etiam,
2509 1194 2857 1252 animarum
2886 1198 3236 1252 nostrarum
3255 1196 3551 1265 medicus,
3579 1198 3706 1256 ani-

332 1301 630 1371 κακωμένην
662 1296 849 1368 ψυχήν
877 1292 972 1348 διὰ
999 1302 1092 1347 τοῦ
1131 1300 1323 1368 μικροῦ
1370 1294 1556 1345 τούτου
1591 1289 1934 1364 βοηθήματος

2077 1300 2210 1342 nam
2233 1300 2270 1341 a
2297 1289 2548 1358 peccato
2576 1284 2737 1340 male
2758 1284 3039 1342 aﬂectam
3060 1285 3282 1356 exiguo
3301 1286 3421 1343 hoc
3432 1288 3705 1346 remedio

326 1386 543 1452 ἔξιᾶται.
600 1391 840 1462 Ηρόσεχε
885 1381 971 1438 οὖν
1028 1393 1248 1457 σεαυτῷ,
1314 1382 1397 1435 ἵνα
1460 1383 1597 1433 κατά
1663 1378 1935 1452 ἀναλογίαν

2080 1379 2355 1431 ›θιέθ.ι]δ.ῐ.
2377 1374 2644 1431 Attende
2672 1374 2852 1445 igitur
2883 1374 2993 1430 tibi
3010 1376 3145 1446 ipsi,
3167 1380 3235 1433 ut
3261 1391 3373 1449 pro
3393 1376 3597 1434 delicti
3615 1393 3708 1436 ra-

325 1486 416 1533 τοῦ
458 1476 906 1550 πλημμελήματος
953 1479 1044 1527 καὶ
1089 1478 1184 1534 τὴν
1230 1471 1285 1524 ἐκ
1332 1480 1428 1532 τῆς
1479 1473 1754 1544 θεραπείας
1798 1467 1936 1542 βοή-

2081 1465 2209 1522 ione
2220 1465 2475 1539 recipias
2488 1465 2671 1522 etiam
2693 1464 3036 1523 subsidium
3057 1467 3409 1523 curationis.
3423 1469 3709 1538 Magnum

328 1570 466 1622 θειαν
495 1563 757 1639 καταδέξῃ
792 1566 927 1638 21).
960 1567 1109 1635 Μέγα
1147 1566 1234 1615 καὶ
1277 1561 1510 1634 χαλεπὸν
1537 1563 1594 1612 τὸ
1628 1558 1936 1633 ἁμάρτημαο

2087 1559 2139 1611 st
2165 1559 2487 1627 peccatum
2517 1557 2575 1611 et
2603 1570 2810 1627 grave,
2840 1555 3035 1612 multa
3058 1555 3165 1612 tibi
3185 1573 3338 1628 opus
3358 1562 3452 1614 est
3475 1558 3712 1615 confes-

325 1657 520 1719 πολλῆς
569 1676 654 1709 σοι
701 1659 862 1729 χρεία
907 1662 1003 1715 τῆς
1051 1651 1507 1726 ἐξομολογήσεως,
1562 1645 1804 1723 δακρύων
1856 1667 1942 1701 πι-

2085 1643 2556 1717 ione,1acrymis
2591 1644 2838 1715 amaris,
2859 1644 3101 1701 intentis
3137 1645 3372 1718 vigiliis,
3407 1646 3540 1719 jugi
3560 1647 3713 1720 jeju-

326 1756 485 1822 κρῶν,
536 1749 784 1799 συντόνου
832 1751 930 1805 τῆς
974 1741 1284 1818 ἀγρυπνίας,
1337 1736 1679 1792 ἀδιαλείπτου
1718 1745 1817 1799 τῆς
1853 1757 1944 1796 νη-

2086 1733 2175 1790 ιὶο.
2206 1737 2357 1791 Leve
2383 1739 2476 1790 est
2500 1739 2559 1790 et
2587 1733 2899 1791 tolerabile
2936 1735 3222 1793 delictum
3251 1754 3264 1793 :
3296 1737 3437 1793 huic
3465 1753 3714 1811 quoque

333 1839 536 1898 στείας.
595 1839 797 1906 Κοῦφον
844 1838 934 1885 καὶ
982 1834 1205 1905 φορητὸν
1251 1832 1310 1882 τὸ
1357 1831 1711 1904 παράπτωμαι
1762 1825 1944 1889 ἐξισα-

2088 1830 2402 1899 xaequetur
2437 1824 2813 1897 poenitentia.
2845 1827 3293 1884 Tantummodo
3339 1826 3580 1885 attende
3607 1827 3716 1885 tibi

335 1925 509 1986 ζέσθω
555 1927 644 1975 καὶ
686 1924 715 1981 ἡ
764 1923 1032 1996 μετάνοια.
1086 1924 1254 1973 Μόνον
1300 1922 1536 1989 πρόσεχε
1585 1923 1805 1988 σεαυτῷ,
1862 1916 1946 1967 ἵνα

2083 1917 2187 1991 psi,
2219 1919 2287 1971 ut
2330 1914 2649 1971 sanitatem
2698 1913 2886 1971 animi
2933 1930 3005 1971 ac
3048 1915 3337 1973 morbum
3385 1932 3711 1988 agnoscas.

328 2014 593 2090 γνωρίζης
615 2011 804 2085 ψυχῆς
835 2011 1121 2086 εὐρωστίαν
1172 2013 1266 2062 καὶ
1308 2013 1479 2063 νόσον.
1506 2006 1689 2060 Πολλοὶ
1716 2008 1816 2080 γὰρ
1845 2003 1945 2058 ἀπὸ

2088 2010 2206 2064 .unt
2233 2005 2398 2063 enim
2418 2003 2714 2077 plerique,
2743 2003 2849 2077 qui
2878 2020 3005 2078 prae
3029 2005 3221 2063 nimia
3242 2006 3431 2064 animi
3458 2007 3716 2079 inconsi-

328 2112 427 2165 τῆς
474 2105 583 2176 (22)
642 2103 772 2173 ἄγαν
831 2099 1147 2176 ἀπροσεξίας
1202 2098 1411 2172 μεγάλα
1466 2101 1557 2150 καὶ
1617 2095 1805 2149 ἀνίατα
1854 2114 1944 2147 νο-

2090 2094 2327 2154 .erAntia
2348 2098 2642 2166 aegrotare
2658 2109 2722 2149 se
2745 2109 2821 2149 ne
2836 2097 3059 2150 norunt
3074 2095 3343 2168 quidem,
3358 2112 3718 2171 quanquam

335 2201 564 2261 σοῦντες,
611 2187 735 2245 οὐδὲ
774 2190 900 2242 αύτό
945 2196 1100 2241 τοῦτο
1146 2191 1351 2258 ἴσασιν,
1385 2190 1465 2239 ὅτι
1507 2193 1749 2240 νοσοῦσι.
1796 2187 1946 2257 Μέγα

2092 2185 2344 2244 ravibus
2374 2184 2608 2241 morbis
2634 2188 2692 2242 et
2719 2183 3164 2242 insanabilibus
3190 2185 3495 2246 laborant.
3524 2188 3642 2244 Sed
3660 2192 3720 2247 et

334 2280 395 2337 δε
432 2286 491 2335 τὸ
534 2280 591 2334 ἐκ
637 2288 729 2334 τοῦ
772 2278 1206 2356 παραγγέλματος
1253 2273 1436 2351 ὄφελοξ
1475 2281 1565 2329 καὶ
1617 2282 1729 2335 τοῖς
1792 2272 1946 2350 ἐρρω-

2090 2293 2211 2333 ιϐῙΙϐ
2233 2273 2575 2332 valentibus
2589 2274 2652 2331 in
2663 2275 2905 2346 agendo
2917 2290 3042 2332 non
3056 2292 3277 2349 parum
3298 2278 3548 2351 prodest
3566 2277 3718 2335 illud

334 2376 508 2446 μένοις
548 2374 666 2445 περὶ
707 2372 802 2432 τὰς
840 2370 1077 2445 πράξεις·
1124 2369 1258 2419 ὥστε
1304 2369 1363 2419 τὸ
1413 2365 1539 2418 αὐτὸ
1587 2366 1698 2434 (23)
1736 2366 1829 2416 καὶ
1854 2383 1945 2416 νο-

2090 2366 2415 2424 mandatum
2450 2383 2463 2420 :
2497 2379 2687 2437 quare
2734 2362 2852 2421 hoc
2897 2364 3061 2421 idem
3101 2371 3159 2423 et
3198 2383 3393 2438 aegros
3435 2372 3630 2440 sanat,
3663 2371 3718 2425 et

339 2468 562 2523 σοῦντας
608 2460 768 2527 ἰᾶται,
811 2463 902 2511 καὶ
934 2460 1262 2530 ὑγιαίνοντας
1304 2455 1508 2509 τελειοί.
1554 2452 1815 2515 Ἕκαστος
1842 2455 1943 2528 γὰρ

2089 2456 2221 2514 anis
2250 2453 2529 2512 conciliat
2558 2455 2881 2511 sanitatem
2907 2455 3351 2528 perfectiorem.
3377 2460 3529 2515 Nam
3552 2458 3716 2532 quis-

336 2552 484 2626 ἡμῶν
522 2558 622 2602 τῶν
670 2550 1097 2622 μαθητευομένων
1141 2555 1213 2618 τῷ
1259 2545 1395 2618 λόγῳ
1441 2550 1566 2618 μιᾶς
1623 2563 1760 2605 τινος
1802 2544 1944 2618 πρά-

2087 2562 2175 2620 [ue
2190 2548 2467 2602 nostrum
2488 2543 2592 2616 qui
2603 2544 2754 2600 inter
2769 2544 2934 2601 verbi
2949 2544 3286 2618 discipulos
3305 2564 3715 2617 recensemur,

339 2640 465 2704 ξεὼς
506 2638 647 2691 ἐστιν
696 2640 979 2712 ὑπηρέτης,
1034 2645 1134 2688 τῶν
1178 2637 1315 2688 κατά
1356 2638 1414 2687 τὸ
1462 2632 1775 2705 Εύαγγὲλιον
1818 2627 1943 2684 δια-

2088 2652 2268 2692 umus
2293 2634 2630 2691 administri
2652 2633 2832 2690 unius
2854 2634 3112 2708 alicujus
3132 2652 3345 2694 eorum
3364 2654 3711 2709 munerum,

336 2733 657 2803 τεταγμένων
703 2729 850 2801 ἡμῖν.
898 2724 975 2780 Ἐν
1023 2728 1123 2800 γάρ
1173 2732 1236 2798 τῇ
1297 2723 1491 2799 μεγάλη
1537 2723 1678 2795 οἰκίᾳ
1718 2728 1781 2796 τῇ
1825 2720 1945 2775 Ἐκ-

2090 2741 2187 2797 me
2198 2723 2570 2794 nobis,juxta
2583 2722 3354 2799 Evangelium,praescripta
3365 2728 3718 2785 sunt.Enim-

335 2818 534 2890 κλησίᾳ
556 2820 720 2890 ταύτῃ
757 2815 814 2869 ού
859 2820 1012 2889 μόνον
1062 2817 1221 2873 σκεύη
1264 2813 1379 2866 ἐστί
1402 2808 1735 2879 παντοδαπὰ,
1762 2816 1948 2885 χρυσᾶ

2090 2829 2197 2869 ‘ero
2215 2813 2279 2869 in
2307 2827 2537 2883 magna
2548 2811 2755 2885 ,domo
2787 2812 3053 2871 Ecclesia
3070 2814 3188 2872 hac
3206 2830 3333 2873 non
3351 2817 3539 2874 modo
3566 2834 3718 2877 vasa

337 2913 426 2961 καὶ
452 2905 674 2984 ἀργυρᾶ,
720 2911 809 2958 καὶ
858 2904 1036 2968 ξύλινα
1061 2906 1175 2976 (24)
1214 2908 1305 2956 καὶ
1353 2903 1657 2979 ὀστράκινα,
1705 2900 1832 2954 ἀλλά
1855 2905 1946 2953 καὶ

2091 2906 2197 2958 unt
2211 2901 2635 2974 cujuscunque
2650 2902 2909 2973 generis,
2925 2919 3111 2960 aurea
3127 2909 3504 2978 etargentea,
3518 2906 3719 2979 lignea

338 3002 526 3070 τέχναι
570 3003 834 3049 παντοῖαι.
884 2991 1041 3066 Ἔχει
1083 2995 1182 3069 γὰρ
1229 2994 1254 3045 ὁ
1301 2988 1441 3054 οἶκος
1486 3000 1579 3045 τοῦ
1627 2996 1775 3059 Θεοῦ,
1826 2995 1945 3053 ἥτις

2161 2993 2470 3062 estacea“,
2488 2992 2595 3048 sed
2609 2997 2750 3048 sunt
2764 2993 2966 3061 etiam,
2981 2999 3141 3050 artes
3151 2996 3515 3067 omnigenus.
3533 2998 3722 3056 Habet
3787 3047 3789 3051 Α

341 3085 477 3140 ἐστὶν
506 3085 790 3144 Ἐκκλησία
837 3090 972 3137 Θεοῦ
1021 3083 1233 3151 ζῶντος,
1283 3084 1554 3157 θηρευτὰς,
1607 3079 1941 3157 ὁδοιπόρους,

2094 3083 2219 3139 nim
2238 3082 2460 3138 domus
2476 3081 2599 3150 Dei,
2613 3098 2750 3150 quae
2766 3087 2856 3138 est
2871 3083 3132 3141 Ecclesia
3149 3085 3251 3141 Dei
3265 3086 3521 3144 viventis
3535 3088 3603 3156 ⁸³,
3622 3105 3722 3146 ve.

342 3174 742 3250 ἀρχιτέκτονας,
780 3168 1113 3244 οἰκοδόμους,
1156 3174 1435 3245 γεωργοὺς,
1476 3173 1742 3244 ποιμένας,
1790 3168 1946 3227 ἀθλη-

2094 3177 2318 3243 .atores,
2336 3170 2622 3237 viatores,
2644 3171 3029 3243 architectos,
3051 3173 3470 3244 aediﬁcatores,
3495 3178 3722 3248 agrico-

341 3267 456 3333 τάς,
505 3268 850 3338 στρατιώτας.
904 3267 1044 3314 Πᾶσι
1087 3262 1292 3321 τούτοις
1336 3258 1616 3334 ἐφαρμόσει
1664 3262 1720 3312 τὸ
1762 3258 1947 3335 βραχύ

2095 3259 2762 3333 ις,ρειείοινθε,θ.ι];ι1ιιῐειε,
2778 3261 3355 3322 milites.Conveniet
3372 3266 3574 3325 brevis
3592 3266 3723 3325 haec

345 3362 502 3407 τοῦτο
531 3355 695 3428 ῥῆμα,
731 3351 934 3422 ἑκάστῳ
965 3355 1077 3419 (25)
1112 3352 1200 3401 καὶ
1233 3348 1498 3424 ἀκρίϐειαν
1546 3356 1638 3402 τοῦ
1687 3352 1838 3425 ἔργου
1864 3342 1952 3400 καὶ

2095 3350 2242 3406 Lictio
2262 3349 2357 3405 his
2381 3348 2690 3421 omnibus,
2718 3349 3072 3423 impertiens
3096 3352 3349 3424 singulis
3372 3359 3502 3411 tum
3522 3356 3723 3428 operis

350 3438 592 3501 σπουδὴν
621 3449 719 3504 τῆς
763 3436 1116 3515 προαιρέσεως
1146 3437 1411 3511 ἐμποιοῦν.
1455 3442 1730 3513 Θηρευτὴς
1772 3433 1821 3490 εἷ
1859 3436 1953 3490 ἀπ-

2099 3439 2491 3511 ntegritatem,
2522 3443 2654 3494 tum
2681 3439 3012 3498 voluntatis
3055 3442 3345 3500 studium.
3379 3446 3637 3503 Venator
3662 3461 3727 3503 es

250 3536 257 3541 ’
348 3531 657 3605 εσταλμένος
694 3529 793 3583 ύπὸ
842 3536 934 3582 τοῦ
984 3533 1177 3603 Κυρίου
1225 3534 1316 3580 τοῦ
1372 3529 1622 3590 εἰπόντος’
1668 3522 1807 3581 Ἰδοὺ
1856 3525 1878 3579 ἐ

2099 3530 2288 3587 uissus
2318 3545 2355 3585 a
2385 3528 2642 3585 Domino
2663 3528 2937 3587 dicente:
2969 3533 3128 3589 Ecce
3163 3548 3269 3605 ego
3307 3535 3479 3592 mitto
3498 3537 3727 3605 multos

351 3620 653 3676 ἀποστέλλω
708 3619 929 3682 πολλοὺς
984 3620 1257 3693 θηρευτὰς,
1312 3622 1400 3670 καὶ
1454 3619 1801 3692 θηρεύσουσιν
1859 3616 1957 3670 αύ-

2099 3604 3727 3691 lenatores,etvenalnmtureossuperomnemmohtem“.

348 3715 477 3776 τούς
544 3709 712 3764 ἐπάνω
775 3711 970 3770 παντὸς
1053 3711 1223 3781 ὅρους.
1307 3711 1548 3783 Ηρόσεχε
1622 3706 1709 3759 οῦν
1776 3705 1958 3780 ἐπιμε-

2102 3707 2324 3765 ιίῐθιιάε
2358 3707 2538 3778 igitur
2575 3707 2912 3781 diligenter,
2934 3725 3012 3766 ne
3049 3711 3199 3769 forte
3225 3712 3474 3786 effugiat
3502 3719 3557 3771 te
3580 3731 3730 3788 prae-

349 3800 471 3870 λῶς,
501 3805 573 3875 μή
623 3801 725 3853 πού
772 3818 830 3852 σε
877 3794 1106 3871 διαφύγῃ
1154 3800 1213 3849 τὸ
1265 3798 1496 3873 θήραμα,
1550 3797 1650 3865 ἵνα,
1703 3795 1960 3849 συλλαϐό-

2103 3799 2174 3867 la,
2204 3802 2271 3854 ut
2296 3813 2402 3853 eos
2434 3798 2542 3871 qui
2584 3797 2731 3854 vitiis
2765 3798 2997 3856 efferati
3025 3806 3186 3872 sunt,
3213 3818 3493 3860 sermone
3513 3805 3731 3862 verita-

350 3910 505 3967 μενος
551 3897 624 3961 τῷ
669 3887 804 3960 λόγῳ
858 3895 954 3947 τῆς
1004 3883 1269 3954 ἀληθείας,
1319 3889 1443 3949 τοὺς
1480 3887 1580 3939 ὑπὸ
1624 3893 1720 3948 τῆς
1773 3890 1963 3947 κακίας

2106 3890 2147 3945 is
2173 3892 2385 3962 captos
2417 3888 2692 3946 adducas
2723 3890 3051 3949 Servatori.
3094 3893 3295 3950 Viator
3320 3909 3385 3950 es
3408 3910 3533 3952 non
3559 3910 3734 3953 secus

354 3979 706 4055 ἀγριωθέντας
751 3977 1097 4051 προσαγάγῃς
1143 3982 1215 4046 τῷ
1265 3975 1510 4035 σώζοντι,
1560 3970 1873 4049 Ὀδοιπόρος
1918 3971 1967 4028 εἷ

2114 3996 2145 4035 c
2174 3979 2270 4035 ille
2296 3980 2412 4051 20
2445 3979 2552 4053 qui
2589 3979 2674 4036 sic
2702 3982 3103 4053 precabatur:
3128 3984 3376 4042 Gressus
3407 4001 3563 4043 meos
3586 3987 3738 4043 diri-

351 4072 549 4144 ὁμοίως
572 4075 644 4139 τῷ
669 4066 786 4139 (26)
817 4064 1106 4138 εύχομένῳ·
1152 4066 1230 4117 Τά
1277 4058 1584 4137 διαϐἡματά
1622 4083 1723 4137 μου
1771 4067 1962 4118 κατεύ-

2116 4085 2145 4126 e
2166 4070 2234 4136 ⁸⁵,
2254 4068 2496 4124 attende
2520 4068 2626 4124 tibi
2649 4068 2765 4142 ipsi
2784 4085 2861 4126 ne
2883 4070 3170 4128 deﬂectas
3190 4089 3227 4129 a
3246 4074 3452 4141 via,ne
3472 4074 3738 4132 declines

356 4162 527 4214 θυνον.
562 4148 805 4232 Ηρόσεχε
832 4160 1052 4224 σεαυτῷ,
1104 4158 1176 4227 μὴ
1205 4162 1557 4229 παρατραπῇς
1584 4155 1681 4217 τῆξ
1711 4150 1776 4206 ὁδ
1780 4162 1859 4223 οῦ,
1886 4158 1959 4229 μὴ

2115 4157 2157 4214 d
2175 4157 2452 4214 dextram
2474 4162 2579 4214 aut
2610 4157 2943 4228 sinistram,
2971 4160 3068 4217 via
3090 4162 3259 4232 regia
3285 4163 3523 4223 incede.
3550 4163 3742 4221 Jaciat

357 4248 596 4322 ἐκκλίνῃς
635 4243 785 4317 δεξιᾷ
814 4246 843 4305 ἡ
880 4243 1150 4320 ἀριστερᾷ·
1193 4239 1303 4315 ὁδῷ
1339 4241 1591 4318 βασιλικῇ
1634 4248 1878 4320 πορεύου.
1905 4245 1963 4297 Ὀ

2115 4247 2440 4304 rchitectus
2474 4247 2723 4303 ﬁrmum
2754 4247 2900 4305 ﬁdei
2939 4248 3431 4320 fundamentum,
3451 4254 3620 4326 quod
3651 4258 3742 4311 est

360 4336 688 4414 ἀρχιτέκτων
740 4334 983 4409 ἀσφαλῶς
1013 4338 1101 4386 τὸν
1147 4332 1375 4407 θεμελιον
1418 4332 1821 4387 καταϐαλλέσθω
1850 4337 1964 4405 (27)

2113 4353 2253 4392 esus
2287 4335 2578 4392 Christus.
2612 4336 2820 4394 Videat
2850 4338 3202 4408 aediﬁcator,
3243 4358 3366 4413 quo
3391 4348 3572 4415 pacto
3600 4342 3741 4400 aedi-

359 4436 459 4490 τῆς
483 4431 730 4494 πίστεως,
769 4426 823 4486 ὅς
871 4422 1011 4476 ἐστιν
1059 4422 1266 4483 Ἰησοῦς
1315 4424 1340 4474 ὁ
1370 4427 1622 4500 Χριστός.
1653 4421 1712 4476 Ὀ
1760 4420 1965 4477 οκίοὸό-

2115 4430 2219 4483 :cet
2242 4443 2254 4482 :
2278 4441 2405 4482 non
2426 4425 2685 4496 lignum,
2708 4442 2832 4483 non
2864 4426 3093 4499 fenum,
3124 4446 3251 4486 non
3293 4432 3601 4504 stipulam,
3635 4432 3743 4490 sed

363 4536 463 4592 μος
510 4513 740 4590 βλεπέτω
781 4521 893 4576 πῶς
936 4505 1291 4585 ἐποικοδομεῖο
1334 4516 1404 4585 μὴ
1450 4510 1596 4583 ξύλα,
1624 4516 1696 4586 μὴ
1746 4518 1963 4590 χόρτον,

2122 4532 2321 4584 urum,
2353 4520 2696 4587 argentum,
2716 4516 2952 4590 lapides
2980 4518 3279 4590 pretiosos
3299 4522 3367 4576 ⁸⁸.
3399 4525 3607 4579 Pastor
3635 4525 3745 4581 es?

365 4613 439 4684 μὴ
503 4605 763 4679 καλάμην,
830 4603 958 4656 ἀλλά
1012 4606 1261 4677 χρυσίον,
1333 4598 1599 4676 ἀργύριον,
1653 4601 1833 4665 λίθους
1883 4625 1968 4657 τι..

2119 4608 2324 4664 ttende
2366 4611 2530 4663 nete
2576 4607 2920 4681 quidquam
2969 4624 3183 4666 eorum
3229 4626 3367 4683 quae
3406 4613 3486 4669 ad
3525 4629 3746 4670 munus

366 4702 542 4773 μίους.
572 4694 631 4749 Ὀ
660 4698 877 4769 ποιμὴν,
909 4693 1144 4770 πρόσεχε
1172 4696 1241 4766 μή
1279 4710 1332 4743 τι
1370 4688 1600 4768 παρέλθῃ
1633 4699 1733 4745 τῶν
1764 4690 1971 4747 ἐπιϐαλ-

2121 4695 2386 4755 ιειεῐοισθλο
2407 4697 2681 4768 attinent,
2702 4701 3044 4770 praetereat.
3074 4698 3212 4756 Haec
3231 4705 3439 4758 autem
3463 4702 3614 4775 quid
3633 4702 3749 4761 sibi

373 4898 433 4951 Η
479 4822 622 4950 εἷῖιι
661 4820 813 4879 Tim.
855 4835 921 4888 ιι,
955 4822 1052 4877 20.
1172 4816 1224 4853 ⁸³
1270 4819 1295 4873 Ι
1339 4816 1487 4873 Tim.
1533 4832 1619 4886 ιιι,
1673 4821 1761 4875 t5.
1874 4819 1923 4857 ⁸⁴
1971 4822 2001 4877 J

2120 4839 2195 4881 m.
2238 4838 2358 4891 xv1,
2412 4826 2500 4880 16.
2612 4822 2660 4859 ⁸⁵
2696 4822 2850 4880 Psal.
2901 4839 3093 4898 cxvm,
3142 4828 3264 4884 l33.
3361 4827 3410 4864 ⁸ο
3442 4827 3464 4883 Ι
3496 4831 3632 4887 Cor.
3663 4843 3748 4902 ιιι,

443 4938 461 4967 ,
499 4935 581 4950 υ..

471 5018 562 5099 g9)
583 5016 839 5099 (lodices
854 5012 1142 5099 permnulltiA
1166 5013 1313 5088 ἡμῶν
1337 5012 1508 5099 λὸγρς.
1542 5013 1748 5099 Editi§
1776 5015 1948 5099 λόγος.

2143 5020 2261 5099 (25)
2290 5017 2823 5099 Veteresualiquot
2871 5019 3012 5077 libri
3039 5022 3308 5099 ἑκάστου.
3337 5024 3569 5084 Ibidem
3601 5026 3750 5099 Reg.

471 5082 560 5173 gl}
586 5093 726 5173 Reg.
750 5082 985 5173 primus
1007 5084 1105 5159 βοή
1116 5082 1254 5172 θειάν
1276 5082 1578 5173 κατέδέχη.
1598 5087 1809 5173 Statim
1824 5082 1990 5173 idem
2097 5110 2099 5115 ‘

2132 5082 2419 5173 trimuset
2455 5090 2624 5173 Colb.
2661 5082 2899 5163 primus
2926 5096 3062 5173 κοιτά
3102 5082 3386 5171 ἀκρίϐειαν,
3414 5082 3597 5156 male.
3641 5082 3760 5158 Νέο

372 5159 570 5245 codex
611 5159 844 5235 χαλεπὸν
886 5162 945 5245 το
988 5159 1346 5245 παράπτωμα.
1375 5160 1494 5214 Nec
1521 5159 1607 5215 ita
1635 5159 1829 5218 multo
1854 5164 1993 5235 post

1795 5175 1829 5218 ο
1854 5164 1993 5235 post
2099 5159 2889 5245 ita‘mul't‘o‘postduo‘mss.
2920 5167 3064 5245 παρὰ
3087 5159 3180 5245 τοῦ
3210 5159 3423 5245 Κυρίου.

372 5229 726 5314 ίάεξιψᾷέεμ.
753 5229 1452 5314 φορηῖδνῖρζάεξάεέιιλοξο.
1538 5301 1552 5314 .
1611 5304 1620 5314 .
1701 5311 1720 5314 _
1854 5229 1876 5235 ’

2332 5229 2483 5314 Ed‘lrti
2507 5238 2588 5314 _et
2635 5232 2802 5314 901b,
2849 5229 3072 5314 tertius,
3110 5229 3296 5314 ὅμοιοςι
3334 5251 3425 5314 τῷ,
3466 5243 3681 5301 similis
3711 5244 3765 5300 ei

595 5298 839 5389 ξριιὶᾀηῖ
868 5302 991 5389 duo
1189 5298 1496 5387 Panchya‘m
1530 5301 1629 5388 ὑπὸ
1658 5311 1720 5363 τῆ
1734 5323 1774 5366 ς.

2142 5298 2225 5389 ut",
2258 5298 2368 5389 etc.
2396 5310 2470 5361 At
2499 5304 2673 5388 “Regii
2708 5308 2943 5389 primus
2974 5298 3477 5389 ettertius'éao'iag
3504 5298 3766 5389 ῥεᾶοζ

454 5371 565 5448 (23)
599 5371 867 5458 ᾤδει.
900 5377 972 5458 ét
1001 5372 1142 5458 editi
1175 5374 1308 5458 (ἦστε
1338 5371 1677 5458 ατΞτοτοτγῗόἒ
1702 5448 1713 5458 ι
1900 5444 1954 5458 ν,

2139 5378 2248 5458 facile
2276 5385 2459 5458 atque
2485 5377 2535 5433 is
2563 5371 2689 5448 ᾳὶιί,
2710 5371 2857 5444 'etc.,
2894 5379 3144 5458 rectius.
3181 5371 3481 5458 Hoc'ipso
3523 5371 3608 5442 in,
3630 5371 3767 5444 loco

457 5442 567 5517 (24)
597 5447 751 5522 Editi
797 5450 854 5503 et
903 5447 1044 5522 Reg.
1088 5445 1295 5522 tertius
1321 5442 1563 5522 ἀργυρᾶ,
1767 5450 1857 5499 καὶ

1363 5450 1563 5522 εεγ.υρά›
1593 5442 1726 5522 ἐελᾎᾲ
1767 5450 1857 5499 καὶ
1899 5444 1994 5522 ξτὲτ
2107 5449 2276 5508 Colb-
2300 5442 2533 5522 pi’imus
2563 5442 2991 5522 ῑτρρσευχομένφ-

457 5468 567 5517 (χιι)
601 5468 751 5504 nam
797 5468 854 5503 cl.
905 5468 1041 5515 [ωε.
1092 5468 1295 5499 leuius
1339 5468 1373 5495 α
1405 5468 1563 5519 γυρα,
1599 5468 1726 5498 aut“
1767 5468 1857 5499 και
1899 5468 1994 5509 ςυ-

377 5520 519 5576 λινα.
542 5518 658 5602 ⁸Α]ίὶ
686 5523 809 5602 tres
833 5533 985 5602 mss.
1022 5513 1225 5602 arpyiae?
1249 5520 1339 5602 καὶ
1370 5468 1565 5602 ξύλινοι.
1585 5515 1823 5602 ibich
1855 5516 1998 5601 editi

2150 5468 2276 5508 om.
2300 5468 2533 5522 primus
2563 5468 2761 5521 προσευ
2811 5468 2836 5501 ο
2881 5468 2992 5506 ενω.

2180 5524 2295 5602 (_27)
2340 5522 2582 5602 Ventere‘s
2613 5520 2738 5576 duo
2763 5468 2922 5578 glib‘ri
2943 5504 3316 5582 ’και-«ϐαλέτω.
3352 5526 3558 5585 Codex
3599 5528 3774 5588 Com-

385 5592 695 5720 ii‘a-rpatatcévatzi,
730 5589 859 5718 eam
886 5591 998 5716 ιῖαί,
1029 5586 1291 5645 etc.'Sed
1318 5603 1440 5645 vox
1469 5586 1597 5642 ἀλλά
1624 5587 1749 5647 hod
1769 5589 1905 5648 loco
1933 5589 1998 5646 in

437 5680 533 5720 eg.
619 5678 648 5720 r
696 5677 733 5719 ο
799 5676 898 5718 ees
929 5702 941 5716 .

1029 5586 1291 5645 etc.'Sed
1318 5603 1440 5645 vox
1469 5586 1597 5642 ἀλλά
1624 5587 1749 5647 hod
1769 5589 1905 5648 loco
1933 5589 1998 5646 in
2108 5586 2232 5651 bet.
2264 5586 2646 5648 καταϐαλλέτω.

384 5668 533 5735 Reg.
559 5668 733 5721 tertio
756 5668 941 5718 deest.
