4124 6388
347 283 454 338 209

349 415 482 490 ἄγαν
527 416 702 478 ἀνοίας
752 414 1024 468 ἀπολαύειν
1075 411 1296 467 δοκοῦσι
1338 423 1437 466 τῶν
1496 415 1835 468 ἐλπισθέντων
1887 417 1954 476 ὡς

348 504 456 566 ἤδη
509 510 775 580 παρόντων
824 511 912 557 καὶ
965 505 1012 556 ἐν
1047 510 1198 557 ’ποσὶ
1250 509 1491 578 κειμένων
1542 505 1737 566 αὐτοῖς.
1789 501 1954 558 Ἵδιον

349 595 676 671 ἀρρώστημα
705 590 857 646 τοῦτο
890 593 1054 667 ἀργῆς
1092 598 1181 646 καὶ
1227 595 1464 668 ῥᾳθύμου
1507 593 1714 665 ψυχῆς,
1749 593 1957 646 ἐνύπνια

349 684 555 759 βλέπειν
624 683 970 758 ἐγρηγορότος
1025 690 1116 735 τοῦ
1191 689 1450 756 σώματος.
1511 687 1715 742 Ταύτην
1781 688 1954 734 τοίνυν

345 779 438 834 τήν
482 778 792 847 χαυνότητα
837 782 930 835 τῆς
963 769 1220 839 διανοίας,
1255 778 1344 825 καὶ
1387 778 1479 832 τήν
1529 773 1812 846 φλεγμονὴν
1855 781 1954 824 τῶν

344 864 609 937 λογισμῶν
657 863 983 924 καταπιέζων
1029 863 1053 914 ό
1101 861 1271 934 λόγος,
1318 867 1407 914 καὶ
1456 865 1560 916 οἷον
1608 862 1810 934 χαλινῷ
1853 882 1954 914 τινι

345 952 642 1027 ἀνακρούων
708 960 804 1014 τῆς
875 948 1110 1014 διανοίας
1168 955 1226 1004 τὸ
1285 953 1549 1019 ἄστατον,
1609 951 1954 1026 παραγγέλλει

345 1047 403 1096 τὸ
475 1047 612 1116 μέγα
676 1049 830 1094 τοῦτο
895 1046 984 1094 καὶ
1046 1045 1203 1114 σοφόν
1265 1042 1646 1116 παράγγελμα·
1708 1049 1948 1113 Σεαυτῷ,

348 1137 511 1206 φησὶ,
568 1136 802 1207 πρόσεχε
835 1152 848 1164 ·
917 1135 988 1204 μὴ
1051 1132 1413 1205 ὑποτιθέμενος
1471 1135 1536 1184 τὰ
1607 1130 1946 1206 ἀνύπαρκτα,

349 1221 471 1274 ἀλλά
534 1223 601 1274 τὰ
654 1225 888 1296 παρόντα
944 1224 1075 1293 πρὸς
1133 1224 1191 1272 τὸ
1252 1226 1510 1294 συμφέρον
1569 1217 1944 1294 διατιθέμενος.

346 1307 507 1384 Οζααι
533 1306 612 1378 δὲ,
646 1308 850 1363 κάκεῖνο
880 1313 938 1362 τὸ
981 1311 1147 1371 πάθος
1177 1309 1481 1384 ἐξαιροῦντα
1521 1317 1616 1373 τῆς
1648 1313 1944 1378 συνηθείας,

342 1403 504 1473 ταύτῃ
577 1401 896 1473 χρήσασθαι
964 1407 1026 1472 τῇ
1106 1404 1408 1474 παραινέσει
1477 1403 1564 1453 τόν
1643 1402 1942 1473 νομοθέτην.

339 1486 548 1547 Ἐπειδὴ
619 1486 806 1564 ῥᾴδιον
869 1489 1073 1560 ἑκάστῳ
1143 1491 1287 1562 ήμῶν
1358 1489 1805 1565 πολυπραγμονεῖν
1881 1494 1946 1543 τὰ

342 1578 604 1652 ἀλλότρια,
649 1579 679 1637 ἦ
730 1582 797 1631 τά
844 1578 1009 1631 οἰκεῖα
1057 1577 1242 1631 ἑαυτοῦ
1274 1576 1722 1632 διασκέπτεσθαι·
1760 1581 1842 1632 ἱνα
1869 1584 1939 1652 μή

338 1676 491 1721 τοῦτο
540 1669 853 1740 πάσχωμεν,
889 1675 1120 1735 Παῦσαι,
1169 1673 1318 1741 φησὶ,
1352 1670 1420 1721 τά
1457 1677 1547 1722 τοῦ
1595 1666 1759 1731 δεῖνος
1807 1673 1945 1722 κακά

337 1758 798 1831 περιεργαζόμενος
824 1779 837 1792 ο
865 1762 936 1831 μὴ
982 1754 1139 1809 δίδου
1188 1757 1388 1830 σχολήν
1431 1765 1540 1821 τοῖς
1582 1758 1856 1832 λογισμοῖς
1884 1762 1942 1812 τό

338 1845 600 1920 ἀλλότριον
650 1845 902 1910 ἐξετάζειν
957 1845 1316 1922 ἀρρώστημαι
1366 1846 1493 1900 ἀλλά
1548 1857 1724 1919 σαυτῷ
1771 1853 1943 1923 πρόσ-

337 1955 461 2009 εχε·
513 1941 805 2003 τουτέστιν,
857 1935 940 1989 ἐπὶ
985 1941 1078 1995 τήν
1128 1937 1318 1989 οἰκείαν
1364 1941 1567 2012 ἔρευναν
1620 1942 1802 2011 στρέφε
1848 1958 1941 1990 σου

334 2030 392 2078 τό
433 2029 575 2098 ὄμμα
604 2026 698 2088 τὴς
742 2025 949 2098 ψυχῆς.
982 2025 1166 2079 Πολλοὶ
1203 2029 1327 2100 γάρ,
1361 2030 1496 2079 κατὰ
1524 2031 1610 2079 τόν
1653 2027 1802 2098 λόγον
1851 2036 1942 2080 τοῦ

338 2120 552 2188 Κυρίου,
579 2119 639 2166 τὸ
683 2117 773 2188 μεν
813 2117 1009 2189 κάρφος
1051 2119 1109 2168 τὸ
1155 2115 1204 2168 ἐν
1249 2124 1321 2186 τῷ
1367 2115 1610 2188 ὀφθαλμῷ
1653 2124 1744 2168 τοῦ
1786 2113 1942 2170 ἀδελ-

335 2212 428 2277 φοῦ
472 2213 808 2274 κατανοοῦσι,
856 2209 950 2263 τὴν
995 2202 1054 2258 δὲ
1097 2203 1144 2257 ἐν
1176 2214 1247 2276 τῷ
1278 2205 1449 2276 οἰκείῳ
1497 2205 1742 2278 ὀφθαλμῷ
1787 2203 1942 2258 δοκόν

333 2293 426 2346 οὐκ
491 2291 826 2366 ἐμϐλέπουσι.
886 2298 972 2352 Μή
1045 2297 1225 2367 παύσῃ
1299 2300 1469 2346 τοίνυν
1547 2292 1942 2368 διερευνώμενος

334 2386 569 2449 σεαυτόν,
613 2386 657 2435 εἴ
703 2401 787 2435 σοι
834 2382 949 2435 κατ’
1002 2381 1206 2442 ἐντολὴν
1256 2384 1281 2434 ὁ
1331 2382 1450 2456 βίος
1495 2388 1768 2458 πρόεισινο
1817 2384 1944 2438 ἀλλὰ

237 2496 242 2500 ·
329 2475 400 2544 μὴ
461 2473 528 2523 τὰ
579 2471 675 2535 ἔξω
731 2477 1057 2547 περισκόπει,
1113 2475 1158 2525 εἰ
1222 2475 1321 2525 πού
1380 2493 1517 2535 τινος
1572 2482 1750 2547 μῶμον
1809 2473 1943 2537 ἐξευ-

327 2568 432 2633 ρεῖν
483 2557 764 2623 δυνηθείης
806 2566 935 2628 (33),
991 2563 1127 2613 κατὰ
1173 2565 1259 2614 τόν
1310 2568 1593 2636 Φαρισαῖον
1638 2567 1724 2615 τὸν
1772 2563 1939 2637 βαρύν

327 2647 513 2702 ἐκεῖνον
571 2655 662 2702 καὶ
721 2649 986 2717 ἀλαζόνα,
1043 2650 1099 2712 ὃς
1151 2652 1382 2709 εἱστήκει
1437 2651 1616 2704 ἑαυτὸν
1677 2649 1936 2720 δικαιῶν,

325 2743 414 2790 καὶ
466 2742 553 2791 τόν
606 2738 826 2797 τελώνην
879 2740 1250 2801 κατευτελίξων
1285 2761 1297 2773 ·
1356 2739 1483 2792 ἀλλά
1537 2745 1754 2795 σεαυτὸν
1809 2740 1938 2794 ἀνα-

325 2832 510 2902 κρίνων
560 2831 632 2901 μὴ
687 2825 940 2902 διαλίπῃς
965 2833 1096 2896 (34),
1129 2834 1200 2902 μή
1236 2849 1286 2881 τι
1317 2833 1452 2882 κατὰ
1500 2833 1596 2892 τὰς
1630 2829 1939 2904 ἐνθυμήσεις

326 2919 573 2990 ᾖμαρτες,
620 2922 691 2990 μή
751 2937 804 2970 τι
857 2920 886 2975 ἡ
934 2918 1152 2990 γλῶσσα
1201 2919 1500 2992 παρῴλισθε
1548 2928 1644 2982 τῆς
1699 2917 1936 2982 διανοίας

323 3002 805 3080 προεκδραμοῦσα,
853 3012 924 3080 μή
976 3005 1025 3059 ἐν
1074 3015 1185 3069 τοῖς
1231 3011 1400 3082 ἔργοις
1446 3017 1546 3061 τῶν
1599 3019 1792 3085 χειρῶν
1841 3015 1936 3063 πέ-

323 3099 552 3168 πρακταί
609 3115 661 3148 τι
713 3105 812 3148 τῶν
865 3095 1183 3154 ἀϐουλήτων.
1241 3097 1344 3150 Κάν
1401 3099 1556 3172 εύρης
1609 3098 1657 3151 ἐν
1710 3109 1782 3171 τῷ
1833 3099 1935 3172 βίῳ

328 3193 548 3237 σεαυτοῦ
598 3185 763 3238 πολλά
808 3187 875 3238 τὰ
917 3187 1274 3260 ἁμαρτήματα
1312 3189 1572 3262 (εὑρήσεις
1623 3185 1682 3242 δὲ
1729 3190 1937 3252 πάντως

324 3275 595 3349 ἄνθρωπος
642 3279 754 3341 ῶν),
805 3275 916 3348 λεγε
964 3278 1032 3328 τά
1082 3285 1173 3328 τοῦ
1231 3277 1486 3329 τελώνου·
1532 3277 1591 3330 Ὀ
1637 3282 1786 3346 Θεὸς,
1819 3279 1935 3332 ἱλά-

327 3363 486 3421 σθητί
515 3383 606 3437 μοι
649 3373 720 3434 τῷ
752 3363 1062 3437 ἁμαρτωλῷ.
1093 3370 1334 3440 Πρόσεχε
1378 3375 1465 3418 οῦν
1517 3377 1738 3439 σεαυτῷ.
1772 3376 1936 3421 Τοῦτο

327 3471 412 3504 σοι
466 3456 524 3506 τὸ
579 3453 727 3528 ῥῆμα
787 3459 876 3506 καὶ
926 3453 1176 3527 λαμπρῶς
1237 3455 1571 3530 εὐημεροῦντι
1627 3477 1788 3524 ποτε,
1847 3462 1936 3510 καὶ

323 3543 518 3602 παντὸς
579 3548 672 3593 τοῦ
732 3539 855 3613 βίου
909 3545 1046 3593 κατά
1095 3543 1218 3617 ῥοῦν
1277 3548 1592 3616 φερομένου,
1647 3551 1936 3620 χρησίμως

322 3634 744 3701 παραστήσεται,
779 3632 952 3704 ὧσπερ
998 3651 1079 3693 τις
1131 3630 1324 3704 ἀγαθός
1371 3632 1664 3705 σύμϐουλος
1693 3636 1934 3708 ύπόμνη-

326 3736 408 3769 σιν
440 3722 601 3793 φέρων
649 3727 748 3770 τῶν
795 3718 1148 3794 ἀνθρωπίνων.
1185 3727 1285 3775 Καί
1329 3727 1502 3795 μέντοι
1551 3728 1641 3775 καὶ
1689 3725 1788 3777 ύπό
1837 3745 1932 3779 πε-

320 3809 614 3881 ριστάσεων
638 3809 754 3880 (35)
785 3810 1071 3882 πιεζομένῳ
1121 3809 1169 3862 ἐν
1199 3821 1367 3884 καιρῷ
1397 3810 1456 3862 ἂν
1487 3816 1684 3884 γένοιτο
1713 3815 1776 3887 τῇ
1809 3835 1933 3891 καρ-

322 3893 416 3969 δίᾳ
462 3893 920 3970 κατεπᾳδόμενον,
967 3902 1038 3962 ὡς
1083 3905 1215 3972 μήτε
1262 3903 1404 3973 τύφῳ
1452 3921 1582 3976 προς
1631 3901 1930 3966 ἀλαζονείαν

316 3988 600 4060 ὑπέρογκον
659 3987 984 4061 ἐπαρθῆναι,
1046 3994 1177 4062 μήτε
1233 3989 1524 4063 ἀπογνώσει
1589 3996 1721 4066 πρὸς
1775 3993 1924 4066 ἀγενῆ

317 4073 620 4148 δυσθυμίαν
664 4086 995 4132 καταπεσεῖν.
1026 4079 1238 4152 Πλούτῳ
1290 4087 1476 4154 κομᾷς,
1523 4087 1613 4134 καὶ
1662 4082 1746 4136 ἐπὶ
1791 4105 1927 4159 προ-

313 4169 486 4238 γόνοις
555 4170 688 4239 μέγα
759 4175 1004 4241 φρονεῐς;
1061 4173 1149 4221 καὶ
1223 4168 1486 4243 ἐπαγάλλῃ
1561 4169 1784 4246 πατρίδι
1837 4179 1926 4227 καὶ

312 4254 488 4307 κάλλει
545 4261 822 4328 σώματος,
873 4262 962 4308 καὶ
1033 4265 1150 4319 ταῖς
1217 4262 1362 4333 παρά
1431 4263 1634 4312 πάντων
1704 4271 1921 4334 τιμαῖς;

315 4349 559 4420 Πρόσεχε
609 4354 828 4417 σεαυτῷ,
882 4347 962 4398 ὅτι
1007 4349 1193 4408 θνητὸς
1241 4347 1302 4416 εἴ,
1334 4347 1455 4401 ’Ότι
1492 4357 1557 4422 γῆ
1607 4349 1668 4419 εἴ,
1719 4357 1808 4404 καὶ
1853 4353 1924 4414 εἰς

312 4441 414 4506 γῆν
469 4431 746 4508 ἀπελεύσῃ.
810 4433 1125 4508 Περίϐλεψαι
1196 4440 1317 4498 τοὺς
1373 4441 1473 4511 πρὸ
1535 4447 1630 4491 σοῦ
1701 4439 1749 4492 ἐν
1807 4450 1922 4504 ταῖς

315 4525 524 4595 ὁμοίαις
565 4529 917 4597 περιφανείαις
965 4523 1348 4587 ἐξετασθέντας.
1396 4529 1504 4579 Ποῦ
1548 4531 1597 4581 οἱ
1643 4533 1737 4592 τὰς
1779 4532 1922 4586 πολι-

312 4615 466 4674 τικὰς
519 4609 833 4674 δυναστείας
874 4613 1332 4687 περιϐεϐλημένοις
1379 4624 1479 4668 ποῦ
1525 4620 1574 4670 οἱ
1627 4615 1921 4694 δυσμαχώο

312 4721 463 4753 τατοι
509 4703 761 4777 ῥήτορες;
807 4711 907 4754 ποῦ
959 4706 1007 4755 οἱ
1053 4707 1147 4766 τάς
1193 4708 1511 4777 πανηγύρεις
1563 4704 1916 4779 διατιθέντες;

313 4791 364 4842 οἱ
411 4789 640 4865 λαμπροὶ
687 4793 1015 4865 ἱπποτρόφοι,
1067 4795 1116 4845 οἱ
1174 4800 1480 4867 στρατηγοὶ,
1532 4797 1581 4847 οἱ
1631 4801 1916 4873 σατράπαι,

311 4881 362 4931 οἱ
405 4882 683 4954 τύραννοι;
714 4880 788 4932 Ού
832 4883 1002 4934 πάντα
1048 4886 1225 4949 κόνις;
1256 4883 1315 4935 ού
1363 4885 1533 4938 πάντα
1573 4889 1774 4960 μῦθος;
1809 4890 1920 4942 Ούκ

311 4966 361 5020 ἓν
411 4968 602 5040 ὀλίγοις
652 4968 850 5033 ὀστέοις
899 4973 966 5023 τά
1013 4976 1325 5045 μνημόσυνα
1349 4973 1466 5045 (56)
1509 4983 1602 5038 τῆς
1649 4976 1790 5040 ζωῆς
1820 4979 1918 5031 αύ-

385 5097 676 5162 θνΔὶειῐῐΙι.
706 5121 809 5172 v11,
839 5110 892 5162 3.
970 5108 1019 5141 ⁹⁹
1062 5108 1201 5162 Luc.
1234 5123 1392 5172 xvm,
1431 5113 1513 5166 11.
1597 5109 1612 5145 ⁸
1655 5109 1802 5168 ibid.
1843 5117 1928 5171 l3.

387 5238 506 5314 (33)Δ
532 5237 681 5314 Edili
706 5235 981 5314 Δδυνηθῇς.
1011 5239 1263 5314 Antiqui
1295 5257 1401 5314 sex
1430 5241 1567 5299 libri
1614 5241 1912 5310 δυνηθείης.

309 5312 443 5385 mox
472 5309 595 5365 duo
623 5309 944 5385 Colbertini
973 5309 1191 5385 τελωνῃῇ
1215 5310 1557 5375 ἐξευτελίζων.

383 5382 492 5452 (34)
531 5385 676 5460 lleg.
701 5382 939 5460 primus
967 5387 1038 5460 μὴ
1070 5379 1363 5460 διαλείπῃ.
1395 5386 1565 5460 Haud
1594 5388 1773 5460 longe
1794 5395 1916 5447 tres

311 5468 476 5576 {lasso
498 5452 718 5525 γλῶσσα
739 5452 1131 5527 παρωλίσθησε.
1163 5452 1316 5512 Edifi
1364 5462 1420 5512 et
1449 5457 1571 5514 duo
1603 5452 1752 5520 mss.
1786 5483 1917 5538 παρ-

311 5545 353 5574 ω
391 5543 445 5575 ισ
484 5543 522 5576 ε.
1861 5561 1871 5570 ί

311 5543 522 5577 ωλισσε.
1861 5561 1871 5570 ‘

389 5597 504 5668 (35)
544 5597 610 5652 In
646 5595 811 5653 Colb.
842 5595 1012 5652 tertio
1052 5612 1163 5671 pro
1209 5602 1565 5672 περιστάσεων
1590 5603 1805 5676 legitur
1832 5626 1918 5661 πε-

970 5108 1019 5141 ⁹⁹
1062 5108 1201 5162 Luc.
1234 5123 1392 5176 xvm,
1431 5113 1513 5166 ll.

1270 283 1561 338 HOMILIA
1600 283 1668 338 ΙΝ
1707 282 1936 348 ILLUD,
1977 280 2364 336 ATTENDE
2402 281 2575 337 TIBI
2606 281 2792 337 IPSI.

1954 4492 1997 4545 D

3623 283 3731 340 210

1996 411 2040 463 Α
2069 403 2291 476 ipsum.
2325 407 2459 460 Haec
2482 405 2686 461 omnia
2709 404 2813 460 ubi
2838 405 3124 461 inanibus
3156 406 3347 463 animi
3371 406 3732 462 commentis

2067 510 2452 562 recensuere,
2487 495 2599 550 sibi
2638 511 2763 567 prae
2793 496 2981 552 nimia
3026 496 3348 553 stoliditate
3378 499 3485 567 21
3525 496 3732 553 viden-

2067 589 2163 641 tur
2207 585 2460 658 speratis
2510 585 2674 641 velut
2715 589 2846 656 jam
2898 587 3301 657 praesentibus
3349 591 3405 641 et
3434 587 3547 642 sibi
3589 591 3729 644 ante

2065 675 2255 748 pedes
2304 673 2512 747 positis
2542 674 2677 730 frui.
2722 675 2968 746 Propria
3008 675 3137 730 haec
3188 680 3280 730 est
3323 675 3503 730 otiosi
3532 692 3603 732 ac
3635 692 3729 732 so-

2066 765 2266 820 cordis
2298 764 2487 820 animi
2519 764 2836 835 aegritudo,
2859 764 2920 819 in
2950 764 3117 835 vigili
3145 780 3396 837 corpore
3423 763 3728 822 insomnia

2066 871 2329 913 cernere.
2363 858 2525 910 llanc
2555 856 2758 928 itaque
2805 854 3021 910 mentis
3068 855 3378 910 laxitatem
3417 858 3474 910 et
3503 854 3726 924 cogita-

2064 946 2298 1002 tionum
2330 950 2630 1001 tumorem
2664 944 3072 1016 comprimens
3122 944 3444 1016 Scriptura,
3479 949 3536 1000 et
3564 943 3724 1000 velut

2062 1036 2233 1091 freno
2307 1035 2581 1108 quodam
2649 1034 2868 1090 mentis
2937 1033 3412 1089 inconstantiam
3479 1048 3720 1101 arcens,

2061 1140 2357 1195 magnum
2409 1125 2524 1180 hoc
2568 1141 2638 1180 ac
2673 1124 2925 1196 sapiens
2957 1128 3329 1196 praeceptum
3359 1122 3720 1179 annuntiat:

2068 1216 2202 1270 Tibi
2227 1215 2365 1285 ipsi,
2393 1215 2608 1287 inquit,
2644 1214 2908 1282 attende,
2940 1229 3335 1285 nequaquam
3364 1213 3721 1285 promittens

2058 1304 2165 1360 tibi
2191 1321 2326 1376 quas
2355 1321 2480 1360 non
2511 1305 2822 1372 exsistunt,
2851 1303 2957 1358 sed
3001 1303 3326 1375 praaseutia
3371 1302 3450 1358 ad
3503 1301 3721 1358 utilita-

2058 1397 2178 1450 tem
2225 1398 2390 1449 tuam
2432 1393 2720 1463 dirigens.
2767 1393 3052 1448 Existimo
3101 1396 3304 1448 autem
3350 1391 3488 1447 ideo
3537 1407 3718 1447 usum

2055 1482 2238 1538 fuisse
2259 1483 2373 1538 hac
2399 1483 2813 1538 admonitione
2833 1481 3264 1552 legislatorem,
3279 1484 3344 1536 ut
3362 1480 3511 1535 illud
3533 1480 3716 1536 etiam

2053 1572 2266 1628 vitium
2285 1573 2362 1628 ab
2380 1573 2695 1628 hominum
2717 1571 3152 1628 consuetudine
3169 1571 3545 1626 amandaret.
3566 1570 3717 1635 Quia

2055 1662 2381 1734 unicuique
2404 1668 2679 1718 nostrum
2707 1662 2940 1717 facilius
2961 1666 3048 1717 est
3069 1661 3267 1717 aliena
3287 1660 3521 1716 curiose
3541 1660 3716 1717 inda-

1983 1772 2024 1826 Β
2055 1767 2216 1822 gare,
2242 1768 2430 1824 quam
2453 1768 2562 1807 sua
2582 1751 2773 1823 ipsius
2797 1767 2867 1806 ac
2895 1750 3144 1823 propria
3169 1750 3533 1822 expendere,
3554 1754 3618 1805 ut
3636 1765 3712 1805 ne

2053 1842 2234 1898 nobis
2271 1841 2333 1897 id
2381 1841 2660 1898 accidat:
2697 1841 2925 1908 Desine,
2975 1841 3186 1913 inquit,
3229 1839 3472 1895 alterius
3518 1840 3717 1910 cujus-

2053 1933 2219 2004 piam
2259 1931 2421 1987 mala
2451 1931 2804 2003 explorare;
2839 1947 2987 1986 cave
3017 1929 3486 1999 cogitationibus
3522 1930 3714 1987 otium

2053 2021 2292 2077 dederis
2328 2020 2593 2077 alienum
2620 2020 2902 2076 morbum
2933 2018 3306 2092 inquirendi:
3331 2019 3438 2074 sed
3468 2019 3576 2074 tibi
3597 2019 3711 2092 ipsi

2053 2109 2294 2166 attende
2319 2127 2332 2166 :
2365 2111 2479 2166 hoc
2499 2116 2611 2177 est,
2643 2109 2722 2166 ad
2750 2110 3007 2182 teipsum
3033 2109 3538 2182 perscrutandum
3565 2124 3712 2164 con-

2052 2206 2216 2256 verte
2245 2200 2456 2256 oculos
2489 2201 2675 2256 animi
2705 2201 2810 2255 tui.
2841 2201 2989 2256 Sunt
3029 2198 3188 2254 enim
3229 2215 3341 2254 nec
3371 2197 3573 2270 pauci,
3603 2198 3710 2270 qui

2047 2291 2222 2362 juxta
2255 2289 2490 2345 Domini
2522 2290 2706 2346 verba
2726 2291 2796 2356 9⁸,
2827 2288 3123 2344 festucam
3152 2287 3401 2360 quidem
3427 2287 3708 2344 animad-

2049 2385 2292 2437 vertunt
2314 2382 2376 2436 in
2407 2380 2581 2436 oculo
2606 2379 2828 2445 fratris,
2853 2379 3087 2435 trabem
3118 2395 3260 2434 vero
3290 2378 3352 2434 in
3379 2395 3519 2434 vero
3547 2379 3710 2450 ipso-

2049 2486 2188 2527 rum
2219 2470 2396 2526 oculo
2424 2486 2549 2526 non
2577 2470 2797 2526 vident.
2833 2472 2987 2526 Cave
3007 2469 3187 2540 igitur
3207 2484 3404 2524 cesses
3434 2484 3707 2541 perscru-

2053 2560 2162 2616 tari
2194 2561 2475 2632 teipsum,
2493 2576 2570 2614 an
2593 2564 2896 2633 praecepto
2925 2563 3326 2629 congruenter
3349 2558 3713 2614 convenien-

2049 2655 2257 2722 terque
2305 2651 2428 2706 vita
2471 2649 2575 2704 tibi
2607 2649 2896 2720 procedat
2923 2667 2936 2704 :
2966 2664 3038 2704 ea
3067 2652 3274 2704 autem
3321 2664 3458 2720 quas
3487 2647 3710 2704 extrin-

2049 2755 2223 2794 secus
2267 2743 2410 2795 sunt
2446 2755 2521 2795 ne
2568 2739 2986 2810 circumspice,
3027 2737 3320 2793 numcubi
3367 2737 3710 2810 cujuspiam

2046 2828 2530 2900 reprehendendi
2544 2828 2746 2883 locum
2764 2827 2964 2900 possis
2977 2828 3266 2895 invenire,
3282 2843 3529 2898 gravem
3541 2826 3710 2882 illum

2046 2923 2554 2990 arrogantemque
2609 2917 2978 2973 Phariszeum
3034 2917 3326 2985 imitatus,
3383 2917 3488 2989 qui
3545 2921 3710 2973 stans

2047 3007 2310 3080 seipsum
2328 3007 2721 3078 justiﬁcabat,
2737 3023 2807 3062 ac
2823 3006 3222 3079 publicanum
3240 3007 3507 3063 habebat
3517 3005 3712 3078 despi-

1975 3132 2015 3186 c
2045 3097 2203 3153 catui
2225 3101 2294 3152 99.
2327 3101 2452 3152 lmo
2478 3113 2620 3152 vero
2652 3112 2727 3152 ne
2774 3097 3136 3154 intermittas
3170 3098 3428 3169 teipsum
3460 3113 3709 3170 percon-

2044 3186 2176 3251 tari,
2190 3185 2470 3258 nunquid
2483 3185 2807 3258 deliqueris
2823 3185 3489 3259 cogitatione,nunquid
3502 3185 3711 3256 lingua

2041 3275 2261 3332 labarit
2290 3279 2554 3331 mentem
2586 3291 2985 3348 praecurrens,
3016 3275 3297 3348 nunquid
3320 3276 3382 3331 in
3410 3292 3708 3332 manuum

2043 3365 2330 3437 operibus
2357 3365 2587 3420 factum
2620 3364 3055 3438 sitquidquam
3094 3366 3500 3421 temerarium.
3535 3365 3710 3432 Quod

2045 3457 2097 3511 si
2123 3455 2185 3511 in
2213 3456 2338 3511 vita
2379 3460 2485 3511 tua
2515 3459 2569 3511 te
2608 3455 2798 3511 multa
2828 3455 3156 3528 deliquisse
3183 3455 3484 3511 inveneris
3511 3457 3706 3529 (pror-

2045 3562 2148 3600 sus
2189 3550 2393 3601 autem
2420 3545 2714 3609 invenies,
2751 3545 2936 3600 homo
2969 3562 3109 3600 cum
3152 3545 3276 3617 sis),
3299 3545 3482 3601 verba
3505 3545 3708 3618 profer

2041 3633 2390 3708 publicani:
2428 3640 2599 3705 Deus,
2625 3635 2932 3703 prapitius
2964 3641 3085 3692 esto
3131 3634 3286 3690 mihi
3335 3637 3701 3705 peccatori',

2041 3725 2324 3794 Attende,
2347 3725 2530 3797 igitur
2550 3721 2661 3780 tibi
2688 3727 2821 3794 ipsi.
2847 3727 2965 3780 Hoc
2985 3725 3240 3780 verbum
3271 3724 3396 3791 tibi,
3415 3728 3473 3780 et
3502 3725 3703 3798 splen-

2040 3816 2184 3872 dido
2211 3832 2282 3871 ac
2313 3815 2464 3872 felici
2491 3831 2695 3871 rerum
2726 3831 3014 3871 successu
3046 3815 3254 3887 utenti,
3277 3821 3333 3872 et
3359 3815 3548 3874 vitam
3569 3831 3700 3873 om-

2037 3921 2180 3963 nem
2204 3904 2474 3961 secundo
2494 3904 2744 3961 ﬂumine
2771 3905 3128 3975 traducenti,
3146 3904 3438 3961 assidebit
3460 3905 3699 3973 utiliter,

2039 3995 2194 4051 sicut
2246 3993 2426 4066 quasi
2471 3993 2673 4050 bonus
2715 3994 3020 4067 quispiam
3069 3995 3447 4051 consiliarius
3493 4011 3697 4051 rerum

2036 4085 2447 4140 humanarum
2499 4090 2786 4155 suggerat
2814 4085 3194 4140 memoriam.
3230 4088 3293 4140 Et
3337 4101 3695 4158 quanquam

2036 4174 2340 4231 aftlicteris
2361 4175 2632 4231 adversis
2659 4174 2926 4242 casibus,
2949 4179 3286 4248 opportune
3314 4181 3514 4247 potest
3531 4175 3698 4232 cordi

2035 4269 2139 4320 tuo
2174 4264 2383 4336 accini,
2407 4269 2470 4321 ut
2490 4281 2687 4337 neque
2709 4265 2871 4321 fastu
2901 4265 3172 4321 tumidus
3203 4265 3473 4322 eveharis
3499 4265 3578 4321 ad
3601 4267 3696 4337 ja-

2033 4356 2268 4412 ctantiaa
2299 4355 2542 4424 vitium;
2566 4372 2763 4428 neque
2791 4356 3215 4430 desperatione
3235 4357 3314 4413 ad
3333 4355 3696 4428 degenerem

2032 4445 2381 4502 maestitiam
2412 4445 2736 4502 delabaris.
2767 4446 2972 4502 Efferis
3003 4447 3082 4502 ob
3113 4446 3391 4503 divitias?
3411 4447 3606 4518 jactas
3640 4451 3694 4504 te

2030 4536 2112 4592 ob
2145 4537 2442 4607 majorum
2474 4536 2889 4592 nobilitatem?
2918 4536 2992 4591 de
3019 4537 3218 4608 patria
3259 4553 3330 4593 ac
3358 4537 3691 4610 pulchritu-

2029 4626 2168 4682 dine
2191 4626 2480 4698 corporis,
2501 4625 2697 4698 deque
2717 4625 2930 4682 delatis
2950 4625 3028 4681 ab
3049 4626 3334 4683 omnibus
3352 4627 3689 4685 honoribus

2030 4714 2345 4787 gloriaris?
2392 4716 2645 4771 Attende
2693 4715 2799 4771 tibi
2854 4715 2995 4788 ipsi,
3055 4717 3221 4788 quod
3270 4718 3545 4774 mortalis
3598 4735 3688 4786 es,

2034 4801 2204 4870 Quod
2236 4807 2401 4858 terra
2441 4817 2520 4867 es,
2561 4807 2616 4858 et
2660 4802 2724 4857 in
2756 4806 2982 4858 terram
3011 4803 3327 4858 reverteris
3349 4804 3392 4857 ³.
3424 4803 3686 4861 Circum-

2031 4891 2195 4964 spice
2225 4907 2327 4948 eos
2356 4890 2462 4964 qui
2492 4895 2630 4948 ante
2660 4895 2717 4948 te
2747 4891 3046 4962 degerunt
3073 4891 3134 4947 in
3165 4890 3462 4947 similibus
3493 4893 3690 4966 splen-

2031 4981 2302 5040 doribus.
2332 4982 2444 5040 Ubi
2472 4986 2616 5039 sunt
2638 4982 2746 5056 qui
2765 4983 3158 5053 magistratus
3181 4981 3384 5039 civiles
3409 4985 3687 5055 gessere?

2007 5117 2028 5151 ²
2070 5118 2278 5172 Genes.
2301 5133 2386 5183 ιιι,
2423 5121 2508 5174 19.

2025 5252 2362 5324 ριστάσεως..
2401 5249 2742 5324 Aliquando
2788 5247 3120 5324 pos_t_editi
3149 5253 3289 5324 τύφῳ
3317 5251 3540 5324 rt._$ed
3587 5267 3686 5308 VO-

2025 5321 2229 5404 culam
2285 5342 2338 5373 τι
2395 5321 2830 5396 expunximus,
2885 5321 3005 5377 ﬁde
3061 5321 3332 5379 veterum
3386 5322 3684 5380 librorum

2253 5468 2394 5538 Reg.
2425 5464 2659 5539 primus
2689 5468 2749 5539 τό
2775 5468 3124 5539 μνημόσυνον.
3157 5466 3296 5539 Mox
3325 5463 3473 5539 editi
3497 5465 3688 5539 ’Ἐγκυ-

2026 5536 2124 5608 ψον
2172 5536 2219 5589 ἐν
2265 5535 2394 5600 τοῖξ.
2428 5535 2664 5594 ‘Vocula
2713 5535 2964 5594 Ev'et'in
3013 5553 3162 5594 mss.
3221 5536 3493 5593 Combef.
3523 5535 3582 5596 et
3624 5539 3685 5594 in

2024 5609 2248 5666 nostris
2281 5608 2468 5666 deest.
