4124 6412
364 311 464 363 211
1745 306 1803 361 S.
1846 303 2097 359 BASILII
2134 304 2354 360 MAGNI
3624 311 3730 365 212

361 430 468 488 ubi
494 430 766 487 rhetores
804 426 890 486 illi
916 429 1471 503 inexpugnabiles?
1501 429 1607 486 ubi
1655 428 1762 502 qui
1801 428 1989 484 consti

2131 436 2269 493 τῶν;
2302 428 2569 503 Ἐγκυψον
2613 439 2722 494 τοῖς
2768 435 2970 504 τάφοις,
3005 433 3048 484 εἰ
3091 429 3296 506 δυνήσῃ
3343 430 3609 508 διακρῖναι
3649 439 3733 497 τίς

360 524 604 579 tuerunt
646 525 984 577 conventus
1027 520 1354 593 publicos?
1384 520 1491 577 ubi
1536 520 1798 576 illustres
1839 533 1988 591 equc

2134 520 2160 570 ὁ
2192 518 2415 585 οἰκέτης,
2445 526 2535 574 καὶ
2583 526 2666 583 τίς
2691 522 2717 573 ό
2749 518 3013 584 δεσπότης
3038 542 3050 555 ·
3083 526 3164 584 τίς
3204 524 3229 575 ὁ
3260 527 3494 595 πτωχὸς,
3536 527 3627 576 καὶ
3656 528 3731 586 τίς

359 626 499 669 rum
526 610 772 679 altores,
795 610 1168 667 exercituum
1193 611 1405 681 duces,
1429 615 1712 684 satrapae,
1738 609 1979 683 tyranni

2134 609 2160 660 6
2207 608 2474 673 πλούσιος.
2524 613 2811 686 Διάκρινον,
2857 614 2901 663 εἴ
2946 615 3026 673 τίς
3076 629 3161 664 σοι
3211 608 3455 686 δύναμις,
3506 616 3595 665 τόν
3642 608 3734 665 δέ·

361 704 583 758 Annon
637 700 847 757 omnia
910 699 1112 773 pulvis
1139 702 1168 757 ?
1224 716 1432 758 annon
1486 700 1697 757 omnia
1758 698 1972 756 fabula

2136 717 2289 771 σμιον
2334 697 2434 753 ἀπὸ
2473 708 2564 753 τοῦ
2596 699 2855 774 βασιλέως
2880 721 2892 734 ·
2934 704 3022 754 τὸν
3053 700 3277 775 ἰσχυρὸν
3319 700 3421 755 ἀπὸ
3462 710 3557 755 τοῦ
3585 700 3737 755 ἀσθε-

363 792 585 847 Annon
640 789 775 845 vitae
833 788 1111 862 ipsorum
1168 790 1466 846 memoria
1522 793 1919 846 conservatur
1965 788 1991 845 i:

2134 796 2274 856 νοῦς,
2331 793 2419 843 τὸν
2471 791 2698 866 εὐπρεπῆ
2746 788 2846 844 ἀπὸ
2898 798 2992 844 τοῦ
3042 787 3349 854 δυσειδοῦς.
3401 795 3736 866 Μεμνημένος

365 879 581 953 paucis
609 877 899 935 ossibus?
924 878 1271 951 Conspicito
1302 879 1602 953 sepulcra,
1633 894 1783 934 num
1832 878 1993 952 possi

2136 874 2225 931 οὖν
2271 887 2386 948 τῆς,
2439 884 2661 953 φύσεως,
2709 880 2803 934 οὐκ
2854 879 3130 956 ἐπαρθήση
3170 885 3334 935 ποτέο
3382 886 3622 957 μεμνήσῃ
3677 876 3738 935 th

368 984 609 1026 servum
636 968 716 1025 ab
744 968 915 1035 hero,
936 972 993 1025 et
1022 985 1357 1042 pauperem
1389 986 1426 1027 a
1450 970 1636 1026 divite
1663 970 1996 1025 discernere

1540 970 1636 1026 rite
1663 970 2026 1025 discernere.
2137 976 2335 1022 σαυτοῦ
2362 971 2499 1042 (37),
2529 970 2614 1023 ἐὰν
2644 973 2917 1045 προσέχῃς
2948 979 3168 1042 σεαυτῷ.

369 1057 669 1125 Discerne,
703 1057 754 1113 si
799 1072 923 1131 quo
952 1058 1138 1114 modo
1179 1064 1371 1131 potes,
1399 1059 1673 1116 vinetum
1705 1076 1741 1116 a
1781 1074 1943 1131 rege,
1969 1056 2184 1114 fortem
2214 1074 2250 1114 a
2279 1058 2485 1128 debili,
2514 1060 2854 1117 formosum
2902 1074 2940 1116 a
2967 1059 3247 1118 deformi.
3277 1061 3485 1135 Itaque
3510 1064 3744 1119 natura

371 1147 423 1205 si
452 1147 823 1216 memineris,
853 1162 1176 1220 nunquam
1207 1152 1262 1204 te
1292 1147 1535 1205 extolles
1561 1167 1573 1217 ;
1606 1164 1843 1206 memor
1870 1151 2076 1204 autem
2105 1144 2288 1203 fueris
2318 1148 2404 1204 tui
2430 1149 2649 1222 ipsius,
2683 1150 2732 1206 si
2769 1149 3097 1207 attenderis
3123 1151 3230 1207 tibi
3259 1151 3396 1224 ipsi.

446 1241 502 1296 6.
543 1239 772 1294 Rursus
793 1236 1078 1308 ignobilis
1100 1238 1284 1295 homo
1306 1254 1371 1295 es
1394 1242 1452 1295 et
1469 1239 1785 1311 inglorius,
1800 1251 2036 1311 pauper

2189 1233 2268 1293 ’6.
2310 1237 2472 1292 Πάλιν
2523 1235 2785 1312 δυσγενής
2825 1259 2907 1303 τις
2953 1235 3002 1293 εἴ
3041 1244 3132 1293 καὶ
3181 1236 3393 1308 ἄδοξος,
3424 1243 3644 1314 πτωχὸς
3690 1239 3744 1293 ἐκ

375 1344 452 1386 ex
480 1327 860 1401 pauperibus
889 1328 1209 1395 oriundus,
1244 1329 1373 1385 sine
1400 1328 1546 1399 lare,
1580 1330 1707 1385 sine
1740 1329 1855 1399 22
1888 1326 2003 1383 civi

2142 1328 2393 1400 πτωχῶν,
2440 1327 2696 1397 ἀνέστιος,
2748 1329 2952 1397 ἄπολις,
2994 1328 3237 1397 ἀσθενὴς,
3277 1338 3379 1383 τῶν
3427 1328 3500 1403 ἐφ’
3549 1332 3746 1405 ἡμέραν

375 1421 518 1489 tate,
547 1415 849 1484 inﬁrmus,
895 1417 1237 1490 quotidiani
1272 1417 1472 1475 victus
1516 1418 1783 1489 indigus,
1818 1418 2003 1473 timen

2146 1413 2345 1484 ἐνδεὴς,
2386 1422 2584 1493 τρέμων
2627 1422 2749 1480 τοὺς
2790 1418 2839 1472 ἐν
2885 1416 3171 1492 δυναστείᾳ
3198 1420 3335 1491 (38),
3367 1421 3566 1482 πάντας
3611 1420 3746 1473 ὐπο-

377 1510 674 1581 potentes,
690 1523 902 1564 omnes
920 1505 1328 1564 reformidans
1350 1508 1430 1565 ob
1445 1507 1580 1566 vita:
1602 1508 2004 1565 humilitatem

2146 1510 2400 1565 πτήσσων
2432 1504 2526 1560 διὰ
2567 1512 2912 1566 ταπεινότητα
2938 1507 3099 1582 βίου;
3134 1512 3359 1582 Πτωχὸς
3399 1511 3523 1583 γὰρ,
3567 1513 3744 1582 φησίν,

378 1598 627 1666 Pauper
640 1596 818 1665 enim,
832 1596 1046 1670 inquit,
1059 1613 1177 1653 non
1193 1600 1445 1655 sustinet
1462 1599 1978 1655 comminationem
1994 1597 2006 1631 ³

2149 1595 2254 1668 οὐχ
2285 1597 2571 1669 ὑφίσταται
2601 1597 2836 1657 ἀπειλήν.
2876 1603 2962 1657 Μὴ
3003 1603 3176 1651 τοίνυν
3216 1597 3454 1671 ἀπογνῷς
3503 1605 3745 1666 σεαυτοῦ,

380 1687 463 1743 Ne
476 1684 679 1759 itaque
694 1684 1078 1758 despondeas
1096 1685 1393 1750 animum,
1408 1702 1520 1742 nec
1535 1692 1858 1759 propterea
1873 1700 2008 1758 quot

2150 1682 2280 1759 μηδ’
2312 1688 2394 1739 ὅτι
2440 1684 2592 1741 οὐδὲν
2630 1687 2862 1749 ζηλωτὸν
2893 1687 2941 1741 ἐν
2979 1696 3052 1760 τῷ
3089 1693 3309 1763 παρόντι
3358 1707 3444 1741 σοι
3470 1692 3746 1763 πρόσεστι,

381 1773 534 1832 nihil
572 1775 842 1849 suppetit
880 1774 988 1831 tibi
1032 1790 1245 1832 eorum
1274 1792 1414 1849 quia
1443 1777 1642 1850 expeti
1670 1776 1887 1843 solent,
1918 1791 2009 1831 om

2151 1782 2326 1829 πᾶσαν
2357 1773 2559 1848 ἀγαθὴν
2607 1775 2905 1853 ἀπορῥίψῃς
2943 1774 3129 1831 ἐλπίδα
3151 1799 3164 1812 -
3198 1777 3306 1830 ἀλλ’
3336 1777 3565 1850 ἀνάγαγε
3592 1796 3753 1831 σεαυ-

382 1880 528 1922 nem
552 1863 679 1921 bon
689 1879 789 1921 am
814 1862 987 1937 spem
1011 1864 1294 1937 abjicias:
1319 1866 1469 1940 quin
1489 1866 1693 1938 potius
1712 1866 1900 1922 evehe
1920 1864 2010 1922 ani

2151 1873 2244 1917 τοῦ
2283 1869 2376 1924 τὴν
2419 1865 2601 1939 ψυχὴν
2648 1872 2779 1941 πρός
2820 1886 2875 1920 τε
2910 1871 2977 1920 τὰ
3006 1864 3115 1927 ἤδη
3161 1870 3469 1941 ὑπηργμένα
3500 1886 3585 1921 σοι
3612 1869 3755 1940 παρὰ

386 1970 561 2011 mum
590 1957 784 2025 tuum,
806 1957 939 2010 tum
968 1954 1047 2011 ad
1077 1970 1151 2010 ea
1173 1954 1339 2011 bona
1367 1972 1504 2029 quae
1529 1956 1659 2028 jam
1689 1955 1797 2012 tibi
1824 1955 2014 2011 tradit;

2152 1961 2245 2007 τοῦ
2290 1962 2424 2008 Θεοῦ
2474 1955 2666 2027 ἀγαθὰ,
2699 1961 2790 2008 καὶ
2838 1961 2971 2029 πρὸς
3019 1959 3085 2009 τὰ
3124 1954 3197 2010 δι’
3247 1956 3554 2029 ἐπαγγελίας
3596 1957 3756 2009 ὕστε-

391 2046 537 2101 sunt
562 2059 600 2100 a
628 2045 771 2111 Deo,
792 2048 925 2100 tum
954 2043 1036 2101 ad
1060 2060 1132 2101 ea
1160 2060 1297 2117 quae
1322 2045 1459 2118 ipso
1487 2045 1829 2118 pollicente,
1850 2045 1959 2101 tibi
1984 2045 2019 2100 i1

2153 2061 2242 2116 ρον
2282 2045 2397 2116 (39)
2446 2042 2777 2119 ἀποκείμενα.
2826 2052 3035 2119 Πρῶτον
3089 2048 3180 2119 μὲν
3234 2042 3319 2098 οὖν
3368 2047 3639 2120 ἄνθρωπος
3692 2041 3754 2113 εἴ,

390 2132 666 2190 futurum
692 2134 964 2207 reposita
992 2138 1152 2190 sunt.
1175 2134 1445 2191 Primum
1475 2135 1746 2209 quidem,
1768 2136 1954 2191 homo
1983 2150 2014 2190 e

2155 2137 2308 2205 μόνον
2355 2141 2455 2186 τῶν
2505 2133 2651 2195 ζώων
2701 2134 3016 2187 θεόπλαστον
3040 2156 3052 2168 ·
3088 2129 3166 2209 ἄρ’
3194 2134 3289 2188 οὐκ
3333 2132 3537 2209 ἐξαρκεῖ
3579 2141 3756 2202 τοῦτο,

394 2221 560 2280 solus
587 2238 659 2278 ex
689 2222 976 2280 omnibus
1005 2223 1424 2280 animantibus
1456 2241 1491 2281 a
1519 2228 1639 2281 Deo
1684 2225 1981 2282 formatus
2002 2225 2022 2260 ⁴

2159 2227 2437 2297 σωφρόνως
2481 2223 2819 2297 λογιζομένῳ,
2868 2229 3002 2298 πρὸς
3048 2225 3298 2298 εὐθυμίαν
3342 2229 3437 2284 τὴν
3486 2223 3756 2292 ἀνωτάτω,

394 2316 612 2369 Annon
656 2310 809 2368 illud
854 2310 985 2381 tibi,
1017 2312 1067 2368 si
1113 2313 1299 2370 modo
1328 2313 1520 2387 probe
1560 2314 2022 2387 judicaveris,a<

2158 2315 2217 2365 τὸ
2266 2312 2355 2365 ὑπ’
2394 2313 2563 2365 αὐτῶν
2616 2322 2717 2366 τῶν
2764 2323 2958 2389 χειρῶν
3004 2323 3097 2367 τοῦ
3146 2322 3282 2368 Θεοῦ
3332 2322 3424 2367 τοῦ
3471 2316 3539 2366 τὰ
3592 2317 3762 2367 πάντα

396 2417 705 2461 summam
747 2401 1191 2473 jucunditatem
1237 2402 1557 2473 suﬂ‘ecerit,
1586 2405 1755 2478 quod
1784 2404 1863 2461 ab
1900 2403 2020 2477 ipsi

2163 2407 2565 2476 συστησαμένου
2617 2400 3057 2471 διαπλασθῆναι;
3114 2404 3270 2457 ἔπειθ’
3325 2405 3405 2457 ὅτι
3459 2408 3586 2470 καὶ,
3646 2401 3761 2455 κατ’

399 2492 506 2549 Dei
550 2491 858 2559 manibus,
884 2492 992 2565 qui
1033 2492 1243 2550 omnia
1279 2494 1570 2562 condidit,
1601 2494 1897 2552 formatus
1926 2495 2027 2550 sis‘

2163 2490 2335 2545 εἰκόνα
2375 2497 2643 2566 γενόμενος
2663 2494 2779 2563 (40)
2807 2502 2899 2547 τοῦ
2946 2498 3224 2556 κτίσαντός
3255 2512 3333 2563 σε,
3365 2489 3594 2546 δύνασαι
3632 2494 3764 2567 πρὸς

399 2580 621 2638 deinde
641 2581 1027 2654 etiam,quod
1052 2582 1131 2639 ad
1151 2582 1479 2656 imaginem
1501 2583 1696 2641 factus
1719 2583 2026 2641 Conditori

2162 2584 2258 2639 τὴν
2287 2589 2388 2633 τῶν
2426 2580 2655 2654 ἀγγέλων
2687 2585 2962 2657 ὁμοτιμίαν
2996 2580 3069 2636 δι’
3100 2582 3305 2655 ἀγαθῆς
3341 2581 3605 2643 πολιτείας
3633 2579 3762 2633 ἀνα-

399 2670 510 2740 tui,
522 2670 719 2744 possis
733 2686 844 2744 per
857 2670 1040 2727 vitam
1060 2670 1217 2728 bene
1230 2672 1569 2729 institutam
1589 2673 1668 2730 ad
1685 2689 1895 2747 parem
1918 2689 2027 2729 cun

2169 2667 2431 2745 δραμεῖν;
2481 2676 2670 2744 Ψυχὴν
2718 2672 2894 2734 ἔλαϐες
2938 2674 3153 2743 νοεράν,
3204 2667 3278 2724 δι’
3326 2672 3390 2734 ἧς
3438 2674 3567 2725 Θεόν
3613 2689 3765 2744 περι-

403 2759 638 2831 angelis
668 2760 1027 2831 dignitatem
1069 2762 1356 2819 accedere
1375 2763 1405 2820 ‘I
1433 2763 1723 2819 Animum
1752 2769 1966 2820 nactus
1996 2780 2027 2819 e

2165 2767 2317 2828 νοεῖς,
2358 2768 2459 2813 τῶν
2508 2765 2662 2814 ὄντων
2692 2765 2787 2821 τὴν
2828 2765 2981 2834 φύσιν
3032 2761 3269 2835 λογισμῷ
3297 2763 3545 2836 καθορᾷς,
3580 2762 3769 2832 σοφίας

401 2849 778 2921 intelligendi
798 2850 1079 2908 facultate
1104 2853 1451 2924 praeditum,
1474 2869 1598 2926 quo
1626 2856 1811 2910 Deum
1840 2869 2029 2925 cogno

2170 2847 2336 2925 δρέπῃ
2386 2855 2586 2926 καρπὸν
2636 2849 2876 2911 ἣδιστον.
2928 2855 3106 2905 Πάντα
3154 2857 3243 2925 μέν
3294 2871 3380 2905 σοι
3424 2854 3491 2904 τὰ
3536 2855 3771 2926 χερσαῖα

404 2939 549 3007 scis,
564 2938 844 3013 exploras
862 2954 1068 2996 rerum
1087 2946 1370 2998 naturam
1393 2958 1502 3015 per
1514 2942 2032 2999 ratiocinationem

2172 2940 2303 3008 ζῶα,
2339 2943 2507 3015 ἣμερά
2535 2961 2588 2994 τε
2617 2946 2708 2995 καὶ
2755 2944 2937 3017 ἄγρια,
2964 2944 3135 2995 πάντα
3165 2938 3224 2994 δὲ
3251 2943 3317 2994 τὰ
3346 2939 3393 2994 ἐν
3424 2937 3591 2993 ὕδασι
3623 2936 3770 2992 διαι-

405 3029 715 3105 sapientiae
746 3029 1010 3087 fructum
1038 3031 1478 3088 suavissimum
1504 3032 1798 3106 decerpis.
1832 3035 2033 3089 Terres

2169 3036 2392 3104 τὼμενα,
2421 3034 2512 3084 καὶ
2560 3033 2660 3084 ὅσα
2703 3034 2791 3083 τὸν
2831 3029 2957 3106 ἀέρα
3004 3027 3323 3084 διαπέταται
3363 3037 3567 3097 τοῦτον,
3610 3025 3775 3081 δοῦλά

404 3121 519 3178 tria
539 3120 750 3178 omnia
768 3120 1057 3177 animalia
1077 3120 1281 3178 cicura
1298 3121 1551 3194 perinde
1574 3126 1753 3196 atque
1775 3122 2032 3193 agrestia

2174 3121 2290 3175 ἐστι
2344 3124 2435 3174 καὶ
2495 3122 2800 3196 ὑποχείρια.
2835 3120 2910 3173 Οὐ
2966 3123 3031 3174 σὺ
3079 3123 3255 3194 μέντοι
3309 3124 3500 3193 τέχνας
3557 3116 3773 3192 ἐξεῦρες,

404 3211 612 3268 omnia
631 3210 775 3269 item
801 3209 865 3266 in
891 3210 1068 3283 aquis
1096 3211 1403 3282 degentia,
1431 3215 1488 3268 et
1507 3227 1645 3284 quae
1674 3226 1877 3269 aerem
1902 3212 2029 3267 hun

2172 3215 2263 3265 καὶ
2309 3210 2483 3273 πόλεις
2532 3216 2858 3277 συνεστήσω,
2909 3214 3000 3263 καὶ
3049 3212 3150 3263 ὅσα
3206 3208 3486 3282 ἀναγκαῖα,
3537 3211 3628 3261 καὶ
3678 3208 3781 3260 ὅσα

401 3300 740 3374 pervolant,
760 3299 1039 3357 serviunt
1050 3299 1183 3367 tibi,
1200 3304 1430 3373 tuoque
1452 3300 1705 3374 imperio
1726 3302 1860 3372 subj
1870 3309 2029 3357 acenl

2172 3304 2307 3376 πρὸς
2351 3305 2545 3376 τρυφὴν
2591 3299 2913 3367 ἐπενόησας;
2948 3300 3024 3353 Οὐ
3075 3298 3286 3372 βάσιμά
3336 3317 3420 3352 σοι
3467 3300 3533 3351 τὰ
3578 3295 3777 3369 πελάγη

404 3376 616 3447 Nonne
658 3393 821 3445 artes
865 3388 1150 3445 invenisti
1197 3391 1286 3459 tu,
1329 3404 1400 3445 ac
1453 3389 1779 3445 condidisti
1834 3389 2017 3447 urbes

2176 3386 2270 3444 διὰ
2301 3390 2414 3463 (41)
2450 3394 2539 3444 τὸν
2568 3389 2758 3462 λόγον;
2792 3389 2868 3443 Οὐ
2915 3398 2983 3462 γῆ
3025 3392 3115 3442 καὶ
3164 3388 3395 3442 θάλαττα
3435 3388 3684 3461 ὑπηρετεί
3706 3392 3780 3457 τῷ

403 3495 611 3537 nonne
641 3482 699 3535 et
718 3494 857 3552 quas
878 3478 959 3534 ad
978 3478 1165 3535 vitam
1185 3479 1533 3536 necessaria
1562 3484 1724 3549 sunt,
1746 3483 1803 3537 et
1821 3496 1959 3554 quae
1989 3496 2031 3537 at

2176 3478 2282 3554 βίῳ
2312 3488 2384 3551 τῷ
2417 3485 2530 3552 σῴ;
2573 3479 2685 3532 Οὐκ
2724 3478 2826 3553 ἀὴρ
2874 3483 2964 3531 καὶ
3004 3478 3241 3552 οὐρανὸς,
3273 3482 3365 3529 καὶ
3416 3474 3645 3551 ἀστέρων
3674 3493 3782 3547 χο·

404 3569 784 3644 voluptatem
828 3566 1169 3640 luxumque
1198 3570 1500 3642 pertinent
1526 3570 1925 3640 excogitasti?
1953 3573 2032 3626 An

2177 3578 2313 3646 ρεῖαι
2370 3574 2454 3624 σοὶ
2505 3575 2600 3630 τὴν
2654 3569 2845 3622 ἑαυτῶν
2903 3564 3288 3621 ἐπιδείκνυνται
3339 3566 3523 3633 τάξιν;
3576 3568 3641 3618 Τί
3693 3560 3781 3616 οὖν

406 3674 536 3716 non
581 3658 817 3715 ratione
862 3657 1017 3713 duce
1055 3658 1249 3715 maria
1286 3658 1394 3715 tibi
1434 3658 1594 3717 facta
1640 3664 1780 3716 sunt
1816 3659 2023 3733 pervia

2178 3659 2553 3736 μικροψυχεῖς,
2596 3662 2677 3713 ὅτι
2716 3661 2872 3721 ἵππος
2913 3678 2998 3713 σοι
3036 3658 3131 3711 οὐκ
3160 3661 3301 3711 ἔστιν
3334 3657 3441 3727 (42)
3472 3654 3781 3731 ἀργυροχά-

407 3750 622 3806 Nonne
649 3763 753 3805 aer
773 3746 1117 3821 coelumque
1143 3752 1199 3805 et
1225 3748 1535 3805 stellarum
1565 3749 1733 3806 chori
1755 3766 1933 3807 suam
1964 3749 2035 3806 tit

2177 3749 2351 3818 λινος;
2399 3749 2532 3803 Ἀλλ’
2576 3749 2718 3809 ἣλιον
2762 3752 2905 3821 ἔχεις
2950 3748 3185 3819 ὀξυτάτῳ
3234 3744 3414 3822 δρόμῳ
3464 3742 3559 3798 διὰ
3602 3746 3783 3806 πάσης

410 3836 773 3911 expandunt
790 3836 1109 3894 ordinem?
1130 3836 1285 3901 Quid
1306 3837 1487 3910 igitur
1501 3836 1722 3911 pusillo
1748 3853 1811 3894 es
1841 3838 2038 3894 animo

2180 3843 2381 3916 ἡμέρας
2410 3836 2790 3913 δᾳδουχοῦντά
2822 3858 2906 3891 σοι
2934 3842 3028 3897 τὴν
3056 3833 3332 3911 λαμπάδα.
3383 3836 3494 3887 Οὐκ
3524 3837 3667 3907 ἔχεις
3697 3831 3788 3909 ἀρ-

411 3926 582 4001 quod
607 3941 836 3999 equum
866 3942 991 3983 non
1032 3925 1266 3983 habeas
1295 3931 1585 3995 argenteo
1615 3927 1785 3983 freno
1815 3927 2039 3983 adorna

2180 3933 2341 4004 γύρου
2390 3932 2482 3982 καὶ
2529 3937 2740 4004 χρυσοῦ
2788 3924 3151 4001 λαμπηδόνας,
3203 3925 3332 3978 ἀλλά
3381 3924 3597 3983 σελήνην
3646 3925 3790 3996 ἔχεις

410 4015 586 4075 tum?
605 4019 678 4071 At
713 4015 907 4072 habes
947 4014 1163 4086 solem,
1181 4016 1286 4089 qui
1312 4016 1733 4089 pernicissimo
1762 4032 1946 4073 cursu
1967 4032 2038 4090 pe

2182 4023 2355 4096 μυρίῳ
2404 4038 2461 4073 σε
2506 4020 2579 4091 τῲ
2624 4018 2749 4094 παρ’
2798 4018 2963 4080 αὐτῆς
3002 4036 3132 4090 φωτι
3170 4018 3286 4085 (43)
3334 4013 3786 4088 περιλάμπουσαν.

414 4110 611 4164 totum
639 4105 802 4162 diem
830 4104 1039 4162 lumen
1064 4105 1434 4162 suumveluti
1454 4106 1650 4163 facem
1678 4106 1785 4163 tibi
1812 4106 2042 4180 praefert

2186 4110 2297 4164 Οὐκ
2345 4107 2659 4169 ἐπιϐέϐηκας
2710 4107 2955 4182 ἁρμάτων
3007 4103 3469 4180 χρυσοκολλὴτων,
3521 4100 3649 4154 ἀλλά
3699 4104 3794 4152 πό-

419 4197 601 4254 Cares
621 4195 855 4266 argenti
874 4200 933 4251 et
962 4195 1095 4251 auri
1122 4194 1356 4267 fulgore
1377 4214 1389 4253 :
1416 4196 1523 4252 sed
1540 4196 1751 4253 lunam
1774 4198 1964 4254 habes
1982 4197 2043 4253 in

2188 4198 2287 4263 δας
2318 4202 2462 4272 ἔχεις
2507 4199 2692 4251 οἰκεῖον
2724 4201 2911 4269 ὄχημα
2938 4199 3029 4248 καὶ
3082 4196 3314 4268 συμφυὶς
3362 4199 3583 4263 σεαυτῷ.
3615 4195 3679 4244 Τί
3705 4184 3793 4242 οὖν

420 4285 585 4357 genti
604 4300 715 4341 suo
737 4284 1058 4359 splendore
1082 4289 1139 4342 te
1160 4285 1636 4345 collustrantem.
1651 4289 1779 4344 Non
1795 4302 2048 4344 conscen

2186 4290 2502 4365 μακαρίζεις
2529 4290 2652 4348 τοὺς
2698 4291 2756 4339 τό
2788 4282 2952 4358 ἀδρόν
2985 4283 3262 4357 βαλάντιον
3305 4283 3671 4354 κεκτημένους,
3703 4282 3794 4332 καὶ

420 4376 515 4433 dis
533 4391 747 4432 currus
762 4376 1097 4433 inauratos:
1114 4380 1175 4433 at
1188 4376 1376 4450 pedes
1387 4376 1577 4434 habes
1588 4378 1904 4451 proprium
1918 4378 2048 4435 vehi

2189 4379 2470 4452 ἀλλοτρίων
2509 4374 2687 4431 ποδῶν
2730 4375 2803 4438 εἰς
2847 4379 2941 4434 τὴν
2997 4372 3285 4447 μετάϐασιν
3349 4367 3662 4445 δεομένους;
3714 4367 3791 4421 Οὐ

422 4466 651 4536 culum,
665 4470 722 4523 et
738 4465 844 4522 tibi
860 4465 1161 4523 innatum.
1181 4468 1356 4534 Quod
1371 4467 1554 4539 igitur
1574 4474 1661 4525 est
1680 4468 1847 4541 quod
1867 4468 2047 4525 beato

2188 4463 2465 4529 καθεύδεις
2494 4465 2578 4519 ἐπὶ
2623 4465 2804 4528 κλίνης
2843 4463 3185 4537 ἐλεφαντίνης,
3219 4460 3326 4514 ἀλλ’
3372 4463 3514 4533 ἔχεις
3557 4462 3652 4517 την
3692 4465 3793 4530 γῆν

422 4555 716 4631 praedices
744 4572 851 4615 eos
868 4556 975 4632 qui
993 4558 1376 4633 marsupium
1395 4558 1647 4633 plenum
1671 4557 2006 4631 possident,
2023 4573 2050 4615 e

2189 4556 2388 4614 πολλῶν
2436 4554 2715 4632 ἐλεφάντων
2763 4558 2881 4626 (44)
2924 4557 3258 4628 τιμιωτέραν,
3288 4554 3380 4604 καὶ
3427 4549 3670 4623 γλυκεῖαν
3712 4546 3790 4602 ἐπ’

495 4700 521 4736 ³
558 4703 733 4760 Prov.
758 4716 882 4772 xm,
913 4704 967 4758 8.
1044 4702 1068 4738 ⁴
1106 4703 1316 4761 Genes.
1347 4716 1408 4771 ιι,
1435 4706 1491 4760 7.

500 4845 617 4918 (37)
653 4843 813 4918 Libri
834 4848 1086 4916 veteres,
1103 4848 1233 4902 tum
1248 4844 1607 4918 nostri,tum
1629 4843 2083 4918 Combeﬁsiani,

2192 4845 2436 4903 inverso
2460 4842 2695 4918 ordine,
2718 4839 3116 4918 χρυσοχάλινος
3143 4839 3187 4918 ἣ.
3208 4833 3646 4918 ἀργυροχάλινος.
3676 4831 3789 4916 Sed

429 4906 651 5000 σαυτοῧ.
705 4917 859 5000 Editi
918 4906 1127 5000 ἐαρινῷ.
1181 4916 1389 5000 statim
1422 4906 1601 5000 "mss.
1646 4915 2057 5000 ‘tlombeﬁsia‘n

2193 4918 2269 5000 in.
2284 4916 2636 5000 repetitione
2683 4906 2850 4995 vocis
2871 4984 2880 4994 .
2899 4906 3115 4993 χαλινός
3152 4906 3794 5000 deprehendouasper-i

426 4993 723 5071 προσέχῃς
750 4990 912 5064 αὐτῷ.
945 4989 1179 5065 Ibidem
1220 4988 1285 5044 in
1334 4988 1503 5046 Colb.
1548 4989 1722 5046 tertio
1773 5004 1885 5062 pro
1931 4987 2054 5042 πάλι

2195 4983 2514 5071 ᾳὶξιῃιῖᾱρῑ
2540 4983 2923 5071 ξῃοοιιοὶηῃίίς
2954 4984 3352 5071 suspicprque
3382 4983 3792 5071 itaqscriptum

427 5047 775 5133 leniti-"eia,
860 5047 872 5064 ‘
974 5060 991 5133 ξ
1176 5131 1181 5133 Α
1456 5126 1473 5133 _
1775 5047 1794 5062 ⁸

2193 5047 2377 5133 fuisse
2399 5058 2479 5115 ab
2509 5058 2733 5133 aliquo,
2754 5056 2859 5130 qui
2880 5054 2940 5110 in
2964 5047 3278 5133 aliquibus:
3298 5047 3794 5133 codicﬁibus’a’zpyu-

853 5131 1063 5219 tertius
1092 5131 1303 5219 τρέμων,
1320 5132 1414 5195 τὰς
1443 5126 1776 5219 δυναστείας.
1950 5218 1975 5219 Π
2006 5218 2013 5219 7
2069 5208 2079 5219 .

2193 5130 2569 5219 pexﬂwoc,‘in
2591 5122 2727 5186 aliis
2748 5122 3146 5201 χρυσοχάλινος
3165 5123 3427 5219 Ιεξίεξθιξ.
3451 5122 3667 5219 Quare,
3696 5134 3794 5219 ne,

507 5193 623 5277 (39')
662 5202 1090 5278 C91b.__tertius
1121 5193 1230 5266 ἐἰς
1275 5193 1510 5278 ὕστερον.
1571 5193 1897 5277 Aliquanto
1947 5208 2089 5276 post
2193 5193 2981 5278 sifunamwtantum'vocem
3014 5200 3283 5270 poneret,
3315 5193 3619 5278 falleretur
3643 5193 3793 5263 ipse,

428 5263 818 5349 idémTCOdel
847 5273 1054 5349 “omni
1076 5280 1157 5331 τό.
1364 5345 1375 5349 _
1401 5263 1410 5278 ’
1683 5263 1704 5277 ⁵
1949 5263 1969 5276 ⁵
2195 5275 2467 5349 aliosque
2498 5272 2745 5349 falleret,
2777 5263 3351 5349 utramqueponere
3381 5263 3617 5349 maluit.
3646 5337 3658 5349 Δ
3678 5331 3716 5349 ν

507 5331 623 5421 (40)
642 5331 897 5421 (Rursus-
908 5331 1083 5421 idem
1111 5346 1311 5421 codex,
1334 5345 1506 5421 εἰκόνα
1532 5351 1886 5421 γεγενημένος.

2204 5331 2385 5417 (η)
2422 5348 2591 5421 Unus_
2621 5331 2813 5421 codex
2862 5331 3139 5398 Combef:
3162 5341 3332 5414 μυρίῳ
3364 5355 3422 5390 σε
3452 5338 3601 5409 φωτί.
3631 5331 3796 5389 Alius

525 5414 617 5497 et)
657 5420 800 5497 Beg.
829 5418 1064 5497 primus
1092 5418 1393 5497 τάπελάγει
1420 5414 1551 5476 διά.-
1600 5414 1611 5420 ⁷
1718 5414 1728 5421 ’
1805 5492 1835 5497 μ

2193 5414 3004 5497 ωξξιεξττῖξπαρ’έριυῖῆςο
3090 5486 3100 5497 .

526 5477 617 5564 42)
658 5477 1091 5564 Οοῖιοξρτὶωιιε
1120 5490 1226 5564 οὐχ
1252 5477 1465 5564 sisi-ac,
1498 5506 1620 5564 non
1646 5492 1936 5564 sequitur.
1976 5490 2085 5547 Alii

2266 5493 2378 5561 (44)
2411 5477 2658 5564 'Anjiqui
2706 5485 2831 5564 duo
2872 5482 3108 5564 libri_et
3152 5479 3311 5564 editi.
3344 5477 3541 5532 πολλῶν
3590 5477 3793 5564 Elissa:-

431 5545 838 5636 ωέἐέᾎιξέάίιί
858 5545 969 5636 οὐκ
986 5545 1152 5636 ἐστιν.
1177 5545 1753 5636 lbidem_éo1bertiiii
1777 5545 2089 5636 primu—siet
2194 5545 2660 5636 rivBs.'At__Re‘gi_i
2706 5557 2939 5636 primus
2981 5560 3068 5636 et.
3081 5552 3392 5635 secundus
3440 5565 3582 5607 cum
3624 5545 3794 5606 Colb.

431 5634 642 5692 tertius
661 5632 1079 5709 ἀργυροχάλινος
1097 5634 1127 5695 ἦ
1155 5633 1572 5711 χρυσοχάλινος.
1596 5632 1761 5694 Colb.
1779 5624 2056 5693 secundu

1564 5624 2088 5694 .Colb.secundus
2195 5633 2367 5692 tertio
2395 5624 2611 5686 «alios;
2624 5624 2921 5705 ἐλεφάντων,
2955 5624 3192 5683 melius.
