4124 6432
379 311 484 366 2ι3

1305 304 1606 360 HOMlLlA
1646 306 1714 359 IN
1754 304 2395 373 ILLUD,ATTENDE
2441 306 2607 361 TIBI
2643 306 2830 362 IPSI.

3661 307 3768 361 214

381 432 546 494 αὐτῆς
571 435 663 489 τήν
697 427 1011 495 ἀνάπαυσιν,
1044 431 1217 501 ταχύν
1246 430 1334 480 τὸν
1384 426 1540 480 ὒπνον
1590 433 1681 480 καὶ
1730 433 1950 503 μερίμνῃ

2099 427 2308 484 alienis
2340 429 2602 501 pedibus
2633 430 2912 500 indigent
2957 428 3036 485 ad
3067 427 3414 485 faciendum
3447 429 3560 486 iter
3581 430 3609 485 ’ἶ
3636 434 3766 488 Non

380 521 792 593 ἀπηλλαγμένον.
855 519 929 571 Οὐ
974 520 1286 570 κατάκεισαι
1339 519 1438 570 ὑπὸ
1491 526 1728 592 χρυσοῦν
1782 522 1982 592 ὄροφον·

379 612 493 664 ἀλλ’
545 611 760 684 οὐρανὸν
809 611 952 680 ἔχεις
998 615 1107 669 τοῖς
1146 606 1391 682 ἀρρήτοις
1440 617 1539 660 τῶν
1588 606 1816 682 ἀστέρων
1865 607 1986 660 κάλ-

377 701 493 754 λεσι
538 703 645 772 (45)
687 696 1103 774 περιστίλϐοντα.
1138 705 1316 750 Ταῦτα
1345 701 1434 772 μὲν
1467 694 1534 756 δὴ
1569 701 1636 750 τὰ
1667 696 1982 772 ἀνθρώπινα·

378 794 444 843 τὰ
493 787 546 843 δ’
593 793 669 842 ἔτι
711 789 895 862 μείζω.
943 789 1038 840 Διὰ
1090 789 1147 840 σε
1196 790 1324 848 Θεὸς
1374 787 1420 839 ἐν
1465 787 1776 862 ἀνθρώποις,
1830 790 1987 840 Πνεύ-

379 899 542 954 ματος
587 878 740 951 ἁγίου
791 874 1038 950 διανομὴ,
1095 878 1318 929 θανάτου
1391 877 1699 945 κατάλυσις,
1760 875 1986 930 ἀναστά-

381 989 512 1032 σεως
567 967 731 1037 ἐλπὶς,
788 967 900 1020 θεῖα
955 968 1342 1040 προστάγματα
1396 967 1686 1020 τελειοῦντά
1746 986 1840 1019 σου
1893 971 1983 1025 τὴν

381 1059 539 1125 ζωὴν,
581 1060 766 1130 πορεία
808 1057 939 1131 πρὸς
986 1059 1113 1109 Θεὸν
1157 1052 1250 1108 διὰ
1302 1065 1402 1108 τῶν
1451 1055 1682 1122 ἐντολῶν,
1736 1054 1986 1128 βασιλεία

379 1157 477 1200 τῶν
546 1142 775 1220 οὖρανῶν
828 1145 1078 1220 εὐτρεπής
1145 1149 1277 1214 (46),
1329 1149 1570 1219 στέφανοι
1639 1141 1984 1208 δικαιοσύνης

380 1239 572 1310 ἕτοιμοι
612 1239 736 1298 τοὺς
788 1236 916 1310 ὑπὲρ
953 1241 1049 1298 τῆς
1079 1236 1266 1312 άρετῆς
1319 1234 1507 1310 ἀρετῆς
1529 1238 1719 1296 πόνους
1746 1240 1818 1308 μὴ
1848 1233 1982 1288 ἀπο-

381 1323 584 1400 δράντι.

2097 518 2329 574 dormis
2360 519 2421 574 in
2449 519 2603 576 lecto
2633 519 2902 575 eburneo
2937 536 2948 574 :
2985 523 3046 574 at
3084 524 3306 574 terram
3351 520 3541 576 habes
3572 521 3764 578 multo

2096 607 2277 663 ebore
2319 609 2767 681 pretiosiorem,
2821 614 3002 680 atque
3033 607 3271 662 dulcem
3301 608 3362 663 in
3393 625 3466 664 ea
3492 611 3767 682 requiem

2095 698 2385 770 capessis,
2411 715 2480 753 ac
2501 698 2691 754 veloci
2714 714 2929 754 somno
2953 697 3238 769 curisque
3258 697 3763 770 liberoindulges.

2096 789 2227 842 Non
2251 787 2566 843 decumbis
2599 788 2712 843 sub
2735 787 2965 843 fornice
2996 803 3067 842 ac
3112 791 3269 842 tecto
3299 803 3504 859 aureo,
3550 793 3610 844 at
3650 805 3767 845 caa-

2092 875 2220 932 lum
2253 877 2446 932 habes
2463 877 2856 934 inenarrabili
2870 876 3176 932 stellarum
3194 876 3646 948 pulchritudine
3658 878 3766 934 cir-

2094 966 2502 1037 cumfulgens.
2519 971 2712 1040 Atque
2727 968 2856 1022 haec
2870 966 3116 1038 quidem
3150 967 3422 1022 humana
3445 971 3589 1023 sunt
3613 984 3625 1036 ;
3652 967 3764 1024 sed

2092 1071 2229 1128 quae
2260 1061 2595 1130 sequuntur
2609 1057 2846 1128 majora
2871 1061 3011 1113 sunt
3049 1061 3106 1110 et
3127 1056 3572 1128 praestantiora.
3600 1057 3763 1113 Deus

2091 1151 2338 1219 propter
2363 1152 2417 1203 te
2463 1148 2618 1204 inter
2665 1147 2945 1203 homines
2992 1151 3270 1202 versatus
3309 1151 3400 1202 est
3422 1148 3468 1218 ⁵,
3511 1147 3765 1220 Spiritus

2091 1236 2286 1292 sancti
2315 1236 2658 1293 distributio
2680 1239 2722 1306 ⁸,
2747 1237 2956 1294 mortis
2978 1236 3309 1293 destructio
3329 1238 3375 1300 ⁷,
3401 1253 3544 1310 spes
3563 1253 3762 1293 resur-

2089 1325 2370 1382 rectionis
2399 1327 2418 1362 ⁸
2449 1327 2656 1383 divina
2685 1332 2992 1400 praecepta
3022 1327 3210 1383 vitam
3241 1331 3414 1383 tuam
3444 1326 3757 1399 perﬁcien-

379 1415 478 1484 tia,
500 1414 789 1488 profectio
823 1413 903 1470 ad
935 1416 1120 1471 Deum
1154 1430 1264 1487 per
1294 1414 1586 1472 mandata
1620 1416 1665 1484 9,
1693 1417 1977 1487 paratum
1999 1430 2256 1487 regnum
2277 1416 2572 1473 caelorum
2607 1418 2672 1480 ιο,
2702 1417 2948 1488 justitiee
2981 1432 3221 1473 coronae
3255 1418 3322 1489 “,
3375 1417 3450 1485 ei,
3510 1416 3618 1490 qui
3663 1416 3757 1474 la-

374 1503 556 1561 bores
581 1520 691 1577 pro
711 1504 932 1560 virtute
962 1520 1085 1561 non
1112 1503 1290 1574 fugit,
1324 1510 1572 1578 paratae.

401 1598 406 1602 ’
451 1595 506 1648 7.
537 1593 652 1647 Ἐὰν
677 1597 954 1668 προσέχῃς
1010 1603 1230 1665 σεαυτῷ,
1263 1603 1434 1647 ταῦτα
1457 1599 1548 1648 καὶ
1570 1597 1646 1648 ἔτι
1669 1594 1830 1648 πλείω
1868 1594 1981 1665 (47)

374 1684 614 1757 εὑρήσεις
651 1686 763 1758 περὶ
825 1686 1062 1736 σεαυτόν·
1094 1688 1185 1735 καὶ
1226 1682 1541 1747 ἀπολαύσεις
1583 1688 1672 1758 μεν
1721 1693 1820 1736 τῶν
1850 1703 1980 1758 παρ-

2161 1600 2214 1652 7.
2257 1597 2428 1663 Quod
2462 1597 2512 1652 si
2544 1596 2648 1654 tibi
2700 1596 2817 1669 ipsi
2863 1596 3211 1660 attenderis,
3260 1597 3393 1653 haec
3443 1601 3630 1670 atque
3659 1595 3755 1653 his

2087 1683 2262 1758 plura
2293 1686 2492 1743 adhuc
2523 1687 2680 1742 circa
2702 1688 2960 1759 teipsum
2982 1686 3400 1759 deprehendes
3425 1704 3438 1755 ;
3461 1690 3517 1742 et
3537 1685 3753 1742 frueris

315 1813 323 1817 .
372 1776 548 1839 ὀντων,
610 1772 668 1824 οὗ
721 1771 1155 1846 μικροψυχήσεις
1200 1770 1259 1826 δε
1309 1777 1440 1848 πρὸς
1492 1779 1550 1827 τὸ
1603 1771 1792 1828 ὺδέον.
1847 1780 1962 1826 Παν¹

2088 1775 2332 1849 quidem
2357 1777 2779 1849 praesentibus,
2795 1791 2905 1831 nec
2919 1776 2999 1832 ob
3014 1792 3085 1831 ea
3096 1793 3232 1848 quae
3245 1776 3518 1845 deerunt,
3535 1777 3648 1848 23
3667 1775 3753 1831 fu-

370 1869 544 1932 ταχοῦ
609 1881 692 1914 σοι
761 1864 1149 1936 παριστάμενον
1219 1867 1278 1916 τό
1345 1863 1695 1938 παράγγελμα
1749 1861 1976 1936 μεγάλην

369 1949 646 2025 παρέξεται
693 1955 781 2009 τὴν
837 1949 1106 2023 βοῇθειαν.
1167 1949 1308 2019 Οἶον,
1357 1952 1484 2026 ὀργή
1542 1973 1637 2006 σου
1692 1961 1791 2006 τῶν
1840 1952 1978 2024 λογι-

369 2048 514 2113 σμῶν
550 2043 909 2114 κατεκράτησε
941 2040 1068 2112 (48),
1112 2045 1200 2093 καὶ
1229 2041 1413 2116 ἐκφέρῃ
1471 2044 1570 2094 ὑπὸ
1627 2045 1793 2114 θυμοῦ
1845 2046 1977 2116 πρὸς

365 2148 420 2182 τε
475 2130 690 2204 ῥήματα
741 2128 945 2205 ἀπρεπῆ
1006 2135 1095 2182 καὶ
1125 2131 1341 2206 πράξεις
1385 2132 1623 2204 χαλεπάς
1665 2137 1756 2184 καὶ
1785 2133 1974 2206 θηριώ-

368 2214 478 2281 δεις
521 2237 535 2283 ;
592 2219 708 2271 Ἐὰν
748 2223 1024 2294 προσέχῃς
1079 2230 1300 2292 σεαυτῷ,
1356 2222 1688 2282 καταστελεῖς
1744 2225 1832 2294 μὲν
1884 2225 1970 2273 τὸν

367 2307 529 2381 θυμὸν
583 2309 756 2381 ὥσπερ
811 2310 929 2359 τινὰ
984 2307 1151 2360 πῶλον
1203 2307 1389 2368 ἀπειθῆ
1441 2315 1530 2362 καὶ
1563 2307 1833 2378 δυσήνιον,
1879 2318 1967 2382 τῇ.

364 2397 536 2469 πληγῇ
578 2404 670 2449 τοῦ
726 2396 881 2468 λόγου
920 2397 1071 2450 οἱονεὶ
1118 2400 1341 2470 μάστιγι
1370 2401 1780 2473 καθαπτόμενος.
1827 2407 1968 2473 Κρα-

363 2491 546 2547 τήσεις
604 2483 663 2538 δὲ
712 2489 801 2537 καὶ
847 2485 1114 2557 γλώσσης,
1162 2490 1256 2548 τὰς
1289 2485 1348 2541 δὲ
1392 2496 1583 2564 χεῖρας
1612 2492 1706 2542 ούκ
1747 2492 1854 2553 (49)
1884 2487 1970 2541 ἐπ-

363 2581 583 2648 αφήσεις
635 2583 706 2647 τῷ
757 2575 1122 2651 παροξύναντι.
1205 2579 1364 2631 Πάλιν
1414 2578 1688 2652 ἐπιθυμίαι
1742 2584 1969 2652 πονηραὶ

361 2665 707 2739 ἐξοιστρῶσαί
765 2683 859 2716 σου
915 2670 1010 2722 τὴν
1067 2665 1273 2738 ψυχὴν,
1308 2671 1382 2727 εἰς
1413 2669 1580 2741 όρμάς
1610 2667 1850 2743 ἀκρατεῖς
1877 2673 1966 2721 καὶ

360 2748 683 2816 ἀκολάστους
730 2753 1100 2827 ἐμϐάλλουσιν.
1147 2757 1261 2809 Ἐὰν
1308 2753 1395 2808 οὖν
1437 2763 1714 2832 προσέχῃς
1742 2767 1962 2830 σεαυτῷ,

273 2874 276 2875 ν
357 2848 448 2895 καί
494 2845 703 2917 μνησθῇ
717 2865 756 2910 ς,
817 2845 897 2897 ὅτι
935 2853 1088 2898 τοῦτο
1122 2865 1213 2919 μεν
1245 2866 1330 2899 σοι
1353 2851 1412 2899 τὸ
1443 2851 1608 2923 παρὸν
1640 2846 1748 2906 ἡδύ
1782 2848 1852 2910 εἰς
1881 2867 1966 2900 πι-

354 2935 478 3008 κρόν
531 2937 850 2991 καταντήσει
915 2937 1095 3007 πέρας,
1151 2940 1242 2988 καὶ
1291 2938 1316 2988 ό
1361 2944 1448 2988 νῦν
1500 2936 1554 2989 ἐκ
1605 2945 1702 3000 τῆς
1767 2934 1966 2999 ἡδονῆς

354 3021 678 3094 ἓγγινόμενος
733 3031 806 3093 τῷ
864 3028 1070 3096 σώματι
1140 3027 1287 3098 ἡμῶν
1353 3026 1737 3101 γαργαλισμὸς,
1815 3023 1966 3088 οὗτος

2087 1864 2256 1916 turus
2269 1876 2334 1916 es
2349 1861 2551 1917 animo
2564 1861 2804 1933 pusillo.
2821 1863 3198 1933 Praeceptum
3214 1860 3362 1916 illud
3388 1861 3490 1916 tibi
3505 1861 3585 1916 ob
3607 1877 3748 1917 ocu-

2083 1949 2234 2006 lossi
2257 1951 2480 2024 ubique
2514 1950 2884 2018 observetur,
2909 1950 3077 2006 haud
3113 1950 3405 2007 mediocri
3433 1950 3749 2022 adjumen-

2084 2043 2144 2097 to
2165 2040 2275 2096 erit
2294 2041 2416 2096 tibi.
2442 2040 2709 2113 Exempli
2731 2055 2918 2096 causa
2944 2057 2958 2096 :
2982 2040 3061 2095 ab
3080 2040 3169 2096 ira
3189 2040 3450 2096 vincitur
3486 2041 3661 2108 ratio,
3689 2045 3748 2100 et

2082 2141 2206 2202 prae
2221 2129 2536 2185 iracundia
2560 2134 2686 2184 tum
2700 2129 2780 2184 ad
2799 2128 2987 2185 verba
3007 2128 3298 2184 indecora
3313 2133 3443 2184 tum
3465 2128 3543 2185 ad
3565 2129 3747 2186 actio-

2078 2233 2189 2274 nes
2210 2219 2509 2274 immanes
2531 2235 2600 2274 ac
2620 2218 2843 2274 ferinas
2865 2218 3158 2290 abriperis
3179 2218 3206 2274 ?
3226 2218 3284 2273 Si
3304 2217 3408 2273 tibi
3424 2217 3538 2291 ipsi
3558 2224 3746 2275 atten-

2077 2306 2210 2376 des,
2231 2308 2386 2364 iram
2404 2307 2561 2364 velut
2583 2308 2817 2380 pullum
2838 2307 3174 2380 quemdam
3194 2307 3652 2378 immorigerum
3670 2325 3742 2366 ac

2075 2395 2386 2452 frenorum
2400 2397 2834 2471 impatientem,
2851 2396 3174 2464 coercebis,
3193 2396 3376 2470 plaga
3387 2398 3636 2454 rationis
3645 2414 3742 2456 ve-

2074 2487 2162 2541 lut
2181 2487 2372 2558 ﬂagro
2393 2488 2662 2560 quodam
2707 2487 2906 2560 ipsam
2944 2502 3359 2560 compescens.
3395 2487 3742 2544 Continebis

2076 2581 2132 2632 et
2149 2576 2445 2647 linguam,
2469 2593 2665 2650 neque
2685 2576 2747 2632 in
2768 2593 2908 2632 eum
2930 2575 3035 2649 qui
3063 2582 3116 2632 te
3145 2575 3483 2648 irritaverit,
3515 2593 3740 2635 manus

2075 2667 2325 2737 injicies.
2355 2671 2582 2724 Rursus
2614 2667 2774 2722 mala
2803 2666 3106 2722 desideria
3153 2682 3224 2722 ac
3261 2665 3543 2722 libidines
3579 2667 3742 2725 velut

2074 2763 2255 2813 oestro
2273 2757 2543 2830 quodam
2573 2757 2842 2813 animam
2864 2762 3033 2812 tuam
3055 2755 3451 2826 exagitantes,
3492 2757 3555 2812 in
3601 2757 3738 2813 libi-

2072 2845 2320 2902 dinosos
2351 2863 2421 2902 ac
2448 2846 2712 2903 lascivos
2741 2845 3006 2919 impetus
3038 2850 3094 2902 te
3127 2846 3480 2917 conjiciunt.
3503 2847 3656 2903 Sane
3687 2847 3739 2904 si

2071 2935 2176 2992 tibi
2197 2935 2311 3008 ipsi
2332 2935 2682 3001 attenderis,
2708 2935 3178 3008 meminerisque
3198 2941 3559 3008 praesentem
3579 2935 3737 2992 hanc

2070 3025 2439 3099 voluptatem
2464 3027 2526 3082 in
2555 3025 2740 3081 ﬁnem
2789 3025 3242 3082 amarulentum
3285 3026 3640 3091 desituram,
3680 3031 3740 3082 et

353 3116 588 3183 γεννήσει
640 3114 728 3164 τόν
781 3111 978 3165 ἰοϐόλον
1035 3114 1283 3172 σκώληκα
1336 3114 1570 3168 ἀθάνατα
1632 3117 1752 3187 (50)
1813 3117 1962 3168 κολά-

2075 3114 2196 3171 fore
2221 3121 2280 3171 ut
2300 3115 2579 3176 titillatio,
2613 3131 2751 3187 quae
2787 3131 2950 3170 nunc
2993 3130 3066 3170 ex
3111 3115 3420 3188 voluptate
3466 3116 3737 3189 corporis

351 3199 508 3261 ζοντα
535 3202 679 3274 ἡμᾶς
708 3200 756 3252 ἐν
787 3209 849 3274 τῇ
884 3205 1079 3277 γεέννῃ,
1135 3209 1223 3256 καὶ
1269 3206 1298 3262 ἠ
1355 3209 1591 3281 πύρωσις
1626 3214 1720 3268 τῆς
1767 3210 1960 3280 σαρκός

347 3293 523 3364 μήτηρ
572 3295 848 3361 γενήσεται
895 3299 988 3344 τοῦ
1043 3292 1252 3346 αἰωνίου
1278 3299 1463 3370 πυρός·
1509 3295 1660 3359 εὐθὺς
1700 3295 1960 3368 οἰχήσον-

342 3397 432 3432 ται
455 3377 870 3452 φυγαδευθεῖσαι
903 3384 957 3434 αἱ
985 3379 1194 3450 ἡδοναὶ,
1227 3389 1318 3436 καὶ
1353 3386 1628 3456 θαυμαστή
1675 3405 1754 3448 τις
1813 3383 1958 3438 ἔνδον

348 3469 547 3542 γαλήνη
596 3476 714 3545 περὶ
757 3475 853 3530 τὴν
905 3471 1091 3544 ψυχὴν
1141 3479 1231 3526 καὶ
1280 3477 1491 3547 ἡσυχία
1527 3481 1817 3546 γενήσεται,
1851 3473 1957 3530 οἷον

346 3555 731 3631 θεραπαινίδων
807 3558 1108 3613 ἀκολάστων
1186 3563 1400 3636 θορύϐον
1476 3567 1956 3637 κατασιγασθέντος

347 3642 630 3710 δεσποίνης
659 3651 798 3712 τινὸς
839 3655 1100 3724 σώσρρονος
1147 3658 1431 3726 παρουσίᾳ.
1487 3659 1727 3727 Πρόσεχε
1784 3660 1954 3706 τοίνυν

347 3745 569 3808 σεαυτῷ,
629 3742 719 3790 καὶ
783 3741 963 3810 γνῶθι,
1026 3741 1105 3793 ὅτι
1163 3744 1222 3793 τό
1281 3745 1370 3816 μὲν
1437 3741 1640 3814 λογικόν
1700 3741 1811 3795 ἐστι
1863 3749 1954 3796 καὶ

341 3827 514 3899 νοερόν
561 3833 658 3887 τῆς
716 3825 924 3899 ψυχῆς,
970 3831 1028 3880 τὸ
1067 3826 1126 3882 δὲ
1175 3833 1464 3888 παθητικόν
1507 3851 1561 3884 τε
1616 3837 1706 3884 καὶ
1745 3831 1947 3904 ἄλογον.

344 3919 446 3970 Καὶ
503 3924 576 3987 τῷ
615 3920 706 3989 μὲν
761 3920 912 3989 φύσει
964 3923 1023 3971 τὸ
1073 3928 1281 3994 κρατεῖν
1334 3921 1584 3995 ὑπάρχει,
1640 3929 1750 3985 τοῖς
1807 3919 1866 3976 δὲ
1891 3925 1949 3974 τό

337 4005 617 4057 ὑπακούειν
667 4013 740 4076 τῷ
790 4005 924 4078 λόγῳ
967 4013 1058 4060 καὶ
1103 4012 1533 4066 καταπείθεσθαι.
1592 4016 1809 4070 Μήποτε
1861 4009 1948 4065 οὖν

335 4091 496 4166 ἐάσῃς
553 4091 1100 4169 ἐξανδραποδισθέντα
1143 4102 1229 4151 τόν
1285 4108 1402 4152 νοῦν
1469 4097 1654 4154 δοῦλον
1707 4104 1948 4173 γενέσθαι

333 4190 434 4236 τῶν
481 4185 659 4236 παθῶν
712 4187 853 4255 (51)·
904 4183 1038 4258 μηδ’
1079 4184 1143 4239 αὖ
1198 4188 1351 4240 πάλιν
1384 4187 1666 4265 ἐπιτρέψῃς
1708 4198 1818 4252 τοῖς
1848 4195 1947 4245 πά-

335 4272 447 4324 θεσι
485 4272 936 4335 κατεξαναστῆναι
993 4272 1085 4329 τοῦ
1149 4276 1324 4350 λόγου,
1401 4284 1490 4332 καὶ
1547 4280 1618 4342 εἰς
1687 4279 1847 4333 ἑαυτὰ
1885 4285 1944 4333 τό

330 4361 521 4435 κράτος
558 4371 654 4424 τῆς
694 4361 880 4434 ψυχῆς
914 4375 1255 4438 περιστῆσαι.
1315 4367 1481 4430 Ὂλως
1534 4365 1596 4422 δέ
1625 4389 1710 4422 σοι
1740 4372 1769 4428 ἠ
1797 4368 1944 4446 ἀκρι-

2067 3209 2272 3260 nostra
2296 3204 2647 3270 innascitur,
2682 3219 2948 3259 vermem
2979 3205 3024 3239 ¹²
3069 3208 3438 3259 venenatum
3467 3204 3568 3276 qui
3615 3221 3730 3260 nos

2066 3298 2358 3367 perpetuo
2388 3295 2448 3350 in
2473 3295 2750 3364 gehenna
2770 3294 3094 3366 puniturus
3129 3293 3221 3363 sit,
3247 3293 3476 3364 gignat,
3507 3294 3736 3367 ﬁatque

2067 3384 2263 3439 carnis
2280 3383 2480 3450 ardor,
2512 3383 2669 3454 ignis
2709 3383 2914 3439 aeterni
2937 3384 2984 3419 ¹³
3024 3398 3266 3456 parens,
3289 3383 3493 3439 statim
3512 3381 3735 3454 fugatae

2062 3474 2344 3530 libidines
2392 3479 2771 3544 evanescent,
2823 3490 2895 3530 ac
2944 3473 3232 3529 mirabilis
3259 3473 3732 3546 quaedamtran-

2063 3563 2328 3636 quillitas
2359 3568 2416 3619 et
2455 3563 2624 3636 quies
2665 3563 2824 3619 intus
2874 3563 2936 3618 in
2970 3562 3177 3620 animo
3219 3563 3550 3632 oborietur,
3599 3579 3729 3620 non

2063 3670 2237 3710 secus
2267 3669 2337 3710 ac
2368 3653 2418 3708 si
2444 3654 2606 3709 herae
2634 3653 2957 3723 cujusdam
2980 3652 3217 3726 pudicas
3243 3653 3508 3710 adventu
3561 3654 3730 3711 seda-

2059 3749 2225 3800 retur
2245 3743 2603 3798 ancillarum
2631 3741 3072 3798 lascivientium
3100 3741 3416 3798 tumultus.
3467 3743 3729 3801 Attende

2059 3833 2238 3904 igitur
2265 3834 2376 3889 tibi
2403 3834 2541 3902 ipsi,
2575 3835 2631 3886 ct
2653 3832 2805 3888 scito
2831 3831 3084 3886 alteram
3113 3831 3332 3888 animas
3363 3835 3598 3904 partem
3631 3848 3728 3889 ra-

2059 3921 2389 3979 tiocinandi
2408 3920 2902 3994 intelligendique
2919 3920 3202 3976 facultate
3225 3937 3358 3976 esse
3378 3920 3719 3993 praeditam,

2056 4011 2309 4068 alteram
2341 4027 2485 4066 vero
2516 4009 2939 4066 affectionibus
2965 4009 3296 4065 obnoxiam
3319 4015 3376 4064 et
3404 4009 3720 4066 irrationa-

2053 4101 2197 4159 lem.
2221 4104 2286 4158 Et
2303 4101 2458 4157 illius
2475 4099 2725 4173 quidem
2742 4099 3016 4155 naturale
3035 4115 3260 4155 munus
3279 4104 3369 4156 est
3384 4099 3716 4156 dominari:

2053 4191 2237 4262 hujus
2275 4207 2438 4261 vero,
2481 4188 2730 4244 obedire
2779 4204 2850 4244 ac
2898 4188 3318 4262 obtemperare
3363 4189 3604 4246 rationi.
3639 4191 3717 4246 Ne

2051 4281 2232 4352 igitur
2260 4296 2536 4354 unquam
2559 4279 2724 4334 sinas
2762 4283 3027 4335 mentem
3047 4278 3110 4334 in
3151 4277 3498 4335 servitutem
3537 4279 3710 4336 reda-

2052 4376 2235 4437 ctam,
2267 4369 2658 4426 atl'ectionum
2687 4368 3043 4424 vitiosarum
3067 4384 3302 4424 servam
3322 4368 3453 4424 ﬁeri
3481 4385 3494 4424 :
3517 4384 3716 4442 neque

334 4448 430 4511 es;
483 4459 707 4503 σεαυτοῦ
759 4458 1078 4517 κατανόησις
1133 4457 1370 4531 αύτάρκη
1423 4456 1633 4533 παρέξει
1679 4479 1941 4534 χειραγω-

2075 4476 2260 4516 ἰιτδιιε
2279 4458 2590 4532 permittas
2609 4457 2986 4514 turbulentos
3012 4457 3262 4514 affectus
3278 4457 3589 4528 insurgere
3611 4458 3717 4515 ad-

329 4543 448 4611 γίαν
496 4544 737 4615 καὶπρὸς
765 4547 862 4600 τὴν
892 4545 1084 4596 ἔννοιαν
1114 4553 1207 4596 τοῦ
1267 4551 1414 4601 Θεοῦ.
1450 4548 1568 4599 Ε’ἁν
1619 4551 1721 4623 γὰρ
1779 4570 1940 4626 προσ-

333 4629 466 4701 ἐχῃς
525 4627 748 4702 σεαυτῷ,
798 4628 950 4684 οὐδὲν
1011 4629 1176 4707 δεήσῃ
1239 4633 1293 4686 ἐκ
1342 4644 1436 4698 τῆς
1480 4645 1580 4688 τῶν
1625 4637 1750 4691 ὅλων
1781 4660 1939 4694 κατα-

332 4724 526 4781 σκευῆς
570 4722 657 4771 τὸν
707 4725 1031 4796 Δημιουργόν
1080 4723 1382 4796 ἐξιχνεύειν,
1445 4724 1553 4778 ἀλλ’
1609 4725 1658 4778 ἓν
1714 4738 1934 4802 σεαυτῷ,

403 4869 426 4905 ⁵
463 4871 638 4926 Joan.
659 4885 698 4936 ι,
738 4874 821 4927 14.

333 4955 474 5012 xxv,
511 4945 601 4997 34.
682 4943 725 4978 ¹¹
768 4943 815 4998 ll
843 4943 990 5001 Tim.
1023 4961 1104 5013 1v,
1134 4949 1186 5002 8.

401 5092 618 5174 (ᾧῷ-46)
648 5093 847 5174 Codex
869 5095 1124 5174 quidam
1144 5097 1414 5174 Combef.
1457 5097 1685 5174 ἀστέρων
1727 5101 1928 5174 τάξεσι,

327 5165 657 5241 ,ςιιεξιιιῑζοιιτηΔ
679 5165 1010 5241 ordinibus.
1037 5169 1176 5225 Mox
1204 5171 1347 5226 editi
1371 5175 1429 5226 et
1453 5165 1592 5241 Reg:
1616 5172 1825 5229 tertius
1844 5165 1931 5227 πεὲ

323 5234 660 5308 ριστίλϐοντά
706 5256 784 5292 σε.
834 5239 948 5295 Sed
982 5240 1044 5296 in
1093 5241 1284 5297 tribus
1316 5242 1447 5298 aliis
1467 5234 1612 5298 mss.
1638 5244 1851 5301 vocula
1872 5264 1931 5299 σε

324 5306 450 5389 non
479 5306 716 5389 legitur,
765 5312 880 5389 i\_'ec
922 5311 1004 5367 ita
1049 5312 1240 5369 multo
1290 5313 1448 5370 infra
1487 5315 1654 5371 Colb.
1697 5315 1929 5389 primus

321 5376 615 5432 τελειοῦντά
639 5376 723 5432 σοί
742 5385 856 5440 τήν.

418 5452 510 5507 47)
533 5453 768 5508 Veteres
798 5453 921 5509 duo
949 5452 1088 5510 libri
1118 5459 1193 5509 ἔτι
1215 5455 1450 5512 πλείονα.

531 5522 680 5579 Editi
710 5528 766 5579 et
790 5526 931 5604 Reg.
965 5527 1170 5582 tertius
1205 5527 1347 5604 ,ὀργῇ
1402 5549 1497 5582 σου
1546 5531 1923 5592 κατεκράτησε.

319 5590 437 5650 Alii
465 5590 582 5652 tres
607 5610 762 5652 mss.
801 5590 955 5654 utin
977 5590 1282 5658 contextu'.

898 4873 920 4947 ἐ
956 4872 1129 4930 Hebr.
1161 4891 1219 4947 ιι,
1255 4874 1310 4933 4.
1385 4876 1405 4910 ⁷
1450 4879 1468 4932 ι
1501 4878 1632 4933 Cor.
1665 4893 1764 4945 xv,
1805 4878 1898 4945 26,
1927 4885 2015 4938 55.

1269 4949 1314 4984 ²²
1347 4949 1458 5004 lsa.
1493 4964 1649 5019 LXVI,
1677 4953 1747 5005 24
1773 4968 1786 5019 ;
1815 4952 1990 5008 Marc.
2033 4969 2108 5020 ιχ,
2140 4955 2231 5016 43,
2271 4956 2364 5023 45,
2394 4955 2482 5008 47.

2049 4565 2259 4606 versus
2287 4547 2607 4611 rationem,
2633 4547 2976 4618 animaeque
2994 4546 3318 4619 imperium
3339 4546 3402 4602 in
3427 4563 3490 4602 se
3514 4551 3710 4604 trans-

2048 4639 2226 4697 ferre.
2282 4638 2550 4711 Denique
2598 4637 2853 4707 diligens
2893 4637 2978 4692 tui
3032 4637 3222 4710 ipsius
3281 4637 3708 4711 contemplatio

2049 4731 2191 4788 satis
2219 4735 2274 4786 te
2304 4728 2642 4786 deducetin
2673 4728 2775 4784 Dei
2803 4725 3233 4800 cognitionem.
3264 4730 3416 4784 Nam
3437 4728 3487 4784 si
3515 4733 3708 4785 atten-

2093 4882 2115 4917 ⁸
2147 4879 2298 4948 Ibid,
2352 4884 2437 4946 12,
2486 4883 2601 4952 22.
2656 4881 2676 4914 ⁹
2717 4878 2918 4952 matth.
2961 4894 3078 4945 xxx,
3125 4881 3208 4952 17,
3241 4880 3330 4935 2t.
3409 4880 3456 4914 ¹⁰
3494 4881 3700 4938 Matth.

2563 4951 2610 4986 ¹⁸
2648 4951 2846 5008 Matth.
2879 4967 3016 5014 Σίν,
3047 4953 3138 5008 41.

2113 5105 2230 5176 (49)
2272 5102 2436 5176 Colb.
2470 5103 3052 5176 tertius_x¢ipc£;_aou.
3109 5099 3319 5176 Statim
3367 5115 3514 5157 mss.
3571 5117 3698 5160 non

2038 5173 2187 5262 nulli
2210 5174 2569 5249 παροξύνοντι.
2602 5172 2868 5230 Subinde
2911 5173 3058 5244 Reg.
3109 5172 3341 5246 primus
3375 5179 3696 5233 καταντήσοι

2265 5316 2417 5374 Editi
2464 5315 2739 5372 ἀθάνατον.
2799 5319 3038 5373 Veteres
3086 5319 3352 5390 quatuor
3392 5316 3530 5374 libri
3568 5315 3694 5370 ἀθά-

2036 5408 2186 5444 νατα.

2252 5463 2318 5516 ln
2347 5459 2536 5516 tribus
2565 5477 2713 5517 mss.
2755 5475 2866 5533 pro
2895 5461 3073 5514 παθῶν
3125 5459 3418 5532 scriptum
3463 5458 3692 5517 inveni-

2036 5535 2133 5591 tur
2161 5534 2504 5606 παθημάτων.
