4124 6386
447 249 551 301 215

1823 241 1879 295 S.
1926 237 2179 294 BASILll
2218 237 2446 294 MAGNI

3708 253 3808 304 216

444 368 603 425 deris
660 365 767 424 tibi
816 365 950 438 ipsi,
1007 363 1159 421 nihil
1201 379 1357 438 opus
1405 365 1515 421 erit
1557 380 1632 420 ex
1679 363 2102 420 universorum

2216 365 2368 416 οἱονεὶ
2417 373 2589 439 μικρῴ
2633 384 2733 416 τινι
2787 362 3064 438 διακόσμῳ
3277 372 3370 425 την
3427 368 3652 440 μεγάλην
3691 392 3812 425 κατ-

445 461 742 514 structura
761 455 961 528 ipsum
985 455 1273 527 Opificem
1295 455 1681 526 investigare,
1707 456 1811 511 sed
1833 456 1892 511 in
1916 455 2102 528 teipso

440 548 602 605 velut
659 547 721 602 in
775 546 1074 601 concinno
1127 546 1400 619 quodam
1477 563 1684 602 rerum
1743 546 2101 616 summario,

441 653 737 708 magnam
764 635 1095 692 conditoris
1119 636 1204 691 tui
1231 635 1589 708 sapientiam
1613 635 1994 691 contuebere.
2023 638 2102 690 Ex

442 729 649 784 anima
667 727 1025 798 incorporea
1042 742 1176 798 quae
1197 726 1258 781 in
1281 730 1334 781 te
1354 726 1596 794 residet,
1619 725 1878 796 intellige
1913 729 2099 780 Deum

443 833 573 874 esse
593 817 1040 888 incorporeum,
1064 831 1325 887 eumque
1347 815 1512 870 nullo
1532 815 1665 870 loco
1687 813 2102 870 circumscribi

445 924 585 964 cum
607 922 681 961 ne
708 911 810 960 tua
831 904 1077 978 quidem
1110 920 1281 982 mens
1305 921 1342 960 a
1372 921 1434 959 se
1471 906 1666 977 primo
1694 908 2100 960 commoretur

444 997 507 1053 in
529 996 664 1052 loco
687 994 792 1050 sed
823 994 902 1050 ob
934 1009 1110 1048 suam
1142 1011 1280 1049 cum
1313 1011 1564 1066 corpore
1607 994 2098 1065 cunjunctionem

442 1088 506 1144 in
535 1087 668 1142 loco
696 1089 1069 1158 permaneat.
1095 1084 1458 1140 lnvisibilem
1501 1087 1686 1140 Deum
1728 1100 1861 1140 esse
1899 1085 2094 1152 crede,

443 1181 561 1233 tuae
590 1175 781 1247 ipsius
827 1173 1044 1230 anima:
1093 1173 1594 1240 consideratione,
1645 1191 1784 1230 cum
1827 1190 1937 1229 nec
1965 1173 2099 1246 ipsa

441 1266 636 1340 possit
655 1264 846 1321 oculis
867 1264 1171 1337 corporeis
1195 1265 1350 1337 capi.
1387 1268 1588 1338 Neque
1620 1265 1780 1320 enim
1831 1265 2097 1320 colorata

348 1399 364 1414 .
443 1361 535 1413 est
577 1370 774 1427 neque
806 1354 1015 1422 ﬁguris
1041 1353 1342 1422 insignita,
1387 1370 1583 1426 neque
1631 1355 1926 1427 corporali
1977 1355 2097 1410 ullo

441 1445 784 1500 charactere
815 1443 1273 1515 comprehensa,
1317 1444 1425 1498 sed
1464 1460 1536 1500 ex
1575 1444 1916 1500 actionibus
1956 1444 2098 1500 solis

438 1532 882 1590 internoscitur.
919 1535 1108 1596 Quare
1139 1548 1274 1588 eam
1298 1533 1705 1603 cognitionem
1727 1550 1864 1606 quae
1891 1534 2097 1590 oculo-

436 1639 575 1679 rum
606 1637 723 1694 ope
745 1621 1096 1694 acquiritur,
1127 1621 1188 1676 in
1217 1624 1339 1677 Deo
1379 1639 1454 1678 ne
1485 1624 1794 1695 quaesieris
1824 1641 1836 1678 :
1861 1623 1967 1679 sed
1998 1624 2099 1679 ad-

2215 455 2330 526 όψει
2385 464 2474 506 τοῦ
2532 460 2819 515 Κτίσαντός
2869 474 2926 508 σε
2982 460 3184 527 σοφίαν.
3252 458 3553 531 Ἀσώματον
3601 466 3702 514 νόει
3727 467 3810 515 τόν

2215 549 2342 597 Θεὸν
2372 545 2425 597 ἐκ
2448 553 2540 606 τῆς
2588 544 2990 618 ἐνυπαρχούσης
3042 565 3125 597 σοι
3167 546 3352 618 ψυχῆς
3397 546 3700 622 ἀσωμάτου,
3742 559 3809 625 μή

2213 640 2649 708 περιγραφόμενον
2690 641 2853 707 τόπῳ·
2912 631 3090 693 ἐπειδὴ
3143 633 3266 689 οὐδε
3311 639 3337 688 ό
3377 641 3466 700 σὸς
3520 647 3636 702 νοῦς
3680 661 3810 714 προ-

2213 730 2504 798 ηγουμένην
2551 728 2665 796 ἔχει
2719 730 2810 783 τὴν
2841 723 2889 776 ἐν
2915 731 3057 798 τόπῳ
3107 722 3405 801 διατριϐὴν,
3441 727 3568 780 ἀλλά
3595 726 3690 782 διὰ
3718 740 3811 794 τῆς

2210 820 2338 888 1:96;
2370 820 2427 868 τὸ
2462 825 2614 888 σῶμα
2644 819 2921 888 συναφείας
2955 815 3001 866 ἐν
3031 821 3172 888 τόπῳ
3197 821 3396 888 γίνεται
3429 821 3562 886 (53).
3626 820 3811 895 Ἀόρα-

2210 925 2294 957 τον
2349 903 2477 958 εἶναι
2523 910 2607 958 τὸν
2661 911 2783 960 Θεόν
2837 912 3072 971 πίστευε,
3128 913 3222 965 τὴν
3255 911 3473 966 σεαυτοῦ
3523 909 3702 981 ψυχὴν
3734 911 3810 964 έν-

2209 1001 2417 1061 νοησας,
2481 993 2659 1054 ἐπειδὴ
2707 1002 2795 1048 καὶ
2837 997 2965 1054 αὕτη
3012 1006 3331 1068 σωματικοῖς
3364 998 3645 1071 ὀφθαλμοῖς
3690 1000 3812 1058 οἴλη-

2207 1093 2334 1150 πτός
2361 1088 2518 1142 ἐστιν.
2563 1092 2697 1141 Οὔτε
2725 1092 2826 1162 γὰρ
2866 1093 3188 1162 κέχρωσται,
3237 1094 3352 1142 οὔτε
3393 1089 3808 1162 ἐσχημάτισται,

2209 1180 2324 1228 οὔτε
2368 1181 2470 1228 τινὶ
2548 1187 2829 1249 σωματικῷ
2885 1188 3190 1252 χαρακτῆρι
3263 1178 3644 1253 περιείληπται,
3702 1177 3810 1231 ἀλλ’

2208 1265 2259 1317 ἐκ
2291 1274 2390 1318 τῶν
2442 1268 2700 1340 ἐνεργειῶν
2743 1268 3053 1339 γνωρίζεται
3107 1273 3258 1339 μόνον
3302 1269 3428 1336 (Si).
3473 1266 3625 1329 Ὠςτε
3680 1274 3811 1339 μήτε

2209 1354 2291 1408 ἐπὶ
2320 1364 2453 1409 Θεοῦ
2488 1358 2725 1430 ζητήσης
2756 1361 2849 1414 την
2904 1354 2978 1409 δι’
3010 1357 3284 1429 ὀφθαλμῶν
3314 1362 3647 1423 κατανόησιν,
3683 1356 3812 1410 ἀλλὰ

2207 1453 2268 1518 τῇ
2329 1442 2537 1518 διανοίᾳ
2589 1446 2868 1519 ἐπιτρέψας
2925 1452 3020 1505 τὴν
3073 1453 3268 1512 πίστιν,
3330 1451 3516 1504 νοητὴν
3575 1450 3664 1518 ἔχε
3716 1451 3808 1504 τὴν

2207 1540 2326 1609 περὶ
2393 1536 2552 1588 αὐτοῦ
2606 1536 2921 1606 κατάληψιν.
2983 1537 3228 1610 Θαύμαζε
3287 1541 3372 1589 τόν
3404 1542 3669 1608 τεχνίτην,
3702 1546 3812 1598 πῶς

2208 1633 2301 1686 τῆς
2332 1624 2518 1697 ψυχῆς
2546 1645 2640 1678 σου
2670 1632 2763 1684 την
2792 1623 3010 1699 δύναμίν
3035 1631 3162 1700 πρὸς
3206 1630 3265 1678 τὸ
3318 1635 3470 1698 σῶμα
3503 1623 3808 1691 συνέδησεν,

435 1711 652 1768 bibens
683 1711 869 1766 menti
897 1709 1103 1775 ﬁdem,
1134 1711 1336 1784 ipsum
1367 1712 1659 1784 spirituali
1680 1713 1865 1769 modo
1887 1730 2098 1786 appre-

2211 1721 2275 1776 ῶς
2348 1721 2511 1789 μέχρι
2567 1724 2668 1767 τῶν
2752 1719 2987 1788 περάτων
3053 1716 3215 1768 αὐτοῦ
3288 1713 3670 1788 διικνουμένην,
3748 1719 3815 1768 τὰ

434 1799 659 1856 hende.
690 1799 1002 1855 Admirare
1033 1799 1346 1867 artiﬁcem,
1373 1801 1687 1872 quomodo
1719 1802 1938 1857 animae
1979 1808 2096 1858 tum

435 1889 559 1946 vim
591 1889 669 1945 ad
698 1905 921 1961 corpus
949 1889 1260 1961 colligarit,
1285 1895 1349 1946 ut
1369 1907 1561 1964 usque
1582 1892 1658 1948 ad
1690 1898 1988 1947 extremas
2012 1893 2098 1965 ip-

439 1978 566 2035 sius
593 1983 796 2050 partes
822 1978 1189 2051 pervadens,
1223 1979 1501 2036 membra
1545 1981 1700 2036 inter
1734 1997 1796 2036 se
1839 1982 2096 2038 multum

438 2068 651 2124 dissita
681 2067 760 2125 ad
789 2083 977 2124 unam
1021 2068 1425 2142 eamdemque
1474 2070 1986 2142 conspirationem
2026 2087 2096 2127 ac

439 2158 786 2214 societatem
810 2158 1098 2215 adducat.
1140 2159 1450 2232 Perpende
1480 2160 1739 2232 σαεξἎά
1763 2160 1851 2215 vis
1873 2161 1950 2216 ab
1974 2162 2098 2218 ani-

436 2264 542 2304 ma
566 2248 804 2320 corpori
831 2247 1229 2321 impertiatur,
1262 2253 1319 2304 et
1346 2265 1484 2321 qua:
1511 2265 1546 2304 a
1576 2265 1826 2322 corpore
1850 2250 1927 2306 ad
1965 2252 2094 2307 ani-

435 2353 605 2394 mam
633 2337 844 2394 redeat
867 2337 1255 2394 necessitudo
1283 2338 1609 2394 affectuum
1640 2355 2054 2413 sensuumque
2079 2359 2093 2409 ;

437 2428 752 2501 quomodo
775 2443 994 2502 corpus
1014 2429 1265 2502 quidem
1285 2429 1472 2485 vitam
1495 2429 1574 2485 ab
1595 2430 1802 2486 anima
1827 2431 2095 2504 recipiat,

441 2517 648 2574 anima
667 2533 810 2574 vero
832 2517 1072 2574 dolores
1085 2534 1384 2592 acorpore
1409 2537 1422 2588 ;
1446 2519 1660 2592 quales
1683 2521 1905 2577 habeat
1926 2521 2102 2578 disci-

442 2606 750 2679 plinarum
781 2606 963 2663 cellas
989 2624 1002 2673 ;
1036 2623 1142 2663 cur
1170 2608 1351 2664 rebus
1380 2609 1545 2681 prius
1593 2610 1848 2679 cognitis
1899 2627 2102 2667 succe-

444 2695 718 2751 dentium
747 2698 1012 2753 accessio
1037 2697 1186 2753 nihil
1205 2697 1482 2754 oﬂ'undat
1511 2698 1805 2770 caliginis,
1853 2700 1960 2756 sed
2001 2717 2105 2774 po-

445 2785 564 2842 tius
594 2785 902 2842 memoriaa
928 2791 1239 2843 serventur
1267 2786 1548 2844 distincte
1574 2788 1722 2845 citra
1751 2789 1938 2845 ullam
1965 2806 2105 2846 con—

446 2874 772 2945 fusionem,
803 2875 1121 2948 principali
1143 2876 1362 2932 animae
1393 2878 1550 2949 parti
1588 2877 1938 2936 velutaareae
1990 2880 2108 2936 cui-

447 2963 594 3020 dam
623 2965 922 3021 columnaa
947 2966 1270 3038 inscriptae.
1297 2971 1529 3025 intuere
1545 2968 1861 3039 quomodo
1881 2970 2108 3025 vitiosis

2206 1804 2447 1856 πλεῖστον
2521 1802 2781 1857 διεστῶτα
2837 1805 2962 1877 μέλη
3024 1810 3151 1879 πρός
3205 1811 3327 1878 μίαν
3385 1808 3674 1878 σύμπνοιαν
3726 1801 3815 1858 καὶ

2207 1899 2468 1945 κοινωνίαν
2508 1897 2670 1965 οἴγειν.
2706 1900 2888 1947 Σκόπει
2914 1899 2994 1957 τίς
3036 1898 3064 1952 η
3116 1893 3217 1946 ἀπὸ
3257 1894 3443 1964 ψυχῆς
3501 1891 3811 1966 ἐνδιδομενη

2205 1991 2267 2055 τῇ
2325 1989 2481 2058 σαρκὶ
2539 1981 2780 2056 δύναμις·
2827 1989 2905 2046 τίς
2964 1987 2993 2041 η
3028 1985 3129 2036 ἀπὸ
3192 1987 3383 2056 σαρκός
3433 1987 3560 2058 πρὸς
3628 1983 3815 2054 ψυχὴν

2207 2071 2493 2125 ἐπανιοῦσα
2547 2076 2864 2146 συμπάθεια·
2891 2079 2896 2084 ’
2927 2082 3034 2135 πῶς
3094 2071 3312 2145 δέχεταί
3346 2076 3436 2145 μεν
3468 2078 3560 2131 την
3595 2074 3725 2134 ζωὴν
3757 2072 3815 2125 ἐκ

2206 2170 2299 2222 τῆς
2349 2161 2534 2234 ψυχῆς
2589 2168 2645 2214 τό
2697 2173 2866 2236 σῶμα,
2921 2161 3138 2234 δέχεται
3180 2161 3237 2216 δε
3262 2160 3559 2235 ἀλγηδόνας
3590 2163 3690 2214 ἀπὸ
3720 2170 3815 2214 τοῦ

2209 2256 2448 2324 σώματος
2505 2255 2534 2311 ἡ
2590 2253 2763 2325 ψυχή’
2824 2258 2980 2316 ποίας
3039 2253 3309 2315 ἀποθήκας
3364 2263 3463 2305 τών
3490 2256 3815 2326 μαθημάτων

2207 2348 2338 2413 ἔχει·
2367 2340 2460 2396 διὰ
2488 2347 2541 2394 τί
2567 2344 2661 2395 οὐκ
2718 2340 2987 2395 ἐπισκοτεῖ
3040 2352 3100 2415 τῇ
3145 2350 3334 2414 γνώσει
3386 2352 3488 2394 τών
3534 2342 3815 2416 προλαϐόν-

2207 2453 2306 2486 των
2361 2435 2390 2491 ἠ
2433 2440 2533 2484 τῶν
2578 2431 2940 2505 ἐπιγίνομένων
2987 2435 3286 2508 προσθήκη,
3347 2431 3455 2484 ἀλλ’
3515 2431 3818 2504 ἀσύγχυτοι

2209 2527 2300 2574 καὶ
2357 2521 2605 2594 εὐκρινεῖς
2646 2525 2700 2574 αἱ
2758 2532 2978 2594 μνῆμαι,
3032 2524 3136 2574 οοῖν
3182 2521 3357 2594 χαλκῇ
3409 2541 3512 2574 τινι
3543 2521 3707 2594 στήλη
3741 2530 3818 2592 τῷ

2212 2613 2501 2684 ἠγεμονικῳ
2533 2620 2628 2673 τῆς
2676 2611 2861 2683 ψυχῆς
2896 2611 3366 2686 ἐγκεχαραγμέναι,
3431 2609 3816 2684 διαφυλάττον-

2213 2718 2321 2753 ται’
2378 2710 2486 2762 πῶς
2516 2703 2626 2773 μὲν,
2670 2706 2799 2776 πρὸς
2857 2705 2923 2753 τα
2974 2712 3068 2764 τῆς
3119 2707 3309 2776 σαρκός
3368 2701 3824 2754 ὑπολισθαίνουσα

2213 2794 2382 2856 πάθη,
2440 2795 2498 2843 τό
2558 2792 2743 2843 οἰκεῖον
2787 2789 3046 2843 ἀπόλλυσι
3091 2791 3296 2852 κάλλος·
3326 2800 3433 2854 πώς
3467 2787 3524 2843 δὲ
3550 2790 3725 2855 πάλιν,
3758 2794 3820 2843 τὸ

2218 2880 2318 2933 ἀπὸ
2373 2885 2558 2942 κακίας
2607 2888 2802 2951 αἶσχος
2856 2880 3314 2954 ἀποκαθηραμένη,
3368 2876 3440 2933 δι’
3474 2879 3657 2954 ἀρετῆς
3689 2885 3820 2954 πρὸς

2217 2975 2312 3028 την
2333 2971 2580 3042 ὁμοίωσιν
2611 2968 2888 3043 ἁνατρίχει
2919 2978 3011 3022 τοῦ
3040 2976 3347 3031 κτίσαντος.

449 3053 648 3110 carnis
675 3054 993 3111 affectibus
1025 3055 1459 3124 succumbens,
1492 3073 1669 3114 suam
1689 3059 1881 3130 ipsius
1921 3059 2158 3115 amittat
2184 3059 2699 3132 pulchritudinem
2725 3077 2738 3124 ;
2773 3065 2830 3114 et
2861 3075 3070 3114 rursus
3099 3075 3370 3131 quonam
3394 3064 3574 3132 pacto
3607 3073 3825 3132 expur-

449 3148 593 3214 gata
615 3144 739 3200 vitii
767 3145 1161 3218 turpitudine,
1197 3161 1305 3218 per
1327 3146 1603 3202 virtutem
1635 3152 1972 3204 revertatur
1997 3149 2077 3204 ad
2100 3148 2438 3206 Conditoris
2465 3148 2940 3204 similitudinem.

519 3238 574 3290 8.
615 3237 942 3308 Postquam
990 3236 1264 3291 animam
1319 3235 1666 3308 speculatus
1724 3254 1809 3304 es,
1862 3238 2104 3294 attende
2137 3241 2177 3295 C

447 3324 651 3395 etiam,
677 3325 728 3380 si
752 3325 862 3381 tibi
887 3325 1206 3394 videbitur,
1239 3325 1318 3382 ad
1339 3327 1609 3398 corporis
1635 3333 2018 3399 structuram,
2053 3333 2108 3385 et

447 3413 752 3470 admirare
771 3414 1084 3486 quomodo
1131 3415 1334 3486 ipsum
1355 3414 1644 3472 idoneum
1666 3433 1737 3472 ac
1761 3418 1982 3474 decens
2005 3417 2110 3474 do-

447 3501 744 3558 micilium
776 3503 994 3559 animae
1033 3503 1315 3560 rationali
1348 3505 1687 3562 condiderit
1717 3506 1929 3562 artifex
1954 3507 2108 3579 opti-

446 3607 605 3647 mus.
637 3591 828 3648 Finxit
854 3592 1167 3649 hominem
1191 3592 1387 3649 solum
1420 3610 1492 3649 ex
1520 3595 1805 3650 omnibus
1829 3597 2107 3652 animan-

447 3681 610 3738 tibus
656 3686 856 3739 erecta
896 3681 1068 3748 facie,
1105 3687 1171 3739 ut
1204 3698 1276 3739 ex
1310 3682 1444 3756 ipsa
1488 3683 1687 3754 ﬁgura
1719 3685 1876 3741 scias
1917 3686 2106 3742 vitam

448 3774 617 3830 tuam
647 3788 679 3829 e
711 3788 978 3846 superno
1007 3789 1229 3845 genere
1259 3774 1424 3830 oriri.
1455 3778 1600 3830 Nam
1630 3775 2105 3848 quadrupedum

447 3875 640 3931 genus
691 3877 874 3919 omne
901 3861 1144 3934 respicit
1174 3867 1418 3933 terram,
1451 3869 1506 3919 et
1531 3865 1592 3919 in
1622 3869 1891 3920 ventrem
1945 3863 2110 3921 incli-

445 3957 628 4009 natur
650 3969 663 4007 :
688 3951 921 4008 homini
940 3965 1084 4007 vero
1103 3955 1268 4023 patet
1285 3951 1364 4008 ad
1385 3952 1603 4008 coelum
1626 3958 1924 4026 aspectus,
1948 3959 2014 4011 ut
2033 3970 2108 4010 ne

444 4040 1208 4113 indulgeatventri,neque
1225 4042 1517 4106 venereis,
1543 4043 1957 4116 sedimpetum
1979 4060 2109 4100 om-

445 4148 589 4188 nem
610 4131 691 4186 ad
716 4145 1050 4202 supernum
1071 4131 1184 4186 iter
1200 4130 1441 4201 dirigat.
1467 4132 1555 4187 Ad
1576 4133 1704 4188 haec
1726 4134 1922 4206 posito
1943 4133 2005 4189 in
2027 4133 2107 4190 al-

447 4221 680 4277 tissimo
707 4219 842 4275 loco
873 4220 1087 4292 capite,
1111 4221 1454 4293 praecipuos
1484 4222 1544 4278 in
1571 4239 1642 4278 eo
1675 4239 1888 4279 sensus
1925 4223 2105 4280 collo—

447 4311 622 4367 cavit.
652 4309 755 4365 Hic
777 4308 964 4380 visus,
989 4309 1254 4374 auditus,
1286 4316 1520 4380 gustus,
1543 4311 1858 4379 odoratus,
1887 4329 2103 4368 omnes

443 4399 611 4456 haud
627 4399 887 4472 procula
903 4417 964 4456 se
987 4400 1244 4456 invicem
1267 4400 1471 4456 sedem
1496 4402 1861 4460 obtinentes.
1887 4406 1950 4458 Et
1970 4403 2106 4459 licet

445 4489 560 4545 sint
581 4489 644 4544 in
673 4488 876 4545 locum
899 4489 1054 4546 adeo
1075 4489 1361 4560 exiguum
1378 4492 1685 4556 coarctati,
1704 4492 1902 4548 nullus
1921 4491 2100 4548 vicini

444 4579 745 4635 actionem
766 4579 1036 4652 impedit.
1059 4579 1486 4652 Oculiquidem
1507 4588 2102 4654 occuparuntspecu-

438 4667 564 4724 lam
589 4669 970 4738 altissimam,
1001 4673 1065 4726 ut
1094 4669 1262 4726 nulla
1291 4671 1560 4743 corporis
1586 4686 1728 4743 pars
1759 4671 1908 4744 ipsis
1941 4678 2102 4729 tene—

436 4758 580 4816 kras
593 4759 1118 4821 obducat.sedsub
1131 4759 1349 4830 exigua
1361 4761 1632 4832 quadam
1647 4762 2102 4833 superciliorum

435 4850 783 4924 projectura
807 4849 1173 4917 desidentes,
1208 4865 1239 4906 e
1263 4849 1558 4922 superiori
1603 4863 1676 4907 ac
1718 4851 2102 4910 eminentiori

510 5063 623 5135 (5'2)
666 5065 890 5120 Omnes
949 5062 1087 5119 libri
1123 5066 1371 5135 _veteres
1417 5069 1545 5120 tum
1561 5065 1748 5120 nostri
1771 5068 1897 5122 tum
1930 5068 2099 5122 Com-

434 5132 758 5205 beﬁsi'aini,
788 5144 959 5210 μικρῷ
985 5156 1086 5188 τινι
1109 5132 1385 5211 διακόσμῳ
1404 5135 1552 5211 Edlli
1581 5146 1752 5211 μικρῷ
1771 5157 1870 5211 τινι
1894 5143 2094 5211 κόσμῳ,

437 5213 727 5279 tanquam
761 5211 822 5262 in
844 5208 1033 5276 parvo
1055 5208 1312 5279 quodam
1342 5209 1586 5262 mundo.
1606 5208 1752 5264 MOX.
1790 5208 1913 5264 duo
1945 5208 2093 5266 mss.

435 5277 591 5331 ἐννόέι
620 5278 1021 5350 τόν.5ι1ὶ)ίι1όθ
1067 5277 1212 5334 éditi
1267 5279 1315 5330 ἐν
1351 5283 1510 5350 τόπῳ.
1558 5285 1628 5335 At
1679 5281 1897 5336 vocula
1937 5279 1983 5331 ἐν
2033 5283 2094 5338 in

433 5367 595 5438 mss.
617 5349 820 5406 multis
845 5350 1035 5407 deest.
1068 5351 1170 5407 Hic
1192 5350 1438 5408 additur
1465 5349 1527 5406 in
1573 5351 1777 5408 codice
1821 5352 2089 5410 Combef.

435 5440 466 5482 η
495 5441 694 5494 χρονῳ·

495 5443 788 5569 ἰίὲἕῖῗίθε,
819 5492 1131 5569 primus_év
1160 5498 1303 5569 τόπῳ
1329 5498 1359 5554 ἤ
1391 5499 1566 5569 χρόνῳ
1597 5500 1813 5567 γίνεται.
1875 5497 2086 5554 Statim

431 5562 555 5622 duo
582 5562 869 5624 ωιεζίπέὶ
898 5568 988 5619 καὶ
1013 5565 1168 5626 αὐτή.

2289 3242 2340 3294 8.
2372 3243 2632 3312 Πρόσεχε,
2665 3241 2706 3290 εἰ
2739 3235 2885 3290 δοκεῖ
2914 3258 3018 3308 σοι,
3047 3241 3178 3310 μετὰ
3199 3243 3292 3296 την
3322 3248 3416 3302 τῆς
3462 3239 3648 3311 ψυχῆς
3698 3241 3823 3292 θεω-

2216 3333 2350 3402 ρίαν,
2376 3332 2464 3380 καὶ
2505 3337 2567 3399 τῇ
2614 3336 2704 3380 τοῦ
2756 3333 2996 3400 σώματος
3039 3337 3358 3401 κατασκευῇ,
3410 3333 3499 3380 καὶ
3551 3331 3822 3400 θαύμασον

2217 3419 2354 3479 ὅπως
2384 3421 2576 3491 πρέπον
2607 3417 2732 3469 αὐτὸ
2760 3424 3082 3488 καταγώγιον
3209 3417 3387 3489 λογικῆ
3431 3417 3584 3490 ψυχῇ
3631 3420 3655 3469 ό
3700 3421 3818 3490 αρι-

2217 3511 2505 3578 στοτέχνης
2535 3508 2642 3578 (55κ
2694 3504 3132 3580 ἐδημιούργησεν.
3177 3507 3388 3581 Ὀρθιον
3437 3507 3627 3560 ἔπλασε
3665 3512 3820 3578 μόνον

2214 3605 2314 3650 τῶν
2374 3601 2514 3659 ζώων
2553 3601 2639 3648 τόν
2685 3598 2970 3669 ἄνθρωπον,
3022 3597 3083 3648 ἶν’
3123 3597 3176 3659 ἐξ
3206 3599 3367 3649 αὑτοῦ
3407 3605 3496 3649 τοῦ
3538 3603 3821 3670 σχήματος

2215 3683 2381 3758 εἰδῇς,
2417 3689 2495 3738 ὅτι
2525 3684 2581 3738 ἐκ
2629 3694 2722 3748 τῆς
2771 3688 2960 3738 ἄνωθεν
2994 3691 3292 3758 συγγενείας
3341 3685 3479 3738 ἐστὶν
3503 3688 3531 3744 ἠ
3570 3691 3675 3749 ζωή
3703 3705 3819 3742 σου.

2215 3779 2292 3829 Τὰ
2348 3779 2438 3848 μὲν
2494 3779 2594 3848 γὰρ
2645 3771 2945 3848 τετράποδα
2992 3778 3160 3828 πάντα
3209 3780 3337 3850 1:96;
3401 3781 3494 3832 την
3551 3784 3648 3846 γῆν
3696 3774 3822 3847 βλέ-

2218 3885 2321 3933 πει,
2374 3871 2463 3917 καὶ
2514 3869 2642 3938 πρὸς
2693 3871 2785 3922 τὴν
2852 3870 3084 3936 γαστέρα
3150 3870 3393 3918 νένευκεν·
3454 3864 3705 3938 ἀνθρώπῳ
3764 3861 3824 3917 δε

2219 3956 2398 4027 ἑτοίμη
2434 3958 2560 4027 πρὸς
2596 3957 2707 4025 (56)
2740 3955 2952 4029 οὐρανόν
2985 3957 3012 4012 η
3050 3954 3351 4024 ἀνάϐλεψις,
3384 3959 3512 4012 ηστε
3557 3959 3628 4026 μὴ
3693 3973 3824 4024 σχο-

2216 4045 2391 4106 λάζειν
2414 4049 2622 4118 γαστρὶ,
2655 4041 2794 4116 μηδὲ
2845 4053 2952 4106 τοῖς
3001 4046 3101 4096 ὑπό
3149 4050 3380 4119 γαστέρα
3422 4047 3661 4110 πάθεσιν,
3713 4042 3824 4095 ἀλλ’

2217 4134 2338 4192 ὅλην
2387 4139 2526 4206 ἔχειν
2571 4139 2663 4192 τὴν
2709 4137 2872 4207 ὁρμήν
2911 4139 3038 4208 πρὸς
3079 4141 3166 4192 την
3195 4137 3298 4186 άνω
3346 4140 3576 4208 πορείαν.
3605 4140 3824 4186 Ἔπειτα

2214 4231 2309 4283 τήν
2356 4224 2577 4296 κεφαλὴν
2627 4223 2706 4276 ἐπὶ
2755 4229 2854 4276 τῶν
2903 4224 3242 4295 ὑψηλοτάτων
3303 4226 3423 4290 θεὶς,
3459 4223 3506 4276 ἐν
3564 4223 3693 4295 αὐτῇ
3729 4226 3822 4286 τὰς

2214 4315 2457 4367 πλείστου
2508 4314 2657 4377 άξίας
2714 4323 2812 4366 τῶν
2870 4315 3167 4372 αἰσθήσεων
3225 4310 3612 4386 καθιδρύσατο.
3686 4314 3823 4365 Ἐκεῖ

2214 4404 2333 4474 ὄψις
2366 4410 2454 4456 καὶ
2480 4403 2630 4470 ακοη,
2666 4410 2755 4456 καὶ
2776 4413 2976 4475 γεῦσις,
3011 4409 3101 4455 καὶ
3130 4408 3408 4478 ὄσφρησις,
3451 4410 3619 4455 πᾶσαι
3662 4401 3821 4474 ἐγγὺς

2215 4493 2442 4552 αλλήλων
2499 4499 2908 4566 κατῳκισμέναι.
2965 4498 3062 4546 Καὶ
3113 4494 3278 4554 οὕτως
3328 4496 3441 4566 περὶ
3481 4491 3664 4566 βραχὺ
3709 4513 3817 4562 χω-

2212 4590 2318 4660 ρίον
2380 4587 2880 4658 στενοχωρούμεναι,
2959 4579 3110 4635 οὐδὲν
3166 4583 3357 4640 ἑκάστη
3431 4578 3817 4654 παρεμποδίζει

2212 4683 2274 4748 τῇ
2349 4673 2571 4746 ἐνεργείᾳ
2629 4683 2724 4734 τῆς
2777 4677 3026 4744 γείτονος.
3094 4671 3380 4744 Ὀφθαλμοί
3441 4675 3531 4743 μέν
3600 4690 3657 4742 γε
3727 4674 3817 4728 τὴν

2213 4764 2547 4836 ὑψηλοτάτην
2594 4767 2813 4816 σκοπιαν
2858 4763 3251 4834 κατειλήφασιν,
3311 4765 3443 4814 ὥστε
3495 4763 3656 4833 μηθέν
3714 4763 3815 4813 αύ-

2211 4854 2323 4917 τοῖς
2387 4862 2486 4908 τῶν
2557 4863 2648 4906 τοῦ
2716 4860 2957 4926 σώματος
3027 4856 3222 4926 μορίων
3279 4850 3630 4926 ἐπιπροσθείν,
3689 4849 3816 4902 ἀλλά

2284 5068 2394 5137 (54)
2427 5067 2592 5143 Coll).
2625 5067 2832 5143 tertius
2852 5067 3162 5143 γνωρίζεται
3197 5071 3381 5143 μόνωῄν·
3491 5138 3537 5143 __

2438 5121 2911 5215 _p‘ri—r'nus'o
2943 5121 3159 5215 άριῖστος
3191 5121 3458 5215 τεχνίτης.
3489 5138 3617 5191 Mox
3673 5132 3812 5215 editi

2208 5214 2382 5286 ὄρθιον
2405 5209 2919 5286 az_.__Se_d'voculam
2947 5209 3003 5262 σε
3030 5209 3167 5286 inde
3190 5209 3562 5286 sustulimus,
3588 5209 3812 5280 quippe

2205 5279 2342 5356 quae
2370 5283 2429 5338 in
2457 5283 2623 5356 libris
2657 5282 3110 5356 veteribus‘non
3144 5279 3506 5356 inveniatur.

2271 5357 2387 5425 (356)
2443 5354 2606 5410 Colb.
2671 5353 2900 5425 primus
2960 5351 3211 5425 ἀνθρώπῳ
3261 5349 3317 5405 δὲ
3347 5353 3465 5425 οἷνω-
3509 5354 3654 5425 πρὸς.
3692 5347 3806 5425 Ali-

2198 5422 2428 5550 qp‘anto
2459 5432 2590 5512 post
2614 5422 2689 5480 in‘
2707 5425 2895 5481 tribus
2936 5422 3078 5480 mss.
3133 5422 3412 5496 corrupte
3452 5422 3668 5493 legitur
3716 5423 3806 5480 τὰς

2198 5518 2234 5550 π
2269 5516 2474 5550 ειστους
2504 5513 2671 5550 αζιας.

2194 5495 2476 5557 π’λείστους
2504 5495 2671 5562 ἀξίας,
