4124 6392
543 311 648 374 219

1894 319 1950 374 S.
2006 312 2255 373 BASILII
2303 315 2546 373 MAGNI.
3793 321 3894 376 220

539 442 655 498 hac
683 441 874 498 animi
896 441 1251 511 aegritudine
1279 441 1590 506 laborans,
1621 443 2042 500 excusationes
2065 455 2194 496 cau-

2311 438 2631 514 ἀρῥωστῶν,
2689 440 3068 514 προφασίζεται
3112 442 3253 510 (64)
3308 458 3594 513 προφασεις
3651 439 3699 493 ἐν
3743 441 3901 516 ἁμαρ-

539 536 704 587 setur
731 531 794 587 in
824 532 1086 605 peccatis
1111 534 1177 600 ¹⁶,
1200 549 1270 588 ac
1301 538 1546 605 propter
1577 551 1750 590 suam
1781 535 1842 588 in
1873 533 2200 589 observan-

537 620 632 677 dis
673 623 988 693 praaceptis
1019 621 1474 692 negligentiam,
1524 623 1931 694 legislatorem
1974 622 2200 694 ipsum,

538 715 834 784 tanquam
861 712 966 784 qui
994 728 1130 784 quas
1159 713 1287 768 ﬁeri
1320 729 1439 767 non
1463 718 1716 785 possunt
1748 713 2202 783 sanciat,repre-

538 800 820 857 hensioni
845 802 1182 857 obnoxium
1207 801 1462 858 reddere
1493 808 1765 859 conetur.
1793 806 1994 874 quue
2020 801 2198 856 dicit:

542 891 651 957 Qui
680 891 808 947 ﬁeri
849 896 1065 964 potest,
1114 896 1179 947 ut
1222 907 1460 964 semper
1490 893 1816 962 gaudeam,
1847 908 1984 946 cum
2011 891 2072 946 in
2105 906 2202 945 me

540 980 746 1052 gaudii
768 997 969 1037 causa;
989 997 1113 1036 non
1136 980 1254 1037 sint
1284 981 1443 1037 sitae?
1463 983 1759 1038 Nimirum
1782 998 1918 1055 quae
1941 979 2201 1037 latitiam

540 1075 770 1140 creant,
821 1069 901 1126 ab
949 1070 1208 1126 externis
1247 1076 1554 1143 petuntur,
1604 1087 1716 1128 nec
1764 1075 1905 1126 sunt
1933 1071 1994 1126 in
2022 1068 2202 1125 nobis

485 1178 487 1180 ·
539 1159 774 1232 posita:
807 1159 985 1216 amici
1015 1160 1334 1222 adventus,
1367 1160 1653 1216 diuturna
1683 1177 1821 1216 cum
1845 1157 2200 1232 parentibus

539 1250 908 1318 congressio,
931 1265 1077 1322 opes
1103 1249 1378 1321 inventae,
1405 1249 1586 1306 delati
1609 1250 1687 1306 ab
1717 1249 2066 1306 hominibus
2088 1249 2198 1304 ho-

537 1339 969 1406 nores,reditus
999 1355 1072 1394 ex
1094 1338 1348 1394 molesta
1368 1340 1729 1409 aegritudine
1751 1339 1831 1395 ad
1854 1339 2197 1406 sanitatem,

535 1427 773 1500 reliqua
791 1428 926 1483 vitae
948 1427 1218 1494 felicitas;
1241 1429 1461 1485 domus
1481 1429 1758 1484 omnium
1781 1429 2084 1484 bonorum
2104 1442 2200 1484 co-

537 1517 640 1589 pia
663 1516 1009 1584 abundans,
1030 1517 1372 1572 exuberans
1397 1517 1846 1588 mensa,idonei
1866 1517 2081 1574 laetitiae
2103 1531 2198 1571 so-

536 1605 633 1672 cii,
660 1621 752 1661 res
771 1605 986 1662 auditu
1006 1611 1064 1661 et
1084 1606 1213 1661 visu
1229 1606 1540 1676 jucunda,
1565 1623 1777 1662 eorum
1799 1608 1905 1679 qui
1927 1621 2198 1662 mamma

534 1694 857 1752 nobiscum
889 1695 1338 1752 necessitudine
1361 1697 1555 1767 juncti
1583 1702 1724 1753 sunt
1746 1697 2000 1762 sanitas,
2023 1702 2196 1752 caete-

2310 533 2470 594 τίαις,
2540 533 2594 592 ὃς
2653 527 2747 583 διὰ
2812 534 2867 583 τὸ
2925 533 3040 605 περὶ
3104 534 3198 588 τὴν
3254 535 3480 602 τήρησιν
3539 539 3641 582 τῶν
3697 528 3901 584 ἐντολῶν

2309 618 2526 693 ὀκνηρὸν
2570 629 2641 690 τῷ
2697 622 2945 694 νομοθέτῃ
3001 624 3320 695 περιτρέπειν
3376 622 3470 683 τὰς
3526 619 3747 694 μέμψεις
3802 619 3905 673 ἐπι-

2309 717 2500 782 χειρεῖ,
2529 713 2600 772 ὡς
2630 707 2866 763 ἀδύνατα
2897 707 3205 785 διορίζοντι.
3255 715 3355 763 Καί
3385 729 3536 783 φησι·
3580 717 3696 772 Πῶς
3743 707 3904 763 δυνα-

2309 803 2396 851 τόν
2443 819 2534 872 μοι
2575 802 2794 853 πάντοτε
2840 804 3068 873 χαίρειν,
3113 808 3213 851 τῶν
3267 800 3445 852 αἰτιῶν
3474 808 3568 862 τῆς
3612 805 3786 874 χαρᾶς
3815 799 3904 852 ούκ

2310 885 2387 939 ἐπ’
2414 887 2530 961 ἐμοὶ
2579 894 2860 962 κειμένωνς
2915 889 3136 953 Ἐξωθεν
3181 891 3283 964 γάρ
3334 888 3446 942 ἐστι
3488 891 3555 941 τὰ
3593 893 3698 948 (85)
3748 908 3904 948 ποιη-

2309 981 2432 1029 τικὰ
2473 985 2565 1031 τοῦ
2606 985 2836 1052 χαίρειν,
2881 985 2972 1032 καὶ
3015 980 3110 1032 οὐκ
3153 977 3200 1030 ἐν
3241 981 3365 1052 ἡμῖν
3397 976 3728 1052 ἀποκείμενα⁹
3761 978 3902 1051 φίλου

2307 1072 2593 1141 παρουσία,
2624 1067 2811 1141 γονέων
2858 1073 3050 1143 χρονία
3094 1074 3378 1140 συντυχία,
3429 1070 3722 1141 χρημάτων
3762 1069 3904 1140 εὑρί-

2311 1175 2438 1227 σεις,
2498 1163 2651 1232 τιμαὶ
2711 1161 2856 1231 παρά
2918 1167 3018 1211 τῶν
3083 1157 3388 1232 ἀνθρώπων,
3431 1161 3562 1230 πρὸς
3617 1158 3792 1227 ὑγείαν
3853 1155 3906 1209 ἐκ

2306 1245 2544 1318 χαλεπῆς
2576 1247 2871 1322 ἀρῥωστίας
2897 1247 3346 1313 ἀποκατάστασις,
3380 1249 3410 1305 ἠ
3452 1247 3604 1305 λοιπὴ
3654 1252 3746 1298 τοῦ
3786 1244 3905 1318 βίον

2307 1335 2556 1408 εύημερία
2591 1357 2604 1372 ·
2673 1334 2812 1401 οἶκος
2875 1338 3100 1396 εύθηνῶν
3182 1334 3277 1390 διὰ
3335 1338 3540 1388 πάντων
3574 1378 3587 1402 ,
3673 1333 3908 1407 τράπεζα

2305 1424 2614 1493 πλήθουσα,
2664 1432 2900 1480 κοινωνοὶ
2956 1436 3052 1490 τῆς
3105 1427 3426 1500 εὐφροσύνης
3481 1427 3530 1479 οἱ
3586 1421 3904 1492 ἐπιτήδειοι,

2307 1511 2618 1588 ἀκούσματα
2646 1523 2737 1569 καὶ
2793 1519 3024 1590 θεάματα
3079 1513 3274 1575 ἡδονὴν
3329 1519 3565 1588 φίροντα,
3616 1514 3764 1587 ὑγεία
3808 1521 3906 1565 τῶν

2306 1603 2672 1673 οἰκειοτάτων,
2718 1610 2806 1658 καὶ
2861 1609 2890 1664 ἡ
2955 1605 3110 1664 λοιπὴ
3163 1605 3339 1666 αὐτοῖς
3382 1611 3473 1657 τοῦ
3535 1602 3656 1676 βίου
3711 1602 3902 1675 εὗροια.

2307 1697 2538 1768 Λυπηρὰ
2592 1698 2690 1770 γὰρ
2744 1696 2802 1748 ού
2850 1686 2916 1748 τὰ
2972 1699 3097 1769 ἡμῖν
3150 1699 3548 1770 προσπίπτοντα
3608 1697 3760 1767 μόνον
3809 1701 3907 1745 τῶν

535 1801 748 1858 raque,
767 1801 904 1858 quin
926 1785 1188 1842 faustam
1211 1802 1281 1841 ac
1298 1786 1540 1842 beatam
1563 1786 1714 1858 ipsis
1733 1787 1921 1842 vitam
1942 1785 2194 1842 reddere

2307 1782 2566 1855 ἀλγεινῶν,
2619 1783 2748 1837 ἀλλά
2797 1791 2888 1838 καὶ
2939 1789 3004 1838 τὰ
3061 1785 3239 1858 φίλους
3283 1789 3373 1837 καὶ
3419 1791 3678 1855 συγγενεῖς
3732 1781 3908 1834 ἀνιῶν-

537 1879 817 1947 possunt.
843 1878 1041 1946 Neque
1068 1875 1226 1930 enim
1258 1875 1528 1931 molesta:
1551 1881 1693 1931 sunt
1717 1875 1916 1932 solum
1936 1891 2073 1948 quae
2095 1891 2198 1930 no-

540 1963 635 2018 bis
658 1962 940 2018 accidunt
958 1964 1374 2034 aerumnae,sed
1399 1980 1483 2020 eae
1514 1965 1695 2020 etiam
1716 1980 1853 2036 qua:
1876 1964 2104 2020 amicos
2126 1979 2198 2019 ac

539 2053 922 2125 propinquos
955 2053 1188 2110 tristitia
1209 2054 1502 2109 afﬁciunt.
1528 2056 1721 2120 Quare
1747 2054 1925 2110 fuerit
1953 2069 2198 2109 necesse

539 2143 831 2213 gaudium
853 2147 909 2198 et
924 2143 1143 2198 animae
1165 2143 1526 2200 hilaritatem
1550 2159 1624 2200 ex
1644 2144 1735 2199 his
1750 2144 2037 2200 omnibus
2058 2158 2199 2199 con-

537 2231 691 2287 ﬂari.
719 2235 1128 2304 Praetereaque
1159 2233 1206 2287 si
1236 2233 1490 2304 quando
1520 2233 1833 2303 contingat
1853 2233 2054 2288 videre
2084 2232 2194 2288 ini-

536 2320 836 2377 micorum
884 2322 1144 2388 ruinam,
1173 2321 1388 2395 plagas
1417 2323 1866 2391 insidiatorum,
1906 2339 2196 2395 repensas

536 2409 826 2466 beneﬁcis
853 2411 1036 2476 vices,
1064 2416 1121 2467 et
1149 2412 1210 2467 in
1242 2429 1504 2475 summa,
1534 2412 1584 2468 si
1613 2412 1780 2468 nulla
1814 2412 2065 2468 omnino
2095 2411 2199 2468 ad-

539 2499 726 2554 sitaut
743 2505 1121 2570 exspectetur
1141 2500 1580 2573 molestia.quaa
1601 2507 1873 2557 nostram
1893 2501 2199 2574 perturbet

536 2587 740 2659 vitam,
766 2588 846 2644 ita
867 2589 1115 2644 demum
1137 2589 1342 2645 anima
1364 2591 1630 2660 gaudere
1652 2607 1723 2646 ac
1751 2590 1939 2646 laetari
1959 2592 2195 2662 poterit.

539 2677 857 2742 Quomodo
887 2694 1032 2747 ergo
1053 2679 1263 2734 datum
1296 2679 1474 2735 nobis
1505 2684 1598 2736 est
1626 2679 2198 2753 prteceptum,quod

537 2765 850 2822 voluntate
879 2783 1006 2822 non
1038 2769 1365 2839 peragitur,
1399 2769 1509 2824 sed
1541 2786 1610 2825 ex
1638 2769 1772 2826 aliis
1804 2770 2004 2826 causis
2032 2771 2199 2842 prius

538 2855 893 2911 memoratis
911 2856 1242 2929 dependet?
1264 2860 1787 2931 Rursus,quanam
1803 2858 2031 2915 ratione
2053 2858 2198 2914 assi-

538 2943 658 2999 due
679 2944 995 3016 precabor,
1020 2946 1483 3004 necessitatibus
1511 2949 1779 3020 corporis
1805 2947 2197 3018 attentionem

536 3034 725 3089 animi
745 3033 825 3088 ad
855 3049 917 3089 se
945 3036 1288 3092 necessario
1309 3037 1731 3105 avocantibus,
1756 3053 1894 3093 cum
1917 3037 2047 3092 ﬁeri
2075 3052 2200 3093 non

535 3122 731 3195 possit
760 3128 823 3179 ut
841 3140 1016 3180 mens
1045 3125 1106 3180 in
1132 3125 1286 3181 duas
1309 3126 1488 3182 simul
1514 3143 1693 3184 curas
1708 3127 2080 3184 distrahatur
2098 3127 2126 3182 ?

607 3214 664 3265 2.
687 3212 866 3284 Atqui
891 3213 952 3268 in
983 3213 1272 3270 omnibus
1301 3215 1668 3287 imperatum
1699 3216 1848 3272 mihi
1891 3221 1982 3272 est
2017 3231 2199 3284 agere

534 3299 782 3369 gratias.
812 3306 1082 3372 Agamne
1123 3303 1350 3371 gratias
1383 3305 1698 3360 tormentis
1739 3305 2045 3371 admotus,
2069 3319 2200 3376 per-

535 3401 775 3456 cussus,
802 3389 864 3443 in
893 3393 1027 3444 rota
1057 3389 1374 3462 distentus,
1397 3392 1589 3448 oculis
1614 3391 1851 3448 effossis
1870 3395 1897 3449 ?
1920 3397 2012 3448 An
2039 3391 2199 3464 turpi

535 3475 722 3549 plaga
751 3476 830 3533 ab
863 3493 940 3534 eo
971 3478 1076 3551 qui
1117 3479 1334 3549 oderit,
1366 3487 1636 3554 accepta,
1669 3487 1870 3552 grates
1909 3481 2199 3538 habebo?

536 3581 615 3622 an
644 3565 863 3636 frigore
892 3569 1196 3636 astrictus,
1243 3569 1404 3626 fame
1452 3572 1839 3643 praefocatus,
1872 3572 2107 3628 vinctus
2135 3572 2197 3627 in

536 3656 818 3728 equuleo,
870 3657 1071 3714 liberis
1124 3659 1326 3716 subito
1381 3660 1651 3732 orbatus,
1710 3667 1815 3718 aut
1854 3663 2035 3718 etiam
2065 3663 2199 3734 ipsa

533 3760 720 3802 uxore
746 3747 1043 3819 spoliatus
1060 3749 1087 3805 ?
1107 3765 1185 3804 an
1208 3749 1511 3807 bonorum
1534 3754 1712 3823 copia
1732 3769 1981 3808 eversus
2009 3752 2089 3808 ob
2110 3768 2197 3807 re-

534 3836 848 3906 pentinum
862 3837 1282 3907 naufragium?
1304 3840 1420 3911 26
1436 3841 1714 3914 nunquid
1736 3841 1781 3896 si
1796 3841 1948 3897 mari
1967 3841 2026 3896 in
2040 3841 2197 3913 pira-

536 3928 648 3992 tas,
681 3924 776 3980 vel
801 3925 850 3980 si
879 3931 1038 3981 terra
1065 3925 1382 3984 inciderim
1405 3929 1466 3984 in
1494 3929 1801 3985 latrones?
1823 3946 1970 3985 num
1993 3929 2198 3986 vulne-

533 4017 720 4084 ratus,
753 4015 1060 4086 appetitus
1081 4016 1420 4082 calumniis,
1443 4019 1939 4088 vagabundus,in
1957 4033 2198 4075 carcere

533 4100 836 4158 inclusus?
864 4103 1003 4159 Haec
1031 4110 1086 4160 et
1115 4106 1315 4161 adhuc
1345 4107 1438 4162 his
1460 4107 1658 4180 plura,
1684 4108 2090 4179 legislatorem
2111 4109 2199 4164 in-

535 4189 914 4260 simulantes,
947 4193 1256 4264 colligunt,
1287 4212 1360 4252 ac
1383 4213 1494 4253 sua
1515 4197 1788 4269 ipsorum
1819 4203 2070 4271 peccata
2099 4214 2196 4256 ex-

534 4296 745 4336 cusare
777 4288 1009 4353 putant,
1042 4284 1188 4340 dum
1217 4284 1362 4342 data
1392 4286 1572 4342 nobis
1600 4295 1926 4361 praecepta,
1945 4288 2196 4360 perinde

534 4385 606 4427 ac
636 4369 686 4425 si
714 4371 950 4443 impleri
975 4381 1298 4447 nequeant,
1329 4376 1797 4433 calumniantur.
1833 4377 1987 4444 Quid
2017 4378 2196 4452 igitur

533 4458 836 4553 dicemus?
857 4462 1171 4532 Nimirum,
1201 4465 1367 4537 quod
1389 4465 1526 4522 licet
1553 4466 1669 4523 alio
1699 4472 1923 4540 spectet
1941 4472 2194 4541 Aposto-
2228 4501 2272 4553 υ

530 4547 647 4618 lus,
677 4555 1052 4624 coneturque
1081 4569 1113 4609 e
1143 4554 1376 4610 terrain
1407 4555 1665 4612 sublime
1681 4556 1936 4612 evehere
1957 4558 2194 4614 animas

531 4643 794 4710 nostras,
832 4645 1012 4712 atque
1033 4641 1108 4697 ad
1143 4642 1446 4698 ccelestem
1476 4644 1813 4717 quamdam
1841 4647 2081 4702 vivendi
2103 4662 2196 4704 ra-

529 4727 758 4785 tionem
783 4745 896 4785 nos
919 4730 1260 4788 transferre:
1291 4737 1492 4788 tamen
1515 4733 1611 4790 isti
1631 4734 1820 4791 altum
1838 4735 2196 4807 legislatoris

533 4832 782 4874 sensum
804 4834 928 4875 non
949 4820 1229 4888 assecuti,
1261 4821 1368 4877 sed
1401 4821 1560 4878 circa
1586 4826 1810 4880 terram
1839 4831 1897 4880 et
1924 4841 2192 4897 carnem,

531 4911 598 4963 ut
625 4924 860 4965 vermes
888 4910 951 4965 in
981 4926 1175 4976 cceno,
1219 4911 1304 4968 ita
1340 4911 1402 4966 in
1449 4914 1718 4985 corporis
1763 4915 2193 4987 cupiditatibus

529 4996 803 5066 volutati,
830 4998 1145 5073 possintne
1176 5001 1512 5074 apostolica
1545 5003 1841 5063 mandata
1867 5005 2195 5062 conﬁciin-

608 5177 654 5216 ¹⁶
694 5175 857 5236 Psal.
891 5194 1020 5250 cn,
1049 5182 1104 5236 4.

605 5357 717 5426 (64)
760 5358 1010 5434 ῖΥϐίθΐϐε
1066 5357 1338 5432 quinque
1393 5357 1530 5416 libri
1585 5361 1985 5434 προφασίζεται.
2046 5361 2196 5420 Εάἱιί

532 5428 950 5500 προφασίζηται.

605 5500 720 5579 (Q5)
771 5502 914 5579 Reg.
960 5500 1198 5579 primus
1245 5500 1465 5566 Ἐξωθεν
1494 5505 1616 5579 ,γάρ
1666 5503 1768 5579 εἰσι
1813 5505 1898 5560 τά.
1939 5507 2066 5579 Nec
2112 5505 2194 5579 ita

536 5570 727 5651 multo
756 5577 893 5651 post
939 5570 1089 5651 duo.
1113 5570 1604 5651 mss.__xpnpdr'm§
1650 5576 1871 5651 ripae-lg.
1901 5576 2193 5651 Subinde

533 5643 677 5716 Reg.
709 5642 944 5718 primus
967 5646 1028 5702 et
1050 5643 1218 5702 Colb.
1249 5642 1456 5703 itidem
1483 5642 1719 5722 τράπεζά
1741 5647 1841 5707 πλη
1851 5649 2098 5704 θύνουσα.

2305 1891 2390 1926 τα.
2431 1872 2591 1926 Ὥστε
2632 1873 2686 1926 ἐκ
2728 1879 2932 1927 πάντων
2979 1878 3172 1928 τούτων
3222 1874 3419 1945 ἀνάγκη
3471 1872 3813 1946 ἀθροίζεσθαι
3851 1875 3908 1924 τὸ

2304 1966 2589 2038 περιχαρες
2636 1969 2726 2016 καὶ
2779 1967 3010 2037 εῶθυμον
3066 1974 3162 2026 τῆς
3207 1964 3416 2036 ψυχῆς.
3468 1966 3570 2015 Καὶ
3612 1964 3740 2035 πρὸς
3795 1961 3910 2012 τοῦ-

2305 2070 2435 2117 τοις,
2488 2055 2608 2104 ὅταν
2665 2055 2789 2128 ὁρᾲν
2847 2055 3065 2126 ὑπάρχῃ
3118 2052 3322 2127 ἐχθρῶν
3369 2055 3753 2111 καταπτώσεις,
3804 2047 3910 2100 ἐπι-

2307 2138 2501 2193 ϐούλων
2546 2141 2770 2214 πληγὰς,
2823 2141 3097 2216 εὐεργετῶν
3146 2140 3388 2214 ἀμοιϐὰς,
3440 2145 3530 2192 καὶ
3594 2137 3911 2200 ἁπαξαπλῶς

2306 2227 2390 2281 ἐὰν
2433 2236 2564 2303 μήτε
2606 2237 2770 2306 παρόν
2814 2252 2865 2284 τι
2911 2241 3012 2284 τῶν
3070 2227 3360 2294 δυσκόλων,
3415 2235 3542 2302 μήτε
3593 2223 3909 2300 προσδοκὼ-

2305 2340 2453 2393 μενον
2500 2321 2628 2383 ὅλως
2681 2325 2776 2380 τὴν
2826 2321 2964 2382 ζωὴν
3019 2322 3166 2392 ἡμῶν
3223 2319 3574 2392 ἐπιταράσσῃ·
3641 2320 3758 2368 τότε
3810 2311 3909 2368 δυ-

2304 2413 2455 2462 νατὸν
2484 2409 2785 2482 ἐγγίνεσθαι
2824 2419 2886 2483 τῇ
2932 2409 3087 2483 ψυχῇ
3120 2414 3214 2467 την
3243 2411 3438 2483 χαράν.
3490 2413 3607 2467 Πῶς
3630 2401 3718 2457 οὖν
3747 2409 3910 2478 πρόσ-

2305 2517 2483 2571 ταγμα
2511 2503 2636 2572 ἡμῖν
2664 2495 2881 2552 δέδοται
2909 2503 2967 2551 τὸ
3008 2503 3080 2572 μὴ
3127 2497 3182 2550 ἐκ
3230 2500 3580 2571 προαιρέσεως
3626 2495 3909 2568 κατορθού-

2305 2608 2453 2662 μενον
2483 2632 2496 2656 ,
2574 2588 2684 2641 ἀλλ’
2763 2588 3165 2660 ἐπακολούθημα
3243 2587 3424 2662 ἐτέρων
3506 2588 3908 2660 προηγουμένων

2307 2680 2587 2754 ὑπάρχον;
2633 2687 2748 2742 Πῶς
2776 2676 2835 2732 δὲ
2872 2683 2962 2731 καὶ
3005 2675 3353 2740 ἀδιαλείπτως
3399 2675 3780 2750 προσεύξομαι,
3812 2681 3910 2724 τῶν

2306 2776 2398 2821 τοῦ
2459 2775 2698 2841 σώματος
2762 2777 2956 2844 χρειῶν
3028 2766 3320 2840 ἀναγκαίως
3389 2771 3484 2825 τὴν
3555 2767 3747 2817 ἔννοιαν
3817 2770 3912 2822 τῆς

2306 2857 2496 2930 ψυχῆς
2533 2867 2984 2932 περιστρεφουσῶν
3031 2861 3164 2931 πρὸς
3210 2857 3416 2924 ἑαυτὰς,
3464 2851 3726 2908 ἀδυνάτου
3772 2855 3910 2912 ὄντος

2308 2951 2444 3000 κατά
2483 2952 2672 3001 ταυτὸν
2723 2951 2854 3025 πρὸς
2901 2944 2998 3001 δύο
3044 2951 3297 3022 μερίανας
3338 2949 3432 3004 τὴν
3479 2941 3716 2997 διάνοιαν
3752 2959 3913 2994 κατα-

2311 3039 2585 3110 τέμνεσθαι
2606 3054 2620 3106 ;

2380 3221 2434 3272 2.
2471 3215 2624 3269 Ἀλλά
2651 3220 2741 3268 καὶ
2767 3214 2816 3268 ἐν
2845 3219 3002 3268 παντί
3031 3234 3121 3288 μοι
3158 3214 3496 3287 εὐχαριστεῖν
3551 3207 3909 3264 διατέτακται.

2309 3305 2706 3380 Εύχαριστήσω
2737 3305 3156 3378 στρεϐλούμενος,
3189 3303 3536 3376 αἰκιζόμενος,
3583 3299 3668 3354 ἐπὶ
3715 3305 3914 3375 τροχοῦ

2307 3399 2759 3469 κατατεινόμενος,
2818 3398 2941 3457 τοὺς
2999 3393 3294 3467 ὀφθαλμούς
3349 3391 3760 3464 ἐκκοπτόμενος;
3811 3389 3913 3442 Εύ-

2307 3490 2628 3559 χαριστησω
2669 3488 2986 3558 τυπτόμενος
3010 3486 3122 3555 (66)
3155 3487 3244 3541 τήν
3287 3483 3472 3554 ἄτιμον
3521 3479 3725 3551 πληγὴν
3772 3479 3916 3550 παρά

2307 3585 2399 3629 τοῦ
2437 3584 2764 3649 μισούντοςς
2823 3577 3148 3647 πηγνύμενος
3204 3575 3304 3626 ύπό
3356 3580 3448 3624 τοῦ
3500 3570 3730 3646 κρύους,
3780 3568 3914 3640 λιμῷ

2307 3669 2721 3737 καταγχόμενος,
2771 3663 2856 3716 ἐπὶ
2911 3671 3003 3716 τοῦ
3056 3662 3208 3725 ξύλου
3267 3657 3558 3733 δεδεμένος,
3609 3657 3913 3718 ἀτεκνωθεὶς

2308 3753 2528 3827 ἀθρόως,
2559 3753 2588 3811 ἢ
2628 3758 2720 3805 καὶ
2759 3761 2856 3814 τῆς
2908 3756 3155 3824 γυναικὸς
3212 3752 3379 3814 αὐτῆς
3432 3749 3809 3824 ἐστερημένοςς
3860 3745 3913 3797 ἐκ

2305 3848 2568 3914 ναυαγίων
2652 3841 2895 3914 ἐξαίφνης
2962 3839 3187 3894 ἐκπεσὼν
3273 3839 3572 3912 εύπορίας;
3639 3842 3913 3911 πειραταῖς

2307 3935 2444 3985 κατὰ
2501 3931 2806 3997 θάλασσαν,
2885 3930 2915 3989 ἣ
2973 3929 3196 4004 λῃσταῖς
3251 3929 3368 3982 κατ’
3437 3931 3648 4000 ἤπειρον
3704 3945 3916 4000 περιτυ-

2307 4027 2421 4094 χὼν
2467 4023 2615 4086 (67);
2675 4023 2952 4093 τραύματα
3003 4023 3176 4092 ἔχων,
3225 4020 3740 4090 συκοφαντούμενος,
3793 4013 3916 4072 ἀλη-

2306 4115 2484 4178 τεύων,
2528 4113 2587 4162 τὸ
2637 4107 2999 4183 δεσμωτήριον
3044 4109 3235 4176 οἰκῶνς
3285 4115 3465 4161 Ταῦτα
3504 4111 3596 4158 καὶ
3640 4108 3714 4158 ἔτι
3758 4103 3916 4157 πλείω

2306 4204 2521 4267 τούτων,
2581 4207 2989 4274 κατηγοροῦντες
3050 4206 3142 4251 τοῦ
3199 4199 3498 4270 νομοθέτου,
3562 4212 3914 4266 συνειρουσιν,

2307 4289 2588 4361 ἀπολογίαν
2671 4298 2770 4342 τῶν
2863 4289 3214 4362 ἀμαρτμάτων
3302 4287 3508 4348 ἑαυτοῖς
3598 4283 3917 4355 εὐτρεπίζειν

2305 4382 2584 4453 ἡγούμενοι
2639 4382 2734 4436 τὴν
2800 4377 2888 4431 ἐπὶ
2948 4385 3058 4439 τοῖς
3121 4373 3545 4449 διατεταγμένοις
3609 4375 3776 4446 ἡμῖν,
3847 4373 3917 4431 ὡς

2306 4467 2604 4536 ἀδυνάτοις,
2634 4465 2905 4526 διαϐολήν.
2939 4472 3002 4520 Τί
3031 4463 3118 4519 οὖν
3159 4485 3358 4540 papa;
3405 4465 3546 4531 Ὀτι,
3587 4467 3719 4536 πρὸς
3766 4462 3917 4535 ἔτερα

2307 4559 2583 4632 βλέποντος
2633 4566 2725 4610 τοῦ
2780 4556 3132 4624 ’Δποστόλου,
3186 4562 3276 4610 καὶ
3350 4559 3444 4618 τὰς
3507 4553 3694 4626 ψυχὰς
3765 4553 3914 4625 ἡμῶν

2303 4653 2618 4723 πειρωμένου
2685 4649 2921 4720 χαμόθεν
2985 4651 3117 4722 πρὸς
3183 4646 3316 4718 ὕψος
3380 4645 3747 4719 μετεωρίζειν,
3819 4645 3911 4694 καὶ

2304 4736 2388 4791 ἐπὶ
2462 4741 2520 4789 τό
2595 4736 2831 4812 οὐράνιον
2908 4737 3238 4808 μετατιθέναι
3310 4734 3636 4808 πολίτευμα,
3713 4735 3764 4783 οί
3835 4734 3908 4804 μὴ

2303 4827 2655 4900 ἐφικνούμενοι
2719 4833 2816 4888 τῆς
2871 4824 3210 4899 μεγαλονοίας
3256 4832 3347 4877 τοῦ
3413 4824 3730 4896 νομοθέτου,
3792 4824 3912 4895 περὶ

2301 4926 2399 4989 γῆν
2429 4920 2519 4968 καὶ
2562 4917 2782 4988 σάρκας,
2843 4915 2912 4976 ὡς
2967 4919 3086 4987 περὶ
3128 4914 3291 4988 τέλμα
3344 4912 3626 4978 σκώληκες,
3669 4908 3912 4962 ἰλυσπώ-

2303 5024 2448 5079 μενοι
2477 5004 2666 5068 ἐντοῖς
2713 5011 2803 5057 τοῦ
2860 5010 3103 5079 σώματος
3151 5005 3364 5070 πάθεσι,
3418 5006 3477 5056 τὸ
3532 4997 3754 5055 δυνατὸν
3809 5005 3913 5052 τῶν

2375 5363 2492 5434 (66)
2531 5361 2704 5436 Illud,
2758 5363 3138 5436 εύχαριστῂσω
3167 5363 3501 5436 τυπτόμενος,
3552 5355 3912 5436 addidimus

2303 5451 2372 5490 ex
2387 5431 2702 5506 veteribus
2731 5431 2962 5506 septem
2991 5432 3178 5506 libris.
3212 5431 3344 5506 mox
3371 5439 3489 5506 tres
3510 5447 3634 5486 mss
3683 5431 3786 5481 ὑπὸ
3819 5435 3914 5480 τοῦ

2302 5505 2772 5580 κρύουλςεᾼὺρεειι
2801 5504 3091 5580 articulus
3123 5504 3474 5580 avulgatis.

2377 5578 2485 5650 (67)
2527 5579 2760 5632 Veteres
2816 5576 3085 5650 quinque
3137 5575 3281 5650 libri
3322 5580 3531 5650 ἤπειρον
3579 5576 3907 5647 περιτυχών.

2301 5647 2791 5724 Editi'mptmadw,
2816 5647 3287 5706 baud—dissimili
3306 5647 3509 5705 sensu.
