4124 6388
213 365 316 417 221
345 323 351 328 ’

1288 361 1578 419 llOMlLlA
1616 362 1707 416 DE
1746 357 2152 420 GRATIABUM
2192 364 2514 424 ACTIONE.

3486 366 3590 421 222

207 482 570 539 ἀποστολικῶν
640 480 925 548 διατάξεων
993 485 1325 542 ἀπαιτοῦσιν.
1367 485 1425 538 Ὀ
1483 483 1543 539 δὲ
1607 505 1810 558 προκα-

1931 486 2188 558 quirunt.
2207 492 2534 563 Apostolus
2560 496 2758 547 autem
2773 507 2894 546 non
2914 490 3045 560 jam
3059 488 3322 560 amplius
3338 488 3399 544 in
3413 502 3592 544 carne

203 574 373 628 λεῖται
403 576 512 645 (68)
546 575 617 638 εἰς
661 580 720 628 τὸ
750 579 970 630 πάντοτε
1017 583 1224 651 χαίρειν
1273 578 1400 650 οὐχὶ
1431 581 1516 630 τὸν
1555 582 1808 648 τυχόντα,

206 659 337 718 ἆλλά
367 669 453 718 τὸν
501 667 607 728 οἶος
658 666 814 728 αὐτὸς
864 663 944 733 ἦν,
989 667 1162 720 οῦκέτι
1207 668 1307 728 ζῶν
1357 667 1404 720 ἐν
1457 672 1634 740 σαρκὶ,
1686 665 1813 718 ἀλλὰ

207 754 384 816 ζῶντα
421 758 557 828 ἔχων
607 753 655 808 ἒν
699 755 865 826 ἑαυτῷ
911 759 998 808 τὸν
1048 759 1298 829 Χριστὸν,
1346 758 1414 819 ὡς
1461 765 1558 819 τῆς
1594 758 1725 830 πρὸς
1754 758 1812 807 1'6

206 842 495 918 ἀκρότατον
539 853 640 896 τῶν
689 843 898 916 ἀγαθῶν
942 851 1219 919 συναφείας
1267 843 1529 920 μηδαμῶς
1569 851 1664 905 τὴν
1712 843 1812 898 διπό

204 941 310 986 τῶν
380 933 623 1008 ὀχληρῶν
685 942 780 996 τῆς
848 938 1043 1010 σαρκὸς
1105 939 1432 1009 συμπάθειαν
1499 934 1810 1008 δεχομένης·

203 1021 362 1076 Ἀλλὰ
416 1022 512 1076 κᾶν
571 1020 926 1082 διακόπτηται
983 1026 1013 1083 ἡ
1076 1025 1228 1100 σὰρξ,
1280 1028 1311 1084 ἡ
1379 1033 1476 1086 τῆς
1539 1029 1815 1097 συνεχείας

212 1109 458 1175 διάλυσις
543 1111 840 1186 ἐναπομένει
913 1122 986 1184 τῷ
1070 1117 1350 1168 πεπονθότι
1413 1123 1506 1168 τοῦ
1575 1121 1816 1188 σώματος

212 1206 378 1278 μέρει,
442 1209 536 1263 τῆς
603 1199 900 1264 διαδόσεως
958 1211 1051 1256 τοῦ
1115 1203 1396 1268 λυποῦντος
1456 1204 1516 1258 ού
1585 1200 1813 1277 δυναμέ-

211 1312 305 1354 νης
361 1289 677 1346 διικνεῖσθαι
730 1295 862 1365 πρὸς
907 1295 966 1344 τὸ
1015 1297 1188 1368 νοερὸν
1232 1303 1330 1357 τῆς
1372 1294 1578 1366 ψυχῆς.
1614 1293 1672 1346 Εἰ
1712 1296 1814 1366 γὰρ

210 1379 561 1454 ὸεκρὼσαμεν
616 1383 684 1434 τὰ
747 1381 874 1453 μέλη
938 1384 1004 1435 τὰ
1061 1381 1145 1435 ἐπὶ
1206 1391 1302 1446 τῆς
1356 1392 1476 1456 γῆς,
1541 1385 1676 1434 κατὰ
1723 1384 1817 1444 τὰς

211 1470 483 1531 ὑποθήκας
527 1477 620 1522 τοῦ
679 1469 1036 1539 Ἀποστόλου,
1101 1475 1191 1524 καὶ
1255 1476 1350 1531 τὴν
1414 1475 1663 1546 νέκρωσιν
1723 1477 1816 1523 τοῦ

207 1558 384 1617 Ἰησοῦ
433 1557 481 1612 ἐν
529 1567 602 1630 τῷ
662 1565 864 1632 σώματι
919 1566 1278 1635 περιεφέρομεν
1327 1563 1464 1632 (69),
1528 1559 1818 1632 ἀναγκαίως

209 1651 242 1708 ἠ
295 1646 396 1701 ἀπὸ
445 1655 538 1700 τοῦ
585 1653 956 1722 νενεκρωμένου
1009 1656 1249 1722 σώματος
1297 1650 1472 1722 πληγὴ
1537 1655 1668 1724 πρὸς
1722 1655 1816 1709 τήν

211 1735 590 1810 ἀπολελυμένην
636 1746 731 1800 τῆς
782 1742 1060 1810 συναφείας
1106 1739 1265 1792 αὐτοῦ
1312 1739 1492 1812 ψυχήν
1537 1740 1595 1792 ού
1626 1744 1816 1813 χωρή-

213 1846 313 1882 σει.

209 1916 305 1970 ούκ
355 1915 707 1974 ἀναϐήσονται
755 1919 887 1989 πρὸς
932 1920 1018 1969 τὸν
1067 1925 1203 1985 νοῦν,
1249 1915 1372 1973 οὐδὲ
1419 1918 1816 1988 καταστέψουσι

208 2010 268 2060 1'6
316 2005 517 2077 ὑψηλὸν
561 2014 656 2069 τῆς
701 2007 890 2078 ψυχῆς
931 2011 1062 2082 πρὸς
1091 2012 1184 2067 τὴν
1232 2005 1336 2061 ὧδε
1377 2011 1722 2081 συμπάθειαν.
1756 2007 1818 2061 Εἰ

209 2101 300 2172 μὶν
351 2100 453 2172 γὰρ
520 2099 587 2150 τὰ
651 2098 784 2150 αὐτὰ
845 2106 1093 2171 φρονοῦσι
1148 2107 1221 2170 τῷ
1289 2096 1554 2170 σνουδαίῳ
1600 2101 1649 2152 οἱ
1701 2106 1816 2161 ταῖς

211 2184 520 2250 δυσκολίαις
550 2192 932 2260 περιπεσόντες,
989 2187 1047 2239 ού
1095 2187 1381 2262 παρέξουσι
1427 2188 1592 2250 λύπας
1641 2188 1812 2264 ἑτέρῳ,

210 2281 262 2330 οἶ
311 2297 370 2349 γε
421 2273 551 2350 μηδ’
601 2275 752 2329 αὐτοὶ
805 2276 1050 2350 λυπηρῶς
1109 2275 1437 2352 διαφέροντες
1488 2281 1556 2330 τὰ
1614 2283 1817 2350 συμπί-

209 2387 427 2421 πτονταο
480 2367 522 2419 εἰ
575 2363 634 2419 δὲ
681 2369 818 2418 κατὰ
864 2371 1035 2442 σάρκα
1079 2368 1260 2434 ζῶσιν,
1308 2365 1421 2420 οὐδ’
1463 2369 1597 2420 οὕτω
1643 2367 1818 2425 λυπή-

215 2476 401 2511 σουσιν
442 2456 574 2529 (70),
622 2453 726 2507 ἀλλ’
773 2454 974 2508 ἐλεεινοί
1020 2459 1383 2532 κριθήσονται,
1418 2457 1476 2510 ού
1519 2466 1619 2509 τῶν
1666 2477 1818 2529 περι-

215 2547 450 2599 στάσεων
503 2543 713 2618 μᾶλλον,
785 2546 814 2604 ή
879 2553 970 2598 τοῦ
1037 2551 1108 2619 μή
1172 2549 1542 2622 προαιρεῖσθαι
1594 2547 1704 2617 (Ἡ)
1751 2548 1820 2599 τὰ

215 2631 420 2689 δέοντα.
454 2633 621 2696 ’Ὁλως
652 2631 710 2686 δὲ
739 2634 918 2707 ψυχὴ,
952 2637 982 2693 ἠ
1017 2635 1158 2698 ἅπαξ
1186 2633 1542 2710 προσδεθεῖσα
1573 2644 1644 2706 τῷ
1673 2637 1818 2706 πόθῳ

209 2732 303 2777 τοῦ
359 2726 666 2789 Κτίσαντος,
718 2727 809 2775 καὶ
862 2731 970 2786 τοῖς
1029 2723 1134 2776 ἐκεῖ
1195 2723 1433 2776 κάλλεσιν
1495 2724 1814 2797 ἐνειθισμένη

211 2809 612 2888 φαιδρύνεσθαι,
658 2814 717 2864 16
763 2816 1049 2887 περιχαρὲς
1095 2813 1257 2875 αὐτῆς
1304 2819 1395 2866 καὶ
1443 2816 1661 2886 εὔθυμον
1716 2816 1814 2866 ὑπὸ

208 2912 304 2965 τῆς
360 2903 604 2965 ποικίλης
655 2908 1033 2975 μεταπτώσεως
1085 2911 1185 2955 τῶν
1246 2913 1508 2978 σαρκικῶν
1561 2905 1815 2978 παθημά-

207 3011 308 3045 των
339 2991 398 3044 ού
430 2990 723 3064 μεταϐαλεῖ·
769 2989 895 3043 ἀλλὰ
941 2993 1006 3044 τά
1053 2999 1162 3054 τοῖς
1210 2992 1382 3054 ἄλλοις
1420 2993 1630 3066 λυπηρὰ
1654 3013 1816 3068 προσ-

210 3081 375 3138 θήκην
420 3080 741 3154 εὐφροσύνης
786 3085 1085 3139 ποιήσεται.
1139 3077 1259 3143 Οἶος
1309 3079 1370 3140 ἦν
1416 3084 1442 3133 ό
1480 3081 1810 3149 Ἀπόστολος,

207 3166 436 3223 εύδοκῶν
485 3168 534 3224 ἐν
589 3168 890 3237 ἁνθενείαις,
943 3168 990 3222 ἐν
1042 3169 1298 3242 θλίψεσιν,
1351 3169 1400 3223 ἐν
1451 3167 1722 3244 διωγμοῖς,
1766 3171 1814 3224 ἐν
1845 3197 1885 3253 C

209 3257 483 3332 ἀνάγκαις,
518 3264 848 3332 καυχήματα
878 3259 1061 3312 ἑαυτοῦ
1100 3262 1195 3320 τὰς
1244 3256 1444 3322 ἐνδείας
1488 3264 1812 3334 ποιούμενος·

205 3345 256 3401 ἓν
285 3347 421 3420 λιμῷ
469 3353 562 3400 καὶ
611 3344 777 3418 δίψει,
812 3347 860 3400 ἐν
899 3347 1068 3420 ψύχει
1115 3354 1205 3402 καὶ
1247 3355 1555 3422 γυμνότητι,
1590 3349 1636 3402 ἐν
1683 3347 1815 3405 διω-

203 3444 356 3510 γμοῖς
407 3442 496 3489 καὶ
556 3441 933 3512 στενοχωρίαις
978 3439 1112 3507 (72),
1160 3437 1231 3511 ἐφ’
1278 3440 1354 3500 οἷς
1403 3439 1549 3492 οἷλλοι
1589 3436 1818 3494 δυσανα-

206 3534 470 3599 σχετοῦσι
499 3531 588 3578 καὶ
627 3530 759 3600 πρὸς
801 3531 888 3579 τὸν
939 3525 1052 3599 βίον
1102 3525 1538 3602 ἀπαγορεύουσιν,
1573 3527 1656 3582 ἐπὶ
1703 3535 1819 3583 τού-

202 3634 315 3677 τοις
345 3615 504 3677 αύτὸς
527 3613 922 3688 ἀγαλλιῶμενος,
957 3617 1024 3668 Οἱ
1047 3621 1220 3668 τοίνυν
1253 3613 1584 3680 ἀπαιδεύτως
1609 3621 1821 3697 ἔχοντες

202 3711 299 3765 τῆς
332 3701 686 3766 ἁποστολικῆς
728 3700 984 3770 διανοίας,
1035 3709 1125 3757 καὶ
1163 3708 1234 3776 μή
1272 3708 1548 3771 συνιέντες,
1582 3707 1663 3758 ὅτι
1687 3711 1817 3781 πρὸς

203 3795 298 3850 τὴν
345 3792 679 3864 εύαγγελικήν
734 3795 874 3864 ἡμᾶς
921 3793 1296 3868 προσκαλεῖται
1363 3794 1521 3861 ζωὴν,
1586 3795 1818 3869 τολμῶσι

203 3889 512 3955 κατηγορεῖν
542 3889 633 3933 τοῦ
675 3881 902 3948 Παύλου,
936 3885 1004 3943 ὡς
1032 3878 1268 3936 ἀδύνατα
1311 3884 1436 3956 ἡμῖν
1468 3879 1812 3959 διορίζοντος.

207 3970 362 4024 Ἀλλὰ
409 3975 512 4044 μὴν
581 3967 1026 4024 διδασκέσθωσαν
1093 3973 1217 4024 ὅσαι
1281 3981 1372 4026 τοῦ
1441 3975 1550 4044 (73)
1605 3981 1814 4049 χαίρειν

203 4061 424 4133 εὐλόγως
457 4062 512 4112 αἱ
559 4058 790 4133 ἀφορμαὶ
838 4057 931 4113 δίὰ
979 4069 1073 4123 τῆς
1117 4069 1208 4114 τοῦ
1260 4069 1392 4115 Θεοῦ
1419 4061 1812 4139 μεγαλοδωρεᾶς

201 4153 331 4224 ἡμῖν
359 4154 680 4224 πρόκεινται.
735 4152 1096 4226 Ηαρήχθημεν
1142 4151 1211 4213 εἰς
1255 4154 1313 4204 τὸ
1365 4148 1513 4219 εἶναι,
1547 4158 1618 4226 μὴ
1653 4159 1808 4217 ὄντες·

199 4238 314 4292 κατ’
381 4239 552 4292 εἰκόνα
623 4247 716 4291 τοῦ
802 4244 1079 4302 κτίσαντος
1146 4238 1470 4314 ἐγενήθημεν·
1540 4251 1658 4294 νοῦν
1723 4250 1813 4297 καὶ

197 4326 351 4400 λόγον
397 4327 807 4403 συμπληροῦντα
853 4330 998 4402 ἡμῶν
1056 4334 1150 4387 τήν
1201 4331 1355 4401 φύσιν
1401 4333 1608 4404 ἔχομεν,
1644 4328 1715 4384 δι’
1754 4329 1812 4386 οὖ

205 4422 336 4472 Θεὸν
396 4417 766 4493 ἐγνωρίσαμεν.
823 4424 924 4472 Καὶ
967 4419 1032 4470 τὰ
1099 4418 1259 4477 κάλλη
1319 4427 1413 4481 τῆς
1479 4426 1696 4486 κτίσεως
1742 4421 1813 4476 ἒν-

202 4510 406 4581 τέχνως
451 4511 949 4582 καταμανθάνοντες,
994 4504 1065 4560 δι’
1093 4507 1280 4576 αὐτῶν,
1325 4509 1478 4562 οἱονεὶ
1518 4507 1612 4563 διὰ
1647 4532 1814 4587 γραμ-

204 4600 385 4672 μάτων
437 4606 588 4650 τινῶν
615 4641 629 4666 ,
687 4602 781 4656 τήν
834 4597 1060 4671 μεγάλην
1113 4604 1203 4650 τοῦ
1269 4605 1400 4651 Θεοῦ
1464 4604 1581 4674 περὶ
1646 4604 1816 4654 πάντα

284 4689 327 4724 ¹⁷
364 4687 554 4744 Galat.
591 4705 646 4755 ιι,
678 4691 769 4744 20.
850 4689 896 4724 ¹⁸
925 4687 1146 4745 Coloss.
1182 4703 1260 4758 in,
1294 4693 1346 4744 5.

205 4775 290 4828 xx,
323 4764 415 4815 27.
493 4759 542 4796 ³⁸
567 4760 778 4815 Genes.
807 4775 847 4827 ι,
876 4765 969 4816 26.

208 4919 238 4972 λ
269 4850 398 4937 ~(68)
428 4849 578 4905 Editi
607 4849 1001 4924 προσκαλεῖται.
1023 4852 1096 4906 At
1119 4849 1393 4923 quinque
1429 4865 1581 4906 mss.
1621 4870 1825 4926 προχα-

243 4939 397 4972 ειται.
1137 4949 1143 4956 .

243 4939 400 5074 ﬁgis
431 4991 679 5066 Antiqui
726 4996 847 5048 tres
885 4991 1025 5048 libri
1071 4949 1454 5068 περιεφέρομεν,
1485 4993 1638 5050 Editi
1674 5013 1827 5070 περι..

601 5135 736 5187 οὕτω
774 5133 1118 5207 λυπσήουσιν.
1159 5136 1250 5191 Ne
1278 5135 1518 5207 quidem
1549 5137 1633 5192 sic
1662 5137 1827 5194 exhi-

213 5205 433 5262 bebunt
472 5207 831 5262 molestiam.
865 5206 1111 5332 Supple,
1137 5205 1369 5262 homini
1384 5209 1675 5276 perfecto,
1700 5208 1824 5281 qui,

213 5281 278 5332 ut
305 5277 620 5332 aliquanto
650 5284 790 5332 ante
814 5277 948 5332 Basi
977 5279 1070 5332 ius
1102 5278 1273 5332 dixit.
1296 5279 1619 5332 mortiﬁcat
1639 5297 1824 5332 mem-

207 5281 278 5349 ιη
305 5277 620 5349 aliquanto
650 5284 790 5333 ante
814 5277 1070 5333 Basilius
1102 5278 1273 5346 dixit,
1296 5279 1619 5335 mortiﬁcat
1639 5277 1826 5336 mém-

206 5347 323 5404 bra
352 5347 491 5429 quae
525 5354 676 5429 sunt
717 5365 901 5429 super
932 5349 1428 5429 terram,_quique
1466 5349 1536 5429 in_
1573 5367 1827 5429 corpore

205 5419 743 5476 mortiﬁcationem
767 5419 905 5477 Jesu
932 5419 1296 5476 circumfert.
1332 5419 1496 5476 Hunc
1521 5419 1725 5478 locum
1745 5423 1827 5478 ita

205 5497 467 5547 verterat
488 5491 784 5564 interpres
811 5510 824 5548 :
853 5491 1022 5560 Quod
1041 5493 1440 5564 siisecundum
1465 5508 1707 5550 carnem
1741 5496 1824 5550 vi-

206 5564 435 5647 ξτετιήε,
453 5577 530 5647 ne
552 5563 770 5647 sicani
789 5565 1054 5647 cuipiam
1070 5563 1565 5647 [nerz'ntﬁmole‘sti
1586 5583 1598 5632 ;
1622 5581 1745 5647 qua
1765 5567 1826 5647 in

205 5633 708 5710 interpretatione
746 5635 949 5708 inepte
979 5634 1258 5698 additum
1298 5635 1516 5705 fuerat,
1553 5633 1664 5694 uni
1698 5639 1824 5694 cui-

1851 4554 1894 4608 D

1426 4690 1471 4724 ¹⁹
1494 4692 1541 4745 ll
1569 4691 1703 4747 Cor.
1731 4708 1809 4760 ιγ,
1845 4697 1930 4750 10.

1922 575 2152 646 vivens,
2177 580 2281 634 sed
2308 581 2604 636 viventem
2629 581 2861 637 habens
2884 579 2942 634 in
2964 578 3164 650 scipso
3187 577 3485 632 Christum
3517 578 3588 643 ιτ,

1924 681 2046 721 non
2068 669 2415 740 quemlibet,
2433 671 2537 727 sed
2561 673 2653 726 sui
2679 670 2935 726 similem
2964 668 3040 724 ad
3067 667 3420 724 continuum
3444 677 3588 736 gau‘

1924 755 2092 812 dium
2124 759 2335 816 invitat
2364 777 2376 815 :
2407 761 2633 833 quippe
2656 761 2800 832 quia
2824 774 3039 829 graves
3063 774 3132 812 ac
3154 756 3440 839 molestas
3463 749 3591 810 car'

1925 845 2019 901 nis
2048 846 2397 904 affectiones
2427 866 2551 906 non
2595 849 2854 906 admittit
2903 848 3112 904 istbaac
3162 862 3301 902 cum
3351 857 3594 900 summo

1925 933 2092 990 bono
2115 938 2484 1008 conjunctio.
2519 943 2645 994 lmo
2667 955 2810 994 vero
2832 936 3072 993 etiamsi
3095 934 3407 990 scindatur
3427 945 3591 997 caro,

1926 1025 1987 1081 in
2018 1041 2090 1081 ea
2119 1029 2391 1100 corporis
2422 1035 2592 1102 parte
2622 1046 2760 1102 quae
2809 1027 2970 1084 male
3010 1026 3290 1092 afﬁcitur,
3321 1025 3595 1080 remanet

1927 1117 2337 1174 continuitatis
2361 1119 2699 1187 dissolutio,
2724 1135 2834 1175 nec
2857 1133 3131 1191 unquam
3157 1115 3233 1171 ad
3261 1112 3593 1197 intelligen-

1926 1210 2046 1262 tem
2068 1207 2252 1263 animi
2267 1214 2497 1281 partem
2511 1216 2846 1282 pertingere
2868 1205 3300 1281 potestdoloris
3320 1216 3594 1260 commu-

1926 1297 2166 1352 nicatio.
2192 1300 2423 1355 Etenim
2445 1301 2491 1356 si
2509 1301 2682 1372 juxta
2704 1298 2972 1374 Apostoli
2997 1301 3368 1371 prmceptum
3393 1308 3589 1348 mem-

1926 1385 2038 1441 bra
2055 1402 2192 1458 quae
2215 1393 2356 1444 sunt
2375 1405 2555 1462 super
2577 1394 2792 1445 terram
2812 1384 3388 1452 mortiﬁcaremus",
3410 1385 3590 1452 atque

1927 1470 1987 1525 in
2011 1486 2263 1543 corpore
2285 1473 2806 1530 circumferremus
2827 1467 3587 1532 mortiﬁcationemJesu”,

1927 1577 2176 1617 necesse
2202 1568 2357 1618 esset
2377 1568 2442 1620 ut
2471 1564 2818 1620 mortiﬁcati
2847 1562 3118 1634 corporis
3141 1559 3327 1634 plaga
3357 1556 3436 1612 ad
3465 1553 3591 1610 ani-

1929 1666 2092 1706 mam
2113 1651 2190 1707 ab
2205 1652 2335 1722 ejus
2348 1653 2775 1724 conjunctione
2798 1653 3060 1709 solutam
3081 1666 3203 1706 non
3227 1645 3586 1721 perveniret.

1928 1742 2076 1796 Nam
2099 1741 2828 1815 ignominite,damnaque
2847 1747 2902 1798 et
2922 1740 3408 1814 propinquorum
3425 1749 3588 1790 mors

375 1825 612 1899 Ἀτιμίαι
665 1823 724 1880 δε
775 1832 865 1879 καὶ
921 1828 1128 1901 ζημίαι,
1180 1833 1270 1882 καὶ
1338 1830 1536 1882 οἰκείων
1606 1831 1816 1881 θάνατοι

1931 1830 2408 1903 haudquaquam
2425 1833 2755 1889 ascendant
2770 1833 2848 1889 ad
2869 1837 3163 1897 mentem;
3185 1843 3382 1900 neque
3402 1823 3589 1880 animi

1926 1919 2340 1976 celsitudinem
2356 1920 2438 1977 ita
2450 1921 2850 1986 demittent,ut
2861 1937 3060 1978 rerum
3072 1917 3458 1992 praesentium
3473 1930 3590 1968 sen-

1928 2025 1997 2065 su
2029 2015 2500 2065 commoveatur.
2529 2011 2841 2067 Enimvero
2871 2008 3251 2084 quotquotin
3282 2019 3588 2062 aerumnas

1928 2098 2372 2159 delabuntur.si
2391 2099 2550 2155 idem
2572 2101 2738 2173 quod
2761 2100 2852 2156 vir
2865 2100 3098 2174 probus
3117 2097 3591 2163 seutiunt,nego-

1931 2189 2078 2244 tium
2102 2188 2402 2244 facesseut
2429 2190 2657 2246 nemini
2682 2208 2695 2257 ;
2729 2191 2954 2262 quippe
2986 2188 3090 2262 qui
3110 2203 3181 2242 ne
3202 2185 3318 2259 ipsi
3337 2182 3587 2256 quidem

1930 2276 2265 2333 accidentia
2285 2276 2397 2333 sibi
2421 2278 2582 2334 mala
2602 2294 2760 2349 aegre
2781 2275 3227 2343 ferant.0uodsi
3249 2272 3588 2334 secundum

1929 2381 2171 2422 carnem
2200 2365 2406 2422 vivunt
2420 2367 2490 2434 ³0,
2512 2383 2709 2440 neque
2727 2368 2811 2424 sic
2827 2366 3192 2424 exhibebunt
3211 2361 3582 2427 molestiam;

1930 2456 2036 2512 sed
2057 2455 2446 2512 habebuntur
2467 2457 2865 2523 miserabiles,
2887 2472 3011 2512 non
3031 2455 3166 2512 ideo
3198 2453 3397 2525 potius
3415 2449 3588 2522 quod

1927 2545 1989 2602 in
2002 2545 2114 2602 has
2127 2545 2502 2602 calamitates
2522 2546 3050 2620 inciderint,quam
3064 2543 3229 2618 quod
3251 2557 3388 2614 quae
3404 2537 3588 2595 ofﬁcii

1929 2639 2094 2701 sunt,
2117 2635 2230 2690 sibi
2248 2634 2527 2691 facienda
2548 2651 2668 2692 non
2683 2635 3129 2708 proposuerint.
3151 2635 3217 2688 Et
3233 2632 3295 2686 in
3317 2643 3581 2696 summa,

1927 2740 2063 2796 quas
2085 2724 2292 2780 anima
2311 2725 2496 2780 semel
2517 2725 2852 2782 Conditoris
2864 2723 3159 2780 desiderio
3173 2717 3480 2788 tenetur,ej
3491 2733 3586 2772 us-

1925 2829 2046 2884 que
2069 2812 2514 2885 pulchritudine
2536 2814 2846 2870 consuevit
2875 2813 3179 2878 delectari,
3205 2810 3418 2877 ingens
3439 2805 3591 2862 illud

1927 2902 2223 2970 gaudium
2245 2905 2302 2956 et
2320 2900 2567 2956 delicias
2580 2902 2697 2958 hac
2716 2900 3072 2957 multiformi
3093 2897 3424 2956 carnalium
3449 2894 3590 2952 affe-

1927 2993 2131 3046 ctuum
2164 2989 2444 3045 varietate
2492 2991 2742 3046 minime
2773 2990 3174 3047 commutabit
3205 3007 3218 3044 :
3250 2992 3481 3048 contra,
3514 2999 3590 3040 ex

1925 3078 2148 3152 quibus
2171 3079 2511 3135 molestiam
2541 3079 2788 3152 capiunt
2811 3079 3028 3146 caeteri,
3052 3094 3124 3134 ea
3141 3077 3297 3133 illius
3320 3073 3592 3145 volupta-

1926 3173 2046 3223 tem
2077 3168 2407 3237 augebunt.
2435 3169 2741 3239 Ejusmodi
2771 3175 2898 3225 erat
2927 3166 3272 3241 Apostolus,
3296 3165 3402 3238 qui
3422 3162 3588 3218 inin-

1926 3257 2331 3325 ﬁrmitatibus,
2365 3257 2424 3313 in
2454 3258 2758 3326 aerumnis,
2782 3259 2842 3314 in
2863 3256 3386 3332 persecutionibus
3406 3256 3590 3324 atque

1924 3345 2386 3403 necessitatibus
2408 3347 2798 3419 complacens
2819 3347 2930 3403 sibi
2953 3345 3155 3417 glorim
3171 3343 3435 3400 ducebat
3453 3356 3590 3410 ege-

1928 3439 2231 3494 statem".
2273 3438 2337 3492 In
2392 3437 2553 3494 fame
2600 3443 2658 3493 et
2703 3438 2813 3509 siti,
2846 3439 2907 3493 in
2939 3437 3158 3507 frigore
3205 3441 3262 3490 et
3289 3433 3582 3499 nuditate,

1927 3530 1990 3582 in
2019 3527 2540 3600 persecutionibus
2588 3532 2643 3582 et
2678 3527 2972 3597 angustiis
2993 3529 3060 3593 ²²,
3106 3526 3168 3580 in
3215 3522 3438 3596 quibus
3485 3519 3588 3578 alii

1927 3632 2086 3685 aegre
2107 3616 2306 3672 ferunt
2325 3616 2575 3690 seipsos,
2602 3621 2658 3672 et
2683 3631 2719 3672 a
2741 3617 2865 3672 vita
2885 3615 3214 3672 abhorrent
3254 3613 3314 3668 in
3333 3612 3406 3668 iis
3431 3616 3587 3682 Apo-

1929 3705 2116 3761 stolus
2137 3705 2528 3770 exsultat.Qui
2553 3704 2732 3775 igitur
2744 3709 2886 3761 sunt
2907 3706 3215 3760 sententia‘
3236 3699 3584 3774 apostolicae

1927 3794 2142 3865 ignari,
2177 3809 2288 3849 nec
2316 3794 2558 3850 invitari
2588 3810 2701 3850 nos
2730 3793 2807 3850 ad
2837 3791 3248 3862 evangelicam
3281 3790 3465 3846 vitam
3496 3787 3583 3842 in-

1925 3885 2220 3955 telligunt,
2245 3883 2496 3940 Paulum
2519 3899 2805 3939 accusare
2825 3899 2948 3940 non
2970 3885 3271 3947 verentur,
3299 3881 3408 3951 27
3444 3884 3582 3934 tan-

1925 3992 2113 4048 quam
2136 3974 2239 4046 qui
2261 3990 2398 4046 quaa
2418 3973 2547 4029 ﬁeri
2567 3989 2692 4030 non
2715 3978 2986 4047 possunt,
3010 3971 3382 4045 praescribat.
3405 3969 3583 4042 Atqui

1924 4067 2167 4123 discant
2207 4069 2354 4136 quot
2375 4065 2568 4134 justas
2599 4063 2808 4135 gaudii
2837 4064 3189 4120 occasiones
3222 4061 3399 4117 nobis
3437 4075 3588 4132 prte-

1924 4155 2067 4210 beat
2081 4152 2180 4208 Dei
2199 4151 2627 4208 muniﬁcentia.
2649 4152 2813 4218 Quod
2833 4167 3045 4206 sumus
3065 4166 3101 4206 a
3121 4153 3241 4206 Deo
3260 4147 3580 4214 habemus,

1924 4261 2066 4299 cum
2090 4247 2268 4298 antea
2287 4257 2411 4297 non
2431 4257 2706 4296 essemus
2732 4259 2744 4309 ;
2771 4257 2982 4296 sumus
3003 4239 3081 4297 ad
3104 4238 3398 4296 Creatoris
3425 4238 3581 4293 ima-

1925 4333 2125 4403 ginem
2167 4331 2311 4388 facti
2327 4331 2407 4396 ἐς
2441 4333 2702 4386 mentem
2757 4336 2937 4403 atque
2967 4329 3262 4386 rationem
3294 4327 3455 4384 nacti
3485 4342 3580 4381 su-

1926 4439 2082 4489 mus,
2115 4421 2286 4494 queis
2325 4425 2546 4477 natura
2589 4423 2799 4478 nostra
2839 4420 3196 4493 completur,
3238 4421 3514 4489 Deusque
3544 4431 3582 4472 a.

1923 4511 2102 4569 nobis
2131 4509 2532 4579 cognoscitur.
2549 4509 2693 4566 Item
2709 4525 2908 4565 rerum
2934 4507 3183 4566 solerter
3199 4507 3581 4564 conditarum

1923 4599 2436 4675 pulchritudinem
2469 4598 2886 4671 percipientes,
2918 4613 3025 4658 per
3065 4597 3251 4664 illam,
3283 4601 3581 4668 tanquam

2007 4692 2056 4726 ³ο
2085 4689 2262 4744 Rom.
2296 4705 2409 4756 Vill,
2445 4691 2528 4744 t3.
2608 4689 2652 4723 ²¹
2687 4690 2733 4744 ll
2757 4689 2888 4744 Cor.
2920 4703 3012 4756 xu,
3047 4689 3212 4757 9,10.
3290 4688 3339 4721 ³³
3369 4687 3416 4740 Il
3444 4687 3578 4744 Cor.

1921 4851 2115 4923 piam,
2147 4865 2296 4923 cum
2326 4848 2468 4923 _e_jus
2511 4847 2627 4904 loci
2674 4847 2988 4917 sententia,
3029 4862 3220 4923 eaque
3255 4844 3586 4920 pulcherri-

1925 4918 2050 4990 ma,
2081 4918 2197 4977 hoc
2223 4918 2639 4993 additamenta
2666 4935 2789 4976 non
2820 4936 3039 4993 parum
3073 4918 3448 4974 obscuretur.

1997 4995 2111 5065 (Ἠ)
2151 4995 2292 5074 Reg.
2322 4992 2555 5074 primus
2587 4999 2678 5044 106
2707 4997 2778 5066 μή
2813 4992 3095 5067 αἱρεῖσθαι.
3119 4993 3249 5048 Mox
3277 4993 3400 5046 duo
3428 5005 3578 5047 mss.

1926 5085 2019 5140 περ
2029 5067 2213 5140 ιχαρες
2239 5067 2392 5120 ἑαυτῆ
2404 5084 2446 5125 ς.

1997 5130 2395 5220 '(7'2')_"Veteres
2439 5139 2702 5220 quatuor
2747 5133 2885 5190 libri
2928 5130 3185 5220 διωγμοῖς
3223 5132 3271 5186 ἐν
3314 5152 3582 5220 στενοχω-

1926 5205 2086 5287 ρίαις..
2117 5209 2230 5262 Nec
2261 5207 2342 5287 ita
2373 5205 2565 5287 multo
2595 5205 2752 5262 infra
2799 5205 3247 5287 quatuor'mss.‘
3279 5205 3584 5287 «6162657:

1923 5277 2269 5351 γαλλόμενος.
2304 5277 2574 5351 Subinde
2631 5294 2783 5351 mss,
2819 5277 2931 5330 έκαὶ
2978 5282 3048 5351 μὴ
3105 5281 3387 5351 συνιέντες..
3432 5277 3584 5351 Editi

1929 5345 2180 5424 συνέντες.
2234 5349 2486 5424 lbidem_
2515 5351 2657 5424 Reg.
2691 5349 2925 5424 primus
2952 5345 3033 5402 ὅτι
3073 5353 3203 5424 πρὸς
3241 5353 3334 5406 τὴν
3366 5345 3586 5424 ἀγγελι-

1926 5428 2042 5480 κήν.
2079 5423 2302 5493 Rursus
2332 5420 2447 5476 hoc
2473 5417 2709 5492 ipso—in
2729 5421 2864 5476 loco
2893 5417 3192 5493 duo_mss.
3223 5417 3584 5493 προκαλεῖται,

1999 5496 2111 5562 (73)
2154 5491 2303 5546 Editi
2351 5497 2408 5546 et
2448 5489 2710 5564 quatuor
2756 5509 2900 5564 mss.
2937 5489 3398 5564 διδασκέσθωσαν,
3433 5493 3501 5564 ὡς
3526 5491 3588 5544 αἱ

1925 5559 2038 5618 τοῦ.
2062 5565 2176 5636 _At.‘
2198 5565 2338 5633 Reg.
2372 5559 2576 5636 tertius
2622 5571 2679 5619 et
2726 5562 2889 5636 Colb.
2920 5569 3176 5636 quartus
3206 5559 3587 5622 διδασκέσθω-

1929 5655 2025 5688 σαν
2051 5634 2153 5688 ὃσα
2179 5632 2338 5690 τοῦ...
2367 5636 2422 5688 αἱ
2451 5632 2698 5709 ἀφορμαί,
2730 5632 2974 5699 remitti.
