4124 6378
526 357 630 412 223

521 568 850 624 videntiam
873 567 1359 640 sapientiamque
1388 568 1668 637 legimus.
1697 567 2058 624 Facultatem
2079 566 2181 620 ha-

519 657 742 714 bemus
767 657 1115 712 secernendi
1140 657 1373 712 bonum
1407 674 1440 712 a
1468 657 1630 712 male
1660 675 1672 713 :
1707 657 1923 726 eligere
1947 672 2044 711 res
2075 654 2181 709 uti-

521 746 627 814 les,
651 754 708 802 et
733 747 948 802 noxias
971 746 1198 815 fugere,
1226 747 1302 802 ab
1325 748 1816 818 ipsametnatura
1836 746 2177 801 didicimus.

523 837 857 893 Abalienati
905 853 940 892 a
985 840 1104 892 Deo
1149 853 1257 910 per
1304 843 1644 909 peccatum,
1673 853 1881 893 rursus
1918 834 2180 890 revocati

522 926 746 982 fuimus
773 927 834 982 in
865 927 995 997 ejus
1038 927 1504 983 familiaritatem
1553 944 1620 983 ac
1653 925 2177 993 necessitudinem,

520 1031 629 1088 per
661 1017 958 1086 Unigeniti
984 1017 1346 1086 sanguinem
1369 1033 1441 1072 ex
1469 1017 1877 1087 ignominiosa
1900 1015 2180 1071 servitute

523 1106 805 1178 exempti.
841 1107 1314 1162 Resurrectiouis
1346 1123 1502 1179 spes,
1537 1107 1946 1177 angelicorum
1985 1105 2181 1160 bono-

519 1207 655 1250 rum
684 1195 1010 1266 possessio,
1043 1211 1299 1265 regnum
1328 1196 1586 1262 caeleste,
1609 1197 1976 1269 repromissa
1995 1193 2178 1257 bona,

521 1283 641 1338 vim
669 1289 726 1338 et
751 1285 966 1339 mentis
998 1289 1054 1339 et
1084 1285 1332 1340 rationis
1355 1289 1723 1356 superantia.

593 1377 645 1428 3.
672 1373 990 1438 Quomodo
1013 1357 1256 1429 credere
1278 1390 1388 1447 par
1408 1381 1516 1440 est,
1542 1374 1830 1444 gaudium
1857 1389 2072 1446 perpes
2088 1375 2180 1445 ju-

522 1477 780 1533 gemque
802 1461 1068 1517 laetitiam
1103 1479 1175 1517 ex
1202 1463 1294 1518 his
1317 1464 1504 1519 creari
1533 1479 1655 1519 non
1695 1451 2031 1536 posse,‘sed
2055 1463 2181 1535 opi-

520 1550 652 1605 nari
683 1566 822 1606 eum
852 1552 958 1623 qui
985 1553 1177 1608 ventri
1197 1553 1464 1622 inservit,
1489 1554 1895 1625 tibiarumque
1921 1552 2182 1608 modulis

519 1639 871 1708 oblectatur,
896 1643 1123 1714 quique
1145 1643 1450 1697 volutatur
1469 1643 1529 1698 in
1562 1642 1727 1698 molli
1748 1642 1920 1707 lecto,
1949 1658 2017 1696 ac
2039 1654 2182 1696 ster-

519 1729 605 1794 tit,
631 1729 881 1799 dignam
901 1731 1126 1799 gaudio
1152 1732 1333 1786 vitam
1356 1731 1610 1800 degere?
1634 1735 1754 1800 Ego
1776 1747 1912 1786 vero
1933 1729 2181 1786 dixerim

1905 355 1962 410 S.
2005 353 2257 408 BASlLll
2295 350 2515 408 MAGNI

521 495 628 553 per
650 479 873 535 litteras
891 479 1196 551 quasdam
1212 495 1516 534 summam
1535 480 1632 534 Dei
1646 480 1808 534 circa
1822 477 2026 534 omnia
2047 491 2181 549 pro-

2291 481 2530 550 πρόνοιαν
2613 483 2704 530 καὶ
2786 482 2969 550 σοφίαν
3050 476 3484 550 ἀναγινώσκομεν.

3780 354 3887 409 224

3564 483 3888 552 Διακριτικοί

2289 565 2439 638 ἐσμεν
2491 565 2687 638 ἀγαθοῦ
2740 572 2828 620 καὶ
2885 576 2976 620 τοῦ
3025 573 3261 640 χείρονος
3327 569 3464 637 (⁸74)·
3515 566 3728 639 ἐκλογὴν
3793 575 3888 620 τοῦ

2291 661 2638 730 συμφέροντος
2687 663 2775 709 καὶ
2824 656 3157 730 ἀποστροφὴν
3206 665 3297 709 τοῦ
3348 654 3602 730 βλαϐεροῦ
3643 656 3695 718 ἐξ
3724 657 3890 718 αὐτῆς

2287 754 2381 806 τῆς
2432 749 2630 817 φύσεως
2677 743 3062 818 δεδιδάγμεθα.
3115 745 3559 819 Ἀλλοτριωθέντες
3609 753 3740 800 Θεοῦ
3795 742 3892 798 διά

2287 842 2381 896 τῆς
2413 835 2690 908 ἁμαρτίας,
2724 836 2876 888 πάλιν
2921 836 2991 896 είς
3038 839 3132 894 τὴν
3183 837 3477 892 οἰκειότητα
3516 833 3887 907 ἀνεκλήθημεν,

2287 934 2359 995 τῷ
2411 928 2594 998 αἵματι
2650 933 2741 977 τοῦ
2800 932 3116 995 Μονογενοῦς
3171 923 3224 976 ἐκ
3267 933 3362 986 τῆς
3412 923 3601 996 ἀτίμου
3651 921 3890 985 δουλείας

2289 1011 2645 1088 ἐξαιρεθέντες.
2709 1014 3066 1075 Ἀναστάσεως
3125 1010 3348 1080 ἐλπίδες,
3412 1011 3697 1085 ἀγγελικῶν
3763 1012 3894 1085 ἀγα-

2291 1103 2388 1154 θῶν
2418 1102 2748 1169 ἀπολαύσεις,
2782 1105 2812 1161 ἡ
2870 1107 2918 1154 έν
2949 1102 3185 1177 οὐρανοῖς
3235 1101 3500 1175 βασιλεία,
3543 1104 3609 1154 τά
3656 1101 3702 1154 έν
3735 1102 3893 1174 ἔπαγ-

2287 1189 2482 1262 γιλίαις
2510 1191 2698 1264 ἀγαθὰ,
2744 1197 2833 1244 καὶ
2881 1189 3117 1254 διανοίας
3145 1197 3235 1244 καὶ
3280 1190 3432 1263 λόγου
3478 1187 3701 1263 δύναμιν
3741 1192 3894 1266 ύπερ·

2289 1278 2548 1336 ϐαίνοντα.

2362 1374 2418 1426 3.
2469 1377 2583 1432 Πῶς
2633 1371 2760 1443 ούχὶ
2803 1379 2969 1423 ταῦτα
3015 1375 3272 1446 προσήκει
3313 1375 3491 1444 χαρᾶς
3533 1367 3758 1427 ἀλήκτου
3798 1375 3892 1423 καὶ

2291 1458 2607 1532 εὐφροσύνης
2654 1457 2926 1522 διηνεκοῦς
2976 1460 3204 1533 ἐξαρκεῖν
3258 1459 3483 1532 νομίζειν
3547 1461 3714 1524 αἰτια,
3783 1457 3894 1510 ἀλλ’

2290 1550 2493 1600 οἴεσθαι
2545 1553 2632 1600 τόν
2678 1550 3111 1623 γαστριζόμενον,
3167 1553 3257 1600 καὶ
3309 1547 3742 1621 καταυλούμενον,
3800 1553 3896 1601 καὶ

2291 1635 2374 1687 ἐπὶ
2397 1637 2636 1709 μαλακῆς
2664 1643 2846 1699 κοίτης
2876 1643 2989 1698 ('75)
3024 1637 3468 1712 ἀνατετραμμένον
3493 1643 3582 1688 καὶ
3605 1639 3892 1711 ῥέγχοντα,

2289 1733 2471 1776 τοῦτον
2512 1724 2668 1787 ἀξίως
2704 1733 2879 1801 χαρᾶς
2920 1723 3152 1798 διαζῇη
3187 1726 3318 1796 Ἐγὼ
3368 1722 3427 1778 δι
3474 1729 3677 1786 τούτοις
3705 1729 3796 1798 μεν
3834 1729 3897 1778 τό

519 1817 633 1873 hos
657 1818 906 1890 quidem
939 1819 1158 1889 dignos
1190 1837 1320 1876 esse
1348 1821 1450 1892 qui
1482 1820 1820 1876 doﬂeantur
1861 1821 1940 1876 ab
1975 1821 2044 1875 iis
2075 1820 2178 1893 qui

2293 1816 2597 1886 θρηνεῖσθαι
2629 1822 2780 1888 φαίην
2821 1816 2881 1868 ἀν
2911 1821 3122 1890 πρέπειν
3161 1819 3304 1888 παρὰ
3332 1823 3433 1866 τῶν
3479 1823 3597 1866 νοῦν
3643 1815 3893 1886 ἑχόντων·

523 1913 721 1962 mente
752 1909 984 1979 praediti
1007 1915 1146 1964 sunt
1171 1926 1184 1964 :
1215 1915 1440 1975 contra,
1466 1910 1824 1980 beatosjure
1844 1912 2076 1982 optimo
2096 1911 2182 1965 di-

524 1996 750 2052 cendos
780 2013 910 2052 esse
945 2013 1048 2054 eos
1078 1999 1206 2071 qui,
1238 2005 1485 2071 propter
1527 2016 1694 2071 spem
1736 1999 1912 2054 futuri
1958 2000 2180 2068 saeculi,

524 2090 884 2156 praesentem
915 2087 1099 2142 vitam
1147 2090 1462 2156 sustinent,
1491 2104 1561 2143 ac
1601 2089 1918 2161 praesentia
1946 2089 2184 2144 aeternis

524 2182 917 2231 commutant.
952 2179 1082 2232 Sive
1122 2185 1326 2233 autem
1374 2179 1434 2233 in
1477 2180 1727 2234 ﬂamma
1755 2179 1980 2248 degant
2007 2179 2046 2234 ii
2077 2179 2182 2250 qui

525 2267 646 2320 Deo
673 2267 1148 2336 conjunguntur,
1197 2267 1279 2322 uti
1309 2274 1424 2323 tres
1466 2269 1631 2340 pueri
1664 2269 1724 2324 in
1760 2269 2066 2340 Babylone
2088 2269 2136 2303 ¹⁸
2166 2285 2178 2322 :

525 2353 651 2408 sive
672 2353 1062 2410 includantur
1083 2373 1221 2412 cum
1243 2357 1520 2413 leonibus
1535 2359 1602 2423 ³⁵,
1623 2358 1747 2412 sive
1771 2374 1806 2413 a
1829 2363 1957 2413 ceto
1978 2357 2183 2414 absor-

522 2439 976 2516 beantur'°,ipsi
990 2449 1190 2500 tamen
1207 2445 1780 2517 prmdicandisunta
1801 2445 1978 2502 nobis
2001 2447 2182 2511 beati,

527 2545 597 2585 ac
627 2546 732 2586 eos
759 2532 820 2586 in
861 2533 1086 2601 gaudio
1109 2533 1293 2590 vitam
1316 2535 1650 2604 transigere
1671 2540 1923 2608 oportet,
1948 2551 2183 2608 nequa-

523 2633 714 2691 quam
737 2619 1007 2677 dolentes
1027 2621 1101 2677 de
1123 2623 1666 2694 praesentibus,sed
1686 2624 1766 2679 ob
1783 2641 1951 2696 spem
1972 2640 2184 2680 eorum

524 2723 660 2779 quae
687 2709 866 2764 nobis
896 2712 956 2766 in
985 2717 1300 2783 posterum
1325 2712 1588 2784 reposita
1615 2718 1753 2766 sunt
1773 2712 2061 2768 laetantes.
2087 2721 2186 2768 Ar-

525 2795 716 2854 bitror
736 2815 1004 2872 namque
1041 2807 1356 2858 strenuum
1397 2803 1682 2860 athletam
1706 2802 1778 2858 ad
1801 2803 2036 2876 pietatis
2067 2809 2186 2859 sta-

524 2887 694 2943 dium
722 2890 908 2945 semel
933 2896 1203 2954 exutum,
1224 2892 1437 2964 plagas
1458 2893 1940 2948 adversariorum
1957 2893 2189 2949 fortiter

524 2975 675 3032 ferre
692 2977 1047 3052 debere,spe
1063 2980 1264 3049 gloriaa
1279 2998 1352 3037 ex
1373 2982 1609 3037 coronis
1623 2981 2188 3054 consequendam-

524 3065 682 3121 enim
702 3070 1068 3140 quotquotin
1085 3070 1385 3141 gymnicis
1405 3070 1838 3126 certaminibus
1853 3076 1991 3125 sunt
2006 3071 2190 3142 palae-

523 3155 714 3211 stricis
740 3157 1058 3214 laboribus
1100 3163 1344 3227 assueti,
1387 3160 1661 3216 animum
1703 3176 1824 3216 non
1865 3159 2186 3217 demittunt
2216 3191 2256 3246 ρ

525 3244 605 3299 ob
635 3245 829 3317 plagae
860 3248 1135 3304 dolorem
1161 3267 1175 3314 ;
1225 3249 1348 3304 imo
1380 3266 1523 3304 vero
1554 3250 1766 3320 spretis
1793 3249 1872 3306 ob
1902 3249 2186 3322 praeconii

524 3333 895 3392 desiderium
916 3337 1225 3394 laboribus
1247 3339 1666 3410 praesentibus,
1692 3339 2070 3395 adversarios
2091 3355 2187 3395 co-

523 3424 727 3478 minus
758 3425 1133 3482 adoriuntur.
1169 3431 1334 3483 Hunc
1382 3429 1460 3484 ad
1493 3427 1743 3484 modum
1775 3429 2012 3484 etiamsi
2055 3430 2184 3484 viro

521 3513 756 3569 virtutis
781 3515 1052 3571 studioso
1070 3517 1305 3572 accidat
1329 3517 1476 3589 quid
1501 3519 1719 3590 asperi,
1742 3517 2022 3574 tenebras
2042 3534 2182 3588 gau-

522 3599 760 3657 dionon
778 3601 1058 3659 obducet.
1084 3607 1231 3660 Nam
1252 3607 1579 3662 Tribulatio
1587 3607 1944 3676 patientiam
1973 3622 2184 3676 opera-

521 3693 636 3756 tur,
660 3694 931 3762 patientia
957 3697 1146 3750 autem
1163 3696 1572 3766 probationem,
1584 3697 1840 3768 probatio
1862 3713 1988 3751 vero
2011 3713 2183 3767 spem,

518 3796 638 3852 spes
682 3785 870 3837 autem
909 3799 1022 3838 non
1067 3784 1362 3854 confundit
1377 3786 1445 3836 ³⁷.
1478 3787 1861 3857 Quapropter
1890 3791 1945 3840 et
1975 3785 2095 3841 alio
2122 3785 2184 3840 in

517 3869 653 3925 loco
683 3870 760 3925 ab
788 3871 1003 3927 eodem
1031 3872 1325 3942 jubemur
1354 3875 1642 3945 patientes
1681 3889 1812 3929 esse
1844 3873 1905 3929 in
1933 3872 2183 3928 tribula-

519 3957 702 4025 tione,
727 3965 783 4013 et
819 3975 928 4030 spe
956 3960 1221 4029 gaudere
1243 3964 1312 4017 ³³.
1353 3965 1500 4034 Spes
1539 3963 1744 4034 itaque
1775 3967 1867 4018 est
1893 3978 2030 4034 quae
2061 3961 2183 4017 eﬂi-

520 4046 617 4113 cit,
651 4052 715 4101 ut
745 4049 1040 4118 gaudium
1063 4051 1270 4106 animo
1295 4051 1402 4106 viri
1426 4051 1601 4124 probi
1632 4051 1702 4106 sit
1725 4050 2183 4108 contubernale.

520 4135 674 4200 Quin
705 4141 763 4190 et
791 4136 950 4192 idem
979 4139 1302 4211 Apostolus
1334 4140 1506 4210 jubet
1535 4141 1717 4196 etiam
1740 4140 1882 4196 ﬂere
1902 4156 2014 4195 nos
2045 4156 2184 4195 cum

517 4222 802 4279 ﬂentibus
823 4227 906 4289 ’9;
940 4241 1151 4282 rursus
1179 4229 1252 4283 ad
1289 4228 1524 4285 Galatas
1557 4229 2016 4301 [Philippenses]
2043 4229 2184 4283 scri-

516 4311 694 4380 bens,
729 4313 994 4371 deﬂebat
1035 4316 1314 4374 inimicos
1367 4319 1561 4373 crucis
1608 4319 1822 4375 Christi
1846 4319 1912 4371 ³ο.
1957 4317 2183 4390 Ecquid

518 4393 673 4472 opus
697 4406 786 4458 est
819 4419 1303 4462 commemorare
1332 4407 1651 4464 Jeremiam
1676 4407 1923 4463 ﬂentem
1949 4408 2018 4474 ³¹,
2054 4411 2185 4463 Eze-

517 4491 771 4548 chielem
809 4494 909 4548 Dei
933 4496 1111 4565 jussu
1153 4497 1499 4570 principum
1549 4497 2013 4554 lamentationes
2046 4498 2184 4553 scri-

515 4579 760 4636 bentem
787 4583 858 4650 3',
891 4590 947 4638 et
977 4585 1202 4640 multos
1246 4587 1398 4641 alios
1447 4593 1688 4642 sanctos
1717 4587 1990 4656 lugentes
2011 4589 2038 4642 ?
2069 4589 2185 4643 Hei

517 4671 690 4741 mihi,
712 4679 924 4743 mater,
945 4689 1133 4746 quare
1152 4691 1244 4732 me
1263 4677 1602 4748 genuisti”;
1621 4683 1676 4733 et
1694 4695 1706 4732 :
1725 4679 1843 4734 Hei
1861 4677 2183 4748 mihi,quia

639 4798 687 4869 ν
716 4799 874 4869 Dan.
918 4817 994 4869 in,
1025 4803 1115 4855 2i.

1247 4803 1294 4836 ’⁵
1331 4805 1476 4857 Dan.
1507 4819 1625 4872 xiv,
1658 4807 1746 4859 30.

514 4866 566 4902 ³⁰
608 4867 861 4941 Philipp.
897 4866 1088 4938 111,18.

1202 4873 1246 4908 ³⁸
1281 4873 1492 4930 Thren.
1520 4890 1555 4942 ι,
1594 4879 1613 4931 1
1654 4891 1822 4948 seqq.

745 4995 895 5072 Editi
927 4995 1127 5067 ἀγαθοῦ
1152 5016 1207 5050 τε
1237 5004 1327 5051 καὶ
1352 5003 1610 5072 χείρονος.
1646 5001 1883 5055 Veteres
1921 5004 2185 5072 quatuor

513 5063 882 5144 librisque»
913 5063 1002 5120 καὶ
1032 5077 1123 5120 τοῦ
1151 5063 1411 5144 χείρονος,

588 5137 702 5206 (75)
738 5139 979 5214 Veteres
1037 5137 1300 5212 quatuor
1347 5141 1486 5198 libri
1537 5140 1778 5214 μαλακῆς
1825 5141 2023 5204 κλίνης.
2077 5141 2182 5198 Alii

515 5223 663 5263 mss.
695 5213 751 5262 et
783 5209 922 5264 editi
953 5209 1103 5270 κοίτη
1118 5233 1154 5272 ς.

587 5281 705 5357 (76³⁷
735 5280 891 5357 Editi
939 5278 1198 5353 διάγωσιν
1241 5287 1308 5346 ὡς
1339 5287 1402 5357 ,οἱ
1431 5293 1571 5357 τρεῖς
1599 5281 1787 5357 παῖδες
1828 5284 1910 5337 ἐπὶ
1947 5293 2070 5357 τῆς,
2092 5291 2187 5336 Βα-

515 5349 790 5428 βυλωνίας,
845 5354 894 5403 οἱ
939 5349 1052 5428 Θεῷ
1113 5349 1472 5428 συνημμένοι.’
1501 5356 1743 5428 Antiqui
1790 5373 1891 5412 sex
1940 5355 2080 5428 libri
2125 5361 2189 5410 ut

513 5423 575 5501 i_n
603 5423 1301 5501 contextu,_alio_ordine,
1317 5443 1509 5501 eoque
1535 5423 1941 5484 concinniore.
1959 5427 2189 5483 Ibidem

518 5495 1005 5579 Be‘gL‘se‘cundus
1040 5497 1139 5548 ὦσι
1167 5495 1551 5579 καθειργμένοιη.

591 5521 661 5563 ιδ.
697 5521 1005 5577 δυυυιξυυιδ
1040 5521 1139 5548 ωσι
1169 5521 1551 5625 καυειργὲενοι.

591 5569 700 5642 (ἹἸ)
740 5570 987 5642 Antiqui
1051 5574 1279 5642 septem
1338 5572 1377 5625 l1
1425 5571 1472 5626 ri
1522 5569 1817 5642 ἀγωνιστὴν
1871 5579 1969 5622 τῶν
2019 5570 2190 5642 καλῶυ

517 5638 674 5700 recti
716 5652 789 5696 ac
843 5638 1078 5697 honesti
1114 5638 1657 5713 propugnatorem.
1689 5641 1843 5700 Editi
1889 5647 1976 5696 τόν
2017 5641 2191 5696 καλόν.

1885 4804 1933 4838 ³⁸
1965 4802 2102 4858 Jon.
2130 4821 2185 4866 η,
2224 4807 2271 4860 1.

1937 4875 1982 4908 ³³
2017 4875 2224 4931 Ezecb.
2254 4892 2312 4942 ιι,
2346 4879 2398 4930 9.

2290 1906 2600 1978 μακαρίζειν
2651 1903 2710 1958 δὲ
2760 1910 2880 1968 τοὺς
2929 1906 3006 1958 ἐπ’
3049 1903 3223 1958 ἑλπίδι
3253 1913 3344 1958 τοῦ
3392 1905 3661 1978 μέλλοντος
3710 1905 3897 1968 αἰῶνος

2288 1999 2384 2052 τὴν
2441 2004 2710 2069 παροῦσαν
2779 1997 2918 2056 ζωὴν
2976 1993 3336 2068 διαφέροντας,
3393 2001 3483 2048 καὶ
3535 1997 3599 2047 τὰ
3661 1999 3901 2068 παρόντα

2288 2093 2390 2136 τῶν
2449 2086 2668 2137 αἰωνίων
2720 2085 3110 2158 ἀμειϐομένους,
3166 2084 3260 2136 κᾶν
3310 2083 3358 2136 έν
3423 2084 3575 2156 φλογὶ
3633 2080 3898 2154 διάγωσιν

2289 2175 2337 2226 οἱ
2369 2182 2482 2245 Θεῷ
2510 2179 2847 2248 συνημμένοι,
2885 2178 2953 2237 ὡς
2999 2177 3049 2226 οἱ
3090 2182 3227 2249 τρεῖς
3257 2170 3443 2235 παῖδες
3469 2173 3555 2226 int
3595 2181 3692 2235 τῆς
3734 2171 3901 2226 Βαϐυ-

2287 2262 2473 2323 λωνίας
2527 2265 2658 2331 (76),
2714 2263 2809 2315 κάν
2860 2263 3063 2316 λέουσιν
3119 2264 3220 2316 ὧσι
3270 2265 3755 2336 συγκαθειργμένοι,
3797 2261 3899 2313 κᾶν

2290 2353 2390 2404 ύπό
2429 2358 2624 2414 κήτους
2668 2355 3062 2418 καταποθέντες,
3091 2352 3173 2425 ὑφ’
3201 2354 3346 2424 ἡμῶν
3384 2371 3439 2404 τε
3468 2361 3668 2425 χρῆναι
3715 2371 3900 2424 μακα-

2289 2442 2552 2514 ρίζεσθαι,
2603 2447 2693 2494 καὶ
2755 2442 2944 2503 αύτούς
3007 2441 3056 2493 έν
3119 2447 3270 2513 χαρᾷ
3331 2437 3555 2512 διάγειν,
3616 2439 3744 2512 ούχὶ
3782 2447 3901 2502 τοῖς

2290 2538 2548 2604 παροῦσιν
2599 2528 2992 2602 ἀλγυνομένους,
3022 2528 3151 2581 ἀλλά
3197 2537 3258 2601 τῇ
3291 2525 3443 2581 έλπίδ
3450 2549 3468 2580 ι
3491 2536 3590 2580 τῶν
3616 2529 3686 2590 εἰς
3747 2529 3903 2582 ὕστε-

2291 2639 2378 2694 ρον
2440 2622 2563 2692 ἡμῖν
2631 2619 2976 2692 ἀποκειμένων
3052 2619 3497 2692 εὐφραινομένους.
3567 2614 3732 2690 Οἶμαι
3791 2620 3899 2691 γὰρ

2289 2714 2378 2760 τὸν
2412 2708 2702 2780 ἀγωνιστήν
2732 2713 2819 2761 τόν
2849 2708 3002 2760 καλὸν
3028 2710 3166 2779 (77),
3208 2708 3349 2770 ἅπαξ
3383 2706 3466 2759 ἐπὶ
3512 2710 3571 2760 τὸ
3614 2717 3711 2769 τῆς
3756 2707 3903 2760 εύσε-

2293 2795 2434 2858 ϐείας
2482 2794 2700 2849 στάδιον
2751 2793 3038 2862 ἀποδύντα,
3082 2799 3246 2870 φέρειν
3284 2803 3485 2868 χρῆναι
3530 2799 3774 2866 γενναίως
3802 2798 3902 2858 τάς

2292 2887 2497 2958 πληγὰς
2526 2896 2625 2939 τῶν
2656 2885 2945 2940 ἀντιπάλων
2975 2882 3151 2938 έλπίδι
3192 2894 3287 2946 τῆς
3331 2881 3490 2947 δόξης
3516 2892 3611 2946 τῆς
3655 2883 3756 2937 ἀπὸ
3794 2893 3901 2937 τῶν

2295 2980 2577 3049 στεφάνων.
2608 2982 2706 3030 Καὶ
2736 2979 2836 3051 γὰρ
2886 2974 2934 3028 έν
2976 2983 3087 3036 τοῖς
3127 2983 3409 3047 γυμνικοῖς
3454 2973 3650 3046 ἀγωσιν
3684 2978 3905 3027 οἱκατὰ

2292 3069 2386 3128 τὰς
2425 3065 2754 3139 παλαίστρας
2805 3073 2916 3127 τοῖς
2963 3070 3139 3126 πόνοις
3186 3065 3614 3136 προσεθισθέντες
3671 3065 3780 3133 (78)
3836 3063 3902 3116 ού

2292 3159 2422 3229 πρὸς
2486 3159 2544 3207 τό
2609 3154 2842 3225 ἀλγεινόν
2910 3151 3280 3206 συστέλλονται
3344 3161 3442 3214 τῆς
3499 3151 3724 3224 πληγῆς,
3794 3151 3904 3204 ἀλλ’

2293 3246 2452 3317 όμόσε
2481 3252 2726 3319 χωροῦσι
2754 3243 2863 3304 τοῖς
2915 3241 3213 3303 ἀντιπάλοις
3244 3240 3497 3313 ἐπιθυμίᾳ
3538 3249 3634 3302 τῆς
3674 3239 3903 3314 ἀναῤῥη-

2295 3353 2460 3401 σεως,
2529 3342 2628 3384 τῶν
2702 3336 3001 3406 παραυτίκα
3064 3335 3230 3383 πόνων
3305 3331 3674 3404 ὑπερορῶντες.
3745 3329 3903 3381 Ούτω

2292 3434 2364 3496 τῷ
2423 3420 2699 3494 σπουδαίῳ
2752 3421 2845 3474 κάν
2894 3429 3034 3495 παρῇ
3095 3440 3146 3472 τι
3197 3428 3298 3473 τῶν
3363 3424 3702 3493 τραχυτέρων
3732 3462 3746 3486 ,
3803 3419 3904 3472 ούκ

2294 3513 2625 3572 έπισκοτήσει
2683 3514 2794 3583 (79)
2854 3521 2926 3583 τῷ
2982 3516 3211 3584 χαίρειν.
3268 3509 3492 3562 ΔιότιἩ
3553 3508 3730 3579 θλίψις
3773 3510 3904 3560 ύπο-

2291 3608 2452 3676 μονὴν
2508 3601 2905 3676 κατεργάζεται·
2962 3602 2992 3658 ἠ
3046 3596 3105 3652 δε
3152 3601 3384 3672 ὑπομονὴ
3446 3595 3691 3670 δοκιμὴν·
3750 3599 3780 3655 ἠ
3833 3593 3898 3650 δὲ

2295 3689 2488 3765 δοκιμὴ
2551 3687 2753 3743 ἐλπίδα·
2804 3693 2832 3747 ἠ
2886 3685 2946 3741 δε
2993 3687 3137 3750 έλπὶς
3174 3689 3233 3740 ού
3282 3690 3648 3760 καταισχύνει.
3683 3690 3770 3739 Διό
3799 3691 3896 3739 καὶ

2294 3781 2504 3854 έτέρωθι
2551 3788 2612 3851 τῇ
2669 3777 2840 3849 θλίψει
2887 3779 3173 3849 ὑπομένειν,
3225 3782 3313 3829 καὶ
3357 3785 3418 3848 τῇ
3471 3772 3644 3828 έλπίδι
3683 3780 3897 3849 χαίρειν

2293 3872 2436 3942 παρά
2477 3877 2568 3920 τοῦ
2613 3867 2773 3919 αύτού
2816 3867 3275 3938 προσετάχθημεν.
3321 3864 3490 3926 Ἐλπὶς
3539 3859 3626 3916 οὖν
3675 3863 3815 3916 ἐστιν
3858 3866 3894 3922 ἡ

2294 3964 2381 4017 τὴν
2402 3961 2577 4032 χαρὰν
2601 3961 2836 4010 σύνοικον
2852 3964 2914 4028 τῇ
2946 3955 3100 4028 ψυχῇ
3137 3965 3227 4007 τοῦ
3252 3951 3542 4007 σπουδαίου
3564 3955 3903 4028 παρασκευά-

2295 4049 2482 4109 ζουσα.
2539 4045 2666 4098 Ἀλλ’
2697 4045 2900 4106 όαύτός
2942 4044 3255 4107 Ἀπόστολος
3301 4049 3390 4096 καὶ
3447 4043 3640 4096 κλαίειν
3697 4051 3906 4117 χρῆναι

2293 4141 2433 4210 ἡμᾶς
2461 4138 2789 4210 προστάσσει
2826 4138 2956 4206 μετά
2998 4134 3294 4186 κλαιόντων·
3347 4137 3434 4184 καὶ
3465 4132 3719 4194 Γαλάταις
3759 4135 3905 4206 γρά-

2294 4248 2417 4298 φων,
2463 4226 2629 4278 ἔκλαιε
2672 4230 2790 4297 περὶ
2838 4232 2937 4275 των
2969 4222 3172 4298 ἐχθρῶν
3219 4231 3312 4275 τοῦ
3349 4230 3579 4294 σταυροῦ
3629 4230 3720 4274 τοῦ
3761 4229 3905 4293 Χρι-

2294 4324 2445 4371 στοῦ.
2492 4320 2591 4368 Καὶ
2620 4319 2671 4365 τί
2705 4310 2788 4366 δεῖ
2821 4313 2984 4384 λέγειν
3034 4312 3275 4388 Ἰερεμίαν
3319 4311 3604 4378 κλαίοντα;
3653 4316 3744 4362 καὶ
3801 4311 3905 4364 Ίε-

2295 4406 2468 4468 ζεκιὴλ
2529 4408 2749 4478 θρήνους
2822 4403 3092 4477 ἀρχόντων
3164 4402 3218 4455 ἐκ
3284 4405 3692 4477 προστάγματος
3764 4410 3906 4455 Θεοῦ

2291 4499 2575 4570 γράφοντα,
2636 4499 2725 4546 καὶ
2789 4493 3009 4554 πολλοὺς
3075 4489 3134 4546 δε
3181 4500 3280 4544 τῶν
3320 4491 3478 4563 ἀγιων
3536 4491 3903 4564 οἱμὼξονταςς

2295 4590 2474 4660 Οῖμοι,
2525 4593 2708 4659 μῆτερ,
2759 4588 2829 4645 ὡς
2867 4602 2982 4634 τινα
3028 4601 3091 4655 με
3141 4584 3305 4641 ἔτεκες
3354 4583 3501 4652 (80);
3562 4586 3673 4646 καὶ,
3717 4584 3902 4652 Οῖμοι,

2293 4679 2374 4730 ὅτι
2430 4675 2684 4729 ἀπόλωλεν
2739 4671 2960 4734 εὐλαϐὴς
3027 4670 3126 4724 ἀπὸ
3175 4679 3272 4734 τῆς
3319 4678 3439 4742 γῆς,
3493 4674 3584 4722 καὶ
3624 4672 3650 4722 ό
3703 4689 3904 4744 κατορ-

2387 4803 2430 4838 ﬂ
2458 4803 2628 4858 Rom.
2661 4803 2812 4867 v,3.
2931 4799 2979 4833 ιι
3011 4799 3182 4852 Rom.
3215 4761 3423 4859 χιιξη.
3535 4794 3893 4852 "Ibidis.

2514 4873 2562 4907 ⁸⁸
2593 4871 2811 4926 Jercm.
2846 4885 2940 4937 xv,
2973 4873 3056 4924 l0.

2293 4998 2634 5055 Lectionem
2657 4999 2980 5067 utramque
3000 4993 3182 5066 recipi
3208 5008 3407 5066 posse,
3432 5008 3636 5063 nemo,
3661 4992 3902 5067 opinor,

2292 5070 2480 5126 homo
2513 5083 2638 5123 non
2669 5066 2856 5121 videt.

2369 5143 2483 5211 (78)
2511 5139 2680 5211 Unus
2708 5137 2898 5193 codex
2927 5136 3095 5193 Colb.
3126 5142 3181 5193 et
3213 5137 3354 5192 editi
3377 5141 3552 5198 πόνοις
3573 5137 3906 5211 προεθισθέν-

2295 5209 2406 5266 τεσ.
2437 5211 2546 5266 Alii
2576 5209 2845 5282 quinque
2878 5225 3024 5264 mss.
3058 5211 3508 5282 προσεθισθέντες.

2365 5285 2481 5354 (79)
2521 5278 2766 5354 Veteres
2812 5287 3076 5352 quatuor
3098 5278 3241 5354 libri
3284 5281 3381 5354 οὐκ
3421 5279 3763 5354 intento-rion.
3795 5278 3904 5334 Alii

2297 5351 2420 5410 duo
2449 5360 2504 5409 et
2531 5352 2669 5409 editi
2700 5351 3057 5425 ἐπισκοτήσει.
3079 5355 3197 5408 Hoc
3216 5353 3345 5425 ipso
3371 5353 3430 5425 in
3451 5351 3584 5425 loco
3614 5358 3730 5406 tres
3757 5368 3902 5405 mss.

2297 5430 2356 5478 τὸ
2387 5431 2614 5499 χαίρειν.
2649 5424 2757 5478 Alii
2787 5423 3034 5499 totidem
3065 5440 3208 5479 mss.
3242 5423 3298 5477 et
3325 5423 3467 5499 editi
3497 5424 3568 5493 τῲ
3598 5428 3828 5499 χαίρειν,

2370 5494 2498 5564 (³-⁵οΥ
2521 5499 2682 5566 Unus
2710 5495 2900 5550 codex
2929 5497 3068 5566 Reg.
3102 5500 3333 5556 τέτοκας.
3367 5497 3495 5551 Mox
3525 5511 3680 5549 unus
3705 5494 3906 5550 'codex

2301 5567 2469 5626 Colb.
2500 5566 2574 5619 ἐπ’
2600 5565 2690 5618 ἀνθ
2695 5573 2908 5642 ρώποις,
