4124 6378
207 319 324 372 225

1287 309 1580 365 HOMlLlA
1620 308 1710 362 DE
1751 307 2160 362 GRATIARUM
2199 309 2523 364 ACTIONE.

3482 311 3588 366 226

212 443 318 494 θῶν
385 436 436 490 ἕν
483 435 775 512 ἀνθρώποις
837 432 952 486 ούκ“
1000 435 1132 486 ἔστι·
1201 437 1311 497 καὶ,
1373 435 1549 504 Οἶμοι,
1597 432 1676 482 ὃτι
1715 429 1820 501 ἐγε-

1953 431 2110 484 ieriit
2128 430 2266 498 pius
2298 436 2529 499 eterra,
2555 434 2609 484 et
2629 429 2734 499 qui
2762 435 2921 486 recte
2941 431 3157 500 faciat,
3175 433 3236 488 in
3258 432 3590 491 hominibus

1722 524 1822 572 Καὶ

211 619 345 680 ὅλως
371 617 490 688 (81)
517 615 790 690 ἕρεύνησον
818 616 914 675 τὰς
943 615 1112 685 φωνὰς
1158 620 1258 663 τῶν
1304 607 1543 675 δικαίων,
1590 611 1686 661 κᾶν
1722 611 1821 660 πού

207 533 378 602 νόμην
471 529 540 588 ὡς
635 526 870 597 συνάγων
963 522 1200 595 καλάμην
1289 520 1337 572 ἐν
1423 519 1629 594 ἀμήτῳ.

211 727 336 761 τινα
364 707 521 779 εύρης
575 706 1007 779 σκυθρωποτέραν
1038 705 1206 774 φωνήν
1256 698 1486 772 ἀφιέντα,
1531 701 1818 770 πεισθήσῃ,

215 799 302 849 ὃτι
331 797 520 856 πάντες
553 801 646 846 τοῦ
689 797 892 865 κόσμου
935 794 1122 844 τούτου
1154 795 1243 842 καὶ
1268 798 1363 852 τῆς
1405 789 1455 842 ἕν
1496 788 1636 858 αὐτῷ
1685 787 1822 848 ζωῆς

215 895 317 948 τῆς
377 881 644 942 δυστήνου
698 885 894 942 ταύτης
949 879 1449 939 καταστενάζουσιν.
1512 881 1688 950 Οἵμοι,
1745 877 1826 927 ὅτι

217 977 252 1033 ἡ
312 977 568 1047 παροικία
617 990 718 1044 μου
777 967 1095 1042 ἐμακρύνθη.
1167 967 1477 1041 Ἐπιθυμίαν
1544 969 1646 1040 γὰρ
1713 967 1826 1035 ἔχει

221 1061 482 1116 ἀναλῦσαι
509 1063 646 1132 (82),
694 1063 784 1111 καὶ
826 1063 920 1112 σὺν
953 1065 1168 1131 Χριστῷ
1208 1054 1357 1111 εἶναι.
1396 1056 1485 1117 Ὠς
1530 1051 1617 1106 οὖν
1671 1053 1824 1126 ἐμπό-

224 1149 340 1206 διον
368 1160 464 1213 τῆς
519 1156 717 1225 χαρᾶς,
758 1155 855 1210 τῆς
878 1151 1161 1222 παροικίας
1203 1149 1398 1207 ταύτης
1445 1150 1539 1204 τήν
1582 1147 1825 1219 παράτα-

229 1262 313 1296 σιν
338 1238 695 1314 δυσχεραίνει.
737 1234 903 1292 Δαϐὶδ
927 1235 985 1290 δὲ
1014 1242 1104 1290 καὶ
1147 1235 1196 1288 ἐν
1216 1237 1420 1310 μέλεσιν
1463 1237 1588 1308 ἡμῖν
1643 1237 1826 1309 θρῆνον

221 1340 316 1386 τοῦ
357 1331 502 1404 φίλου
545 1330 813 1382 κατέλιπεν
862 1328 1125 1382 Ἰωνάθανο
1183 1329 1223 1398 ᾧ
1273 1328 1695 1400 συναπεθρήνησε
1736 1330 1827 1377 καὶ

219 1426 310 1475 τὸν
353 1420 546 1494 ἐχθρὸν
603 1419 788 1473 ἑαυτοῦ
840 1419 977 1491 (83).
1049 1417 1214 1489 Ἀλγῶ
1291 1416 1374 1469 ἐπὶ
1450 1421 1554 1480 σοὶ,
1642 1412 1826 1486 ἀδελφέ

219 1531 344 1585 μου,
401 1510 666 1563 Ἰωνάθανο
721 1513 835 1575 καὶ,
883 1512 1177 1582 Θυγατέρες
1234 1505 1444 1578 Ἰσραήλ
1488 1508 1624 1576 (84),
1694 1507 1826 1577 θρη-

218 1605 417 1658 νήσατε
469 1597 553 1652 ἐπὶ
601 1597 783 1652 Σαούλ.
836 1599 936 1649 Τὸν
982 1598 1072 1668 μὲν
1118 1597 1220 1668 γὰρ
1272 1596 1464 1668 θρηνεῖ,
1513 1595 1582 1654 ὡς
1638 1591 1825 1644 ἐναπο-

223 1691 446 1741 θανόντα
469 1696 530 1760 τῇ
567 1685 820 1760 ἁμαρτίᾳ,
859 1689 947 1738 τὸν
979 1682 1038 1738 δὲ
1068 1685 1332 1747 Ἰωνάθαν,
1365 1686 1435 1744 ὡς
1481 1685 1645 1755 μέχρι
1691 1699 1824 1732 παν-

218 1781 310 1841 τὸς
340 1774 481 1849 αύτῷ
502 1781 893 1833 κοινωνήσαντα
919 1781 1011 1826 τοῦ
1045 1772 1188 1846 βίου.
1220 1777 1320 1825 Καὶ
1350 1776 1402 1824 τί
1441 1767 1525 1823 δεῖ
1579 1772 1647 1822 τὰ
1697 1767 1826 1820 ἄλλα

216 1866 418 1939 λέγειν;
472 1865 604 1919 Ἀλλ’
639 1861 900 1937 ἐδάκρυσε
921 1868 1011 1915 καὶ
1037 1865 1062 1914 ὁ
1093 1864 1284 1936 Κύριος
1312 1859 1396 1913 ἐπὶ
1427 1861 1656 1934 Λαζάρῳ
1685 1861 1822 1925 (85),

220 1955 485 2030 ἇδάκρυσε
507 1960 598 2008 καὶ
637 1953 720 2007 ἐπὶ
741 1953 1102 2028 Ἰερουσαλήμ.
1137 1957 1238 2005 Καὶ
1281 1950 1562 2024 μακαρίζει
1609 1945 1667 2001 δὲ
1705 1950 1826 2008 τοὺς

220 2048 560 2110 πενθοῦντας,
592 2049 684 2115 καὶ
709 2043 865 2096 πάλιν
892 2046 1012 2104 τούς
1043 2041 1332 2103 κλαίοντας.

297 2227 350 2280 4.
413 2227 516 2278 Καὶ
558 2230 669 2284 πῶς
719 2223 974 2295 σύμφωνα
1012 2226 1200 2287 ταῦτα,
1251 2223 1401 2292 φασὶ,
1444 2226 1537 2288 τῷ,
1605 2218 1832 2269 Πάντοτε

224 2318 480 2390 χαίρετε;
532 2307 674 2364 Ούδε
701 2313 803 2385 γὰρ
848 2309 904 2363 ἐκ
933 2317 1032 2363 τῶν
1062 2308 1230 2362 αὐτῶν
1275 2307 1455 2383 ἀρχῶν
1504 2304 1734 2381 δάκρυόν
1777 2323 1833 2358 τε

190 2409 320 2462 ,καὶ
363 2406 512 2478 χαρὰ
559 2407 653 2461 τήν
694 2405 895 2473 γένεσιν
943 2403 1154 2473 ἔχουσι.
1204 2403 1274 2453 Τὸ
1321 2403 1412 2472 μεν
1468 2400 1593 2473 γὰρ,
1638 2398 1742 2449 οἷον
1776 2394 1832 2447 ἐκ

224 2494 432 2565 πληγῆς
465 2495 574 2563 (86)
604 2510 761 2558 τινος,
807 2499 905 2552 τῆς
941 2487 1243 2562 προσϐολῆς
1281 2496 1373 2542 τοῦ
1418 2486 1706 2544 ἀϐουλήτου
1737 2490 1831 2544 τήν

225 2583 417 2655 ψυχήν
462 2584 745 2642 τύπτοντος
804 2583 896 2632 καὶ
955 2578 1342 2643 συστέλλοντος,
1393 2575 1830 2648 καταθλιϐομένου

225 2680 323 2726 τοῦ
370 2667 716 2746 περικαρδίου
772 2671 1083 2742 πνεύματος.
1159 2666 1536 2720 ἀποτίκτεσθαι
1590 2672 1829 2738 πέφυκε-ν

227 2765 260 2822 ἡ
297 2759 357 2815 δε
385 2763 534 2836 χαρὰ
561 2762 668 2812 οἷον
701 2760 966 2832 σκίρτημά
993 2762 1044 2810 τί
1063 2756 1178 2810 ἐστι
1216 2765 1312 2819 τῆς
1369 2755 1558 2828 ψυχῆς
1601 2755 1833 2827 ἐπαγαλ-

228 2851 447 2925 λομένης
507 2857 620 2912 τοῖς
643 2851 778 2900 κατὰ
832 2853 1061 2920 γνώμην.
1134 2845 1286 2899 Ὀθεν
1343 2849 1434 2898 καὶ
1490 2847 1555 2898 τὰ
1601 2850 1720 2920 περὶ
1775 2848 1832 2897 τὸ

233 2949 390 3014 σῶμα
416 2943 784 3013 συμπτώματα
810 2934 1104 3008 διενήνοχε.
1138 2943 1257 2998 Τοῖς
1305 2938 1394 3008 μεν
1423 2938 1526 3009 γὰρ
1569 2934 1833 3008 λυπουμέ-

225 3047 338 3092 νοις
364 3030 617 3102 ὖπωχρος
645 3031 735 3079 καὶ
763 3021 1004 3087 πελιδνὸς
1035 3030 1126 3077 καὶ
1154 3024 1544 3098 κατεψυγμένος
1587 3025 1612 3076 ὁ
1659 3028 1832 3095 ὄγκος⁹

230 3127 344 3180 τοῖς
399 3115 458 3172 δὲ
523 3113 954 3191 φαιδρυνομίνοις
992 3113 1282 3177 ἐξανθοῦσα
1329 3120 1419 3167 καὶ
1462 3115 1751 3191 ύπέρυθρος
1801 3115 1832 3172 ἠ

231 3215 326 3263 τοῦ
373 3211 615 3280 σώματος
642 3205 766 3272 ἕξις,
824 3209 1109 3277 μονονουχὶ
1161 3201 1424 3266 πηδώσης
1484 3212 1579 3266 τῆς
1627 3203 1835 3274 ψυχῆς,

235 3302 326 3351 καὶ
370 3298 774 3372 προωθουμένης
819 3293 906 3366 ὑφ’
953 3289 1150 3354 ἡδονῆς
1190 3293 1262 3355 εἰς
1306 3296 1366 3346 τὸ
1415 3293 1530 3356 ἔξω.
1583 3295 1719 3368 Πρὸς
1767 3289 1835 3350 δὴ

233 3393 404 3440 ταῦτα
428 3385 660 3461 ἐροῦμεν,
705 3384 788 3436 ὅτι
827 3386 918 3435 καὶ
965 3383 1014 3434 οἱ
1055 3384 1235 3455 θρῆνοι
1270 3387 1362 3434 καὶ
1407 3385 1472 3434 τὰ
1503 3378 1713 3457 δάκρυα
1740 3389 1840 3434 τῶν

236 3476 400 3548 ἁγίων
433 3472 527 3528 διὰ
554 3478 650 3533 τήν
677 3475 809 3547 πρὸς
840 3473 969 3526 Θεὸν
1006 3469 1214 3542 ἀγάπην
1267 3470 1531 3543 ἐγίγνοντο
1560 3471 1689 3542 (87).
1737 3470 1842 3525 Ἀεὶ

235 3561 326 3618 οὖν
376 3563 640 3638 ἐνορῶντες
687 3571 761 3634 τῷ
805 3559 1081 3632 ἀγαπητῷ,
1141 3565 1232 3612 καὶ
1277 3565 1373 3619 τήν
1411 3559 1597 3613 ἐκεῖθεν
1639 3561 1844 3623 ἑαυτοῖς

235 3653 559 3729 εὐφροσύνην
619 3649 976 3714 συναύξοντες,
1030 3651 1096 3702 τὰ
1150 3653 1269 3724 περὶ
1337 3652 1458 3712 τοὺς
1523 3645 1844 3722 ὁμοδούλους

235 3742 433 3796 ἑαυτῶν
507 3741 820 3813 ᾠκονόμουνο
892 3739 1193 3800 πενθοῦντες
1257 3741 1379 3800 τούς
1432 3737 1841 3812 ἁμαρτάνοντας,

236 3830 673 3906 ἓπανορθούμενοι
701 3828 893 3890 αύτούς
941 3823 1034 3880 διὰ
1080 3835 1178 3880 τῶν
1229 3823 1491 3902 δακρύων.
1535 3826 1734 3903 Ὠσπερ
1787 3826 1846 3881 δὲ

235 3925 290 3978 οἰ
318 3927 403 3976 επὶ
429 3930 530 3975 τῶν
556 3919 807 3993 αἰγιαλῶν
839 3919 946 3989 (88)
977 3917 1215 3980 ἑστῶτες,
1257 3925 1366 3980 τοῖς
1411 3916 1460 3970 ἓν
1507 3926 1569 3991 τῇ
1615 3919 1840 3993 θαλάττῃ

238 4010 651 4086 βαπτιζομένοις
679 4011 1109 4081 συμπάσχοντες,
1138 4008 1196 4060 ού
1227 4011 1492 4082 προΐενται
1528 4013 1622 4068 τήν
1653 4008 1844 4062 οἰκείαν

236 4100 523 4175 ἀσφάλειαν
580 4099 630 4153 ἕν
682 4107 746 4172 τῇ
806 4103 926 4174 περὶ
976 4106 1077 4150 τῶν
1125 4094 1528 4151 κινδυνευόντων
1582 4096 1842 4172 φροντίδι·

237 4192 407 4254 οὕτως
431 4186 556 4244 οὐδε
593 4191 643 4242 οἱ
671 4195 780 4252 τοῖς
811 4187 1159 4262 ἁμαρτήμασι
1198 4191 1308 4257 (89)
1359 4196 1460 4240 τῶν
1515 4188 1673 4251 πέλας
1729 4187 1848 4242 ἐπι..

239 4281 621 4353 στυγνάξοντες
649 4283 744 4337 τήν
775 4278 972 4330 οἰκείαν
1022 4275 1362 4349 ἀφανίζουσιν
1391 4277 1732 4352 εὐφροσύνην.
1777 4283 1847 4332 Τὸ

237 4370 464 4424 ἐναντίον
529 4372 619 4442 μεν
661 4365 770 4437 οὖν,
804 4371 895 4420 καὶ
940 4367 1156 4441 μείζονα
1209 4374 1449 4420 ποιοῦσιν
1492 4367 1674 4435 αὑτήν,
1721 4369 1848 4444 ὑπὲρ

313 4496 363 4532 ⁸⁵
392 4493 560 4553 Mich.
586 4509 683 4560 vn,
715 4497 774 4548 2.
860 4491 908 4528 ³³
937 4488 1087 4546 ibid.
1126 4495 1174 4546 1.

236 4585 323 4635 xx,
345 4572 413 4626 35
514 4568 557 4602 ⁴¹
591 4569 710 4622 Luc
739 4579 850 4631 xxx,
881 4566 974 4620 41.

1251 4490 1300 4525 ⁸⁸
1323 4490 1476 4547 Psal.
1511 4506 1656 4560 cxxx,
1683 4497 1736 4560 5,

316 4694 432 4766 (8h
459 4690 626 4766 Colb.
660 4689 866 4746 tertius
895 4692 987 4766 atati
1005 4686 1144 4766 ὅλοις,
1166 4693 1444 4766 squitur?
1465 4689 1710 4746 tandem
1732 4705 1853 4746 om-

241 4758 348 4823 nes
373 4779 541 4851 voces
575 4764 906 4834 justorum.
957 4763 1165 4818 Statim
1196 4758 1340 4816 editi
1391 4760 1578 4833 εὕροις.
1632 4766 1705 4817 At
1745 4777 1855 4818 sex

239 4854 393 4895 mss.
429 4855 550 4898 ευρη
564 4853 605 4898 ς.

319 4855 952 4979 ῗὲξῗκῗέιὲτθεβιίςυοι
987 4901 1125 4961 libri
1152 4906 1209 4960 et
1237 4902 1380 4961 editi
1418 4905 1532 4977 ἔχει
1576 4903 1850 4958 ἀναλῦσαι.

240 4975 498 5061 magno
529 4975 980 5061 amasset.-

319 5045 694 5125 (83)_Antiqui
721 5053 838 5104 tres
861 5047 969 5125 _l_i_hi
991 5046 1189 5125 ἐχθρὸν
1205 5046 1397 5125 ,αύτοιᾎ
1421 5045 1652 5106 Ibidem
1670 5047 1856 5106 iidem

319 5066 431 5125 (837
453 5066 694 5122 Anthm
721 5066 838 5104 tres
863 5066 969 5104 um
998 5066 1095 5120 εχυ
1135 5067 1189 5100 ον
1217 5066 1389 5100 αυτου.

242 5140 397 5182 mss.
424 5121 561 5196 ἀλγῶ
593 5120 676 5174 ἐπὶ
706 5125 789 5196 σοί
811 5118 921 5196 Ali_i
947 5123 1006 5196 et
1031 5066 1174 5175 editi
1197 5117 1280 5196 ἐπὶ
1313 5121 1389 5196 σε..

317 5198 434 5265 (84)
464 5189 628 5252 Unus
649 5192 840 5249 codex
869 5189 1038 5265 Colb.
1063 5207 1202 5265 cum
1219 5190 1416 5262 Regiis
1437 5189 1633 5265 primo
1654 5195 1710 5248 et
1731 5195 1859 5265 ter-

242 5261 336 5326 ῑίό
356 5272 414 5323 et
441 5281 578 5322 cum
612 5263 923 5338 impressis
955 5261 1130 5338 libris
1174 5261 1457 5338 _9u7aripf§
1497 5261 1858 5338 Ἱερουσαλήμ,

242 5333 759 5410 ﬁliacJerusaleﬁz.
782 5339 856 5410 At
871 5334 1038 5410 (ζου).
1055 5333 1286 5410 tertius,
1309 5333 1532 5410 et'Beg.
1555 5333 1862 5410 secundus

247 5403 792 5490 ξῃατέρεςίσραὴλ,
816 5408 965 5490 filiae
1007 5407 1236 5490 Israet’;
1276 5410 1337 5490 et
1369 5403 1755 5490 Iita’quoque
1798 5406 1862 5462 in

242 5476 506 5562 yulgaia
531 5476 770 5562 legitur,
808 5483 865 5534 et
895 5477 1061 5558 apud
1094 5476 1861 5562 Liix:'0uicunque_autem

191 5620 209 5631 γ
243 5554 346 5631 ille
365 5547 481 5620 Est,
513 5547 902 5631 qui__primus
935 5547 1183 5631 scripsit
1225 5547 1590 5631 Ἰερουςαλήμ,
1639 5549 1863 5630 idcirco

244 5619 473 5702 lapsus
495 5619 897 5696 credi'potest,
925 5619 1116 5693 quod,
1136 5619 1614 5688 cum'scriber'et,
1643 5619 1863 5679 memi-

1814 4494 1859 4528 ³⁷
1885 4492 2028 4550 Phili

1051 4563 1098 4598 ⁸³
1126 4561 1328 4631 Matth,
1359 4579 1416 4634 ν,
1453 4567 1523 4632 5;
1558 4567 1696 4620 Luc.
1725 4581 1802 4633 vx,
1834 4569 1925 4622 2t.

1929 535 2051 573 non
2081 520 2250 588 est“,
2287 523 2380 574 et:
2407 518 2705 586 Heimihi,
2744 520 2885 589 quia
2903 519 3106 586 factus
3145 537 3275 576 sum
3299 525 3452 578 sicut
3486 526 3592 595 qui

1931 613 2259 678 congregat
2280 608 2567 677 slipulam
2598 611 2662 662 in
2683 623 2866 664 messe
2887 609 2956 664 ³³.
3000 610 3064 664 Et
3091 615 3153 664 ut
3168 611 3352 666 verbo
3365 611 3588 678 dicam,

1930 702 2309 768 perscrutare
2339 712 2515 751 voces
2541 697 2864 766 justorum,
2891 702 2946 751 et
2971 697 3162 752 sicubi
3193 700 3457 771 reperias
3486 701 3593 770 qui

1931 785 2161 841 emittat
2180 801 2392 841 vocem
2415 784 2958 851 tristiorem,nullus
2981 785 3015 840 d
3029 785 3288 842 ubitabis
3310 788 3456 860 quin
3475 790 3592 860 28

1932 889 2146 929 omnes
2174 874 2474 929 mundum
2501 873 2685 938 hunc,
2719 877 2775 928 et
2804 873 3090 928 miseram
3133 875 3322 930 vitam
3369 893 3506 949 quae
3533 878 3594 932 in

1933 979 2004 1018 eo
2035 964 2252 1034 agitur,
2275 963 2606 1034 deplorent.
2622 963 2756 1018 Heu
2777 963 3105 1034 mihi,quia
3121 964 3419 1020 ineolatus
3431 983 3596 1023 meus

1925 1055 2333 1123 prolongata:
2355 1059 2438 1108 est
2456 1053 2524 1105 ³⁸.
2547 1051 2843 1106 Nimirum
2865 1052 3031 1123 cupit
3059 1052 3326 1124 dissolvi,
3377 1060 3431 1111 et
3465 1071 3595 1111 esse

1933 1159 2072 1198 cum
2094 1142 2326 1199 Christo
2340 1145 2409 1195 ³⁷.
2439 1145 2646 1214 Itaque
2677 1141 2788 1197 fert
2807 1157 2962 1214 aegre
2985 1143 3166 1213 hujus
3190 1144 3488 1201 incolatus
3511 1145 3598 1201 di-

1931 1229 2240 1298 lationem,
2276 1237 2570 1304 tanquam
2601 1247 2738 1304 quae
2780 1230 3215 1302 impedimento
3245 1233 3320 1288 sit
3349 1235 3595 1303 gaudio.

1935 1323 2002 1376 Et
2031 1322 2215 1377 David
2236 1335 2484 1393 quoque
2515 1320 2758 1392 reliquit
2793 1321 2972 1376 nobis
3011 1321 3072 1376 in
3112 1323 3360 1378 canticis
3397 1325 3595 1396 prola-

1933 1417 2058 1468 tam
2072 1411 2147 1466 de
2165 1413 2364 1466 amico
2388 1427 2500 1466 suo
2516 1411 2840 1466 Jonatham
2861 1409 3375 1482 lamentationem,
3394 1414 3454 1469 in
3474 1425 3598 1486 qua

1935 1501 2114 1557 simul
2135 1506 2191 1556 et
2212 1501 2522 1556 inimicum
2546 1517 2724 1554 suum
2741 1500 2912 1557 luxit.
2932 1501 3111 1556 Doleo
3123 1517 3304 1570 super
3323 1505 3600 1573 tefrater

1932 1591 2403 1659 mi,.lonathan”
2425 1607 2439 1658 ;
2463 1595 2520 1644 et
2543 1606 2554 1643 :
2574 1590 2755 1645 Piliae
2774 1589 3177 1659 Israel,super
3212 1590 3364 1647 Saul
3375 1594 3596 1661 ﬂete”.

1934 1681 2104 1735 Hunc
2125 1679 2374 1752 quidem
2398 1678 2583 1748 luget,
2601 1683 2667 1734 ut
2688 1685 2932 1749 peccato
2953 1679 3379 1735 immortuum:
3413 1684 3597 1738 Jona-

1866 1790 1906 1844 B
1936 1769 2081 1824 than
2105 1784 2272 1835 vero,
2298 1773 2362 1823 ut
2382 1767 2693 1822 hominem
2725 1767 2839 1822 sibi
2868 1783 2976 1840 per
3001 1773 3188 1823 totam
3233 1769 3420 1825 vitam
3459 1787 3598 1826 con-

1931 1859 2406 1932 junctissimum.
2431 1857 2582 1923 Quid
2617 1862 2818 1913 autem
2859 1858 3068 1914 attinet
3096 1865 3311 1914 caetera
3359 1876 3602 1932 percen-

1939 1950 2118 2005 sere?
2157 1948 2476 2004 Enimvero
2510 1948 2799 2004 Dominus
2828 1948 2960 2019 ipse
2999 1947 3164 2003 ﬂevit
3191 1950 3373 2004 etiam
3418 1967 3602 2025 super

1941 2043 2231 2096 Lazarum
2255 2039 2301 2073 ‘°
2333 2044 2389 2094 et
2419 2053 2600 2110 super
2627 2037 2961 2093 Jerusalem
2992 2040 3059 2093 ".
3091 2039 3206 2095 Sed
3235 2044 3294 2095 et
3327 2040 3603 2113 lugentes

1939 2143 2012 2186 ac
2041 2129 2253 2184 ﬂentes
2282 2127 2490 2182 itidem
2513 2127 2802 2200 praedicat
2831 2127 3048 2182 beatos
3067 2130 3136 2184 δ’.

2011 2221 2065 2274 Ii.
2098 2217 2234 2287 Sed,
2267 2217 2571 2289 inquiunt,
2606 2215 2920 2288 quomodo
2948 2216 3078 2272 ﬁeri
3117 2222 3333 2290 potest,
3367 2224 3432 2275 ut
3472 2220 3604 2277 haec

1940 2307 2333 2366 concilientur
2353 2323 2489 2362 cum
2513 2306 2708 2362 verbis
2730 2306 2863 2375 illis,
2882 2307 3126 2377 Semper
3140 2310 3474 2379 gaudete“.
3495 2313 3603 2366 Ne-

1939 2415 2060 2473 que
2085 2397 2246 2454 enim
2268 2397 2554 2469 lacryms:
2574 2401 2632 2452 et
2653 2397 2944 2467 gaudium
2964 2414 3037 2453 ex
3058 2398 3268 2454 iisdem
3293 2399 3606 2474 principiis

1940 2489 2173 2545 ducunt
2191 2503 2248 2542 οι
2263 2486 2507 2556 iginem.
2534 2489 2682 2542 Nam
2701 2502 3050 2558 compresso
3067 2488 3225 2543 circa
3246 2505 3350 2545 cor
3370 2490 3600 2562 spiritu,

1943 2583 2000 2634 et
2026 2581 2371 2647 angustato,
2411 2575 2698 2648 lacrymaa
2739 2591 2813 2630 ex
2850 2576 3182 2648 improviso
3212 2594 3356 2634 casu
3388 2595 3604 2650 percu-

1943 2669 2125 2722 tiente
2145 2665 2438 2734 animam,
2457 2680 2716 2736 eamque
2729 2666 3140 2732 contrahente,
3155 2667 3319 2722 velut
3337 2684 3410 2723 ex
3423 2668 3608 2740 plaga

1943 2755 2212 2830 quadam
2237 2755 2375 2810 oriri
2393 2770 2787 2811 consuevere:
2813 2755 3105 2825 gaudium
3127 2772 3266 2811 vero
3279 2761 3367 2813 est
3387 2758 3607 2814 animee

1944 2845 2025 2902 ob
2050 2861 2147 2901 res
2178 2860 2248 2900 ex
2283 2844 2580 2899 sententia
2601 2843 2993 2899 succedentes
3019 2845 3327 2914 gestientis
3353 2845 3609 2918 quidam

1945 2935 2120 3007 quasi
2161 2933 2370 2990 saltus.
2451 2933 2597 2988 Hinc
2654 2932 2944 2988 differunt
3002 2935 3270 3006 corporis
3333 2940 3609 3008 sympto-

1946 3029 2130 3079 mata.
2159 3023 2381 3078 Tristes
2415 3022 2665 3094 quidem
2699 3021 3107 3093 subpallidam
3138 3021 3511 3096 lividamque
3536 3040 3610 3081 ac

1946 3113 2242 3184 rigentem
2267 3111 2499 3167 habent
2517 3111 2786 3183 corporis
2811 3110 3034 3166 molem
3059 3128 3072 3166 :
3096 3113 3254 3168 inest
3273 3130 3414 3169 vero
3439 3113 3609 3170 efﬂo-

1947 3218 2188 3260 rescens
2227 3200 2512 3274 quadam
2552 3207 2607 3256 et
2653 3200 2957 3256 subrubra
3004 3203 3274 3274 corporis
3314 3203 3611 3260 habitudo

1949 3292 2099 3348 laetis
2123 3296 2181 3347 et
2201 3290 2511 3360 hilaribus,
2543 3291 2751 3346 anima
2780 3293 3016 3346 tantum
3041 3307 3164 3347 non
3185 3293 3530 3365 prosiliente
3556 3297 3614 3350 et

1949 3387 2382 3455 prorumpente
2399 3380 2477 3436 ad
2495 3381 2791 3436 exteriora
2806 3396 2929 3453 prie
2951 3380 3275 3454 voluptate.
3301 3385 3516 3439 Verum
3533 3383 3614 3440 ad

1951 3472 2081 3528 hinc
2111 3472 2404 3541 dicemus,
2442 3469 2610 3542 quod
2648 3469 3112 3526 lamentationes
3145 3477 3491 3528 sanctorum
3519 3473 3612 3530 la-

1952 3577 2300 3633 crymaaque
2327 3577 2400 3616 ex
2433 3559 2532 3615 Dei
2578 3575 2785 3615 amore
2817 3561 3379 3632 proﬁciscebantur.
3409 3567 3614 3636 Itaque

1951 3650 2145 3708 oculis
2159 3649 2221 3705 in
2243 3649 2528 3704 dilectum
2542 3664 2784 3721 semper
2804 3649 3142 3717 intentis,ac
3162 3651 3365 3707 laetitia
3384 3652 3614 3722 majore

1955 3740 2072 3796 sibi
2102 3740 2242 3795 inde
2257 3737 2578 3794 accedente
2597 3737 2892 3794 curabant
2912 3754 3006 3794 res
3027 3755 3450 3796 conservorum
3474 3757 3615 3797 suo-

1953 3827 3179 3901 rum,deﬂebantipsospeccantes,eosque
3192 3845 3298 3902 per
3311 3829 3614 3903 lacrymas

1955 3917 2391 3975 emendabant.
2426 3916 2958 3983 Quemadmodum
2989 3926 3190 3974 autem
3216 3919 3321 3991 qui
3341 3936 3403 3975 1n
3423 3921 3617 3977 littore

1955 4007 2290 4076 stant,dum
2311 4023 2523 4064 eorum
2543 4009 2650 4080 qui
2670 4009 2731 4063 in
2762 4008 2916 4064 mari
2944 4007 3418 4080 submerguntur
3446 4027 3617 4067 com-

1957 4099 2374 4164 miserescunt,
2414 4097 2799 4153 securitatem
2839 4113 3012 4153 suam
3050 4113 3174 4154 non
3206 4099 3505 4166 amittunt,
3537 4100 3618 4157 ob

1956 4189 2119 4246 hanc
2150 4203 2326 4244 suam
2354 4186 2430 4243 de
2463 4186 2943 4259 periclitantibus
2987 4187 3453 4247 sollicitudinem
3480 4208 3492 4246 :
3539 4192 3621 4250 ita

1959 4278 2066 4352 qui
2083 4277 2504 4350 proximorum
2525 4275 2751 4332 deﬂent
2764 4280 3218 4348 peccata,suam
3238 4279 3508 4351 ipsorum
3525 4280 3623 4337 lte-

1959 4368 2153 4425 titiam
2173 4367 2422 4424 minime
2450 4365 2829 4440 disperdunt.
2859 4367 2988 4424 Imo
3009 4368 3190 4425 etiam
3217 4369 3624 4445 adaugentip—

2003 4492 2142 4600 iipp.
2162 4497 2315 4575 1,23.
2394 4493 2440 4528 ιε
2473 4495 2516 4548 ιι
2541 4494 2682 4564 Reg.
2707 4510 2744 4561 ι,
2767 4495 2859 4549 26.
2936 4493 2986 4528 ³ο
3011 4491 3159 4549 ibid.
3184 4497 3276 4550 2i.

2003 4568 2024 4600 8
2084 4566 2318 4600 I)lunl.r\v\
2371 4582 2429 4600 ιτγ
2482 4568 2513 4600 ι.

2083 4566 2339 4638 Philipp.
2371 4582 2450 4632 iv,
2480 4568 2536 4622 4.

3353 4497 3400 4531 ⁸ο
3429 4497 3620 4554 Joan.

1962 4689 2118 4768 perit
2155 4689 2498 4768 verborum_
2527 4688 2768 4768 illorum
2792 4691 3274 4768 _Luc_1tgi_rir,_28:
3331 4697 3624 4768 Θυγατέρες

1961 4758 2322 4836 Ἰερουσαλήμ,
2350 4766 2421 4834 μή
2451 4761 2650 4814 κλαίετε
2681 4759 2756 4813 ἐπ’
2784 4759 2890 4834 ἐμέ.
2924 4761 3103 4817 Filiae
3130 4758 3491 4832 Jerusalem,
3523 4758 3626 4822 ἠο-

1967 4835 2072 4890 lite
2087 4836 2234 4904 ﬂere
2252 4849 2434 4903 super
2456 4850 2567 4891 me.

2037 4902 2150 4978 (8'5);
2179 4902 2418 4978 veteres
2448 4911 2714 4978 quatuor
2735 4903 2874 4978 libri
2904 4902 2986 4957 ἐπὶ
3013 4905 3262 4978 Λαζάρου
3288 4905 3488 4978 ίΙηίιια,
3519 4907 3628 4966 ubi

1964 4976 2109 5106 {aditi
2141 4976 2365 5066 habent
2385 4975 2535 5050 φασί,
2567 4978 2630 5034 in
2659 4975 2960 5033 veteribus
2989 4975 3258 5050 quinque
3284 4977 3452 5034 libris
3475 4975 3626 5050 legi-

1993 5065 2064 5105 ur
2091 5069 2242 5106 φησι.

1993 5065 2064 5105 ur
2091 5053 2242 5120 φησί.

2039 5117 2155 5194 (86)
2188 5119 2670 5194 Colbertiniuduo
2707 5117 2949 5176 codices
3005 5117 3060 5171 ἐκ
3111 5129 3305 5194 πηγῆς,
3332 5124 3508 5194 quasi
3553 5139 3630 5181 ea:

1968 5192 2174 5266 aliquo
2198 5194 2386 5262 fonte.
2431 5191 2541 5266 Alii
2571 5191 2840 5264 quinque
2878 5208 3025 5247 mss.
3057 5196 3115 5247 et
3151 5193 3294 5249 editi
3324 5191 3379 5246 es.
3431 5205 3627 5266 πηγῆς,

1969 5279 2043 5321 ea:
2070 5265 2262 5334 plaga
2299 5265 2586 5336 quadam.

2043 5329 2156 5406 (87)
2181 5329 2324 5406 Reg:
2357 5335 2662 5392 secundus
2694 5329 2788 5386 διὰ
2816 5342 2911 5396 τῆς
2940 5337 3070 5408 πρὸς
3093 5339 3222 5390 Θεὸν
3266 5335 3477 5410 ἀγάπης
3515 5337 3629 5410 ἕγί-

1968 5426 2134 5461 νοντο.

2043 5481 2154 5548 (88)
2183 5477 2384 5535 Codex
2410 5493 2580 5550 unus
2604 5477 2693 5550 riui
2723 5479 2809 5550 τὸν
2832 5477 3087 5550 αἰγιαλόν.

2041 5553 2158 5623 (89)
2178 5549 2420 5623 Antiqui
2454 5557 2570 5606 tres
2601 5549 2738 5606 libri
2768 5557 2879 5612 τοῖς
2899 5551 3278 5622 ἁμαρτάνουσι.
3326 5551 3439 5608 Alii
3482 5568 3629 5611 mss.

1972 5624 2029 5678 et
2049 5621 2194 5678 editi
2222 5620 2592 5695 ἁμαρτήμασι.
