4124 6380
236 317 342 371 229

1298 311 1592 372 HOMILIA
1631 312 1721 368 DE
1761 308 2168 369 GRATIARUM
2205 314 2532 372 ACTIONE.

3489 323 3600 378 230

240 443 388 493 σικόν
443 449 505 513 τῇ
569 443 726 514 σαρκὶ
784 436 1109 512 ἐπιγίνεσθαι
1167 441 1466 512 σύμπτωμα
1523 444 1838 511 συγχωρῶν.

1966 435 2314 507 lefatigatus
2341 443 2428 495 est
2448 455 2520 495 ex
2542 439 2747 496 itinere
2769 441 2838 507 ‘7,
2862 441 3150 497 musculis
3165 458 3236 499 ac
3254 444 3450 500 nervis
3469 443 3610 518 plus

235 529 398 605 Ὀπερ
447 528 742 603 συμϐαίνει,
795 530 915 581 ὅταν
963 532 1030 582 τὰ
1075 529 1190 600 (96)
1233 528 1382 581 κοῖλα
1419 535 1510 580 τοῦ
1541 526 1841 599 ἐγκεφάλου,

237 628 338 672 τῶν
391 618 447 672 ἐκ
497 628 594 680 τῆς
639 619 809 681 λύπης
866 617 1260 691 ἀναθυμιάσεων
1315 619 1671 693 πληρωθέντα,
1740 617 1846 668 οἷον

240 703 310 762 δι’
364 708 564 781 ὀχετῶν
630 728 781 761 τινων
829 716 930 760 τῶν
982 711 1119 760 κατά
1172 712 1295 770 τοὺς
1347 707 1637 781 ὁφθαλαοός
1677 710 1847 779 πόρων

236 805 327 851 τοῦ
358 798 522 871 ύγροῦ
551 800 610 852 τὸ
660 796 823 871 βάρος
864 795 1313 859 ἀποσκευάζηται.
1343 796 1495 851 ’Ὀθεν
1527 794 1658 870 ἧχοί
1694 815 1846 865 τινες,

236 892 324 940 καὶ
385 887 599 960 ἵλιγγοι,
650 891 740 939 καὶ
799 892 1085 949 σκοτώσεις
1137 886 1222 940 ἐπὶ
1270 894 1388 950 ταῖς
1434 884 1713 949 ἀδοκήτοις
1749 894 1850 938 τῶν

237 975 479 1050 λυπηρῶν
530 973 716 1037 ἀκοαῖς
761 974 1072 1048 ἐγγίνονται,
1122 973 1562 1051 περιδονουμένης
1616 984 1712 1038 τῆς
1770 993 1852 1028 κε-

240 1065 404 1140 φαλῆς
451 1066 553 1118 ὑπὸ
601 1072 703 1118 τῶν
747 1063 922 1138 ἀτμῶν
952 1069 1092 1137 (97),
1125 1065 1215 1128 οὓς
1261 1069 1291 1126 ἠ
1345 1065 1428 1119 ἐπὶ
1474 1070 1533 1119 τὸ
1567 1065 1735 1139 βάθος
1758 1071 1850 1118 τοῦ

245 1157 429 1229 θερμοῦ
482 1153 714 1213 συστολὴ
777 1151 1087 1228 ἀναπέμπει.
1147 1152 1296 1224 Εἶτα,
1347 1152 1514 1229 οἶμαι,
1566 1157 1741 1230 ὥσπερ
1790 1157 1849 1208 τό

243 1249 382 1318 νέφος
429 1244 499 1306 εἰς
545 1239 776 1314 ψεκάδα,
819 1243 984 1308 οὕτως
1031 1247 1090 1296 τό
1137 1247 1316 1318 πάχος
1362 1247 1480 1315 (98)
1517 1254 1618 1298 τῶν
1675 1244 1852 1318 ἀτμῶν

243 1333 312 1396 εἰς
366 1329 596 1408 δάκρυον
651 1331 942 1389 διαλύεται.
989 1332 1166 1388 Ἐνθεν
1223 1339 1318 1387 καὶ
1377 1331 1541 1394 ἡδονή
1602 1340 1680 1388 τίν
1737 1335 1850 1390 ἐστι

240 1428 347 1484 τοῖς
398 1419 740 1495 λυπουμένοις
789 1426 911 1497 περί
953 1422 1042 1476 τόν
1101 1425 1308 1497 θρῆνον,
1361 1424 1711 1488 λανθανόντως
1756 1422 1850 1478 διὰ

239 1518 328 1564 τοῦ
374 1510 571 1564 κλαίειν
617 1516 922 1585 κενουμένου
971 1512 1153 1574 αὐτοῖς
1196 1521 1288 1566 τοῦ
1339 1512 1674 1588 βαρύνοντος.
1729 1522 1849 1568 Συν-

242 1604 427 1660 ίστησι
458 1596 517 1654 δὲ
544 1609 638 1654 τοῦ
666 1601 823 1674 λόγου
861 1605 920 1655 τὸ
950 1601 1138 1665 ἀληθὲς
1167 1605 1197 1662 ἠ
1236 1609 1392 1675 πεῖρα
1415 1612 1515 1656 τῶν
1545 1608 1843 1677 γινομένων.

239 1689 463 1754 Πολλοὺς
503 1694 605 1767 γὰρ
665 1694 887 1764 ἔγνωμεν
939 1691 988 1744 ἐν
1038 1701 1332 1768 συμφοραῖς
1379 1691 1683 1757 ἀνηκέστοις
1723 1693 1847 1747 ἀπο-

1952 543 2130 600 aequo
2151 527 2448 595 distentis,
2469 545 2588 584 non
2613 530 3046 585 succumbente
3063 531 3255 587 labori
3276 533 3609 602 divinitate,

1955 617 2061 673 sed
2092 633 2344 690 corpore
2386 634 2523 690 quae
2552 618 2740 691 ipsius
2779 623 3058 674 naturam
3107 620 3383 677 comitari
3416 622 3612 680 solent

1956 708 2344 780 suscipiente:
2363 708 2522 763 hunc
2539 707 2617 763 ad
2633 707 2772 764 mod
2782 724 2884 763 um
2901 707 3144 765 admisit
3157 726 3402 782 quoque
3421 711 3614 784 lacry-

1957 813 2110 862 mas,
2133 797 2300 853 carni
2326 797 2532 854 sineris
2553 796 2828 854 accidere
2855 797 3025 870 quod
3060 798 3111 855 ei
3150 803 3276 855 erat
3315 801 3610 858 naturale.

1959 890 2079 943 Hoc
2107 891 2312 943 autem
2345 887 2636 959 contingit
2657 891 2788 943 tum
2824 903 2965 942 cum
3005 887 3236 944 cerebri
3265 905 3437 952 cava,
3459 891 3615 947 exci-

1960 978 2096 1034 tatis
2134 994 2171 1034 a
2200 977 2439 1034 tristitia
2480 976 2813 1050 vaporibus
2858 976 3096 1045 referta,
3146 993 3253 1050 per
3299 978 3614 1037 oculorum

1958 1071 2196 1124 meatus
2221 1067 2384 1123 velut
2409 1083 2518 1142 per
2547 1065 2852 1140 quosdam
2884 1065 3129 1124 canales
3159 1067 3429 1124 humoris
3455 1084 3612 1125 onus

1957 1161 2226 1229 egerunt.
2264 1156 2676 1223 Quamobrem
2705 1173 2844 1215 cum
2869 1172 2965 1212 res
2997 1171 3216 1226 graves
3247 1173 3318 1212 ac
3349 1157 3615 1215 molestae

1957 1253 2175 1319 preter
2195 1247 2708 1321 exspectationem
2744 1247 3094 1315 audiuntur,
3116 1246 3183 1302 ﬁt
3207 1247 3458 1303 tinnitus
3487 1248 3618 1320 qui-

1957 1337 2121 1404 dam,
2145 1337 2517 1409 vertigoque,
2542 1340 2598 1392 et
2622 1334 2938 1392 oculorum
2963 1335 3154 1405 caligo
3178 1351 3190 1390 :
3216 1336 3515 1408 siquidem
3535 1335 3615 1393 ob

1955 1442 2214 1498 vapores
2235 1441 2390 1499 quos
2411 1425 2575 1481 calor
2593 1425 2653 1480 in
2687 1424 2971 1480 interiora
3007 1429 3351 1480 contractus
3372 1441 3616 1482 sursum

1956 1515 2434 1587 emittit,vacillat
2453 1519 2636 1586 caput
2653 1520 2710 1570 et
2731 1514 3178 1583 circumagitur.
3202 1514 3444 1584 Deinde,
3478 1531 3617 1572 mea

1955 1605 2202 1678 quidem
2227 1602 3070 1676 sententia,quemadmodum
3089 1601 3285 1658 nubes
3307 1603 3367 1658 in
3389 1607 3617 1674 guttas,

1956 1695 2040 1750 sic
2061 1711 2278 1750 crassae
2294 1709 2588 1765 vaporum
2613 1697 2810 1764 partes
2831 1691 3617 1764 resolvunturinlacrymas.

241 1780 429 1844 στάξαι
493 1783 552 1833 τὸ
622 1776 852 1856 δάκρυον
918 1779 1112 1854 βιαίως
1158 1781 1668 1856 ἐγκαρτερήσαντας·
1736 1781 1848 1837 εἶτα

1966 1785 2106 1840 Hinc
2135 1783 2316 1839 etiam
2340 1780 2622 1854 voluptas
2645 1781 2931 1854 quaedam
2959 1781 3112 1837 inter
3140 1780 3472 1851 lugendum
3499 1781 3615 1852 30

236 1873 356 1932 τοὺς
398 1872 488 1942 μὲν
537 1869 610 1933 εἰς
658 1868 922 1930 ἀνήκεστα
963 1869 1282 1944 ἐμπεσόντας
1323 1874 1490 1940 πάθη,
1519 1871 1847 1938 ἀποπληξίας

237 1958 267 2018 ἣ
314 1957 659 2032 παραλύσεις,
714 1962 838 2022 τοὺς
890 1955 968 2027 δὲ,
1013 1963 1106 2012 καὶ
1153 1960 1413 2023 παντελῶς
1456 1959 1843 2033 ἀποψύξαντας,

237 2047 412 2120 ὥσπερ
444 2046 750 2122 ἐρείσματος
786 2047 1036 2110 ἀσθενοῦς
1074 2051 1210 2120 (99),
1243 2057 1339 2112 τῆς
1380 2047 1648 2124 δυνάμεως
1678 2053 1847 2104 αὐτῶν

236 2144 308 2207 τῷ
355 2134 511 2213 βάρει
561 2145 658 2200 τῆς
697 2136 867 2198 λύπης
910 2137 1353 2201 ὑποκλασθείσης.
1398 2138 1464 2192 Ὀ
1501 2144 1600 2214 γὰρ
1643 2139 1726 2194 ἐπὶ
1754 2150 1849 2204 τῆς

238 2224 428 2298 φλογὸς
479 2227 603 2302 όρᾷν
651 2225 902 2299 ὑπάρχει,
949 2227 1050 2280 ὑπὸ
1098 2235 1191 2280 τοῦ
1241 2229 1432 2281 οἰκείου
1459 2230 1620 2288 αύτὴν
1651 2239 1848 2284 καπνοῦ

236 2317 674 2388 καταπνίγεσθαι,
707 2319 778 2388 μὴ
808 2315 1125 2386 ὑπεξιόντος,
1159 2315 1286 2370 ἀλλὰ
1313 2323 1432 2392 περὶ
1475 2319 1638 2380 αὐτὴν
1683 2321 1850 2375 εἱλου-

236 2409 416 2477 μένου,
445 2409 600 2458 τοῦτό
631 2425 762 2477 φασι
803 2410 894 2459 καὶ
931 2404 1015 2458 ἐπὶ
1062 2416 1157 2470 τῆς
1201 2407 1580 2481 οἰκονομούσης
1617 2414 1676 2462 τὸ
1719 2412 1850 2472 ζῶον
1888 2476 1892 2478 ἓ

240 2490 514 2566 δυνάμεως
577 2494 838 2566 γίνεσθαι·
895 2493 1352 2568 ἀπομαραίνεσθαι
1417 2499 1519 2571 γὰρ
1588 2499 1688 2551 ύπό
1750 2509 1850 2551 τῶν

238 2578 537 2658 ὀδυνηρῶν,
585 2587 677 2635 καὶ
725 2582 1200 2653 κατασϐέννυσθαι,
1258 2581 1526 2661 μηδεμιᾶς
1576 2592 1850 2662 γινομένης

238 2669 324 2726 ἐπί
357 2675 415 2724 τὸ
446 2671 541 2735 ἔξω
573 2669 849 2736 διαηοῆς.

1956 1872 2188 1930 accedit
2216 1869 2631 1936 maerentibus,
2661 1869 2806 1941 quia
2834 1868 3000 1941 quod
3023 1868 3193 1940 ipsos
3214 1867 3617 1939 aggravabat,

1955 1961 2015 2018 id
2041 1961 2292 2018 latenter
2335 1975 2443 2032 per
2472 1957 2776 2031 ploratum
2808 1958 3119 2029 ejectatur.
3155 1959 3376 2012 Horum
3416 1961 3619 2014 autem

1954 2052 2284 2108 verborum
2307 2047 2619 2104 veritatem
2658 2047 2884 2102 stabilit
2907 2046 3041 2119 ipsa
3078 2062 3281 2102 rerum
3310 2046 3618 2120 experien-

1956 2141 2056 2197 tia.
2086 2139 2372 2196 Novimus
2397 2152 2662 2209 namque
2685 2135 2908 2192 multos
2932 2135 2990 2191 in
3016 2134 3389 2205 gravissimis
3411 2133 3623 2191 adver-

1958 2229 2234 2286 sitatibus
2257 2226 2370 2283 sibi
2391 2242 2498 2298 per
2529 2228 2650 2280 vim
2678 2242 2715 2280 a
2744 2223 3030 2296 lacrymis
3055 2230 3444 2297 temperasse,
3465 2239 3619 2296 quo-

1956 2335 2094 2375 rum
2116 2317 2214 2374 alii
2235 2316 2490 2390 posthac
2518 2315 2579 2371 in
2611 2313 3086 2370 immedicabiles
3119 2313 3370 2369 morbos
3398 2311 3621 2369 incide-

1958 2408 2185 2477 runt,in
2197 2403 2583 2478 apoplexiam
2608 2402 3082 2475 paralysimque;
3106 2401 3358 2457 aliivero
3371 2401 3620 2457 omnino

1959 2512 2312 2571 supremum
2335 2494 2494 2549 diem
2518 2492 2817 2558 obierunt,
2837 2491 3002 2564 quod
3025 2507 3234 2547 eorum
3257 2489 3622 2563 vires,quasi

1959 2586 2141 2644 debili
2167 2583 2439 2658 quodam
2491 2581 2680 2638 fulcro
2724 2580 3041 2645 destitutae,
3077 2579 3347 2652 pondere
3376 2578 3620 2635 tristitia

1881 2712 1891 2721 -
1961 2680 2404 2746 frangerentur.
2436 2675 2586 2729 Nam
2629 2670 2796 2744 quod
2837 2669 3040 2726 videre
3082 2669 3144 2725 in
3181 2667 3432 2724 ﬂamma
3460 2668 3620 2736 licet,

243 2776 438 2836 quam
458 2759 665 2818 fumus
686 2763 970 2836 proprius
991 2763 1040 2820 si
1060 2779 1185 2820 non
1206 2769 1398 2833 exeat,
1423 2766 1534 2824 sed
1550 2767 2081 2832 circumvolvatur,
2106 2763 2382 2829 suﬂ'ocat,
2407 2759 2468 2817 id
2489 2761 2670 2816 etiam
2699 2758 2758 2814 in
2779 2757 3062 2814 facultate
3081 2773 3206 2831 qua
3228 2755 3457 2812 animal
3478 2772 3622 2812 con-

243 2850 539 2921 stituitur,
559 2850 690 2907 ﬁeri
721 2851 950 2924 dicunt,
982 2852 1274 2910 nimirum
1303 2854 1691 2914 extabescere
1718 2859 1886 2916 illam
1919 2863 1977 2917 et
2006 2852 2306 2926 exstingui
2335 2866 2460 2925 prae
2487 2849 2822 2917 doloribus,
2849 2847 2896 2904 si
2935 2846 3138 2904 nullus
3168 2847 3285 2903 sibi
3323 2846 3516 2903 exitus
3541 2844 3623 2904 ad

238 2938 550 2997 exteriora
581 2939 908 3013 aperiatur.

309 3033 368 3088 6.
408 3034 493 3088 Μὴ
525 3034 698 3083 τοίνυν
729 3029 800 3091 εἰς
849 3035 1166 3106 συνηγορίαν
1205 3039 1299 3085 τοῦ
1339 3032 1531 3088 οἰκείου
1569 3038 1769 3101 πάθους
1793 3040 1851 3090 τὸ

2033 3036 2087 3091 6.
2112 3031 2225 3100 Qui
2266 3029 2445 3102 igitur
2483 3027 2732 3086 tristitiae
2753 3025 2958 3100 [dediti
3003 3028 3163 3096 sunt,
3186 3041 3261 3081 ne
3291 3023 3352 3081 in
3383 3039 3509 3081 suae
3536 3023 3626 3082 in-

237 3126 333 3172 τοῦ
377 3123 574 3194 Κυρίου
619 3117 1092 3193 προϐαλλέσθωσαν
1144 3121 1220 3193 (1)
1270 3118 1499 3197 δάκρυον
1548 3127 1597 3177 οἱ
1641 3125 1852 3198 φιλόλυ-

239 3228 352 3264 ποι.
400 3207 490 3272 Ὠς
540 3213 642 3284 γὰρ
701 3211 730 3268 ἡ
784 3207 1008 3284 βρῶσις,
1066 3210 1126 3269 ἣν
1180 3212 1206 3263 ό
1262 3215 1454 3286 Κύριος
1507 3216 1710 3288 ἔφαγεν,
1760 3216 1855 3268 οὐκ

243 3299 384 3352 ἔστιν
433 3295 766 3361 ἡδυπαθείας
813 3300 939 3372 ἡμῖν
984 3298 1214 3376 ἀφορμὴ,
1242 3305 1301 3354 τό
1346 3301 1568 3356 ἐναντίον
1599 3308 1689 3377 μὶν
1743 3300 1851 3374 οὖν,

241 3386 546 3464 ἐγκρατείας
598 3392 688 3440 καὶ
752 3387 1068 3463 αὐταρκείας
1115 3391 1230 3464 ὅρος
1293 3391 1320 3443 ό
1387 3390 1651 3446 ἀνωτάτω
1720 3395 1855 3447 ούτω

223 3470 334 3531 ’καὶ
383 3481 444 3531 τὸ
494 3473 724 3554 δάκρυον
771 3477 868 3530 οὐκ
911 3480 1025 3531 ἔστι
1051 3482 1334 3551 νομοθεσία
1361 3485 1490 3554 πρὸς
1528 3485 1587 3535 τό
1630 3485 1852 3558 θρηνεῖν,

243 3565 378 3620 ἀλλά
443 3569 629 3642 μέτρον
696 3565 1190 3641 εύσχημονέστατον
1256 3568 1476 3640 ἐκτεθὲν,
1536 3577 1627 3624 καὶ
1690 3578 1854 3626 κανὼν

241 3654 493 3732 ἀκριϐὴς,
542 3655 659 3710 καθ’
704 3655 758 3709 ὃν
819 3665 1056 3732 προσῆκε
1119 3667 1315 3732 σεμνῶς
1364 3664 1456 3714 καὶ
1512 3661 1856 3735 εὐσχημόνως

237 3753 354 3810 τοῖς
382 3755 481 3808 τῆς
505 3748 706 3820 φύσεως
738 3746 880 3820 ὅροις
909 3745 1219 3820 ἐμμένοντας
1245 3743 1510 3824 διαφέρειν
1539 3753 1605 3803 τὰ
1624 3751 1852 3827 λυπηρά.

238 3835 380 3890 Οὔτε
411 3830 499 3888 οὖν
523 3833 779 3908 γυναιξὶν,
826 3837 944 3888 οὔτε
989 3832 1246 3910 ἀνδράσιν
1297 3836 1671 3914 ἐπιτέτραπται
1694 3840 1772 3912 (2)
1798 3841 1855 3891 τὸ

238 3923 544 3997 φιλοπενθὲς
595 3927 687 3977 καὶ
739 3920 1069 3998 πολύδρακυ,
1132 3924 1237 3978 ἀλλ’
1297 3928 1417 3981 ὅσον
1474 3927 1858 4001 ἑπιστυγνάσαι

233 4022 351 4078 τοῖς
379 4013 658 4089 λυπηροῖς,
688 4018 780 4068 καὶ
825 4019 1012 4089 μικρόν
1041 4034 1094 4068 τι
1137 4012 1368 4091 δὰκρυον
1421 4015 1736 4088 ἀποστάξαι,
1768 4024 1858 4072 καὶ

235 4113 398 4158 τοῦτο
453 4105 664 4176 ἡσυχῆ,
716 4108 789 4178 μὴ
847 4103 1290 4179 ἀναϐρυχώμενον
1337 4104 1477 4181 μηδὲ
1525 4107 1855 4176 ὀλολύζοντα,

234 4190 383 4269 μηδὶ
421 4192 856 4269 καταρῥηγνύντα
900 4202 1126 4266 χιτῶνα,
1182 4195 1213 4254 ἣ
1263 4201 1404 4250 κόνιν
1447 4203 1854 4271 καταχεόμενον,

234 4280 372 4358 μηδ’
395 4283 523 4336 ἄλλο
546 4300 600 4336 τι
626 4290 862 4356 τοιοῦτον
904 4282 1320 4358 ἀσχημονοῦντα
1356 4295 1458 4340 τῶν
1488 4284 1861 4360 ἐπιτηδευομέ-

1963 3121 2263 3182 ﬁrmitatis
2285 3117 2688 3192 patrocinium
2712 3115 2949 3173 Domini
2969 3114 3274 3187 lacrymas
3286 3117 3620 3187 opponant.

1965 3216 2036 3270 Ut
2055 3214 2217 3270 enim
2238 3209 2426 3281 cibus,
2441 3223 2566 3280 quo
2589 3205 2878 3262 Dominus
2898 3203 3274 3266 vescebatur.
3299 3202 3626 3274 voluptatis

1963 3303 2140 3360 nobis
2156 3299 2395 3357 occasio
2417 3312 2541 3354 non
2564 3300 2672 3363 est,
2699 3295 2824 3351 imo
2841 3303 2987 3350 'vero
3009 3291 3421 3365 temperantiae
3442 3299 3625 3364 atque

1963 3390 2320 3462 frugalitatis
2342 3401 2628 3460 suprema
2641 3383 2852 3455 regula
2863 3387 2952 3440 est
2967 3388 3023 3439 et
3043 3382 3239 3439 forma
3254 3399 3268 3438 :
3282 3382 3365 3439 ita
3379 3396 3628 3456 quoque

1962 3482 2252 3554 lacrymae
2273 3494 2397 3554 non
2439 3480 2582 3532 sunt
2621 3475 2800 3530 nobis
2829 3473 2956 3530 vice
2976 3473 3148 3544 legis,
3171 3489 3297 3546 qua
3315 3472 3521 3545 lugere
3549 3477 3627 3528 te-

1965 3553 2221 3628 neamur
2247 3586 2260 3624 :
2297 3553 2406 3622 sed
2433 3561 3009 3622 convenientissima
3034 3561 3317 3634 quaedam
3341 3577 3631 3619 mensura

1963 3674 2306 3731 normaque
2327 3658 2606 3712 accurata
2628 3653 2689 3710 in
2707 3652 2799 3709 his
2812 3653 2990 3708 nobis
3005 3651 3318 3725 proposita
3338 3656 3447 3719 est,
3455 3651 3628 3722 juxta

1965 3765 2155 3823 quam
2176 3755 2288 3821 par
2308 3744 2664 3802 fueritintra
2690 3747 2922 3823 naturai
2959 3739 3252 3796 terminos
3290 3739 3546 3811 graviter
3575 3743 3633 3796 et

1965 3839 2219 3896 honeste
2240 3839 2684 3910 permanere,et
2706 3831 2896 3889 tristia
2911 3829 3410 3903 perferre.ltaque
3431 3845 3632 3902 neque

1969 3919 2325 3984 m‘ulieribus
2344 3940 2544 3996 neque
2584 3921 2728 3978 viris
2770 3921 3185 3993 lacrymarum
3219 3917 3487 3975 studium
3526 3922 3632 3975 aut

1967 4017 2149 4089 copia
2172 4015 2471 4089 permissa
2493 4016 2656 4078 sunt,
2681 4009 2790 4066 sed
2812 4013 3071 4074 tantum,
3099 4013 3402 4082 quantum
3428 4007 3520 4064 fas
3541 4010 3634 4064 est

1969 4105 2244 4164 afﬂictari
2275 4103 2352 4159 de
2372 4100 2666 4170 adversis,
2697 4103 2754 4155 et
2789 4113 3010 4171 parum
3037 4096 3401 4169 lacrymari;
3447 4096 3634 4170 idque

1967 4195 2146 4254 tacite
2158 4195 2284 4250 sine
2305 4189 2795 4256 fremitibus,sine
2809 4186 3313 4260 ejulatibus,adeo
3330 4191 3633 4242 utvestem

1970 4283 2211 4342 scindat
2254 4298 2462 4352 nemo,
2490 4296 2604 4337 nec
2647 4280 2912 4335 cinerem
2955 4277 3298 4350 inspergat;
3332 4292 3444 4333 nec
3469 4275 3636 4333 aliud

235 4394 340 4428 νων
371 4375 520 4448 παρὰ
541 4381 642 4425 τῶν
669 4369 1000 4436 ἀπαιδεύτως
1021 4372 1247 4447 ἐχόντων
1267 4380 1400 4451 πρὸς
1427 4381 1493 4430 τὰ
1520 4377 1740 4452 οὐράνια

1969 4374 2309 4450 quidquam
2332 4387 2546 4428 eorum
2574 4369 2861 4426 indecore
2881 4371 3043 4437 agat,
3065 4382 3204 4438 quin
3226 4365 3421 4422 facere
3442 4364 3638 4422 solent

239 4470 331 4519 Δεῖ
357 4465 464 4537 γὰρ
513 4465 601 4515 τόν
649 4465 1029 4536 κεκαθαρμένον
1078 4473 1152 4536 τῷ
1203 4467 1322 4538 θείῳ
1363 4462 1720 4539 διδασκαλίῳ,
1755 4467 1860 4520 οἷον

242 4551 436 4628 ὀχυρῷ
461 4570 565 4604 τινι
613 4557 801 4625 τειχίῳ
843 4561 916 4624 τῷ
946 4551 1082 4629 ὄρθῳ
1111 4552 1249 4626 λόγῳ
1288 4556 1615 4630 πεφράχθαι,
1647 4561 1737 4610 καὶ
1769 4554 1862 4609 ἀν-

243 4639 444 4719 δρείως
488 4646 579 4694 καὶ
620 4651 885 4718 καρτερῶς
925 4645 1020 4705 τὰς
1061 4651 1164 4696 τῶν
1205 4647 1454 4698 τοιούτων
1492 4647 1671 4700 παθῶν
1701 4665 1864 4720 προσ-

241 4731 412 4795 ϐολὰς
441 4730 820 4806 ἀπαμύνασθαι
865 4734 966 4806 (4)·
1002 4737 1092 4788 καὶ
1135 4738 1210 4808 μὴ
1259 4736 1494 4810 καθάπερ
1542 4738 1616 4800 εἷς
1654 4755 1709 4789 τι
1753 4756 1866 4810 χω-

319 4859 368 4896 "
411 4859 586 4915 Joan.
615 4873 696 4927 iv,
739 4862 792 4914 6.

343 4948 443 5022 96)
482 4952 570 5004 tta
599 4948 1128 5022 antiquiiquatuor
1154 4948 1311 5022 libri.
1345 4947 1502 5007 Editi
1531 4951 1616 5004 ὅτε
1642 4951 1728 5006 τά.
1779 4987 1782 4990 ~

345 5018 444 5091 97)
466 5022 606 5092 Reg.
631 5018 1189 5096 secund_i'is_o’m6_rc:w
1212 5020 1406 5096 aet-pay.
1431 5026 1547 5080 Nec
1571 5023 1655 5081 ita
1673 5021 1867 5081 multo

241 5089 812 5170 infrejunu'acodex
838 5092 1004 5170 Felb-
1029 5089 1204 5170 ,οῖμέαιν
1237 5089 1338 5170 ὅθεν
1367 5091 1564 5170 emr-

345 5164 444 5239 98)
481 5163 732 5239 Antiqui
760 5169 878 5239 tres
907 5164 1043 5220 libri
1068 5163 1232 5228 οὕτως
1256 5169 1321 5239 τό
1344 5163 1519 5239 παχύ.

341 5235 441 5306 99)
480 5235 878 5313 Unuscodex
899 5239 1066 5313 __l_leg.
1099 5241 1157 5294 et
1203 5235 1646 5313 Colb.__p'rimus
1690 5237 1864 5313 ὥσπερ

245 5304 452 5383 τρίσμα
477 5310 538 5386 τὸ
569 5304 797 5386 ἀσθενές.
851 5307 961 5365 Alii
1002 5304 1154 5365 mss.
1207 5313 1266 5366 et
1309 5304 1450 5366 ediii
1497 5307 1673 5384 ὥσπερ
1722 5304 1862 5386 ipsi;

247 5377 476 5455 épeci'oi
491 5377 759 5455 ἀσθενούς.

357 5454 410 5528 t_)
449 5453 594 5528 Reg.
624 5451 869 5528 primus
891 5451 959 5528 τό
979 5459 1073 5528 τοῦ
1098 5459 1338 5526 Χριστοῦ
1365 5451 1863 5528 προϐαλλέσθωσαν.

247 5521 428 5598 Colb.
459 5521 1194 5598 ter't‘ilis‘rrpoangltiaﬂaia'aia.

321 5595 409 5667 (2)
445 5593 692 5668 Antiqui
721 5593 826 5652 sex
880 5594 1018 5654 libri
1055 5593 1446 5673 ἐπιτέτραπται.
1487 5597 1641 5657 Editi
1669 5595 1868 5672 ἱπιτρέ-

1969 4479 2172 4521 rerum
2194 4460 2523 4518 caelestium
2561 4457 2843 4531 imperiti.
2878 4458 3125 4530 Oportet
3159 4456 3322 4512 enim
3351 4471 3492 4512 eum
3529 4453 3638 4527 qui

1971 4553 2179 4611 divina
2202 4551 2482 4609 doctrina
2521 4553 2815 4623 purgatus
2843 4551 2954 4614 est,
2987 4551 3150 4602 recta
3186 4545 3441 4614 ratione,
3471 4542 3640 4601 velut

1971 4645 2150 4701 ﬁrmo
2171 4640 2444 4715 quodam
2478 4655 2677 4708 muro,
2703 4637 3032 4710 obseptum
3062 4650 3215 4699 esse,
3238 4639 3298 4692 et
3317 4634 3527 4692 talium
3551 4632 3637 4690 af-

1972 4733 2302 4791 fectionum
2327 4728 2598 4789 assultus
2621 4726 2866 4784 viriliter
2885 4741 2956 4782 ac
2979 4728 3220 4781 strenue
3250 4722 3638 4798 propulsare.

1973 4967 2148 5020 πεται.
2181 4946 2349 5020 (1011).
2399 4944 2651 5020 primus
2679 4939 3034 5020 ξπιτέτακται.
3081 4938 3293 4996 Statim
3312 4943 3457 5020 “tres
3487 4952 3636 5020 mss.

1974 5027 2048 5096 μὴ
2105 5009 2563 5096 ἀναϐρυχὼμενον.
2615 5015 2793 5096 Etim.
2817 5019 2876 5096 e_t
2917 5031 3068 5096 mss.
3097 5011 3375 5069 nonnulli
3414 5009 3637 5096 ἀναξρυ-

1975 5082 2368 5182 λάμπονίκέξδ
2394 5082 2743 5182 iterans
2776 5086 3169 5182 triarium"
3189 5101 3344 5182 {es}
3375 5082 3646 5182 κξτξέἑξο

1974 5155 2168 5238 ᾖῖνύντα
2204 5171 2427 5236 χιτῶνα.
2483 5159 2636 5217 Editi
2686 5163 2745 5216 et
2786 5173 2951 5215 unus
2999 5173 3148 5214 mss.
3189 5158 3340 5228 Reg.
3375 5155 3639 5234 καταρρη.

1973 5239 2241 5311 γνύμενον.

2048 5298 2127 5378 (3)
2166 5307 2311 5377 Reg.
2365 5303 2601 5378 primus
2642 5303 2774 5376 πρὸς
2801 5302 2887 5378 -τᾲ
2928 5298 3165 5378 οὐράνια.
3217 5298 3331 5356 Alii
3382 5315 3529 5378 mss.
3583 5302 3641 5358 et

1977 5372 2120 5436 editi
2150 5372 2717 5452 πρόξγτδίάνθρώπινά,
2743 5373 2825 5452 μζ)
2855 5372 3151 5452 imperitis
3187 5387 3391 5452 rerum
3433 5372 3642 5430 Imma-

1974 5439 2218 5508 narurri.
2253 5451 2384 5505 Mox
2408 5439 2525 5504 tre's
2559 5439 2710 5502 mss.
2737 5446 2855 5514 θείῷ
2885 5439 3266 5514 διδασκαλείῳ.

2050 5523 2131 5594 (4)
2168 5524 2402 5594 Veteres
2451 5517 2684 5594 aliquot
2723 5512 2878 5594 libri
2917 5512 3304 5594 ἀπαμύνεσθαι.
3353 5513 3502 5594 Reg.
3551 5529 3643 5570 se-

1977 5584 2217 5652 cundus
2256 5584 2573 5667 ἀμύνεσθαιῖ
2597 5591 2728 5647 Mox
2757 5585 2925 5645 Colb.
2957 5584 3193 5660 primus
3230 5587 3303 5648 εἷς
3348 5602 3402 5637 τι
3428 5588 3635 5659 χόριον.
