4124 6394
458 354 561 407 231

1838 342 1894 397 S.
1938 337 2187 394 BASlLlI
2225 340 2446 396 MAGNI

3724 348 3829 402 232

458 489 583 532 non
627 472 690 528 in
710 469 925 527 humili
946 484 1017 525 ac
1058 466 1225 523 molli
1245 465 1448 522 animo.
1472 463 1647 538 quasi
1669 464 1729 521 in
1750 463 1885 520 loco
1906 461 2119 518 declivi

2232 467 2335 537 ρίον
2388 465 2799 538 ὑποκαθήμενον,
2860 474 2933 538 τῷ
2990 476 3213 539 ταπεινῷ
3264 471 3351 521 καὶ
3415 471 3678 523 ύπεικοντι
3734 479 3829 533 τῆς

458 562 811 620 afﬂuentem
844 558 1027 614 ullam
1051 556 1379 613 affectuum
1404 555 1646 612 turbam
1673 554 1996 625 suscipere.
2030 553 2119 606 Et-

459 654 622 710 enim
635 650 821 708 animi
839 656 925 705 est
945 645 1533 719 ignavi,nullumque
1549 661 1622 700 ex
1639 644 1901 717 reposita
1919 642 1978 697 in
2001 641 2119 696 Deo

460 760 568 817 spe
593 741 782 798 robur
800 738 1104 804 habentis,
1128 735 1326 805 frangi
1357 734 1716 800 admodum,
1758 739 1815 789 et
1851 728 2121 787 adversis

463 830 882 889 succumbere.
918 824 1449 894 Quemadmodum
1471 825 1633 880 enim
1663 824 1724 879 in
1755 822 1935 894 lignis
1955 825 2123 877 tene-

458 920 720 978 rioribus
742 920 1075 989 gignuntur
1096 930 1351 985 vermes,
1386 914 1471 969 sic
1494 913 1726 969 tristitia
1756 913 1818 967 in
1850 908 2123 966 molliore

460 1011 782 1068 hominum
804 1006 1005 1063 indole
1024 1005 1378 1061 innascitur.
1394 1006 1696 1059 Numnam
1719 999 1974 1059 eratJob
1996 1013 2126 1055 cor-

462 1100 538 1156 de
559 1100 634 1157 ad
644 1095 989 1155 amantino?
1010 1111 1160 1151 num
1176 1101 1497 1165 compacta
1509 1092 1561 1147 ei
1574 1098 1745 1148 erant
1765 1108 1836 1147 ex
1850 1106 1998 1146 saxo
2016 1088 2129 1143 vis‘

462 1206 602 1246 cera
621 1189 649 1243 ‘?
681 1185 1036 1242 Ceciderunt
1057 1184 1108 1240 ei
1141 1183 1350 1239 decem
1374 1181 1546 1237 liberi
1564 1181 1625 1236 in
1645 1179 1812 1236 brevi
1832 1177 2123 1250 temporis

461 1285 794 1348 momento,
817 1293 941 1333 una
962 1275 1143 1348 plaga
1168 1274 1390 1341 obtriti,
1420 1273 1479 1328 in
1501 1272 1688 1329 domo
1705 1268 2119 1343 jucunditatis,

460 1371 523 1427 in
554 1376 825 1441 tempore
864 1366 1243 1433 deliciarum,
1269 1363 1607 1418 decutiente
1646 1362 1708 1417 in
1741 1376 1846 1416 eos
1866 1359 2124 1415 domum

461 1456 889 1516 diabolo.Vidit
906 1470 1185 1510 mensam
1204 1451 1499 1521 sanguine
1518 1447 2029 1518 immistam,vidit
2055 1447 2122 1503 li-

458 1548 637 1605 beros
652 1547 888 1602 diverso
899 1542 1146 1617 quidem
1160 1546 1431 1613 tempore
1443 1539 1752 1609 natos,sed
1766 1554 1955 1594 unum
1967 1553 2129 1592 com-

458 1649 833 1707 munemque
854 1635 1096 1689 sortitos
1122 1631 1257 1686 vita:
1279 1630 1525 1685 exitum.
1550 1632 1679 1685 Non
1700 1628 1967 1699 ejulavit,
1999 1641 2123 1681 non

459 1742 703 1783 comam
724 1722 941 1788 evellit,
957 1735 1081 1776 non
1094 1720 1511 1775 emisitvocem
1531 1717 1714 1774 ullam
1736 1717 2121 1787 degenerem,

2228 551 2435 624 ψυχῆς,
2494 558 2581 606 τόν
2627 563 2727 606 τῶν
2774 556 2954 608 παθῶν
3005 555 3164 628 ὄχλον
3223 555 3521 632 ἐπιρρέοντα
3573 555 3832 630 δέχεσθαι

2233 639 2515 715 Ἀνάνδρου
2561 647 2660 719 γὰρ
2700 643 2905 716 ψυχῆς,
2939 649 3026 697 καὶ
3073 643 3261 699 οὐδένα
3303 652 3445 700 τόνον
3493 646 3551 699 ἐκ
3599 657 3695 708 τῆς
3743 646 3831 700 έπὶ

2232 734 2360 783 Θεὸν
2409 730 2621 795 ἐλπίδος
2674 732 2925 805 ἐχούσης,
2973 738 3032 788 τό
3089 733 3329 811 σφοδρῶς
3368 736 3833 812 καταρρήγνυσθαι

2231 827 2321 873 καὶ
2371 823 2679 876 ὑποπίπτειν
2731 830 2839 887 τοῖς
2886 824 3158 899 λυπηροῖς·
3206 825 3404 901 Ὠσπερ
3460 830 3561 900 γὰρ
3612 828 3660 879 οἱ
3701 831 3833 878 σκώ-

2232 909 2384 973 ληκες
2440 920 2547 975 τοῖς
2596 911 2949 988 ἁπαλωτέροις
3001 923 3101 967 τῶν
3159 914 3321 978 ξύλων
3372 914 3685 968 έντίκτονται
3735 917 3835 989 μά-

2231 998 2406 1069 λιστα,
2458 1001 2621 1066 οὕτως
2670 1004 2725 1056 αἱ
2770 1002 2931 1056 λῦπαι
2983 1013 3090 1068 τοῖς
3136 1005 3522 1079 μαλακωτέροις
3551 1007 3704 1064 ἤθεσι
3736 1013 3833 1057 τῶν

2234 1088 2515 1165 ἀνθρώπων
2563 1092 2865 1167 ἐμφύονται.
2915 1100 3000 1152 Μὴ
3041 1098 3143 1167 γὰρ
3184 1092 3538 1168 ἀδαμάντινος
3575 1091 3636 1153 ἦν
3667 1095 3692 1146 ό
3718 1092 3837 1146 Ἰὼϐ

2232 1185 2328 1239 τὴν
2376 1179 2596 1256 καρδίαν
2627 1185 2702 1256 (5)
2735 1200 2747 1251 ;
2797 1189 2868 1257 μὴ
2915 1186 3017 1259 γὰρ
3062 1183 3115 1236 ix
3152 1183 3301 1238 λίθου
3341 1180 3402 1243 ἦν
3441 1183 3583 1256 αύτῷ
3612 1202 3836 1242 πεποιη-

2233 1275 2360 1343 μένα
2405 1271 2471 1324 τὰ
2526 1273 2848 1346 σπλάγχνα;
2900 1272 3124 1328 Ἐπεσον
3179 1274 3320 1346 αύτῷ
3370 1270 3498 1328 δέκα
3552 1270 3741 1335 παῖδες
3784 1272 3835 1325 iv

2236 1357 2471 1433 βραχείᾳ
2524 1372 2709 1438 καιροῦ
2761 1364 2935 1437 ῥοπῇ,
2984 1369 3081 1437 μιᾷ
3134 1363 3308 1437 πληγῇ
3374 1361 3727 1439 συντριϐέντες
3784 1361 3835 1415 έν

2234 1460 2306 1522 τῷ
2336 1455 2460 1524 οἴκῳ
2488 1461 2582 1515 τῆς
2615 1450 2902 1525 θυμηδίας,
2936 1451 2986 1505 iv
3029 1461 3099 1505 τῶ
3146 1460 3310 1527 καιρῶ
3342 1454 3437 1515 τὴς
3474 1450 3835 1515 ἀπολαύσεως,

2235 1540 2735 1604 έπικατασείσαντος
2762 1543 2939 1604 αὐτοῖς
2971 1550 3061 1594 τοῦ
3094 1538 3129 1595 δ
3135 1541 3343 1595 ιαϐολου
3373 1546 3432 1595 τό
3469 1545 3684 1614 οἴκημα.
3712 1538 3812 1595 Εἶδ
3815 1560 3837 1593 ε

2235 1634 2495 1705 τράπεζαν
2542 1636 2728 1705 αἵματι
2784 1636 3123 1705 μεμιγμένην·
3172 1628 3277 1685 εἶδε
3322 1628 3521 1693 παῖδας
3570 1627 3837 1704 διαφόρῶς

2234 1724 2325 1793 μεν
2386 1726 2518 1775 κατά
2583 1726 2671 1774 τόν
2732 1728 2923 1796 χρόνον
2978 1720 3364 1795 ἁποτεχθέντας
3424 1725 3525 1791 (6),
3567 1727 3710 1793 κοινῇ
3777 1716 3838 1771 δε

464 1816 570 1872 sed
589 1813 889 1871 celebrem
913 1810 1080 1866 illam
1102 1815 1161 1865 et
1179 1809 1258 1865 ab
1274 1808 1560 1864 omnibus
1583 1808 1974 1864 decantatam
1995 1821 2122 1877 gra-

2234 1812 2547 1875 ύπελθόντας
2573 1820 2666 1865 τοῦ
2708 1811 2832 1885 βίου
2876 1815 2934 1863 τό
2975 1814 3136 1873 τέλος,
3170 1811 3281 1863 Ούκ
3328 1810 3556 1884 ᾠμωξεν,
3589 1810 3648 1862 ού
3677 1828 3836 1861 κατε-

461 1904 683 1961 tiarum
710 1902 1011 1958 actionem
1051 1897 1299 1972 protulit
1331 1914 1344 1951 :
1376 1899 1666 1953 Dominus
1708 1896 1890 1963 dedit,
1921 1896 2125 1951 Domi-

464 2008 578 2048 nus
601 1992 888 2061 abstulit;
918 1992 1071 2046 sicut
1103 1991 1354 2044 Domino
1387 1989 1644 2058 placuit,
1690 1988 1778 2044 ita
1809 1993 1861 2043 et
1888 1988 2123 2057 factum

463 2086 585 2154 est;
608 2082 686 2137 sit
707 2095 920 2137 nomen
935 2080 1183 2134 Domini
1197 2078 1641 2135 benedictum“.
1655 2080 1696 2134 N
1708 2093 1808 2132 um
1821 2076 2007 2132 homo
2027 2073 2123 2130 ille

462 2179 592 2228 erat
611 2186 826 2244 expers
849 2168 1237 2225 aﬂ‘ectionum
1250 2168 1277 2223 ‘2
1295 2173 1367 2222 At
1381 2165 1690 2239 quomodo
1702 2167 1729 2221 ?
1751 2182 1887 2221 cum
1908 2167 2035 2237 ipse
2048 2163 2124 2219 de

462 2276 525 2317 se
547 2260 737 2316 dicat:
753 2260 870 2330 Ego
887 2259 1029 2329 ﬂevi
1047 2256 1717 2326 superomnia/ﬂicto“.
1731 2257 1906 2310 Estne
1925 2253 2019 2309 his
2035 2252 2121 2308 di-

462 2349 672 2406 cendis
697 2350 983 2404 mentitus
998 2347 1025 2402 ?
1046 2351 1173 2402 lmo
1195 2361 1337 2401 vero
1368 2354 1585 2417 praeter
1604 2352 1849 2400 caeteras
1874 2343 2123 2399 virtutes

461 2439 684 2495 veritas
702 2453 977 2493 veracem
995 2434 1135 2492 eum
1150 2450 1396 2509 quoque
1410 2434 1592 2490 fuisse
1607 2432 1872 2489 declarat
1887 2432 1980 2488 his
1993 2448 2124 2488 ver-

462 2527 558 2584 bis
583 2544 597 2582 :
622 2529 789 2582 Homo
812 2528 995 2594 enim,
1020 2524 1234 2597 inquit,
1259 2524 1599 2595 inculpatus,
1622 2523 1831 2594 justus,
1854 2524 2006 2594 pius,
2040 2538 2124 2576 ve-

463 2633 577 2673 rax
589 2618 759 2673 5°.Tu
780 2632 923 2672 vero
943 2615 1257 2671 cantilenis
1279 2613 1651 2687 quibusdam
1676 2612 1756 2668 ad
1773 2612 2123 2668 maestitiam

463 2706 814 2778 compositis
830 2705 908 2761 ad
927 2702 1201 2759 ﬂendum
1218 2702 1837 2775 abuteris,studesque
1853 2702 2124 2758 animam

461 2795 688 2867 tuam3
704 2797 747 2865 ι
759 2793 1023 2850 modulis
1036 2791 1398 2863 lugubribus
1410 2792 1757 2860 absumere;
1771 2790 2127 2864 etquemad-

462 2886 718 2942 modum
748 2883 1078 2957 peculiaria
1108 2886 1248 2937 sunt
1273 2881 1561 2951 tragoedis
1584 2880 1745 2937 ﬁctio
1769 2887 1827 2937 et
1862 2896 2127 2953 appara-

461 2980 854 3048 tus,quocum
877 2974 1107 3029 theatra
1127 2976 1573 3039 conscendunt;
1597 2972 1681 3026 ita
1696 2971 2004 3026 existimas
2024 2970 2130 3025 ha-

459 3063 657 3121 bitum
679 3065 862 3120 etiam
884 3064 1209 3118 convenire
1229 3060 1481 3130 lugenti,
1509 3066 1737 3115 vestem
1776 3067 1992 3131 atram,
2024 3074 2131 3114 co-

2233 1902 2409 1956 τίλατο
2452 1910 2640 1976 κόμην,
2687 1901 2780 1953 οὐκ
2831 1899 2996 1973 ἀφῆκέ
3023 1904 3307 1973 τιναφωνὴν
3347 1898 3522 1972 ἀγενῆ,
3572 1898 3699 1951 ἀλλά
3742 1899 3839 1957 την

2232 1990 2476 2066 ἀοίδιμον
2535 1991 2730 2050 έκεινην
2780 1994 2867 2042 καὶ
2919 1992 3061 2064 παρὰ
3112 1997 3274 2042 πᾶσιν
3323 1988 3709 2063 ἁνυμνουμένην
3759 1987 3840 2040 εύ-

2233 2086 2523 2156 χαριστίαν
2587 2080 2940 2153 ἀπεφθέγξατο
3165 2086 3221 2132 Ὀ
3290 2082 3479 2152 Κύριος
3540 2074 3749 2143 ἔδωκεν,
3811 2078 3839 2128 ό

2236 2175 2424 2245 Κύριος
2477 2169 2752 2244 ἀφείλειτο·
2808 2171 2878 2230 ὡς
2933 2177 3004 2221 τῶ
3059 2173 3234 2242 Κυρίῳ
3288 2164 3479 2234 ἔδοξεν,
3549 2170 3685 2219 οὕτω
3750 2169 3841 2218 καὶ

2234 2260 2446 2332 έγένετο·
2512 2264 2588 2317 εἴη
2671 2262 2730 2312 τό
2797 2262 2959 2331 ὄνομα
3046 2262 3240 2332 Κυρίου
3309 2256 3670 2331 εύλογημένον.
3746 2260 3833 2314 Μὴ

2233 2349 2555 2423 ἀσυμπαθὴς
2606 2351 2631 2401 ό
2687 2349 3001 2421 ἄνθρωπος;
3071 2350 3173 2399 Καὶ
3239 2356 3393 2415 «die;
3475 2348 3528 2409 ὃς
3594 2365 3655 2419 γε
3718 2349 3839 2419 περὶ

2235 2439 2420 2492 ἑαυτοῦ
2450 2438 2605 2510 λέγει·
2641 2438 2773 2509 Ἐγὼ
2820 2435 3049 2488 ἔκλαυσα
3096 2435 3183 2488 έπὶ
3222 2441 3376 2488 παντὶ
3407 2434 3689 2508 θλιϐομένῳ

2237 2529 2374 2582 Ἀλλ’
2405 2523 2505 2602 ἆρα
2551 2532 2620 2600 μὴ
2666 2522 2916 2597 έῲεύδετο
2964 2534 3132 2577 ταῦτα
3179 2523 3376 2597 λέγων;
3421 2528 3519 2578 Καὶ
3562 2529 3665 2598 μὴν
3695 2543 3837 2597 μαρ-

2233 2625 2382 2693 τυρεῖ
2419 2617 2561 2669 αύτῶ
2610 2618 2639 2675 ἠ
2689 2613 2924 2679 ἀλήθεια,
2957 2617 3038 2667 ὅτι
3076 2618 3203 2689 πρός
3232 2622 3348 2676 ταῖς
3375 2613 3584 2677 λοιπαῖς
3628 2612 3838 2687 ἀρεταῖς

2235 2714 2325 2760 καὶ
2374 2706 2618 2769 ἀληθινός
2668 2701 2747 2763 ἧν·
2781 2703 3084 2778 Ἀνθρωπος
3131 2707 3251 2780 γὰρ,
3312 2708 3488 2777 φησὶν,
3541 2704 3834 2777 ἄμεμπτος,

2238 2795 2467 2858 δίκαιος,
2529 2794 2794 2861 θεοσεϐὴς,
2846 2792 3088 2855 ἀληθινός
3146 2797 3247 2865 (9).
3290 2796 3356 2846 Σὺ
3401 2790 3461 2845 δί
3517 2788 3682 2864 ᾠδαῖς
3727 2811 3841 2844 τισι

2236 2890 2365 2960 πρὸς
2395 2890 2454 2939 τό
2480 2889 2707 2958 κατηφὴς
2731 2887 3105 2956 πεποιημέναις
3130 2885 3502 2957 παραθρηνεῖς,
3534 2886 3625 2934 καὶ
3661 2881 3843 2954 μέλεσι

2237 2984 2438 3052 γοεροῖς
2506 2974 2740 3033 έκτὴκειν
2801 2981 3023 3026 σεαυτοῦ
3073 2978 3163 3031 την
3228 2971 3416 3045 ψυχὴν
3494 2968 3841 3032 έπιτηδεύεις·

2244 3072 2334 3119 καὶ
2380 3070 2555 3138 ὥσπερ
2604 3072 2703 3117 τῶν
2756 3060 3044 3138 τραγῳδῶν
3083 3059 3223 3115 ἴδιόν
3272 3061 3387 3115 έστι
3438 3064 3497 3113 τὸ
3528 3059 3848 3133 ἀνάπλασμα

460 3170 628 3210 mam
649 3152 1020 3227 squalidam,
1046 3150 1325 3207 tenebras
1354 3150 1417 3205 in
1439 3151 1646 3219 domo,
1671 3151 1905 3217 sordes,
1929 3149 2122 3223 pulve-

2241 3162 2332 3210 καὶ
2363 3158 2392 3214 ἠ
2427 3159 2585 3212 σκευή
2616 3156 2727 3225 (10)
2756 3153 2868 3226 μεθ’
2896 3154 2957 3214 ἧς
3000 3153 3066 3204 τὰ
3106 3153 3296 3225 θέατρα
3335 3148 3844 3223 καταλαμϐάνουσιν·

461 3259 614 3311 rem,
635 3244 897 3316 denique
923 3240 1540 3314 lugubrem‘cantum,
1567 3256 1692 3312 quo
1714 3242 1987 3296 maeroris
2005 3238 2134 3295 vul-

461 3351 580 3392 nus
609 3348 849 3407 semper
886 3348 1098 3388 recens
1135 3331 1199 3386 in
1236 3330 1443 3386 animo
1476 3334 1767 3385 servetur.
1797 3331 1971 3386 Sinas
2002 3329 2132 3385 haec

462 3424 688 3482 iaciant
716 3424 820 3496 qui
842 3437 1013 3494 spem
1044 3437 1166 3477 non
1195 3420 1513 3495 habent“.
1537 3421 1621 3475 Tu
1642 3435 1780 3475 vero
1811 3419 1887 3474 de
1916 3419 1991 3474 iis
2020 3417 2129 3492 qui

460 3514 526 3571 in
548 3514 781 3572 Christo
801 3511 1267 3570 obdormierunt
1282 3512 1349 3578 ⁵³,
1374 3510 1625 3566 edoctus
1645 3525 1710 3565 es
1737 3527 1750 3565 :
1773 3511 2132 3567 Seminatur

462 3607 527 3661 in
549 3608 956 3674 corruptione,
975 3607 1181 3673 surget
1204 3604 1267 3657 in
1288 3602 1743 3670 incorruptione
1762 3618 1775 3656 :
1792 3603 2131 3658 seminatur

462 3696 526 3751 in
547 3695 919 3764 inﬁrmitate,
940 3698 1143 3763 surget
1182 3692 1248 3747 in
1270 3692 1492 3747 virtute
1506 3706 1528 3746 .·
1548 3694 1884 3748 seminatur
1904 3692 2129 3761 corpus

462 3785 750 3853 animale,
765 3789 970 3855 surget
986 3796 1204 3852 corpus
1224 3780 1737 3851 spiritale“.Quid
1756 3781 1938 3851 igitur
1956 3781 2128 3852 luges

460 3874 876 3941 hominem,ad
891 3871 1256 3929 mutandum
1269 3870 1546 3926 habitum
1560 3870 1675 3926 ade
1684 3871 1965 3927 untem?N
1974 3886 2127 3943 eque

462 3978 520 4029 te
548 3965 677 4037 ipse
705 3963 939 4034 lugeas,
961 3960 1138 4035 quasi
1176 3959 1258 4015 sis
1277 3960 1341 4016 in
1368 3960 1488 4016 hac
1519 3959 1640 4016 vita
1668 3966 1926 4033 patrono
1952 3962 2130 4022 orba-

537 4090 583 4125 “
608 4088 747 4147 Job.
776 4105 815 4159 ι,
845 4092 937 4145 2t.
1050 4088 1096 4122 ‘9
1120 4087 1261 4143 Job.
1294 4103 1432 4159 xxx,
1459 4090 1549 4144 25.
1663 4088 1712 4123 ⁵ο
1736 4087 1869 4146 Job.
1902 4108 1941 4157 ι,
1979 4095 2030 4146 1.

464 4162 654 4218 42-44.

1050 4088 1096 4122 ‘9
1120 4086 1261 4143 Job.
1294 4103 1432 4159 xxx,
1459 4090 1549 4144 25.

2142 4092 2191 4130 ⁸⁸
2222 4092 2472 4149 IThess.
2506 4104 2583 4160 iv,
2611 4091 2699 4145 t2.

2242 3248 2405 3307 οὓτως
2453 3249 2549 3297 οἴει
2591 3249 2874 3317 προσήκειν
2905 3246 2991 3294 καὶ
3036 3250 3111 3294 τῶ
3156 3242 3429 3297 πενθοῦντι
3474 3242 3668 3313 πρέπον
3716 3235 3847 3291 εἶναι

2245 3344 2457 3410 σχῆμα,
2514 3332 2672 3407 μέλαν
2732 3334 2957 3406 ἱμάτιον,
3015 3335 3102 3383 καὶ
3156 3330 3443 3406 αύχμηρὰν
3499 3334 3686 3403 κόμην,
3754 3332 3847 3380 καὶ

2243 3433 2429 3489 σκότος
2478 3424 2529 3478 έν
2581 3423 2742 3495 οἰκίᾳ,
2800 3427 2891 3474 καὶ
2950 3422 3134 3497 ῥύπον,
3199 3424 3290 3472 καὶ
3338 3426 3499 3489 κόνιν,
3549 3423 3638 3471 καὶ
3691 3416 3846 3492 μέλος

2243 3520 2482 3590 στυγνόν,
2516 3516 2597 3567 ἀεὶ
2647 3515 2825 3588 νεαρὸν
2871 3520 2967 3572 τῆς
3012 3509 3180 3572 λύπης
3228 3513 3287 3564 τό
3331 3517 3540 3583 τραῦμα
3587 3517 3648 3581 τῇ
3682 3507 3838 3580 ψυχῇ

2241 3603 2506 3667 διασῶζον
2537 3606 2675 3676 (11).
2727 3601 2990 3655 Κατάλιπε
3032 3608 3199 3652 ταῦτα
3237 3606 3403 3652 ποιεῖν
3449 3605 3558 3660 τοῖς
3587 3602 3660 3671 μὴ
3688 3600 3847 3669 έχου-

2240 3715 2323 3751 σιν
2371 3691 2584 3749 έλπίδα.
2649 3696 2715 3744 Σὺ
2764 3687 2824 3743 δι
2872 3686 3171 3762 έκιδοὶχθης
3218 3694 3339 3764 περὶ
3387 3697 3487 3741 τῶν
3536 3685 3585 3739 έν
3625 3694 3843 3762 Χριστῶ

2237 3787 2607 3859 κοιμηθέντων,
2660 3783 2741 3833 ὅτι
2798 3784 3068 3854 Σπείρεται
3120 3778 3169 3830 έν
3235 3781 3421 3854 φθορᾷ,
3482 3776 3729 3851 ἐγείρεται
3788 3775 3841 3828 iv

2238 3874 2526 3950 ἀφθαρσίᾳ·
2588 3876 2852 3944 σπείρεται
2906 3867 2953 3920 ἐν
3007 3869 3283 3941 όισθενεὶᾳ,
3342 3866 3585 3944 έγεὶρεται
3641 3865 3690 3919 iv
3747 3861 3843 3919 δυ-

2240 3967 2389 4039 νάμει
2455 3964 2588 4036 (12)·
2661 3964 2928 4035 σπείρεται
2990 3966 3145 4031 σῶμα
3215 3956 3451 4031 ψυχικόν
3484 4002 3501 4028 ,
3585 3956 3843 4032 έγεὶρεται

2811 4087 2859 4122 ³³
2889 4090 3080 4159 Apoc.
3110 4100 3224 4157 nv,
3259 4087 3347 4141 13.
3460 4084 3510 4121 ⁸³
3541 4082 3718 4142 lCor.
3740 4100 3842 4149 xv,

460 4287 529 4359 Et
547 4301 624 4341 ne
641 4285 1057 4359 ignoraremus
1076 4282 1225 4356 quid
1245 4282 1541 4359 signiﬁcet
1564 4288 1774 4359 χόριον,
1798 4285 1929 4356 ejus
1949 4284 2119 4359 vocis
2152 4290 2197 4344 D
2225 4286 2551 4344 invenitur.
2584 4283 2756 4359 Haud
2782 4284 2963 4354 longe
2992 4282 3233 4359 codices
3274 4281 3702 4359 Combetisiani
3740 4301 3840 4335 πα-

462 4358 784 4414 declaratio
816 4372 1004 4413 manu
1039 4358 1367 4412 recentiore
1406 4357 1605 4428 posita
1630 4357 1718 4412 est
1751 4358 1813 4412 in
1843 4373 1954 4414 ora
1980 4357 2115 4413 libri

461 4429 578 4501 hoc
634 4428 841 4501 modo,
902 4431 959 4479 τὸ
1025 4428 1276 4500 κάλυμμα
1324 4431 1382 4479 τὸ
1442 4434 1856 4501 συγγεννώμενον
1907 4428 1961 4481 ἐκ
2022 4438 2118 4491 τῆς

460 4500 659 4574 κοιλίρς
677 4509 768 4552 του
791 4498 1445 4574 βρέφους,ιεθάιὴεηιαηι
1459 4498 1801 4569 proiectum
1818 4516 1892 4558 ex
1911 4507 2119 4574 ventre

459 4570 740 4643 infantis.
775 4570 1077 4644 sed’nanc
1102 4570 1315 4627 notam
1364 4570 1443 4627 ad
1491 4587 1622 4627 rem
1659 4587 1785 4627 non
1821 4573 2117 4644 pertinere

459 4652 717 4712 constat,
749 4643 1131 4718 cumbicde
1162 4646 1375 4718 χωρίῳ,
1395 4657 1521 4698 non
1558 4645 1633 4697 de
1661 4643 1838 4718 χορίῴ
1863 4652 2108 4714 agatur.

533 4722 605 4788 (5)
645 4716 846 4772 Codex
879 4713 1168 4789 Combef,’
1207 4713 1376 4766 όἸωϐ
1418 4718 1513 4789 τὴν
1561 4713 1856 4789 καρτερίαν,
1890 4713 2116 4789 ἀερω-

458 4786 614 4873 vate.
643 4790 774 4873 litos
803 4789 965 4857 Regii
996 4788 1315 4873 prim-usuist
1342 4787 1570 4873 tertius,
1602 4794 1661 4841 et
1688 4786 1791 4842 alii
1816 4787 1940 4872 duo
1970 4786 2114 4873 "Uol—

459 4858 698 4930 bertini,
736 4862 918 4911 ἓπεσον
945 4857 1105 4928 αύτῷ.
1137 4857 1287 4911 Editi
1330 4861 1388 4912 et
1430 4873 1590 4913 unus
1637 4874 1787 4914 mss.
1818 4860 2000 4911 ἔπεσον
2027 4858 2119 4910 αύ-

458 4939 574 4985 τοῦ.
600 4931 767 4987 Alius
794 4934 984 4986 codex
1011 4932 1217 4982 ἔπεσαν.

533 5006 614 5073 (6)
654 5002 853 5059 Codex
882 5004 1281 5074 t1nus__xpévov
1320 5002 1621 5073 τεχθέντας.
1667 4999 1898 5058 Ibidem
1946 5000 2113 5059 Colb.

458 5069 668 5130 tertius
697 5082 838 5147 κοινῇ
876 5069 935 5125 δὲ
960 5069 1346 5147 ὑπεξελθόντα-ς.

531 5147 612 5216 (7)
652 5142 869 5216 Regius
894 5146 1099 5200 tertius
1129 5142 1426 5216 ἐφθέγξατο.
1464 5143 1673 5201 Statim
1704 5143 1870 5200 Colb.
1908 5143 2116 5200 tertius

463 5214 651 5289 Κύρίος
684 5214 940 5289 ἀφείλου-ο.
976 5219 1091 5272 Nec
1118 5214 1202 5272 ita
1231 5214 1422 5273 multo
1452 5222 1593 5288 post
1636 5223 1773 5272 octo
1815 5232 1965 5271 mss.
1996 5221 2116 5289 περὶ

461 5288 667 5344 ἑαυτοῦ.
700 5288 852 5343 Editi
880 5288 1060 5341 αὐτοῦ.

532 5362 608 5432 (8)
651 5363 884 5416 Veteres
938 5363 1201 5433 quatuor
1248 5357 1384 5415 libri
1438 5356 1895 5433 παντὶμᾶνθρώπῳ
1950 5356 2118 5433 θλιβο-

460 5429 616 5503 μένῳ·
650 5432 802 5487 Editi
832 5436 902 5503 et
931 5429 1031 5503 alii
1067 5430 1192 5486 duo
1236 5447 1401 5503 mss.
1426 5429 1777 5502 simpliciter
1825 5435 1980 5483 παντὶ
2012 5430 2117 5483 θλι-

462 5500 681 5576 ϐομένῳ.
715 5502 944 5576 ibidem
974 5502 1102 5576 duo
1116 5519 1278 5576 mss.
1304 5500 1456 5576 Ἀλλά
1476 5520 1535 5573 γε
1548 5500 1656 5574 μή.

535 5572 895 5649 ι9)Ἀιιιὶᾳιι1
924 5581 1040 5649 tres
1068 5573 1206 5649 libri
1235 5572 1496 5649 ἀληθινὸς,
1530 5572 1706 5649 ὀὲηος,Δ
1727 5587 1939 5649 veram,
1972 5588 2116 5630 san-

462 5644 615 5707 ctus.
662 5649 781 5707 Sed
806 5644 943 5705 'vox
980 5646 1124 5707 ὅσιος
1146 5644 1211 5701 in
1236 5644 1371 5702 aliis
1400 5660 1572 5717 mss.,
1606 5652 1665 5703 et
1690 5644 1755 5703 in
1783 5644 1961 5703 editis
1989 5659 2117 5703 non

2225 4360 2523 4434 ραθρηνεῖν.
2553 4356 2664 4413 Alli
2715 4361 2834 4413 tres
2874 4372 3040 4434 mss._
3072 4355 3435 4427 καταθρηνεῖν.
3468 4354 3581 4411 Alli
3612 4355 3737 4412 duo
3777 4359 3838 4411 et

2226 4426 2581 4511 edi'trutiin
2602 4434 2889 4511 contextu
2926 4426 3044 4511 legi
3076 4426 3289 4511 potest,

2299 4505 2409 4572 (10)
2441 4501 2547 4557 Ubi
2568 4501 2629 4556 in
2647 4499 2818 4572 editis
2836 4495 3103 4572 legitur?)
3133 4502 3321 4572 σκηνή,
3337 4495 3421 4553 ibi
3441 4513 3514 4572 ex
3537 4497 3839 4572 veteribus

2226 4569 2500 4646 quinque
2536 4572 2704 4646 libris
2724 4571 3034 4646 edendum
3063 4569 3462 4646 curavimus}:
3500 4575 3685 4629 σκευή.
3717 4569 3835 4646 Ali-

2225 4639 2460 4717 quanio
2488 4644 2647 4700 infra
2667 4642 2812 4699 editi
2840 4644 3059 4714 στυγνὸν
3089 4646 3179 4693 καὶ
3201 4639 3299 4695 ἀεί.
3324 4641 3438 4717 Sed
3459 4657 3599 4717 cum
3621 4641 3837 4717 vocula

2227 4711 2317 4768 ἰαὶ
2344 4717 2402 4772 in
2429 4731 2574 4771 mss.
2607 4730 2734 4771 non
2773 4711 3127 4786 reperiatur,
3150 4728 3290 4786 eam
3325 4711 3683 4770 delevimus.
3714 4712 3836 4786 lbi-

2224 4787 2380 4930 ἐξω,
2414 4793 2705 4914 trestmss.
2750 4783 2858 4847 τῆξ
2892 4783 3101 4857 ψυχῆς.
3142 4783 3256 4841 Alii
3299 4800 3446 4840 mss.
3484 4792 3543 4841 et
3580 4785 3725 4842 editi
3766 4792 3832 4857 τῇ

2272 4879 2405 4930 υχῃ,
2438 4874 2537 4914 rec
2566 4873 2616 4913 e.
2865 4926 2877 4930 Δ
3090 4927 3124 4930 μ
3401 4926 3415 4930 _
3480 4928 3491 4930 _

2272 4867 2405 4917 υγῆ.
2438 4865 2616 4914 recte.

2438 4880 2733 4990 23:3le
2768 4926 2948 4986 Multo
2987 4927 3205 4985 melius
3256 4926 3421 5001 apud
3454 4928 3838 5001 (Symeonem

2226 4997 2641 5073 Logothetam,
2658 5016 2841 5056 serm.
2861 5003 2943 5065 t2,
2964 5015 3104 5072 pag.
3121 5002 3247 5073 544,
3266 4997 3611 5067 δὶασὼξοῦτι,
3629 5015 3839 5057 maro-

2224 5075 2309 5131 ris
2322 5072 2545 5131 uulnus
2556 5086 2997 5143 semperreccns
3008 5072 3074 5127 in
3085 5072 3287 5128 animo
3304 5073 3594 5143 servanti.
3615 5075 3834 5143 ΜΑιιΑΝ.

2298 5149 2412 5229 (12)
2645 5141 2693 5195 έν
2741 5142 3029 5229 ἀφθαρσία-
3066 5141 3421 5229 σπείρεταιιέν
3462 5142 3667 5227 angue,
3703 5142 3840 5229 i751.-

2225 5236 2370 5291 ρεται
2390 5213 2437 5268 iv
2461 5213 2495 5269 δ
2498 5216 2614 5289 όξη·
2632 5213 2935 5291 ᾲσπειριτρὶι,
2956 5213 3071 5291 etc,
3093 5213 3448 5291 Seminatur
3472 5213 3842 5291 έηϊρὸιοὸίίξ-

2227 5285 2369 5361 tate,
2394 5285 2599 5361 surget
2619 5289 2684 5343 in
2704 5285 2925 5361 9501131.
2954 5286 3068 5361 Sed
3092 5292 3281 5361 totum
3302 5286 3471 5361 illud,
3499 5292 3768 5361 σπείρεται
3788 5285 3838 5339 έν

2226 5353 2431 5442 ἀτιμίᾳ,
2448 5353 2767 5442 ἦγξίρεταιὲν
2786 5353 2913 5442 δόξῃ
2925 5357 3115 5442 ,deest
3124 5364 3180 5414 et
3200 5359 3262 5442 in
3279 5353 3497 5440 nostris
3512 5353 3648 5416 octo
3664 5375 3810 5440 mss.
3822 5400 3837 5425 ,

2224 5437 2285 5488 et
2311 5428 2375 5487 in
2391 5428 2665 5486 editione
2705 5428 3054 5485 Basileensi.
3081 5430 3299 5487 Basilio
3326 5430 3731 5493 concionanti,
3757 5445 3838 5486 an

2223 5502 2485 5559 librariis
2529 5500 2933 5557 scribentibus
2972 5501 3303 5558 exciderint
3325 5501 3455 5558 haec
3487 5501 3692 5567 verba,
3717 5502 3836 5558 dici

2224 5580 2389 5632 certo
2399 5589 2576 5647 posse
2596 5588 2722 5647 non
2736 5573 3059 5647 putgzmibi
3080 5578 3283 5647 tamen
3302 5573 3504 5630 nescio
3519 5573 3835 5647 quomodo

2224 5644 2607 5704 verisimilius
2634 5645 2723 5715 ﬁt,
2738 5644 2829 5703 ’ea
2846 5644 3071 5704 Basilio
3098 5646 3302 5719 potius
3320 5660 3512 5718 quam
3540 5644 3628 5703 tot
3652 5644 3837 5702 simul
