4124 6430
268 366 369 420 233

208 500 213 501 ⁷
273 495 428 560 σῶμα
478 488 816 558 πνευμαικόν.
869 488 932 536 Τί
979 480 1066 535 οὖν
1114 482 1307 543 κλαίεις
1336 482 1448 553 (13)
1492 485 1580 533 τόν
1622 479 1884 542 ἐξελθέντα

270 575 796 651 μεταμφιάσασθαι;
862 578 1002 631 Μήτε
1061 575 1277 625 σεαυτόν
1330 573 1505 644 θρήνει
1558 573 1627 631 ὡς
1683 569 1882 642 βοηθοῦ

270 686 410 727 τινος
476 668 606 737 πρὸς
678 665 765 714 τὸν
837 660 954 735 βίον
1032 664 1387 735 στερούμενος·
1466 659 1685 731 Ἀγαθὸν
1759 660 1882 732 γὰρ,

279 760 459 829 φησὶν,
500 751 729 812 ἐλπίζειν
762 750 845 803 ἐπὶ
895 752 1102 824 Κύριον,
1129 750 1158 808 ᾖ
1202 749 1422 810 ἐλπίζειν
1467 747 1544 801 ἐπ’
1593 743 1880 823 ἄνθρωπον.

278 838 426 903 Μήτε
483 842 670 895 ἐκεῖνον
738 837 956 913 ὀδύρου,
1016 842 1085 900 ὡς
1134 836 1278 893 δεινὰ
1324 840 1633 893 πεπονθότα.
1684 842 1885 912 Μικρὸν

273 937 371 1008 γὰρ
429 932 647 1006 ὕστερον
719 932 751 988 ἡ
822 928 874 992 ἐξ
938 928 1166 1002 οὐρανῶν
1234 928 1463 1000 σάλπιγξ
1540 928 1695 980 αύτόν
1771 924 1886 980 διυ-

275 1031 448 1081 πνίσει
502 1024 639 1096 (14),
681 1029 771 1076 καὶ
801 1022 918 1094 όψει
975 1022 1130 1075 αὐτὸν
1196 1023 1581 1096 παριστάμενον
1654 1030 1728 1093 τῷ
1776 1019 1884 1094 βή-

279 1136 405 1191 ματι
440 1122 533 1167 τοῦ
588 1114 845 1187 Χριστοῦ.
887 1109 1046 1185 ’Ἄφες
1102 1109 1190 1164 οὖν
1246 1114 1443 1173 ταύτας
1496 1114 1591 1173 τὰς
1641 1112 1887 1171 ταπεινὰς

280 1211 369 1258 καὶ
415 1198 765 1264 ἀπαιδεύτους
818 1204 1009 1274 φωνάς.
1073 1203 1141 1254 Οἱ
1194 1221 1280 1275 μοι
1321 1209 1421 1252 τῶν
1471 1196 1886 1275 ἀπροσδοκήτων

283 1302 469 1348 κακῶν
520 1297 609 1344 καὶ
653 1296 731 1344 τό”
782 1295 872 1353 Τίς
925 1288 973 1343 δ’
1030 1289 1089 1342 ἂν
1147 1298 1316 1343 ταῦτα
1363 1290 1508 1361 ᾠήθη
1586 1290 1827 1362 γενέσθαι
1869 1305 1883 1356 ;

281 1388 386 1454 καὶ,
440 1387 572 1436 Πότε
621 1382 732 1453 (15)
773 1377 824 1434 δ’
864 1379 924 1433 ἂν
970 1377 1350 1455 προσεδόκησα
1412 1387 1479 1452 γῇ
1530 1376 1885 1452 κατακρύψειν

281 1479 374 1532 τήν
414 1471 661 1544 φιλτάτην
717 1468 831 1543 ἐμοὶ
883 1469 1106 1542 κεφαλήν
1132 1486 1146 1536 ;
1205 1476 1383 1522 Ταῦτα
1427 1470 1528 1544 γὰρ
1568 1466 1663 1520 κᾶν
1715 1467 1884 1542 ἑτέρου

279 1563 516 1634 λέγοντος
562 1558 845 1632 ἀκούωμεν,
889 1556 1130 1632 ἔρυθριᾷν
1192 1560 1334 1631 ἡμᾶς
1368 1566 1604 1632 προσῆκε
1666 1559 1789 1618 τούς
1830 1559 1886 1608 ἔκ

1344 358 1640 415 HOMILIA
1681 358 1769 412 DE
1808 352 2216 411 GRATlARUM
2252 354 2583 411 ACTIONE.

3540 355 3649 409 234

1992 482 2087 534 tus
2117 494 2129 532 :
2159 479 2395 534 Bonum
2427 483 2511 534 est
2540 478 2716 544 enim,
2747 476 2965 550 inquit,
2992 488 3236 548 sperare
3275 479 3339 533 in
3370 478 3646 542 Domino,

1993 584 2175 640 quam
2203 583 2450 637 sperare
2477 569 2540 624 in
2564 567 2801 623 homine
2840 568 2913 623 ⁵⁸.
2953 568 3156 641 Neque
3198 567 3372 624 illum
3418 567 3648 624 deﬂeas

1994 657 2260 737 uti'male
2291 675 2363 714 ac
2391 658 2541 714 dure
2573 663 2913 731 acceptum.
2943 660 3093 713 Nam
3123 656 3410 728 clangens
3440 673 3472 713 e
3497 657 3650 713 caelo

1995 747 2143 805 tuba
2184 747 2348 803 hunc
2391 746 2578 820 paulo
2627 751 2765 820 post.
2806 745 3267 819 expergefaciet,
3299 762 3370 803 ac
3420 745 3652 802 videbis

1944 878 1951 883 -
1993 839 2201 910 ipsum
2233 837 2446 895 Christi
2476 840 2782 895 astantem
2819 837 3124 894 tribunali.
3156 837 3310 893 Mitte
3331 836 3516 908 igitur
3541 836 3654 893 hu-

1994 927 2166 983 miles
2195 926 2329 984 illas
2378 944 2450 984 ac
2507 927 2773 984 insulsas
2803 942 3031 983 voces:
3082 929 3207 983 Heu
3271 926 3438 983 mala
3484 926 3652 983 inex-

1994 1020 2267 1089 spectata
2294 1036 2306 1074 :
2335 1033 2573 1074 rursus.
2592 1016 2734 1083 Quis
2762 1016 2893 1073 haec
2918 1021 3208 1073 eventura
3234 1015 3422 1073 fuisse
3450 1022 3657 1090 putas-

1994 1108 2129 1162 set?
2181 1107 2322 1163 item
2358 1125 2371 1163 :
2426 1106 2832 1172 Quandonam
2877 1110 3331 1179 exspectassem
3372 1106 3655 1163 charissi-

1995 1211 2167 1251 mum
2197 1195 2343 1252 mihi
2374 1200 2555 1269 caput
2583 1195 3000 1267 obtegendum
3037 1196 3229 1253 humo
3275 1195 3461 1252 fuisse
3480 1196 3510 1253 ?
3530 1198 3659 1252 Ete-

1992 1285 2120 1342 nim
2154 1285 2204 1341 si
2232 1285 2398 1352 alter,
2421 1285 2604 1342 nobis
2636 1285 3050 1354 audientibus,
3076 1286 3207 1343 haec
3227 1285 3512 1360 proferat,
3542 1301 3659 1359 par

1994 1374 2173 1431 fuerit
2201 1392 2317 1431 nos
2348 1376 2730 1446 erubescere,
2760 1376 2863 1448 qui
2907 1380 3036 1433 tum
3066 1392 3139 1433 ex
3185 1377 3481 1434 memoria
3508 1392 3659 1450 prae-

1995 1466 2330 1535 teritorum,
2374 1471 2504 1523 tum
2557 1483 2629 1522 ex
2670 1468 3060 1539 praesentium
3104 1468 3492 1541 experientia,
3544 1469 3659 1525 has

1993 1561 2227 1612 naturae
2257 1573 2563 1614 aerumnas
2586 1556 2962 1614 inevitabiles
2988 1574 3123 1615 esse
3143 1558 3489 1615 didicimus.

281 1668 335 1702 τε
390 1658 486 1712 τῆς
537 1654 752 1722 μνήμης
803 1656 905 1700 τῶν
970 1647 1324 1722 παρελθόντων
1372 1653 1462 1701 καὶ
1518 1647 1576 1701 ἐκ
1628 1656 1725 1711 τῆς
1766 1654 1866 1701 τῶν
1895 1647 2188 1721 ἓπαρόντων
2245 1651 2429 1721 πείρας
2474 1649 2543 1699 τὰ
2590 1645 2847 1720 ἀναγκαῖα
2904 1656 3000 1711 τῆς
3057 1650 3259 1721 φύσεως
3313 1651 3455 1710 πάθη
3514 1645 3660 1703 δεδι·

283 1734 318 1791 δ
322 1742 598 1812 αγμένους.

352 1823 407 1884 7.
436 1831 571 1881 Οὔτε
600 1823 688 1880 οὖν
714 1826 904 1902 ἀωρίαι
954 1828 1196 1895 θανάτου,
1231 1831 1347 1881 οὔτε
1385 1827 1537 1879 ἄλλαι
1576 1830 1707 1889 τινες
1750 1822 1890 1879 δυσ-

2072 1829 2127 1879 7.
2168 1812 2375 1898 itaque
2428 1840 2629 1898 neque
2676 1825 3118 1900 intempestivas
3167 1830 3413 1896 mortes,
3458 1843 3660 1902 neque

281 1918 498 1994 κληρίαι
529 1914 803 1978 ἀδοκήτως
833 1915 1159 1990 ἐμπεσοῦσαι
1191 1917 1325 1988 (16),
1360 1915 1705 1979 ἐκπλήξουσιν
1752 1916 1891 1989 ἡμᾶς

278 2027 407 2062 ποτε
444 2012 567 2071 τοὺς
595 2003 1124 2080 παιδαγωγουμένους
1174 2016 1246 2079 τῷ
1275 2006 1413 2079 λόγῳ
1459 2016 1556 2068 τῆς
1604 2004 1890 2068 εὐσεϐείας.

283 2099 430 2165 Οἶον,
458 2103 581 2159 παῖς
611 2115 702 2169 μοι
736 2092 798 2154 ἦν
845 2099 1065 2163 νεανίας,
1099 2101 1255 2169 μόνος
1290 2103 1383 2147 τοῦ
1435 2093 1555 2168 βίου
1605 2090 1890 2167 διάδοχος,

281 2179 617 2263 παραμύθιον
668 2190 861 2258 γήρως,
915 2181 1323 2259 ἐγκαλλώπισμα
1368 2188 1564 2256 γένους,
1593 2186 1748 2246 ἄνθος
1792 2190 1894 2236 τῶν

281 2276 571 2351 ὁμηλίκων,
631 2280 903 2348 στήριγμα
949 2284 1046 2334 τῆς
1115 2275 1306 2344 οἰκίας,
1339 2274 1465 2327 αύτὸ
1534 2283 1631 2334 τῆς
1686 2273 1896 2335 ἡλικίας

284 2362 385 2440 ἦγε
430 2369 489 2418 τό
536 2368 909 2439 χαριέστατον·
952 2364 1103 2424 οὗτος
1153 2362 1484 2439 ἀνάρπαστος
1527 2366 1755 2436 οἴχεται·
1804 2368 1896 2416 καὶ

281 2466 355 2529 γῆ
386 2460 477 2508 καὶ
503 2458 646 2515 κόνις
672 2457 895 2525 γέγονεν,
932 2454 957 2536 ό
1004 2455 1105 2525 πρὸ
1155 2451 1402 2527 βραχέως
1446 2448 1553 2510 ἡδύ
1592 2455 1682 2525 μὲν
1729 2453 1895 2504 ἄκου-

287 2564 404 2620 σμα
442 2545 807 2617 φθεγγόμενος,
836 2537 1059 2599 ἣδιστον
1109 2538 1168 2594 δὲ
1201 2544 1366 2615 θέαμα
1411 2541 1477 2593 ὢν
1510 2542 1615 2613 (17)
1656 2549 1766 2602 τοῖς
1802 2536 1895 2594 τοῦ

279 2640 633 2709 γεννήσαντος
679 2632 981 2705 ὀφθαλμοῖς.
1020 2636 1085 2685 Τί
1121 2628 1208 2684 οὖν
1247 2638 1541 2705 ποιήσομαι
1563 2649 1576 2699 ;
1612 2631 1897 2707 Καταρῥή-

283 2725 447 2799 ξομαι
518 2728 613 2782 τὴν
684 2721 901 2787 ἐσθῆτα,
976 2726 1067 2774 καὶ
1118 2717 1476 2794 καταδέξομαι
1534 2719 1898 2775 κυλινδεῖσθαι

277 2819 486 2888 χαμαὶ,
517 2817 608 2864 καὶ
653 2812 988 2878 ποτνιᾶσθαι,
1028 2815 1119 2863 καὶ
1169 2807 1607 2883 δυσανασχετεῖν,
1658 2816 1749 2864 καὶ
1792 2808 1897 2864 δει-

276 2906 453 2957 κνύειν
486 2901 710 2976 ἐμαυτόν
756 2907 868 2962 τοῖς
921 2908 1183 2974 παροῦσιν
1227 2903 1381 2953 οἱονεὶ
1421 2896 1592 2953 παῖδά
1640 2920 1756 2952 τινα
1794 2902 1895 2955 ύπό

272 2993 496 3065 πληγῶν
523 2989 783 3044 ἐκϐοῶντα
810 2993 901 3042 καὶ
932 2986 1330 3065 ἀποσπαίροντα
1351 2990 1464 3062 (18)
1496 3005 1509 3056 ;
1550 2988 1615 3042 Ἣ
1643 2998 1714 3061 τῷ
1740 2988 1897 3062 ἀναγ-

2001 1912 2132 1970 aliaa
2162 1914 2299 1970 ullae
2319 1914 2631 1972 calamites
2660 1915 3012 1989 inopinatae,
3041 1932 3155 1973 nos
3180 1932 3457 1990 unquam
3487 1933 3663 1974 cons-

2003 2004 2349 2074 ternabunt,
2364 2004 2414 2059 si
2435 2004 2676 2077 pietatis
2699 2004 2976 2063 doctrina
2995 2005 3369 2063 imbuamur.
3389 2005 3664 2080 Exempli

2003 2093 2219 2163 gratia,
2244 2092 2404 2149 ﬁlius
2432 2094 2581 2150 mihi
2610 2099 2739 2151 erat
2764 2094 3143 2166 adolescens,
3164 2095 3470 2153 bonorum
3500 2112 3665 2153 meo-

2001 2199 2138 2239 rum
2169 2183 2362 2239 hteres
2389 2185 2628 2253 unicus,
2648 2183 2924 2241 solamen
2943 2185 3287 2251 senectutis,
3315 2186 3552 2256 generis
3568 2202 3664 2242 or-

2002 2277 2385 2341 namentum,
2430 2272 2545 2328 ﬂos
2584 2273 2938 2346 aequalium,
2966 2271 3209 2330 familiae
3256 2274 3563 2345 columen,
3593 2292 3668 2335 ea

2003 2367 2132 2418 erat
2160 2365 2357 2434 (etate,
2380 2378 2518 2435 quas
2542 2361 2723 2433 longe
2752 2366 2843 2419 est
2870 2362 3254 2435 gratissima;
3298 2364 3396 2421 ille
3419 2365 3549 2438 ipse
3577 2365 3666 2421 in-

2003 2451 2160 2507 teriit
2179 2450 2471 2524 abreptus
2494 2470 2507 2508 :
2534 2457 2690 2508 terra
2710 2456 2766 2508 et
2787 2451 2986 2526 pulvis
3008 2452 3205 2509 factus
3231 2458 3342 2521 est,
3356 2454 3461 2528 qui
3478 2454 3666 2528 paulo

2005 2545 2144 2598 ante
2161 2541 2436 2613 jucunda
2466 2540 2678 2599 auditu
2702 2541 3035 2616 proferens,
3071 2542 3482 2613 gratissimum
3506 2545 3670 2616 geni-

2005 2630 2151 2688 toris
2181 2631 2276 2687 sui
2305 2630 2496 2688 oculis
2539 2632 2957 2705 spectaculum
2988 2637 3134 2689 erat.
3170 2633 3327 2700 Quid
3373 2633 3556 2705 igitur
3582 2634 3668 2691 fa-

2006 2720 2165 2777 ciam
2194 2721 2222 2777 ?
2254 2721 2541 2778 Scindam
2569 2725 2804 2778 vestem
2823 2722 2852 2779 ?
2880 2721 3099 2779 lubens
3125 2722 3449 2780 volutabor
3469 2724 3667 2790 humi,

2007 2814 2064 2866 ct
2092 2825 2456 2883 conquerar,
2488 2815 2547 2867 et
2570 2810 2961 2883 indignabor,
2993 2815 3051 2868 et
3099 2812 3443 2869 astantibus
3493 2813 3667 2870 exhi-

2004 2898 2165 2955 bebo
2192 2900 2500 2973 meipsum
2522 2899 2686 2956 velut
2710 2916 2986 2972 puerum,
3011 2901 3116 2973 qui
3136 2900 3217 2958 ob
3239 2908 3521 2976 acceptas
3540 2901 3668 2975 pla-

2006 3006 2114 3060 gas
2131 2989 2401 3047 clamitat
2420 3007 2490 3046 ac
2513 2989 2754 3047 subsilit
2772 2992 2801 3047 ?
2826 2995 2954 3047 lmo
2978 3007 3193 3047 eorum
3221 3009 3360 3066 quas
3380 2993 3670 3051 accidunt

272 3087 418 3156 καίῳ
473 3089 574 3133 τῶν
626 3082 906 3152 γινομένων
958 3082 1257 3153 προσέχων,
1300 3081 1382 3132 ὅτι
1455 3076 1813 3153 ἀπαραίτητος
1868 3080 1894 3131 ό

2006 3079 2427 3136 necessitatem
2456 3078 2775 3150 diligenter
2795 3080 3211 3149 considerans,
3254 3083 3463 3138 mortis
3507 3082 3666 3139 scili-

273 3180 377 3227 τοῦ
436 3171 661 3224 θανάτου
709 3173 884 3241 νόμος,
931 3172 1022 3220 καὶ
1080 3163 1174 3220 διὰ
1223 3170 1404 3230 πάσης
1446 3169 1639 3241 ὁμοίως
1685 3167 1897 3230 ἡλικίας

276 3268 498 3336 χωρῶν,
546 3264 638 3312 καὶ
687 3258 859 3310 πάντα
915 3255 1096 3329 ἐφεξῆς
1146 3259 1215 3309 τὰ
1273 3259 1495 3310 σύνθετα
1542 3253 1789 3326 διαλύων,
1837 3257 1895 3310 ού

282 3351 669 3423 ξενισθήσομαι
710 3355 784 3418 τῷ
816 3345 1114 3420 συμϐάντι;
1163 3342 1279 3398 οὐδ’
1318 3343 1757 3422 ἆνατραπήσομαι
1808 3350 1896 3399 τὸν

277 3447 407 3494 νοῦν
475 3441 545 3501 ὡς
609 3438 710 3490 ύπό
761 3435 971 3508 πληγῆς
1020 3430 1427 3511 ἀπροσδοκήτου
1482 3435 1895 3511 καταρῤαχθεὶς,

278 3528 457 3586 πάλαι
482 3521 1016 3602 προπεπαιδευμένος,
1066 3525 1166 3593 ὅτι,
1203 3526 1390 3588 θνητὸς
1428 3524 1495 3577 ὢν
1528 3526 1661 3595 (19),
1715 3527 1898 3584 θνητὸν

281 3617 444 3694 εἶχον
471 3620 560 3670 τόν
607 3611 797 3683 παῖδα,
838 3617 926 3667 καὶ
973 3615 1053 3667 ὅτι
1100 3609 1251 3667 οὐδὲν
1295 3622 1397 3666 τῶν
1437 3612 1769 3688 ἀνθρωπίνων
1803 3613 1898 3688 βέ-

284 3709 465 3776 ϐαιον,
497 3702 622 3761 οὐδὲ
668 3705 742 3769 εἰς
782 3707 841 3757 τὸ
888 3702 1130 3766 παντελὲς
1174 3706 1485 3779 παραμένειν
1533 3710 1645 3766 τοῖς
1690 3723 1898 3763 κτησα-

281 3803 470 3874 μένοις
522 3800 790 3869 πέφυκεν;
843 3793 997 3847 Ἀλλὰ
1042 3796 1133 3846 καὶ
1176 3792 1351 3856 πόλεις
1401 3792 1625 3867 μεγάλαι
1675 3798 1767 3846 καὶ
1813 3813 1901 3847 πε-

276 3894 524 3964 ριφανεῖς
582 3887 696 3956 (20)
734 3891 796 3957 τῇ
855 3902 910 3936 τε
955 3890 1056 3936 τῶν
1094 3884 1611 3957 κατασκευασμάτων
1658 3882 1899 3959 λαμπρό-

274 3997 436 4046 τητι,
466 3978 556 4029 καὶ
599 3981 663 4048 τῇ
698 3969 918 4046 δυνάμει
967 3980 1067 4025 τῶν
1116 3971 1463 4045 ἐνοικούντων,
1493 3978 1583 4025 καὶ
1633 3980 1695 4046 τῇ
1742 3973 1896 4046 λοιπῇ

271 4069 429 4122 κατά
464 4084 519 4120 τε
556 4068 652 4126 τὴν
676 4069 859 4136 χώραν
912 4066 1004 4115 καὶ
1049 4065 1137 4121 τὴν
1189 4060 1383 4135 ἀγορὰν
1410 4062 1628 4135 εύθηνίᾳ
1675 4057 1900 4136 διαπρέ-

270 4152 584 4223 πουσαι,ἆν
642 4151 888 4226 ἐρειπίοις
936 4159 1024 4203 νῦν
1072 4155 1250 4224 μόνοις
1289 4160 1383 4214 τῆς
1436 4151 1659 4215 παλαιᾶς
1712 4155 1899 4225 σεμνό-

269 4266 452 4309 τητος
479 4246 545 4297 τὰ
568 4240 805 4317 σύμϐολα
840 4244 1056 4316 φέρουσι
1093 4241 1225 4313 (21).
1280 4240 1382 4293 Καὶ
1426 4240 1621 4309 πλοῖον,
1654 4240 1900 4304 πολλάκις

271 4338 339 4393 ἐκ
395 4334 657 4395 θαλάττης
705 4327 985 4399 διασωθὲν,
1031 4335 1122 4383 καὶ
1183 4333 1434 4406 μυριάκις
1486 4333 1576 4403 μὲν
1625 4350 1900 4402 ταχυναυ-

271 4438 486 4493 τῆσαν,
531 4426 717 4499 μυρίον
775 4416 835 4474 δὲ
874 4425 1059 4495 φόρτον
1097 4426 1207 4481 τοῖς
1245 4417 1670 4496 ἐμπορευομένοις
1712 4415 1901 4474 διακο-

272 4521 481 4594 μίσαν,
526 4518 625 4587 μιᾷ
677 4507 942 4584 προσϐολῇ
992 4510 1281 4582 πνεύματος
1324 4510 1611 4582 ἠφανίσθη,
1672 4514 1902 4585 Στρατό-

272 4602 440 4665 πεδα
486 4599 547 4657 δὲ
590 4605 931 4675 κρατήσαντα
974 4599 1180 4673 μάχαις
1209 4598 1323 4672 (22)
1356 4597 1601 4661 πολλάκις
1626 4606 1727 4651 τῶν
1757 4596 1902 4652 ἐναν-

363 4706 423 4743 ⁵⁴
462 4701 627 4772 Psal,
654 4715 828 4769 cxvn,
860 4696 915 4758 9.

269 4791 563 4870 librariis
592 4787 1269 4870 excidisse.nl‘§ec.valtie
1300 4785 1639 4870 admodum
1669 4785 1904 4869 dubito,

333 4869 452 4925 uin
473 4867 617 4942 ipsa
645 4877 718 4942 ex
761 4860 888 4915 Suis
920 4858 1127 4942 Bibliis
1166 4860 1231 4916 in
1277 4858 1540 4916 editione
1586 4858 1906 4916 Parisiensi

274 4887 627 4997 ἓὲἰὲιίῖἐὲιξέ
636 4887 1040 4997 ἵῗγὲἓὲῗειΐὲὲ

276 4945 656 5000 addiderint
680 4945 1040 5005 typograpm
1052 4972 1065 4987 .

367 5010 515 5083 (i3),
534 5008 773 5061 Veteres
792 5002 1060 5083 quinque
1080 5002 1214 5059 libri
1232 5005 1297 5055 Τί
1315 4996 1406 5083 οὖν
1429 4996 1695 5076 δακρύεις.
1725 4998 1906 5058 Paulo

274 5072 1115 5161 mist:Res-.secpaduééia
1148 5077 1501 5161 οῑτεροτέιιενοιε·

406 5153 492 5208 14⁸
533 5144 777 5220 Antiqui
806 5146 931 5202 duo
959 5144 1095 5202 libri
1121 5144 1275 5198 αὐτόν
1307 5144 1588 5207 ἐξυπνίσει.

367 5156 499 5299 Em;
537 5225 679 5299 “93'
704 5218 1071 5299 Primusfﬂ
1100 5221 1182 5299 ζῷ’
1213 5221 1304 5279 Τίς
1333 5213 1581 5299 ἔιενοήθη

278 5365 553 5430 candus
576 5363 814 5434 λέγοντος
850 5361 1122 5434 ἠκούομεν.

371 5442 499 5514 (16),
533 5427 698 5514 Regii
725 5433 851 5514 duo
900 5427 1049 5488 mss.
1096 5427 1374 5514 ᾁδοκήτῶς
1402 5428 1767 5514 ἕπιπεσοῡῆσαξ
1800 5427 1917 5484 Ali-

280 5497 706 5589 qu‘anto'past
731 5504 855 5589 duo
876 5518 1032 5589 _m‘ss.
1063 5507 1219 5589 pavo;
1254 5509 1353 5589 τοῦ
1394 5504 1573 5589 γυένουῖς
1631 5497 1911 5589 διάδοχος.

368 5582 502 5655 (t7)
535 5571 899 5655 ltaantiqui
916 5574 1044 5655 duo
1064 5571 1376 5655 1ibr_i._gVox
1401 5571 1469 5624 ὧν
1500 5572 1711 5629 aberat
1729 5588 1766 5628 a

285 5647 500 5732 satis".
530 5647 740 5705 Statim
764 5647 906 5703 editi
924 5651 1151 5705 ποιήσω.
1174 5650 1528 5718 Atquinque
1549 5648 1828 5701 ωεε.ποιὴ
1840 5661 1925 5695 σο-

681 5738 925 5792 ΡΑτιιοι..
957 5737 1058 5792 Gn.
1085 5736 1257 5791 XXXI.

537 5213 945 5291 Regfprimus
979 5222 1071 5270 καὶ
1100 5221 1182 5291 τό,
1213 5221 1304 5279 Τίς
1333 5213 1581 5291 διενοήθη
1613 5221 1782 5291 ταῦτα
1818 5233 1910 5286 γε-

276 5288 512 5355 νέάθαὶ·
543 5288 743 5357 καὶθτῦ,
769 5294 919 5344 Πότε.
953 5292 1067 5345 Nec
1096 5289 1181 5345 ita
1220 5288 1414 5344 multo
1444 5293 1600 5361 post.
1635 5289 1785 5358 Reg.
1826 5303 1915 5342 se-

2004 3169 2312 3240 cetlegem
2337 3170 2511 3226 vitari
2536 3186 2661 3226 non
2682 3186 2886 3243 posse,
2914 3186 3052 3227 eam
3077 3187 3187 3245 per
3205 3187 3418 3229 omnes
3446 3173 3668 3245 pariter

2004 3265 2209 3316 aetates
2230 3261 2519 3331 grassari,
2552 3276 2623 3317 ac
2650 3261 2992 3334 composita
3020 3261 3227 3318 omnia
3252 3278 3364 3318 suo
3404 3279 3667 3336 quaeque

2005 3349 2217 3405 ordine
2255 3348 2523 3420 dissolvi,
2546 3366 2696 3405 num
2725 3350 2968 3407 casibus
3012 3350 3106 3406 his
3151 3355 3449 3424 tanquam
3487 3352 3668 3409 novis

2005 3438 2454 3512 perturbabor?
2483 3443 2638 3495 Num
2668 3438 2744 3496 de
2764 3444 2966 3496 mente
2997 3439 3248 3512 dejiciar
3276 3440 3441 3498 velut
3482 3441 3668 3515 plaga

2004 3528 2388 3601 inexpectata
2417 3533 2756 3601 perculsus,
2787 3528 2893 3602 qui
2907 3529 3041 3600 jam
3078 3530 3317 3602 pridem
3347 3530 3661 3590 didicerim
3696 3594 3701 3599 ,

2006 3616 2415 3689 ωἱῇἱεωοτῐοϋ
2445 3617 2764 3674 mortalem
2788 3617 2984 3677 ﬁlium
3011 3633 3165 3690 esse,
3189 3635 3301 3675 nec
3329 3619 3667 3693 quidquam

2005 3707 2348 3763 humanum
2387 3708 2656 3780 reperiri,
2695 3707 2865 3780 quod
2913 3707 3127 3765 stabile
3162 3708 3257 3777 sit,
3287 3714 3392 3766 aut
3434 3709 3601 3782 quod
3630 3727 3668 3768 a

2006 3795 2489 3868 possessoribus,1
2509 3796 2636 3852 suis
2667 3801 2964 3869 perpetuo
2995 3797 3222 3853 servari
3245 3796 3481 3854 soleat?
3512 3799 3668 3864 Quin

2007 3888 2066 3940 et
2096 3884 2277 3940 urbes
2305 3878 2717 3957 amplissimae,
2738 3901 2945 3958 eaeque
2970 3890 3098 3942 tum
3129 3886 3527 3943 aedificiorum
3555 3886 3671 3943 ele-

2009 3970 2235 4043 gantia,
2271 3975 2399 4027 tum
2450 3971 2676 4028 civium
2716 3978 3016 4046 potestate
3063 3973 3353 4042 celebres,
3402 3976 3667 4048 itemque

2006 4060 2241 4134 reliqua
2277 4066 2337 4118 et
2372 4061 2636 4132 regionis
2677 4068 2733 4119 et
2776 4063 2890 4119 fori
2929 4064 3243 4136 opulentia
3299 4066 3667 4139 conspicuae,

2010 4148 2125 4224 32
2150 4167 2311 4208 nunc
2326 4152 2389 4207 in
2410 4151 2553 4208 solis
2570 4153 2892 4210 ruderibus
2913 4153 3222 4227 dignitatis
3241 4154 3506 4229 antiquae
3522 4172 3672 4229 prae-

2008 4240 2209 4297 ferunt,
2226 4241 2510 4313 insignia.
2530 4247 2724 4316 Atque
2752 4244 2926 4300 navis
2948 4243 3310 4319 plerumque
3329 4262 3361 4301 e
3382 4246 3535 4302 mari
3555 4263 3675 4303 ser-

2009 4334 2171 4400 vata,
2189 4334 2329 4403 post
2349 4338 2657 4403 peractam
2685 4335 3020 4390 sexcenties
3051 4334 3307 4391 celerem
3338 4334 3675 4405 navigatio-

2010 4434 2174 4490 nem,
2206 4425 2434 4493 etpost
2473 4420 2757 4478 advectas
2798 4423 3280 4493 negotiatoribus
3316 4425 3673 4482 innumeras

2011 4524 2265 4574 merces,
2297 4526 2420 4566 uno
2457 4511 2619 4569 venti
2667 4511 2902 4585 impetu
2943 4514 3189 4569 evanuit
3230 4528 3262 4570 θ
3315 4519 3669 4587 conspectu.

2013 4598 2318 4657 Exercitus
2344 4616 2612 4685 quoque,
2644 4602 2795 4675 quin
2815 4601 2878 4658 in
2898 4601 3122 4675 praeliis
3150 4618 3310 4676 saepe
3338 4602 3544 4660 hostes
3570 4603 3671 4662 de-

2011 4806 2128 4863 μαὲτ
2328 4786 2451 4843 duo
2479 4792 2800 4863 πριήσῳμενε

2085 4857 2198 4931 (18)
2239 4859 2401 4933 Unus
2423 4860 2613 4914 codex
2640 4857 2912 4915 Combef.
2940 4863 2997 4916 et
3021 4862 3162 4933 Reg.
3186 4860 3421 4933 primus
3445 4858 3668 4913 ἐκϐοῶν-

2012 4928 2228 5006 τα’καὶγ
2278 4928 2687 5005 ἁποσκαίροντα.
2742 4933 2959 4988 Statim
3015 4928 3138 4989 duo
3188 4928 3337 4988 inss.
3391 4936 3672 5006 γινομένων

2012 5019 2115 5059 προ
2122 5019 2268 5059 σγων
2276 5043 2291 5059 ,
3640 5040 3643 5043 -

2053 5019 2115 5143 ρ(
2120 5019 2380 5151 1³33ωέεᾶ
2431 5071 2701 5151 primus
2774 5074 2963 5151 πάλαι-
3006 5072 3493 5151 προπαιδευόρενος,
3568 5040 3667 5145 ὅτι,

2019 5141 2821 5217 θνητόςΑῶνξέγώίΑΙὶεμιᾶῐΙῑο
2872 5141 3055 5214 infra,
3096 5148 3201 5203 ubi
3228 5147 3289 5203 in
3332 5141 3515 5205 'editis
3544 5141 3674 5204 cor-
3716 5166 3720 5171 λ

2017 5216 2191 5293 r_upte
2212 5214 2428 5293 legitur
2445 5223 2555 5293 τοζς
2576 5214 2869 5293 ani-naevo“,
2884 5217 2965 5273 ibi
2980 5219 3042 5274 in
3064 5220 3676 5293 novem§mss.{emen-

2019 5285 2481 5377 detenscrip‘tum
2506 5285 2861 5377 invenimus
2885 5296 2993 5377 rei;
3022 5285 3388 5377 κτησαμένοις.

2246 5357 2487 5435 antiqui
2512 5363 2630 5435 tres
2655 5359 2791 5435 libri
2820 5360 3047 5435 μεγάλαι
3064 5367 3153 5414 καὶ
3184 5357 3462 5435 ἔπιφανεῖς.

2251 5429 2422 5505 unus
2442 5429 2634 5485 codex
2668 5429 2833 5487 Colb.
2866 5429 3101 5505 σύμϐολα
3125 5429 3389 5505 φαίνουσι.

2097 5500 2211 5580 (22)
2253 5502 2822 5580 Veteres___quatuor
2847 5500 3014 5580 _libri
3071 5500 3417 5580 κρατή-σαντα
3461 5508 3672 5580 μάχης.

2027 5568 2139 5647 ᾼΙίί
2175 5568 2299 5628 duo
2321 5575 2377 5628 et
2405 5571 2550 5628 editi
2578 5568 2812 5646 μάχαις.
2847 5576 2987 5645 Reg.
3020 5568 3329 5632 secundus

3489 5741 3519 5791 8
