4124 6400
478 308 585 362 235

472 428 760 493 vicerant,
812 427 1049 481 mutata
1084 423 1355 480 secunda
1410 424 1673 487 fortuna,
1714 421 2130 497 spectaculum

476 514 823 572 miserabile
854 513 994 569 facti
1023 518 1166 569 sunt
1186 518 1243 569 et
1274 513 1501 570 fabula.
1526 515 1617 569 Ad
1648 514 1777 570 haec
1808 517 2016 583 gentes
2041 508 2130 564 in-

471 610 655 675 tegras
672 621 742 661 ac
764 602 1001 672 insulae,
1014 603 1283 675 potentia
1298 619 1422 658 non
1441 603 1730 659 mediocri
1750 602 2128 672 comparata,

473 692 688 750 erectis
735 697 892 748 terra
940 690 1215 763 marique
1258 690 1464 746 multis
1511 691 1775 763 tropaeis,
1831 684 2129 755 congestis

473 798 548 838 ex
569 781 800 838 exuviis
825 780 1047 853 opibus
1078 779 1299 847 multis,
1325 785 1430 836 aut
1454 784 1781 852 assumpta:
1813 782 1955 833 sunt
1984 782 2127 831 tem-

472 886 642 944 pore,
667 875 772 927 aut
801 869 861 925 in
894 869 1301 942 captivitatem
1333 870 1612 936 redactae,
1643 868 1925 924 servitute
1950 864 2125 920 liber-

470 965 653 1017 tatem
683 964 1015 1016 mutarunt.
1049 960 1113 1013 Et
1134 958 1193 1012 in
1217 974 1477 1021 summa,
1497 958 1907 1031 quodcunque
1939 952 2128 1009 maxi-

470 1066 713 1107 morum
738 1052 796 1105 et
851 1047 1323 1103 intolerabilium
1355 1046 1656 1104 malorum
1685 1046 1881 1119 possis
1910 1044 1970 1099 in
2001 1057 2125 1097 me-

469 1139 640 1196 dium
690 1137 979 1212 proferre,
1009 1135 1232 1191 nullius
1270 1153 1394 1192 non
1452 1136 1730 1207 exempla
1758 1133 1939 1189 habet
1989 1136 2124 1187 acta

462 1230 592 1300 jam
623 1234 788 1284 aetas.
823 1225 1357 1292 Quemadmodum
1388 1225 1568 1295 igitur
1600 1224 1766 1279 librae
1799 1220 2121 1278 momentis

465 1317 867 1374 discernimus
915 1316 1210 1388 pondera,
1244 1320 1300 1371 et
1352 1316 1482 1371 auri
1525 1314 1848 1371 discrimen
1879 1329 1949 1369 ex
1980 1310 2121 1367 coti-

463 1407 612 1464 culaa
641 1406 876 1462 aﬁ‘rictu
905 1404 1297 1475 exploramus
1328 1426 1340 1459 :
1370 1404 1455 1460 ita
1481 1404 1529 1459 si
1562 1409 1818 1459 statutos
1861 1401 2039 1457 nobis
2082 1415 2119 1455 a

461 1495 711 1551 Domino
732 1494 887 1549 ﬁnes
919 1507 991 1547 ac
1019 1491 1238 1547 modos
1272 1497 1617 1564 repetamus
1640 1490 1954 1558 memoria,
1984 1504 2118 1542 nus-

456 1600 645 1659 quam
676 1582 1008 1657 prudentiae
1039 1597 1109 1637 ac
1158 1581 1591 1637 moderationis
1620 1582 1912 1636 terminos
1950 1592 2117 1633 exce-

456 1674 693 1730 demus.
730 1674 885 1743 Ergo
915 1671 965 1726 si
986 1670 1237 1743 quando
1264 1670 1369 1726 tibi
1400 1670 1628 1743 aliquid
1661 1667 1979 1737 contigerit
2006 1666 2113 1722 ad-

450 1763 631 1830 versi,
662 1762 926 1817 maxime
958 1776 1098 1815 cum
1138 1765 1404 1815 mentem
1441 1760 1571 1830 jam
1615 1759 1806 1831 probe
1858 1758 2111 1813 instruc—

451 1857 577 1909 tam
607 1852 862 1916 habeas,
900 1864 976 1905 ne
1006 1848 1301 1905 turberis:
1336 1849 1555 1905 deinde
1594 1864 1759 1915 vero,
1791 1844 2112 1920 praesentia

448 1939 640 1998 facias
664 1940 891 1995 leviora
920 1954 1029 2011 spe
1060 1938 1424 1994 futurorum.
1474 1939 1541 1993 Ut
1588 1937 1751 1992 enim
1795 1936 1854 1996 ii.
1886 1934 2111 2007 quibus

448 2030 609 2088 oculi
638 2028 863 2085 inﬁrmi
885 2031 1046 2090 sunt,
1079 2026 1331 2083 obtutus
1355 2043 1497 2083 suos
1523 2042 1559 2083 a
1585 2026 1764 2081 rebus
1791 2025 1975 2080 nimis
2000 2023 2108 2081 tul-

447 2119 606 2189 gidis
633 2117 979 2183 deﬂectunt,
1013 2130 1239 2187 eosque
1277 2114 1499 2170 ﬂorum
1543 2119 1601 2171 et
1645 2113 1975 2171 herbarum
2017 2130 2106 2169 re-

445 2212 654 2264 creant
672 2210 1004 2278 conspectu
1039 2221 1053 2259 :
1085 2204 1169 2261 ita
1205 2220 1453 2277 quoque
1484 2219 1608 2260 non
1664 2204 1843 2259 debet
1897 2203 2103 2258 anima

444 2313 686 2370 semper
714 2296 828 2352 sibi
874 2310 967 2351 res
998 2295 1193 2351 tristes
1226 2309 1453 2366 ponere
1491 2294 1571 2350 ob
1606 2294 1838 2361 oculos,
1872 2309 1983 2348 nec
2008 2294 2104 2365 ju-

443 2386 598 2458 giter
651 2388 711 2442 in
766 2383 1168 2457 praesentibus
1202 2383 1496 2439 aerumnis
1547 2382 1757 2455 deﬁgi,
1786 2385 1890 2438 sed
1934 2382 2101 2439 bona

441 2490 586 2531 vera
616 2472 936 2547 speculari.
968 2477 1051 2528 Ita
1082 2472 1353 2527 futurum
1383 2476 1494 2540 est,
1527 2478 1594 2528 ut
1620 2473 1910 2528 continuo
1956 2487 2100 2542 gau-

439 2563 543 2621 dio
576 2562 859 2625 afﬁciare,
891 2562 941 2617 si
983 2576 1225 2633 semper
1250 2560 1371 2616 vita
1417 2567 1522 2617 tua
1551 2561 1842 2617 referatur
1866 2561 1942 2617 ad
1994 2563 2098 2618 De~

438 2669 566 2721 um,
599 2653 648 2708 si
669 2667 809 2723 spes
857 2649 1368 2706 remunerationis
1412 2665 1713 2705 mrumnas
1742 2651 1873 2705 vitre
1912 2650 2099 2707 leniat

438 2757 510 2799 ac
533 2740 833 2797 sublevet.
863 2738 1163 2811 Accepisti
1192 2737 1627 2794 contumeliam
1650 2739 1678 2793 ‘I
1718 2738 1822 2793 sed
1862 2738 1940 2794 ad
1972 2738 2096 2809 glo-

433 2830 589 2887 riam
619 2846 757 2903 qua":
777 2828 883 2886 tibi
932 2843 1042 2901 per
1088 2827 1444 2900 patientiam
1475 2827 1536 2882 in
1588 2827 1749 2883 caelis
1796 2834 2091 2893 servatur,

435 2920 691 2993 respice.
720 2918 936 2976 Fecisti
960 2916 1259 2976 damnum
1287 2918 1314 2972 ?
1343 2922 1416 2973 At
1450 2917 1691 2972 divitias
1716 2918 2007 2987 caelestes,
2041 2924 2096 2973 et

437 3011 790 3067 thesaurum
822 3024 1006 3081 quem
1042 3013 1162 3063 tute
1197 3007 1302 3063 tibi
1348 3023 1454 3079 per
1492 3007 1659 3063 bona
1689 3023 1875 3080 opera
1922 3025 2094 3080 repo-

435 3098 630 3167 suisti,
661 3098 904 3154 intentis
935 3095 1128 3153 oculis
1174 3100 1479 3152 contuere.
1524 3096 1759 3167 Ejectus
1810 3113 1846 3152 a
1897 3097 2095 3169 patria

432 3189 544 3245 es?
590 3189 665 3242 At
694 3185 953 3258 patriam
976 3184 1170 3240 habes
1202 3183 1506 3239 cmlestem
1534 3184 1887 3240 Jerusalem.
1914 3184 2095 3241 Orba-

433 3284 532 3334 tus
561 3292 627 3332 es
655 3275 778 3331 ﬁlio
798 3275 826 3330 ‘I
869 3278 945 3330 At
981 3273 1175 3329 habes
1218 3273 1491 3342 angelos,
1520 3273 1885 3345 quibuscum
1934 3275 2113 3338 circa~

432 3366 539 3425 Dei
566 3365 853 3421 thronum
882 3362 1266 3435 tripudiabis,
1289 3366 1470 3435 atque
1494 3362 1696 3418 laetitia
1726 3363 2093 3435 sempiterna

429 3456 649 3513 fruere.
683 3458 889 3525 Itaque
922 3452 967 3506 si
1010 3451 1128 3507 hoc
1161 3450 1346 3506 modo
1369 3452 1774 3523 praesentibus
1805 3454 2091 3509 (erumnis

429 3546 633 3602 futura
676 3542 845 3598 bona
889 3540 1275 3614 opposueris,
1304 3540 1463 3596 hanc
1507 3542 1693 3596 animi
1725 3542 2085 3599 hilaritatem

426 3632 1044 3706 tranquillitatemque
1075 3630 1154 3686 ad
1183 3646 1371 3702 quam
1416 3630 1683 3703 Apostoli
1713 3638 2087 3705 praeceptum

424 3740 541 3781 nos
566 3723 865 3789 hortatur,
898 3718 1260 3775 conciliabis
1291 3719 1663 3792 tibimetipsi.
1697 3724 1901 3792 Neque
1942 3738 2085 3778 vero

423 3812 827 3871 immodicum
859 3807 1151 3879 gaudium
1194 3808 1414 3864 anima:
1448 3815 1565 3865 tute
1591 3809 1833 3881 pariant
1864 3810 1982 3867 laeti
2013 3827 2083 3866 ac

422 3901 605 3961 fausti
629 3915 833 3956 rerum
863 3898 1280 3969 humanarum
1313 3913 1632 3953 successus
1664 3917 1677 3954 :
1720 3915 1916 3971 neque
1950 3898 2082 3955 ullae

420 4010 518 4051 res
547 3991 745 4047 tristes
776 3993 832 4044 et
862 3987 1134 4043 adversae
1165 4002 1288 4059 prae
1315 3987 1555 4044 tristitia
1585 3994 1766 4062 atque
1813 3997 2082 4047 contrac-

421 4085 583 4140 tione
612 4095 749 4136 eam
776 4078 852 4134 de
880 4076 1018 4133 laeto
1040 4093 1152 4132 suo
1179 4092 1251 4133 ac
1272 4077 1517 4133 sublimi
1546 4083 1704 4134 statu
1734 4079 2076 4135 deturbent.

420 4172 541 4229 Nisi
579 4168 742 4225 enim
792 4182 867 4223 ea
923 4182 1057 4238 quae
1116 4165 1196 4222 ad
1247 4166 1436 4222 vitam
1468 4173 1765 4239 spectant,
1797 4168 1879 4224 sic
1910 4170 2078 4241 prius

417 4258 600 4317 fueris
630 4256 900 4326 edoctus,
935 4269 1255 4326 nunquam
1305 4259 1553 4311 acturus
1585 4271 1648 4311 es
1670 4255 1976 4328 placidam
2004 4272 2075 4313 ac

411 4344 807 4420 tranquillam
862 4343 1068 4398 vitam.
1119 4342 1235 4399 Sed
1290 4342 1464 4399 facile
1511 4344 1575 4399 id
1623 4360 1970 4417 assequere,
2022 4346 2074 4401 si

409 4440 780 4511 praeceptum
811 4448 933 4504 quo
965 4431 1045 4487 ad
1073 4447 1315 4504 semper
1352 4432 1749 4503 gaudendum
1775 4434 2068 4504 invitaris,

406 4525 703 4584 familiare
743 4521 976 4578 habeas
1016 4526 1199 4594 atque
1238 4521 1702 4577 contubernale.
1740 4524 1831 4579 Sic
1883 4524 2067 4595 enim,

402 4613 747 4675 atnandatis
772 4611 969 4668 carnis
999 4610 1568 4681 molestiis,colliges
1593 4612 1819 4682 gaudia
1839 4614 2065 4681 animi;

399 4707 487 4763 sic
518 4719 723 4762 rerum
758 4700 1153 4774 praesentium
1198 4714 1383 4755 sensu
1413 4701 1690 4773 superior
1740 4701 1935 4759 factus
1988 4703 2066 4761 ad

396 4802 761 4853 aeternorum
801 4793 1107 4847 bonorum
1153 4803 1326 4860 spem
1357 4795 1625 4845 mentem
1664 4795 1834 4846 tuam
1874 4791 2064 4868 inten_

390 4886 520 4955 des,
551 4897 820 4957 quorum
839 4879 935 4936 vel
956 4878 1087 4935 sola
1107 4877 1372 4950 cognitio
1396 4884 1593 4952 potest
1619 4880 1893 4938 animam
1917 4899 2063 4954 gau-

460 5049 575 5129 (23)
614 5042 858 5116 Antiqui
890 5040 1031 5129 duo
1095 5040 1232 5097 libri
1281 5040 1748 5100 κατηναλώθησαν.
1802 5044 1952 5103 Editi
2003 5052 2059 5105 et

387 5112 490 5180 alii
517 5112 666 5173 mss.
690 5112 1029 5171 καταναλώθη
1041 5131 1157 5168 σαν,

452 5194 564 5263 (24)
600 5188 798 5263 pditio
854 5183 1037 5263 Paris,
1086 5188 1144 5240 et
1193 5198 1352 5239 unus
1391 5183 1583 5263 codex
1623 5187 1767 5257 Reg.
1799 5196 1873 5259 τῷ
1898 5189 2048 5262 φίλῳ,

1843 300 1901 357 S.
1941 298 2191 354 BASILH
2232 299 2464 359 MAGNI

3739 314 3845 367 236

2170 427 2215 476 Α
2247 428 2387 491 τίων,
2420 434 2831 503 περιτραπείσης
2882 429 3059 491 αὐτοῖς
3129 438 3225 492 τῆς
3282 430 3577 505 εὐημερίας,
3637 431 3843 485 ἐλεεινόν

2246 513 2412 585 θέαμα
2463 522 2551 569 καὶ
2600 514 2841 590 διήγημα
2884 524 3103 590 γέγονεν.
3146 518 3302 577 Ἐθνη
3339 517 3396 572 δε
3436 520 3528 572 ὅλα
3571 526 3660 572 καὶ
3692 531 3845 580 νῆσοι

2241 599 2323 654 ἐπὶ
2366 609 2502 676 μέγα
2552 602 2823 679 δυνάμεως
2866 607 3233 681 προελθοῦσαι,
3266 614 3356 660 καὶ
3387 609 3551 661 πολλά
3591 614 3681 683 μεν
3708 613 3844 664 κατά

2237 683 2357 761 γῆν,
2402 693 2568 746 πολλά
2626 692 2683 747 δὲ
2749 699 2885 748 κατά
2935 696 3202 748 θάλασσαν
3264 696 3529 770 ἐγείρασαι
3592 704 3837 772 τρόπαια,

2237 779 2395 832 πολύν
2441 779 2500 835 δε
2555 783 2774 837 πλοῦτον
2823 784 2879 837 ἐκ
2931 784 3171 859 λαφύρων
3219 784 3558 861 ἀθροίσασαι,
3588 788 3617 846 ἡ
3661 793 3839 863 χρόνῳ

2237 870 2678 929 καταναλώθησαν
2741 875 2935 943 (23>,ἧ
2990 875 3321 947 αἰχμάλωτοι
3372 882 3662 949 γενόμεναι,
3718 874 3840 929 δου-

2234 959 2371 1012 λείαν
2419 972 2515 1024 τῆς
2568 961 2853 1037 ἐλευθερίας
2903 964 3210 1026 ἠλλάξαντο,
3258 970 3359 1018 Καὶ
3406 966 3553 1029 ὅλως,
3605 968 3727 1040 ὅπερ
3776 967 3837 1019 ἆν

2237 1052 2385 1121 εἴπῃς
2426 1059 2526 1102 τῶν
2564 1057 2824 1123 μεγίστων
2873 1058 2962 1105 καὶ
3012 1051 3281 1125 ἀφορήτων
3327 1063 3520 1121 κακῶν,
3549 1051 3656 1113 ἤδη
3702 1073 3836 1127 προ-

2232 1135 2402 1188 λαϐὼν
2455 1141 2480 1190 ό
2530 1138 2652 1212 βίος
2695 1144 2807 1212 ἔχει
2857 1146 2919 1193 τά
2964 1139 3347 1215 ὑποδείγματα.
3394 1142 3594 1217 Ὠσπερ
3636 1139 3723 1195 οὖν
3769 1144 3836 1195 τά

2234 1224 2374 1301 βάρη
2403 1236 2518 1289 ταῖς
2548 1228 2633 1282 ἐπὶ
2676 1240 2767 1282 τοῦ
2813 1232 2975 1302 ζυγοῦ
3022 1232 3209 1305 ῥοπαῖς
3240 1229 3593 1307 διακρίνομεν,
3622 1238 3711 1285 καὶ
3739 1240 3832 1285 τοῦ

2231 1326 2440 1389 χρυσοῦ
2484 1322 2577 1375 τὴν
2610 1315 2863 1392 διαφορὰν
2912 1329 2973 1392 τῇ
3017 1319 3144 1391 λίθῳ
3171 1325 3280 1389 (24)
3313 1319 3713 1395 προσ-τρίϐοντες
3738 1317 3831 1374 δο-

2229 1405 2538 1476 κιμάζομεν·
2589 1409 2723 1458 οὕτω
2776 1411 2905 1480 πρός
2941 1411 3006 1459 τά
3063 1407 3330 1461 ἐκτεθέντα
3382 1411 3506 1480 ἡμῖν
3553 1409 3696 1483 παρά
3739 1416 3855 1503 τοῦ,

2232 1498 2428 1565 Κυρίου
2481 1498 2647 1568 μέτρα
2692 1501 2786 1554 τὴν
2845 1504 3055 1570 μνήμην
3124 1496 3543 1573 ἐπαναφέροντες,
3592 1495 3828 1572 οὐδαμοῦ

2228 1582 2289 1632 οἶν
2342 1592 2440 1634 τῶν
2486 1586 2615 1659 ὅρων
2673 1595 2768 1645 τῆς
2814 1590 3153 1660 σωορροσύνης
3198 1585 3521 1660 ἐκπέσοιμεν.
3587 1585 3828 1641 Ἐπειδὰν

2226 1666 2314 1721 οὖν
2362 1677 2444 1723 σοί
2493 1692 2617 1725 ποτε
2663 1680 2936 1748 προσπέσῃ
2994 1685 3093 1727 τῶν
3137 1674 3437 1733 ἀϐουλήτων
3479 1696 3550 1743 τι,
3595 1676 3829 1750 μάλιστα

2150 1782 2194 1836 Β
2224 1761 2314 1830 μὲν
2357 1769 2430 1831 τῷ
2474 1768 2960 1835 προευτρεπισμένῳ
3011 1766 3125 1836 (25)
3169 1773 3265 1824 τῆς
3309 1761 3547 1828 διανοίας
3593 1771 3686 1823 τὴν
3726 1785 3826 1819 τα-

2222 1854 2392 1923 ραχήν
2431 1854 2501 1922 μὴ
2536 1853 2735 1919 παθεῖν,
2768 1855 2947 1904 ἔπειτα
2978 1850 3037 1905 δε
3076 1861 3135 1925 τῇ
3181 1850 3358 1906 ἐλπίδι
3400 1863 3500 1906 τῶν
3540 1853 3826 1927 μελλόντων

2220 1942 2508 2013 κουφότερα
2548 1948 2710 1992 ποιεῖν
2757 1944 2822 1992 τά
2869 1946 3118 2016 παρόντα.
3170 1941 3371 2016 Ὠσπερ
3419 1945 3521 2018 γὰρ
3570 1946 3619 1995 οἱ
3669 1941 3826 1997 ἀσθε-

2218 2034 2319 2087 νεῖς
2366 2029 2433 2079 τά
2484 2031 2716 2100 ὄμματα,
2750 2039 2849 2081 τῶν
2900 2033 3029 2103 οἰγαν
3079 2030 3327 2106 λαμπρῶν
3379 2035 3473 2094 τὰς
3520 2031 3666 2103 ἅψεις
3714 2030 3821 2085 ἀπ-

2216 2116 2446 2186 άγοντες,
2479 2115 2529 2168 ἐν
2577 2120 2757 2170 ἄνθεσι
2803 2125 2893 2171 καὶ
2932 2124 3086 2181 πόαις
3133 2124 3651 2196 προσαναπαύουσιν·
3684 2123 3821 2175 οὕτω

2213 2210 2323 2278 χρὴ
2366 2211 2455 2257 καὶ
2492 2211 2581 2264 τὴν
2621 2205 2809 2279 ψυχὴν
2844 2214 2915 2280 μὴ
2961 2218 3198 2281 συνεχῶς
3240 2209 3579 2263 καταϐλέπειν
3620 2214 3678 2263 τὸ
3721 2211 3818 2263 λυ-

2212 2298 2398 2367 πηρόν,
2459 2292 2599 2368 μηδε
2646 2304 2756 2358 τοῖς
2821 2306 3079 2373 παροῦσιν
3149 2297 3380 2374 ἀνιαροῖς
3443 2303 3812 2374 προσκεῖσθαι,

2209 2382 2338 2436 ἀλλά
2386 2388 2515 2457 πρός
2557 2389 2650 2443 τὴν
2696 2388 2911 2460 θεωρίαν
2950 2396 3049 2438 τῶν
3097 2392 3254 2451 ὅντως
3297 2387 3504 2460 ἀγαθῶν
3551 2392 3814 2463 περιάγειν

2208 2473 2374 2535 αὐτῆς
2420 2477 2477 2525 τό
2527 2478 2688 2547 ἅμμα.
2742 2476 2892 2527 Οὕτω
2940 2479 3422 2550 κατορθωθήσεται,
3457 2497 3542 2530 σοι
3579 2482 3638 2531 τό
3685 2481 3812 2532 πάν-

2206 2583 2321 2616 τοτε
2367 2569 2598 2637 χαίρειν·
2652 2563 2736 2615 ἐὰν
2767 2566 2793 2615 ό
2832 2568 2921 2637 μὲν
2972 2564 3091 2638 βίος
3140 2585 3222 2618 σοι
3271 2565 3350 2618 ἀεὶ
3383 2571 3499 2637 (26)
3520 2571 3649 2643 πρὸς
3679 2573 3809 2622 Θεὸν

2207 2650 2496 2726 ἀποϐλέπῃ,
2539 2655 2568 2710 ἡ
2630 2648 2689 2705 δε
2738 2652 2879 2715 ἐλπὶς
2926 2662 3021 2714 τῆς
3069 2651 3387 2716 ἀντιδόσεως
3432 2658 3657 2730 κουφίζῃ
3713 2665 3807 2709 τοῦ

2209 2738 2331 2813 βίου
2374 2744 2440 2794 τὰ
2467 2741 2696 2816 λυπηρά.
2729 2743 3093 2815 Ὶιτιμάσθης;
3138 2743 3290 2795 Ἀλλά
3333 2748 3463 2817 πρός
3493 2750 3581 2803 τὴν
3623 2742 3805 2817 δόξαν,

2206 2836 2294 2888 τὴν
2327 2828 2420 2883 διὰ
2465 2840 2560 2893 τῆς
2602 2833 2864 2904 ὑπομονῆς
2910 2832 2960 2884 ἐν
3006 2840 3116 2894 τοῖς
3152 2833 3390 2907 οὐρανοῖς
3440 2831 3802 2907 ἀποκειμενης,

2207 2917 2516 2991 ἀπόϐλεψον.
2562 2920 2931 2993 Ἐζημιῶθηςς
2973 2921 3109 2974 Ἀλλ’
3148 2926 3433 2974 ἐνατίνισον
3481 2932 3553 2994 τῷ
3600 2922 3806 2996 πλούτῳ

2132 3026 2173 3080 C
2204 3019 2274 3081 τῷ
2306 3008 2592 3083 ἐπουρανίῳ
2640 3016 2729 3062 καὶ
2768 3019 2839 3081 τῷ
2890 3013 3158 3085 θησαυρῷ,
3194 3011 3246 3062 ὃν
3279 3009 3472 3064 ἀπέθου
3512 3013 3625 3082 (27)
3656 3032 3809 3065 σεαυ-

2203 3108 2273 3169 τῷ
2322 3095 2416 3151 διὰ
2463 3108 2561 3151 τῶν
2608 3098 2815 3170 ἀγαθῶν
2847 3102 3032 3172 ἔργων.
3072 3098 3334 3163 Ἐξέπεσες
3374 3109 3471 3163 τῆς
3506 3099 3803 3177 πατρίδος;

2204 3187 2340 3240 Ἀλλ’
2412 3192 2553 3259 ἔχεις
2599 3186 2835 3261 πατρίδα
2908 3194 2997 3247 τὴν
3069 3187 3371 3262 ἐπουράνιον
3439 3189 3801 3265 Ἰερουσαλήμ.

2200 3281 2383 3330 Τέκνον
2432 3277 2716 3345 ἀπέϐαλες
2764 3277 2898 3331 Ἀλλ’
2947 3276 3195 3350 ἀγγέλους
3244 3281 3408 3350 ἔχεις,
3448 3279 3560 3352 μεθ’
3609 3280 3676 3331 ὧν
3706 3300 3805 3353 χο-

2198 3370 2401 3440 ρεύσεις
2451 3372 2569 3441 περὶ
2625 3370 2711 3419 τόν
2760 3368 2940 3442 θρόνον
2985 3376 3077 3419 του
3127 3375 3281 3431 Θεοῦ,
3327 3373 3417 3420 καὶ
3465 3370 3796 3444 εὐφρανθήσῃ

2196 3460 2292 3514 τὴν
2336 3456 2539 3508 αἰώνιον
2579 3456 2919 3530 εὐφροσύνην,
2973 3457 3154 3516 Οὕτως
3198 3454 3475 3519 ἀντιτιθεὶς
3520 3465 3631 3519 τοῖς
3668 3477 3801 3533 παρ-

2195 3552 2342 3598 οῦσιν
2397 3545 2626 3619 ἀνιαροῖς
2691 3549 2757 3598 τὰ
2816 3541 3231 3619 προσδοκώμενα
3302 3544 3497 3618 ἀγαθὰ,
3557 3546 3799 3620 φυλάξεις

2197 3645 2396 3687 σεαυτῶ
2422 3639 2480 3687 τό
2511 3636 2706 3688 ἄλυπον
2726 3635 2836 3708 (28)
2868 3644 2963 3697 τῆς
3010 3635 3198 3707 ψυχῆς
3245 3640 3333 3688 καὶ
3381 3633 3671 3711 ἀτάραχον,
3718 3636 3797 3711 ἐφ’

2193 3724 2219 3775 ὃ
2273 3725 2606 3797 προκαλεῖται
2657 3726 2797 3798 ἡμᾶς
2854 3728 2883 3783 ἠ
2947 3727 3229 3798 νομοθεσία
3301 3733 3393 3778 τοῦ
3448 3726 3792 3783 Ἀποστόλου.

2192 3819 2337 3871 Μήτε
2377 3816 2441 3865 τὰ
2488 3810 2689 3886 φαιδρὰ
2730 3822 2829 3865 τῶν
2879 3812 3211 3888 ἀνθρωπίνων
3268 3816 3590 3889 πραγμάτων
3641 3834 3795 3892 περι-

2190 3908 2411 3977 χαρείας
2459 3902 2714 3977 ἀμέτρους
2761 3901 3036 3975 ἐμποιείτω
3092 3923 3186 3955 σου
3230 3912 3293 3977 τῇ
3340 3903 3519 3977 ψυχῇ,
3567 3909 3699 3978 μήτε
3727 3907 3798 3958 τὰ

2188 3990 2398 4065 λυπηρὰ
2444 3996 2753 4064 κατηφείαις
2801 3996 2891 4045 καὶ
2937 3991 3219 4054 συστολαῖς
3270 3996 3329 4045 τό
3376 4001 3572 4067 γαῦρον
3630 3993 3797 4057 αὐτῆς

2186 4085 2276 4134 καὶ
2323 4080 2522 4152 ὑψηλόν
2565 4084 2901 4137 ταπεινούτω.
2949 4087 3034 4140 Μὴ
3076 4084 3174 4156 γὰρ
3224 4082 3360 4134 οὕτω
3407 4079 3796 4155 προπεπαιδευ-

2184 4175 2335 4244 μένος
2389 4177 2507 4247 περὶ
2557 4180 2657 4224 τῶν
2709 4175 2846 4224 κατὰ
2884 4175 2969 4225 τόν
3015 4170 3154 4245 βίον,
3200 4168 3327 4224 οὐδέ
3377 4191 3501 4225 ποτε
3558 4170 3794 4246 ἀκύμονα

2187 4263 2324 4323 ζωὴν
2372 4266 2461 4313 καὶ
2506 4259 2777 4335 ἀτάραχον
2824 4262 2963 4335 ζήσῃ
2999 4263 3138 4333 (29).
3172 4268 3336 4315 Τοῦτο
3378 4256 3438 4314 δε
3470 4280 3553 4314 σοι
3587 4258 3790 4335 ῥᾳδίως

2181 4351 2663 4424 κατορθωθήσεται,
2715 4349 2798 4403 ἐὰν
2845 4353 2977 4425 ἔχῃς
3019 4354 3112 4409 τὴν
3153 4349 3357 4409 ἐντολὴν
3398 4353 3657 4418 σύνοικον,
3689 4356 3787 4410 τὴν

2179 4443 2400 4493 πάντοτε
2464 4445 2673 4514 χαίρειν
2741 4460 2825 4493 σοι
2900 4449 3278 4517 παραινοῦσαν·
3356 4440 3784 4515 ἀποπεμπόμενος

2177 4533 2268 4602 μὲν
2311 4532 2375 4582 τά
2418 4529 2627 4603 ὀχληρά
2655 4539 2752 4593 τῆς
2783 4534 2996 4605 σαρκὸς,
3034 4533 3269 4603 συνάγων
3310 4527 3370 4583 δε
3406 4533 3501 4593 τὰς
3541 4540 3639 4594 τῆς
3672 4530 3780 4603 ψυ-

2175 4628 2287 4692 χῆς
2330 4619 2674 4694 εὐφροσύνας·
2723 4625 2814 4672 καὶ
2857 4628 2956 4672 τῶν
3005 4623 3095 4693 μεν
3142 4624 3410 4694 παρόντων
3457 4624 3546 4679 τὴν
3591 4623 3779 4680 αἴσθη-

2177 4727 2258 4760 σιν
2316 4709 2654 4783 ὑπερϐαίνων,
2703 4713 2835 4783 πρός
2901 4707 2961 4763 δε
3016 4713 3104 4768 τὴν
3170 4706 3363 4763 ἆλπίδα
3407 4718 3508 4763 τῶν
3559 4710 3776 4763 αἰωνίων

2173 4796 2450 4851 ἀποτείνων
2510 4804 2600 4859 τὴν
2660 4801 2879 4867 ἔννοιαν,
2928 4800 2995 4851 ὧν
3060 4803 3151 4853 καὶ
3215 4803 3345 4872 μόνη
3413 4801 3443 4858 ἡ
3515 4804 3776 4872 φαντασία

2170 4886 2374 4962 ἐξαρκεῖ
2424 4893 2518 4947 τὴν
2573 4887 2760 4961 ψυχὴν
2822 4890 3142 4963 εὐφροσύνης
3206 4887 3505 4965 πληρῶσαι,
3554 4894 3646 4943 καὶ
3711 4894 3774 4944 τὸ

2108 4319 2146 4372 D

2236 5049 2351 5119 (27)
2387 5048 2775 5106 Colb.tertius
2795 5049 2849 5103 ὃν
2869 5049 3135 5105 ἕναπέθου.
3160 5047 3369 5107 Statim
3389 5048 3554 5106 idem
3574 5049 3770 5108 codex

2163 5136 2306 5177 cum
2339 5123 2457 5176 Rex
2488 5121 2759 5177 secundo
2790 5120 3057 5185 ἐξέπεσας.
3638 5148 3645 5155 ~

2235 5194 2350 5259 (28)
2392 5193 2623 5266 Editirb
2652 5193 2858 5259 ἄλυτον,
2897 5193 3269 5263 negligentia
3311 5207 3664 5266 operarum.
3692 5197 3766 5251 At

2159 5278 2306 5318 mss.
2333 5267 2392 5315 τὸ
2422 5264 2639 5318 ἄλυπον.

2230 5335 2340 5415 (29)
2377 5336 2517 5405 Reg.
2568 5334 2884 5415 se_cundus_
2906 5336 3107 5415 ζήσεις.
3143 5338 3207 5415 In
3233 5335 3353 5415 ﬁne
3378 5332 3765 5415 orationisli-

2152 5405 2340 5479 brarii
2383 5422 2495 5461 suo
2539 5405 2770 5479 quique
2799 5407 3112 5479 arbitratu,
3142 5413 3207 5464 ut
3254 5405 3759 5479 solentLdoxolo-

2153 5477 2314 5557 gia‘m
2335 5477 2748 5557 scripserunt:
2785 5477 2891 5534 sed
2912 5477 2974 5534 id
3000 5478 3291 5536 adnotare
3314 5494 3426 5536 nec
3455 5478 3621 5543 libet,
3645 5493 3759 5536 nec

2151 5548 2296 5605 utile
2327 5548 2524 5607 fuerit.

377 5255 568 5320 samo
598 5257 780 5314 Basil.
813 5261 871 5328 et
902 5262 1133 5328 septem
1160 5270 1311 5310 mss.
1336 5263 1398 5327 τῇ
1423 5255 1570 5327 λίθῳ.

449 5329 753 5406 (25),Εάίῐί
806 5327 1207 5406 εὐτρεπισμένῳ.
1278 5330 1351 5382 At
1403 5344 1553 5383 mss.
1608 5336 2049 5405 προευτρεπισμέ.

372 5402 465 5479 νῳ,
495 5402 590 5460 vel
610 5403 1129 5481 προῃυτρεπισμένω.
1162 5468 1171 5477 _

442 5466 553 5541 (‘26)
589 5466 835 5541 Antiqui
884 5466 988 5541 sex
1038 5466 1176 5541 libri
1202 5466 1319 5540 βιος
1375 5489 1461 5521 σοι
1505 5468 1603 5525 ἀει.
1632 5469 1799 5525 Alius
1848 5473 2042 5530 codex

442 5488 553 5541 (26)
589 5488 723 5530 Anu
776 5488 835 5525 ur
884 5488 988 5525 sex
1038 5488 1176 5524 non
1202 5488 1319 5540 ριος
1375 5489 1461 5521 σοι
1505 5489 1603 5525 αει.
1632 5488 1799 5525 AllUS
1848 5488 2042 5530 coaex

369 5547 489 5631 βίος
541 5566 657 5631 σευ.
694 5488 846 5599 E‘diti
895 5539 1015 5613 βίος
1048 5539 1146 5596 ἀεί.
1196 5542 1330 5598 Mox
1375 5543 1519 5614 Reg.
1581 5543 1888 5600 secundus
1938 5555 2077 5626 τῆς.

364 5614 601 5675 ἀνταποδ
606 5622 630 5670 ό
638 5635 737 5671 σιω
746 5636 786 5678 ς.

3485 5704 3527 5737 q
