4124 6400
296 376 394 430 241

1387 359 1683 419 HOMILIA
1712 360 1782 414 IN
1812 354 2197 414 MARTYBEM
2230 353 2566 410 JULITTAM

3581 347 3688 402 242

297 497 437 574 μηδέ
492 504 588 557 τὴν
636 505 732 559 τῆς
785 499 985 569 φύσεως
1025 492 1291 546 ἀσθένειαν
1343 486 1788 562 προφασίζεσθαι.
1821 481 1888 535 Ἐε

2019 477 2160 534 dem
2203 493 2276 532 ex
2315 492 2439 550 qua
2479 475 2593 532 viri
2621 475 2760 547 ipsi,
2794 488 3019 529 massa.
3064 472 3154 528 Ad
3203 470 3306 527 Dei
3350 470 3684 542 imaginem

296 597 388 642 τοῦ
429 589 593 641 αὐτοῦ
630 588 950 660 φυράματος,
997 582 1242 653 λέγουσα,
1302 586 1414 640 τοῖς
1444 573 1698 648 ἀνδράσιν
1729 573 1904 646 ἐσμέν.

298 678 426 732 Κατ’
475 677 650 729 εἰκόνα
705 682 840 728 Θεοῦ
886 677 1183 744 γεγόναμεν,
1232 671 1302 730 ὡς
1339 671 1430 720 καὶ
1471 666 1633 719 οὗτοι.
1693 664 1906 738 Ἀρετῆς

299 763 538 826 δεκτικὸν
588 769 647 817 1'6
699 763 829 823 θῆλυ
873 765 1136 835 ὁμοτίμοις
1180 767 1253 831 τῷ
1284 757 1460 834 ἄρῥενι
1501 758 1645 829 παρά
1674 761 1765 808 τοῦ
1795 754 1906 804 κτί-

298 877 485 918 σαντος
507 859 702 928 γέγονε.
739 857 841 906 Καὶ
891 856 942 904 τί
979 853 1077 926 γὰρ
1127 851 1156 909 ἡ
1211 855 1479 920 συγγενεῖς
1524 853 1632 907 τοῖς
1675 839 1904 918 ἀνδράσι

298 945 392 1001 διὰ
441 948 644 1002 πάντων
692 941 843 1016 ἐσμέν
877 960 889 1005 ;
925 940 1002 992 Οὑ
1045 942 1144 1014 γάρ
1186 937 1319 1011 σὰρξ
1366 941 1519 1010 μόνον
1550 933 1742 1007 ἐλήφθη
1773 934 1903 1006 πρὸς

297 1038 542 1109 γυναικὸς
583 1035 930 1098 κατασκευὴν,
980 1028 1108 1081 ἀλλὰ
1137 1032 1226 1080 καὶ
1259 1027 1445 1080 ὀστοῦν
1475 1024 1532 1077 ἐκ
1561 1032 1661 1077 τῶν
1686 1022 1896 1075 ὀστέων.

297 1124 461 1181 Ὥστε
523 1126 581 1176 τὸ
642 1120 873 1196 στερρὸν,
934 1124 1023 1172 καὶ
1071 1122 1290 1184 εὔτονον,
1344 1121 1435 1169 καὶ
1495 1115 1896 1186 ὑπομονητικὸν,

267 1284 271 1291 Ι
300 1215 353 1279 ἄξ
379 1219 497 1267 ἶσον
535 1219 646 1275 τοῖς
703 1207 931 1286 ἀνδράσι
954 1213 1044 1262 καὶ
1073 1207 1193 1283 παρ’
1220 1210 1366 1280 ἡμῶν
1396 1203 1651 1278 ὀφείλεται
1691 1199 1764 1273 τῷ
1806 1208 1899 1255 Δε-

299 1310 488 1377 σπότῃ.
546 1310 726 1357 Ταῦτα
773 1302 1012 1366 εἰποῦσα,
1061 1303 1190 1373 πρὸς
1233 1303 1328 1357 τὴν
1377 1298 1542 1370 πυρὰν
1573 1294 1730 1354 ἥλατο
1761 1294 1896 1356 (li-5).

296 1401 326 1454 ἠ
361 1391 420 1448 δὲ
446 1400 786 1470 περισχοῦσα
813 1400 908 1452 τῆς
938 1390 1095 1462 ἁγίας
1123 1392 1181 1442 τό
1230 1396 1402 1460 σῶμα,
1455 1387 1628 1459 ὥσπερ
1667 1402 1747 1444 τις
1799 1383 1897 1436 θα-

294 1484 455 1558 λαμος
523 1485 785 1556 φωτεινὸς,
849 1485 943 1539 τὴν
994 1481 1084 1552 μὶν
1149 1477 1330 1550 ψυχὴν
1389 1475 1475 1529 ἐπὶ
1528 1479 1623 1533 τὴν
1661 1473 1896 1546 οὐράνιον

295 1580 496 1648 χώραν,
537 1577 628 1625 καὶ
668 1577 758 1630 τὴν
797 1574 1095 1645 πρέπουσαν
1145 1567 1276 1640 αὑτῇ
1308 1566 1454 1630 λῆξιν
1511 1563 1792 1636 ἀνέπεμψε,
1836 1563 1896 1613 1'6

296 1660 356 1716 δὲ
389 1668 559 1736 τίμιον
605 1669 758 1735 σῶμα
805 1659 1045 1732 ἀκέραιον
1093 1653 1389 1710 διεσώσατο
1431 1661 1543 1717 τοῖς
1587 1657 1894 1728 προσήκου-

297 1773 398 1808 σιν’
450 1755 572 1826 ὅπερ
631 1751 682 1804 ἓν
740 1759 813 1822 τῷ
865 1748 1122 1819 καλλίστῳ
1173 1750 1592 1820 προτεμνίσματι
1650 1752 1747 1806 τῆς
1797 1746 1894 1795 πό-

2017 568 2270 643 perinde
2299 573 2482 641 atque
2521 565 2604 622 illi
2629 565 2855 621 fuimus
2881 563 3160 619 conditae.
3214 561 3439 631 Mulier,
3488 577 3683 634 perae-

2015 675 2152 732 qute
2183 674 2254 715 ac
2283 659 2391 726 vir,
2424 673 2461 713 a
2491 656 2805 712 conditore
2835 653 2996 710 facta
3057 657 3148 708 est
3187 651 3423 707 virtutis
3463 667 3679 724 capax.

2013 749 2244 822 Ecquid
2272 749 2434 805 enim
2461 748 2489 803 ?
2520 762 2724 803 nonne
2747 761 2960 800 sumus
2985 743 3129 799 viris
3159 746 3434 812 cognatae
3462 741 3524 797 in
3555 757 3684 798 om-

2011 839 2194 895 nibus
2213 841 2240 896 ?
2269 843 2386 896 Nec
2415 837 2579 894 enim
2610 838 2926 907 assumpta
2948 837 3036 890 est
3064 848 3207 888 caro
3247 831 3378 888 sola
3409 830 3489 887 ad
3537 846 3682 891 con-

2011 929 2278 988 dendam
2305 928 2642 992 mulierem,
2668 926 2774 984 sed
2800 929 2856 980 et
2893 939 2962 979 os
3001 939 3076 978 ex
3103 922 3344 978 ossibus
3365 922 3435 976 ⁵⁸.
3484 921 3680 986 Quare

2009 1018 2368 1084 constantia,
2419 1016 2728 1084 fortitudo,
2779 1030 2850 1070 ac
2893 1013 3242 1086 patientiae
3291 1009 3469 1066 nobis
3495 1009 3679 1066 etiam

2007 1107 2260 1181 perinde
2285 1112 2469 1180 atque
2499 1123 2536 1162 a
2565 1106 2704 1161 viris
2731 1103 2988 1160 Domino
3018 1101 3294 1158 debetur.
3329 1099 3428 1155 His
3458 1098 3674 1163 dictis,

2006 1196 2298 1271 prosilivit
2339 1197 2402 1252 in
2440 1211 2684 1266 rogum.
2717 1194 2823 1266 qui
2844 1198 3140 1264 tanquam
3160 1190 3397 1260 fulgens
3425 1187 3678 1261 quidam

2007 1286 2317 1343 thalamus
2363 1285 2634 1342 mulieris
2673 1289 2900 1340 sanctis
2932 1297 3156 1353 corpus
3203 1278 3672 1350 circumplexus,

2006 1376 2437 1432 transmissain
2449 1375 2805 1444 religionem
2826 1371 3157 1452 caelestem,
3172 1375 3229 1425 et
3247 1368 3677 1425 inconvenien-

2005 1469 2127 1522 tem
2148 1466 2200 1522 ei
2219 1465 2489 1537 requiem
2511 1464 2738 1532 anima,
2771 1460 3195 1518 venerandum
3227 1474 3448 1530 corpus
3477 1473 3676 1513 neces-

2004 1555 2176 1610 sariis
2193 1571 2264 1611 ac
2284 1554 2645 1627 propinquis
2659 1554 2960 1621 integrum
2985 1550 3039 1606 ei
3061 1548 3365 1604 incolume
3379 1546 3670 1616 servavit}

2002 1644 2171 1716 quod
2201 1644 2262 1700 in
2292 1643 2704 1716 pulcherrimo
2737 1641 2916 1696 unius
2943 1638 3150 1711 templi
3175 1637 3338 1692 urbis
3373 1634 3674 1692 vestibulo

2002 1733 2394 1800 tumulatum,
2427 1737 2555 1788 tum
2585 1731 2702 1804 ipsi
2724 1730 2881 1798 loco,
2938 1732 3066 1785 tum
3104 1728 3198 1794 iis,
3243 1725 3348 1798 qui
3389 1725 3468 1780 ad
3509 1725 3675 1780 hunc

291 1842 417 1906 λεως
491 1846 720 1916 κείμενον
788 1841 992 1912 ἁγιάζει
1048 1841 1139 1910 μὲν
1189 1841 1276 1890 τὸν
1347 1841 1524 1900 τόπον,
1572 1833 1777 1906 ἁγιάζει
1836 1829 1888 1887 δὲ

2001 1823 2205 1880 locum
2236 1822 2556 1890 accedunt,
2589 1821 2972 1876 sanctitatem
2999 1816 3250 1874 confert.
3269 1819 3448 1871 Terra
3467 1819 3674 1871 autem

292 1937 415 1995 τοὺς
463 1933 536 1994 εἰς
583 1932 740 1984 αὐτόν
784 1934 1072 1990 συνιόντας.
1126 1934 1194 1986 Γῆ
1254 1923 1314 1979 δὲ
1365 1927 1394 1984 ἡ
1447 1923 1896 1996 κατευλογηθεῐσα

293 2031 355 2096 τῇ
411 2019 670 2095 ἐπιδημίᾳ
711 2029 806 2083 τῆς
854 2023 1134 2094 μακαρίρς,
1191 2017 1248 2070 ἐκ
1299 2025 1400 2069 τῶν
1427 2015 1626 2068 οἰκείων
1663 2013 1893 2086 λαγόνων

289 2109 486 2175 ὕδατος
540 2114 692 2184 φύσιν
751 2111 1110 2184 χαριεστάτην
1167 2106 1372 2167 ἀνῆκεν·
1437 2106 1570 2158 ὥστε
1627 2108 1716 2162 τὴν
1763 2105 1896 2178 μὰρ-

291 2222 424 2277 τυρα
465 2200 577 2253 ἀντὶ
615 2203 812 2274 μητρός
859 2203 1131 2272 γενομένην
1179 2198 1285 2250 οἷόν
1337 2215 1436 2248 τινι
1477 2195 1702 2267 γάλακτι
1739 2201 1894 2265 κοινῷ

293 2292 627 2348 τιθηνεῖσθαι
658 2293 776 2353 τοὺς
819 2289 869 2342 ἐν
921 2297 984 2362 τῇ
1044 2287 1210 2340 πόλει.
1271 2293 1434 2339 Τοῦτο
1477 2289 1568 2337 καὶ
1617 2285 1894 2356 ὑγαίνουσι

293 2381 663 2456 φυλακτήριον,
695 2384 786 2432 καὶ
817 2386 1054 2454 τρυφῶσι
1086 2380 1361 2451 σωφρόνως
1391 2371 1588 2436 ἡδονῆς
1636 2377 1890 2448 χορηγία,

291 2476 382 2523 καὶ
430 2469 762 2545 ἀρρωστοῦσι
795 2469 1128 2544 παραμυθίαι
1155 2474 1161 2479 '
1189 2471 1278 2524 τὴν
1327 2473 1419 2518 τοῦ
1448 2463 1752 2517 Ἐλισσαίου
1787 2465 1895 2534 χά-

289 2579 372 2636 ριν
429 2561 500 2622 εἰς
546 2559 968 2632 ’Ῐεριχουντίους,
1021 2559 1216 2615 ταύτην
1258 2555 1329 2617 εἰς
1381 2556 1518 2628 ἡμᾶς
1540 2557 1892 2628 παρασχομέ-

289 2669 379 2711 νης
425 2657 517 2711 τῆς
571 2650 856 2722 μάρτυρος,
917 2651 974 2698 1'6
1030 2645 1258 2718 ἁλμυρόν
1314 2652 1408 2707 τῆς
1464 2652 1642 2706 κοινῆς
1693 2646 1893 2716 φύσεως

288 2747 386 2790 τῶν
429 2743 550 2814 περὶ
594 2742 680 2791 τόν
732 2742 888 2790 τόπον
930 2732 1138 2788 ὑδάτων
1192 2735 1263 2797 εἰς
1288 2733 1528 2806 γλυκεῖαν
1577 2737 1666 2786 καὶ
1693 2733 1892 2792 ἁπαλὴν

286 2831 377 2880 καὶ
400 2837 638 2902 προσηνῆ
672 2833 832 2880 πᾶσιν
862 2827 1114 2884 αἴσθησιν
1160 2821 1252 2877 διὰ
1303 2833 1398 2885 τῆς
1443 2822 1679 2895 εὐλογίας
1726 2843 1891 2897 μετα-

286 2915 571 2979 ϐαλούσης.
597 2919 664 2969 Οἱ
689 2913 896 2991 ἄνδρες,
926 2919 994 2988 μὴ
1048 2911 1412 2976 καταδέξησθε
1439 2921 1695 2986 γυναικῶν
1749 2912 1890 2967 ἐλάτ-

199 3074 204 3077 1
283 3026 406 3069 τους
457 3006 678 3079 ὀφθῆναί
735 3010 862 3080 πρὸς
921 3011 1014 3064 τὴν
1064 3003 1344 3058 εὐσέϐειαν.
1389 3005 1453 3055 Αἱ
1509 3010 1767 3075 γυναῖκες,
1817 3008 1887 3076 μὴ

283 3094 630 3168 ἀπολειφθῆτε
685 3104 777 3149 τοῦ
834 3092 1243 3168 ὑποδείγματοςο
1308 3092 1418 3145 ἀλλ’
1476 3092 1884 3167 ἀπροφασίστως

283 3195 379 3247 τῆς
429 3185 691 3246 εὐσεϐείας
748 3184 1031 3257 ἀντέχεσθε
1079 3186 1214 3253 (4-6)’
1267 3185 1401 3256 ἔργῳ
1448 3190 1628 3257 πεῖραν
1684 3183 1882 3236 λασοῦ-
1916 3200 1956 3256 C

288 3293 396 3343 σαι,
438 3277 518 3327 ὅτι
560 3279 691 3350 πρὸς
739 3271 890 3328 οὐδὲν
934 3276 1054 3348 ὑμῖν
1120 3282 1219 3327 τῶν
1264 3271 1472 3345 ἀγαθῶν
1524 3277 1582 3325 τὸ
1614 3272 1884 3347 ἐλάττωμα

284 3373 379 3426 τῆς
400 3367 600 3438 φύσεως
629 3362 924 3438 ἐμποδίζει.

355 3459 407 3510 3.
464 3454 635 3507 Πολλά
691 3459 809 3528 περὶ
856 3463 953 3515 τῆς
998 3454 1262 3526 μάρτυρος
1311 3447 1821 3529 εἰπεῖνῴρμημένον,
1854 3453 1880 3504 ὸ

281 3546 414 3616 χθὲς
460 3546 584 3616 ἡμῖν
631 3545 860 3605 κινηθεὶς
915 3543 1083 3615 λόγος,
1137 3541 1322 3603 ἀτελὴς
1368 3541 1742 3614 καταλειφθεὶς,
1785 3546 1880 3601 τὴν

283 3631 358 3686 Erl.
417 3633 586 3686 πλεῖον
663 3632 711 3685 ἓν
784 3636 990 3693 τούτοις
1063 3629 1340 3707 διατριϐὴν
1418 3631 1511 3684 οὑκ
1592 3630 1874 3706 ἐπιτρέπει.

281 3728 560 3797 Δυσχερὴς
616 3719 676 3776 δε
720 3743 802 3786 τις
859 3721 957 3794 ἐγὼ
998 3725 1147 3794 φύσει
1188 3725 1319 3796 πρὸς
1349 3727 1450 3774 πᾶν
1487 3723 1546 3774 τὸ
1588 3719 1876 3776 ἀτέλεστον.

278 3810 517 3886 Ἀτερπὲς
587 3815 676 3886 μὲν
750 3815 851 3887 γὰρ
922 3814 1108 3884 θέαμα,
1182 3816 1271 3863 καὶ
1325 3811 1472 3864 εἰκὼν
1527 3809 1579 3874 ἐξ
1631 3813 1878 3884 ἡμισείας

278 3907 372 3960 τὴν
428 3907 654 3974 μίμησιν
703 3904 924 3974 ἔχουσα,
959 3903 1238 3974 ἄχρηστος
1273 3897 1331 3954 δὲ
1362 3898 1671 3974 ὁδοιπορίας
1699 3905 1874 3968 πόνος,

209 4041 217 4047 .
276 3996 348 4063 μὴ
428 3995 557 4064 πρὸς
625 3995 683 4044 1'6
757 3995 1086 4065 προκείμενον
1133 3995 1312 4064 πέρας,
1381 3987 1520 4063 μηδὲ
1575 3993 1707 4064 πρὸς
1759 3995 1880 4054 τοὺς

276 4085 598 4156 ὡρισμένους
652 4082 919 4154 σταθμοὺς
995 4079 1356 4141 ἀποσωθέντος
1407 4088 1498 4133 τοῦ
1567 4077 1874 4154 ὁδοιπόρου.

277 4176 377 4224 Καὶ
436 4173 598 4244 θήρας
650 4174 708 4222 τό
766 4173 910 4244 ποιρά
965 4175 1152 4245 μικρὸν
1210 4173 1324 4222 ἴσον
1357 4169 1469 4224 ἐστὶ
1503 4178 1596 4224 τοῦ
1626 4167 1873 4243 μηδενός·

269 4265 361 4312 καὶ
409 4263 457 4312 οἱ
499 4265 774 4334 τρέχοντες
817 4259 864 4312 ἐν
902 4267 1012 4320 τοῖς
1066 4255 1330 4325 σταδίοις,
1385 4260 1456 4312 ἑνὶ
1486 4260 1735 4321 πολλάκις
1767 4259 1874 4333 βή-

270 4370 398 4422 ματι
457 4354 596 4423 μόνῳ
671 4343 1056 4414 ἓλαττωθέντες,
1105 4358 1204 4401 τῶν
1290 4347 1547 4424 βραϐείων
1617 4349 1871 4413 ἐξέπεσον.

274 4445 375 4494 Καὶ
425 4441 574 4513 ἡμεῖς
627 4443 798 4492 τοίνυν
855 4437 1252 4510 ἐπεμνασθέντες
1281 4447 1381 4490 τῶν
1425 4447 1517 4491 τοῦ
1551 4439 1874 4493 Ἀποστόλου

268 4531 518 4604 ῥημάτων
569 4531 719 4600 χθὲς,
773 4532 862 4580 καὶ
938 4526 986 4579 ἐν
1044 4525 1307 4600 βραχέσιν
1365 4526 1656 4590 ἐλπίζοντες
1710 4550 1877 4605 παρα-

273 4613 596 4690 δραμείσθαι
674 4617 842 4670 αὑτῶν
907 4622 1002 4676 τὴν
1079 4614 1314 4670 διάνοιαν
1389 4618 1524 4688 (47),
1599 4619 1873 4692 εὑρέθημεν

269 4705 638 4759 πολλαπλάσια
705 4715 807 4759 τῶν
865 4710 1143 4780 εἰρημένων
1216 4706 1615 4783 παραλιπόντεςο
1691 4704 1871 4785 διόπερ

269 4793 556 4868 ἀναγκαίαν
604 4795 873 4868 ἡγούμεθα
928 4797 1049 4868 ὑμῖν
1106 4796 1214 4864 (48)
1271 4805 1370 4848 τῶν
1398 4795 1750 4868 ἐλλειφθέντων
1779 4801 1872 4857 τὴν

267 4887 484 4940 ἔκτισιν.
519 4884 749 4958 Ἐλέγετο
796 4889 967 4938 τοίνυν
1010 4889 1151 4960 παρὰ
1197 4893 1290 4938 τοῦ
1341 4884 1680 4938 ’Λποστόλουσ
1731 4887 1875 4939 Πάν-

267 4993 386 5026 τοτε
439 4978 676 5048 χαίρετε,
732 4970 1082 5036 ἀδιαλείπτως
1166 4977 1551 5050 προσεύχεσθε,
1611 4973 1660 5028 ἒν
1716 4981 1875 5029 παντὶ

267 5063 653 5137 εὐχαριστεῖτε.
716 5068 842 5139 Περὶ
893 5067 982 5137 μεν
1049 5062 1137 5117 οὑν
1210 5072 1303 5117 τοῦ
1377 5067 1597 5118 πάντοτε
1666 5069 1876 5140 χαίρειν

263 5162 490 5230 χρῆναι,
540 5153 584 5206 εἰ
629 5158 719 5230 καὶ
770 5158 842 5226 μὴ
894 5162 956 5227 τῇ
991 5155 1235 5207 ὑποθέσει
1265 5153 1580 5230 ἀρκούντως,
1613 5153 1722 5230 ἀλλ’
1751 5157 1876 5230 ἡμῖν

262 5222 324 5297 γε
358 5228 547 5286 ἱκανῶς
604 5222 805 5299 εἴρηται
848 5222 1262 5301 τῆ’προτεραίᾳ’
1298 5222 1360 5279 ἐἰ
1416 5222 1476 5280 δὲ
1532 5231 1619 5279 καὶ
1649 5223 1733 5280 δεῖ
1761 5222 1873 5300 (49)

2003 1914 2198 1970 beatas
2220 1913 2404 1984 hujus
2437 1911 2705 1967 adventu
2727 1911 2842 1982 35
2866 1923 3161 1982 prospera
3181 1905 3418 1973 effecta,
3441 1919 3670 1976 aquam

2005 2002 2416 2073 gratissimam
2470 2016 2502 2056 e
2546 1999 2684 2055 sinu
2713 2013 2825 2053 suo
2872 1997 3068 2054 emisit
3099 2012 3112 2062 ;
3145 1996 3300 2051 adeo
3329 1999 3394 2050 ut
3441 1998 3675 2066 martyr

2002 2092 2130 2148 vice
2160 2091 2371 2147 matris
2399 2089 2566 2146 velut
2585 2086 2900 2145 communi
2927 2085 3130 2158 aliquo
3152 2085 3307 2141 lacte
3357 2085 3516 2140 cives
3562 2100 3673 2141 nu-

2003 2181 2160 2238 triat.
2196 2183 2331 2236 Haec
2363 2195 2526 2252 aqua
2551 2183 2610 2234 et
2641 2177 2808 2233 sanis
2840 2175 3046 2243 tutela,
3076 2180 3133 2231 et
3163 2174 3360 2231 sobrie
3381 2173 3670 2230 delician-

2002 2270 2164 2327 tibus
2213 2269 2544 2342 voluptatis
2583 2267 2843 2337 largitio,
2887 2269 2944 2321 et
2994 2265 3170 2335 aegris
3216 2263 3500 2320 solatium
3558 2266 3668 2320 est.

2004 2360 2180 2427 Quod
2206 2358 2573 2415 collocatum
2597 2361 2686 2413 est
2710 2356 2789 2412 ab
2837 2355 3048 2411 Elisaao
3079 2355 3141 2410 in
3191 2353 3670 2410 Hierichuntinos

2000 2448 2369 2506 beneﬁcium
2391 2449 2460 2516 ⁵⁷,
2490 2447 2606 2503 hoc
2633 2446 2797 2502 idem
2840 2449 3075 2516 martyr
3102 2443 3166 2499 in
3208 2459 3323 2500 nos
3366 2441 3622 2499 contulit
3652 2460 3667 2511 ;

2002 2555 2143 2596 cum
2175 2537 2545 2608 salsuginem
2576 2552 2714 2609 qua;
2735 2535 2795 2590 in
2827 2533 3140 2591 communi
3170 2547 3474 2606 aquarum
3525 2532 3668 2588 huic

1999 2628 2136 2685 loco
2168 2626 2578 2699 adjacentium
2610 2629 2830 2682 natura
2859 2623 3206 2696 percipitur,
3265 2621 3327 2677 in
3378 2636 3666 2694 saporem

2000 2717 2243 2774 dulcem
2273 2731 2712 2788 amoenumque
2741 2719 2799 2771 et
2821 2713 3108 2770 omnibus
3130 2727 3379 2768 suavem
3422 2709 3667 2767 benedi-

1999 2807 2195 2862 ctione
2225 2804 2675 2862 transmutavit.
2709 2804 2854 2871 Viri,
2885 2801 3071 2858 nolite
3099 2801 3286 2857 videri
3326 2801 3548 2873 pietate
3578 2799 3666 2856 in-

1997 2895 2245 2952 feriores
2281 2894 2659 2950 mulieribus.
2710 2892 3007 2963 Mulieres,
3043 2906 3120 2946 ne
3159 2890 3532 2946 desciveritis
3582 2889 3661 2946 ab

1995 2985 2112 3042 hoc
2141 2983 2420 3057 exemplo
2448 3005 2460 3039 :
2487 2983 2596 3038 sed
2616 2985 2767 3039 citra
2789 2981 2974 3038 ullam
2996 2982 3450 3037 excusationem
3473 2979 3661 3051 pieta-
3709 3009 3722 3016 ~-

1994 3078 2116 3130 tem
2147 3072 2604 3145 amplectimini,
2638 3088 2780 3127 cum
2807 3071 3007 3142 reipsa
3028 3074 3294 3142 expertae
3320 3067 3549 3124 fueritis
3570 3083 3660 3124 se-

1993 3180 2106 3219 xus
2147 3163 2562 3218 inﬁrmitatem
2613 3161 2787 3216 vobis
2837 3159 3278 3232 impedimento
3333 3173 3458 3214 non
3501 3172 3656 3226 esse,

1991 3253 2140 3326 quin
2171 3252 2406 3308 bonum
2433 3249 2752 3324 quodlibet
2780 3254 3021 3322 patrare
3050 3246 3318 3321 possitis.

2043 3434 2096 3487 3.
2118 3429 2296 3486 Multa
2307 3428 2557 3502 quidem
2569 3429 2644 3485 de
2658 3432 2925 3500 martyre
2937 3426 3136 3484 dicere
3147 3441 3527 3500 paraveram:
3545 3425 3657 3482 sed

1989 3536 2190 3577 sermo
2209 3521 2337 3578 heri
2359 3521 2535 3576 nobis
2555 3521 2876 3592 incaeptus,
2900 3525 2956 3576 et
2975 3519 3364 3591 imperfectus
3385 3518 3651 3590 relictus,

1987 3610 2158 3669 haud
2175 3609 2465 3683 permittit
2485 3609 2547 3664 in
2567 3609 2662 3664 his
2681 3608 2910 3665 diutius
2929 3608 3269 3664 immorari.
3291 3611 3411 3677 Ego
3431 3607 3657 3664 scilicet

1987 3701 2070 3758 sic
2101 3717 2239 3756 sum
2268 3705 2486 3756 natura
2510 3703 2903 3771 comparatus
2934 3704 2998 3754 ut
3017 3697 3654 3770 quidquidimperfee-

1986 3795 2117 3848 tum
2139 3795 2229 3846 est
2247 3789 2501 3845 moleste
2524 3788 2736 3845 feram.
2754 3788 2982 3844 Etenim
3001 3788 3059 3842 in
3061 3788 3406 3858 jucundum
3421 3791 3656 3859 specta-

1986 3881 2192 3938 culum
2216 3885 2304 3937 est
2323 3885 2380 3936 et
2399 3881 2627 3950 imago,
2650 3895 2788 3952 quae
2809 3879 3066 3934 dimidia
3087 3895 3159 3934 ex
3179 3883 3350 3950 parte
3370 3878 3652 3951 exprimi-

1986 3975 2104 4038 tur,
2127 3975 2184 4027 et
2203 3970 2430 4026 itineris
2450 3969 2624 4025 labor
2638 3968 2866 4025 inutilis
2893 3967 3132 4024 futurus
3153 3971 3266 4038 est,
3289 3967 3338 4023 si
3357 3967 3550 4023 viator
3570 3967 3651 4024 ad

1983 4060 2367 4133 propositum
2388 4059 2574 4114 ﬁnem
2603 4063 2660 4115 et
2679 4058 2757 4114 ad
2784 4058 3142 4114 constitutas
3191 4057 3477 4113 stationes
3523 4073 3650 4114 non

1983 4151 2346 4224 pervenerit.
2381 4151 2606 4205 Parum
2636 4164 2709 4204 ex
2735 4153 2960 4204 venatu
2991 4163 3229 4220 capere,
3259 4147 3424 4204 idem
3463 4150 3551 4203 est
3578 4163 3650 4205 ac

1984 4239 2133 4296 nihil
2179 4255 2396 4312 capere
2438 4258 2451 4307 ;
2496 4241 2554 4294 et
2597 4239 2702 4311 qui
2748 4237 2809 4293 in
2855 4237 3066 4294 stadiis
3097 4241 3366 4309 currunt,
3408 4236 3650 4294 etiamsi

1985 4331 2206 4403 saepius
2229 4345 2351 4386 uno
2373 4329 2672 4385 duntaxat
2693 4344 2906 4398 gressu
2926 4329 3292 4401 posteriores
3316 4327 3651 4385 exstiterint

1910 4394 1956 4452 Π
1984 4394 2618 4476 aniittuntvictoriam.
2669 4394 2876 4491 Itaque
2925 4394 3040 4472 nos
3085 4432 3334 4490 quoque
3373 4417 3480 4490 qui
3520 4416 3650 4474 heri

1981 4508 2250 4581 Apostoli
2268 4508 2458 4564 verba
2477 4506 2843 4580 protulimus
2862 4507 2922 4562 in
2937 4505 3232 4571 medium,
3252 4507 3481 4580 quique
3501 4523 3649 4580 pau-

1983 4599 2068 4653 cis
2097 4614 2348 4654 sensum
2381 4603 2436 4653 et
2487 4597 2950 4668 intelligentiam
3006 4595 3364 4652 eorumdem
3401 4596 3649 4669 perstri-

1984 4694 2186 4745 cturos
2211 4703 2325 4744 nos
2346 4686 2768 4761 sperabamus,
2791 4685 3017 4742 inventi
3033 4701 3247 4741 sumus
3270 4685 3450 4755 longe
3469 4685 3648 4758 plura

1982 4795 2170 4854 quam
2192 4776 2480 4844 diximus,
2508 4775 2780 4832 omisisse
2805 4793 2819 4842 ;
2841 4778 3214 4850 quapropter
3230 4775 3648 4832 necessarium

1983 4869 2288 4936 ducimus,
2319 4871 2386 4924 ut
2413 4865 2588 4922 vobis
2609 4865 3032 4939 dependamus
3052 4864 3279 4934 relicta,
3302 4869 3360 4921 et
3379 4865 3650 4922 exsolva-

1984 4975 2138 5015 mus.
2195 4960 2329 5013 Haec
2376 4957 2559 5027 igitur
2601 4960 2773 5013 erant
2818 4955 3084 5028 Apostoli
3135 4955 3323 5012 verba
3356 4972 3370 5010 :
3400 4956 3651 5025 Semper

1983 5049 2264 5120 gaudete,
2286 5048 2416 5104 sine
2435 5047 2878 5105 intermissione
2895 5053 3086 5114 orate,
3109 5047 3173 5102 in
3203 5045 3475 5102 omnibus
3512 5060 3654 5116 gra-

1986 5139 2104 5195 tias
2119 5138 2357 5209 agite“.
2375 5139 2444 5192 Et
2463 5137 2718 5210 quidem
2738 5136 2814 5192 de
2829 5135 2850 5207 j
2864 5136 2964 5208 ugi
2983 5151 3056 5194 ac
3075 5136 3366 5194 continuo
3402 5134 3651 5208 gaudio,

1986 5227 2095 5285 etsi
2114 5243 2238 5285 non
2260 5228 2405 5286 satis
2427 5227 2660 5284 dictum
2671 5230 2882 5300 estpro
2895 5226 3241 5296 argumenti
3261 5225 3552 5298 dignitate
3567 5241 3580 5292 ;
3596 5235 3659 5288 at

338 5369 386 5404 ⁵⁸
410 5369 620 5426 Genes.
652 5383 714 5435 ιι,
747 5373 804 5427 5.
878 5369 924 5404 ⁵⁷
950 5370 1022 5424 IV
1049 5371 1188 5441 Reg.
1213 5385 1276 5437 ιι,
1299 5374 1390 5426 2t.
1468 5371 1516 5406 ³⁸
1558 5369 1580 5426 I
1610 5370 1818 5428 Thess.
1849 5387 1911 5440 v,
1937 5375 2122 5430 16-18.

321 5496 435 5563 (45)
459 5491 617 5548 Editi
639 5491 1096 5566 ἢλλατοΝθῐετεε
1115 5493 1880 5566 δῒὶᾳυοῐιὶῂτὶἣλατο,τεοιθ.

342 5568 452 5642 (46)
476 5567 618 5642 ﬂeg.
645 5565 949 5642 secundus
979 5573 1040 5624 τῆ
1052 5585 1073 5626 ς
1116 5564 1380 5642 σωτηρίας
1413 5564 1715 5642 ἀντέχεσθε.

343 5638 460 5701 (47)
490 5639 720 5692 Rursus
750 5636 942 5692 codex
975 5635 1282 5692 secundus
1308 5638 1468 5690 αὐτοῦ
1500 5635 1595 5697 την
1624 5635 1884 5694 διάνοιαν.

346 5705 454 5778 (48)
479 5707 635 5764 Editi
656 5713 712 5764 et
737 5707 895 5764 duos
924 5725 1072 5763 mss.
1105 5709 1374 5783 ἡγούμεθα
1417 5712 1572 5782 ἡμῖν.
1619 5709 1732 5767 Alii
1783 5725 1890 5768 sex

1992 5497 2135 5577 ὑμίν.
2194 5493 2521 5622 Aliquanto
2577 5497 2716 5568 post
2750 5492 2894 5580 avditi
2941 5495 3072 5567 Περὶ
3118 5495 3210 5566 μὶν
3253 5500 3370 5549 τοῦ.
3427 5497 3662 5552 Veteres

1995 5583 2270 5622 auinaue
2322 5567 2437 5622 ibri
2467 5571 2591 5622 Περὶ
2620 5569 2708 5622 μὲν
2739 5586 2827 5619 ουν
2852 5571 2969 5622 τοῦ.

1995 5562 2270 5642 quinque
2299 5562 2437 5624 libri
2467 5562 2598 5642 Περῖ
2619 5569 2708 5640 μὲν
2739 5562 2969 5642 offas-op.

2071 5631 2190 5710 (495
2222 5641 2458 5696 Veteres
2496 5631 2760 5718 quatuor
2786 5636 2928 5696 libri
2957 5635 3003 5691 εἰ
3032 5631 3092 5692 δὲ
3121 5639 3211 5689 καὶ
3239 5640 3375 5708 χρή.
