4124 6376
476 327 581 384 243
1849 323 1905 382 S.
1947 322 2037 378 BA
2047 322 2201 379 SlLll
2241 322 2467 380 MAGNl
3749 330 3853 387 244

476 467 550 509 ea
578 453 783 508 tamen
805 465 945 524 quae
981 450 1077 506 die
1098 450 1384 508 hesterna
1404 450 1691 515 diximus,
1716 448 1991 507 suﬂicere
2013 465 2104 503 cre

2255 446 2605 514 ἀδιαλείπτως
2636 453 3051 525 προσεύχεσθαι,
3081 455 3170 502 καὶ
3199 446 3420 502 δυνατόν
3450 448 3562 502 ἐστι
3608 456 3666 504 τὸ
3724 473 3855 529 παρ-

474 540 538 597 di
561 545 839 614 possunt.
865 543 1073 597 Utrum
1096 546 1300 598 autem
1334 546 1391 598 et
1418 546 1697 614 oporteat
1731 540 2102 596 indesinente

2253 539 2507 611 ἄγγελμα,
2561 543 2609 592 οῖ
2657 561 2711 594 τε
2768 540 3108 599 ἀπαιτοῦντες
3166 541 3312 611 ὑμεῖς
3365 540 3583 611 ἕτοιμοι,
3644 539 3744 613 ἄγω
3801 562 3855 595 τε

474 646 652 687 orare
678 636 736 687 et
770 636 970 687 utrum
991 630 1106 686 hoc
1152 631 1518 687 mandatum
1541 630 1757 687 conﬁci
1778 630 1988 702 possit,
2013 634 2102 683 tur

2250 631 2385 679 κατά
2443 626 2666 702 δύναμιν
2722 635 2816 688 τὴν
2872 633 3189 700 συνηγορίαν
3246 638 3337 679 τοῦ
3390 628 3545 699 λόγου
3579 634 3692 697 (50)
3726 631 3855 689 πλη-

476 737 590 779 vos
622 737 949 795 exposcere
976 723 1173 794 parati
1194 723 1357 800 estis,
1388 727 1560 777 tuum
1583 737 1695 791 ego
1717 737 1826 793 pro
1849 719 1999 774 virili
2028 718 2104 773 hu

2249 723 2425 790 ρωσω.
2490 724 2771 791 ΙΙροσευχή
2837 718 2979 770 ἐστιν
3039 721 3250 776 αἴτησις
3303 715 3504 788 ἀγαθοῦ
3562 724 3705 794 παρά
3755 730 3856 774 τῶν

474 810 577 882 jus
607 809 917 866 sententias
937 811 1336 882 patrocinium
1373 810 1704 882 suscipiam
1728 815 1909 881 atque
1929 806 2102 862 defen

2251 805 2471 860 εὐσεϐῶν
2525 808 2597 868 εἰς
2653 811 2782 861 Θεὸν
2839 811 3104 880 γινομένη.
3159 810 3257 863 Τὴν
3318 802 3377 859 δὴ
3426 811 3636 866 αἴτησιν
3682 810 3854 863 οὕκέν

480 888 736 956 sionem.
767 899 1030 956 Precatio
1056 905 1147 955 est
1174 899 1317 955 boni
1339 899 1565 973 petitio,
1600 915 1636 955 a
1661 897 1777 970 piis
1820 900 1938 953 Deo
1976 895 2108 952 exhi

2247 894 2480 966 ῥήμασιν
2538 895 2824 967 όριζόμεθα
2873 898 3100 954 πάντως.
3153 890 3293 947 Οὕὸε
3337 898 3437 968 γὰρ
3471 898 3739 969 ἡγούμεθα
3767 903 3855 951 τὸν

479 990 627 1046 bita.
662 989 1018 1046 Pe'itionem
1049 994 1257 1046 autem
1281 1006 1406 1045 non
1437 989 1687 1045 omnino
1717 988 1777 1043 in
1806 986 2009 1043 verbis
2034 986 2107 1041 cir

2251 987 2379 1036 Θεὸν
2432 993 2527 1045 τῆς
2585 981 2677 1038 διὰ
2723 993 2823 1037 τῶν
2873 984 3037 1055 λόγων
3095 984 3435 1056 ὑπομνήσεως
3466 981 3697 1051 δεῖσθαι,
3744 985 3851 1039 ἀλλ’

481 1078 965 1135 cumscribimus.
1000 1083 1203 1153 Neque
1228 1079 1390 1135 enim
1411 1082 1598 1134 Deum
1621 1077 1988 1134 arbitramur
2007 1091 2109 1132 mo

2250 1068 2464 1139 εἰδέναι,
2506 1077 2594 1125 καὶ
2663 1078 2733 1146 μὴ
2794 1073 3073 1125 αἰτούντων
3137 1074 3302 1144 ημῶν,
3362 1075 3428 1124 τὰ
3482 1080 3753 1147 χρήσιμα.
3788 1081 3853 1128 Τί

480 1168 749 1225 nitorum
762 1184 906 1225 voce
921 1168 1297 1242 prolatorum
1314 1169 1584 1237 indigere
1597 1184 1617 1223 :
1629 1168 1751 1223 imo
1773 1183 1914 1222 eum
1934 1181 2108 1222 nosse

2250 1169 2339 1214 οῦν
2370 1161 2513 1215 ἐστιν
2539 1164 2565 1215 ὃ
2596 1181 2757 1235 φαμεν
2792 1180 2806 1230 ;
2835 1170 2956 1215 Ὀτι
2984 1167 3092 1236 χρὴ
3144 1166 3213 1235 μὴ
3272 1159 3321 1212 ἐν
3376 1161 3660 1225 συλλαϐαῖς
3716 1166 3857 1236 ἡμᾶς

481 1273 560 1314 ne
581 1258 924 1330 petentibus
936 1259 1185 1331 quidem
1208 1258 1552 1330 nobisque;
1573 1256 1980 1313 conducibilia
2000 1256 2109 1312 sinl

2249 1255 2341 1308 τὴν
2398 1256 2706 1326 προσευχὴν
2789 1249 3120 1324 ἀποπληροῦν
3181 1253 3311 1319 (51),
3368 1249 3496 1303 ἀλλά
3550 1258 3855 1326 προαιρέσει

485 1348 642 1414 Quid
668 1348 850 1418 igitur
880 1353 968 1404 est
988 1348 1153 1420 quod
1183 1348 1443 1404 dicimus
1471 1348 1498 1403 ?
1528 1347 1822 1403 Nimirum
1853 1346 2113 1418 precatio

2251 1338 2441 1413 μᾶλλον
2493 1339 2645 1411 ψυχῇ
2662 1360 2699 1403 ς,
2760 1343 2850 1391 καὶ
2892 1339 3115 1412 πράξεσι
3161 1341 3278 1401 ταῖς
3321 1359 3419 1391 κατ
3490 1337 3672 1413 ἀρετὴν
3701 1348 3857 1395 παντὶ

480 1447 627 1489 nem
680 1432 744 1488 in
796 1432 1045 1504 syllabis
1074 1432 1354 1488 constitui
1398 1447 1524 1488 non
1549 1436 1823 1504 oportere
1848 1448 1861 1487 :
1884 1431 1993 1487 sed
2023 1431 2108 1487 vin

2253 1436 2325 1499 τῷ
2370 1427 2475 1500 βίῳ
2535 1433 3149 1503 συμπαρεκτεινομίναις,
3190 1434 3285 1486 τὴν
3345 1425 3570 1502 δύναμιν
3623 1430 3858 1504 πληροῦ-

482 1537 738 1595 precum
762 1522 825 1578 in
854 1522 1172 1595 proposito
1200 1522 1388 1579 animi
1418 1527 1475 1578 et
1501 1523 1563 1577 in
1594 1522 1667 1577 iis
1691 1521 1927 1577 virtutis
1947 1522 2110 1594 operi

2257 1520 2383 1570 σθαι
2438 1527 2534 1580 τῆς
2580 1527 2910 1591 προσευχῆς.
2970 1522 3086 1571 Εἶτε
3131 1521 3231 1593 γὰρ
3274 1517 3488 1587 ἐσθίετε,
3535 1524 3715 1591 φησὶν,
3759 1525 3861 1573 εἴτε

480 1611 598 1667 bus
617 1627 754 1684 quas
775 1611 857 1667 ad
877 1627 1125 1668 omnem
1145 1612 1330 1668 vitam
1346 1628 1476 1668 sese
1489 1611 1835 1677 extendant,
1852 1610 2108 1667 collocan

2253 1611 2442 1673 πίνετε,
2512 1610 2613 1659 εἶτε
2690 1627 2744 1660 τι
2814 1615 3027 1675 ποιεῖτε,
3105 1610 3275 1660 πάντα
3340 1608 3411 1669 εἰς
3484 1605 3644 1671 δόξαν
3723 1618 3859 1662 θεοῦ

482 1699 630 1757 dam
651 1716 803 1757 esse.
825 1701 967 1759 Sive
990 1703 1171 1772 enim,
1192 1702 1409 1774 inquit,
1435 1704 1842 1768 manducatis,
1864 1704 1981 1758 sive
2003 1703 2110 1758 bibi

2254 1703 2466 1751 ποιεῖτε.
2516 1697 2867 1769 Καθεζόμενος
2915 1697 3001 1749 ἐπὶ
3052 1698 3340 1769 τραπέζης,
3372 1701 3697 1771 προσεύχου·
3732 1719 3860 1772 προ-

483 1791 580 1862 tis,
610 1792 734 1848 sive
761 1791 909 1863 quid
926 1791 1154 1861 facitis,
1174 1793 1379 1848 omnia
1397 1792 1736 1862 ingloriam
1757 1793 1868 1849 Dei
1879 1793 2111 1861 facile“

2258 1790 2567 1860 σφερόμενος
2622 1789 2707 1837 τόν
2795 1788 2971 1859 ἄρτον,
3053 1794 3125 1856 τῷ
3159 1782 3455 1842 ,δεδωκότι
3528 1791 3621 1846 τὴν
3696 1789 3859 1860 χάριν

482 1879 866 1937 Accumbens
894 1879 975 1936 ad
1009 1895 1311 1948 mensam,
1358 1895 1468 1937 ora
1495 1898 1509 1947 ;
1532 1896 1853 1937 assumens
1898 1896 2110 1952 panem

2255 1872 2582 1947 ἀποπληρου·
2643 1878 2753 1946 οῑνφ
2802 1877 2861 1926 τό
2921 1873 3134 1936 ἀσθενὲς
3199 1883 3291 1927 τοῦ
3347 1881 3588 1947 σώματος
3657 1876 3859 1948 ὕπερεί-

481 1967 644 2026 habe
672 1968 896 2037 gratias
932 1967 1202 2037 largitori
1232 1988 1246 2038 ;
1280 1968 1424 2025 vino
1449 1969 1723 2041 corporis
1774 1970 2109 2026 debilitate:

2258 1959 2383 2031 δων,
2417 1968 2652 2035 μέμνησο
2683 1972 2774 2016 τον
2801 1968 3160 2038 παρεχομένου
3195 1984 3280 2017 σοι
3308 1968 3367 2017 τό
3417 1962 3585 2037 δῶρον
3641 1964 3712 2026 εἰς
3756 1969 3858 2018 σύ-

488 2058 608 2130 36
635 2056 1061 2127 corroborans,
1093 2058 1225 2129 ejus
1243 2058 1349 2131 qui
1369 2058 1486 2115 hoc
1507 2059 1614 2115 tibi
1634 2076 1860 2116 munus
1888 2061 1967 2116 ad
1987 2061 2116 2116 exhi

2257 2054 2516 2125 φροσύνην
2563 2049 2813 2127 καρδὶας,
2870 2059 2959 2106 καὶ
2997 2056 3334 2127 παραμυθίαν
3407 2052 3854 2128 ἀρρωστημάτων.

481 2144 811 2204 larandum
838 2162 944 2202 cor
985 2150 1043 2203 et
1073 2148 1152 2204 ad
1201 2147 1494 2204 levandas
1526 2149 1907 2206 inﬁrmitates
1959 2150 2109 2205 dedi

2258 2141 2523 2214 Παρῆλθεν
2547 2143 2575 2198 η
2610 2147 2769 2215 χρεία
2809 2151 2907 2193 τῶν
2958 2141 3251 2217 βρωμάτων
3286 2161 3298 2206 ;
3329 2149 3387 2195 Ἦ
3445 2147 3619 2215 μέντοι
3674 2148 3853 2215 μνήμη

482 2235 858 2293 memineris.
878 2235 1162 2293 Praeteriit
1180 2236 1298 2292 cibi
1321 2238 1602 2293 sumendi
1623 2239 1954 2294 necessitas
1968 2239 1994 2293 ?
2017 2243 2110 2294 N01

2255 2239 2346 2282 τοῦ
2397 2230 2661 2303 εὐεργέτου
2719 2236 2790 2303 μὴ
2852 2233 3218 2305 παρερχέσθω.
3280 2236 3377 2285 Τόν
3436 2240 3643 2304 χιτῶνα
3681 2230 3858 2285 ἐνδυό-

481 2328 801 2398 praetereat
817 2329 1023 2381 tamen
1044 2325 1340 2382 memoria
1358 2326 1614 2382 beneﬁci
1630 2326 1950 2397 largitoris.
1973 2329 2109 2384 'I‘uni

2254 2337 2422 2391 μενος,
2469 2320 2775 2393 εὐχαρίστει
2823 2330 2894 2391 τῷ
2951 2317 3229 2372 δεδωκότι·
3287 2325 3346 2373 τό
3390 2323 3593 2394 ἱμάτιον
3619 2320 3859 2395 περιϐαλ-

484 2430 623 2471 cam
651 2413 703 2470 si
744 2413 1035 2481 indueris,
1078 2414 1277 2471 datori
1321 2416 1547 2486 gratias
1587 2432 1719 2487 age.
1771 2416 1955 2473 Pallio
2003 2433 2112 2473 cun

2254 2407 2481 2480 λόμενος,
2533 2409 2761 2471 αὖξησόν
2815 2414 2908 2467 την
2959 2409 3031 2471 εἰς
3082 2414 3211 2461 Θεὸν
3264 2408 3490 2481 ἀγάπην,
3523 2416 3577 2472 ὅς
3614 2416 3704 2462 καὶ
3733 2430 3859 2482 χει-

483 2502 769 2569 amiciris,
819 2503 1105 2559 intentius
1146 2505 1337 2560 Deum
1377 2504 1577 2575 dilige,
1627 2505 1734 2578 qui
1784 2510 1907 2562 tum
1960 2506 2111 2562 hiem

2251 2505 2387 2569 μῶνι
2444 2502 2531 2549 καὶ
2581 2500 2714 2571 θέρει
2761 2495 3037 2557 ἐπιτήδεια
3089 2501 3213 2571 ἡμῖν
3274 2502 3623 2572 σκεπάσματα
3672 2499 3859 2575 ἐχαρί-

484 2596 613 2649 tum
661 2592 853 2650 aestati
896 2593 1235 2650 accomoda
1272 2598 1621 2663 tegumenta
1666 2595 1846 2652 nobis
1891 2595 2112 2666 largitu

2256 2605 2404 2651 σατο,
2469 2591 2563 2644 τήν
2628 2606 2683 2639 τε
2751 2588 2883 2647 ζωὴν
2953 2590 3099 2659 ἡμῶν
3173 2597 3548 2662 συντηροῦντα,
3633 2593 3723 2641 καὶ
3799 2593 3859 2642 τό

482 2686 593 2751 est,
619 2681 844 2755 quibus
876 2682 996 2739 vita
1018 2687 1224 2739 nostra
1244 2683 1425 2739 simul
1445 2690 1734 2752 servatur,
1758 2690 1813 2741 et
1835 2686 2110 2758 turpitud:

2254 2676 2505 2748 ἄσχημον
2564 2678 2674 2747 (52)
2713 2676 3127 2751 περιστέλλοντα.
3176 2677 3483 2752 Ἐπληρὼθη
3539 2680 3567 2736 ἡ
3638 2677 3855 2752 ἡμέρας

482 2772 840 2841 contegitur.
873 2770 1184 2843 Completa
1203 2771 1332 2828 dies
1353 2778 1443 2829 est
1471 2774 1483 2829 Ξ
1515 2774 1741 2830 Gratias
1770 2776 2069 2847 rependas
2089 2792 2110 2831 ε

2253 2765 2578 2839 Εὕχαρίστει
2626 2774 2697 2836 τῷ
2752 2771 2840 2818 τόν
2892 2765 3035 2823 ἣλιον
3105 2768 3195 2839 μὶν
3254 2772 3327 2828 εἰς
3397 2769 3685 2840 ὑπηρεσίαν
3757 2776 3857 2819 τῶν

478 2859 606 2932 qui,
628 2860 689 2915 in
710 2874 964 2932 operum
989 2859 1347 2916 diurnorum
1367 2861 1789 2927 ministerium,
1803 2863 1994 2919 solem
2013 2880 2106 2937 qu:

2252 2855 2507 2928 ἠμερινὼν
2540 2856 2700 2928 ἔργων
2732 2860 3075 2928 χαρισαμένῳ
3130 2857 3275 2927 ἡμῖν,
3319 2864 3421 2929 πῦρ
3462 2852 3521 2908 δὲ
3578 2875 3859 2929 παρασχο-

477 2946 622 3003 dem
651 2947 830 3003 nobis
852 2948 1196 3021 impertivit,
1237 2949 1441 3019 ignem
1470 2966 1615 3007 vero
1656 2951 1857 3008 tribuit
1904 2952 1984 3008 ad
2033 2969 2105 3009 no

2251 2961 2386 3015 μενῳ
2460 2952 2551 2995 τοῦ
2624 2945 2865 3015 φωτίζειν
2941 2949 3034 3001 τὴν
3106 2948 3287 3009 νύκτα,
3340 2950 3429 2997 καὶ
3476 2952 3593 3005 ταῖς
3646 2944 3855 3004 λοιπαῖς

474 3040 633 3093 ctem
661 3036 1111 3101 illustrandam,
1145 3042 1200 3093 et
1226 3043 1291 3095 ut
1315 3038 1562 3111 reliquis
1592 3040 1729 3096 vitae
1766 3042 2102 3098 necessitati

2248 3038 2461 3107 χρείαις
2509 3040 2625 3095 ταῖς
2681 3037 2815 3085 κατα
2870 3037 2957 3086 τόν
3011 3032 3128 3106 βίον
3168 3035 3458 3108 ὑπηρετεῖν.
3486 3034 3544 3088 Ἠ
3574 3034 3666 3097 νὺξ
3696 3033 3856 3095 ἄλλας

471 3124 590 3184 bus
630 3126 945 3183 inserviat.
977 3130 1103 3183 Nox
1155 3127 1307 3184 alias
1334 3143 1551 3185 causas
1576 3130 1845 3202 praebeat
1890 3132 2099 3188 orandi

2248 3122 2520 3182 ὑποθέσεις
2588 3130 2899 3196 προσευχῆς
2954 3126 3065 3181 (53)
3133 3122 3458 3197 προξενείτω.
3511 3130 3670 3174 Ὅταν
3722 3120 3849 3174 ἀνα-

474 3215 733 3281 Quando
755 3215 1100 3289 suspexeris
1130 3217 1193 3272 in
1223 3216 1461 3281 ccelum,
1494 3224 1552 3274 et
1601 3220 1665 3275 in
1703 3220 1971 3277 siderum
2004 3222 2102 3294 pui

2243 3209 2438 3282 ϐλέψῃς
2480 3210 2552 3273 εἰς
2594 3215 2681 3262 τόν
2739 3210 2975 3285 οὐρανόν,
3027 3216 3117 3262 καὶ
3168 3215 3298 3285 πρὸς
3363 3214 3428 3264 τά
3485 3220 3585 3264 τῶν
3643 3213 3851 3285 οἰστρων

470 3304 875 3361 chritudinem
929 3305 1192 3361 intentos
1221 3306 1432 3361 oculos
1461 3306 1769 3375 habueris,
1805 3309 2098 3382 (leprecar

2244 3299 2546 3373 ἐνατενίσης
2582 3300 2769 3365 κάλλη,
2814 3320 3118 3373 προσευχου
3149 3320 3221 3372 τῳ
3274 3304 3506 3375 Δεσπότη
3568 3310 3668 3371 τῷν
3724 3301 3854 3375 ὀρω-

469 3393 797 3450 Dominum
817 3393 1167 3465 visibilium,
1190 3396 1501 3468 Deumque
1520 3398 1943 3455 universorum
1964 3400 2097 3473 opiti

2243 3392 2425 3462 μένων,
2487 3394 2575 3441 καὶ
2632 3392 2911 3463 προσκύνει
2982 3394 3068 3442 τόν
3138 3388 3520 3465 ἀριστοτέχνην
3573 3398 3672 3441 τῶν
3726 3389 3852 3442 ὅλων

469 3499 605 3542 cem
642 3483 964 3556 optimum,
1009 3485 1118 3557 qui
1172 3485 1379 3541 omnia
1436 3487 1497 3542 in
1559 3488 1856 3559 sapientia
1905 3490 2042 3545 fecit
2062 3492 2097 3525 δ(

2245 3482 2394 3543 Θεὸν,
2436 3479 2490 3542 ὃς
2548 3479 2597 3531 ἐν
2660 3485 2818 3553 σοφία
2864 3481 2926 3530 τὰ
2974 3482 3145 3532 πλντα
3206 3478 3464 3538 ἐποίησεν,
3522 3488 3682 3533 Ὅταν
3728 3476 3854 3552 ῖὸης

469 3573 681 3631 adora.
716 3575 968 3631 Omnem
998 3575 1403 3632 animantium
1434 3580 1720 3633 naturam
1742 3594 1880 3633 cum
1914 3580 2097 3635 videri

2243 3576 2416 3623 πᾶσαν
2448 3574 2600 3643 φύσιν
2647 3570 2791 3630 ζωων
2854 3570 2995 3640 ὕπνῳ
3052 3574 3428 3641 κατεχομένην,
3471 3569 3623 3622 πάλιν
3682 3588 3854 3644 προσ-

468 3664 875 3737 consopitam,
909 3680 1119 3720 rursus
1144 3665 1338 3722 adora
1358 3681 1518 3737 eum,
1539 3668 1645 3740 qui
1672 3684 1784 3724 nos
1807 3668 1898 3724 vel
1918 3669 2096 3725 invito

2244 3663 2385 3713 κύνει
2436 3664 2522 3712 τόν
2575 3664 2665 3711 καὶ
2717 3658 2977 3718 ἀκουσίως
3026 3660 3165 3731 ἡμᾶς
3220 3656 3311 3711 δια
3372 3667 3463 3712 τοῦ
3531 3659 3691 3712 ὕπνου
3762 3668 3855 3721 τῆς

469 3752 549 3810 ab
578 3754 841 3810 assiduis
863 3753 1092 3810 laboris
1120 3754 1357 3811 relaxat
1397 3771 1503 3827 per
1532 3771 1841 3826 somnum,
1892 3758 2097 3815 virium

2247 3752 2526 3819 συνεχείας
2573 3755 2671 3798 τῶν
2720 3751 2885 3797 πόνων
2924 3745 3133 3812 λύοντα,
3196 3752 3286 3798 καὶ
3362 3744 3416 3797 ἐκ
3481 3751 3669 3820 μικρᾶς
3728 3744 3855 3798 ἀνα-

467 3858 588 3916 que
608 3844 883 3914 vigorem
911 3859 1020 3916 per
1045 3859 1295 3916 parvam
1312 3845 1587 3918 requiem
1608 3846 1996 3917 redintegrat.

2246 3838 2490 3899 παῦσεως
2540 3835 2693 3888 πάλιν
2742 3838 2873 3908 πρὸς
2920 3840 3013 3894 τὴν
3065 3833 3235 3908 ἀκμὴν
3275 3845 3372 3896 τῆς
3401 3832 3669 3909 δυνάμεως
3697 3834 3859 3887 επαν-

2249 3930 2464 3999 ἄγοντα.

542 4010 596 4064 4.
638 4008 786 4064 Tota
812 4006 993 4077 igitur
1019 4022 1144 4063 nox
1162 4022 1286 4064 non
1318 4007 1393 4064 sit
1417 4008 1581 4065 velut
1610 4010 1934 4083 peculiaris
1960 4027 2142 4085 quas.

2320 4018 2374 4070 4.
2405 4014 2463 4066 ἸΙ
2495 4008 2582 4065 οὖν
2610 4012 2702 4076 νὺξ
2730 4017 2799 4085 μὴ
2834 4015 2965 4065 ἔστω
2997 4014 3175 4087 ὦσπορ
3200 4032 3280 4075 τις
3304 4009 3441 4075 ῖδιος
3478 4017 3567 4066 καὶ
3598 4011 3858 4084 ἐξαίρετος

472 4095 621 4155 dam
646 4111 716 4151 ac
744 4096 1058 4168 praecipua
1082 4097 1279 4153 somni
1310 4113 1442 4153 sors
1466 4114 1479 4154 :
1508 4114 1708 4172 neque
1746 4101 1975 4173 patiare
2014 4118 2100 4157 me

2250 4103 2443 4178 κλῆρος
2486 4112 2578 4155 τοῦ
2636 4105 2797 4155 ὕπνου
2850 4110 3015 4155 πᾶσα·
3073 4100 3213 4176 μηδὲ
3275 4100 3537 4176 καταδέξη
3613 4099 3705 4155 δια
3763 4110 3858 4164 τῆς

475 4187 645 4245 diam
671 4186 807 4243 vitea
836 4192 1070 4259 partem
1100 4187 1373 4243 inutilem
1396 4188 1505 4244 tibi
1534 4206 1664 4245 esse
1691 4206 1798 4263 per
1825 4191 2026 4247 somni
2052 4208 2103 4248 sc

2254 4195 2387 4245 κατά
2434 4197 2520 4244 τόν
2577 4192 2735 4244 ὕπνον
2791 4191 3143 4253 ἀναισθησίας
3209 4196 3265 4244 τὸ
3331 4193 3498 4265 ἣμισυ
3553 4200 3649 4253 τῆς
3718 4190 3860 4251 ζωῆς

479 4291 694 4349 porem
728 4292 741 4331 :
776 4274 889 4331 sed
908 4274 1207 4332 dividatur
1238 4276 1343 4331 tibi
1373 4279 1565 4333 noctis
1609 4283 1845 4352 tempus
1875 4279 1937 4335 in
1983 4297 2107 4337 som

2257 4282 2527 4357 ἀχρειοῡν·
2588 4281 2713 4333 ἀλλά
2762 4283 3055 4356 μεριζέσθω
3100 4301 3183 4334 σοι
3239 4291 3335 4344 τῆς
3389 4285 3575 4343 νυκτὸς
3613 4282 3862 4354 ὀχρόνος

480 4380 651 4421 mum
674 4367 731 4420 et
752 4363 1157 4436 precationem
1182 4381 1197 4421 :
1217 4365 1339 4420 imo
1362 4381 1612 4421 somnus
1634 4367 1759 4440 ipse
1798 4367 2108 4426 exercitati

2258 4376 2329 4436 εἵς
2354 4392 2406 4425 τε
2437 4373 2592 4424 ὕπνον
2640 4378 2728 4424 καὶ
2771 4391 3101 4445 πρόσευχηνο
3162 4370 3288 4422 ἀλλὰ
3343 4375 3432 4423 καὶ
3487 4373 3535 4422 οἱ
3579 4370 3729 4422 ὕπνοι
3759 4369 3858 4422 αὖ-

487 4455 563 4511 sit
598 4454 863 4526 pietatis.
900 4456 1067 4526 Smpe
1097 4454 1256 4511 enim
1273 4471 1572 4527 expressae
1593 4457 1651 4511 in
1676 4474 1891 4513 somno
1914 4460 2111 4531 specie

2256 4466 2338 4516 τοὶ
2394 4461 2726 4535 μελετήματα
2771 4465 3006 4513 ἔστωσαν
3075 4470 3169 4522 τῆς
3235 4459 3517 4520 εὕσεϐείας.
3591 4461 3863 4532 Πεφῦκασι

487 4543 695 4601 nescio
721 4544 1032 4615 quomodo
1053 4546 1301 4615 vestigia
1329 4545 1612 4618 quaedam
1636 4562 1705 4601 ac
1726 4548 1991 4620 reliquias
2019 4564 2111 4604 ess

2256 4553 2357 4626 γάρ
2407 4571 2516 4612 πως
2565 4553 2619 4601 αἱ
2665 4551 2783 4602 καθ’
2837 4550 2991 4601 ὕπνον
3053 4554 3354 4620 φαντασίαι,
3427 4554 3495 4610 ως
3564 4552 3629 4601 τὰ
3678 4548 3856 4610 πολλὰ,

493 4633 687 4691 solent
703 4633 1058 4690 diurnarum
1073 4651 1378 4691 curarum.
1413 4635 1624 4701 Qualia
1652 4637 1814 4693 enim
1827 4639 2120 4695 exstiterin

2262 4637 2597 4712 ἀπηχὴματα
2682 4636 2810 4691 εἶναι
2906 4646 3004 4690 των
3093 4640 3447 4711 μεθημερινῶν
3535 4633 3862 4712 φροντίδων.

492 4723 631 4780 vitae
656 4729 877 4780 nostra:
908 4724 1129 4792 studia,
1171 4725 1319 4780 talia
1349 4740 1597 4782 necesse
1645 4732 1734 4782 est
1786 4728 1963 4784 etiam
2018 4745 2115 4786 ess

2259 4729 2445 4782 Ὀποία
2500 4733 2600 4802 γὰρ
2658 4728 2717 4781 ἆν
2768 4738 2796 4801 ᾗ
2868 4732 2933 4779 τα
2962 4747 3095 4779 κατκ
3125 4732 3210 4779 τὸν
3244 4726 3359 4800 βίον
3407 4729 3551 4799 ἡμῶν
3582 4726 3862 4784 επιτησεῦ-

495 4812 818 4870 insomnia.
854 4813 948 4871 Sic
990 4814 1192 4871 orabis
1220 4815 1361 4872 Sine
1402 4816 1534 4872 ulla
1584 4817 2043 4889 intermissione,
2102 4837 2123 4875 s

2261 4840 2422 4893 ματα,
2469 4819 2688 4871 τοιαῦτα
2739 4817 2935 4889 ἀνάγκη
2988 4817 3117 4869 εἶναι
3170 4822 3259 4868 καὶ
3313 4818 3379 4869 τὰ
3422 4815 3652 4871 ἐνύπνια.
3683 4814 3864 4876 Οὕτως

498 4903 686 4961 modo
712 4920 835 4961 non
864 4904 926 4960 in
960 4904 1157 4960 verbis
1183 4906 1594 4978 precationem
1648 4908 1997 4977 concludas,
2048 4926 2126 4965 set

2267 4905 2645 4969 Ἀδιαλείπτως
2714 4907 2999 4981 προσεύξῃ·
3079 4906 3172 4958 οὕκ
3248 4905 3298 4958 ἐν
3374 4906 3582 4980 ῥήμασι
3654 4904 3862 4980 πληρῶν

500 4996 558 5053 te
583 4992 717 5067 ipse
742 4995 862 5052 Deo
883 4993 1269 5067 conjunxeris
1296 5010 1405 5068 per
1456 4999 1646 5053 totam
1691 4996 1935 5054 vivendi
1971 4999 2124 5057 ratio

2262 5004 2358 5058 τὴν
2388 5003 2708 5073 προσενχὴν,
2738 4996 2867 5050 ἀλλά
2899 4994 2971 5051 δι’
3003 4995 3126 5058 ὅλης
3151 4998 3259 5069 (54)
3289 5004 3380 5049 τοῦ
3412 4994 3535 5069 βίου
3589 4991 3685 5056 τῆς
3738 4990 3863 5048 δια-

576 5138 625 5176 ”
652 5137 677 5192 Ι
708 5141 838 5198 Cor.
870 5155 929 5208 Χ,
961 5142 1050 5196 31.
1126 5140 1175 5176 ⁶⁰
1205 5136 1361 5195 Psal.
1394 5152 1510 5207 cm,
1541 5141 1631 5195 24.

574 5283 687 5357 (50)
715 5283 868 5340 Editi
888 5288 946 5339 et
968 5288 1089 5340 tres
1119 5299 1262 5357 mss.
1317 5286 1635 5357 συνηγορίαν
1681 5289 1773 5357 τοῦ
1819 5283 1994 5357 λόγου.
2047 5286 2155 5342 Alii

1714 5289 1773 5357 οὕ
1819 5283 1994 5357 λόγου.
2047 5286 2155 5342 Alii
2338 5288 2439 5346 (ὅὲ)
2471 5287 2613 5354 Reg.
2640 5283 2881 5357 primus
2902 5284 3152 5357 ἄσχημον
3175 5288 3338 5357 ἡμῶν.

502 5352 774 5429 quinque
806 5354 1241 5429 wvn'yopiau_rozi
1270 5352 1704 5429 vo’pou._S'_tatilIl
1740 5356 1862 5411 duo
1886 5352 2061 5415 'mssu
2108 5376 2130 5413 s

2336 5359 2453 5427 (53)
2642 5352 3260 5429 'secundusilrroeiart;
3287 5353 3419 5423 εὕχῆ
3434 5373 3473 5413 ς.
3501 5353 3675 5429 _Mox
3707 5367 3858 5429 mss.

501 5422 629 5483 non
675 5422 1068 5500 'plures._'r}:w
1117 5422 1345 5498 ἀγαθὼνῑ
1408 5424 1637 5481 Ibidem
1669 5425 1814 5498 Reg.
1849 5430 2124 5485 secundu

2265 5422 2543 5500 nonnulli
2564 5422 2934 5500 Erigyio-75pm.
2962 5422 3374 5500 Ibidcmunus
3406 5423 3598 5479 codex
3627 5427 3683 5477 et
3728 5422 3869 5479 editi

502 5500 647 5574 παρὰ
675 5496 773 5551 τῶν
805 5496 1168 5553 εὐσεϐούντων.
1451 5568 1461 5574 _
1770 5496 1781 5498 ἡ

2269 5499 2532 5571 ἀτενίσῃς.
2572 5497 2684 5551 Alii
2713 5496 3161 5574 quinquctiiss.
3192 5496 3459 5574 észqyi’TTJ
3476 5516 3513 5574 ςἶ

573 5559 690 5646 ('tjt)
715 5572 964 5646 _Veteres
1012 5574 1276 5641 quatuor
1325 5567 1461 5623 libri
1492 5571 1797 5646 προσευχὴν
1824 5569 1981 5630 ἐκπλη
2010 5581 2151 5646 ροῦν.

1967 5592 1981 5630 2
2010 5581 2151 5646 ροῦν.
2340 5559 2557 5639 (54)Ἰιο.
2586 5559 2817 5625 veteres
2850 5559 2950 5622 sex
3001 5567 3157 5622 libri.
3194 5567 3342 5622 Editi
3374 5563 3447 5618 δυ
3477 5565 3595 5617 ὅλον

500 5642 565 5697 1n
586 5639 829 5696 duobus
854 5657 1001 5698 mss.
1024 5639 1133 5714 pro
1158 5658 1464 5716 προσευχην
1494 5639 1918 5714 Ιεεὶιυι·“εὐχήν.
