4124 6442
410 375 517 430 245

1490 365 1782 421 HOMILIA
1818 363 1888 417 ΙΝ
1929 359 2308 416 MARTYREM
2345 365 2701 421 JULlTTAM.

3680 366 3787 422 246

410 506 587 571 γωγῆς
648 494 886 566 συνάψας
938 495 1154 548 σεαυτὸν
1209 499 1280 562 τῷ
1339 498 1473 561 Θεῷ,
1535 491 1604 552 ὡς
1659 496 1857 560 συνεχῆ
1926 507 1993 538 κα

2129 500 2303 554 nem;
2337 489 2491 547 adeo
2522 495 2587 547 ut
2610 492 2776 563 jugis
2816 491 3185 564 assiduaque
3216 491 3482 565 precatio
3520 492 3645 551 vita
3681 494 3787 550 tua

411 583 751 641 ἀδιάλειπτον
806 581 935 637 εἶναι
984 586 1292 656 προσευχήν
1339 584 1433 638 τὴν
1493 580 1631 641 ζωήν
1686 598 1802 633 σου.
1864 575 2020 630 Ἀλλά

411 680 497 729 καὶ
553 677 634 727 Ἐν
684 679 863 738 παντὶ,
930 677 1110 745 φησὶν,
1169 670 1553 743 εὐχαριστεῖτε.
1611 671 1713 721 Καὶ
1750 676 1862 729 πῶς
1916 663 2017 719 δυ-

408 769 578 830 νατόν,
632 768 759 837 φασὶ
790 765 922 832 (55),
964 768 1118 813 τοῦτο
1165 761 1423 830 γενέσθαι,
1473 758 1660 830 ψυχήν
1718 754 2018 810 κατώδυνον

412 860 725 929 συμφοραῖς,
776 856 865 904 καὶ
918 852 1072 902 οἱονεὶ
1127 852 1586 923 περικεντουμένην
1643 856 1705 922 τῇ
1771 847 2016 905 αἰσθήσει

410 953 509 998 τῶν
550 941 817 1014 ἀλγεινῶν,
857 944 928 1012 μή
979 942 1110 1011 πρὸς
1160 941 1380 1013 θρήνους
1418 936 1742 1011 ἐκφέρεσθαι,
1786 940 1875 988 καὶ
1918 933 2015 988 δά-

411 1053 567 1110 κρυα,
622 1029 730 1083 ἀλλ’
787 1029 1122 1102 εὐχαριστεῖν
1172 1030 1243 1090 ὡς
1288 1027 1368 1080 ἐπ’
1417 1026 1635 1100 ἀγαθοῖς
1691 1033 1800 1088 τοῖς
1851 1023 2014 1078 ἀπευ-

412 1123 610 1184 κταίοις
815 1122 950 1171 κατά
997 1117 1280 1185 ἀλήθειαν;
1320 1116 1383 1171 Ἃ
1428 1120 1527 1192 γὰρ
1577 1115 1637 1168 ἀν
1690 1115 2013 1190 ἐπαράσαιτό

411 1234 498 1287 μοι
528 1214 554 1264 ὁ
584 1210 798 1285 ὶχθρὸς,
832 1216 1001 1261 ταῦτα
1039 1209 1239 1272 παθὼν,
1272 1215 1383 1269 πῶς
1431 1205 1512 1259 ἐπ’
1562 1205 1739 1267 αὐτοῖς
1789 1204 2012 1279 εὐχαρι-

410 1308 546 1356 στεῖν
603 1296 950 1371 δυνήσομαη
1006 1297 1368 1372 Ἀνήρπασται
1433 1299 1490 1349 τὸ
1547 1292 1763 1348 παιδίον
1819 1295 2007 1365 ἄωρον,

404 1396 491 1444 καὶ
549 1386 751 1454 ὠδῖνες,
803 1396 906 1440 τῶν
960 1393 1178 1463 πρώτων
1235 1385 1620 1459 χαλεπώτεραι,
1682 1382 2010 1457 ὁδυνωμένην

405 1479 491 1534 ἐπὶ
530 1489 603 1551 τῷ
653 1482 908 1551 ἀγαπητῷ
946 1483 1041 1537 τήν
1070 1479 1275 1552 μητέρα
1308 1481 1801 1550 κατατιτρώσκουσι
1834 1494 1847 1507 ο
1876 1482 2005 1539 πῶς,

402 1568 768 1623 καταλιποῦσα
815 1572 936 1630 τοὺς
989 1569 1209 1640 θρήνους
1257 1567 1393 1636 (57),
1435 1564 1782 1639 εὐχαριστίας
1840 1565 2008 1636 φωνάς

402 1658 669 1733 ἀναλάϐζη
723 1666 876 1726 Πῶς;
935 1657 1053 1711 Ἐὰν
1109 1656 1408 1728 λογίσηται,
1453 1656 1534 1706 ὅτι
1590 1662 1662 1725 τῷ
1719 1650 1877 1706 παιδὶ
1933 1661 2004 1726 τῷ

403 1747 458 1812 ἓξ
502 1749 667 1811 αὐτῆς
710 1750 1006 1821 γεννηθέντι
1049 1746 1355 1819 οἰκειότερος
1408 1748 1581 1816 πατὴρ
1636 1744 1661 1795 ὁ
1717 1746 1865 1809 Θεὸς,
1915 1747 2005 1795 καί

2130 576 2222 632 sit.
2258 576 2373 633 Sed
2421 583 2476 636 et
2517 582 2590 636 In
2618 582 2912 646 omnibus,
2940 581 3040 648 ait,
3071 584 3302 651 gratias
3351 584 3530 653 agite.
3563 585 3658 652 At,
3690 582 3784 638 in-

2127 667 2363 740 quiunt,
2406 671 2718 743 quomodo
2764 670 2892 727 ﬁeri
2941 671 3004 727 id
3045 676 3266 745 potest,
3307 675 3375 727 ut
3411 672 3617 730 anima
3645 689 3784 747 quae

2127 758 2414 813 aerumnis
2435 775 2505 814 ac
2526 760 2974 816 calamitatibus
2997 760 3396 828 excruciatur,
3414 776 3485 817 ac
3500 762 3784 818 dolorum

2126 863 2308 903 sensu
2338 848 2498 905 velut
2524 851 2974 922 compungitur,
3004 850 3067 905 in
3107 851 3367 920 gemitus
3394 855 3451 907 et
3476 850 3785 924 lacrymas

2124 952 2247 992 non
2293 944 2614 1011 erumpat:
2648 939 2723 995 de
2768 940 2952 995 rebus
3002 956 3142 1013 quae
3181 940 3381 1012 reipsa
3410 940 3782 997 detestandtn

2124 1030 2283 1098 sunt,
2304 1028 2557 1099 perinde
2579 1033 2761 1101 atque
2778 1028 2852 1084 de
2870 1029 3049 1085 bonis
3075 1034 3330 1101 peragat
3348 1029 3611 1101 gratias?
3632 1030 3784 1086 Mala

2122 1117 2283 1172 enim
2315 1134 2451 1189 quae
2495 1118 2777 1175 inimicus
2806 1119 2953 1175 mihi
3002 1124 3282 1192 precatus
3321 1119 3517 1183 fuerit,
3550 1118 3599 1175 si
3628 1119 3782 1176 acci-

2120 1205 2289 1273 dant,
2321 1209 2636 1279 quomodo
2676 1224 2781 1279 pro
2815 1208 2905 1263 his
2936 1214 3146 1281 potero
3177 1212 3377 1279 grates
3403 1207 3781 1281 rependere?

2118 1296 2219 1350 Est
2258 1294 2418 1351 ﬁlius
2466 1296 2831 1353 immaturus
2880 1302 3152 1370 eruptus,
3185 1302 3243 1352 et
3283 1296 3524 1353 dolores
3566 1297 3778 1369 primis

2118 1386 2419 1461 puerperii
2449 1385 2762 1441 doloribus
2787 1386 3131 1443 acerbiores
3162 1390 3422 1443 matrem
3450 1386 3526 1443 de
3555 1386 3779 1442 charis-

2118 1474 2276 1530 simo
2301 1474 2426 1530 ﬁlio
2451 1474 2757 1532 dolentem
2787 1475 3191 1532 discruciant:
3216 1475 3550 1548 quomodo,
3570 1475 3774 1531 missis

2115 1564 2164 1635 ej
2177 1563 2440 1620 ulatibus
2452 1610 2464 1633 ,
2479 1581 2660 1621 voces
2680 1566 3015 1635 gratiarum
3032 1567 3253 1622 actioni
3269 1565 3546 1638 proprias
3561 1581 3777 1638 expro-

2116 1656 2280 1710 met?
2311 1654 2423 1720 Qui
2457 1653 2587 1709 ﬁeri
2614 1653 2676 1709 id
2721 1654 2954 1725 possit?
2983 1654 3040 1711 Si
3067 1653 3420 1725 cogitaverit
3447 1656 3638 1709 Deum
3668 1668 3772 1723 ge-

2112 1743 2240 1799 nito
2271 1759 2344 1799 ex
2364 1744 2499 1815 ipsa
2518 1742 2642 1799 ﬁlio
2665 1759 2793 1799 esse
2822 1743 3271 1813 germaniorem
3297 1748 3555 1816 patrem,
3583 1744 3774 1799 verio-

402 1842 778 1912 φρονιμώτερος
842 1837 1169 1910 προστάτης,
1225 1838 1311 1886 καὶ
1366 1833 1635 1906 οἰκονόμος
1699 1839 1792 1884 τοῦ
1860 1830 1993 1905 βίου.

2111 1847 2396 1905 remque;
2432 1831 2843 1903 eumdemque
2872 1830 3032 1887 illius
3071 1847 3203 1887 esse
3233 1836 3513 1903 tutorem,
3547 1836 3605 1888 et
3631 1832 3769 1889 vitae

399 1930 465 1980 Τί
531 1924 619 1980 οὖν
686 1927 778 1980 οὐκ
832 1926 1171 2001 ἐπιτρέπομεν
1235 1925 1302 1976 τά
1367 1923 1527 1975 αὐτοῦ
1593 1927 1838 1995 κτήματα
1891 1923 2002 1993 (58)

397 2020 529 2089 πρὸς
575 2020 635 2068 τό
697 2013 885 2068 δοκοῦν
940 2011 1271 2068 διατίθεσθαι
1324 2021 1397 2083 τῷ
1455 2016 1687 2086 φρονίμῳ
1742 2016 1999 2084 Δεσπότῃ,

397 2103 504 2156 ἀλλ’
551 2107 619 2167 ὡς
663 2105 864 2157 οἰκείων
914 2106 1244 2179 στερούμενοι
1298 2100 1705 2174 ἀγανακτοῦμεν,
1757 2105 1847 2153 καὶ
1893 2108 2002 2162 τοῖς

396 2191 822 2254 ἀποθνῆσκουσιν
871 2196 939 2256 ὡς
997 2190 1304 2251 ἀδικηθεῖσι
1349 2194 1775 2264 συμπάσχομεν;
1829 2193 1895 2242 Σὺ
1942 2186 2001 2242 δὲ

401 2281 560 2336 ἐκεῖνο
616 2283 852 2355 λογίζου,
913 2284 994 2334 ὃτι
1046 2282 1140 2333 οὐκ
1201 2279 1421 2334 ἀπέθανε
1477 2283 1537 2332 τό
1593 2277 1827 2345 παιδίον,
1892 2277 1998 2330 ἀλλ’

399 2369 632 2431 ἀπεδόθη
677 2392 688 2405 ·
751 2368 875 2424 οὐδὲ
942 2370 1343 2429 ἀπετελεύτησεν
1401 2370 1513 2441 (59)
1580 2371 1605 2420 6
1662 2368 1824 2442 φίλος,
1889 2367 1998 2420 ἀλλ’

397 2458 731 2533 ἀπεδήμησε,
780 2466 869 2513 καὶ
918 2465 1104 2534 μικρόν
1158 2480 1209 2512 τι
1264 2457 1539 2532 προείληφε
1586 2466 1679 2521 τῆς
1738 2455 1886 2525 ὀδοῦ,
1939 2457 1998 2516 ἢν

393 2554 483 2602 καὶ
536 2553 677 2623 ἡμᾶς
730 2549 1028 2622 ἀναγκαίως
1081 2546 1261 2608 δεήσει
1316 2550 1649 2621 πορεύεσθαι.
1690 2546 1864 2601 Ἔστω
1915 2567 1999 2600 σοι

394 2638 570 2698 ἕντολη
619 2647 710 2692 τοῦ
757 2647 890 2692 Θεοῦ
933 2641 1190 2703 σύνοικος,
1225 2638 1331 2689 οἷόν
1370 2658 1422 2689 τι
1465 2646 1577 2709 ῳῶς
1609 2641 1697 2689 καὶ
1726 2634 1998 2709 διαύγειαν

392 2731 524 2801 πρὸς
587 2732 683 2786 τὴν
756 2737 854 2780 τῶν
929 2730 1248 2802 πραγμάτων
1320 2722 1587 2799 διάκρισιν
1660 2730 1993 2801 παρεχομένη

397 2814 793 2879 ἀδιαλείπτων
848 2820 985 2885 ἣτις,
1042 2816 1302 2891 πὸῥρπθεν
1355 2820 1449 2874 τήν
1503 2825 1598 2878 τῆς
1654 2815 1842 2888 ψυχῆς
1902 2835 1996 2868 σου

394 2906 712 2959 ἐπιστασίαν
768 2912 1268 2979 προκατασχοῡσα,
1322 2910 1410 2957 καὶ
1466 2908 1559 2967 τάς
1617 2904 1823 2968 ἀληθεῖς
1876 2909 1995 2979 περὶ

388 2995 613 3049 ἑκάστου
672 2993 834 3059 δόξας
892 2996 1397 3070 προευτρεπίζουσα,
1460 2994 1545 3047 ὑπ’
1594 2991 1803 3056 οὐδενός
1855 2992 1995 3047 ἐάσει

389 3105 446 3139 σε
495 3094 596 3138 τῶν
639 3091 1072 3160 προσπιπτόντων
1124 3084 1466 3142 ἀλλοιωθῆναι
1500 3104 1512 3117 ·
1558 3081 1685 3136 ἀλλά
1733 3092 1806 3154 τῷ
1857 3103 1993 3156 προ-

384 3179 769 3249 ευτρεπισμένῳ
809 3183 903 3237 τῆς
949 3171 1186 3238 διανοίας
1217 3176 1332 3246 (60)
1359 3177 1531 3250 ὥσπερ
1576 3177 1693 3226 τινά
1742 3172 1990 3226 σκόπελον
2020 3185 2062 3240 C

384 3263 657 3326 θαλάσσης
713 3268 951 3336 γείτονα,
1014 3262 1260 3337 ἀσφαλῶς
1323 3268 1411 3315 καὶ
1468 3262 1725 3325 ἀσείστως
1781 3272 1879 3316 τῶν
1936 3282 1991 3316 τε

380 3351 570 3427 βιαίων
627 3355 967 3426 πνευμάτων,
1019 3354 1108 3405 καὶ
1157 3360 1256 3404 τῶν
1315 3356 1561 3426 κυμάτων
1617 3356 1709 3416 τὰς
1768 3350 1987 3428 ἐπιδρο-

376 3441 480 3511 μάς
511 3442 619 3511 (61)
665 3443 952 3515 ὑπομένειν.
1004 3444 1098 3495 Διά
1143 3446 1197 3494 τί
1247 3445 1347 3516 γάρ
1406 3442 1536 3514 οὐχὶ
1589 3444 1753 3500 θνητά
1791 3451 1985 3517 φρονεῖν

375 3533 497 3603 περὶ
547 3536 638 3582 τοῦ
702 3532 891 3588 θνητοῦ
957 3532 1333 3604 προειθίσθης,
1408 3529 1516 3583 ἀλλ’
1584 3527 1983 3607 ἀπροσδόκητον

374 3625 468 3669 τοῦ
505 3615 700 3682 παιδὸς
747 3623 835 3672 τὸν
886 3621 1102 3673 θάνατον
1152 3617 1488 3694 προσεδέξω;
1534 3619 1659 3673 Ὀτε
1713 3640 1798 3673 σοι
1845 3629 1983 3694 πρῶ-

374 3726 463 3759 τον
521 3708 746 3780 ἠγγέλθη
800 3716 893 3761 τοῦ
940 3711 1058 3761 υἱοῦ
1102 3710 1131 3767 ἡ
1186 3712 1446 3782 γέννησις,
1499 3713 1542 3762 εἴ
1584 3714 1660 3771 τίς
1710 3729 1768 3761 σε
1806 3713 1978 3783 ἤρετο,

373 3802 609 3849 ποταπὸν
657 3796 773 3850 ἐστι
815 3800 874 3850 τὸ
922 3800 1147 3871 τεχθέν;
1181 3804 1234 3852 τί
1263 3819 1388 3851 ποτε
1431 3798 1490 3851 ἀν
1523 3797 1780 3873 ἀπεκρίνω
1804 3816 1816 3867 ;
1844 3799 1982 3873 Ἀρα

372 3883 498 3938 ἄλλο
543 3905 597 3938 τι
653 3884 713 3937 ἀν
772 3884 928 3953 εἶπες,
989 3889 1019 3946 ἣ
1091 3890 1171 3940 ὅτι
1223 3889 1494 3962 ἄνθρωπός
1560 3891 1676 3941 ἐστι
1738 3892 1796 3941 τὸ
1858 3908 1978 3961 γεν-

369 3975 521 4032 νηθέν
548 3991 562 4041 ;
594 3974 656 4027 Εἰ
705 3972 763 4028 δὲ
813 3976 1100 4050 ἄνθρωπος,
1133 3982 1223 4030 καὶ
1275 3979 1459 4040 θνητός
1500 3974 1762 4036 δηλονότι.
1795 3982 1860 4031 Τί
1890 3975 1977 4030 οὖν

367 4060 688 4136 παράδοξον,
738 4064 781 4117 εἰ
830 4063 1074 4119 ἀπέθανεν
1123 4068 1150 4119 ό
1197 4068 1417 4133 θνητός;
1479 4068 1600 4140 Οὐχ
1649 4069 1771 4141 ὁρᾷς
1831 4067 1975 4126 ἣλιον

366 4149 705 4205 ἀνατέλλοντα
758 4160 846 4207 καὶ
901 4151 1189 4228 δυόμενον,
1247 4156 1351 4229 οὐχ
1404 4158 1529 4230 ὁρᾷς
1594 4162 1689 4216 τήν
1757 4157 1973 4216 σελήνην

364 4240 648 4307 αὔξουσαν,
698 4241 808 4295 εἶτα
856 4245 1176 4316 φθίνονσαν;
1237 4245 1296 4297 οὐ
1352 4250 1446 4305 τήν
1501 4254 1598 4318 γῆν
1658 4245 1967 4314 θάλλουσαν,

362 4328 476 4382 εἶτα
518 4329 896 4405 ξηραινομένην
937 4337 1087 4406 (6‘2);
1132 4338 1197 4386 Τί
1238 4343 1338 4387 τῶν
1385 4340 1504 4411 περὶ
1560 4338 1699 4408 ἡμᾶς
1742 4336 1965 4403 ἕστηκε;

357 4422 413 4470 τί
443 4417 684 4478 ἀκίνητον
734 4423 848 4492 ἔχει
890 4425 984 4480 τήν
1031 4425 1186 4495 φύσιν
1234 4428 1325 4475 καὶ
1372 4422 1771 4496 ἀμετάπτωτον;
1808 4425 1964 4479 Ἀνά-

358 4505 545 4578 ϐλεψον
598 4508 670 4570 εἰς
734 4514 822 4562 τόν
879 4510 1134 4585 οὐρανὸν,
1187 4517 1277 4563 καὶ
1324 4510 1416 4565 εἶδε
1480 4517 1574 4571 τήν
1637 4523 1755 4585 γῆν.
1823 4511 1963 4568 Οὐδὲ
2003 4536 2049 4592 ι)

356 4602 526 4647 ταῦτα
585 4592 896 4659 διαιωνίζει.
946 4598 1006 4651 Ὀ
1056 4601 1158 4673 γὰρ
1213 4600 1430 4676 οὐρανὸς
1479 4607 1567 4655 καὶ
1620 4604 1649 4661 ἡ
1699 4610 1767 4674 γῆ
1822 4623 1961 4679 παρ-

357 4682 642 4755 ελεύσεται,
703 4692 862 4758 φησιν
896 4709 909 4721 ι
960 4690 1010 4741 οἱ
1067 4686 1279 4764 ἀστέρες
1337 4689 1393 4742 ἐκ
1443 4698 1536 4742 τοῦ
1590 4691 1811 4765 οὐρανοῦ
1866 4712 1961 4745 πε-

431 4828 475 4863 ⁶¹
516 4828 718 4886 Matth.
751 4845 904 4900 xxxv,
934 4835 1027 4902 35,
1058 4836 1147 4890 29.

570 4952 718 5032 Editi
738 4950 981 5032 duratos,
997 4963 1145 5030 φασί,
1165 4958 1341 5032 Illud,
1356 4959 1581 5032 (magia
1601 4976 1746 5016 mss.
1769 4961 1957 5020 deest.

428 5024 821 5104 (§_6LVe_teres
869 5024 1141 5104 quinique
1188 5029 1337 5104 libri,
1363 5024 1801 5104 τοῖςξάπευκτοῐς.
1830 5038 1960 5092 Mox

356 5091 499 5175 editi
530 5091 614 5147 ἀν
654 5091 973 5183 ἐπαράσαῖτο.
1012 5091 1174 5156 Unus
1230 5103 1422 5158 codex
1457 5091 1822 5178 ἶπαράσητάι.
1850 5091 1961 5162 Alii

354 5171 627 5241 quinque
651 5171 993 5241 ἐπαράσαιτο.

431 5241 543 5319 ei)
584 5240 722 5319 εδει
752 5240 989 5319 primus
1018 5246 1105 5296 τὸν
1131 5246 1334 5319 θρῆνον.

429 5308 543 5378 (58)
584 5308 971 5390 Unus'codex
999 5319 1056 5390 et
1084 5308 1227 5371 editi
1251 5317 1318 5368 τὰ
1347 5317 1506 5371 αὐτοῦ
1551 5321 1837 5390 κτίσματα,
1867 5337 1960 5377 res

354 5390 396 5463 εξ
415 5393 481 5463 se
500 5381 794 5437 conditas.
822 5384 927 5463 Alii
955 5387 1225 5463 quinque
1245 5404 1393 5463 mss.
1415 5392 1479 5463 τᾲ
1506 5381 1957 5463 αὐτοῦ’κτήματα,

355 5446 586 5534 ibidem
630 5468 788 5506 unus
831 5460 935 5534 aut
974 5446 1143 5534 alter"
1167 5475 1286 5516 ms.
1320 5460 1414 5513 οὐκ
1456 5446 1810 5534 ἐπιτρέπομενί
1855 5446 1961 5521 Su;

352 5519 542 5605 “951‘?
568 5538 727 5605 “.119?
757 5525 946 5605 θρόει
976 5528 1121 5605 (3.9”?
1170 5536 1403 5605 ερρνξμῳ
1431 5519 1727 5605 προσὲάττί-

426 5592 539 5714 (ες)
577 5595 820 5718 Antiqui
850 5613 954 5652 sex
982 5599 1118 5654 libri
1150 5588 1274 5655 otia.
1304 5588 1648 5662 ἐτελεύτησεν.
1676 5588 1823 5660 iram
1856 5604 1962 5659 ἀπ-

426 5680 436 5714 ῐ
470 5665 706 5718 εύτησεν.
999 5670 1139 5718 editi
1188 5677 1370 5718 μικρὸν
1400 5675 1693 5718 arundinum,
1725 5678 1962 5718 Vntnrnu

354 5665 706 5722 ετελεύτησεν.
735 5665 970 5725 ibidem
999 5670 1142 5727 editi
1184 5677 1370 5749 μικρὸν
1400 5675 1696 5749 προείληφε.
1725 5678 1964 5734 Veteres

2111 1922 2598 1995 dispensatorem
2628 1920 3103 1993 prudentiorem.
3138 1924 3285 1978 Cum
3308 1937 3451 1992 ergo
3479 1938 3603 1978 non
3632 1922 3773 1978 sini-

2109 2029 2246 2068 mus
2278 2012 2636 2085 prudentem
2662 2011 2986 2066 Dominum
3012 2010 3179 2067 bona
3205 2027 3317 2067 sua
3344 2011 3424 2067 ad
3453 2011 3770 2068 arbitrium

2112 2119 2292 2157 suum
2310 2102 2685 2174 dispensare,
2702 2100 2810 2156 sed
2825 2101 3216 2172 indignamur
3232 2106 3527 2173 tanquam
3548 2102 3771 2158 nostris

2110 2190 2373 2264 spoliati,
2406 2206 2476 2247 ac
2503 2196 2778 2246 mortuos
2805 2189 2971 2245 velut
2997 2188 3219 2260 injuria
3246 2187 3492 2246 affectos
3518 2191 3771 2247 commi-

2109 2282 2419 2336 scramur?
2436 2279 2586 2335 Illud
2609 2279 2791 2335 velim
2814 2284 3014 2335 tecum
3031 2285 3433 2352 reputes,non
3456 2286 3768 2337 mortuum

2109 2387 2239 2426 esse
2278 2384 2558 2442 puerum,
2587 2368 2693 2424 sed
2723 2357 3064 2425 redditum:
3099 2385 3297 2442 neque
3345 2368 3612 2425 amicum
3643 2369 3766 2426 fato

2107 2460 2403 2528 functum,
2439 2458 2547 2515 sed
2599 2474 2848 2531 peregre
2876 2458 3215 2530 profectum
3244 2459 3474 2531 iterque
3512 2458 3681 2531 quod
3711 2463 3769 2516 et

2107 2548 2284 2605 nobis
2306 2547 2646 2604 necessario
2668 2547 3116 2603 conﬁciendum
3132 2547 3261 2615 erit,
3276 2547 3588 2621 aliquanto
3606 2553 3769 2604 ante-

2108 2654 2179 2693 oc
2194 2653 2455 2710 :upasse.
2477 2637 2533 2693 Si
2556 2636 2656 2692 tibi
2680 2652 2791 2709 pro
2813 2635 3231 2693 contubernali
3253 2636 3355 2693 Dei
3382 2636 3764 2711 mandatum,

2105 2727 2303 2782 lucem
2325 2725 2662 2799 quamdam
2690 2731 2747 2781 et
2770 2725 3158 2799 splendorem
3187 2725 3599 2783 indesinenter
3622 2726 3768 2783 aﬂ'e-

2105 2832 2245 2873 rens
2293 2815 2370 2872 ad
2418 2832 2511 2871 res
2560 2816 2670 2887 37
2723 2815 3191 2871 discernendas:
3220 2815 3386 2888 quod
3432 2817 3483 2870 si
3526 2815 3764 2873 eminus

2104 2910 2439 2978 prtecurrat
2487 2904 2674 2959 animi
2719 2903 2805 2960 tui
2845 2902 3167 2974 judicium,
3197 2905 3483 2977 verisque
3512 2905 3588 2961 de
3617 2921 3766 2978 qua-

2106 3010 2347 3066 cunque
2366 3010 2431 3049 re
2458 2992 2847 3065 Opinionibus
2870 2993 3255 3067 prtemuniat,
3284 2993 3534 3049 minime
3556 2994 3684 3049 sine
3709 2998 3765 3050 te

2104 3082 2241 3139 ullis
2262 3098 2539 3156 unquam
2562 3081 2806 3137 casibus
2823 3081 3213 3137 immutatum
3233 3081 3326 3148 iri;
3347 3082 3453 3138 sed
3466 3082 3682 3139 efﬁciet
3704 3088 3766 3140 ut

2103 3179 2303 3229 mente
2316 3177 2657 3246 praeparata
2677 3177 2735 3228 et
2759 3172 3072 3241 instructa,
3087 3187 3337 3227 securus
3357 3188 3428 3228 ac
3448 3172 3761 3244 immotus,

2100 3263 2280 3336 quasi
2306 3262 2597 3335 scopulus
2630 3261 2884 3335 quidam
2911 3261 3066 3317 mari
3095 3262 3530 3328 conterminus,
3555 3267 3762 3319 vento-

2095 3368 2233 3408 rum
2262 3352 2711 3408 vehementiam
2743 3368 2813 3407 ac
2852 3351 3144 3407 ﬂuctuum
3174 3352 3437 3424 impetus
3466 3352 3756 3424 perferas.

2098 3445 2396 3508 Quorsum
2412 3443 2573 3498 enim
2591 3457 2715 3497 non
2737 3442 2907 3514 prius
2923 3442 3240 3497 assuevisti
3257 3442 3332 3497 de
3348 3442 3587 3498 mortali
3602 3459 3760 3498 mor-

2094 3531 2212 3587 tale
2247 3531 2545 3605 quiddam
2593 3533 2835 3594 sentire.
2877 3531 2983 3586 sed
3013 3535 3270 3587 mortem
3301 3531 3406 3587 ﬁlii
3440 3532 3758 3604 suscepisti

2092 3625 2308 3694 praeter
2356 3621 2915 3694 exspectationem?
2947 3624 3122 3678 Ortus
3150 3620 3257 3676 ﬁlii
3308 3638 3447 3678 cum
3480 3621 3587 3678 tibi
3628 3623 3756 3695 pri-

2091 3727 2263 3767 mum
2293 3711 2606 3767 nuntiatus
2637 3715 2744 3780 est,
2782 3711 2829 3766 si
2850 3710 2989 3783 quis
3020 3716 3074 3766 te
3104 3711 3537 3780 interrogasset
3572 3710 3753 3784 quale

2091 3801 2428 3874 essetquod
2450 3805 2661 3858 natum
2685 3800 3108 3874 est,quidnam
3128 3806 3272 3856 tunc
3287 3801 3752 3874 respondisses?

2089 3891 2344 3947 Aliudne
2391 3891 2672 3955 dixisses,
2700 3891 2815 3946 nisi
2838 3890 3005 3963 quod
3031 3891 3217 3946 homo
3250 3890 3303 3946 si
3339 3890 3507 3964 quod
3537 3896 3747 3948 natum

2088 3981 2224 4036 est?
2257 3979 2431 4047 Quod
2458 3980 2505 4035 si
2525 3981 2735 4057 homo,
2758 3979 2965 4052 utique
2990 3984 3045 4035 et
3067 3979 3360 4035 mortalis.
3388 3979 3541 4045 Quid
3568 3980 3750 4051 igitur

2088 4069 2221 4126 miri
2254 4069 2303 4125 si
2334 4074 2608 4125 mortuus
2638 4074 2727 4125 est
2756 4067 3030 4125 mortalis
3049 4068 3077 4126 ?
3106 4072 3323 4125 Annon
3353 4069 3524 4126 vides
3555 4069 3746 4127 solem

2085 4159 2377 4215 orientem
2430 4163 2486 4214 et
2538 4158 2963 4215 occidentem?
2995 4174 3119 4214 non
3166 4158 3334 4214 vides
3376 4165 3742 4216 crescentem

2080 4247 2314 4315 lunam,
2348 4253 2405 4304 et
2451 4246 2902 4304 decrescentem
2928 4248 2955 4303 ?
2992 4263 3119 4304 non
3159 4254 3384 4304 terram
3426 4248 3737 4322 virentem,

2079 4337 2298 4393 deinde
2330 4341 2709 4393 arescentem
2726 4337 2754 4393 ?
2785 4336 2937 4402 Quid
2958 4352 3170 4393 eorum
3192 4353 3329 4410 quae
3348 4352 3461 4394 nos
3483 4338 3739 4394 circum-

2080 4431 2240 4483 stant
2265 4426 2482 4484 stabile
2511 4432 2601 4482 est
2645 4433 2702 4482 et
2729 4426 2975 4482 ﬁrmum
2995 4431 3023 4482 ?
3050 4428 3373 4499 cujusnatn
3404 4428 3489 4483 rei
3517 4433 3740 4486 natura

2080 4517 2334 4573 immota
2361 4522 2451 4572 est
2479 4522 2534 4572 et
2559 4515 2998 4572 immutabilis?
3027 4516 3275 4589 Suspice
3312 4517 3375 4573 in
3404 4516 3646 4588 caelum,
3680 4522 3740 4575 et

2078 4606 2156 4663 ad
2186 4612 2410 4663 terram
2437 4605 2669 4678 respice
2702 4622 2715 4662 :
2745 4621 2821 4662 ne
2849 4605 2979 4662 haec
3004 4605 3253 4678 quidem
3279 4611 3573 4663 aeternum
3602 4623 3736 4680 per-

2074 4710 2367 4752 mansura
2411 4700 2570 4751 sunt.
2616 4686 2789 4763 Nam,
2844 4693 3042 4767 inquit
3061 4696 3131 4762 ⁶¹,
3181 4695 3413 4752 Caelum
3461 4700 3520 4752 et
3567 4700 3733 4754 terra

2069 4964 2341 5046 quinque
2368 4963 2507 5019 libri
2531 4966 2794 5046 μικρόντι
2811 4963 3011 5046 προείλ.

2297 5039 2438 5104 Reg.
2462 5031 3365 5112 ρῐῖωίιξἀλλάπροευτρεπισμίνον
3393 5042 3456 5109 τῇ
3492 5031 3526 5089 δ
3532 5042 3718 5111 ιανοίᾳ.

2070 5106 2181 5184 Alii
2213 5106 2500 5184 segmss.
2521 5112 2591 5184 _et
2620 5106 2763 5184 editi
2786 5106 3291 5184 προευτρεπισμένῳ.

2301 5177 2489 5255 Εάίιὶρ
2520 5178 2703 5235 Paris.
2731 5177 3000 5255 κυμάτων.
3027 5199 3121 5255 τας
3140 5177 3480 5255 λιτρρσθσλάς.
3532 5179 3723 5255 Editio

2076 5248 2247 5325 Ba'sil.
2279 5255 2338 5305 et
2367 5249 2635 5325 quinque
2664 5248 2810 5325 mss.
2844 5248 3270 5325 τάςλᾷπιδρορίάς
3326 5253 3489 5325 Unus
3530 5252 3721 5325 codex

2072 5321 2237 5379 Colb.
2250 5320 2783 5395 yrpoéolu’ngodem
2800 5321 3018 5395 recidit
3042 5320 3275 5395 sensus.
3295 5326 3412 5380 Nec
3431 5323 3515 5379 ita
3532 5322 3723 5380 multo

2072 5400 2211 5467 post
2230 5393 2353 5467 duo
2376 5409 2522 5447 mss.
2548 5398 2605 5448 et
2623 5393 2764 5447 editi
2786 5394 2815 5450 ἠ
2846 5398 3063 5467 γένεσις).
3088 5394 3198 5467 Alii
3229 5397 3435 5467 mss.
3459 5399 3718 5467 γέννησις.

2143 5465 2256 5535 (6‘2)
2298 5466 2529 5539 Veteres
2557 5468 2818 5539 quatuor
2844 5463 2983 5519 libri
3032 5463 3487 5539 θάλλουσαν,ᾉεῖτα
3534 5466 3721 5539 ξηραι-

2072 5555 2128 5588 νο
2173 5533 2306 5594 ἐνην.
2337 5534 2448 5589 Alii
2491 5533 2615 5591 dub
2662 5533 2949 5587 θάλλουσαν
2989 5540 3079 5588 καὶ
3126 5536 3279 5589 πάλιν
3328 5533 3719 5610 ξηραινομένην.

2075 5557 2186 5662 Alii
2215 5606 2339 5663 duo
2369 5611 2427 5661 et
2455 5605 2596 5661 editi
2629 5605 2938 5665 θάλλουσαν,
2973 5602 3083 5658 εἶτα
3121 5612 3518 5665 μαραινομένην.
3554 5607 3727 5663 Haud

2076 5627 2186 5662 All].
2215 5627 2339 5663 auo
2369 5627 2427 5661 θῐ
2455 5627 2596 5661 eum
2629 5627 2938 5673 υαΛΑουσαν,
2973 5627 3083 5658 ειτα
3119 5627 3518 5681 μαραινομενην.
3556 5627 3720 5663 ﬂaua

2076 5677 2355 5734 dissimili
2381 5692 2581 5733 sensu.
2614 5680 2744 5734 Mox
2773 5693 2919 5735 mss.
2951 5681 3074 5735 tres
3120 5676 3404 5748 ἀνάϐλεψον
3445 5682 3575 5751 πρός
3614 5682 3720 5732 τόν.
