4124 6378
387 277 490 330 247
1759 270 1815 325 S.
1859 268 2011 324 BASI

2146 268 2387 325 MAGNI.
3182 346 3185 351 ι
3652 275 3755 331 248

390 397 734 461 transibunt
740 396 956 469 ,slellae
974 395 1190 453 cadent
1211 396 1283 452 de
1303 397 1469 465 caelo,
1492 396 1585 452 sol
1603 394 2018 451 obscurabitur

2128 401 2378 449 ,σοῦνται
2405 415 2417 427 ·
2463 396 2489 446 ὁ
2534 394 2676 457 ἣλιος
2717 396 3126 452 σκοτισθήσεται
3150 414 3163 427 ο
3204 394 3233 453 η
3274 394 3458 454 σελήνη
3504 396 3563 448 ού
3595 390 3756 450 δώσει

392 489 542 544 luna
572 503 694 543 non
724 486 896 543 dabit
942 487 1142 543 lumen
1172 502 1365 542 suum.
1396 485 1551 552 Quid
1579 485 1760 555 igitur
1801 484 2020 540 mirum

2157 486 2217 535 τό
2258 487 2441 555 φέγγος
2488 484 2673 545 αὐτῆς.
2725 489 2789 536 Τί
2838 480 2925 535 οὖν
2975 485 3295 556 θαυμαστόν,
3350 482 3393 536 εἰ
3439 489 3529 537 καὶ
3585 486 3752 558 ἡμεῖς,

392 577 441 633 si
462 592 577 632 nos
599 591 867 650 quoque,
885 591 1023 631 cum
1047 591 1189 648 pars
1212 575 1403 631 simus
1431 574 1890 633 mundi.eorum
1912 589 2020 645 qua

2156 577 2311 646 μέρος
2365 577 2500 636 ὄντες
2564 581 2656 626 τοῦ
2722 578 2944 646 κόσμου,
3011 571 3333 645 ἀπολαύομεν
3399 582 3497 625 τῶν
3550 572 3606 627 ἐκ
3666 582 3756 627 τοῦ

391 665 609 722 mundi
628 664 1127 738 sunt,participes
1152 665 1378 721 simus?
1400 665 1495 721 His
1517 661 2019 731 consideratis,ub

2157 666 2398 735 κόσμους
2448 666 2585 738 Πρός
2634 670 2803 714 ταῦτα
2857 660 3185 730 ἀποϐλέπων,
3244 664 3364 714 ὅταν
3420 668 3510 715 καὶ
3567 660 3649 715 ἐπὶ
3701 666 3758 717 σε

393 760 451 813 te
472 754 654 811 etiam
685 754 992 811 adorietur
1030 756 1450 810 communium
1487 770 1690 810 rerum
1720 769 1861 826 pars
1891 768 2021 825 qua:

2159 751 2277 825 asp
2325 760 2424 804 τῶν
2465 760 2645 804 κοινῶν
2685 754 2742 803 τὸ
2792 756 2974 825 μέρος,
3026 754 3191 823 ἔνεγκε
3233 754 3436 824 μύσας,
3488 751 3581 804 ούκ
3630 750 3758 804 ἀπα-

394 845 600 918 piam;
628 842 716 899 fer
754 843 967 899 tacitus
997 858 1068 899 ac
1115 843 1463 913 connivens,
1496 859 1620 900 non
1668 843 1795 899 sine
1833 841 2022 898 affecti

2163 841 2297 908 θῶς,
2365 838 2490 895 οὐδὲ
2556 840 2884 903 ἀναισθήτως
2947 842 3052 907 (τίς
3113 842 3212 914 γάρ
3279 842 3470 914 μισθός
3536 839 3758 915 ἀναλγη-

396 934 543 997 ullo,
585 936 689 990 aut
728 949 911 988 sensu
952 933 1107 1006 (quae
1153 938 1243 989 est
1294 934 1454 989 enim
1505 932 1848 989 indolentiaa
1894 948 2024 988 mer

2164 931 2369 1000 σίαςς),
2425 929 2531 983 ἀλλ’
2600 928 2853 993 έπιπόνως
2900 932 2991 1003 μεν
3052 934 3141 983 καὶ
3201 933 3294 982 σύν
3349 926 3612 1002 ἀλγηδόσι
3665 951 3762 1004 μυ-

400 1024 600 1089 ces?):
627 1021 733 1078 sed
763 1038 900 1077 cum
941 1036 1171 1092 magno
1201 1021 1429 1090 labore,
1464 1038 1604 1078 cum
1644 1021 1847 1078 multis
1889 1019 2028 1077 dolo

2160 1023 2327 1091 ρίαις.
2405 1019 2544 1078 Πλὴν
2610 1021 2868 1092 ύπένεγκε,
2938 1021 3110 1093 ὥσπερ
3178 1038 3257 1082 τις
3327 1026 3555 1091 γενναῖος
3622 1016 3762 1091 ἀγω-

396 1113 589 1170 ribus.
631 1115 849 1168 Verum
893 1116 1097 1168 tamen
1135 1112 1334 1185 perfer
1378 1112 1542 1169 velut
1581 1116 1859 1168 strenuus
1896 1110 2024 1184 quis

2162 1113 2346 1172 νιστὴς
2387 1110 2527 1179 (63),
2578 1114 2672 1167 τὴν
2724 1108 2884 1181 ἰσχύν
2932 1113 3023 1162 καὶ
3069 1112 3163 1168 τὴν
3209 1104 3450 1182 ἀνδρείαν
3505 1102 3567 1161 οὗ
3613 1114 3764 1182 μόνον

399 1202 567 1276 piam
589 1200 834 1271 athleta,
862 1201 966 1274 qui
988 1200 1175 1257 robur
1206 1217 1277 1256 ac
1298 1200 1709 1258 fortitudinem
1739 1216 1864 1257 non
1894 1200 1956 1257 in
1985 1215 2027 1256 et

2165 1196 2212 1250 έν
2260 1207 2352 1252 τοῦ
2402 1203 2611 1253 τύπτειν
2659 1203 2781 1261 τοὺς
2834 1198 3181 1267 ἀντιπάλους,
3234 1198 3361 1251 ἀλλά
3413 1204 3502 1252 καὶ
3564 1198 3619 1252 ὶκ
3674 1206 3765 1252 τοῦ

400 1292 599 1348 solum
647 1290 931 1360 ostendit,
962 1290 1129 1364 quod
1174 1291 1469 1364 percutiat
1509 1290 1915 1358 adversarios,
1950 1306 2028 1347 set

2166 1291 2331 1361 φέρειν
2385 1287 2611 1363 στερρῶς
2661 1291 2754 1352 τὰς
2810 1289 2935 1363 παρ’
2985 1289 3153 1341 αὐτῶν
3209 1287 3414 1362 πληγὰς
3470 1284 3768 1341 έπιδεικνύ-

399 1380 570 1455 quod
594 1380 852 1436 inﬂictas
881 1382 1063 1436 etiam
1091 1379 1207 1435 sibi
1237 1379 1316 1435 ab
1342 1379 1493 1453 ipsis
1523 1380 1738 1454 plagas
1769 1385 2023 1437 constan

2165 1396 2351 1450 μενος·
2396 1383 2487 1431 καὶ
2533 1380 2706 1452 ὥσπερ
2762 1398 2841 1442 τις
2890 1377 3205 1453 κυϐερνήτης
3238 1381 3395 1450 σοφός
3433 1383 3524 1431 καὶ
3569 1377 3768 1452 ἀτάρα-

400 1475 491 1528 ter
538 1471 793 1527 toleret:
843 1471 984 1526 item
1044 1474 1336 1543 tanquam
1397 1470 1617 1544 aliquis
1664 1470 2028 1541 gubernator

2165 1485 2268 1539 χος
2315 1468 2415 1519 ὑπὸ
2459 1475 2553 1530 τῆς
2603 1469 2726 1539 ἆγον
2772 1472 2891 1542 περὶ
2930 1471 3015 1519 τὸν
3065 1467 3223 1520 πλοῦν
3272 1466 3561 1542 ἐμπειρίας,
3612 1467 3769 1542 ὀρθὴν

400 1559 509 1633 qui
543 1560 790 1632 sapiens
823 1559 915 1627 sit,
949 1563 1005 1615 et
1033 1575 1157 1632 prce
1201 1574 1431 1629 magna
1470 1559 1805 1630 navigandi
1848 1560 2028 1632 periti;

2166 1560 2256 1609 καὶ
2319 1554 2663 1624 ἀϐάπτιστον,
2718 1562 2809 1609 καὶ
2877 1560 3070 1619 παντὸς
3124 1565 3383 1630 χειμῶνος
3448 1555 3771 1632 ὑψηλοτέραν

397 1648 772 1721 impavidus,
817 1648 1044 1722 quique
1082 1649 1357 1705 animum
1403 1655 1636 1706 rectum
1684 1648 2025 1706 immersabi

2166 1649 2260 1703 τήν
2307 1644 2493 1717 ψυχὴν
2535 1642 2840 1708 διασωζων.
2878 1642 3079 1709 Παιδὸς
3123 1644 3415 1718 ἀγαπητοῦ,
3464 1647 3493 1705 ἡ
3529 1648 3773 1719 φυναικὸς

397 1736 662 1808 lemque,
706 1740 765 1793 et
806 1753 1173 1811 quacunque
1220 1742 1577 1811 tempestate
1623 1738 1897 1795 altiorem
1935 1754 2025 1794 ser

2168 1737 2499 1808 καταθυμίας
2531 1737 2667 1806 (64),
2728 1735 2757 1794 ἦ
2821 1735 2975 1788 (inoo
3033 1740 3171 1798 τινὸς
3218 1744 3317 1788 τῶν
3373 1735 3628 1808 φιλτάτων
3684 1739 3774 1788 καὶ

399 1830 521 1882 vet.
560 1825 693 1881 Filii
737 1825 1101 1897 charissimi,
1142 1829 1246 1882 aut
1293 1827 1492 1883 uxoris
1539 1827 1925 1897 gratissnmaa,
1957 1843 2027 1884 au

2169 1829 2306 1877 κατά
2369 1831 2544 1877 πᾶσαν
2603 1829 2800 1877 εὔνοιαν
2871 1829 3208 1900 συνημμένων
3273 1830 3556 1900 στέρησις,
3624 1820 3775 1879 οὐδὲν

402 1914 649 1974 alterius
687 1914 1035 1987 cujuspiam
1080 1930 1290 1971 eorum
1338 1917 1443 1989 qui
1495 1920 1637 1972 sunt
1692 1915 2030 1972 amicissimi

2173 1909 2340 1966 δεινὸν
2389 1923 2461 1987 τῷ
2510 1919 2927 1989 προεσκεμμένῳ,
2974 1920 3063 1968 καὶ
3114 1918 3201 1967 τὸν
3260 1914 3410 1988 ὀρθὸν
3456 1914 3605 1987 λόγον
3649 1916 3778 1986 ἠγε-

404 2010 463 2063 et
510 2003 678 2061 omni
727 2003 1150 2061 benevolentia
1200 2009 1381 2077 atque
1427 2005 1874 2062 necessitudine
1927 2021 2032 2061 con

2172 2008 2305 2077 μόνα
2340 2012 2436 2066 τῆς
2485 2004 2624 2066 ζωῆς
2668 2007 2865 2075 ἔχοντι,
2901 2002 3027 2056 ἀλλά
3056 2009 3127 2077 μη
3176 2007 3312 2057 κατά
3354 2005 3631 2063 συνήθειάν
3663 2023 3783 2056 τινα

399 2093 614 2167 juncti,
636 2092 915 2165 privatio,
948 2091 1431 2166 haudquaquam
1461 2093 1662 2150 futura
1689 2100 1777 2150 est
1806 2094 2025 2151 molcst

2173 2097 2518 2167 πορευομένῳ.
2586 2092 2775 2157 Ἐθους
2839 2097 2938 2168 γὰρ
3005 2096 3284 2169 χωρισμός
3342 2098 3432 2145 καὶ
3489 2100 3596 2155 τοῖς
3665 2090 3782 2145 ἀλό-

407 2187 465 2240 et
507 2183 705 2254 gravis
761 2181 993 2238 homini
1047 2183 1326 2256 provido,
1381 2188 1439 2240 et
1490 2190 1717 2241 rectam
1765 2184 2035 2241 rationen

2174 2203 2288 2255 γοις
2339 2181 2452 2235 έστὶ
2500 2179 2925 2256 δυσφορώτατος.
2980 2187 3079 2235 Καί
3130 2203 3254 2236 ποτε
3302 2179 3441 2236 εἶδον
3495 2182 3592 2256 ἐγὼ
3651 2180 3781 2256 βοῦν

404 2274 542 2331 vitae
573 2273 793 2329 ducem
834 2271 1107 2340 habenti,
1141 2289 1265 2329 non
1295 2278 1496 2331 autem
1528 2290 1601 2330 ex
1631 2276 2029 2332 consuetudin

2177 2271 2261 2325 ἰπὶ
2309 2274 2503 2344 φάτνης
2551 2268 2870 2345 δακρύοντα,
2897 2280 2988 2325 τοῦ
3040 2277 3295 2346 συννόμου
3342 2272 3481 2343 αὐτῷ
3525 2278 3613 2326 καὶ
3661 2274 3784 2345 ὁμο-

405 2361 679 2437 quadam
726 2361 1049 2418 incedenti.
1110 2364 1263 2419 Nam
1311 2363 1771 2420 acerbissimum
1830 2369 1919 2420 est
1973 2381 2033 2421 ve

2181 2361 2341 2433 ζύγου
2412 2361 2832 2424 τελευτησαντος.
2905 2367 3005 2415 Καὶ
3072 2364 3138 2414 τὰ
3201 2361 3359 2414 λοιπά
3426 2370 3525 2413 τῶν
3583 2360 3782 2434 ἀλόγων

404 2452 552 2526 ipsis
608 2451 802 2507 brutis
858 2451 1270 2508 animantibus
1316 2469 1354 2509 a
1394 2452 1832 2509 consuetudine
1871 2453 2032 2511 avell:

2183 2448 2426 2525 σφοδρῶς
2472 2460 2569 2514 τῆς
2617 2455 2891 2513 συνηθείας
2941 2455 3081 2505 ἔστιν
3139 2448 3265 2505 ἰδεῖν
3315 2451 3653 2525 ἀντεχόμενα.
3714 2456 3781 2505 Σὺ

408 2539 707 2614 Equidem
733 2555 844 2611 ego
871 2538 998 2612 ipse
1023 2539 1149 2595 vidi
1179 2540 1513 2612 aliquando
1544 2541 1767 2599 bovem
1818 2543 1880 2598 in
1912 2558 2036 2615 prae

2183 2536 2242 2592 δὲ
2285 2540 2390 2613 οὐχ
2439 2542 2601 2604 οὕτως
2651 2543 2854 2614 ἔμαθες,
2888 2538 3012 2594 ούδε
3056 2537 3379 2613 ἐδιδάχθης.
3425 2540 3557 2594 Ἀλλ’
3608 2540 3784 2615 ἀρχὴν

410 2630 541 2703 sepi
586 2628 1091 2701 illacrymantem,
1138 2634 1350 2704 pastus
1390 2647 1460 2686 ac
1502 2631 1635 2702 jugi
1679 2631 1840 2688 socio
1882 2636 2038 2688 mort

2182 2633 2273 2704 μὶν
2327 2629 2499 2702 φιλίας
2554 2629 2829 2703 λαμϐάνειν
2879 2629 2933 2682 ἐκ
2987 2638 3190 2705 μακρᾶς
3249 2629 3456 2704 ὁμιλίας
3511 2635 3600 2691 καὶ
3647 2650 3787 2704 χρο-

415 2718 533 2775 sibi
574 2723 891 2791 praerepto.
949 2718 1105 2786 Quin
1162 2719 1345 2775 etiam
1400 2720 1607 2776 videre
1671 2724 1762 2776 est
1811 2720 2043 2793 reliqua

2182 2723 2294 2770 νίου
2353 2720 2499 2781 ἔθους
2551 2716 2703 2772 οὐδὲν
2762 2718 2971 2781 ἀπεικός
3007 2740 3019 2753 ·
3074 2715 3359 2793 ὀδύρεσθαι
3410 2716 3469 2772 δε
3526 2724 3611 2772 τόν
3668 2740 3787 2793 χω-

414 2807 651 2865 belluas
699 2807 1122 2863 consuetudini
1164 2807 1344 2864 valde
1392 2808 1728 2865 admodum
1779 2808 2042 2866 adhaeres

2186 2811 2376 2882 ρισμόν
2408 2805 2503 2861 διὰ
2544 2813 2638 2867 την
2669 2807 2752 2861 ἐπὶ
2782 2808 3024 2862 πλεῖστον
3056 2811 3178 2882 ἡμῖν
3209 2813 3483 2883 γενομένην
3511 2805 3789 2882 διατριϐήν

418 2912 573 2954 cere.
595 2899 678 2953 Tu
720 2912 866 2953 vero
911 2912 1036 2953 non
1073 2896 1157 2953 ita
1188 2895 1470 2965 didicisti,
1502 2914 1698 2971 neque
1722 2898 1804 2954 ita
1831 2898 2044 2954 edoctu

1073 2896 1157 2953 ita
1188 2895 1470 2965 didicisti,
1502 2914 1698 2971 neque
1722 2898 1804 2954 ita
1831 2898 2079 2954 edoctus
2188 2897 2450 2960 παντελῶς
2478 2898 2683 2971 ἄλογον.

417 3002 509 3045 es.
536 2989 812 3042 Attamen
850 2985 1207 3042 indecorum
1236 3002 1358 3043 non
1408 2987 1583 3043 fuerit
1620 3004 1693 3043 ex
1728 2987 1911 3058 longo
1950 3000 2281 3057 congressu
2311 2986 2595 3043 diuturna
2625 2987 3060 3045 consuetudine
3103 2987 3341 3044 initium
3381 2986 3659 3046 amicitiae
3688 2985 3800 3045 du-

420 3092 588 3145 cere;
612 3075 719 3131 sed
758 3075 961 3133 dolere
991 3075 1066 3132 de
1096 3076 1499 3148 disjunctione
1529 3076 1608 3133 ob
1638 3077 1938 3133 diutinam
1967 3080 2240 3133 nostram
2272 3078 2819 3147 conversationem,
2850 3077 3090 3150 penitus
3119 3076 3459 3134 absurdum
3490 3081 3602 3135 est.

494 3169 547 3221 5.
589 3165 861 3239 Exempli
883 3167 1161 3237 gratiam,
1183 3166 1397 3237 obtigit
1419 3165 1526 3222 tibi
1547 3182 1699 3223 uxor
1727 3167 1863 3223 vitae
1892 3166 2079 3233 socia,

2269 3170 2319 3221 5.
2362 3168 2505 3234 Οἶον,
2537 3173 2667 3239 γυνή
2713 3167 3077 3241 συνεκληρὼθη
3127 3186 3212 3219 σοι
3239 3170 3378 3220 κατά
3405 3172 3498 3225 τὴν
3529 3170 3799 3219 κοινωνίαν

424 3273 560 3331 quae
581 3256 689 3313 tibi
709 3273 956 3313 omnem
976 3257 1113 3313 vitae
1136 3256 1513 3330 voluptatem
1539 3257 1801 3324 exhibet,
1824 3273 2049 3331 queequ

2193 3262 2285 3307 τοῦ
2318 3254 2465 3328 βίου,
2495 3263 2668 3309 πᾶσαν
2717 3253 2913 3315 ἡδονήν
2956 3276 3039 3309 σοι
3089 3259 3224 3308 κατά
3269 3260 3356 3308 τὸν
3405 3254 3523 3329 βίον
3565 3241 3798 3330 παρεχο-

426 3346 639 3404 artifex
668 3352 759 3403 est
784 3346 1022 3419 ltetitite,
1048 3351 1105 3403 et
1142 3346 1514 3403 conciliatrix
1545 3346 1917 3417 deliciarum,
1946 3364 2054 3421 qua

2193 3349 2341 3417 μένη,
2394 3346 2645 3418 εὐθυμίας
2700 3342 3047 3419 δημιουργὸς,
3099 3342 3370 3419 θυμηδιῶν
3420 3345 3686 3420 πρόξενος,
3733 3346 3802 3397 τά

428 3436 610 3493 simul
631 3437 793 3494 bona
817 3441 998 3509 auget
1016 3441 1074 3493 et
1098 3452 1271 3510 opes,
1293 3441 1351 3493 et
1368 3436 1721 3494 afﬂictatum
1742 3442 1796 3495 te
1816 3438 2056 3496 maxim:

2193 3436 2414 3507 χρηστά
2467 3436 2800 3499 συναύξουσα
2848 3436 2981 3507 (65),
3038 3434 3086 3488 ἐν
3134 3443 3250 3497 ταῖς
3301 3434 3490 3496 λύπαις
3535 3438 3594 3488 τό
3651 3432 3798 3488 πλεῖ-

428 3526 845 3584 molestiarum
866 3532 1039 3601 parte
1060 3526 1247 3595 levat;
1270 3527 1401 3584 haec
1422 3526 1622 3583 subito
1650 3532 1825 3601 rapta
1844 3527 2056 3584 interiit

2196 3542 2316 3576 στον
2356 3529 2511 3599 μέρος
2552 3534 2651 3578 τῶν
2698 3524 2918 3599 ἀνιαρῶν
2965 3524 3315 3600 ἀφαιρουμένη
3371 3524 3501 3581 αὕτη
3559 3521 3799 3595 ἐξαίφνης

430 3619 551 3674 Hac
577 3617 695 3674 ista
719 3616 1041 3674 afﬂictione
1066 3633 1142 3674 ne
1166 3617 1574 3690 exaspereris;
1607 3633 1754 3674 cave
1783 3617 1952 3674 dicas
1983 3634 2055 3675 eo

2196 3611 2593 3688 ὼαρπασθείσα
2671 3617 2904 3686 οἴχεται.
2976 3619 3061 3672 Μὴ
3143 3611 3393 3687 ἀγριάνης
3472 3621 3545 3683 τῷ
3604 3613 3797 3667 πάθει·

426 3724 565 3767 rum
592 3724 726 3782 quae
755 3707 911 3765 ﬁunt
939 3708 1130 3765 fatum
1161 3707 1478 3782 quoddam
1510 3724 1644 3764 esse
1677 3708 1795 3780 38
1824 3713 2052 3765 temera

2194 3699 2334 3776 μηδὲ
2372 3704 2666 3777 αὐτόματόν
2714 3722 2831 3755 τινα
2878 3706 3027 3774 εἴπης
3070 3699 3197 3755 εἶναι
3247 3706 3537 3773 συντυχίαν
3585 3709 3687 3753 τῶν
3722 3721 3805 3773 γι-

426 3798 606 3870 rium,
623 3799 801 3873 quasi
820 3804 1016 3856 rector
1033 3797 1236 3856 nullus
1255 3798 1419 3859 hunc
1439 3797 1739 3854 mundum
1762 3798 2054 3870 gubernet

2195 3796 2434 3865 νομένων,
2486 3795 2553 3854 ὡς
2596 3787 2823 3865 μηδενὸς
2868 3793 3167 3865 προστάτου
3215 3795 3302 3843 τόν
3359 3796 3557 3864 κόσμον
3611 3790 3805 3843 οἰκονο-

428 3905 630 3963 neque
688 3888 930 3945 malum
986 3887 1320 3962 quemdam
1380 3886 1663 3960 opiﬁcem
1720 3887 2052 3944 constituas

2196 3877 2414 3955 μοῦντος
2449 3901 2461 3914 ’
2512 3877 2652 3954 μηδε
2698 3885 2855 3933 κακόν
2886 3884 3001 3952 (66)
3047 3901 3164 3932 τινα
3208 3877 3533 3953 δημιουργόν
3582 3881 3803 3951 ὑπόθης,

427 3980 779 4051 excogitans
806 3978 910 4035 tibi
935 3978 1068 4051 ipse
1098 3993 1222 4051 prae
1253 3977 1580 4033 immodico
1610 3993 1869 4035 maerore
1897 3977 2055 4050 impii

2197 3969 2252 4023 ἐκ
2302 3978 2396 4031 τῆς
2451 3973 2586 4022 κατά
2642 3975 2735 4028 τὴν
2787 3970 2954 4029 λύπην
3009 3968 3258 4043 ἀμετρίας
3309 3972 3512 4044 πονηρά
3564 3965 3809 4042 δόγματα

428 4068 749 4139 dogmata:
775 4073 1006 4136 contra,
1020 4082 1220 4141 neque
1241 4068 1528 4123 terminos
1544 4066 1806 4123 excedas
1826 4066 2056 4139 pietatis

2197 4061 2559 4132 ὑποτιθέμενος
2612 4068 2848 4129 σεαυτῷ·
2898 4058 3024 4112 ἀλλά
3071 4056 3210 4132 μηδὲ
3257 4058 3483 4131 έκπέσῇς
3528 4066 3628 4110 τῶν
3674 4060 3805 4135 ὅρων

430 4158 664 4214 Etenim
696 4174 837 4213 cum
863 4157 985 4214 duo
1029 4157 1284 4214 omnino
1309 4157 1373 4213 in
1405 4172 1586 4213 carne
1613 4172 1738 4212 una
1765 4156 1994 4213 fueritis
2014 4158 2058 4192 ⁸³

2196 4158 2290 4209 τῆν
2350 4147 2628 4211 εὐσεϐείας.
2687 4145 2899 4207 Ἐπειδὴ
2959 4151 3057 4224 γὰρ
3128 4148 3256 4209 ὅλως
3313 4147 3543 4219 ἐγένεσθε
3600 4149 3649 4199 οἰ
3708 4143 3806 4200 δύο

429 4246 598 4304 alteri
647 4247 1008 4304 divisionem
1040 4263 1111 4304 ac
1141 4245 1583 4319 conjunctionis
1622 4246 2057 4318 diremptionen

2197 4239 2270 4300 εἰς
2314 4241 2486 4311 σάρκα
2531 4244 2676 4311 μίαν,
2708 4238 2867 4297 πολλὴ
2913 4244 3196 4310 συγγνώμη
3247 4246 3319 4309 τῷ
3358 4241 3451 4295 την
3484 4233 3804 4309 διχοτομίαν

428 4336 679 4393 moleste
712 4336 923 4393 ferenti
953 4336 1161 4394 danda
1190 4342 1280 4393 est
1303 4335 1481 4393 venia
1500 4335 1725 4403 multa;
1750 4335 1856 4391 sed
1884 4341 2056 4391 tamen

2195 4332 2283 4381 καὶ
2335 4332 2429 4386 την
2490 4337 2586 4390 τῆς
2646 4333 2925 4401 συναφείας
2987 4324 3246 4400 διαίρεσιν
3302 4329 3432 4399 μετά
3489 4324 3803 4398 ἀλγημάτων

426 4442 557 4483 non
580 4426 873 4501 profuerit
898 4426 1005 4483 tibi
1045 4442 1178 4483 eam
1205 4426 1285 4483 ob
1314 4442 1565 4483 causam
1588 4430 1693 4482 aut
1723 4425 2054 4497 excogitare

2199 4414 2467 4491 δεχομένῳ
2492 4438 2504 4449 ·
2540 4418 2597 4469 ού
2645 4423 2747 4490 μην
2795 4420 2981 4469 τούτου
3012 4436 3068 4488 γε
3099 4418 3257 4469 ἕνεκεν
3305 4417 3334 4474 ἡ
3389 4412 3713 4468 διανοεῖσθαί
3750 4434 3802 4468 τι

428 4522 531 4573 aut
549 4516 718 4590 loqui
742 4517 1082 4590 quidquam
1107 4517 1406 4591 ineptum.
1435 4518 1589 4572 Nam
1622 4521 1819 4572 tecum
1844 4519 2049 4587 repute

2197 4517 2295 4560 τῶν
2345 4507 2403 4559 ού
2452 4512 2819 4580 προσηκόντων
2848 4509 2979 4577 (67),
3013 4507 3042 4565 η
3096 4506 3412 4577 φθέγγεσθαί
3462 4524 3543 4558 σοι
3588 4503 3798 4557 λυσιτε-

425 4607 630 4675 velim,
662 4607 831 4681 quod
876 4610 1056 4677 Deus,
1088 4609 1195 4681 qui
1231 4606 1518 4663 formavit
1540 4621 1654 4661 nos
1692 4608 1747 4661 et
1777 4603 2053 4660 animavit

2195 4598 2295 4659 λές.
2347 4597 2615 4657 Ἐννόησον
2663 4601 2783 4672 γάρ,
2835 4599 2915 4649 ὃτι
2964 4598 2988 4648 ό
3033 4594 3238 4657 πλάσας
3288 4597 3428 4667 ἡμᾶς
3479 4598 3567 4647 καὶ
3611 4592 3799 4665 ψυχῶ-

425 4697 643 4756 animae
674 4680 916 4754 cuilibet
941 4680 1216 4753 tribuerit
1239 4695 1555 4770 propriam
1585 4692 1919 4767 quamdam
1950 4693 2053 4750 vita

2197 4708 2294 4750 σας
2338 4691 2466 4748 Θεὸς
2512 4684 2651 4739 ἰδίαν
2701 4684 2889 4739 ἔδωκεν
2939 4685 3131 4757 ἑκάστῃ
3190 4683 3344 4756 ψυχῇ
3392 4688 3485 4741 τὴν
3532 4690 3624 4735 τοῦ
3674 4680 3797 4754 βίου

423 4804 683 4859 moram,
717 4792 775 4846 et
816 4786 948 4845 aliis
992 4786 1146 4845 alios
1190 4768 1385 4843 exitus
1425 4784 1714 4842 terminos
1745 4783 2051 4857 praeﬁxerit

2194 4774 2485 4853 διαγωγὴν,
2531 4781 2621 4831 καὶ
2672 4774 2847 4840 οἰλλοις
2912 4773 3097 4837 ἄλλους
3157 4775 3311 4847 ὄρους
3360 4772 3514 4838 ἔπηξε
3570 4779 3667 4832 τῆς
3723 4768 3798 4835 ἐξ·

496 4951 546 4988 ”
586 4951 797 5019 Genes,
823 4966 886 5007 ιι.
917 4952 1024 5021 24;
1055 4947 1259 5009 Matth.
1290 4963 1405 5016 xxx,
1442 4951 1493 5004 5.

641 5111 887 5186 Antiqui
932 5111 1057 5197 duo
1094 5109 1236 5197 libri
1282 5112 1342 5166 et
1373 5105 1518 5197 editi
1558 5110 1788 5180 γενναῖος
1828 5102 2078 5168 ἀθλητής.

2190 5098 2659 5197 mss.‘_nonnulli
2687 5102 2867 5152 κακόν.
2900 5097 3005 5154 Hic
3048 5094 3410 5154 Manichaaos
3452 5092 3799 5167 perstringit

415 5171 528 5243 Alii
557 5171 661 5242 sex
689 5171 839 5241 mss.
870 5192 1100 5257 γενναῖος
1122 5182 1519 5257 ᾄγφνιστήςοφ,
1565 5171 1578 5180 ⁷
1716 5249 1733 5257 ,
1828 5253 1837 5257 ,
1988 5247 2035 5257 ..

2191 5171 2463 5257 Basilina
2540 5241 2573 5252 ..
2708 5241 2718 5252 .
2949 5244 3028 5257 ..
3106 5237 3141 5257 ..
3321 5242 3338 5257 .
3431 5235 3465 5257 ..

484 5235 1229 5370 (itif—veterezrduolib'ri
1279 5259 1336 5311 et
1379 5235 1525 5309 editi
1570 5249 1919 5322 καταθυμίου.
1969 5247 2081 5304 Alii

2262 5246 2376 5370 (67)
2413 5241 2577 5312 Regii
2630 5241 2865 5314 primus
2911 5245 2967 5296 et
3016 5237 3222 5295 tertius
3282 5242 3341 5293 et
3390 5235 3547 5293 alius
3604 5235 3794 5292 codex

2191 5318 2270 5370 C0
2297 5315 2357 5370 ι).
2381 5318 2567 5366 τούτου
2590 5314 2748 5366 ἕνεκεν
2780 5309 3107 5365 διανοεῖσθαί
3133 5330 3185 5362 τι
3214 5318 3312 5362 τῶν
3338 5309 3396 5361 ού
3424 5312 3794 5370 προσηκόντων

415 5309 1067 5402 ςιὶίὶῖἀιιεᾎὲᾶἐ-ἆὸυεῖίᾶξ.
1093 5309 1228 5312 "W—
1323 5309 1331 5311 ⁷
1776 5309 1786 5322 ’
2191 5309 2367 5401 gole
2381 5309 2567 5366 τούτου
2590 5309 2748 5366 ἕνέκεν
2780 5309 3107 5365 διανοεῖσθαί
3133 5330 3205 5409 τι]
3214 5318 3312 5362 τῶν
3338 5309 3396 5361 ού
3424 5312 3794 5409 προσηκόντων

523 5405 537 5409 Α
551 5404 592 5409 _..
640 5404 673 5409 _
894 5399 902 5409 ι
1167 5403 1174 5409 .
1188 5398 1213 5409 υ
1448 5405 1467 5409 ..
1731 5393 1741 5405 Ι
2037 5393 2048 5405 Ι
2196 5407 2221 5409 4,
2262 5408 2281 5409 ρ
2328 5407 2351 5409 η
2367 5395 2467 5409 -.Ἵ-..
2556 5403 2589 5409 ..-
2604 5402 2671 5409 na-
2735 5400 2834 5409 ’.ΑΜ
2848 5401 2877 5409 ι.
2889 5400 2949 5409 Αλι.
2963 5386 3003 5409 ,⁸ο
3061 5383 3162 5409 Λα...
3213 5397 3384 5409 ΑιιηΑΜ
3446 5384 3504 5409 ..Μ
3558 5395 3790 5409 annnam-nm

489 5380 779 5471 (δεθήῇθε.
812 5380 1325 5472 ρι’ἱίῑιιιέῖπρόξενος
1349 5418 1361 5432 ·
1403 5405 1504 5450 τῶν
1553 5393 1845 5472 χρημάτων
1891 5393 2079 5442 συναύ-

2191 5385 2503 5469 ἀναγκαίου,
2554 5402 2675 5441 non
2729 5386 3003 5440 convenit
3034 5383 3386 5472 ιςῃιιίίᾳιιαηξ
3446 5380 3792 5472 indecora-1n

416 5451 601 5541 ξοιὶᾶἆξ
634 5451 1043 5534 ἔν’ἷαῑξίῖθῖ
1073 5452 1157 5528 ita
1196 5451 1394 5527 inulto
1437 5451 1888 5541 postwqiiinque
1926 5479 2073 5519 mss.
2187 5451 2936 5541 excogitare,‘gzeqzte.,‘etc.
2986 5451 3094 5541 alii
3129 5451 3275 5509 mss.
3322 5458 3381 5507 et
3432 5451 3702 5541 editi_uﬂt’
3731 5451 3792 5505 in

418 5521 601 5541 ῒ“”⁷”)
636 5521 672 5525 ’ν
740 5521 814 5524 ’Ἢν
834 5521 866 5534 δ“
914 5521 1029 5527 ⁸“““
1073 5521 1157 5528 ’⁷-⁷
1205 5521 1387 5527 ’“’”“’⁷“““
1439 5521 1466 5541 ι’
1490 5521 1511 5525 ⁷
1541 5521 1576 5525 ⁷⁷
1637 5521 1658 5536 Α
1791 5521 1812 5535 ι

415 5546 686 5618 ἀγριάνῇς-
1506 5608 1537 5618 ._
1709 5616 1724 5618 ,Α

2187 5521 2496 5618 contextu:
2518 5521 2860 5618 Aliquando
2899 5532 3036 5618 post
3061 5532 3185 5618 tres
3216 5540 3361 5581 mss.
3394 5528 3486 5581 τὴν
3516 5530 3607 5587 τοῦ
3642 5521 3784 5594 βίον.

483 5598 878 5687 266,)"t'eteres
924 5617 1185 5687 quatuor
1231 5611 1366 5669 libri
1413 5608 1553 5685 μηδὲ
1591 5616 1782 5662 κακῶν.
1825 5604 1972 5662 Editi
2018 5607 2080 5663 et

1526 5616 1553 5666 ὲ
1591 5616 1782 5662 κακῶν.
1825 5604 1972 5662 Editi
2018 5607 2080 5663 et
2187 5601 2411 5659 Vocula
2438 5605 2532 5659 τήν
2564 5598 2778 5659 aberat
2807 5615 2844 5655 a
2874 5598 3154 5668 Vulgatis.
