4124 6466
238 405 333 469 249
965 454 971 463 .
1293 408 1591 466 HOMILIA
1628 402 1700 463 IN
1740 404 2127 477 MARTYREM
2161 408 2521 475 JULITTAM.

3488 412 3596 470 250

238 531 381 590 ὁδου.
419 538 518 589 Τὸν
547 536 639 609 μὶν
685 535 785 608 γὰρ
829 531 913 589 ἐπὶ
940 531 1110 585 πλεῖον
1156 538 1475 607 παραμεῖναι
1513 538 1576 603 τῇ
1618 548 1823 604 παρου-

1943 531 2172 589 Etenim
2192 539 2358 591 certo
2379 536 2652 608 quodam
2685 538 2941 595 consilio
2961 539 3148 594 voluit
3168 539 3350 596 alium
3373 538 3601 596 diutius

238 629 319 696 σία
345 632 443 688 τῆς
496 628 694 698 σαρκὸς
735 623 1056 695 ᾡκονόμησε·
1096 625 1182 674 τόν
1229 619 1288 679 δὲ
1337 624 1521 677 θᾶττον
1568 618 1829 676 ἀπολυθῆ-

235 734 310 766 ναι
335 723 434 766 τῶν
494 710 705 788 δεσμῶν
751 719 845 765 τοῦ
895 718 1141 785 σώματος
1190 708 1489 778 διετάξατο,
1537 712 1675 763 κατά
1709 711 1832 770 τοὺς

237 801 485 879 ἆῤῥὴτους
536 805 632 865 τῆς
701 805 888 875 σοφίας
937 800 1122 854 ἑαυτοῦ
1188 806 1278 854 καὶ
1339 810 1435 864 τῆς
1493 797 1837 879 δικαιοσύνης

235 892 434 966 λόγους.
472 891 675 967 Ὠσπερ
721 887 810 945 οὖν
853 892 902 945 οἱ
946 897 1062 954 ταῖς
1103 892 1332 965 εἱρκταῖς
1382 890 1741 965 ἐμπίπτοντες,
1790 872 1840 938 οἱ

233 986 315 1056 μὶν
368 982 456 1037 ἐπὶ
513 981 722 1036 πλείονα
758 984 951 1058 χρόνον
1012 989 1075 1055 τῇ
1144 988 1371 1035 κακώσει
1422 989 1522 1035 τῶν
1565 976 1837 1051 δεσμωτη-

235 1078 348 1148 ρίων
376 1071 813 1136 ἐναποκλείονται,
845 1072 895 1124 οἱ
943 1068 1003 1125 δὲ
1046 1076 1346 1147 ταχυτέραν
1396 1072 1704 1145 εὑρίσκουσι
1742 1075 1839 1128 τῆς

237 1163 579 1222 κακοπαθείας
622 1158 946 1231 ἀπαλλαγήν·
985 1159 1121 1214 οὓτω
1170 1165 1259 1215 καὶ
1298 1161 1354 1213 αἱ
1395 1160 1594 1232 ψυχαὶ,
1645 1159 1702 1211 αἱ
1747 1158 1837 1229 μὶν

238 1250 315 1309 ἰπὶ
365 1249 492 1304 πολὺ
542 1251 1006 1325 προσκατίχονται
1052 1256 1115 1323 τῇ
1174 1253 1282 1324 ζωῇ
1332 1252 1521 1323 ταύτῃ,
1553 1249 1610 1301 αἱ
1659 1243 1719 1300 δὲ
1757 1244 1835 1298 ἐπ’

237 1340 436 1393 ἔλαττον
461 1379 475 1405 ,
547 1342 682 1392 κατά
733 1343 828 1398 τὴν
894 1336 1172 1411 ἀναλογίαν
1224 1348 1319 1402 τῆς
1372 1337 1521 1402 ἀξίας
1588 1337 1834 1392 ἑκάστου,

238 1437 400 1501 σοφῶς
453 1432 543 1481 καὶ
611 1426 835 1501 βαθέως,
894 1433 985 1481 καὶ
1041 1431 1111 1492 ὡς
1164 1428 1259 1482 οὐκ
1311 1426 1372 1481 ἃν
1427 1426 1651 1500 ἐφίκοιτο
1716 1432 1836 1486 νοῦς

235 1517 540 1592 ἀνθρώπων,
596 1522 664 1571 τὰ
727 1522 846 1593 περὶ
911 1521 1129 1572 ἕκαστον
1194 1521 1340 1593 ἡμῶν
1401 1524 1494 1571 τοῦ
1557 1521 1833 1579 κτίσαντος

236 1610 372 1682 ἡμᾶς
430 1607 878 1683 προϐλεπομένου.
914 1608 1024 1660 Οὐκ
1070 1606 1276 1670 ἀκούεις
1323 1607 1560 1680 λέγοντος
1595 1613 1687 1660 τοῦ
1728 1612 1832 1659 Δα-

235 1693 345 1763 ϐἱδ,
408 1697 655 1770 Ἐξάγαγε
711 1696 765 1753 ἐκ
814 1695 1048 1770 φυλακῆς
1114 1701 1210 1756 τὴν
1270 1696 1457 1771 ψυχήν
1522 1715 1623 1771 μου
1677 1696 1827 1766 (68);

236 1787 342 1840 Οὐκ
388 1789 622 1848 ἤκουσας
672 1791 792 1861 περὶ
847 1794 939 1840 τοῦ
987 1786 1160 1859 ἁγίου,
1211 1788 1292 1841 ὅτι
1338 1784 1564 1846 ἀπελύθη
1606 1786 1766 1847 αὑτοῦ
1796 1787 1826 1844 ἠ

230 1875 425 1951 ψυχῆς
473 1880 538 1931 Τί
587 1873 646 1929 δὲ
693 1881 916 1951 Συμεὼν,
962 1878 1044 1930 ὅτε
1090 1875 1451 1950 ἐνεγκαλίσατο
1496 1881 1584 1930 τὸν
1643 1877 1831 1950 Κύριον

1943 1878 2165 1950 recepit
2182 1877 2210 1933 Ἰ
2239 1894 2428 1951 quam
2448 1895 2664 1936 vocem
2684 1880 2931 1936 emisit?
2968 1896 3173 1937 nonne
3210 1881 3391 1943 hanc,
3416 1879 3600 1935 Nunc
3690 1952 3693 1955 Δ

233 1967 415 2038 ἡμῷν;
479 1970 630 2020 ποίαν
693 1971 862 2039 φωνήν
928 1965 1156 2039 ἀφῆκενς
1222 1967 1345 2039 Οὐχ
1391 1968 1471 2020 ότι
1529 1974 1638 2020 Νῦν
1702 1965 1832 2019 ἀπο-

229 2052 369 2133 λύεις
426 2058 515 2107 τὸν
580 2051 767 2113 δοῦλόν
825 2074 940 2124 σου,
1004 2059 1277 2125 Δέσποτα;
1327 2062 1411 2108 Τῶ
1474 2057 1573 2130 γὰρ
1631 2054 1832 2127 ἐπειγο-

229 2149 362 2220 μένῳ
419 2149 549 2219 πρός
599 2150 689 2204 τὴν
741 2146 847 2197 οῖνω
892 2141 1163 2219 διαγωγὴν
1219 2145 1478 2220 ϐαρυτέρα
1524 2148 1703 2206 πάσης
1739 2165 1833 2197 κο-

228 2234 431 2297 λάσεως
460 2239 548 2287 καὶ
599 2232 968 2311 δεσμωτηρίου
1014 2238 1207 2299 παντὸς
1260 2237 1291 2294 ἡ
1339 2238 1471 2310 μετά
1515 2244 1607 2289 τοῦ
1651 2238 1834 2309 σῶμα·

232 2329 318 2389 τός
367 2324 486 2381 ἔστι
529 2322 806 2401 διατριϐή.
862 2331 948 2385 Μὴ
999 2330 1174 2381 τοίνυν
1216 2335 1278 2399 τῇ
1330 2326 1517 2380 ἑαυτοῦ
1549 2325 1835 2381 ἀπολαύσει

230 2413 472 2481 ἐπιζήτει
517 2418 612 2477 τὰς
658 2408 779 2489 περὶ
819 2423 919 2468 τῶν
966 2414 1159 2488 ψῦχῶν
1208 2413 1472 2481 διατάξεις
1515 2415 1831 2470 ἀκολουθεῖν·

229 2503 361 2561 ἀλλὰ
417 2504 632 2577 λογίζου
681 2509 803 2579 περὶ
832 2514 933 2563 τῶν
964 2507 1322 2579 συναφθέντων
1372 2509 1505 2559 κατά
1551 2510 1639 2560 τὸν
1693 2505 1831 2581 βίον,

227 2597 342 2651 εἶτα
417 2597 622 2668 θανάτῳ
684 2591 1032 2670 διισταμένων
1061 2638 1075 2661 ,
1144 2596 1224 2661 ὅτι
1287 2595 1646 2671 παραπλήσιοί
1705 2597 1836 2651 εἰσιν

224 2681 536 2759 ὁδοιπόροις
593 2688 718 2758 μίαν
775 2681 898 2737 ὁδὸν
964 2689 1368 2759 πορευομένοις,
1428 2691 1517 2739 καὶ
1577 2683 1670 2738 διὰ
1742 2693 1837 2747 τὴν

220 2784 431 2848 συνεχῆ
496 2774 610 2848 μετ’
654 2772 881 2833 ἀλλήλων
946 2770 1223 2848 διατριϐὴν
1283 2771 1545 2829 ἑνωθεῖσιν
1602 2776 1702 2829 ὑπό
1741 2785 1839 2839 τῆς

219 2868 532 2939 συνηθείας.
591 2863 656 2918 Οἱ
724 2860 934 2919 ἐπειδὰν
987 2868 1076 2923 τὴν
1140 2869 1316 2923 κοινὴν
1373 2861 1495 2919 ὁδόν
1553 2862 1837 2930 διεξελθόν-

212 2974 296 3027 τες
339 2954 464 3027 (69)
509 2952 870 3024 καταλάϐωσι,
909 2952 1089 3007 λοιπὸν
1147 2954 1470 3028 σχιζομένην
1516 2954 1699 3023 αὐτὴν,
1740 2964 1838 3016 τῆς

211 3050 411 3119 χρείας
465 3041 575 3103 ἤδη
620 3043 923 3117 ἀναγκαίως
971 3043 1294 3118 μεριζούσης
1351 3042 1611 3118 ἑκάτερον,
1661 3045 1720 3099 οὐ
1767 3053 1831 3117 τῇ

210 3137 482 3207 συνηθείᾳ
542 3123 1024 3208 προσκαθεζόμενοι
1097 3131 1350 3207 ἀμελοῦσι
1413 3142 1514 3186 τῶν
1562 3138 1832 3208 προκειμέ-

1938 619 1997 675 in
2021 637 2199 679 carne
2220 639 2611 694 permanere;
2645 628 2850 684 statuit
2888 644 3031 685 vero
3069 627 3255 683 alium
3285 629 3452 684 ocius
3470 628 3604 684 vin'

1943 710 2091 768 culis
2129 714 2402 786 corporis
2440 715 2693 787 exsolvi,
2720 718 2895 788 juxta
2923 717 3258 774 ineffabiles
3287 717 3598 790 sapientiae

1947 805 2129 875 atque
2143 804 2389 875 justitiaa
2410 821 2534 862 suae
2557 811 2845 865 rationes.
2869 807 3400 873 Quemadmodum
3422 807 3601 877 igitur

1946 907 2021 947 ex
2041 891 2114 947 iis
2131 893 2317 965 quiin
2338 911 2640 953 carcerem
2664 896 3084 968 conjiciuntur,
3109 897 3205 953 alii
3246 896 3470 952 diutius
3498 896 3600 952 de-

1947 982 2212 1040 tinentur
2234 985 2298 1040 in
2325 985 2706 1043 vinculorum
2745 986 3130 1053 cruciatibus,
3164 987 3268 1043 alii
3298 986 3378 1043 ab
3406 1002 3478 1043 ea
3505 1001 3602 1043 ca-

1944 1071 2214 1129 lamitate
2250 1073 2586 1131 liberantur
2621 1076 2793 1133 citius
2817 1094 2831 1132 :
2855 1077 2939 1132 sic
2959 1081 3017 1133 et
3052 1076 3291 1143 animle,
3316 1075 3445 1133 alia:
3467 1075 3599 1148 qui-

1946 1161 2086 1221 dem
2115 1161 2361 1234 diutius,
2384 1164 2517 1222 alim
2538 1181 2681 1222 vero
2703 1166 2903 1222 minus
2939 1166 3002 1222 in
3039 1167 3155 1223 hac
3183 1165 3305 1222 vita
3332 1165 3602 1223 detinen-

1946 1255 2061 1316 tur,
2085 1268 2195 1324 pro
2215 1254 2512 1327 cujusque
2532 1256 2742 1312 merito
2763 1273 2832 1312 ac
2852 1255 3165 1326 dignitate,
3199 1257 3338 1320 Deo,
3361 1254 3465 1328 qui
3485 1269 3600 1310 nos

1945 1340 2232 1410 condidit,
2253 1341 2434 1399 rebus
2455 1345 2746 1417 cujusque
2772 1348 3052 1400 nostrum
3082 1343 3483 1416 prospiciente
3504 1359 3601 1398 sa-

1944 1429 2194 1501 pienter,
2210 1433 2269 1486 et:
2286 1431 2425 1502 alte,
2449 1432 2675 1505 sicque,
2692 1438 2755 1489 ut
2776 1449 2948 1489 mens
2967 1433 3284 1490 hominum
3307 1431 3600 1502 attingere

1942 1532 2068 1577 non
2089 1519 2299 1591 possit.
2323 1524 2449 1577 Non
2469 1522 2644 1578 audis
2658 1522 2944 1579 Davidem
2966 1523 3264 1579 dicentem
3291 1538 3305 1577 :
3334 1521 3508 1577 Educ
3527 1520 3601 1577 de

1944 1610 2218 1667 custodia
2241 1612 2509 1669 animam
2521 1613 2766 1669 meam63
2779 1613 2807 1669 ?
2829 1615 2956 1669 Non
2970 1612 3246 1668 audivisti
3266 1611 3342 1667 de
3363 1614 3596 1668 sancto.

1943 1697 2214 1757 animam
2251 1699 2446 1771 ipsius
2485 1701 2825 1758 exsolutam
2864 1701 3048 1757 fuisse
3077 1707 3136 1758 et
3163 1701 3478 1757 dimissam
3499 1700 3547 1735 “
3568 1700 3598 1756 ?

1941 1787 2094 1851 Quid
2110 1804 2254 1844 vero
2277 1788 2685 1860 Simeon,cum
2700 1790 3021 1847 Dominum
3044 1795 3316 1847 nostrum
3338 1790 3398 1845 in
3420 1788 3599 1845 ulnas

1941 1968 2195 2027 dimittis
2222 1983 2459 2026 servum
2505 1975 2697 2039 tuum,
2726 1971 2981 2027 Domine
2998 1971 3047 2006 ⁸⁵
3068 1970 3098 2026 ?
3136 1971 3286 2026 Nam
3318 1968 3379 2024 in
3419 1982 3598 2024 carne

1941 2056 2273 2128 immorari,
2306 2074 2550 2129 grav1us
2570 2059 2866 2132 quiddam
2899 2065 2989 2116 est
3016 2075 3205 2133 quam
3231 2058 3599 2131 supplicium

1942 2163 2148 2217 omne,
2181 2152 2239 2205 et
2261 2149 2462 2221 quivis
2492 2165 2714 2217 carcer,
2749 2150 2803 2205 ei
2854 2149 2961 2223 qui
3007 2148 3088 2204 ad
3140 2163 3419 2221 supernas
3462 2147 3598 2204 vitae

1942 2236 2167 2307 gaudia
2194 2237 2459 2295 festinat.
2487 2239 2890 2305 Quamobrem
2920 2254 2996 2295 ne
3022 2237 3344 2311 exquirito,
3374 2241 3440 2293 ut
3462 2236 3599 2294 latas

1943 2325 2019 2383 de
2046 2326 2371 2384 animabus
2391 2328 2555 2398 leges
2578 2333 2682 2384 tuo
2704 2346 2769 2386 se
2791 2328 2926 2384 usui
2947 2327 3416 2385 accommodent
3436 2330 3493 2382 et
3511 2326 3600 2382 in-

1945 2415 2245 2485 serviant;
2279 2417 2387 2472 sed
2413 2417 2518 2490 qui
2558 2417 2622 2474 in
2670 2419 2787 2475 hac
2831 2418 2951 2474 vita
2999 2416 3308 2489 conjuncti
3335 2420 3494 2483 sunt,
3527 2430 3599 2472 ac

1943 2504 2164 2563 deinde
2189 2510 2380 2562 morte
2404 2522 2440 2563 a
2460 2523 2523 2563 se
2543 2506 2798 2564 invicem
2819 2506 3202 2575 divelluntur,
3226 2520 3331 2562 eos
3354 2503 3600 2564 viatori-

1941 2593 2059 2651 bus
2081 2596 2180 2652 via
2200 2611 2324 2652 una
2343 2599 2400 2651 et
2417 2595 2633 2652 eadem
2653 2596 3097 2663 incedentibus,
3119 2600 3178 2652 et
3195 2599 3443 2668 propter
3459 2609 3601 2650 con-

1941 2685 2177 2745 tinuam
2199 2684 2353 2741 inter
2372 2701 2435 2741 se
2456 2684 3013 2741 confabulationem
3045 2683 3485 2741 necessitudine
3511 2685 3600 2739 at-

1939 2788 2059 2846 que
2084 2773 2523 2831 consuetudine
2553 2773 2850 2830 devinctis
2879 2773 3176 2830 assimiles
3204 2787 3340 2828 esse
3379 2771 3597 2842 cogita.

1942 2862 2007 2920 Hi
2046 2867 2182 2935 post
2227 2879 2540 2920 emensum
2560 2863 2670 2920 iter
2688 2878 3035 2933 commune,
3056 2861 3162 2917 ubi
3191 2865 3416 2917 sectam
3436 2860 3597 2916 viam

1940 2951 2292 3025 repererint,
2316 2953 2679 3009 necessitate
2697 2953 2828 3025 jam
2858 2956 3106 3023 cogente
3135 2951 3284 3008 alter
3302 2950 3380 3006 ab
3412 2949 3601 3006 altero

1942 3041 2221 3115 separati,
2244 3058 2368 3098 non
2386 3041 2648 3114 amplius
2670 3042 2730 3097 in
2752 3040 3186 3098 consuetudine
3208 3054 3602 3112 perseverans-

1941 3135 2028 3187 tes
2059 3131 2373 3201 negligunt
2389 3131 2558 3204 quod
2578 3130 2686 3187 sibi
2713 3135 3187 3203 proposuerant;
3220 3129 3328 3185 sed
3347 3142 3600 3184 causam

210 3246 333 3307 νων,
394 3223 535 3277 ἀλλὰ
584 3232 679 3295 τῆς
735 3222 788 3288 ἐξ
840 3221 1016 3298 ἀρχῆς
1073 3224 1368 3293 κινησάσης
1414 3224 1605 3287 αὐτοὺς
1661 3225 1831 3287 αἰτίας

1943 3236 2077 3293 quae
2099 3220 2344 3277 seinitio
2366 3220 2747 3294 compulit,in
2760 3219 3117 3276 memoriam
3131 3215 3598 3284 revocantes,ad

210 3316 648 3388 ὑπομνησθέντες
674 3355 689 3380 ,
751 3316 883 3389 πρὸς
957 3316 1013 3365 τὸ
1068 3311 1266 3385 ,οἰκεῖον
1330 3314 1548 3377 ἕκαστος
1619 3313 1835 3389 ἀποτρέ-

206 3423 390 3478 χουσι
439 3408 629 3478 πέρας.
685 3401 775 3466 Ὠς
812 3399 900 3456 οὖν
937 3401 1149 3464 ἐκείνοις
1187 3401 1340 3465 ἄλλος
1387 3405 1478 3476 μὲν
1518 3399 1547 3462 ἧ
1582 3405 1607 3456 ὁ
1638 3409 1834 3467 σκοπός

206 3503 311 3558 τῆς
362 3490 524 3561 ὁδοῦ,
569 3491 757 3551 συνέϐη
814 3488 873 3546 δὲ
912 3492 1089 3555 αὐτοῖς
1146 3494 1177 3552 ἡ
1226 3494 1363 3545 κατά
1410 3497 1499 3551 τὴν
1529 3490 1833 3568 ὁδοιπορίαν

204 3584 264 3638 ἐκ
310 3593 420 3649 τῆς
474 3584 753 3645 συνηθείας
796 3581 1076 3647 οἰκείωσις
1127 3585 1261 3634 οὕτω
1309 3585 1399 3633 καὶ
1440 3589 1550 3649 τοῖς
1594 3582 1643 3637 ἐν
1680 3586 1832 3657 γάμῳ

202 3684 235 3737 ἦ
286 3672 436 3748 ἄλλῃ
495 3676 598 3725 τινὶ
643 3676 881 3744 κοινωνίᾳ
930 3670 1052 3744 βίου
1103 3675 1448 3745 συνημμένοις
1494 3668 1633 3725 ἴδιον
1679 3678 1831 3747 προέ-

197 3783 354 3829 κειτο
386 3764 505 3835 (70)
538 3758 784 3820 δηλονότι
807 3769 902 3824 τῆς
930 3762 1071 3824 ζωῆς
1098 3765 1159 3816 τὸ
1187 3765 1365 3832 πέρας·
1402 3764 1751 3835 συναφθέντας
1774 3760 1835 3821 δὲ

197 3852 473 3916 ἀλλήλοις
524 3849 818 3923 ἀναγκαίως
868 3854 953 3917 1'6;
976 3846 1482 3926 προδιατεταγμένον
1538 3861 1635 3915 τῆς
1694 3852 1834 3915 ζωῆς

190 3943 350 4008 τέλος
375 3941 620 4016 ἐχώρισε
642 3945 733 3997 καὶ
760 3937 796 3996 δ
799 3939 1023 3996 ιέλυσεν.

259 4127 320 4180 6.
357 4122 715 4194 Εὐγνὼμονος
764 4115 851 4172 οὖν
901 4114 1135 4187 διανοίας
1183 4118 1276 4172 οὐκ
1329 4118 1414 4179 ἐπὶ
1456 4128 1529 4191 τῷ
1566 4129 1831 4195 χωρισμῷ

183 4210 507 4288 δυσφόρως
537 4212 701 4281 ἔχειν,
737 4206 844 4260 ἀλλ’
882 4206 963 4260 ἐπὶ
1007 4216 1091 4282 τῇ,
1121 4206 1175 4287 ἐξ
1222 4207 1398 4282 ἀρχῆς
1449 4213 1700 4282 ο-υνοιφείει
1727 4211 1829 4282 χά,

172 4323 263 4377 ριν
318 4305 491 4375 ἔχειν
543 4306 616 4351 τῶ
665 4296 1127 4373 συγκληρῶσαντι.
1168 4301 1235 4350 Σὺ
1281 4294 1340 4351 δὲ
1387 4302 1477 4350 καὶ
1525 4301 1608 4353 ὅτε
1644 4309 1827 4373 περιῆν

176 4412 271 4451 σοι
302 4394 373 4445 τὸ
409 4393 659 4462 γύναιον,
693 4388 723 4447 ἣ
774 4389 799 4440 ὁ
848 4386 1009 4461 φίλος,
1044 4386 1075 4444 ἢ
1123 4390 1182 4439 τὸ
1229 4385 1465 4454 παιδίον,
1514 4386 1545 4446 ἣ
1590 4389 1616 4440 ό
1646 4408 1698 4441 τι
1739 4385 1828 4442 οὖν

168 4484 244 4536 ὧν
293 4478 495 4556 ὀδύρῃ
560 4484 668 4544 νῦν,
730 4477 858 4550 οὐχὶ
903 4480 1066 4552 χάριν
1118 4473 1260 4548 εἶχες
1310 4484 1410 4528 τῶν
1462 4481 1727 4551 παρόντων
1757 4487 1829 4550 τῷ

1943 3326 2118 3367 suam
2139 3310 2397 3384 quisque
2415 3316 2643 3368 metam
2665 3306 3597 3375 contendunt.0uemadmodum

1938 3400 2131 3471 igitur,
2157 3400 2251 3456 his
2289 3400 2442 3458 alius
2479 3405 2607 3457 erat
2634 3402 2748 3456 vim
2769 3415 3010 3472 scopus,
3033 3396 3364 3454 intercessit
3393 3399 3597 3452 autem

1940 3506 2012 3546 ex
2040 3489 2479 3546 consuetudine
2501 3490 2657 3545 inter
2677 3490 2866 3562 ipsos,
2888 3503 3028 3543 cum
3056 3487 3167 3543 iter
3186 3486 3469 3552 facerent,
3492 3500 3595 3541 nec

1940 3578 2244 3636 cessitudo
2264 3579 2551 3651 quaedam
2574 3594 2645 3635 ac
2662 3577 3037 3634 familiaritas
3061 3595 3073 3632 :
3092 3576 3177 3632 sic
3197 3576 3378 3631 etiam
3399 3575 3470 3630 iis
3490 3573 3599 3647 qui

1938 3669 2167 3741 nuptiis
2195 3674 2299 3741 aut
2318 3667 2437 3725 alia
2474 3667 2768 3742 quapiam
2809 3667 2948 3723 vita;
2978 3667 3261 3722 societate
3286 3663 3598 3734 conjuncti

1940 3762 2101 3825 sunt,
2142 3757 2254 3815 fuit
2284 3757 2497 3830 procul
2526 3757 2715 3813 dubio
2753 3755 3120 3828 praestitutus
3157 3753 3439 3826 proprius
3467 3752 3597 3825 qui-

1940 3848 2085 3904 dam
2117 3848 2252 3904 vitea
2282 3847 2613 3917 ter-minus;
2649 3847 2757 3901 sed
2780 3850 2984 3902 tamen
3015 3845 3181 3917 ipsos
3201 3842 3352 3898 inter
3371 3858 3434 3896 se
3455 3856 3596 3898 con-

1933 3938 2178 4010 junctos
2199 3936 2614 4010 praedeﬁnitus
2631 3936 2762 3993 vitm
2781 3935 2919 3992 ﬁnis
2937 3933 3280 3991 necessario
3294 3930 3597 4005 separavit

1936 4042 2010 4085 ac
2041 4027 2329 4095 sejunxit.
2820 4040 2825 4045 ·
3096 4072 3105 4081 ,

2009 4123 2064 4176 6.
2104 4119 2315 4190 Itaque
2335 4116 2488 4187 grati
2513 4114 2703 4172 animi
2728 4114 2908 4172 fuerit
2945 4129 3071 4171 non
3113 4127 3273 4182 aegre
3308 4110 3461 4167 ferre
3490 4125 3591 4166 se-

1936 4207 2314 4282 parationem
2350 4225 2363 4263 :
2397 4205 2504 4262 sed
2533 4205 2586 4261 ei
2624 4205 2730 4277 qui
2772 4203 3027 4275 hujusce
3074 4200 3357 4258 consortii
3388 4205 3598 4257 auctor

1934 4298 2148 4365 fuerat,
2165 4296 2422 4368 gratiam
2443 4295 2522 4351 ob
2545 4293 2808 4367 primam
2833 4291 3324 4363 conjunctionem
3344 4289 3594 4348 habere.

1933 4390 2017 4445 Tu
2042 4392 2274 4454 contra,
2298 4400 2373 4440 ue
2396 4399 2582 4440 uxore
2603 4382 2850 4455 quidem
2872 4381 3216 4454 superstite,
3248 4385 3353 4435 aut
3372 4379 3593 4444 amico,
3650 4449 3664 4461 .

1936 4483 2039 4534 aut
2066 4475 2218 4544 .ﬁlio,
2246 4480 2350 4531 aut
2382 4473 2499 4530 alio
2519 4473 2738 4546 quovis
2774 4471 2851 4528 de
2891 4486 3016 4543 quo
3057 4485 3221 4529 nunc
3253 4468 3370 4540 39
3401 4467 3593 4535 doles,

170 4569 480 4643 δεδωκότι
515 4610 531 4635 ,
602 4565 709 4620 ἀλλ’
774 4564 1023 4628 ἐνεκάλεις
1085 4566 1213 4639 ὑπὲρ
1276 4574 1376 4619 τῶν
1451 4564 1826 4639 ἐλλειφθέντων.

1943 4571 2134 4638 grates
2155 4564 2311 4621 ullas
2342 4561 2724 4636 rependebas
2742 4560 3045 4617 bonorum
3067 4557 3454 4631 praesentium
3479 4556 3594 4613 lar-

162 4665 231 4719 Εἰ
262 4667 375 4738 μὲν
443 4663 674 4732 γυναικὶ
729 4660 861 4731 μόνῃ
914 4660 1182 4726 συνῴκεις,
1239 4654 1319 4708 ὃτι
1357 4659 1428 4728 μὴ
1457 4652 1644 4719 παῖδες
1696 4654 1829 4717 ἦσαν

162 4758 323 4823 οἴους
386 4749 648 4807 ἐϐούλου·
711 4747 755 4802 εἰ
807 4743 866 4801 δε
922 4750 1014 4805 καὶ
1065 4741 1257 4809 παῖδες
1310 4753 1578 4819 παρῆσαν,
1631 4747 1710 4799 ὅτι
1761 4751 1831 4819 μὴ

156 4842 641 4919 ρπερεπλοὺτεις,
700 4836 731 4896 ἣ
787 4836 879 4903 καὶ
925 4836 1008 4888 ὃτι
1056 4843 1157 4889 τῶν
1206 4834 1414 4910 ἐχθρῶν
1461 4854 1605 4897 τινας
1652 4835 1833 4909 εὑημε-

150 4942 412 5008 ροῦντας
476 4929 679 5004 ἑώρας.
724 4925 865 5001 Ὀρα
903 4930 1088 4980 τοίνυν
1130 4929 1204 4998 μή
1254 4944 1379 4978 ποτε
1430 4924 1580 4994 αὐτοὶ
1628 4924 1833 4993 ἑαυτοῖς

146 5023 501 5099 iam“;
566 5018 669 5071 τῶν
737 5015 995 5090 φιλτάτων
1038 5016 1132 5077 τάς
1183 5019 1452 5088 στερήσεις
1508 5016 1835 5083 κατασκευάε

223 5152 283 5189 ⁸³
315 5145 514 5207 Psal.
557 5159 703 5216 cxm,
733 5145 787 5199 8.
890 5142 940 5178 ⁸⁸
968 5139 1122 5197 Tob.
1150 5155 1232 5208 ur,
1266 5143 1318 5212 6,
1355 5144 1440 5197 15.

214 5296 353 5367 (68)
384 5286 580 5350 Editi
597 5286 927 5367 ψυχήνιμου,
950 5292 1052 5367 τῶν
1074 5282 1297 5359 ἀνιαρῶν
1317 5303 1494 5356 φησιν.
1516 5282 1629 5367 §ed
1651 5282 1822 5367 illud,

130 5354 243 5423 τῶν
275 5354 566 5439 ἀνιαρῶν
587 5354 767 5442 facii»,
783 5354 844 5413 in
866 5356 1087 5442 nostris
1101 5354 1486 5442 novem‘mss.
1502 5354 1699 5437 deest:
1716 5371 1828 5442 nec

126 5426 442 5497 dubium;
468 5426 645 5515 quin
672 5426 1137 5515 abessedebea‘t‘.
1160 5426 1473 5515 N‘eminem
1493 5426 1653 5515 enim
1678 5431 1823 5498 puto

123 5514 222 5570 ita
258 5497 629 5568 caecutire,
662 5501 811 5574 quin
836 5499 1043 5574 videat
1070 5497 1240 5574 illud,
1264 5506 1363 5550 τῶν
1390 5497 1610 5574 ἀνιαρῶν
1641 5497 1820 5574 φῇσιν,

118 5568 701 5642 declarationem
721 5588 852 5628 esse
879 5571 1046 5627 vocis
1086 5568 1317 5642 φυλακῆς
1343 5586 1361 5642 ;_
1408 5568 1593 5642 sic'ut
1624 5568 1821 5642 solum

116 5639 424 5713 monere
460 5644 745 5704 voluerit
766 5642 1072 5710 librarius,
1094 5639 1251 5713 voce
1282 5639 1515 5712 φυλακῆς
1544 5641 1661 5697 hoc
1687 5639 1823 5696 loco

112 5710 621 5815 quascunque
632 5732 728 5773 res
739 5715 1025 5779 adversas
1038 5710 1490 5783 signiﬁcari.Hae
1503 5717 1709 5781 autem
1719 5728 1823 5776 vo-

1938 4655 2114 4728 gitori
2147 4673 2160 4710 :
2189 4655 2313 4710 imo
2340 4653 2416 4708 de
2442 4650 2798 4707 absentibus
2823 4646 3323 4721 conquerebaris.
3366 4649 3431 4701 Et
3457 4644 3594 4718 qui-

1936 4747 2077 4802 dem
2099 4745 2147 4799 si
2167 4741 2493 4799 habitabas
2521 4755 2662 4795 cum
2692 4738 2825 4794 sola
2851 4752 3058 4803 uxore,
3077 4733 3405 4808 querebare
3426 4734 3594 4806 quod

1936 4834 2288 4907 ﬁlii,quales
2306 4830 2738 4896 desiderasses,
2755 4827 2861 4884 tibi
2874 4842 2997 4883 non
3014 4829 3216 4882 essent
3234 4843 3251 4889 ;
3274 4823 3365 4879 sin
3388 4827 3593 4879 autem

1937 4924 2214 4983 habebas
2234 4921 2413 4993 ﬁlios,
2439 4919 2691 4978 dolebas
2709 4917 2877 4991 quod
2906 4932 3031 4973 non
3051 4914 3329 4972 afﬂueres
3348 4911 3592 4979 divitiis,

1939 5013 2242 5072 autetiam
2262 5010 2432 5084 quod
2451 5008 2729 5065 inimicos
2748 5005 3053 5080 quosdam
3065 5001 3336 5060 secunda
3354 5000 3595 5060 fortuna

1519 5141 1567 5176 ⁸⁵
1593 5141 1739 5198 Luc.
1768 5156 1830 5212 η,
1859 5143 1950 5197 29.

1933 5297 2055 5350 ces,
2086 5284 2153 5337 ut
2181 5279 2333 5339 alias
2363 5293 2547 5351 saepe,
2571 5292 2645 5333 ex
2674 5291 2784 5332 ora
2819 5274 2957 5331 libri
2993 5272 3055 5329 in
3081 5275 3429 5330 contextum
3454 5270 3594 5330 irre-

1932 5357 2334 5490 psf6r9linilnus
2392 5421 2587 5490 codex
2633 5417 2797 5477 Colb.
2854 5416 3231 5480 ὖπεξελθόντες.
3281 5418 3411 5473 Mox
3467 5415 3596 5483 duo

1933 5489 2081 5553 mss.
2114 5493 2453 5547 καταλάϐωσι
2483 5489 2542 5545 δὶ
2569 5492 2767 5547 λοιπόν.

2005 5570 2114 5637 (70)
2151 5567 2306 5637 Reg,
2330 5562 2636 5620 secundus
2698 5577 3026 5637 speci-exuto,
3053 5557 3261 5615 Statim
3290 5573 3448 5627 unus
3474 5574 3595 5627 ms,

1933 5639 2075 5702 ζωῆς
2098 5636 2260 5714 πέρας
2290 5636 2537 5715 ἐχώρισε.
