  <div class='ocr_page' id='page_1' title='image "/cluster/home/n/w/nwhite01/storage/ocr_20150623/31:no.3/coo.31924054869288/137.png"; bbox 0 0 4124 6374; ppageno 0'>
   <div class='ocr_carea' id='block_1_1' title="bbox 513 378 611 430">
    <p class='ocr_par' dir='ltr' id='par_1_1' title="bbox 513 378 611 430">
     <span class='ocr_line' id='line_1_1' title="bbox 513 378 611 430; baseline 0 0"><span class='ocrx_word' id='word_1_1' title='bbox 513 378 611 430; x_wconf 76' lang='grc'><strong>251</strong></span> 
     </span>
    </p>
   </div>
   <div class='ocr_carea' id='block_1_2' title="bbox 1896 374 2511 433">
    <p class='ocr_par' dir='ltr' id='par_1_2' title="bbox 1896 374 2511 433">
     <span class='ocr_line' id='line_1_2' title="bbox 1896 374 2511 433; baseline -0.003 0"><span class='ocrx_word' id='word_1_2' title='bbox 1896 378 1952 433; x_wconf 92' lang='lat' dir='ltr'><strong>S.</strong></span> <span class='ocrx_word' id='word_1_3' title='bbox 1999 374 2250 433; x_wconf 79' lang='lat' dir='ltr'><strong>BASlLll</strong></span> <span class='ocrx_word' id='word_1_4' title='bbox 2288 376 2511 431; x_wconf 70' lang='lat' dir='ltr'><strong>HAGNI</strong></span> 
     </span>
    </p>
   </div>
   <div class='ocr_carea' id='block_1_3' title="bbox 513 493 2191 575">
    <p class='ocr_par' dir='ltr' id='par_1_3' title="bbox 513 500 2177 572">
     <span class='ocr_line' id='line_1_3' title="bbox 513 500 2177 572; baseline 0 -16"><span class='ocrx_word' id='word_1_5' title='bbox 513 503 747 557; x_wconf 84' lang='lat' dir='ltr'><strong>utentes</strong></span> <span class='ocrx_word' id='word_1_6' title='bbox 770 500 1021 557; x_wconf 82' lang='lat' dir='ltr'><strong>videres.</strong></span> <span class='ocrx_word' id='word_1_7' title='bbox 1039 504 1196 559; x_wconf 82' lang='lat' dir='ltr'><strong>Cave</strong></span> <span class='ocrx_word' id='word_1_8' title='bbox 1216 502 1400 572; x_wconf 81' lang='lat' dir='ltr'><strong>igitur</strong></span> <span class='ocrx_word' id='word_1_9' title='bbox 1419 519 1495 560; x_wconf 89' lang='lat' dir='ltr'><strong>ne</strong></span> <span class='ocrx_word' id='word_1_10' title='bbox 1514 504 1662 561; x_wconf 81' lang='lat' dir='ltr'><strong>forte</strong></span> <span class='ocrx_word' id='word_1_11' title='bbox 1682 503 2177 560; x_wconf 90' lang='lat' dir='ltr'><strong>charissimorum</strong></span> 
     </span>
    </p>
   </div>
   <div class='ocr_carea' id='block_1_4' title="bbox 2299 493 3877 575">
    <p class='ocr_par' dir='ltr' id='par_1_4' title="bbox 2299 493 3877 575">
     <span class='ocr_line' id='line_1_4' title="bbox 2299 493 3877 575; baseline -0.005 -24"><span class='ocrx_word' id='word_1_12' title='bbox 2299 506 2473 573; x_wconf 69' lang='grc' dir='ltr'><strong>ζωμεν,</strong></span> <span class='ocrx_word' id='word_1_13' title='bbox 2531 504 2800 575; x_wconf 84' lang='grc' dir='ltr'><strong>παρόντων</strong></span> <span class='ocrx_word' id='word_1_14' title='bbox 2852 501 2942 571; x_wconf 72' lang='grc' dir='ltr'><strong>μὶν</strong></span> <span class='ocrx_word' id='word_1_15' title='bbox 2999 498 3093 550; x_wconf 86' lang='grc' dir='ltr'><strong>οὐκ</strong></span> <span class='ocrx_word' id='word_1_16' title='bbox 3159 496 3543 569; x_wconf 74' lang='grc' dir='ltr'><strong>αἰσθανόμενοι,</strong></span> <span class='ocrx_word' id='word_1_17' title='bbox 3593 493 3877 569; x_wconf 66' lang='grc' dir='ltr'><strong>παρελθόν-</strong></span> 
     </span>
    </p>
   </div>
   <div class='ocr_carea' id='block_1_5' title="bbox 510 589 2172 663">
    <p class='ocr_par' dir='ltr' id='par_1_5' title="bbox 510 589 2172 663">
     <span class='ocr_line' id='line_1_5' title="bbox 510 589 2172 663; baseline 0.001 -19"><span class='ocrx_word' id='word_1_18' title='bbox 510 589 915 662; x_wconf 82' lang='lat' dir='ltr'><strong>privationem</strong></span> <span class='ocrx_word' id='word_1_19' title='bbox 954 590 1130 646; x_wconf 89' lang='lat' dir='ltr'><strong>nobis</strong></span> <span class='ocrx_word' id='word_1_20' title='bbox 1177 592 1325 663; x_wconf 88' lang='lat' dir='ltr'><strong>ipsis</strong></span> <span class='ocrx_word' id='word_1_21' title='bbox 1373 592 1705 649; x_wconf 85' lang='lat' dir='ltr'><strong>reddamus</strong></span> <span class='ocrx_word' id='word_1_22' title='bbox 1747 591 2172 657; x_wconf 81' lang='lat' dir='ltr'><strong>necessariam,</strong></span> 
     </span>
    </p>
   </div>
   <div class='ocr_carea' id='block_1_6' title="bbox 513 678 2175 754">
    <p class='ocr_par' dir='ltr' id='par_1_6' title="bbox 513 678 2175 754">
     <span class='ocr_line' id='line_1_6' title="bbox 513 678 2175 754; baseline 0 -21"><span class='ocrx_word' id='word_1_23' title='bbox 513 694 653 733; x_wconf 91' lang='lat' dir='ltr'><strong>cum</strong></span> <span class='ocrx_word' id='word_1_24' title='bbox 677 694 798 734; x_wconf 91' lang='lat' dir='ltr'><strong>non</strong></span> <span class='ocrx_word' id='word_1_25' title='bbox 820 678 1154 736; x_wconf 81' lang='lat' dir='ltr'><strong>aﬂiciamur</strong></span> <span class='ocrx_word' id='word_1_26' title='bbox 1173 681 1417 736; x_wconf 90' lang='lat' dir='ltr'><strong>illorum</strong></span> <span class='ocrx_word' id='word_1_27' title='bbox 1436 682 1777 754; x_wconf 70' lang='lat' dir='ltr'><strong>praesentia,</strong></span> <span class='ocrx_word' id='word_1_28' title='bbox 1793 682 1898 737; x_wconf 92' lang='lat' dir='ltr'><strong>sed</strong></span> <span class='ocrx_word' id='word_1_29' title='bbox 1920 681 2175 736; x_wconf 89' lang='lat' dir='ltr'><strong>amissos</strong></span> 
     </span>
    </p>
   </div>
   <div class='ocr_carea' id='block_1_7' title="bbox 512 765 2176 843">
    <p class='ocr_par' dir='ltr' id='par_1_7' title="bbox 512 765 2176 843">
     <span class='ocr_line' id='line_1_7' title="bbox 512 765 2176 843; baseline 0 -21"><span class='ocrx_word' id='word_1_30' title='bbox 512 765 1261 834; x_wconf 83' lang='lat' dir='ltr'><strong>desideremus.0uoniam</strong></span> <span class='ocrx_word' id='word_1_31' title='bbox 1273 771 1434 826; x_wconf 90' lang='lat' dir='ltr'><strong>enim</strong></span> <span class='ocrx_word' id='word_1_32' title='bbox 1449 786 1559 842; x_wconf 90' lang='lat' dir='ltr'><strong>pro</strong></span> <span class='ocrx_word' id='word_1_33' title='bbox 1579 770 1981 843; x_wconf 63' lang='lat' dir='ltr'><strong>prmsentibus</strong></span> <span class='ocrx_word' id='word_1_34' title='bbox 1996 768 2176 825; x_wconf 81' lang='lat' dir='ltr'><strong>bonis</strong></span> 
     </span>
    </p>
   </div>
   <div class='ocr_carea' id='block_1_8' title="bbox 515 856 2174 931">
    <p class='ocr_par' dir='ltr' id='par_1_8' title="bbox 515 856 2174 931">
     <span class='ocr_line' id='line_1_8' title="bbox 515 856 2174 931; baseline 0.002 -19"><span class='ocrx_word' id='word_1_35' title='bbox 515 870 553 912; x_wconf 86' lang='lat' dir='ltr'><strong>a</strong></span> <span class='ocrx_word' id='word_1_36' title='bbox 576 857 691 911; x_wconf 91' lang='lat' dir='ltr'><strong>Deo</strong></span> <span class='ocrx_word' id='word_1_37' title='bbox 712 856 944 912; x_wconf 85' lang='lat' dir='ltr'><strong>collatis</strong></span> <span class='ocrx_word' id='word_1_38' title='bbox 964 863 1161 927; x_wconf 80' lang='lat' dir='ltr'><strong>grates</strong></span> <span class='ocrx_word' id='word_1_39' title='bbox 1181 874 1302 914; x_wconf 87' lang='lat' dir='ltr'><strong>non</strong></span> <span class='ocrx_word' id='word_1_40' title='bbox 1329 859 1761 931; x_wconf 85' lang='lat' dir='ltr'><strong>persolvimus;</strong></span> <span class='ocrx_word' id='word_1_41' title='bbox 1794 858 1930 914; x_wconf 92' lang='lat' dir='ltr'><strong>ideo</strong></span> <span class='ocrx_word' id='word_1_42' title='bbox 1949 857 2174 930; x_wconf 70' lang='lat' dir='ltr'><strong>privati</strong></span> 
     </span>
    </p>
   </div>
   <div class='ocr_carea' id='block_1_9' title="bbox 513 945 2172 1015">
    <p class='ocr_par' dir='ltr' id='par_1_9' title="bbox 513 945 2172 1015">
     <span class='ocr_line' id='line_1_9' title="bbox 513 945 2172 1015; baseline 0 -13"><span class='ocrx_word' id='word_1_43' title='bbox 513 961 630 1002; x_wconf 89' lang='lat' dir='ltr'><strong>nos</strong></span> <span class='ocrx_word' id='word_1_44' title='bbox 656 945 727 1001; x_wconf 91' lang='lat' dir='ltr'><strong>iis</strong></span> <span class='ocrx_word' id='word_1_45' title='bbox 758 962 1007 1003; x_wconf 90' lang='lat' dir='ltr'><strong>necesse</strong></span> <span class='ocrx_word' id='word_1_46' title='bbox 1038 954 1146 1015; x_wconf 76' lang='lat' dir='ltr'><strong>est,</strong></span> <span class='ocrx_word' id='word_1_47' title='bbox 1175 953 1241 1004; x_wconf 89' lang='lat' dir='ltr'><strong>ut</strong></span> <span class='ocrx_word' id='word_1_48' title='bbox 1269 949 1523 1005; x_wconf 81' lang='lat' dir='ltr'><strong>affectus</strong></span> <span class='ocrx_word' id='word_1_49' title='bbox 1564 953 1767 1005; x_wconf 87' lang='lat' dir='ltr'><strong>noster</strong></span> <span class='ocrx_word' id='word_1_50' title='bbox 1791 962 2172 1005; x_wconf 78' lang='lat' dir='ltr'><strong>commovea-</strong></span> 
     </span>
    </p>
   </div>
   <div class='ocr_carea' id='block_1_10' title="bbox 515 1035 2174 1108">
    <p class='ocr_par' dir='ltr' id='par_1_10' title="bbox 515 1035 2174 1108">
     <span class='ocr_line' id='line_1_10' title="bbox 515 1035 2174 1108; baseline -0.001 -17"><span class='ocrx_word' id='word_1_51' title='bbox 515 1038 631 1091; x_wconf 86' lang='lat' dir='ltr'><strong>tur.</strong></span> <span class='ocrx_word' id='word_1_52' title='bbox 659 1036 1190 1102; x_wconf 83' lang='lat' dir='ltr'><strong>Quemadmodum</strong></span> <span class='ocrx_word' id='word_1_53' title='bbox 1221 1038 1384 1094; x_wconf 86' lang='lat' dir='ltr'><strong>enim</strong></span> <span class='ocrx_word' id='word_1_54' title='bbox 1426 1054 1548 1094; x_wconf 87' lang='lat' dir='ltr'><strong>non</strong></span> <span class='ocrx_word' id='word_1_55' title='bbox 1580 1038 1786 1094; x_wconf 88' lang='lat' dir='ltr'><strong>vident</strong></span> <span class='ocrx_word' id='word_1_56' title='bbox 1821 1036 1978 1093; x_wconf 90' lang='lat' dir='ltr'><strong>oculi</strong></span> <span class='ocrx_word' id='word_1_57' title='bbox 2007 1035 2174 1108; x_wconf 93' lang='lat' dir='ltr'><strong>quod</strong></span> 
     </span>
    </p>
   </div>
   <div class='ocr_carea' id='block_1_11' title="bbox 514 1124 2173 1198">
    <p class='ocr_par' dir='ltr' id='par_1_11' title="bbox 514 1124 2173 1198">
     <span class='ocr_line' id='line_1_11' title="bbox 514 1124 2173 1198; baseline 0.001 -19"><span class='ocrx_word' id='word_1_58' title='bbox 514 1124 654 1197; x_wconf 88' lang='lat' dir='ltr'>plus</span> <span class='ocrx_word' id='word_1_59' title='bbox 674 1140 852 1198; x_wconf 73' lang='lat' dir='ltr'><strong>tequo</strong></span> <span class='ocrx_word' id='word_1_60' title='bbox 871 1127 1189 1183; x_wconf 88' lang='lat' dir='ltr'><strong>admotum</strong></span> <span class='ocrx_word' id='word_1_61' title='bbox 1210 1128 1431 1196; x_wconf 85' lang='lat' dir='ltr'><strong>est,sed</strong></span> <span class='ocrx_word' id='word_1_62' title='bbox 1443 1128 1795 1197; x_wconf 82' lang='lat' dir='ltr'><strong>congruenti</strong></span> <span class='ocrx_word' id='word_1_63' title='bbox 1815 1126 2020 1198; x_wconf 87' lang='lat' dir='ltr'><strong>aliquo</strong></span> <span class='ocrx_word' id='word_1_64' title='bbox 2038 1140 2173 1197; x_wconf 86' lang='lat' dir='ltr'><strong>spa-</strong></span> 
     </span>
    </p>
   </div>
   <div class='ocr_carea' id='block_1_12' title="bbox 516 1212 2172 1288">
    <p class='ocr_par' dir='ltr' id='par_1_12' title="bbox 516 1212 2172 1288">
     <span class='ocr_line' id='line_1_12' title="bbox 516 1212 2172 1288; baseline 0 -20"><span class='ocrx_word' id='word_1_65' title='bbox 516 1212 598 1269; x_wconf 89' lang='lat' dir='ltr'><strong>tio</strong></span> <span class='ocrx_word' id='word_1_66' title='bbox 644 1213 937 1284; x_wconf 83' lang='lat' dir='ltr'><strong>indigent,</strong></span> <span class='ocrx_word' id='word_1_67' title='bbox 969 1218 1053 1273; x_wconf 89' lang='lat' dir='ltr'><strong>ita</strong></span> <span class='ocrx_word' id='word_1_68' title='bbox 1099 1222 1157 1272; x_wconf 90' lang='lat' dir='ltr'><strong>et</strong></span> <span class='ocrx_word' id='word_1_69' title='bbox 1201 1218 1451 1287; x_wconf 68' lang='lat' dir='ltr'><strong>ingratae</strong></span> <span class='ocrx_word' id='word_1_70' title='bbox 1483 1218 1703 1273; x_wconf 64' lang='lat' dir='ltr'><strong>anima:</strong></span> <span class='ocrx_word' id='word_1_71' title='bbox 1732 1231 1840 1288; x_wconf 89' lang='lat' dir='ltr'><strong>per</strong></span> <span class='ocrx_word' id='word_1_72' title='bbox 1866 1214 2172 1271; x_wconf 85' lang='lat' dir='ltr'><strong>bonorum</strong></span> 
     </span>
    </p>
   </div>
   <div class='ocr_carea' id='block_1_13' title="bbox 517 1302 2172 1376">
    <p class='ocr_par' dir='ltr' id='par_1_13' title="bbox 517 1302 2172 1376">
     <span class='ocr_line' id='line_1_13' title="bbox 517 1302 2172 1376; baseline -0.001 -17"><span class='ocrx_word' id='word_1_73' title='bbox 517 1302 1024 1360; x_wconf 85' lang='lat' dir='ltr'><strong>abalienationem</strong></span> <span class='ocrx_word' id='word_1_74' title='bbox 1052 1305 1335 1362; x_wconf 86' lang='lat' dir='ltr'><strong>videntur</strong></span> <span class='ocrx_word' id='word_1_75' title='bbox 1379 1306 1455 1362; x_wconf 88' lang='lat' dir='ltr'><strong>de</strong></span> <span class='ocrx_word' id='word_1_76' title='bbox 1501 1306 1727 1362; x_wconf 89' lang='lat' dir='ltr'><strong>amisso</strong></span> <span class='ocrx_word' id='word_1_77' title='bbox 1776 1320 1845 1361; x_wconf 89' lang='lat' dir='ltr'><strong>ac</strong></span> <span class='ocrx_word' id='word_1_78' title='bbox 1874 1302 2172 1376; x_wconf 76' lang='lat' dir='ltr'><strong>praeterito</strong></span> 
     </span>
    </p>
   </div>
   <div class='ocr_carea' id='block_1_14' title="bbox 516 1389 2172 1459">
    <p class='ocr_par' dir='ltr' id='par_1_14' title="bbox 516 1389 2172 1459">
     <span class='ocr_line' id='line_1_14' title="bbox 516 1389 2172 1459; baseline 0.001 -14"><span class='ocrx_word' id='word_1_79' title='bbox 516 1389 811 1447; x_wconf 86' lang='lat' dir='ltr'><strong>beneﬁcio</strong></span> <span class='ocrx_word' id='word_1_80' title='bbox 832 1392 1009 1448; x_wconf 75' lang='lat' dir='ltr'><strong>affici.</strong></span> <span class='ocrx_word' id='word_1_81' title='bbox 1027 1396 1176 1449; x_wconf 80' lang='lat' dir='ltr'><strong>Nam</strong></span> <span class='ocrx_word' id='word_1_82' title='bbox 1201 1410 1337 1450; x_wconf 90' lang='lat' dir='ltr'><strong>cum</strong></span> <span class='ocrx_word' id='word_1_83' title='bbox 1361 1393 1700 1450; x_wconf 85' lang='lat' dir='ltr'><strong>fruerentur</strong></span> <span class='ocrx_word' id='word_1_84' title='bbox 1719 1393 1919 1459; x_wconf 79' lang='lat' dir='ltr'><strong>bonis,</strong></span> <span class='ocrx_word' id='word_1_85' title='bbox 1942 1391 2172 1447; x_wconf 90' lang='lat' dir='ltr'><strong>nullam</strong></span> 
     </span>
    </p>
   </div>
   <div class='ocr_carea' id='block_1_15' title="bbox 516 1479 2175 1553">
    <p class='ocr_par' dir='ltr' id='par_1_15' title="bbox 516 1479 2175 1553">
     <span class='ocr_line' id='line_1_15' title="bbox 516 1479 2175 1553; baseline 0.001 -20"><span class='ocrx_word' id='word_1_86' title='bbox 516 1483 646 1534; x_wconf 91' lang='lat' dir='ltr'><strong>tum</strong></span> <span class='ocrx_word' id='word_1_87' title='bbox 676 1480 932 1548; x_wconf 78' lang='lat' dir='ltr'><strong>gratiam</strong></span> <span class='ocrx_word' id='word_1_88' title='bbox 963 1481 1277 1539; x_wconf 84' lang='lat' dir='ltr'><strong>habebant</strong></span> <span class='ocrx_word' id='word_1_89' title='bbox 1318 1482 1610 1553; x_wconf 88' lang='lat' dir='ltr'><strong>largitori,</strong></span> <span class='ocrx_word' id='word_1_90' title='bbox 1645 1482 1754 1539; x_wconf 90' lang='lat' dir='ltr'><strong>sed</strong></span> <span class='ocrx_word' id='word_1_91' title='bbox 1794 1481 1895 1537; x_wconf 92' lang='lat' dir='ltr'><strong>ubi</strong></span> <span class='ocrx_word' id='word_1_92' title='bbox 1935 1485 2073 1535; x_wconf 89' lang='lat' dir='ltr'><strong>sunt</strong></span> <span class='ocrx_word' id='word_1_93' title='bbox 2103 1479 2175 1535; x_wconf 89' lang='lat' dir='ltr'><strong>iis</strong></span> 
     </span>
    </p>
   </div>
   <div class='ocr_carea' id='block_1_16' title="bbox 516 1566 2180 1643">
    <p class='ocr_par' dir='ltr' id='par_1_16' title="bbox 516 1566 2180 1643">
     <span class='ocr_line' id='line_1_16' title="bbox 516 1566 2180 1643; baseline 0.001 -21"><span class='ocrx_word' id='word_1_94' title='bbox 516 1566 808 1639; x_wconf 69' lang='lat' dir='ltr'><strong>spoliatas,</strong></span> <span class='ocrx_word' id='word_1_95' title='bbox 825 1568 1088 1641; x_wconf 87' lang='lat' dir='ltr'><strong>idipsum</strong></span> <span class='ocrx_word' id='word_1_96' title='bbox 1109 1572 1276 1643; x_wconf 89' lang='lat' dir='ltr'><strong>quod</strong></span> <span class='ocrx_word' id='word_1_97' title='bbox 1297 1572 1562 1641; x_wconf 80' lang='lat' dir='ltr'><strong>evanuit,</strong></span> <span class='ocrx_word' id='word_1_98' title='bbox 1582 1570 1835 1627; x_wconf 89' lang='lat' dir='ltr'><strong>laudant</strong></span> <span class='ocrx_word' id='word_1_99' title='bbox 1854 1570 2180 1625; x_wconf 61' lang='lat' dir='ltr'><strong>aestimant-</strong></span> 
     </span>
    </p>
   </div>
   <div class='ocr_carea' id='block_1_17' title="bbox 515 1658 2179 1729">
    <p class='ocr_par' dir='ltr' id='par_1_17' title="bbox 515 1658 2179 1729">
     <span class='ocr_line' id='line_1_17' title="bbox 515 1658 2179 1729; baseline 0.001 -18"><span class='ocrx_word' id='word_1_100' title='bbox 515 1670 655 1727; x_wconf 89' lang='lat' dir='ltr'><strong>que.</strong></span> <span class='ocrx_word' id='word_1_101' title='bbox 674 1659 853 1713; x_wconf 86' lang='lat' dir='ltr'><strong>Porro</strong></span> <span class='ocrx_word' id='word_1_102' title='bbox 873 1674 1055 1714; x_wconf 89' lang='lat' dir='ltr'><strong>nemo</strong></span> <span class='ocrx_word' id='word_1_103' title='bbox 1075 1665 1354 1716; x_wconf 90' lang='lat' dir='ltr'><strong>nostrum</strong></span> <span class='ocrx_word' id='word_1_104' title='bbox 1373 1660 1665 1716; x_wconf 85' lang='lat' dir='ltr'><strong>immunis</strong></span> <span class='ocrx_word' id='word_1_105' title='bbox 1684 1666 1772 1715; x_wconf 90' lang='lat' dir='ltr'><strong>est</strong></span> <span class='ocrx_word' id='word_1_106' title='bbox 1791 1676 1827 1715; x_wconf 89' lang='lat' dir='ltr'><strong>a</strong></span> <span class='ocrx_word' id='word_1_107' title='bbox 1847 1658 2179 1729; x_wconf 81' lang='lat' dir='ltr'><strong>gratiarum</strong></span> 
     </span>
    </p>
   </div>
   <div class='ocr_carea' id='block_1_18' title="bbox 520 1746 2183 1820">
    <p class='ocr_par' dir='ltr' id='par_1_18' title="bbox 520 1746 2183 1820">
     <span class='ocr_line' id='line_1_18' title="bbox 520 1746 2183 1820; baseline 0 -19"><span class='ocrx_word' id='word_1_108' title='bbox 520 1746 756 1802; x_wconf 80' lang='lat' dir='ltr'><strong>actione</strong></span> <span class='ocrx_word' id='word_1_109' title='bbox 776 1747 858 1802; x_wconf 89' lang='lat' dir='ltr'><strong>ob</strong></span> <span class='ocrx_word' id='word_1_110' title='bbox 871 1747 1056 1803; x_wconf 91' lang='lat' dir='ltr'><strong>ullam</strong></span> <span class='ocrx_word' id='word_1_111' title='bbox 1079 1752 1216 1805; x_wconf 57' lang='lat' dir='ltr'><strong>vitae</strong></span> <span class='ocrx_word' id='word_1_112' title='bbox 1236 1750 1418 1820; x_wconf 87' lang='lat' dir='ltr'><strong>hujus</strong></span> <span class='ocrx_word' id='word_1_113' title='bbox 1435 1766 1622 1805; x_wconf 66' lang='lat' dir='ltr'><strong>mrum</strong></span> <span class='ocrx_word' id='word_1_114' title='bbox 1632 1765 1774 1805; x_wconf 90' lang='lat' dir='ltr'><strong>nam</strong></span> <span class='ocrx_word' id='word_1_115' title='bbox 1787 1764 1858 1804; x_wconf 91' lang='lat' dir='ltr'><strong>ac</strong></span> <span class='ocrx_word' id='word_1_116' title='bbox 1878 1747 2183 1804; x_wconf 60' lang='lat' dir='ltr'><strong>calamita‘</strong></span> 
     </span>
    </p>
   </div>
   <div class='ocr_carea' id='block_1_19' title="bbox 2283 583 3880 664">
    <p class='ocr_par' dir='ltr' id='par_1_19' title="bbox 2283 583 3880 664">
     <span class='ocr_line' id='line_1_19' title="bbox 2283 583 3880 664; baseline -0.006 -24"><span class='ocrx_word' id='word_1_117' title='bbox 2283 608 2382 640; x_wconf 87' lang='grc' dir='ltr'><strong>των</strong></span> <span class='ocrx_word' id='word_1_118' title='bbox 2445 586 2504 642; x_wconf 71' lang='grc' dir='ltr'><strong>δε</strong></span> <span class='ocrx_word' id='word_1_119' title='bbox 2568 594 2953 664; x_wconf 87' lang='grc' dir='ltr'><strong>περιεχόμενοι.</strong></span> <span class='ocrx_word' id='word_1_120' title='bbox 3025 583 3238 644; x_wconf 81' lang='grc' dir='ltr'><strong>Ἐπειδὴ</strong></span> <span class='ocrx_word' id='word_1_121' title='bbox 3314 588 3415 656; x_wconf 73' lang='grc' dir='ltr'><strong>γὰρ</strong></span> <span class='ocrx_word' id='word_1_122' title='bbox 3492 584 3880 659; x_wconf 72' lang='grc' dir='ltr'><strong>παρακειμένων</strong></span> 
     </span>
    </p>
   </div>
   <div class='ocr_carea' id='block_1_20' title="bbox 2281 670 3883 749">
    <p class='ocr_par' dir='ltr' id='par_1_20' title="bbox 2281 670 3883 749">
     <span class='ocr_line' id='line_1_20' title="bbox 2281 670 3883 749; baseline -0.006 -20"><span class='ocrx_word' id='word_1_123' title='bbox 2281 686 2381 729; x_wconf 87' lang='grc' dir='ltr'><strong>τῶν</strong></span> <span class='ocrx_word' id='word_1_124' title='bbox 2437 677 2492 729; x_wconf 83' lang='grc' dir='ltr'><strong>έκ</strong></span> <span class='ocrx_word' id='word_1_125' title='bbox 2532 687 2665 731; x_wconf 77' lang='grc' dir='ltr'><strong>Θεοῦ</strong></span> <span class='ocrx_word' id='word_1_126' title='bbox 2720 676 2925 749; x_wconf 83' lang='grc' dir='ltr'><strong>ἀγαθῶν</strong></span> <span class='ocrx_word' id='word_1_127' title='bbox 2983 675 3075 727; x_wconf 85' lang='grc' dir='ltr'><strong>οὐκ</strong></span> <span class='ocrx_word' id='word_1_128' title='bbox 3127 674 3566 748; x_wconf 65' lang='grc' dir='ltr'><strong>εὐχαριστοῦμεν,</strong></span> <span class='ocrx_word' id='word_1_129' title='bbox 3622 670 3883 742; x_wconf 85' lang='grc' dir='ltr'><strong>ἀναγκαία</strong></span> 
     </span>
    </p>
   </div>
   <div class='ocr_carea' id='block_1_21' title="bbox 2283 759 3881 840">
    <p class='ocr_par' dir='ltr' id='par_1_21' title="bbox 2283 759 3881 840">
     <span class='ocr_line' id='line_1_21' title="bbox 2283 759 3881 840; baseline -0.005 -21"><span class='ocrx_word' id='word_1_130' title='bbox 2283 771 2408 839; x_wconf 75' lang='grc' dir='ltr'><strong>ἡμῖν</strong></span> <span class='ocrx_word' id='word_1_131' title='bbox 2455 770 2482 826; x_wconf 75' lang='grc' dir='ltr'><em>ἡ</em></span> <span class='ocrx_word' id='word_1_132' title='bbox 2535 766 2809 840; x_wconf 68' lang='grc' dir='ltr'><strong>ἀφαίρεσις</strong></span> <span class='ocrx_word' id='word_1_133' title='bbox 2853 762 2946 818; x_wconf 76' lang='grc' dir='ltr'><strong>δια</strong></span> <span class='ocrx_word' id='word_1_134' title='bbox 2984 770 3077 823; x_wconf 78' lang='grc' dir='ltr'><strong>τὴν</strong></span> <span class='ocrx_word' id='word_1_135' title='bbox 3122 765 3374 822; x_wconf 81' lang='grc' dir='ltr'><strong>αἴσθησιν</strong></span> <span class='ocrx_word' id='word_1_136' title='bbox 3422 767 3641 835; x_wconf 82' lang='grc' dir='ltr'><strong>γίνεται.</strong></span> <span class='ocrx_word' id='word_1_137' title='bbox 3680 759 3881 833; x_wconf 80' lang='grc' dir='ltr'><strong>Ὠσπερ</strong></span> 
     </span>
    </p>
   </div>
   <div class='ocr_carea' id='block_1_22' title="bbox 2281 847 3885 930">
    <p class='ocr_par' dir='ltr' id='par_1_22' title="bbox 2281 847 3885 930">
     <span class='ocr_line' id='line_1_22' title="bbox 2281 847 3885 930; baseline -0.001 -22"><span class='ocrx_word' id='word_1_138' title='bbox 2281 859 2383 930; x_wconf 79' lang='grc' dir='ltr'><strong>γὰρ</strong></span> <span class='ocrx_word' id='word_1_139' title='bbox 2448 859 2497 909; x_wconf 84' lang='grc' dir='ltr'><strong>οἱ</strong></span> <span class='ocrx_word' id='word_1_140' title='bbox 2565 855 2820 929; x_wconf 75' lang='grc' dir='ltr'><strong>ὀφθαλμοὶ</strong></span> <span class='ocrx_word' id='word_1_141' title='bbox 2880 858 2938 907; x_wconf 81' lang='grc' dir='ltr'><strong>τὸ</strong></span> <span class='ocrx_word' id='word_1_142' title='bbox 2996 857 3127 927; x_wconf 84' lang='grc' dir='ltr'><strong>οἶγαν</strong></span> <span class='ocrx_word' id='word_1_143' title='bbox 3182 858 3553 928; x_wconf 80' lang='grc' dir='ltr'><strong>προσκείμενον</strong></span> <span class='ocrx_word' id='word_1_144' title='bbox 3617 851 3727 919; x_wconf 81' lang='grc'><strong>(71)</strong></span> <span class='ocrx_word' id='word_1_145' title='bbox 3778 847 3885 919; x_wconf 64' lang='grc' dir='ltr'><strong>οὐχ</strong></span> 
     </span>
    </p>
   </div>
   <div class='ocr_carea' id='block_1_23' title="bbox 2283 932 3880 1020">
    <p class='ocr_par' dir='ltr' id='par_1_23' title="bbox 2283 932 3880 1020">
     <span class='ocr_line' id='line_1_23' title="bbox 2283 932 3880 1020; baseline -0.006 -23"><span class='ocrx_word' id='word_1_146' title='bbox 2283 947 2496 1020; x_wconf 84' lang='grc' dir='ltr'><strong>ὁρῶσιν,</strong></span> <span class='ocrx_word' id='word_1_147' title='bbox 2555 932 2681 997; x_wconf 71' lang='grc' dir='ltr'><strong>ἀλλά</strong></span> <span class='ocrx_word' id='word_1_148' title='bbox 2735 942 2942 998; x_wconf 84' lang='grc' dir='ltr'><strong>δέονται</strong></span> <span class='ocrx_word' id='word_1_149' title='bbox 2993 947 3292 1018; x_wconf 75' lang='grc' dir='ltr'><strong>συμμέτρου</strong></span> <span class='ocrx_word' id='word_1_150' title='bbox 3345 945 3484 1001; x_wconf 82' lang='grc' dir='ltr'><strong>τινὸς</strong></span> <span class='ocrx_word' id='word_1_151' title='bbox 3524 938 3880 998; x_wconf 77' lang='grc' dir='ltr'><strong>ἀποστάσεως·</strong></span> 
     </span>
    </p>
   </div>
   <div class='ocr_carea' id='block_1_24' title="bbox 2282 1024 3885 1107">
    <p class='ocr_par' dir='ltr' id='par_1_24' title="bbox 2282 1024 3885 1107">
     <span class='ocr_line' id='line_1_24' title="bbox 2282 1024 3885 1107; baseline -0.007 -20"><span class='ocrx_word' id='word_1_152' title='bbox 2282 1035 2419 1087; x_wconf 78' lang='grc' dir='ltr'><strong>οὕτω</strong></span> <span class='ocrx_word' id='word_1_153' title='bbox 2474 1040 2563 1088; x_wconf 82' lang='grc' dir='ltr'><strong>καὶ</strong></span> <span class='ocrx_word' id='word_1_154' title='bbox 2607 1036 2662 1087; x_wconf 85' lang='grc' dir='ltr'><strong>αἱ</strong></span> <span class='ocrx_word' id='word_1_155' title='bbox 2713 1033 3002 1107; x_wconf 87' lang='grc' dir='ltr'><strong>ἀχάριστοι</strong></span> <span class='ocrx_word' id='word_1_156' title='bbox 3031 1033 3212 1104; x_wconf 70' lang='grc' dir='ltr'><strong>ψυχαὶ</strong></span> <span class='ocrx_word' id='word_1_157' title='bbox 3259 1031 3491 1083; x_wconf 80' lang='grc' dir='ltr'><strong>ἐοίκασιν</strong></span> <span class='ocrx_word' id='word_1_158' title='bbox 3538 1028 3589 1081; x_wconf 79' lang='grc' dir='ltr'><strong><em>ἓν</em></strong></span> <span class='ocrx_word' id='word_1_159' title='bbox 3744 1024 3885 1077; x_wconf 88' lang='grc' dir='ltr'><strong>ἀλλο-</strong></span> 
     </span>
    </p>
   </div>
   <div class='ocr_carea' id='block_1_25' title="bbox 2280 1118 3888 1197">
    <p class='ocr_par' dir='ltr' id='par_1_25' title="bbox 2280 1118 3888 1197">
     <span class='ocr_line' id='line_1_25' title="bbox 2280 1118 3888 1197; baseline -0.004 -20"><span class='ocrx_word' id='word_1_160' title='bbox 2280 1130 2495 1197; x_wconf 83' lang='grc' dir='ltr'><strong>τριώσει</strong></span> <span class='ocrx_word' id='word_1_161' title='bbox 2547 1125 2658 1193; x_wconf 82' lang='lat'><strong>(‘72)</strong></span> <span class='ocrx_word' id='word_1_162' title='bbox 2712 1133 2812 1177; x_wconf 84' lang='grc' dir='ltr'><strong>τῶν</strong></span> <span class='ocrx_word' id='word_1_163' title='bbox 2855 1125 3064 1197; x_wconf 78' lang='grc' dir='ltr'><strong>ἀγαθῶν</strong></span> <span class='ocrx_word' id='word_1_164' title='bbox 3112 1131 3209 1184; x_wconf 83' lang='grc' dir='ltr'><strong>τῆς</strong></span> <span class='ocrx_word' id='word_1_165' title='bbox 3259 1119 3623 1195; x_wconf 76' lang='grc' dir='ltr'><strong>παρελθούσης</strong></span> <span class='ocrx_word' id='word_1_166' title='bbox 3664 1118 3888 1189; x_wconf 78' lang='grc' dir='ltr'><strong>χάριτος</strong></span> 
     </span>
    </p>
   </div>
   <div class='ocr_carea' id='block_1_26' title="bbox 2281 1206 3891 1287">
    <p class='ocr_par' dir='ltr' id='par_1_26' title="bbox 2281 1206 3891 1287">
     <span class='ocr_line' id='line_1_26' title="bbox 2281 1206 3891 1287; baseline -0.007 -20"><span class='ocrx_word' id='word_1_167' title='bbox 2281 1213 2714 1272; x_wconf 76' lang='grc' dir='ltr'><strong>ὶπαισθάνεσθαι.</strong></span> <span class='ocrx_word' id='word_1_168' title='bbox 2768 1213 2893 1267; x_wconf 88' lang='grc' dir='ltr'><strong>Ὀτε</strong></span> <span class='ocrx_word' id='word_1_169' title='bbox 2955 1215 3056 1287; x_wconf 79' lang='grc' dir='ltr'><strong>γὰρ</strong></span> <span class='ocrx_word' id='word_1_170' title='bbox 3112 1211 3365 1264; x_wconf 75' lang='grc' dir='ltr'><strong>ἀπέλαυον</strong></span> <span class='ocrx_word' id='word_1_171' title='bbox 3433 1218 3531 1262; x_wconf 84' lang='grc' dir='ltr'><strong>τῶν</strong></span> <span class='ocrx_word' id='word_1_172' title='bbox 3596 1206 3891 1280; x_wconf 84' lang='grc' dir='ltr'><strong>χρηστοτέ·</strong></span> 
     </span>
    </p>
   </div>
   <div class='ocr_carea' id='block_1_27' title="bbox 2281 1294 3890 1377">
    <p class='ocr_par' dir='ltr' id='par_1_27' title="bbox 2281 1294 3890 1377">
     <span class='ocr_line' id='line_1_27' title="bbox 2281 1294 3890 1377; baseline -0.007 -22"><span class='ocrx_word' id='word_1_173' title='bbox 2281 1323 2403 1377; x_wconf 91' lang='grc' dir='ltr'><strong>ρων,</strong></span> <span class='ocrx_word' id='word_1_174' title='bbox 2436 1300 2688 1377; x_wconf 85' lang='grc' dir='ltr'><strong>οὐδεμίαν</strong></span> <span class='ocrx_word' id='word_1_175' title='bbox 2734 1306 2897 1377; x_wconf 87' lang='grc' dir='ltr'><strong>χάριν</strong></span> <span class='ocrx_word' id='word_1_176' title='bbox 2944 1312 3017 1373; x_wconf 80' lang='grc' dir='ltr'><strong>τῷ</strong></span> <span class='ocrx_word' id='word_1_177' title='bbox 3061 1298 3319 1354; x_wconf 76' lang='grc' dir='ltr'><strong>δεδωκότι</strong></span> <span class='ocrx_word' id='word_1_178' title='bbox 3362 1304 3723 1371; x_wconf 73' lang='grc' dir='ltr'><strong>γινώσκοντες,</strong></span> <span class='ocrx_word' id='word_1_179' title='bbox 3758 1294 3890 1367; x_wconf 85' lang='grc' dir='ltr'><strong>μετά</strong></span> 
     </span>
    </p>
   </div>
   <div class='ocr_carea' id='block_1_28' title="bbox 2280 1379 3890 1467">
    <p class='ocr_par' dir='ltr' id='par_1_28' title="bbox 2280 1379 3890 1467">
     <span class='ocr_line' id='line_1_28' title="bbox 2280 1379 3890 1467; baseline -0.008 -22"><span class='ocrx_word' id='word_1_180' title='bbox 2280 1398 2376 1452; x_wconf 78' lang='grc' dir='ltr'><strong>τὴν</strong></span> <span class='ocrx_word' id='word_1_181' title='bbox 2425 1396 2672 1467; x_wconf 72' lang='grc' dir='ltr'><strong>στέρησιν</strong></span> <span class='ocrx_word' id='word_1_182' title='bbox 2726 1397 2786 1445; x_wconf 86' lang='grc' dir='ltr'><strong>τό</strong></span> <span class='ocrx_word' id='word_1_183' title='bbox 2848 1392 3100 1467; x_wconf 85' lang='grc' dir='ltr'><strong>παρελθὸν</strong></span> <span class='ocrx_word' id='word_1_184' title='bbox 3153 1388 3553 1464; x_wconf 80' lang='grc' dir='ltr'><strong>μακαρίζουσιν.</strong></span> <span class='ocrx_word' id='word_1_185' title='bbox 3606 1384 3742 1439; x_wconf 80' lang='grc' dir='ltr'><strong>Ἀλλ’</strong></span> <span class='ocrx_word' id='word_1_186' title='bbox 3806 1379 3890 1433; x_wconf 89' lang='grc' dir='ltr'><strong>οὐ-</strong></span> 
     </span>
    </p>
   </div>
   <div class='ocr_carea' id='block_1_29' title="bbox 2286 1469 3891 1556">
    <p class='ocr_par' dir='ltr' id='par_1_29' title="bbox 2286 1469 3891 1556">
     <span class='ocr_line' id='line_1_29' title="bbox 2286 1469 3891 1556; baseline -0.01 -19"><span class='ocrx_word' id='word_1_187' title='bbox 2286 1481 2399 1545; x_wconf 83' lang='grc' dir='ltr'><strong>δεὶς</strong></span> <span class='ocrx_word' id='word_1_188' title='bbox 2442 1486 2587 1556; x_wconf 80' lang='grc' dir='ltr'><strong>ἡμῶν</strong></span> <span class='ocrx_word' id='word_1_189' title='bbox 2635 1481 2962 1534; x_wconf 88' lang='grc' dir='ltr'><strong>ἀποκλείεται</strong></span> <span class='ocrx_word' id='word_1_190' title='bbox 3000 1489 3093 1533; x_wconf 80' lang='grc' dir='ltr'><strong>τοῦ</strong></span> <span class='ocrx_word' id='word_1_191' title='bbox 3142 1480 3479 1552; x_wconf 68' lang='grc' dir='ltr'><strong>εὐχαριστεῖν</strong></span> <span class='ocrx_word' id='word_1_192' title='bbox 3523 1478 3609 1527; x_wconf 84' lang='grc' dir='ltr'><strong>ὐπ’</strong></span> <span class='ocrx_word' id='word_1_193' title='bbox 3638 1469 3891 1545; x_wconf 81' lang='grc' dir='ltr'><strong>οὐδεμιᾶς</strong></span> 
     </span>
    </p>
   </div>
   <div class='ocr_carea' id='block_1_30' title="bbox 2285 1559 3890 1647">
    <p class='ocr_par' dir='ltr' id='par_1_30' title="bbox 2285 1559 3890 1647">
     <span class='ocr_line' id='line_1_30' title="bbox 2285 1559 3890 1647; baseline -0.011 -21"><span class='ocrx_word' id='word_1_194' title='bbox 2285 1575 2647 1647; x_wconf 75' lang='grc' dir='ltr'><strong>περιστάσεως</strong></span> <span class='ocrx_word' id='word_1_195' title='bbox 2680 1571 2825 1645; x_wconf 80' lang='grc' dir='ltr'><strong>βίον,</strong></span> <span class='ocrx_word' id='word_1_196' title='bbox 2860 1571 2946 1623; x_wconf 73' lang='grc' dir='ltr'><strong>ἰὰν</strong></span> <span class='ocrx_word' id='word_1_197' title='bbox 2987 1571 3320 1643; x_wconf 68' lang='grc' dir='ltr'><strong>εὐγνωμόνως</strong></span> <span class='ocrx_word' id='word_1_198' title='bbox 3348 1566 3464 1638; x_wconf 82' lang='lat'><strong>(73)</strong></span> <span class='ocrx_word' id='word_1_199' title='bbox 3512 1564 3729 1617; x_wconf 64' lang='lat' dir='ltr'><strong>imae-rev</strong></span> <span class='ocrx_word' id='word_1_200' title='bbox 3773 1559 3890 1611; x_wconf 81' lang='grc' dir='ltr'><strong>ἐπι-</strong></span> 
     </span>
    </p>
   </div>
   <div class='ocr_carea' id='block_1_31' title="bbox 2287 1649 3892 1735">
    <p class='ocr_par' dir='ltr' id='par_1_31' title="bbox 2287 1649 3892 1735">
     <span class='ocr_line' id='line_1_31' title="bbox 2287 1649 3892 1735; baseline -0.009 -20"><span class='ocrx_word' id='word_1_201' title='bbox 2287 1662 2597 1733; x_wconf 81' lang='grc' dir='ltr'><strong>λογίζεσθαι</strong></span> <span class='ocrx_word' id='word_1_202' title='bbox 2647 1663 2791 1735; x_wconf 75' lang='grc' dir='ltr'><strong>θέλῃ.</strong></span> <span class='ocrx_word' id='word_1_203' title='bbox 2832 1660 3031 1723; x_wconf 78' lang='grc' dir='ltr'><strong>Πολλὰς</strong></span> <span class='ocrx_word' id='word_1_204' title='bbox 3076 1663 3178 1733; x_wconf 75' lang='grc' dir='ltr'><strong>γὰρ</strong></span> <span class='ocrx_word' id='word_1_205' title='bbox 3235 1656 3612 1730; x_wconf 79' lang='grc' dir='ltr'><strong>ἀναθεωρήσεις</strong></span> <span class='ocrx_word' id='word_1_206' title='bbox 3659 1655 3749 1703; x_wconf 88' lang='grc' dir='ltr'><strong>καὶ</strong></span> <span class='ocrx_word' id='word_1_207' title='bbox 3798 1649 3892 1702; x_wconf 90' lang='grc' dir='ltr'><strong>οὐκ</strong></span> 
     </span>
    </p>
   </div>
   <div class='ocr_carea' id='block_1_32' title="bbox 2293 1740 3889 1827">
    <p class='ocr_par' dir='ltr' id='par_1_32' title="bbox 2293 1740 3889 1827">
     <span class='ocr_line' id='line_1_32' title="bbox 2293 1740 3889 1827; baseline -0.009 -22"><span class='ocrx_word' id='word_1_208' title='bbox 2293 1751 2531 1827; x_wconf 83' lang='grc' dir='ltr'><strong>ἀτερπεῖς</strong></span> <span class='ocrx_word' id='word_1_209' title='bbox 2594 1754 2621 1804; x_wconf 87' lang='grc' dir='ltr'><strong>ό</strong></span> <span class='ocrx_word' id='word_1_210' title='bbox 2688 1752 2911 1804; x_wconf 80' lang='grc' dir='ltr'><strong>ἑκάστου</strong></span> <span class='ocrx_word' id='word_1_211' title='bbox 2978 1753 3125 1823; x_wconf 76' lang='grc' dir='ltr'><strong>ημῶν</strong></span> <span class='ocrx_word' id='word_1_212' title='bbox 3192 1746 3309 1821; x_wconf 85' lang='grc' dir='ltr'><strong>βίος</strong></span> <span class='ocrx_word' id='word_1_213' title='bbox 3373 1750 3639 1807; x_wconf 84' lang='grc' dir='ltr'><strong>κέκτηται,</strong></span> <span class='ocrx_word' id='word_1_214' title='bbox 3710 1740 3889 1813; x_wconf 82' lang='grc' dir='ltr'><strong>ἐάνπερ</strong></span> 
     </span>
    </p>
   </div>
   <div class='ocr_carea' id='block_1_33' title="bbox 518 1829 2191 1916">
    <p class='ocr_par' dir='ltr' id='par_1_33' title="bbox 518 1835 2180 1912">
     <span class='ocr_line' id='line_1_33' title="bbox 518 1835 2180 1912; baseline 0.001 -22"><span class='ocrx_word' id='word_1_215' title='bbox 518 1839 662 1903; x_wconf 82' lang='lat' dir='ltr'><strong>tem,</strong></span> <span class='ocrx_word' id='word_1_216' title='bbox 680 1835 727 1891; x_wconf 89' lang='lat' dir='ltr'>si</span> <span class='ocrx_word' id='word_1_217' title='bbox 740 1836 863 1892; x_wconf 87' lang='lat' dir='ltr'><strong>vult</strong></span> <span class='ocrx_word' id='word_1_218' title='bbox 877 1837 1118 1906; x_wconf 88' lang='lat' dir='ltr'><strong>singula</strong></span> <span class='ocrx_word' id='word_1_219' title='bbox 1140 1839 1536 1911; x_wconf 68' lang='lat' dir='ltr'><strong>animosequo</strong></span> <span class='ocrx_word' id='word_1_220' title='bbox 1557 1835 2180 1912; x_wconf 86' lang='lat' dir='ltr'><strong>perpendere.Etenim</strong></span> 
     </span>
    </p>
   </div>
   <div class='ocr_carea' id='block_1_34' title="bbox 2299 1829 3889 1916">
    <p class='ocr_par' dir='ltr' id='par_1_34' title="bbox 2299 1829 3889 1916">
     <span class='ocr_line' id='line_1_34' title="bbox 2299 1829 3889 1916; baseline -0.008 -24"><span class='ocrx_word' id='word_1_221' title='bbox 2299 1842 2397 1916; x_wconf 72' lang='grc' dir='ltr'><strong>ἄρα</strong></span> <span class='ocrx_word' id='word_1_222' title='bbox 2448 1836 2855 1912; x_wconf 81' lang='grc' dir='ltr'><strong>καταδεξὼμεθα</strong></span> <span class='ocrx_word' id='word_1_223' title='bbox 2905 1843 3036 1913; x_wconf 89' lang='grc' dir='ltr'><strong>πρός</strong></span> <span class='ocrx_word' id='word_1_224' title='bbox 3086 1841 3143 1891; x_wconf 85' lang='grc' dir='ltr'><strong>τό</strong></span> <span class='ocrx_word' id='word_1_225' title='bbox 3201 1834 3525 1895; x_wconf 79' lang='grc' dir='ltr'><strong>ύποϐεϐηκὸς</strong></span> <span class='ocrx_word' id='word_1_226' title='bbox 3560 1829 3889 1889; x_wconf 72' lang='grc' dir='ltr'><strong>ἀποϐλέπειν,</strong></span> 
     </span>
    </p>
   </div>
   <div class='ocr_carea' id='block_1_35' title="bbox 518 1924 2183 2000">
    <p class='ocr_par' dir='ltr' id='par_1_35' title="bbox 518 1924 2183 2000">
     <span class='ocr_line' id='line_1_35' title="bbox 518 1924 2183 2000; baseline 0.001 -21"><span class='ocrx_word' id='word_1_227' title='bbox 518 1924 643 1980; x_wconf 79' lang='lat' dir='ltr'><strong>vita</strong></span> <span class='ocrx_word' id='word_1_228' title='bbox 671 1924 1150 2000; x_wconf 83' lang='lat' dir='ltr'><strong>uniuscujusque</strong></span> <span class='ocrx_word' id='word_1_229' title='bbox 1170 1935 1444 1985; x_wconf 88' lang='lat' dir='ltr'><strong>nostrum</strong></span> <span class='ocrx_word' id='word_1_230' title='bbox 1466 1929 1651 1985; x_wconf 89' lang='lat' dir='ltr'><strong>habet</strong></span> <span class='ocrx_word' id='word_1_231' title='bbox 1674 1944 1797 1984; x_wconf 92' lang='lat' dir='ltr'><strong>non</strong></span> <span class='ocrx_word' id='word_1_232' title='bbox 1828 1941 2029 2000; x_wconf 88' lang='lat' dir='ltr'><strong>pauca</strong></span> <span class='ocrx_word' id='word_1_233' title='bbox 2046 1941 2183 1998; x_wconf 69' lang='lat' dir='ltr'><strong>qua:</strong></span> 
     </span>
    </p>
   </div>
   <div class='ocr_carea' id='block_1_36' title="bbox 519 2013 2184 2089">
    <p class='ocr_par' dir='ltr' id='par_1_36' title="bbox 519 2013 2184 2089">
     <span class='ocr_line' id='line_1_36' title="bbox 519 2013 2184 2089; baseline 0 -20"><span class='ocrx_word' id='word_1_234' title='bbox 519 2028 848 2086; x_wconf 87' lang='lat' dir='ltr'><strong>possumus</strong></span> <span class='ocrx_word' id='word_1_235' title='bbox 867 2032 1462 2089; x_wconf 70' lang='lat' dir='ltr'><strong>recensere,quaeque</strong></span> <span class='ocrx_word' id='word_1_236' title='bbox 1483 2017 1817 2088; x_wconf 87' lang='lat' dir='ltr'><strong>injucunda</strong></span> <span class='ocrx_word' id='word_1_237' title='bbox 1830 2032 1952 2073; x_wconf 90' lang='lat' dir='ltr'><strong>non</strong></span> <span class='ocrx_word' id='word_1_238' title='bbox 1965 2013 2184 2081; x_wconf 88' lang='lat' dir='ltr'><strong>sunt,si</strong></span> 
     </span>
    </p>
   </div>
   <div class='ocr_carea' id='block_1_37' title="bbox 521 2102 2185 2179">
    <p class='ocr_par' dir='ltr' id='par_1_37' title="bbox 521 2102 2185 2179">
     <span class='ocr_line' id='line_1_37' title="bbox 521 2102 2185 2179; baseline 0 -20"><span class='ocrx_word' id='word_1_239' title='bbox 521 2102 710 2159; x_wconf 89' lang='lat' dir='ltr'><strong>modo</strong></span> <span class='ocrx_word' id='word_1_240' title='bbox 730 2105 1025 2177; x_wconf 87' lang='lat' dir='ltr'><strong>respicere</strong></span> <span class='ocrx_word' id='word_1_241' title='bbox 1051 2106 1127 2162; x_wconf 85' lang='lat' dir='ltr'><strong>ad</strong></span> <span class='ocrx_word' id='word_1_242' title='bbox 1146 2107 1431 2164; x_wconf 81' lang='lat' dir='ltr'><strong>inferiora</strong></span> <span class='ocrx_word' id='word_1_243' title='bbox 1452 2107 1728 2168; x_wconf 82' lang='lat' dir='ltr'><strong>velimus,</strong></span> <span class='ocrx_word' id='word_1_244' title='bbox 1753 2107 1957 2179; x_wconf 86' lang='lat' dir='ltr'><strong>sicque</strong></span> <span class='ocrx_word' id='word_1_245' title='bbox 1979 2121 2052 2161; x_wconf 80' lang='lat' dir='ltr'><strong>ex</strong></span> <span class='ocrx_word' id='word_1_246' title='bbox 2072 2105 2185 2160; x_wconf 89' lang='lat' dir='ltr'><strong>ista</strong></span> 
     </span>
    </p>
   </div>
   <div class='ocr_carea' id='block_1_38' title="bbox 523 2193 2186 2269">
    <p class='ocr_par' dir='ltr' id='par_1_38' title="bbox 523 2193 2186 2269">
     <span class='ocr_line' id='line_1_38' title="bbox 523 2193 2186 2269; baseline 0 -21"><span class='ocrx_word' id='word_1_247' title='bbox 523 2207 660 2248; x_wconf 90' lang='lat' dir='ltr'><strong>cum</strong></span> <span class='ocrx_word' id='word_1_248' title='bbox 682 2208 743 2247; x_wconf 91' lang='lat' dir='ltr'><strong>re</strong></span> <span class='ocrx_word' id='word_1_249' title='bbox 766 2193 1043 2250; x_wconf 86' lang='lat' dir='ltr'><strong>deteriori</strong></span> <span class='ocrx_word' id='word_1_250' title='bbox 1056 2196 1746 2269; x_wconf 88' lang='lat' dir='ltr'><strong>eomparatione,quanti</strong></span> <span class='ocrx_word' id='word_1_251' title='bbox 1764 2195 1932 2267; x_wconf 86' lang='lat' dir='ltr'><strong>pretii</strong></span> <span class='ocrx_word' id='word_1_252' title='bbox 1954 2195 2069 2250; x_wconf 91' lang='lat' dir='ltr'><strong>hoc</strong></span> <span class='ocrx_word' id='word_1_253' title='bbox 2083 2209 2186 2249; x_wconf 90' lang='lat' dir='ltr'><strong>no-</strong></span> 
     </span>
    </p>
   </div>
   <div class='ocr_carea' id='block_1_39' title="bbox 523 2281 2186 2356">
    <p class='ocr_par' dir='ltr' id='par_1_39' title="bbox 523 2281 2186 2356">
     <span class='ocr_line' id='line_1_39' title="bbox 523 2281 2186 2356; baseline 0.001 -20"><span class='ocrx_word' id='word_1_254' title='bbox 523 2286 714 2337; x_wconf 89' lang='lat' dir='ltr'><strong>strum</strong></span> <span class='ocrx_word' id='word_1_255' title='bbox 735 2281 966 2340; x_wconf 91' lang='lat' dir='ltr'><strong>bonum</strong></span> <span class='ocrx_word' id='word_1_256' title='bbox 980 2285 1053 2340; x_wconf 86' lang='lat' dir='ltr'><strong>sit</strong></span> <span class='ocrx_word' id='word_1_257' title='bbox 1072 2286 1741 2356; x_wconf 83' lang='lat' dir='ltr'><strong>expendamus.Servus</strong></span> <span class='ocrx_word' id='word_1_258' title='bbox 1753 2286 1857 2341; x_wconf 86' lang='lat' dir='ltr'><strong>es?</strong></span> <span class='ocrx_word' id='word_1_259' title='bbox 1879 2284 2065 2339; x_wconf 80' lang='lat' dir='ltr'><strong>Adest</strong></span> <span class='ocrx_word' id='word_1_260' title='bbox 2084 2283 2186 2339; x_wconf 88' lang='lat' dir='ltr'><strong>ali-</strong></span> 
     </span>
    </p>
   </div>
   <div class='ocr_carea' id='block_1_40' title="bbox 522 2369 2183 2447">
    <p class='ocr_par' dir='ltr' id='par_1_40' title="bbox 522 2369 2183 2447">
     <span class='ocr_line' id='line_1_40' title="bbox 522 2369 2183 2447; baseline 0.008 -24"><span class='ocrx_word' id='word_1_261' title='bbox 522 2369 663 2441; x_wconf 86' lang='lat' dir='ltr'><strong>quis</strong></span> <span class='ocrx_word' id='word_1_262' title='bbox 676 2375 730 2426; x_wconf 88' lang='lat' dir='ltr'><strong>te</strong></span> <span class='ocrx_word' id='word_1_263' title='bbox 743 2370 1058 2441; x_wconf 89' lang='lat' dir='ltr'><strong>dejectior;</strong></span> <span class='ocrx_word' id='word_1_264' title='bbox 1081 2374 1306 2444; x_wconf 82' lang='lat' dir='ltr'><strong>gratias</strong></span> <span class='ocrx_word' id='word_1_265' title='bbox 1320 2374 1602 2446; x_wconf 80' lang='lat' dir='ltr'><strong>repende,</strong></span> <span class='ocrx_word' id='word_1_266' title='bbox 1618 2375 1784 2447; x_wconf 84' lang='lat' dir='ltr'><strong>quod</strong></span> <span class='ocrx_word' id='word_1_267' title='bbox 1800 2374 1900 2428; x_wconf 82' lang='lat' dir='ltr'><strong>uni</strong></span> <span class='ocrx_word' id='word_1_268' title='bbox 1914 2378 2183 2443; x_wconf 63' lang='lat' dir='ltr'><strong>praestes,</strong></span> 
     </span>
    </p>
   </div>
   <div class='ocr_carea' id='block_1_41' title="bbox 524 2457 2188 2536">
    <p class='ocr_par' dir='ltr' id='par_1_41' title="bbox 524 2457 2188 2536">
     <span class='ocr_line' id='line_1_41' title="bbox 524 2457 2188 2536; baseline 0.001 -23"><span class='ocrx_word' id='word_1_269' title='bbox 524 2457 688 2529; x_wconf 90' lang='lat' dir='ltr'><strong>quod</strong></span> <span class='ocrx_word' id='word_1_270' title='bbox 709 2475 832 2515; x_wconf 88' lang='lat' dir='ltr'><strong>non</strong></span> <span class='ocrx_word' id='word_1_271' title='bbox 855 2461 935 2516; x_wconf 91' lang='lat' dir='ltr'><strong>sis</strong></span> <span class='ocrx_word' id='word_1_272' title='bbox 947 2461 1223 2519; x_wconf 87' lang='lat' dir='ltr'><strong>addictus</strong></span> <span class='ocrx_word' id='word_1_273' title='bbox 1245 2464 1524 2536; x_wconf 90' lang='lat' dir='ltr'><strong>pistrino,</strong></span> <span class='ocrx_word' id='word_1_274' title='bbox 1539 2463 1705 2536; x_wconf 91' lang='lat' dir='ltr'><strong>quod</strong></span> <span class='ocrx_word' id='word_1_275' title='bbox 1724 2462 1936 2535; x_wconf 86' lang='lat' dir='ltr'><strong>plagas</strong></span> <span class='ocrx_word' id='word_1_276' title='bbox 1960 2477 2079 2516; x_wconf 89' lang='lat' dir='ltr'><strong>non</strong></span> <span class='ocrx_word' id='word_1_277' title='bbox 2094 2477 2188 2516; x_wconf 89' lang='lat' dir='ltr'><strong>ac-</strong></span> 
     </span>
    </p>
   </div>
   <div class='ocr_carea' id='block_1_42' title="bbox 526 2545 2188 2624">
    <p class='ocr_par' dir='ltr' id='par_1_42' title="bbox 526 2545 2188 2624">
     <span class='ocr_line' id='line_1_42' title="bbox 526 2545 2188 2624; baseline 0.002 -24"><span class='ocrx_word' id='word_1_278' title='bbox 526 2545 740 2617; x_wconf 85' lang='lat' dir='ltr'><strong>cipias.</strong></span> <span class='ocrx_word' id='word_1_279' title='bbox 771 2554 854 2605; x_wconf 79' lang='lat' dir='ltr'><strong>Ac</strong></span> <span class='ocrx_word' id='word_1_280' title='bbox 884 2565 961 2605; x_wconf 90' lang='lat' dir='ltr'><strong>ne</strong></span> <span class='ocrx_word' id='word_1_281' title='bbox 988 2551 1128 2607; x_wconf 86' lang='lat' dir='ltr'><strong>huic</strong></span> <span class='ocrx_word' id='word_1_282' title='bbox 1170 2551 1419 2624; x_wconf 90' lang='lat' dir='ltr'><strong>quidem</strong></span> <span class='ocrx_word' id='word_1_283' title='bbox 1449 2552 1779 2623; x_wconf 87' lang='lat' dir='ltr'><strong>gratiarum</strong></span> <span class='ocrx_word' id='word_1_284' title='bbox 1809 2550 2188 2620; x_wconf 89' lang='lat' dir='ltr'><strong>agendarum</strong></span> 
     </span>
    </p>
   </div>
   <div class='ocr_carea' id='block_1_43' title="bbox 526 2634 2188 2714">
    <p class='ocr_par' dir='ltr' id='par_1_43' title="bbox 526 2634 2188 2714">
     <span class='ocr_line' id='line_1_43' title="bbox 526 2634 2188 2714; baseline 0.002 -24"><span class='ocrx_word' id='word_1_285' title='bbox 526 2634 824 2693; x_wconf 64' lang='lat' dir='ltr'><strong>defuturae</strong></span> <span class='ocrx_word' id='word_1_286' title='bbox 880 2645 1021 2695; x_wconf 88' lang='lat' dir='ltr'><strong>sunt</strong></span> <span class='ocrx_word' id='word_1_287' title='bbox 1076 2657 1305 2697; x_wconf 75' lang='lat' dir='ltr'><strong>causae.</strong></span> <span class='ocrx_word' id='word_1_288' title='bbox 1371 2644 1572 2714; x_wconf 90' lang='lat' dir='ltr'><strong>Neque</strong></span> <span class='ocrx_word' id='word_1_289' title='bbox 1628 2641 1789 2696; x_wconf 89' lang='lat' dir='ltr'><strong>enim</strong></span> <span class='ocrx_word' id='word_1_290' title='bbox 1839 2645 2071 2696; x_wconf 90' lang='lat' dir='ltr'><strong>tenetur</strong></span> <span class='ocrx_word' id='word_1_291' title='bbox 2126 2640 2188 2695; x_wconf 92' lang='lat' dir='ltr'><strong>in</strong></span> 
     </span>
    </p>
   </div>
   <div class='ocr_carea' id='block_1_44' title="bbox 531 2726 2191 2803">
    <p class='ocr_par' dir='ltr' id='par_1_44' title="bbox 531 2726 2191 2803">
     <span class='ocr_line' id='line_1_44' title="bbox 531 2726 2191 2803; baseline 0.001 -21"><span class='ocrx_word' id='word_1_292' title='bbox 531 2726 957 2798; x_wconf 88' lang='lat' dir='ltr'><strong>compedibus,</strong></span> <span class='ocrx_word' id='word_1_293' title='bbox 988 2745 1187 2803; x_wconf 85' lang='lat' dir='ltr'><strong>neque</strong></span> <span class='ocrx_word' id='word_1_294' title='bbox 1210 2730 1432 2800; x_wconf 90' lang='lat' dir='ltr'><strong>ligatus</strong></span> <span class='ocrx_word' id='word_1_295' title='bbox 1470 2734 1533 2785; x_wconf 92' lang='lat' dir='ltr'><strong>in</strong></span> <span class='ocrx_word' id='word_1_296' title='bbox 1574 2730 1739 2799; x_wconf 90' lang='lat' dir='ltr'><strong>ligno</strong></span> <span class='ocrx_word' id='word_1_297' title='bbox 1777 2736 1884 2785; x_wconf 91' lang='lat' dir='ltr'><strong>est.</strong></span> <span class='ocrx_word' id='word_1_298' title='bbox 1922 2729 2074 2785; x_wconf 89' lang='lat' dir='ltr'><strong>Satis</strong></span> <span class='ocrx_word' id='word_1_299' title='bbox 2099 2734 2191 2784; x_wconf 87' lang='lat' dir='ltr'><strong>est</strong></span> 
     </span>
    </p>
   </div>
   <div class='ocr_carea' id='block_1_45' title="bbox 526 2816 2190 2892">
    <p class='ocr_par' dir='ltr' id='par_1_45' title="bbox 526 2816 2190 2892">
     <span class='ocr_line' id='line_1_45' title="bbox 526 2816 2190 2892; baseline 0.002 -22"><span class='ocrx_word' id='word_1_300' title='bbox 526 2828 729 2872; x_wconf 61' lang='lat' dir='ltr'><strong>causa;</strong></span> <span class='ocrx_word' id='word_1_301' title='bbox 760 2816 956 2873; x_wconf 83' lang='lat' dir='ltr'><strong>vincto</strong></span> <span class='ocrx_word' id='word_1_302' title='bbox 976 2819 1056 2875; x_wconf 91' lang='lat' dir='ltr'><strong>ad</strong></span> <span class='ocrx_word' id='word_1_303' title='bbox 1077 2820 1305 2890; x_wconf 86' lang='lat' dir='ltr'><strong>gratias</strong></span> <span class='ocrx_word' id='word_1_304' title='bbox 1326 2820 1725 2875; x_wconf 83' lang='lat' dir='ltr'><strong>exsolvendas</strong></span> <span class='ocrx_word' id='word_1_305' title='bbox 1761 2820 1900 2892; x_wconf 90' lang='lat' dir='ltr'><strong>ipsa</strong></span> <span class='ocrx_word' id='word_1_306' title='bbox 1934 2819 2078 2874; x_wconf 84' lang='lat' dir='ltr'><strong>vita.</strong></span> <span class='ocrx_word' id='word_1_307' title='bbox 2104 2818 2190 2873; x_wconf 89' lang='lat' dir='ltr'><strong>Vi-</strong></span> 
     </span>
    </p>
   </div>
   <div class='ocr_carea' id='block_1_46' title="bbox 535 2903 2193 2980">
    <p class='ocr_par' dir='ltr' id='par_1_46' title="bbox 535 2903 2193 2980">
     <span class='ocr_line' id='line_1_46' title="bbox 535 2903 2193 2980; baseline 0.002 -21"><span class='ocrx_word' id='word_1_308' title='bbox 535 2903 640 2960; x_wconf 88' lang='lat' dir='ltr'><strong>det</strong></span> <span class='ocrx_word' id='word_1_309' title='bbox 668 2905 880 2971; x_wconf 90' lang='lat' dir='ltr'><strong>solem,</strong></span> <span class='ocrx_word' id='word_1_310' title='bbox 908 2908 1123 2980; x_wconf 89' lang='lat' dir='ltr'><strong>spiritu</strong></span> <span class='ocrx_word' id='word_1_311' title='bbox 1167 2925 1369 2965; x_wconf 89' lang='lat' dir='ltr'><strong>aerem</strong></span> <span class='ocrx_word' id='word_1_312' title='bbox 1416 2909 1605 2973; x_wconf 91' lang='lat' dir='ltr'><strong>ducit,</strong></span> <span class='ocrx_word' id='word_1_313' title='bbox 1636 2909 1851 2965; x_wconf 88' lang='lat' dir='ltr'><strong>horum</strong></span> <span class='ocrx_word' id='word_1_314' title='bbox 1882 2908 2075 2977; x_wconf 87' lang='lat' dir='ltr'><strong>gratia</strong></span> <span class='ocrx_word' id='word_1_315' title='bbox 2103 2923 2193 2962; x_wconf 89' lang='lat' dir='ltr'><strong>re-</strong></span> 
     </span>
    </p>
   </div>
   <div class='ocr_carea' id='block_1_47' title="bbox 527 2994 2195 3069">
    <p class='ocr_par' dir='ltr' id='par_1_47' title="bbox 527 2994 2195 3069">
     <span class='ocr_line' id='line_1_47' title="bbox 527 2994 2195 3069; baseline 0.001 -20"><span class='ocrx_word' id='word_1_316' title='bbox 527 2994 1001 3065; x_wconf 88' lang='lat' dir='ltr'><strong>penditgratias.</strong></span> <span class='ocrx_word' id='word_1_317' title='bbox 1026 2997 1303 3054; x_wconf 86' lang='lat' dir='ltr'><strong>Plecteris</strong></span> <span class='ocrx_word' id='word_1_318' title='bbox 1324 2998 1670 3055; x_wconf 87' lang='lat' dir='ltr'><strong>immerito?</strong></span> <span class='ocrx_word' id='word_1_319' title='bbox 1709 2997 1916 3053; x_wconf 84' lang='lat' dir='ltr'><strong>Gaude</strong></span> <span class='ocrx_word' id='word_1_320' title='bbox 1960 3012 2067 3069; x_wconf 85' lang='lat' dir='ltr'><strong>spe</strong></span> <span class='ocrx_word' id='word_1_321' title='bbox 2105 2996 2195 3052; x_wconf 85' lang='lat' dir='ltr'><strong>iu-</strong></span> 
     </span>
    </p>
   </div>
   <div class='ocr_carea' id='block_1_48' title="bbox 527 3084 2192 3155">
    <p class='ocr_par' dir='ltr' id='par_1_48' title="bbox 527 3084 2192 3155">
     <span class='ocr_line' id='line_1_48' title="bbox 527 3084 2192 3155; baseline 0.002 -20"><span class='ocrx_word' id='word_1_322' title='bbox 527 3084 824 3140; x_wconf 89' lang='lat' dir='ltr'><strong>turorum.</strong></span> <span class='ocrx_word' id='word_1_323' title='bbox 856 3085 993 3141; x_wconf 87' lang='lat' dir='ltr'><strong>Jure</strong></span> <span class='ocrx_word' id='word_1_324' title='bbox 1023 3086 1465 3142; x_wconf 87' lang='lat' dir='ltr'><strong>condemnatus</strong></span> <span class='ocrx_word' id='word_1_325' title='bbox 1500 3102 1563 3141; x_wconf 91' lang='lat' dir='ltr'><strong>es</strong></span> <span class='ocrx_word' id='word_1_326' title='bbox 1584 3086 1612 3142; x_wconf 93' lang='lat'><strong>?</strong></span> <span class='ocrx_word' id='word_1_327' title='bbox 1657 3086 1749 3143; x_wconf 91' lang='lat' dir='ltr'><strong>Sic</strong></span> <span class='ocrx_word' id='word_1_328' title='bbox 1778 3085 1961 3141; x_wconf 88' lang='lat' dir='ltr'><strong>etiam</strong></span> <span class='ocrx_word' id='word_1_329' title='bbox 1994 3089 2192 3155; x_wconf 90' lang='lat' dir='ltr'><strong>grates</strong></span> 
     </span>
    </p>
   </div>
   <div class='ocr_carea' id='block_1_49' title="bbox 2291 1920 3893 2002">
    <p class='ocr_par' dir='ltr' id='par_1_49' title="bbox 2291 1920 3893 2002">
     <span class='ocr_line' id='line_1_49' title="bbox 2291 1920 3893 2002; baseline -0.001 -21"><span class='ocrx_word' id='word_1_330' title='bbox 2291 1934 2381 1982; x_wconf 85' lang='grc' dir='ltr'><strong>καὶ</strong></span> <span class='ocrx_word' id='word_1_331' title='bbox 2438 1930 2601 1990; x_wconf 78' lang='grc' dir='ltr'><strong>οὕτως</strong></span> <span class='ocrx_word' id='word_1_332' title='bbox 2657 1927 2713 1980; x_wconf 75' lang='grc' dir='ltr'><strong>ἐκ</strong></span> <span class='ocrx_word' id='word_1_333' title='bbox 2767 1936 2863 1990; x_wconf 83' lang='grc' dir='ltr'><strong>τῆς</strong></span> <span class='ocrx_word' id='word_1_334' title='bbox 2918 1931 3051 2002; x_wconf 87' lang='grc' dir='ltr'><strong>πρὸς</strong></span> <span class='ocrx_word' id='word_1_335' title='bbox 3100 1931 3159 1979; x_wconf 90' lang='grc' dir='ltr'><strong>τὸ</strong></span> <span class='ocrx_word' id='word_1_336' title='bbox 3220 1933 3399 2000; x_wconf 88' lang='grc' dir='ltr'><strong>χεῖρον</strong></span> <span class='ocrx_word' id='word_1_337' title='bbox 3458 1922 3785 1996; x_wconf 75' lang='grc' dir='ltr'><strong>συγκρίσεως</strong></span> <span class='ocrx_word' id='word_1_338' title='bbox 3833 1920 3893 1968; x_wconf 77' lang='grc' dir='ltr'><strong>τὸ</strong></span> 
     </span>
    </p>
   </div>
   <div class='ocr_carea' id='block_1_50' title="bbox 2292 2008 3895 2095">
    <p class='ocr_par' dir='ltr' id='par_1_50' title="bbox 2292 2008 3895 2095">
     <span class='ocr_line' id='line_1_50' title="bbox 2292 2008 3895 2095; baseline -0.008 -23"><span class='ocrx_word' id='word_1_339' title='bbox 2292 2022 2537 2095; x_wconf 81' lang='grc' dir='ltr'><strong>ὑπάρχον</strong></span> <span class='ocrx_word' id='word_1_340' title='bbox 2603 2021 2727 2092; x_wconf 81' lang='grc' dir='ltr'><strong>ἡμῖν</strong></span> <span class='ocrx_word' id='word_1_341' title='bbox 2791 2018 3023 2091; x_wconf 84' lang='grc' dir='ltr'><strong>ἀγαθόν,</strong></span> <span class='ocrx_word' id='word_1_342' title='bbox 3089 2023 3258 2070; x_wconf 90' lang='grc' dir='ltr'><strong>πόσου</strong></span> <span class='ocrx_word' id='word_1_343' title='bbox 3325 2018 3461 2077; x_wconf 84' lang='grc' dir='ltr'><strong>τινός</strong></span> <span class='ocrx_word' id='word_1_344' title='bbox 3523 2013 3666 2076; x_wconf 79' lang='grc' dir='ltr'><strong>ἄξιόν</strong></span> <span class='ocrx_word' id='word_1_345' title='bbox 3732 2008 3895 2072; x_wconf 70' lang='grc' dir='ltr'><strong>ἔστιν,</strong></span> 
     </span>
    </p>
   </div>
   <div class='ocr_carea' id='block_1_51' title="bbox 2294 2101 3897 2184">
    <p class='ocr_par' dir='ltr' id='par_1_51' title="bbox 2294 2101 3897 2184">
     <span class='ocr_line' id='line_1_51' title="bbox 2294 2101 3897 2184; baseline -0.009 -21"><span class='ocrx_word' id='word_1_346' title='bbox 2294 2110 2581 2184; x_wconf 78' lang='grc' dir='ltr'><strong>ἐκμετρεῖν.</strong></span> <span class='ocrx_word' id='word_1_347' title='bbox 2641 2110 2863 2171; x_wconf 79' lang='grc' dir='ltr'><strong>Οἰκέτης</strong></span> <span class='ocrx_word' id='word_1_348' title='bbox 2913 2104 2996 2175; x_wconf 74' lang='grc' dir='ltr'><strong>εἷς</strong></span> <span class='ocrx_word' id='word_1_349' title='bbox 3023 2107 3207 2179; x_wconf 80' lang='grc' dir='ltr'><strong>Ἔχεις</strong></span> <span class='ocrx_word' id='word_1_350' title='bbox 3256 2111 3342 2159; x_wconf 89' lang='grc' dir='ltr'><strong>τόν</strong></span> <span class='ocrx_word' id='word_1_351' title='bbox 3397 2111 3617 2157; x_wconf 81' lang='grc' dir='ltr'><strong>σεαυτοῦ</strong></span> <span class='ocrx_word' id='word_1_352' title='bbox 3664 2101 3897 2153; x_wconf 86' lang='grc' dir='ltr'><strong>ταπεινό-</strong></span> 
     </span>
    </p>
   </div>
   <div class='ocr_carea' id='block_1_52' title="bbox 2292 2187 3896 2274">
    <p class='ocr_par' dir='ltr' id='par_1_52' title="bbox 2292 2187 3896 2274">
     <span class='ocr_line' id='line_1_52' title="bbox 2292 2187 3896 2274; baseline -0.008 -22"><span class='ocrx_word' id='word_1_353' title='bbox 2292 2219 2456 2274; x_wconf 89' lang='grc' dir='ltr'><strong>τερον·</strong></span> <span class='ocrx_word' id='word_1_354' title='bbox 2488 2200 2818 2274; x_wconf 83' lang='grc' dir='ltr'><strong>εὐχαρίστει,</strong></span> <span class='ocrx_word' id='word_1_355' title='bbox 2870 2200 2950 2251; x_wconf 85' lang='grc' dir='ltr'><strong>ὅτι</strong></span> <span class='ocrx_word' id='word_1_356' title='bbox 3000 2198 3108 2260; x_wconf 75' lang='grc' dir='ltr'><strong>ἰνὸς</strong></span> <span class='ocrx_word' id='word_1_357' title='bbox 3154 2200 3447 2271; x_wconf 76' lang='grc' dir='ltr'><strong>ὑπερέχεις,</strong></span> <span class='ocrx_word' id='word_1_358' title='bbox 3482 2196 3562 2246; x_wconf 84' lang='grc' dir='ltr'><strong>ὅτι</strong></span> <span class='ocrx_word' id='word_1_359' title='bbox 3608 2197 3677 2264; x_wconf 81' lang='grc' dir='ltr'><strong>μη</strong></span> <span class='ocrx_word' id='word_1_360' title='bbox 3732 2187 3779 2240; x_wconf 81' lang='grc' dir='ltr'><strong>ἑν</strong></span> <span class='ocrx_word' id='word_1_361' title='bbox 3822 2195 3896 2258; x_wconf 82' lang='grc' dir='ltr'><strong>τῷ</strong></span> 
     </span>
    </p>
   </div>
   <div class='ocr_carea' id='block_1_53' title="bbox 2293 2277 3887 2363">
    <p class='ocr_par' dir='ltr' id='par_1_53' title="bbox 2293 2277 3887 2363">
     <span class='ocr_line' id='line_1_53' title="bbox 2293 2277 3887 2363; baseline -0.009 -22"><span class='ocrx_word' id='word_1_362' title='bbox 2293 2289 2490 2363; x_wconf 81' lang='grc' dir='ltr'><strong>μυλῶνι</strong></span> <span class='ocrx_word' id='word_1_363' title='bbox 2549 2284 3004 2351; x_wconf 84' lang='grc' dir='ltr'><strong>καταδεδίκασαί,</strong></span> <span class='ocrx_word' id='word_1_364' title='bbox 3057 2288 3137 2339; x_wconf 86' lang='grc' dir='ltr'><strong>ὅτι</strong></span> <span class='ocrx_word' id='word_1_365' title='bbox 3194 2290 3266 2358; x_wconf 77' lang='grc' dir='ltr'><strong>μὴ</strong></span> <span class='ocrx_word' id='word_1_366' title='bbox 3325 2283 3531 2355; x_wconf 80' lang='grc' dir='ltr'><strong>πληγὰς</strong></span> <span class='ocrx_word' id='word_1_367' title='bbox 3585 2277 3887 2352; x_wconf 78' lang='grc' dir='ltr'><strong>λαμϐάνεις,</strong></span> 
     </span>
    </p>
   </div>
   <div class='ocr_carea' id='block_1_54' title="bbox 2295 2369 3897 2449">
    <p class='ocr_par' dir='ltr' id='par_1_54' title="bbox 2295 2369 3897 2449">
     <span class='ocr_line' id='line_1_54' title="bbox 2295 2369 3897 2449; baseline -0.011 -17"><span class='ocrx_word' id='word_1_368' title='bbox 2295 2380 2405 2432; x_wconf 88' lang='grc' dir='ltr'><strong>Οὐκ</strong></span> <span class='ocrx_word' id='word_1_369' title='bbox 2473 2377 2823 2449; x_wconf 54' lang='grc' dir='ltr'><strong>ἐπιλείψουσιν</strong></span> <span class='ocrx_word' id='word_1_370' title='bbox 2890 2374 3013 2429; x_wconf 66' lang='grc' dir='ltr'><strong>οὐδὲ</strong></span> <span class='ocrx_word' id='word_1_371' title='bbox 3069 2384 3250 2439; x_wconf 78' lang='grc' dir='ltr'><strong>τοῦτον</strong></span> <span class='ocrx_word' id='word_1_372' title='bbox 3304 2375 3359 2426; x_wconf 86' lang='grc' dir='ltr'><strong>αἱ</strong></span> <span class='ocrx_word' id='word_1_373' title='bbox 3411 2380 3501 2425; x_wconf 84' lang='grc' dir='ltr'><strong>τού</strong></span> <span class='ocrx_word' id='word_1_374' title='bbox 3565 2369 3897 2441; x_wconf 72' lang='grc' dir='ltr'><strong>εὐχαριστεῖν</strong></span> 
     </span>
    </p>
   </div>
   <div class='ocr_carea' id='block_1_55' title="bbox 2297 2454 3888 2541">
    <p class='ocr_par' dir='ltr' id='par_1_55' title="bbox 2297 2454 3888 2541">
     <span class='ocr_line' id='line_1_55' title="bbox 2297 2454 3888 2541; baseline -0.008 -21"><span class='ocrx_word' id='word_1_375' title='bbox 2297 2467 2554 2541; x_wconf 68' lang='grc' dir='ltr'><strong>ἀφορμαί.</strong></span> <span class='ocrx_word' id='word_1_376' title='bbox 2613 2468 2690 2519; x_wconf 88' lang='grc' dir='ltr'><strong>Οὐ</strong></span> <span class='ocrx_word' id='word_1_377' title='bbox 2738 2470 2839 2540; x_wconf 81' lang='grc' dir='ltr'><strong>γὰρ</strong></span> <span class='ocrx_word' id='word_1_378' title='bbox 2886 2469 3001 2539; x_wconf 73' lang='grc' dir='ltr'><strong>ἔχει</strong></span> <span class='ocrx_word' id='word_1_379' title='bbox 3048 2461 3236 2528; x_wconf 81' lang='grc' dir='ltr'><strong>πέδας,</strong></span> <span class='ocrx_word' id='word_1_380' title='bbox 3283 2463 3342 2515; x_wconf 88' lang='grc' dir='ltr'><strong>οὐ</strong></span> <span class='ocrx_word' id='word_1_381' title='bbox 3388 2458 3601 2514; x_wconf 78' lang='grc' dir='ltr'><strong>δέδεται</strong></span> <span class='ocrx_word' id='word_1_382' title='bbox 3631 2456 3678 2509; x_wconf 72' lang='grc' dir='ltr'><strong>ἓν</strong></span> <span class='ocrx_word' id='word_1_383' title='bbox 3726 2454 3888 2526; x_wconf 83' lang='grc' dir='ltr'><strong>ξύλῳ.</strong></span> 
     </span>
    </p>
   </div>
   <div class='ocr_carea' id='block_1_56' title="bbox 2292 2543 3897 2629">
    <p class='ocr_par' dir='ltr' id='par_1_56' title="bbox 2292 2543 3897 2629">
     <span class='ocr_line' id='line_1_56' title="bbox 2292 2543 3897 2629; baseline -0.002 -20"><span class='ocrx_word' id='word_1_384' title='bbox 2292 2557 2353 2609; x_wconf 87' lang='grc' dir='ltr'><strong>Ὀ</strong></span> <span class='ocrx_word' id='word_1_385' title='bbox 2384 2554 2662 2629; x_wconf 78' lang='grc' dir='ltr'><strong>δεσμώτης</strong></span> <span class='ocrx_word' id='word_1_386' title='bbox 2709 2557 2822 2627; x_wconf 78' lang='grc' dir='ltr'><strong>ἔχει</strong></span> <span class='ocrx_word' id='word_1_387' title='bbox 2870 2560 2928 2608; x_wconf 89' lang='grc' dir='ltr'><strong>τὸ</strong></span> <span class='ocrx_word' id='word_1_388' title='bbox 2981 2556 3077 2628; x_wconf 69' lang='grc' dir='ltr'><strong>ζῇν</strong></span> <span class='ocrx_word' id='word_1_389' title='bbox 3126 2553 3388 2628; x_wconf 83' lang='grc' dir='ltr'><strong>ἀρκοῦσαν</strong></span> <span class='ocrx_word' id='word_1_390' title='bbox 3417 2550 3655 2625; x_wconf 74' lang='grc' dir='ltr'><strong>ἀφορμὴν</strong></span> <span class='ocrx_word' id='word_1_391' title='bbox 3699 2545 3771 2606; x_wconf 80' lang='grc' dir='ltr'><strong>εἰς</strong></span> <span class='ocrx_word' id='word_1_392' title='bbox 3810 2543 3897 2596; x_wconf 69' lang='grc' dir='ltr'><strong>εὖ·-</strong></span> 
     </span>
    </p>
   </div>
   <div class='ocr_carea' id='block_1_57' title="bbox 2297 2637 3898 2720">
    <p class='ocr_par' dir='ltr' id='par_1_57' title="bbox 2297 2637 3898 2720">
     <span class='ocr_line' id='line_1_57' title="bbox 2297 2637 3898 2720; baseline -0.009 -21"><span class='ocrx_word' id='word_1_393' title='bbox 2297 2651 2608 2720; x_wconf 86' lang='grc' dir='ltr'><strong>χαριστίαν·</strong></span> <span class='ocrx_word' id='word_1_394' title='bbox 2638 2645 2783 2704; x_wconf 74' lang='grc' dir='ltr'><strong>ἣλιον</strong></span> <span class='ocrx_word' id='word_1_395' title='bbox 2833 2648 2947 2720; x_wconf 79' lang='grc' dir='ltr'><strong>ὁρᾷ,</strong></span> <span class='ocrx_word' id='word_1_396' title='bbox 2996 2644 3207 2697; x_wconf 86' lang='grc' dir='ltr'><strong>ἀναπνεῖ</strong></span> <span class='ocrx_word' id='word_1_397' title='bbox 3248 2647 3334 2695; x_wconf 80' lang='grc' dir='ltr'><strong>τὸν</strong></span> <span class='ocrx_word' id='word_1_398' title='bbox 3385 2640 3531 2715; x_wconf 74' lang='grc' dir='ltr'><strong>ἀέρα,</strong></span> <span class='ocrx_word' id='word_1_399' title='bbox 3574 2637 3654 2691; x_wconf 72' lang='grc' dir='ltr'><strong>ἰπὶ</strong></span> <span class='ocrx_word' id='word_1_400' title='bbox 3696 2637 3898 2694; x_wconf 82' lang='grc' dir='ltr'><strong>τούτοις</strong></span> 
     </span>
    </p>
   </div>
   <div class='ocr_carea' id='block_1_58' title="bbox 2298 2721 3899 2808">
    <p class='ocr_par' dir='ltr' id='par_1_58' title="bbox 2298 2721 3899 2808">
     <span class='ocr_line' id='line_1_58' title="bbox 2298 2721 3899 2808; baseline -0.011 -17"><span class='ocrx_word' id='word_1_401' title='bbox 2298 2736 2626 2808; x_wconf 80' lang='grc' dir='ltr'><strong>εὐχαριστεῖ.</strong></span> <span class='ocrx_word' id='word_1_402' title='bbox 2662 2732 2885 2796; x_wconf 83' lang='grc' dir='ltr'><strong>Ἀδίκως</strong></span> <span class='ocrx_word' id='word_1_403' title='bbox 2936 2734 3173 2806; x_wconf 73' lang='grc' dir='ltr'><strong>κολάζης</strong></span> <span class='ocrx_word' id='word_1_404' title='bbox 3231 2739 3304 2805; x_wconf 75' lang='grc' dir='ltr'><strong>Τῇ</strong></span> <span class='ocrx_word' id='word_1_405' title='bbox 3355 2739 3455 2782; x_wconf 87' lang='grc' dir='ltr'><strong>τῶν</strong></span> <span class='ocrx_word' id='word_1_406' title='bbox 3501 2726 3785 2802; x_wconf 80' lang='grc' dir='ltr'><strong>μελλόντων</strong></span> <span class='ocrx_word' id='word_1_407' title='bbox 3825 2721 3899 2774; x_wconf 80' lang='grc' dir='ltr'><strong>έλ-</strong></span> 
     </span>
    </p>
   </div>
   <div class='ocr_carea' id='block_1_59' title="bbox 2297 2813 3899 2897">
    <p class='ocr_par' dir='ltr' id='par_1_59' title="bbox 2297 2813 3899 2897">
     <span class='ocr_line' id='line_1_59' title="bbox 2297 2813 3899 2897; baseline -0.009 -21"><span class='ocrx_word' id='word_1_408' title='bbox 2297 2820 2423 2876; x_wconf 84' lang='grc' dir='ltr'><strong>πίδι</strong></span> <span class='ocrx_word' id='word_1_409' title='bbox 2451 2826 2628 2897; x_wconf 84' lang='grc' dir='ltr'><strong>χαῖρε.</strong></span> <span class='ocrx_word' id='word_1_410' title='bbox 2680 2828 2866 2885; x_wconf 89' lang='grc' dir='ltr'><strong>Δικίως</strong></span> <span class='ocrx_word' id='word_1_411' title='bbox 2910 2819 3339 2886; x_wconf 75' lang='grc' dir='ltr'><strong>κατεδικάσθηςς</strong></span> <span class='ocrx_word' id='word_1_412' title='bbox 3390 2822 3492 2871; x_wconf 76' lang='grc' dir='ltr'><strong>Καὶ</strong></span> <span class='ocrx_word' id='word_1_413' title='bbox 3536 2815 3699 2875; x_wconf 76' lang='grc' dir='ltr'><strong>οὓτως</strong></span> <span class='ocrx_word' id='word_1_414' title='bbox 3730 2813 3899 2884; x_wconf 87' lang='grc' dir='ltr'><strong>εὐχα-</strong></span> 
     </span>
    </p>
   </div>
   <div class='ocr_carea' id='block_1_60' title="bbox 2300 2900 3905 2987">
    <p class='ocr_par' dir='ltr' id='par_1_60' title="bbox 2300 2900 3905 2987">
     <span class='ocr_line' id='line_1_60' title="bbox 2300 2900 3905 2987; baseline -0.009 -22"><span class='ocrx_word' id='word_1_415' title='bbox 2300 2918 2487 2987; x_wconf 85' lang='grc' dir='ltr'><strong>ρίστει,</strong></span> <span class='ocrx_word' id='word_1_416' title='bbox 2543 2909 2764 2966; x_wconf 70' lang='grc' dir='ltr'><strong>ενταῦθα</strong></span> <span class='ocrx_word' id='word_1_417' title='bbox 2819 2917 2908 2970; x_wconf 74' lang='grc' dir='ltr'><strong>τὴν</strong></span> <span class='ocrx_word' id='word_1_418' title='bbox 2964 2909 3119 2969; x_wconf 84' lang='grc' dir='ltr'><strong>δίκην</strong></span> <span class='ocrx_word' id='word_1_419' title='bbox 3171 2918 3272 2962; x_wconf 85' lang='grc' dir='ltr'><strong>τῶν</strong></span> <span class='ocrx_word' id='word_1_420' title='bbox 3327 2906 3713 2979; x_wconf 80' lang='grc' dir='ltr'><strong>τετολμημένων</strong></span> <span class='ocrx_word' id='word_1_421' title='bbox 3780 2900 3905 2953; x_wconf 85' lang='grc' dir='ltr'><strong>ἀπο-</strong></span> 
     </span>
    </p>
   </div>
   <div class='ocr_carea' id='block_1_61' title="bbox 2300 2995 3899 3076">
    <p class='ocr_par' dir='ltr' id='par_1_61' title="bbox 2300 2995 3899 3076">
     <span class='ocr_line' id='line_1_61' title="bbox 2300 2995 3899 3076; baseline -0.008 -22"><span class='ocrx_word' id='word_1_422' title='bbox 2300 3007 2489 3071; x_wconf 81' lang='grc' dir='ltr'><strong>τιννὺς,</strong></span> <span class='ocrx_word' id='word_1_423' title='bbox 2542 3003 2673 3055; x_wconf 87' lang='grc' dir='ltr'><strong>ἀλλὰ</strong></span> <span class='ocrx_word' id='word_1_424' title='bbox 2724 3007 2795 3076; x_wconf 82' lang='grc' dir='ltr'><strong>μὴ</strong></span> <span class='ocrx_word' id='word_1_425' title='bbox 2848 3001 2926 3055; x_wconf 73' lang='grc' dir='ltr'><strong>ἔπ’</strong></span> <span class='ocrx_word' id='word_1_426' title='bbox 2971 3000 3232 3074; x_wconf 78' lang='grc' dir='ltr'><strong>ἀκεραίοις</strong></span> <span class='ocrx_word' id='word_1_427' title='bbox 3283 3005 3396 3058; x_wconf 88' lang='grc' dir='ltr'><strong>τοῖς</strong></span> <span class='ocrx_word' id='word_1_428' title='bbox 3442 2995 3789 3069; x_wconf 76' lang='grc' dir='ltr'><strong>ἁμαρτήμασι</strong></span> <span class='ocrx_word' id='word_1_429' title='bbox 3838 2997 3899 3061; x_wconf 77' lang='grc' dir='ltr'><strong>τῇ</strong></span> 
     </span>
    </p>
   </div>
   <div class='ocr_carea' id='block_1_62' title="bbox 2302 3080 3907 3165">
    <p class='ocr_par' dir='ltr' id='par_1_62' title="bbox 2302 3080 3907 3165">
     <span class='ocr_line' id='line_1_62' title="bbox 2302 3080 3907 3165; baseline -0.01 -20"><span class='ocrx_word' id='word_1_430' title='bbox 2302 3092 2486 3164; x_wconf 82' lang='grc' dir='ltr'><strong>αἰωνίᾳ</strong></span> <span class='ocrx_word' id='word_1_431' title='bbox 2529 3091 2743 3144; x_wconf 85' lang='grc' dir='ltr'><strong>κολάσει</strong></span> <span class='ocrx_word' id='word_1_432' title='bbox 2780 3092 3094 3165; x_wconf 84' lang='grc' dir='ltr'><strong>ταμιευθείς.</strong></span> <span class='ocrx_word' id='word_1_433' title='bbox 3130 3090 3276 3142; x_wconf 84' lang='grc' dir='ltr'><strong>Κατὰ</strong></span> <span class='ocrx_word' id='word_1_434' title='bbox 3322 3083 3389 3144; x_wconf 78' lang='grc' dir='ltr'><strong>δὴ</strong></span> <span class='ocrx_word' id='word_1_435' title='bbox 3434 3088 3522 3137; x_wconf 91' lang='grc' dir='ltr'><strong>τὸν</strong></span> <span class='ocrx_word' id='word_1_436' title='bbox 3561 3083 3717 3135; x_wconf 87' lang='grc' dir='ltr'><strong>αὐτόν</strong></span> <span class='ocrx_word' id='word_1_437' title='bbox 3756 3080 3907 3151; x_wconf 86' lang='grc' dir='ltr'><strong>λόγον</strong></span> 
     </span>
    </p>
   </div>
   <div class='ocr_carea' id='block_1_63' title="bbox 534 3168 2191 3254">
    <p class='ocr_par' dir='ltr' id='par_1_63' title="bbox 534 3172 2191 3247">
     <span class='ocr_line' id='line_1_63' title="bbox 534 3172 2191 3247; baseline 0.002 -22"><span class='ocrx_word' id='word_1_438' title='bbox 534 3184 670 3239; x_wconf 87' lang='lat' dir='ltr'><strong>age,</strong></span> <span class='ocrx_word' id='word_1_439' title='bbox 697 3172 864 3243; x_wconf 93' lang='lat' dir='ltr'><strong>quod</strong></span> <span class='ocrx_word' id='word_1_440' title='bbox 884 3172 982 3229; x_wconf 89' lang='lat' dir='ltr'><strong>hic</strong></span> <span class='ocrx_word' id='word_1_441' title='bbox 1003 3174 1241 3230; x_wconf 88' lang='lat' dir='ltr'><strong>dederis</strong></span> <span class='ocrx_word' id='word_1_442' title='bbox 1260 3175 1557 3231; x_wconf 88' lang='lat' dir='ltr'><strong>scelerum</strong></span> <span class='ocrx_word' id='word_1_443' title='bbox 1587 3190 1827 3247; x_wconf 68' lang='lat' dir='ltr'><strong>poenas,</strong></span> <span class='ocrx_word' id='word_1_444' title='bbox 1848 3190 1972 3230; x_wconf 91' lang='lat' dir='ltr'><strong>non</strong></span> <span class='ocrx_word' id='word_1_445' title='bbox 1994 3178 2191 3229; x_wconf 88' lang='lat' dir='ltr'><strong>autem</strong></span> 
     </span>
    </p>
   </div>
   <div class='ocr_carea' id='block_1_64' title="bbox 2299 3168 3910 3254">
    <p class='ocr_par' dir='ltr' id='par_1_64' title="bbox 2308 3168 3910 3254">
     <span class='ocr_line' id='line_1_64' title="bbox 2308 3168 3910 3254; baseline -0.007 -19"><span class='ocrx_word' id='word_1_446' title='bbox 2308 3181 2392 3235; x_wconf 70' lang='grc' dir='ltr'><strong>ἐπὶ</strong></span> <span class='ocrx_word' id='word_1_447' title='bbox 2448 3185 2641 3243; x_wconf 87' lang='grc' dir='ltr'><strong>παντὸς</strong></span> <span class='ocrx_word' id='word_1_448' title='bbox 2687 3180 2810 3254; x_wconf 82' lang='grc' dir='ltr'><strong>βίου</strong></span> <span class='ocrx_word' id='word_1_449' title='bbox 2865 3185 2956 3233; x_wconf 86' lang='grc' dir='ltr'><strong>καὶ</strong></span> <span class='ocrx_word' id='word_1_450' title='bbox 3001 3182 3204 3232; x_wconf 87' lang='grc' dir='ltr'><strong>πάντων</strong></span> <span class='ocrx_word' id='word_1_451' title='bbox 3253 3171 3681 3246; x_wconf 78' lang='grc' dir='ltr'><strong>ἐπιτηδευμάτων</strong></span> <span class='ocrx_word' id='word_1_452' title='bbox 3743 3168 3910 3231; x_wconf 77' lang='grc' dir='ltr'><strong>ἔξεστι</strong></span> 
     </span>
    </p>
   </div>
   <div class='ocr_carea' id='block_1_65' title="bbox 535 3256 2199 3337">
    <p class='ocr_par' dir='ltr' id='par_1_65' title="bbox 535 3256 2199 3337">
     <span class='ocr_line' id='line_1_65' title="bbox 535 3256 2199 3337; baseline 0.002 -25"><span class='ocrx_word' id='word_1_453' title='bbox 535 3256 614 3312; x_wconf 83' lang='lat' dir='ltr'><strong>sis</strong></span> <span class='ocrx_word' id='word_1_454' title='bbox 635 3258 716 3314; x_wconf 82' lang='lat' dir='ltr'><strong>ob</strong></span> <span class='ocrx_word' id='word_1_455' title='bbox 736 3260 1036 3334; x_wconf 88' lang='lat' dir='ltr'><strong>impunita</strong></span> <span class='ocrx_word' id='word_1_456' title='bbox 1056 3270 1307 3335; x_wconf 87' lang='lat' dir='ltr'><strong>peccata</strong></span> <span class='ocrx_word' id='word_1_457' title='bbox 1329 3264 1629 3337; x_wconf 77' lang='lat' dir='ltr'><strong>supplicio</strong></span> <span class='ocrx_word' id='word_1_458' title='bbox 1651 3270 1878 3321; x_wconf 82' lang='lat' dir='ltr'><strong>aeterno</strong></span> <span class='ocrx_word' id='word_1_459' title='bbox 1900 3268 2199 3318; x_wconf 83' lang='lat' dir='ltr'><strong>servatus.</strong></span> 
     </span>
    </p>
   </div>
   <div class='ocr_carea' id='block_1_66' title="bbox 538 3348 2204 3426">
    <p class='ocr_par' dir='ltr' id='par_1_66' title="bbox 538 3348 2204 3426">
     <span class='ocr_line' id='line_1_66' title="bbox 538 3348 2204 3426; baseline 0.001 -22"><span class='ocrx_word' id='word_1_460' title='bbox 538 3348 706 3404; x_wconf 81' lang='lat' dir='ltr'><strong>Hunc</strong></span> <span class='ocrx_word' id='word_1_461' title='bbox 728 3350 802 3405; x_wconf 84' lang='lat' dir='ltr'><strong>ad</strong></span> <span class='ocrx_word' id='word_1_462' title='bbox 826 3351 1079 3408; x_wconf 88' lang='lat' dir='ltr'><strong>modum</strong></span> <span class='ocrx_word' id='word_1_463' title='bbox 1106 3358 1306 3424; x_wconf 89' lang='lat' dir='ltr'><strong>potest</strong></span> <span class='ocrx_word' id='word_1_464' title='bbox 1322 3354 1427 3426; x_wconf 88' lang='lat' dir='ltr'><strong>qui</strong></span> <span class='ocrx_word' id='word_1_465' title='bbox 1448 3360 1653 3424; x_wconf 83' lang='lat' dir='ltr'><strong>gratus</strong></span> <span class='ocrx_word' id='word_1_466' title='bbox 1674 3366 1783 3422; x_wconf 81' lang='lat' dir='ltr'><strong>est,</strong></span> <span class='ocrx_word' id='word_1_467' title='bbox 1804 3354 1865 3409; x_wconf 90' lang='lat' dir='ltr'><strong>in</strong></span> <span class='ocrx_word' id='word_1_468' title='bbox 1883 3352 2049 3408; x_wconf 87' lang='lat' dir='ltr'><strong>omni</strong></span> <span class='ocrx_word' id='word_1_469' title='bbox 2078 3351 2204 3407; x_wconf 84' lang='lat' dir='ltr'><strong>vita</strong></span> 
     </span>
    </p>
   </div>
   <div class='ocr_carea' id='block_1_67' title="bbox 538 3436 2204 3515">
    <p class='ocr_par' dir='ltr' id='par_1_67' title="bbox 538 3436 2204 3515">
     <span class='ocr_line' id='line_1_67' title="bbox 538 3436 2204 3515; baseline 0.003 -25"><span class='ocrx_word' id='word_1_470' title='bbox 538 3442 596 3491; x_wconf 89' lang='lat' dir='ltr'><strong>et</strong></span> <span class='ocrx_word' id='word_1_471' title='bbox 616 3436 674 3491; x_wconf 91' lang='lat' dir='ltr'><strong>in</strong></span> <span class='ocrx_word' id='word_1_472' title='bbox 698 3440 867 3495; x_wconf 91' lang='lat' dir='ltr'><strong>omni</strong></span> <span class='ocrx_word' id='word_1_473' title='bbox 886 3441 1161 3498; x_wconf 83' lang='lat' dir='ltr'><strong>instituto</strong></span> <span class='ocrx_word' id='word_1_474' title='bbox 1194 3457 1305 3515; x_wconf 90' lang='lat' dir='ltr'><strong>pro</strong></span> <span class='ocrx_word' id='word_1_475' title='bbox 1326 3444 1724 3513; x_wconf 63' lang='lat' dir='ltr'><strong>praesentibus</strong></span> <span class='ocrx_word' id='word_1_476' title='bbox 1764 3444 1943 3499; x_wconf 84' lang='lat' dir='ltr'><strong>bonis</strong></span> <span class='ocrx_word' id='word_1_477' title='bbox 1965 3441 2204 3513; x_wconf 89' lang='lat' dir='ltr'><strong>amplas</strong></span> 
     </span>
    </p>
   </div>
   <div class='ocr_carea' id='block_1_68' title="bbox 540 3523 2203 3605">
    <p class='ocr_par' dir='ltr' id='par_1_68' title="bbox 540 3523 2203 3605">
     <span class='ocr_line' id='line_1_68' title="bbox 540 3523 2203 3605; baseline 0.002 -24"><span class='ocrx_word' id='word_1_478' title='bbox 540 3523 946 3584; x_wconf 82' lang='lat' dir='ltr'><strong>benefacienu</strong></span> <span class='ocrx_word' id='word_1_479' title='bbox 977 3532 1199 3599; x_wconf 88' lang='lat' dir='ltr'><strong>gratias</strong></span> <span class='ocrx_word' id='word_1_480' title='bbox 1228 3548 1538 3605; x_wconf 88' lang='lat' dir='ltr'><strong>peragere.</strong></span> <span class='ocrx_word' id='word_1_481' title='bbox 1567 3536 1732 3589; x_wconf 90' lang='lat' dir='ltr'><strong>Nunc</strong></span> <span class='ocrx_word' id='word_1_482' title='bbox 1778 3537 2004 3597; x_wconf 90' lang='lat' dir='ltr'><strong>autem,</strong></span> <span class='ocrx_word' id='word_1_483' title='bbox 2035 3529 2203 3603; x_wconf 89' lang='lat' dir='ltr'><strong>quod</strong></span> 
     </span>
    </p>
   </div>
   <div class='ocr_carea' id='block_1_69' title="bbox 541 3618 2201 3696">
    <p class='ocr_par' dir='ltr' id='par_1_69' title="bbox 541 3618 2201 3696">
     <span class='ocr_line' id='line_1_69' title="bbox 541 3618 2201 3696; baseline 0.002 -25"><span class='ocrx_word' id='word_1_484' title='bbox 541 3618 805 3674; x_wconf 88' lang='lat' dir='ltr'><strong>morosis</strong></span> <span class='ocrx_word' id='word_1_485' title='bbox 842 3619 1193 3678; x_wconf 87' lang='lat' dir='ltr'><strong>hominibus</strong></span> <span class='ocrx_word' id='word_1_486' title='bbox 1213 3623 1452 3683; x_wconf 85' lang='lat' dir='ltr'><strong>accidit.</strong></span> <span class='ocrx_word' id='word_1_487' title='bbox 1475 3623 1534 3679; x_wconf 87' lang='lat' dir='ltr'><strong>id</strong></span> <span class='ocrx_word' id='word_1_488' title='bbox 1556 3625 1849 3693; x_wconf 86' lang='lat' dir='ltr'><strong>contingit</strong></span> <span class='ocrx_word' id='word_1_489' title='bbox 1872 3622 2201 3696; x_wconf 83' lang='lat' dir='ltr'><strong>plerisque,</strong></span> 
     </span>
    </p>
   </div>
   <div class='ocr_carea' id='block_1_70' title="bbox 539 3703 2204 3781">
    <p class='ocr_par' dir='ltr' id='par_1_70' title="bbox 539 3703 2204 3781">
     <span class='ocr_line' id='line_1_70' title="bbox 539 3703 2204 3781; baseline 0.003 -23"><span class='ocrx_word' id='word_1_490' title='bbox 539 3703 817 3763; x_wconf 83' lang='lat' dir='ltr'><strong>videlicet</strong></span> <span class='ocrx_word' id='word_1_491' title='bbox 848 3715 912 3764; x_wconf 89' lang='lat' dir='ltr'><strong>ut</strong></span> <span class='ocrx_word' id='word_1_492' title='bbox 950 3712 1272 3781; x_wconf 61' lang='lat' dir='ltr'><strong>presentia</strong></span> <span class='ocrx_word' id='word_1_493' title='bbox 1305 3711 1641 3774; x_wconf 84' lang='lat' dir='ltr'><strong>fastidiunt.</strong></span> <span class='ocrx_word' id='word_1_494' title='bbox 1663 3712 1745 3767; x_wconf 90' lang='lat' dir='ltr'><strong>ita</strong></span> <span class='ocrx_word' id='word_1_495' title='bbox 1765 3710 2039 3768; x_wconf 87' lang='lat' dir='ltr'><strong>absentia</strong></span> <span class='ocrx_word' id='word_1_496' title='bbox 2057 3723 2204 3764; x_wconf 87' lang='lat' dir='ltr'><strong>eon-</strong></span> 
     </span>
    </p>
   </div>
   <div class='ocr_carea' id='block_1_71' title="bbox 539 3795 2207 3873">
    <p class='ocr_par' dir='ltr' id='par_1_71' title="bbox 539 3795 2207 3873">
     <span class='ocr_line' id='line_1_71' title="bbox 539 3795 2207 3873; baseline 0.001 -25"><span class='ocrx_word' id='word_1_497' title='bbox 539 3795 883 3866; x_wconf 91' lang='lat' dir='ltr'><strong>eupiscunt.</strong></span> <span class='ocrx_word' id='word_1_498' title='bbox 917 3801 1120 3872; x_wconf 81' lang='lat' dir='ltr'><strong>Neque</strong></span> <span class='ocrx_word' id='word_1_499' title='bbox 1159 3800 1319 3856; x_wconf 90' lang='lat' dir='ltr'><strong>enim</strong></span> <span class='ocrx_word' id='word_1_500' title='bbox 1369 3816 1474 3856; x_wconf 90' lang='lat' dir='ltr'><strong>eos</strong></span> <span class='ocrx_word' id='word_1_501' title='bbox 1512 3801 1618 3872; x_wconf 91' lang='lat' dir='ltr'><strong>qui</strong></span> <span class='ocrx_word' id='word_1_502' title='bbox 1646 3800 1857 3873; x_wconf 88' lang='lat' dir='ltr'><strong>seipsis</strong></span> <span class='ocrx_word' id='word_1_503' title='bbox 1895 3798 2207 3855; x_wconf 74' lang='lat' dir='ltr'><strong>inferiores</strong></span> 
     </span>
    </p>
   </div>
   <div class='ocr_carea' id='block_1_72' title="bbox 534 3888 2206 3961">
    <p class='ocr_par' dir='ltr' id='par_1_72' title="bbox 534 3888 2206 3961">
     <span class='ocr_line' id='line_1_72' title="bbox 534 3888 2206 3961; baseline 0.003 -25"><span class='ocrx_word' id='word_1_504' title='bbox 534 3890 677 3938; x_wconf 85' lang='lat' dir='ltr'><strong>sunt</strong></span> <span class='ocrx_word' id='word_1_505' title='bbox 711 3894 1165 3957; x_wconf 90' lang='lat' dir='ltr'><strong>enumerantes,</strong></span> <span class='ocrx_word' id='word_1_506' title='bbox 1190 3888 1460 3958; x_wconf 84' lang='lat' dir='ltr'><strong>largitori</strong></span> <span class='ocrx_word' id='word_1_507' title='bbox 1505 3888 1779 3944; x_wconf 88' lang='lat' dir='ltr'><strong>beneﬁco</strong></span> <span class='ocrx_word' id='word_1_508' title='bbox 1811 3904 1922 3961; x_wconf 90' lang='lat' dir='ltr'><strong>pro</strong></span> <span class='ocrx_word' id='word_1_509' title='bbox 1964 3888 2035 3942; x_wconf 91' lang='lat' dir='ltr'><strong>iis</strong></span> <span class='ocrx_word' id='word_1_510' title='bbox 2070 3903 2206 3959; x_wconf 69' lang='lat' dir='ltr'><strong>qua:</strong></span> 
     </span>
    </p>
   </div>
   <div class='ocr_carea' id='block_1_73' title="bbox 538 3969 2203 4050">
    <p class='ocr_par' dir='ltr' id='par_1_73' title="bbox 538 3969 2203 4050">
     <span class='ocr_line' id='line_1_73' title="bbox 538 3969 2203 4050; baseline 0.004 -25"><span class='ocrx_word' id='word_1_511' title='bbox 538 3969 767 4031; x_wconf 83' lang='lat' dir='ltr'><strong>habent</strong></span> <span class='ocrx_word' id='word_1_512' title='bbox 815 3976 1039 4045; x_wconf 86' lang='lat' dir='ltr'><strong>gratias</strong></span> <span class='ocrx_word' id='word_1_513' title='bbox 1085 3977 1440 4050; x_wconf 79' lang='lat' dir='ltr'><strong>persolvunt</strong></span> <span class='ocrx_word' id='word_1_514' title='bbox 1471 3994 1484 4033; x_wconf 92' lang='lat'>:</span> <span class='ocrx_word' id='word_1_515' title='bbox 1516 3978 1639 4032; x_wconf 92' lang='lat' dir='ltr'><strong>imo</strong></span> <span class='ocrx_word' id='word_1_516' title='bbox 1687 3978 1817 4048; x_wconf 90' lang='lat' dir='ltr'><strong>ejus</strong></span> <span class='ocrx_word' id='word_1_517' title='bbox 1855 3977 2023 4048; x_wconf 90' lang='lat' dir='ltr'><strong>quod</strong></span> <span class='ocrx_word' id='word_1_518' title='bbox 2053 3991 2203 4048; x_wconf 64' lang='lat' dir='ltr'><strong>prae-</strong></span> 
     </span>
    </p>
   </div>
   <div class='ocr_carea' id='block_1_74' title="bbox 540 4062 2205 4138">
    <p class='ocr_par' dir='ltr' id='par_1_74' title="bbox 540 4062 2205 4138">
     <span class='ocr_line' id='line_1_74' title="bbox 540 4062 2205 4138; baseline 0.002 -23"><span class='ocrx_word' id='word_1_519' title='bbox 540 4062 796 4117; x_wconf 88' lang='lat' dir='ltr'><strong>stantius</strong></span> <span class='ocrx_word' id='word_1_520' title='bbox 817 4069 907 4120; x_wconf 91' lang='lat' dir='ltr'><strong>est</strong></span> <span class='ocrx_word' id='word_1_521' title='bbox 925 4065 1401 4138; x_wconf 90' lang='lat' dir='ltr'><strong>comparatione,</strong></span> <span class='ocrx_word' id='word_1_522' title='bbox 1418 4070 1715 4138; x_wconf 89' lang='lat' dir='ltr'><strong>quantum</strong></span> <span class='ocrx_word' id='word_1_523' title='bbox 1736 4070 2098 4138; x_wconf 90' lang='lat' dir='ltr'><strong>superentur</strong></span> <span class='ocrx_word' id='word_1_524' title='bbox 2116 4079 2205 4118; x_wconf 87' lang='lat' dir='ltr'><strong>re-</strong></span> 
     </span>
    </p>
   </div>
   <div class='ocr_carea' id='block_1_75' title="bbox 542 4152 2201 4226">
    <p class='ocr_par' dir='ltr' id='par_1_75' title="bbox 542 4152 2201 4226">
     <span class='ocr_line' id='line_1_75' title="bbox 542 4152 2201 4226; baseline 0.002 -21"><span class='ocrx_word' id='word_1_525' title='bbox 542 4155 845 4222; x_wconf 90' lang='lat' dir='ltr'><strong>putantes,</strong></span> <span class='ocrx_word' id='word_1_526' title='bbox 868 4152 950 4209; x_wconf 84' lang='lat' dir='ltr'><strong>ita</strong></span> <span class='ocrx_word' id='word_1_527' title='bbox 979 4161 1236 4210; x_wconf 74' lang='lat' dir='ltr'><strong>moerent</strong></span> <span class='ocrx_word' id='word_1_528' title='bbox 1264 4160 1322 4210; x_wconf 90' lang='lat' dir='ltr'><strong>et</strong></span> <span class='ocrx_word' id='word_1_529' title='bbox 1369 4160 1825 4226; x_wconf 89' lang='lat' dir='ltr'><strong>eonqueruntur</strong></span> <span class='ocrx_word' id='word_1_530' title='bbox 1860 4153 2037 4209; x_wconf 85' lang='lat' dir='ltr'><strong>bonis</strong></span> <span class='ocrx_word' id='word_1_531' title='bbox 2066 4153 2201 4209; x_wconf 82' lang='lat' dir='ltr'><strong>alie-</strong></span> 
     </span>
    </p>
   </div>
   <div class='ocr_carea' id='block_1_76' title="bbox 541 4238 2201 4316">
    <p class='ocr_par' dir='ltr' id='par_1_76' title="bbox 541 4238 2201 4316">
     <span class='ocr_line' id='line_1_76' title="bbox 541 4238 2201 4316; baseline 0.001 -21"><span class='ocrx_word' id='word_1_532' title='bbox 541 4238 635 4295; x_wconf 91' lang='lat' dir='ltr'><strong>nis</strong></span> <span class='ocrx_word' id='word_1_533' title='bbox 656 4241 893 4312; x_wconf 81' lang='lat' dir='ltr'><strong>privati,</strong></span> <span class='ocrx_word' id='word_1_534' title='bbox 917 4258 988 4299; x_wconf 89' lang='lat' dir='ltr'><strong>ac</strong></span> <span class='ocrx_word' id='word_1_535' title='bbox 1016 4244 1063 4298; x_wconf 89' lang='lat' dir='ltr'><strong>si</strong></span> <span class='ocrx_word' id='word_1_536' title='bbox 1098 4244 1225 4300; x_wconf 90' lang='lat' dir='ltr'><strong>suis</strong></span> <span class='ocrx_word' id='word_1_537' title='bbox 1259 4244 1682 4316; x_wconf 86' lang='lat' dir='ltr'><strong>spoliarentur.</strong></span> <span class='ocrx_word' id='word_1_538' title='bbox 1710 4246 1926 4301; x_wconf 84' lang='lat' dir='ltr'><strong>Servus</strong></span> <span class='ocrx_word' id='word_1_539' title='bbox 1956 4242 2061 4315; x_wconf 91' lang='lat' dir='ltr'><strong>qui</strong></span> <span class='ocrx_word' id='word_1_540' title='bbox 2091 4248 2201 4307; x_wconf 89' lang='lat' dir='ltr'><strong>est,</strong></span> 
     </span>
    </p>
   </div>
   <div class='ocr_carea' id='block_1_77' title="bbox 539 4328 2204 4402">
    <p class='ocr_par' dir='ltr' id='par_1_77' title="bbox 539 4328 2204 4402">
     <span class='ocr_line' id='line_1_77' title="bbox 539 4328 2204 4402; baseline 0.001 -19"><span class='ocrx_word' id='word_1_541' title='bbox 539 4329 900 4400; x_wconf 89' lang='lat' dir='ltr'><strong>permoleste</strong></span> <span class='ocrx_word' id='word_1_542' title='bbox 930 4331 1041 4387; x_wconf 80' lang='lat' dir='ltr'><strong>fert</strong></span> <span class='ocrx_word' id='word_1_543' title='bbox 1066 4331 1326 4389; x_wconf 88' lang='lat' dir='ltr'><strong>liberum</strong></span> <span class='ocrx_word' id='word_1_544' title='bbox 1371 4350 1435 4389; x_wconf 91' lang='lat' dir='ltr'><strong>se</strong></span> <span class='ocrx_word' id='word_1_545' title='bbox 1482 4349 1607 4389; x_wconf 91' lang='lat' dir='ltr'><strong>non</strong></span> <span class='ocrx_word' id='word_1_546' title='bbox 1636 4349 1769 4389; x_wconf 88' lang='lat' dir='ltr'><strong>esse</strong></span> <span class='ocrx_word' id='word_1_547' title='bbox 1800 4348 1813 4388; x_wconf 88' lang='lat'>:</span> <span class='ocrx_word' id='word_1_548' title='bbox 1847 4347 2005 4402; x_wconf 61' lang='lat' dir='ltr'><strong>{egre</strong></span> <span class='ocrx_word' id='word_1_549' title='bbox 2034 4337 2124 4388; x_wconf 92' lang='lat' dir='ltr'><strong>est</strong></span> <span class='ocrx_word' id='word_1_550' title='bbox 2151 4328 2204 4386; x_wconf 90' lang='lat' dir='ltr'><strong>ei</strong></span> 
     </span>
    </p>
   </div>
   <div class='ocr_carea' id='block_1_78' title="bbox 538 4417 2205 4495">
    <p class='ocr_par' dir='ltr' id='par_1_78' title="bbox 538 4417 2205 4495">
     <span class='ocr_line' id='line_1_78' title="bbox 538 4417 2205 4495; baseline 0.003 -23"><span class='ocrx_word' id='word_1_551' title='bbox 538 4418 644 4491; x_wconf 88' lang='lat' dir='ltr'><strong>qui</strong></span> <span class='ocrx_word' id='word_1_552' title='bbox 668 4417 729 4474; x_wconf 91' lang='lat' dir='ltr'><strong>in</strong></span> <span class='ocrx_word' id='word_1_553' title='bbox 751 4419 1024 4477; x_wconf 88' lang='lat' dir='ltr'><strong>libertate</strong></span> <span class='ocrx_word' id='word_1_554' title='bbox 1046 4421 1164 4495; x_wconf 61' lang='lat'><strong>6.0</strong></span> <span class='ocrx_word' id='word_1_555' title='bbox 1187 4421 1482 4479; x_wconf 88' lang='lat' dir='ltr'><strong>educatus</strong></span> <span class='ocrx_word' id='word_1_556' title='bbox 1505 4422 1637 4490; x_wconf 87' lang='lat' dir='ltr'><strong>fuit,</strong></span> <span class='ocrx_word' id='word_1_557' title='bbox 1659 4422 1823 4495; x_wconf 87' lang='lat' dir='ltr'><strong>quod</strong></span> <span class='ocrx_word' id='word_1_558' title='bbox 1846 4422 2080 4492; x_wconf 89' lang='lat' dir='ltr'><strong>generis</strong></span> <span class='ocrx_word' id='word_1_559' title='bbox 2100 4436 2205 4477; x_wconf 87' lang='lat' dir='ltr'><strong>no-</strong></span> 
     </span>
    </p>
   </div>
   <div class='ocr_carea' id='block_1_79' title="bbox 2308 3257 3911 3344">
    <p class='ocr_par' dir='ltr' id='par_1_79' title="bbox 2308 3257 3911 3344">
     <span class='ocr_line' id='line_1_79' title="bbox 2308 3257 3911 3344; baseline -0.011 -20"><span class='ocrx_word' id='word_1_560' title='bbox 2308 3280 2382 3343; x_wconf 82' lang='grc' dir='ltr'><strong>τῷ</strong></span> <span class='ocrx_word' id='word_1_561' title='bbox 2413 3272 2694 3344; x_wconf 76' lang='grc' dir='ltr'><strong>εὐγνώμονι</strong></span> <span class='ocrx_word' id='word_1_562' title='bbox 2742 3270 2972 3344; x_wconf 84' lang='grc' dir='ltr'><strong>μεγάλας</strong></span> <span class='ocrx_word' id='word_1_563' title='bbox 3017 3277 3118 3320; x_wconf 87' lang='grc' dir='ltr'><strong>τῶν</strong></span> <span class='ocrx_word' id='word_1_564' title='bbox 3160 3270 3429 3341; x_wconf 87' lang='grc' dir='ltr'><strong>παρόντων</strong></span> <span class='ocrx_word' id='word_1_565' title='bbox 3469 3257 3788 3315; x_wconf 86' lang='grc' dir='ltr'><strong>ἀποδιδόναι</strong></span> <span class='ocrx_word' id='word_1_566' title='bbox 3838 3264 3911 3327; x_wconf 83' lang='grc' dir='ltr'><strong>τῷ</strong></span> 
     </span>
    </p>
   </div>
   <div class='ocr_carea' id='block_1_80' title="bbox 2313 3346 3914 3434">
    <p class='ocr_par' dir='ltr' id='par_1_80' title="bbox 2313 3346 3914 3434">
     <span class='ocr_line' id='line_1_80' title="bbox 2313 3346 3914 3434; baseline -0.011 -18"><span class='ocrx_word' id='word_1_567' title='bbox 2313 3362 2548 3434; x_wconf 73' lang='grc' dir='ltr'><strong>εὐεργέτῃ</strong></span> <span class='ocrx_word' id='word_1_568' title='bbox 2598 3363 2693 3421; x_wconf 75' lang='grc' dir='ltr'><strong>τὰς</strong></span> <span class='ocrx_word' id='word_1_569' title='bbox 2735 3364 2963 3433; x_wconf 83' lang='grc' dir='ltr'><strong>χάριτας</strong></span> <span class='ocrx_word' id='word_1_570' title='bbox 3013 3360 3152 3429; x_wconf 81' lang='grc'><strong>(74).</strong></span> <span class='ocrx_word' id='word_1_571' title='bbox 3185 3365 3294 3411; x_wconf 74' lang='grc' dir='ltr'><strong>Νῦν</strong></span> <span class='ocrx_word' id='word_1_572' title='bbox 3339 3351 3399 3408; x_wconf 72' lang='grc' dir='ltr'><strong>δέ</strong></span> <span class='ocrx_word' id='word_1_573' title='bbox 3444 3356 3503 3406; x_wconf 88' lang='grc' dir='ltr'><strong>τὸ</strong></span> <span class='ocrx_word' id='word_1_574' title='bbox 3551 3359 3652 3403; x_wconf 86' lang='grc' dir='ltr'><strong>τῶν</strong></span> <span class='ocrx_word' id='word_1_575' title='bbox 3692 3346 3914 3421; x_wconf 82' lang='grc' dir='ltr'><strong>δυσαρε-</strong></span> 
     </span>
    </p>
   </div>
   <div class='ocr_carea' id='block_1_81' title="bbox 2314 3441 3911 3525">
    <p class='ocr_par' dir='ltr' id='par_1_81' title="bbox 2314 3441 3911 3525">
     <span class='ocr_line' id='line_1_81' title="bbox 2314 3441 3911 3525; baseline -0.011 -19"><span class='ocrx_word' id='word_1_576' title='bbox 2314 3457 2606 3525; x_wconf 84' lang='grc' dir='ltr'><strong>στουμένων</strong></span> <span class='ocrx_word' id='word_1_577' title='bbox 2684 3452 3004 3503; x_wconf 85' lang='grc' dir='ltr'><strong>πεπόνθασιν</strong></span> <span class='ocrx_word' id='word_1_578' title='bbox 3077 3450 3127 3501; x_wconf 90' lang='grc' dir='ltr'><strong>οἱ</strong></span> <span class='ocrx_word' id='word_1_579' title='bbox 3190 3445 3395 3500; x_wconf 87' lang='grc' dir='ltr'><strong>πολλοί·</strong></span> <span class='ocrx_word' id='word_1_580' title='bbox 3460 3446 3519 3495; x_wconf 91' lang='grc' dir='ltr'><strong>τὸ</strong></span> <span class='ocrx_word' id='word_1_581' title='bbox 3594 3444 3683 3514; x_wconf 67' lang='grc' dir='ltr'><strong>μὲν</strong></span> <span class='ocrx_word' id='word_1_582' title='bbox 3747 3441 3911 3511; x_wconf 83' lang='grc' dir='ltr'><strong>παρόν</strong></span> 
     </span>
    </p>
   </div>
   <div class='ocr_carea' id='block_1_82' title="bbox 2313 3528 3911 3616">
    <p class='ocr_par' dir='ltr' id='par_1_82' title="bbox 2313 3528 3911 3616">
     <span class='ocr_line' id='line_1_82' title="bbox 2313 3528 3911 3616; baseline -0.012 -20"><span class='ocrx_word' id='word_1_583' title='bbox 2313 3542 2676 3616; x_wconf 77' lang='grc' dir='ltr'><strong>ἀτιμάζοντες,</strong></span> <span class='ocrx_word' id='word_1_584' title='bbox 2719 3549 2821 3593; x_wconf 80' lang='grc' dir='ltr'><strong>τῶν</strong></span> <span class='ocrx_word' id='word_1_585' title='bbox 2873 3543 2929 3592; x_wconf 72' lang='grc' dir='ltr'><strong>κε</strong></span> <span class='ocrx_word' id='word_1_586' title='bbox 2975 3538 3210 3592; x_wconf 88' lang='grc' dir='ltr'><strong>ἀπόντων</strong></span> <span class='ocrx_word' id='word_1_587' title='bbox 3258 3536 3649 3607; x_wconf 75' lang='grc' dir='ltr'><strong>ἐπιθυμοῦντες.</strong></span> <span class='ocrx_word' id='word_1_588' title='bbox 3682 3528 3759 3603; x_wconf 71' lang='grc' dir='ltr'><strong>(λύ</strong></span> <span class='ocrx_word' id='word_1_589' title='bbox 3809 3530 3911 3600; x_wconf 84' lang='grc' dir='ltr'><strong>γὰρ</strong></span> 
     </span>
    </p>
   </div>
   <div class='ocr_carea' id='block_1_83' title="bbox 2313 3618 3911 3705">
    <p class='ocr_par' dir='ltr' id='par_1_83' title="bbox 2313 3618 3911 3705">
     <span class='ocr_line' id='line_1_83' title="bbox 2313 3618 3911 3705; baseline -0.012 -20"><span class='ocrx_word' id='word_1_590' title='bbox 2313 3637 2435 3695; x_wconf 80' lang='grc' dir='ltr'><strong>τοὺς</strong></span> <span class='ocrx_word' id='word_1_591' title='bbox 2479 3628 2888 3705; x_wconf 75' lang='grc' dir='ltr'><strong>ὑποδεεστέρους</strong></span> <span class='ocrx_word' id='word_1_592' title='bbox 2934 3626 3104 3681; x_wconf 81' lang='grc' dir='ltr'><strong>αὐτῶν</strong></span> <span class='ocrx_word' id='word_1_593' title='bbox 3155 3625 3619 3699; x_wconf 84' lang='grc' dir='ltr'><strong>ἀπαριθμούμενοι,</strong></span> <span class='ocrx_word' id='word_1_594' title='bbox 3653 3622 3742 3675; x_wconf 77' lang='grc' dir='ltr'><strong>τὴν</strong></span> <span class='ocrx_word' id='word_1_595' title='bbox 3784 3618 3911 3688; x_wconf 64' lang='grc' dir='ltr'><strong>ὑπὲρ</strong></span> 
     </span>
    </p>
   </div>
   <div class='ocr_carea' id='block_1_84' title="bbox 2315 3703 3906 3794">
    <p class='ocr_par' dir='ltr' id='par_1_84' title="bbox 2315 3703 3906 3794">
     <span class='ocr_line' id='line_1_84' title="bbox 2315 3703 3906 3794; baseline -0.012 -20"><span class='ocrx_word' id='word_1_596' title='bbox 2315 3719 2383 3773; x_wconf 79' lang='grc' dir='ltr'><strong>ὧν</strong></span> <span class='ocrx_word' id='word_1_597' title='bbox 2414 3724 2603 3793; x_wconf 77' lang='grc' dir='ltr'><strong>έχουσι</strong></span> <span class='ocrx_word' id='word_1_598' title='bbox 2649 3703 2810 3794; x_wconf 82' lang='grc' dir='ltr'><strong>χάριν</strong></span> <span class='ocrx_word' id='word_1_599' title='bbox 2859 3716 3223 3788; x_wconf 83' lang='grc' dir='ltr'><strong>ἀποπληροῡσι</strong></span> <span class='ocrx_word' id='word_1_600' title='bbox 3264 3721 3338 3784; x_wconf 86' lang='grc' dir='ltr'><strong>τῷ</strong></span> <span class='ocrx_word' id='word_1_601' title='bbox 3383 3711 3644 3783; x_wconf 75' lang='grc' dir='ltr'><strong>εὐεργέτῃ·</strong></span> <span class='ocrx_word' id='word_1_602' title='bbox 3674 3703 3803 3794; x_wconf 77' lang='grc' dir='ltr'><strong>ἀλλά</strong></span> <span class='ocrx_word' id='word_1_603' title='bbox 3845 3710 3906 3775; x_wconf 74' lang='grc' dir='ltr'><strong>τῇ</strong></span> 
     </span>
    </p>
   </div>
   <div class='ocr_carea' id='block_1_85' title="bbox 2314 3792 3913 3884">
    <p class='ocr_par' dir='ltr' id='par_1_85' title="bbox 2314 3792 3913 3884">
     <span class='ocr_line' id='line_1_85' title="bbox 2314 3792 3913 3884; baseline -0.013 -21"><span class='ocrx_word' id='word_1_604' title='bbox 2314 3813 2444 3884; x_wconf 91' lang='grc' dir='ltr'><strong>πρὸς</strong></span> <span class='ocrx_word' id='word_1_605' title='bbox 2481 3814 2539 3861; x_wconf 85' lang='grc' dir='ltr'><strong>τὸ</strong></span> <span class='ocrx_word' id='word_1_606' title='bbox 2582 3810 2840 3881; x_wconf 83' lang='grc' dir='ltr'><strong>ὑπερέχον</strong></span> <span class='ocrx_word' id='word_1_607' title='bbox 2880 3810 3173 3879; x_wconf 86' lang='grc' dir='ltr'><strong>συγκρίσει,</strong></span> <span class='ocrx_word' id='word_1_608' title='bbox 3208 3804 3327 3855; x_wconf 84' lang='grc' dir='ltr'><strong>ὅσον</strong></span> <span class='ocrx_word' id='word_1_609' title='bbox 3377 3798 3741 3852; x_wconf 83' lang='grc' dir='ltr'><strong>ἀπολείπονται</strong></span> <span class='ocrx_word' id='word_1_610' title='bbox 3770 3792 3913 3864; x_wconf 88' lang='grc' dir='ltr'><strong>λογι-</strong></span> 
     </span>
    </p>
   </div>
   <div class='ocr_carea' id='block_1_86' title="bbox 2318 3888 3913 3972">
    <p class='ocr_par' dir='ltr' id='par_1_86' title="bbox 2318 3888 3913 3972">
     <span class='ocr_line' id='line_1_86' title="bbox 2318 3888 3913 3972; baseline -0.011 -20"><span class='ocrx_word' id='word_1_611' title='bbox 2318 3900 2543 3972; x_wconf 83' lang='grc' dir='ltr'><strong>ζόμενοι,</strong></span> <span class='ocrx_word' id='word_1_612' title='bbox 2597 3900 2666 3958; x_wconf 80' lang='grc' dir='ltr'><strong>ὡς</strong></span> <span class='ocrx_word' id='word_1_613' title='bbox 2725 3897 2927 3948; x_wconf 82' lang='grc' dir='ltr'><strong>οἰκείων</strong></span> <span class='ocrx_word' id='word_1_614' title='bbox 2980 3896 3310 3967; x_wconf 83' lang='grc' dir='ltr'><strong>στερούμενοι</strong></span> <span class='ocrx_word' id='word_1_615' title='bbox 3354 3899 3453 3942; x_wconf 84' lang='grc' dir='ltr'><strong>τῶν</strong></span> <span class='ocrx_word' id='word_1_616' title='bbox 3507 3888 3697 3960; x_wconf 77' lang='grc' dir='ltr'><strong>ἑτέροις</strong></span> <span class='ocrx_word' id='word_1_617' title='bbox 3749 3901 3913 3957; x_wconf 82' lang='grc' dir='ltr'><strong>προσ-</strong></span> 
     </span>
    </p>
   </div>
   <div class='ocr_carea' id='block_1_87' title="bbox 2315 3969 3914 4052">
    <p class='ocr_par' dir='ltr' id='par_1_87' title="bbox 2315 3969 3914 4052">
     <span class='ocr_line' id='line_1_87' title="bbox 2315 3969 3914 4052; baseline -0.012 -12"><span class='ocrx_word' id='word_1_618' title='bbox 2315 3994 2491 4052; x_wconf 88' lang='grc' dir='ltr'><strong>όντων,</strong></span> <span class='ocrx_word' id='word_1_619' title='bbox 2546 3986 2709 4048; x_wconf 85' lang='grc' dir='ltr'><strong>οὐτως</strong></span> <span class='ocrx_word' id='word_1_620' title='bbox 2766 3983 3007 4036; x_wconf 76' lang='grc' dir='ltr'><strong>ἀνιῶνται</strong></span> <span class='ocrx_word' id='word_1_621' title='bbox 3057 3987 3144 4034; x_wconf 85' lang='grc' dir='ltr'><strong>καὶ</strong></span> <span class='ocrx_word' id='word_1_622' title='bbox 3197 3983 3638 4052; x_wconf 75' lang='grc' dir='ltr'><strong>καταμέμφονται.</strong></span> <span class='ocrx_word' id='word_1_623' title='bbox 3685 3973 3744 4025; x_wconf 85' lang='grc' dir='ltr'><strong>Ὀ</strong></span> <span class='ocrx_word' id='word_1_624' title='bbox 3791 3969 3914 4024; x_wconf 75' lang='grc' dir='ltr'><strong>δού-</strong></span> 
     </span>
    </p>
   </div>
   <div class='ocr_carea' id='block_1_88' title="bbox 2312 4060 3917 4149">
    <p class='ocr_par' dir='ltr' id='par_1_88' title="bbox 2312 4060 3917 4149">
     <span class='ocr_line' id='line_1_88' title="bbox 2312 4060 3917 4149; baseline -0.012 -19"><span class='ocrx_word' id='word_1_625' title='bbox 2312 4075 2420 4142; x_wconf 85' lang='grc' dir='ltr'><strong>λος,</strong></span> <span class='ocrx_word' id='word_1_626' title='bbox 2470 4079 2549 4130; x_wconf 86' lang='grc' dir='ltr'><strong>ὃτι</strong></span> <span class='ocrx_word' id='word_1_627' title='bbox 2597 4080 2668 4149; x_wconf 75' lang='grc' dir='ltr'><strong>μὴ</strong></span> <span class='ocrx_word' id='word_1_628' title='bbox 2720 4074 2977 4147; x_wconf 77' lang='grc' dir='ltr'><strong>ἐλεύθερός</strong></span> <span class='ocrx_word' id='word_1_629' title='bbox 3025 4071 3157 4136; x_wconf 74' lang='grc' dir='ltr'><strong>ἔστι,</strong></span> <span class='ocrx_word' id='word_1_630' title='bbox 3220 4067 3583 4141; x_wconf 76' lang='grc' dir='ltr'><strong>δυσχεραίνει·</strong></span> <span class='ocrx_word' id='word_1_631' title='bbox 3614 4066 3639 4116; x_wconf 88' lang='grc' dir='ltr'><strong>ὁ</strong></span> <span class='ocrx_word' id='word_1_632' title='bbox 3689 4061 3737 4114; x_wconf 74' lang='grc' dir='ltr'><strong>ἓν</strong></span> <span class='ocrx_word' id='word_1_633' title='bbox 3781 4060 3917 4113; x_wconf 74' lang='grc' dir='ltr'><strong>ἐλευ-</strong></span> 
     </span>
    </p>
   </div>
   <div class='ocr_carea' id='block_1_89' title="bbox 2316 4153 3917 4240">
    <p class='ocr_par' dir='ltr' id='par_1_89' title="bbox 2316 4153 3917 4240">
     <span class='ocr_line' id='line_1_89' title="bbox 2316 4153 3917 4240; baseline -0.012 -20"><span class='ocrx_word' id='word_1_634' title='bbox 2316 4169 2456 4240; x_wconf 81' lang='grc' dir='ltr'><strong>θερίᾳ</strong></span> <span class='ocrx_word' id='word_1_635' title='bbox 2502 4170 2734 4239; x_wconf 79' lang='grc' dir='ltr'><strong>τραφεὶς,</strong></span> <span class='ocrx_word' id='word_1_636' title='bbox 2787 4166 2867 4217; x_wconf 83' lang='grc' dir='ltr'><strong>ὅτι</strong></span> <span class='ocrx_word' id='word_1_637' title='bbox 2914 4166 2985 4236; x_wconf 82' lang='grc' dir='ltr'><strong>μὴ</strong></span> <span class='ocrx_word' id='word_1_638' title='bbox 3031 4158 3373 4233; x_wconf 84' lang='grc' dir='ltr'><strong>εὐπατρίδης,</strong></span> <span class='ocrx_word' id='word_1_639' title='bbox 3431 4153 3569 4229; x_wconf 70' lang='grc' dir='ltr'><strong>μηδε</strong></span> <span class='ocrx_word' id='word_1_640' title='bbox 3626 4162 3723 4206; x_wconf 82' lang='grc' dir='ltr'><strong>τῶν</strong></span> <span class='ocrx_word' id='word_1_641' title='bbox 3764 4169 3917 4223; x_wconf 88' lang='grc' dir='ltr'><strong>περι-</strong></span> 
     </span>
    </p>
   </div>
   <div class='ocr_carea' id='block_1_90' title="bbox 2315 4243 3919 4326">
    <p class='ocr_par' dir='ltr' id='par_1_90' title="bbox 2315 4243 3919 4326">
     <span class='ocr_line' id='line_1_90' title="bbox 2315 4243 3919 4326; baseline -0.002 -19"><span class='ocrx_word' id='word_1_642' title='bbox 2315 4255 2542 4309; x_wconf 77' lang='grc' dir='ltr'><strong>ϐλέπτων</strong></span> <span class='ocrx_word' id='word_1_643' title='bbox 2572 4255 2653 4307; x_wconf 83' lang='grc' dir='ltr'><strong>ἐπ’</strong></span> <span class='ocrx_word' id='word_1_644' title='bbox 2706 4254 2953 4326; x_wconf 72' lang='grc' dir='ltr'><strong>εὐγενείᾳ,</strong></span> <span class='ocrx_word' id='word_1_645' title='bbox 3014 4248 3146 4325; x_wconf 86' lang='grc' dir='ltr'><strong>μηδ’</strong></span> <span class='ocrx_word' id='word_1_646' title='bbox 3194 4252 3277 4301; x_wconf 86' lang='grc' dir='ltr'><strong>ὃτι</strong></span> <span class='ocrx_word' id='word_1_647' title='bbox 3328 4247 3459 4300; x_wconf 80' lang='grc' dir='ltr'><strong>ἑπτα</strong></span> <span class='ocrx_word' id='word_1_648' title='bbox 3504 4245 3750 4303; x_wconf 88' lang='grc' dir='ltr'><strong>πάππους</strong></span> <span class='ocrx_word' id='word_1_649' title='bbox 3803 4243 3919 4312; x_wconf 72' lang='grc' dir='ltr'><strong>ἔχει</strong></span> 
     </span>
    </p>
   </div>
   <div class='ocr_carea' id='block_1_91' title="bbox 2315 4332 3916 4421">
    <p class='ocr_par' dir='ltr' id='par_1_91' title="bbox 2315 4332 3916 4421">
     <span class='ocr_line' id='line_1_91' title="bbox 2315 4332 3916 4421; baseline -0.011 -23"><span class='ocrx_word' id='word_1_650' title='bbox 2315 4344 2549 4421; x_wconf 86' lang='grc' dir='ltr'><strong>ἀριθμεῖν</strong></span> <span class='ocrx_word' id='word_1_651' title='bbox 2590 4345 2661 4406; x_wconf 85' lang='grc' dir='ltr'><strong>εἰς</strong></span> <span class='ocrx_word' id='word_1_652' title='bbox 2708 4348 2766 4397; x_wconf 84' lang='grc' dir='ltr'><strong>τό</strong></span> <span class='ocrx_word' id='word_1_653' title='bbox 2814 4344 2938 4407; x_wconf 81' lang='grc' dir='ltr'><strong>άνω,</strong></span> <span class='ocrx_word' id='word_1_654' title='bbox 2975 4344 3323 4414; x_wconf 76' lang='grc' dir='ltr'><strong>ἱπποτρόφους</strong></span> <span class='ocrx_word' id='word_1_655' title='bbox 3351 4336 3644 4409; x_wconf 79' lang='grc' dir='ltr'><strong>λαμπρούς,</strong></span> <span class='ocrx_word' id='word_1_656' title='bbox 3687 4332 3714 4389; x_wconf 68' lang='grc' dir='ltr'><strong>ἦ</strong></span> <span class='ocrx_word' id='word_1_657' title='bbox 3758 4348 3916 4403; x_wconf 87' lang='grc' dir='ltr'><strong>μονο-</strong></span> 
     </span>
    </p>
   </div>
   <div class='ocr_carea' id='block_1_92' title="bbox 2312 4421 3919 4509">
    <p class='ocr_par' dir='ltr' id='par_1_92' title="bbox 2312 4421 3919 4509">
     <span class='ocr_line' id='line_1_92' title="bbox 2312 4421 3919 4509; baseline -0.02 -8"><span class='ocrx_word' id='word_1_658' title='bbox 2312 4438 2513 4509; x_wconf 76' lang='grc' dir='ltr'><strong>μάχοις</strong></span> <span class='ocrx_word' id='word_1_659' title='bbox 2570 4438 2655 4487; x_wconf 83' lang='grc' dir='ltr'><strong>τὸν</strong></span> <span class='ocrx_word' id='word_1_660' title='bbox 2721 4433 2939 4486; x_wconf 73' lang='grc' dir='ltr'><strong>πλοῦτον</strong></span> <span class='ocrx_word' id='word_1_661' title='bbox 3004 4429 3431 4494; x_wconf 71' lang='grc' dir='ltr'><strong>ὶξαναλώσαντας</strong></span> <span class='ocrx_word' id='word_1_662' title='bbox 3491 4425 3635 4486; x_wconf 79' lang='grc'><strong>(75).</strong></span> <span class='ocrx_word' id='word_1_663' title='bbox 3670 4421 3729 4473; x_wconf 76' lang='grc' dir='ltr'><strong>Ὀ</strong></span> <span class='ocrx_word' id='word_1_664' title='bbox 3782 4421 3919 4471; x_wconf 86' lang='grc' dir='ltr'><strong>κατά</strong></span> 
     </span>
    </p>
   </div>
   <div class='ocr_carea' id='block_1_93' title="bbox 536 4505 2191 4598">
    <p class='ocr_par' dir='ltr' id='par_1_93' title="bbox 536 4505 2191 4583">
     <span class='ocr_line' id='line_1_93' title="bbox 536 4505 2191 4583; baseline 0.002 -20"><span class='ocrx_word' id='word_1_665' title='bbox 536 4505 767 4564; x_wconf 87' lang='lat' dir='ltr'><strong>bilitate</strong></span> <span class='ocrx_word' id='word_1_666' title='bbox 800 4526 925 4565; x_wconf 89' lang='lat' dir='ltr'><strong>non</strong></span> <span class='ocrx_word' id='word_1_667' title='bbox 954 4511 1341 4581; x_wconf 86' lang='lat' dir='ltr'><strong>insigniatur,</strong></span> <span class='ocrx_word' id='word_1_668' title='bbox 1364 4511 1532 4583; x_wconf 86' lang='lat' dir='ltr'><strong>quod</strong></span> <span class='ocrx_word' id='word_1_669' title='bbox 1552 4526 1678 4567; x_wconf 91' lang='lat' dir='ltr'><strong>non</strong></span> <span class='ocrx_word' id='word_1_670' title='bbox 1698 4516 2086 4567; x_wconf 78' lang='lat' dir='ltr'><strong>recensentur</strong></span> <span class='ocrx_word' id='word_1_671' title='bbox 2109 4510 2191 4566; x_wconf 90' lang='lat' dir='ltr'><strong>in-</strong></span> 
     </span>
    </p>
   </div>
   <div class='ocr_carea' id='block_1_94' title="bbox 2299 4505 3915 4598">
    <p class='ocr_par' dir='ltr' id='par_1_94' title="bbox 2311 4505 3915 4598">
     <span class='ocr_line' id='line_1_94' title="bbox 2311 4505 3915 4598; baseline -0.011 -20"><span class='ocrx_word' id='word_1_672' title='bbox 2311 4505 2454 4597; x_wconf 74' lang='grc' dir='ltr'><strong>γένος</strong></span> <span class='ocrx_word' id='word_1_673' title='bbox 2516 4528 2793 4598; x_wconf 74' lang='grc' dir='ltr'><strong>περιφανὴς</strong></span> <span class='ocrx_word' id='word_1_674' title='bbox 2858 4521 3163 4595; x_wconf 77' lang='grc' dir='ltr'><strong>σχετλιάζει</strong></span> <span class='ocrx_word' id='word_1_675' title='bbox 3193 4558 3206 4583; x_wconf 90' lang='grc'><strong>,</strong></span> <span class='ocrx_word' id='word_1_676' title='bbox 3275 4520 3356 4570; x_wconf 86' lang='grc' dir='ltr'><strong>ὅτι</strong></span> <span class='ocrx_word' id='word_1_677' title='bbox 3411 4520 3481 4588; x_wconf 78' lang='grc' dir='ltr'>μή</span> <span class='ocrx_word' id='word_1_678' title='bbox 3555 4512 3643 4565; x_wconf 75' lang='grc' dir='ltr'><strong>ἐπὶ</strong></span> <span class='ocrx_word' id='word_1_679' title='bbox 3708 4509 3915 4579; x_wconf 82' lang='grc' dir='ltr'><strong>πλούτῳ</strong></span> 
     </span>
    </p>
   </div>
   <div class='ocr_carea' id='block_1_95' title="bbox 537 4598 2203 4673">
    <p class='ocr_par' dir='ltr' id='par_1_95' title="bbox 537 4598 2203 4673">
     <span class='ocr_line' id='line_1_95' title="bbox 537 4598 2203 4673; baseline 0.002 -22"><span class='ocrx_word' id='word_1_680' title='bbox 537 4600 628 4652; x_wconf 87' lang='lat' dir='ltr'><strong>ter</strong></span> <span class='ocrx_word' id='word_1_681' title='bbox 654 4612 757 4653; x_wconf 89' lang='lat' dir='ltr'><strong>eos</strong></span> <span class='ocrx_word' id='word_1_682' title='bbox 778 4598 879 4671; x_wconf 90' lang='lat' dir='ltr'><strong>qui</strong></span> <span class='ocrx_word' id='word_1_683' title='bbox 910 4600 1204 4656; x_wconf 87' lang='lat' dir='ltr'><strong>natalium</strong></span> <span class='ocrx_word' id='word_1_684' title='bbox 1230 4599 1554 4673; x_wconf 88' lang='lat' dir='ltr'><strong>splendore</strong></span> <span class='ocrx_word' id='word_1_685' title='bbox 1578 4600 1888 4672; x_wconf 90' lang='lat' dir='ltr'><strong>conspicui</strong></span> <span class='ocrx_word' id='word_1_686' title='bbox 1909 4605 2068 4666; x_wconf 91' lang='lat' dir='ltr'><strong>sunt,</strong></span> <span class='ocrx_word' id='word_1_687' title='bbox 2091 4615 2203 4655; x_wconf 89' lang='lat' dir='ltr'><strong>nee</strong></span> 
     </span>
    </p>
   </div>
   <div class='ocr_carea' id='block_1_96' title="bbox 537 4688 2203 4761">
    <p class='ocr_par' dir='ltr' id='par_1_96' title="bbox 537 4688 2203 4761">
     <span class='ocr_line' id='line_1_96' title="bbox 537 4688 2203 4761; baseline 0.002 -19"><span class='ocrx_word' id='word_1_688' title='bbox 537 4701 860 4744; x_wconf 89' lang='lat' dir='ltr'><strong>numerare</strong></span> <span class='ocrx_word' id='word_1_689' title='bbox 883 4689 1073 4761; x_wconf 87' lang='lat' dir='ltr'><strong>possit</strong></span> <span class='ocrx_word' id='word_1_690' title='bbox 1092 4695 1252 4745; x_wconf 91' lang='lat' dir='ltr'><strong>retro</strong></span> <span class='ocrx_word' id='word_1_691' title='bbox 1272 4705 1420 4746; x_wconf 80' lang='lat' dir='ltr'><strong>avos</strong></span> <span class='ocrx_word' id='word_1_692' title='bbox 1445 4695 1703 4761; x_wconf 89' lang='lat' dir='ltr'><strong>septem,</strong></span> <span class='ocrx_word' id='word_1_693' title='bbox 1723 4689 1828 4761; x_wconf 90' lang='lat' dir='ltr'><strong>qui</strong></span> <span class='ocrx_word' id='word_1_694' title='bbox 1850 4689 2052 4744; x_wconf 79' lang='lat' dir='ltr'><strong>eximii</strong></span> <span class='ocrx_word' id='word_1_695' title='bbox 2080 4688 2203 4745; x_wconf 75' lang='lat' dir='ltr'><strong>fue-</strong></span> 
     </span>
    </p>
   </div>
   <div class='ocr_carea' id='block_1_97' title="bbox 536 4774 2203 4850">
    <p class='ocr_par' dir='ltr' id='par_1_97' title="bbox 536 4774 2203 4850">
     <span class='ocr_line' id='line_1_97' title="bbox 536 4774 2203 4850; baseline 0 -17"><span class='ocrx_word' id='word_1_696' title='bbox 536 4774 656 4833; x_wconf 84' lang='lat' dir='ltr'><strong>rint</strong></span> <span class='ocrx_word' id='word_1_697' title='bbox 683 4792 983 4849; x_wconf 89' lang='lat' dir='ltr'><strong>equorum</strong></span> <span class='ocrx_word' id='word_1_698' title='bbox 1015 4777 1361 4846; x_wconf 90' lang='lat' dir='ltr'><strong>nutritores,</strong></span> <span class='ocrx_word' id='word_1_699' title='bbox 1396 4784 1498 4834; x_wconf 89' lang='lat' dir='ltr'><strong>aut</strong></span> <span class='ocrx_word' id='word_1_700' title='bbox 1519 4794 1668 4850; x_wconf 91' lang='lat' dir='ltr'><strong>opes</strong></span> <span class='ocrx_word' id='word_1_701' title='bbox 1701 4793 1844 4834; x_wconf 91' lang='lat' dir='ltr'><strong>suas</strong></span> <span class='ocrx_word' id='word_1_702' title='bbox 1868 4777 1929 4833; x_wconf 88' lang='lat' dir='ltr'><strong>in</strong></span> <span class='ocrx_word' id='word_1_703' title='bbox 1962 4776 2203 4848; x_wconf 84' lang='lat' dir='ltr'><strong>gladia-</strong></span> 
     </span>
    </p>
   </div>
   <div class='ocr_carea' id='block_1_98' title="bbox 539 4866 2200 4940">
    <p class='ocr_par' dir='ltr' id='par_1_98' title="bbox 539 4866 2200 4940">
     <span class='ocr_line' id='line_1_98' title="bbox 539 4866 2200 4940; baseline -0.001 -18"><span class='ocrx_word' id='word_1_704' title='bbox 539 4869 700 4922; x_wconf 91' lang='lat' dir='ltr'><strong>tores</strong></span> <span class='ocrx_word' id='word_1_705' title='bbox 730 4867 1186 4940; x_wconf 90' lang='lat' dir='ltr'><strong>insumpserint.</strong></span> <span class='ocrx_word' id='word_1_706' title='bbox 1235 4867 1575 4933; x_wconf 88' lang='lat' dir='ltr'><strong>Queritatur</strong></span> <span class='ocrx_word' id='word_1_707' title='bbox 1621 4867 1728 4940; x_wconf 89' lang='lat' dir='ltr'><strong>qui</strong></span> <span class='ocrx_word' id='word_1_708' title='bbox 1758 4882 1976 4937; x_wconf 88' lang='lat' dir='ltr'><strong>genere</strong></span> <span class='ocrx_word' id='word_1_709' title='bbox 2000 4866 2200 4922; x_wconf 89' lang='lat' dir='ltr'><strong>clarus</strong></span> 
     </span>
    </p>
   </div>
   <div class='ocr_carea' id='block_1_99' title="bbox 538 4955 2203 5028">
    <p class='ocr_par' dir='ltr' id='par_1_99' title="bbox 538 4955 2203 5028">
     <span class='ocr_line' id='line_1_99' title="bbox 538 4955 2203 5028; baseline 0.002 -19"><span class='ocrx_word' id='word_1_710' title='bbox 538 4960 648 5021; x_wconf 90' lang='lat' dir='ltr'><strong>est,</strong></span> <span class='ocrx_word' id='word_1_711' title='bbox 669 4956 838 5028; x_wconf 92' lang='lat' dir='ltr'><strong>quod</strong></span> <span class='ocrx_word' id='word_1_712' title='bbox 862 4972 984 5012; x_wconf 94' lang='lat' dir='ltr'><strong>non</strong></span> <span class='ocrx_word' id='word_1_713' title='bbox 1007 4956 1277 5013; x_wconf 89' lang='lat' dir='ltr'><strong>abundet</strong></span> <span class='ocrx_word' id='word_1_714' title='bbox 1296 4956 1555 5023; x_wconf 87' lang='lat' dir='ltr'><strong>divitiis;</strong></span> <span class='ocrx_word' id='word_1_715' title='bbox 1584 4956 1757 5013; x_wconf 83' lang='lat' dir='ltr'><strong>dives</strong></span> <span class='ocrx_word' id='word_1_716' title='bbox 1787 4955 2111 5012; x_wconf 82' lang='lat' dir='ltr'><strong>afﬂictatur</strong></span> <span class='ocrx_word' id='word_1_717' title='bbox 2129 4971 2203 5012; x_wconf 90' lang='lat' dir='ltr'><strong>ac</strong></span> 
     </span>
    </p>
   </div>
   <div class='ocr_carea' id='block_1_100' title="bbox 539 5043 2199 5119">
    <p class='ocr_par' dir='ltr' id='par_1_100' title="bbox 539 5043 2199 5119">
     <span class='ocr_line' id='line_1_100' title="bbox 539 5043 2199 5119; baseline -0.001 -19"><span class='ocrx_word' id='word_1_718' title='bbox 539 5043 723 5115; x_wconf 90' lang='lat' dir='ltr'><strong>dolet,</strong></span> <span class='ocrx_word' id='word_1_719' title='bbox 741 5045 907 5119; x_wconf 90' lang='lat' dir='ltr'><strong>quod</strong></span> <span class='ocrx_word' id='word_1_720' title='bbox 933 5045 1317 5101; x_wconf 89' lang='lat' dir='ltr'><strong>dominatum</strong></span> <span class='ocrx_word' id='word_1_721' title='bbox 1338 5044 1401 5101; x_wconf 91' lang='lat' dir='ltr'><strong>in</strong></span> <span class='ocrx_word' id='word_1_722' title='bbox 1430 5045 1659 5118; x_wconf 92' lang='lat' dir='ltr'><strong>oppida</strong></span> <span class='ocrx_word' id='word_1_723' title='bbox 1681 5051 1739 5101; x_wconf 91' lang='lat' dir='ltr'><strong>et</strong></span> <span class='ocrx_word' id='word_1_724' title='bbox 1756 5046 1819 5100; x_wconf 89' lang='lat' dir='ltr'><strong>in</strong></span> <span class='ocrx_word' id='word_1_725' title='bbox 1848 5050 2055 5115; x_wconf 88' lang='lat' dir='ltr'><strong>gentes</strong></span> <span class='ocrx_word' id='word_1_726' title='bbox 2076 5060 2199 5100; x_wconf 90' lang='lat' dir='ltr'><strong>non</strong></span> 
     </span>
    </p>
   </div>
   <div class='ocr_carea' id='block_1_101' title="bbox 611 5150 2200 5225">
    <p class='ocr_par' dir='ltr' id='par_1_101' title="bbox 611 5150 2200 5225">
     <span class='ocr_line' id='line_1_101' title="bbox 611 5150 2200 5225; baseline -0.003 -18"><span class='ocrx_word' id='word_1_727' title='bbox 611 5153 726 5220; x_wconf 85' lang='grc'>(71)</span> <span class='ocrx_word' id='word_1_728' title='bbox 766 5154 930 5208; x_wconf 90' lang='lat' dir='ltr'><strong>Unus</strong></span> <span class='ocrx_word' id='word_1_729' title='bbox 983 5153 1175 5209; x_wconf 84' lang='lat' dir='ltr'><strong>codex</strong></span> <span class='ocrx_word' id='word_1_730' title='bbox 1222 5154 1363 5219; x_wconf 80' lang='lat' dir='ltr'><strong>Reg.</strong></span> <span class='ocrx_word' id='word_1_731' title='bbox 1410 5156 1467 5207; x_wconf 90' lang='lat' dir='ltr'><strong>et</strong></span> <span class='ocrx_word' id='word_1_732' title='bbox 1514 5152 1657 5225; x_wconf 88' lang='lat' dir='ltr'><strong>editi</strong></span> <span class='ocrx_word' id='word_1_733' title='bbox 1693 5156 1751 5205; x_wconf 85' lang='grc' dir='ltr'><strong>τὸ</strong></span> <span class='ocrx_word' id='word_1_734' title='bbox 1792 5154 1924 5223; x_wconf 79' lang='grc' dir='ltr'><strong>ἄγαν</strong></span> <span class='ocrx_word' id='word_1_735' title='bbox 1966 5150 2200 5225; x_wconf 75' lang='grc' dir='ltr'><strong>λαμπρόν</strong></span> 
     </span>
    </p>
   </div>
   <div class='ocr_carea' id='block_1_102' title="bbox 540 5224 2201 5297">
    <p class='ocr_par' dir='ltr' id='par_1_102' title="bbox 540 5224 2201 5297">
     <span class='ocr_line' id='line_1_102' title="bbox 540 5224 2201 5297; baseline 0.002 -21"><span class='ocrx_word' id='word_1_736' title='bbox 540 5229 930 5297; x_wconf 80' lang='grc' dir='ltr'><strong>προσκείμενον,</strong></span> <span class='ocrx_word' id='word_1_737' title='bbox 960 5240 1084 5297; x_wconf 73' lang='lat' dir='ltr'><strong>rem</strong></span> <span class='ocrx_word' id='word_1_738' title='bbox 1112 5225 1291 5297; x_wconf 75' lang='lat' dir='ltr'><strong>valde</strong></span> <span class='ocrx_word' id='word_1_739' title='bbox 1317 5224 1698 5297; x_wconf 64' lang='lat' dir='ltr'><strong>splendidam</strong></span> <span class='ocrx_word' id='word_1_740' title='bbox 1724 5225 1862 5293; x_wconf 81' lang='lat' dir='ltr'><strong>plus</strong></span> <span class='ocrx_word' id='word_1_741' title='bbox 1891 5224 2059 5297; x_wconf 62' lang='lat' dir='ltr'><strong>aquo</strong></span> <span class='ocrx_word' id='word_1_742' title='bbox 2087 5224 2201 5279; x_wconf 85' lang='lat' dir='ltr'><strong>ad-</strong></span> 
     </span>
    </p>
   </div>
   <div class='ocr_carea' id='block_1_103' title="bbox 542 5294 2198 5376">
    <p class='ocr_par' dir='ltr' id='par_1_103' title="bbox 542 5294 2198 5376">
     <span class='ocr_line' id='line_1_103' title="bbox 542 5294 2198 5376; baseline 0 -27"><span class='ocrx_word' id='word_1_743' title='bbox 542 5294 786 5376; x_wconf 61' lang='lat' dir='ltr'><strong>motam.</strong></span> <span class='ocrx_word' id='word_1_744' title='bbox 821 5298 945 5351; x_wconf 86' lang='lat' dir='ltr'><strong>Vox</strong></span> <span class='ocrx_word' id='word_1_745' title='bbox 969 5295 1209 5376; x_wconf 73' lang='grc' dir='ltr'><strong>λαμπρόν</strong></span> <span class='ocrx_word' id='word_1_746' title='bbox 1255 5296 1313 5350; x_wconf 92' lang='lat' dir='ltr'><strong>in</strong></span> <span class='ocrx_word' id='word_1_747' title='bbox 1360 5295 1517 5376; x_wconf 83' lang='lat' dir='ltr'><strong>aliis_</strong></span> <span class='ocrx_word' id='word_1_748' title='bbox 1531 5302 1766 5376; x_wconf 84' lang='lat' dir='ltr'><strong>septem</strong></span> <span class='ocrx_word' id='word_1_749' title='bbox 1817 5294 1967 5375; x_wconf 72' lang='lat' dir='ltr'><strong>mss.</strong></span> <span class='ocrx_word' id='word_1_750' title='bbox 1992 5294 2198 5375; x_wconf 82' lang='lat' dir='ltr'><strong>deest_;</strong></span> 
     </span>
    </p>
   </div>
   <div class='ocr_carea' id='block_1_104' title="bbox 540 5366 2204 5493">
    <p class='ocr_par' dir='ltr' id='par_1_104' title="bbox 540 5366 2204 5493">
     <span class='ocr_line' id='line_1_104' title="bbox 540 5366 2204 5493; baseline -0.001 -71"><span class='ocrx_word' id='word_1_751' title='bbox 540 5367 904 5493; x_wconf 59' lang='lat' dir='ltr'><strong>gectmirum</strong></span> <span class='ocrx_word' id='word_1_752' title='bbox 935 5368 984 5422; x_wconf 90' lang='lat' dir='ltr'><strong>si</strong></span> <span class='ocrx_word' id='word_1_753' title='bbox 1006 5366 1180 5432; x_wconf 81' lang='lat' dir='ltr'><strong>desit,</strong></span> <span class='ocrx_word' id='word_1_754' title='bbox 1198 5382 1336 5423; x_wconf 90' lang='lat' dir='ltr'><strong>cum</strong></span> <span class='ocrx_word' id='word_1_755' title='bbox 1359 5382 1480 5422; x_wconf 89' lang='lat' dir='ltr'><strong>non</strong></span> <span class='ocrx_word' id='word_1_756' title='bbox 1502 5366 1586 5421; x_wconf 85' lang='lat' dir='ltr'><strong>ita</strong></span> <span class='ocrx_word' id='word_1_757' title='bbox 1605 5367 1944 5422; x_wconf 83' lang='lat' dir='ltr'><strong>necessaria</strong></span> <span class='ocrx_word' id='word_1_758' title='bbox 1965 5381 2100 5421; x_wconf 89' lang='lat' dir='ltr'><strong>esse</strong></span> <span class='ocrx_word' id='word_1_759' title='bbox 2120 5366 2204 5421; x_wconf 84' lang='lat' dir='ltr'><strong>vi-</strong></span> 
     </span>
     <span class='ocr_line' id='line_1_105' title="bbox 584 5452 774 5493; baseline 0.005 -1"><span class='ocrx_word' id='word_1_760' title='bbox 584 5452 656 5492; x_wconf 91' lang='lat' dir='ltr'><strong>ea</strong></span> <span class='ocrx_word' id='word_1_761' title='bbox 688 5454 774 5493; x_wconf 91' lang='lat' dir='ltr'><strong>ur.</strong></span> 
     </span>
    </p>
   </div>
   <div class='ocr_carea' id='block_1_105' title="bbox 584 5452 774 5494">
    <p class='ocr_par' dir='ltr' id='par_1_105' title="bbox 584 5452 774 5494">
     <span class='ocr_line' id='line_1_106' title="bbox 584 5452 774 5494; baseline 0.011 -2"><span class='ocrx_word' id='word_1_762' title='bbox 584 5452 774 5494; x_wconf 79' lang='lat' dir='ltr'><strong>eatur.</strong></span> 
     </span>
    </p>
   </div>
   <div class='ocr_carea' id='block_1_106' title="bbox 617 5506 2200 5581">
    <p class='ocr_par' dir='ltr' id='par_1_106' title="bbox 617 5506 2200 5581">
     <span class='ocr_line' id='line_1_107' title="bbox 617 5506 2200 5581; baseline -0.003 -18"><span class='ocrx_word' id='word_1_763' title='bbox 617 5512 726 5581; x_wconf 66' lang='lat'><strong>(72)</strong></span> <span class='ocrx_word' id='word_1_764' title='bbox 766 5512 910 5581; x_wconf 81' lang='lat' dir='ltr'><strong>Reg.</strong></span> <span class='ocrx_word' id='word_1_765' title='bbox 949 5508 1183 5580; x_wconf 89' lang='lat' dir='ltr'><strong>primus</strong></span> <span class='ocrx_word' id='word_1_766' title='bbox 1218 5515 1276 5581; x_wconf 75' lang='lat' dir='ltr'><strong>et</strong></span> <span class='ocrx_word' id='word_1_767' title='bbox 1315 5508 1519 5564; x_wconf 87' lang='lat' dir='ltr'><strong>terlius</strong></span> <span class='ocrx_word' id='word_1_768' title='bbox 1567 5507 1616 5559; x_wconf 75' lang='grc' dir='ltr'><strong><em>ἓν</em></strong></span> <span class='ocrx_word' id='word_1_769' title='bbox 1658 5516 1721 5580; x_wconf 72' lang='grc' dir='ltr'><strong>τῇ</strong></span> <span class='ocrx_word' id='word_1_770' title='bbox 1770 5506 2200 5581; x_wconf 80' lang='grc' dir='ltr'><strong>ἀπαλλοτριώσει,</strong></span> 
     </span>
    </p>
   </div>
   <div class='ocr_carea' id='block_1_107' title="bbox 544 5579 2165 5668">
    <p class='ocr_par' dir='ltr' id='par_1_107' title="bbox 544 5579 2165 5668">
     <span class='ocr_line' id='line_1_108' title="bbox 544 5579 2165 5668; baseline -0.001 0"><span class='ocrx_word' id='word_1_771' title='bbox 544 5579 965 5668; x_wconf 41' lang='lat' dir='ltr'><strong>assistere“</strong></span> <span class='ocrx_word' id='word_1_772' title='bbox 992 5580 1310 5668; x_wconf 60' lang='grc' dir='ltr'><strong>εεηῑεηιίεξ·</strong></span> <span class='ocrx_word' id='word_1_773' title='bbox 1977 5579 2008 5668; x_wconf 76' lang='grc'><strong>,“</strong></span> <span class='ocrx_word' id='word_1_774' title='bbox 2157 5656 2165 5667; x_wconf 90' lang='grc'><strong>.</strong></span> 
     </span>
    </p>
   </div>
   <div class='ocr_carea' id='block_1_108' title="bbox 616 5651 2205 5725">
    <p class='ocr_par' dir='ltr' id='par_1_108' title="bbox 616 5651 2205 5725">
     <span class='ocr_line' id='line_1_109' title="bbox 616 5651 2205 5725; baseline -0.002 -19"><span class='ocrx_word' id='word_1_775' title='bbox 616 5652 730 5725; x_wconf 82' lang='grc'><strong>(73)</strong></span> <span class='ocrx_word' id='word_1_776' title='bbox 761 5651 949 5707; x_wconf 80' lang='lat' dir='ltr'><strong>Editio</strong></span> <span class='ocrx_word' id='word_1_777' title='bbox 994 5651 1178 5706; x_wconf 90' lang='lat' dir='ltr'><strong>Paris.</strong></span> <span class='ocrx_word' id='word_1_778' title='bbox 1224 5656 1288 5707; x_wconf 91' lang='lat' dir='ltr'><strong>et</strong></span> <span class='ocrx_word' id='word_1_779' title='bbox 1335 5668 1492 5707; x_wconf 87' lang='lat' dir='ltr'><strong>unus</strong></span> <span class='ocrx_word' id='word_1_780' title='bbox 1529 5667 1675 5707; x_wconf 89' lang='lat' dir='ltr'><strong>mss.</strong></span> <span class='ocrx_word' id='word_1_781' title='bbox 1716 5651 1799 5703; x_wconf 81' lang='grc' dir='ltr'><strong>ἐάν</strong></span> <span class='ocrx_word' id='word_1_782' title='bbox 1829 5670 1911 5715; x_wconf 91' lang='grc' dir='ltr'><strong>τις</strong></span> <span class='ocrx_word' id='word_1_783' title='bbox 1940 5651 2205 5724; x_wconf 84' lang='grc' dir='ltr'><strong>εὐγνωμό-</strong></span> 
     </span>
    </p>
   </div>
   <div class='ocr_carea' id='block_1_109' title="bbox 2311 4601 3914 4688">
    <p class='ocr_par' dir='ltr' id='par_1_109' title="bbox 2311 4601 3914 4688">
     <span class='ocr_line' id='line_1_110' title="bbox 2311 4601 3914 4688; baseline -0.012 -20"><span class='ocrx_word' id='word_1_784' title='bbox 2311 4622 2469 4688; x_wconf 80' lang='grc' dir='ltr'><strong>κομᾷ·</strong></span> <span class='ocrx_word' id='word_1_785' title='bbox 2528 4616 2553 4666; x_wconf 91' lang='grc' dir='ltr'><strong>ό</strong></span> <span class='ocrx_word' id='word_1_786' title='bbox 2619 4613 2869 4674; x_wconf 84' lang='grc' dir='ltr'><strong>πλούσιος</strong></span> <span class='ocrx_word' id='word_1_787' title='bbox 2931 4611 3171 4663; x_wconf 86' lang='grc' dir='ltr'><strong>λυπεῖται</strong></span> <span class='ocrx_word' id='word_1_788' title='bbox 3234 4610 3325 4658; x_wconf 88' lang='grc' dir='ltr'><strong>καὶ</strong></span> <span class='ocrx_word' id='word_1_789' title='bbox 3392 4601 3658 4675; x_wconf 81' lang='grc' dir='ltr'><strong>ὀδύρεται,</strong></span> <span class='ocrx_word' id='word_1_790' title='bbox 3718 4601 3798 4651; x_wconf 82' lang='grc' dir='ltr'><strong>ὅτι</strong></span> <span class='ocrx_word' id='word_1_791' title='bbox 3844 4602 3914 4670; x_wconf 76' lang='grc' dir='ltr'><strong>μὴ</strong></span> 
     </span>
    </p>
   </div>
   <div class='ocr_carea' id='block_1_110' title="bbox 2310 4691 3912 4772">
    <p class='ocr_par' dir='ltr' id='par_1_110' title="bbox 2310 4691 3912 4772">
     <span class='ocr_line' id='line_1_111' title="bbox 2310 4691 3912 4772; baseline -0.014 -14"><span class='ocrx_word' id='word_1_792' title='bbox 2310 4704 2503 4757; x_wconf 88' lang='grc' dir='ltr'><strong>πόλεων</strong></span> <span class='ocrx_word' id='word_1_793' title='bbox 2555 4708 2647 4755; x_wconf 85' lang='grc' dir='ltr'><strong>καὶ</strong></span> <span class='ocrx_word' id='word_1_794' title='bbox 2687 4701 2840 4755; x_wconf 77' lang='grc' dir='ltr'><strong>έθνῶν</strong></span> <span class='ocrx_word' id='word_1_795' title='bbox 2897 4699 3038 4752; x_wconf 74' lang='grc' dir='ltr'><strong>ἔστιν</strong></span> <span class='ocrx_word' id='word_1_796' title='bbox 3089 4697 3273 4772; x_wconf 77' lang='grc' dir='ltr'><strong>ἅρχων</strong></span> <span class='ocrx_word' id='word_1_797' title='bbox 3320 4695 3456 4762; x_wconf 79' lang='grc'><strong>(76)·</strong></span> <span class='ocrx_word' id='word_1_798' title='bbox 3507 4693 3533 4742; x_wconf 89' lang='grc' dir='ltr'><strong>ό</strong></span> <span class='ocrx_word' id='word_1_799' title='bbox 3594 4691 3912 4763; x_wconf 87' lang='grc' dir='ltr'><strong>στρατηγός,</strong></span> 
     </span>
    </p>
   </div>
   <div class='ocr_carea' id='block_1_111' title="bbox 2310 4779 3913 4869">
    <p class='ocr_par' dir='ltr' id='par_1_111' title="bbox 2310 4779 3913 4869">
     <span class='ocr_line' id='line_1_112' title="bbox 2310 4779 3913 4869; baseline -0.014 -20"><span class='ocrx_word' id='word_1_800' title='bbox 2310 4799 2392 4849; x_wconf 85' lang='grc' dir='ltr'><strong>ὅτι</strong></span> <span class='ocrx_word' id='word_1_801' title='bbox 2444 4799 2515 4869; x_wconf 79' lang='grc' dir='ltr'><strong>μὴ</strong></span> <span class='ocrx_word' id='word_1_802' title='bbox 2571 4791 2858 4866; x_wconf 85' lang='grc' dir='ltr'><strong>βασιλεύει·</strong></span> <span class='ocrx_word' id='word_1_803' title='bbox 2901 4792 2927 4841; x_wconf 88' lang='grc' dir='ltr'><strong>ὁ</strong></span> <span class='ocrx_word' id='word_1_804' title='bbox 2986 4787 3257 4861; x_wconf 86' lang='grc' dir='ltr'><strong>βασιλεὺς,</strong></span> <span class='ocrx_word' id='word_1_805' title='bbox 3312 4786 3391 4836; x_wconf 86' lang='grc' dir='ltr'><strong>ὃτι</strong></span> <span class='ocrx_word' id='word_1_806' title='bbox 3434 4786 3505 4855; x_wconf 74' lang='grc' dir='ltr'><strong>μὴ</strong></span> <span class='ocrx_word' id='word_1_807' title='bbox 3557 4782 3735 4839; x_wconf 88' lang='grc' dir='ltr'><strong>πάσης</strong></span> <span class='ocrx_word' id='word_1_808' title='bbox 3782 4779 3913 4869; x_wconf 77' lang='grc' dir='ltr'><strong>όμού</strong></span> 
     </span>
    </p>
   </div>
   <div class='ocr_carea' id='block_1_112' title="bbox 2310 4866 3912 4956">
    <p class='ocr_par' dir='ltr' id='par_1_112' title="bbox 2310 4866 3912 4956">
     <span class='ocr_line' id='line_1_113' title="bbox 2310 4866 3912 4956; baseline -0.014 -18"><span class='ocrx_word' id='word_1_809' title='bbox 2310 4894 2406 4947; x_wconf 82' lang='grc' dir='ltr'><strong>τῆς</strong></span> <span class='ocrx_word' id='word_1_810' title='bbox 2445 4866 2551 4956; x_wconf 22' lang='grc' dir='ltr'><strong>*ὑφ’</strong></span> <span class='ocrx_word' id='word_1_811' title='bbox 2604 4882 2737 4954; x_wconf 78' lang='grc' dir='ltr'><strong>ἡλίῳ</strong></span> <span class='ocrx_word' id='word_1_812' title='bbox 2786 4885 2990 4954; x_wconf 85' lang='grc' dir='ltr'><strong>κρασεῖ,</strong></span> <span class='ocrx_word' id='word_1_813' title='bbox 3051 4875 3162 4928; x_wconf 86' lang='grc' dir='ltr'><strong>ἀλλ’</strong></span> <span class='ocrx_word' id='word_1_814' title='bbox 3211 4878 3353 4927; x_wconf 64' lang='grc' dir='ltr'><strong>ἔστιν</strong></span> <span class='ocrx_word' id='word_1_815' title='bbox 3406 4873 3524 4929; x_wconf 74' lang='grc' dir='ltr'><strong>ἔθνη</strong></span> <span class='ocrx_word' id='word_1_816' title='bbox 3593 4875 3704 4929; x_wconf 88' lang='grc' dir='ltr'><strong>τοῖς</strong></span> <span class='ocrx_word' id='word_1_817' title='bbox 3752 4866 3912 4917; x_wconf 82' lang='grc' dir='ltr'><strong>αὐτοῦ</strong></span> 
     </span>
    </p>
   </div>
   <div class='ocr_carea' id='block_1_113' title="bbox 2312 4955 3914 5048">
    <p class='ocr_par' dir='ltr' id='par_1_113' title="bbox 2312 4955 3914 5048">
     <span class='ocr_line' id='line_1_114' title="bbox 2312 4955 3914 5048; baseline -0.014 -20"><span class='ocrx_word' id='word_1_818' title='bbox 2312 4955 2602 5048; x_wconf 80' lang='grc' dir='ltr'><strong>σκήπτροις</strong></span> <span class='ocrx_word' id='word_1_819' title='bbox 2656 4975 2724 5045; x_wconf 82' lang='grc' dir='ltr'><strong>μὴ</strong></span> <span class='ocrx_word' id='word_1_820' title='bbox 2776 4972 3163 5048; x_wconf 64' lang='grc' dir='ltr'><strong>ὐποκύτςτοντα.</strong></span> <span class='ocrx_word' id='word_1_821' title='bbox 3215 4965 3303 5048; x_wconf 70' lang='grc' dir='ltr'><strong>Ἐκ</strong></span> <span class='ocrx_word' id='word_1_822' title='bbox 3328 4964 3531 5048; x_wconf 78' lang='grc' dir='ltr'><strong>πάντων</strong></span> <span class='ocrx_word' id='word_1_823' title='bbox 3595 4955 3654 5043; x_wconf 68' lang='grc' dir='ltr'><strong>δε</strong></span> <span class='ocrx_word' id='word_1_824' title='bbox 3718 4959 3914 5043; x_wconf 77' lang='grc' dir='ltr'><strong>τούτων</strong></span> 
     </span>
    </p>
   </div>
   <div class='ocr_carea' id='block_1_114' title="bbox 2314 5035 3912 5117">
    <p class='ocr_par' dir='ltr' id='par_1_114' title="bbox 2314 5035 3912 5117">
     <span class='ocr_line' id='line_1_115' title="bbox 2314 5035 3912 5117; baseline -0.013 -18"><span class='ocrx_word' id='word_1_825' title='bbox 2314 5035 2596 5117; x_wconf 74' lang='grc' dir='ltr'><strong>συνάγεται</strong></span> <span class='ocrx_word' id='word_1_826' title='bbox 2642 5035 2701 5095; x_wconf 77' lang='grc' dir='ltr'><strong>τὸ</strong></span> <span class='ocrx_word' id='word_1_827' title='bbox 2742 5040 2826 5094; x_wconf 75' lang='grc' dir='ltr'><strong>ἐπὶ</strong></span> <span class='ocrx_word' id='word_1_828' title='bbox 2875 5036 3064 5113; x_wconf 85' lang='grc' dir='ltr'><strong>μηδενὶ</strong></span> <span class='ocrx_word' id='word_1_829' title='bbox 3113 5040 3199 5089; x_wconf 87' lang='grc' dir='ltr'><strong>τὸν</strong></span> <span class='ocrx_word' id='word_1_830' title='bbox 3252 5035 3521 5109; x_wconf 87' lang='grc' dir='ltr'><strong>εὐεργέτην</strong></span> <span class='ocrx_word' id='word_1_831' title='bbox 3573 5035 3912 5104; x_wconf 73' lang='grc' dir='ltr'><strong>εὐχαριστεῖ-</strong></span> 
     </span>
    </p>
   </div>
   <div class='ocr_carea' id='block_1_115' title="bbox 2310 5139 3877 5220">
    <p class='ocr_par' dir='ltr' id='par_1_115' title="bbox 2310 5139 3877 5220">
     <span class='ocr_line' id='line_1_116' title="bbox 2310 5139 3877 5220; baseline -0.014 -14"><span class='ocrx_word' id='word_1_832' title='bbox 2310 5175 2430 5215; x_wconf 89' lang='grc' dir='ltr'><strong>νως.</strong></span> <span class='ocrx_word' id='word_1_833' title='bbox 2469 5151 2658 5206; x_wconf 85' lang='lat' dir='ltr'><strong>Editio</strong></span> <span class='ocrx_word' id='word_1_834' title='bbox 2691 5148 2867 5205; x_wconf 84' lang='lat' dir='ltr'><strong>Basil.</strong></span> <span class='ocrx_word' id='word_1_835' title='bbox 2900 5153 2955 5202; x_wconf 85' lang='lat' dir='ltr'><strong>et</strong></span> <span class='ocrx_word' id='word_1_836' title='bbox 2985 5150 3215 5220; x_wconf 79' lang='lat' dir='ltr'><strong>septem</strong></span> <span class='ocrx_word' id='word_1_837' title='bbox 3249 5159 3394 5220; x_wconf 82' lang='lat' dir='ltr'><strong>mss.</strong></span> <span class='ocrx_word' id='word_1_838' title='bbox 3422 5139 3505 5220; x_wconf 72' lang='grc' dir='ltr'><strong>ἒάν</strong></span> <span class='ocrx_word' id='word_1_839' title='bbox 3528 5139 3877 5220; x_wconf 68' lang='grc' dir='ltr'><strong>εὐγνωμόνως.</strong></span> 
     </span>
    </p>
   </div>
   <div class='ocr_carea' id='block_1_116' title="bbox 2386 5213 3916 5293">
    <p class='ocr_par' dir='ltr' id='par_1_116' title="bbox 2386 5213 3916 5293">
     <span class='ocr_line' id='line_1_117' title="bbox 2386 5213 3916 5293; baseline -0.016 -13"><span class='ocrx_word' id='word_1_840' title='bbox 2386 5213 2505 5293; x_wconf 69' lang='grc'><strong>(74)</strong></span> <span class='ocrx_word' id='word_1_841' title='bbox 2545 5221 2784 5293; x_wconf 77' lang='lat' dir='ltr'><strong>Antiqui</strong></span> <span class='ocrx_word' id='word_1_842' title='bbox 2828 5220 2951 5275; x_wconf 88' lang='lat' dir='ltr'><strong>duo</strong></span> <span class='ocrx_word' id='word_1_843' title='bbox 2992 5213 3127 5273; x_wconf 77' lang='lat' dir='ltr'><strong>libri</strong></span> <span class='ocrx_word' id='word_1_844' title='bbox 3175 5224 3248 5287; x_wconf 82' lang='grc' dir='ltr'><strong>τῷ</strong></span> <span class='ocrx_word' id='word_1_845' title='bbox 3279 5214 3516 5289; x_wconf 69' lang='grc' dir='ltr'><strong>εὐεργέτῃ</strong></span> <span class='ocrx_word' id='word_1_846' title='bbox 3549 5213 3641 5270; x_wconf 78' lang='grc' dir='ltr'><strong>τὰς</strong></span> <span class='ocrx_word' id='word_1_847' title='bbox 3693 5213 3916 5278; x_wconf 81' lang='grc' dir='ltr'><strong>εὐχαρι-</strong></span> 
     </span>
    </p>
   </div>
   <div class='ocr_carea' id='block_1_117' title="bbox 2313 5315 2486 5349">
    <p class='ocr_par' dir='ltr' id='par_1_117' title="bbox 2313 5315 2486 5349">
     <span class='ocr_line' id='line_1_118' title="bbox 2313 5315 2486 5349; baseline 0.006 -1"><span class='ocrx_word' id='word_1_848' title='bbox 2313 5315 2486 5349; x_wconf 82' lang='grc' dir='ltr'><strong>στιας.</strong></span> 
     </span>
    </p>
   </div>
   <div class='ocr_carea' id='block_1_118' title="bbox 2380 5316 3922 5437">
    <p class='ocr_par' dir='ltr' id='par_1_118' title="bbox 2380 5316 3922 5437">
     <span class='ocr_line' id='line_1_119' title="bbox 2380 5316 3922 5437; baseline -0.016 -15"><span class='ocrx_word' id='word_1_849' title='bbox 2532 5367 2791 5437; x_wconf 85' lang='lat' dir='ltr'><strong>Utraque</strong></span> <span class='ocrx_word' id='word_1_850' title='bbox 2812 5362 2992 5417; x_wconf 89' lang='lat' dir='ltr'><strong>editio</strong></span> <span class='ocrx_word' id='word_1_851' title='bbox 3006 5367 3073 5437; x_wconf 82' lang='lat' dir='ltr'><strong>et</strong></span> <span class='ocrx_word' id='word_1_852' title='bbox 3089 5374 3250 5437; x_wconf 80' lang='lat' dir='ltr'><strong>unus</strong></span> <span class='ocrx_word' id='word_1_853' title='bbox 3270 5354 3460 5437; x_wconf 69' lang='lat' dir='ltr'><strong>codex</strong></span> <span class='ocrx_word' id='word_1_854' title='bbox 3484 5351 3649 5437; x_wconf 46' lang='lat' dir='ltr'><strong>flow:</strong></span> <span class='ocrx_word' id='word_1_855' title='bbox 3677 5351 3922 5437; x_wconf 70' lang='grc' dir='ltr'><strong>ίπποτρό-</strong></span> 
     </span>
    </p>
   </div>
   <div class='ocr_carea' id='block_1_119' title="bbox 2314 5421 3917 5512">
    <p class='ocr_par' dir='ltr' id='par_1_119' title="bbox 2314 5421 3917 5512">
     <span class='ocr_line' id='line_1_120' title="bbox 2314 5421 3917 5512; baseline -0.013 -21"><span class='ocrx_word' id='word_1_856' title='bbox 2314 5421 2427 5512; x_wconf 64' lang='grc' dir='ltr'><strong>φοξς</strong></span> <span class='ocrx_word' id='word_1_857' title='bbox 2471 5421 2765 5510; x_wconf 78' lang='grc' dir='ltr'><strong>λαμπρόξῆ</strong></span> <span class='ocrx_word' id='word_1_858' title='bbox 2813 5436 3139 5512; x_wconf 81' lang='grc' dir='ltr'><strong>μονομάχοις</strong></span> <span class='ocrx_word' id='word_1_859' title='bbox 3186 5433 3273 5512; x_wconf 74' lang='grc' dir='ltr'><strong>τόν</strong></span> <span class='ocrx_word' id='word_1_860' title='bbox 3320 5426 3437 5500; x_wconf 80' lang='grc' dir='ltr'><strong>βίον</strong></span> <span class='ocrx_word' id='word_1_861' title='bbox 3476 5421 3917 5485; x_wconf 72' lang='grc' dir='ltr'><strong>ἐξαναλώσαντας.</strong></span> 
     </span>
    </p>
   </div>
   <div class='ocr_carea' id='block_1_120' title="bbox 2313 5506 3784 5574">
    <p class='ocr_par' dir='ltr' id='par_1_120' title="bbox 2313 5506 3784 5574">
     <span class='ocr_line' id='line_1_121' title="bbox 2313 5506 3784 5574; baseline -0.004 -9"><span class='ocrx_word' id='word_1_862' title='bbox 2313 5506 2422 5566; x_wconf 60' lang='lat' dir='ltr'><strong>Alii</strong></span> <span class='ocrx_word' id='word_1_863' title='bbox 2454 5506 2589 5563; x_wconf 76' lang='lat' dir='ltr'><strong>octo</strong></span> <span class='ocrx_word' id='word_1_864' title='bbox 2620 5506 2773 5562; x_wconf 84' lang='lat' dir='ltr'><strong>mss.</strong></span> <span class='ocrx_word' id='word_1_865' title='bbox 2816 5506 2880 5560; x_wconf 85' lang='lat' dir='ltr'><strong>ut</strong></span> <span class='ocrx_word' id='word_1_866' title='bbox 2917 5506 2975 5559; x_wconf 86' lang='lat' dir='ltr'><strong>in</strong></span> <span class='ocrx_word' id='word_1_867' title='bbox 3008 5506 3323 5574; x_wconf 65' lang='lat' dir='ltr'><strong>contextu.</strong></span> <span class='ocrx_word' id='word_1_868' title='bbox 3773 5562 3784 5572; x_wconf 55' lang='grc'><strong>,</strong></span> 
     </span>
    </p>
   </div>
   <div class='ocr_carea' id='block_1_121' title="bbox 2389 5564 3918 5649">
    <p class='ocr_par' dir='ltr' id='par_1_121' title="bbox 2389 5564 3918 5649">
     <span class='ocr_line' id='line_1_122' title="bbox 2389 5564 3918 5649; baseline -0.016 -13"><span class='ocrx_word' id='word_1_869' title='bbox 2389 5588 2493 5649; x_wconf 73' lang='lat'><strong>(76)</strong></span> <span class='ocrx_word' id='word_1_870' title='bbox 2526 5582 2690 5635; x_wconf 89' lang='lat' dir='ltr'><strong>Unus</strong></span> <span class='ocrx_word' id='word_1_871' title='bbox 2724 5594 2837 5633; x_wconf 82' lang='lat' dir='ltr'><strong>ms.</strong></span> <span class='ocrx_word' id='word_1_872' title='bbox 2872 5584 2929 5632; x_wconf 90' lang='lat' dir='ltr'><strong>et</strong></span> <span class='ocrx_word' id='word_1_873' title='bbox 2957 5576 3095 5631; x_wconf 84' lang='lat' dir='ltr'><strong>editi</strong></span> <span class='ocrx_word' id='word_1_874' title='bbox 3124 5573 3277 5625; x_wconf 75' lang='grc' dir='ltr'><strong>ἐθνῶν</strong></span> <span class='ocrx_word' id='word_1_875' title='bbox 3298 5572 3479 5645; x_wconf 72' lang='grc' dir='ltr'><strong>ἄρχει.</strong></span> <span class='ocrx_word' id='word_1_876' title='bbox 3502 5564 3612 5622; x_wconf 85' lang='lat' dir='ltr'><strong>Alii</strong></span> <span class='ocrx_word' id='word_1_877' title='bbox 3632 5580 3737 5620; x_wconf 79' lang='lat' dir='ltr'><strong>sex</strong></span> <span class='ocrx_word' id='word_1_878' title='bbox 3766 5564 3918 5616; x_wconf 79' lang='grc' dir='ltr'><strong>ἐθνῶν</strong></span> 
     </span>
    </p>
   </div>
   <div class='ocr_carea' id='block_1_122' title="bbox 2316 5653 2693 5725">
    <p class='ocr_par' dir='ltr' id='par_1_122' title="bbox 2316 5653 2693 5725">
     <span class='ocr_line' id='line_1_123' title="bbox 2316 5653 2693 5725; baseline -0.008 -19"><span class='ocrx_word' id='word_1_879' title='bbox 2316 5653 2457 5706; x_wconf 69' lang='grc' dir='ltr'><strong>ἔστιν</strong></span> <span class='ocrx_word' id='word_1_880' title='bbox 2489 5654 2693 5725; x_wconf 69' lang='grc' dir='ltr'><strong>ἄρχων.</strong></span> 
     </span>
    </p>
   </div>
   <div class='ocr_carea' id='block_1_123' title="bbox 3774 372 3975 425">
    <p class='ocr_par' dir='ltr' id='par_1_123' title="bbox 3774 372 3975 425">
     <span class='ocr_line' id='line_1_124' title="bbox 3774 372 3975 425; baseline -0.02 0"><span class='ocrx_word' id='word_1_881' title='bbox 3774 372 3878 425; x_wconf 80' lang='lat'><strong>252</strong></span> <span class='ocrx_word' id='word_1_882' title='bbox 3966 418 3975 421; x_wconf 44' lang='grc' dir='ltr'><strong>ι</strong></span> 
     </span>
    </p>
   </div>
  </div>
