4124 6430
293 393 400 446 253

1384 385 1675 443 HOMILIA
1721 386 1785 440 IN
1828 384 2207 440 MARTYREM
2243 386 2575 442 JULITTAM

3554 386 3661 441 254

295 516 441 571 σθαι.
495 511 631 567 Ἀλλ’
681 514 850 586 ἡμεῖς,
893 511 1097 585 ἀφέντες
1139 516 1205 565 τὰ
1230 511 1313 565 ἐπὶ
1337 520 1448 574 τοῖς
1474 511 1668 564 ἀποῦσι
1703 510 1890 576 λυπας,

2007 507 2218 576 habet;
2257 510 2550 577 exercitus
2574 510 2721 574 dux,
2742 508 2913 581 quod
2940 523 3195 579 regnum
3215 526 3340 567 non
3360 514 3620 584 occupat
3643 528 3660 579 ;

293 600 328 657 δ
334 600 642 677 ιδαχθῶμεν
698 608 793 661 τὴν
851 601 935 654 ἐπὶ
966 609 1076 665 τοῖς
1107 611 1367 677 παροῦσιν
1393 602 1738 675 εὐχαριστίαν
1770 598 1894 651 ἀπο-

291 690 526 747 διδόναι.
576 692 811 765 Εἲπωμεν
859 691 906 743 έν
956 694 1046 764 μεν
1103 699 1218 754 ταῖς
1270 690 1728 767 σκυθρωποτέραίς
1756 709 1894 762 περι-

292 786 515 836 στάσεσι
568 790 670 834 τῶν
718 778 1042 855 πραγμάτων
1098 789 1170 853 τῷ
1220 789 1360 853 σοφῷ
1413 781 1592 853 ἰατρῷ·
1655 779 1737 831 Ἐν
1789 778 1893 830 θλὶ-

288 872 378 944 ψει
432 877 601 945 μικρᾷ
652 873 682 929 ἡ
743 866 963 923 παιδεία
1015 890 1108 923 σου
1166 871 1310 942 ἡμῖν.
1345 873 1606 942 Εἶπωμεν.
1672 867 1892 939 Ἀγαθὸν

292 980 400 1034 μοι,
460 963 541 1013 ὅτι
595 959 942 1021 ἓταπείνωσάς
999 978 1090 1033 με.
1151 962 1408 1032 Εῗπωμεν,
1468 960 1549 1011 ὅτι
1601 956 1712 1009 Οὐκ
1768 956 1894 1018 ἄξια

292 1053 358 1103 τὰ
423 1053 713 1123 παθήματα
784 1055 876 1101 τοῦ
916 1056 1005 1101 νῦν
1075 1056 1261 1123 καιροῦ
1334 1051 1467 1122 πρὸς
1530 1052 1619 1106 τὴν
1673 1044 1891 1120 μέλλου-

299 1160 392 1193 σαν
472 1136 631 1202 δόξαν
716 1138 1146 1212 ἀποκαλυφθῆναι
1230 1139 1301 1201 εἰς
1383 1140 1544 1211 ἡμᾶς.
1632 1140 1887 1211 Εἶπωμεν,

296 1231 373 1282 ὅτι
435 1228 619 1300 Ὀλίγα
687 1228 755 1280 ὧν
821 1230 1117 1301 ἡμάρτομεν
1192 1228 1656 1300 μεμαστιγωμεθα.
1718 1233 1892 1299 Παρα-

288 1318 580 1390 καλέσωμεν
630 1322 719 1370 τὸν
770 1320 980 1392 Κύριον,
1029 1319 1109 1369 ὅτι
1148 1313 1447 1370 Παίδευσον
1494 1318 1652 1389 ἡμᾶς,
1713 1318 1887 1389 Κύριε,

284 1406 415 1465 πλην
496 1406 544 1459 ἐν
617 1411 809 1481 κρίσει,
883 1411 973 1459 καὶ
1044 1411 1114 1479 μὴ
1191 1404 1240 1458 ἐν
1306 1401 1473 1478 θυμῷ.
1530 1404 1891 1478 Ἐλεγχόμενοι

281 1498 403 1570 γὰρ,
480 1498 580 1549 ὑπό
658 1500 853 1571 Κυρίου
928 1492 1308 1568 παιδευόμεθα,
1386 1496 1470 1546 ἵνα
1535 1498 1604 1567 μὴ
1679 1498 1771 1546 σὺν
1818 1503 1891 1565 τῷ

281 1590 465 1658 κόσμῳ
518 1587 933 1659 κατακριθῶμεν.
996 1585 1078 1637 Ἐν
1155 1581 1214 1637 δὲ
1272 1591 1336 1656 τῇ
1413 1579 1732 1657 φαιδροτέρᾳ
1797 1590 1889 1635 τοῦ

286 1672 409 1746 βίου
451 1670 690 1746 διαγωγῇ
743 1672 937 1732 ἐκείνην
988 1673 1212 1746 λέγωμεν
1250 1680 1342 1726 τοῦ
1374 1669 1543 1725 Δαϐὶδ
1571 1677 1666 1729 τὴν
1698 1677 1886 1744 φωνήν·

282 1767 346 1815 Τί
406 1759 767 1816 ἀνταποδώσω
819 1771 891 1834 τῷ
961 1767 1135 1836 Κυρίῳ
1201 1766 1318 1836 περὶ
1388 1763 1594 1815 πάντων
1650 1762 1717 1813 ὧν
1777 1759 1891 1811 ἀντ-

2004 613 2106 652 rex
2138 603 2358 668 autem,
2394 599 2561 671 quod
2593 599 2774 654 simul
2795 599 2974 654 totius
3005 599 3112 670 qui
3143 600 3257 655 sub
3285 599 3408 655 sole
3444 606 3534 656 est
3561 615 3663 655 or-

2001 685 2094 741 bis
2122 702 2245 742 non
2268 688 2553 760 potiatur,
2589 688 3042 760 sedjsupersint
3089 694 3295 760 gentes
3348 704 3481 760 quae
3536 688 3662 743 suis

2001 777 2250 848 sceptris
2272 793 2394 833 non
2419 778 2539 833 sint
2557 778 2866 848 subjectae.
2893 780 2973 833 Ex
2996 778 3221 850 quibus
3238 778 3525 834 omnibus
3546 776 3664 834 col-

1997 864 2201 936 ligitur
2226 867 2448 936 gratias
2480 884 2592 940 pro
2624 867 2790 931 nulla
2828 883 2891 922 re
2951 866 3383 924 beneﬁciorum
3433 867 3665 923 auctori

1998 954 2272 1026 rependi.
2315 959 2437 1011 Nos
2472 962 2676 1012 autem
2704 972 3026 1013 maerorem
3059 972 3130 1012 ex
3161 956 3235 1011 iis
3255 973 3392 1030 quae
3443 956 3665 1012 desunt

1999 1049 2408 1113 emergentem
2439 1047 2867 1115 amandantes,
2897 1045 3209 1101 discamus
3239 1046 3319 1102 ob
3348 1047 3664 1116 praesentia

1999 1133 2223 1204 gratias
2268 1135 2597 1191 exsolvere.
2633 1137 2914 1192 Dicamus
2936 1135 3193 1208 sapienti
3216 1134 3450 1191 medico
3474 1135 3537 1191 in
3563 1135 3662 1190 tri-

1999 1221 2283 1278 stioribus
2313 1239 2515 1280 rerum
2547 1224 2891 1281 infortuniis
2917 1240 2930 1280 :
2959 1227 3032 1281 In
3059 1224 3452 1281 tribulatione
3468 1239 3664 1294 parva

1997 1310 2320 1380 disciplina
2346 1318 2452 1369 tua
2469 1314 2638 1369 nobis
2657 1315 2724 1369 ⁶⁶.
2748 1315 3027 1369 Dicamus
3041 1328 3065 1370 .'
3085 1315 3322 1369 Bonum
3345 1313 3498 1368 mihi
3519 1313 3664 1384 quia

1998 1400 2336 1457 humiliasti
2354 1417 2447 1458 me
2466 1404 2536 1456 ⁸⁷.
2566 1402 2767 1458 Dicam
2777 1417 2879 1457 us:
2889 1403 3024 1458 Non
3037 1408 3179 1458 sunt
3200 1403 3514 1473 condignae
3529 1417 3663 1471 pas-

1995 1490 2186 1547 siones
2201 1490 2382 1560 hujus
2401 1494 2683 1561 temporis
2700 1492 3067 1561 adfuturam
3082 1493 3344 1562 gloriam
3358 1506 3662 1565 qucereve—

1997 1576 2230 1635 labitur
2249 1582 2312 1636 in
2334 1580 2502 1637 nobis
2523 1582 2592 1636 ⁸⁸.
2615 1582 2898 1638 Dicamus
2913 1599 2925 1637 :
2942 1583 3153 1639 Pauca
3166 1597 3294 1651 prar
3306 1583 3378 1637 iis
3391 1596 3525 1653 quae
3531 1596 3662 1650 pec-

1996 1669 2264 1724 cavimus
2285 1674 2623 1740 accepimus
2644 1671 2895 1727 verbera
2916 1673 2986 1727 ‘9.
3006 1671 3404 1727 Obsecremus
3456 1669 3662 1725 Domi-

1994 1771 2145 1813 num
2173 1774 2185 1813 :
2214 1758 2461 1829 Castiga
2472 1761 2892 1830 nos,!Domine,
2910 1759 3663 1829 verumtameninjudicio-

286 1843 525 1900 απέδωκὲ
576 1867 668 1921 μοι
696 1865 709 1911 ;
740 1847 827 1900 Ἐκ
878 1851 973 1899 τόῠ
1016 1852 1087 1920 μὴ
1136 1850 1281 1907 ὄντος
1332 1846 1405 1907 εἰς
1456 1850 1516 1899 τό
1575 1842 1705 1898 εἶναι
1761 1864 1893 1918 παρ-

2007 1853 2053 1904 et
2074 1863 2194 1904 non
2221 1849 2284 1904 in
2301 1849 2519 1918 furore
2537 1850 2608 1904 ⁷ο.
2634 1849 2785 1905 Cum
2807 1850 2964 1906 enim
2987 1850 3441 1918 redarguimur,
3482 1864 3520 1905 a
3550 1850 3662 1905 Do-

286 1940 474 2008 ἠγαγεο
526 1935 664 2008 λόγῳ
708 1934 946 2009 έτίμησε·
1000 1939 1191 2007 τέχνας
1257 1936 1382 2008 ἡμῖν
1456 1937 1737 2009 συνεργοὺς
1795 1942 1890 1995 τῆς

289 2025 429 2087 ζωῆς
455 2024 769 2098 ἐχαρίσατο·
796 2027 988 2099 τροφὰς
1018 2023 1073 2077 ἐκ
1120 2033 1218 2086 τῆς
1270 2033 1373 2096 γῆς
1425 2022 1628 2082 ἀνίησι·
1692 2021 1891 2096 βοσκη-

287 2117 464 2187 μάτων
507 2117 632 2187 ὴμῖν
676 2115 965 2189 ὑπηρεσίαν
1015 2109 1214 2167 δέδωκε
1245 2114 1380 2186 (77).
1413 2112 1484 2166 Δι’
1512 2115 1651 2186 ἡμᾶς
1682 2111 1888 2185 ὄμϐροι·

290 2199 364 2256 δι’
410 2205 549 2276 ἡμᾶς
604 2203 770 2266 ἣλιος·
822 2205 851 2261 ἡ
909 2201 1100 2278 ὀρεινὴ,
1147 2204 1177 2261 ἡ
1210 2199 1531 2276 πεδιάσιμος
1555 2203 1701 2274 ἡμῶν
1730 2202 1890 2254 ἕνεκεν

289 2289 729 2365 διακεκόσμηται,
777 2290 1050 2365 ἀποφυγὰς
1106 2293 1232 2365 ἡμῖν
1278 2295 1409 2366 πρὸς
1430 2294 1525 2353 τὰς
1550 2289 1605 2343 ἐκ
1634 2299 1731 2342 τῶν
1759 2289 1888 2363 ὁρῶν

287 2380 582 2457 ἀκρότητας
635 2374 1034 2454 εὐτρεπίζουσα·
1085 2380 1158 2433 Δι’
1209 2382 1348 2454 ἡμᾶς
1400 2385 1631 2452 ποταμοὶ
1685 2380 1886 2454 ῥέουσι·

287 2468 359 2525 δι’
398 2473 538 2543 ἡμᾶς
588 2468 842 2545 βρύουσιν
887 2472 942 2522 αἱ
981 2474 1169 2541 πηγαί·
1199 2471 1229 2527 ἡ
1265 2469 1508 2522 θάλασσα
1535 2470 1660 2542 ἡμῖν
1692 2467 1888 2521 ἀνεῖται

282 2563 412 2634 πρὸς
450 2561 594 2631 ,(78)
661 2558 932 2634 ἐμπορίαν·
1000 2561 1050 2612 οὶ
1120 2558 1175 2610 ἐκ
1226 2558 1487 2632 μετάλλων
1535 2558 1770 2625 πλοῦτοι,
1832 2558 1888 2611 αἰ

283 2651 613 2722 πανταχόθεν
684 2648 1017 2715 ἀπολαύσεις,
1072 2651 1251 2711 πάσης
1296 2657 1391 2710 τῆς
1434 2652 1654 2709 κτίσεως
1713 2645 1884 2722 δωρο-

285 2741 547 2814 φορούσης
598 2740 711 2810 (79)
757 2741 903 2811 ἡμῖν,
952 2734 1046 2791 διὰ
1091 2742 1186 2796 τὴν
1224 2737 1479 2791 πλουσίαν
1518 2741 1609 2789 καὶ
1664 2738 1886 2809 ἄφθονον

289 2828 357 2890 εἰς
387 2829 526 2900 ἡμᾶς
554 2828 717 2902 χάριν
747 2834 838 2879 τοῦ
878 2825 1167 2900 εὐεργέτου.

1996 1937 2161 1993 mino
2191 1939 2573 2009 corripimur,
2600 1944 2666 1993 ut
2695 1954 2816 1994 non
2843 1954 2974 1995 cum
3012 1940 3123 1995 hoc
3147 1938 3373 1994 mundo
3410 1938 3661 1994 damne-

1996 2026 2327 2081 mur'”.At
2365 2042 2506 2081 vero
2551 2028 2613 2082 in
2650 2026 2876 2083 laetiore
2920 2026 3055 2082 vitae
3100 2031 3260 2082 statu
3315 2025 3661 2081 emittamus

1995 2113 2165 2170 illam
2186 2114 2431 2171 Davidis
2452 2131 2665 2172 vocem
2693 2133 2705 2170 :
2729 2115 2887 2182 Quid
2904 2115 3238 2172 retribuam
3260 2116 3511 2171 Domino
3548 2131 3661 2184 pro

1997 2203 2270 2259 omnibus
2287 2219 2419 2275 quae
2438 2205 2717 2260 retribuit
2738 2204 2892 2260 mihi
2905 2206 2954 2240 ⁷³
2972 2204 3000 2258 ?
3017 2206 3096 2259 Eo
3116 2210 3361 2260 auctore
3381 2219 3455 2258 ex
3474 2202 3660 2273 nihilo

1997 2292 2108 2348 orti
2138 2309 2374 2360 sumus,
2407 2293 2644 2349 ornavit
2667 2310 2774 2350 nos
2796 2294 3050 2362 ratione,
3081 2293 3332 2363 largitus
3357 2292 3537 2355 nobis
3570 2296 3663 2349 est

1995 2386 2154 2437 artes
2185 2382 2315 2437 vitae
2362 2382 2602 2438 tuendae
2645 2382 3059 2453 inservientes,
3104 2382 3391 2439 alimenta
3432 2399 3464 2438 e
3503 2388 3664 2437 terra

1995 2470 2216 2537 educit,
2250 2472 2490 2528 servitio
2520 2476 2727 2528 nostro
2753 2473 3033 2543 jumenta
3062 2471 3297 2527 addixit
3317 2477 3373 2527 et
3417 2485 3657 2544 pecora.

1995 2558 2246 2630 Propter
2274 2559 2653 2629 nosimbres,
2682 2566 2931 2633 propter
2954 2576 3069 2617 nos
3097 2560 3223 2629 sol;
3249 2559 3545 2616 adornata
3569 2563 3662 2614 est

1992 2649 2183 2703 nostri
2211 2664 2397 2704 causa
2428 2649 2592 2719 regio
2619 2654 2907 2706 montosa
2927 2654 3313 2722 aequataque,
3336 2648 3560 2718 effugia
3575 2652 3661 2703 at-

1991 2752 2113 2808 que
2134 2753 2406 2794 recessus
2425 2753 2651 2810 parans
2675 2738 2852 2795 nobis
2877 2738 2957 2795 ad
2973 2738 3349 2794 summitates
3362 2736 3659 2793 montium

1990 2825 2294 2882 vitandas.
2322 2827 2574 2900 Propter
2602 2842 2714 2883 n‘os
2742 2826 2938 2884 fiuunt
2957 2826 3214 2883 ﬂumina
3241 2833 3521 2900 ;propter
3548 2841 3662 2881 nos

286 2915 482 2972 fontes
513 2915 851 2973 scaturiunt
881 2933 897 2981 ;
923 2931 1092 2971 mare
1121 2918 1288 2988 patet
1310 2914 1490 2970 nobis
1519 2913 1599 2971 ad
1632 2918 2035 2970 mercaturam
2063 2916 2464 2973 exercendam
2501 2936 2514 2985 ;
2540 2916 2910 2989 effodiuntur
2964 2933 3036 2972 ex
3082 2916 3399 2973 metallicis
3441 2914 3667 2972 fodinis

295 3020 441 3077 opes
465 3004 809 3074 ;undelibet
829 3004 1158 3061 commoda
1179 3003 1435 3061 afﬂuunt
1456 3009 1509 3060 et
1532 3002 1787 3073 deliciae,
1820 3003 2166 3061 conferente
2187 3006 2365 3062 nobis
2396 3022 2653 3063 munera
2674 3012 2952 3064 creatura
2976 3006 3146 3063 omni
3185 3005 3266 3062 ob
3303 3005 3667 3078 locupletem

299 3094 665 3167 uberemque
692 3094 947 3151 beneﬁci
976 3093 1077 3150 Dei
1103 3094 1167 3149 in
1200 3109 1314 3149 nos
1348 3093 1629 3164 gratiam.

364 3188 416 3239 7.
465 3189 564 3238 Καὶ
615 3189 669 3236 τί
716 3181 798 3237 δεῖ
844 3187 913 3237 τά
956 3186 1124 3257 μικρά
1163 3183 1326 3255 λέγειν
1360 3199 1374 3251 ;
1409 3183 1482 3237 Δι’
1508 3185 1649 3255 ἡμᾶς
1681 3186 1812 3244 Θεὸς
1842 3180 1890 3234 ἓν
1922 3208 1964 3265 C

292 3271 603 3347 ἀνθρώποις·
660 3269 753 3326 διὰ
802 3278 897 3332 τὴν
948 3274 1371 3346 καταφθαρεῖσαν
1424 3275 1597 3345 σάρκα
1624 3271 1683 3324 Ὀ
1725 3275 1893 3343 Λόγος

293 3362 426 3436 σὰρξ
486 3363 704 3435 ἐγένετό,
774 3368 865 3413 καὶ
930 3361 1221 3433 ἐσκῃνωσεν
1279 3359 1329 3413 ἐν
1386 3364 1533 3433 ἡμῖν.
1596 3364 1739 3414 Μενά
1792 3368 1891 3413 τῶν

289 3449 602 3525 ἀχαρίστων
656 3453 681 3502 6
737 3450 1027 3523 εὐεργέτης·
1076 3469 1208 3524 προς
1259 3452 1380 3511 τούς
1453 3451 1778 3522 καθημένους
1844 3447 1892 3500 ἓν

291 3544 472 3592 σκότει
527 3539 553 3588 ό
613 3537 754 3599 ἣλιος
814 3545 910 3598 τῆς
956 3533 1322 3597 δικαιοσύνης·
1373 3535 1457 3589 ἐπὶ
1487 3539 1575 3588 τόν
1608 3540 1835 3611 σταυρὸν
1867 3539 1892 3590 6

288 3626 464 3686 ἅπαθή
479 3647 519 3688 ς·
568 3624 654 3678 ἐπὶ
709 3629 796 3679 τὸν
858 3627 1073 3678 θάνατον
1125 3627 1156 3683 ἡ
1212 3628 1335 3689 ζωή·
1383 3623 1467 3677 ἐπὶ
1523 3628 1615 3677 τὸν
1673 3621 1809 3695 ᾅδην
1834 3629 1893 3677 τὸ

289 3725 413 3789 φῶς·
501 3716 531 3773 ἡ
611 3713 902 3775 ἀνάστασις
984 3710 1078 3766 διὰ
1157 3717 1275 3775 τοὺς
1358 3717 1632 3774 πεσόντας
1692 3721 1896 3786 πνεῦμα

288 3807 574 3872 υἱοθεσίας,
607 3804 959 3878 χαρισμάτων
1004 3799 1254 3875 διανομαὶ
1280 3804 1417 3871 (80),
1446 3803 1705 3873 στεφάνων
1738 3800 1896 3872 ἐπαγ-

287 3893 477 3965 γελίαι·
525 3895 592 3945 τά
631 3891 780 3964 ἄλλα,
834 3892 934 3945 ὅσα
992 3887 1114 3943 οὐδὲ
1174 3890 1632 3965 ἐξαριθμήσασθαι
1688 3886 1891 3964 ᾳρδιον,

291 3982 361 4057 ἐφ’
411 3978 488 4045 οἷς
543 3988 677 4034 πᾶσι
724 3983 999 4056 πρέπουσά
1055 3978 1195 4033 ἐστιν
1244 3982 1275 4037 ἡ
1310 3984 1448 4052 φωνὴ
1482 3986 1573 4031 τοῦ
1603 3983 1893 4053 προφήτου·

290 4079 353 4126 Τι
410 4067 786 4144 ἀνταποδῶμεν
862 4079 931 4142 τῷ
983 4074 1159 4145 Κυρίῳ
1205 4073 1325 4142 περὶ
1362 4071 1567 4121 πάντων
1597 4065 1663 4119 ὧν
1695 4065 1895 4120 ἀνταπ-

290 4156 479 4213 έδωκεν
533 4162 658 4232 ἡμῖν
692 4177 705 4224 ;
741 4163 841 4213 Καὶ
895 4161 997 4234 γὰρ
1060 4155 1126 4210 αὖ
1182 4162 1272 4210 καὶ
1329 4166 1484 4210 τοῦτο
1542 4156 1635 4209 οὐκ
1692 4159 1899 4229 εἴρηται

293 4246 597 4321 δεδωκέναι,
678 4248 784 4302 ἀλλ’
848 4245 1253 4302 ἀντιδεδωκέναι
1300 4248 1325 4299 6
1389 4243 1774 4320 μεγαλόδωρος,
1830 4249 1900 4307 ὡς

292 4342 421 4411 οὐχὶ
466 4341 750 4412 κατάρχων
797 4340 1043 4412 χάριτος,
1075 4336 1184 4390 άλ).’
1228 4336 1565 4409 ἀμεικόμενος
1595 4340 1717 4396 τοὺς
1736 4337 1900 4409 ὑπάρ-

292 4429 481 4492 ξαντας
546 4429 678 4500 (81)·
733 4431 793 4480 τὸ
819 4430 921 4502 γάρ
951 4436 1052 4479 τῶν
1089 4426 1451 4500 λαμϐανόντων
1480 4425 1798 4498 εὐχάριστον
1829 4424 1901 4485 εἰς

293 4518 590 4591 εὐεργεσίαν
641 4516 1062 4589 καταλόγίξεται.
1110 4514 1228 4578 Ὃς,
1289 4519 1380 4576 καὶ
1423 4520 1683 4588 χρήματα
1713 4510 1900 4576 διδοὺς

300 4608 433 4661 αἰτεῖ
477 4609 623 4681 παρὰ
667 4614 762 4659 σοῦ
818 4611 913 4664 τὴν
960 4605 1310 4678 ἐλεημοσύνην
1348 4600 1443 4656 διὰ
1464 4612 1560 4665 τῆς
1590 4606 1773 4675 χειρὸς
1799 4612 1900 4656 τῶν

291 4702 542 4756 πονὴτων·
591 4696 688 4748 κάν
744 4695 874 4769 λάϐῃ
922 4698 989 4748 τὰ
1028 4695 1234 4762 ἑαυτοῦ,
1269 4692 1509 4768 ἀκεραίαν
1543 4712 1629 4746 σοι
1672 4693 1786 4764 (82)
1806 4697 1901 4750 τὴν

292 4791 475 4861 χάριν,
526 4788 596 4848 ὡς
635 4788 763 4862 ὑπὲρ
818 4786 1038 4853 οἰκείων,
1127 4783 1441 4858 ἀποπληροῖ.
1506 4786 1569 4835 Τί
1638 4777 1727 4834 οὖν
1776 4779 1901 4833 ἀντ-

295 4874 571 4950 αποδῶμεν
633 4885 706 4948 τῷ
766 4880 942 4949 Κυρίῳ
997 4880 1116 4949 περὶ
1167 4876 1372 4927 πάντων
1430 4873 1489 4925 ὗν
1541 4867 1900 4949 ἀντ-ἀπέδωκεν

964 5047 1008 5081 ⁸⁷
1042 5044 1197 5101 Psal.
1226 5059 1420 5113 cxvul,
1454 5049 1544 5103 7t.

1171 5116 1222 5151 ⁷³
1244 5118 1419 5173 Joan.
1449 5134 1484 5181 ι,
1523 5117 1609 5170 14.

372 5047 419 5083 οδ
449 5046 562 5103 lsa.
592 5063 758 5116 xxvr,
790 5050 880 5102 16.

299 5132 382 5187 xi,
414 5120 503 5173 32.
577 5118 626 5153 ¹¹²
656 5116 812 5174 Psal.
847 5132 973 5185 cxv,
1009 5117 1095 5173 12.

370 5262 488 5335 (‘77,)
510 5261 747 5335 Yeteres
777 5257 1521 5335 quatuorlibrijwrupwtm
1546 5252 1730 5335 ἔδωκε.

367 5333 481 5403 (78)
515 5328 948 5403 Itamssfsex.
982 5331 1169 5387 Editio
1201 5328 1389 5386 Paris.
1436 5328 1633 5403 ἀδείται
1661 5332 1728 5381 τὰ
1755 5332 1904 5403 πρός.

514 5402 671 5459 Editi
699 5409 755 5458 et
801 5408 939 5458 tres.
961 5480 966 5481 γ
987 5419 1146 5481 _mss.
1206 5405 1457 5481 atria-emi
1487 5397 1907 5481 dopupopoba'cg.

300 5472 470 5529 omni
483 5480 772 5532 creatura
793 5490 899 5529 nos
917 5474 1201 5541 stipante,
1222 5472 1397 5527 male.
1422 5472 1585 5536 Regii
1602 5472 1835 5541 primus
1857 5476 1914 5526 et

300 5544 508 5600 tertius
539 5562 680 5600 cum
702 5545 946 5602 duobus
964 5543 1315 5617 (;olbertinis
1345 5547 1562 5617 κτίσεως
1585 5543 1912 5617 δωροφορού-

302 5633 435 5743 ἵηςἱ
454 5618 930 5743 omnitcreatura
950 5616 1122 5672 donis
1148 5630 1219 5671 ac
1235 5615 1576 5671 muneribus
1590 5615 1697 5670 nos
1710 5615 1912 5672 cuin-u-

327 5702 407 5743 an
439 5702 489 5743 e.
520 5704 620 5743 rcc
651 5704 702 5743 e.

327 5693 489 5755 ante,
520 5691 702 5744 recte.

1623 5044 1671 5079 ⁵⁸
1702 5042 1877 5099 Rom.
1910 5056 2036 5103 vui,
2071 5038 2153 5091 t8.

1690 5115 1738 5150 τ’·
1763 5113 2013 5170 Malach.
2048 5123 2126 5175 IV,
2159 5109 2214 5163 2.

2074 3188 2127 3240 7.
2155 3183 2269 3240 Sed
2294 3183 2447 3256 quid
2485 3199 2643 3258 opus
2668 3189 2759 3242 est
2797 3201 2983 3258 parva
3024 3199 3342 3241 recensere
3374 3183 3404 3240 ?
3424 3187 3669 3255 Propter

2002 3288 2116 3327 nos
2145 3278 2421 3330 versatus
2444 3276 2601 3330 Deus
2633 3281 2723 3331 est
2750 3276 2906 3332 inter
2925 3275 3202 3332 homines
3236 3290 3249 3327 :
3279 3277 3525 3346 propter
3544 3288 3670 3328 car-

2003 3377 2145 3417 nem
2164 3369 2514 3435 corruptam
2548 3364 2799 3420 Verbum
2818 3379 2960 3421 caro
2974 3365 3210 3433 factum
3228 3368 3333 3428 est,
3357 3368 3411 3418 et
3433 3361 3668 3418 habita-

2005 3451 2088 3505 vit
2116 3452 2179 3506 in
2209 3452 2378 3507 nobis
2399 3452 2471 3505 ⁷³.
2501 3455 2913 3509 Commoratur
2959 3469 3096 3509 cum
3149 3451 3401 3523 ingratis
3441 3450 3668 3507 beneﬁ-

2004 3554 2111 3593 cus
2143 3557 2157 3606 ;
2189 3540 2355 3596 venit
2375 3539 2660 3597 liberator
2691 3542 2769 3597 ad
2799 3542 3073 3614 captivos
3103 3560 3117 3611 ;
3152 3540 3344 3597 illuxit
3384 3539 3473 3595 sol
3496 3538 3667 3610 justi-

2002 3627 2528 3684 timl‘sedentibus
2566 3630 2628 3684 in
2658 3629 2920 3685 tenebris
2941 3632 3013 3697 π’,
3058 3629 3120 3685 in
3152 3645 3392 3685 crucem
3442 3627 3670 3684 tollitur

2003 3715 2331 3787 quiomnis
2361 3733 2616 3789 prorsus
2645 3717 2873 3773 doloris
2914 3734 3127 3789 expers
3167 3721 3275 3784 est,
3318 3717 3442 3772 vita
3491 3721 3667 3771 morti

2005 3804 2328 3861 addicitur.
2354 3808 2479 3862 Lux
2509 3807 2823 3863 descendit
2860 3807 2941 3863 ad
2977 3807 3242 3875 inferos;
3273 3811 3540 3879 propter,
3563 3821 3668 3860 eos

2004 3893 2111 3967 qui
2138 3894 2358 3950 mortui
2391 3900 2582 3964 erant,
2611 3896 2988 3964 resurrectio,
3017 3894 3361 3967 adoptionis
3401 3893 3665 3972 spiritus,

2005 3982 2307 4038 donorum
2330 3983 2677 4049 divisiones,
2704 3986 3092 4057 repromissae
3120 4000 3362 4040 coronae
3387 3999 3400 4038 :
3434 3982 3555 4038 alia
3581 3982 3668 4038 in-

2007 4086 2189 4142 super
2215 4086 2353 4143 quae
2384 4085 2461 4126 ne
2492 4087 2811 4128 numerare
2841 4073 3092 4145 quidem
3113 4071 3288 4129 facile
3335 4070 3509 4127 fuerit
3539 4069 3670 4142 qui-

2007 4160 2124 4214 bus
2155 4158 2443 4214 omnibus
2468 4161 2868 4229 congruitilla
2891 4178 3006 4218 vox
3033 4160 3363 4235 prophetae.
3398 4159 3552 4227 Quid
3582 4174 3671 4215 rc-

2013 4249 2342 4304 tribuemus
2375 4251 2623 4329 Domino
2650 4266 2765 4320 pro
2793 4252 3069 4307 omnibus
3092 4265 3224 4322 quae
3253 4248 3537 4306 retribuit
3564 4261 3668 4301 ηο-

2013 4337 2098 4392 bis
2119 4338 2426 4408 7°?Atque
2470 4338 2652 4393 etiam
2695 4340 3066 4410 magniﬁcus
3122 4339 3220 4394 ille
3270 4354 3391 4393 non
3453 4334 3670 4390 dicitur

2014 4427 2311 4491 tribuisse,
2332 4426 2438 4482 sed
2458 4429 2828 4497 retribuisse,
2846 4436 3139 4502 tanquam
3155 4429 3203 4484 si
3216 4428 3379 4500 prior
3390 4441 3512 4482 non
3532 4440 3672 4481 con-

1932 4555 1977 4611 Β
2015 4516 2192 4571 ferret
2214 4515 2493 4587 gratiam,
2526 4517 2629 4572 sed
2661 4518 2731 4574 iis
2761 4519 2866 4591 qui
2889 4519 3059 4591 prius
3085 4515 3504 4580 contulissent,
3535 4512 3671 4611 red-

2014 4604 2181 4660 deret
2209 4621 2222 4658 :
2246 4604 2537 4660 nimirum
2560 4608 2892 4675 gratiarum
2917 4612 3236 4672 actionem,
3259 4620 3395 4676 quae
3417 4603 3495 4658 ab
3520 4599 3674 4657 acci-

2011 4693 2313 4765 pientibus
2344 4695 2713 4766 rependitur,
2729 4696 2863 4752 loco
2880 4695 3065 4752 habet
3079 4692 3374 4751 beneﬁcii.
3400 4691 3510 4757 Qui
3530 4705 3669 4746 cum

2011 4780 2245 4837 dederit
2270 4796 2437 4854 opes,
2471 4787 2678 4840 tamen
2707 4784 3164 4857 eleemosynam
3192 4797 3229 4837 a
3247 4785 3299 4837 te
3318 4796 3426 4853 per
3446 4792 3672 4852 paupe-

2010 4884 2148 4925 rum
2184 4882 2404 4924 manus
2425 4871 2691 4943 reposcit
2720 4889 2733 4926 :
2767 4870 2874 4942 qui
2906 4869 3146 4927 tametsi
3194 4882 3375 4924 suum
3430 4863 3667 4936 accipit»

2231 5036 2418 5109 "Job
2446 5055 2548 5109 xv,
2581 5043 2664 5095 11.

2745 5039 2792 5073 τ⁰
2847 5040 3062 5095 Jerem.
3121 5054 3180 5106 x,
3242 5039 3333 5092 24.
3408 5034 3669 5090 "lCor.

2294 5107 2341 5143 ⁷⁵
2376 5113 2487 5165 lsa.
2521 5107 2603 5177 ix,
2630 5115 2686 5168 2.

2762 5110 2812 5146 7‘
2841 5109 2997 5167 Psal.
3032 5125 3166 5172 cxv,
3203 5112 3286 5163 12.

2090 5260 2204 5329 (80)
2225 5253 2476 5329 Antiqui
2496 5252 2620 5309 duo
2641 5252 2776 5308 libri
2796 5257 2854 5308 et
2875 5251 3017 5307 editi
3042 5248 3310 5324 διανομαί.
3356 5250 3467 5307 Alii
3502 5248 3673 5323 quin-

2019 5322 2668 5402 qdem§§-.3iarori~_..
2770 5395 2821 5402 Α.
3195 5322 3243 5402 λ
3343 5398 3350 5402 _
3464 5391 3475 5402 .
3562 5393 3571 5402 .

2092 5404 2199 5469 (81)
2227 5396 2336 5455 Ubi
2359 5404 2414 5451 et
2443 5391 2515 5469 in,
2530 5393 2704 5469 editis
2727 5400 2784 5469 et
2806 5395 2866 5451 in
2891 5410 3039 5449 mss.
3077 5398 3425 5469 constanter
3460 5391 3677 5469 legitur

2019 5464 2373 5548 υπάρξαντας,
2439 5466 2519 5522 ibi
2563 5466 2890 5548 legendum
2943 5481 3073 5547 esse
3116 5464 3453 5548 ,ἀπάρξαντας
3495 5467 3678 5548 'put‘at

2020 5533 2418 5620 Combetjsius
2442 5557 2456 5593 :
2482 5533 2650 5620 quisi
2668 5555 2864 5620 suam.
2897 5533 3311 5620 conjecturam
3333 5533 3542 5620 veteris
3575 5533 3677 5588 ali-

2019 5614 2192 5684 cujus
2213 5610 2350 5684 libri
2383 5602 2723 5684 testimonio
2754 5602 3159 5684 stabilivi'sset,
3184 5623 3295 5661 nos
3342 5602 3515 5659 nullo
3569 5620 3676 5663 ne-

2017 5680 2179 5755 gotio
2210 5682 2567 5740 adduxisset
2592 5680 2654 5736 in
2686 5682 3047 5737 sententiam
3089 5694 3288 5738 suam.
