4124 6378
468 340 574 421 ιιι

1847 351 1905 410 8.
1947 347 2196 406 BASlLll
2235 344 2457 405 MAGNI

3724 348 3828 409 256

460 480 564 536 tibi
597 484 800 544 tamen
828 479 1008 536 veluti
1033 482 1136 535 tua
1180 479 1350 538 danti
1389 477 1646 550 gratiam
1694 477 1990 547 integram
2027 491 2114 531 re-

2231 476 2351 544 ἡμῖν
2395 488 2408 538 ;
2453 470 2529 524 Οὐ
2587 473 2688 546 γὰρ
2747 469 2962 543 ἀφίεμαι
3012 473 3109 531 τῆς
3165 475 3338 540 φωνῆς
3387 475 3479 522 τοῦ
3529 474 3826 544 Προφήτου,

460 568 589 624 fert.
625 569 780 638 Quid
799 567 980 637 igitur
1006 569 1403 625 retribuemus
1433 568 1686 622 Domino
1701 582 1816 636 pro
1843 565 2115 624 omnibus

459 673 590 730 qua:
619 657 896 714 retribuit
918 657 1084 712 nobis
1116 657 1142 711 ?
1165 660 1292 713 Non
1313 657 1476 714 enim
1501 657 1714 712 desero
1737 670 1948 711 vocem
1978 657 2115 708 Pro-

460 746 884 824 pheta,probe
914 745 1348 817 addubitantis,
1395 761 1466 801 ac
1496 746 1768 818 inopiam
1802 759 1978 800 suam
2009 742 2116 798 cir—

461 835 935 907 cumspicientis,
959 834 1069 911 41
1105 835 1285 900 talem
1318 835 1590 892 videlicet
1619 835 1673 891 ei
1699 840 1761 896 ut
1790 832 1939 888 nihil
1971 848 2119 903 sup-

460 929 686 1003 peteret
707 925 962 994 dignum
982 925 1150 997 quod
1174 925 1615 980 retribueretur.
1643 922 1932 979 Dominus
1955 921 2117 975 enim

460 1021 600 1086 post
627 1013 923 1070 beneficia
953 1013 1108 1068 adeo
1134 1029 1361 1083 magna
1392 1013 1855 1086 splendidaque,
1892 1025 2002 1065 nec
2034 1013 2117 1064 ta-

460 1117 603 1160 men
640 1101 808 1158 omni
829 1117 1046 1173 genere
1077 1102 1448 1176 prastantia,
1480 1101 1656 1158 nobis
1688 1102 1749 1155 in
1808 1103 2116 1172 posterum

458 1190 650 1247 multo
671 1191 907 1262 majora
922 1186 1256 1264 pollicetur,
1271 1187 1540 1262 paradisi
1562 1184 1830 1257 delicias,
1845 1187 2117 1244 dandam

456 1279 520 1338 in
541 1295 727 1350 regno
759 1280 1038 1350 gloriam,
1069 1281 1332 1336 honores
1361 1279 1720 1349 angelorum
1783 1276 2118 1334 honoribus

458 1365 628 1423 haud
654 1368 942 1439 impares,
974 1368 1234 1440 denique
1260 1369 1360 1424 Dei
1388 1367 1797 1437 cognitionem
1827 1385 1838 1422 :
1863 1365 1926 1421 id
1951 1363 2121 1438 quod

456 1456 550 1525 iis,
582 1457 684 1528 qui
711 1457 880 1526 digni
909 1456 1098 1512 habiti
1133 1462 1292 1520 sunt,
1319 1473 1627 1514 summum
1653 1464 1881 1518 bonum
1902 1460 2032 1521 est;
2057 1454 2116 1511 id

458 1546 625 1619 quod
673 1546 870 1602 omnis
925 1553 1144 1603 natura
1191 1547 1422 1602 ratione
1475 1546 1728 1618 pradita
1770 1546 1992 1617 expetit
2021 1544 2119 1613 ;id

459 1635 628 1708 quod
648 1636 882 1692 utinam
912 1640 968 1698 et
997 1653 1130 1710 nos,
1173 1636 1279 1692 ubi
1309 1652 1346 1692 a
1374 1635 1572 1694 carnis
1619 1634 1936 1692 aﬂectibus
1983 1650 2122 1690 nos-

460 1724 750 1798 metipsos
772 1725 1339 1796 expurgaverimus,
1355 1725 1787 1797 adipiscamur.
1802 1722 2118 1790 Quomodo

459 1813 660 1884 igitur,
694 1815 1183 1888 inquietaliquis,
1215 1815 1807 1872 commiserationem
1837 1814 2120 1869 socialem
2152 1834 2191 1886 Β

462 1907 642 1974 atque
668 1903 1026 1959 charitatem
1059 1904 1245 1976 (quod
1277 1904 1581 1962 bonorum
1630 1903 1897 1974 primum
1927 1907 2015 1957 est
2065 1907 2122 1958 et

464 1991 994 2062 perfectissimum,
1019 2009 1154 2049 cum
1179 1993 1487 2065 plenitudo
1517 1992 1664 2062 legis
1686 1992 1922 2052 dilectio
1955 1992 2027 2054 sit
2048 1993 2121 2061 ⁷⁷)

465 2095 748 2152 proxxmo
776 2086 985 2136 nostro
1017 2099 1227 2138 sumus
1259 2082 1558 2140 ostensuri
1589 2083 1617 2136 ‘3
1647 2081 1942 2147 Quoniam
1966 2081 2016 2137 si
2045 2080 2123 2138 ad

465 2167 700 2240 aliquos
721 2171 962 2238 magnis
993 2171 1443 2228 calamitatibus
1474 2187 1544 2226 ac
1573 2171 1859 2226 arumnis
1877 2185 2125 2242 oppres-

466 2274 565 2314 sos
581 2258 969 2325 accedamus,
984 2275 1378 2332 nequaquam
1391 2277 1528 2315 cum
1543 2260 1692 2332 ipsis
1708 2259 2010 2327 ﬂebimus,
2024 2264 2126 2316 aut

465 2347 1062 2420 collacrymabimus;
1095 2348 1212 2405 imo
1236 2349 1312 2404 de
1343 2350 1434 2418 iis,
1457 2365 1594 2420 qua
1618 2349 1966 2412 acciderint;
1991 2363 2128 2417 age—

465 2453 602 2492 mus
633 2438 879 2510 gratias.
911 2443 991 2494 Ac
1021 2438 1270 2510 quidem
1303 2455 1481 2494 suam
1511 2439 1703 2512 ipsius
1737 2437 2126 2494 aﬂlictionem

464 2541 604 2580 cum
633 2525 962 2596 gratiarum
1003 2528 1237 2584 actione
1261 2528 1546 2600 perferre,
1575 2528 1880 2600 patientia
1923 2532 2016 2584 est
2046 2532 2129 2584 at-

463 2630 582 2687 que
610 2615 967 2671 constantia
1004 2622 1434 2687 argumentum
1469 2635 1480 2684 ;
1516 2616 1620 2672 sed
1649 2632 1758 2687 pro
1780 2615 2130 2672 calamitati-

463 2701 580 2758 bus
633 2703 845 2762 alienis
896 2707 1014 2760 Deo
1058 2706 1315 2774 gratiam
1361 2705 1607 2771 habere,
1646 2705 1992 2760 insultantis
2040 2707 2132 2760 est

465 2792 643 2854 malis
668 2792 876 2849 alienis
902 2800 959 2850 et
985 2794 1270 2860 irritantis
1297 2793 1574 2862 afﬂictos,
1602 2795 1933 2866 prasertim
1989 2811 2129 2852 cum

463 2880 544 2936 ab
568 2883 854 2954 Apostolo
875 2884 1200 2955 jubeamur
1228 2901 1369 2940 cum
1399 2883 1684 2940 ﬂentibus
1709 2884 1850 2940 ﬂere
1876 2886 1941 2941 ⁷³.
1973 2885 2129 2951 Quid

463 2970 644 3041 igitur
662 2972 742 3028 ad
761 2973 890 3028 hac
913 2974 1183 3030 dicemus
1205 2975 1232 3030 ‘I
1257 2978 1431 3031 Estne
1452 2991 1669 3030 rursus
1691 2991 1938 3032 necesse
1959 2975 2130 3030 vobis

465 3061 525 3116 in
553 3064 910 3119 memoriam
939 3064 1222 3135 reducere
1250 3065 1710 3132 Dominiverba,
1733 3064 2129 3136 quibusjussi

2225 561 2394 626 καλῶς
2450 560 2787 636 ἀποροῦντος,
2842 564 2931 614 καὶ
3003 565 3447 631 περισκοποῦντος
3495 559 3680 612 ἑαυτοῦ
3737 559 3830 618 τὴν

2226 657 2420 712 πενίαν,
2481 654 2563 704 ὅτι
2621 647 2770 713 οὐδὲν
2832 652 2946 723 ἔχει
2995 651 3128 723 πρὸς
3187 644 3455 700 ἀντίδοσιν
3515 648 3678 712 ἀξιον.
3735 648 3831 710 ’ος

2226 739 2300 813 ἐφ’
2358 741 2492 798 οὕτω
2539 739 2791 812 μεγάλαις
2859 743 2950 796 καὶ
3004 737 3270 810 λαμπραῖς
3337 737 3676 812 εὐεργεσίαις,
3738 737 3829 798 ού-

2225 838 2406 903 μενοῦν
2456 829 2712 900 ἕχούσαις
2759 827 3066 902 ὑπερϐολὴν,
3117 825 3541 886 πολλαπλασίονα
3569 829 3692 900 ἡμῖν
3715 827 3832 899 (83)

2225 921 2292 971 τὰ
2339 918 2408 980 εἰς
2465 919 2678 990 ὕστερον
2753 915 3139 987 ἐπαγγίλλεται·
3216 911 3544 990 παραδείσου
3610 920 3827 990 τρυφὴν,

2225 1013 2315 1060 καὶ
2363 1003 2521 1069 δόξαν
2570 1005 2618 1057 ἓν
2668 1004 2937 1079 βασιλείᾳ,
2998 1010 3087 1058 καὶ
3157 1004 3460 1076 ἰσαγγέλονς
3515 1007 3692 1077 τιμὰς,
3743 1007 3832 1056 καὶ

2228 1103 2361 1150 Θεοῦ
2417 1099 2756 1154 κατανόησιν·
2827 1097 2947 1168 ὅπερ
2992 1101 3104 1158 τοῖς
3153 1092 3422 1157 ἀξιωθεῖσι
3475 1103 3574 1148 τῶν
3624 1093 3831 1165 ἀγαθῶν

2227 1180 2340 1237 ἔστι
2377 1186 2435 1236 τὸ
2478 1183 2786 1258 ἀκρότατον·
2845 1183 2905 1238 οὗ
2956 1189 3105 1236 πᾶσα
3155 1182 3352 1255 ἐφίεται
3407 1182 3589 1254 λογικὴ
3648 1185 3828 1254 φύς-ις’

2227 1274 2287 1328 οὗ
2335 1279 2424 1326 καὶ
2467 1275 2617 1347 ἡμεῖς
2658 1272 3018 1346 ἐπιτύχοιμεν,
3075 1271 3129 1324 ἐκ
3175 1281 3275 1324 τῶν
3305 1275 3482 1325 παθῶν
3512 1280 3607 1334 τῆς
3639 1274 3834 1346 corpus;

2229 1363 2442 1425 ἑαυτοὺς
2493 1362 2887 1436 ἐκκαθάραντες.
2941 1369 3057 1424 Πῶς
3118 1355 3226 1428 οὖν,
3288 1364 3436 1433 φησὶ,
3492 1364 3550 1413 τὸ
3593 1379 3832 1420 κοινωνι-

2227 1456 2317 1504 κόν
2365 1458 2453 1504 καὶ
2505 1452 2840 1524 φιλόστοργον
2905 1451 2948 1521 (ὃ
3007 1454 3207 1524 πρῶτον
3282 1449 3395 1508 ἐστι
3472 1458 3572 1508 τῶν
3630 1447 3833 1520 ἀγαθῶν

2227 1546 2318 1593 καὶ
2381 1541 2714 1606 τελειότατον,
2789 1537 2929 1593 διότι
2998 1540 3255 1614 πλήρωμα
3311 1540 3539 1611 νόμουεή
3597 1535 3823 1608 ἀγάπη)’

2228 1634 2359 1706 πρὸς
2427 1635 2550 1692 τοὺς
2621 1630 2842 1690 πλησίον
2913 1627 3279 1702 ἐπιδειξόμεθα
3330 1645 3344 1695 ;
3395 1625 3658 1696 Ἐπειδὰν,
3704 1631 3836 1701 πρὸς

2229 1739 2373 1782 τινας
2428 1722 2528 1772 ὑπὸ
2593 1719 2830 1792 μεγάλων
2903 1727 3180 1792 συμφορῶν
3239 1721 3623 1790 κατεχομένους
3679 1715 3837 1770 εἰσελ-

2233 1812 2424 1876 θόντες,
2475 1814 2546 1881 μὴ
2605 1809 2965 1882 συγκλαίωμεν
2998 1809 3194 1875 αὐτοῖς,
3227 1804 3366 1880 μηδὲ
3406 1804 3835 1882 συνδακρύωμεν,

2233 1897 2340 1950 ἀλλ’
2390 1898 2786 1972 εύχαριστῶμεν
2847 1897 2930 1954 ἐπὶ
2986 1906 3096 1959 τοῖς
3146 1902 3459 1970 γενομένοις.
3518 1897 3722 1950 Οἰκείον
3743 1898 3833 1968 μεν

2230 1990 2332 2062 γὰρ
2409 1989 2574 2053 πάθος
2651 1987 2761 2059 μετ’
2831 1987 3175 2061 εὐχαριστίας
3217 1989 3508 2058 ὑπενεγκεῖν
3566 1988 3832 2057 ὑπομονῆς

2233 2080 2348 2148 ἔχει
2408 2082 2498 2130 καὶ
2553 2082 2829 2152 καρτερίας
2879 2074 3147 2141 ἀπόδειξιν
3173 2079 3307 2146 (84)·
3341 2075 3417 2130 ἐπ’
3465 2075 3759 2150 ἀλλοτρίαις
3782 2071 3839 2127 δι

2236 2175 2531 2241 συμφοραῖς
2584 2167 2922 2240 εὐχαριστεῖν
2969 2175 3042 2238 τῷ
3109 2175 3223 2237 Θεῷ
3289 2165 3657 2240 ἐπιχαίροντός
3727 2162 3839 2217 ἔστι

2234 2257 2344 2316 τοῖς
2408 2264 2591 2319 κακοῖς
2673 2260 2762 2308 καὶ
2821 2255 3198 2331 παροξύνοντος
3275 2259 3398 2318 τοὺς
3466 2254 3837 2326 λυπουμένους

2235 2350 2325 2403 καὶ
2390 2354 2557 2400 ταῦτα
2602 2353 2695 2402 τοῦ
2753 2344 3070 2400 ’Λποστόλου
3110 2343 3473 2418 ἐπιτρέποντος
3493 2346 3616 2416 ἡμῖν
3646 2341 3840 2395 κλαίειν

2236 2437 2368 2507 μετά
2423 2434 2722 2489 κλαιόντων.
2785 2439 2847 2488 Τί
2904 2430 2992 2489 οὖν
3049 2433 3258 2509 ἐροῦμεν
3315 2438 3447 2508 πρὸς
3501 2441 3726 2502 raturas;
3773 2430 3840 2484 Ἢ

2237 2523 2390 2584 πάλιν
2457 2522 2753 2593 ἀναγκαίως
2816 2532 2915 2576 τῶν
2987 2532 3080 2576 τοῦ
3158 2527 3346 2597 Κυρίον
3397 2523 3562 2594 λόγων
3613 2524 3842 2594 ύπομνή-

2241 2633 2394 2687 σομεν
2444 2615 2579 2686 ὑμᾶς
2630 2616 2765 2684 (85),
2815 2619 2876 2668 πὶ
2947 2612 3082 2667 ἐτίσι
3134 2619 3343 2686 χαίρειν
3380 2613 3839 2686 προσοτάχθηρεν,

2238 2709 2328 2761 καὶ
2376 2702 2458 2756 ἐπὶ
2514 2723 2626 2756 τισι
2668 2705 2866 2756 πενθεῖν
2919 2721 2933 2766 ;
2988 2707 3226 2775 Χαίρετε,
3306 2707 3457 2774 φησὶ,
3527 2706 3617 2752 καὶ
3675 2698 3841 2771 ἀγαλ-

2237 2792 2440 2858 λιᾶσθε,
2510 2794 2589 2845 ὅτι
2642 2794 2667 2844 ό
2719 2794 2912 2864 μισθός
2964 2795 3106 2864 ὑμῶν
3155 2790 3314 2852 πολὺς
3383 2789 3432 2841 ἓν
3506 2797 3617 2850 τοῖς
3691 2789 3844 2862 ούρα-

2236 2889 2390 2943 νοῖς·.
2418 2886 2508 2934 καὶ
2564 2880 2736 2934 πάλιν·
2797 2884 3090 2953 Θυγατέρες
3141 2879 3501 2952 Ἰερουσαλὴμ,
3543 2882 3613 2951 μὴ
3643 2877 3844 2931 κλαίετε

2238 2971 2316 3026 ἐπ’
2396 2971 2500 3044 ἐμὲ,
2586 2969 2714 3022 ἀλλά
2789 2969 3052 3024 κλαύσατε
3135 2968 3219 3022 ἐπὶ
3295 2972 3362 3022 τὰ
3442 2973 3596 3022 τίκνα
3676 2969 3838 3040 ὑμῶν.

2238 3061 2442 3114 Ούκοῦν
2511 3057 2738 3121 δικαίοις
2796 3061 2886 3132 μεν
2947 3063 3237 3132 συσκιρτᾲν
3297 3063 3387 3112 καὶ
3429 3056 3844 3129 σνναγοίλλεσθαι

465 3166 677 3208 sumus
698 3152 759 3208 in
782 3153 1088 3226 aliquibus
1123 3155 1412 3225 gaudere,
1437 3154 1498 3210 in
1523 3154 1826 3226 aliquibus
1873 3153 2120 3224 lugere?

2237 3153 2264 3204 ὀ
2342 3152 2476 3212 θεῖος
2544 3150 2696 3221 λόγος
2765 3150 2882 3218 (86)
2943 3150 3067 3220 ἡμῖν
3134 3147 3414 3222 ἐπιτρέπει,
3485 3154 3597 3208 τοῖς
3664 3142 3722 3198 δέ
3788 3143 3843 3197 ἐκ

467 3239 756 3308 Gaudete,
776 3242 988 3315 inquit,
1005 3249 1058 3300 et
1079 3245 1378 3300 exsultate
1390 3245 1673 3316 quoniam
1692 3259 1907 3302 merces
1929 3249 2128 3300 vestra

466 3332 704 3399 copiosa
728 3339 807 3388 est
830 3334 894 3390 in
917 3334 1083 3390 eatis
1103 3335 1174 3388 ⁷9.
1201 3336 1266 3388 Ει
1290 3333 1506 3396 iterum
1533 3351 1544 3387 :
1568 3333 1746 3396 Filia
1765 3335 2124 3395 Jerusalem,

463 3421 653 3476 nolite
665 3422 810 3491 ﬂere
829 3437 1010 3490 super
1025 3437 1133 3491 me,
1157 3423 1261 3479 sed
1279 3424 1417 3492 ﬂete
1434 3439 1617 3492 super
1629 3423 1786 3491 ﬁlios
1810 3429 2034 3480 vestros
2056 3425 2123 3477 ⁸ο.

2236 3244 2511 3312 μετανοίας
2569 3237 2767 3311 ἀφιεῖσι
2816 3234 3045 3310 δάκρυον
3106 3238 3414 3309 συμπενθεῖν
3470 3240 3559 3287 καὶ
3612 3230 3840 3287 συνοδύ-

2237 3332 2442 3404 ρεσθαι,
2489 3329 2518 3386 ἦ
2580 3332 2702 3389 τούς
2755 3326 3057 3398 ἀναλγήτως
3133 3323 3495 3399 διακειμένους
3570 3323 3842 3383 ἀποκλαιε-

2241 3423 2384 3487 σθαι,
2419 3421 2500 3472 ὅτι
2530 3416 2653 3472 οὐδὲ
2683 3421 2835 3470 ῖσασι
2864 3426 2973 3478 πῶς
3001 3416 3338 3491 ἀπόλλυνται.

466 3509 670 3580 Itaque
702 3511 974 3583 praecipit
1002 3511 1176 3568 nobis
1209 3528 1410 3566 sermo
1441 3511 1710 3577 div-inus,
1739 3517 1802 3566 ut
1832 3528 1973 3570 cum
2009 3511 2187 3582 justis
2207 3511 2458 3583 quidem
2491 3508 2867 3566 exsultemus
2887 3524 2958 3564 ac
2986 3507 3260 3564 latemur
3289 3526 3303 3576 ;
3334 3506 3658 3576 lugeamus
3701 3519 3842 3560 vero

463 3599 520 3651 et
559 3595 954 3656 lamentemur
992 3616 1133 3655 cum
1171 3599 1243 3656 iis
1288 3600 1394 3671 qui
1423 3616 1496 3655 ex
1542 3600 1897 3672 paenitentia
1951 3599 2274 3656 effundunt
2321 3599 2630 3671 lacrymas
2663 3617 2676 3654 :
2713 3604 2816 3654 aut
2844 3597 3026 3658 etiam
3076 3613 3181 3653 eos
3223 3596 3330 3669 qui
3368 3594 3558 3651 multo
3611 3593 3839 3650 doloris

464 3700 648 3762 sensu
670 3691 1018 3758 tanguntur,
1060 3688 1468 3760 deploremus,
1501 3689 1668 3762 quod
1696 3690 1888 3761 perire
1923 3705 1988 3745 se
2010 3704 2086 3745 ne
2110 3687 2449 3757 intelligant
2478 3688 2747 3760 quidem.

521 3777 572 3828 8.
591 3776 1242 3848 Caterumimplevisse
1261 3777 1618 3834 mandatum
1634 3777 2121 3850 haudquaquam

461 3862 770 3934 putandus
797 3871 886 3919 est
932 3865 1038 3937 qui
1059 3865 1376 3926 hominum
1423 3871 1682 3930 mortem
1723 3865 2019 3938 deplorat,
2069 3869 2125 3922 et

461 3966 601 4007 cum
620 3951 967 4022 lugentibus
989 3955 1111 4020 edit
1131 3956 1480 4022 clamorem.
1506 3960 1708 4029 Neque
1730 3957 1889 4012 enim
1913 3956 2122 4012 lauda-

459 4041 652 4096 verim
673 4043 1003 4112 medicum,
1028 4044 1291 4116 quicum
1316 4061 1495 4117 opem
1516 4045 1950 4116 agrotantibus
1970 4045 2123 4101 ferre

461 4129 726 4200 deberet,
750 4133 978 4188 morbis
1000 4134 1130 4206 ipse
1152 4135 1480 4207 repleretur
1505 4154 1517 4201 ;
1544 4151 1739 4208 neque
1765 4134 2121 4191 nauclerum

460 4218 566 4292 qui
598 4237 739 4277 cum
769 4221 1016 4277 deberet
1044 4223 1478 4293 navigantibus
1509 4239 1796 4296 praesse.
1829 4223 2122 4279 adversus

459 4313 673 4364 ventos
703 4325 995 4381 pugnare,
1017 4311 1237 4367 ﬂuctus
1258 4312 1442 4378 vitare
1465 4328 1535 4375 ac
1562 4304 1898 4368 timidiores
1941 4312 2119 4367 solari

2303 3781 2359 3832 8.
2392 3778 2538 3848 Οὐχὶ
2596 3773 2656 3830 δὲ
2712 3775 2796 3828 ἐπὶ
2829 3777 3032 3848 θανὰτῳ
3064 3773 3344 3849 ἀνθρώπων
3375 3773 3834 3827 κατακλαύσαντει»

2231 3871 2320 3918 καὶ
2379 3866 2494 3936 (87)
2551 3863 2976 3922 συνεκϐοήσαντα
3032 3870 3142 3924 τοῖς
3225 3864 3494 3930 πενθοῦσι,
3558 3861 3835 3936 πληρωτὴν

2231 3960 2486 4030 προσήκει
2561 3958 2791 4025 νομίζειν
2856 3949 2986 4005 εἶναι
3049 3960 3143 4013 τῆς
3221 3949 3445 4012 ἐντολῆς.
3531 3953 3664 4003 Οὔτε
3731 3953 3835 4024 γάρ

2234 4044 2410 4118 ἰατρὸν
2468 4042 2678 4110 ἐπαινῶ,
2721 4046 2809 4094 τόν
2868 4039 2983 4092 ἀντί
3025 4049 3117 4093 τοῦ
3146 4039 3357 4114 βοηθεῖν
3389 4048 3498 4100 τοῖς
3527 4043 3834 4112 κάμνουσιν,

2233 4134 2388 4184 αὐτὸν
2437 4141 2536 4184 τῶν
2603 4133 2914 4203 νοσημάτων
2982 4129 3456 4202 ἀναπιμπλάμενον
3508 4132 3622 4181 οὔτε
3661 4127 3842 4202 κυϐερ-

2231 4227 2414 4284 νήτην,
2465 4220 2578 4273 ἀντὶ
2626 4228 2719 4273 τοῦ
2767 4228 2972 4295 κρατεῖν
3031 4229 3130 4271 τῶν
3204 4218 3540 4292 ἐμπλεόντων,
3596 4222 3684 4269 καὶ
3731 4225 3842 4278 τοῖς

2232 4315 2493 4384 πνεύμασι
2532 4313 2827 4383 μάχεσθαι,
2873 4314 2963 4360 καὶ
3013 4305 3311 4381 διαφεύγειν
3367 4311 3435 4360 τά
3489 4311 3716 4379 κύματα,
3750 4312 3842 4359 καὶ

460 4403 781 4455 nausearet
808 4399 960 4471 ipse,
985 4406 1042 4456 et
1072 4418 1194 4458 una
1219 4418 1360 4468 cum
1390 4402 1460 4458 iis
1485 4401 1590 4473 qui
1620 4401 1705 4458 rei
1727 4401 1985 4458 nautica
2015 4401 2120 4457 im-

2233 4402 2657 4474 παραμυθεῖσθαι
2695 4403 2817 4460 τοὺς
2862 4396 3200 4473 δειλοτέρους,
3251 4406 3542 4449 ναυτιῶντα
3583 4401 3673 4449 καὶ
3722 4415 3841 4448 συν-

460 4485 634 4557 periti
669 4494 827 4558 sunt,
855 4490 1061 4546 animo
1093 4491 1453 4547 concideret.
1491 4490 1799 4562 Ejusmodi
1835 4497 1924 4546 est
1960 4491 2121 4563 quis-

457 4575 596 4647 quis
626 4577 750 4632 adit
776 4577 1070 4647 lugentes,
1094 4596 1206 4642 nec
1246 4584 1449 4643 tamen
1507 4579 1739 4637 ratione
1793 4596 1903 4636 sua
1952 4597 2120 4648 usus,

457 4664 799 4737 quidquam
828 4667 915 4724 eis
943 4669 1210 4740 impertit
1233 4669 1625 4726 emolumenti
1650 4688 1663 4737 ;
1695 4669 1800 4724 sed
1823 4669 2023 4742 potius
2050 4685 2123 4724 ex

458 4753 670 4812 alienis
696 4755 1012 4816 affectibus
1033 4759 1298 4815 dedecus
1322 4759 1638 4816 contrahit.
1664 4761 1778 4815 Par
1801 4760 1982 4829 igitur
2000 4758 2124 4815 fue-

456 4843 532 4902 rit
559 4844 635 4901 de
664 4845 876 4902 alienis
917 4847 1369 4911 calamitatibus
1413 4865 1484 4904 ac
1515 4849 1802 4906 arumnis
1824 4847 2118 4905 aﬂlictari.

457 4935 606 4990 Nam
627 4933 743 4989 hoc
774 4941 951 5007 pacto
981 4934 1341 4992 atilictorum
1367 4937 1798 4993 conciliaturus
1821 4937 1924 4992 tibi
1951 4953 2013 4993 es
2037 4937 2119 4993 fa-

526 5058 573 5092 ⁷⁷
598 5060 767 5114 Rom.
791 5075 919 5126 xm,
955 5063 1040 5121 t0.
1114 5061 1162 5094 ⁷⁸
1192 5063 1363 5126 Rom.
1393 5077 1496 5129 ιιι,
1534 5066 1615 5118 t5.

530 5183 644 5260 (7872,)
670 5183 919 5260 quices
951 5183 1448 5260 aliquot_¢icxa'p_m6v
1478 5204 1589 5260 σοι.

665 5255 858 5337 Editio
890 5255 1559 5337 Ρξιτὶξῖηπολλαπλασίονοί.
1603 5276 1678 5337 σε.
1744 5258 1909 5337 Πωξὲ
1963 5273 2110 5311 mss.

458 5324 885 5400 πολλαπλασίονα
1023 5328 1189 5383 Alius
1228 5327 1651 5400 πολλαπλασίονα
1679 5347 1750 5382 τε.
1801 5328 1911 5383 Alii
1971 5343 2117 5400 qua;

457 5401 594 5472 tuor
623 5398 788 5454 nulla
812 5414 874 5453 re
914 5398 1225 5469 interjecta
1273 5399 1691 5453 πολλαπλασίονα
1738 5402 1883 5472 ἡμῖν.
1946 5398 2070 5455 Hau

455 5469 644 5546 longe
663 5476 780 5546 tres
809 5487 952 5525 mss.
985 5489 1204 5546 Tpuyag.

533 5543 652 5616 (84)
689 5544 832 5616 ﬂeg.
869 5539 1173 5616 secundus
1199 5548 1475 5616 καρτερίας
1507 5539 1788 5616 ἀνάδειξιν.

533 5562 652 5610 (θαι)
697 5562 832 5609 neg.
869 5562 1173 5597 SBCUDGUS
1199 5563 1266 5594 κα
1302 5562 1475 5616 τεριας
1507 5562 1788 5604 αναοειςιν.

530 5614 646 5680 (85)
687 5614 922 5686 Veteres
967 5613 1220 5685 quidam
1268 5562 1411 5670 iibri
1451 5619 1507 5670 et
1549 5613 1691 5669 editi
1747 5616 2114 5686 ὑπομνήσομεν

456 5686 691 5752 ἑαυτούς.
725 5683 837 5740 Alii
867 5683 1005 5742 tres'
1037 5701 1183 5745 mss.
1216 5687 1584 5761 ὑπομνήσομεν
1641 5687 1795 5759 ὑμᾶς.
1831 5683 1944 5741 Pro
1979 5683 2112 5737 ύπο-

1693 5062 1742 5097 ⁷⁹
1770 5060 1970 5121 Matth.
1993 5077 2054 5130 ν,
2088 5063 2174 5118 l2.

2234 4490 2456 4542 αλύοντα
2487 4497 2596 4551 τοῖς
2649 4488 3134 4564 ἀπειροθαλοίττοις.
3185 4494 3432 4548 Τοιοῦτος
3481 4488 3586 4560 γάρ
3633 4484 3774 4537 ἐστιν
3813 4487 3839 4537 ὁ

2231 4584 2362 4654 πρὸς
2418 4583 2536 4641 τοὺς
2586 4581 2898 4640 πενθοῦντας
2943 4580 3139 4643 εἰσιὼν,
3193 4581 3282 4628 καί
3331 4577 3401 4648 μὴ
3459 4584 3554 4637 τῆς
3620 4575 3674 4627 ἐκ
3743 4583 3837 4626 τοῦ

2231 4669 2422 4722 οἰκείου
2474 4668 2632 4740 λόγοῦ
2690 4667 2934 4739 ώιρελείας
2986 4663 3327 4739 μεταδιδοὺς,
3364 4663 3493 4716 ἀλλά
3520 4674 3616 4725 τῆς
3658 4662 3712 4715 ἐκ
3738 4672 3837 4715 τῶν

2231 4757 2509 4834 ἀλλοτρίων
2558 4759 2740 4810 παθῶν
2797 4755 3186 4827 ἀσχημοσύνης
3224 4753 3650 4828 μεταλαμϐάνων.
3686 4752 3836 4804 Ἐπι-

2233 4848 2536 4920 στυγνάξειν
2605 4850 2696 4919 μὲν
2759 4842 2850 4898 οὖν
2922 4852 3039 4905 ταῖς
3093 4851 3388 4920 συμφοραῖς
3441 4852 3541 4895 τῶν
3598 4843 3837 4894 πενθούν-

2228 4958 2328 4990 των
2361 4937 2494 5006 (88),
2543 4933 2844 4988 ἀκόλουθον.
2900 4935 3052 4986 Οὕτω
3095 4937 3195 5007 γὰρ
3230 4933 3407 4985 ἑαυτὸν
3448 4932 3690 5004 οἰκειωσῃ
3728 4939 3836 4990 τοῖς

2251 5061 2299 5096 ⁸ο
2342 5062 2477 5116 Luc.
2524 5074 2678 5126 χχιιι,
2705 5058 2796 5114 28.

2227 5190 2490 5256 μνήσομεν
2521 5182 2582 5258 ili
2610 5178 3336 5258 aliquibusmssnlegitur
3363 5179 3761 5258 ὑπομνήσωμεν.

2297 5249 2414 5325 (86i
2445 5254 2688 5325 Antiqui
2711 5249 2845 5308 ‘tres
2894 5251 3031 5308 libri
3073 5253 3216 5325 θεῖος
3243 5254 3419 5325 νόμος,
3454 5249 3555 5325 (ex
3595 5249 3834 5325 diving.

2303 5317 2413 5398 (87)
2435 5317 2720 5380 Voculam
2754 5329 2844 5376 καί
2866 5339 2939 5379 ex
2961 5322 3227 5395 antiquis
3257 5317 3449 5377 tribus
3475 5319 3642 5376 libris
3663 5317 3836 5376 addi-

2227 5398 2604 5537 dliggf'ﬂeg.
2649 5466 2856 5523 tertius
2903 5470 2959 5520 et
3004 5465 3104 5523 alii
3165 5463 3287 5520 duo
3335 5480 3479 5519 mss.
3511 5458 3838 5517 Colbertini

2230 5548 2524 5613 συμφοραῖς
2577 5547 2695 5613 faba
2775 5539 3164 5613 πεπονθότων.-
3184 5539 3313 5613 ltlox
3352 5541 3634 5613 Aquatuor
3688 5549 3833 5588 mss.

2225 5607 2494 5685 οἰκείώσῃ.
2528 5610 2639 5666 Alii
2663 5615 2782 5666 tres
2809 5609 3083 5661 οἰκειώσει.
3122 5607 3278 5662 Editi
3316 5609 3621 5668 οἱκειώσεις.
