4124 6452
259 377 366 429 257

1330 363 1621 423 HOMILIA
1657 362 1723 418 ΙΝ
1764 358 2154 417 MARTYBEM
2192 359 2550 417 JULITTAM.

3521 365 3630 420 '258

261 499 562 568 πάσχουσι,
597 497 667 567 μὴ
715 487 1178 567 καθιλαρευὸμενος
1224 498 1325 542 τῶν
1370 496 1671 562 συμφορῶν,
1716 482 1893 558 μηδὲ.

2010 483 2382 540 niliaritatem
2413 488 2593 555 atque
2615 479 3122 553 benevolentiam,
3153 501 3349 558 neque
3379 486 3635 544 hilarem

265 583 620 657 ὀναδιαφορῶν
696 589 805 642 τοῖς
876 579 1165 654 ἀλλοτρίοις
1225 579 1543 651 ἀλγήμασιν.
1623 576 1698 628 Οὐ
1761 580 1862 648 μὴν

263 677 552 749 περαιτέρω
580 691 638 744 γε
685 672 1120 743 συνεκφέρεσθται
1166 677 1276 728 τοῖς
1313 668 1654 739 λυπουμένοις
1692 685 1864 738 προσ-

266 774 406 831 ῆκεν,
432 772 566 814 ὥστε
615 761 644 819 ἢ
711 757 1011 829 συνεκϐοᾷν,
1046 757 1075 816 ἣ
1111 759 1411 831 συνθρηνεῖν
1451 765 1523 827 τῷ
1565 756 1863 825 πεπονθότι,

269 854 298 911 ἢ
344 851 392 904 ἐν
434 851 546 912 τοϊς
595 848 769 911 ἄλλοις
807 849 1117 921 μιμεῖσθται
1157 852 1247 899 καὶ
1279 844 1467 907 ζηλοῦν
1514 848 1601 897 τὸν
1651 844 1870 896 ἐσκοτω-

269 946 414 1016 μένον
466 939 566 992 ὑπὸ
615 943 707 991 τοῦ
745 935 945 998 πάθους
970 958 982 970 ·
1012 938 1116 989 οἷον
1150 937 1618 1008 συγκαθειργνὺναι
1666 932 1866 998 ἑαυτὸν,

269 1034 359 1084 καὶ
409 1028 912 1102 συμμελανειμονεῖν,
966 1031 1057 1078 καὶ
1102 1031 1280 1099 χαμαὶ
1332 1019 1724 1097 συγκαθῆσται,
1782 1027 1872 1074 καὶ

273 1124 466 1192 κουρᾶς
512 1117 732 1191 ἀμελεῖν.
782 1113 865 1168 Ἐκ
921 1115 1115 1167 τούτων
1173 1116 1274 1188 γάρ
1343 1113 1456 1166 ἐστι
1512 1113 1700 1186 μᾶλλον
1755 1111 1871 1163 ἐπι-

277 1212 450 1261 τείνειν
495 1211 589 1264 τὴν
644 1207 936 1278 συμφορὰν,
993 1201 1022 1263 ἦ
1080 1204 1480 1279 καταπραΰνειν.
1543 1203 1666 1274 Οὐχ
1724 1203 1868 1276 ὁρᾷς,

278 1299 354 1350 ὅτι
403 1295 662 1369 βουϐῶνες
708 1298 798 1368 μὲν
846 1299 938 1346 καί
988 1294 1229 1361 σπληνες,
1263 1287 1311 1345 οἱ
1359 1296 1447 1366 μεν
1480 1295 1796 1366 τραύμασιν,
1827 1290 1875 1342 οἰ

279 1384 336 1440 δὲ
381 1391 623 1459 πυρετοῖς
666 1383 1028 1456 ἐπιτιθέμενοι,
1061 1385 1156 1444 τὰς
1187 1380 1377 1444 ὀδύνας
1423 1387 1872 1446 συνεπιτείνουσι;

274 1475 450 1550 χεῖρες
481 1471 539 1526 δὲ
587 1478 644 1526 τὸ
696 1471 883 1545 ἀλγοῦν
931 1474 993 1544 τῇ
1027 1476 1218 1548 πραείᾳ
1265 1471 1458 1524 ἑαυτῶν
1508 1469 1673 1544 ἐπαφῇ
1709 1481 1875 1522 κατα-

277 1561 584 1630 στέλλουσι;
642 1567 742 1615 Καὶ
800 1562 957 1624 αὗτὸς
1006 1558 1074 1620 δὴ
1130 1557 1216 1613 οὖν
1287 1566 1358 1634 μὴ
1446 1555 1754 1636 ἐξαγριάνης
1818 1559 1877 1612 τὸ

274 1655 440 1714 πάθος
480 1658 542 1725 τῇ
588 1656 872 1726 παρουσίᾳ,
905 1647 1045 1724 μηδὲ
1090 1655 1496 1724 συγκαταπέσης
1547 1659 1619 1721 τῷ
1671 1663 1878 1702 πεπτω-

275 1746 409 1797 κότι.
459 1742 519 1794 Ὀ
563 1744 665 1814 γὰρ
717 1744 805 1793 τὸν
853 1743 1080 1813 κείμενον
1133 1738 1353 1793 ἆνιστῶν
1399 1736 1513 1812 (84)
1562 1738 1881 1814 ὑψηλότερος

1977 579 2029 628 te
2047 573 2375 628 ostendens
2398 571 2476 627 ob
2494 588 2702 627 eorum
2727 572 3142 639 adversitates,
3161 590 3357 646 neque
3374 576 3636 631 alienam

1978 659 2362 718 afﬂictionem
2387 661 2795 717 indifferenter
2817 663 3146 733 perferens.
3180 665 3411 719 Minime
3432 671 3638 720 tamen

1977 751 2603 808 convenitdolentium
2619 751 2872 806 miseriis
2895 752 3031 824 plus
3050 768 3225 825 aequo
3245 755 3638 822 commoveri,

1981 842 2065 896 sic
2085 845 2146 896 ut
2167 845 2270 896 aut
2286 840 2656 908 c‘onclames,
2678 846 2781 896 aut
2802 840 3012 910 lugeas
3040 857 3178 896 cum
3204 841 3508 914 afﬂictato,
3537 847 3642 898 aut

1981 924 2113 986 aliis
2146 930 2207 984 in
2232 929 2415 985 rebus
2447 928 2757 985 hominem
2788 947 2824 985 a
2857 929 3090 986 tristitia
3115 929 3483 987 obcaecatum
3512 932 3643 986 imi-

1979 1017 2118 1074 teris
2137 1017 2559 1090 mmulerisque
2585 1035 2596 1073 :
2618 1017 2872 1090 exempli
2890 1035 3093 1086 causa,
3118 1019 3170 1073 si
3202 1035 3325 1076 una
3351 1036 3490 1075 cum
3510 1021 3643 1092 ipso

1981 1112 2037 1164 te
2061 1109 2192 1180 ipse
2222 1107 2520 1176 includas,
2555 1113 2612 1163 et
2657 1108 2930 1164 induaris
2963 1114 3093 1164 atra
3125 1114 3306 1179 veste,
3341 1111 3390 1165 si
3422 1111 3646 1183 pariter

1977 1199 2184 1269 jaceas
2205 1198 2393 1264 humi,
2417 1213 2780 1270 comamque
2803 1197 3098 1269 negligas.
3125 1201 3205 1254 Ex
3233 1199 3305 1255 iis
3338 1200 3497 1255 enim
3521 1217 3646 1256 ma-

1985 1289 2075 1359 gis
2107 1289 2314 1343 crescit
2343 1304 2534 1360 quam
2563 1287 2832 1343 elevatur
2863 1288 3198 1344 calamitas.
3236 1293 3448 1344 Annon
3475 1290 3647 1345 vides

1985 1380 2191 1449 augeri
2247 1379 2540 1447 dolorem,
2575 1379 2624 1434 si
2666 1383 2769 1433 aut
2814 1379 3094 1434 bubones
3128 1380 3512 1451 vulneribus,
3545 1386 3650 1437 aut

1987 1461 2102 1542 42
2133 1470 2369 1543 splenes
2401 1468 2673 1524 febribus
2695 1469 3030 1526 accedant?
3054 1488 3257 1527 nonne
3281 1473 3479 1542 potius
3498 1474 3650 1530 miti-

1988 1565 2136 1631 gant
2164 1576 2382 1616 manus
2405 1559 2676 1615 dolorem
2700 1559 2819 1615 leni
2844 1577 2954 1615 suo
2983 1566 3264 1616 contactu
3287 1562 3315 1617 ?
3356 1565 3422 1618 Et
3451 1569 3510 1619 tu
3537 1564 3648 1632 igi-

1988 1654 2083 1706 tur
2107 1665 2182 1705 ne
2206 1654 2308 1704 tua
2339 1649 2657 1720 praesentia
2680 1665 3001 1721 exasperes
3021 1649 3432 1721 afﬂictionem,
3449 1667 3650 1724 neque

1989 1757 2128 1797 cum
2155 1739 2333 1810 lapso
2365 1735 2687 1793 collabare.
2711 1741 2858 1794 Nam
2887 1738 3192 1809 jacentem
3223 1741 3327 1812 qui
3348 1742 3538 1813 erigit,
3572 1741 3654 1798 al-

278 1829 406 1885 εἷναι
452 1838 544 1884 τοῦ
591 1834 923 1892 πεπτωκότος
967 1829 1174 1890 πάντως
1218 1828 1439 1902 ὀφείλει·
1491 1831 1517 1881 ὁ
1564 1825 1622 1882 δε
1670 1828 1722 1892 ἐξ
1759 1833 1878 1882 ἴσον

2010 1831 2104 1886 .ior
2124 1830 2374 1885 omnino
2402 1829 2581 1900 lapso
2612 1844 2740 1884 esse
2762 1827 2976 1897 debet;
3011 1828 3115 1900 qui
3144 1846 3287 1886 vero
3319 1832 3542 1902 pariter
3562 1849 3654 1890 ce-

275 1925 586 1973 καταπεσὼν
627 1919 800 1994 ἑτέρου
848 1923 938 1971 καὶ
996 1918 1153 1980 αὐτὸς
1195 1927 1287 1971 τοῦ
1339 1915 1726 1980 ἀναστήσοντος
1765 1916 1880 1970 ἐπι-

279 2006 470 2063 δεῖται.
499 2007 654 2060 Ἀλλὰ
707 2005 994 2060 δάκνεσθαι
1045 2009 1135 2082 μὲν
1183 2009 1284 2060 ὑπὸ
1315 2015 1420 2060 τῶν
1463 2012 1760 2081 γινομένων,
1793 2012 1883 2059 καὶ

278 2101 468 2170 ἠσυχῆ
536 2104 646 2160 τοῖς
717 2097 970 2170 λυπηροῖς
1034 2095 1424 2169 ἔτιστυγνάξειν
1489 2106 1770 2170 προσῆκεν,
1836 2094 1883 2148 ἐν

284 2191 497 2260 συννοίᾳ
538 2192 844 2262 προσώπου,
876 2192 966 2238 καὶ
1017 2191 1295 2259 σεμνότητι
1348 2184 1514 2262 βάρος
1569 2185 1792 2259 ἐχούσῃ,
1827 2189 1884 2238 τὸ

282 2285 380 2338 τῆς
429 2276 618 2348 ψυχῆς
664 2277 831 2337 πάθος
883 2271 1340 2348 διασημαίνοντα·
1399 2277 1743 2349 φθεγγόμενον
1804 2269 1883 2344 δε,

285 2365 378 2417 οἰκ
445 2364 596 2426 εὐθὺς
660 2360 923 2434 ἐπιπηδᾴν
1006 2363 1122 2425 ταῖς
1202 2362 1540 2436 ἐπιτιμήσεσι
1601 2372 1885 2439 προσῆκεν,

289 2455 461 2529 ὥσπερ
521 2452 846 2526 ἐναλλόμενον
897 2457 988 2505 καὶ
1045 2451 1419 2526 ἐπεμϐαίνοντα
1475 2459 1584 2513 τοῖς
1636 2456 1891 2525 κειμένοις

288 2545 573 2618 (φορτικὸν
622 2544 724 2616 γὰρ
774 2547 886 2604 τοῖς
931 2543 1031 2594 ὑπό
1085 2541 1256 2605 λύπης
1301 2545 1396 2601 τὴν
1438 2542 1625 2614 ψυχὴν
1666 2561 1893 2594 κεκακωά

289 2637 462 2706 μένοις
512 2633 568 2684 αἱ
615 2630 945 2704 ἐπιτιμήσεις
975 2629 1088 2698 (90)
1116 2653 1128 2665 ·
1171 2637 1262 2684 καῖ
1303 2630 1414 2704 ἅμα
1459 2627 1891 2706 δυσπαράδεκτοί

291 2722 394 2775 εἰσι
445 2727 554 2782 τοῖς
609 2722 889 2793 κάμνουσι,
936 2714 1026 2772 παῖ
1081 2723 1214 2796 πρὸς
1269 2725 1597 2795 παρηγορίαν
1647 2720 1892 2774 ἀπίθανοι

289 2818 392 2864 τῶν
442 2808 657 2871 ἀπαθῶς
695 2810 1003 2862 παντάπααι
1051 2806 1388 2883 διακειμένων
1432 2811 1482 2863 οἰ
1523 2809 1692 2883 λό’)οι)
1719 2832 1730 2844 ·
1766 2806 1895 2863 ἀλλὰ

294 2903 726 2974 συγχωρήσαντα
777 2899 898 2950 δεενᾶ
941 2903 1030 2951 καὶ
1078 2898 1325 2973 ἄπρακτα
1362 2898 1615 2960 ἐκϐοῆσαι
1645 2902 1759 2974 (9Λ1)
1805 2905 1894 2952 καὶ

292 2971 682 3062 ὀλοφύρεσθται,
712 2983 823 3048 ἤδη
849 2995 942 3040 τοῦ
991 2971 1162 3041 κακοῡή
1198 2985 1476 3052 ὑπανέντος
1503 3007 1556 3042 τι
1599 2971 1708 3042 καί
1727 2989 1896 3061 χαλά-

298 3093 500 3144 σαντος,
550 3080 666 3129 τότε
723 3074 952 3149 ἐμμελῶς
1005 3082 1095 3129 καὶ
1141 3080 1319 3150 πράως
1367 3087 1463 3139 τῆς
1517 3077 1897 3152 παρακλήσεως

1990 1921 2153 1988 cidit,
2185 1919 2371 1976 altero
2397 1919 2502 1992 qui
2546 1919 2736 1990 erigat
2767 1919 2951 1974 etiam
2985 1919 3118 1991 ipse
3147 1936 3302 1992 Opus
3330 1922 3534 1978 habet.
3560 1927 3654 1980 At-

1993 2014 2196 2066 tamen
2227 2009 2337 2065 abs
2367 2015 2429 2064 re
2457 2024 2579 2064 non
2609 2008 2786 2063 fuerit
2814 2007 2884 2063 iis
2916 2023 3054 2080 quae
3087 2009 3372 2066 accidunt
3401 2012 3564 2081 angi,
3598 2018 3656 2069 et

1993 2099 2168 2156 tacite
2211 2097 2287 2154 de
2324 2096 2596 2154 adversis
2647 2094 2938 2168 afﬂictari,
2973 2097 3057 2153 ita
3107 2101 3170 2153 ut
3218 2115 3293 2154 ex
3330 2099 3522 2166 vultu,
3551 2101 3658 2174 qui

1995 2188 2358 2259 cogitatione
2387 2187 2622 2242 defixus
2646 2186 2738 2248 sit,
2764 2201 2957 2258 exque
2980 2187 3278 2243 modestia
3297 2205 3436 2260 qum
3463 2189 3657 2260 gravi-

1994 2283 2179 2335 tatem
2195 2275 2270 2334 ad
2272 2275 2292 2348 j
2305 2279 2548 2331 unctam
2564 2273 3008 2337 habeat,animi
3026 2274 3308 2332 affectum
3331 2277 3657 2348 signiﬁces:

1997 2367 2104 2424 ubi
2133 2372 2336 2424 autem
2379 2363 2456 2420 ad
2484 2363 2854 2436 colloquium
2879 2368 3129 2420 ventum
3159 2371 3270 2432 est,
3304 2381 3428 2422 non
3453 2367 3659 2423 statim

1999 2456 2080 2514 ad
2099 2454 2552 2526 objurgationes
2577 2451 2860 2507 devenire
2899 2451 3089 2524 decet,
3123 2453 3288 2509 velut
3309 2455 3659 2524 jacentibus

1997 2545 2392 2603 insultantem
2424 2559 2497 2598 ac
2524 2540 2902 2597 illudentem.
2934 2543 3083 2596 Nam
3106 2542 3564 2613 objurgationes
3591 2544 3664 2600 iis

2000 2651 2263 2711 quorum
2306 2633 2550 2689 animus
2594 2647 2716 2704 prae
2763 2629 3001 2686 tristitia
3043 2633 3362 2699 cruciatur,
3395 2633 3664 2691 molestae

2001 2730 2143 2782 sunt
2183 2729 2238 2780 et
2283 2738 2532 2793 graves;
2586 2718 2889 2791 simulque
2939 2736 3250 2776 sermones
3299 2738 3509 2780 eorum
3558 2723 3666 2796 qui

2001 2814 2168 2872 nullo
2195 2829 2446 2886 prorsus
2474 2809 2699 2867 doloris
2729 2824 2915 2863 sensu
2965 2808 3336 2882 afficiuntur,
3367 2827 3525 2882 aegre
3556 2828 3665 2868 au-

2003 2905 2251 2960 diuntur
2275 2918 2311 2958 a
2340 2899 2750 2968 maerentibus,
2784 2901 2842 2952 et
2871 2898 2951 2953 ad
2980 2914 3083 2954 eos
3109 2899 3516 2958 consolandos
3540 2900 3663 2958 vim

2005 3003 2130 3045 non
2154 2987 2382 3042 habent
2411 2982 2842 3057 persuadendi.
2878 2983 2992 3041 Sed
3025 2983 3072 3039 si
3104 2999 3204 3040 eos
3234 2985 3445 3041 siveris
3476 3002 3668 3043 vanos

2004 3075 2469 3146 inefﬁcacesque
2491 3073 2786 3129 clamores
2804 3079 2861 3129 et
2876 3073 2925 3144 ej
2937 3072 3132 3128 ulatus
3146 3072 3346 3144 edere,
3361 3074 3525 3130 malo
3535 3075 3669 3146 jam

295 3166 569 3220 ἅπτεσθαι.
601 3165 740 3219 Ἐπεὶ
785 3169 878 3218 καὶ
928 3166 978 3218 οἱ
1022 3165 1366 3241 πωλοδάμναι
1401 3173 1521 3231 τοὺς
1553 3165 1893 3236 δυσηυνίους,

2010 3161 2324 3240 paululum
2347 3163 2558 3218 sedato
2588 3179 2660 3218 ac
2683 3163 2960 3229 remisso,
2980 3166 3109 3218 tum
3129 3162 3380 3219 demum
3401 3162 3672 3220 nihilim-

297 3264 404 3310 τῶν
466 3255 648 3308 πώλων
707 3254 801 3307 οὔτε
857 3255 1009 3316 εὐθύς
1057 3257 1399 3329 κατάγχουσι
1463 3265 1574 3328 τοῖς
1637 3257 1896 3331 χαλινοῖς,

295 3341 421 3398 οὐδε
459 3343 837 3419 ἀνακρούουσιν
885 3342 1273 3417 (ἁναχαιτιζειν
1302 3350 1405 3419 γὰρ
1453 3347 1588 3399 οὕτω
1637 3353 1726 3400 καὶ
1777 3346 1903 3399 ἀπο-

300 3436 535 3488 σείεσθαι
591 3436 713 3494 τούς
770 3431 1021 3495 ἐπιϐάτας
1096 3430 1526 3500 διδάσκονσιν)·
1589 3435 1718 3488 ἀλλὰ
1785 3456 1905 3489 συν-

298 3521 594 3583 ενδιδόντες
646 3526 742 3580 τὴν
794 3521 1026 3596 πρώτην,
1082 3527 1174 3575 καὶ
1234 3524 1645 3598 συνεξορμῶντες
1702 3526 1900 3599 αὐτοῖς,

299 3609 514 3666 ἐπειδὰν·
541 3607 730 3663 ἴδωσιν
779 3611 881 3663 ὑπὸ
925 3621 1022 3673 τῆς
1049 3607 1166 3680 (92)
1197 3612 1392 3676 aiataiat;
1439 3616 1606 3686 ὁρμῆς
1638 3619 1727 3667 καὶ
1781 3613 1908 3688 βίας

298 3705 390 3755 τὸν
456 3702 618 3773 θυμὸν
679 3697 1066 3769 ἀναλώσαντας,
1130 3705 1248 3754 τότε
1311 3702 1698 3778 παραλαϐόντες
1749 3693 1909 3756 δέδα-

300 3794 618 3864 μᾱσμένσυς,
689 3786 1110 3865 εὐπειθεστέρους
1191 3783 1298 3849 ἤδη
1367 3795 1580 3845 ποιοῦσι
1648 3782 1742 3846 διὰ
1811 3799 1913 3854 τῆς·

301 3881 516 3952 τέχνης.
550 3878 731 3939 Οὕτως
755 3878 904 3930 ἔσται
946 3881 1082 3931 κατὰ
1110 3881 1197 3931 τὸν
1229 3881 1320 3932 τοῦ
1361 3881 1686 3955 Σολομῶντος
1713 3881 1866 3955 λόγον
1891 3905 1903 3917 ·

299 3966 526 4040 Ἀγαθὸν
570 3966 813 4020 εἰσελθεῖν
861 3965 933 4030 εὶς
999 3963 1137 4021 οἷκον
1204 3967 1424 4033 πένθους
1490 3971 1681 4044 μᾶλλον
1735 3973 1765 4032 ἦ
1837 3977 1908 4036 εἰς

304 4055 449 4111 alio»
500 4059 706 4110 πότου⁴
757 4057 802 4110 εἰ
861 4057 1035 4131 μέλλοι
1081 4069 1181 4125 τις,
1238 4058 1600 4134 ἐπιστημόνως
1652 4066 1742 4114 καὶ
1800 4059 1912 4134 (93)

303 4147 490 4222 πράως
534 4155 608 4218 τῷ
653 4146 790 4220 λόγῳ
832 4153 1124 4222 χρώμενος,
1171 4145 1520 4221 μεταδιδόναι
1570 4160 1665 4214 τῆς
1715 4152 1912 4216 οἰκείας

306 4239 508 4309 ὑγιείας
554 4243 626 4308 τῷ
665 4232 934 4309 κάμνοντι,
969 4231 1073 4289 ἀλλ’
1102 4237 1232 4311 οὐχὶ
1268 4245 1364 4302 τῆς
1417 4238 1691 4315 ἀλλοτρίας
1718 4241 1908 4312 λύπης,

309 4327 378 4388 ὡς
405 4325 714 4400 δφθαλμίας,
747 4325 1175 4399 μεταλαμϐάνειν.

382 4501 442 4562 9.
493 4502 700 4558 κλαίειν
727 4501 815 4557 οὖν
841 4506 973 4579 μετὰ
1000 4504 1299 4562 κλαιόντων.
1331 4507 1492 4561 Ὅταν
1521 4496 1580 4562 id
1581 4531 1645 4574 ης
1673 4507 1918 4585 ἐπιμετα-

311 4599 428 4669 νοίᾳ
467 4602 569 4647 τῶν
615 4595 993 4669 ἡμαρτημένων
1040 4599 1131 4648 τόν·
1159 4593 1378 4670 ἀδελφὸν
1410 4595 1744 4674 ὀδυρόμενον,
1781 4604 1918 4675 σύγ-

313 4681 544 4737 κλαυσον
587 4692 660 4756 τῷ
707 4688 925 4756 τοιούτῷ
963 4687 1096 4756 (94),
1146 4691 1237 4739 καὶ
1287 4687 1570 4761 συμπάθει.
1623 4688 1774 4743 Οὕτω
1815 4683 1918 4766 γάρ

319 4789 406 4828 σοι
450 4768 671 4848 ὑπάρξει
717 4772 771 4825 ἐν
819 4770 1112 4849 ἀλλοτρίοις·
1149 4777 1342 4830 πάθεσι
1383 4780 1442 4830 τὸ
1493 4779 1678 4831 οἰκεῖον
1709 4779 1922 4856 ἐπανορ-

321 4865 561 4918 θοῦσθαι.
615 4861 674 4915 Ὀ
735 4864 835 4938 γὰρ
892 4865 1018 4938 ὑπὲρ
1087 4873 1180 4928 τῆς
1245 4873 1339 4920 τοῦ
1395 4867 1618 4926 πλησίον
1662 4866 1928 4945 ἁμαρτίας

322 4954 504 5025 θερμὸν
553 4950 862 5015 ἁποστάξας.
905 4949 1134 5029 δάκρυον
1183 4954 1363 5009 ἑαυτὸν
1406 4955 1675 5026 ἐξιάσατο,
1715 4954 1804 5011 δι’
1849 4961 1922 5012 ὧν

394 5083 440 5119 ⁸³
473 5085 667 5144 Eccle.
700 5101 798 5159 vri,-
832 5085 896 5147 3.

397 5229 505 5312 (ἓὲ)
539 5227 786 5312 (mices
813 5231 934 5312 tres
956 5235 1185 5312 retire?“
1217 5229 1457 5312 οἴενισῖξίε-

2008 3255 2176 3332 pedit
2204 3253 2535 3328 quominus
2577 3268 2681 3308 eos
2709 3242 2908 3326 possis
2947 3252 3092 3308 scite
3137 3268 3208 3308 ac
3237 3252 3448 3309 leniter
3466 3253 3668 3310 solari.

2011 3351 2161 3405 Nam
2188 3351 2559 3417 etequorum
2589 3342 2919 3400 domitores
2948 3359 3074 3399 non
3105 3341 3306 3400 statim
3344 3343 3672 3401 effrenatos

2013 3437 2211 3511 pullos
2232 3433 2414 3490 frenis
2441 3432 2747 3500 cohibent,
2777 3437 2882 3490 aut
2908 3433 3247 3506 reprimunt
3275 3433 3383 3516 (sic
3404 3433 3566 3490 enim
3588 3450 3678 3490 re-

2012 3524 2343 3593 trocedere,
2365 3522 2667 3593 etequites
2695 3527 2974 3578 excutere
2993 3521 3366 3592 edocentur),
3382 3521 3489 3578 sed
3507 3523 3675 3578 initio

2013 3610 2164 3682 ipsis
2193 3607 2495 3673 cedentes,
2527 3621 2598 3661 ac
2629 3621 2843 3661 eorum
2872 3605 3169 3678 impetum
3208 3607 3416 3674 secuti,
3447 3601 3554 3662 ubi
3582 3622 3679 3663 eo-

2014 3716 2152 3756 rum
2171 3697 2450 3754 ardorem
2476 3711 2586 3751 suo
2606 3695 2884 3768 ipsorum
2905 3693 3135 3767 impetu
3154 3701 3336 3768 atque
3357 3697 3680 3753 vehemen-

2017 3791 2099 3847 tia
2140 3789 2400 3844 fractum
2444 3790 2501 3842 et
2529 3785 2898 3842 exhaustum
2945 3782 3504 3857 animadverterint,
3537 3789 3680 3842 tunc

2017 3877 2300 3936 subactos
2321 3873 2871 3948 apprehendentes,
2897 3873 3031 3930 illos
3055 3873 3186 3945 jam
3209 3891 3314 3946 per
3335 3879 3525 3931 artem
3544 3871 3679 3931 red-

2019 3969 2173 4025 dunt
2208 3963 2665 4022 tractabiliores.
2700 3963 2792 4019 Sic
2823 3963 2950 4035 erit,
2981 3963 3155 4034 juxta
3182 3963 3524 4020 Salomonis
3551 3980 3683 4020 sen-

2017 4057 2306 4115 tentiam:
2362 4053 2580 4110 Melius
2637 4058 2721 4109 est
2768 4051 3010 4124 ingredi
3063 4053 3128 4108 in
3175 4053 3416 4110 domum
3462 4053 3680 4124 luctus,

2019 4154 2202 4221 quam
2233 4147 2296 4201 in
2321 4143 2564 4199 domum
2590 4143 2851 4199 convivii
2863 4141 2933 4212 εί,
2966 4141 3016 4196 si
3047 4142 3206 4214 quis,
3238 4143 3427 4214 perite
3449 4142 3685 4200 leniter-

2020 4247 2140 4312 que
2168 4249 2448 4291 sermone
2474 4247 2640 4295 usus,
2674 4248 2851 4288 suam
2880 4230 3075 4304 ipsius
3105 4232 3426 4290 sanitatem
3457 4231 3686 4304 aegroto

2021 4327 2160 4384 velit
2186 4321 2498 4397 impertiri,
2529 4335 2648 4376 non
2690 4320 2955 4378 alienam
2981 4321 3286 4379 tristitiam
3315 4323 3481 4380 velut
3507 4315 3686 4396 lippi-

2024 4414 2300 4474 tudinem
2329 4408 2708 4468 contrahere.

2101 4503 2154 4561 9.
2196 4504 2442 4576 Oportet
2458 4499 2639 4571 igitur
2666 4489 2809 4554 flere
2830 4509 2971 4554 cum
2998 4487 3306 4556 ﬂentibus.
3333 4490 3444 4556 Ubi
3466 4488 3690 4557 videris

2029 4599 2274 4654 fratrem
2290 4594 2597 4663 lugentem
2622 4589 2703 4645 ob
2721 4594 3110 4662 peccatorum
3140 4590 3575 4663 paenitentiam,
3606 4586 3694 4647 Ia-

2025 4701 2308 4760 crymare
2323 4697 2463 4738 cum
2476 4680 2602 4736 viro
2615 4677 3191 4750 ejusmodi,acillius
3203 4679 3686 4736 commiseresce.

2030 4781 2119 4834 Ita
2138 4775 2302 4832 enim
2320 4771 2429 4828 tibi
2443 4767 2644 4825 licebit
2662 4784 2736 4823 ex
2758 4767 2934 4824 malis
2955 4766 3168 4825 alienis
3184 4776 3358 4824 tuum
3371 4769 3689 4838 corrigere.
3721 4809 3728 4816 ι

2031 4871 2185 4925 Nam
2209 4863 2316 4938 qui
2344 4858 2611 4918 fervidae
2645 4857 2957 4931 lacryma's
3005 4868 3122 4932 pro
3159 4864 3409 4933 peccato
3431 4858 3694 4932 prox-inii

2029 4955 2307 5022 effundit,
2331 4952 2483 5008 dum
2513 4948 2760 5006 fratrem
2779 4946 2982 5018 deﬂet,
3001 4949 3280 5006 medetur
3308 4948 3693 5022 sibimetipsi.

2113 5229 2234 5306 (93)
2256 5215 2502 5306 Λιιῑίςυί
2542 5229 2664 5283 tres
2713 5232 2862 5306 diss.
2896 5224 3259 5298 ἐπιστημόνως
3296 5230 3407 5281 καί.
3437 5221 3550 5283 Alii
3574 5223 3699 5283 duo

393 5299 504 5381 ςῼθ)
535 5301 799 5381 antiqui
827 5301 975 5381 duo‘
1003 5296 1142 5360 libri
1190 5309 1247 5360 et
1297 5305 1444 5363 editi
1483 5306 1539 5359 αἱ
1585 5296 1936 5381 ἔπιτιμήσεις.

324 5369 440 5426 Alii
462 5369 742 5498 quinque
769 5372 805 5431 ἢ
834 5372 1160 5463 ἐπιτίμησις.

399 5444 510 5498 (91-)
535 5443 617 5498 UO
664 5459 786 5498 tces
815 5444 940 5498 duo
961 5465 1160 5498 αποακτ

535 5443 786 5522 godices
815 5444 940 5502 duo
961 5443 1206 5522 ἇπρανιτα
1235 5446 1393 5522 ἐμιϐοῆ
1404 5462 1513 5522 σαι.

363 5514 520 5596 ,ψῃ
542 5515 704 5596 Unas
734 5526 850 5572 ms.
893 5521 950 5596 et
979 5514 1208 5596 editi‘ék‘
1238 5514 1353 5596 fac.
1387 5521 1500 5596 alii
1530 5522 1803 5596 quinque
1832 5523 1934 5575 ὑπὸ

321 5588 442 5646 τῆς.
474 5588 605 5642 Mox
655 5589 796 5656 Reg.
843 5589 1079 5662 primus
1123 5591 1285 5663 θυμὸν
1309 5588 1723 5662 άναλύσαῦτας,’
1749 5602 1940 5650 senSlI

324 5670 451 5712 non
480 5656 782 5713 dissimili.

324 5670 451 5712 non
480 5670 782 5715 αιεειωω.

2047 5301 2722 5373 θίόάίιίέπιᾱτημονικῶς
2753 5301 2856 5373 ἢκ,
2890 5369 2904 5373 _
3018 5370 3027 5373 _
3103 5367 3116 5373 _
3419 5371 3429 5373 _

2120 5375 2235 5450 (94)
2264 5377 2432 5450 unus
2484 5365 2597 5427 ms.
2654 5375 2712 5448 et
2765 5367 3296 5450 ςάίῑῖὺσιξγπλαυσον
3342 5371 3530 5442 τούτῳ.
3592 5365 3702 5450 Alii

2045 5437 2230 5506 mimi
2273 5444 2620 5517 σ’ὑγνιλαυσον⁸
2649 5443 2887 5517 τοιούτω.
2913 5437 3142 5517 Ibidem
3158 5455 3338 5517 ___I_1_Jss.
3370 5437 3498 5517 non
3522 5437 3703 5517 pauci

2044 5525 2134 5574 καὶ
2201 5509 2486 5590 συμπξθει.
2535 5512 2699 5590 Alius
2760 5509 2950 5590 codex
3000 5515 3057 5590 et
3103 5509 3246 5590 editi
3269 5515 3390 5590 Δ,καὶ
3437 5509 3700 5584 σύμπαθε.

2042 5592 2215 5648 Alius
2239 5582 2571 5662 σῦγκλαυσον
2600 5589 2672 5655 τῷ
2697 5585 2918 5655 τοιούτῳ
2937 5587 3028 5636 καὶ
3059 5582 3361 5654 πμπένθει.
