4124 6376
442 283 553 336 259

1765 278 1825 334 8.
1866 274 2121 333 BASILII
2161 276 2399 332 MAGNI.

3704 286 3810 340 260

439 404 592 461 Talis
621 408 748 459 erat
770 403 877 475 qui
902 401 1179 458 dicebat:
1232 402 1498 472 Defectio
1550 403 1742 459 animi
1771 404 1962 459 tenuit
2003 417 2078 455 me

2212 404 2297 451 τόν
2346 396 2564 473 ἀδελφόν
2614 399 2949 476 ἁπωδύρατο.
2981 409 3227 463 Τοιοῦτος
3266 400 3328 476 ᾖν
3355 403 3380 455 ὁ
3418 405 3577 477 λέγων
3602 428 3615 440 ·
3648 406 3806 461 Ἀθυ-

433 509 547 562 pro
577 492 988 563 peccatoribus
1018 491 1577 562 derelinquentibus
1628 492 1806 561 legem
1840 496 2007 546 tuam
2024 490 2093 543 ⁸³.

439 586 599 652 Luge
610 580 837 655 peccati
851 580 1277 636 causa.Anime
1289 579 1646 652 aegritudino
1659 586 1745 635 est
1758 583 2095 652 peccatum;

438 687 603 728 mors
626 671 946 726 estanimm
968 668 1329 724 immortalis
1357 685 1372 734 ;
1394 675 1711 741 peccatum
1728 668 1894 724 luctu
1914 671 2099 738 atque

434 758 773 833 irrequietis
801 758 1079 814 lamentis
1108 758 1363 828 dignum
1390 764 1502 816 est.
1537 758 1624 816 0b
1653 759 1769 815 hoc
1798 756 1991 813 ﬂuant
2015 755 2094 813 la-

437 865 661 922 crymae
703 863 933 914 omnes,
966 863 1077 903 nec
1111 853 1351 903 cessent
1388 847 1526 903 duci
1568 864 1640 902 ex
1689 851 1929 919 pectore
1972 845 2098 900 imo

437 936 947 1011 suspiria.Paulus
970 936 1233 993 deﬂebat
1261 936 1541 992 inimicos
1571 937 1764 992 crucis
1794 933 2094 993 Christi".

432 1028 721 1084 Jeremias
759 1024 1023 1081 deﬂebat
1051 1026 1155 1098 qui
1184 1041 1256 1081 ex
1282 1025 1509 1098 populo
1549 1024 1865 1097 peribant;
1914 1023 2098 1080 idem-

434 1133 554 1190 que
591 1133 731 1171 cum
761 1114 872 1169 sibi
904 1114 1209 1171 naturales
1236 1114 1524 1186 lacrymm
1549 1129 1672 1170 non
1703 1113 1847 1169 satis
1875 1117 2096 1183 essent,

429 1206 841 1279 lacrymarum
865 1204 1093 1260 fontem
1124 1204 1468 1277 inquirebat
1490 1210 1545 1259 et
1570 1210 1905 1259 extremam
1927 1217 2098 1258 man-

433 1296 692 1351 sionem.
715 1294 793 1350 Et
806 1292 1034 1361 sedebo,
1052 1293 1264 1365 inquit,
1290 1298 1343 1349 et
1355 1292 1609 1362 plorabo
1623 1292 1915 1362 populum
1940 1290 2097 1346 hunc

431 1384 638 1440 diebus
673 1385 902 1449 multis,
934 1396 1029 1437 eos
1069 1383 1175 1452 qui
1213 1388 1470 1451 pereunt
1494 1382 1563 1440 ει.
1593 1381 1900 1452 Scriptura
1946 1380 2098 1435 inter

430 1471 834 1529 beatitudines
877 1470 1186 1542 lacrymas
1236 1475 1294 1525 et
1321 1470 1554 1526 luctum
1585 1468 1886 1541 ejusmodi
1915 1484 2097 1541 repo-

428 1560 601 1631 nit",
645 1574 769 1615 non
819 1558 1295 1633 propensionem
1341 1558 1419 1614 ad
1475 1557 1776 1615 tristitiam
1823 1572 2092 1614 omnem.

426 1664 551 1707 non
580 1648 1017 1722 proclivitatem
1063 1647 1145 1703 ad
1173 1647 1402 1720 ﬂetum,
1433 1648 1536 1720 qui
1567 1663 1747 1703 omne
1779 1645 2097 1702 occasione

428 1741 678 1797 cieatur.
709 1741 837 1794 Non
877 1739 960 1794 ita
1009 1736 1244 1793 dudum
1294 1737 1414 1793 vidi
1462 1736 1770 1810 quosdam
1820 1734 2095 1808 volupta-
2128 1750 2166 1803 Β

427 1830 571 1899 rios,
592 1827 697 1900 qui
726 1826 1058 1882 immodico
1088 1826 1418 1898 voluptatis
1459 1842 1667 1881 amore
1696 1824 1959 1898 pellecti,
1988 1839 2097 1896 per

428 1917 691 1990 speciem
709 1914 1080 1988 expellenda;
1099 1913 1214 1987 53
1243 1915 1491 1971 tristitia;
1523 1914 1602 1970 ad
1628 1914 1945 1987 crapulam
1965 1929 2093 1968 sese

428 2008 937 2074 converterent,et
957 2002 1036 2059 ad
1057 2003 1409 2060 ebrietatem
1435 2022 1447 2072 ;
1480 2019 1782 2075 suamque
1807 2017 2095 2058 conaren-

427 2100 525 2152 tur
569 2108 859 2152 excusare
911 2091 1443 2164 intemperantiam
1487 2091 1686 2147 verbis
1727 2090 2089 2158 Salomonis,

426 2185 534 2257 qui
554 2184 671 2240 ait:
705 2183 861 2238 Date
890 2183 1093 2237 vinum
1125 2183 1200 2237 iis
1232 2182 1337 2253 qui
1365 2183 1428 2236 in
1461 2181 1712 2236 tristitia
1740 2186 1879 2236 sunt
1902 2180 1969 2233 ⁸⁸.
1991 2181 2092 2236 Est

426 2272 770 2331 autemhaec
792 2269 1091 2328 sententia
1111 2270 1173 2326 in
1196 2270 1655 2339 Proverbio,nec
1679 2274 1883 2325 tamen
1904 2267 2091 2324 ebrie-

424 2367 610 2418 tatem
636 2360 863 2417 licitam
910 2358 1128 2426 reddit,
1164 2358 1271 2415 sed
1317 2358 1599 2415 humanae
1628 2358 1764 2413 vitae
1807 2357 2085 2414 consulit.

426 2450 657 2506 Etenim
704 2454 772 2504 ut
813 2448 1194 2504 reconditum
1246 2447 1431 2517 hujus
1486 2447 1789 2503 sententiae
1839 2461 2082 2502 sensum

426 2541 726 2610 omittam,
762 2552 885 2609 quo
909 2536 1118 2592 vinum
1146 2536 1350 2593 laetitia
1378 2536 1692 2592 rationalis
1723 2535 1943 2591 dicitur
1967 2551 1980 2601 ;
2008 2551 2085 2590 ne

424 2629 643 2687 obvius
679 2627 929 2701 quidem
978 2642 1195 2682 sensus
1232 2643 1451 2699 parum
1483 2626 1666 2682 habet
1692 2625 2083 2696 providentia:

426 2733 498 2775 ac
517 2733 697 2787 curae,
721 2731 797 2772 ne
816 2714 1096 2771 videlicet
1116 2714 1153 2771 ii
1170 2715 1274 2788 qui
1297 2730 1455 2784 aegre
1482 2714 1959 2770 consolationem
1981 2723 2084 2770 ad-

423 2808 687 2877 mittunt,
719 2811 777 2861 et
805 2804 974 2874 gravi
1002 2804 1171 2860 luctu
1201 2804 1561 2874 obruuntur,
1587 2804 1750 2860 cibos
1772 2803 2084 2874 negligant

422 2902 483 2953 et
509 2895 816 2963 alimenta,
846 2892 1086 2965 ploratu
1128 2892 1574 2948 vehementiore
1612 2892 1924 2965 absorpti:
1975 2892 2082 2948 sed

420 2985 643 3059 partim
686 2999 846 3056 pane
896 2999 999 3039 cor
1026 2982 1292 3038 luctuosi
1328 2981 1592 3037 hominis
1624 2981 1916 3050 ﬁrmetur,
1948 2997 2083 3054 par-

2208 488 2305 561 μὶα
2359 494 2589 561 κατέσχε
2644 510 2709 563 με
2774 491 2875 543 ἀπὸ
2942 490 3256 563 ἁμαρτωλῶν
3323 501 3423 545 τῶν
3481 493 3805 569 ἕγκαταλιμ-

2206 581 2467 629 πανόντων
2533 582 2620 631 τὸν
2693 583 2845 653 νόμον
2916 598 3030 633 σου.
3098 580 3254 654 ’Υπὶρ
3315 580 3576 661 ἁμαρτίας
3640 584 3803 641 κλαῖε.

2210 666 2350 724 Αὕτη
2402 664 2669 741 ἀρρωστία
2713 666 2900 739 ψυχῆς
2925 689 2937 701 ·
2971 668 3103 726 αὕτη
3147 670 3367 732 θάνατός
3392 669 3505 724 ἐστι
3547 681 3642 735 τῆς
3680 672 3808 726 ἀθα-

2206 756 2361 807 νάτου
2388 776 2402 788 ο
2451 756 2582 814 αὕτη
2631 758 2847 819 πένθους
2895 755 3018 819 ἀξία
3069 762 3161 811 καὶ
3215 754 3459 832 ὀδυρμῶν
3517 759 3801 833 ἀσιγήτων.

2208 849 2308 896 Eni.
2366 847 2527 917 ταύτῃ
2596 851 2698 897 πᾶν
2778 842 3007 920 δάκρυον
3077 848 3205 921 ῥέοι,
3263 853 3354 900 καὶ
3411 854 3484 922 μή
3546 847 3807 905 διαλείποι

2209 939 2496 1007 στεναγμός
2545 933 2600 987 ἐκ
2654 934 2854 1007 βάθους
2924 934 3152 1013 καρδὶας
3198 943 3311 1009 (95)
3362 938 3803 1015 ἀναπεμπόμενος,

2204 1021 2403 1076 Ἐκλαιε
2436 1024 2638 1085 Παῦλος
2667 1029 2788 1088 τούς
2833 1024 3057 1101 ἐχθροὺς
3104 1035 3197 1080 τού
3253 1037 3481 1104 σταυροῦ
3529 1039 3619 1083 τοῦ
3670 1040 3806 1105 Χρι-

2209 1120 2355 1166 στοῦ.
2410 1113 2658 1188 Ἱερεμίας
2713 1115 2908 1168 ἔκλαιεν
2966 1115 3052 1169 ἐπὶ
3106 1125 3218 1180 τοῖς
3288 1115 3657 1191 ἀπολλυμένοις
3713 1129 3805 1173 τοῦ

2204 1200 2332 1255 λαοῦ
2357 1222 2368 1235 ·
2398 1201 2451 1264 ὃς
2479 1221 2539 1273 γε
2566 1204 2699 1275 (96),
2733 1200 2912 1262 ἐπειδὴ
2943 1205 3038 1257 ούκ
3084 1209 3233 1279 ἤρκει
3275 1210 3333 1258 τό
3383 1206 3437 1258 έκ
3482 1210 3681 1280 φύσεως
3712 1205 3808 1260 δά-

2204 1311 2381 1367 κρυον,
2409 1296 2586 1363 πηγὴν
2626 1291 2863 1353 ἐπεζήτει
2893 1290 3137 1367 δακρύων
3167 1300 3257 1348 καὶ
3290 1297 3522 1369 σταθμόν
3553 1299 3804 1368 ἔσχατον.

2208 1386 2309 1434 Καὶ
2381 1383 2706 1454 καθήσομαι,
2767 1401 2916 1454 φησι,
2988 1388 3078 1436 καὶ
3150 1383 3450 1457 κλαύσομαι
3525 1388 3613 1437 τὸν
3683 1385 3805 1438 λαόν

2205 1482 2385 1526 τοῦτον
2469 1477 2666 1548 ἡμέρας
2754 1475 2966 1543 πολλὰς,
3042 1480 3165 1538 τοὺς
3253 1476 3653 1551 ἀπολλυμένους.
3734 1482 3804 1531 Τὸ

2205 1572 2437 1616 τοιοῦτον
2497 1560 2725 1637 δάκρυον
2771 1569 2862 1617 καὶ
2931 1569 2990 1617 τὸ
3044 1573 3278 1618 τοιοῦτον
3334 1568 3519 1629 πένθος
3572 1568 3598 1619 ό
3654 1567 3807 1639 λόγος

2206 1654 2523 1726 μακαρίζει·
2573 1653 2633 1705 ού
2681 1658 2739 1706 τὸ
2787 1657 3135 1730 πρόςνπᾶσαν
3182 1655 3350 1713 λύπην
3399 1656 3682 1728 εὐάγωγον,
3712 1661 3805 1710 καὶ

2205 1741 2262 1795 έκ
2314 1745 2492 1803 πάσης
2546 1742 2851 1815 προφάσεως
2920 1744 3266 1819 εὐκατάφορον
3321 1746 3455 1817 πρὸς
3508 1748 3630 1806 τούς
3683 1747 3807 1821 θρή-

2202 1852 2340 1893 νους.
2374 1829 2517 1891 Ἤδη
2569 1829 2627 1885 δι
2674 1852 2820 1894 τινας
2861 1829 3003 1886 εἶδον
3052 1842 3150 1887 τῶν
3200 1830 3492 1906 φιληδόνων
3524 1831 3613 1887 δι’
3640 1837 3802 1909 ύπερ-

2204 1922 2358 1981 ϐολήν
2412 1918 2742 1983 ἡδυπαθείας
2811 1920 2897 1975 ἔπι
2951 1925 3210 1995 προφάσει
3274 1932 3372 1986 τῆς
3428 1922 3600 1986 λύπης
3671 1928 3803 1999 πρὸς

2200 2010 2497 2086 κραιπάλην
2526 2016 2637 2071 ,καὶ
2687 2013 2848 2084 μέθην
2906 2010 3325 2086 ἐκτρεπομένους,
3376 2017 3467 2065 καὶ
3522 2017 3583 2066 τὸ
3631 2012 3801 2088 ἀκρα-

2200 2104 2282 2163 τὶς
2331 2100 2500 2152 αὐτῶν
2558 2100 2613 2153 ἐκ
2668 2109 2768 2153 τῶν
2827 2108 2919 2154 τοῦ
2977 2100 3302 2174 Σολομῶντος
3347 2101 3511 2175 λόγων
3562 2122 3803 2176 παραμυ-

2204 2192 2407 2243 θεῖσθαι
2463 2194 2830 2264 πειρωμένους,
2887 2188 3159 2261 λέγοντος·
3220 2196 3343 2244 Δότε
3399 2188 3532 2245 οἶνον
3587 2198 3699 2254 τοῖς
3752 2191 3802 2244 έν

2197 2278 2407 2341 λύπαις.
2457 2277 2610 2333 Ἐστι
2658 2275 2718 2331 δε
2788 2280 2815 2330 ό
2882 2283 3235 2352 παροιμιακός
3288 2278 3442 2351 λόγος
3479 2281 3608 2354 οὐχὶ
3637 2284 3802 2353 μεθης

2198 2364 2379 2421 ἄδειαν
2448 2372 2825 2441 παρεχόμενος,
2876 2366 3005 2420 ἀλλὰ
3074 2372 3309 2440 συνέχων
3374 2373 3468 2427 τὴν
3544 2368 3801 2444 ἀνθρωπί-

2195 2476 2286 2515 νην
2341 2457 2502 2518 ζωήν.
2558 2455 2669 2511 Ἰνα
2721 2459 2820 2531 γὰρ
2886 2456 2945 2509 τό
2994 2454 3379 2530 αἰνιγματῶδες
3421 2458 3581 2510 αὐτοῦ
3634 2479 3801 2532 παρα-

2193 2547 2351 2601 λείπω
2395 2546 2529 2615 (97),
2583 2542 2716 2598 οἶνον
2767 2545 3000 2618 λέγοντος
3043 2551 3137 2604 τὴν
3188 2546 3405 2619 λογικὴν
3458 2547 3797 2622 εὐφροσύνην,

2195 2632 2318 2689 οὐδὲ
2361 2636 2386 2687 ὁ
2433 2639 2718 2709 πρόχειρος
2762 2642 2881 2695 νοῦς
2927 2636 3120 2708 μικρὰν
3168 2635 3281 2707 ἔχει
3328 2640 3424 2694 τὴν
3481 2634 3797 2708 ἐπιμέλειαν,

2195 2727 2278 2777 ἶνα
2318 2729 2390 2798 μὴ
2439 2732 2512 2795 τῷ
2566 2720 2780 2796 σφοδρῷ
2830 2730 2923 2775 τοῦ
2980 2725 3195 2787 πένθους
3254 2726 3649 2791 καταποθέντες,
3698 2735 3800 2778 τῶν

2192 2823 2389 2888 τροφῶν
2450 2810 2705 2885 ἀμελῶσιν
2762 2814 2812 2864 οἱ
2873 2809 3343 2887 δυσπαρηγόρητοι
3393 2819 3484 2866 καὶ
3532 2812 3798 2887 βαρυπεν-

2195 2906 2335 2964 θεῖς·
2365 2900 2489 2953 ἀλλ’
2538 2903 2680 2974 ᾱὶρτῳ
2731 2903 2820 2974 μὲν
2863 2901 3184 2974 στηρίζηται
3226 2904 3257 2960 ἠ
3308 2899 3509 2977 καρδία
3536 2911 3629 2955 τοῦ
3660 2904 3799 2975 φιλο-

2190 2991 2376 3056 λύπου,
2410 2994 2529 3062 οἴνῳ
2578 2986 2637 3042 δὲ
2684 2993 2743 3042 τὸ
2789 2994 3167 3062 συμπεπτωκός
3196 2998 3291 3052 τῆς
3333 2988 3601 3064 δυνάμεως
3646 2994 3798 3065 ὑπερ-

419 3076 527 3131 tim
573 3073 716 3130 vino
764 3072 1046 3145 collapsa-i
1094 3071 1249 3127 vires
1298 3071 1744 3128 suﬂ‘ulciuntur.
1787 3074 2078 3128 Caeterum

2192 3077 2401 3139 είδηται
2443 3081 2576 3149 (98).
2612 3083 2677 3130 Oi
2727 3074 2786 3131 δὴ
2835 3078 3053 3151 φίλοινοι
3105 3084 3196 3132 καί
3248 3079 3560 3152 οἰνόφλυγες,
3594 3081 3654 3132 οὐ
3700 3086 3795 3140 τὴν

418 3164 615 3221 vinosi
635 3161 914 3219 homines
936 3177 1007 3218 ac
1029 3160 1178 3217 ebrii
1199 3177 1523 3217 mmrorem
1545 3159 1712 3217 haud
1737 3159 2083 3216 demulcen-

417 3251 642 3318 tes,sed
661 3255 963 3307 mutantes
984 3249 1149 3305 mala
1169 3249 1447 3316 malis,ac
1467 3264 1723 3322 pravam
1742 3249 2080 3322 quamdam

417 3341 759 3416 pactionem
786 3339 1099 3408 facientes,
1123 3340 1397 3411 corporis
1424 3339 1671 3396 morbos
1696 3338 1927 3395 morbis
1950 3339 2080 3395 ani-

417 3432 503 3489 mi
523 3434 779 3500 mutant,
797 3444 1023 3501 eosque
1044 3428 1149 3500 qui
1167 3427 1386 3484 trutina
1408 3433 1719 3484 momenta
1735 3432 2077 3502 exaequant,

414 3521 989 3588 imitantes,tantum
1009 3518 1335 3575 detrahunt
1359 3518 1631 3586 tristitiae,
1653 3522 1952 3592 quantum
1970 3518 2077 3575 ad-

413 3609 570 3667 dunt
597 3606 912 3681 voluptati.
950 3607 1237 3663 Existimo
1269 3607 1516 3680 quidem
1555 3607 1897 3679 juvan'dam
1939 3623 2077 3665 esse

412 3699 554 3757 vino
573 3703 886 3755 naturam:
915 3696 1022 3752 sed
1048 3696 1296 3753 minime
1318 3696 1790 3769 permittendum
1812 3703 1902 3753 est
1927 3698 2076 3755 meri

412 3792 645 3846 tantam
674 3787 912 3860 copiam
930 3784 1190 3852 infundi,
1213 3790 1280 3841 ut
1308 3785 1527 3842 rationi
1543 3785 1863 3856 caliginem
1882 3786 2075 3843 offun-

413 3877 539 3935 dat.
572 3881 774 3949 Neque
802 3875 966 3932 enim
1019 3874 1204 3930 simul
1232 3890 1373 3930 cum
1403 3875 1543 3930 vino
1586 3874 1789 3930 efﬂuet
1815 3876 2072 3948 tristitia,

412 3967 521 4023 sed
550 3964 852 4022 ebrietatis
882 3963 1114 4019 malum
1143 3963 1350 4018 animo
1388 3961 1660 4021 accedet.
1692 3962 1868 4029 Quod
1899 3964 1951 4020 si
1976 3979 2075 4020 ra-

411 4056 496 4113 tio
517 4053 791 4111 medicus
816 4057 905 4108 est
932 4050 1205 4120 tristitiae,
1237 4051 1416 4107 fuerit
1442 4051 1625 4124 plane
1655 4051 1914 4109 ebrietas
1942 4069 2075 4109 ma-

410 4143 609 4201 lorum
646 4141 1004 4208 maximum,
1033 4157 1174 4196 cum
1217 4138 1512 4196 medelam
1543 4140 1835 4213 impediat
1861 4140 2069 4200 animi.

413 4232 532 4291 Sed
553 4233 684 4304 jam
712 4229 951 4302 singula
972 4246 1108 4303 quae
1132 4229 1295 4287 dicta
1316 4235 1478 4297 sunt,
1502 4229 1710 4287 animo
1735 4236 1964 4305 repete;
1988 4233 2071 4291 ita

409 4322 745 4393 comperies
760 4325 817 4375 et
830 4318 1042 4375 confici
1061 4334 1238 4391 posse
1260 4323 1316 4375 et
1342 4317 1481 4374 utile
1502 4335 1636 4375 esse
1667 4320 2067 4392 apostolicum

2189 3168 2356 3227 λύπην
2404 3168 2877 3242 καταπραῧνουτες,
2917 3167 3050 3219 ἀλλὰ
3105 3171 3246 3220 κακὰ
3295 3177 3466 3220 κακῶν
3517 3165 3552 3221 δ
3558 3168 3794 3241 ιαμειϐό-

2189 3277 2351 3332 μενοι,
2401 3260 2491 3310 καὶ
2537 3261 2754 3329 πονηροί
2805 3275 2936 3319 τινες
2982 3261 3240 3329 γινόμενοι
3298 3256 3667 3325 συναλλάκται,
3712 3278 3794 3311 νο-

2192 3352 2422 3420 σήματα,
2455 3345 2647 3418 ψυχῶν
2696 3341 3033 3419 διαμείϐουσι
3078 3347 3389 3418 νοσημάτων
3415 3364 3428 3375 ·
3470 3344 3518 3398 οἱ
3548 3350 3669 3409 τοὺς
3709 3345 3793 3400 ἐπὶ

2186 3446 2283 3499 τῆς
2347 3437 2605 3511 τρυτάνης
2656 3437 2747 3497 τὰς
2802 3434 2967 3508 ῥοπὰς
3020 3432 3393 3497 ἐπανισοῦντας
3457 3438 3789 3508 μιμούμενοι,

2186 3532 2435 3578 τοσοῦτον
2496 3525 2781 3598 ὑφαιροῦσι
2828 3523 2943 3595 (99)
2990 3531 3085 3585 τῆς
3135 3523 3325 3591 λύπης,
3382 3526 3504 3575 ὅσον
3571 3524 3794 3587 αὔξουσι

2184 3618 2244 3667 τὸ
2288 3609 2582 3687 φιλήδονον.
2610 3611 2757 3665 Ἀλλ’
2804 3608 2953 3684 οἶμαι
3004 3620 3205 3685 χρῆναι
3253 3610 3501 3685 βοήθειαν
3543 3621 3605 3685 τῇ
3640 3616 3790 3686 φύσει

2183 3707 2433 3777 παρέχειν
2462 3705 2558 3767 Δτὸν
2607 3699 2739 3753 οἶνον
2765 3721 2778 3734 ι
2828 3706 2919 3753 καί
2966 3705 3037 3772 μὴ
3085 3708 3333 3753 τοσοῦτον
3376 3700 3666 3775 ἐπιτρέπειν
3707 3701 3791 3774 ἔγ-

2182 3793 2436 3864 χείσθται
2475 3793 2564 3842 τόν
2611 3791 2858 3864 ἄκρατον,
2892 3790 3027 3840 ὥστε
3076 3794 3334 3842 σκότωσιν
3378 3798 3486 3852 τοῖς
3515 3790 3790 3863 λογισμοῖς

2184 3879 2434 3953 ἐμποιεῖν.
2468 3877 2602 3930 Οὓτε
2647 3880 2749 3950 γὰρ
2783 3882 3189 3949 συνεκρυήσεται
3230 3886 3293 3951 τῇ
3344 3882 3463 3951 οἴνῳ
3514 3882 3574 3931 τό
3615 3878 3791 3938 λυπη-

2184 3972 2273 4044 ρόν
2301 3989 2314 4001 ·
2348 3972 2438 4019 καὶ
2489 3970 2547 4018 τό
2578 3975 2676 4029 τῆς
2717 3968 2878 4039 μέθης
2926 3970 3085 4019 κακόν
3131 3963 3194 4039 τῇ
3240 3966 3392 4040 ψυψῇ
3433 3973 3791 4041 προσγενήσε-

2184 4077 2292 4111 ται.
2342 4056 2404 4110 Εἰ
2447 4051 2507 4108 δε
2555 4054 2726 4118 λύπης
2766 4055 2941 4131 ἰατρός
2989 4053 3129 4108 ἔστιν
3174 4057 3199 4108 ό
3241 4054 3514 4129 λογισμός,
3563 4060 3791 4129 ἔσχατον

2186 4146 2247 4199 ἂν
2297 4148 2373 4203 εἴη
2431 4151 2532 4197 τῶν
2589 4153 2762 4197 κακῶν
2816 4145 2847 4202 ἡ
2903 4146 3059 4217 μέθη,
3097 4151 3161 4218 τῇ
3216 4144 3417 4219 ἰατρείᾳ
3463 4155 3557 4208 τῆς
3604 4145 3791 4218 ψυχῆς

2187 4229 2573 4308 έμποδιζουσα.
2616 4231 2764 4287 Ἀλλ’
2803 4231 3023 4286 ἀνάλαϐε
3067 4242 3140 4305 τῷ
3183 4232 3321 4306 λόγῳ
3368 4242 3467 4286 τῶν
3516 4230 3817 4308 εἷρημένωνι

2186 4325 2425 4390 ἕκαστον,
2466 4328 2556 4374 καὶ
2605 4324 2844 4396 εὑρήσεις
2885 4326 2944 4374 τό
2996 4342 3051 4375 τε
3100 4319 3329 4375 δυκατὸν
3376 4331 3471 4385 τῆς
3517 4320 3793 4375 ἀποστολι-

407 4410 791 4469 mandatum.
833 4406 1151 4505 Intelliges,
1184 4406 1498 4480 quomodo
1545 4408 1747 4480 possis
1800 4409 2068 4480 gaudere

2189 4421 2281 4475 κῆς
2336 4414 2645 4486 νομοθεσίας
2695 4416 2786 4464 καὶ
2831 4415 2891 4464 τὸ
2950 4412 3201 4485 ὠφέλιμον
3226 4432 3240 4445 ·
3282 4421 3391 4474 πῶς
3435 4416 3525 4485 μεν
3572 4414 3793 4465 πάντοτε

409 4514 673 4572 semper,
706 4497 755 4553 si
784 4496 1079 4553 rationem
1111 4501 1338 4552 rectam
1386 4496 1703 4569 sequaris;
1753 4499 2067 4570 quomodo

405 4588 815 4646 indesinenter
843 4601 1039 4650 orare,
1066 4585 1379 4658 quomodo
1402 4584 1627 4656 gratias
1651 4602 1831 4658 agere
1860 4588 1922 4643 in
1942 4605 2070 4645 om-

406 4676 607 4749 nibus,
623 4673 939 4749 quomodo
959 4674 1222 4747 denique
1248 4674 1450 4731 valeas
1469 4673 1727 4732 afﬂictos
1743 4677 2066 4747 consolari,

2181 4506 2397 4575 χαρήσῃ
2453 4509 2526 4572 τῷ
2578 4499 2714 4575 ὀρθῷ
2765 4500 2899 4573 λόγῳ
2938 4500 3181 4574 ἑπόμενος
3208 4521 3220 4535 ·
3262 4510 3373 4562 πῶς
3420 4498 3480 4553 δι
3525 4502 3786 4576 προσεύξῃ

2182 4587 2550 4657 ἀδιαλείπτως,
2583 4598 2692 4652 πῶς
2726 4586 2785 4642 δε
2833 4588 2882 4641 ἐν
2924 4595 3081 4642 παντὶ
3111 4590 3526 4664 εὐχαριστησεις
3549 4612 3560 4623 ·
3596 4595 3699 4642 τίνι
3729 4587 3789 4643 δέ

2178 4685 2355 4755 τρόπῳ
2414 4677 2795 4755 παρακαλέσεις
2853 4682 2977 4740 τοὺς
3034 4678 3387 4751 λυποῖ-μένους
3432 4679 3537 4749 (1),
3602 4680 3688 4731 ἵνα
3734 4676 3789 4731 ἔκ

477 4801 527 4839 ⁸³
556 4800 710 4859 Psal.
741 4815 936 4872 cxvm,
969 4798 1059 4855 53.
1135 4798 1184 4833 ⁸³
1205 4796 1458 4871 Philipp.
1491 4814 1575 4869 ιιι,
1611 4803 1696 4855 t8.
1774 4801 1823 4837 ⁸⁸
1849 4801 2070 4860 Jerem.

2216 4808 2266 4861 t.
2344 4804 2392 4840 ⁸⁵
2424 4802 2634 4861 Matth.
2670 4819 2732 4872 v,
2766 4806 2819 4858 5.
2895 4802 2945 4837 ⁸³
2977 4802 3151 4858 l‘rov.
3186 4817 3346 4870 χχιι,
3377 4805 3429 4859 6.

474 4927 588 4999 (95)
618 4927 784 4982 Unus
830 4940 945 4999 ms,
979 4926 1038 4979 et
1066 4921 1228 4999 -editi
1401 4921 1601 4996 βάθους
1646 4921 1893 4999 καρδίας,
1934 4926 2007 4983 ab

406 4992 525 5055 imo
549 4992 806 5066 pectore.
838 4995 948 5052 Alii
976 4993 1245 5067 quinque
1275 4992 1330 5045 ἐκ
1350 4992 1518 5067 μέσης
1536 4992 2006 5070 καρδίάς,ρω’⁷ηε-

406 5070 505 5126 diu
536 5068 733 5125 corde.
768 5069 910 5124 Utra
953 5066 1255 5126 scriptura
1284 5081 1429 5121 vera
1476 5065 1567 5126 sit.
1597 5070 1841 5125 nescio:
1900 5069 2008 5125 sed

406 5081 505 5126 aw
536 5081 733 5125 corde.
771 5081 910 5124 Utra
953 5081 1255 5137 scriptura
1284 5081 1429 5121 vera
1476 5081 1567 5134 sit,
1597 5083 1841 5125 nescio:
1900 5081 2008 5125 sed

406 5147 730 5222 utramque
786 5136 972 5210 recipi
1019 5151 1223 5209 posse,
1278 5152 1481 5200 nemo,
1551 5138 1792 5211 opinor,
1851 5139 2009 5197 difﬁ-

406 5210 865 5354 telziliiiriieteres
908 5277 1033 5354 duo
1078 5277 1214 5354 libri
1243 5284 1299 5335 et
1348 5278 1490 5335 editi
1535 5278 1686 5354 λαού,
1715 5282 1769 5343 ὃς
1798 5299 1873 5354 γε.
1901 5282 2010 5339 Alii

324 5394 331 5403 μ
404 5349 526 5410 tres
553 5349 680 5405 λαοῦ
710 5352 749 5402 ὧ
777 5370 855 5422 γε.
883 5350 1088 5422 btatim
1112 5349 1234 5407 duo
1263 5367 1412 5406 mss.
1439 5356 1614 5422 πηγήν
1647 5349 1841 5411 ἐζήτει.

479 5426 591 5495 (97)
625 5420 1089 5497 Εάᾳὶίιπαραλίπω.
1118 5425 1191 5477 At
1208 5438 1360 5497 mss.
1393 5437 1496 5478 sex
1521 5420 1845 5497 παραλείπω.
1879 5428 2009 5482 Mox

408 5491 580 5569 unus
595 5492 793 5551 Codex
819 5491 1075 5569 Colbert,
1101 5499 1157 5569 et
1177 5493 1319 5569 editi
1337 5491 1641 5569 rri_v_vonriiv
1664 5495 2004 5569 εὐφροσύνην.

403 5565 519 5625 Alii
541 5580 644 5623 sex
669 5580 820 5621 mss.
853 5568 947 5623 τὴν
967 5562 1183 5641 λογικὴν
1215 5564 1360 5640 εύφρ.
1392 5563 1561 5623 Idem
1582 5570 1677 5624 est
1706 5562 1943 5627 sensus.

2190 4925 2860 5001 (98)_Veteres_ualiquot
2908 4924 3049 4982 libri
3096 4930 3155 4983 et
3202 4925 3785 5001 editi__arnpiCcrm....

2116 4996 2466 5123 ύῖὲερείδεται.
2511 4997 2623 5055 Alii
2670 4996 2936 5071 quatuor
2978 5014 3125 5054 mss.
3179 4996 3587 5072 στηρίξηται....
3638 5000 3789 5073 ὑπερ-

2117 5089 2162 5123 ει
2205 5090 2348 5123 ηται.

2117 5089 2348 5128 ειοηται.

2191 5146 2295 5210 (99)
2328 5144 2471 5212 Reg.
2505 5140 2738 5214 primus
2765 5148 3018 5214 τοσούτου
3051 5138 3389 5214 ἀφαιροῦσιν.

2189 5216 2267 5285 (1)
2300 5210 2467 5285 Unus
2506 5210 2671 5268 —mss.
2719 5216 2776 5268 et
2829 5211 2968 5267 editi
3016 5210 3566 5285 napaialia’uerouc
3619 5210 3786 5264 θλιϐο-

2117 5282 2319 5357 μένους.
2353 5283 2470 5357 Alii
2522 5289 2755 5357 septem
2815 5282 3196 5357 παρακαλέσεις
3243 5287 3365 5345 τοὺς
3411 5283 3782 5357 λυπουμένου-ς.

2124 5354 2250 5411 Una
2279 5354 2531 5428 quidem
2562 5354 2737 5410 lectio
2777 5354 2964 5428 altera
3020 5354 3233 5428 melior
3286 5370 3411 5409 non
3461 5354 3593 5423 est;
3640 5355 3786 5428 quia

2118 5425 2321 5483 tamen
2376 5425 2517 5484 libri
2561 5432 2794 5484 veteres
2851 5426 3081 5483 ultimae
3137 5426 3365 5499 favent,
3405 5440 3541 5483 eam
3596 5425 3788 5484 secuti

2118 5513 2352 5558 sumus.
