4124 6438
252 309 346 363 261

1054 304 1344 361 HOMILIA
1382 303 1452 358 IN
1493 303 1721 367 lLLUD,
1771 299 2203 356 DESTRUAM
2241 301 2568 358 HORREA
2608 301 2804 357 MEA.

3511 311 3621 366 262

257 432 460 483 πάντων
491 431 670 504 ἄρτιος
700 430 764 503 ᾖς
802 434 893 482 καὶ
929 433 1360 502 κατηρτισμένος,
1406 434 1468 499 τῇ
1506 424 1728 499 βοηθείᾳ
1763 430 1855 476 τοῦ

1991 429 2033 479 lt
2060 423 2227 479 omni
2257 440 2331 480 ex
2361 429 2531 496 parte
2561 424 2793 494 integer
2822 426 2906 481 sis
2936 431 2995 481 et
3039 427 3337 498 perfectus
3370 432 3622 503 Spiritus

260 519 409 592 ἁγίου
447 522 765 592 Πνεῦματος,
792 523 882 571 καὶ
910 528 973 592 τῇ
1015 517 1364 576 ἐπισκηνώσει
1388 524 1482 577 τῆς
1512 516 1738 589 χάριτος
1765 521 1857 565 τοῦ

264 613 458 683 Κυρίου
486 610 632 681 ἡμῶν
660 608 837 666 Ἰησοῦ
881 614 1136 682 Χριστοῦ·
1250 607 1280 664 ἡ
1330 602 1462 667 δόξα
1502 609 1592 655 καὶ
1631 606 1689 655 τὸ
1724 604 1859 677 κρά-

262 717 345 760 τος
377 698 448 761 εἰς
468 701 589 759 τοὺς
619 697 811 758 αἰῶνας
838 704 938 749 τῶν
969 696 1185 751 αἰώνων.
1220 693 1406 767 Ἀμήν.

469 944 565 992 ΕΙΣ
603 944 691 992 ΤΟ
729 942 953 989 ΡΗΤΟΝ
989 941 1120 989 ΤΟΥ
1159 940 1335 988 ΚΑΤΑ
1387 938 1663 986 ΛΟΥΚΑΝ

268 1045 586 1119 Εὐαγγελίου
796 1066 823 1094 ‹‹
858 1042 1079 1097 Καθαλῶ
1130 1062 1230 1115 μου
1288 1041 1382 1103 τὰς
1431 1039 1722 1103 ἀποθήκας,
1774 1041 1865 1089 καὶ

412 1135 649 1208 μείζονας
689 1129 1085 1206 οἰκοδομήσω»
1115 1135 1202 1183 καὶ
1244 1134 1363 1206 περὶ
1402 1128 1709 1191 πλεονεξίας.

344 1247 392 1297 1.
427 1239 642 1292 Διπλοῦν
672 1243 731 1292 τὸ
764 1236 905 1300 εἶδος
933 1248 1033 1291 τῶν
1058 1246 1383 1313 πειρασμῶν.
1415 1235 1482 1290 Ἥ
1511 1238 1614 1310 γὰρ
1658 1238 1714 1288 αὶ
1753 1235 1866 1288 θλί-

268 1324 385 1395 ψεις
414 1323 774 1397 βασανίζουσι
822 1326 917 1386 τὰς
946 1320 1192 1397 καρδίας,
1234 1324 1410 1396 ὥσπερ
1454 1324 1660 1396 χρυσὸν
1686 1319 1737 1372 ἐν
1767 1339 1867 1372 κα-

267 1417 417 1487 μίνῳ,
461 1410 554 1465 διὰ
592 1422 689 1474 τῆς
734 1414 1000 1485 ὑπομονῆς
1046 1416 1104 1464 τὸ
1146 1407 1388 1484 δοκίμιον
1432 1410 1600 1463 αὐτῶν
1649 1408 1868 1480 ἀπελέγ-

268 1503 551 1576 χουσαι·ᾖ
605 1507 695 1555 καὶ
741 1502 991 1563 πολλάκις
1029 1501 1186 1554 αὐταὶ
1234 1503 1291 1553 αἱ
1337 1501 1574 1558 εὐθηνίαι
1613 1506 1705 1551 τοῦ
1746 1497 1869 1571 βίου

270 1591 384 1645 ἀντὶ
421 1597 761 1667 πειρατηρίου
809 1596 1044 1664 γίνονται
1089 1598 1199 1653 τοῖς
1244 1590 1469 1650 πολλοῖς.
1508 1589 1731 1662 Ὀμοίως
1767 1590 1869 1664 γάρ

268 1681 384 1735 ἔστί
429 1681 660 1754 χαλεπὸν
712 1684 761 1734 ἓν
807 1700 863 1734 τε
911 1678 1323 1751 δυσκολίαις(3)
1368 1681 1689 1753 πραγμάτων
1740 1676 1871 1730 ἀτα-

268 1775 512 1825 πείνωτον
540 1776 635 1829 τὴν
663 1770 849 1844 ψυχήν
898 1767 1295 1838 διασώσασθαι,
1345 1774 1437 1822 καὶ
1483 1766 1531 1821 ἐν
1578 1775 1695 1830 ταῖς
1730 1787 1872 1840 περι·
1903 1783 1942 1835 Β

271 1866 504 1934 φανείαις
550 1866 621 1934 μή
656 1864 733 1933 (4)
788 1861 1081 1937 ἐπαρθῆναι
1126 1863 1259 1934 πρὸς
1303 1858 1471 1935 ὕϐριν.
1524 1854 1872 1932 Παράδειγμα

254 1947 332 2004 -δὲ
360 1958 453 2003 τοῦ
502 1954 593 2024 μὲν
632 1954 888 2026 προτέρου
939 1947 1115 2012 εἴδους
1156 1958 1256 2003 τῶν
1302 1956 1606 2025 πειρασμῶν
1636 1950 1662 2000 ὁ
1709 1946 1873 2021 μέγας

271 2039 410 2107 Ἰὼϐ,
454 2042 481 2092 ὁ
525 2038 955 2113 ἀκαταγὼνιστος
998 2038 1242 2101 ἀθλητής·
1287 2038 1361 2107 ὃς,
1414 2045 1589 2091 πᾶσαν
1631 2045 1723 2089 τοῦ
1755 2033 1873 2090 δια-

270 2129 423 2183 ϐόλου
467 2134 562 2188 τήν
621 2126 766 2202 βίαν,
824 2130 1000 2203 ὥσπερ
1049 2126 1344 2203 χειμάρρου
1398 2130 1596 2201 φορὰν,
1643 2124 1872 2198 ἀσείστῳ

270 2216 471 2293 καρδίᾳ
507 2222 597 2270 καὶ
645 2217 921 2291 λογισμοῖς
970 2216 1243 2292 ἀτρέπτοις
1300 2212 1702 2289 ὑποδεξάμενος,
1743 2233 1873 2267 τοσ-

274 2311 409 2381 ούτῳ
462 2309 653 2381 μείζων
702 2315 802 2359 τῶν
833 2309 913 2377 (5)
964 2315 1266 2381 πειρασμῶν
1312 2303 1555 2377 ἀνεφάνη,
1614 2306 1722 2375 ὅσῳ
1777 2322 1875 2376 με-

271 2397 410 2469 γάλα
463 2397 605 2468 αὐτῷ
647 2400 738 2448 καὶ
790 2391 1090 2448 δῦσὲκλυτα
1133 2391 1304 2468 ἐδόκει
1358 2396 1503 2466 παρὰ
1544 2401 1637 2447 τοῦ
1677 2392 1875 2466 ἐχθροῦ

274 2484 667 2561 προϐεϐλῆσθαι
695 2487 762 2537 τά
808 2484 1172 2558 παλαίσματα.
1221 2492 1334 2537 Τῶν
1374 2481 1432 2537 δε
1470 2486 1608 2536 κατὰ
1661 2487 1756 2541 τὴν
1786 2481 1875 2534 εὐ·-

275 2579 495 2649 ημερίαν
541 2581 632 2626 τοῦ
682 2571 804 2646 βίου
862 2582 1163 2647 πειρασμῶν
1211 2569 1577 2646 ὑποδείγματα
1630 2570 1760 2623 ἄλλα
1824 2589 1879 2623 τε

274 2667 412 2733 τινὰ,
443 2668 536 2717 καὶ
584 2663 735 2723 οὗτος
764 2663 790 2714 ὀ
818 2670 907 2715 νῦν
936 2664 1061 2736 ἡμῖν
1106 2661 1454 2735 ἀναγνωσθεὶς
1506 2661 1775 2722 πλούσιος·
1823 2657 1877 2722 ὃς

274 2758 362 2807 τὸν
382 2756 473 2827 μὲν
504 2749 617 2825 εἶχε
663 2750 903 2818 πλοῦτον,
953 2755 1041 2804 τὸν
1085 2747 1145 2804 δὲ
1186 2751 1393 2812 ἤλπιζε·
1448 2758 1541 2803 τοῦ
1581 2749 1878 2823 φιλανθρώ-

279 2862 379 2897 που
420 2848 553 2896 Θεοῦ
601 2839 655 2903 ἐξ
698 2839 877 2915 ἀρχῆς
918 2839 1074 2893 αὐτὸν
1127 2838 1212 2893 ἰπὶ
1266 2848 1328 2913 τῇ
1386 2837 1726 2912 ἀγνωμοσύνῃ
1778 2847 1878 2890 τῶν

278 2936 480 3008 τρόπων
511 2934 582 3004 μή
632 2933 1039 3003 κατακρίναντος
1068 2929 1167 3000 (6),
1211 2926 1319 2981 ἀλλ’
1367 2927 1446 2982 ἀεὶ
1492 2938 1566 3001 τῷ
1610 2929 1880 3002 προϋπάρ-

283 3040 438 3093 χοντι
480 3020 682 3092 πλούτῳ
732 3018 954 3072 πλοῦτον
1010 3018 1178 3092 ἕτερον
1224 3020 1615 3093 προστιθέντος,
1684 3017 1729 3069 εἰ
1769 3035 1880 3078 πως

285 3108 425 3181 αὐτῷ
459 3113 609 3183 κόρον
659 3108 957 3182 ἐμποιήσας
997 3109 1141 3175 ποτε,
1187 3110 1319 3181 πρὸς
1364 3110 1424 3160 τὸ
1463 3110 1759 3159 κοινωνικὸν
1788 3109 1879 3158 καὶ

284 3201 470 3274 ἥμερον
511 3201 606 3258 τήν
663 3196 850 3269 ψυχήν
906 3195 1066 3249 αὐτοῦ
1125 3194 1483 3249 ἐκκαλέσαιτψ
1554 3194 1877 3269 Ἀνθρώπου,

279 3290 381 3362 γάρ
413 3306 574 3360 φησι,
607 3285 858 3340 πλουσίου
899 3285 1195 3360 ηῦφόρησεν
1223 3287 1303 3357 (7)
1347 3287 1377 3345 ἡ
1419 3291 1596 3359 χώρα,
1642 3289 1733 3337 καὶ
1778 3280 1884 3337 διε-

280 3376 519 3449 λογίζετο
584 3375 701 3429 καθ’
767 3375 968 3428 ἑαυτὸν·
1032 3378 1098 3427 Τί
1156 3378 1420 3441 ποιήσω;
1509 3373 1717 3427 Καθελώ
1782 3392 1883 3446 μου

280 3464 375 3529 τάς
440 3463 734 3531 ἀποθήκας,
801 3468 892 3515 καὶ
951 3462 1195 3535 μείζονας
1262 3458 1641 3534 οἰκοδομήσω.
1696 3464 1792 3514 Διά
1832 3465 1886 3514 τί

281 3550 370 3606 οὖν
427 3554 723 3628 ηῦφόρησεν
770 3553 801 3611 ἠ
854 3556 1013 3624 χώρα
1059 3547 1330 3624 ἀνθρώπου
1384 3546 1551 3623 μηδὲν
1599 3547 1789 3622 ἀγοθόν
1831 3548 1887 3602 ἐκ

281 3652 379 3705 τῆς
404 3642 649 3717 εῦφορίας
694 3645 930 3699 ποιήσειν
954 3638 1272 3713 μέλλοντος;
1320 3638 1433 3693 Ἰνα
1477 3637 1668 3711 μᾶλλον
1716 3640 1747 3696 ἠ
1795 3645 1886 3690 τοῦ

284 3741 413 3790 Θεοῦ
465 3734 809 3809 μακροθυμία
853 3738 983 3804 φανῇ
1017 3731 1115 3801 (8),
1160 3735 1250 3784 καὶ
1291 3734 1457 3805 μέχρι
1494 3739 1595 3782 τῶν
1641 3731 1889 3781 τοιούτων

284 3821 635 3897 ἕκτεινομένης
702 3822 863 3874 αὐτοῦ
919 3827 1015 3882 τῆς
1078 3824 1471 3894 χρηστότητος·
1542 3822 1729 3891 Βρέχει
1786 3820 1887 3892 γὰρ

285 3912 371 3967 ἐπὶ
436 3909 681 3974 δικαίους
761 3915 854 3963 καὶ
938 3905 1159 3971 ἀδίκους
1191 3950 1204 3976 ,
1286 3913 1377 3961 καὶ
1461 3905 1721 3961 ἀνατέλλει
1801 3909 1890 3960 τὸν

285 4002 429 4062 ἣλιον
504 4001 665 4055 αὐτοῦ
733 3998 815 4053 ἐπὶ
881 4002 1143 4074 πονηροὺς
1202 4002 1293 4050 καὶ
1361 3995 1594 4069 ἀγαθούς
1625 4038 1638 4052 .
1702 3995 1763 4050 Ἣ
1831 3992 1891 4049 δε

282 4094 501 4151 τοιαύτη
550 4098 643 4144 τοῦ
692 4097 826 4144 Θεοῦ
879 4087 1147 4161 ἀγαθότης
1208 4088 1426 4162 μείζονα
1498 4087 1713 4158 συνάγει
1781 4091 1893 4147 τοῖς

282 4185 712 4258 πονηρευομένοις
765 4184 861 4238 τήν
912 4177 1126 4231 κόλασιν
1151 4218 1165 4233 .
1212 4175 1432 4248 ’Ἦνεγκε
1486 4179 1610 4238 τοὺς
1666 4174 1894 4250 ὄμϐρους

287 4271 372 4325 ἰπὶ
418 4276 512 4329 τήν
555 4271 656 4324 ὑπὸ
707 4277 808 4322 τῶν
855 4266 1221 4321 πλεονεκτικῶν
1260 4273 1453 4341 χειρῶν
1495 4269 1891 4339 γεωργουμένην
1924 4296 1969 4349 D

284 4369 405 4435 γῆν·
452 4356 616 4413 ἔδωκε
667 4362 756 4412 τὸν
806 4357 952 4417 ἣλιον
1005 4354 1276 4408 ἑκθαλπειν
1324 4355 1391 4407 τὰ
1448 4357 1743 4428 σπέρματα,
1798 4357 1891 4407 καὶ

286 4448 733 4509 πολυπλασιςίζειν
779 4449 901 4509 τοὺς
946 4447 1180 4518 καρποὺς
1224 4439 1317 4496 διὰ
1353 4450 1450 4505 τῆς
1493 4442 1754 4516 εὐφορίας.
1790 4446 1892 4497 Καὶ

288 4539 357 4593 τὰ
392 4541 483 4613 μὶν
510 4539 658 4612 παρὰ
685 4543 821 4591 Θεοῦ
861 4541 1100 4601 τοιαῦτα,
1148 4538 1251 4605 γῆς
1298 4528 1684 4600 ἐπιτηδειότης,
1732 4529 1892 4607 ἀέρων

364 4718 410 4754 ⁸⁷
454 4718 597 4774 Luc.
626 4730 730 4787 xu,
765 4717 850 4773 18.
878 4713 926 4750 ⁸⁸
958 4714 1100 4786 Sap.
1131 4726 1217 4784 nl,
1243 4715 1296 4768 6.
1320 4710 1367 4746 ⁸⁸
1399 4708 1544 4767 Luc.
1573 4725 1681 4779 xu,
1707 4711 1888 4766 16-18.
1921 4709 1971 4745 ⁵ο

366 4898 439 4983 (2)
471 4893 894 4983 Ital-agiturin
938 4889 1105 4983 Colb.
1131 4889 1334 4983 tertio,
1375 4895 1485 4982 Τοῦ
1517 4885 1680 4983 agros
1721 4886 1793 4977 εἰς
1836 4891 1897 4942 τὸ

295 4959 452 5044 ῥητὸν
481 4974 572 5021 τοῦ
601 4959 915 5038 Εῦαγγελίου
949 4965 1087 5044 κειτά
1115 4968 1342 5044 Ama-auia,
1374 4966 1493 5038 περὶ
1509 4959 1894 5044 πλουτούντων,

298 5033 583 5110 Ejusdem
614 5039 677 5094 in
706 5033 933 5110 dictum
959 5033 1282 5110 Evangelii
1297 5033 1626 5110 secundum
1649 5033 1895 5110 Lucam,

302 5105 377 5167 de
426 5110 732 5166 divitibus.
781 5105 1038 5164 Additur
1064 5105 1151 5178 in:
1183 5107 1324 5175 Reg.
1373 5105 1594 5178 primo,
1638 5107 1731 5156 καὶ
1761 5105 1899 5157 κατὰ

299 5180 607 5249 πλεονεξίας,
642 5186 699 5238 et
731 5185 946 5237 contra
975 5177 1326 5249 avaritiam.

367 5256 449 5322 (3i
475 5245 615 5322 Reg.
649 5249 941 5322 tertiusév
965 5257 1028 5322 τῇ
1063 5245 1343 5322 δυσκολίᾳ.

364 5318 446 5396 (4)
477 5318 615 5396 ῌοέ.
658 5321 967 5396 secundus
998 5318 1225 5396 'et‘editi
1254 5318 1607 5396 περιφανείαις
1650 5324 1742 5396 τοῦ
1767 5318 1896 5396 ρίου

296 5388 393 5470 μὴ’.
428 5388 839 5470 aliiquinque
878 5388 1230 5470 simpliciter
1257 5388 1609 5470 περιφανείας
1635 5394 1732 5463 μή.
1767 5388 1897 5470 κίοι

294 5460 603 5541 περιφάνειᾶ
627 5460 868 5523 Videtur
893 5460 1017 5521 hoc
1040 5462 1172 5517 loco
1197 5460 1497 5534 usurpata
1514 5460 1702 5517 fuisse
1728 5476 1764 5516 a
1796 5463 1898 5517 Ba-

297 5539 431 5595 silio
456 5553 570 5595 pro
594 5538 777 5594 rebus
806 5532 1115 5595 secundis,
1138 5549 1276 5588 cum
1298 5548 1433 5588 eam
1463 5536 1737 5595 opponat
1762 5530 1898 5587 voci

297 5546 431 5595 sitio
502 5553 570 5593 ro
594 5546 777 5594 rebus
806 5546 1115 5596 secundis,
1138 5549 1276 5588 cum
1298 5548 1433 5588 eam
1463 5546 1737 5605 opponat
1762 5546 1898 5587 voc1

298 5555 581 5679 amica,
608 5625 735 5685 qua
760 5624 856 5666 res
881 5608 1150 5665 adversae
1166 5603 1803 5677 signiﬁcantur.Pot03t
1820 5606 1899 5664 ta-

1966 512 2158 568 sancti
2178 529 2316 585 ope,
2344 519 2525 586 atque
2551 512 2927 570 inhabitante
2959 517 3151 584 gratia
3176 519 3409 575 Domini
3436 521 3624 577 nostri

1967 601 2105 656 Jesu
2129 602 2347 657 Christi
2372 618 2383 657 :
2411 602 2506 658 cui
2534 601 2729 671 gloria
2750 607 2807 658 et
2832 601 3155 675 imperium
3182 605 3243 661 in
3265 607 3487 665 saecula
3517 626 3625 666 sae-

1970 689 2267 746 culorum.
2302 693 2518 747 Amen.

2889 849 2954 866 _

2286 932 2354 985 ΙΝ
2397 931 2602 986 ILLUD
2647 932 2907 988 DICTUM
2946 934 3320 989 EVANGEIJI

1970 1038 2298 1092 secundum
2324 1039 2545 1093 Lucam
2562 1053 2584 1093 .'
2608 1061 2632 1090 α
2651 1039 2971 1095 Destruam
3000 1040 3218 1097 horrea
3248 1057 3399 1115 mea,
3422 1049 3477 1100 et
3507 1060 3629 1102 ma-

2114 1129 2248 1197 jora
2289 1128 2594 1196 aediﬁcabo
2617 1129 2660 1162 ⁸⁷
2690 1147 2703 1185 :
2735 1149 2765 1178 »
2806 1130 3061 1201 itemque
3089 1131 3163 1187 de
3180 1135 3479 1191 avaritia.

2050 1237 2097 1288 t.
2133 1233 2361 1305 Duplex
2379 1239 2470 1289 est
2485 1234 2881 1292 tentationum
2899 1240 3235 1305 genus.Aut
3262 1240 3424 1295 enim
3446 1241 3633 1299 corda

1974 1320 2136 1378 velut
2165 1337 2383 1377 aurum
2409 1322 2470 1378 in
2504 1323 2748 1379 fornace
2778 1323 3042 1395 probant
3077 1341 3364 1384 utrumme
3388 1329 3457 1399 ⁸⁸,
3490 1346 3630 1387 cum

1973 1427 2082 1484 per
2106 1410 2461 1482 patientiam
2492 1411 2894 1482 integritatem
2917 1429 3125 1470 eorum
3158 1424 3519 1486 coarguunt,
3539 1426 3632 1476 at-

1975 1516 2095 1573 que
2119 1500 2452 1557 bonitatem
2477 1517 2491 1556 :
2524 1505 2629 1557 aut
2656 1502 2839 1557 etiam
2859 1518 2983 1558 non
3011 1519 3148 1560 raro
3179 1503 3313 1574 ipsa
3337 1507 3476 1563 vitas
3501 1524 3634 1579 pro-

1977 1591 2230 1663 speritas
2258 1591 2606 1648 temtationis
2656 1591 2790 1648 loco
2826 1598 2917 1649 est
2954 1594 3394 1666 compluribus.
3436 1598 3633 1671 JEque

1977 1679 2138 1735 enim
2171 1680 2435 1736 arduum
2465 1686 2554 1736 est
2584 1680 2646 1736 in
2677 1680 2861 1737 rebus
2888 1680 3235 1739 difﬁcilibus
3259 1687 3483 1742 servari
3508 1688 3634 1744 ani-

1976 1784 2145 1825 mam
2174 1769 2500 1825 sublimem
2527 1774 2583 1825 et
2606 1770 2994 1841 indejectam,
3012 1778 3195 1843 atque
3219 1773 3281 1829 in
3302 1775 3484 1831 rebus
3500 1792 3636 1848 pro-

1977 1857 2166 1928 Speris
2193 1857 2272 1913 ad
2300 1858 2582 1929 injuriam
2616 1858 2958 1915 faciendam
2984 1875 3111 1916 non
3135 1860 3352 1934 abripi.
3385 1866 3451 1920 Et
3479 1866 3637 1937 prio-

1981 1946 2062 2002 ris
2081 1947 2328 2020 quidem
2351 1948 2750 2005 tentationum
2766 1950 3003 2018 generis
3026 1950 3375 2023 exemplum
3397 1959 3487 2010 est
3500 1955 3633 2024 Job,

1976 2048 2246 2106 magnus
2290 2036 2387 2093 ille
2433 2042 2492 2092 et
2534 2036 2796 2093 invictus
2824 2036 3070 2105 athleta,
3100 2039 3207 2111 qui
3235 2039 3359 2098 vim
3388 2057 3638 2100 omnem

1981 2124 2205 2182 diaboli
2228 2125 2386 2183 velut
2407 2125 2680 2183 torrentis
2699 2126 2993 2199 impetum
3009 2129 3381 2187 inconcusso
3397 2136 3640 2204 pectore

1983 2229 2056 2271 ac
2084 2215 2337 2272 immoto
2366 2215 2680 2288 proposito
2704 2216 3029 2289 excipiens,
3048 2221 3216 2275 tanto
3241 2220 3518 2293 superior
3539 2237 3639 2278 ex-

1985 2305 2127 2361 stitit
2148 2305 2596 2371 tentationibus,
2617 2311 2848 2377 quanto
2872 2305 3042 2363 illata
3071 2307 3184 2364 sibi
3206 2308 3286 2365 ab
3314 2309 3489 2367 hoste
3510 2328 3638 2368 cer-

1985 2395 2217 2451 tamina
2243 2398 2481 2466 majora
2505 2395 2886 2466 videbantur,
2910 2400 3091 2469 atque
3108 2397 3639 2458 inextricabiliora.

1985 2490 2058 2541 At
2082 2500 2221 2539 vero
2252 2484 2652 2541 tentationum
2695 2485 2759 2541 in
2798 2485 2981 2541 rebus
3025 2487 3308 2543 secundis
3359 2490 3642 2563 exempla

1988 2588 2129 2629 cum
2159 2572 2279 2629 alia
2304 2571 2424 2645 44
2447 2572 2641 2628 multa
2690 2578 2852 2640 sunt,
2883 2577 3013 2630 tum
3041 2574 3140 2630 hic
3168 2591 3329 2632 nunc
3359 2578 3537 2634 nobis
3560 2579 3643 2636 le-

1988 2666 2119 2718 ctus
2147 2660 2447 2734 dives,qui
2471 2660 2737 2719 habebat
2764 2661 2914 2718 alias
2940 2662 3190 2736 quidem
3213 2664 3474 2737 divitias,
3492 2667 3642 2725 alias

1989 2766 2129 2808 vero
2142 2749 2459 2823 sperabat;
2487 2765 2599 2805 nec
2615 2755 2818 2807 tamen
2839 2750 3311 2824 benignissimus
3329 2756 3483 2814 Deus
3497 2772 3641 2814 eum

1988 2840 2070 2898 ob
2093 2841 2397 2911 ingratam
2410 2839 2686 2897 indolem
2708 2841 2880 2896 initio
2899 2841 3351 2912 condemnavit,
3369 2845 3477 2903 sed
3489 2863 3644 2904 sem-

1988 2944 2096 3002 per
2114 2943 2263 3000 opes
2288 2927 2439 2984 alias
2469 2926 2690 2998 adjecit
2716 2928 3054 3000 prioribus;
3081 2930 3133 2986 si
3154 2947 3277 3002 quo
3299 2933 3485 2990 modo
3512 2939 3645 2992 tan-

1989 3018 2129 3074 dem
2160 3016 2483 3073 accedente
2513 3016 2805 3086 satietate,
2859 3017 3134 3074 animum
3164 3020 3298 3092 ejus
3326 3028 3536 3094 posset
3561 3023 3644 3080 ad

1987 3106 2408 3164 liberalitatem
2430 3109 2613 3178 atque
2644 3105 3173 3163 mansuetudinem
3194 3111 3649 3180 provocare.Ait

1990 3196 2151 3252 enim
2174 3212 2187 3251 :
2209 3195 2486 3251 Hominis
2518 3195 2721 3251 divitis
2746 3194 2955 3251 uberes
2979 3196 3225 3265 fructus
3242 3212 3391 3270 ager
3409 3201 3644 3271 attulit,

1989 3292 2045 3343 et
2057 3284 2354 3356 cogitabat
2366 3286 2533 3340 intra
2545 3298 2625 3341 se:
2652 3284 2809 3351 Quid
2815 3284 3076 3353 faciam?
3091 3286 3410 3343 Destruam
3426 3288 3646 3348 horrea

1991 3389 2143 3444 mea,
2173 3379 2228 3429 et
2258 3375 2497 3442 majora
2520 3372 2915 3442 aediﬁcabo".
2953 3375 3070 3429 Cur
3096 3373 3279 3445 igitur
3315 3375 3525 3433 fertilis
3550 3393 3649 3435 ex-

1994 3463 2143 3518 stitit
2170 3476 2316 3532 ager
2342 3460 2632 3530 hominis,
2671 3461 2778 3532 qui
2805 3461 2957 3517 nihil
3002 3469 3129 3519 erat
3155 3462 3297 3519 boni
3323 3464 3405 3520 ob
3442 3464 3650 3523 fertili-

1993 3555 2178 3606 tatem
2207 3548 2526 3605 facturus?
2570 3551 2637 3605 Ut
2678 3548 2905 3605 scilicet
2947 3550 3147 3620 magis
3197 3551 3508 3623 effulgeret
3550 3555 3652 3612 Dei

1993 3637 2334 3707 tolerantia,
2348 3637 2443 3708 cuj
2453 3654 2524 3693 us
2534 3636 2775 3693 bonitas
2791 3638 2870 3693 ad
2891 3637 3040 3694 tales
3063 3639 3245 3695 etiam
3265 3656 3330 3696 se
3342 3643 3649 3701 extendat:

1994 3726 2222 3801 quippe
2231 3727 2472 3796 Superj
2476 3731 2637 3782 ustas
2655 3732 2710 3783 et
2732 3728 2988 3796 injustas
3000 3728 3461 3802 pluit,facitque
3473 3738 3540 3788 ut
3560 3735 3655 3790 sol

1995 3831 2139 3872 suus
2176 3816 2419 3872 oriatur
2457 3830 2640 3885 super
2659 3816 2848 3871 malos
2869 3821 2924 3872 et
2946 3816 3122 3872 bonos
3136 3817 3527 3889 "Ejusmodi
3548 3836 3655 3877 au-

1966 3894 2119 3962 .tem
2154 3904 2257 3960 Dei
2288 3903 2528 3961 bonitas
2555 3902 2920 3977 supplicium
2959 3905 3164 3976 majus
3188 3905 3419 3964 inducit
3438 3908 3500 3965 in
3530 3924 3656 3966 sce-

1996 3993 2206 4050 lestos.
2238 3991 2462 4049 Effudit
2488 3992 2728 4065 pluvias
2769 3991 2834 4049 in
2865 3998 3089 4050 terram
3116 3995 3319 4052 avaris
3365 3997 3655 4055 manibus

1998 4082 2258 4150 cultam;
2309 4081 2477 4139 dedit
2528 4081 2723 4139 solem
2760 4082 2866 4155 qui
2899 4082 3104 4140 foveat
3140 4085 3398 4156 semina,
3447 4102 3518 4143 ac
3548 4102 3658 4160 per

1998 4173 2339 4230 ubertatem
2389 4170 2618 4228 fructus
2659 4171 3035 4245 multiplicet.
3078 4175 3145 4229 Et
3178 4173 3429 4246 quidem
3468 4191 3506 4233 a
3534 4178 3657 4234 Deo

2000 4261 2309 4334 accipiunt
2327 4264 2393 4317 ut
2409 4259 2710 4317 beneﬁcia
2730 4260 3056 4331 ejusmodi,
3074 4266 3234 4319 terra
3252 4262 3660 4333 idonea,aeris

2000 4356 2375 4423 temperatus
2404 4353 2615 4420 status,
2649 4349 2954 4406 seminum
2983 4350 3182 4424 copia,
3227 4352 3419 4410 boum
3446 4368 3657 4427 opera,

2002 4441 2124 4497 alia
2148 4440 2213 4497 id
2241 4455 2454 4511 genus,
2477 4438 2704 4511 quibus
2743 4438 2896 4496 solet
2922 4439 3296 4510 agricultura
3312 4442 3393 4498 ad
3422 4441 3663 4501 uberta-

2001 4535 2122 4589 tem
2142 4527 2395 4603 perduci
2422 4533 2606 4602 atque
2633 4527 2715 4585 ad
2743 4527 3007 4601 copiam.
3041 4527 3256 4596 Qualia
3277 4544 3424 4588 vero
3450 4529 3516 4588 in
3541 4530 3660 4590 hoc

1999 4706 2177 4767 Math.
2206 4721 2264 4776 ν,
2285 4709 2377 4763 45.

2006 4900 2171 4972 men,
2201 4885 2250 4971 si
2269 4883 2497 4972 mavis,
2511 4883 2587 4942 ad
2602 4883 2862 4972 verbum
2880 4883 3284 4959 interpretari,
3303 4900 3367 4944 in
3385 4883 3663 4959 splendo-

2006 4961 2199 5025 ribus,
2224 4959 2290 5014 in
2329 4958 2507 5015 rebus
2530 4956 2886 5026 splendidis.
3040 4956 3058 4959 ⁷
3270 4956 3273 4957 ⁷
3417 4956 3429 4959 “

2078 5031 2155 5102 (5)
2183 5029 2351 5085 Colb.
2406 5029 2612 5085 tertius
2640 5027 2833 5100 μείζων
2876 5026 2931 5081 ἐκ
2973 5036 3097 5084 τῶν.
3145 5027 3473 5103 Aliquanto
3519 5035 3664 5104 post

2006 5101 2171 5158 idem
2196 5100 2389 5157 codex
2416 5101 2444 5152 ὁ
2472 5106 2561 5151 νῦν
2590 5100 2731 5158 ὑμῖν.

2003 5115 2171 5159 idem
2196 5115 2389 5172 codex
2416 5118 2444 5152 ο
2472 5119 2561 5151 νυν
2590 5115 2731 5172 υμιν.

2076 5174 2150 5245 (6)
2184 5170 2335 5228 Editi
2385 5170 2806 5244 κατακρίνοντος.
2850 5173 2924 5227 At
2976 5187 3124 5228 mss.
3184 5171 3361 5229 multi
3405 5178 3663 5247 xuruxpi-

2005 5264 2207 5307 ναντος.

2053 5315 2254 5403 “(7)113
2284 5313 2492 5401 multis
2523 5328 2674 5374 mss.
2699 5310 2799 5369 hic
2827 5315 2888 5369 et
2911 5310 3073 5370 infra
3099 5329 3212 5387 pro
3255 5314 3549 5390 ηὖφόρησεν
3577 5315 3664 5372 le-

2008 5391 2168 5462 gitur
2184 5391 2503 5462 εὐφόρησεν.

2007 5453 2044 5583 ἓ
2079 5458 2154 5531 (8)
2183 5453 2332 5547 Reg;
2350 5457 2585 5531 primus
2630 5460 2765 5507 Θεοῦ
2797 5453 3156 5528 φιλανθρωπία
3183 5461 3275 5510 καὶ
3320 5459 3666 5535 μακροθυμία

2048 5548 2257 5603 ιαφανῃ.
3164 5590 3169 5599 1
