4124 6374
473 316 578 370 263

1835 309 1890 361 S.
1950 301 2201 359 BASILII
2260 303 2477 359 MAGNI

3731 311 3837 363 264

472 435 719 493 homine
777 429 1442 503 deprehendebantur?
1499 433 1686 486 Mores
1743 427 2126 493 amarulenti,

2245 430 2482 500 εὖκρατοι
2511 431 2864 489 καταστάσεις
2895 429 2990 496 (9),
3035 429 3341 502 σπερμάτων
3386 427 3644 500 ἀφθονίαι,
3699 429 3837 502 βοῶν

473 527 684 583 odium
715 523 1056 590 hominum,
1103 520 1341 574 animus
1371 521 1427 574 in
1477 519 1684 575 dando
1713 518 2128 592 parcissimus.

476 619 641 672 Hanc
665 613 763 668 ille
792 610 1066 667 beneﬁco
1090 609 1358 677 largitori
1389 609 1584 664 vicem
1606 607 2132 680 rependebat.-Non

472 705 638 760 venit
665 703 726 757 in
763 704 1026 755 mentem
1059 697 1401 754 communis
1432 703 1661 755 natura;
1689 713 1702 760 ;
1747 713 1871 751 non
1901 694 2134 768 putavit

477 791 854 866 superﬂuum
877 789 1181 844 bonorum
1202 788 1262 842 in
1284 803 1507 855 egenos
1533 785 2134 853 distribuendum,ra-

473 883 702 939 tionem
749 878 980 934 nullam
1012 876 1227 932 habuit
1257 876 1436 946 hujus
1476 876 1794 947 praecepti:
1828 875 1918 929 Ne
1946 874 2134 928 absti-

476 987 622 1028 neas
645 969 994 1037 benefacere
1013 966 1289 1036 egeno“;
1315 967 1484 1019 item:
1523 965 1934 1033 Eleemosynar
1971 967 2026 1017 et
2061 963 2132 1030 ﬁ-

477 1063 579 1118 des
597 1075 674 1115 ne
703 1059 982 1114 deserant
1010 1062 1065 1111 te
1090 1057 1172 1124 9*;
1203 1059 1256 1109 et
1338 1055 1584 1124 Frange
1611 1053 1902 1109 esurienti
1913 1066 2132 1121 panem

479 1156 648 1206 tuum
666 1149 736 1201 93.
773 1145 1035 1212 Denique
1065 1144 1501 1215 prophetarum
1532 1141 1807 1197 omnium
1829 1141 2132 1195 omnium-

477 1254 598 1312 que
627 1235 946 1292 doctorum
967 1249 1089 1288 non
1123 1231 1484 1287 audiebatur
1515 1231 1766 1292 clamor,
1791 1229 1899 1284 sed
1918 1229 2136 1284 horrea

475 1325 923 1384 reconditorum
943 1323 1382 1377 frumentorum
1409 1319 1788 1374 multitudine
1813 1322 2136 1387 angustata

477 1411 1123 1484 dirumpebantur,nec
1143 1414 1346 1463 tamen
1365 1422 1468 1462 cor
1484 1422 1738 1461 avarum
1761 1404 2131 1478 explebatur.

478 1507 628 1560 Nam
655 1516 814 1556 nova
855 1499 1156 1554 veteribus
1188 1496 1608 1568 superaddens
1648 1511 1908 1567 semper,
1942 1500 1996 1549 et
2025 1509 2132 1550 an-

475 1593 612 1649 nuis
637 1588 1068 1646 additamentis
1090 1586 1332 1659 copiam
1355 1586 1690 1655 adaugens,
1709 1586 1770 1639 in
1795 1586 1953 1641 hanc
1971 1584 2135 1639 inex-

474 1680 810 1739 tricabilem
837 1676 1070 1734 consilii
1103 1677 1373 1748 inopiam
1417 1675 1646 1744 incidit,
1682 1680 1743 1730 ut
1771 1690 1895 1746 pra:
1935 1672 2134 1729 avari-

2245 523 2532 590 συνεργίαι,
2562 520 2626 568 τά
2652 517 2800 580 σῦλα,
2835 518 2908 578 οἷς
2948 523 3174 589 γεωργία
3217 521 3435 589 πέφυκεν
3486 520 3834 576 εῦθηνεῐσθαι·

2241 609 2307 658 τά
2334 603 2392 658 δὲ
2421 610 2562 681 παρά
2592 615 2682 660 τοῦ
2715 606 2985 682 ἀνθρώπου
3019 609 3137 674 οἷα;
3189 612 3258 660 Τὸ
3303 613 3488 682 πικρὸν
3517 617 3607 661 τοῦ
3656 611 3836 676 ἤθους,

2242 697 2271 752 ή
2302 698 2691 770 μισανθρωπία,
2724 699 2780 747 τὸ
2823 692 3238 768 δυσμετάδοτον.
3281 704 3460 749 Ταῦτα
3487 706 3559 768 τῷ
3599 698 3834 772 εὐεργέτῃ

2244 782 2702 839 ἀντεπεδείκνυτο.
2769 785 2879 836 Οὐκ
2933 784 3164 857 ἐμνήσθη
3227 795 3322 846 τῆς
3382 795 3560 848 κοινῆς
3617 789 3836 859 φύσεως

2243 873 2346 944 οὐχ
2378 876 2614 943 ἡγήσατο
2643 882 2843 946 χρῆναι
2885 877 2943 925 τὸ
2982 882 3277 946 περιττεῦον
3307 882 3418 936 τοῖς
3447 871 3644 928 ἐνδεὲσι
3673 895 3841 926 κατα-

2241 966 2474 1036 μερίσαι·
2528 963 2622 1014 οὐκ
2667 966 2794 1034 ἔσχε
2846 966 2962 1014 τινὰ
3007 963 3156 1035 λόγον
3203 972 3299 1026 τῆς
3341 963 3547 1026 ἐντολῆς
3579 967 3711 1036 (10)·
3753 969 3838 1023 Μὴ

2243 1051 2460 1125 ἀπόσχῃ
2537 1048 2589 1104 εὖ
2651 1061 2812 1104 ποιεῖν
2885 1049 3055 1112 ἐνδεῆ’
3125 1059 3232 1125 καὶ,
3311 1054 3685 1127 Ἐλεημοσύναι
3754 1059 3844 1106 καὶ

2242 1147 2444 1202 πίστεις
2489 1147 2558 1213 μὴ
2613 1140 2984 1194 ἐκλειπέτωσάν
3047 1162 3135 1194 σε·
3191 1149 3312 1211 καὶ,
3373 1143 3665 1218 Διάθρυπτε
3726 1162 3842 1194 πει-

2241 1239 2394 1282 νῶντι
2446 1234 2532 1281 τὸν
2600 1233 2755 1303 ἄρτον
2826 1250 2953 1285 σου.
3013 1236 3114 1284 Καὶ
3175 1234 3362 1294 πάντες
3410 1241 3695 1308 προφῆται,
3755 1237 3845 1284 καὶ

2241 1321 2428 1379 πάντες
2462 1315 2781 1371 διδάσκαλοι
2832 1318 3131 1393 ἐμϐοῶντες,
3189 1322 3282 1372 οὐκ
3328 1322 3678 1380 εἰσηκούοντο·
3738 1320 3843 1373 ἀλλ’

2244 1409 2297 1458 αἱ
2340 1411 2429 1480 μὲν
2472 1407 2735 1466 ἀποθήκαι
2779 1406 3150 1483 διερρήγνυντο
3202 1419 3274 1481 τῷ
3316 1410 3502 1468 πλήθει
3557 1420 3656 1462 τῶν
3712 1409 3846 1462 ἀπο-

2242 1501 2483 1569 κειμένων
2540 1502 3066 1572 στενοχωρούμεναι,
3146 1501 3175 1556 ἡ
3235 1495 3292 1550 δὲ
3347 1495 3597 1571 φειδωλὸς
3648 1495 3848 1573 καρδία

2243 1586 2337 1637 οῦκ
2383 1585 2762 1658 ἐνεπίμπλατο.
2839 1587 2945 1640 Ἀεὶ
3001 1590 3102 1661 γὰρ
3162 1590 3228 1640 τὰ
3286 1592 3374 1640 νέα
3439 1596 3550 1650 τοῖς
3605 1587 3848 1650 παλαιοῖς

2243 1677 2581 1748 προστιθεὶς,
2641 1681 2730 1728 καὶ
2777 1683 2894 1738 ταῖς
2936 1676 3049 1728 κατ’
3092 1680 3202 1738 ἔτος
3249 1678 3580 1752 προσθήκαις
3626 1682 3721 1736 τήν
3770 1680 3849 1729 εύ-

475 1772 560 1829 tia
577 1776 781 1826 vetera
810 1767 1067 1822 subduci
1091 1781 1212 1822 non
1242 1766 1480 1833 sineret,
1511 1781 1624 1820 nec
1648 1769 1854 1834 posset
1876 1780 2035 1819 nova
2054 1764 2135 1819 ob

2245 1769 2431 1838 πορίαν
2482 1765 2812 1838 προσαῦξων,
2871 1765 2941 1826 εἰς
2997 1770 3090 1824 τὴν
3163 1761 3435 1828 ἀδιέξοδον
3485 1769 3679 1824 ταύτην
3735 1760 3845 1835 (ill

477 1861 717 1933 copiam
766 1856 1114 1912 recondere.
1176 1858 1555 1928 Quapropter
1602 1853 1940 1910 inefﬁcacia
1997 1857 2138 1907 sunt

477 1948 730 2006 consilia
772 1946 928 2001 illius
977 1951 1033 2000 et
1083 1961 1241 2000 cura;
1285 1944 1597 2016 ancipites.
1658 1944 1814 2010 Quid
1857 1943 2138 2012 faciam?

480 2038 625 2106 Quis
655 2052 778 2092 non
818 2036 1174 2090 misereatur
1218 2034 1483 2089 hominis
1529 2034 1608 2088 ita
1652 2032 1928 2087 obsessi?
1970 2033 2138 2088 Miser

478 2134 568 2184 est
595 2126 676 2183 ob
707 2124 1096 2189 fertilitatem,
1130 2122 1607 2179 miserabilis'ob
1637 2125 1812 2194 parta
1842 2121 2028 2186 bona,
2055 2119 2136 2175 ob

478 2219 826 2289 exspectata
870 2211 1294 2268 miserabilior.
1331 2214 1456 2266 Non
1499 2213 1661 2266 enim
1691 2210 1864 2266 affert
1891 2210 1943 2265 ei
1983 2213 2138 2265 terra

477 2311 812 2380 proventus
838 2318 908 2358 ac
952 2301 1204 2367 reditus,
1251 2301 1365 2372 ipsi
1404 2300 1560 2372 parit
1590 2299 1889 2370 suspiria:
1941 2299 2138 2354 eidem

476 2412 602 2453 non
633 2394 866 2465 aggerit
889 2391 1130 2462 copiam
1161 2389 1776 2455 fructuum,conciliat
1801 2404 2136 2454 curas,mo-

475 2485 806 2554 lestiasque
833 2485 890 2535 et
920 2495 1163 2549 gravem
1195 2478 1582 2535 anxietatem.
1608 2480 1990 2533 Lamentatur
2011 2492 2142 2549 per-

477 2573 620 2629 inde
651 2575 717 2626 ut
758 2585 1082 2642 pauperes.
1133 2573 1220 2622 An
1266 2583 1387 2622 non
1421 2566 1599 2622 talem
1640 2581 1853 2623 vocem
1900 2565 2136 2631 emittit,

477 2661 724 2735 qualem
753 2660 824 2726 is,
845 2659 943 2714 cui
973 2661 1222 2729 propter
1241 2655 1509 2726 inopiam
1538 2662 1811 2724 angustae
1833 2670 1927 2710 res
1954 2653 2140 2710 sunt?

482 2751 638 2819 Quid
659 2751 890 2821 faciam
912 2752 938 2802 .9
974 2746 1274 2801 Alimenta
1304 2745 1467 2800 unde
1486 2743 1513 2798 ’ί
1542 2745 1704 2800 unde
1734 2744 2092 2800 indumenta
2110 2743 2139 2798 ?

481 2845 616 2898 Haec
646 2839 828 2896 etiam
855 2837 1025 2893 dives
1049 2835 1334 2907 loquitur.
1371 2834 1775 2890 Discruciatur
1799 2835 2140 2904 animo,cu-

478 2931 562 2987 ris
591 2943 836 2985 exesus.
875 2930 1023 2982 Nam
1048 2923 1214 2997 quod
1243 2923 1392 2979 alios
1425 2923 1612 2979 afﬁcit
1656 2923 1879 2992 laetitia,
1913 2923 1974 2978 id
2005 2939 2140 2980 ava-

479 3033 618 3074 rum
645 3015 904 3072 conﬁcit.
939 3016 1145 3084 Neque
1175 3011 1335 3067 enim
1365 3010 1618 3078 laetatur,
1645 3027 1786 3067 cum
1819 3011 1984 3067 cellm
2014 3027 2140 3067 om-

479 3123 588 3164 nes
620 3107 782 3162 intus
804 3103 1148 3176 replentur:
1181 3100 1289 3156 sed
1318 3100 1805 3156 circumﬂuentes
1827 3100 2145 3170 divitias,et

479 3211 618 3270 quae
644 3195 705 3250 in
752 3189 1184 3266 promptuariis
1215 3189 1508 3246 contineri
1547 3205 1672 3246 non
1720 3194 1974 3262 queunt,
2019 3190 2144 3245 ani-

480 3301 653 3342 mum
683 3283 814 3354 ejus
844 3287 1298 3351 compungunt;
1323 3294 1397 3334 ne
1419 3278 1568 3334 forte
1591 3279 1669 3334 ad
1691 3284 1925 3334 exteros
1947 3294 2140 3351 usque

482 3373 713 3437 effusae,
732 3369 1057 3426 levamenti
1079 3367 1336 3438 alicujus
1355 3366 1505 3424 ﬁant
1528 3367 1769 3424 occasio
1797 3367 2138 3438 egentibus.

2246 1852 2551 1925 ἀμηχανίαν
2601 1852 2869 1924 ἐνέπεσεν,
2934 1855 3231 1929 ὑποχωρεῖν
3298 1858 3387 1927 μὲν
3441 1862 3551 1915 τοῖς
3607 1855 3851 1917 παλαιοῖς

2247 1940 2342 1995 διὰ
2379 1948 2472 2001 τήν
2503 1942 2793 2005 πλεονεξίαν
2832 1948 2903 2017 μή
2940 1953 3256 2020 συγχωρῶν,
3303 1942 3665 2017 ὑποδέχεσθαι
3697 1941 3756 1997 δὲ
3784 1948 3851 1997 τὰ

2244 2037 2332 2085 νέα
2363 2029 2457 2085 διὰ
2502 2037 2561 2085 τὸ
2609 2033 2806 2095 πλῆθος
2853 2039 2923 2106 μὴ
2977 2032 3221 2109 ἐξαρκῶν.
3279 2038 3374 2087 Διά
3420 2043 3573 2087 τοῦτο
3624 2034 3853 2092 ἀνήνυτα

2245 2126 2333 2195 μὲν
2367 2122 2506 2192 αὐτῷ
2536 2124 2602 2173 τά
2633 2120 2985 2196 βουλεύματα,
3020 2125 3208 2198 ἄποροι
3258 2119 3316 2176 δὲ
3360 2123 3414 2176 αἱ
3453 2120 3741 2198 φροντίδες.
3787 2125 3850 2177 Τί

2244 2215 2488 2277 ποιήσω;
2521 2215 2614 2271 Τίς
2643 2210 2736 2262 οῦκ
2783 2211 2844 2262 οἷν
2888 2211 3109 2270 ἐλεήσειε
3156 2217 3242 2264 τὸν
3295 2213 3430 2265 οὓτω
3472 2213 3848 2288 πολιορκούμε-

2244 2317 2374 2366 νον;
2436 2299 2664 2361 Δείλαιος
2705 2309 2802 2363 τῆς
2854 2301 3113 2374 εὐφορίας,
3170 2301 3379 2364 ἐλεεινὸς
3435 2313 3534 2354 τῶν
3582 2307 3847 2378 παρόντων

2248 2389 2476 2462 ἀγαθῶν,
2529 2388 2854 2464 ἐλεεινότερος
2901 2400 3001 2442 τῶν
3053 2388 3501 2467 προσδοκωμένων
3533 2435 3545 2447 .
3599 2396 3686 2451 Μὴ
3745 2394 3847 2466 γὰρ

2246 2475 2681 2554 προσόδους(12)
2735 2481 2875 2551 αὐτῷ
2925 2485 3063 2555 φέρει
3111 2484 3140 2540 ἡ
3195 2492 3287 2554 γῆ,
3343 2486 3670 2555 στεναγμοὺς
3709 2481 3850 2552 αὐτῷ

2249 2572 2380 2640 φύει*
2411 2573 2481 2642 μή
2514 2572 2615 2642 γὰρ
2669 2577 2880 2644 καρπῶν
2925 2571 3066 2642 αὐτῷ
3115 2571 3355 2646 εὐφορίαν
3411 2573 3643 2643 συνάγει,
3691 2591 3848 2646 φρον-

2247 2654 2404 2718 τίδας
2453 2663 2544 2710 καὶ
2590 2657 2757 2720 λύπας
2804 2665 2894 2710 καὶ
2939 2657 3242 2732 ἀμηχανίαν
3290 2656 3484 2718 δεινήν.
3516 2659 3712 2733 ’Ὁμοια
3741 2667 3850 2720 τοῖς

2249 2751 2544 2820 πενομένοις
2575 2744 2841 2822 ὀδύρεται.
2874 2748 2939 2801 ⁴Η
2973 2749 3101 2821 οῦχὶ
3130 2754 3325 2807 ταύτην
3366 2748 3557 2822 ἀφήσει
3598 2755 3692 2808 τήν
3741 2769 3850 2822 φω-

2249 2841 2340 2894 νήν
2398 2841 2488 2888 καὶ
2531 2837 2555 2888 ὁ
2606 2833 2700 2889 διὰ
2750 2842 3018 2908 πτωχείαν
3071 2843 3728 2915 στενοχωρούμενος(13);
3790 2841 3854 2890 Τί

2249 2931 2507 2992 ποιήσω;
2577 2929 2738 2980 Πόθεν
2794 2933 3029 3002 τροφαί;
3089 2931 3241 2982 πόθεν
3295 2925 3608 3002 ἐνδύματα;
3679 2936 3858 2980 Ταῦτα

2251 3020 2342 3067 καὶ
2385 3017 2410 3067 ὁ
2463 3015 2714 3076 πλούσιος
2767 3019 3066 3090 φθέγγεται.
3129 3015 3419 3071 Ὀδυνᾶται
3475 3023 3569 3076 τὴν
3632 3013 3857 3091 καρδίαν

2252 3106 2352 3156 ὑπὸ
2380 3114 2475 3166 τῆς
2521 3109 2776 3179 μερίμνης
2823 3102 3199 3179 διεσθιόμενος.
3245 3106 3311 3159 ⁸0
3359 3110 3464 3179 γὰρ
3504 3110 3627 3166 τοὺς
3674 3105 3859 3165 ἄλλους

2251 3194 2529 3268 εὐφραίνει,
2573 3202 2726 3247 τοῦτο
2769 3199 2916 3253 τήκει
2964 3198 3051 3247 τὸν
3096 3196 3420 3254 πλεονέκτην.
3452 3195 3528 3248 Οὐ
3571 3197 3672 3270 γὰρ
3722 3196 3856 3266 χαί-

2249 3300 2329 3355 ρει
2384 3284 2589 3334 πάντων
2648 3283 2787 3354 αὐτῷ
2836 3283 3276 3358 πεπλοήρωμένων
3331 3293 3429 3336 τῶν
3475 3280 3661 3350 ἔνδον,
3729 3281 3858 3334 ἀλλά

2248 3373 2431 3446 νύσσει
2474 3376 2567 3430 τὴν
2623 3371 2952 3443 ψυχήνῌ4)
3001 3373 3160 3425 αὑτοῦ
3213 3371 3490 3448 περιρρέων
3530 3372 3556 3424 ὁ
3611 3371 3854 3439 πλοῦτος,

482 3467 574 3516 καὶ
623 3470 724 3514 τῶν
772 3463 1018 3532 ταμιείων
1047 3459 1447 3531 ὑπερχεόμενος,
1490 3462 1560 3529 μή
1590 3473 1710 3524 που,
1744 3462 1835 3509 καὶ
1876 3461 2008 3532 πρὸς
2051 3461 2173 3518 τοὺς
2221 3460 2402 3522 ἔξωθεν
2445 3460 2785 3536 παρακύψας,
2829 3459 3030 3533 ἀγαθοῦ
3073 3481 3212 3524 τινος
3260 3461 3465 3537 ἀφορμή
3517 3468 3627 3524 τοῖς
3657 3457 3853 3514 ἐνδείσι

520 3556 717 3610 ἐνηται.

520 3573 717 3610 ενηται.

481 3573 516 3625 7
555 3645 608 3696 2.
651 3643 829 3696 Porro
874 3636 1087 3692 vitium
1113 3651 1237 3708 quo
1267 3635 1473 3691 anima
1505 3635 1664 3690 illius
1694 3635 1953 3704 laborat,
1995 3637 2140 3693 vitio

485 3730 603 3804 45
625 3728 978 3785 helluonum
1010 3726 1156 3780 mihi
1187 3724 1425 3780 videtur
1455 3724 1739 3793 assimile,
1769 3728 1873 3798 qui
1903 3725 2142 3782 malunt

484 3835 610 3893 prin
633 3817 899 3887 ingluvie
935 3813 1236 3884 disrumpi
1285 3828 1471 3884 quam
1502 3815 1819 3883 egentibus
1853 3815 2141 3887 reliquias

482 3905 798 3980 impertiri.
829 3909 1127 3972 Agnosce,
1159 3917 1196 3956 ο
1225 3902 1431 3969 homo,
1464 3901 1834 3972 largitorem.
1868 3905 2142 3960 Memine-

483 4001 568 4055 ris
596 3995 682 4052 tui
711 3994 927 4067 ipsius,
949 3991 1087 4064 quis
1108 3991 1209 4061 sis,
1234 4006 1500 4063 quorum
1528 3992 1634 4047 tibi
1657 3993 1882 4049 credita
1902 3993 2142 4065 dispen-

486 4087 640 4143 satio
670 4085 766 4151 sit,
798 4099 835 4138 a
863 4097 986 4154 quo
1027 4080 1354 4152 acceperis,
1400 4096 1506 4136 cur
1535 4081 1717 4137 fueris
1747 4082 1950 4138 multis
1980 4087 2142 4138 ante-

485 4175 741 4248 positus.
787 4171 1045 4228 Minister
1083 4168 1332 4225 effectus
1372 4185 1436 4224 es
1484 4170 1584 4225 Dei
1611 4171 1843 4242 Optimi,
1885 4169 2139 4226 admini-

485 4267 706 4319 strator
735 4273 1188 4324 conservorum,
1220 4273 1296 4313 ne
1319 4257 1630 4314 existimes
1660 4259 1848 4315 ventri
1869 4263 1970 4314 tuo
1993 4274 2141 4331 prte-

484 4357 702 4426 parata
728 4365 862 4406 esse
892 4348 1126 4404 omnia:
1177 4346 1284 4402 sed
1333 4347 1407 4402 de
1450 4347 1523 4403 iis
1567 4363 1704 4420 quas
1747 4349 1808 4404 in
1857 4349 2142 4405 manibus

484 4442 678 4499 habes
700 4447 992 4512 tanquam
1012 4437 1088 4493 de
1119 4436 1330 4492 alienis
1363 4441 1576 4494 statue.
1605 4440 1937 4511 Parumper
1962 4444 2016 4497 te
2038 4440 2142 4497 ob-

558 4551 604 4586 "
647 4551 819 4605 Prov.
846 4562 931 4611 ιιι,
961 4545 1053 4602 27.
1094 4545 1141 4580 ⁸³
1171 4543 1320 4602 ibid.
1347 4547 1400 4600 3.
1434 4544 1483 4580 93
1507 4547 1622 4600 Isa.
1643 4561 1799 4614 Lvni,
1832 4549 1885 4602 7.

558 4659 635 4728 (9)
669 4658 810 4728 Reg.
842 4653 1078 4728 primus
1107 4650 1265 4728 ἀέρων
1288 4653 1537 4728 εὔκαρποι
1557 4655 1930 4728 καταστᾼοξσεις,
1956 4653 2137 4712 male.

485 4716 811 4787 MO‘XVCOIB.
842 4716 1048 4780 tertius
1098 4716 1235 4795 βοῶν
1279 4716 1527 4796 γεωργίαι
1557 4729 1645 4776 καὶ
1692 4723 1875 4790 τᾶλλα,
1927 4728 2061 4797 agri
2103 4742 2141 4783 α
2170 4716 2214 4771 D

487 4801 668 4857 bobus
699 4799 868 4854 cutti.

555 4875 670 4942 (10)
702 4873 842 4942 Reg.
873 4866 1107 4942 primus
1137 4863 1346 4942 ἐντολῆς
1375 4864 1650 4942 λεγούσης.
1701 4867 1911 4923 Statim
1949 4867 2141 4925 codex

485 4934 754 5000 Co‘mbef.
787 4934 846 4995 ἐι
868 4934 1034 4994 Colb.
1060 4938 1265 4992 tertius
1296 4934 1516 4988 εὐποιεῑν
1544 4934 1723 4991 ἐνδεεῖ.

558 5011 946 5085 (1ί1)ΔΟοάὶοθε
978 5008 1492 5085 Combeﬁsianiet
1517 5009 1921 5085 Rreg._primus
1951 5015 2023 5072 εὶς
2047 5017 2140 5071 τὴν

486 5078 850 5157 ἀδιεξόᾷευτον
895 5083 1108 5138 ταύτην.
1165 5081 1298 5135 Mox
1339 5078 1508 5134 Colb.
1553 5078 1760 5136 tertias
1797 5081 2036 5144 παλαιοῖς
2075 5091 2137 5157 τῇ

506 5154 770 5216 πλεονεξίᾳ.

484 5156 770 5216 πλεονεξία.
2115 5156 2118 5157 ⁷

504 5297 519 5302 _
563 5229 673 5302 (12)
710 5209 832 5293 illa,
865 5229 936 5296 μὴ
976 5225 1076 5302 γάρ
1114 5217 1488 5302 προσόδουςῖ...
1520 5226 1590 5302 μτὴ
1625 5224 1988 5302 γάρικαρ-πῶν,
2023 5225 2143 5296 legi

484 5293 708 5354 debere
753 5293 893 5351 cum
939 5293 1082 5350 ηοω
1110 5293 1593 5362 interrogationis
1642 5293 2136 5364 putat'Ducteus':

484 5385 672 5442 quam
713 5373 922 5424 notam
946 5364 1338 5442 rejiciendam
1364 5379 1494 5442 esse
1542 5365 1937 5442 Combeﬁsius
1987 5367 2144 5423 afﬁr-

485 5435 631 5497 mat.
668 5442 916 5497 Constat
959 5437 1263 5508 ejusmodi
1303 5440 1515 5508 notam
1552 5435 1614 5490 in
1655 5436 1962 5508 aliquibus
1991 5455 2137 5495 mss.

484 5512 759 5584 reperiri.
787 5511 849 5584 in
879 5507 1010 5584 aliis
1057 5509 1288 5563 deesse.
1333 5507 1474 5562 Vide
1499 5507 1628 5578 jam
1671 5507 1862 5579 quam
1897 5517 2140 5567 senten-

485 5580 634 5640 tiam
656 5582 829 5654 sequi
847 5580 1044 5637 malis.

2319 3646 2372 3696 2.
2408 3646 2511 3694 Καί
2530 3662 2620 3715 μοι
2647 3638 2795 3695 δοκεῖ
2815 3645 2872 3694 τὸ
2898 3644 3064 3704 πάθος
3095 3643 3256 3695 αὐτοῦ
3303 3649 3398 3703 τῆς
3426 3639 3614 3714 ψυχῆς
3651 3650 3723 3714 τῷ
3753 3650 3852 3694 τῶν

2248 3733 2662 3806 γαστριμάργων
2715 3736 3076 3806 προσεοικέναι
3111 3752 3124 3765 ·
3193 3729 3241 3783 οἳ
3304 3728 3658 3806 διαῤῥαγῆναι
3714 3730 3852 3805 μᾶλ-

2191 3868 2197 3875 ,
2248 3817 2333 3871 λον
2382 3821 2482 3872 ὑπὸ
2544 3819 2864 3895 λαιμαργίας
2932 3823 3200 3894 αἱροῦνται
3232 3863 3245 3889 ,
3311 3821 3340 3881 ἦ
3423 3830 3523 3873 τῶν
3601 3819 3853 3892 λειψάνων

2249 3905 2569 3981 μεταδοῦναι
2599 3917 2709 3970 τοῖς
2751 3905 2965 3963 ἐνδεέσι.
3015 3913 3182 3977 Σύνες,
3239 3910 3495 3985 ἄνθρωπε,
3552 3918 3643 3963 τοῦ
3691 3906 3854 3962 δεδω-

2249 4002 2420 4060 κότος.
2454 4001 2736 4055 amcam
2760 4006 3001 4066 σεαυτοῦ,
3025 4004 3106 4060 τίς
3137 3997 3198 4067 εἴ,
3250 4005 3302 4052 τί
3351 4000 3656 4073 οἰκονομείς,
3712 4001 3856 4072 παρά

2248 4092 2387 4149 τίνος
2426 4086 2617 4154 ἔλαϐες,
2675 4085 2770 4140 διὰ
2816 4093 2867 4140 τί
2919 4097 3018 4141 τῶν
3066 4089 3262 4141 πολλῶν
3314 4092 3647 4164 προεκρίθης.
3700 4087 3855 4160 Ἀγα-

2252 4179 2342 4229 θοῦ
2376 4185 2508 4230 Θεοῦ
2556 4181 2776 4248 γέγονας
2826 4180 3113 4253 ὖπηρέτής,
3162 4179 3431 4252 οἰκονόμος
3482 4188 3582 4231 τῶν
3631 4174 3855 4251 ὁμοδού-

2247 4265 2366 4317 λων·
2423 4270 2494 4339 μὴ
2553 4268 2724 4319 πάντα
2771 4271 2880 4320 οἴου
2937 4275 3000 4341 τῇ
3060 4274 3255 4343 γαστρὶ
3305 4270 3414 4340 (15)
3473 4277 3534 4341 τῇ
3595 4277 3659 4341 σῇ
3716 4287 3852 4342 παρ-

2249 4357 2604 4411 εσκευάσθαι.
2664 4356 2752 4420 Ὠς
2811 4360 2920 4433 ρετὶ
2988 4356 3264 4433 ἀλλοτρίων
3333 4355 3584 4432 βουλεύου
3645 4367 3745 4410 τῶν
3803 4357 3850 4410 ἐν

2247 4449 2429 4521 χερσί·
2461 4449 2647 4522 μικρὸν
2701 4446 2958 4523 εὐφραίνει
3009 4468 3065 4501 σε
3115 4452 3328 4524 χρόνον,
3379 4447 3490 4502 εἶτα
3537 4443 3852 4524 διαῤῥυέντα

2319 4660 2435 4734 (13)
2456 4659 2623 4734 Qolb.
2648 4655 2968 4734 tertiusd‘u‘g
2987 4665 3257 4731 πτωχείαν
3273 4662 3750 4734 Δκαταπονούμενος
3773 4661 3846 4716 τί.

2321 4731 2430 4798 (14)
2463 4733 2625 4785 Unus
2647 4749 2762 4786 ms.
2793 4731 2924 4783 ἀλλά
2951 4731 3103 4784 λυπεῖ
3136 4737 3229 4790 τήν
3254 4731 3460 4803 ψυχήν,
3511 4731 3615 4789 sed
3643 4736 3850 4790 moles-

2251 4803 2398 4858 tiam
2430 4808 2640 4857 creant
2667 4804 2906 4859 animae.

2323 4877 2434 4948 (15)
2464 4873 2708 4948 Antiqui
2738 4873 3028 4948 dualibri
3052 4881 3114 4946 τῇ
3152 4883 3217 4948 σῇ
3240 4871 3591 4948 γαστρίΜωε
3614 4875 3852 4931 codices

2251 4943 2889 5021 Combeﬁsiani_et_ali_i
2922 4943 3201 5021 εὐφραίνειξ
3238 4943 3664 5021 Εᾲὶιὶ-εὗφρανεῖ,
3695 4948 3852 5003 oble-

2251 5015 2526 5093 ιξίαίξιιηεἶ
2559 5015 2826 5093 Subinde
2858 5015 3255 5093 Regl'primus
3287 5015 3850 5093 artiﬁcia-acilia“

2250 5086 2605 5160 Ambrosius
2624 5092 2688 5160 ut
2712 5088 2830 5144 alia
2854 5086 3152 5160 permulta
3173 5105 3243 5144 ex
3268 5086 3616 5147 aliis'Basilii
3639 5086 3854 5146 oratio-

2249 5157 2552 5234 nibus,i_t_a
2573 5174 2646 5213 ex
2663 5159 2775 5214 hac
2791 5157 3173 5234 quoquenon
3193 5176 3390 5234 pauca
3409 5167 3727 5234 mutuatus
3744 5167 3852 5216 est.

2251 5228 2523 5312 Exempli
2553 5246 2761 5312 causa,
2797 5228 2988 5312 totum
3013 5228 3356 5312 illudquod
3388 5249 3529 5288 mox
3554 5232 3852 5312 _s_e_q_uitu_r,

2250 5304 2681 5376 Hippo-opacas
2710 5302 2924 5376 Ἰωσήφ,
2972 5309 3119 5364 etc.,
3169 5302 3250 5360 ita
3299 5305 3591 5376 expressit
3619 5302 3722 5358 lib.
3769 5304 3856 5358 De

2249 5371 2866 5447 Nabuthelez'raelita
2879 5371 3083 5447 'cap.7,
3100 5379 3258 5431 [1.33:
3277 5371 3852 5431 Imitaborsanctum

2249 5443 2470 5511 Joseph
2492 5444 2893 5502 humanitatis
2905 5443 3359 5516 praedicatione.
3388 5447 3678 5503 Ctamabo
3717 5459 3854 5502 voce

2249 5527 2515 5584 magna:
2552 5517 2772 5588 Venite,
2796 5534 3115 5590 pauperes,
3146 5519 3300 5575 edite
3333 5533 3538 5588 panes.
