4124 6370
439 289 540 344 267

1826 284 1884 339 8.
1927 281 2177 339 BASlLll
2212 284 2428 342 MAGNI

3697 290 3803 348 268

426 408 831 482 signiﬁcantia
855 408 959 467 libi
988 408 1225 467 tribuet.
1256 411 1474 466 Annon
1518 408 1688 466 vides
1716 420 1848 478 eos,
1880 406 1986 480 qui
2026 405 2087 462 in

2201 409 2553 483 θηριομάχοις
2582 417 2719 465 τισὶν
2751 411 3059 487 ἀνθρώποις,
3089 413 3178 475 οὓς
3215 412 3310 466 κᾶν
3360 410 3675 487 βδελύξαιτό
3723 436 3803 478 τις

425 499 681 569 theatra,
704 500 763 556 in
791 498 1261 573 pancratiastas,
1287 500 1350 556 in
1382 499 1625 568 mimos,
1658 498 1839 570 inque
1876 496 2087 552 decer-

423 592 623 647 tantes
654 607 793 646 cum
824 589 964 645 feris
993 589 1294 653 homines,
1325 604 1589 662 quorum
1632 586 1730 644 vel
1775 589 2088 659 aspectum

423 678 623 752 quivis
650 678 1070 750 detestabitur,
1114 694 1225 751 pro
1262 678 1430 735 brevi
1470 677 1722 746 honore,
1767 681 1948 749 atque
1978 690 2089 749 pro

422 768 677 841 strepitu
704 767 913 842 populi
946 772 1003 825 et
1021 767 1239 842 plausu
1274 767 1517 824 divitias
1552 765 1979 840 profundunt?
2003 766 2089 821 Tu

420 873 568 914 vero
597 874 819 931 parcus
859 873 922 914 es
950 856 1015 913 in
1054 857 1401 930 sumptibus
1446 855 1759 922 faciendis,
1816 853 1977 911 unde
2024 869 2088 909 es

422 946 679 1017 gloriam
737 950 972 1003 tantam
1010 947 1498 1004 consecuturus?
1550 942 1985 1017 Comprobahit
2032 946 2089 999 te

419 1037 603 1105 Deus,
637 1035 1077 1093 collaudabunt
1104 1035 1644 1109 angeli,quotquot
1663 1033 1743 1090 ab
1763 1033 1908 1090 orbe
1941 1047 2087 1089 con-

421 1124 548 1182 dito
571 1125 852 1182 homines
879 1125 1067 1194 fuere,
1092 1124 1344 1181 beatum
1374 1129 1428 1180 te
1452 1122 1873 1197 praedicabunt
1898 1141 1911 1190 ;
1953 1120 2088 1191 glo-

418 1215 572 1271 riam
593 1220 1212 1285 astcrnam,coronam
1227 1213 1490 1286 justitiae,
1516 1227 1772 1284 regnum
1793 1210 2089 1269 ccelorum

418 1320 531 1377 pro
558 1304 807 1378 praemio
836 1320 1040 1360 rerum
1072 1302 1556 1376 corruptibilium
1584 1307 1742 1359 recte
1769 1301 2089 1374 dispensa-

422 1400 619 1451 tarum
649 1398 1005 1469 recepturus
1035 1408 1118 1450 es.
1181 1395 1448 1460 Quorum
1475 1391 1628 1449 nihil
1654 1392 1757 1448 tibi
1786 1406 1945 1449 curae
1976 1392 2087 1456 est,

421 1499 495 1542 ea
524 1500 663 1558 quas
692 1484 756 1540 in
787 1500 897 1557 spe
925 1483 1193 1558 reposita
1222 1488 1363 1541 sunt
1392 1482 1558 1540 bona
1586 1482 1667 1539 ob
1697 1480 2085 1555 praesentium

2197 497 2491 574 προσιδεῖν,
2553 504 2678 577 ὑπερ
2720 510 2814 565 τῆς
2858 500 2906 555 ἓν
2945 502 3102 575 ὀλίγῳ
3146 511 3326 576 τιμῆς,
3376 510 3466 557 καὶ
3513 513 3613 557 τῶν
3661 507 3806 579 ποιρά

2198 596 2289 640 τοῦ
2318 586 2492 663 δήμου
2520 591 2750 665 θορύϐων
2802 598 2890 645 καί
2934 597 3128 666 κρότων
3173 595 3259 645 τὸν
3306 592 3527 646 πλοῦτον
3579 599 3802 669 προεμέ-

2197 697 2353 747 νους;
2384 685 2484 733 Καὶ
2516 685 2582 733 σὺ
2612 680 2725 754 (23)
2755 686 3116 757 μικροπρεπὴς
3148 679 3196 735 εἴ
3231 687 3350 757 περὶ
3397 686 3491 746 τὰς
3541 680 3798 751 δαπάνας,

2196 768 2518 832 τηλικαύτης
2545 772 2737 844 μέλλων
2778 771 3124 831 ἐπιϐήσεσθαι
3155 769 3356 841 δόξης;
3409 776 3541 835 Θεὸς
3583 777 3733 827 ἔσται
3776 775 3802 826 ὁ

3342 866 3389 917 οἱ
3430 862 3530 917 ἀπὸ
3584 868 3804 927 κτίσεως

3043 950 3176 1017 δόξα
3252 955 3479 1023 αἰώνιος,
3556 958 3804 1027 στέφανος

2200 1034 2566 1107 δικαιοσύνης,
2604 1038 2852 1115 βασιλεία
2898 1052 2998 1095 τῶν
3046 1043 3294 1118 οὐρανῶν,
3342 1039 3473 1097 ἆθλα
3519 1062 3604 1097 σοι
3655 1045 3805 1096 ἔσται

2197 1137 2295 1190 τῆς
2323 1138 2422 1181 τῶν
2447 1132 2686 1207 φθαρτῶν
2716 1135 2910 1184 τούτων
2943 1133 3239 1207 οἰκονομίας
3264 1152 3275 1167 ·
3319 1130 3385 1186 ὧν
3430 1126 3642 1196 ούδενός
3687 1134 3804 1205 (24)

2201 1219 2509 1292 φροντίζεις.
2560 1228 2621 1293 τῇ
2684 1226 2802 1294 περὶ
2844 1223 2911 1275 τὰ
2960 1228 3193 1296 παρόντα
3251 1220 3459 1297 σπουδῇ
3509 1231 3609 1276 τῶν
3657 1221 3803 1275 ἐλπι-

2204 1310 2427 1380 ζομένων
2483 1311 2765 1384 ὑπερορῶν,
2838 1316 2994 1387 Δεῦρο
3049 1309 3116 1370 δὴ
3174 1308 3260 1365 οὖν
3312 1310 3561 1375 ποικίλως
3615 1306 3803 1366 διάθου

2199 1400 2286 1449 τὸν
2333 1397 2575 1468 πλοῦτον,
2609 1400 2879 1474 φιλότιμος
2919 1404 3010 1454 καὶ
3055 1401 3294 1475 λαμπρὸς
3340 1406 3457 1475 περὶ
3504 1404 3599 1464 τὰς
3638 1398 3807 1454 δαπά-

2199 1505 2291 1548 νας
2315 1496 2415 1539 τῶν
2447 1484 2699 1562 δεομένων
2738 1494 3022 1564 γενόμενος.
3072 1493 3315 1563 Λεγέσθω
3362 1495 3452 1544 καὶ
3499 1492 3619 1565 περὶ
3670 1499 3764 1544 σοῦ
3789 1512 3802 1525 -

2199 856 2592 933 ἀποδεχόμενος
2616 882 2629 896 ·
2672 862 2884 935 ἄγγελοι
2912 863 3256 937 εὐφημοῦντες
3281 882 3293 898 ·

2192 949 2465 1022 ἄνθρωποι
2542 953 2921 1027 μακαρίζοντες
2945 974 2957 987 ·

421 1573 692 1630 studium
744 1574 1176 1631 contemnenti.
1225 1578 1350 1645 Age
1388 1573 1590 1644 igitur,
1642 1572 1880 1629 divitias
1923 1568 2090 1627 varie

2201 1580 2560 1651 Ἐσκόρπισεν,
2637 1576 2800 1633 ἔδωκε
2869 1587 2980 1642 τοῖς
3062 1582 3315 1640 πένησινο
3393 1580 3423 1639 ἡ
3491 1575 3803 1638 δικαιοσύνη

420 1663 732 1737 dispensa,
763 1662 1031 1720 liberalis
1056 1668 1189 1720 esto
1211 1667 1267 1719 et
1283 1662 1639 1736 splendidus
1663 1661 1727 1718 in
1743 1660 2090 1733 sumptibus

418 1752 485 1809 in
513 1768 740 1823 egenos
768 1751 1217 1826 impendendis.
1262 1752 1505 1809 Dicatur
1534 1751 1718 1808 etiam
1747 1750 1825 1807 de
1854 1755 1948 1808 te:
1980 1751 2091 1807 Di-

421 1845 661 1914 spersit,
688 1843 853 1900 dedit
874 1842 1248 1913 pauperibus
1277 1855 1301 1915 ,'
1326 1842 1577 1913 justilia
1616 1843 1747 1911 eius
1784 1846 1985 1898 manet
2024 1844 2089 1897 in

422 1934 797 1991 sarculum”.
849 1931 980 1990 Noli
1023 1947 1254 2003 magno
1301 1931 1584 1999 vendere,
1630 1930 2092 1988 necessitatibus

424 2024 563 2097 plus
582 2024 746 2096 justo
772 2022 1060 2080 intentus.
1096 2025 1251 2080 Cave
1280 2026 1596 2095 exspectes
1625 2036 1885 2079 annonae
1935 2020 2090 2077 cari-

422 2117 610 2171 tatem
635 2112 717 2169 ad
744 2112 964 2169 horrea
992 2110 1344 2184 aperienda.
1392 2113 1548 2168 Nam
1597 2111 1706 2183 qui
1741 2116 1921 2182 auget
1955 2124 2093 2181 pre-

422 2203 573 2260 tium
619 2217 898 2268 annona,
935 2200 1103 2273 plebi
1136 2206 1224 2259 est
1256 2200 1645 2260 exsecrabilis
1669 2202 1711 2255 '.
1757 2201 1838 2258 Ne
1865 2198 2094 2257 famem

425 2292 559 2350 auri
587 2307 797 2364 causa,
830 2306 907 2349 ne
944 2290 1214 2349 inediam
1258 2305 1651 2349 communem
1676 2289 1759 2347 ob
1788 2294 2095 2363 privatam

426 2397 616 2456 opum
642 2387 885 2439 tuarum
917 2382 1158 2455 copiam
1183 2382 1526 2455 opperiare.
1576 2379 1706 2438 Noli
1735 2380 1864 2437 ﬁeri
1890 2394 2093 2453 caupo

423 2473 847 2530 humanarum
875 2472 1324 2541 calamitatum;
1378 2487 1456 2528 ne
1504 2471 1660 2529 iram
1690 2471 1790 2527 Dei
1821 2470 2094 2527 occasio-

423 2579 569 2620 nem
598 2562 809 2619 feceris
838 2561 1202 2634 aggerendte
1243 2560 1538 2635 pecunias.
1594 2561 1751 2617 Cave
1779 2559 2094 2617 exulceres

423 2653 679 2710 vulnera
710 2652 915 2724 ﬂagris
946 2667 1269 2709 caesorum.
1302 2654 1385 2708 Tu
1411 2664 1554 2708 vero
1586 2650 1873 2727 conjectis
1902 2651 1963 2706 in
1995 2665 2099 2706 au-

2200 1665 2361 1718 αύτοῦ
2401 1672 2537 1739 μένει
2567 1668 2683 1740 (25)
2723 1669 2794 1732 εἰς
2831 1672 2919 1722 τὸν
2960 1669 3141 1726 αἰῶνα.
3210 1673 3295 1728 Μή
3362 1667 3657 1744 βαρύτιμος
3718 1671 3807 1723 ἔσο

2202 1763 2319 1817 ταῖς
2373 1762 2584 1830 χρείαις
2636 1756 3003 1832 ἐπιτιθέμενος.
3080 1763 3164 1818 Μὴ
3244 1758 3458 1833 ἀνάμενε
3517 1755 3803 1827 σιτοδείαν,

2204 1847 2288 1897 ἵνα
2315 1842 2525 1919 ἀνοίξῃς
2555 1844 2887 1920 σιτοδοχεῖα.
2933 1848 2991 1901 ’0
3020 1851 3120 1923 γὰρ
3166 1846 3478 1922 τιμιουλκῶν
3523 1855 3665 1902 σῖτον
3697 1848 3804 1921 (26)

2203 1930 2663 2009 δημοκατάρατος.
2718 1942 2804 1997 Μὴ
2831 1937 2981 2011 λιμὸν
3036 1935 3262 2011 ἐκδέχου
3312 1934 3406 1991 διά
3455 1941 3683 2012 χρυσὸν,
3733 1940 3803 2011 μὴ

2201 2030 2380 2084 κοινήν
2411 2023 2608 2079 ἔνδειαν
2640 2024 2712 2080 δι’
2742 2028 2986 2101 εὐπορίαν
3020 2024 3187 2083 ἰδίαν.
3244 2030 3328 2087 Μὴ
3380 2032 3527 2101 γίνου
3576 2024 3810 2090 κάπηλος

2206 2124 2484 2191 συμφορῶν
2558 2116 2928 2193 ἀνθρωπίνων·
2993 2120 3064 2191 μη
3138 2122 3232 2177 τὴν
3298 2117 3457 2191 ὀργὴν
3518 2126 3612 2170 τοῦ
3675 2125 3807 2171 Θεοῦ

2203 2208 2386 2277 καιρὸν
2424 2210 2655 2280 ποιήσῃς
2701 2212 3009 2282 περιουσίας
3064 2206 3380 2283 χρημάτων.
3427 2212 3511 2266 Μὴ
3564 2205 3810 2281 ἕπιξάνης

2205 2308 2483 2368 τραυματα
2529 2301 2898 2371 κεκακωμένων
2955 2302 3070 2359 ταῖς
3126 2292 3369 2371 μάστιξι.
3437 2300 3504 2350 Σύ
3566 2288 3624 2350 δε
3680 2299 3811 2370 πρὸς

2206 2386 2295 2455 μὲν
2325 2386 2413 2435 τὸν
2442 2388 2649 2460 χρυσὸν
2681 2384 3005 2453 ἀποϐλέπεις,
3039 2390 3125 2438 τὸν
3163 2383 3221 2439 δὲ
3266 2381 3484 2459 ἀδελφὸν
3533 2384 3591 2438 ού
3641 2404 3810 2460 προσ-

2208 2472 2446 2536 ϐλέπεις.
2519 2481 2609 2528 καὶ
2670 2483 2762 2529 τοῦ
2827 2479 2917 2550 μὲν
2973 2480 3297 2549 νομίσματος
3345 2474 3707 2548 ἐπιγινώσκεις
3752 2478 3811 2528 τὸ

2206 2565 2488 2637 χάραγμα,
2534 2570 2625 2619 καὶ
2671 2573 2764 2618 τοῦ
2818 2563 3046 2639 δοκίμου
3094 2562 3382 2640 διακρίνεις
3432 2568 3490 2618 τὸ
3539 2562 3808 2634 κίϐδηλον,

2208 2656 2296 2704 τὸν
2324 2648 2385 2705 δὲ
2414 2650 2631 2727 ἀδελφὸν
2661 2657 2805 2729 παρὰ
2832 2658 2926 2714 την
2948 2658 3134 2729 χρείαν
3165 2654 3423 2717 παντελῶς
3464 2652 3680 2728 ἀγνοεῖς.

426 2759 569 2800 rum
592 2742 807 2811 oculis,
832 2757 957 2799 non
984 2741 1237 2814 respicis
1268 2740 1348 2798 ad
1370 2741 1619 2798 fratrem
1645 2757 1658 2807 ;
1686 2744 1746 2797 et
1772 2739 2163 2798 numismatis
2194 2741 2443 2815 quidem
2470 2749 2682 2801 notam
2714 2745 3013 2818 agnoscis,
3062 2748 3120 2802 et
3155 2758 3192 2802 a
3240 2745 3475 2803 sincero
3525 2743 3812 2803 adulteri-

424 2848 574 2890 num
606 2832 923 2901 discernis,
963 2832 1213 2888 fratrem
1240 2847 1386 2887 vero
1418 2835 1690 2904 tempore
1721 2830 2103 2887 necessitatis
2126 2842 2376 2902 prorsus
2402 2830 2673 2902 ignoras.
3710 2890 3715 2895 ,

499 2925 555 2979 4.
589 2927 670 2979 Ac
698 2922 949 2996 quidem
970 2920 1196 2978 nitidus
1215 2919 1349 2978 auri
1376 2920 1543 2978 color
1559 2919 1737 2977 valde
1761 2918 2092 2976 admodum

2280 2922 2332 2976 4.
2378 2922 2478 2974 Καὶ
2506 2924 2535 2981 ἡ
2564 2925 2655 2996 μὶν
2686 2923 2908 2997 εὕχροιά
2941 2942 2998 2977 σε
3028 2930 3120 2977 τοῦ
3140 2931 3352 3000 χρυσοῦ
3374 2915 3627 2998 ὑπερήδει
3651 2940 3663 2957 ⁸
3694 2923 3816 2986 ὅσος

432 3016 489 3069 te
519 3011 820 3081 oblectat;
855 3010 965 3068 sed
993 3015 1143 3083 quot
1170 3014 1229 3067 et
1246 3009 1464 3083 quanti
1485 3024 1817 3080 egenorum
1838 3009 2100 3081 gemitus

432 3108 490 3159 te
518 3104 990 3176 prosequantur,
1009 3114 1135 3157 non
1160 3104 1429 3173 reputas.
1463 3097 1783 3164 Quomodo
1812 3097 1919 3155 tibi
1941 3112 2099 3171 pau-

434 3191 594 3265 peris
623 3190 998 3248 calamitates
1034 3203 1267 3263 ponam
1287 3188 1368 3246 ob
1389 3186 1600 3246 oculos
1620 3189 1649 3245 ?
1693 3187 1796 3244 ille
1822 3202 1887 3244 re
1916 3186 2098 3243 fami-

434 3279 1055 3353 liaricircumspecta,
1082 3277 1246 3335 videt
1281 3292 1501 3335 aurum
1543 3276 1656 3333 sibi
1704 3292 1817 3334 nec
1861 3276 2098 3347 adesse,

434 3368 551 3427 nec
579 3384 857 3442 unquam
898 3368 1271 3436 affuturum;
1328 3366 1498 3425 videt
1547 3365 1982 3440 supellectilem
2028 3381 2101 3423 ac

434 3459 717 3518 vestitum
763 3460 932 3527 tales,
962 3458 1176 3534 quales
1204 3463 1362 3516 certe
1383 3458 1580 3516 solent
1598 3468 1730 3516 esse
1756 3471 2102 3532 pauperum

437 3551 770 3621 facultates,
793 3553 1003 3609 omnia
1023 3550 1236 3624 paucis
1256 3549 1452 3608 obolis
1476 3549 1857 3608 aestimanda.
1874 3548 2104 3623 Ecquid

434 3640 663 3713 igitur?
693 3644 844 3698 Tum
871 3640 1124 3697 demum
1154 3637 1450 3697 convertit
1497 3638 1709 3696 oculos
1750 3639 1814 3696 in
1853 3638 2099 3709 liberos,

436 3735 504 3788 ut
530 3731 592 3788 in
620 3730 821 3788 forum
851 3730 1067 3788 ductos
1096 3729 1343 3787 venales
1366 3744 1697 3803 exponens,
1723 3727 1865 3787 inde
1893 3731 2105 3787 mortis

435 3821 844 3895 impendentis
889 3820 1165 3879 solamen
1207 3819 1458 3893 aliquod
1503 3819 1792 3877 inveniat.
1845 3820 1946 3876 Hic
1994 3832 2101 3876 ur-

436 3912 633 3984 gentis
662 3911 843 3969 famis
868 3925 1147 3985 pugnam
1176 3909 1525 3968 consideres
1554 3909 1757 3979 velim,
1787 3914 1847 3967 et
1866 3910 2103 3983 paterni

436 4000 684 4059 amoris.
708 4002 925 4057 Fames
941 4000 1192 4074 quidem
1208 3998 1615 4057 miserrimam
1628 4003 1884 4056 mortem
1905 4000 2100 4057 mina-

433 4096 551 4155 tur,
577 4095 797 4149 natura
816 4105 960 4149 vero
987 4090 1257 4162 retrahit,
1288 4088 1629 4163 suadetque
1674 4093 1742 4147 ut
1795 4102 1920 4147 una
1961 4104 2100 4147 cum

432 4180 638 4238 liberis
668 4181 988 4238 moriatur:
1032 4184 1092 4237 et
1130 4194 1292 4253 saepe
1320 4179 1643 4253 impulsus,
1694 4184 1753 4237 et
1795 4192 1954 4254 saepe
1999 4192 2099 4237 re-

2207 3004 2270 3062 δέ
2300 3024 2385 3063 σοι
2416 3009 2688 3065 ἀκολουθεῖ
2711 3020 2803 3065 τοῦ
2831 3010 3039 3075 ἐνδεοῦς
3067 3015 3093 3066 ὀ
3128 3015 3436 3087 στεναγμὸς,
3490 3013 3548 3066 ού
3590 3010 3804 3088 λογίζῃ.

2208 3105 2327 3160 Πῶς
2357 3118 2441 3154 σοι
2480 3100 2692 3182 sas-tu
2723 3102 2837 3175 (27)
2889 3101 3071 3176 ἀγάγω
3120 3104 3187 3157 τὰ
3233 3105 3374 3162 πάθη
3415 3107 3507 3156 τοῦ
3554 3108 3813 3169 πένητοςς

2205 3188 2443 3260 Ἐκεῖνος,
2476 3190 2924 3266 περισκεψάμενος
2974 3192 3044 3246 τὰ
3086 3188 3251 3261 ἔνδον,
3304 3194 3419 3267 ὁρᾷ,
3476 3194 3557 3246 ὃτι
3608 3195 3817 3267 χρυσὸς

2206 3284 2296 3353 μὶν
2324 3280 2464 3353 αύτῷ
2491 3284 2607 3335 οὔτε
2636 3281 2797 3352 ἐστὶν,
2833 3284 2949 3336 οὔτε
2976 3289 3256 3357 γενήσεται
3281 3289 3490 3336 πώποτε
3513 3303 3527 3317 ο
3562 3285 3721 3341 σκεύη
3757 3279 3816 3335 δι

2206 3375 2296 3423 καὶ
2325 3368 2451 3431 ἕσθη
2464 3391 2502 3439 ς,
2536 3376 2773 3440 τοιαῦτα,
2810 3373 2895 3426 οἶα
2920 3372 3034 3446 (28)
3065 3371 3124 3425 ἂν
3153 3377 3369 3446 γένηται
3414 3381 3645 3446 πτωχῶν
3691 3376 3817 3432 κτή-

2208 3479 2368 3534 ματα,
2425 3460 2609 3534 ὀλίγων
2663 3465 2729 3515 τὰ
2772 3459 2945 3516 πάντα
2997 3460 3186 3516 ὀϐολῶν
3227 3462 3370 3527 ἄξια.
3414 3468 3479 3517 Τί
3520 3463 3646 3534 οὗν;
3697 3460 3815 3517 Ἐπὶ

2204 3554 2331 3614 τοὺς
2373 3547 2572 3614 παῖδας
2622 3551 2800 3606 λοιπὸν
2852 3554 2972 3626 ἄγει
3028 3556 3115 3606 τὸν
3166 3552 3449 3627 ὀφθαλμὸν,
3511 3555 3664 3621 ὥστε,
3725 3550 3815 3605 αύ-

2208 3644 2330 3703 τούς
2382 3642 2494 3714 (29)
2549 3641 2756 3715 ἀγαγὼν
2798 3641 2869 3706 εἰς
2920 3646 2978 3695 τὸ
3034 3648 3343 3718 πρατὴριον,
3403 3639 3814 3718 ἂντεῦθειηεύρὲ-

2211 3732 2336 3785 σθαι
2379 3740 2472 3784 τοῦ
2521 3734 2745 3785 θανάτου
2790 3733 3149 3808 παραμυθίαν.
3190 3737 3397 3791 Νόησον
3436 3729 3659 3786 ενταῦθα
3705 3730 3812 3806 (30)

2208 3823 2392 3895 μάχην
2459 3819 2691 3895 ἀνάγκης
2744 3819 2919 3896 λιμοῦ,
2988 3826 3079 3875 καὶ
3159 3818 3447 3886 διαθέσεως
3529 3831 3811 3897 πατρικῆς.

2204 3910 2264 3964 Ἦ
2312 3913 2402 3985 μὲν
2446 3916 2533 3965 τὸν
2590 3913 2853 3966 οἴκτιστον
2913 3912 3131 3967 θάνατον
3183 3910 3399 3982 ἀπειλεῖ,
3459 3912 3489 3972 ἡ
3547 3908 3607 3967 δὲ
3660 3915 3815 3985 φύσις

2208 3999 2455 4071 ἀνθέλκει,
2532 4003 2904 4056 συναποθανεῖν
2950 4009 3061 4066 τοῖς
3121 4006 3318 4064 τέκνοις
3360 4003 3653 4056 πείθουσα·
3725 4002 3817 4055 καὶ

2205 4089 2456 4155 πολλάκις
2506 4093 2767 4166 ὁρμήσας,
2836 4096 2926 4146 καὶ
2987 4090 3237 4155 πολλάκις
3292 4088 3588 4159 ἀνακοπεὶς,
3648 4089 3818 4145 τελευ-

2205 4188 2349 4235 ταῖον
2380 4180 2666 4257 ἐκρατήθη,
2698 4183 2799 4236 ὑπὸ
2830 4186 2925 4244 τῆς
2974 4179 3263 4255 ἀναγκαίας
3310 4186 3400 4236 καὶ
3450 4180 3814 4256 ἀπαραιτήτου

431 4276 653 4343 tentus,
684 4271 931 4330 tandem
958 4271 1319 4342 succumbit,
1368 4271 1724 4329 necessitate
1766 4275 1949 4345 atque
1978 4271 2092 4329 im—

2204 4276 2392 4345 χρείας
2421 4270 2734 4334 ἐκϐιασθείς.
2766 4275 2867 4326 Καὶ
2896 4273 2983 4325 οἷα
3014 4270 3318 4346 βουλεύεται
3350 4272 3375 4325 ὁ
3414 4275 3628 4347 πατὴρς
3682 4274 3817 4325 Τίνα

431 4360 721 4435 placabili
772 4367 1035 4433 egestate
1091 4366 1359 4419 coactus.
1411 4360 1527 4417 Sed
1580 4376 1718 4435 quae
1770 4361 1832 4419 in
1890 4362 2098 4420 animo

432 4450 686 4508 consilia
712 4456 912 4509 versat
939 4456 1113 4525 pater
1139 4453 1168 4509 ?
1207 4453 1397 4518 Quem
1425 4450 1690 4523 primum
1721 4450 2049 4509 divendam
2066 4451 2097 4507 ?

430 4542 767 4608 Quemnam
796 4542 1085 4600 frumenti
1113 4540 1712 4599 venditorlubentius
1724 4538 2096 4616 conspiciet?

425 4631 730 4691 Accedam
745 4632 825 4691 ad
843 4632 1186 4692 maximum
1214 4632 1406 4690 natu?
1439 4635 1511 4690 At
1542 4631 1733 4689 aetatis
1755 4628 1894 4704 jura
1918 4646 2091 4691 reve-

498 4759 545 4795 ου
578 4757 735 4815 Psal.
769 4772 882 4829 cxx,
910 4762 964 4814 9.
1048 4761 1061 4795 ι
1096 4760 1266 4815 Prov.
1292 4774 1371 4829 x1,
1406 4761 1496 4815 26.

496 4885 612 4955 (23)
649 4884 903 4957 Codices
932 4884 1451 4957 dqutpoiaps'veui;
1476 4886 1543 4936 Σὺ
1576 4879 1655 4939 δέ.

490 4952 606 5026 (24)
638 4956 878 5029 Antiqui
908 4957 1034 5029 duo
1062 4952 1196 5011 libri
1327 4952 1535 5017 οὐδενὸς
1561 4958 1777 5010 τούτων.

492 5025 606 5097 (25)
641 5025 813 5083 Εάἱιῑ
840 5028 998 5100 μενεῖ,
1053 5028 1330 5084 manebit.
1384 5031 1454 5083 At
1500 5044 1649 5083 mss.
1702 5025 1876 5083 multi
1921 5032 2080 5101 μένει,

424 5104 647 5154 manet.

486 5169 804 5245 (26)‘lllud,
837 5170 1299 5245 Proverbiorum
1322 5173 1523 5245 x1,_26,
1565 5172 1604 5245 ὁΔ
1634 5173 1738 5245 γὰρ
1764 5170 2079 5245 τιμιουλκῶν

420 5237 561 5317 σῖτον
583 5237 1042 5317 δημοκατάρατος,
1070 5242 1235 5298 varie
1268 5237 1439 5317 apud
1471 5237 1682 5317 varios
1704 5237 2079 5317 interpretes

410 5310 668 5388 legitur}
697 5310 887 5385 quam
911 5310 1387 5388 discrepantiam
1435 5313 1483 5367 si
1526 5313 1835 5388 quispiam
1875 5310 2078 5372 videre

415 5386 599 5455 cupit,
633 5384 794 5452 legat
828 5386 1110 5457 llexapla.

481 5462 600 5525 (27)
632 5460 776 5519 Reg.
808 5456 1048 5528 primus
1077 5456 1152 5509 ἐπ’
1181 5456 1320 5527 σφιν.

479 5532 593 5597 (28)
623 5528 783 5583 (loli).
820 5534 1047 5599 primus
1079 5538 1297 5580 τοιαῦτα
1332 5530 1506 5582 ὁποῖα.
1558 5528 1785 5585 ibidem
1820 5529 1960 5586 editi
2012 5529 2072 5582 ἂν

407 5602 626 5668 γένοιτο.
660 5602 892 5655 Veteres
925 5601 1199 5673 quinque
1230 5601 1365 5655 libri
1395 5599 1454 5651 ἀν
1479 5605 1711 5671 γένηται.

2201 4369 2405 4436 πρῶτον
2432 4361 2545 4435 (31)
2600 4358 2956 4436 ἀπεμπολήσω
2980 4374 3004 4434 ,⁸
3050 4364 3180 4416 Τίνα
3238 4358 3297 4415 δι
3363 4356 3533 4425 ἡδέως
3590 4358 3616 4414 ὁ
3674 4378 3815 4414 σιτο-

2201 4450 2378 4514 πὼλης
2426 4449 2646 4523 ὄψεται;
2708 4451 2828 4505 Ἐπὶ
2886 4454 2975 4505 τὸν
3014 4450 3373 4529 πρεσϐύτατον
3423 4449 3591 4522 ἕλθω;
3658 4449 3814 4505 Ἀλλά

2201 4537 2554 4615 δυσωποῦμαι
2585 4540 2745 4596 αὑτοῦ
2775 4544 2842 4596 τὰ
2869 4540 3140 4618 πρεσϐεῖα.
3192 4540 3349 4597 Ἀλλά
3394 4543 3481 4594 τὸν
3518 4546 3808 4611 νεώτατον;

2202 4630 2334 4688 ’Δλλ’
2385 4630 2501 4686 ἰ).εῶ
2555 4632 2715 4687 αὐτοῦ
2772 4635 2866 4693 τὴν
2920 4631 3130 4691 ἡλικίαν
3208 4628 3633 4691 ἀναισθητοῦσαν
3707 4637 3808 4685 τῶν

2269 4888 2382 4955 (29)
2413 4884 2657 4957 Antiqui
2684 4883 2811 4957 duo
2839 4882 2978 4941 libri
3003 4884 3139 4937 ὥστε
3175 4883 3411 4946 τούτους.
3466 4885 3597 4942 Mox
3625 4878 3799 4941 Colb.

2193 4957 2399 5015 tertius
2436 4955 2662 5009 ἐντεῦθεν
2692 4956 2967 5032 εὕρασθαι.

2265 5032 2727 5101 (ω)νῐιο,ίνόησον
2750 5026 3005 5101 Ἐνταῦθα,
3029 5030 3166 5096 etc.,
3192 5026 3255 5084 in
3295 5026 3476 5101 editis,
3516 5026 3809 5101 leguntur

2192 5117 2331 5156 cum
2347 5098 2577 5173 virgula
2595 5105 2965 5173 postvocem
2985 5098 3181 5171 ἀνάγκη
3193 5117 3245 5173 ςξ
3268 5115 3404 5173 quae
3421 5098 3806 5173 virgulabnon

2188 5172 2486 5244 reperitur
2512 5169 2710 5244 neque
2734 5172 2798 5228 in
2822 5171 2985 5244 Colb.
3018 5169 3316 5244 secundo,
3341 5169 3554 5244 neque
3571 5169 3634 5227 in
3662 5171 3802 5244 Reg.

2188 5238 2383 5314 tertio,
2418 5238 2730 5316 neque-in
2764 5243 2982 5314 Coisl.;
3055 5257 3168 5301 nec
3214 5238 3366 5301 mihi
3409 5238 3668 5298 dubium
3716 5238 3808 5296 est

2185 5315 2334 5388 quin
2366 5313 2582 5388 melius
2608 5313 2781 5372 absit.

2257 5390 2371 5461 (3i)
2402 5385 2566 5443 Colb.
2612 5386 2917 5444 secundus
2960 5390 3075 5461 τίνα
3117 5394 3323 5461 πρῶτον
3363 5384 3579 5461 τούτων.

2184 5452 2388 5515 tertius
2417 5462 2533 5510 τίνα
2578 5462 2790 5514 τούτων.
2849 5462 2966 5516 Nec
3018 5459 3104 5517 ita
3158 5452 3359 5515 'multo
3419 5455 3577 5513 infra
3632 5452 3798 5511 Colb.

2183 5531 2390 5587 tertius
2412 5533 2497 5582 τὸν
2524 5533 2654 5585 νέον.
