4124 6376
288 289 393 343 269

1172 282 1456 340 IlOMlLIA
1499 284 1568 338 IN
1613 279 1815 337 ILLUD
1854 279 2077 349 LUCE,
2117 280 2565 341 DESTRUAM.
2606 284 2756 341 ETC.

3565 287 3675 343 2‘70

291 416 591 485 συμφορῶν.
651 408 821 470 Οὗτος
877 406 1104 482 ἐναργεῖς
1162 408 1322 469 σώζει
1376 416 1476 460 τῶν
1531 408 1716 479 γονέων
1772 407 1895 465 τοὺς

2006 419 2165 461 reor.
2199 409 2289 462 An
2310 408 2390 465 ad
2420 407 2745 464 minimum
2778 408 2929 465 natu
2948 408 2976 465 ?
2996 409 3067 465 At
3090 424 3188 465 me
3234 408 3480 467 miseret
3510 409 3671 467 illius

288 508 660 574 χαρακτῆρας·
692 497 883 560 ἐκεῖνος
914 493 1224 558 ἐπιτηδείως
1255 499 1368 569 ἔχει
1414 499 1547 571 πρὸς
1602 497 1669 548 τὰ
1720 496 1894 569 μαθη-

288 608 449 663 ματα.
484 595 582 643 tim:
620 595 717 650 τῆς
744 585 1052 661 ἀμηχανίας
1080 591 1092 639 ι
1119 592 1213 649 Τις
1239 591 1467 660 γένωμαι
1499 603 1513 654 ;
1546 589 1659 638 Τίνι
1701 586 1894 638 τούτων

289 680 682 754 προσκρούσεις
723 682 884 730 Ποίαν
949 678 1134 752 θηρίου
1177 675 1363 748 ψυχὴν
1410 674 1649 729 ἀναλάϐω
1708 692 1723 739 ;
1778 680 1897 735 Πῶς

288 776 385 831 τῆς
432 770 635 841 φύσεως
690 764 1016 839 ἐπιλάθωμαι
1050 784 1064 830 ;
1101 766 1216 819 Ἐὰν
1264 766 1468 818 πάντων
1531 763 1891 836 ἆντίσχωμαι,

289 859 490 919 πάντας
562 855 765 929 ὂψομαι
843 851 1250 929 δαπανωμένους
1290 865 1363 928 τῷ
1414 857 1588 911 πάθει.
1646 853 1761 908 Ἐὰν
1810 854 1898 907 ἕνα

289 957 534 1023 προῶμαι
604 947 738 1015 (32),
804 950 976 1008 ποίοις
1049 945 1332 1019 ὀφθαλμοῖς
1392 948 1512 1007 τούς
1567 944 1894 1018 λειπομένους

292 1034 555 1113 προσίδω,
605 1035 836 1097 ὕποπτος
883 1035 1063 1098 αὐτοῖς
1118 1032 1225 1095 ἤδη
1279 1039 1613 1108 γεγενημένος
1660 1034 1732 1097 εἰς
1778 1032 1896 1086 ἀπιι-

299 1132 448 1180 στίαν
480 1145 493 1196 ;
527 1133 644 1186 Πῶς
673 1125 874 1184 οἰκήσω
899 1129 994 1185 τὴν
1027 1125 1215 1194 οἰκίαν,
1250 1124 1456 1199 ἐμαυτῷ
1493 1125 1896 1187 κατασκευάσας

296 1221 389 1276 τὴν
464 1211 717 1269 ἀπαιδίαν
752 1231 765 1282 ;
800 1221 918 1277 Πῶς
978 1213 1063 1268 ἐπὶ
1129 1219 1224 1274 τὴν
1298 1216 1562 1290 τράπεζαν
1622 1214 1776 1283 ἔλθω,
1838 1213 1895 1267 ἐκ

290 1308 543 1368 τοιαύτης
592 1307 905 1381 προφάσεως
969 1308 1065 1364 τὴν
1119 1305 1363 1380 εὐπορίαν
1421 1307 1657 1377 ἔχουσαν
1690 1322 1705 1374 ;
1743 1305 1894 1358 Καὶὸ

291 1400 380 1471 μὲν
428 1397 561 1469 μετά
601 1399 800 1470 μυρίων
848 1390 883 1447 δ
887 1388 1090 1469 ακρὺων
1134 1398 1225 1448 τὸτ
1264 1394 1506 1468 φίλτατοπ
1560 1404 1660 1447 τῶν
1688 1390 1895 1448 παίδων

292 1484 673 1559 ἀπεμπολήσων
749 1486 981 1557 ἔρχεταυ
1053 1487 1111 1538 σὶ
1164 1480 1223 1538 δὲ
1280 1485 1340 1537 οὐ
1396 1487 1623 1558 κάμπτει
1679 1487 1737 1536 τὸ
1794 1486 1895 1537 πά-

292 1577 379 1637 θος
422 1575 557 1647 (33),
619 1574 678 1627 οὐ
725 1574 978 1647 λογισμὸν
1024 1574 1306 1648 λαμϐάνεις
1332 1583 1429 1638 τῆς
1457 1577 1677 1648 φύσεως.
1705 1574 1838 1628 Ἀλλ’
1869 1575 1896 1626 ὁ

291 1668 379 1739 μὶν
430 1664 585 1738 λιμὸς
644 1668 857 1738 συνέχει
920 1668 1008 1717 τὸν
1046 1665 1244 1733 ἄθλιον,
1302 1669 1367 1718 σὺ
1401 1662 1460 1718 δὴ
1489 1663 1771 1739 ἀναϐάλλῃ,
1805 1668 1896 1717 καὶ

2007 494 2219 563 aetatis,
2238 496 2614 554 calamitates
2633 497 2899 555 necdum
2913 497 3322 569 intelligentisi
3339 500 3446 557 Hic
3455 515 3673 573 paren-

2006 588 2134 640 tum
2158 586 2405 643 exhibet
2430 587 2659 645 claram
2690 586 2951 657 efﬁgiem
2986 586 3118 643 :ille
3157 587 3415 646 idoneus
3453 594 3546 647 est
3587 590 3670 647 ad

2005 673 2361 748 disciplinas
2380 676 2490 750 47
2519 676 2865 734 discendas.
2911 679 3035 734 Heu
3084 677 3319 735 consilii
3344 678 3621 751 inopiam
3651 679 3666 735 l

2006 767 2134 829 Quo
2150 780 2248 821 me
2263 771 2492 823 vertam
2508 767 2535 823 ’ἰ
2554 770 2618 825 ln
2639 782 2824 841 quem
2838 766 3059 823 horum
3081 767 3350 824 incidam
3370 769 3397 825 ?
3414 767 3669 834 Qualem

2004 852 2212 911 bestiae
2242 855 2515 912 animum
2541 856 2798 913 induam
2829 856 2857 913 ?
2882 856 3205 923 Quomodo
3241 861 3476 914 naturae
3517 856 3670 914 obli-

2005 944 2499 1003 viscar?0mnes
2543 946 2596 1003 si
2650 962 2848 1014 servo,
2905 946 3065 1003 fame
3121 946 3342 1004 videbo
3390 946 3672 1004 consumi

2005 1049 2240 1092 omnes.
2276 1037 2472 1093 Unum
2502 1036 2553 1092 si
2581 1036 2932 1106 vendidero,
2972 1035 3258 1109 qualibus
3302 1035 3493 1093 oculis
3533 1034 3670 1093 reli-

2003 1139 2163 1198 quos
2196 1124 2514 1199 aspiciam,
2537 1125 2642 1200 qui
2661 1141 2756 1183 me
2780 1125 2895 1182 illis
2912 1125 3043 1199 jam
3059 1124 3386 1182 reddidero
3398 1124 3672 1199 perﬁdiae

2006 1229 2076 1270 ac
2101 1213 2455 1287 proditionis
2473 1219 2826 1289 suspectum
2850 1215 2878 1271 ?
2898 1214 3223 1281 Quomodo
3253 1214 3549 1272 habitabo
3567 1213 3674 1273 do-

2004 1319 2197 1372 mum,
2218 1304 2324 1376 qui
2345 1304 2492 1361 mihi
2508 1304 2636 1377 ipse
2653 1304 2769 1362 sim
2790 1309 3001 1362 auctor
3021 1304 3296 1362 orbitatis
3310 1306 3337 1362 ?
3349 1304 3672 1372 Quomodo

2005 1393 2298 1450 accedam
2328 1393 2411 1450 ad
2462 1410 2763 1463 mensam,
2809 1395 2986 1467 cujus
3037 1393 3372 1452 abundatia
3414 1410 3672 1452 causam

2005 1483 2309 1555 ejusmodi
2356 1483 2543 1540 habet
2577 1484 2605 1539 ?
2633 1484 2900 1558 Denique
2938 1483 3146 1540 multis
3195 1499 3333 1541 cum
3378 1484 3670 1558 lacrymis

2005 1574 2169 1630 venit
2214 1578 2390 1646 pater
2436 1574 2821 1631 carissimum
2868 1574 3136 1631 ﬁliorum
3180 1574 3581 1632 venditurus:
3613 1580 3673 1633 te

2007 1666 2214 1720 tamen
2260 1663 2420 1720 illius
2463 1663 2710 1722 afﬂictio
2754 1680 2881 1722 non
2920 1664 3122 1735 ﬂectit,
3166 1681 3365 1740 neque
3393 1665 3673 1723 animum

292 1756 555 1830 εἰρωνεύῃ,
601 1758 925 1831 μακροτέραν
965 1754 1108 1827 αὐτῷ
1153 1755 1562 1816 κατασκευάζων
1609 1759 1705 1814 τὴν
1766 1773 1891 1828 συμ-

2008 1756 2178 1809 tuum
2226 1753 2393 1811 subit
2430 1753 2553 1811 ulla
2590 1758 2823 1812 natura;
2875 1754 3183 1825 cogitatio.
3242 1754 3422 1829 Atqui
3477 1755 3673 1813 fames

293 1846 472 1919 φοράν.
523 1849 626 1898 Καὶ
665 1846 692 1898 ὁ
740 1847 829 1918 μὶν
878 1847 946 1898 τὰ
1004 1844 1287 1919 σπλάγχνα
1340 1849 1664 1919 προτείνεται
1738 1848 1897 1918 τιμὴν

294 1941 396 1986 τῶν
444 1941 666 2009 τροφῶν,
716 1941 812 1987 σοῦ
866 1930 928 1987 δε
965 1932 1024 1986 οὐ
1068 1939 1222 2008 μόνον
1280 1934 1375 1987 οὐκ
1419 1932 1689 2009 ἆποναρκᾷ
1717 1935 1747 1992 ἡ
1776 1937 1895 2007 χεὶρ

292 2019 614 2075 ἐκτοιούτων
668 2031 946 2098 συμφορῶν
1002 2019 1370 2096 ὑποδεχομένη
1424 2027 1712 2102 τιμήματα,
1769 2020 1900 2075 ἀλλὰ

291 2117 382 2166 καὶ
458 2112 788 2186 ζυγομαχεῖς
850 2118 967 2188 περὶ
1031 2121 1123 2167 τοῦ
1201 2113 1451 2183 πλείονος,
1507 2118 1595 2167 καὶ
1651 2117 1787 2177 ὁπως
1835 2111 1898 2165 ἂν

289 2201 419 2256 πολὺ
469 2201 640 2255 λαϐὼν
693 2201 904 2257 ἔλαττον
977 2200 1123 2276 δῴης
1187 2202 1506 2277 φιλονεικείς,
1565 2204 1896 2274 πανταχόθεν

293 2290 533 2368 βαρύνων
582 2293 697 2366 (34)
748 2297 844 2352 τὴν
905 2295 1167 2367 συμςορὰν
1218 2301 1292 2365 τῷ
1341 2291 1523 2367 ἀθλίῳ.
1557 2291 1634 2346 Οὐ
1666 2289 1897 2367 δάκρυόν

294 2398 378 2436 σοι
434 2381 662 2451 ἕλεεινὸν,
714 2382 772 2435 οὗ
838 2386 1127 2456 στεναγμὸς
1182 2380 1409 2458 καρδίαν
1460 2382 1745 2457 μαλάσσει·
1786 2380 1897 2435 ἀλλ’

290 2456 567 2546 ἄκαμπτος
610 2467 660 2525 εἶ
702 2477 791 2525 καί
849 2471 1164 2546 ἀμείλικτος.
1218 2456 1396 2526 Πάντα
1423 2456 1628 2547 χρυσὸν
1665 2471 1891 2546 βλέπεις,

288 2565 496 2638 χρυσὸν
538 2562 801 2636 φαντάζῆ·
839 2565 992 2615 τοῦτό
1051 2580 1136 2616 σοι
1185 2567 1276 2616 καὶ
1300 2559 1611 2616 καθεύδοντι
1640 2560 1890 2632 ἔνύπνιον,

288 2656 379 2705 καὶ
409 2650 721 2727 ἐγρηγορότι
750 2650 1011 2726 ἐνθύμιον.
1041 2657 1242 2729 Ὠσπερ
1293 2654 1396 2727 γὰρ
1456 2656 1505 2706 et
1554 2652 1653 2705 ὑπὸ
1706 2656 1896 2726 μανίας

287 2745 584 2818 παράφοροι
638 2741 699 2794 οὐ
747 2745 815 2795 τὰ
864 2743 1153 2817 πράγμάτα
1207 2740 1511 2817 βλέπουσιν,
1565 2738 1694 2795 ἀλλὰ
1743 2744 1810 2795 τὰ
1838 2740 1896 2796 ἐκ

289 2840 379 2886 τοῦ
422 2834 625 2895 πάθους
662 2832 1030 2906 φαντάζονται·
1078 2832 1215 2886 οὕτω
1264 2851 1348 2886 σοι
1384 2832 1414 2892 ἡ
1446 2831 1626 2905 ψυχὴ,
1659 2840 1721 2905 τῇ
1756 2832 1896 2905 φιλο-

292 2926 569 2997 χρηματίᾳ
615 2924 1034 2994 κατασχεθείσα,
1093 2924 1265 2976 πάντα
1305 2925 1534 2997 χρυσὸν,
1591 2923 1765 2976 πάντα
1802 2924 1894 2999 ἄρ-

293 3027 450 3085 γυρον
479 3010 680 3086 βλέπει.
726 3009 912 3066 Ἥδιον
955 3010 1015 3065 ἂν
1044 3014 1183 3075 ἴσοις
1207 3014 1295 3065 τὸν
1324 3015 1532 3087 χρυσὸν
1562 3012 1593 3072 ἦ
1617 3015 1704 3065 τὸν
1728 3011 1890 3071 ἣλιον.

2005 1843 2300 1900 miserum
2339 1843 2511 1900 illum
2536 1843 2778 1918 premit,
2805 1848 2872 1902 tu
2907 1860 3051 1902 vero
3085 1845 3388 1902 cunctaris
3426 1861 3501 1903 ac
3542 1845 3675 1903 illu-

2005 1933 2122 2002 dis,
2169 1933 2575 1991 calamitatem
2616 1934 2671 1991 ei
2716 1934 2980 1992 reddens
3028 1933 3390 2006 longiorem.
3466 1937 3537 1993 Et
3575 1934 3675 1992 ille

2005 2022 2255 2097 quidem
2275 2024 2511 2081 viscera
2530 2039 2643 2081 sua
2661 2024 2924 2098 pretium
2941 2024 3372 2082 alimentorum
3399 2024 3672 2098 porrigit;

2006 2117 2113 2169 tua
2139 2128 2283 2170 vero
2305 2129 2526 2171 manus
2549 2131 2622 2171 ex
2650 2114 2960 2187 ejusmodi
2986 2113 3440 2172 calamitatibus
3478 2112 3675 2187 pretia

2004 2202 2294 2272 referens,
2334 2219 2461 2261 non
2509 2204 2697 2261 modo
2736 2218 2863 2261 non
2913 2208 3137 2278 stupet,
3184 2203 3294 2262 sed
3341 2204 3419 2261 de
3475 2203 3672 2278 pretio

2006 2297 2188 2351 etiam
2219 2294 2559 2364 contendis,
2588 2294 2767 2368 quasi
2812 2294 2951 2369 plus
3000 2294 3146 2353 satis
3192 2294 3441 2364 offeras,
3489 2297 3674 2367 atque

2007 2383 2274 2440 studium
2297 2384 2359 2440 in
2399 2399 2470 2441 eo
2491 2383 2696 2458 ponis,
2718 2387 2783 2440 ut
2803 2384 2942 2458 plus
2965 2384 3291 2459 accipiens,
3312 2384 3518 2441 minus
3539 2382 3671 2449 des,

2006 2472 2231 2530 misero
2264 2472 2574 2532 undelibet
2617 2474 3017 2531 accumulans
3058 2473 3497 2532 calamitatem.
3542 2475 3676 2531 Non

2003 2562 2293 2636 lacrymaa
2324 2568 2719 2622 commovent
2745 2564 3228 2636 miserationem,
3259 2580 3385 2621 non
3407 2563 3671 2635 gemitus

2004 2667 2110 2709 cor
2132 2652 2447 2710 emolliunt
2475 2672 2488 2724 ;
2512 2652 2622 2710 sed
2660 2652 3006 2711 inﬂexibilis
3046 2670 3114 2710 es
3160 2658 3346 2727 atque
3381 2652 3676 2726 implaca-

2002 2742 2165 2800 bilis.
2190 2744 2404 2801 Omnia
2427 2758 2647 2801 aurum
2667 2742 2857 2811 vides,
2878 2758 3099 2802 aurum
3118 2743 3454 2812 existimas,
3477 2743 3596 2800 hoc
3614 2745 3677 2799 et

2005 2833 2276 2890 somnias
2303 2833 2459 2891 inter
2477 2832 2932 2905 dormiendum,
2991 2839 3051 2890 et
3090 2832 3478 2906 concupiscis
3512 2831 3676 2889 inter

2001 2922 2402 2995 vigilandum.
2438 2925 2507 2980 Ut
2535 2923 2701 2980 enim
2737 2923 2845 2997 qui
2872 2938 2998 2996 prae
3020 2922 3261 2980 insania
3301 2926 3504 2980 mente
3522 2921 3677 2980 moti

2004 3017 2164 3082 sunt,
2196 3029 2294 3070 res
2322 3012 2487 3086 ipsas
2508 3028 2635 3071 non
2658 3013 2990 3081 intuentur,
3016 3013 3123 3070 sed
3147 3029 3219 3071 ea
3249 3028 3323 3070 ex
3349 3012 3576 3086 quibus
3591 3012 3680 3070 af«-

292 3103 439 3175 Εὕχῃ
484 3104 550 3154 τὰ
594 3103 767 3157 πάντα
811 3105 943 3177 πρὸς
988 3105 1084 3161 τὴν
1139 3109 1233 3155 τοῦ
1275 3108 1487 3178 χρυσοῦ
1524 3101 1699 3175 ξφύσιν
1729 3120 1893 3177 μετα-

2004 3102 2306 3173 ticiuntur,
2330 3102 2446 3159 sibi
2464 3102 2672 3160 animo
2686 3103 2958 3175 ﬁngunt;
2982 3102 3068 3160 ita
3085 3103 3293 3161 anima
3313 3108 3420 3160 tua
3438 3102 3519 3160 ab
3539 3118 3682 3161 ava-

291 3188 564 3260 ϐληθῆναι,
598 3197 689 3246 καὶ
717 3188 936 3254 ἐπινοεῖς
964 3196 1139 3266 μέντοι
1164 3192 1291 3246 καθ’
1305 3192 1427 3245 ὅσον
1448 3190 1553 3245 οἶόν
1575 3206 1649 3245 τε.

2002 3193 2136 3251 ritia
2164 3201 2472 3267 possesSa,
2528 3197 2747 3251 cuncta
2794 3208 3036 3262 aurum,
3086 3198 3309 3251 cuncta
3347 3196 3676 3266 argentum

285 3280 466 3339 videt.
500 3281 852 3355 Conspicias
878 3280 1188 3339 lubentius
1216 3295 1436 3339 aurum
1465 3294 1656 3356 quam
1694 3279 1912 3344 solem.
1952 3283 2108 3342 Verti
2132 3282 2341 3342 omnia
2366 3283 2428 3341 in
2459 3284 2591 3342 auri
2620 3287 2910 3341 naturam
2952 3286 3224 3358 exoptas,
3271 3287 3455 3358 atque
3502 3281 3567 3340 in
3608 3282 3677 3340 id

284 3368 591 3429 incumbis
616 3382 732 3443 pro
761 3368 937 3428 virili.

358 3463 412 3517 5.
436 3463 597 3514 Ποίαν
616 3461 720 3534 γὰρ
740 3460 991 3534 μηχανὴν
1018 3455 1113 3513 διὰ
1135 3460 1342 3536 χρυσὸν
1372 3456 1431 3513 οὐ
1452 3458 1637 3526 κινεῖςς
1663 3457 1721 3515 e0
1744 3466 1893 3526 σῖτος

284 3553 498 3626 χρυσός
529 3564 614 3604 σοι
650 3553 868 3621 γίνεται,
898 3549 923 3601 ὁ
952 3547 1089 3611 οἰνος
1119 3551 1189 3613 είς
1219 3551 1427 3625 χρυσὸν
1470 3555 1887 3624 μεταπήγνυται,

284 3640 353 3692 τὰ
407 3639 523 3714 ἔριά
582 3656 667 3692 σοι
719 3636 1146 3714 ἀποχρυσοῦται.
1204 3646 1356 3693 πᾶσα
1426 3638 1670 3716 ἐμπορία,
1741 3646 1892 3694 πᾶσα

280 3731 485 3782 δπίνοια
531 3732 737 3803 χρυσόν
784 3744 870 3782 σοι
911 3729 1171 3804 προσάγει
1227 3730 1363 3803 (35).
1419 3730 1586 3792 Αὐτὸς
1634 3729 1813 3783 ἑαυτὸν
1862 3731 1888 3783 ὁ

281 3822 491 3894 χρυσὸς
548 3815 805 3892 ἀπογεννᾷ
842 3817 1214 3882 πολυπλασιαζ
1257 3824 1435 3893 ὀμενος
1464 3818 1513 3872 ἒν
1546 3815 1886 3894 δανείσμασιε

280 3912 372 3961 καὶ
416 3912 570 3984 κόρος
608 3909 704 3962 οὐκ
747 3911 882 3977 ἔστι,
935 3913 1027 3963 καὶ
1080 3908 1222 3972 τέλος
1292 3916 1388 3971 τῆς
1454 3908 1736 3983 ἐπιθυμίας
1793 3906 1887 3963 οὐκ

280 3995 661 4072 ὶξενρίσκεται.
692 4003 805 4052 Τῶν
830 4000 923 4074 μὶν
958 4000 1059 4075 γὰρ
1098 3995 1305 4053 παίδων
1334 4005 1445 4062 τοῖς
1484 3998 1694 4072 λίχνοις
1738 3996 1887 4073 ἀφει-

281 4084 390 4153 δῶς
433 4088 681 4153 πολλάκις
729 4085 1005 4165 ἐνδίδομεν
1051 4099 1151 4144 τῶν
1202 4087 1675 4167 περισπουδάστων
1734 4089 1889 4168 ὓπερ-

279 4177 833 4254 ἕμπίμπλασθαιβϐ),
874 4181 1009 4236 ὥστε
1062 4189 1135 4256 τῷ
1177 4180 1549 4257 ὑπερϐάλλοντι
1599 4185 1738 4257 κόρῳ
1793 4185 1886 4241 τὴν

279 4265 618 4346 ἀποστροφὴν
671 4269 978 4346 ἒμποιῆσαιο
1035 4272 1061 4325 ὁ
1111 4267 1171 4326 δε
1237 4270 1547 4334 πλεονέκτης
1631 4272 1739 4345 οὐχ
1802 4269 1897 4325 οὒκ

276 4378 401 4424 τωςο
476 4359 583 4413 ἀλλ’
637 4362 744 4434 ὅσῳ
796 4361 1041 4417 πλειόνων
1081 4361 1401 4437 ἐμφορεῖται,
1451 4361 1696 4416 πλειόνων
1755 4360 1887 4435 ἐφιε-

2075 3464 2128 3518 5.
2152 3462 2311 3530 Quid
2340 3461 2506 3520 enim
2531 3476 2659 3520 non
2687 3461 2921 3521 moliris
2951 3465 3199 3537 propter
3218 3476 3438 3521 aurum
3468 3461 3497 3520 ?
3525 3463 3669 3520 Fru-

2000 3556 2274 3609 mentum
2292 3552 2359 3610 ﬁt
2370 3552 2475 3610 tibi
2488 3568 2727 3623 aurum,
2739 3554 2955 3610 vinum
2967 3553 3030 3610 in
3073 3568 3294 3610 aurum
3313 3552 3667 3623 eonscrecit,

1997 3639 2155 3700 lanae
2183 3639 2293 3697 tibi
2320 3640 2383 3697 in
2406 3655 2623 3697 aurum
2659 3645 2974 3699 vertuntur
3016 3657 3033 3709 ;
3066 3647 3412 3700 mercatura
3438 3641 3665 3712 omnis,

1998 3729 2200 3787 omnis
2247 3729 2493 3789 solertia
2530 3730 2693 3804 parit
2737 3731 2841 3789 tibi
2897 3747 3137 3803 aurum.
3185 3735 3392 3805 ipsum
3447 3747 3669 3789 aurum

1998 3825 2247 3892 generat
2266 3821 2683 3895 semetipsum,
2716 3820 2866 3878 dum
2896 3834 3005 3895 per
3045 3821 3259 3880 fenora
3305 3821 3667 3895 multiplica-

1996 3914 2113 3968 tur.
2140 3913 2345 3984 Neque
2372 3915 2576 3968 tamen
2609 3910 2857 3968 satietas
2879 3916 2991 3984 est,
3022 3926 3223 3986 neque
3251 3911 3394 3968 ﬁnis
3444 3910 3666 3985 reperi-

1994 4002 2093 4058 tur
2120 3998 2485 4073 cupiditatis.
2517 4004 2600 4056 Ac
2628 3999 2875 4074 quidem
2902 4001 3110 4074 pueris
3138 3999 3366 4072 gulosis
3396 4000 3665 4075 plerum-

1993 4104 2115 4164 que
2146 4089 2560 4159 concedimus,
2589 4094 2656 4147 ut
2674 4090 2746 4146 iis
2783 4105 2921 4163 quae
2949 4090 3221 4164 cupiunt,
3248 4104 3386 4147 sese
3416 4090 3664 4148 abunde

1993 4179 2302 4253 expleant,
2331 4183 2398 4236 ut
2416 4196 2525 4254 per
2578 4179 2880 4252 majorem
2927 4180 3305 4238 saturitatem
3346 4179 3663 4238 fastidium

1991 4268 2140 4343 ipsis
2165 4267 2470 4327 afferetur.
2499 4273 2734 4327 Avarus
2754 4284 2879 4327 non
2900 4270 3045 4328 item
3071 4290 3084 4340 ;
3110 4271 3219 4328 sed
3238 4287 3361 4344 quo
3380 4270 3660 4344 pluribus

1990 4357 2296 4433 impletur,
2325 4360 2443 4416 hoc
2471 4358 2647 4433 plura
2673 4358 2997 4418 desiderat.
3019 4361 3264 4418 Divitiae
3288 4362 3340 4417 si
3367 4362 3661 4432 afﬂuant,

275 4467 384 4507 ται.
455 4449 685 4515 Πλοῦτος
742 4449 828 4506 ἐὰν
883 4450 997 4529 ῥέῃ,
1065 4452 1139 4526 μὴ
1201 4451 1552 4527 προστὶθεσθε
1632 4446 1878 4526 καρδίαν.

2004 4449 2177 4509 nolite
2196 4464 2298 4508 cor
2326 4464 2632 4521 apponere
2646 4451 2783 4509 ’.Tu
2802 4466 2944 4509 vero
2981 4451 3212 4509 detines
3249 4449 3661 4526 praeterﬂuen-

345 4628 370 4670 ⁸
400 4629 560 4691 Psal.
587 4644 705 4703 LXI,
735 4633 820 4690 ll.

347 4831 464 4904 (32)
484 4832 555 4888 Et
572 4825 731 4904 illud,
745 4828 933 4904 patris
950 4823 1291 4904 miserrimi
1300 4823 1645 4904 exemplum
1668 4824 1883 4904 legitur

274 4901 845 4984 apud'Ambrosium
873 4902 1246 4960 eodemlibro
1266 4901 1633 4969 DeNab’uthe
1651 4901 1884 4959 Jezrae-

281 4970 398 5047 tua,
411 4990 545 5047 cap.
579 4979 631 5031 5.
664 4972 856 5031 Velim
874 4979 1085 5047 autem
1105 4973 1491 5047 conferantur
1516 4977 1718 5047 Greece
1742 4991 1882 5047 cum

280 5044 1116 5118 Latinis,‘quaiexcollatione
1154 5044 1459 5118 constabit
1495 5044 1884 5103 Ambrosium

280 5114 400 5172 alia
425 5132 493 5171 ex
523 5114 742 5174 Basilio
771 5117 1095 5184 imitatum,
1126 5117 1246 5175 alia
1266 5134 1340 5175 ex
1369 5133 1442 5174 eo
1469 5120 1707 5174 tantum
1760 5132 1884 5174 non

277 5184 358 5262 ad
370 5186 624 5262 verbum
636 5189 1028 5262 convertisse.
1044 5189 1371 5262 thuidem
1384 5187 1579 5262 multa
1587 5188 1742 5246 bene
1756 5190 1886 5246 :sed

273 5257 439 5334 illud,
454 5261 508 5316 si
519 5275 703 5334 unum
720 5260 978 5328 tradam,
995 5257 1209 5334 quibus
1222 5261 1414 5334 oculis
1424 5260 1625 5318 videbo
1643 5266 1886 5318 caeteros

272 5329 347 5414 d_e
363 5329 1156 5414 meaimpietatesuspe—ctos,
1188 5348 1265 5390 ne
1291 5333 1445 5414 alios
1482 5348 1726 5414 quoque
1750 5348 1886 5414 qen-

273 5401 436 5476 da_m,
450 5405 670 5460 nonita
679 5401 1191 5476 feliciterexpres's
1200 5420 1302 5460 um
1316 5401 1508 5460 videri
1536 5401 1752 5476 potest.
1772 5407 1887 5476 Nec

274 5472 432 5549 enim
458 5479 586 5530 erat
602 5491 709 5531 cur
729 5481 903 5549 pater
914 5472 1069 5549 ﬁlios
1084 5472 1670 5549 haberetsuspectos
1689 5475 1763 5532 de
1778 5475 1890 5532 im-

273 5544 493 5617 pietate
512 5562 646 5615 sua,
663 5544 841 5621 quasi
853 5546 1201 5621 ejusaliquo
1211 5546 1397 5621 modo
1413 5544 1741 5621 participes
1754 5565 1888 5604 esse

273 5622 527 5690 possent
549 5634 564 5687 ;
588 5617 701 5676 sed
716 5617 915 5678 caeteri
942 5618 1046 5675 ﬁlii
1074 5617 1313 5692 patrem
1349 5617 1576 5678 habere
1608 5617 1890 5692 poterant

1993 4834 2343 4907 suspectum
2360 4827 2818 4907 impietatis,qne,
2842 4830 3250 4907 uno_vendito,
3271 4830 3477 4907 etgipsi
3509 4841 3660 4907 quo-

1992 4904 2119 4986 que
2129 4904 2550 4986 venderentur.
2574 4904 2755 4986 Magis
2772 4904 3163 4986 ergoplacent
3176 4904 3659 4986 Basilianag'quaa

1991 4976 2059 5060 ut
2087 4993 2157 5034 ex
2186 4976 2404 5060 Graecis
2420 4976 2697 5060 perspici
2727 4976 2948 5060 potest,
2979 4976 3655 5060 itainterpretarilinéet:

2002 5050 2196 5107 Unum
2215 5049 2269 5122 si
2278 5048 2618 5122 vendidero,
2636 5048 2854 5122 quibus
2866 5050 3057 5106 oculis
3069 5048 3330 5122 reliquos
3342 5049 3657 5122 aspiciam,

1994 5122 2101 5195 qui
2127 5136 2220 5177 me
2247 5121 2375 5195 illis
2395 5121 2535 5195 jam
2570 5119 2938 5195 (addiderim
2987 5119 3328 5192 suspectum
3383 5119 3661 5193 perﬁdiae

1994 5190 2176 5265 atque
2192 5192 2563 5265 proditionis
2582 5190 2611 5247 ?

2209 5266 2353 5338 Beg.
2377 5262 2614 5338 primus
2642 5262 2939 5338 οτῖκάμπτῃ
2973 5271 3046 5338 τῷ
3079 5267 3253 5321 πάθει.

2089 5279 2181 5337 33)
2210 5279 2353 5390 11θῖ
2377 5279 2614 5335 primus
2642 5279 2701 5316 ου
2727 5282 2939 5338 καμπτῃ
2973 5284 3010 5317 1'.

2088 5336 2180 5403 34)
2201 5335 2306 5392 C01
2358 5379 2370 5391 .
2402 5334 2638 5408 primUs
2670 5333 3010 5408 ἐπιϐαρύνων.

2092 5407 2183 5478 35)
2214 5408 2281 5479 In
2301 5404 2443 5477 Reg.
2477 5406 2677 5478 primo
2707 5404 2957 5479 perinde
2994 5412 3060 5464 ut
3086 5408 3149 5465 in
3176 5408 3307 5466 aliis
3335 5426 3486 5466 mss.
3514 5404 3662 5479 legi-

2067 5423 2183 5478 (se)
2215 5423 2281 5462 in
2304 5423 2443 5477 ueg.
2477 5423 2677 5478 primo
2707 5423 2957 5479 perinde
2994 5423 3060 5464 ut
3086 5425 3149 5465 m
3176 5423 3307 5466 anis
3335 5426 3486 5466 mss.
3518 5423 3567 5465 le
3614 5423 3662 5463 1-

1996 5481 2093 5557 tur
2120 5478 2370 5557 quidem
2398 5480 2664 5557 προσάγει
2696 5495 2710 5546 ;
2746 5477 2858 5534 sed
2883 5478 2945 5534 in
2968 5495 3076 5538 ora
3128 5481 3260 5553 ejus
3307 5481 3448 5539 libri
3491 5423 3663 5539 adgi-

1999 5554 2131 5607 tum
2160 5554 2252 5607 est
2277 5552 2508 5623 συνάγει.

2076 5624 2187 5694 (36)
2216 5623 2358 5695 Reg.
2393 5618 2628 5695 primus
2655 5618 3127 5698 περιπουδὰστων
3173 5621 3594 5701 ἐμπίμπλασθαι.
