4124 6378
443 278 544 338 271

1808 273 1871 332 S.
1921 270 2175 330 BASlLll
2212 270 2438 333 MAGNI

3708 284 3818 340 272

439 407 527 461 tes
556 407 616 461 et
664 401 860 460 exitus
906 403 1318 475 undecunque
1355 398 1640 458 obstruis.
1682 396 1907 457 Deinde
1951 396 2100 455 dum

2215 404 2281 454 Σὺ
2340 397 2400 457 δι
2447 407 2692 477 κατέχεις
2747 406 2835 457 τὸν
2886 402 3245 480 παραρρέοντα
3294 404 3428 477 (37),
3496 412 3586 461 καὶ
3662 428 3813 485 περι-

435 494 767 551 retinentur
783 496 1227 564 etrestagnant.
1257 491 1406 565 quid
1423 491 1528 548 tibi
1545 490 1773 547 faciunt
1791 490 1818 547 *ἲ
1835 488 2103 546 Disrum-

436 589 592 657 punt
616 582 931 656 repagula,
953 587 1158 655 alque,
1176 585 1381 654 utpote
1402 580 1693 637 violenter
1709 578 2011 636 conclusae
2033 594 2103 635 ac

434 672 835 738 exundantes,
877 671 1079 727 divitis
1109 670 1293 728 horea
1313 669 1742 741 demolinntur,
1792 673 1850 725 et
1883 667 2101 724 irrum-

433 762 634 835 pentis
655 761 914 832 alicujus
945 760 1135 815 hostis
1161 760 1222 815 in
1253 774 1486 815 morem
1506 757 1926 832 promptuaria
1946 756 2103 812 illius

434 851 566 907 solo
620 850 965 923 adaequant.
1022 850 1417 905 Construetne
1448 851 1687 919 majora
1712 848 1740 902 ?
1780 848 2101 910 Incertum,

434 956 514 998 an
530 924 833 997 destructa
851 937 1183 994 successori
1200 937 1513 994 relicturus
1532 938 1624 994 sit.
1648 939 1796 992 Nam
1814 935 2103 1008 abreptus

432 1029 652 1105 poterit
680 1029 813 1102 ipse
839 1027 1012 1084 citius
1039 1026 1301 1093 interire,
1345 1042 1533 1100 quam
1562 1027 1779 1082 horrea
1808 1040 1916 1098 per
1958 1039 2102 1080 ava-

430 1138 565 1178 ram
594 1118 956 1176 industriam
988 1120 1401 1173 exstruantur.
1429 1119 1611 1172 Porro
1654 1114 1820 1171 dives
1851 1113 1949 1170 ille
1963 1129 2103 1170 con-

428 1210 773 1268 venientem
806 1207 1014 1281 pravis
1054 1206 1179 1262 suis
1205 1205 1470 1262 consiliis
1497 1204 1685 1261 ﬁnem
1741 1207 2102 1260 consecutus

429 1304 564 1368 est;
605 1314 716 1356 vos
768 1312 932 1364 vero,
993 1295 1041 1351 si
1087 1293 1235 1351 mihi
1282 1293 1525 1350 credere
1564 1292 1779 1361 velitis,
1812 1290 2102 1348 omnibus

428 1385 989 1462 promptuariorum
1008 1383 1237 1440 foribus
1253 1382 1495 1456 apertis,
1522 1381 1932 1455 amplissimos
1952 1380 2102 1437 divi-

429 1478 522 1535 tiis
550 1476 743 1534 exitus
770 1473 1137 1547 praebebitis.
1192 1471 1311 1545 48
1354 1470 1888 1538 Quemadmodum
1938 1470 2101 1527 enim

423 1564 656 1635 ingenti
683 1562 875 1619 ﬂuvio
905 1560 1261 1632 frugiferam
1294 1565 1515 1616 terram
1546 1575 1652 1632 per
1680 1558 1975 1632 plurimos
2004 1574 2103 1616 ca-

423 1654 596 1712 nales
639 1650 996 1727 pervadenti
1046 1650 1229 1707 datur
1258 1648 1543 1706 transitus
1578 1648 1856 1722 :sicipsi
1883 1648 2103 1705 divitiis

2212 492 2467 565 φράσσεις
2520 497 2616 555 τὰς
2662 490 2952 557 διεξόδους.
2987 494 3115 546 Εἶτα
3150 499 3502 569 κατεχόμενος
3542 503 3633 551 καὶ
3677 497 3813 551 ἐλλι-

2209 582 2437 653 μναξων,
2498 583 2585 635 οἶα
2629 590 2768 636 ποιεῖ
2811 601 2896 636 σοι
2927 599 2941 650 ;
2981 582 3229 654 Ῥήγνυσι
3259 587 3325 637 τὰ
3354 586 3654 661 κωλύματα,
3691 587 3812 661 ἁμέ-

2208 668 2283 723 λει
2338 676 2428 724 καὶ
2483 680 2570 724 νῦν
2622 670 2813 746 βιαίως
2868 671 3237 746 ἐναπολήψεις
3285 677 3400 747 (38)
3439 682 3527 729 καὶ
3556 678 3810 751 πλημμυ-

2207 768 2331 834 ρῶν,
2388 762 2629 837 καθαιρεῖ
2682 770 2774 815 τοῦ
2821 761 3074 815 πλουσίου
3125 765 3220 826 τὰς
3250 762 3539 833 ἀποθήκας,
3575 763 3812 840 ἑδαφίζει

2208 848 2370 901 αὐτοῦ
2426 852 2493 903 τὰ
2537 859 2768 923 ταμιεῖα,
2829 852 3003 927 ὥσπερ
3062 852 3304 927 πολέμιός
3352 874 3434 917 τις
3482 854 3806 911 ἐπεισελθὼν.

2206 935 2360 992 Ἀλλὰ
2413 940 2656 1012 μείζονας
2705 937 3048 1014 οἰκοδομήσει
3080 960 3095 1012 ;
3124 939 3353 1001 ’Ἄδηλον
3404 943 3447 997 εἰ
3484 948 3555 1017 μή
3599 947 3807 1020 καθηρη

2206 1031 2361 1101 μένας
2407 1025 2717 1105 παραδώσει
2770 1039 2841 1102 τῷ
2897 1030 3007 1105 μετ’
3066 1032 3243 1087 αὐτόν.
3295 1032 3568 1108 Ὀξύτερον
3617 1033 3810 1109 γὰρᾶν

2208 1117 2366 1179 αὐτὸς
2414 1116 2625 1172 ἀπέλθοι
2669 1117 3044 1186 ἀνασπασθεὶς,
3193 1120 3360 1174 ἐκεῖνα
3407 1124 3520 1194 (39)
3550 1126 3687 1175 κατὰ
3714 1128 3809 1182 τήν

2205 1205 2565 1267 πλεονεκτικήν
2646 1207 2873 1262 ἐπίνοιαν
2947 1208 3198 1284 ἐγερθιίη.
3276 1210 3413 1264 Ἀλλ’
3470 1213 3496 1263 δ
3552 1215 3643 1285 μθ
3696 1215 3810 1285 εχει

2206 1304 2305 1348 τῶν
2357 1306 2531 1349 κακῶν
2585 1296 2954 1371 βουλευμάτων
3006 1302 3066 1350 τό
3108 1299 3252 1362 τέλος
3300 1298 3600 1354 ἀκόλουθον·
3661 1302 3810 1375 ὑμεῖς

2208 1381 2287 1453 δι,
2338 1384 2398 1437 ἂν
2457 1385 2569 1459 ἐμοὶ
2617 1389 2890 1452 πείθησθε,
2934 1389 3110 1450 πάσας
3142 1390 3303 1463 θύρας
3332 1394 3577 1461 ταμιείων
3614 1388 3807 1443 ἀναπε-

3187 1479 3298 1549 (40)
3377 1480 3471 1541 τὰς
3536 1474 3811 1541 διεξόδους

2651 1567 2823 1641 ὥσπερ
2896 1575 3115 1639 ποταμῷ
3197 1567 3403 1639 μεγάλῳ
3478 1566 3810 1641 πολύκαρπον

2205 1475 2477 1542 τάσαντες,
2545 1474 2798 1548 ἀφθόνους
2862 1477 3105 1551 παρέξετε

2205 1572 2278 1635 τῷ
2351 1563 2577 1636 πλούτῳ·

2204 1662 2305 1725 γῆν
2353 1649 2429 1706 δι’
2477 1653 2674 1726 ὀχετῶν
2727 1659 2926 1730 μυρίων
2966 1653 3316 1730 ἐπερχομένῳ,
3345 1656 3509 1717 οὕτως
3538 1655 3709 1723 αὐτοὶ,
3738 1664 3809 1727 τῷ

425 1744 775 1819 permittite,
806 1747 870 1798 ut
901 1741 963 1797 in
995 1740 1193 1798 varias
1224 1740 1355 1797 vias
1385 1740 1586 1795 scissae
1635 1738 1714 1795 ad
1757 1754 2100 1812 pauperum

2215 1741 2413 1815 πλούτῳ
2474 1739 2714 1805 διδόντες
2785 1740 2879 1796 διὰ
2933 1743 3182 1797 ποικίλων
3249 1741 3385 1797 ὁδῶν
3448 1745 3519 1807 εἰς
3565 1747 3660 1807 τὰς
3709 1754 3809 1797 τῶν

425 1834 645 1891 domos
678 1830 1056 1905 perveniant.
1099 1828 1262 1886 Putei
1307 1828 1356 1884 si
1407 1827 1865 1895 exhauriantur,
1905 1843 1979 1883 ex
2017 1826 2102 1882 eis

426 1939 593 1996 aqua
621 1919 925 1994 copiosior
950 1922 1393 1991 cmanatatque
1414 1916 1722 1989 limpidior
1746 1933 1759 1983 ;
1784 1916 1878 1973 sin
1899 1920 2102 1973 autem

426 2011 952 2083 derelinquuntur,
975 2010 1503 2080 computrescunt:
1524 2006 1605 2062 sic
1638 2010 1696 2062 et
1720 2004 1942 2061 divitiae
1962 2019 2103 2061 cum

428 2100 731 2164 desident,
763 2102 819 2155 et
847 2098 910 2153 in
937 2096 1156 2153 eodem
1204 2095 1339 2152 loco
1382 2099 1761 2169 permanent,
1809 2100 1950 2151 sunt
2001 2093 2100 2150 in-

429 2190 604 2247 utiles
631 2208 643 2259 ;
666 2205 805 2246 cum
827 2202 970 2244 vero
995 2190 1318 2242 moventur
1333 2189 1389 2241 et
1408 2201 1478 2240 ex
1502 2183 1633 2240 aliis
1651 2183 1731 2240 ad
1744 2182 1895 2240 alios
1913 2187 2105 2240 trans-

430 2285 596 2346 eunt,
618 2277 935 2353 publicum
955 2274 1351 2332 commodum
1374 2273 1759 2346 fructumque
1775 2272 2038 2345 pariunt.
2059 2274 2103 2329 Ο

429 2374 664 2445 quanta
719 2368 855 2425 laus
907 2366 986 2423 ab
1031 2365 1102 2421 iis
1159 2364 1220 2420 in
1242 2379 1397 2437 quos
1425 2362 1724 2420 beneficia
1755 2361 2103 2430 contuleris,

431 2457 762 2517 tribuenda
812 2455 920 2513 tibi
964 2460 1073 2523 est,
1128 2468 1318 2527 quam
1350 2458 1412 2508 tu
1443 2468 1586 2509 cave
1616 2451 2053 2524 contempseris
2084 2467 2097 2506 :

431 2553 665 2624 quanta
693 2546 904 2603 itidem
942 2560 1168 2601 merces
1211 2559 1248 2599 a
1272 2543 1436 2614 justo
1461 2542 1683 2615 judice,
1717 2541 1814 2597 cui
1854 2547 1916 2599 tu
1943 2540 2103 2598 nolis

434 2639 735 2697 difﬁdere.
768 2639 1035 2693 Ponatur
1064 2632 1170 2690 tibi
1199 2631 1426 2704 ubique
1452 2631 1534 2688 ob
1586 2631 1798 2687 oculos
1837 2630 2104 2688 accusati

435 2728 595 2787 illius
612 2725 818 2783 divitis
849 2722 1198 2796 exemplum
1225 2738 1237 2776 :
1266 2721 1373 2794 qui
1389 2721 1521 2792 jam
1545 2725 1717 2793 parta
1763 2720 1931 2776 bona
1986 2735 2104 2776 ser-

436 2833 619 2882 vans,
644 2815 846 2887 deque
878 2812 1096 2869 futuris
1125 2810 1438 2877 sollicitus,
1461 2826 1532 2866 ac
1552 2810 1850 2865 incertum
1870 2808 2106 2865 habens

441 2923 521 2965 an
552 2921 687 2962 cras
717 2903 989 2959 victurus
1019 2904 1195 2967 esset,
1227 2898 1408 2955 hodie
1433 2898 1749 2971 peccando
1774 2898 2106 2954 crastinum

442 2998 606 3055 diem
620 2994 1040 3051 anteverterat.
1065 2988 1522 3046 Nondumvenit
1548 2987 1709 3044 ullus
1741 2986 2016 3060 supplex,
2050 2990 2110 3043 et

2206 1836 2436 1911 πενήτων
2468 1831 2638 1895 οἰκίας
2665 1834 3099 1904 κατασχίζεσθαι
3124 1833 3259 1905 (41).
3309 1836 3387 1886 Τὰ
3416 1838 3612 1908 φρέατα
3657 1833 3809 1895 ἐζαν-

2205 1919 2460 1994 τλούμενα
2512 1921 2799 1996 εὖροώτερα
2838 1926 3057 1994 γίνεταυ
3110 1921 3407 1996 ἐναφιέμενα
3438 1919 3517 1991 δε,
3566 1929 3808 1982 κατασή-

2205 2029 2377 2063 πεται·
2437 2015 2527 2063 καὶ
2556 2009 2784 2064 πλουτου
2834 2016 2890 2063 τό
2929 2015 3020 2084 μὲν
3053 2014 3311 2085 στάσιμον
3340 2013 3637 2087 ἄχρηστον,
3670 2016 3729 2065 τὸ
3751 2009 3811 2065 δε

2204 2102 2500 2173 κινούμενον
2541 2105 2632 2153 καὶ
2671 2099 2978 2173 μεταϐαῖνον
3008 2101 3308 2173 κοινωφελές
3336 2120 3391 2154 τε
3409 2107 3499 2154 καὶ
3530 2105 3806 2177 ἔγκαρπον.

2204 2188 2275 2241 Ὢ
2328 2193 2494 2251 πόσος
2539 2192 2629 2262 μὲν
2673 2190 2699 2241 ὀ
2756 2192 2901 2264 παρὰ
2956 2199 3056 2242 τῶν
3114 2190 3544 2265 εὐεργετουμένων
3580 2194 3804 2259 ἔπαινος,

2208 2278 2268 2330 οὗ
2318 2282 2384 2330 σύ
2427 2283 2499 2351 μή
2556 2283 2959 2353 καταφρονήσῃς
3015 2283 3026 2330 !
3087 2278 3307 2341 πηλίκος
3366 2276 3424 2332 δι
3476 2282 3501 2332 ὁ
3549 2282 3693 2356 παρὰ
3716 2288 3807 2332 τοῦ

2209 2363 2421 2420 δικαίου
2446 2376 2628 2442 κριτοῦ
2654 2369 2865 2441 μισθὸς,
2954 2371 3019 2420 σὺ
3040 2373 3111 2441 μή
3147 2366 3452 2441 ἀπιστήσῃς
3480 2369 3493 2424 l
3524 2376 3807 2441 Πανταχοῡ

2211 2475 2297 2509 σοι
2326 2459 2385 2509 τὸ
2415 2452 2716 2529 ὑπόδειγμα
2736 2465 2828 2509 τοῦ
2848 2462 3313 2531 κατηγορουμένου·
3350 2457 3606 2511 πλουσίου
3635 2478 3808 2533 προσ-

2210 2546 2489 2598 απαντάτω
2541 2546 2673 2616 (4⁸2)
2726 2548 2799 2611 ὃς,
2845 2548 2912 2598 τὰ
2963 2549 3052 2618 μεν
3106 2543 3213 2605 ήδη
3246 2550 3479 2621 παρόντα
3505 2546 3806 2619 φυλάσσων,

2209 2639 2329 2708 περὶ
2387 2630 2446 2687 δί
2492 2642 2592 2686 τῶν
2646 2633 2988 2707 ἐλπιζομένων
3048 2633 3299 2708 ἀγωνιῶν,
3328 2641 3419 2689 καὶ
3448 2633 3645 2695 ἄδηλον
3675 2639 3813 2709 ἔχων

2213 2723 2255 2775 εἰ
2282 2720 2538 2796 βιώσεται
2566 2727 2660 2783 τήν
2687 2728 2887 2798 αὔριον,
2919 2727 2977 2776 τό
3008 2723 3208 2799 αὒριον,
3265 2730 3488 2800 σήμερον
3531 2729 3814 2801 προημαρ-

2212 2831 2377 2867 τανεν.
2467 2816 2627 2865 Οὔπω
2698 2809 2847 2872 ήλθεν
2896 2814 2922 2865 ό
2968 2815 3160 2879 ἱκέτης,
3217 2819 3307 2867 καὶ
3355 2813 3627 2889 προλαϐὼν
3675 2811 3814 2868 ἐδεί-

2212 2921 2331 2954 κνυε
2362 2902 2473 2974 (43)
2512 2906 2606 2960 τήν
2654 2900 2964 2976 ἀγριότητα·
3015 2902 3075 2955 οὐ
3108 2908 3371 2976 συνήγαγε
3409 2908 3532 2966 τοὺς
3561 2907 3814 2979 καρποὺς,

2213 2995 2304 3044 καὶ
2352 2999 2447 3053 τῆς
2497 2990 2791 3054 πλεονεξίας
2846 2989 2954 3050 ἤδη
3014 2990 3128 3064 εἶχε
3184 2996 3242 3045 τό
3307 3001 3490 3068 κρῖμα.
3548 2993 3605 3046 Ἠ
3632 2996 3816 3068 μενγή

444 3093 649 3145 tamen
688 3084 751 3140 in
796 3086 1175 3139 antecessum
1210 3078 1503 3136 feritatem
1538 3077 2109 3146 ostendit;necdum

2218 3077 2480 3143 ἐδεξιοῦτο
2538 3088 2648 3143 τοῖς
2705 3079 2966 3155 ἑκφορίοις
3017 3081 3202 3144 αὐτῆς
3249 3080 3391 3155 βαθὺ
3439 3086 3529 3156 μὲν
3586 3081 3635 3135 ἐν
3707 3089 3824 3145 ταῖς

446 3176 678 3236 fructus
716 3171 975 3242 collegit,
1004 3174 1062 3225 et
1094 3168 1225 3241 jam
1256 3166 1521 3224 avaritiae
1560 3166 2108 3224 condemnabatnr.

449 3270 627 3326 Terra
642 3262 891 3337 quidem
916 3260 977 3315 in
1003 3258 1266 3315 ferendis
1286 3257 1342 3314 ei
1369 3256 1663 3313 fructibus
1691 3255 1963 3312 officiosa
1980 3255 2109 3324 fuit,

453 3355 710 3412 densam
725 3353 783 3406 in
798 3348 953 3407 arvis
969 3352 1230 3419 segetem
1246 3350 1744 3419 przemonstrans,
1760 3345 1967 3402 botros
1984 3344 2085 3418 plu
2100 3375 2114 3385 -

452 3445 643 3503 rimos
675 3439 968 3499 exhibens
996 3438 1059 3494 in
1089 3434 1469 3509 palmitibus,
1494 3449 1732 3509 ponens
1780 3434 1860 3491 ob
1903 3434 2113 3491 oculos

457 3534 653 3592 oleam
669 3531 862 3587 fructu
874 3531 1225 3594 scatentem,
1243 3540 1548 3598 omneque
1559 3523 1907 3581 deliciarum
1923 3539 2116 3595 genus

458 3640 534 3681 ex
560 3621 851 3681 arborum
871 3616 1167 3674 fructibus
1187 3614 1568 3688 promittens.
1593 3612 1694 3670 Ille
1734 3629 1880 3671 vero
1916 3629 2117 3686 neque

459 3713 651 3773 comis
683 3716 793 3781 est,
823 3723 1022 3781 neque
1051 3706 1449 3762 fructuosus:
1475 3703 1755 3760 nondum
1796 3703 2002 3767 habet,
2060 3707 2120 3759 et

452 3805 583 3877 jam
611 3786 1192 3868 invidetegentibus.
1229 3797 1296 3850 Et
1324 3792 1576 3866 quidem
1615 3793 1983 3866 frugesquot
2011 3808 2119 3866 pe-

457 3891 660 3952 riculis
678 3887 960 3946 obnoxiae
983 3890 1143 3955 sunt,
1172 3883 1529 3955 priusquam
1556 3881 1955 3954 colligantur?
1967 3881 2119 3939 Nam

459 3987 519 4040 et
542 3978 777 4053 grando
828 3976 1187 4049 plerumque
1233 3970 1580 4041 confringit,
1632 3975 1691 4028 et
1737 3975 1916 4028 aestus
1962 3971 2123 4045 rapit

460 4069 678 4128 mediis
697 4083 771 4123 ex
801 4062 1109 4130 manibus,
1136 4065 1194 4117 et
1222 4058 1453 4133 pluvia,
1481 4059 1902 4133 intempestive
1938 4076 1969 4116 e
2012 4076 2121 4116 nu-

459 4158 642 4217 bibus
662 4168 1012 4226 erumpens,
1041 4151 1273 4207 fructus
1294 4147 1536 4205 inutiles
1589 4147 1787 4205 efﬁcit.
1833 4149 1986 4215 Quid
2018 4150 2124 4220 igi-
2164 4152 2167 4155 ’

2220 3168 2469 3245 ἀρούραις
2496 3166 2854 3245 προδεικνῡσα
2891 3174 2949 3223 τό
2979 3169 3139 3229 λήϊον·
3190 3170 3349 3224 πολὺν
3394 3167 3453 3224 δι
3501 3174 3587 3224 τὸν
3628 3169 3823 3246 βότρυν

2220 3260 2347 3334 ὑπὲρ
2404 3258 2680 3332 κλημάτων
2734 3258 3078 3333 ἐμφαίνουσα·
3135 3258 3407 3335 βρύουσαν
3435 3256 3495 3314 δε
3543 3269 3616 3331 τῷ
3640 3268 3825 3334 καρπῷ

2221 3352 2315 3407 τήν
2356 3346 2527 3400 ἐλαίαν
2575 3354 2933 3424 παρεχομένη,
2994 3354 3084 3402 καὶ
3150 3355 3327 3402 πᾶσαν
3411 3348 3823 3423 ἐπαγγελλομένη

2222 3443 2315 3497 τήν
2374 3436 2426 3501 ἐξ
2482 3434 2787 3514 ἀκροδρύων
2835 3444 3027 3515 τρυφήν
3071 3442 3204 3511 (Ηγ
3246 3440 3272 3492 ὁ
3314 3436 3373 3493 δὲ
3404 3435 3612 3503 ἀδέξιος
3640 3436 3701 3499 ἦν
3736 3443 3826 3491 καὶ

2224 3529 2479 3603 ἄκαρπος,
2532 3531 2675 3581 οὔπω
2720 3531 2877 3601 ἔχων,
2931 3533 3021 3581 καὶ
3078 3524 3186 3588 ήδη
3240 3527 3541 3602 βασκαίνων
3567 3536 3678 3592 τοῖς
3718 3547 3828 3581 σεο-

2224 3621 2415 3691 μίνοις.
2479 3621 2662 3670 Καίτοι
2715 3622 2873 3671 πόσοι
2920 3614 3156 3670 κίνδυνοι
3207 3621 3309 3694 πρὸ
3352 3626 3447 3680 τῆς
3495 3614 3828 3692 συγκομιδῆς

2226 3715 2325 3759 τῶν
2368 3705 2622 3780 καρπὼνι
2660 3710 2759 3759 Καὶ
2804 3709 2903 3781 γὰρ
2953 3711 3044 3759 καὶ
3112 3706 3330 3779 χάλαζα
3379 3705 3685 3774 κατέκλασε,
3739 3709 3829 3757 καὶ

2228 3799 2443 3847 καὺσωυ
2492 3797 2723 3868 ἣρπασεν
2787 3793 2842 3846 ἐκ
2903 3798 3075 3867 μέσων
3152 3803 3252 3846 τῶν
3300 3803 3492 3869 χειρῶν
3549 3795 3682 3867 (45),
3741 3798 3831 3845 καὶ

2230 3879 2396 3957 ὕδωρ,
2445 3885 2588 3958 παρὰ
2652 3886 2834 3958 καιρόν
2883 3882 2939 3936 ἐκ
3012 3892 3173 3956 νεφῶν
3242 3883 3499 3959 ἑπιρρυὶν,
3568 3884 3833 3957 ήχρείωσε

2230 3975 2353 4032 τοὺς
2408 3973 2658 4047 καρπούς.
2702 3971 2778 4023 Οὐ
2818 3974 3095 4047 προσεύχῃ
3152 3968 3239 4024 οὖν
3288 3981 3360 4044 τῷ
3402 3977 3577 4047 Κυρίῳ
3638 3970 3835 4041 τελειωτ

2235 4063 2388 4120 θῆναι
2432 4065 2527 4120 τήν
2574 4062 2736 4135 χάριν
2770 4076 2785 4128 ;
2821 4060 2975 4113 Ἀλλὰ
3033 4059 3431 4135 προλαμϐάνων,
3480 4063 3696 4113 σεαυτὸν
3754 4057 3837 4110 ἀν-

2234 4151 2377 4215 άξιον
2400 4158 2566 4212 ποιεῖς
2593 4158 2690 4211 τῆς
2719 4147 3000 4224 ὑποδοχῆς
3030 4159 3131 4203 τῶν
3164 4147 3502 4224 δειχθέντων.

463 4253 557 4305 tur
606 4243 931 4301 Dominum
989 4254 1111 4296 non
1138 4253 1343 4309 rogas,
1378 4240 1444 4293 ut
1472 4252 1697 4293 munus
1738 4252 1918 4293 suum
1948 4244 2331 4298 consummet
2357 4256 2428 4297 ac
2456 4238 2728 4314 perﬁciat
2752 4240 2780 4296 Ἰ
2810 4244 2936 4297 lmo
2964 4255 3108 4297 vero
3132 4240 3195 4297 in
3222 4244 3605 4297 antecessum
3633 4239 3838 4297 reddis

460 4342 517 4395 te
546 4334 888 4405 indignum,
915 4329 1019 4403 qui
1039 4330 1481 4402 premonstrata
1509 4325 1789 4399 recipias.

534 4432 587 4483 6.
612 4428 676 4482 Et
697 4428 757 4480 tu
787 4420 1035 4495 quidem
1056 4418 1120 4474 in
1150 4415 1384 4473 occulto
1414 4421 1617 4473 tecum
1664 4415 1954 4490 loqueris,
1985 4435 2110 4476 ver-

2301 4419 2355 4476 6.
2388 4424 2489 4474 Καὶ
2517 4423 2582 4473 σὺ
2611 4423 2700 4494 μὲν
2741 4424 2789 4474 εν
2833 4429 2905 4493 τῷ
2948 4430 3162 4497 κρυπτῷ
3196 4420 3365 4483 λαλεῖς
3405 4428 3628 4493 σεαυτῷ,
3674 4423 3739 4473 τὰ
3775 4416 3833 4473 δε

459 4516 542 4575 ba
561 4530 703 4573 vero
725 4511 901 4569 tuain
920 4506 1071 4566 coelo
1092 4504 1541 4581 expenduntur.
1565 4507 1948 4581 Quapropter
1974 4508 2117 4565 inde

460 4603 684 4679 accipis
704 4614 1022 4674 responsa.
1047 4599 1339 4664 Quaenam
1365 4598 1557 4652 autem
1588 4600 1745 4668 sunt,
1770 4612 1909 4669 quas
1930 4597 2119 4655 dicit?

531 4786 646 4856 (37)
677 4779 879 4839 Codex
904 4775 1084 4856 Goisl.
1109 4773 1446 4856 cum_Q9_lb.
1479 4776 1680 4856 unoe‘t
1710 4789 1849 4830 eum
1871 4773 2118 4856 duobus

459 4843 656 4929 Regiis
685 4858 770 4929 τὸν
812 4848 1188 4929 παραρρέοντα.
1243 4845 1395 4929 Editi
1426 4843 1804 4929 περιρῥέσυτα,
1859 4859 1984 4903 non
2036 4844 2121 4905 ita

458 4915 638 4987 recie.
668 4928 821 4983 Mox.
851 4915 999 4991 R'eg'I
1038 4918 1271 4991 primus
1300 4921 1389 4969 καὶ
1420 4915 1759 4991 ἐκλὶμνᾶζων.

529 5002 644 5071 (38)
670 4987 1022 5071 Δ(ΣοΠΜει-ίίῗιι
1040 4987 1425 5071 ἐεςιιιιάιιβεῑ
1446 4987 1648 5071 tertius
1697 4993 1755 5071 et
1808 4989 1949 5071 Reg.
1995 4990 2117 5071 pri.

459 5058 598 5128 mils
628 5058 847 5141 ’βιαίως
904 5061 1238 5141 ἀποληφθεὶς.
1293 5058 1670 5141 .Alit‘lnglb.
1719 5058 2114 5141 iugohtpétig.

461 5142 612 5200 Editi
641 5130 698 5196 et
729 5141 870 5203 Reg.
901 5130 1111 5191 tertius
1141 5130 1526 5203 ἐναποληφοείς,
1558 5130 1733 5187 bene.
1790 5132 1922 5187 Mox
1957 5130 2117 5189 unus

459 5231 574 5272 ms.
598 5231 679 5273 τις
701 5202 951 5262 ἐπελόὡν.
979 5204 1140 5260 Alius
1162 5202 1411 5256 ὑπελθών.

533 5272 852 5357 (39)Ες1ἰίὶ
900 5278 929 5357 ᾖ
970 5275 1204 5357 ἐκείνας,
1283 5277 1582 5357 (δοιιοιιιπθἶ
1657 5272 1815 5330 Libri
1890 5279 2117 5357 veteres

462 5346 645 5421 ἐκεὶναζ
700 5348 1040 5408 emendate.
1086 5346 1411 5419 Aliquanto
1450 5349 1588 5417 post
1613 5360 1755 5400 mss.
1790 5347 2065 5403 nonnulli
2090 5350 2116 5399 ὁ

505 5449 551 5481 εν
584 5444 765 5481 εγετω.

461 5449 551 5503 μεν
584 5448 765 5499 εχει-ω.
1037 5490 1047 5499 .
1083 5489 1094 5500 '
1289 5488 1299 5498 '

535 5502 649 5567 (40)
701 5495 802 5567 Hie
847 5492 908 5549 in
955 5489 1129 5567 editis
1185 5487 1404 5567 legitur
1444 5490 1815 5567 napizsrz,_at
1850 5487 2113 5567 in‘vete-

460 5560 642 5627 ribus
660 5566 825 5622 libris
856 5562 1146 5633 scriptum
1192 5560 1534 5634 invenimus
1586 5560 1867 5634 παρέξετεη
1906 5561 2117 5634 Statim

462 5641 644 5703 editio
671 5635 841 5697 Basil.
870 5640 929 5692 ct
957 5630 1061 5691 sex
1092 5648 1234 5688 mss.
1258 5632 1431 5705 ὥσπερ
1454 5630 1691 5705 ποταμῷ.
1722 5630 1911 5689 Editio
1931 5633 2114 5690 Paris.

2227 4510 2437 4585 ῥήματά
2496 4528 2590 4563 σου
2631 4509 2680 4563 ἐν
2736 4508 2938 4587 οὐρα-νῷ
2989 4508 3356 4585 δοκιμάζεται.
3419 4513 3515 4564 Διά
3561 4515 3715 4563 τοῦτό
3749 4530 3835 4563 σοι

2228 4598 2417 4653 ἐκεῖθεν
2475 4601 2529 4653 αἱ
2574 4598 2878 4676 ἀποκρίσεις
2912 4599 3020 4674 (46)
3069 4604 3337 4677 ἔρχονται·
3395 4605 3525 4653 Τίνα
3593 4596 3654 4653 δέ
3720 4599 3833 4653 ἐστι

2228 4780 2401 4854 Qui}:
2431 4780 2533 4854 γὰρ
2564 4775 2804 4853 ποταμῷ.
2834 4779 2928 4851 (At
2947 4794 3080 4854 nos,
3102 4778 3467 4854 mssrsccuti
3497 4777 3833 4854 delevimus

2227 4832 2381 4907 illud
2405 4832 2529 4925 7529',
2562 4832 2802 4977 ῳιιρέρέ
2826 4832 3377 4932 amissisamisis
3393 4832 3626 4907 "turba—ti
3649 4832 3827 4932 ἰξιῖᾗῖ

2298 4924 2406 4977 (41)
2435 4923 2596 4977 Unus
2618 4937 2688 4977 eo
2738 4938 2807 4977 cx
2830 4922 2995 4977 Colb.
3029 4926 3197 4977 οικίας
3239 4922 3655 4977 κατασγίξεσοε.
3681 4922 3827 4977 Edlli

2298 4922 2419 4995 (illi
2435 4922 2596 4978 Unus
2618 4922 2807 4978 codex
2830 4922 2995 4995 Cle.
3029 4922 3197 4984 οἰκίας
3239 4922 3655 4995 κατασχίξεσθε.
3681 4922 3833 4979 Edili

2227 4997 2285 5048 et
2314 4991 2412 5066 alii
2445 5009 2597 5066 mss.
2625 4993 3080 5066 κατασχίζεσθαι.

2443 5063 2600 5167 λέμὶῑί
2624 5063 2761 5120 libri
2790 5063 3023 5167 vetere:
3036 5065 3289 5167 πλουσίου
3336 5065 3737 5167 πρλοαπαντοὲτω.

2321 5135 2625 5210 ~i3)_Unus
2665 5152 2791 5210 ms.‘
2824 5136 3093 5210 προλαϐὼν
3138 5134 3505 5195 ἐδείκνυ.’Νθο
3532 5137 3613 5194 ita
3646 5136 3833 5194 multo

2226 5178 2384 5281 inira
2395 5197 2540 5281 ίάιιο-
2553 5223 2722 5281 ρης.
2747 5192 3330 5281 κλημᾷτων-φαίνουσα.

2299 5278 2413 5356 (li)
2442 5277 2614 5356 qub,
2633 5277 2866 5356 primus
2886 5277 3827 5356 ἀκροδρύων-τροφήνηᾳζεξνηϐζὶίωη.

2228 5348 2437 5434 statim
2467 5348 2572 5434 ubi
2594 5348 2664 5431 in
2693 5349 2870 5434 editis
2889 5348 3167 5434 corrupte
3188 5348 3406 5434 legitur
3434 5348 3622 5434 ’δεξιός
3645 5351 3830 5434 inve-

2228 5419 2513 5496 toribuin
2519 5419 2641 5496 bris
2654 5421 2909 5477 emenda
2921 5428 2972 5479 te
2984 5417 3276 5496 scripturn
3288 5423 3587 5496 invenitur
3598 5417 3774 5485 ἀδέξιο
3786 5441 3826 5483 ς.

2295 5491 2403 5562 (45)
2420 5490 2584 5569 ΔΕ(ξῇἰὶ
2695 5496 2861 5569 μέσον
2889 5503 2988 5546 τῶν
3011 5490 3232 5569 χειρῶν,
3260 5500 3330 5549 At
3354 5510 3501 5551 mss.
3525 5492 3578 5546 ἐκ
3629 5497 3824 5567 μέσων.

2225 5562 2578 5639 quleb.
2605 5562 2811 5619 tertius
2840 5564 2940 5617 ἀπὸ
2965 5562 3144 5639 νέεᾷὼὺ.

2296 5635 2406 5707 (46)
2434 5635 2597 5691 Unus
2618 5650 2761 5692 mss.
2795 5656 2877 5689 σοι
2908 5642 2997 5689 καὶ
3023 5634 3079 5689 αἱ
3109 5640 3412 5714 ἀποκρίσεις
3446 5635 3654 5693 ἐκεῖθεν.
3713 5634 3827 5692 lbi-
