4124 6418
374 325 478 382 279

1729 323 1791 383 S.
1833 321 2092 381 BASILII
2145 325 2387 384 MAGNI.

3638 338 3745 394 280

369 447 518 504 tales
548 447 784 505 Domini
827 448 1259 522 responsiones
1302 449 1555 507 abiisset
1583 464 1847 507 moerens
1871 449 1938 516 ³³,
1980 446 2032 504 si

2157 460 2527 525 ταφρονητικῶς
2551 453 2667 525 (66)
2703 456 2843 526 αὑτῳ
2899 463 3134 530 προσῆγε
3196 457 3291 518 τὰς
3340 459 3569 521 πεύσεις.
3633 465 3746 514 Διό-

370 551 510 593 cum
540 541 892 611 contemptu
916 538 1121 611 ipsum
1150 538 1601 611 interrogasset.
1620 536 2032 605 Quamobrem

369 627 612 686 animus
643 626 802 684 illius
839 627 1007 686 velut
1035 628 1396 686 commistus
1437 629 1617 686 nobis
1645 628 1813 684 visus
1862 630 1951 684 est
1979 629 2036 683 et

367 715 594 788 varius,
623 722 688 773 ut
717 718 824 789 qui
853 718 1073 790 partim
1100 719 1283 778 laude
1313 719 1562 791 dignus,
1589 718 1809 792 partim
1830 716 2036 774 miser-

368 804 560 863 rimus
592 823 663 863 ac
691 806 944 864 omnino
975 809 1331 882 desperatus
1361 824 1398 866 a
1422 809 1727 881 Scriptura
1755 806 2036 863 exhibea-

368 898 467 952 tur
490 898 555 952 1³.
606 899 758 954 Nam
816 913 998 954 nosse
1036 898 1402 969 magistrum
1432 914 1670 966 verum,
1697 902 1878 970 atque
1906 895 2038 952 reli-

369 988 465 1042 cta
495 985 940 1043 Pharisaeorum
968 986 1275 1060 superbia,
1310 991 1368 1044 et
1396 986 1881 1061 legisperitorum
1905 984 2037 1058 opi-

367 1075 571 1143 nione,
600 1080 657 1132 et
683 1076 1022 1134 scribarum
1046 1076 1726 1150 turba,appellationem
1746 1075 1904 1132 hanc
1923 1074 2038 1131 soli

366 1180 511 1221 vero
541 1181 613 1222 ac
641 1165 806 1223 bono
827 1166 1113 1239 magistro
1140 1166 1545 1235 tribuere,hoc
1567 1171 1694 1223 erat
1716 1163 1885 1239 quod
1908 1163 2037 1221 lau-

369 1254 650 1312 dabatur.
684 1259 1080 1329 Pretereaque
1110 1256 1303 1313 videri
1341 1256 1688 1326 sollicitum,
1719 1252 2035 1328 quomodo

369 1348 658 1402 aeternam
687 1346 874 1401 vitam
907 1345 1364 1419 adipisceretur,
1391 1344 1509 1401 hoc
1537 1360 1786 1417 quoque
1814 1342 2034 1416 proba-

366 1439 499 1491 tum
525 1438 655 1491 erat
683 1439 741 1491 et
758 1434 940 1491 laude
969 1434 1248 1505 dignum.
1266 1436 1509 1499 Contra,
1528 1433 1675 1495 illud
1691 1434 1824 1504 jam
1844 1431 2040 1505 aperit

367 1527 560 1580 totum
581 1524 711 1594 ejus
733 1522 1033 1594 animum,
1062 1538 1188 1579 non
1219 1522 1388 1595 quod
1416 1538 1558 1579 vere
1589 1522 1822 1579 bonum
1848 1524 2034 1591 esset,

368 1610 475 1667 sed
499 1610 667 1684 quod
697 1610 882 1683 vulgo
909 1611 1219 1682 arrideret,
1251 1614 1648 1684 spectantem,
1679 1609 1846 1683 quod
1872 1608 2035 1665 vide-

365 1698 501 1757 licet
543 1700 831 1759 salutaria
873 1700 1270 1766 documenta,
1301 1716 1436 1773 quae
1487 1716 1525 1756 a
1568 1699 1861 1770 magistro
1892 1713 2037 1755 vero

2140 559 2234 615 περ
2292 543 2444 594 οἱονεὶ
2499 545 2684 615 μικτόν
2732 542 2894 595 αὐτοῦ
2942 547 3000 596 τὸ
3060 541 3187 606 ἦθος
3243 547 3368 618 ἡμῖν
3428 544 3745 620 ἀνεφαίνετο·

2140 638 2210 688 πῆ
2244 633 2335 702 μεν
2365 629 2625 684 ἆπαινετόν
2675 628 2947 694 δεικυντος
2990 640 3083 685 τοῦ
3131 632 3310 705 λόγου,
3361 643 3433 694 πῆ
3483 633 3542 689 δὲ
3596 636 3747 690 ἀθλι-

2143 724 2336 771 ώτατον
2388 725 2478 773 καὶ
2532 723 2700 779 πάντη
2757 720 3167 794 ἀπεγνωσμένον.
3209 726 3281 776 Τό
3326 727 3416 797 μεν
3468 728 3570 801 γὰρ
3618 747 3748 799 γνω-

2141 812 2291 882 ρίσαι
2336 813 2423 861 τόν
2471 808 2677 872 ἀληθῶς
2743 806 3068 863 διδάσκαλον
3100 813 3233 884 (67),
3292 818 3383 866 καὶ
3429 815 3748 889 παρελθόντα

2142 901 2236 955 τὴν
2284 904 2578 973 Φαρισαίων
2629 897 2947 968 ἀλαζονείαν,
3002 906 3093 954 καὶ
3134 910 3357 975 νομικῶν
3414 907 3608 973 οἶησιν,
3658 925 3747 958 και

2141 991 2488 1060 γραμματέων
2542 987 2699 1059 ὄχλον
2754 989 2891 1057 (68),
2964 993 3058 1047 τὴν
3128 996 3492 1067 προσηγορίαν
3558 996 3747 1062 ταύτη,

2144 1073 2405 1129 ἀναθεῖναι
2455 1085 2528 1148 τῷ
2556 1080 2695 1149 μόνῳ
2743 1075 2969 1149 ἀληθινῷ
3024 1083 3114 1131 καὶ
3176 1078 3357 1153 ἀγαθῷ
3408 1077 3746 1154 διδασκάλῳ,

2141 1173 2296 1218 τοῦτο
2346 1162 2405 1223 ἦν
2454 1165 2479 1218 ὁ
2526 1164 2782 1240 ἐπῃνεῖτο.
2839 1172 2939 1220 Καὶ
2992 1166 3166 1241 μέντοι
3208 1173 3266 1221 τό
3316 1178 3537 1243 φανῆναι
3592 1192 3749 1245 φρον-

2143 1251 2293 1321 τίδος
2343 1254 2488 1317 ἄξιον
2544 1259 2849 1329 ποιούμενον
2913 1265 3025 1318 πῶς
3081 1258 3141 1309 ἂν
3202 1258 3604 1333 κληρονομήσας
3651 1270 3749 1325 τῆς

2145 1340 2354 1396 αἰωνίου
2388 1345 2557 1413 ζωῆς,
2593 1342 2883 1399 ἀποδεκτόν
2928 1351 3018 1399 καὶ
3064 1355 3238 1403 τοῦτο.
3295 1349 3485 1402 Ἐκεῖνο
3535 1346 3603 1409 δὴ
3636 1350 3751 1402 λοι-

2144 1437 2240 1487 πόν
2280 1432 2484 1506 ἐλέγχει
2527 1434 2688 1487 αὐτοῦ
2736 1440 2830 1494 τὴν
2869 1435 2992 1493 ὃλην
3039 1442 3367 1511 προαίρεσιν,
3408 1438 3468 1490 οὐ
3515 1441 3647 1513 πρὸς
3692 1442 3751 1491 τὸ

2146 1521 2402 1586 ἀληθινῶς
2437 1523 2592 1576 καλὸν
2641 1523 3057 1592 ἀποϐλέπουσαν,
3110 1524 3240 1579 ἀλλὰ
3289 1530 3349 1579 τό
3394 1535 3506 1589 τοῖς
3546 1527 3754 1591 πολλοῖς

2145 1611 2364 1687 ἀρέσκον
2446 1621 2891 1687 περισκοποῦσαν-
2973 1618 3052 1681 τὸ,
3134 1617 3368 1689 μαθόντα
3445 1619 3590 1691 παρὰ
3660 1623 3753 1669 τοῦ

2149 1700 2395 1760 ἀληθινοῦ
2454 1699 2790 1756 διδασκάλου
2848 1699 3140 1777 μαθήματα
3194 1711 3469 1779 σωτήρια,
3529 1710 3601 1778 μὴ
3663 1704 3754 1778 ἔγ·-

366 1788 679 1859 didiccrat,
739 1806 863 1847 non
902 1790 1283 1863 inscripserit
1334 1790 1395 1846 in
1439 1805 1551 1846 suo
1595 1789 1799 1856 corde,
1838 1803 2038 1860 neque

2157 1791 2350 1866 γράψαι
2396 1800 2457 1864 τῇ
2520 1792 2708 1845 ἑαυτοῦ
2764 1790 2983 1868 καρδίᾳ,
3039 1790 3179 1867 μηδὶ
3224 1794 3295 1856 εἰς
3341 1798 3493 1870 ἔργρν
3543 1794 3753 1867 ἀγαγεῖν

367 1879 709 1937 doctrinam
731 1884 1049 1937 exsecutus
1071 1879 1279 1950 sit,sed
1305 1879 1572 1937 avaritiae
1598 1878 1747 1935 vitio
1769 1876 2039 1934 obcaeca-

368 1972 466 2025 tus
495 1985 637 2026 cum
667 1969 954 2025 mtestitia
980 1968 1215 2025 abierit.
1263 1972 1383 2025 Hoc
1406 1968 1568 2025 enim
1592 1983 1736 2025 eum
1769 1967 2041 2040 inaequa-

368 2052 490 2110 lem
518 2052 705 2111 fuisse
731 2053 1007 2110 moribus
1028 2069 1141 2110 nec
1164 2070 1373 2110 secum
1398 2052 1778 2110 consensisse
1800 2051 2037 2125 probat.

373 2143 726 2215 Magistrum
751 2159 938 2200 vocas
964 2145 1029 2213 ιε,
1054 2158 1166 2201 nec
1196 2148 1401 2201 tamen
1429 2142 1875 2216 discipulorum
1906 2156 2042 2214 par-

370 2236 459 2290 tes
489 2231 663 2303 agis?
713 2234 947 2289 Bonum
977 2233 1366 2304 conﬁteris",
1409 2236 1469 2289 et
1510 2248 1582 2289 ea
1611 2247 1749 2305 quae
1793 2230 1902 2287 dat
1949 2246 2043 2288 re-

373 2320 588 2394 spuis?
617 2318 796 2396 Atqui
834 2321 886 2378 is
916 2323 1020 2395 qui
1046 2322 1250 2379 bonus
1279 2325 1396 2388 est,
1439 2320 1603 2378 idem
1634 2320 1907 2395 profecto
1938 2319 2046 2377 bo-

372 2425 590 2467 norum
620 2415 710 2468 est
736 2410 1009 2481 largitor.
1044 2413 1112 2467 Et
1144 2410 1482 2481 interrogas
1525 2409 1777 2484 quidem
1820 2408 1895 2465 de
1921 2409 2047 2466 vita

378 2504 603 2556 aeterna
626 2502 666 2535 ¹⁷
697 2518 710 2556 :
754 2500 863 2557 sed
892 2505 1053 2557 totus
1083 2500 1398 2574 praesentis
1445 2499 1580 2556 vitae
1610 2498 1841 2556 deliciis
1871 2498 2045 2556 addi-

383 2594 514 2645 ctus
569 2588 1063 2662 deprehenderis.
1098 2590 1395 2647 Caeterum
1438 2588 1758 2663 quodnam
1793 2588 2049 2646 verbum

382 2679 707 2736 molestum
729 2683 834 2736 aut
854 2685 1169 2751 grave,aut
1189 2680 1344 2737 adeo
1363 2679 1740 2737 intolerabile
1758 2680 2050 2750 magister

384 2769 741 2844 proposuit?
777 2770 974 2827 Vende
1003 2785 1135 2842 qua
1163 2770 1366 2837 habes,
1397 2774 1452 2827 et
1482 2770 1563 2827 da
1588 2770 1956 2841 pauperibus
1980 2769 2048 2825 ³³.

385 2859 443 2916 Si
467 2859 884 2932 proposuisset
909 2858 1017 2916 tibi
1045 2859 1428 2929 agricultura;
1456 2859 1718 2926 labores,
1752 2862 1856 2916 aut
1881 2874 2048 2916 mer-

386 2954 608 3005 caturae
638 2947 930 3022 p-ricula,
975 2953 1079 3007 aut
1109 2949 1261 3007 alias
1292 2950 1541 3024 quasvis
1571 2949 1885 3007 molestias
1914 2964 2051 3022 qum

387 3039 628 3096 lucrum
654 3040 1026 3097 sectantibus
1053 3040 1359 3112 accidunt,
1394 3039 1715 3113 oportebat
1742 3045 1799 3096 te
1830 3054 2054 3113 praece-

2147 1884 2215 1934 τὰ
2261 1877 2603 1954 διδάγματα,
2665 1880 2774 1934 ἀλλ’
2831 1880 3067 1936 ἀπελθεῖν
3117 1882 3437 1956 ἀθυμοῦντα,
3482 1892 3555 1955 τῷ
3602 1886 3758 1957 μάθει

2148 1979 2244 2032 τῆς
2297 1969 2667 2044 φιλοπλουτίας
2721 1970 3089 2045 ἐσκοτωμένον.
3160 1980 3326 2025 Τοῦτο
3384 1970 3444 2026 δὲ
3498 1977 3592 2032 τὴν
3646 1972 3759 2043 (69)

2152 2059 2444 2133 ἀνωμαλίαν
2491 2069 2591 2113 τῶν
2642 2065 2878 2134 τρόπων,
2933 2066 3023 2113 καί
3074 2064 3134 2115 τὸ
3170 2065 3300 2136 πρὸς
3343 2062 3521 2115 ἑαυτον
3579 2060 3760 2135 ἀσύμ-

2152 2169 2312 2222 φωνον
2372 2147 2669 2221 ἀπελέγχει.
2722 2146 3051 2202 Διδάσκαλον
3107 2149 3291 2222 λέγεις,
3342 2155 3432 2204 καὶ
3479 2152 3546 2203 τὰ
3591 2153 3760 2223 μαθη-

2151 2248 2251 2292 τῶν
2295 2238 2353 2292 οὑ
2395 2247 2599 2303 ποιεῖς;
2654 2239 2873 2311 Ἀγαθὸν
2921 2238 3208 2312 ὁμολογεῖς,
3258 2244 3348 2292 καὶ
3393 2243 3459 2292 τὰ
3502 2236 3761 2312 διδόμενα

2152 2332 2473 2403 παραπέμπη
2526 2329 2680 2399 (70);
2732 2334 2920 2381 Καίτοι
2977 2330 3003 2382 ὃ
3045 2348 3106 2401 γε
3155 2328 3349 2401 ἀγαθός
3393 2328 3599 2402 ἀγαθῶν
3646 2328 3759 2381 ἐστι

2153 2421 2467 2493 παρεκτικός
2525 2413 2771 2476 δηλονότι
2806 2461 2820 2475 .
2908 2422 3009 2471 Καὶ
3075 2416 3269 2491 ἐρωτᾷς
3331 2421 3422 2492 μὶν
3481 2424 3601 2493 περὶ
3663 2426 3760 2480 τῆς

2156 2507 2365 2560 αἰωνίου
2425 2506 2583 2567 ζπῆςο
2645 2504 2833 2579 ἐλέγχῃ
2894 2502 2954 2559 δε
3015 2505 3129 2568 ὅλος
3184 2514 3246 2579 τῇ
3302 2507 3416 2577 (³71)
3476 2504 3761 2559 ἀπολαύσει

2156 2596 2247 2649 τοῦ
2296 2599 2550 2671 παρόντος
2603 2593 2725 2667 βίου
2781 2590 3220 2669 προσδεδεμένας.
3271 2600 3335 2649 Τί
3361 2591 3421 2648 δέ
3472 2614 3557 2647 σοι
3607 2594 3764 2667 χαλε-

2158 2686 2327 2753 πόν,ἢ
2364 2683 2525 2758 βαρὺ,
2557 2684 2587 2743 ᾖ
2644 2685 2929 2758 ὑπέρογκον
2981 2685 3129 2759 ῥῆμα
3186 2686 3212 2737 ὁ
3271 2680 3601 2746 διδάσκαλος
3629 2703 3763 2757 προ-

2162 2779 2437 2842 ετείνατο;
2516 2772 2765 2830 Πώλησόν
2840 2793 2935 2826 σου
2987 2776 3055 2826 τὰ
3110 2774 3443 2849 ὑπάρχοντα,
3512 2778 3601 2826 καὶ
3672 2769 3767 2836 δὸς

2162 2869 2435 2935 πτωχοῖς.
2488 2866 2548 2916 Εἰ
2597 2881 2683 2914 σοι
2743 2861 2994 2936 προέϐαλε
3060 2867 3250 2925 πόνους
3318 2866 3672 2937 γεωργικοὺς,
3733 2864 3763 2919 ἦ

2161 2956 2284 3015 τοὺς
2312 2951 2364 3015 ἐξ
2407 2950 2659 3026 ἐμπορίας
2706 2946 3006 3018 κινδύνους,
3061 2953 3090 3011 ἡ
3144 2954 3245 3005 ὅσα
3286 2952 3417 3005 ἄλλα
3463 2959 3574 3014 τοῖς
3621 2970 3769 3025 χρη-

2163 3042 2529 3115 ματιζομένοις
2577 3038 2795 3093 ὶπίπονα
2851 3044 3157 3114 πρόσεστιν,
3203 3038 3309 3095 ἔδει
3368 3061 3426 3094 σε
3472 3040 3772 3099 λυπηθῆναι

386 3134 563 3203 ptum
594 3146 751 3203 aegre
800 3129 1091 3188 ferentem
1119 3130 1355 3187 tristitia
1380 3129 1579 3197 afﬁci;
1636 3129 1730 3185 sin
1770 3129 1871 3186 via
1899 3128 2045 3186 adeo

2166 3128 2533 3206 δυσφοροῦντα
2560 3138 2632 3201 τῷ
2677 3128 3013 3201 ἐπιτάγματι-
3056 3130 3101 3183 εἰ
3168 3128 3228 3185 δε
3277 3130 3412 3184 οὕτω
3456 3126 3551 3183 διὰ
3578 3125 3772 3205 ῥᾳδίας

387 3219 566 3291 facili,
600 3235 801 3293 neque
848 3219 1144 3292 laborem,
1202 3236 1402 3294 neque
1452 3219 1741 3276 sudorem
1768 3218 2052 3293 habente,

388 3309 697 3369 bteredem
731 3314 787 3367 te
814 3315 1053 3367 aeternae
1083 3310 1219 3367 vitae
1268 3310 1573 3367 facturum
1622 3325 1685 3366 se
1717 3308 2054 3382 pollicetur,

391 3413 500 3457 cur
528 3413 652 3455 non
679 3398 912 3468 gaudes
940 3398 1020 3455 ob
1046 3398 1393 3456 facilitatem
1425 3397 1655 3468 salutis,
1700 3397 1808 3454 sed
1843 3397 2057 3454 dolens

391 3488 599 3548 animo
629 3494 687 3547 et
713 3505 981 3546 moerens
1020 3489 1303 3559 discedis,
1354 3493 1536 3563 atque
1560 3489 1691 3561 jam
1720 3488 2057 3547 exantlatos

388 3577 630 3636 labores
663 3579 768 3636 tibi
796 3579 1039 3637 inutiles
1065 3579 1275 3636 reddis
1297 3580 1327 3636 ?
1356 3578 1585 3636 Etenim
1633 3578 1682 3634 si
1733 3594 1861 3635 non
1900 3578 2059 3636 occi-

392 3668 550 3741 disti,
584 3674 650 3726 ut
678 3668 768 3726 ais
794 3672 863 3737 ‘9,
893 3685 1090 3744 neque
1132 3669 1502 3727 adulterium
1547 3668 1925 3738 commisisti,
1957 3686 2057 3726 ne-

390 3775 511 3832 que
526 3759 761 3817 furatus
773 3775 1065 3834 es,ncque
1077 3766 1290 3817 contra
1302 3758 1656 3834 quempiam
1671 3758 1895 3815 falsum
1907 3759 2060 3816 testi-

390 3849 667 3906 monium
698 3849 928 3919 dixisti;
971 3850 1368 3907 nihilominus
1399 3852 1602 3905 tamen
1629 3847 1966 3905 adhibitam
1994 3849 2059 3906 in

389 3938 484 4000 his
515 3939 767 4013 agendis
810 3939 1190 4011 diligentiam
1222 3939 1329 3997 tibi
1369 3938 1808 3996 infructuosam
1846 3938 2058 4010 efﬁcis,

2166 3218 2326 3289 ὀδοῦ,
2370 3216 2560 3273 οὐδένα
2588 3223 2741 3272 πόνον
2791 3217 3025 3291 ἐχούσης
3066 3215 3191 3273 οὐδὶ
3241 3215 3462 3293 ἱδρῶτα,
3514 3217 3771 3291 ἐπαγγέλ-

2164 3310 2306 3363 λεται
2339 3328 2395 3362 σε
2423 3308 2739 3383 κληρονόμον
2779 3316 2875 3370 τῆς
2906 3309 3115 3361 αἰωνίου
3147 3308 3289 3371 ζωῆς
3318 3304 3611 3371 ἀποδείξειν
3637 3307 3771 3378 (72),

2167 3398 2226 3452 οὗ
2274 3402 2484 3472 χαίρεις
2529 3404 2590 3470 τῇ
2649 3396 2857 3470 εὐκολίᾳ
2898 3405 2995 3458 τῆς
3041 3401 3341 3472 σωτηρίας,
3399 3395 3505 3449 ἀλλ’
3561 3394 3768 3469 ἀπέρχῃ

2168 3485 2490 3563 ὀδυνώμενος
2517 3491 2613 3546 τὴν
2641 3486 2829 3559 ψυχὴν
2873 3491 2963 3539 καὶ
3009 3488 3226 3555 πενθῶν,
3271 3491 3363 3540 καὶ
3390 3493 3555 3549 ποιεῖς
3615 3505 3775 3539 σεαυ-

2166 3588 2238 3653 τῷ
2316 3581 2574 3653 ἄχρηστα
2644 3579 2818 3630 πάντα
2893 3578 2995 3630 ὅσα
3072 3596 3157 3630 σοι
3235 3580 3646 3653 προπεπόνηται.
3714 3580 3775 3630 Ei

2164 3672 2265 3744 γὰρ
2315 3668 2409 3722 οὐκ
2457 3665 2754 3740 ἐφόνευσας,
2816 3667 2888 3728 ὡς
2960 3669 3024 3719 σὺ
3088 3669 3207 3739 φῇς,
3263 3669 3382 3719 οὔτε
3429 3664 3772 3738 ἐμοιχευσας,

2168 3763 2283 3813 οὔτε
2338 3755 2597 3827 ἔκλεψας,
2668 3759 2786 3808 οὔτε
2832 3756 3305 3831 κατεμαρτύρησάς
3362 3774 3503 3816 τινος
3569 3774 3777 3828 μαρτυ-

2167 3853 2284 3924 ρίαν
2314 3842 2513 3918 ψευδῆ,
2562 3842 2807 3902 ἀνόνητον
2842 3853 3044 3916 σεαυτῷ
3092 3851 3260 3908 ποιεῖς
3305 3848 3400 3903 τὴν
3444 3847 3565 3920 περὶ⁵
3612 3851 3784 3897 ταῦτα

2173 3932 2433 4004 σπουδὴν,
2466 3936 2537 4010 μη
2570 3934 2878 4011 προστιθεὶς
2905 3938 2964 3987 τό
2993 3932 3168 3987 λεῖπον
3199 3935 3341 4007 (73),
3397 3929 3473 3987 δι’
3521 3932 3579 3985 οὗ
3622 3936 3781 4008 μόνον

469 4066 513 4102 ¹³
550 4065 753 4123 Matth.
780 4081 905 4138 XIX,
935 4069 1025 4123 22.
1061 4066 1108 4102 ¹⁸
1137 4065 1284 4123 ibid.
1314 4068 1407 4136 23,
1430 4067 1518 4121 26.
1555 4064 1601 4100 ¹⁵
1626 4062 1777 4120 ibid.
1810 4067 1902 4121 16.
1940 4066 1987 4101 ’θ
2013 4064 2045 4122 i]

2157 4106 2165 4121 .
2207 4064 2249 4099 ¹“¹
2279 4060 2428 4119 ibid.
2460 4061 2504 4113 ιθ
2535 4059 2682 4117 ibid.
2707 4064 2799 4118 2t.
2837 4061 2881 4096 ¹⁹
2903 4058 3054 4116 ibid.
3087 4063 3177 4117 20.

464 4210 584 4284 (66)
615 4208 770 4265 Εάὶιὶ
816 4209 968 4284 εἰ-μη
1013 4229 1500 4284 καταφρονητικῶς.
1551 4210 1623 4264 At
1659 4205 1944 4284 voculam
1988 4213 2059 4282 μή

392 4279 733 4336 delevimus
763 4279 967 4338 mul'tis
998 4279 1306 4338 veteribus
1343 4279 1512 4337 libris
1542 4279 1914 4347 auctoribus,
1945 4279 2060 4337 nec

390 4350 650 4408 dubium
679 4353 826 4425 quin
857 4352 1072 4425 abesse
1103 4353 1341 4410 debeat.
1367 4352 1880 4425 Aliquan_to_p_os_t.
1902 4366 2053 4408 mss.

393 4439 496 4504 se);
527 4426 685 4510 oiost
697 4421 910 4547 ἐιικτςόν.
934 4424 1087 4481 Editi
1115 4427 1268 4478 οἱονεὶ
1291 4421 1886 4498 σύμμιὰονδιιῦἱηάθ
1911 4424 2053 4495 Reg.

393 4509 627 4547 primus
656 4515 686 4547 η
728 4515 783 4547 ος
814 4502 1167 4547 ἀναφαίνεται.

391 4502 628 4570 primus
651 4502 686 4570 ‘7')
697 4502 783 4558 θος
814 4502 1167 4570 ἀναφαίνεται.

465 4566 576 4689 (ιῖῖ)
608 4567 699 4624 Sic
729 4584 879 4624 mss.
906 4561 1114 4626 nostri.
1144 4566 1334 4624 Editio
1363 4581 1512 4624 vero
1553 4570 1640 4619 τόν
1683 4563 1848 4626 ἀληθῆ
1896 4561 2055 4619 διδά-

466 4658 498 4689 α
530 4658 603 4689 ον.

395 4655 603 4695 σκαλον.

462 4712 574 4783 (68)
604 4709 697 4767 Ait
721 4712 995 4783 Ducasus,
1039 4727 1149 4783 pro
1181 4709 1338 4783 ὄχλον
1377 4708 1650 4783 fortasse_
1681 4707 1800 4783 legi
1828 4707 2051 4766 debere

462 4728 574 4783 (οδ)
604 4728 697 4767 an
721 4728 995 4782 uucaeus,
1084 4728 1149 4767 ro
1181 4728 1338 4783 οχ).ον
1377 4728 1630 4766 Iormsse
1681 4728 1800 4781 regi
1828 4728 2050 4766 uenere

389 4783 560 4862 ὄγκον,
592 4788 657 4838 ιιι
681 4782 1019 4862 scribarum
1039 4728 1239 4862 iastus
1278 4798 1416 4862 cum
1448 4780 1738 4854 superbia
1784 4784 1842 4862 et
1885 4796 2050 4862 arro-

387 4853 592 4925 gantia
631 4859 988 4925 caeterorum
1027 4854 1470 4925 conjungatur:
1523 4853 1659 4925 quae
1680 4853 2049 4925 conjectura

385 4923 537 4998 mihi
561 4941 809 4998 quoque
830 4924 1013 4998 valde
1040 4922 1326 4998 placeret,
1362 4924 1414 4998 si
1452 4922 1589 4998 eam
1631 4922 1769 4998 libri
1814 4928 2047 4998 veteres

385 4993 834 5052 conﬁrmarent.
872 4996 1016 5052 Utut
1042 4993 1176 5052 haec
1207 5000 1368 5060 sunt,
1400 4994 1660 5066 legimus
1688 4994 1753 5050 in
1776 4993 2044 5066 vulgatis

386 5066 602 5148 Graecis
632 5066 879 5148 ὄχλῳ-,ω
909 5068 1293 5148 Latinis‘vero
1308 5064 1528 5148 fas-tu:
1544 5066 1605 5122 id
1624 5064 1795 5148 quod
1815 5065 2045 5148 nemini

381 5136 710 5209 probatum
731 5138 802 5194 iri
830 5144 1000 5211 puto.
1033 5142 1152 5195 Aut
1189 5136 1452 5211 enimin
1490 5136 1709 5211 Grrrecis
1748 5137 2041 5211 scriptum

382 5214 733 5280 oportuerat
752 5208 921 5281 ὄγκον,
942 5211 1156 5279 fastu:
1194 5215 1299 5266 aut
1324 5209 1378 5281 isi
1398 5210 1461 5265 in
1490 5210 1575 5265 eis
1596 5225 1709 5265 vox
1732 5208 1891 5280 ὄχλον
1922 5222 2039 5281 ser:

386 5279 641 5347 varetur,
670 5279 1030 5351 vertendum
1060 5281 1170 5338 fuit
1207 5280 1408 5349 turba,
1437 5296 1562 5336 non
1579 5282 1771 5351 fastu.
1798 5282 1913 5336 Nos
1933 5279 2038 5351 qui

377 5366 590 5424 vocem
612 5350 788 5424 ὄχλον,
812 5357 870 5424 et
896 5352 957 5408 in
982 5353 1158 5409 editis
1188 5358 1246 5409 et
1264 5354 1324 5408 in
1342 5350 2036 5424 mss.inVenimus,_eam

374 5420 1090 5549 {eti-nereIeamdemque
1120 5425 1316 5481 Latine
1339 5423 1677 5497 exprimere
1707 5437 1832 5480 non
1861 5420 2036 5478 dubi-

401 5508 659 5549 avrmus.

401 5508 659 5551 avrmus.

447 5566 559 5635 (69)
609 5565 760 5624 Εάίῑί
807 5574 959 5620 τοῦτο
1008 5564 1075 5626 δή
1126 5574 1241 5629 τήν.
1298 5571 1369 5624 At
1408 5583 1563 5624 mss.
1626 5573 1781 5619 τοῦτο
1826 5560 1884 5617 δὲ
1914 5569 2030 5622 τήν.

370 5636 503 5694 MOX
533 5636 697 5696 C011).
730 5638 963 5712 primus
992 5639 1171 5694 ἑαυτὸν
1212 5644 1505 5716 σύμνρωνον,
1548 5638 1724 5698 male.
1766 5635 2035 5696 Subinde

2172 4209 2315 4277 Reg.
2337 4202 2574 4279 primus
2605 4200 2930 4257 διδάσκαλον
2960 4201 3153 4270 καλεῖς,
3185 4207 3276 4255 καὶ
3304 4203 3393 4258 τά.

2243 4296 2358 4366 (70)
2413 4281 2556 4364 Reg.
2588 4293 2822 4367 primus
2867 4289 3124 4367 διδόμενα
3174 4291 3523 4367 ἀποπέμπεις.
3551 4291 3785 4367 Ibidem

2169 4361 2313 4449 editi
2341 4361 2611 4450 καίτοιγεῖ
2639 4368 2714 4450 fit
2741 4382 2889 4422 mss.
2943 4361 3210 4440 quatuor
3250 4361 3425 4418 καίτοι
3455 4366 3567 4436 ὅγε.
3608 4361 3775 4419 Colb.

2168 4443 2402 4511 primus
2431 4443 2606 4490 καίτοι
2632 4443 2738 4492 ὅτε.

2235 4527 2346 4598 (7t)
2374 4528 2611 4582 Veteres
2640 4525 2873 4598 aliquot
2895 4524 3035 4598 libri
3068 4524 3191 4585 ὅλως
3211 4533 3297 4597 τῇ.
3329 4526 3448 4580 Nec
3476 4522 3563 4580 ita
3591 4520 3782 4579 multo

2162 4593 2300 4672 pOSt
2327 4593 2452 4654 duo
2481 4614 2626 4653 mss.
2662 4593 2995 4659 διδάσκαλος
3026 4593 3365 4670 προετείνετο.

2236 4691 2350 4758 (72)
2381 4686 2545 4759 Colb.
2568 4686 2803 4759 primus
2825 4687 2966 4747 ζωῆς
2983 4682 3619 4756 ἀποδεῖξαι.Α11(ιιιιιηῑο
3645 4686 3783 4756 post

2164 4758 2328 4816 idem
2355 4758 2548 4815 codex
2570 4758 2647 4818 ὣς
2679 4761 2770 4829 ἔφη
2784 4778 2824 4820 ς.

2230 4850 2343 4919 (73)
2373 4846 2653 4919 illud,_pi)
2697 4846 3003 4918 προστιθεὶς
3032 4847 3090 4896 τό
3131 4842 3324 4919 λεῖπον,
3374 4841 3524 4898 dum
3551 4842 3778 4919 ita__La-

2157 4914 3496 4988 tinereddiditinterpresvetus,curreliqaum
3509 4914 3777 4988 studium

2157 5006 2278 5046 non
2301 4989 2500 5046 addis:
2525 4988 2704 5057 longe
2722 4985 2973 5059 quidem
2990 5002 3027 5042 a
3048 4985 3346 5059 sententia
3364 4985 3564 5059 Basilii
3578 5000 3775 5059 reces-

2154 5060 2361 5144 sit,sed
2381 5059 2549 5144 quod
2566 5054 3009 5144 sequiiur,6i’o-3'
3024 5061 3183 5140 μόνου
3202 5054 3331 5116 δυνὴ
3344 5055 3677 5144 σηείσελθεῖν
3702 5057 3775 5144 si;

2151 5127 2245 5191 τὴν
2268 5127 2543 5204 βασιλείαν
2564 5127 2670 5183 τοῡ“
2690 5127 3110 5204 Θεου,οιιωγεὶο
3150 5127 3474 5204 expressit,
3507 5143 3622 5200 quo
3642 5128 3773 5204 solo

2150 5205 2248 5261 die
2267 5198 2331 5259 in
2356 5218 2612 5273 regnum
2628 5204 2856 5271 poteris
2878 5202 3132 5271 facilius
3148 5198 3490 5273 pervenire,
3516 5198 3771 5273 omnino

2147 5276 2278 5344 eius
2298 5269 2689 5330 loci'sensu'm
2721 5269 3008 5345 corrupit.
3048 5272 3388 5345 Quidenim
3413 5269 3534 5345 huc
3555 5269 3771 5345 attinet

2144 5340 2265 5402 vox
2284 5345 2532 5415 dies,cuj
2544 5361 2612 5400 us
2635 5359 2711 5400 ne
2733 5340 3051 5416 vestigium
3073 5343 3492 5416 quideminest
3512 5340 3574 5395 in
3600 5342 3767 5396 Grae-

2144 5418 2259 5475 cis?
2272 5412 2587 5483 Quomodo
2602 5420 2803 5472 autem
2815 5412 3254 5472 hiclocus’verli
3268 5412 3587 5474 debeat.ex
3596 5426 3678 5483 no
3690 5425 3769 5466 va

2143 5480 2638 5564 interpretatione
2659 5487 2920 5560 perspici
2938 5490 3159 5564 potest.
3180 5488 3299 5540 Hoc
3316 5483 3459 5564 dicit
3476 5480 3758 5564 pasilius,

2142 5552 2351 5616 inutile
2381 5552 2739 5635 esseialiqiia
2762 5552 3062 5635 praecepta
3084 5570 3350 5635 servare,
3373 5554 3489 5635 nisi
3519 5552 3762 5635 rneliqua

2145 5625 2678 5689 serventur.Mirari
2700 5625 2862 5690 subit
2876 5625 3065 5691 verba
3084 5627 3286 5687 Basilii
3297 5625 3663 5686 Combetisio
3676 5625 3763 5683 vi-
