4124 6386
279 342 375 398 281

1613 334 1906 394 HOMILIA
1944 335 2015 391 IN
2056 337 2325 394 DlVlTES

3551 341 3664 396 282

281 463 485 538 δυνήσῃ
550 463 790 518 εἰσελθεῖν
849 464 918 525 εἰς
969 468 1063 523 τὴν
1115 463 1387 538 βασιλείαν
1441 470 1532 517 τοῦ
1582 469 1734 516 Θεοῦ.
1784 462 1875 513 Kal

1998 459 2105 532 qui
2134 461 2301 532 quod
2329 462 2634 536 reliquum
2656 466 2744 520 est
2765 479 2888 520 non
2917 465 3028 536 52
3061 464 3337 536 adjicias,
3361 483 3484 540 quo
3530 472 3660 528 solo

280 555 322 608 εἰ
394 557 484 628 μὲν
560 554 734 630 ἰατρὸς
804 552 1141 625 ἐπηγγέλλετο
1207 554 1549 628 κολοϐῶματα
1600 551 1760 625 μελῶν
1830 551 1884 601 ἐκ

279 647 481 718 φύσεως
511 645 540 702 ἡ
576 642 628 706 ἐξ
662 641 959 717 ἀρρωστίας
1001 647 1266 718 προσόντα
1321 663 1404 696 σοι
1460 640 1879 717 διορθώσασθαι,

1462 734 1488 784 ὁ
1552 734 1662 795 (74)
1722 734 1884 803 μέγας

275 833 376 878 τῶν
413 823 606 895 ψυχῶν
664 823 839 897 ἰατρὸς
894 822 1080 874 τέλειον
1127 843 1184 876 σε
1233 831 1458 882 ποιῆσαι
1490 821 1731 895 βούλεται
1774 826 1885 880 τοῖς

276 734 371 786 οὐκ
419 732 479 785 ἂν
535 732 787 805 ηυθύμεις
841 730 1038 783 ἀκούων
1075 729 1292 799 ;έπειδὴ
1351 730 1409 786 δὲ

276 914 647 990 καιριωτάτοις
703 911 1012 978 ἐλλείποντα,
1056 913 1114 964 οὐ
1175 909 1310 986 δέχῃ
1371 917 1464 971 τὴν
1513 915 1696 986 χάριν,
1757 907 1885 960 ἀλλά

277 1005 478 1065 πενθεῖς
532 1007 620 1055 καὶ
665 1002 1106 1075 σκνθρωπάζειςς
1144 1003 1373 1064 Ἐκείνης
1417 1006 1505 1075 μεν
1559 1004 1660 1076 γὰρ
1724 996 1883 1060 δῆλος

281 1091 329 1146 εἷ
376 1102 472 1154 τῆς
518 1090 721 1153 ἐντολῆς
768 1094 972 1165 μακρὰν
1013 1093 1290 1165 ὑπάρχων,
1324 1096 1413 1143 καὶ
1438 1087 1650 1162 ψευδῶς
1681 1097 1883 1160 σεαυτῷ

280 1186 762 1257 προσμαρτυρήσας
789 1181 972 1248 αὐτὴν,
1037 1182 1116 1232 ὅτι
1180 1182 1468 1252 ἠγάπησας
1516 1184 1604 1232 τὸν
1660 1179 1880 1237 πλησίον

281 1290 374 1324 σου
423 1273 493 1332 ὡς
549 1273 764 1323 σεαυτὸν
1006 1265 1144 1323 Ἰδοὺ
1178 1272 1276 1344 φάρ
1310 1273 1367 1322 τὸ
1395 1272 1540 1343 παρά
1560 1276 1650 1321 τοῦ
1685 1273 1880 1343 Καρίου

273 1362 608 1435 προσταχθὲν
673 1359 878 1431 ἐλέγχει
955 1379 1012 1412 σε
1094 1359 1403 1432 παμπληθὲς
1469 1368 1564 1420 τῆς
1633 1357 1882 1418 ἀληθινῆς

278 1448 487 1521 ἀγάπης
562 1447 980 1522 ἀπολειπόμενον.
1052 1449 1114 1502 Εἰ
1176 1451 1278 1524 γὰρ
1349 1450 1470 1523 ὅπερ
1527 1445 1881 1501 διεϐεϐαιώσω

277 1538 460 1600 ἀληθὲς
504 1536 584 1605 ἦν,
643 1541 724 1591 ὅτι
772 1537 1027 1611 ἐφύλαξας
1058 1536 1112 1590 ἐκ
1155 1543 1396 1600 νεότητος
1425 1543 1518 1596 τὴν
1551 1536 1755 1593 ἐντολὴν
1786 1543 1882 1597 τῆς

278 1625 507 1699 ἀγάπης,
562 1633 651 1680 καὶ
705 1636 951 1680 τοσοῦτον
1003 1623 1280 1690 ἀπέδωκας
1345 1627 1548 1698 ἑκάστῳ
1619 1627 1738 1678 ὀσον
1792 1629 1882 1676 καὶ

280 1726 500 1789 σεαυτῷ,
533 1718 686 1769 πόθεν
722 1736 806 1769 σοι
839 1718 868 1774 ἡ
903 1725 1003 1769 τῶν
1034 1719 1330 1791 χρημάτων
1364 1717 1494 1774 αὕτη
1554 1719 1831 1790 περιουσία
1858 1727 1880 1784 ,’

276 1810 632 1864 Δαπανητικὸν
704 1809 805 1881 γὰρ
859 1806 1084 1859 πλούτου
1135 1809 1164 1865 ἡ
1233 1808 1478 1880 θεραπεία
1522 1813 1624 1856 τῶν
1694 1801 1879 1876 δεομέ-

276 1917 391 1948 νων·
451 1895 604 1967 ὀλίγα
657 1897 748 1968 μὲν
797 1895 1021 1948 ἑκάστου
1075 1899 1206 1971 πρὸς
1262 1900 1357 1954 τὴν
1389 1893 1676 1967 ἀναγκαίαν
1706 1892 1879 1968 ἐπιρέ-

275 1985 413 2038 λείαν
464 1982 772 2058 δεχομένου,
832 1987 1036 2037 πάντων
1092 1982 1151 2038 δε
1213 1986 1342 2058 ὁμοῦ
1395 1983 1879 2057 καταμεριζομένων

274 2077 343 2127 τὰ
391 2079 531 2140 ὄντα,
589 2078 677 2125 καὶ
716 2077 833 2146 περὶ
887 2074 1077 2135 αὐτοὺς
1129 2073 1239 2144 (76)
1293 2071 1662 2126 δαπανώντων.
1719 2071 1879 2124 ’Ὼστε

277 2165 302 2217 ὁ
361 2163 574 2236 ἀγαπῶν
623 2168 710 2216 τὸν
769 2163 989 2221 πλησίον
1022 2167 1091 2227 ὡς
1116 2162 1297 2216 ἑαυτὸν
1329 2161 1479 2216 οὐδὲν
1510 2166 1878 2237 περισσότερον

278 2258 527 2311 κέκτηται
583 2260 674 2305 τοῦ
712 2252 953 2310 πλησίον·
1017 2251 1145 2305 ἀλλά
1190 2258 1292 2326 μὴν
1342 2257 1494 2326 φαίνῃ
1552 2255 1687 2324 ἔχων
1745 2255 1879 2308 κτή-

279 2362 420 2416 ματα
482 2341 663 2396 πολλα.
725 2344 886 2394 Πόθεν
943 2349 1112 2394 ταῦτα
1171 2343 1387 2412 (77);ἠ
1454 2339 1632 2408 δῆλον,
1675 2342 1878 2397 ὅτιτήν

274 2431 472 2484 ὀἰκείαν
535 2430 824 2484 ἀπόλαυσιν
884 2435 1261 2505 προτιμοτέραν
1342 2439 1403 2490 τῆ
1418 2451 1438 2492 ς
1507 2439 1605 2482 τῶν
1679 2428 1877 2481 πολλῶν

278 2522 618 2595 παραμυθίας
689 2522 1012 2592 ποιούμενός.
1085 2518 1245 2572 Ὀσον
1305 2517 1391 2571 οὖν
1447 2518 1746 2578 πλεοναζεις
1806 2525 1878 2588 τῷ

276 2609 500 2680 πλούτῷ,
529 2608 777 2660 τοσοῦτον
809 2606 1052 2668 ἐλλείπεις
1070 2616 1132 2680 τῇ
1170 2607 1369 2681 ἀγάπη.
1406 2608 1545 2661 Ἐπεὶ
1601 2606 1764 2659 παλαι
1815 2605 1876 2656 ἂν

277 2696 587 2770 ἑμελέτησας
635 2698 744 2768 (78)
793 2706 892 2748 τῶν
951 2700 1243 2771 χρημάτων
1286 2702 1380 2756 τὴν
1443 2696 1802 2770 ἀλλοτρίωσιν,
1834 2697 1877 2749 εἰ

276 2788 571 2859 ἠγαπήκεις
623 2807 718 2840 σου
771 2789 858 2839 τὸν
912 2785 1134 2844 πλησίον
1188 2787 1325 2857 (79).
1385 2792 1516 2840 Νυνὶ
1558 2783 1616 2839 δὲ
1643 2791 1876 2860 προσπέ-

275 2881 402 2948 φυκέ
447 2896 531 2928 σοι
573 2879 639 2928 τά
687 2881 949 2951 χρήματα
994 2875 1143 2929 πλέον
1182 2877 1210 2934 ἦ
1261 2879 1328 2928 τά
1376 2875 1502 2949 μέλη
1554 2883 1646 2928 τοῦ
1690 2882 1874 2948 σῶμα-

275 2985 381 3031 τος,
439 2971 529 3018 καὶ
579 2966 730 3019 λυπεῖ
781 2985 837 3017 σε
886 2965 1054 3018 αὐτῶν
1095 2967 1119 3017 ὁ
1171 2970 1452 3040 χωρισμὸς
1504 2967 1573 3028 ὡς
1628 2964 1872 3040 ἀκρωτη-

275 3059 498 3129 ριασμὸς
551 3064 650 3108 τῶν
716 3059 952 3130 καιρίων.
1001 3055 1062 3108 Εἰ
1111 3057 1214 3130 γὰρ
1274 3054 1533 3129 ἀμφίεσας
1579 3059 1794 3128 γυμνὸν,
1831 3055 1875 3108 εἰ

1995 549 2197 620 possis
2220 549 2280 604 in
2298 550 2397 606 Dei
2414 553 2939 623 regnumingredi.
2959 557 3038 608 Ac
3051 554 3294 626 quidem
3315 557 3363 610 si
3385 560 3662 616 medicus

1995 653 2066 695 ea
2087 639 2364 696 membra
2385 657 2521 713 quae
2544 658 2579 698 a
2601 647 2818 698 natura
2835 642 2986 698 vela
3005 643 3662 716 quapiamintirmitate

1994 728 2210 786 mutila
2225 729 2437 799 habes,
2457 731 2872 787 restituturum
2892 747 2954 786 se
2972 732 3365 803 promitteret,
3389 737 3660 807 profecto

1993 816 2056 871 id
2088 833 2225 873 cum
2257 834 2514 874 maerore
2541 835 2666 875 non
2699 820 2944 875 audires
2977 837 2990 876 :
3027 821 3173 892 quia
3219 837 3364 878 vero
3395 839 3661 895 magnus

1993 905 2338 962 animorum
2370 906 2643 963 medicus
2667 913 2720 963 te
2760 909 3065 981 precipuis
3087 909 3269 965 rebus
3309 911 3660 969 destitutum

1992 996 2118 1053 vult
2147 997 2480 1070 perfectum
2501 998 2777 1069 reddere,
2800 999 3164 1056 beneﬁcium
3199 1003 3503 1073 ejusmodi
3535 1019 3656 1060 non

1992 1087 2230 1159 accipit,
2255 1087 2362 1142 sed
2383 1088 2554 1158 luges
2576 1105 2647 1145 ac
2669 1095 2922 1145 moestus
2949 1089 3224 1149 efﬁceris.
3274 1095 3422 1150 Nam
3456 1098 3660 1166 aperte

1992 1181 2170 1248 atque
2197 1177 2503 1234 evidenter
2523 1179 2736 1250 procul
2758 1180 2946 1235 habes
2969 1181 3047 1236 ab
3083 1181 3184 1238 illo
3227 1189 3551 1256 praecepto,
3588 1201 3661 1241 ac

1992 1265 2144 1322 falso
2174 1265 2319 1322 illud
2348 1282 2384 1322 a
2414 1271 2469 1323 te
2490 1267 2697 1340 perﬁci
2725 1268 2980 1336 testaris,
3021 1269 3299 1328 videlicet
3352 1273 3520 1344 quod
3574 1273 3660 1329 di-

1989 1355 2187 1412 lexisti
2233 1356 2583 1429 proximum
2637 1361 2808 1414 tuum
2863 1358 3015 1414 sicut
3068 1359 3330 1431 teipsum
3362 1363 3434 1418 ³0.
3512 1365 3660 1419 Ecce

1991 1446 2153 1502 enim
2179 1447 2296 1502 hoc
2329 1446 2563 1502 Domini
2586 1452 2891 1520 praecepto
2923 1448 3300 1504 convinceris
3320 1466 3509 1522 quam
3530 1451 3664 1507 lon-

1991 1535 2237 1606 gissime
2253 1536 2516 1592 abessea
2537 1552 2678 1592 vera
2703 1537 3017 1593 charitate.
3051 1542 3198 1594 Nam
3215 1539 3264 1594 si
3296 1555 3508 1595 verum
3531 1546 3660 1598 erat

1990 1624 2158 1697 quod
2188 1623 2529 1693 afﬁrmasti,
2554 1641 2829 1682 servasse
2855 1631 2907 1682 te
2929 1643 2965 1682 a
2981 1627 3296 1698 juventute
3319 1628 3656 1685 dilectionis

1991 1718 2386 1786 praeceptum,
2422 1731 2494 1771 ac
2525 1718 2760 1772 tantum
2782 1714 3063 1771 tribuisse
3095 1716 3424 1789 unicuique
3467 1734 3660 1790 quan-

1913 1819 1952 1873 Β
1991 1806 2118 1860 tum
2146 1807 2202 1859 et
2226 1803 2336 1860 tibi
2363 1804 2506 1877 ipsi,
2537 1805 2721 1873 unde,
2753 1821 2986 1877 quaeso,
3009 1805 3138 1860 haec
3178 1805 3285 1861 tibi
3305 1805 3655 1863 divitiarum

1990 1892 2164 1965 copia
2180 1895 2207 1948 ‘?
2219 1893 2371 1949 Nam
2387 1909 2720 1964 egenorum
2737 1908 2881 1949 cura
2895 1909 3042 1966 opes
3062 1893 3348 1962 absumit,
3373 1911 3513 1951 cum
3545 1912 3657 1968 pro

1989 1997 2104 2037 sua
2125 1981 2387 2054 quisque
2417 1983 2777 2040 necessitate
2796 1983 3054 2054 accipiat
3080 1998 3301 2054 pauca,
3331 1985 3657 2058 cunctique

1988 2085 2132 2127 suas
2167 2070 2348 2127 simul
2375 2071 2694 2129 facultates
2724 2071 3084 2144 partiantur,
3120 2076 3178 2128 et
3215 2072 3277 2126 in
3323 2088 3657 2143 egenorum

1988 2175 2135 2215 usus
2161 2159 2544 2233 impendant.
2574 2164 2767 2227 Quare
2798 2161 2903 2233 qui
2932 2160 3126 2230 diligit
3165 2162 3515 2232 proximum
3569 2164 3658 2219 uti

1987 2249 2278 2322 seipsum,
2311 2250 2462 2306 nihil
2488 2250 2754 2323 amplius
2781 2266 2971 2323 quam
3001 2249 3315 2322 proximus
3358 2252 3654 2322 possidet.

1986 2339 2164 2412 Atqui
2184 2343 2419 2396 constat
2433 2340 2657 2396 habere
2677 2344 2731 2396 te
2750 2355 2900 2412 opes
2917 2339 3162 2396 multas.
3188 2340 3502 2396 Undenam
3520 2342 3613 2397 hae
3627 2342 3657 2396 ?

1987 2427 2102 2482 nisi
2125 2443 2248 2500 quo
2276 2429 2486 2501 procul
2519 2429 2706 2485 dubio
2736 2429 3019 2484 levameu
3043 2428 3376 2484 multorum
3403 2435 3460 2485 et
3491 2446 3657 2486 com-

1986 2515 2173 2573 moda
2190 2517 2303 2572 tuis
2317 2518 2504 2590 ipsius
2519 2517 2858 2574 commodis
2874 2517 3289 2590 postposuisti.
3308 2521 3512 2591 Itaque
3529 2535 3654 2591 quo

1987 2605 2181 2675 magis
2195 2606 2480 2662 abundas
2498 2607 2740 2675 divitiis,
2759 2623 2832 2663 eo
2845 2607 3042 2677 magis
3061 2606 3354 2662 charitate
3372 2607 3655 2664 destitue-

1986 2693 2094 2749 ris.
2126 2696 2360 2751 Etenim
2378 2697 2727 2767 jandudum
2749 2695 3074 2769 pecuniam
3093 2712 3232 2752 cum
3251 2697 3480 2752 caeteris
3497 2713 3659 2753 como

1985 2783 2297 2839 municare
2319 2784 2673 2854 cogitasses,
2692 2785 2740 2839 si
2761 2784 3111 2857 proximum
3127 2789 3296 2840 tuum
3318 2784 3652 2842 dilexisses.

1986 2877 2154 2929 Nunc
2187 2877 2394 2930 autem
2416 2889 2564 2947 opes
2589 2874 2694 2930 tibi
2726 2875 2946 2930 arctius
2969 2890 3157 2946 quam
3207 2875 3473 2946 ipsamet
3523 2891 3655 2931 cor-

1984 2963 2152 3035 poris
2201 2963 2483 3019 membra
2529 2963 2993 3033 adhaerescunt;
3015 2962 3307 3037 dolesque
3352 2964 3502 3022 dum
3531 2981 3567 3022 a
3597 2970 3654 3022 te

1987 3057 2366 3124 separantur,
2383 3052 2634 3124 perinde
2659 3068 2729 3108 ac
2753 3052 2803 3108 si
2820 3051 3144 3125 praecipute
3158 3053 3431 3125 corporis
3452 3058 3657 3126 partes

277 3141 476 3207 ἔδωκας
511 3155 749 3198 πεινῶντι
796 3148 883 3198 τὸν
915 3147 1070 3220 ἄρτον
1122 3165 1238 3212 σου,
1287 3145 1330 3198 εἰ
1361 3146 1400 3196 ὠ
1434 3148 1566 3220 θύρα
1593 3165 1687 3198 σου
1713 3143 1873 3218 ἀνέῶ-

1991 3144 2467 3212 amputarentur.
2500 3144 2650 3197 Nam
2674 3141 2724 3196 si
2743 3141 3046 3196 induisses
3072 3140 3328 3208 nudum,
3371 3141 3419 3196 si
3448 3139 3656 3198 dedis-

273 3253 362 3285 κτο
410 3235 534 3304 (80)
585 3239 742 3287 παντί
797 3234 940 3306 ξένω,
998 3235 1041 3287 εἰ
1090 3233 1262 3307 ἐγένου
1316 3240 1490 3308 πατὴρ
1551 3234 1802 3309 ὀρφανῶν,
1833 3235 1876 3288 εἰ

272 3328 426 3375 παντὶ
473 3327 804 3394 συνέπασχες
853 3319 1118 3394 ἀδυνάτῷ,
1169 3325 1296 3397 ὑπὲρ
1337 3329 1496 3376 ποίων
1535 3323 1595 3374 ἂν
1647 3332 1734 3375 νῦν
1766 3323 1874 3376 ἐλυ-

271 3414 445 3474 πήοης
484 3413 776 3486 χρημάτων
812 3427 824 3477 ;
855 3418 963 3464 Ποῦ
1005 3408 1056 3464 δ’
1105 3411 1164 3462 ἂν
1213 3418 1304 3465 καὶ
1344 3409 1708 3486 ἐδυσχέρανας
1740 3411 1874 3465 ἀπο-

269 3503 532 3574 τιθέμενος
583 3502 649 3552 τὰ
703 3500 996 3572 λειπόμενα,
1053 3502 1218 3553 πάλαι
1273 3500 1562 3572 μελετήσας
1593 3501 1729 3553 αὖτά
1760 3497 1878 3554 δια-

270 3594 436 3664 νέμειν
479 3597 590 3651 τοῖς
633 3585 856 3642 ἐνδεέσιν
892 3588 1075 3656 ;Εἷτα,
1123 3588 1170 3641 ἐν
1229 3592 1320 3662 μεν
1369 3592 1658 3664 πανηγύρει
1701 3586 1877 3652 οὐδεὶς

270 3678 510 3732 λυπεῖται
551 3683 852 3753 προϊέμενος
889 3681 956 3731 τά
1004 3680 1320 3752 ὑπάρχοντα
1345 3679 1468 3749 (81)
1499 3684 1589 3730 καὶ
1620 3676 1874 3730 ἀντινιτὼ-

271 3787 420 3841 μενος
467 3770 533 3820 τά
575 3764 833 3820 ἐνδέοντω
897 3766 1008 3820 ἀλλ’
1051 3769 1255 3841 ὁσῳπερ
1302 3766 1362 3819 ἂν
1407 3766 1674 3830 ἐλάττονος
1719 3778 1876 3840 τιμῆς

269 3859 338 3909 τὰ
383 3856 715 3930 πολυτίμητα
760 3862 1002 3932 πρίηται,
1060 3859 1295 3928 τοσούτῳ
1367 3861 1568 3932 χαίρει,
1630 3859 1698 3917 ὡς
1749 3856 1878 3930 λαμ-

268 3954 402 4020 προῦ
473 3946 612 4018 αὐτῷ
684 3954 774 3999 τοῦ
843 3946 1275 4018 συναλλάγματος
1342 3950 1639 4019 γενομένου·
1693 3945 1756 3999 ϐυ
1816 3943 1875 3999 δὲ

263 4035 424 4109 λυπῇ,
496 4041 748 4110 χρυσίον,
820 4041 910 4088 καὶ
979 4035 1246 4110 ἀργύριον,
1322 4041 1413 4088 καὶ
1495 4041 1742 4109 κτήματα
1794 4033 1874 4089 δι-

267 4121 395 4187 δούς
449 4126 594 4197 (8'2)-
635 4129 898 4193 τουτέστι,
954 4125 1132 4185 λίθους
1185 4130 1275 4178 καὶ
1323 4133 1458 4198 χοῦν
1489 4129 1867 4202 παρεχόμενος,

267 4216 349 4270 ἵνα
368 4220 538 4289 κτήσῃ
563 4220 657 4274 τὴν
697 4220 961 4290 μακαρίαν
994 4215 1153 4276 ζωήν,

336 4380 384 4416 ²⁰
416 4378 618 4436 Matth.
651 4393 762 4445 XIX,
799 4381 882 4442 19,
915 4380 1006 4432 20.

265 4521 395 4578 deri
416 4519 709 4598 duriora;
743 4517 804 4573 in
831 4517 1054 4598 quibus
1074 4517 1221 4598 quid
1244 4516 1296 4572 ei
1326 4520 1638 4598 tantopere
1669 4519 1872 4598 displi-

1987 3246 2084 3286 ses
2137 3230 2422 3286 esurienti
2463 3246 2686 3303 panem
2744 3235 2938 3299 tuum,
2985 3231 3035 3286 si
3088 3229 3245 3286 fores
3287 3234 3401 3287 tua:
3429 3237 3656 3304 apertae

1985 3318 2240 3376 fuissent
2264 3319 2491 3393 hospiti
2520 3320 2712 3389 omni,
2750 3319 2800 3376 si
2849 3320 3273 3391 orphanorum
3320 3322 3656 3378 exstitisses

1985 3413 2177 3480 pater,
2207 3408 2254 3464 si
2277 3409 2601 3466 miseratus
2628 3409 2848 3465 fuisses
2888 3408 3201 3464 inﬁrmum
3244 3426 3491 3467 omnem
3537 3412 3654 3480 ;de

1985 3497 2231 3569 quibus,
2281 3515 2516 3570 quaeso,
2572 3498 2796 3570 opibus
2827 3514 2991 3554 nunc
3024 3497 3308 3554 doleres?
3334 3501 3654 3564 Quomodo

1985 3603 2148 3642 nunc
2177 3603 2334 3657 {egre
2366 3588 2548 3644 ferres
2577 3587 2859 3643 residuas
2885 3603 3035 3660 opes
3069 3587 3397 3660 deponere,
3433 3589 3484 3644 si
3523 3591 3654 3661 jam

1985 3675 2220 3748 pridem
2245 3692 2348 3732 eas
2376 3677 2437 3732 in
2461 3693 2688 3747 egenos
2711 3676 3170 3734 distribuendos
3197 3693 3478 3733 curasses
3516 3679 3544 3734 ‘?
3566 3679 3656 3735 Ad

1984 3765 2098 3827 hie,
2123 3765 2183 3820 in
2203 3765 2490 3820 nundinis
2510 3765 2759 3838 quidem
2782 3782 2962 3821 nemo
2985 3765 3149 3822 dolet
3167 3766 3333 3838 quod
3356 3769 3648 3838 pecunias

1987 3871 2129 3910 suas
2153 3854 2504 3927 profundat,
2529 3859 2587 3910 et
2611 3853 2877 3910 vicissim
2901 3861 3217 3927 comparet
3243 3855 3470 3926 quibus
3496 3873 3654 3929 opus

1984 3943 2170 4000 habet
2202 3962 2214 4013 ;
2240 3948 2463 4012 contra,
2489 3961 2611 4017 quo
2626 3945 2818 4000 viliori
2840 3945 3035 4018 pretio
3058 3961 3152 4001 res
3180 3946 3653 4018 pretiosissimas

1985 4033 2212 4101 emerit,
2236 4033 2350 4090 hoc
2381 4034 2577 4104 magis
2599 4033 2842 4104 gaudet,
2872 4039 2936 4090 ut
2957 4033 3062 4107 qui
3114 4035 3354 4105 egregie
3382 4036 3652 4108 negotia-

1986 4124 2080 4178 tus
2106 4121 2177 4178 sit
2211 4139 2224 4177 :
2260 4127 2325 4178 tu
2355 4139 2500 4178 vero
2530 4122 2720 4189 doles,
2754 4123 2919 4196 quod
2961 4140 3180 4179 aurum
3229 4129 3286 4180 et
3329 4130 3649 4195 argentum

1985 4217 2042 4269 et
2066 4227 2214 4285 opes
2235 4212 2508 4285 partiris;
2531 4213 2647 4269 hoc
2679 4217 2792 4279 est,
2816 4213 3084 4286 lapidem
3109 4229 3179 4271 ac
3201 4214 3513 4287 pulverem
3537 4219 3652 4272 tra-

1985 4301 2100 4372 dis,
2133 4308 2199 4360 ut
2220 4301 2464 4360 beatam
2494 4303 2684 4360 vitam
2707 4303 3018 4376 acquiras.

1987 4516 2163 4573 Coisl.
2194 4516 2523 4592 legendum
2555 4533 2687 4573 esse
2710 4523 2827 4592 περὶ
2860 4517 3070 4585 αὐτούς,
3104 4517 3221 4592 hoc
3249 4520 3362 4592 est,
3388 4523 3504 4592 περὶ
3541 4515 3652 4570 δεο-

267 4573 398 4650 cere
423 4573 724 4662 potuerit,
769 4573 900 4662 non
921 4573 1122 4662 videci.
1177 4589 1324 4662 Cum
1366 4573 1526 4644 enim
1551 4573 1870 4662 ihocwlc‘ieo
1902 4590 1947 4642 D
1984 4573 2558 4662 us’vougiﬁ’egentes,
2579 4573 2797 4662 Etvcro
2812 4573 3478 4662 omnes'qui'charit’ati's
3502 4605 3653 4659 prie-

265 4681 388 4720 non
401 4659 475 4720 de
497 4660 782 4729 consiliis,
800 4659 993 4732 sedpde
1007 4661 1322 4732 praeceptis
1334 4664 1576 4732 agatur;
1598 4661 1866 4731 profecto

267 4736 372 4809 qui
431 4735 660 4809 aliqua_
689 4731 968 4809 servavit,
1013 4730 1279 4809 debetjet
1332 4731 1566 4804 reliqua
1599 4730 1865 4802 servare,

268 4802 316 4863 s'i
343 4802 598 4877 regnum
633 4804 734 4877 Dei
763 4802 1055 4877 consequi
1083 4802 1246 4877 _velit_.

271 4871 450 5000 alii)
485 4875 727 4948 Antiqui
759 4875 881 4930 duo
910 4871 1045 4929 libri
1076 4872 1183 4926 ἐπεὶ
1211 4871 1269 4927 δὲ
1301 4875 1346 4930 ὁ.
1381 4875 1524 4949 Reg.
1551 4873 1785 4946 primus
1826 4876 1870 4929 εἰ

309 4969 328 5000 Ξ
360 4969 407 5000 Ο.

309 4969 407 5002 ΞΟ.

335 5020 448 5089 (7‘5)
477 5017 625 5074 Editi
653 5021 721 5080 ὡς
749 5021 984 5072 σεαυτὸν.
1019 5021 1090 5072 At
1113 5033 1262 5089 mss.
1295 5017 1575 5073 nonnulli
1629 5020 1697 5080 ὡς
1756 5019 1869 5071 ἐαυ-

191 5135 197 5139 .
269 5088 390 5166 τον.)
408 5089 576 5166 "alid
600 5089 781 5166 longe
805 5088 1204 5166 Qolb._tertius
1225 5091 1369 5166 παρά
1395 5098 1484 5141 τοῦ
1520 5095 1714 5163 Κυρίου
1745 5111 1869 5166 προ-

266 5162 434 5224 ταοέν,
469 5160 534 5215 id
561 5162 722 5231 quod
749 5178 784 5217 α
813 5162 1066 5217 Domino
1089 5160 1461 5231 propositum
1492 5160 1600 5218 est.

335 5234 445 5302 (76)
470 5232 658 5288 Editio
681 5239 934 5304 utraque
956 5236 1071 5304 περὶ
1094 5231 1306 5294 ἑαυτούς
1328 5251 1338 5286 :
1367 5232 1430 5286 id
1451 5231 1618 5304 quod
1640 5233 1721 5289 ita
1741 5249 1868 5289 ver-

262 5304 328 5359 tit
350 5303 661 5375 interpres,
686 5311 740 5359 et
763 5303 999 5375 reliqua
1019 5305 1080 5358 in
1095 5318 1295 5359 omnes
1313 5303 1866 5374 uliostliviilzmtur,

262 5390 516 5447 quorum
559 5377 816 5447 quisque
857 5389 1034 5447 suam
1053 5376 1391 5443 porlionem
1414 5376 1700 5441 absumit,
1726 5393 1866 5432 cum

259 5445 459 5518 potius
512 5445 742 5518 vertere
788 5445 1118 5511 debuisset,
1139 5452 1195 5501 et
1215 5461 1414 5502 omnes
1436 5463 1569 5518 quae
1590 5463 1701 5518 sua
1724 5454 1864 5503 sunt

253 5517 818 5588 parilerdivicluul,
843 5523 898 5575 et
921 5518 983 5572 in
1006 5531 1128 5573 sese
1166 5517 1518 5588 absumunt.
1572 5517 1710 5584 Sed,
1751 5519 1865 5574 nisi

256 5589 436 5661 valde
461 5587 657 5661 fallor,
675 5589 824 5661 nihil
843 5590 1064 5661 horum
1084 5587 1270 5661 voluit
1294 5588 1547 5661 Basilius
1575 5607 1587 5657 ;
1618 5605 1727 5661 nec
1759 5590 1864 5645 du-

257 5659 383 5718 bito
404 5660 553 5734 quin
583 5661 646 5717 in
667 5660 923 5733 vulgatis
943 5659 1068 5718 vitii
1088 5659 1316 5735 aliquid
1336 5659 1498 5718 insit.
1521 5664 1666 5719 Puto
1683 5660 1866 5733 igitur

1984 4658 2227 4733 ceptum
2250 4658 2512 4731 servant,
2540 4660 3015 4733 facultatcssuas
3039 4658 3399 4732 partiuntur,
3423 4658 3650 4732 easque

1984 4732 2042 4788 in
2058 4731 2406 4803 'cgcnorum
2435 4749 2584 4786 usus
2615 4731 2966 4803 absumunt.

2057 4799 2170 4891 $777)
2192 4803 2357 4890 Coll),
2389 4803 2626 4891 primus
2662 4805 2815 4855 πόθεν
2843 4799 2930 4854 οὖν
2957 4809 3142 4891 ταϋίτα.

2051 4872 2164 4945 (78)
2193 4875 2362 4927 Πάλαι
2383 4872 2442 4926 ἆυ
2471 4874 2870 4948 ἐμελέτησαςμ.
2897 4894 2943 4928 τ.
2969 4874 3238 4948 ληνρςίο,
3274 4872 3647 4948 σῘίιγηςίῑιίίιιΠι

1979 4944 2346 5002 exercitatus
2405 4944 2554 5002 esses
2609 4947 2670 5000 in
2725 4946 3069 5001 alienandis
3115 4944 3544 5014 facultatibus,
3595 4946 3650 5000 si

1973 5020 2317 5087 promimum
2366 5019 2693 5074 dilexisses.
2723 5017 2813 5072 Sic
2846 5017 3025 5072 etiam
3057 5014 3239 5088 paulo
3272 5020 3428 5086 post,
3459 5019 3517 5088 Ο.
3558 5020 3646 5082 l2,

1976 5089 2138 5142 πάλαι
2191 5089 2497 5162 μελετήσας,
2549 5089 2922 5158 jampridem
2973 5091 3034 5144 in
3064 5087 3190 5142 illis
3226 5102 3409 5157 egeno
3441 5087 3646 5143 distri-

1979 5162 2230 5217 buemlis
2253 5163 2648 5217 exercitatus.
2682 5163 2901 5216 Mum.

2049 5234 2168 5302 (79)
2217 5232 2370 5288 Editi
2421 5236 2506 5283 τὸν
2564 5231 2786 5288 πλησίον
2846 5234 2914 5302 ως
2948 5236 3182 5283 σεαυτὸν.
3219 5228 3334 5286 Sed
3375 5228 3545 5297 illud,
3579 5233 3647 5292 ὡς

1978 5308 2213 5364 σεαυτόν,
2245 5305 2305 5359 ill
2340 5302 2604 5364 antiquis
2636 5302 2803 5357 libris
2840 5301 3027 5356 deest.

2045 5379 2159 5446 (80)
2189 5375 2437 5430 Codices
2467 5375 2590 5430 duo
2624 5393 2716 5425 σου
2742 5375 2990 5444 ἡνέῳκτο.

2047 5451 2161 5517 (81)
2188 5449 2332 5519 Reg.
2363 5447 2596 5519 primus
2623 5450 2922 5519 προϊέμενος
2953 5446 3020 5495 τά
3057 5449 3315 5519 παρόντα,

2047 5513 2158 5588 (82)
2191 5513 2703 5590 Ε‹1ῖιῇ“ὃιαὸιᾶοι3ξ.
2772 5513 2842 5571 Αἰ
2882 5532 3033 5570 mss.
3096 5513 3369 5590 plerique
3429 5531 3645 5571 omnes

1972 5585 2218 5664 κτήματα
2241 5585 2453 5652 διδούς.
