4124 6414
256 345 365 400 285

1581 345 1873 402 HOMILIA
1911 347 1984 403 ιΝ
2023 347 2327 407 DIVITES.

3545 357 3651 411 286

255 467 508 541 λυμμένα.
566 466 747 521 Ἰπποι
813 469 1164 543 παμπληθεῖς,
1204 474 1295 524 καὶ
1354 468 1501 524 οὗτοι
1545 468 1872 541 ’γενεαλογού-

2004 470 2136 545 Ξῳιὶ
2172 489 2359 547 quam
2387 474 2650 548 plurimi,
2677 478 2857 549 atque
2887 474 3127 532 illorum
3157 490 3374 547 genus,
3407 481 3466 535 ut
3497 477 3563 534 ﬁt
3588 479 3649 535 in

259 576 401 631 μενοι
447 554 551 609 ἀπὸ
608 557 863 629 εὐγενείας
926 563 1187 633 πατέρων,
1245 566 1419 633 ὥσπερ
1480 560 1528 611 οἱ
1583 558 1868 631 ἄνθρωποι.

261 648 326 699 Oi
361 649 453 719 pho
500 654 805 721 τρυφῶντας
860 646 1050 710 αὐτοὺς
1113 649 1254 701 κατά
1296 652 1393 706 τὴν
1448 646 1596 702 πόλιν
1654 650 1871 720 περιφέ-

259 755 459 815 ρουσιν·
519 734 666 791 ἄλλοι
714 737 1147 811 συνθηρεύουσιν,
1180 737 1326 790 ἄλλοι
1379 741 1513 811 πρὸς
1564 733 1871 810 ὁδοιπορίαν

263 824 628 899 ἐξησκημένοι.
651 824 866 879 Χαλινοι
893 831 983 879 καὶ
1167 827 1327 892 ξώναι
1368 832 1461 880 καὶ
1506 822 1873 901 περιδέῤῥαια,

263 917 436 972 πάντα
477 914 705 992 ἀργυρᾶ,
753 918 927 971 πάντα
968 920 1359 991 χρυσόπαστα.
1398 918 1638 977 Τάπητες
1681 915 1877 990 άλουρ-

265 1011 375 1082 γοὶ,
408 1013 723 1079 κοσμοῦντες
777 1009 899 1068 τοὺς
951 1008 1145 1071 ἰππους
1179 1010 1353 1082 ὥσπερ
1400 1012 1676 1080 νυμφίους·
1719 1008 1879 1078 ἡμιό-

268 1116 365 1150 νων
385 1095 599 1165 πλῆθος,
631 1096 765 1148 κατὰ
795 1099 967 1171 χρόαν
1016 1092 1051 1149 δ
1057 1100 1367 1170 ιῃρημίνωνι
1402 1099 1617 1169 ἡνίοχοι
1662 1098 1875 1163 τούτων,

272 1184 499 1243 αλλήλων
551 1180 834 1257 διάδοχοι,
875 1187 926 1239 οί
967 1190 1369 1261 προτρέχοντες,
1415 1187 1466 1240 οἱ
1510 1189 1877 1259 παρεπόμενοι.

272 1281 382 1331 Τῶν
451 1273 614 1327 ἄλλων
673 1274 882 1333 οἰκετῶν
956 1274 1179 1349 ἀριθμὸς
1250 1277 1461 1352 ἄπειρος
1525 1279 1659 1349 πρὸς
1706 1280 1880 1327 πᾶσαν

269 1363 450 1427 αὐτοῖς
545 1362 884 1419 πολυτέλειαν
971 1364 1219 1439 ἐξαρκῶν·
1301 1364 1592 1439 ἐπίτροποι,
1672 1368 1878 1437 ταμίαι,

265 1458 513 1528 γεωργοὶ,
578 1449 925 1517 παντοδαπῆς
969 1457 1206 1529 ἔμπειροι
1246 1459 1459 1528 τέχνης,
1490 1463 1588 1515 τῆς
1627 1472 1683 1507 τε
1730 1452 1884 1525 ἀνα-γ-

266 1547 425 1606 καίας
483 1546 576 1596 καὶ
628 1552 725 1607 τῆς
774 1542 925 1619 πρὸς
955 1542 1245 1598 ἀπόλαυσιν
1290 1548 1382 1597 καὶ
1423 1547 1623 1617 τρυφήν
1672 1544 1885 1617 εὑρημέε

267 1652 379 1697 νης·
454 1634 718 1708 μάγειροι,
778 1639 1063 1699 σιτοποιοὶ,
1123 1633 1376 1707 οἰνοχόοι,
1437 1635 1707 1707 θηρευταὶ,
1757 1631 1886 1686 πλά-

273 1742 416 1791 σται,
462 1724 756 1797 ζωγράφοι,
788 1719 988 1785 ἡδονῆς
1015 1728 1267 1786 παντοίας
1306 1720 1648 1798 δημιουργοί.
1684 1722 1888 1797 Ἀγίλαι

1983 560 2357 634 hominibus,
2389 580 2426 622 a
2456 565 2758 636 majorum
2795 564 3123 637 splendore
3154 567 3646 624 commendatur.

1983 650 2094 707 Alii
2117 651 2304 710 hosce
2331 654 2702 728 voluptarios
2754 653 3221 710 circumvehunt
3253 669 3362 727 per
3398 655 3647 713 urbem:

1985 740 2085 798 alii
2132 743 2460 813 venationi,
2495 743 2595 800 alii
2627 744 2823 801 itineri
2862 742 3246 800 conﬁciendo
3298 743 3650 801 inserviunt.

1986 834 2180 905 Freni,
2221 835 2486 906 cingula,
2520 835 2789 905 collaria,
2822 834 3030 892 omnia
3077 837 3388 906 argentea,
3425 834 3655 892 intexta

1986 937 2137 982 auro
2160 925 2389 983 omnia.
2414 928 2718 999 Purpurea
2748 928 2956 993 strata,
2979 939 3169 999 equos
3208 922 3371 981 velut
3394 938 3655 997 sponsos

1985 1015 2288 1082 ornantia,
2315 1015 2620 1072 mulorum
2642 1014 2842 1072 colore
2864 1014 3282 1070 distinctorum
3309 1012 3653 1080 multitudo,

1988 1121 2247 1179 quorum
2272 1105 2500 1177 aurigaa
2524 1105 2638 1161 sibi
2663 1104 2920 1161 invicem
2943 1102 3361 1174 succedentes,
3384 1104 3657 1177 praeeunt

1991 1194 2112 1264 alii,
2137 1195 2237 1251 alii
2267 1199 2620 1269 sequuntur.
2639 1193 3030 1267 Reliquorum
3048 1192 3422 1250 famulorum
3441 1207 3654 1249 nume-

1988 1301 2091 1342 rus
2117 1285 2408 1353 inﬁnitus,
2433 1286 2538 1360 qui
2559 1284 2671 1341 sibi
2693 1285 2770 1341 ad
2793 1283 3307 1355 magniﬁcentiam
3331 1281 3530 1339 omnis
3560 1295 3657 1351 ge-

1990 1374 2152 1431 neris
2181 1374 2610 1431 ostentandam
2633 1372 2930 1442 sufficiat;
2962 1376 3409 1446 procuratores,
3432 1368 3654 1445 promi:

1992 1463 2292 1535 agricolas,
2338 1463 2594 1520 ministri
2638 1463 3061 1536 cujuscunque
3111 1461 3255 1519 artis
3297 1460 3494 1536 periti,
3529 1463 3658 1516 tum

1993 1555 2125 1626 ejus
2144 1569 2282 1627 quas
2310 1553 2656 1611 necessaria
2681 1556 2786 1620 est,
2811 1557 2939 1610 tum
2966 1553 3097 1624 ejus
3117 1567 3253 1626 quas
3274 1551 3354 1608 ad
3379 1550 3659 1623 volupta-

1994 1647 2115 1701 tem
2170 1643 2543 1717 deliciasque
2589 1643 2835 1699 iuventa
2884 1646 2994 1706 est,
3029 1641 3174 1710 coci,
3205 1642 3478 1715 pistores,
3528 1637 3660 1713 pin-

1995 1750 2210 1805 cernae,
2236 1738 2571 1806 venatores,
2599 1732 2855 1805 ﬁctores,
2881 1733 3164 1806 pictores,
3192 1732 3533 1803 omnigenus
3558 1747 3663 1789 vo-

272 1812 540 1888 καμήλων,
579 1822 681 1867 τῶν
863 1812 1196 1887 ἀχθοφόρων,
1230 1821 1335 1868 τῶν
1382 1810 1441 1867 δε
1486 1809 1751 1887 νομάδων,
1795 1815 1885 1865 ἰπ-

2004 1824 2241 1898 luptatis
2289 1824 2565 1897 opiﬁces.
2624 1823 3006 1880 Camelorum
3046 1837 3279 1894 greges,
3310 1823 3533 1895 partim
3579 1824 3660 1882 ad

273 1924 382 1959 πων
422 1902 622 1976 ἀγέλαι,
674 1902 949 1976 βουκόλια,
990 1908 1231 1977 ποίμνια,
1266 1902 1549 1978 συνόρϐια,
1600 1905 1649 1955 οἱ
1691 1905 1886 1956 τούτων

273 2000 464 2065 νομεῖς,
502 2000 573 2065 γῆ
630 1995 661 2052 ἡ
720 1999 856 2047 πᾶσι
900 1996 1108 2056 τούτοις
1152 1996 1286 2069 πρὸς
1325 1983 1521 2066 τροφὴν
1570 1990 1883 2067 ἐξαρκοῡσα,

274 2089 366 2139 καὶ
414 2086 490 2137 ἔτι
544 2090 662 2148 ταῖς
697 2080 989 2157 προσόδοις
1032 2083 1147 2156 (91)
1199 2086 1289 2137 τόν
1347 2082 1571 2137 πλοῦτον
1629 2081 1884 2145 αὔξουσαι

275 2173 469 2249 λουτρά
506 2172 558 2227 ἐν
605 2172 769 2229 πόλει*
833 2173 1028 2249 λουτρά
1082 2173 1195 2227 κατ’
1243 2171 1455 2246 ἀγρούς·
1506 2171 1645 2226 οἶκοι
1690 2190 1887 2225 παντο-

279 2259 468 2326 δαποῖς
536 2265 835 2340 μαρμάροις
888 2262 1350 2337 περιλαμπόμενοι,
1420 2263 1447 2315 ό
1661 2263 1886 2336 Φρυγίου

276 2352 448 2421 λίθου,
497 2352 650 2415 ἄλλος
699 2359 1012 2414 Λακωνικῆς
1056 2353 1086 2413 ἣ
1144 2352 1480 2415 Θεσσαλικῆς
1524 2351 1739 2413 πλακὸς·
1799 2355 1889 2403 καὶ

277 2444 471 2499 τούτων
516 2444 566 2496 οἱ
616 2445 709 2516 μὶν
752 2441 802 2495 ἐν
863 2450 1091 2516 χειμῶνι
1148 2441 1446 2508 θάλποντες,
1487 2443 1537 2493 0i
1584 2437 1642 2494 δὲ
1692 2438 1891 2512 ἀναψύ-

276 2552 465 2607 χοντες
501 2531 551 2584 ἐν
593 2541 665 2603 τῷ
709 2534 864 2605 θέρει.
904 2528 1136 2605 ’Ἐδαφος
1172 2538 1290 2593 ταῖς
1335 2530 1533 2604 ψηφίσι
1573 2527 1890 2603 διηνθισμ-

276 2641 381 2689 νον,
426 2625 638 2696 χρυσός
698 2620 991 2694 ὑπαλείφων
1049 2624 1137 2674 τὸν
1191 2625 1397 2694 (ᾗοοφον.
1447 2619 1609 2673 Ὅσον
1675 2616 1736 2673 δὲ
1790 2628 1890 2672 τῶν

278 2716 479 2784 τοίχων
520 2708 794 2784 διαφεύγει
834 2715 930 2773 τὴν
969 2709 1164 2779 πλάκα,
1206 2716 1318 2775 τοῖς
1353 2718 1452 2774 τῆς
1493 2718 1759 2784 γραφικῆς
1806 2709 1892 2763 ἄν·

286 2804 399 2861 θεσι
426 2800 832 2862 καλλωπίζεται.

357 2986 411 3039 3.
438 2978 678 3038 Ἐπειδὰν
710 2978 771 3036 δε
796 2981 869 3044 ιίς
905 2985 1072 3056 μυρία
1097 2978 1464 3053 διασπώμενος
1491 2997 1518 3032 0
1555 2977 1782 3040 πλοῦτος
1818 2979 1893 3030 ἔτι

1996 1930 2181 1971 onera
2195 1912 2399 1970 ferend
2410 1930 2464 1983 a,
2479 1912 2701 1986 partim
2719 1912 2799 1969 ad
2814 1928 3040 1987 pascua
3054 1911 3661 1985 destinati,equorum

1996 2008 2270 2063 armenta
2291 2007 2346 2060 et
2367 2004 2579 2072 boum,
2600 2018 2814 2075 greges
2856 2002 3063 2059 ovium
3110 2007 3167 2058 et
3189 2016 3540 2075 porcorum,
3563 2002 3662 2060 ho-

1997 2111 2131 2153 rum
2153 2099 2467 2169 pastores;
2492 2093 2620 2165 agri
2653 2093 2755 2166 qui
2786 2108 2911 2149 non
2943 2091 3129 2148 modo
3158 2090 3230 2147 iis
3251 2090 3537 2148 omnibus
3558 2108 3663 2167 pa-

1998 2184 2236 2242 scendis
2258 2182 2582 2251 sufficiant,
2616 2181 2723 2238 sed
2761 2183 2864 2255 qui
2896 2181 3072 2238 etiam
3110 2197 3218 2255 per
3246 2180 3472 2237 reditus
3500 2198 3573 2241 ex
3601 2199 3665 2239 se

1997 2272 2423 2349 provenientes
2464 2271 2705 2329 divitias
2760 2271 2874 2345 54.
2911 2270 3287 2342 adaugeant;
3327 2270 3550 2328 balnea
3600 2272 3664 2329 in

1995 2364 2169 2432 urbe,
2191 2362 2419 2441 balnea
2444 2362 2567 2418 ruri
2592 2380 2605 2431 ;
2634 2360 2814 2427 aedes,
2835 2377 2971 2435 quas
3003 2359 3229 2431 fulgent
3256 2360 3663 2418 marmoribus

1999 2454 2198 2512 omnis
2226 2452 2500 2524 generis;
2536 2451 2697 2508 aliud
2735 2454 2823 2508 est
2853 2466 2927 2507 ex
2956 2450 3218 2523 Phrygio
3247 2448 3468 2524 lapide,
3499 2450 3667 2508 aliud

2000 2561 2074 2601 ex
2095 2542 2404 2600 Laconicis
2438 2545 2541 2598 aut
2565 2539 2925 2598 Thessalicis
2949 2538 3205 2596 crustis:
3240 2543 3422 2613 atque
3452 2555 3525 2596 ex
3572 2539 3666 2596 his

2002 2633 2236 2692 aedibus
2262 2632 2395 2689 aliae
2420 2632 2481 2688 in
2510 2631 2708 2688 hieme
2738 2629 3122 2700 calefaciunt,
3152 2628 3283 2685 alite
3309 2627 3671 2700 refrigerant

2001 2727 2226 2782 aestate.
2269 2722 2688 2780 Pavimentum
2730 2720 2974 2777 calculis
3003 2719 3329 2789 variatum,
3357 2718 3671 2777 lacunaria

2004 2829 2155 2871 auro
2179 2812 2421 2869 sublita.
2454 2809 2764 2884 Quidquid
2788 2813 2991 2866 autem
3030 2807 3332 2881 parietum
3376 2808 3670 2867 incrusta-

2003 2907 2131 2960 tum
2154 2918 2281 2959 non
2309 2905 2420 2972 est,
2449 2899 2509 2957 id
2536 2900 2785 2975 picturas
2806 2898 3063 2955 ﬂoribus
3095 2901 3445 2954 exornatur.

2078 2999 2131 3051 3.
2173 2995 2323 3050 Cum
2357 2995 2557 3049 autem
2588 2990 2649 3047 in
2671 2992 2987 3046 sexcentos
3018 3004 3163 3044 usus
3195 2986 3499 3045 distractae
3530 2986 3676 3044 divi-

288 3075 583 3148 περιττεύῃ,
622 3074 759 3126 κατά
810 3079 913 3144 ’γῆς
968 3071 1197 3138 ὠθεῖται,
1239 3074 1329 3123 καὶ
1377 3068 1426 3121 ἓν
1455 3067 1775 3144 ἀπορρήτοις
1803 3087 1891 3140 φυ-

289 3161 308 3177 \
341 3164 352 3177 ι
588 3160 638 3177 un
674 3157 696 3177 ﬂ
735 3160 753 3177 ι.
913 3164 923 3177 ο
1054 3164 1063 3177 1
1172 3159 1231 3177 Αἱ
1418 3164 1429 3177 I
1667 3160 1675 3175 ἱ
1768 3155 1780 3171 9
1804 3153 1854 3177 3'

2007 3084 2103 3142 tias
2127 3081 2476 3140 redundant
2498 3078 2718 3148 adhuc,
2742 3082 2871 3135 tum
2897 3078 2958 3134 in
2987 3082 3147 3135 terra
3170 3076 3594 3148 detruduntur,
3620 3082 3678 3134 et

289 3161 543 3216 λάττεται.
588 3157 820 3220 ’Ἄδηλον
867 3164 967 3235 γὰρ
1011 3164 1070 3213 τὸ
1119 3159 1320 3234 μέλλον,
1362 3164 1542 3232 μήπου
1584 3160 1720 3222 τινες
1758 3153 1894 3211 ἀδό-

288 3270 438 3311 κητοι
479 3253 620 3325 ἡμᾶς
654 3249 995 3305 καταλάϐωσι
1047 3255 1252 3324 χρεῖαι.
1303 3245 1534 3308 ’Ἄδηλον
1573 3251 1665 3321 μεν
1706 3244 1814 3315 οὖν,
1852 3251 1897 3299 εὶ

290 3341 429 3404 ἣξεις
456 3344 589 3415 πρὸς
623 3345 718 3399 τὴν
749 3345 938 3413 χρείαν
989 3347 1082 3392 τοῦ
1130 3342 1596 3413 κατορωρυγμένου
1635 3355 1892 3411 χρυσιουο

286 3430 379 3484 οὐκ
436 3426 636 3493 ἄδηλος
683 3425 744 3482 δὲ
786 3430 818 3487 ἠ
862 3429 1033 3501 ζημία
1076 3436 1173 3489 τῆς
1212 3426 1587 3501 ἀπανθρωπίας
1631 3433 1731 3478 τῶν
1781 3429 1899 3498 τρό-

284 3539 415 3576 πων.
445 3518 571 3572 Ὀτι
615 3520 717 3591 γὰρ
767 3517 861 3570 οὐκ
908 3514 1186 3579 ἠδυνήθης
1221 3521 1338 3577 ταῖς
1385 3520 1601 3589 μυρίαις
1648 3512 1899 3574 ἕπινοίαις

285 3606 656 3670 ἆκδαπανῆσαι
702 3610 790 3661 τὸν
838 3605 1084 3674 πλοῦτον,
1131 3610 1250 3658 τότε
1305 3605 1463 3657 αὐτὸν
1521 3604 1595 3666 εἰς
1648 3608 1744 3662 τὴν
1796 3611 1897 3675 γῆν

286 3696 591 3774 ἀπεκρύψω.
638 3700 816 3751 Μανία
867 3693 1035 3763 δεινὴ,
1069 3696 1163 3758 ἕως
1354 3693 1403 3747 ἓν
1446 3692 1717 3768 μετάλλοις
1764 3689 1826 3751 ἦν
1873 3693 1900 3745 ό

287 3788 515 3864 χρυσός,
547 3787 819 3861 ἀνερευνᾷν
847 3786 964 3857 (92)
1013 3790 1109 3845 τὴν
1146 3793 1267 3857 γῆνο
1319 3785 1402 3837 ὅτε
1442 3780 1503 3837 δε
1548 3786 1767 3858 φανερὸς
1797 3780 1903 3854 ἐγέ-

288 3896 421 3945 νετο,
473 3876 623 3931 πάλιν
673 3875 721 3928 ἒν
766 3883 830 3949 τῇ
879 3883 947 3948 γῇ
999 3874 1156 3928 αὐτὸν
1199 3872 1485 3946 ἀφανίζειν.
1535 3870 1683 3939 Εἶτα,
1732 3868 1899 3944 οἶμαι,

293 3966 567 4041 συμϐαίνει
626 3985 711 4019 σοι
774 3966 1165 4040 κατορύσσοντι
1229 3966 1319 4016 τὸν
1385 3962 1606 4017 πλοῦτον
1675 3979 1904 4033 συγκατ-

290 4060 534 4132 ορύσσειν
564 4059 657 4109 καὶ
700 4059 795 4114 τὴν
819 4050 1065 4130 καρδίαν·
1093 4052 1259 4106 Ὂπον
1285 4055 1388 4128 γὰρ
1420 4052 1445 4106 ὁ
1488 4053 1758 4125 θησαυρός
1779 4068 1900 4117 σου,

290 4149 466 4221 φησὶν,
522 4144 625 4199 ἰκεί
688 4147 781 4197 καὶ
829 4146 860 4203 ἡ
917 4139 1137 4216 καρδία.
1188 4144 1285 4195 Διά
1329 4148 1485 4195 τοῦτο
1533 4139 1790 4194 λυποῦσιν
1851 4140 1906 4192 αἱ

292 4234 510 4289 ἐντολαί·
565 4232 786 4287 ἀϐίωτον
824 4235 923 4307 γὰρ
986 4232 1190 4294 ἑαυτοῖς
1235 4233 1323 4283 τόν
1364 4228 1482 4304 βίον
1528 4232 1778 4295 τιθενται,
1829 4233 1902 4301 μὴ

290 4333 405 4389 ταῖς
462 4326 576 4397 (93)
635 4322 916 4396 ἀνωφελέσι
975 4318 1236 4384 δαπάναις
1294 4319 1749 4394 ἐνασχολούμενοι.
1804 4322 1905 4372 Καί

289 4436 380 4491 μοι
430 4411 580 4470 δοκεῖ
621 4416 680 4465 τὸ
730 4412 898 4472 πάθος
943 4417 1036 4464 τοῦ
1073 4413 1371 4476 νεανίσκου,
1414 4411 1444 4468 ἤ
1487 4416 1587 4461 τῶν
1618 4406 1905 4481 παραπλη-

2008 3175 2069 3232 in
2116 3172 2336 3231 abditis
2380 3169 2529 3228 locis
2579 3171 2994 3226 asservantur.
3029 3170 3332 3224 Incertum
3389 3170 3478 3224 est
3516 3166 3677 3224 enim

2008 3263 2175 3339 quod
2196 3262 2467 3319 futurum
2490 3263 2599 3328 est,
2626 3274 2699 3315 ne
2720 3257 2872 3316 forte
2894 3257 2954 3314 in
2981 3257 3281 3330 quasdam
3302 3256 3654 3330 inexspecta

2010 3360 2103 3412 tas
2133 3351 2520 3410 necessitates
2547 3347 2911 3405 incidamus.
2948 3350 3076 3403 lmo
3099 3346 3415 3412 incertum,
3452 3363 3530 3403 an
3574 3346 3679 3402 de-

2009 3445 2170 3501 fosso
2192 3458 2342 3499 a-uro
2366 3440 2449 3496 sis
2472 3455 2628 3511 Opus
2654 3437 2976 3494 habiturus
3005 3454 3018 3492 :
3054 3436 3161 3493 sed
3192 3436 3419 3493 incerta
3448 3451 3569 3493 non
3592 3439 3681 3492 est

2001 3534 2478 3601 iuhumanorum
2497 3544 2739 3586 morum
2767 3524 2971 3599 paena.
2990 3530 3318 3601 Postquam
3337 3526 3499 3584 enim
3514 3525 3683 3583 inuU'

2006 3622 2190 3680 meris
2216 3619 2479 3678 artificiis
2509 3633 2726 3675 aurum
2757 3616 3077 3674 absumere
3097 3632 3222 3673 non
3245 3615 3515 3690 potuisti,
3537 3620 3681 3673 tunc

2007 3711 2157 3770 illud
2180 3709 2293 3765 sub
2317 3713 2473 3765 terra
2495 3705 2830 3763 occultasti.
2856 3704 3098 3761 Insania
3118 3702 3357 3774 ingens,
3375 3704 3521 3760 dum
3544 3703 3683 3778 qui-

2010 3802 2151 3858 dem
2182 3814 2400 3857 aurum
2432 3797 2490 3853 in
2516 3794 2773 3852 metallis
2796 3797 2942 3862 erat,
2971 3799 3190 3851 terram
3217 3793 3472 3849 scrutari
3501 3810 3514 3851 :
3540 3808 3681 3850 cum

2012 3894 2215 3949 autem
2239 3889 2369 3961 jam
2408 3888 2470 3943 in
2496 3884 2820 3960 propatulo
2868 3887 2979 3953 est,
3011 3898 3221 3939 rursus
3252 3881 3398 3939 illud
3432 3882 3493 3939 in
3522 3886 3684 3940 terra

2011 3977 2412 4038 abscondere.
2431 3975 2675 4043 Deinde,
2700 3972 2937 4047 opinor,
2957 3970 3253 4043 contingit
3275 3970 3378 4028 tibi
3406 3970 3685 4046 quisquis

2011 4085 2160 4143 opes
2191 4065 2454 4135 defodis,
2488 4068 2555 4121 ut
2584 4067 2641 4120 et
2680 4078 2784 4119 cor
2804 4066 2977 4119 tuum
3005 4076 3127 4118 una
3159 4059 3459 4119 dcfodias.
3501 4061 3679 4135 Nam,

2010 4157 2226 4232 inquit,
2258 4155 2362 4212 ubi
2391 4156 2712 4212 thesaurus
2740 4159 2899 4220 tuus,
2926 4150 3012 4208 ibi
3034 4156 3089 4209 et
3111 4166 3217 4207 cor
3240 4152 3309 4206 θ’.
3334 4148 3422 4209 Oh
3448 4150 3509 4207 id
3536 4165 3685 4223 prae-

2013 4251 2189 4320 cepta
2209 4261 2313 4303 eos
2336 4243 2609 4300 afticiuut
2631 4240 2863 4298 tristitia
2889 4259 2903 4309 ;
2926 4241 3110 4297 vitam
3134 4239 3286 4299 enim
3316 4238 3546 4298 ducunt
3570 4239 3686 4296 sibi

2012 4334 2483 4406 intolerandam,
2513 4332 2629 4389 nisi
2650 4329 2971 4388 inutilibus
3001 4329 3346 4403 sumptibus
3389 4345 3686 4402 occupen-

2015 4430 2131 4481 tur.
2182 4426 2376 4496 Atque
2426 4420 2596 4495 quod
2641 4419 2780 4476 huic
2812 4417 3183 4475 adolescenti
3215 4420 3322 4475 aut
3352 4417 3605 4491 reliquis
3634 4418 3687 4474 ei

294 4510 418 4561 σίων
468 4503 633 4574 αὐτῷ,
678 4503 965 4576 παρόμοιον
1008 4494 1158 4565 εἶναι,
1208 4499 1385 4573 ὥσπερ
1435 4495 1496 4550 ἂν
1545 4501 1589 4550 εἰ
1636 4517 1720 4559 τις
1764 4493 1891 4550 ὁδοι.

2013 4479 2735 4579 consimilibus‘contigit,
2764 4506 2826 4562 id
2876 4505 3027 4562 mihi
3079 4504 3316 4561 videtur
3345 4479 3688 4576 esse.ejus-

289 4599 450 4669 πόρος
514 4592 767 4665 ἐπιθυμίᾳ
829 4588 1025 4651 πόλεώς
1077 4605 1216 4648 τινος
1269 4588 1527 4649 συντόνως
1563 4590 1659 4645 τὴν
1712 4590 1908 4660 μέχρις

292 4684 457 4746 αὐτῆς
498 4678 622 4736 ὁδὸν
654 4676 932 4745 διανύσας,
958 4674 1070 4731 εἶτα
1095 4676 1256 4730 αὐτοῦ
1287 4694 1389 4729 που
1425 4679 1544 4750 περὶ
1574 4677 1640 4727 τὰ
1670 4677 1771 4749 πρὸ
1804 4682 1904 4727 τῶν

292 4781 486 4847 τειχῶν
513 4769 821 4826 καταλύσειε
860 4764 1180 4840 πανδοχεῖα,
1233 4769 1363 4838 ὄκνῳ
1411 4771 1605 4839 μικρᾶς
1650 4768 1905 4827 κινήσεως

295 4867 379 4918 τόν
404 4882 460 4927 τε
486 4858 897 4935 προῦπάρξαντα
940 4862 1094 4912 πόνον
1123 4855 1373 4929 ἀχρειῶν,
1404 4859 1494 4907 καὶ
1542 4863 1638 4916 τῆς
1669 4856 1907 4927 ἱστορίας

296 4960 395 5006 τῶν
446 4951 494 5004 ἓν
547 4958 611 5024 τῇ
665 4947 811 5002 πόλει
853 4946 1022 4999 καλῶν
1066 4946 1246 4999 ἑαυτὸν
1297 4943 1600 5000 ἀποκλείων.
1660 4945 1903 4996 Τοιοῦτοί

302 5042 430 5094 εἰσιν
468 5041 516 5091 οἱ
560 5040 627 5091 τά
672 5040 761 5112 μὲν
808 5036 939 5089 ἄλλα
972 5042 1135 5089 ποιεῖν
1186 5028 1626 5107 καταδεχόμενοι,
1675 5031 1906 5084 ἀντιϐαί-

300 5146 469 5191 νοντες
543 5124 600 5181 δὲ
668 5131 798 5203 πρὸς
867 5132 961 5186 τὴν
1041 5133 1138 5179 τῶν
1214 5125 1562 5198 ὑπαρχόντων
1631 5120 1899 5181 ἀπόθεσιν.

370 5272 418 5307 ³³
456 5268 652 5328 Matth.
687 5286 761 5341 vr,
792 5271 885 5327 2t.

371 5424 485 5495 (90)
525 5422 649 5496 C0_1_.
670 5422 902 5496 primus
941 5418 1151 5496 χαλινρὶ
1183 5415 1242 5472 δὲ
1271 5423 1382 5476 καί.

370 5486 482 5568 (91)
524 5486 691 5568 C911):
726 5486 1052 5568 tct‘litts'iai
1092 5489 1319 5568 ἐπὶ-ταῖς
1347 5486 1655 5566 προσόδοις.

370 5559 478 5633 {92)
521 5565 670 5623 Editi
699 5571 756 5621 et
775 5564 938 5620 Colb.
961 5562 1275 5636 secundus
1298 5559 1587 5636 ᾁνερευνᾲς,
1622 5559 1805 5636 male.
1833 5562 1904 5616 At

298 5632 471 5698 Colb.
486 5638 694 5694 tertius
713 5641 769 5692 et
791 5639 932 5704 Reg.
955 5634 1163 5691 itidem
1185 5632 1392 5690 tertius
1412 5632 1699 5704 ἀνερευνᾲν,
1724 5632 1898 5688 bene.

297 5688 439 5773 illo;
718 5688 1642 5793 mirga—veteresaliquotlibri
1662 5688 1710 5760 ἐν
1737 5712 1801 5779 τῇ
1832 5713 1897 5779 γῆ

2014 4600 2204 4670 modi,
2237 4604 2536 4674 tanquam
2565 4598 2616 4653 si
2644 4595 2921 4653 videlicet
2946 4593 3253 4670 quispiam
3274 4593 3490 4666 viator,
3513 4593 3685 4651 urbis

2016 4690 2274 4763 alicujus
2298 4688 2577 4748 videndus
2598 4685 2899 4744 desiderio
2922 4683 3162 4755 ductus,
3180 4687 3421 4740 strenue
3443 4683 3523 4740 ad
3547 4700 3684 4743 eam

2017 4776 2565 4855 usquejcontendat
2587 4792 2600 4842 ;
2625 4772 2846 4833 deinde
2873 4772 2994 4831 illic
3018 4789 3128 4847 pro
3156 4770 3462 4829 moenibus
3488 4772 3552 4829 in
3576 4771 3683 4829 ho-

2014 4870 2211 4943 spitiis
2242 4871 2679 4931 commoratus,
2703 4869 2886 4938 atque
2918 4864 2998 4921 ab
3028 4864 3250 4934 exiguo
3272 4866 3442 4918 motu
3469 4877 3578 4935 per
3601 4876 3689 4917 se-

2013 4959 2263 5033 gnitiem
2278 4957 2680 5025 deterritus,et
2694 4954 3069 5028 insumptum
3088 4951 3251 5027 prius
3268 4951 3541 5008 laborem
3555 4950 3686 5008 inu-

2012 5050 2179 5109 tilem
2202 5049 2437 5116 reddat,
2455 5053 2509 5104 et
2531 5064 2566 5104 a
2588 5045 2867 5103 videndis
2886 5043 3052 5100 urbis
3073 5041 3446 5101 ornamentis
3469 5041 3683 5116 seipse

2012 5136 2500 5198 excludat.'l‘ales
2530 5140 2669 5193 sunt
2691 5134 2797 5209 qui
2821 5132 3210 5206 aliajquidem
3233 5130 3526 5191 mandata
3539 5146 3683 5188 cou-

2012 5409 2242 5468 lbidem
2282 5408 2447 5468 Colb.
2492 5404 2798 5464 secundus
2843 5402 3129 5477 ἀφανίζεις·
3184 5401 3455 5460 Subinde
3502 5401 3671 5460 Colb.

2009 5484 2219 5541 tertius
2248 5480 2395 5555 οἶμαι
2428 5477 2747 5555 συμϐαίνειν.

2082 5559 2195 5623 (93)
2240 5542 2386 5610 Editi
2438 5542 2665 5605 τίῦενται
2702 5552 2792 5605 καὶ
2817 5552 2951 5615 ταῖς,
2995 5543 3171 5602 male.
3223 5542 3380 5605 Libri
3432 5547 3672 5603 veteres

2011 5633 2078 5693 ut
2100 5627 2163 5691 iu
2186 5630 2499 5683 contextu.
