4124 6384
473 324 578 383 287

473 451 652 507 ficere
680 447 911 516 volunt,
945 445 1051 504 sed
1073 461 1222 520 opes
1255 461 1470 503 exuere
1508 452 1813 506 recusant.
1862 449 1994 506 Vidi
2026 464 2140 521 ego

474 554 597 597 non
620 555 850 614 paucos
861 538 941 611 jej
953 540 1225 604 unantes,
1242 537 2003 609 orantes,ingemiscentes,
2022 539 2143 612 pie-

473 634 660 687 tatem
689 644 957 690 omnem,
991 643 1127 700 quae
1160 627 1290 682 sine
1320 627 1602 700 impensa
1632 628 1894 685 exerceri
1918 632 2136 702 potest,

475 717 836 784 excolentes,
854 721 916 773 at
931 732 1006 772 ne
1028 731 1219 772 unum
1236 715 1485 788 quidem
1500 716 1749 773 obolum
1771 718 1979 788 egenis
2000 716 2143 774 offe-

474 813 693 866 rentes.
729 809 872 874 Quaa
917 805 1010 863 his
1040 805 1264 863 utilitas
1295 810 1383 862 est
1412 806 1659 879 reliquie
1702 806 1934 863 virtutis
1955 807 1983 863 ?
2013 809 2143 863 Non

477 898 640 954 enim
666 897 886 969 exeipit
904 896 1070 969 ipsos
1091 911 1351 966 regnum
1385 896 1671 953 caelorum
1695 913 1709 952 :
1732 898 1910 963 Nam,
1927 897 2139 969 inquit,

472 988 729 1060 facilius
773 992 858 1043 est
890 986 1184 1042 camelum
1213 1001 1324 1055 per
1348 986 1630 1055 foramen
1667 1001 1811 1043 acus
1855 987 2141 1055 transire,

475 1092 660 1149 quam
686 1076 932 1132 divitem
960 1077 1197 1131 intrare
1224 1077 1286 1130 in
1316 1089 1568 1145 regnum
1602 1077 1888 1133 caelorum
1912 1076 1980 1130 “.
2025 1074 2142 1132 Uti-

474 1180 596 1237 que
618 1164 702 1221 sic
731 1164 1057 1238 perspicua
1086 1164 1380 1219 sententia
1406 1168 1535 1232 est;
1566 1180 1751 1220 verax
1799 1165 1906 1237 qui
1955 1179 2143 1220 enun-

472 1253 601 1324 tiat,
624 1258 682 1310 et
712 1260 914 1310 tamen
945 1254 1051 1326 qui
1089 1267 1323 1307 morem
1377 1258 1609 1322 gerant,
1637 1253 1838 1325 pauci.
1896 1256 1964 1310 Et
1990 1268 2143 1326 quo-

474 1343 683 1413 modo,
702 1342 919 1416 inquit,
941 1342 1213 1398 vivemus
1233 1341 1452 1397 relictis
1473 1342 1800 1400 omnibus?
1820 1342 2018 1415 qualis
2040 1359 2144 1401 au-

474 1437 595 1489 tem
623 1432 826 1488 futura
854 1435 944 1487 est
974 1430 1190 1487 mundi
1220 1431 1451 1504 species
1484 1448 1554 1489 ac
1586 1435 1798 1504 status,
1830 1432 2142 1489 vendenti-

473 1521 591 1578 bus
622 1521 933 1590 omnibus,
962 1524 1019 1577 et
1057 1520 1303 1576 nemine
1341 1537 1453 1577 sua
1487 1536 1615 1578 non
1641 1521 2095 1594 derelinquente
2116 1523 2145 1579 ?

474 1612 624 1666 Cave
665 1609 982 1666 scisciteris
1012 1626 1085 1666 ex
1115 1625 1213 1666 me
1237 1625 1447 1666 eorum
1476 1627 1614 1684 quae
1645 1616 1951 1684 praecepta
1980 1614 2141 1679 sunt,

471 1699 951 1770 intelligentiam.
971 1699 1141 1755 Novit
1165 1699 1471 1769 legislator
1492 1699 1754 1768 efﬁcere,
1776 1705 1841 1757 ut
1869 1700 1932 1757 id
1961 1699 2144 1757 etiam

474 1789 645 1862 quod
672 1788 801 1843 ﬁeri
822 1804 949 1844 non
969 1792 1191 1860 potest,
1214 1787 1407 1860 possit
1430 1793 1636 1844 tamen
1667 1805 1809 1845 cum
1829 1788 1961 1860 lege
1983 1804 2145 1845 com-

476 1878 625 1951 poni
654 1883 835 1951 atque
866 1877 1083 1950 aptari.
1129 1878 1243 1933 Cor
1282 1882 1484 1934 autem
1515 1883 1688 1935 tuum
1742 1877 1907 1935 velut
1929 1877 1992 1935 in
2024 1883 2145 1934 tru-

477 1965 606 2024 tina
652 1965 1025 2039 exploratur,
1075 1970 1279 2022 utrum
1323 1966 1403 2022 ad
1457 1966 1643 2023 vitam
1686 1982 1913 2035 veram,
1945 1983 2024 2023 an
2067 1967 2147 2024 ad

476 2061 809 2129 praesentes
847 2054 1096 2112 delicias
1142 2054 1423 2111 declinet.
1477 2059 1624 2112 Nam
1663 2061 1878 2129 putare
1922 2056 2150 2113 debent

479 2144 584 2216 qui
613 2144 942 2216 prudenter
979 2144 1277 2216 judicent,
1304 2160 1482 2200 usum
1523 2144 1874 2202 divitiarum
1904 2145 1985 2202 ad
2028 2144 2148 2201 dis-

475 2234 897 2308 pensationem
926 2234 1040 2307 55
1064 2250 1423 2290 concessum
1446 2250 1597 2304 esse,
1620 2250 1745 2291 non
1766 2235 1845 2292 ad
1872 2235 2149 2309 volupta-

476 2327 637 2392 tem;
671 2328 728 2379 ct
770 2323 822 2380 si
858 2323 952 2379 his
991 2328 1313 2393 exuantur,
1359 2339 1472 2397 par
1511 2329 1601 2380 est
1638 2340 1742 2380 eos
1769 2324 1960 2381 laetari
1988 2324 2149 2381 velut

477 2412 689 2469 alienis
709 2413 1001 2486 privatos,
1016 2430 1140 2470 non
1162 2429 1322 2484 (egre
1352 2414 1505 2470 ferre
1529 2415 1707 2487 quasi
1740 2431 1852 2472 sua
1872 2414 2147 2473 amitten-

476 2508 586 2560 tes.
612 2503 769 2569 Quid
790 2502 970 2574 igitur
995 2503 1282 2561 afﬂictare
1308 2503 1336 2557 ?
1358 2504 1508 2576 quid
1539 2504 1747 2560 animo
1777 2504 2148 2562 discruciare

480 2608 620 2648 cum
669 2591 880 2649 audis:
945 2593 1142 2649 Vende
1193 2607 1325 2665 qua:
1370 2593 1600 2649 habes?
1631 2593 1858 2650 Etenim
1892 2593 1942 2650 si
1970 2597 2027 2650 te
2058 2608 2145 2650 se-

478 2685 809 2753 querentur
835 2680 897 2736 in
932 2680 1204 2737 futurum
1236 2679 1633 2749 sreculum,nc
1664 2681 1747 2737 sic
1772 2681 2023 2755 quidem
2049 2697 2144 2738 es-

477 2773 609 2826 sent
637 2768 970 2826 StUdl0:iUS
1000 2769 1398 2842 exquirenda,
1429 2774 1631 2841 utpote
1661 2786 1799 2842 quia
1826 2786 1862 2826 a
1886 2770 2147 2844 praemiis

476 2857 595 2914 illic
622 2858 901 2931 repositis
932 2858 1334 2914 obscurentur
1361 2875 1375 2913 :
1424 2858 1517 2914 sin
1548 2863 1751 2915 autem
1780 2874 2027 2916 necesse
2057 2863 2148 2916 est

477 2962 551 3006 ea
591 2947 690 3003 hic
745 2963 1013 3011 manere,
1046 2963 1174 3016 cur,
1202 2948 1296 3004 bis
1340 2947 1688 3015 divenditis,
1716 2948 1956 3005 lucrum
2002 2948 2143 3005 inde

476 3055 601 3096 non
624 3043 1015 3113 exportamus
1032 3041 1060 3097 ?
1084 3043 1166 3097 Tu
1195 3054 1339 3097 vero
1363 3055 1581 3098 aurum
1606 3055 1746 3095 cum
1768 3038 1903 3107 das,
1919 3045 1976 3098 et
1994 3041 2145 3098 emis

475 3145 726 3202 equum,
756 3145 881 3185 non
913 3145 1134 3185 maeres
1161 3147 1173 3186 :
1220 3145 1360 3185 cum
1388 3145 1525 3186 vero
1552 3128 1821 3201 peritura
1848 3129 2142 3203 impertis,

1861 321 1919 382 S.
1964 323 2211 382 BASILII
2251 325 2468 383 MAGNI

3742 332 3849 390 288

2168 454 2216 507 Α
2250 447 2390 504 Οἶδα
2430 450 2652 515 πολλούς
2705 452 3072 518 νηστεύοντας,
3130 456 3609 526 προσευχομένους,
3662 458 3847 509 στενά-

2250 540 2452 607 ζοντας,
2506 548 2680 594 πᾶσαν
2735 546 2824 599 τὴν
2868 537 3136 593 ἀδάπανον
3205 540 3469 595 εὐλάϐειαν
3519 541 3850 618 ἰνδεικνυμί-

2245 649 2365 693 νους
2393 632 2533 698 (94),
2576 630 2753 683 ὀϐολόν
2801 626 2860 683 δι
2890 630 2977 682 ἕνα
3023 635 3094 703 μὴ
3137 635 3474 706 προῖεμίνους
3528 641 3641 696 τοῖς
3672 633 3852 687 θλιϐο-

2248 721 2440 791 μένοις.
2497 722 2562 771 Τί
2616 717 2790 791 ὄφελος
2841 722 3044 781 τούτοις
3088 728 3187 781 τῆς
3240 720 3428 783 λοιπῆς
3483 722 3717 797 ἀρετῆςς
3772 724 3850 777 Ού

2247 808 2347 881 γὰρ
2390 803 2757 882 παραδέχεται
2814 808 3004 870 αύτούς
3075 811 3104 867 ἡ
3159 806 3409 882 βασιλεία
3451 820 3551 863 τῶν
3599 813 3847 888 οὐρανῶν·

2250 892 2392 949 διότι
2459 896 2842 972 Εὐκοπώτερον,
2904 902 3054 970 φησὶ,
3113 898 3345 971 κάμηλον
3404 897 3497 953 διὰ
3564 902 3852 976 τρυμαλιᾶς

2246 982 2469 1060 ῥαφίδος
2514 983 2731 1039 διελθεῖν
2779 992 2916 1054 (95),
2965 988 2994 1047 ἡ
3036 986 3286 1041 πλούσιον
3329 989 3402 1052 εἰς
3438 995 3532 1050 τὴν
3578 990 3851 1065 βασιλείαν

2248 1083 2348 1128 τῶν
2395 1074 2644 1149 οὐρανῶν.
2693 1074 2823 1129 Ἀλλ’
2869 1078 2899 1133 ἡ
2951 1078 3041 1149 μὶν
3090 1075 3354 1151 ἀπόφασις
3395 1080 3562 1143 οὕτως
3608 1080 3848 1155 ἐναργὴς,

2248 1169 2337 1218 καὶ
2381 1166 2408 1217 6
2460 1165 2613 1218 εἰπὼν
2644 1161 2904 1236 ἀψευδής
2950 1168 2999 1218 οἰ
3030 1162 3090 1219 δε
3136 1170 3430 1241 πειθόμενοι
3475 1172 3704 1226 σπάνιοι.
3752 1175 3853 1224 Καὶ

2248 1263 2359 1317 πῶς
2407 1253 2715 1328 βιωσόμεθα
2751 1257 2923 1308 πάντα
2981 1254 3444 1332 ἀποκτησάμενοι;
3494 1279 3650 1332 φησιν
3697 1264 3750 1313 τί
3793 1257 3854 1313 δι

2249 1349 2309 1398 τό
2360 1352 2553 1418 σχῆμα
2608 1352 2699 1397 τού
2755 1344 2878 1418 βίου
2927 1347 3096 1413 ἔσται,
3148 1348 3352 1399 πάντων
3404 1347 3709 1402 πωλούντων
3761 1353 3852 1402 καὶ

2248 1438 2453 1488 πάντων
2484 1433 2895 1508 ἀποκτωμίνωνε
2930 1440 3015 1493 Μὴ
3059 1434 3225 1509 ἐρώτα
3271 1456 3334 1509 με
3382 1434 3619 1491 διάνοιαν
3663 1436 3855 1495 δεσπο-

2249 1532 2407 1577 τικῶν
2454 1525 2896 1597 προσταγμάτων.
2945 1520 3101 1577 Οἶδεν
3165 1525 3191 1576 6
3246 1526 3602 1598 νομοθετήσας
3652 1532 3741 1580 καὶ
3791 1531 3851 1581 τὸ

2253 1609 2509 1665 ἀδύνατον
2553 1616 2669 1683 (96)
2717 1618 3050 1685 συναρμόσαι
3092 1622 3166 1685 τῷ
3211 1617 3372 1687 νόμῳ.
3422 1621 3519 1667 Σού
3568 1611 3628 1668 δε
3680 1618 3853 1693 ὥσπερ

2253 1701 2335 1755 ἰπὶ
2368 1704 2628 1777 τρυτάνης
2652 1698 3001 1775 δοκιμάζεται
3039 1704 3069 1762 ἡ
3102 1700 3323 1776 καρδία,
3360 1705 3575 1779 πότερον
3601 1709 3732 1780 πρὸς
3759 1711 3855 1766 τὴν

2174 1813 2215 1867 Β
2253 1791 2391 1852 ζωὴν
2437 1795 2533 1849 τὴν
2577 1790 2825 1849 ἀληθινὴν
2869 1791 2899 1850 ἡ
2940 1795 3072 1866 πρὸς
3120 1796 3215 1850 τὴν
3262 1801 3533 1867 παροῦσαν
3566 1791 3856 1848 ἀπόλαυσιν

2250 1880 2581 1955 καταρρέπει.
2615 1880 2965 1955 Οἰκονομικῃν
2989 1883 3091 1956 γὰρ
3122 1889 3215 1934 τοῦ
3252 1881 3477 1934 πλούτου
3508 1887 3602 1941 τὴν
3631 1893 3853 1958 χρῆσιν,

2252 1969 2360 2022 ἀλλ’
2418 1970 2514 2023 ούκ
2558 1968 2910 2029 ἀπολαυτικὴν
2976 1974 3098 2031 τούς
3170 1974 3447 2044 σωφρόνως
3492 1971 3858 2046 λογιζομένους

2249 2060 2478 2132 νομίζειν
2537 2067 2792 2135 προσῆκε·
2871 2064 2962 2111 καὶ
3032 2058 3452 2133 ἀποτιθεμένους,
3513 2066 3723 2136 χαίρειν
3788 2067 3858 2126 ὡς

2253 2148 2530 2224 ἀλλοτρίων
2574 2150 2990 2222 χωριζομένους,
3034 2147 3142 2200 ἀλλ’
3189 2149 3316 2221 ούχὶ
3363 2146 3734 2225 δυσχεραίνειν
3787 2156 3855 2215 ὡς

2250 2246 2350 2290 τῶν
2398 2237 2597 2291 οἰκείων
2650 2237 3014 2312 ξκπίπτοντας.
3065 2242 3128 2291 Τί
3158 2234 3246 2291 οὖν
3285 2238 3463 2312 λυπῇς
3519 2259 3572 2292 τι
3608 2260 3860 2294 καταπενο

2254 2329 2357 2389 θεῖς
2385 2336 2447 2401 τῇ
2506 2327 2686 2400 ψυχῇ,
2739 2326 2959 2380 ἀκούων*
3017 2327 3268 2386 Πωλησόν
3324 2347 3419 2381 σου
3463 2331 3531 2381 τὰ
3583 2331 3858 2405 ὑπάρχον-

2250 2436 2317 2469 τα
2363 2417 2519 2487 (97);
2562 2416 2622 2470 Εἰ
2664 2419 2754 2489 μεν
2792 2419 2895 2491 γὰρ
2955 2415 3228 2475 ἠκολούθει
3278 2435 3363 2469 σοι
3391 2420 3523 2490 πρὸς
3551 2422 3609 2470 τό
3653 2418 3855 2491 μέλλον,

2251 2502 2375 2559 ούδε
2420 2506 2583 2568 οὕτως
2628 2504 2688 2557 ἂν
2734 2502 2795 2562 ἦν
2844 2501 3308 2580 περισπούδαστα,
3340 2508 3454 2577 (98)
3485 2507 3586 2559 ὑπό
3614 2516 3714 2559 τῶν
3760 2506 3863 2562 ἐκεῖ

2250 2599 2436 2667 τιμίων
2482 2593 2912 2668 ἕπισκοτούμενα·
2947 2594 2991 2647 εί
3041 2591 3099 2648 δι
3158 2592 3355 2667 ἀνάγκη
3407 2599 3573 2667 μένειν
3617 2594 3857 2664 ἐνταῦθα,

2251 2690 2303 2737 τί
2355 2683 2837 2757 μὴ,,πωλήσαντες,
2867 2688 2926 2737 τὸ
2984 2683 3073 2736 ἀπ’
3114 2684 3283 2737 αὐτῶν
3326 2681 3513 2758 κέρδος
3561 2684 3859 2758 ἀπενεγκώ-

2252 2775 2413 2847 μεθαε
2447 2776 2512 2826 Σύ
2547 2770 2624 2840 δι,
2657 2777 2864 2846 χρυσόν
2903 2776 2991 2846 μεν
3034 2769 3242 2839 διδούς,
3265 2777 3356 2826 καὶ
3387 2776 3542 2826 ἱππον
3578 2781 3857 2848 κτώμενος,

2252 2862 2347 2915 οὐκ
2395 2861 2630 2935 ἀθυμεῖς
2679 2864 2883 2935 φθαρτὰ
2940 2859 2999 2915 δι
3059 2866 3378 2938 προιέμενος,
3439 2868 3530 2916 καὶ
3588 2862 3860 2937 βασιλείαν

2252 2952 2479 3027 οὐρανῶν
2542 2950 2952 3024 ἀναλαμϐάνων,
3004 2948 3273 3024 δακρύεις,
3319 2956 3406 3004 καὶ
3455 2951 3580 3027 ἀρνῇ
3637 2957 3724 3006 τὸν
3774 2954 3862 3007 ἀἰ-

2180 3057 2221 3112 ρ
2252 3050 2461 3109 τοῦντα,
2504 3046 2595 3093 καὶ
2654 3039 2912 3104 ἀνανεύεις
2971 3045 3065 3101 τὴν
3125 3038 3295 3109 δόσιν,
3368 3047 3561 3117 μυρίας
3612 3044 3861 3118 προάσεις

2255 3128 2602 3203 ἀναλωμάτων
2629 3128 2861 3185 ἐπινοῶν.

473 3234 732 3290 regnum
763 3218 1048 3275 ccelorum
1080 3234 1191 3291 pro
1223 3218 1371 3291 ipsis
1401 3223 1773 3290 recepturus,
1798 3218 2105 3292 lacrymas
2134 3218 2418 3291 eﬂ‘undis,
2450 3224 2507 3276 et
2535 3219 2732 3292 rejicis
2760 3223 3102 3292 rogantem,
3136 3235 3207 3277 ac
3254 3220 3402 3277 dare
3430 3237 3700 3290 recusas,
3733 3236 3860 3278 sex-

477 3313 684 3364 centas
712 3307 821 3363 tibi
840 3312 1194 3381 sumptuum
1227 3323 1447 3364 causas
1473 3307 1966 3364 eomminiscens.

549 3400 601 3452 4.
645 3396 800 3462 Quid
820 3396 1219 3469 respondebis
1233 3395 1423 3467 judici
1445 3401 1509 3453 tu
1529 3396 1635 3469 qui
1655 3396 1914 3470 parietes
1934 3397 2137 3466 vestis,

475 3485 788 3543 hominem
836 3502 958 3543 non
999 3487 1229 3544 vestis?
1269 3486 1374 3560 qui
1416 3503 1609 3560 equos
1658 3503 1864 3555 ornas,
1896 3486 2142 3545 fratrem

476 3574 817 3651 panniculis
836 3575 1049 3632 laceris
1077 3580 1433 3649 coopertum
1465 3576 1816 3650 asperneris
1837 3578 1865 3633 ?
1894 3576 2000 3649 qui
2030 3592 2142 3649 pu-

477 3671 734 3722 trescere
757 3665 904 3721 sinis
924 3665 1323 3734 frumentum,
1349 3665 1678 3723 esurientes
1698 3682 1822 3722 non
1854 3666 1964 3724 alis
1984 3667 2012 3722 ?
2037 3664 2144 3739 qui

474 3753 709 3811 defodis
731 3770 968 3819 aurum,
987 3771 1350 3829 oppressum
1372 3756 1750 3812 contemnis?
1769 3754 1945 3822 Quod
1966 3756 2015 3811 si
2038 3756 2145 3811 ha-

473 3842 679 3902 bueris
708 3859 955 3917 quoque
980 3860 1229 3900 uxorem
1251 3843 1605 3900 divitiarum
1628 3848 1957 3912 amantem,
1981 3859 2142 3900 mor-

474 3931 593 3990 bus
624 3932 813 4006 duplo
843 3936 1039 4005 major
1068 3933 1357 3989 efﬁcitur:
1392 3949 1539 3989 nam
1568 3938 1626 3988 et
1661 3932 1909 3989 delicias
1940 3948 2145 3989 accen-

474 4021 580 4085 dit,
613 4025 669 4078 et
712 4020 981 4078 studium
1027 4025 1209 4092 auget
1236 4021 1584 4095 voluptatis,
1615 4025 1673 4078 et
1710 4021 2145 4094 cupiditatibus

472 4112 649 4169 vanis
674 4110 950 4169 stimulos
979 4111 1286 4183 admovet,
1308 4111 1543 4186 lapides
1568 4111 1869 4187 quosdam
1903 4112 2144 4184 excogi-

548 4237 597 4273 ³³
637 4237 778 4295 Luc.
808 4251 935 4309 xui,
969 4239 1060 4293 25.

550 4343 661 4419 (94)
704 4342 971 4419 {\ntiqui
997 4342 1122 4399 duo
1156 4341 1303 4419 libri
1350 4343 1613 4419 εὐλάϐειαν
1663 4340 2138 4419 ἐπιδεικνυμένους.

706 4416 848 4489 Ηίῇεἶ
866 4412 1648 4489 ῬΓῙ-ωΠξ-ῥαφίδοςεἰσελθεῖν.

545 4485 661 4558 (96)
700 4485 852 4558 Editi
881 4485 940 4542 et
966 4485 1150 4558 Regii
1168 4485 1553 4558 secundusct
1576 4487 1783 4545 tertius
1815 4491 1874 4544 et
1899 4487 2141 4545 Colber-

475 4557 580 4630 tini
613 4556 917 4613 secundus
939 4562 996 4613 et
1023 4556 1228 4630 tertius
1268 4564 1358 4610 καὶ
1386 4562 1444 4611 τό
1472 4556 1714 4626 δυνατόν,
1738 4561 1924 4615 Novit
1957 4559 2140 4630 legis-

478 4629 642 4684 lator
660 4630 919 4700 efﬁcere,
934 4634 999 4684 ut
1023 4629 1087 4685 id
1103 4631 1283 4685 etiam
1305 4631 1468 4702 quod
1483 4632 1997 4702 ﬁeripolest,'cum
2016 4629 2143 4701 lege

473 4703 751 4783 componi
765 4702 953 4783 possit
976 4706 1031 4756 et
1061 4701 1621 4783 aptarizi‘Athisl.
1644 4706 1701 4758 et
1729 4704 1869 4783 Reg.
1906 4701 2141 4783 primus

473 4776 533 4827 et
563 4770 730 4829 Colb.
762 4771 972 4827 itidem
994 4772 1230 4843 primus
1253 4776 1344 4824 καὶ
1376 4775 1433 4825 τό
1458 4770 1735 4840 ἀδύνατον,
1759 4770 1941 4829 Novit
1968 4774 2143 4843 legis-

476 4843 638 4899 lalor
660 4844 920 4913 efficere,
943 4842 1011 4898 ut
1032 4842 1097 4898 id
1111 4845 1290 4900 etiam
1312 4844 1472 4915 quod
1483 4846 1622 4913 ﬁeri
1637 4860 1757 4900 non
1778 4849 1990 4914 potest,
2011 4842 2144 4914 pos-

472 4921 549 4968 szl
574 4920 774 4970 tamen
805 4930 934 4969 cum
970 4915 1099 4985 lege
1122 4916 1396 4987 componi
1424 4923 1478 4970 et
1510 4917 1759 4987 aptari:
1780 4931 1968 4987 quam
2000 4915 2141 4987 scri-

473 4990 717 5111 pturam
738 4989 800 5041 ut
823 4984 1534 5057 veram’sequimurLum
1550 4984 1713 5041 enim
1735 4984 1982 5042 Basilius
2004 4986 2145 5042 velit

518 5072 589 5111 oc
610 5056 745 5111 loco
767 5056 1199 5111 commendare
1222 5058 1553 5111 potentiam
1574 5056 1935 5111 legislatoris
1961 5063 2142 5111 atoue

518 5056 745 5130 ocloco
767 5056 1199 5130 commendare
1222 5058 1553 5130 potentiam
1574 5056 1935 5130 legislatoris
1961 5063 2142 5130 atque

476 5128 863 5199 sapientiam,
892 5143 1057 5199 voce,
1087 5124 1343 5180 ἀδύνξιτον
1393 5129 1477 5184 uti
1518 5124 1748 5185 debuit.
1779 5128 1934 5195 Quid
1978 5124 2140 5184 enim

474 5198 684 5270 magni
734 5198 997 5255 etfacerit
1047 5198 1378 5268 legislator,
1413 5200 1463 5255 si
1504 5217 1643 5255 cum
1685 5199 1816 5270 leg.-
1865 5199 2143 5256 conciliet

472 5286 611 5343 quae
642 5268 771 5343 ﬁeri
800 5270 1109 5343 possunt?
1141 5271 1275 5343 Sed
1302 5271 1565 5343 maxime
1593 5268 1861 5343 potentia
1886 5271 2143 5343 ejusisaf

474 5340 823 5432 pientiaquc
851 5341 1402 5432 commendabitur,
1428 5342 1575 5432 si_i(l‘
1593 5340 1782 5432 etiam
1803 5340 1977 5432 quod
2014 5341 2143 5432 fieri

474 5427 598 5487 non
625 5416 843 5487 potest,
865 5428 1003 5468 cum
1025 5413 1155 5481 lege
1177 5419 1507 5487 componat
1524 5419 1578 5469 et
1598 5419 1779 5487 aptet.
1804 5413 1944 5487 Ejus
1964 5413 2143 5487 igitur

473 5482 594 5557 loci
626 5482 770 5539 lucc
817 5489 904 5540 est
936 5484 1236 5557 sententia
1271 5501 1283 5539 :
1320 5482 1403 5541 ita
1448 5482 1663 5557 potens
1697 5490 1786 5541 est
1830 5482 2144 5555 l'egislator

475 5556 655 5621 Deus,
688 5560 753 5629 ut
773 5571 913 5628 quae
943 5556 1176 5629 viribus
1206 5556 1590 5629 naturte’tieri
1618 5573 1742 5629 non
1774 5561 2143 5629 possunt,ea

473 5630 680 5683 tamen
703 5626 754 5699 ej
766 5625 836 5684 u's
858 5625 1083 5685 auxilio
1104 5631 1284 5701 atque
1298 5628 1490 5699 gratia
1511 5627 1684 5686 facile
1706 5625 1863 5686 effici
1884 5629 2139 5702 possint.

2320 3402 2378 3456 4.
2416 3404 2480 3453 Τί
2510 3398 2843 3473 ἀποκριθήσῃ
2876 3408 2950 3470 τῷ
2977 3407 3129 3475 κριτῇ
3164 3400 3190 3451 6
3233 3404 3356 3461 τοὺς
3385 3404 3608 3472 τοίχους
3654 3398 3861 3473 ἀμφιεν-

2250 3491 2358 3557 νύς,
2392 3490 2662 3563 ἄνθρωπον
2692 3488 2786 3541 ούκ
2814 3484 3049 3551 Mem:
3083 3490 3109 3540 6
3139 3492 3260 3549 τοὺς
3289 3491 3481 3551 ἵππους
3509 3498 3740 3562 κοσμῶν,
3771 3493 3858 3542 τὸν

2253 3574 2473 3651 ἀδελφόν
2528 3576 2939 3651 ἀσχημονοῦντα
2981 3584 3265 3653 περιορᾴςε
3318 3580 3344 3631 6
3399 3584 3720 3638 κατατήπων
3770 3582 3859 3631 τόν

2254 3674 2418 3735 σῖτον,
2467 3670 2587 3729 τούς
2659 3675 2941 3729 πεινῶντας
2970 3667 3055 3737 {et}
3112 3671 3312 3740 τρέφεις
3362 3685 3376 3723 :
3428 3669 3454 3720 6
3506 3671 3592 3720 τόν
3647 3670 3853 3742 χρυσὸν

2252 3760 2614 3831 κατορύσσων,
2647 3764 2739 3809 τοῦ
2795 3755 3091 3829 ἀγχομένον
3141 3757 3254 3829 (99)
3305 3764 3683 3831 καταφρονεῖςε
3736 3757 3853 3810 Ἐἀν

2256 3842 2314 3899 δε
2356 3842 2422 3905 δὴ
2477 3850 2567 3899 καὶ
2621 3850 2749 3917 γυνή
2810 3844 3148 3918 φιλόπλουτος
3198 3854 3436 3919 συνοικῇ,
3489 3842 3781 3899 διπλασίων
3818 3848 3849 3905 ἠ

2252 3939 2423 3997 νόσοςι
2475 3938 2569 3998 τάς
2613 3954 2669 3987 τε
2716 3937 2817 4009 γὰρ
2870 3937 3069 4009 τρυφὰς
3117 3933 3424 4008 ἀναφλέγειε
3479 3939 3567 3987 καὶ
3613 3937 3707 3997 τὰς
3736 3935 3854 4008 φιλ-

2255 4021 2472 4086 ηδονίας
2530 4024 2795 4093 συναύξει,
2822 4027 2913 4077 καὶ
2961 4030 3150 4100 κέντρα
3196 4032 3314 4088 ταῖς
3350 4029 3644 4100 περιέργοις
3683 4024 3859 4077 ἐπιθυ-

2252 4119 2402 4189 μίαις
2467 4112 2656 4179 ἐνίησι,
2715 4114 2893 4177 λίθους
2962 4117 3109 4178 τινὰς
3179 4113 3478 4183 ἑπινοούσα,
3530 4120 3860 4190 μαργαρίτας

2252 4343 3017 4427 Nec_etiam_aberraturum
3041 4344 3330 4427 puto,_qui
3352 4342 3546 4427 verba.
3559 4342 3759 4401 Basilii
3777 4343 3862 4401 ait

2255 4416 2509 4490 accipiet
2529 4435 2542 4490 ξ
2567 4416 2742 4473 Novit
2756 4415 3080 4490 legislato‘r,
3096 4416 3161 4473 id
3179 4415 3359 4473 etiam
3382 4415 3548 4490 quod
3564 4430 3860 4490 perquam

2174 4472 2218 4527 ι)
2252 4472 2671 4561 ἆίίίὶἆὶιοῐαοῑιι
2692 4492 2801 4561 est,
2815 4472 2993 4543 facile
3015 4472 3173 4544 factu
3190 4472 3856 4561 perigratiam‘redliere.

2251 4563 2401 4618 Nam
2421 4575 2628 4616 vocem
2646 4556 2904 4631 ἀδύνατον
2920 4575 3029 4631 pro
3040 4575 3104 4616 re
3115 4556 3413 4631 perquam
3428 4558 3657 4614 difticili
3669 4573 3861 4631 quan-

2252 4630 2772 4704 doque1usurpari
2804 4630 3017 4704 notum
3039 4630 3149 4686 est.
3173 4630 3290 4686 Nec
3326 4630 3703 4704 quemquam
3727 4645 3859 4704 ino-

2251 4700 2387 4773 vere
2418 4702 2601 4758 debet
2619 4700 2830 4758 eorum
2870 4700 3153 4773 codicum
3178 4700 3613 4773 auctoritasfin
3634 4701 3860 4773 quibus

2253 4771 2475 4828 δυνατόν
2496 4773 2733 4842 legitur.
2765 4771 3095 4828 Verisimile
3119 4772 3284 4827 enim
3306 4772 3392 4840 fit,
3422 4770 3505 4827 ita
3525 4770 3858 4827 correctum

2252 4861 2382 4901 esse
2404 4845 2483 4901 ab
2495 4843 2829 4916 aliquo,qu_i
2851 4843 3007 4916 falso
3020 4842 3132 4898 sibi
3150 4843 3211 4897 in
3234 4843 3506 4898 animum
3524 4842 3863 4916 induxisset

2250 4932 2464 4973 vocem
2488 4912 2764 4986 ἀδύνατοι(
2781 4914 3086 4986 duriorem
3110 4929 3244 4969 esse
3259 4920 3443 4986 atque
3465 4914 3857 4986 asperiorem.

2322 4988 2439 5057 (97)
2478 4991 2538 5042 In
2582 4985 2936 5043 Colbertinis
2970 4985 3166 5057 primo
3214 4990 3271 5057 et
3321 4984 3659 5057 tertiopost
3686 4984 3857 5051 illud,

2251 5053 2581 5131 ὑπάρχοντα,
2598 5056 2807 5131 addita
2832 5053 3353 5131 sunt-btec‘verba,
3367 5062 3456 5131 καὶ
3478 5053 3580 5131 ,δός
3600 5064 3859 5128 πτωχοῖς,

2252 5080 2357 5113 υπα
2394 5079 2581 5131 χοντα,
2598 5079 2807 5112 auuua
2832 5079 2973 5113 sunt
2993 5079 3124 5113 [RBG
3149 5079 3456 5124 verun,xuc
3486 5079 3580 5117 σος
3600 5079 3856 5128 πτωχοις,

2252 5137 2306 5189 et
2334 5079 2415 5187 οἵα
2456 5128 2847 5199 pauperibus.
2895 5131 3031 5199 Mox,
3074 5127 3217 5183 editi
3258 5127 3541 5199 ᾐκολούθει
3591 5147 3675 5180 σοι
3722 5132 3856 5180 xui:

2253 5201 2360 5259 sed
2391 5198 2678 5259 Voculam
2728 5206 2817 5253 καὶ
2848 5198 3201 5269 delcvimus,
3237 5198 3422 5256 ﬁdem
3464 5200 3861 5270 antiquorum

2250 5273 2546 5330 librorum
2577 5272 2787 5328 secuti.

2326 5348 2434 5411 (98)
2451 5343 2625 5409 Quod
2637 5342 2719 5399 ait
2735 5342 3251 5413 Basilius,o/fundi
3261 5340 3862 5413 tenebrasgapranniis

2251 5417 2385 5472 illic
2397 5417 2695 5485 repositis,
2709 5415 2870 5471 hanc
2881 5410 3073 5470 habet
3087 5413 3466 5477 sententiam,
3483 5410 3760 5467 vilescere
3781 5411 3863 5466 di-

2251 5487 2451 5565 vitias,
2549 5502 2687 5542 cum
2711 5485 3387 5565 praemiis‘vri‘tzemternze
3409 5489 3859 5565 comparentur.

2265 5628 2277 5640 ,
2325 5559 2627 5640 (99),Βθε.
2666 5555 2900 5631 primus
2938 5562 2996 5613 et
3026 5556 3195 5614 Colb.
3242 5555 3447 5612 itidem
3478 5555 3713 5632 primus
3742 5558 3865 5625 τοὺς

2255 5649 2318 5704 αρ
2327 5650 2366 5701 χ
2371 5648 2395 5682 ο
2398 5648 2551 5702 μενον
2562 5650 2601 5692 ς.
