4124 6404
258 332 364 390 289

1594 322 1883 384 HOMILIA
1920 319 1992 381 ΙΝ
2034 319 2327 383 DlVlTES.

3543 321 3652 382 290

259 462 353 512 καὶ
387 448 736 530 σμαράγδους
765 471 855 505 και
885 452 1185 521 υακίνθους,
1230 471 1321 506 και
1367 454 1593 529 χρυσὸν,
1645 455 1730 504 τὸν
1778 452 1869 525 μὲν

2007 463 2139 518 ans,
2171 447 2555 519 margaritas,
2580 444 2963 518 smaragdos,
2990 445 3354 520 hyacinthos
3382 466 3395 503 :
3428 465 3650 506 aurum

260 545 622 620 χαλκεύουσα,
656 546 743 595 τὸν
774 536 834 596 δε
864 540 1228 615 ἐξυφαίνουσα,
1261 546 1352 595 καὶ
1393 538 1486 595 διὰ
1522 543 1698 603 πάσης
1728 538 1873 593 ἀπει-

261 634 509 713 ροκαλίας
541 638 634 692 τὴν
674 636 825 685 νόσον
857 631 1111 695 αὔξουσα.
1160 631 1236 685 Οὐ
1288 634 1388 707 γὰρ
1429 630 1484 684 ἐκ
1526 634 1788 704 παρέργου
1837 631 1867 688 ἠ

263 728 382 801 περὶ
409 730 581 776 ταῦτα
630 717 864 788 σπουδὴ,
908 718 1035 773 ἀλλά
1080 725 1170 773 καὶ
1211 723 1389 784 νύκτες
1423 724 1515 773 καὶ
1545 722 1737 795 ἡμέραι
1778 722 1871 781 τὰς

263 819 383 889 περὶ
411 814 609 866 τούτων
630 815 882 885 μερίμνας
905 810 986 882 (1)
1013 812 1224 883 ἔχουσι.
1269 815 1371 864 Καὶ
1402 814 1583 884 μυρίοι
1628 811 1758 871 τινες
1788 812 1875 861 κό-

264 903 437 971 λακες,
468 907 585 963 ταῖς
616 899 921 973 ἐπιθυμίαις
949 900 1119 953 αὐτων
1150 901 1548 976 ὑποτρέχοντες,
1584 901 1874 971 συνάγουσι

266 997 389 1055 τοὺς
437 989 761 1063 ἀνθοϐαφεῖς,
821 993 943 1052 τοὺς
992 994 1356 1064 χρυσοχόους,
1418 993 1538 1052 τούς
1585 987 1870 1063 μυρεψοὺς,

270 1086 392 1145 τοὺς
439 1081 683 1154 ὑφάντας,
744 1082 869 1140 τοὺς
923 1079 1189 1134 ποικιλτά.
1253 1076 1460 1133 Οὐδένα
1502 1083 1693 1153 χρόνον
1746 1076 1873 1130 ἀνα-

271 1177 410 1226 πνεῖν
459 1165 656 1223 δίδωσι
697 1169 771 1221 τῶ
820 1165 975 1242 ἀνδρὶ
1021 1168 1079 1221 ἐκ
1120 1177 1220 1221 τῶν
1271 1177 1505 1242 συνεχῶν
1555 1168 1718 1230 αὐτῆς
1756 1166 1874 1220 ἐπι-

272 1260 571 1332 ταγμάτων.
626 1254 817 1319 Οὐδείς
865 1257 1073 1331 ἐξαρκεῖ
1120 1258 1343 1321 πλοῦτος
1394 1265 1510 1320 ταῖς
1553 1262 1877 1329 γυναικείαις

270 1347 576 1421 ἐπιθυμίαις
604 1348 1036 1421 ὑπηρετούμενος,
1087 1344 1201 1400 οὐδ’
1251 1346 1311 1400 ἀν
1342 1346 1397 1400 ἐκ
1443 1367 1690 1421 ποταμων
1738 1345 1877 1421 ἐπιρ-

267 1437 379 1512 ρέῃ·
423 1437 545 1489 ὅταν
587 1432 964 1497 σπουδάξηται
992 1439 1082 1509 μεν
1108 1437 1188 1508 (2)
1235 1436 1358 1511 παρ’
1410 1436 1597 1497 αὑταῖς
1646 1439 1705 1488 τό
1737 1433 1876 1511 βαρ-

270 1524 484 1600 ϐαρικόν
536 1529 720 1600 μύρον,
771 1527 838 1589 ὡς
890 1528 949 1578 τό
989 1524 1042 1589 ἐξ
1087 1524 1284 1599 ἀγορᾶς
1339 1524 1538 1593 ἔλαιον,
1588 1528 1655 1579 τὰ
1708 1522 1767 1579 δὲ
1822 1524 1878 1577 ἐκ

272 1614 534 1678 θαλάττης
580 1616 735 1683 ἄνθη,
789 1615 818 1673 ἡ
870 1613 1085 1687 κόχλος,
1119 1616 1149 1673 ἠ
1182 1620 1353 1681 πίννα,
1395 1616 1522 1688 ὑπὲρ
1570 1618 1629 1668 τὸ
1678 1613 1733 1666 ἐκ
1779 1623 1878 1666 τῶν

269 1703 542 1780 προϐάτων
571 1706 727 1779 ἔριον.
756 1706 967 1777 Χρυσός
1016 1700 1094 1772 δὲ,
1145 1709 1501 1779 περισφίγγων
1549 1707 1673 1766 τοὺς
1704 1702 1878 1778 βαρυ-

1982 539 2180 596 itidem
2210 538 2431 612 partim
2460 537 2713 605 cudens,
2732 536 2956 610 partim
2973 542 3204 604 texens,
3219 543 3277 595 et
3300 538 3646 609 omnigenis

1980 628 2221 702 ineptiis
2264 627 2549 684 morbum
2599 626 2934 697 adaugens.
2971 629 3095 682 Non
3128 626 3290 683 enim
3332 626 3526 683 obiter
3555 625 3650 683 his

1981 717 2162 774 datur
2190 732 2397 790 opera,
2449 716 2558 772 sed
2596 715 2702 771 diu
2740 720 3043 787 noctuque
3091 715 3309 771 eadem
3338 719 3647 771 curantur.

1984 807 2137 874 Quin
2159 812 2216 864 et
2234 806 2537 863 innumeri
2558 809 2965 861 assentatores
2990 819 3196 861 earum
3217 803 3651 877 cupiditatibus

1984 898 2298 971 suppetias
2328 896 2651 962 venientes,
2684 899 3001 952 accersunt
3023 894 3325 957 tinctores.
3351 893 3650 964 auriﬁces,

1983 986 2438 1059 unguentarios,
2467 990 2744 1052 textores,
2774 984 3033 1041 artilices
3063 999 3176 1039 acu
3200 984 3654 1057 pingentes.Ne-

1984 1093 2103 1152 que
2132 1076 2331 1134 virum
2354 1076 2477 1133 ullo
2503 1081 2774 1149 tempore
2797 1074 3090 1146 respirare
3120 1073 3279 1142 sinit,
3303 1077 3369 1130 ut
3398 1089 3533 1145 quae
3563 1087 3656 1128 as-

1984 1168 2175 1224 siduis
2196 1169 2397 1240 ipsum
2426 1166 2696 1239 imperiis
2720 1165 2980 1223 divexet.
3011 1165 3167 1237 Opes
3194 1163 3372 1220 nullae
3401 1165 3658 1236 possunt

1984 1257 2311 1314 muliebres
2340 1256 2697 1330 cupiditates
2718 1254 2980 1327 explere,
3003 1269 3079 1310 ne
3102 1253 3153 1309 si
3181 1252 3377 1309 ﬂuant
3405 1251 3654 1324 quidem

1985 1363 2057 1404 ex
2070 1347 2446 1404 ﬂuminibus:
2462 1344 2964 1418 quandoquidem
2980 1342 3365 1399 barbaricum
3384 1357 3462 1397 un
3471 1356 3656 1411 guen-

1986 1439 2118 1493 tum
2146 1436 2323 1510 quasi
2353 1435 2604 1491 allatum
2626 1451 2700 1491 cx
2747 1434 2879 1489 foro
2916 1433 3121 1489 oleum
3149 1431 3500 1504 exquirunt.
3541 1429 3657 1485 Ad-

1985 1526 2118 1584 haac
2142 1527 2323 1583 ﬂores
2359 1524 2600 1591 marini,
2634 1522 3048 1594 conchylium,
3080 1519 3293 1594 pinna,
3337 1534 3532 1592 eaque
3561 1535 3658 1575 co-

1984 1616 2212 1691 piosior
2237 1631 2423 1689 quam
2454 1615 2656 1671 ovium
2678 1613 3074 1669 lana.Aurum
3096 1615 3300 1668 autem
3319 1609 3552 1683 lapides
3570 1609 3657 1665 in-

1988 1705 2183 1776 gentis
2208 1702 2383 1777 prctii
2412 1700 3022 1774 connectcns,partim
3049 1715 3257 1756 earum
3281 1697 3460 1755 fronti
3477 1712 3658 1753 orna-

270 1798 455 1867 τίμους
500 1800 600 1845 τῶν
652 1792 824 1860 λίθων,
876 1794 902 1845 6
949 1796 1040 1866 μέν
1083 1812 1165 1854 τις
1216 1793 1402 1856 αὐταῖς
1457 1790 1881 1867 προμετωπίδιος

2005 1799 2194 1852 nento
2222 1796 2333 1861 est,
2354 1791 2577 1865 partim
2606 1790 2793 1847 collo:
2840 1789 3049 1845 itidem
3089 1788 3252 1845 aliud
3286 1788 3441 1844 inest
3465 1786 3653 1851 zonis,

269 1885 471 1954 γίνεται
517 1885 749 1955 κόσμος,
813 1882 839 1933 6
902 1877 962 1934 δε
1017 1885 1406 1954 περιαυχένιος·
1464 1887 1555 1934 καὶ
1620 1880 1773 1944 ἄλλος
1831 1880 1880 1933 ἐν

272 1971 480 2039 ζωναις,
512 1975 603 2023 καὶ
650 1969 800 2031 ἀλλος
830 1972 923 2033 τάς
951 1978 1138 2045 χεῖρας
1182 1967 1367 2043 δεσμεῖ
1404 1970 1496 2024 καὶ
1530 1974 1650 2033 τοὺς
1687 1967 1878 2033 ποδας.

272 2064 537 2136 Χαίρουσι
564 2062 666 2135 γὰρ
699 2063 755 2113 αἱ
803 2060 1120 2136 γιλόχρυσοι
1158 2056 1432 2133 ὃιδεμεναι
1475 2068 1593 2123 ταῖς
1639 2063 1881 2134 χειροπέ.

274 2146 417 2219 δαις,
445 2153 598 2222 μόνον
644 2147 728 2202 ἐὰν
776 2154 986 2223 χρυσός
1023 2151 1051 2202 6
1082 2147 1290 2224 δεσμῶν
1322 2150 1485 2211 αὐτὰς
1620 2153 1749 2203 Πότε
1795 2146 1882 2203 οὖν

269 2238 427 2311 ψυχῆ
441 2258 462 2300 ς
494 2237 866 2311 ἐπιμελήσεται
895 2240 921 2292 6
969 2245 1294 2319 γυναικείαις
1345 2240 1651 2312 ἐπιθυμίαις
1692 2241 1883 2313 ὑπηρε-

271 2330 538 2402 τούμενοςς
570 2326 771 2403 Ὠσπερ
801 2330 902 2402 γὰρ
934 2330 1001 2381 τά
1029 2330 1310 2403 ὑπόσαθρα
1333 2337 1432 2382 τῶν
1472 2327 1663 2382 πλοίων
1693 2347 1884 2381 καται-

271 2413 421 2489 γίδες
450 2422 557 2494 καὶ,
585 2417 758 2485 ζάλαι,
806 2418 971 2480 οὕτως
1001 2418 1079 2490 (3)
1124 2419 1178 2470 αἱ
1227 2421 1450 2493 πονηραὶ
1475 2426 1574 2470 τῶν
1621 2425 1882 2490 γυναικῶν

276 2503 544 2568 διαθέσεις
567 2508 663 2568 τὰς
710 2504 942 2568 ἀσθενεῖς
988 2505 1176 2579 ψυχὰς
1221 2515 1322 2559 τῶν
1373 2509 1745 2560 educendum)»
1792 2526 1884 2559 κα-

274 2594 689 2656 ταϐαπτίζουσι.
738 2598 878 2670 Πρός
931 2603 1167 2649 τοσαῦτα
1221 2593 1288 2655 δὴ
1341 2592 1427 2649 οὖν
1481 2592 1809 2669 διελκόμενος
1855 2596 1882 2647 6

275 2684 497 2746 πλοῦτος
553 2685 653 2737 ὑπὸ
707 2680 900 2758 ἀνδρὸς
953 2688 1044 2737 καὶ
1087 2688 1356 2757 γυναικός,
1404 2683 1656 2748 ἀλλήλους
1705 2690 1885 2738 νικών-

276 2793 375 2827 των
422 2779 539 2836 ταῖς
597 2770 896 2847 ἐφευρέσεσι
942 2782 1041 2827 τῶν
1089 2779 1347 2847 ματαίων,
1416 2775 1626 2838 εἰκότως
1697 2771 1887 2828 οὐδένα

278 2865 457 2938 καιρόν
497 2860 613 2935 ἐχει
643 2862 716 2933 (4)
756 2866 888 2938 πρὸς
935 2866 1055 2926 τοὺς
1099 2863 1280 2927 ἔξωθεν
1318 2866 1696 2939 παρακύπτειν.
1749 2862 1883 2917 Ἀλλ’

283 2950 369 3004 ἐάν
443 2954 532 3025 μὲν
608 2949 807 3026 ἀκούσῃ
821 2972 860 3020 ς,
933 2952 1183 3011 Πώλῃσόν
1262 2973 1356 3007 σου
1431 2956 1499 3007 τά
1554 2955 1882 3028 ὑπάρχοντα,

285 3045 377 3094 καὶ
408 3037 499 3104 δός
527 3049 786 3113 πτωχοῖς,
821 3043 904 3094 ἱνα
933 3044 1067 3116 ἔχῃς
1103 3039 1291 3115 ἐφόδια
1343 3046 1476 3118 πρὸς
1516 3048 1610 3103 τὴν
1677 3042 1887 3096 αἰωνίαν

1989 1883 2154 1942 aliud
2184 1897 2408 1939 manus
2434 1880 2619 1937 vincit
2645 1896 2717 1937 ac
2754 1879 2961 1953 pedes.
3009 1882 3159 1935 Nam
3198 1876 3478 1934 mulieres
3526 1874 3660 1931 auri

1989 1976 2267 2030 amantes
2296 1969 2555 2027 manicis
2582 1968 2793 2025 vinciri
2823 1966 3298 2039 gaudent,modo
3320 1982 3537 2023 aurum
3560 1964 3656 2033 sit,

1990 2060 2157 2135 quod
2169 2060 2336 2133 ipsas
2353 2057 3002 2124 vinciat.Quandonam
3020 2056 3203 2126 igitur
3214 2055 3435 2112 animm
3448 2068 3659 2110 curam

1987 2147 2259 2215 habebit,
2282 2147 2390 2221 qui
2440 2145 2839 2203 muliebribus
2888 2144 3203 2201 desideriis
3251 2142 3660 2216 obsequitur?

1990 2242 2140 2295 Nam
2167 2242 2232 2294 ut
2256 2236 2595 2310 putrefacta
2616 2234 2856 2305 navigia
2887 2232 3166 2306 procellae
3197 2237 3251 2289 et
3286 2231 3661 2300 turbines,ita

1988 2327 2268 2385 inﬁrmas
2288 2328 2621 2397 conjugum
2641 2323 2878 2380 animas
2899 2338 3099 2395 pravae
3120 2337 3381 2378 uxorum
3401 2319 3663 2377 affectio-

1990 2432 2101 2474 nes
2127 2415 2512 2485 demergunt.
2545 2416 2694 2471 Cum
2742 2412 2924 2484 igitur
2953 2411 3034 2469 ad
3067 2415 3148 2468 tot
3188 2427 3261 2468 ac
3303 2414 3503 2467 tantos
3556 2409 3661 2465 ab-

1991 2522 2139 2562 usus
2170 2503 2582 2560 distrahantur
2606 2501 2823 2558 divitim
2862 2518 2899 2558 a
2927 2500 3057 2557 viro
3098 2504 3156 2556 et
3185 2515 3393 2568 uxore,
3416 2514 3545 2555 sese
3573 2497 3663 2554 in-

1992 2595 2189 2651 vicem
2204 2609 2408 2649 rerum
2427 2606 2726 2648 vanarum
2749 2589 3189 2660 excogitatione
3210 2587 3661 2662 superantibus;

1991 2700 2118 2741 non
2142 2683 2391 2751 mirum,
2423 2680 2474 2737 si
2502 2680 2617 2737 illae
2645 2679 2881 2737 nullam
2911 2678 3430 2752 opportunitatem
3458 2676 3664 2734 nanci-

1995 2778 2242 2831 scantur
2278 2772 2360 2828 ad
2384 2775 2619 2828 exteros
2648 2769 3059 2843 perveniendi.
3094 2768 3265 2835 Quod
3297 2767 3347 2823 si
3377 2766 3661 2837 audieris,

2009 2864 2207 2921 Vende
2225 2877 2359 2935 quae
2379 2861 2581 2929 habes,
2609 2865 2664 2917 et
2685 2861 2766 2917 da
2793 2859 3259 2931 pauperibusmt
3286 2856 3519 2914 habeas
3546 2856 3665 2913 via-

2000 2952 2186 3011 ticum
2215 2951 2296 3008 ad
2321 2955 2610 3009 mternam
2639 2948 3001 3020 felicitatem,
3032 2948 3165 3005 abis
3191 2946 3414 3014 tristis;
3447 2946 3498 3002 si
3522 2961 3666 3003 vero

2001 3040 2294 3111 audieris,
2328 3042 2414 3097 Da
2456 3037 2744 3112 pecunias
2801 3037 3157 3094 mulieribus
3208 3035 3556 3103 luxuriosis,
3586 3034 3668 3091 da.

287 3128 594 3198 ἀπόλαυσιν,
629 3128 836 3205 ἀπέρχῃ
869 3130 1207 3205 λυπούμενος·
1250 3131 1335 3184 ἐὰν
1376 3128 1437 3187 δε
1485 3131 1738 3207 ἀκούσῃς,
1794 3135 1890 3195 Δὸς

2005 3129 2299 3203 lapicidis,
2330 3127 2518 3186 fabris
2558 3126 2858 3197 lignariis,
2906 3124 3262 3221 hominibus
3290 3123 3556 3221 calculos
3583 3123 3669 3221 lo:

283 3224 543 3293 χρήματα
590 3219 799 3292 γυναιξὶ
835 3216 1157 3293 χλιδῶσαις,
1208 3218 1302 3283 δός
1347 3221 1623 3290 λιθοξόοις,
1659 3226 1887 3292 τέκτοσι,

286 3307 628 3382 ψηφοθέταις,
659 3309 975 3384 ζωγράφοις,
1006 3315 1218 3385 χαίρεις
1256 3314 1322 3374 ὡς
1454 3309 1521 3371 δή
1550 3332 1602 3365 τι
1625 3314 1892 3390 χρημάτω

284 3403 590 3474 τιμιώτερον
647 3404 1062 3471 κατακτὼμενος.
1124 3400 1247 3473 Οὐχ
1312 3402 1435 3474 ὁρας
1496 3390 1621 3464 τούς
1674 3406 1895 3474 τοίχους

286 3490 503 3549 τούτους
549 3489 671 3549 τοὺς
719 3487 819 3540 ὑπὸ
873 3495 966 3539 τοῦ
1009 3491 1207 3561 χρόνου
1259 3488 1665 3563 καταρρυέντας,
1714 3492 1782 3542 ὡν
1829 3491 1896 3542 τὰ

284 3574 525 3647 λείψανα,
588 3575 761 3652 ὥσπερ
837 3575 1080 3629 σκόπελοί
1148 3596 1302 3646 τινες,
1372 3574 1467 3631 διὰ
1532 3587 1629 3640 τῆς
1702 3577 1897 3640 πόλεως

284 3666 464 3728 πάσης
493 3664 571 3737 (6)
600 3663 889 3737 ἀνέχουσι;
918 3669 1087 3719 Πόσον
1115 3663 1249 3725 ἦσαν
1279 3669 1415 3721 κατά
1438 3671 1532 3727 τὴν
1557 3666 1706 3721 πόλιν
1735 3672 1895 3728 πένη-

286 3773 396 3823 τος,
430 3756 625 3807 τούτων
657 3753 1009 3828 ἐγειρομένων,
1042 3754 1091 3808 οἳ
1122 3752 1216 3810 διὰ
1258 3760 1352 3816 τὴν
1382 3761 1501 3832 περὶ
1529 3765 1697 3810 ταῦτα
1726 3777 1896 3811 σπου-

292 3838 392 3902 δὴν
447 3843 547 3896 ὑπὸ
589 3851 689 3896 τῶν
737 3847 853 3897 τότε
898 3843 1161 3898 πλουσίων
1207 3854 1571 3923 παρεωρῶντο;
1623 3854 1731 3901 Ποῦ
1787 3852 1898 3900 τοί-

290 3933 437 3991 νυνὴ
485 3931 699 4008 λαμπρὰ
753 3940 855 3985 τῶν
903 3937 1061 4008 ἔργων
1101 3940 1425 4004 κατασκευή;
1485 3943 1585 3990 ποῦ
1644 3932 1703 3989 δὲ
1742 3938 1768 3988 6
1816 3934 1900 3990 ἐπὶ

290 4029 353 4093 τῇ
432 4024 628 4074 τούτων
702 4022 1062 4098 μεγαλουργίᾳ
1136 4024 1504 4099 ζηλούμενος;
1584 4024 1659 4078 Οὐ
1734 4033 1902 4079 ταῦτα

290 4112 382 4184 μὲν
405 4110 489 4182 (7)
547 4114 878 4184 συγκέχυται
933 4117 1024 4166 καί
1076 4114 1382 4187 ἠφάνισται,
1433 4117 1608 4191 ὥσπερ
1657 4117 1725 4168 τά
1765 4118 1902 4169 κατά

290 4195 513 4253 παιδιὰν
550 4198 599 4253 ἐν
646 4208 762 4263 ταῖς
786 4201 1026 4275 ψάμμοις
1055 4202 1156 4255 ὑπὸ
1182 4211 1280 4256 τῶν
1323 4200 1532 4257 παίδων
1571 4203 1903 4278 φιλοτεχνού-

292 4307 438 4363 μενα,
493 4289 520 4340 6
561 4284 619 4342 δε
658 4288 707 4341 ἓν
761 4298 834 4362 τῷ
891 4287 996 4364 ᾄδῃ
1043 4298 1232 4360 κεῖται,
1283 4291 1369 4346 ἐπὶ
1422 4300 1485 4366 τῇ
1536 4290 1744 4367 σπουδῇ
1802 4302 1901 4348 τῶν

293 4379 527 4451 ματαίων
575 4376 1025 4450 μεταμελόμενος;
1097 4380 1340 4451 Μεγάλην
1393 4383 1485 4453 ἔχε
1538 4386 1635 4441 τὴν
1690 4382 1898 4456 ψυχήν·

294 4473 476 4540 τοῖχοι
505 4462 565 4519 δε
590 4471 680 4518 καὶ
709 4470 892 4539 μικροὶ
922 4471 1012 4519 καὶ
1041 4468 1256 4540 μείζους
1396 4473 1489 4528 τὴν
1528 4470 1690 4531 αὐτὴν
1715 4475 1901 4547 χρείαν

295 4555 610 4631 πληροῦσιν.
640 4553 802 4607 Ὀταν
832 4556 1070 4630 παρέλθω
1124 4556 1195 4619 εἰς
1242 4556 1410 4610 οἰκίαν
1461 4555 1655 4633 ἀνδρὸς
1697 4558 1904 4636 ἀπειρο-

298 4644 459 4700 κάλου
506 4647 597 4698 καὶ
642 4642 961 4717 ὀψιπλούτου
992 4646 1090 4716 (9),
1145 4651 1236 4700 καὶ
1285 4643 1386 4699 ἴδω
1434 4636 1597 4707 αὐτὴν
1640 4656 1905 4714 παντοίοις

371 4744 444 4821 (_
685 4742 918 4821 primus
942 4748 1038 4821 ῖήν
1068 4749 1188 4819 περὶ
1217 4752 1385 4821 ταῦτα
1410 4749 1682 4821 μέριμναν.

478 4815 660 4891 (ΞΟΠ).-
677 4814 911 4888 primus
930 4816 1056 4891 όταν
1084 4814 1421 4878 σκευάζηταί
1437 4814 1546 4891 μέν,
1578 4820 1711 4876 Mox
1738 4817 1901 4878 idem

303 4887 497 4963 codex
519 4892 610 4963 καὶ
639 4887 875 4963 ἠίπίννα.
917 4887 1026 4953 Qui
1059 4887 1499 4963 comparaverit
1521 4905 1660 4963 quze
1695 4890 1791 4947 hic
1821 4891 1909 4963 di-

306 4962 522 5033 cuntur
550 4957 627 5014 de
652 4958 981 5033 mulierum
1023 4957 1434 5033 quarumdam
1465 4957 1631 5028 luxu,
1666 4979 1804 5020 cum
1836 4962 1907 5019 iis

307 5043 445 5154 quae
464 5027 539 5084 de
557 5028 772 5085 eodem
793 5027 1152 5120 argumento
1172 5032 1407 5114 scripsit
1427 5027 1781 5116 AmObroSius
1801 5033 1907 5117 lib.

352 5114 383 5154 e
400 5098 552 5153 Nab.
584 5100 712 5154 Jez.
734 5116 866 5154 can.
887 5107 1226 5154 a.num.26.
1242 5102 1433 5154 facile-
1449 5120 1685 5154 omnor-
1701 5104 1907 5154 fatebi-

352 5114 383 5154 e
400 5098 569 5175 Nab,
584 5100 688 5155 Jez
699 5142 712 5155 .
731 5098 1095 5175 cap.__§i,num
1110 5107 1226 5175 .26,
1242 5098 1434 5175 facile,
1449 5104 1685 5175 opinor,
1701 5104 1910 5163 fatebi-

308 5174 407 5252 tur
423 5169 614 5252 multa
633 5185 705 5226 ex
728 5169 1040 5252 Basilianis
1060 5169 1588 5252 i_mita_ta_esse.S_ed
1607 5169 1776 5249 quod
1793 5177 1911 5252 hoc

305 5240 445 5319 ipso
465 5240 526 5299 in
545 5240 679 5319 loco
701 5242 1183 5319 ait_Arnbrosius,
1204 5246 1498 5303 delectari
1533 5253 1597 5319 et,
1611 5240 1910 5319 60mpedi-

310 5313 418 5369 bus
437 5313 736 5394 ηξιιζέθνςε,
759 5315 1077 5394 dummon
1099 5332 1253 5394 αιςρζο
1276 5320 1563 5394 ιιῃεηῑιιν,
1577 5313 1910 5394 _id_ex'pres-

309 5383 579 5466 sumtuit
606 5384 686 5466 ad
706 5386 958 5466 verbum
979 5403 1020 5466 _e
1043 5387 1281 5466 Basilio,
1321 5383 1430 5461 qui
1449 5383 1633 5466 paulo
1653 5383 1810 5448 infra
1828 5392 1913 5449 ita

306 5455 574 5544 loquitur
596 5472 609 5510 :
644 5461 914 5543 Xai‘oouct‘
930 5460 1031 5544 γὰρ
1064 5460 1119 5511 αἱ
1145 5455 1473 5544 {doleas-06
1491 5457 1765 5543 δεδεμέναι
1793 5470 1911 5525 ταῖς

308 5523 564 5609 xta-361136
568 5547 670 5609 αις,
703 5523 855 5609 μόνρν
896 5523 979 5580 ἐάν
1002 5523 1217 5609 ’χρυσός
1245 5523 1509 5609 ξ’δεσμῶν
1540 5523 1701 5596 αὑτὰς
1731 5555 1786 5608 ῃ.

381 5594 459 5672 (3)
484 5599 649 5672 Regii
676 5594 918 5672 codices
956 5594 1203 5658 etmediti
1245 5594 1420 5672 ξάλαι,
1449 5604 1632 5668 οὕτως.
1784 5604 1909 5664 Col-

309 5668 531 5726 bertini
560 5669 714 5730 ξάλαι
744 5669 822 5725 ἀεὶ
853 5670 1219 5745 ἀφανίζουσιν,
1249 5668 1431 5744 οὓτως,
1464 5679 1582 5735 etc.

2004 3218 2307 3288 cantibus,
2352 3216 2710 3290 pictoribus,
2758 3220 2903 3273 tunc
2941 3213 3192 3287 perinde
3231 3212 3462 3284 gaudes
3511 3228 3584 3269 ac
3617 3211 3669 3269 si

2003 3308 2341 3383 quidquam
2372 3304 2650 3379 pecuniis
2672 3304 2995 3378 pretiosius
3017 3302 3324 3377 acquiras.
3346 3304 3478 3359 Non
3496 3300 3669 3357 vides

2003 3400 2232 3455 moenia
2246 3397 2378 3454 ha=c
2389 3395 2680 3468 temporis
2699 3393 3092 3452 diuturnitate
3105 3392 3670 3466 collapsa,quorum

2002 3486 2271 3560 reliquiis
2287 3484 2447 3541 velut
2466 3483 2705 3557 scopuli
2723 3483 2973 3556 quidam
2992 3483 3106 3555 56
3124 3498 3230 3556 per
3245 3486 3434 3539 totam
3456 3480 3671 3538 urbem

2004 3576 2307 3634 eminent?
2339 3577 2512 3646 Quot,
2538 3590 2677 3630 cum
2698 3576 3164 3643 exstruerentur,
3208 3575 3381 3628 erant
3426 3570 3490 3627 in
3519 3570 3670 3626 urbe

2002 3680 2326 3740 pauperes,
2358 3663 2464 3737 qui
2484 3662 2563 3720 ob
2586 3662 2876 3719 collatum
2905 3660 2969 3718 in
2996 3677 3067 3717 ea
3104 3659 3372 3717 studium
3401 3675 3439 3716 a
3475 3658 3673 3716 diviti-

2004 3754 2121 3811 bus
2134 3754 2269 3826 ejus
2291 3751 2580 3825 temporis
2597 3749 3094 3823 negligebantur?
3113 3750 3250 3806 Jam
3262 3764 3405 3805 vero
3418 3747 3667 3804 ubinam

2007 3846 2098 3901 est
2122 3840 2481 3916 splendidus
2500 3855 2756 3914 operum
2782 3839 3153 3913 apparatus?
3181 3837 3282 3894 ubi
3302 3835 3674 3910 ille,quima-

2009 3947 2274 4005 gnopere
2304 3929 2676 3986 laudabatur
2723 3927 2804 3985 ob
2859 3922 3070 3984 eorum
3109 3925 3673 3998 magniﬁcentiam?

2009 4025 2219 4078 Nonne
2245 4020 2377 4076 haec
2405 4018 2491 4076 ita
2517 4017 2808 4091 prolapsa
2827 4019 2965 4073 sunt
2985 4019 3048 4073 et
3065 4015 3309 4081 abolita,
3336 4018 3400 4072 ut
3419 4031 3513 4086 ea,
3533 4031 3672 4089 quae

2008 4111 2069 4168 in
2093 4126 2278 4168 arena
2296 4125 2334 4166 a
2356 4108 2562 4183 pueris
2582 4106 2933 4164 ludentibus
2962 4106 3379 4163 exstruuntur?
3396 4106 3675 4162 nonnein

2009 4200 2244 4258 inferno
2268 4199 2429 4271 jacet
2448 4197 2545 4255 ille
2566 4196 2699 4271 ipse
2736 4212 2922 4270 quem
2943 4196 3074 4268 ejus
3104 4194 3274 4269 quod
3297 4194 3480 4252 rebus
3498 4194 3675 4253 vanis

2012 4292 2362 4365 impensum
2391 4291 2483 4345 est
2512 4286 2697 4345 studii
2724 4285 3020 4360 paenitet?
3053 4285 3143 4344 Sis
3172 4285 3378 4343 animo
3407 4299 3671 4357 magno:

2012 4379 2174 4438 muri
2204 4384 2332 4437 tum
2369 4376 2561 4452 parvi,
2609 4380 2737 4434 tum
2767 4374 2999 4448 magni,
3031 4391 3212 4432 usum
3244 4375 3528 4433 eumdem
3578 4392 3677 4432 ex-

2013 4471 2200 4546 plent.
2235 4469 2493 4538 Quando
2521 4468 2583 4525 in
2613 4467 2870 4525 domum
2898 4466 3087 4540 inepti
3125 4467 3238 4523 viri
3280 4472 3337 4524 et
3378 4483 3676 4541 perquam

2015 4559 2210 4618 divitis
2230 4558 2575 4633 praeteriens
2585 4556 2914 4629 ingredior,
2942 4554 3240 4628 videoque
3265 4555 3466 4629 ipsam
3485 4556 3689 4616 omni-.

2017 4649 2186 4722 genis
2215 4647 2586 4706 ornamentis
2604 4643 3230 4718 fulgentem,intelligo
3255 4659 3396 4702 eum
3420 4644 3572 4701 nihil
3590 4660 3678 4701 re-

2001 4794 2009 4802 .
2083 4750 2159 4838 [(3)
2182 4749 2335 4838 [legi
2366 4746 2602 4830 pritnus
2631 4748 2811 4838 21¢???
2838 4744 2979 4827 ἄγει.

2200 4817 2629 4892 (2611),-ρΐῇωι18
2658 4817 2875 4892 χαίροις
2908 4818 2996 4892 ᾡς,

2086 4886 2353 4971 (θ’),ξὶθξο
2391 4886 2625 4971 infimus
2658 4886 2862 4970 ’τίςὸλὶως
2907 4886 3141 4971 ὁξξάοςης.
3186 4886 3678 4971 Notarunttypo-

2018 4958 2234 5035 graphi
2276 4958 2650 5035 Parisienses
2688 4959 2752 5015 in
2786 4974 2894 5035 ora
2914 4958 3080 5035 libri,
3108 4971 3450 5035 sermonem
3472 4958 3681 5035 hic_in-

2018 5029 2182 5089 stitui
2196 5032 2271 5088 de
2286 5035 2558 5090 Caesarea
2574 5029 3139 5103 Cappadociamque
3160 5030 3222 5085 in
3242 5029 3539 5103 honorem
3561 5032 3682 5085 Cte-

2019 5104 2175 5161 saris
2202 5103 2542 5165 instaurata
2562 5100 2772 5158 fuerat.
2818 5100 3126 5157 Tiberium
3148 5117 3278 5156 esse
3298 5102 3481 5158 tradit
3502 5100 3681 5157 Euse-

2016 5175 2156 5232 bius
2180 5177 2243 5231 in
2266 5175 2589 5241 Chronico,
2613 5173 2772 5230 circa
2792 5172 3215 5245 Olympiadem
3237 5173 3342 5229 CC.
3374 5173 3560 5243 Legas
3584 5188 3681 5228 ve-

2015 5246 2124 5303 lim
2156 5245 2632 5303 eruditissimam
2658 5243 2874 5301 notam
2901 5243 3122 5299 Ducaei.
3346 5286 3355 5297 .

2091 5320 2167 5390 (7)
2208 5319 2354 5388 Reg.
2386 5317 2622 5390 primus
2649 5315 2803 5390 o~3_1-a‘c
2831 5320 2943 5388 μέν.
2973 5313 3204 5390 Ibidem
3229 5312 3380 5390 editi
3417 5320 3684 5389 συγκέχυ-

2019 5385 2109 5443 ταί
2136 5385 2191 5442 τε
2220 5385 2330 5446 καί
2362 5385 2586 5445 Vocula
2604 5404 2658 5440 τε
2679 5385 2852 5443 abest
2882 5401 2919 5442 a
2939 5385 3143 5442 multis
3169 5385 3500 5443 codicibus.

2093 5463 2172 5542 (8_)
2211 5460 2619 5542 Iteg._pri_mus
2635 5460 2823 5540 μικροὶ
2860 5462 2951 5542 καί
2989 5456 3244 5542 μεγάλου
3299 5457 3407 5515 sed
3464 5460 3527 5515 in
3576 5474 3685 5516 ora

2017 5531 2156 5589 libri
2185 5530 2420 5604 addidit
2442 5530 2725 5604 librarius
2743 5530 2838 5604 γρ.
2868 5533 2958 5604 καί
2979 5530 3216 5604 μείζους.

2118 5604 2173 5683 9)
2202 5602 2360 5671 Quid
2388 5618 2505 5683 vox
2544 5599 2860 5683 ὁψίπλουέος
2890 5599 3005 5683 sibi
3033 5599 3195 5667 velit,
3224 5600 3375 5682 satis
3423 5615 3551 5683 non
3595 5601 3684 5657 in-

2022 5670 2285 5750 telligere
2311 5690 2374 5733 se
2399 5670 2631 5733 notavit
2659 5670 3097 5730 Combeﬁsius:
3143 5671 3316 5744 cujus
3343 5676 3488 5729 nota
3518 5687 3556 5731 a
3584 5687 3686 5733 cu-
