4124 6382
238 316 343 390 293

1568 312 1862 390 HOMlLlA
1896 309 1968 382 iu
2010 316 2299 386 DIVITES.

3526 338 3636 395 294

239 454 549 529 ύψωθέντες,
619 454 720 509 ἀπὸ
787 474 1043 532 μετεωρου
1120 464 1213 510 τοῦ
1288 461 1565 532 πτώματος
1634 454 1843 515 ἑαυτούς

1964 450 2082 508 alto
2112 468 2256 509 casu
2298 454 2530 529 seipsos
2569 455 2968 512 contundant.
3022 459 3209 514 Avem
3256 459 3629 518 seleucidem

238 543 609 620 καταῤῥάξωσι
639 547 683 617 (’i
699 548 774 613 ὅ).
802 548 902 604 Τὴν
953 544 1229 600 σελευκίδα
1269 551 1329 600 τὸ
1378 551 1546 621 ὄρνεον
1590 544 1668 598 ἐπ’
1701 544 1848 619 εὐερ-

239 639 393 708 γεσίᾷ
434 642 535 687 τῶν
586 632 866 708 ἀνθρώπων
914 633 1192 710 ἀκόρεστον
1241 633 1370 690 εἶναι
1415 638 1440 688 ὁ
1485 638 1705 697 κτίστης
1750 641 1851 686 τῶν

241 724 368 778 ὅλων
423 722 827 797 ἐμηχανήσατό·
888 728 954 778 σὺ
1009 722 1069 796 δε
1122 724 1205 779 ἐπὶ
1268 722 1437 801 βλάϐῃ
1499 734 1598 779 τῶν
1651 722 1850 778 πολλῶν

243 812 527 889 ἀκόρεστον
587 823 811 867 σεαυτοῦ
864 817 959 874 τὴν
1004 813 1193 889 ψυχὴν
1241 816 1651 879 κατεσκεύασας.
1712 812 1852 866 Ὅσα

245 900 425 977 βλέπει
473 903 497 956 ὁ
548 901 825 977 ὀφθαλμός,
870 907 1131 958 τοσούτων
1180 904 1424 980 ἐπὶθυμεῖ
1460 906 1575 979 (16)
1618 906 1643 958 ὁ
1694 902 1850 958 πλέο-

240 997 445 1057 νέκτης.
504 992 578 1047 Ού
635 993 1002 1054 πλησθήσεται
1068 993 1329 1070 ὀφθαλμὸς
1396 1003 1487 1049 τοῦ
1542 997 1699 1070 ὁρᾷν,
1758 997 1851 1047 καὶ

241 1083 303 1136 ού
341 1084 715 1158 κορεσθήσεται
771 1086 1083 1160 φιλάργυρος
1127 1094 1219 1138 τοῦ
1264 1082 1563 1160 λαμϐάνειν.
1609 1084 1669 1137 Ὀ
1712 1078 1851 1155 ᾅδης

244 1170 337 1224 ούκ
368 1170 519 1238 εἶπεν,
566 1174 753 1246 Ἀρκεῖ,
784 1170 907 1227 ούδέ
939 1174 965 1227 ὁ
993 1172 1297 1238 πλεονέκτης
1329 1171 1438 1229 εἶπέ
1476 1191 1619 1243 ποτε,
1657 1170 1846 1248 Ἀρκεῖ.

244 1267 375 1315 Πότε
420 1267 605 1337 χρήσῃ
648 1270 758 1326 τοῖς
800 1271 1069 1339 παροῦσι;
1118 1270 1244 1319 ποτε
1290 1264 1606 1327 ἀπολαύσεις
1657 1262 1847 1332 αὐτῶν,

243 1349 321 1404 ἀεὶ
367 1358 478 1415 τοῖς
531 1357 709 1416 πόνοις
757 1354 851 1416 τῆς
903 1359 1136 1417 κτήσεως
1187 1360 1570 1429 συνεχόμενος;
1618 1352 1754 1407 Ούαὶ
1802 1354 1851 1405 οἱ

244 1442 590 1503 συνάπτοντες
659 1441 830 1494 οἰκίαν
894 1445 1025 1517 πρὸς
1088 1443 1284 1511 οἰκίαν,
1353 1446 1439 1496 καὶ
1503 1440 1656 1516 ἀγρὸν
1720 1442 1850 1517 πρὸς

241 1527 402 1603 ἀγρὸν
468 1528 777 1603 ἐγγίζοντες,
838 1533 921 1585 ἶνα
978 1540 1071 1586 τοῦ
1137 1530 1360 1592 πλησίον
1418 1531 1704 1606 ἀφέλωνταί
1763 1548 1840 1588 τι.

241 1622 308 1671 Σὺ
354 1616 414 1673 δε
450 1623 504 1672 τί
545 1627 746 1689 ποιείς;
781 1619 856 1674 Ού
904 1622 1206 1697 προφασίζη
1259 1627 1442 1697 μυρία,
1473 1621 1556 1674 ἳνα
1583 1619 1749 1696 λάϐῃς
1786 1620 1850 1674 τὰ

240 1716 335 1762 τοῦ
377 1707 640 1776 πλησίον;
677 1708 975 1765 Ἐπισκοτεῖ
1017 1731 1128 1786 μοι,
1180 1718 1359 1786 φησὶν,
1405 1712 1435 1771 ἡ
1486 1719 1578 1765 τοῦ
1626 1715 1849 1785 γείτονος

242 1797 402 1864 οἰκία,
455 1798 707 1875 θορύϐους
758 1798 972 1871 ἐνίησιν,
1020 1802 1049 1862 ᾖ
1102 1805 1160 1855 τὸ
1208 1798 1534 1876 πλανώμενον
1570 1800 1848 1875 (17)ὑπο-

242 1883 481 1961 δέχεται,
515 1888 545 1949 ἦ
598 1892 625 1943 ὃ
670 1910 722 1944 τι
761 1887 821 1943 ἃν
851 1894 993 1965 τύχη
1047 1892 1434 1965 αἰτιασάμενος,
1485 1888 1843 1968 περιελαύνων,

239 1980 328 2030 καὶ
356 1977 576 2047 ίξωθῶν,
622 1984 713 2032 καὶ
744 1977 902 2034 ἕλκων
943 1977 1039 2049 ἀεί,
1090 1986 1180 2034 καὶ
1226 1984 1568 2056 σπαράσσων,
1616 1981 1674 2034 ού
1713 1985 1846 2058 πρό-

239 2086 385 2143 τερον
414 2071 656 2137 παύεται,
688 2076 808 2146 πρὶν
839 2066 898 2122 ἂν
939 2068 1170 2145 ἐπαγάγῃ
1215 2071 1391 2135 αύτοῖς
1443 2070 1673 2144 ἀνάγκην
1723 2091 1846 2145 μετ-

240 2156 596 2221 αναστάσεως.
682 2162 745 2212 Τί
822 2162 909 2212 τὸν
984 2156 1261 2215 Ναϐουθάν
1340 2163 1427 2213 τὸν
1495 2158 1847 2236 Ἱεζραηλίτην

244 2244 533 2301 ἀπέκτεινεν
583 2248 741 2320 (l8);
794 2248 916 2322 Ούχ
964 2250 994 2309 ἡ
1049 2258 1142 2303 τοῦ
1194 2249 1410 2324 ’Λχαὰϐ
1456 2246 1711 2325 ἐπιθυμία
1755 2258 1846 2303 τοῦ

242 2333 576 2409 ἀμπελῶνος;
638 2340 868 2414 Πονηρὸς
920 2334 968 2391 ἐν
1016 2339 1160 2394 πόλει
1209 2342 1466 2409 σύνοικος,
1518 2342 1746 2416 πονηρὸς
1796 2338 1846 2393 ἐν

240 2423 451 2501 ἀγροῖς,
513 2427 538 2479 ὁ
596 2426 922 2491 πλεονέκτης.
986 2427 1046 2482 Ἠ
1110 2428 1353 2484 θάλασσα
1419 2424 1531 2483 οἶδε
1596 2431 1664 2483 τὰ
1730 2429 1850 2504 ὁρια

244 2513 411 2577 αὐτῆς
439 2515 577 2587 (19)’
618 2517 649 2576 ἡ
682 2517 773 2580 νύξ
816 2514 921 2591 ούχ
951 2516 1250 2593 ὑπερϐαίνει
1289 2520 1562 2596 ὁροθεσίας
1591 2516 1845 2594 ἀρχαίας.

245 2603 305 2656 εΟ
354 2600 413 2658 δὲ
459 2603 770 2670 πλεονέκτης
825 2606 920 2660 ούκ
972 2603 1203 2662 αἰδεῖται
1245 2612 1460 2684 χρὸνον,
1501 2606 1560 2663 ού
1608 2609 1849 2685 γνωρίζει

247 2692 384 2768 ὅρον,
418 2693 477 2748 ού
507 2703 777 2772 συγχωρεῖ
805 2693 1083 2772 ἀκολουθίᾳ
1113 2693 1406 2772 διαδοχῆς,
1449 2697 1577 2752 ἀλλά
1610 2706 1849 2773 μιμεῖται

245 2791 337 2837 τοῦ
373 2786 539 2858 πυρὸς
579 2790 675 2845 τὴν
716 2784 859 2860 βίαν·
912 2789 1082 2841 πάντα
1125 2784 1482 2863 ἐπιλαμϐάνει,
1528 2791 1697 2842 πάντα
1740 2786 1849 2843 ἐπι-

243 2874 467 2947 νέμεται.
518 2879 617 2928 Καὶ
658 2873 834 2952 ὥσπερ
878 2879 926 2930 οἱ
968 2882 1219 2953 ποταμοὶ,
1270 2876 1328 2931 ἐκ
1370 2885 1561 2954 μικρᾶς
1598 2878 1705 2943 (2οὶ
1752 2888 1849 2941 τῆς

243 2968 452 3038 πρώτης
515 2962 691 3041 ἀρχῆς
757 2966 1085 3042 ὁρμηθέντες,
1148 2963 1260 3022 εἶτα
1318 2977 1434 3032 ταῖς
1491 2968 1605 3022 κατ’
1675 2968 1847 3043 ὀλίγον

245 3054 571 3128 προσθήκαις
627 3052 985 3111 ἀνυπόστατον
1032 3056 1275 3121 λαθὸντες
1334 3063 1429 3119 τὴν
1482 3056 1723 3127 αὔξησιν,
1774 3067 1846 3131 τῷ

1959 543 2382 602 universorum
2401 546 2602 619 opifex
2620 546 2941 602 hominum
2960 548 3155 615 gratia
3178 548 3449 608 condidit
3467 552 3628 607 insa-

1961 632 2228 690 tiabilem
2256 653 2267 704 ;
2298 639 2360 692 tu
2383 651 2523 692 vero
2545 636 2607 692 in
2637 637 2966 693 multorum
2997 636 3329 709 perniciem
3349 640 3629 697 animum

1961 725 2133 779 tuum
2153 723 2581 798 inexplebilem
2612 725 2878 784 eﬂ'ecisti.
2893 727 3285 800 Quaecunque
3300 727 3465 784 videt
3484 743 3625 784 ocu-

1962 811 2073 883 lus,
2099 830 2172 871 ea
2203 815 2575 889 concupiscit
2600 831 2841 874 avarus.
2873 816 3010 872 Non
3042 816 3388 887 cxplebz’tur
3413 819 3624 875 oculus

1962 904 2218 961 videndo
2239 906 2309 976 ει,
2330 920 2529 978 neque
2551 921 2771 964 avarus
2801 904 3117 962 satiabitur
3136 906 3512 980 accipiendo.
3530 910 3621 963 ln-

1961 990 2166 1049 fernus
2195 1008 2318 1050 non
2349 994 2517 1057 dixit,
2546 995 2812 1062 Sufﬁcit;
2856 1009 3053 1068 neque
3084 1010 3306 1052 avarus
3349 1010 3624 1069 unquam

1962 1081 2130 1153 dixit,
2153 1083 2385 1141 Sufﬁcit
2409 1086 2484 1140 ’³.
2521 1083 2927 1152 Quandonam
2965 1084 3147 1141 uteris
3184 1086 3627 1159 praesentibus?

1962 1172 2211 1245 quando
2240 1174 2334 1230 his
2366 1174 2579 1231 frueris
2601 1179 2686 1239 tu,
2717 1175 2824 1248 qui
2864 1191 3106 1248 semper
3124 1176 3384 1249 parandi
3413 1176 3624 1233 labore

1960 1261 2263 1320 detineare
2279 1264 2307 1321 ‘I
2349 1265 2445 1322 Va:
2466 1266 2567 1337 qui
2588 1268 2967 1337 conjungunt
2991 1267 3229 1323 domum
3259 1266 3339 1323 ad
3361 1266 3621 1337 domum,

1961 1357 2015 1409 et
2036 1367 2253 1422 agrum
2289 1356 2371 1410 ad
2399 1369 2609 1426 agrum
2637 1359 3022 1421 connectunt,
3045 1361 3110 1412 ut
3133 1371 3169 1413 a
3205 1357 3486 1425 proximo
3507 1357 3617 1413 ali-

1960 1442 2108 1514 quid
2137 1445 2427 1515 auferant
2449 1447 2609 1501 ".Tu
2633 1460 2775 1501 vero
2806 1444 2954 1517 quid
2981 1444 3126 1502 facis
3143 1445 3172 1501 ?
3200 1449 3289 1501 An
3310 1461 3433 1502 non
3453 1445 3626 1502 innu-

1959 1544 2130 1588 mera
2168 1534 2536 1606 causaris,ut
2559 1549 2688 1591 rem
2728 1534 2992 1608 proximi
3022 1550 3279 1607 usurpas
3298 1535 3328 1591 ?
3358 1534 3513 1601 Mihi,
3536 1534 3625 1592 in-

1960 1621 2398 1694 quit,tenebras
2419 1623 2681 1680 offundit
2707 1623 2927 1680 domus
2948 1623 3369 1695 vicini,turbas
3383 1624 3623 1694 excitat,

1960 1714 2064 1766 aut
2079 1724 2322 1768 errones
2342 1712 2595 1786 suscipit
2611 1728 2623 1780 ;
2641 1717 2744 1770 aut
2759 1713 3004 1770 tandem
3025 1711 3262 1786 quidvis
3294 1712 3458 1769 aliud
3474 1728 3624 1787 pree-

1890 1816 1930 1871 B
1959 1804 2192 1877 texens,
2221 1802 2555 1875 exagitans,
2588 1802 2935 1874 extrudens,
2984 1803 3227 1859 trahens
3277 1817 3517 1878 semper
3552 1817 3625 1860 ac

1958 1889 2255 1962 lacerans,
2298 1907 2422 1949 non
2471 1893 2639 1966 prius
2669 1893 2855 1950 ﬁnem
2899 1892 3061 1965 facit,
3104 1907 3292 1966 quam
3323 1908 3465 1949 eum
3505 1892 3623 1951 alio

1958 1982 2220 2053 migrare
2246 1985 2526 2055 coegerit.
2557 1981 2713 2051 Quid
2744 1982 3083 2040 Nabutham
3130 1982 3498 2040 Jezraelitem
3530 1984 3625 2040 in-

1954 2073 2302 2131 teremit"?
2330 2076 2541 2131 Nonne
2593 2072 2894 2148 cupiditas
2940 2072 3187 2130 Achaab
3236 2072 3415 2131 vitem
3464 2072 3624 2132 illius

1956 2163 2448 2237 concupiscentis
2461 2164 2490 2221 ?
2509 2161 2974 2231 Avarus,malus
2996 2163 3057 2220 in
3086 2160 3259 2229 urbe,
3281 2162 3481 2221 malus
3500 2161 3626 2222 ruri

1954 2251 2188 2309 vicinus
2232 2256 2340 2310 est.
2375 2253 2545 2310 Novit
2572 2269 2741 2310 mare
2771 2251 3058 2310 terminos
3088 2268 3230 2309 suos
3258 2268 3272 2309 τ
3301 2267 3425 2309 nox
3471 2252 3621 2311 anti-

1958 2356 2106 2414 quos
2132 2340 2354 2399 limites
2383 2340 2498 2398 sibi
2528 2342 2914 2416 praescriptos
2944 2356 3069 2398 non
3086 2340 3624 2412 transgreditur.At

1956 2445 2100 2488 vero
2121 2445 2337 2488 avarus
2357 2447 2482 2489 non
2508 2435 2747 2488 veretur
2774 2436 3035 2503 tempus,
3064 2445 3187 2487 non
3214 2429 3492 2502 agnoscit
3511 2433 3626 2487 ter-

1956 2520 2216 2592 minum,
2258 2522 2661 2579 successionis
2705 2520 2904 2579 ordini
2951 2537 3075 2578 non
3107 2520 3295 2588 cedit;
3325 2518 3433 2577 sed
3460 2520 3620 2593 ignis

1956 2610 2078 2668 vim
2100 2611 2387 2682 imitatur,
2419 2611 2651 2672 invadit
2680 2611 2910 2681 umnia,
2934 2610 3141 2668 omnia
3164 2608 3531 2684 depascitur.
3552 2611 3623 2667 Et

1956 2706 2023 2759 ut
2050 2701 2305 2759 ﬂumina
2328 2716 2401 2759 ex
2430 2717 2620 2775 parvo
2643 2701 2813 2759 initio
2835 2700 3127 2776 profecta,
3143 2700 3361 2758 deinde
3390 2715 3498 2774 per
3517 2716 3622 2758 eas

1957 2806 2092 2866 quae
2121 2790 2417 2865 paulatim
2446 2791 2602 2849 ﬂunt
2627 2790 3011 2849 accessiones
3042 2787 3494 2848 intolerabiliter
3518 2806 3621 2849 au-

1957 2885 2073 2951 cta,
2112 2878 2416 2955 quidquid
2441 2880 2675 2939 obsistit
2697 2886 2755 2938 et
2783 2880 3085 2953 objicitur,
3118 2878 3182 2937 id
3217 2878 3481 2938 violento
3506 2880 3619 2938 im-

1956 2976 2097 3044 petu
2118 2985 2325 3027 secum
2356 2968 2603 3028 trahunt
2632 2986 2644 3037 ;
2685 2970 2768 3027 ita
2797 2969 2977 3027 etiam
3025 2969 3195 3027 avari
3224 2968 3304 3027 ad
3324 2985 3619 3043 magnam

1954 3060 2288 3135 potentiam
2318 3060 2607 3134 provecti,
2640 3058 2745 3115 ubi
2770 3074 2845 3116 ex
2882 3058 2954 3115 iis
3000 3075 3154 3133 quos
3181 3056 3312 3131 jam
3351 3058 3620 3132 potentia

246 3140 405 3218 βιαίῳ
478 3154 575 3207 τῆς
641 3151 799 3220 φορᾶς
872 3151 931 3200 τὸ
1009 3146 1336 3222 ἐνιστάμενον
1402 3151 1842 3227 παρασύρουσινο

1959 3165 2067 3209 sua
2091 3166 2469 3225 oppressere,
2488 3146 2815 3207 inferendae
2844 3148 3078 3221 injuria:
3109 3148 3454 3207 facultatem
3482 3165 3616 3207 am-

241 3234 372 3287 οὔτω
410 3239 499 3288 καὶ
530 3234 580 3287 οἱ
609 3231 692 3288 ἐπὶ
716 3238 851 3309 μέγα
896 3244 991 3300 τῆς
1036 3233 1308 3312 δυνάμεως
1344 3238 1675 3315 προελθόντες
1713 3243 1842 3309 (21),

239 3320 296 3376 ἕκ
358 3333 457 3377 τῶν
524 3319 632 3383 ἤδη
699 3322 1289 3381 καταδυναστευθέντων
1357 3333 1451 3388 τὴν
1520 3336 1611 3382 τοῦ
1670 3328 1844 3382 πλεῖον

241 3406 442 3467 ἀδικεῖν
499 3409 722 3488 δύναμιν
769 3413 1274 3489 προσλαμϐάνοντες,
1318 3424 1427 3480 τοῖς
1473 3414 1843 3494 προηδικημέ-

236 3518 342 3566 νοις
402 3500 528 3565 τοὺς
582 3500 917 3577 λειπομένους
978 3501 1448 3574 καταδουλοῦνται,
1507 3510 1596 3560 καὶ
1646 3512 1846 3580 γίνεται

238 3591 419 3656 αὐτοῖς
450 3589 719 3666 δυνάμεως
749 3593 975 3657 αὔξησις
1022 3596 1051 3654 ἡ
1107 3601 1387 3672 περιουσία
1428 3603 1525 3660 τῆς
1567 3595 1841 3674 πονηρίας.

239 3684 305 3735 Οἱ
344 3682 445 3759 γὰρ
495 3684 909 3757 προπεπονθότες
929 3692 1147 3761 κακῶς,
1209 3686 1607 3761 ἠναγκασμένην
1668 3688 1847 3752 αὐτοῖς

234 3741 587 3846 παρεχίὸμενοι
638 3776 732 3832 τὴν
792 3741 1061 3847 βοήθίιαν,
1110 3777 1204 3838 τὰς
1247 3741 1366 3829 καθ’
1412 3741 1591 3851 ἑτέρων
1642 3776 1846 3853 βλάϐας

241 3881 334 3914 και
383 3855 595 3924 ἀδικίας
646 3872 1040 3921 σννεκπονοῦσι.
1093 3870 1249 3929 Ποῖος
1298 3867 1399 3940 γὰρ
1447 3871 1648 3941 γείτων,
1696 3877 1846 3934 ποῖος

237 3955 491 4021 σύνοικος,
546 3956 627 4015 τίς
682 3952 1037 4018 συναλλάκτης
1091 3952 1151 4009 ού
1213 3959 1613 4033 παρασύρεται;
1675 3956 1843 4015 Ούδὶν

229 4042 513 4114 ὑφίσταται
560 4047 653 4102 τὴν
704 4041 824 4116 βίαν
877 4050 969 4097 τοῦ
1016 4042 1243 4099 πλούτου
1272 4068 1285 4080 ·
1336 4049 1509 4101 πάντα
1555 4048 1843 4105 ὑποκύπτει

227 4137 291 4205 τῇ
323 4125 619 4207 τυραννίδι,
651 4134 821 4187 πάντα
849 4134 1183 4194 ὑποπτήσσεί
1211 4140 1304 4196 τὴν
1356 4133 1668 4193 δυναστείαν
1699 4141 1838 4214 (22),

229 4218 440 4274 πλείονα
494 4221 646 4295 λόγον
696 4220 919 4277 ἑκάστου
966 4230 1067 4276 τῶν
1125 4220 1457 4300 ἠδικημένων
1507 4230 1721 4302 ἔχοντος
1767 4233 1839 4305 μὴ

224 4311 549 4385 προσπαθεῖν
596 4331 648 4365 τι
690 4315 867 4381 κακὸν,
902 4313 931 4372 ᾖ
986 4309 1143 4371 δίκην
1184 4312 1356 4368 λαϐεῖν
1395 4317 1521 4393 ὑπὲρ
1567 4325 1665 4372 τῶν
1714 4302 1843 4392 φθαλ

231 4398 450 4455 σάντων.
483 4399 693 4473 Ἐπάγει
733 4404 801 4454 τὰ
848 4401 1008 4474 ζεύγη
1053 4408 1153 4454 τῶν
1199 4401 1356 4476 βοῶν,
1388 4403 1629 4482 ἀροτριᾷ,
1674 4428 1839 4464 κατα-

232 4492 449 4565 σπείρει,
516 4490 708 4565 θερίζει
753 4492 821 4543 τὰ
870 4494 942 4564 μὴ
1003 4496 1351 4569 προσήκοντα.
1404 4495 1520 4549 Ἐὰν
1571 4495 1839 4575 ἀντείπῃς,

228 4580 284 4634 αἱ
320 4578 538 4653 πληγαίο
587 4577 673 4632 ἐὰν
722 4575 912 4655 ὀδύρῃ,
966 4578 1162 4655 ὕϐρεων
1206 4585 1426 4659 γραφαὶ,
1468 4582 1737 4662 ἀγώγιμος
1773 4585 1837 4663 εἶ,

301 4733 351 4769 ﬂ
375 4730 566 4790 Eccle.
592 4748 633 4798 1,
659 4734 713 4799 8,
791 4734 839 4769 ’⁵
863 4735 1038 4792 Prov.
1094 4750 1274 4807 xxvu,
1301 4740 1405 4808 20;
1435 4753 1573 4809 xxx,
1599 4742 1684 4798 l6.
1758 4741 1807 4779 ²⁶
1834 4743 1949 4802 lsa.
1981 4759 2037 4813 v,
2068 4745 2123 4799 8.

452 4883 618 4966 Qplb.
651 4884 886 4966 primus
913 4883 1125 4950 ἑαυτούς
1154 4889 1546 4966 καταρῥήξῳσι.

304 4959 420 5040 μβ)
445 4958 613 5040 βεδε.
654 4957 889 5040 primus
914 4957 1352 5040 ‘xarre'xwacaié-
1410 4965 1560 5037 ὅσον]
1584 4960 1765 5040 βλέπει
1808 4965 1835 5019 ὁ

231 5025 789 5105 ὀφθαλμος,.τῖοσὸῡτον
820 5028 1080 5105 ἐπιθυμεῖ.

453 5096 601 5153 Editi
637 5096 1042 5182 ῃπλανημενὸν.
1087 5100 1337 5182 Ἀττιιίῳί
1370 5105 1495 5165 duo
1524 5106 1663 5166 libri
1707 5107 1833 5164 ἀπο-

230 5165 574 5253 ξλανιίᾱμεχον.
619 5170 729 5253 Alii
773 5165 1044 5253 quatupr
1083 5165 1410 5253 πλανώμενον
1453 5195 1466 5232 :
1522 5165 1646 5253 qua
1682 5196 1833 5239 voce

226 5237 991 5325 pomlieﬁ'siussigniﬁcaﬁ
1020 5246 1146 5304 vult
1172 5237 1506 5325 litareticos.
1530 5237 1647 5308 Hic
1675 5237 1832 5310 enim

224 5313 439 5383 inquit.
483 5313 704 5391 Basili:
744 5322 936 5391 (atate,
971 5320 1238 5376 vexandi
1260 5322 1608 5391 proximum
1636 5325 1832 5382 mansio

224 5396 356 5469 ηιιιε
390 5388 744 5469 praetextas.
772 5387 1058 5469 Sed-cum
1090 5387 1371 5469 avari'pe
1406 5395 1683 5469 cogitare,
1702 5396 1834 5469 qui-

224 5453 364 5541 dem
388 5452 463 5541 de
486 5455 780 5513 haereticis
804 5459 958 5515 soliti
988 5461 1126 5541 sint,
1151 5462 1416 5541 arbitror
1428 5452 1689 5541 intelligi
1720 5452 1833 5541 im-

224 5524 341 5606 tius
369 5524 589 5606 debere
612 5543 859 5606 errones
895 5546 924 5606 :_
942 5532 1047 5602 qui
1084 5548 1224 5589 cum
1250 5536 1541 5593 omnibus
1567 5524 1828 5596 houmi‘ni-

220 5594 337 5652 bus
363 5596 564 5681 infesti
595 5599 732 5681 sint,
768 5594 1118 5681 speciosam
1136 5607 1549 5679 conquerendi
1570 5594 1830 5681 causam

220 5667 421 5726 avaris
440 5667 558 5725 illis
585 5670 732 5727 dare
764 5667 1200 5745 pbteraut.Mox
1229 5667 1387 5735 unus
1409 5695 1524 5737 ms.
1557 5679 1618 5734 ἂν
1644 5685 1824 5755 τύχοι.

1872 4372 1920 4429 ο

1952 3239 2205 3314 pliorem
2227 3239 2429 3314 adepti
2452 3244 2763 3309 sunt,tunc
2780 3237 3043 3313 reliquos
3064 3254 3189 3297 una
3205 3254 3346 3296 cum
3365 3238 3436 3295 iis
3461 3255 3617 3312 quos

1951 3331 2118 3405 prius
2148 3329 2369 3402 injuria
2393 3327 2669 3396 affecere,
2703 3326 2990 3399 redigunt
3015 3327 3079 3385 in
3117 3328 3485 3398 servitutem,
3527 3331 3617 3386 at-

1950 3435 2069 3495 que
2088 3419 2397 3493 potestatis
2422 3418 2867 3476 incrementum
2890 3418 2954 3475 fit
2980 3416 3127 3492 ipsis
3154 3419 3396 3476 occasio
3421 3416 3619 3490 major

1949 3507 2254 3583 nequitiis.
2283 3511 2433 3565 Nam
2462 3508 2568 3582 qui
2598 3508 2767 3581 prius
2787 3506 3089 3565 damnum
3111 3522 3420 3580 accepere,
3448 3506 3618 3565 inviti

1950 3597 2116 3671 ipsos
2144 3596 2526 3670 adjuvantes,
2554 3596 2669 3670 ipsi
2706 3612 2952 3671 quoque
2977 3612 3168 3654 noxas
3217 3595 3349 3654 aliis
3376 3601 3433 3654 et
3456 3595 3616 3669 inju-

1951 3688 2071 3745 rias
2099 3689 2486 3755 accersunt.Q
2501 3687 2589 3743 uis
2612 3686 2775 3743 enim
2792 3686 3048 3758 vicinus,
3064 3686 3198 3761 quis
3217 3685 3620 3745 contuberna-

1950 3776 2044 3849 lis,
2063 3777 2200 3852 quis
2233 3793 2307 3835 ex
2331 3776 2417 3834 eis
2446 3774 2814 3851 quibuscum
2843 3776 3209 3833 commercia
3227 3774 3473 3849 habent,
3490 3790 3616 3834 non

1951 3866 2308 3925 attrahitur?
2328 3864 2482 3923 Nihil
2502 3864 2624 3922 vim
2646 3864 2899 3921 sustinet
2924 3864 3295 3936 divitiarum,
3311 3864 3617 3940 tyrannidi

1952 3956 2177 4015 cedunt
2200 3954 2426 4021 omnia,
2455 3954 2791 4030 potentiam
2821 3953 3030 4012 omnia
3074 3953 3441 4026 formidant;
3475 3970 3618 4012 cum

1950 4047 2371 4122 unusquisque
2418 4060 2629 4103 eorum
2669 4044 2778 4119 qui
2814 4044 2946 4118 jam
2976 4043 3199 4117 injuria
3225 4044 3424 4103 aﬂecti
3454 4047 3616 4116 sunt,

1952 4136 2150 4210 magis
2176 4134 2468 4195 sollicitus
2495 4136 2681 4203 sit,ne
2712 4134 2861 4208 quid
2884 4132 3027 4191 mali
3045 4132 3296 4192 ulterius
3331 4134 3616 4209 patiatur,

1952 4242 2143 4302 quam
2170 4228 2237 4284 ut
2266 4226 2341 4283 de
2367 4225 2453 4282 eis
2492 4240 2629 4299 quae
2654 4239 2983 4299 perpessus
3014 4228 3121 4295 est,
3152 4222 3486 4283 vindictam
3513 4240 3616 4281 su-

1953 4320 2099 4376 mat.
2144 4314 2320 4373 Dives
2367 4315 2575 4372 incitat
2598 4314 2753 4387 juga
2797 4313 3010 4386 boum,
3055 4318 3207 4383 arat,
3250 4314 3410 4385 serit,
3450 4314 3620 4373 metit

1951 4421 2221 4465 messem
2272 4404 2352 4464 ad
2408 4419 2470 4461 se
2512 4418 2638 4462 non
2689 4403 3065 4463 attinentem.
3108 4402 3168 4460 Si
3210 4400 3615 4476 contradicas,

1949 4496 2144 4573 plagae
2171 4510 2185 4553 :
2219 4495 2272 4553 si
2301 4494 2913 4569 conquerare,ageris
2938 4508 3075 4549 reus
3096 4490 3481 4566 injuriarum,
3515 4492 3620 4551 ad-

1949 4585 2168 4646 diceris
2188 4584 2476 4651 servituti,
2503 4580 2810 4642 habitabis
2838 4594 3144 4641 carcerem
3175 4592 3190 4640 :
3222 4581 3420 4656 parati
3440 4597 3612 4656 syco-

2199 4739 2244 4777 ³⁷
2271 4735 2345 4796 III
2375 4740 2518 4810 Reg.
2552 4750 2666 4795 xm.

1947 4891 2216 4952 Subinde
2247 4889 2413 4963 Celb.
2446 4887 2655 4946 tertius
2687 4891 2935 4963 πρότερον
2954 4884 3234 4963 παύσεται,

2796 4943 2883 5037 {civ
2898 4959 3252 5037 ΔἸσραηλίτην
3277 4953 3606 5037 ἀπέκτεινεν.

1942 5028 2059 5093 Sed
2098 5028 2258 5092 recte
2304 5031 2619 5104 adnotavit
2661 5028 3081 5104 Comheﬁsius,
3134 5044 3248 5104 pro
3277 5029 3612 5104 Ἰσραηλίτην

1940 5106 2431 5180 legendumesse
2463 5102 2834 5180 ’I_a?;pan1trm.
2888 5103 3102 5161 Statim
3136 5101 3287 5160 inss.
3332 5101 3612 5160 nonnulli

1941 5173 2048 5254 ούᾷ
2142 5175 2433 5254 τοῦ-.-Εᾴἱιὶ
2452 5173 2721 5254 οὐχὶῃτοῦ.

2035 5247 2119 5322 19)
2348 5247 2559 5322 tertius
2581 5247 2700 5322 ὅρια
2726 5247 2881 5306 ἑαυτῆ
2893 5268 2934 5308 ς.
3064 5317 3078 5322 _
3180 5318 3183 5319 ν

2035 5255 2099 5307 19
2150 5255 2315 5307 Colb.
2348 5255 2559 5305 tertius
2581 5255 2700 5300 ὃοια
2726 5255 2881 5306 εαυτῆ
2893 5268 2934 5308 ς.

2007 5255 2119 5394 i20;
2150 5318 2317 5394 Cpib.
2346 5318 2579 5394 primus
2609 5300 2719 5394 |523:6
2748 5324 3032 5394 μικρᾶς...
3061 5316 3411 5394 λαμϐάνοντες
3437 5321 3556 5376 τήν.

2010 5388 2123 5467 (21)
2169 5391 2293 5449 Col.
2344 5388 2551 5467 {artius
2605 5388 2875 5467 aurei-adi
2928 5388 3264 5467 piat-1053mm
3313 5388 3368 5442 ἐκ
3415 5394 3610 5465 μικρᾶς

1939 5459 2211 5550 δυνάμεως
2235 5482 2336 5550 πρ.
2357 5462 2586 5520 Ibidem
2605 5460 2747 5519 editi
2762 5459 3151 5536 προσελθόντες.
3178 5465 3249 5519 At
3276 5459 3425 5518 mss;
3455 5459 3608 5518 nen-

1936 5535 2089 5594 nulli
2106 5535 2476 5611 παρελθόντες.

2009 5609 2125 5681 (22)
2152 5602 2304 5665 Editi
2330 5604 2639 5661 δυναστείαν
2662 5605 2978 5663 «irati/0x
2997 5602 3157 5657 αὑτοῦ
3180 5603 3348 5661 deest
3368 5602 3433 5659 in
3454 5618 3608 5661 mss.

1937 5680 2144 5738 militis
2158 5723 2171 5736 .
