4124 6382
279 297 384 357 297

1625 290 1916 354 HOMILIA
1953 292 2020 350 ΙΝ
2061 287 2358 352 DlVlTES.

3553 295 3662 356 298

282 423 476 478 ἐσθίειν
524 422 718 498 μέλλων
767 424 888 485 τοὺς
935 421 1286 484 ὑπεναντίους.
1321 419 1521 476 Ἐκεῖνα
1555 420 1778 475 λυπείτω
1807 437 1882 487 σε,

1996 425 2429 489 consumptum
2449 425 2534 478 est
2553 419 2933 478 adversarios
2945 418 3012 476 ³ο.
3039 417 3176 478 Haec
3196 425 3252 479 te
3275 421 3508 482 tristitia
3531 423 3660 481 atii-

281 519 372 566 καὶ
419 517 491 586 μὴ
536 513 762 566 λυπείτω
813 531 870 564 σε
915 512 946 570 ἡ
994 509 1190 568 ἐντολή.
1234 517 1352 571 Πῶς
1383 529 1440 563 σε
1467 507 1888 576 δυσωπήσωςτί

283 602 534 676 φθεξοριαι
552 621 570 674 _;
605 601 879 664 Βασιλείας
909 600 1003 652 οὐκ
1041 599 1306 673 ἐπιθυμεῖς
1335 616 1350 668 ;
1381 602 1584 670 γέενναν
1625 599 1684 652 οὐ
1712 596 1841 672 φοϐῇ
1870 616 1884 667 ;

279 693 435 745 πόθεν
479 692 660 765 εὑρεθῇ
711 693 856 752 ἴασις
899 697 962 762 τῇ
1008 688 1163 761 ψυχῇ
1215 689 1332 759 (30)
1383 707 1512 758 σου;
1563 688 1624 742 Εἰ
1672 690 1775 762 γὰρ
1821 689 1890 740 τὰ

281 783 474 857 φρικτὰ
519 779 579 832 οὗ
627 787 794 847 ποεῖ,
839 781 907 830 τὰ
949 774 1152 852 φαιδρά
1203 777 1260 830 οὐ
1308 781 1673 854 προτρέπεται,
1713 776 1882 850 λιθίνῃ

283 867 485 946 καρδία
513 865 878 941 διαλεγόμεθα.

353 1053 408 1104 7.
443 1043 742 1118 Διάϐλε-,θον,
776 1045 1034 1118 ἄνθρωπε,
1057 1046 1190 1118 πρὸς
1217 1047 1309 1103 τὴν
1333 1045 1486 1117 φύσιν
1513 1050 1604 1096 τοῦ
1634 1041 1881 1098 πλούτου.

283 1143 346 1190 Τί
387 1144 632 1190 τοσοῦτον
681 1133 939 1192 ἒπτόησαι
967 1138 1086 1208 περὶ
1129 1137 1216 1186 τόν
1258 1137 1503 1208 χρυσόν;
1552 1134 1714 1198 Λίθος
1745 1134 1884 1185 ἐστὶν

283 1227 309 1278 6
337 1227 562 1298 χρυσὸς,
589 1223 734 1286 λίθος
761 1224 788 1275 6
817 1224 1064 1297 ἄργυρος,
1111 1221 1254 1284 λίθος
1299 1223 1326 1274 6
1364 1226 1716 1296 μαργαρίτης,
1743 1219 1887 1282 λίθος

280 1323 379 1368 τῶν
425 1313 578 1366 λίθων
627 1315 865 1374 ἕκαστος·
898 1309 1240 1386 χρυσόλιθον,
1281 1315 1370 1362 καὶ
1421 1309 1704 1384 βηρύλλιον
1751 1308 1880 1382 (31),

279 1408 370 1457 καὶ
401 1403 634 1475 ἀχάτης,
666 1407 756 1454 καὶ
803 1403 1068 1468 ὑάκινθος,
1101 1405 1192 1454 καὶ
1234 1399 1514 1474 ἀμέθυσος,
1547 1404 1637 1453 καὶ
1677 1403 1880 1462 ἴασπις.

277 1501 458 1548 Ταῦτα
483 1489 551 1552 δὴ
586 1501 678 1545 τοῦ
704 1491 930 1546 πλούτου
960 1493 1028 1542 τὰ
1057 1491 1208 1548 ἄνθη·
1251 1491 1318 1541 ὧν
1365 1493 1430 1542 σὺ
1469 1491 1536 1542 τὰ
1563 1492 1655 1562 μὲν
1695 1487 1884 1542 ἀποτί-

281 1585 432 1636 θεσαι
473 1583 876 1656 κατακρύπτων,
927 1582 1018 1632 καὶ
1071 1582 1191 1642 τοὺς
1249 1575 1519 1652 διαφανεῖς
1574 1586 1674 1630 τῶν
1729 1576 1884 1629 λίθων

283 1676 452 1744 σκότῳ
497 1670 774 1724 καλύπτων
817 1669 955 1742 (32)·
989 1671 1112 1730 τοὺς
1142 1665 1202 1721 δὲ
1242 1672 1550 1744 περιφέρεις,
1577 1675 1678 1718 τῶν
1709 1663 1884 1741 βαρυ-

1995 507 2171 575 ciant,
2222 523 2346 564 non
2391 509 2718 566 molestum
2761 508 2866 565 tibi
2913 508 2988 564 sit
3015 508 3218 581 ipsum
3258 518 3652 586 prmceptum.

1995 597 2314 662 Quomodo
2337 597 2576 654 ﬂectam
2603 603 2659 654 te
2680 598 2709 654 ?
2751 597 2901 670 quid
2929 597 3130 654 dicam
3149 600 3178 654 ?
3219 599 3361 670 Regi
3399 617 3522 656 non
3565 607 3653 658 te-

1991 685 2150 742 neris
2172 686 2470 744 desiderio
2491 687 2520 742 ?
2540 703 2664 743 non
2697 687 2871 743 times
2911 687 3294 756 gehennam?
3317 689 3476 744 unde
3498 691 3656 746 sani-

1990 781 2088 833 tas
2114 775 2334 832 animae
2357 781 2472 834 tuae
2495 776 2911 834 conciliabitur
2930 778 2958 833 ?
2980 777 3211 833 Etenim
3238 776 3290 832 si
3318 782 3368 834 te
3389 793 3513 834 non
3543 783 3656 834 ter-

1991 870 2126 922 rent
2159 866 2484 934 horrenda,
2511 867 2558 922 si
2587 865 2725 924 laeta
2756 882 2828 922 ac
2856 865 3072 924 hilaria
3097 881 3221 924 non
3245 867 3651 938 exstimulant,

1989 953 2303 1028 lapideum
2329 971 2434 1013 cor
2464 954 2852 1029 alloquimur.

2062 1047 2116 1102 7.
2145 1049 2397 1116 Intuere,
2421 1061 2458 1104 ο
2479 1046 2684 1114 homo,
2709 1051 2993 1102 naturam
3019 1045 3383 1104 divitiarum.
3401 1047 3550 1110 Quid
3573 1053 3656 1106 at-

1991 1135 2218 1194 tonitus
2268 1141 2580 1210 tantopere
2623 1153 2841 1194 aurum
2887 1137 3176 1194 miraris?
3218 1138 3394 1211 Lapis
3437 1155 3658 1197 aurum

1992 1230 2099 1294 est,
2120 1225 2276 1301 lapis
2297 1231 2635 1298 argentum,
2657 1226 2814 1300 lapis
2831 1227 3184 1298 margarita,
3203 1226 3361 1300 lapis
3381 1227 3652 1302 lapidum

1991 1315 2442 1389 unusquisque;
2466 1314 2896 1388 chrysolithus,
2915 1315 3204 1389 beryllus,
3226 1317 3490 1389 achates,
3512 1317 3660 1392 hya-

1993 1403 2618 1478 cinthus,amethysus
2641 1409 2697 1462 et
2711 1404 2926 1478 jaspis.
2939 1405 3053 1478 59
3070 1404 3290 1461 Hisunt
3309 1405 3660 1464 divitiarum

1991 1493 2468 1566 ﬂores,quorum
2483 1499 2547 1552 tu
2567 1497 2796 1568 partem
2819 1494 2903 1550 ita
2923 1489 3205 1550 recondis
3228 1499 3285 1551 et
3307 1495 3656 1565 abscondis,

1991 1587 2060 1640 ut
2079 1583 2414 1656 pellucidos
2435 1584 2742 1658 quosdam
2758 1583 2997 1658 lapillos
3021 1588 3191 1654 tegas
3211 1584 3659 1656 tenebris,alios

1993 1672 2604 1746 circumferas,deque
2617 1673 3015 1746 pretiosorum
3033 1673 3352 1746 splendore
3365 1673 3658 1746 glorieris.

279 1766 440 1834 τίμων
481 1759 880 1834 ἐναϐρυνόμενος
932 1757 1100 1810 αὐτῶν
1157 1765 1220 1830 τῇ
1283 1757 1443 1830 αὐγῇ.
1492 1756 1636 1824 Εἰπὲ,
1683 1760 1734 1808 τί
1767 1759 1882 1828 δοι-

1996 1761 2115 1834 Dic,
2145 1777 2377 1835 qumso,
2399 1761 2550 1834 quid
2579 1760 2688 1817 tibi
2730 1760 2978 1834 prodest
3007 1777 3260 1818 manum
3302 1761 3522 1836 lapillis
3555 1779 3660 1820 co-

277 1849 366 1912 λός
405 1869 491 1904 σοι
538 1848 709 1910 λίθοις
749 1847 1086 1921 λαμπομένην
1131 1849 1492 1922 περιστρέφειν
1529 1850 1626 1905 τὴν
1681 1851 1880 1920 χεῖρα;

280 1939 388 1992 Οὔκ
451 1937 699 2013 ἐρυθριᾷς
756 1933 994 1990 λιθιδίων
1059 1943 1260 1988 κισσῶν
1323 1937 1392 1998 ὡς
1448 1941 1709 2007 γυναῖκες,
1761 1935 1882 1986 ὅταν

277 2031 482 2098 κύωσι;
518 2032 622 2082 Καὶ
663 2029 766 2101 γὰρ
796 2024 986 2079 ἐκεῖναι
1013 2021 1162 2078 λιθίδ
1167 2045 1221 2077 ια
1259 2029 1664 2100 περιτρώγουσι,
1693 2027 1784 2076 καὶ
1815 2026 1882 2076 σὺ

276 2117 474 2191 λίχνως
503 2120 645 2190 ἔχεις
691 2120 812 2191 περὶ
859 2117 928 2168 τὰ
973 2116 1103 2172 οἶνθη
1153 2122 1253 2166 τῶν
1301 2113 1480 2182 λίθων,
1517 2109 1878 2188 σαρδόνυχας,

276 2214 366 2261 καὶ
420 2203 696 2274 ἰάσπιδας,
747 2209 836 2258 καὶ
883 2203 1177 2278 ἀμεθύσους
1221 2201 1499 2264 ἐπιζητῶν.
1539 2207 1630 2266 Τίς
1677 2201 1882 2254 καλλω-

277 2302 466 2362 κιστής
519 2302 644 2372 μίαν
695 2297 892 2370 ἡμέραν
949 2290 1190 2353 ἠδυνήθη
1239 2301 1313 2364 τῷ
1367 2289 1470 2366 βίῳ
1536 2293 1880 2367 προσθεῖναι;

277 2392 414 2450 τίνος
463 2385 702 2460 ἐφείσατο
752 2386 970 2446 θάνατος
1011 2379 1104 2436 δίοξ
1149 2385 1238 2435 τόν
1289 2381 1551 2450 πλοῦτονς
1599 2385 1733 2444 τίνος
1787 2379 1884 2434 ἀπ-

278 2481 466 2550 έσχετο
489 2481 641 2538 νόσος
671 2471 767 2528 διὰ
793 2477 860 2527 τὰ
881 2477 1141 2549 χρήματα
1163 2489 1178 2541 ;
1201 2478 1331 2534 Ἕως
1368 2475 1495 2525 πότε
1522 2473 1749 2544 χρυσὸς,
1783 2477 1882 2522 τῶν

277 2565 468 2638 ψυχῶν
515 2565 547 2623 ἠ
595 2563 821 2636 ἀγχόνη,
868 2565 927 2615 τό
974 2570 1066 2614 τοῦ
1111 2562 1334 2614 θανάτου
1365 2561 1670 2634 ἄγκιστρον,
1703 2561 1760 2613 τὸ
1786 2565 1882 2622 τῆς

279 2654 538 2730 ἁμαρτίας
582 2650 762 2728 δέλεαρ
790 2669 804 2719 ;
833 2651 964 2714 Ἐως
1015 2655 1141 2704 πότε
1176 2649 1420 2720 πλοῦτος,
1451 2649 1482 2707 ἠ
1533 2655 1626 2701 τοῦ
1655 2647 1881 2722 πολέμου

277 2747 546 2812 ὑπόθεσις,
581 2739 656 2796 δι’
687 2745 742 2796 ὅν
765 2741 1082 2816 χαλκεύεται
1102 2739 1253 2808 ὅπλα,
1279 2735 1351 2792 δι’
1378 2738 1432 2790 ὃν
1453 2736 1704 2790 ἁκονᾶται
1725 2737 1879 2810 ξίφη;

279 2837 376 2888 Διά
403 2841 586 2887 τοῦτον
611 2832 729 2906 (33)
767 2837 1034 2904 συγγενεῖς
1061 2828 1311 2902 ἀγνοοῦσι
1339 2833 1434 2887 τὴν
1465 2830 1642 2901 φύσιν,
1669 2822 1884 2900 ἀδελφοὶ

276 2922 387 2976 κατ’
417 2921 642 2983 ἀλλήλων
673 2925 879 2994 φονικὸν
902 2919 1178 2994 βλέπουσι·
1209 2914 1245 2971 δ
1251 2921 1304 2971 ιὰ
1321 2921 1408 2970 τόν
1429 2916 1650 2970 πλοῦτον
1671 2917 1726 2968 αἱ
1755 2913 1880 2991 ἐρη-

275 3017 395 3086 μίαι
435 3015 558 3074 τοὺς
595 3012 840 3084 φονευτὰς
882 3013 1177 3084 τρέφουσιν,
1212 3009 1242 3066 ἡ
1291 3007 1536 3060 θάλασσα
1562 3009 1683 3068 τοὺς
1713 3023 1881 3058 κατα-

1993 1855 2342 1908 ruscantem
2363 1850 2862 1908 circumvertere?
2881 1853 3013 1908 Non
3034 1855 3090 1909 te
3110 1851 3301 1925 pudet
3319 1851 3506 1909 instar
3525 1869 3663 1908 mu-

1993 1941 2207 1998 lierum
2239 1941 2637 2013 gravidarum
2660 1940 2901 2014 lapillos
2931 1940 3279 2000 desiderare
3299 1942 3328 1999 τ
3369 1944 3469 1998 Ha:
3497 1943 3661 2000 enim

1993 2033 2288 2090 arrodunt
2317 2031 2579 2106 lapillos,
2609 2036 2668 2088 et
2689 2035 2756 2090 tu
2784 2047 2982 2106 usque
3013 2032 3168 2090 adeo
3191 2033 3411 2090 avidus
3443 2050 3508 2090 es
3530 2034 3662 2108 pul-

1993 2121 2303 2179 chriorum
2344 2137 2854 2196 quorumcumque
2880 2121 3251 2195 lapillorum,
3275 2126 3342 2179 ut
3367 2123 3662 2197 sardony-

1993 2213 2156 2282 chas,
2186 2212 2468 2286 jaspidas
2493 2217 2552 2269 et
2575 2212 2926 2284 amethysos
2956 2211 3275 2283 diligenter
3303 2213 3656 2286 conquiras.

1995 2302 2137 2369 Quis
2169 2301 2340 2358 exiis
2371 2300 2476 2374 qui
2495 2299 2634 2374 plus
2667 2317 2842 2374 sequo
2872 2301 3132 2358 vestium
3162 2301 3526 2372 elegantiam
3565 2302 3659 2359 af-

1990 2391 2437 2464 fectant,potuit
2449 2390 2815 2446 unamdiem
2843 2407 2966 2447 suae
2988 2390 3180 2464 ipsius
3199 2391 3336 2448 vitae
3360 2391 3661 2464 adjicere?

1993 2480 2090 2538 cui
2111 2479 2377 2553 pepercit
2394 2495 2560 2536 mors
2572 2478 2652 2536 ob
2673 2479 2914 2536 divitias
2932 2482 2960 2537 ?
2987 2495 3022 2536 a
3042 2495 3167 2552 quo
3191 2479 3662 2538 abstinuitmor-

1989 2570 2108 2628 bus
2130 2585 2318 2627 causa
2336 2568 2738 2642 pecuniarum
2757 2569 2786 2626 ‘2
2814 2571 3144 2642 Usquequo
3165 2585 3408 2641 aurum,
3430 2569 3662 2628 anima-

1991 2676 2132 2718 rum
2181 2659 2466 2733 laqueus,
2496 2658 2708 2716 mortis
2753 2659 2996 2731 hamus,
3048 2659 3283 2732 peccati
3333 2659 3662 2717 illecebra?

1993 2751 2326 2824 Quousque
2356 2749 2579 2806 divitiae
2626 2747 2768 2805 belli
2803 2765 3011 2816 causa,
3059 2749 3282 2823 quibus
3322 2749 3664 2807 conﬂantur

1993 2853 2122 2896 arm
2131 2837 2418 2912 a,quibus
2435 2841 2737 2895 acuuntur
2749 2836 2975 2908 gladii?
2994 2840 3240 2910 Propter
3252 2853 3401 2912 opes
3421 2839 3664 2910 cognati

1990 2928 2277 3001 ignorant
2305 2931 2611 2996 naturam,
2647 2927 2860 2984 fratres
2891 2927 3084 2984 oculis
3115 2928 3347 2984 easdem
3374 2929 3662 3004 spiranti-

1989 3018 2110 3075 bus
2151 3033 2288 3075 sese
2311 3017 2569 3074 invicem
2591 3015 3012 3090 conspiciunt;
3045 3015 3126 3073 ob
3159 3015 3396 3074 divitias
3421 3017 3664 3075 deserta

274 3104 576 3169 ποντιστὰς,
632 3103 688 3153 αἱ
737 3099 908 3162 πόλεις
955 3101 1076 3162 τοὺς
1136 3098 1484 3170 συκοφάντας.
1536 3100 1631 3157 Τίς
1670 3093 1808 3148 ἐστιν
1853 3095 1878 3147 6

1996 3107 2164 3165 alunt
2179 3105 2543 3176 homicidas,
2566 3121 2735 3163 mare
2755 3105 3007 3179 piratas,
3022 3105 3294 3162 civitates
3319 3107 3663 3180 sycophan-

275 3188 506 3264 ψεύδους
561 3194 772 3264 πατήρς
821 3193 902 3252 τίς
945 3189 973 3241 ό
1023 3187 1458 3261 πλαστογραφίας
1511 3180 1877 3260 δημιουργόςς

273 3286 353 3344 τίς
378 3282 404 3334 6
431 3285 527 3340 τὴν
557 3277 824 3354 ἐπιορκίαν
847 3281 1146 3350 γεννήσας;
1193 3275 1317 3348 Οὐχ
1345 3275 1372 3326 6
1410 3273 1668 3342 πλοῦτος;
1709 3273 1816 3346 οὐχ
1845 3274 1876 3332 ἡ

271 3375 390 3445 περὶ
422 3377 605 3424 τοῦτον
647 3363 856 3424 σπουδή
884 3384 898 3436 ;
929 3371 994 3419 Τί
1029 3367 1290 3438 πάσχετε,
1316 3365 1613 3438 ἄνθρωποι;
1645 3366 1727 3425 τίς
1757 3363 1879 3436 ὑμῖν

273 3464 341 3514 τὰ
385 3462 610 3534 ὑμέτερα
652 3457 722 3520 εἰς
769 3459 864 3515 τὴν
911 3457 1010 3507 καθ
1062 3455 1204 3526 ὑμῶν
1245 3455 1356 3522 (34)
1405 3450 1682 3509 ἐπιϐουλὴν
1728 3469 1878 3526 περι-

273 3549 492 3626 έτρεψες
526 3549 776 3622 Συνεργίοι
798 3547 930 3618 πρὸς
957 3547 1017 3596 τὸ
1049 3543 1172 3616 ζῇν.
1211 3545 1298 3600 Μὴ
1343 3543 1445 3615 γὰρ
1490 3535 1678 3614 ἐφόδια
1705 3547 1876 3591 κακῶν

273 3637 432 3698 ἐδόθη
475 3640 541 3691 τὰ
586 3641 883 3713 χρήματα;
933 3635 1134 3710 Λύτρον
1179 3630 1387 3704 ψυχῆς.
1416 3633 1502 3689 Μὴ
1534 3631 1637 3702 γὰρ
1667 3626 1872 3703 ἀφορμὴ

275 3727 569 3796 ἀπωλείαςς
621 3723 758 3780 Ἀλλ’
803 3723 1084 3796 ἀναγκαῖος
1127 3723 1153 3774 6
1195 3719 1419 3782 πλοῦτος
1454 3715 1550 3772 διὰ
1594 3722 1716 3780 τοὺς
1752 3724 1876 3770 παῖ-

277 3815 396 3880 δας.
430 3817 788 3893 Εὒπρόσωπος
835 3811 1040 3888 ἀφορμὴ
1085 3809 1382 3874 πλεονεξίας
1417 3807 1574 3868 αὓτηο
1607 3811 1728 3870 τοὺς
1771 3809 1874 3883 γὰρ

275 3903 472 3970 παῖδας
523 3904 896 3982 προϐάλλεσθε,
942 3907 1038 3962 τὴν
1091 3897 1150 3955 δὲ
1205 3896 1430 3977 καρδίαν
1481 3897 1874 3972 πληροφορείτε.

274 4001 360 4057 Μὴ
411 3996 562 4050 αἰτιῶ
609 3999 697 4048 τὸν
757 3993 1010 4047 ἀναίτιονο
1055 3987 1194 4045 ἴδιον
1244 3992 1358 4063 ἔχει
1406 3985 1689 4053 δεσπότην,
1741 3982 1878 4038 ἴδιον

275 4086 562 4160 οἰκονόμόν·
615 4083 742 4159 παρ’
789 4082 948 4136 ἄλλον
998 4081 1109 4154 (35)
1147 4083 1245 4140 τὴν
1293 4078 1432 4140 ζωὴν
1485 4072 1718 4143 ἐδέξατο,
1758 4073 1880 4150 παρ’

275 4175 435 4230 αὐτοῦ
478 4176 572 4238 τάς
622 4172 858 4248 ἀφορμὰς
908 4171 1148 4245 ἀναμένει
1193 4175 1286 4223 τοῦ
1328 4166 1466 4248 βίον.
1518 4169 1603 4224 Μὴ
1640 4171 1753 4226 τοῖς
1785 4183 1880 4236 γε-

274 4270 576 4341 γαμηκόσιν
641 4244 766 4317 οιῖκ⁷
810 4244 1016 4338 ἐγράφη
1074 4262 1143 4313 τὰ
1223 4244 1532 4331 Εὐαγγέλια·
1602 4254 1664 4308 Εἰ
1721 4251 1882 4314 θέλεις

275 4355 464 4419 τέλειος
531 4349 662 4408 εἶναι
689 4395 704 4421 ,
767 4351 1013 4410 πώλησόν
1081 4367 1176 4402 σου
1243 4350 1308 4400 τὰ
1373 4347 1686 4421 ὑπάρχοντα
1711 4383 1726 4410 ,
1795 4346 1882 4396 καὶ

1993 3202 2108 3255 tas.
2139 3195 2280 3264 Quis
2309 3199 2397 3253 est
2425 3194 2728 3252 mendacii
2749 3195 2972 3268 pater?
3001 3194 3140 3268 quis
3173 3194 3445 3252 conﬁctae
3475 3211 3658 3252 accu-

1978 3282 2238 3345 'sationis
2253 3285 2487 3358 opifex?
2497 3283 2634 3359 quis
2651 3299 2876 3358 parens
2889 3283 3166 3357 perjurii?
3185 3285 3394 3341 Nonne
3406 3283 3661 3341 divitiae?

1989 3391 2193 3434 nonne
2223 3391 2438 3434 earum
2483 3373 2750 3432 studium
2775 3377 2804 3430 ?
2833 3372 2988 3440 Quid
3017 3373 3231 3442 facitis,
3265 3389 3301 3431 ο
3331 3373 3611 3431 homines
3632 3375 3661 3432 ?

1989 3467 2127 3540 quis
2147 3464 2346 3532 vobis,
2367 3480 2504 3538 qua:
2525 3467 2728 3521 vestra
2745 3467 2904 3532 sunt,
2919 3461 2978 3519 in
3001 3461 3252 3520 insidias
3273 3463 3489 3521 vertit?
3513 3463 3661 3520 Sub-

1989 3554 2213 3612 sidium
2243 3558 2386 3610 sunt
2412 3553 2568 3610 vitae.
2589 3551 2759 3609 Absit
2781 3551 2942 3608 enim
2974 3557 3038 3608 ut
3058 3552 3334 3625 pecunia:
3355 3553 3512 3609 data:
3540 3553 3662 3610 sint

1987 3639 2068 3696 ad
2081 3639 2384 3696 malorum
2395 3636 2876 3694 incitamentum!
2897 3635 3250 3709 Redemptio
3263 3641 3403 3694 sunt
3414 3637 3510 3692 ani
3521 3653 3656 3708 mre,
3734 3656 3751 3668 ν

1985 3731 2156 3789 Absit
2183 3728 2346 3786 enim
2378 3731 2445 3784 ut
2487 3725 2728 3784 occasio
2751 3724 3102 3804 sint_exitiit
3137 3725 3275 3797 Sed,
3305 3725 3530 3798 inquis,
3557 3741 3660 3782 ne-

1987 3820 2281 3888 cessariae:
2302 3833 2452 3892 opes
2474 3822 2620 3874 sunt
2647 3820 2895 3890 propter
2913 3815 3156 3872 liberos.
3184 3815 3320 3872 Hzec
3341 3819 3432 3872 est
3459 3815 3656 3872 avari-

1987 3912 2084 3970 tiae
2106 3910 2384 3984 speciosa
2403 3925 2619 3972 causa;
2641 3907 2864 3964 liberos
2882 3921 3154 3979 namque
3173 3905 3658 3979 praetenditis,in-

1991 4005 2154 4060 terea
2181 4015 2326 4057 vero
2351 3997 2699 4056 satisfacitis
2733 4001 2936 4053 vestro
2979 3995 3206 4052 animo.
3241 3995 3552 4052 lnsontem
3581 4011 3658 4051 ne

1989 4085 2203 4144 incusa
2235 4102 2249 4140 :
2274 4083 2596 4158 proprium
2625 4081 2950 4139 dominum
2979 4079 3184 4148 habet,
3226 4079 3542 4154 proprium
3569 4095 3658 4136 re-

1990 4180 2238 4244 ctorem;
2263 4173 2344 4232 ab
2363 4173 2484 4232 alio
2502 4172 2692 4230 vitam
2709 4169 3048 4244 accepit,ab
3071 4169 3206 4245 ipso
3226 4169 3362 4226 vitae
3384 4169 3659 4227 subsidia

1991 4268 2320 4340 exspectat.
2355 4267 2591 4322 Numne
2619 4262 2692 4319 iis
2736 4261 2844 4336 qui
2874 4260 3264 4338 matrimonio
3290 4260 3652 4333 junguntur,

1993 4355 2218 4428 scripta
2237 4357 2378 4412 sunt
2399 4351 2722 4424 Evangelia
2747 4369 2760 4407 :
2793 4353 2858 4408 Si
2873 4351 2964 4408 vis
2981 4341 3286 4422 perfectus
3305 4366 3447 4420 esse,
3469 4349 3657 4408 vende

278 4441 374 4508 δὸς
417 4449 702 4516 πτωχοῖς;
747 4447 870 4493 Ὅτε
917 4443 1058 4512 ᾔτεις
1096 4439 1242 4512 παρὰ
1285 4442 1379 4488 τοῦ
1430 4439 1627 4510 Κυρίου
1661 4437 1757 4492 τὴν
1805 4431 1882 4485 εὐ-

1996 4461 2126 4520 qua:
2146 4445 2348 4514 habes,
2362 4449 2416 4502 et
2437 4443 2519 4500 da
2535 4442 2900 4515 pauperibus
2915 4441 2956 4476 ³³
2973 4441 3001 4496 ‘I
3023 4439 3172 4496 Cum
3191 4438 3425 4533 prolem
3447 4454 3660 4533 nume-

277 4533 540 4601 παιδίαν,
611 4533 695 4584 ὅτε
757 4529 909 4593 ἠξίου
973 4529 1216 4600 γενέσθαι
1275 4527 1462 4578 τέκνων
1524 4527 1716 4595 πατὴρ,
1781 4519 1886 4596 ἄρα

278 4628 618 4703 προσεθηκας
673 4629 848 4676 τοῦτο·
896 4623 989 4682 Δός
1045 4617 1154 4692 (36)
1218 4636 1308 4691 μοι
1350 4618 1544 4680 τέκνα,
1608 4615 1694 4664 ἵνα
1755 4630 1886 4686 παρ-

281 4701 492 4772 ακούσω
513 4723 616 4770 τῶν
639 4712 851 4766 ἐντολῶν
885 4730 978 4764 σου
1003 4727 1017 4781 ;
1063 4705 1098 4762 δ
1101 4712 1155 4770 ός
1183 4726 1276 4782 μοι
1303 4709 1474 4772 τέκνα,
1501 4705 1588 4754 ἵνα
1613 4705 1682 4774 μὴ
1705 4701 1887 4774 φθάσω

353 4845 402 4882 ³ο
431 4841 608 4902 Hebr.
640 4857 696 4909 Χ,
724 4841 816 4898 27.
892 4840 938 4876 δι
972 4837 1174 4897 Matth.
1203 4851 1326 4905 xxx,
1355 4835 1444 4888 2t.

357 4966 924 5042 (30)colb.primus
951 4960 1282 5042 τῆςςψυκῆςο
1401 5029 1433 5042 ,.
1478 5031 1499 5042 ,
1595 5026 1622 5042 η

495 5024 722 5094 Rursus
761 5037 928 5096 Colb.
1234 5029 1568 5110 χρυσόλιθος⁸
1590 5024 1889 5110 βηρύλλεος.

359 5050 468 5110 (31)
499 5050 722 5094 ﬂursus
761 5050 928 5096 βου).
975 5050 1210 5110 primus
1263 5050 1560 5107 νρυσοιιιυος
1590 5050 1889 5154 Ρηὲωυιεος.

289 5109 400 5184 Alii
429 5107 1205 5184 quatuor_mss.zpuaél_zeov,
1223 5050 1524 5184 ἔτρύλλιον.
1540 5100 1648 5156 Am
1699 5113 1893 5184 rosrus

288 5188 347 5239 et
373 5167 536 5237 hu‘nc
558 5179 756 5236 Basilii
777 5167 981 5238 loc’fim
1005 5177 1084 5236 ad
1111 5167 1450 5234 orationem
1471 5187 1646 5228 suam
1668 5167 1894 5242 perelc‘

286 5257 502 5326 ganter
529 5251 1016 5326 accommodavit
1040 5248 1161 5326 lib.
1191 5248 1280 5304 De
1305 5245 1464 5326 Nab.
1489 5245 1620 5301 Jez.
1657 5256 1794 5326 cap.
1819 5244 1891 5326 ¹5,

285 5312 459 5382 ἰίιιω.
481 5328 570 5380 26.
588 5324 724 5380 Non
746 5321 1191 5394 abnuo,inquit,
1213 5323 1461 5394 grat_um
1480 5312 1794 5394 quemdam
1811 5312 1896 5368 ια-

279 5396 497 5471 pidum
513 5397 766 5471 istorum
791 5409 913 5471 esse
921 5383 1246 5471 futgbrein',
1261 5383 1890 5471 εεᾴιαπὶοηέαρίςίξιηι,

357 5467 472 5536 (32)
505 5466 671 5522 Colb.
694 5466 902 5527 tertius
921 5453 1096 5535 Enr-EQ.
1121 5453 1552 5514 κατακαλύπτων.
1576 5453 1703 5521 Mox
1733 5453 1890 5510 idem

290 5540 481 5596 codex
507 5539 671 5598 λίθοις
698 5536 1176 5610 περιλαμπομένην.

509 5589 1023 5680 νίόίεῦόείιὶίἒιηοῖ
1051 5589 1202 5662 mss.
1235 5600 1332 5657 διὰ
1371 5611 1572 5685 τοῦτον.
1611 5598 1760 5656 Editi
1803 5592 1898 5650 δια

716 5710 961 5764 Punon.
1007 5705 1112 5760 Gn.
1155 5703 1340 5766 XXXI.

1992 4553 2198 4594 rosam
2229 4539 2464 4608 peteres
2487 4549 2524 4591 a
2543 4531 2820 4602 Domino,
2844 4546 2985 4586 cum
3009 4545 3260 4600 rogares
3286 4533 3350 4586 ut
3378 4529 3556 4586 ﬁeres
3581 4527 3654 4584 li-

1993 4627 2282 4686 berorum
2307 4628 2496 4700 pater,
2521 4622 2750 4680 illudne
2773 4618 3062 4678 addidisti
3087 4637 3099 4675 :
3125 4619 3211 4675 Da
3237 4617 3389 4675 mihi
3413 4617 3658 4689 liberos,

1997 4722 2102 4776 tua
2115 4715 2411 4775 utviolem
2430 4714 2778 4788 praecepta?
2803 4715 2887 4769 Da
2907 4710 3055 4768 mihi
3078 4707 3372 4778 sobolem,
3385 4711 3452 4766 ut
3469 4708 3550 4766 ad
3568 4725 3658 4766 re-

1999 4971 2176 5090 ’τοῦτοὸζ
2215 4961 2346 5051 hic}:
2395 4962 2566 5033 Regi.
2590 4959 2824 5034 primus
2871 4959 3076 5032 φονικὸν
3123 4955 3399 5032 βλέποντες
3452 4959 3660 5030 μαίνον-

1999 5055 2106 5090 ται·
2182 5055 2255 5090 ια.

1999 5055 2106 5090 ’ζάίι⁶
2141 5055 2168 5090 ο
2182 5055 2255 5091 ια.

2071 5109 2187 5181 (34)
2228 5105 2398 5181 Colb.
2424 5105 2658 5181 primus
2687 5105 2770 5164 τίς
2793 5103 2916 5181 ὑμῖν
2955 5101 3300 5181 λεια-,ἡμέτερα
3327 5099 3404 5181 εἰς
3421 5103 3516 5181 τῂν
3545 5101 3647 5154 καθ

2002 5171 2392 5254 ἠμῶνίείοιὶω
2419 5171 3068 5254 aliquot_mss_.'et_editi
3091 5171 3359 5254 συνεργία,
3377 5171 3488 5253 Alii
3511 5188 3658 5254 mss.

2005 5242 2247 5325 abvapya.
2277 5242 2624 5325 invenimus
2647 5246 2711 5302 in
2737 5244 3041 5325 aliquibus
3073 5242 3442 5325 mssl_no}am
3473 5242 3659 5325 inter:

2001 5313 2333 5404 rogationis
2377 5325 2517 5392 post
2544 5333 2740 5404 .voces
2794 5313 3053 5404 χρρματα
3098 5321 3156 5372 et
3201 5313 3456 5375 ἀπωλείας
3497 5331 3510 5372 :
3555 5313 3664 5370 sed

2005 5387 2154 5467 quid
2175 5387 2480 5467 Vhac_opus
2509 5390 2606 5467 sit,
2635 5403 2760 5467 non
2790 5387 2990 5467 video.

2075 5465 2190 5536 (35)
2426 5453 2634 5517 tertius
2661 5460 2928 5536 οἰκονόμον
2948 5455 3069 5531 παρ’
3097 5453 3180 5536 οὗ.τ

2077 5529 2187 5607 (36)
2228 5534 2383 5590 Editi
2411 5542 2562 5586 τουτο
2590 5535 2668 5601 τὸ,
2698 5535 2809 5594 Δός.
2835 5529 2916 5586 Ἀί
2943 5529 3087 5585 mss.
3112 5529 3340 5602 aliquot
3368 5535 3520 5580 τοῦτο
3548 5533 3660 5589 Δός.

3175 5687 3239 5741 10
