  <div class='ocr_page' id='page_1' title='image "/cluster/home/n/w/nwhite01/storage/ocr_20150623/31:no.3/coo.31924054869288/162.png"; bbox 0 0 4124 6388; ppageno 0'>
   <div class='ocr_carea' id='block_1_1' title="bbox 356 260 455 323">
    <p class='ocr_par' dir='ltr' id='par_1_1' title="bbox 356 260 455 323">
     <span class='ocr_line' id='line_1_1' title="bbox 356 260 455 323; baseline -0.02 -2"><span class='ocrx_word' id='word_1_1' title='bbox 356 260 455 323; x_wconf 77' lang='grc'>301</span> 
     </span>
    </p>
   </div>
   <div class='ocr_carea' id='block_1_2' title="bbox 1664 251 2395 315">
    <p class='ocr_par' dir='ltr' id='par_1_2' title="bbox 1664 251 2395 315">
     <span class='ocr_line' id='line_1_2' title="bbox 1664 251 2395 315; baseline -0.004 -3"><span class='ocrx_word' id='word_1_2' title='bbox 1664 255 1956 315; x_wconf 74' lang='lat' dir='ltr'>HOMILIA</span> <span class='ocrx_word' id='word_1_3' title='bbox 1993 253 2062 310; x_wconf 81' lang='lat' dir='ltr'><strong>IN</strong></span> <span class='ocrx_word' id='word_1_4' title='bbox 2103 251 2395 311; x_wconf 82' lang='lat' dir='ltr'>DIVITES.</span> 
     </span>
    </p>
   </div>
   <div class='ocr_carea' id='block_1_3' title="bbox 3623 257 3729 315">
    <p class='ocr_par' dir='ltr' id='par_1_3' title="bbox 3623 257 3729 315">
     <span class='ocr_line' id='line_1_3' title="bbox 3623 257 3729 315; baseline -0.019 0"><span class='ocrx_word' id='word_1_5' title='bbox 3623 257 3729 315; x_wconf 84' lang='lat'>302</span> 
     </span>
    </p>
   </div>
   <div class='ocr_carea' id='block_1_4' title="bbox 357 376 1973 455">
    <p class='ocr_par' dir='ltr' id='par_1_4' title="bbox 357 378 1960 453">
     <span class='ocr_line' id='line_1_4' title="bbox 357 378 1960 453; baseline -0.004 -15"><span class='ocrx_word' id='word_1_6' title='bbox 357 402 450 445; x_wconf 84' lang='grc' dir='ltr'>νας</span> <span class='ocrx_word' id='word_1_7' title='bbox 478 389 595 444; x_wconf 82' lang='grc' dir='ltr'>ταῖς</span> <span class='ocrx_word' id='word_1_8' title='bbox 641 378 903 444; x_wconf 77' lang='grc' dir='ltr'>δαπάναις</span> <span class='ocrx_word' id='word_1_9' title='bbox 941 384 1032 433; x_wconf 79' lang='grc' dir='ltr'>καὶ</span> <span class='ocrx_word' id='word_1_10' title='bbox 1074 379 1463 452; x_wconf 70' lang='grc' dir='ltr'>μεγαλόψυχος.</span> <span class='ocrx_word' id='word_1_11' title='bbox 1494 386 1680 451; x_wconf 86' lang='grc' dir='ltr'>Ποίων,</span> <span class='ocrx_word' id='word_1_12' title='bbox 1715 380 1823 434; x_wconf 85' lang='grc' dir='ltr'>εἰπέ</span> <span class='ocrx_word' id='word_1_13' title='bbox 1850 398 1960 453; x_wconf 83' lang='grc' dir='ltr'>μοι,</span> 
     </span>
    </p>
   </div>
   <div class='ocr_carea' id='block_1_5' title="bbox 2089 376 3731 455">
    <p class='ocr_par' dir='ltr' id='par_1_5' title="bbox 2089 376 3731 455">
     <span class='ocr_line' id='line_1_5' title="bbox 2089 376 3731 455; baseline 0.002 -19"><span class='ocrx_word' id='word_1_14' title='bbox 2089 376 2258 436; x_wconf 72' lang='lat' dir='ltr'>Multa</span> <span class='ocrx_word' id='word_1_15' title='bbox 2278 377 2382 435; x_wconf 88' lang='lat' dir='ltr'>tibi</span> <span class='ocrx_word' id='word_1_16' title='bbox 2401 377 2721 435; x_wconf 86' lang='lat' dir='ltr'>debebitur</span> <span class='ocrx_word' id='word_1_17' title='bbox 2739 378 2933 450; x_wconf 89' lang='lat' dir='ltr'>gratia</span> <span class='ocrx_word' id='word_1_18' title='bbox 2948 377 3028 435; x_wconf 93' lang='lat' dir='ltr'>ob</span> <span class='ocrx_word' id='word_1_19' title='bbox 3050 379 3547 453; x_wconf 89' lang='lat' dir='ltr'>muniﬁcentiam,</span> <span class='ocrx_word' id='word_1_20' title='bbox 3562 380 3731 455; x_wconf 87' lang='lat' dir='ltr'>quod</span> 
     </span>
    </p>
   </div>
   <div class='ocr_carea' id='block_1_6' title="bbox 357 468 1959 547">
    <p class='ocr_par' dir='ltr' id='par_1_6' title="bbox 357 468 1959 547">
     <span class='ocr_line' id='line_1_6' title="bbox 357 468 1959 547; baseline -0.002 -22"><span class='ocrx_word' id='word_1_21' title='bbox 357 481 551 547; x_wconf 63' lang='grc' dir='ltr'>καιρῶν</span> <span class='ocrx_word' id='word_1_22' title='bbox 592 476 714 534; x_wconf 81' lang='grc' dir='ltr'>τοὺς</span> <span class='ocrx_word' id='word_1_23' title='bbox 765 471 991 544; x_wconf 82' lang='grc' dir='ltr'>μισθοὺς</span> <span class='ocrx_word' id='word_1_24' title='bbox 1044 468 1373 538; x_wconf 78' lang='grc' dir='ltr'>ἀπαιτήσεις,</span> <span class='ocrx_word' id='word_1_25' title='bbox 1406 479 1503 523; x_wconf 86' lang='grc' dir='ltr'>τῶν</span> <span class='ocrx_word' id='word_1_26' title='bbox 1552 470 1601 523; x_wconf 76' lang='grc' dir='ltr'>έν</span> <span class='ocrx_word' id='word_1_27' title='bbox 1655 479 1716 543; x_wconf 71' lang='grc' dir='ltr'>τῇ</span> <span class='ocrx_word' id='word_1_28' title='bbox 1767 470 1898 541; x_wconf 74' lang='grc' dir='ltr'>ζωῇ,</span> <span class='ocrx_word' id='word_1_29' title='bbox 1930 468 1959 528; x_wconf 73' lang='grc' dir='ltr'><em>ἦ</em></span> 
     </span>
    </p>
   </div>
   <div class='ocr_carea' id='block_1_7' title="bbox 359 558 1962 635">
    <p class='ocr_par' dir='ltr' id='par_1_7' title="bbox 359 558 1962 635">
     <span class='ocr_line' id='line_1_7' title="bbox 359 558 1962 635; baseline -0.002 -22"><span class='ocrx_word' id='word_1_30' title='bbox 359 570 459 613; x_wconf 85' lang='grc' dir='ltr'>τῶν</span> <span class='ocrx_word' id='word_1_31' title='bbox 503 562 635 635; x_wconf 88' lang='grc' dir='ltr'>μετὰ</span> <span class='ocrx_word' id='word_1_32' title='bbox 676 563 770 619; x_wconf 80' lang='grc' dir='ltr'>τὴν</span> <span class='ocrx_word' id='word_1_33' title='bbox 813 558 1143 626; x_wconf 80' lang='grc' dir='ltr'>ἁποϐίωσιν;</span> <span class='ocrx_word' id='word_1_34' title='bbox 1177 558 1310 612; x_wconf 85' lang='grc' dir='ltr'>Ἀλλ’</span> <span class='ocrx_word' id='word_1_35' title='bbox 1353 560 1405 611; x_wconf 88' lang='grc' dir='ltr'>ὃν</span> <span class='ocrx_word' id='word_1_36' title='bbox 1449 562 1538 633; x_wconf 66' lang='grc' dir='ltr'>μὲν</span> <span class='ocrx_word' id='word_1_37' title='bbox 1582 560 1705 621; x_wconf 81' lang='grc' dir='ltr'>ἔζης</span> <span class='ocrx_word' id='word_1_38' title='bbox 1750 563 1962 634; x_wconf 84' lang='grc' dir='ltr'>χρόνον,</span> 
     </span>
    </p>
   </div>
   <div class='ocr_carea' id='block_1_8' title="bbox 360 644 1967 724">
    <p class='ocr_par' dir='ltr' id='par_1_8' title="bbox 360 644 1967 724">
     <span class='ocr_line' id='line_1_8' title="bbox 360 644 1967 724; baseline -0.002 -21"><span class='ocrx_word' id='word_1_39' title='bbox 360 646 752 709; x_wconf 73' lang='grc' dir='ltr'>καθηδυπαθῶν</span> <span class='ocrx_word' id='word_1_40' title='bbox 789 657 881 703; x_wconf 83' lang='grc' dir='ltr'>τοῦ</span> <span class='ocrx_word' id='word_1_41' title='bbox 938 647 1059 721; x_wconf 78' lang='grc' dir='ltr'>βίου</span> <span class='ocrx_word' id='word_1_42' title='bbox 1090 653 1179 701; x_wconf 83' lang='grc' dir='ltr'>καὶ</span> <span class='ocrx_word' id='word_1_43' title='bbox 1226 656 1288 721; x_wconf 70' lang='grc' dir='ltr'>τῇ</span> <span class='ocrx_word' id='word_1_44' title='bbox 1334 657 1500 722; x_wconf 75' lang='grc' dir='ltr'>τρυφῇ</span> <span class='ocrx_word' id='word_1_45' title='bbox 1537 645 1808 724; x_wconf 75' lang='grc' dir='ltr'>διαρρέων,</span> <span class='ocrx_word' id='word_1_46' title='bbox 1842 644 1967 700; x_wconf 69' lang='grc' dir='ltr'>οὐδε</span> 
     </span>
    </p>
   </div>
   <div class='ocr_carea' id='block_1_9' title="bbox 360 733 1967 813">
    <p class='ocr_par' dir='ltr' id='par_1_9' title="bbox 360 733 1967 813">
     <span class='ocr_line' id='line_1_9' title="bbox 360 733 1967 813; baseline -0.002 -19"><span class='ocrx_word' id='word_1_47' title='bbox 360 738 703 813; x_wconf 90' lang='grc' dir='ltr'>προσϐλέπειν</span> <span class='ocrx_word' id='word_1_48' title='bbox 764 739 979 810; x_wconf 69' lang='grc' dir='ltr'>ἠνείχου</span> <span class='ocrx_word' id='word_1_49' title='bbox 1033 740 1154 800; x_wconf 82' lang='grc' dir='ltr'>τούς</span> <span class='ocrx_word' id='word_1_50' title='bbox 1200 740 1462 801; x_wconf 87' lang='grc' dir='ltr'>πένητας·</span> <span class='ocrx_word' id='word_1_51' title='bbox 1512 736 1858 800; x_wconf 80' lang='grc' dir='ltr'>ἀποθανόντος</span> <span class='ocrx_word' id='word_1_52' title='bbox 1908 733 1967 790; x_wconf 72' lang='grc' dir='ltr'>δε</span> 
     </span>
    </p>
   </div>
   <div class='ocr_carea' id='block_1_10' title="bbox 361 822 1964 902">
    <p class='ocr_par' dir='ltr' id='par_1_10' title="bbox 361 822 1964 902">
     <span class='ocr_line' id='line_1_10' title="bbox 361 822 1964 902; baseline -0.003 -18"><span class='ocrx_word' id='word_1_53' title='bbox 361 834 488 884; x_wconf 89' lang='grc' dir='ltr'>ποία</span> <span class='ocrx_word' id='word_1_54' title='bbox 516 831 606 902; x_wconf 69' lang='grc' dir='ltr'>μεν</span> <span class='ocrx_word' id='word_1_55' title='bbox 630 826 858 901; x_wconf 83' lang='grc' dir='ltr'>πρᾶξις;</span> <span class='ocrx_word' id='word_1_56' title='bbox 890 834 1039 888; x_wconf 86' lang='grc' dir='ltr'>ποῖος</span> <span class='ocrx_word' id='word_1_57' title='bbox 1079 822 1137 881; x_wconf 85' lang='grc' dir='ltr'>δέ</span> <span class='ocrx_word' id='word_1_58' title='bbox 1174 828 1367 900; x_wconf 87' lang='grc' dir='ltr'>μισθός</span> <span class='ocrx_word' id='word_1_59' title='bbox 1396 826 1648 902; x_wconf 81' lang='grc' dir='ltr'>έργασὶας</span> <span class='ocrx_word' id='word_1_60' title='bbox 1676 826 1964 900; x_wconf 55' lang='lat' dir='ltr'>(ipsaet-at;</span> 
     </span>
    </p>
   </div>
   <div class='ocr_carea' id='block_1_11' title="bbox 363 913 1965 990">
    <p class='ocr_par' dir='ltr' id='par_1_11' title="bbox 363 913 1965 990">
     <span class='ocr_line' id='line_1_11' title="bbox 363 913 1965 990; baseline 0 -18"><span class='ocrx_word' id='word_1_61' title='bbox 363 918 532 983; x_wconf 82' lang='grc' dir='ltr'>Δεῖξον</span> <span class='ocrx_word' id='word_1_62' title='bbox 581 920 647 971; x_wconf 81' lang='grc' dir='ltr'>τὰ</span> <span class='ocrx_word' id='word_1_63' title='bbox 693 918 837 990; x_wconf 76' lang='grc' dir='ltr'>ἔργα,</span> <span class='ocrx_word' id='word_1_64' title='bbox 875 921 965 969; x_wconf 82' lang='grc' dir='ltr'>καὶ</span> <span class='ocrx_word' id='word_1_65' title='bbox 1013 914 1222 970; x_wconf 80' lang='grc' dir='ltr'>ἀπαίτει</span> <span class='ocrx_word' id='word_1_66' title='bbox 1271 919 1366 978; x_wconf 84' lang='grc' dir='ltr'>τὰς</span> <span class='ocrx_word' id='word_1_67' title='bbox 1414 913 1793 980; x_wconf 78' lang='grc' dir='ltr'>ἀνταποδόσεις</span> <span class='ocrx_word' id='word_1_68' title='bbox 1831 916 1965 988; x_wconf 75' lang='grc'>(43).</span> 
     </span>
    </p>
   </div>
   <div class='ocr_carea' id='block_1_12' title="bbox 366 1004 1968 1082">
    <p class='ocr_par' dir='ltr' id='par_1_12' title="bbox 366 1004 1968 1082">
     <span class='ocr_line' id='line_1_12' title="bbox 366 1004 1968 1082; baseline -0.001 -21"><span class='ocrx_word' id='word_1_69' title='bbox 366 1004 556 1068; x_wconf 77' lang='grc' dir='ltr'>Οὐδεὶς</span> <span class='ocrx_word' id='word_1_70' title='bbox 610 1008 745 1080; x_wconf 85' lang='grc' dir='ltr'>μετὰ</span> <span class='ocrx_word' id='word_1_71' title='bbox 807 1010 867 1059; x_wconf 88' lang='grc' dir='ltr'>τὸ</span> <span class='ocrx_word' id='word_1_72' title='bbox 935 1005 1155 1065; x_wconf 76' lang='grc' dir='ltr'>λυθῆναι</span> <span class='ocrx_word' id='word_1_73' title='bbox 1210 1010 1304 1065; x_wconf 79' lang='grc' dir='ltr'>τὴν</span> <span class='ocrx_word' id='word_1_74' title='bbox 1361 1012 1653 1082; x_wconf 72' lang='grc' dir='ltr'>πανήγυριν</span> <span class='ocrx_word' id='word_1_75' title='bbox 1715 1026 1968 1080; x_wconf 85' lang='grc' dir='ltr'>πραγμα-</span> 
     </span>
    </p>
   </div>
   <div class='ocr_carea' id='block_1_13' title="bbox 364 1092 1968 1170">
    <p class='ocr_par' dir='ltr' id='par_1_13' title="bbox 364 1092 1968 1170">
     <span class='ocr_line' id='line_1_13' title="bbox 364 1092 1968 1170; baseline -0.002 -18"><span class='ocrx_word' id='word_1_76' title='bbox 364 1101 601 1152; x_wconf 75' lang='grc' dir='ltr'>τεύεται·</span> <span class='ocrx_word' id='word_1_77' title='bbox 651 1092 775 1149; x_wconf 74' lang='grc' dir='ltr'>οὐδὲ</span> <span class='ocrx_word' id='word_1_78' title='bbox 822 1098 955 1170; x_wconf 79' lang='grc' dir='ltr'>μετὰ</span> <span class='ocrx_word' id='word_1_79' title='bbox 1000 1100 1120 1158; x_wconf 84' lang='grc' dir='ltr'>τοὺς</span> <span class='ocrx_word' id='word_1_80' title='bbox 1170 1095 1371 1168; x_wconf 79' lang='grc' dir='ltr'>ἀγῶνας</span> <span class='ocrx_word' id='word_1_81' title='bbox 1419 1097 1641 1150; x_wconf 72' lang='grc' dir='ltr'>ἐπελθὼν</span> <span class='ocrx_word' id='word_1_82' title='bbox 1683 1103 1968 1169; x_wconf 74' lang='grc' dir='ltr'>στεφανοῦ-</span> 
     </span>
    </p>
   </div>
   <div class='ocr_carea' id='block_1_14' title="bbox 364 1183 1969 1260">
    <p class='ocr_par' dir='ltr' id='par_1_14' title="bbox 364 1183 1969 1260">
     <span class='ocr_line' id='line_1_14' title="bbox 364 1183 1969 1260; baseline -0.001 -21"><span class='ocrx_word' id='word_1_83' title='bbox 364 1206 489 1241; x_wconf 77' lang='grc' dir='ltr'>ταιο</span> <span class='ocrx_word' id='word_1_84' title='bbox 534 1183 657 1240; x_wconf 67' lang='grc' dir='ltr'>οὐδὲ</span> <span class='ocrx_word' id='word_1_85' title='bbox 704 1184 837 1259; x_wconf 82' lang='grc' dir='ltr'>μετὰ</span> <span class='ocrx_word' id='word_1_86' title='bbox 882 1190 1005 1250; x_wconf 82' lang='grc' dir='ltr'>τοὺς</span> <span class='ocrx_word' id='word_1_87' title='bbox 1057 1185 1313 1260; x_wconf 79' lang='grc' dir='ltr'>πολέμους</span> <span class='ocrx_word' id='word_1_88' title='bbox 1373 1183 1834 1259; x_wconf 77' lang='grc' dir='ltr'>ἀνδραγαθίζεται.</span> <span class='ocrx_word' id='word_1_89' title='bbox 1892 1186 1969 1239; x_wconf 77' lang='grc' dir='ltr'>Οὐ</span> 
     </span>
    </p>
   </div>
   <div class='ocr_carea' id='block_1_15' title="bbox 362 1273 1966 1350">
    <p class='ocr_par' dir='ltr' id='par_1_15' title="bbox 362 1273 1966 1350">
     <span class='ocr_line' id='line_1_15' title="bbox 362 1273 1966 1350; baseline 0.001 -20"><span class='ocrx_word' id='word_1_90' title='bbox 362 1282 534 1330; x_wconf 79' lang='grc' dir='ltr'>τοίνυν</span> <span class='ocrx_word' id='word_1_91' title='bbox 578 1273 703 1331; x_wconf 69' lang='grc' dir='ltr'>οὐδε</span> <span class='ocrx_word' id='word_1_92' title='bbox 749 1279 882 1350; x_wconf 80' lang='grc' dir='ltr'>μετὰ</span> <span class='ocrx_word' id='word_1_93' title='bbox 925 1280 1019 1336; x_wconf 76' lang='grc' dir='ltr'>τὴν</span> <span class='ocrx_word' id='word_1_94' title='bbox 1061 1276 1200 1339; x_wconf 77' lang='grc' dir='ltr'>ζωὴν</span> <span class='ocrx_word' id='word_1_95' title='bbox 1250 1279 1389 1329; x_wconf 82' lang='grc' dir='ltr'>ἔστιν</span> <span class='ocrx_word' id='word_1_96' title='bbox 1439 1275 1663 1330; x_wconf 72' lang='grc' dir='ltr'>εὐσεϐεῖν</span> <span class='ocrx_word' id='word_1_97' title='bbox 1704 1273 1966 1335; x_wconf 85' lang='grc' dir='ltr'>δηλονοτι.</span> 
     </span>
    </p>
   </div>
   <div class='ocr_carea' id='block_1_16' title="bbox 366 1365 1966 1441">
    <p class='ocr_par' dir='ltr' id='par_1_16' title="bbox 366 1365 1966 1441">
     <span class='ocr_line' id='line_1_16' title="bbox 366 1365 1966 1441; baseline -0.002 -19"><span class='ocrx_word' id='word_1_98' title='bbox 366 1373 465 1422; x_wconf 75' lang='grc' dir='ltr'>Καὶ</span> <span class='ocrx_word' id='word_1_99' title='bbox 495 1368 613 1440; x_wconf 66' lang='grc'>(44)</span> <span class='ocrx_word' id='word_1_100' title='bbox 654 1369 752 1441; x_wconf 81' lang='grc' dir='ltr'>γὰρ</span> <span class='ocrx_word' id='word_1_101' title='bbox 799 1366 848 1421; x_wconf 81' lang='grc' dir='ltr'>έν</span> <span class='ocrx_word' id='word_1_102' title='bbox 897 1366 1077 1439; x_wconf 90' lang='grc' dir='ltr'>μέλανι</span> <span class='ocrx_word' id='word_1_103' title='bbox 1122 1371 1213 1420; x_wconf 75' lang='grc' dir='ltr'>καὶ</span> <span class='ocrx_word' id='word_1_104' title='bbox 1257 1368 1537 1440; x_wconf 81' lang='grc' dir='ltr'>γράμμασι</span> <span class='ocrx_word' id='word_1_105' title='bbox 1583 1365 1966 1439; x_wconf 79' lang='grc' dir='ltr'>κατεπαγγέλλη</span> 
     </span>
    </p>
   </div>
   <div class='ocr_carea' id='block_1_17' title="bbox 360 1453 1972 1530">
    <p class='ocr_par' dir='ltr' id='par_1_17' title="bbox 360 1453 1972 1530">
     <span class='ocr_line' id='line_1_17' title="bbox 360 1453 1972 1530; baseline -0.002 -20"><span class='ocrx_word' id='word_1_106' title='bbox 360 1459 457 1519; x_wconf 80' lang='grc' dir='ltr'>τὰς</span> <span class='ocrx_word' id='word_1_107' title='bbox 503 1456 758 1519; x_wconf 75' lang='grc' dir='ltr'>εὐποιίας.</span> <span class='ocrx_word' id='word_1_108' title='bbox 799 1460 891 1518; x_wconf 88' lang='grc' dir='ltr'>Τίς</span> <span class='ocrx_word' id='word_1_109' title='bbox 938 1453 1025 1511; x_wconf 78' lang='grc' dir='ltr'>οὖν</span> <span class='ocrx_word' id='word_1_110' title='bbox 1075 1454 1339 1529; x_wconf 79' lang='grc' dir='ltr'>ἀναγγελεί</span> <span class='ocrx_word' id='word_1_111' title='bbox 1386 1475 1471 1509; x_wconf 90' lang='grc' dir='ltr'>σοι</span> <span class='ocrx_word' id='word_1_112' title='bbox 1514 1460 1600 1509; x_wconf 88' lang='grc' dir='ltr'>τόν</span> <span class='ocrx_word' id='word_1_113' title='bbox 1654 1459 1836 1530; x_wconf 78' lang='grc' dir='ltr'>καιρὸν</span> <span class='ocrx_word' id='word_1_114' title='bbox 1876 1464 1972 1518; x_wconf 79' lang='grc' dir='ltr'>τῆς</span> 
     </span>
    </p>
   </div>
   <div class='ocr_carea' id='block_1_18' title="bbox 362 1543 1969 1619">
    <p class='ocr_par' dir='ltr' id='par_1_18' title="bbox 362 1543 1969 1619">
     <span class='ocr_line' id='line_1_18' title="bbox 362 1543 1969 1619; baseline -0.002 -18"><span class='ocrx_word' id='word_1_115' title='bbox 362 1543 546 1610; x_wconf 68' lang='grc' dir='ltr'>ἐξόδου</span> <span class='ocrx_word' id='word_1_116' title='bbox 572 1564 586 1615; x_wconf 86' lang='lat'>;</span> <span class='ocrx_word' id='word_1_117' title='bbox 612 1550 696 1609; x_wconf 87' lang='grc' dir='ltr'>τίς</span> <span class='ocrx_word' id='word_1_118' title='bbox 724 1544 984 1619; x_wconf 77' lang='grc' dir='ltr'>ἐγγυητὴς</span> <span class='ocrx_word' id='word_1_119' title='bbox 1013 1548 1164 1599; x_wconf 76' lang='grc' dir='ltr'>ἔσται</span> <span class='ocrx_word' id='word_1_120' title='bbox 1201 1554 1293 1599; x_wconf 78' lang='grc' dir='ltr'>τοῦ</span> <span class='ocrx_word' id='word_1_121' title='bbox 1342 1550 1538 1619; x_wconf 83' lang='grc' dir='ltr'>τρόπου</span> <span class='ocrx_word' id='word_1_122' title='bbox 1567 1553 1663 1608; x_wconf 79' lang='grc' dir='ltr'>τῆς</span> <span class='ocrx_word' id='word_1_123' title='bbox 1691 1545 1969 1612; x_wconf 66' lang='lat' dir='ltr'>ralem-17g;</span> 
     </span>
    </p>
   </div>
   <div class='ocr_carea' id='block_1_19' title="bbox 365 1631 1974 1709">
    <p class='ocr_par' dir='ltr' id='par_1_19' title="bbox 365 1631 1974 1709">
     <span class='ocr_line' id='line_1_19' title="bbox 365 1631 1974 1709; baseline -0.002 -18"><span class='ocrx_word' id='word_1_124' title='bbox 365 1640 532 1691; x_wconf 86' lang='grc' dir='ltr'>Πόσοι</span> <span class='ocrx_word' id='word_1_125' title='bbox 575 1637 674 1689; x_wconf 79' lang='grc' dir='ltr'><strong>ὑπό</strong></span> <span class='ocrx_word' id='word_1_126' title='bbox 709 1634 897 1709; x_wconf 80' lang='grc' dir='ltr'>βιαίων</span> <span class='ocrx_word' id='word_1_127' title='bbox 936 1633 1357 1709; x_wconf 77' lang='grc' dir='ltr'>ἁτηρπάσθησαν</span> <span class='ocrx_word' id='word_1_128' title='bbox 1391 1637 1815 1709; x_wconf 77' lang='grc' dir='ltr'>συμπτωμάτων,</span> <span class='ocrx_word' id='word_1_129' title='bbox 1849 1631 1974 1688; x_wconf 74' lang='grc' dir='ltr'>οὐδε</span> 
     </span>
    </p>
   </div>
   <div class='ocr_carea' id='block_1_20' title="bbox 2074 465 3731 544">
    <p class='ocr_par' dir='ltr' id='par_1_20' title="bbox 2074 465 3731 544">
     <span class='ocr_line' id='line_1_20' title="bbox 2074 465 3731 544; baseline 0.002 -22"><span class='ocrx_word' id='word_1_130' title='bbox 2074 465 2136 522; x_wconf 90' lang='lat' dir='ltr'>in</span> <span class='ocrx_word' id='word_1_131' title='bbox 2168 467 2445 540; x_wconf 90' lang='lat' dir='ltr'>sepulcro</span> <span class='ocrx_word' id='word_1_132' title='bbox 2471 468 2681 538; x_wconf 86' lang='lat' dir='ltr'>jacens</span> <span class='ocrx_word' id='word_1_133' title='bbox 2721 472 2780 525; x_wconf 92' lang='lat' dir='ltr'>et</span> <span class='ocrx_word' id='word_1_134' title='bbox 2816 468 2878 525; x_wconf 90' lang='lat' dir='ltr'>in</span> <span class='ocrx_word' id='word_1_135' title='bbox 2909 472 3128 525; x_wconf 88' lang='lat' dir='ltr'>terram</span> <span class='ocrx_word' id='word_1_136' title='bbox 3161 469 3480 539; x_wconf 88' lang='lat' dir='ltr'>resolutus,</span> <span class='ocrx_word' id='word_1_137' title='bbox 3507 471 3639 544; x_wconf 87' lang='lat' dir='ltr'>jam</span> <span class='ocrx_word' id='word_1_138' title='bbox 3665 469 3731 527; x_wconf 91' lang='lat' dir='ltr'>in</span> 
     </span>
    </p>
   </div>
   <div class='ocr_carea' id='block_1_21' title="bbox 2076 556 3733 633">
    <p class='ocr_par' dir='ltr' id='par_1_21' title="bbox 2076 556 3733 633">
     <span class='ocr_line' id='line_1_21' title="bbox 2076 556 3733 633; baseline 0.002 -20"><span class='ocrx_word' id='word_1_139' title='bbox 2076 556 2423 629; x_wconf 82' lang='lat' dir='ltr'>sumptibus</span> <span class='ocrx_word' id='word_1_140' title='bbox 2452 556 2747 615; x_wconf 78' lang='lat' dir='ltr'>faciendis</span> <span class='ocrx_word' id='word_1_141' title='bbox 2791 557 2997 628; x_wconf 88' lang='lat' dir='ltr'>largus</span> <span class='ocrx_word' id='word_1_142' title='bbox 3041 559 3336 615; x_wconf 75' lang='lat' dir='ltr'>exstiteris</span> <span class='ocrx_word' id='word_1_143' title='bbox 3380 563 3558 633; x_wconf 90' lang='lat' dir='ltr'>atque</span> <span class='ocrx_word' id='word_1_144' title='bbox 3605 575 3733 617; x_wconf 87' lang='lat' dir='ltr'>ma-</span> 
     </span>
    </p>
   </div>
   <div class='ocr_carea' id='block_1_22' title="bbox 2076 645 3736 721">
    <p class='ocr_par' dir='ltr' id='par_1_22' title="bbox 2076 645 3736 721">
     <span class='ocr_line' id='line_1_22' title="bbox 2076 645 3736 721; baseline 0.002 -20"><span class='ocrx_word' id='word_1_145' title='bbox 2076 645 2425 716; x_wconf 88' lang='lat' dir='ltr'>gnanimus.</span> <span class='ocrx_word' id='word_1_146' title='bbox 2456 646 2560 703; x_wconf 88' lang='lat' dir='ltr'>Dic</span> <span class='ocrx_word' id='word_1_147' title='bbox 2588 646 2763 714; x_wconf 89' lang='lat' dir='ltr'>mihi,</span> <span class='ocrx_word' id='word_1_148' title='bbox 2793 662 3024 720; x_wconf 66' lang='lat' dir='ltr'>quasso,</span> <span class='ocrx_word' id='word_1_149' title='bbox 3056 663 3467 719; x_wconf 90' lang='lat' dir='ltr'>quorumnam</span> <span class='ocrx_word' id='word_1_150' title='bbox 3503 652 3736 721; x_wconf 91' lang='lat' dir='ltr'>tempo-</span> 
     </span>
    </p>
   </div>
   <div class='ocr_carea' id='block_1_23' title="bbox 2074 735 3738 810">
    <p class='ocr_par' dir='ltr' id='par_1_23' title="bbox 2074 735 3738 810">
     <span class='ocr_line' id='line_1_23' title="bbox 2074 735 3738 810; baseline 0 -19"><span class='ocrx_word' id='word_1_151' title='bbox 2074 750 2210 792; x_wconf 88' lang='lat' dir='ltr'>rum</span> <span class='ocrx_word' id='word_1_152' title='bbox 2246 735 2592 794; x_wconf 85' lang='lat' dir='ltr'>mercedem</span> <span class='ocrx_word' id='word_1_153' title='bbox 2622 751 2936 809; x_wconf 86' lang='lat' dir='ltr'>exposces,</span> <span class='ocrx_word' id='word_1_154' title='bbox 2966 752 3256 793; x_wconf 89' lang='lat' dir='ltr'>eorumne</span> <span class='ocrx_word' id='word_1_155' title='bbox 3277 735 3501 810; x_wconf 89' lang='lat' dir='ltr'>quibus</span> <span class='ocrx_word' id='word_1_156' title='bbox 3521 735 3738 808; x_wconf 82' lang='lat' dir='ltr'>vixisti,</span> 
     </span>
    </p>
   </div>
   <div class='ocr_carea' id='block_1_24' title="bbox 2077 824 3737 901">
    <p class='ocr_par' dir='ltr' id='par_1_24' title="bbox 2077 824 3737 901">
     <span class='ocr_line' id='line_1_24' title="bbox 2077 824 3737 901; baseline -0.001 -20"><span class='ocrx_word' id='word_1_157' title='bbox 2077 840 2155 882; x_wconf 87' lang='lat' dir='ltr'>an</span> <span class='ocrx_word' id='word_1_158' title='bbox 2188 840 2399 882; x_wconf 89' lang='lat' dir='ltr'>eorum</span> <span class='ocrx_word' id='word_1_159' title='bbox 2426 841 2563 899; x_wconf 82' lang='lat' dir='ltr'>quae</span> <span class='ocrx_word' id='word_1_160' title='bbox 2583 829 2725 901; x_wconf 91' lang='lat' dir='ltr'>post</span> <span class='ocrx_word' id='word_1_161' title='bbox 2748 830 3002 882; x_wconf 87' lang='lat' dir='ltr'>mortem</span> <span class='ocrx_word' id='word_1_162' title='bbox 3025 830 3230 883; x_wconf 90' lang='lat' dir='ltr'>secuta</span> <span class='ocrx_word' id='word_1_163' title='bbox 3252 825 3438 882; x_wconf 91' lang='lat' dir='ltr'>sunt?</span> <span class='ocrx_word' id='word_1_164' title='bbox 3471 824 3587 882; x_wconf 92' lang='lat' dir='ltr'>Sed</span> <span class='ocrx_word' id='word_1_165' title='bbox 3614 839 3737 898; x_wconf 89' lang='lat' dir='ltr'>quo</span> 
     </span>
    </p>
   </div>
   <div class='ocr_carea' id='block_1_25' title="bbox 2076 913 3739 989">
    <p class='ocr_par' dir='ltr' id='par_1_25' title="bbox 2076 913 3739 989">
     <span class='ocr_line' id='line_1_25' title="bbox 2076 913 3739 989; baseline -0.001 -18"><span class='ocrx_word' id='word_1_166' title='bbox 2076 918 2349 988; x_wconf 87' lang='lat' dir='ltr'>tempore</span> <span class='ocrx_word' id='word_1_167' title='bbox 2381 915 2650 985; x_wconf 86' lang='lat' dir='ltr'>vivebas,</span> <span class='ocrx_word' id='word_1_168' title='bbox 2680 915 3097 989; x_wconf 84' lang='lat' dir='ltr'>voluptatibus</span> <span class='ocrx_word' id='word_1_169' title='bbox 3129 914 3262 972; x_wconf 64' lang='lat' dir='ltr'>vitae</span> <span class='ocrx_word' id='word_1_170' title='bbox 3287 914 3526 972; x_wconf 92' lang='lat' dir='ltr'>deditus</span> <span class='ocrx_word' id='word_1_171' title='bbox 3547 920 3605 971; x_wconf 92' lang='lat' dir='ltr'>et</span> <span class='ocrx_word' id='word_1_172' title='bbox 3632 913 3739 970; x_wconf 87' lang='lat' dir='ltr'>de-</span> 
     </span>
    </p>
   </div>
   <div class='ocr_carea' id='block_1_26' title="bbox 2076 1002 3740 1078">
    <p class='ocr_par' dir='ltr' id='par_1_26' title="bbox 2076 1002 3740 1078">
     <span class='ocr_line' id='line_1_26' title="bbox 2076 1002 3740 1078; baseline -0.002 -17"><span class='ocrx_word' id='word_1_173' title='bbox 2076 1002 2228 1061; x_wconf 84' lang='lat' dir='ltr'>liciis</span> <span class='ocrx_word' id='word_1_174' title='bbox 2260 1004 2564 1075; x_wconf 85' lang='lat' dir='ltr'>diftluens,</span> <span class='ocrx_word' id='word_1_175' title='bbox 2596 1021 2671 1062; x_wconf 91' lang='lat' dir='ltr'>ne</span> <span class='ocrx_word' id='word_1_176' title='bbox 2699 1003 2970 1078; x_wconf 87' lang='lat' dir='ltr'>aspicere</span> <span class='ocrx_word' id='word_1_177' title='bbox 3007 1004 3257 1078; x_wconf 89' lang='lat' dir='ltr'>quidem</span> <span class='ocrx_word' id='word_1_178' title='bbox 3301 1019 3528 1075; x_wconf 89' lang='lat' dir='ltr'>egenos</span> <span class='ocrx_word' id='word_1_179' title='bbox 3558 1005 3740 1060; x_wconf 90' lang='lat' dir='ltr'>susti-</span> 
     </span>
    </p>
   </div>
   <div class='ocr_carea' id='block_1_27' title="bbox 2078 1093 3742 1168">
    <p class='ocr_par' dir='ltr' id='par_1_27' title="bbox 2078 1093 3742 1168">
     <span class='ocr_line' id='line_1_27' title="bbox 2078 1093 3742 1168; baseline 0.001 -19"><span class='ocrx_word' id='word_1_180' title='bbox 2078 1094 2289 1163; x_wconf 89' lang='lat' dir='ltr'>nuisti;</span> <span class='ocrx_word' id='word_1_181' title='bbox 2310 1094 2441 1166; x_wconf 87' lang='lat' dir='ltr'>jam</span> <span class='ocrx_word' id='word_1_182' title='bbox 2472 1100 2677 1152; x_wconf 88' lang='lat' dir='ltr'>autem</span> <span class='ocrx_word' id='word_1_183' title='bbox 2702 1111 2983 1168; x_wconf 71' lang='lat' dir='ltr'>quasnam</span> <span class='ocrx_word' id='word_1_184' title='bbox 3018 1094 3174 1152; x_wconf 89' lang='lat' dir='ltr'>actio</span> <span class='ocrx_word' id='word_1_185' title='bbox 3200 1098 3288 1151; x_wconf 88' lang='lat' dir='ltr'>est</span> <span class='ocrx_word' id='word_1_186' title='bbox 3314 1093 3575 1151; x_wconf 86' lang='lat' dir='ltr'>mortui?</span> <span class='ocrx_word' id='word_1_187' title='bbox 3604 1110 3742 1167; x_wconf 64' lang='lat' dir='ltr'>quae</span> 
     </span>
    </p>
   </div>
   <div class='ocr_carea' id='block_1_28' title="bbox 2079 1183 3747 1258">
    <p class='ocr_par' dir='ltr' id='par_1_28' title="bbox 2079 1183 3747 1258">
     <span class='ocr_line' id='line_1_28' title="bbox 2079 1183 3747 1258; baseline 0 -19"><span class='ocrx_word' id='word_1_188' title='bbox 2079 1198 2325 1256; x_wconf 89' lang='lat' dir='ltr'>quoque</span> <span class='ocrx_word' id='word_1_189' title='bbox 2355 1184 2553 1258; x_wconf 91' lang='lat' dir='ltr'>operis</span> <span class='ocrx_word' id='word_1_190' title='bbox 2573 1201 2807 1242; x_wconf 89' lang='lat' dir='ltr'>merces</span> <span class='ocrx_word' id='word_1_191' title='bbox 2836 1183 3092 1241; x_wconf 85' lang='lat' dir='ltr'>debetur</span> <span class='ocrx_word' id='word_1_192' title='bbox 3112 1185 3139 1241; x_wconf 88' lang='lat'>?</span> <span class='ocrx_word' id='word_1_193' title='bbox 3168 1183 3428 1241; x_wconf 91' lang='lat' dir='ltr'>Ostende</span> <span class='ocrx_word' id='word_1_194' title='bbox 3456 1198 3665 1258; x_wconf 88' lang='lat' dir='ltr'>opera,</span> <span class='ocrx_word' id='word_1_195' title='bbox 3688 1187 3747 1239; x_wconf 86' lang='lat' dir='ltr'>et</span> 
     </span>
    </p>
   </div>
   <div class='ocr_carea' id='block_1_29' title="bbox 2079 1271 3749 1345">
    <p class='ocr_par' dir='ltr' id='par_1_29' title="bbox 2079 1271 3749 1345">
     <span class='ocr_line' id='line_1_29' title="bbox 2079 1271 3749 1345; baseline -0.001 -16"><span class='ocrx_word' id='word_1_196' title='bbox 2079 1287 2330 1345; x_wconf 92' lang='lat' dir='ltr'>reposce</span> <span class='ocrx_word' id='word_1_197' title='bbox 2367 1274 2939 1345; x_wconf 79' lang='lat' dir='ltr'>remunerationem.</span> <span class='ocrx_word' id='word_1_198' title='bbox 2968 1272 3156 1331; x_wconf 89' lang='lat' dir='ltr'>Nemo</span> <span class='ocrx_word' id='word_1_199' title='bbox 3197 1272 3411 1330; x_wconf 88' lang='lat' dir='ltr'>solutis</span> <span class='ocrx_word' id='word_1_200' title='bbox 3454 1271 3749 1331; x_wconf 88' lang='lat' dir='ltr'>nundinis</span> 
     </span>
    </p>
   </div>
   <div class='ocr_carea' id='block_1_30' title="bbox 2080 1361 3751 1437">
    <p class='ocr_par' dir='ltr' id='par_1_30' title="bbox 2080 1361 3751 1437">
     <span class='ocr_line' id='line_1_30' title="bbox 2080 1361 3751 1437; baseline -0.001 -19"><span class='ocrx_word' id='word_1_201' title='bbox 2080 1362 2449 1437; x_wconf 81' lang='lat' dir='ltr'>negotiatur:</span> <span class='ocrx_word' id='word_1_202' title='bbox 2469 1378 2668 1436; x_wconf 90' lang='lat' dir='ltr'>neque</span> <span class='ocrx_word' id='word_1_203' title='bbox 2689 1362 2793 1436; x_wconf 87' lang='lat' dir='ltr'>qui</span> <span class='ocrx_word' id='word_1_204' title='bbox 2813 1366 2951 1437; x_wconf 91' lang='lat' dir='ltr'>post</span> <span class='ocrx_word' id='word_1_205' title='bbox 2967 1361 3301 1419; x_wconf 87' lang='lat' dir='ltr'>certamina</span> <span class='ocrx_word' id='word_1_206' title='bbox 3316 1361 3568 1426; x_wconf 88' lang='lat' dir='ltr'>accedit,</span> <span class='ocrx_word' id='word_1_207' title='bbox 3583 1376 3751 1418; x_wconf 87' lang='lat' dir='ltr'>coro-</span> 
     </span>
    </p>
   </div>
   <div class='ocr_carea' id='block_1_31' title="bbox 2081 1450 3752 1526">
    <p class='ocr_par' dir='ltr' id='par_1_31' title="bbox 2081 1450 3752 1526">
     <span class='ocr_line' id='line_1_31' title="bbox 2081 1450 3752 1526; baseline -0.001 -18"><span class='ocrx_word' id='word_1_208' title='bbox 2081 1455 2297 1508; x_wconf 89' lang='lat' dir='ltr'>natur:</span> <span class='ocrx_word' id='word_1_209' title='bbox 2332 1467 2531 1525; x_wconf 91' lang='lat' dir='ltr'>neque</span> <span class='ocrx_word' id='word_1_210' title='bbox 2553 1452 2654 1525; x_wconf 88' lang='lat' dir='ltr'>qui</span> <span class='ocrx_word' id='word_1_211' title='bbox 2678 1456 2816 1526; x_wconf 89' lang='lat' dir='ltr'>post</span> <span class='ocrx_word' id='word_1_212' title='bbox 2844 1452 3096 1521; x_wconf 89' lang='lat' dir='ltr'>bellum,</span> <span class='ocrx_word' id='word_1_213' title='bbox 3119 1452 3353 1509; x_wconf 88' lang='lat' dir='ltr'>famam</span> <span class='ocrx_word' id='word_1_214' title='bbox 3385 1452 3615 1508; x_wconf 90' lang='lat' dir='ltr'>strenui</span> <span class='ocrx_word' id='word_1_215' title='bbox 3638 1450 3752 1507; x_wconf 90' lang='lat' dir='ltr'>viri</span> 
     </span>
    </p>
   </div>
   <div class='ocr_carea' id='block_1_32' title="bbox 2083 1540 3750 1616">
    <p class='ocr_par' dir='ltr' id='par_1_32' title="bbox 2083 1540 3750 1616">
     <span class='ocr_line' id='line_1_32' title="bbox 2083 1540 3750 1616; baseline -0.001 -20"><span class='ocrx_word' id='word_1_216' title='bbox 2083 1546 2263 1614; x_wconf 88' lang='lat' dir='ltr'>atque</span> <span class='ocrx_word' id='word_1_217' title='bbox 2294 1540 2551 1612; x_wconf 81' lang='lat' dir='ltr'>gloriam</span> <span class='ocrx_word' id='word_1_218' title='bbox 2574 1542 2938 1615; x_wconf 88' lang='lat' dir='ltr'>assequitur.</span> <span class='ocrx_word' id='word_1_219' title='bbox 2964 1545 3167 1616; x_wconf 89' lang='lat' dir='ltr'>Neque</span> <span class='ocrx_word' id='word_1_220' title='bbox 3186 1541 3369 1613; x_wconf 82' lang='lat' dir='ltr'>igitur</span> <span class='ocrx_word' id='word_1_221' title='bbox 3394 1546 3535 1615; x_wconf 91' lang='lat' dir='ltr'>post</span> <span class='ocrx_word' id='word_1_222' title='bbox 3562 1541 3750 1598; x_wconf 89' lang='lat' dir='ltr'>vitam</span> 
     </span>
    </p>
   </div>
   <div class='ocr_carea' id='block_1_33' title="bbox 2082 1628 3755 1705">
    <p class='ocr_par' dir='ltr' id='par_1_33' title="bbox 2082 1628 3755 1705">
     <span class='ocr_line' id='line_1_33' title="bbox 2082 1628 3755 1705; baseline 0.002 -20"><span class='ocrx_word' id='word_1_223' title='bbox 2082 1628 2250 1686; x_wconf 91' lang='lat' dir='ltr'>locus</span> <span class='ocrx_word' id='word_1_224' title='bbox 2263 1630 2419 1686; x_wconf 90' lang='lat' dir='ltr'>ullus</span> <span class='ocrx_word' id='word_1_225' title='bbox 2431 1634 2524 1687; x_wconf 91' lang='lat' dir='ltr'>est</span> <span class='ocrx_word' id='word_1_226' title='bbox 2538 1630 2776 1705; x_wconf 89' lang='lat' dir='ltr'>pietatis</span> <span class='ocrx_word' id='word_1_227' title='bbox 2792 1631 3516 1688; x_wconf 72' lang='lat' dir='ltr'>excolendae.Atramento</span> <span class='ocrx_word' id='word_1_228' title='bbox 3531 1630 3755 1689; x_wconf 90' lang='lat' dir='ltr'>scilicet</span> 
     </span>
    </p>
   </div>
   <div class='ocr_carea' id='block_1_34' title="bbox 365 1719 1973 1801">
    <p class='ocr_par' dir='ltr' id='par_1_34' title="bbox 365 1724 1973 1801">
     <span class='ocr_line' id='line_1_34' title="bbox 365 1724 1973 1801; baseline -0.001 -22"><span class='ocrx_word' id='word_1_229' title='bbox 365 1730 534 1800; x_wconf 77' lang='grc' dir='ltr'>φωνὴν</span> <span class='ocrx_word' id='word_1_230' title='bbox 576 1724 734 1801; x_wconf 79' lang='grc' dir='ltr'>ῥῆξαι</span> <span class='ocrx_word' id='word_1_231' title='bbox 775 1727 1211 1799; x_wconf 83' lang='grc' dir='ltr'>συγχωρηθέντες</span> <span class='ocrx_word' id='word_1_232' title='bbox 1234 1727 1334 1779; x_wconf 78' lang='grc' dir='ltr'>ὑπό</span> <span class='ocrx_word' id='word_1_233' title='bbox 1364 1733 1456 1778; x_wconf 80' lang='grc' dir='ltr'>τοῦ</span> <span class='ocrx_word' id='word_1_234' title='bbox 1494 1727 1733 1794; x_wconf 81' lang='grc' dir='ltr'>πάθους;</span> <span class='ocrx_word' id='word_1_235' title='bbox 1771 1729 1973 1787; x_wconf 87' lang='grc' dir='ltr'>Πόσους</span> 
     </span>
    </p>
   </div>
   <div class='ocr_carea' id='block_1_35' title="bbox 2089 1719 3752 1801">
    <p class='ocr_par' dir='ltr' id='par_1_35' title="bbox 2089 1719 3752 1795">
     <span class='ocr_line' id='line_1_35' title="bbox 2089 1719 3752 1795; baseline 0.002 -20"><span class='ocrx_word' id='word_1_236' title='bbox 2089 1734 2158 1775; x_wconf 92' lang='lat' dir='ltr'>ac</span> <span class='ocrx_word' id='word_1_237' title='bbox 2181 1719 2403 1776; x_wconf 82' lang='lat' dir='ltr'>tabulis</span> <span class='ocrx_word' id='word_1_238' title='bbox 2430 1720 2558 1777; x_wconf 90' lang='lat' dir='ltr'>fore</span> <span class='ocrx_word' id='word_1_239' title='bbox 2586 1724 2640 1777; x_wconf 91' lang='lat' dir='ltr'>te</span> <span class='ocrx_word' id='word_1_240' title='bbox 2659 1720 3026 1778; x_wconf 84' lang='lat' dir='ltr'>beneficium</span> <span class='ocrx_word' id='word_1_241' title='bbox 3055 1720 3377 1795; x_wconf 90' lang='lat' dir='ltr'>polliceris.</span> <span class='ocrx_word' id='word_1_242' title='bbox 3404 1720 3516 1788; x_wconf 89' lang='lat' dir='ltr'>Qui</span> <span class='ocrx_word' id='word_1_243' title='bbox 3546 1726 3752 1778; x_wconf 88' lang='lat' dir='ltr'>autem</span> 
     </span>
    </p>
   </div>
   <div class='ocr_carea' id='block_1_36' title="bbox 363 1806 1971 1891">
    <p class='ocr_par' dir='ltr' id='par_1_36' title="bbox 363 1806 1971 1891">
     <span class='ocr_line' id='line_1_36' title="bbox 363 1806 1971 1891; baseline -0.002 -21"><span class='ocrx_word' id='word_1_244' title='bbox 363 1818 583 1890; x_wconf 88' lang='grc' dir='ltr'>πυρετὸς</span> <span class='ocrx_word' id='word_1_245' title='bbox 627 1813 865 1874; x_wconf 78' lang='grc' dir='ltr'>ἐποίησιν</span> <span class='ocrx_word' id='word_1_246' title='bbox 916 1818 1202 1891; x_wconf 77' lang='grc' dir='ltr'>ἔκφρονας;</span> <span class='ocrx_word' id='word_1_247' title='bbox 1243 1820 1306 1870; x_wconf 91' lang='grc' dir='ltr'>Τί</span> <span class='ocrx_word' id='word_1_248' title='bbox 1333 1810 1422 1869; x_wconf 79' lang='grc' dir='ltr'>οὖν</span> <span class='ocrx_word' id='word_1_249' title='bbox 1469 1814 1734 1889; x_wconf 81' lang='grc' dir='ltr'>ἀναμένεις</span> <span class='ocrx_word' id='word_1_250' title='bbox 1769 1806 1971 1889; x_wconf 65' lang='grc' dir='ltr'>δέαιρὸν,</span> 
     </span>
    </p>
   </div>
   <div class='ocr_carea' id='block_1_37' title="bbox 365 1901 1974 1978">
    <p class='ocr_par' dir='ltr' id='par_1_37' title="bbox 365 1901 1974 1978">
     <span class='ocr_line' id='line_1_37' title="bbox 365 1901 1974 1978; baseline -0.001 -19"><span class='ocrx_word' id='word_1_251' title='bbox 365 1904 414 1959; x_wconf 81' lang='grc' dir='ltr'>έν</span> <span class='ocrx_word' id='word_1_252' title='bbox 456 1906 496 1957; x_wconf 84' lang='grc' dir='ltr'><em>ὧ</em></span> <span class='ocrx_word' id='word_1_253' title='bbox 542 1904 792 1968; x_wconf 82' lang='grc' dir='ltr'>πολλάκις</span> <span class='ocrx_word' id='word_1_254' title='bbox 828 1901 951 1975; x_wconf 62' lang='grc' dir='ltr'>οὐδε</span> <span class='ocrx_word' id='word_1_255' title='bbox 994 1914 1093 1957; x_wconf 90' lang='grc' dir='ltr'>τῶν</span> <span class='ocrx_word' id='word_1_256' title='bbox 1139 1904 1401 1978; x_wconf 87' lang='grc' dir='ltr'>λογισμῶν</span> <span class='ocrx_word' id='word_1_257' title='bbox 1449 1907 1541 1978; x_wconf 72' lang='grc' dir='ltr'>ἴση</span> <span class='ocrx_word' id='word_1_258' title='bbox 1595 1913 1695 1957; x_wconf 88' lang='grc' dir='ltr'>τῶν</span> <span class='ocrx_word' id='word_1_259' title='bbox 1754 1913 1974 1958; x_wconf 83' lang='grc' dir='ltr'>σεαυτοῦ</span> 
     </span>
    </p>
   </div>
   <div class='ocr_carea' id='block_1_38' title="bbox 365 1991 1974 2069">
    <p class='ocr_par' dir='ltr' id='par_1_38' title="bbox 365 1991 1974 2069">
     <span class='ocr_line' id='line_1_38' title="bbox 365 1991 1974 2069; baseline -0.001 -22"><span class='ocrx_word' id='word_1_260' title='bbox 365 1996 547 2069; x_wconf 73' lang='grc' dir='ltr'>κύριος</span> <span class='ocrx_word' id='word_1_261' title='bbox 570 2010 584 2062; x_wconf 91' lang='grc'><strong>;</strong></span> <span class='ocrx_word' id='word_1_262' title='bbox 611 1994 722 2057; x_wconf 80' lang='grc' dir='ltr'>Νὺξ</span> <span class='ocrx_word' id='word_1_263' title='bbox 763 1992 974 2067; x_wconf 77' lang='grc' dir='ltr'>βαθεῖα,</span> <span class='ocrx_word' id='word_1_264' title='bbox 1007 1999 1098 2049; x_wconf 84' lang='grc' dir='ltr'>καὶ</span> <span class='ocrx_word' id='word_1_265' title='bbox 1143 1998 1299 2056; x_wconf 90' lang='grc' dir='ltr'>νόσος</span> <span class='ocrx_word' id='word_1_266' title='bbox 1342 1992 1553 2068; x_wconf 84' lang='grc' dir='ltr'>βαρεῖα,</span> <span class='ocrx_word' id='word_1_267' title='bbox 1586 1998 1676 2046; x_wconf 83' lang='grc' dir='ltr'>καὶ</span> <span class='ocrx_word' id='word_1_268' title='bbox 1707 1994 1732 2046; x_wconf 85' lang='grc' dir='ltr'><strong><em>ὁ</em></strong></span> <span class='ocrx_word' id='word_1_269' title='bbox 1765 1991 1974 2067; x_wconf 83' lang='grc' dir='ltr'>βοηθῶν</span> 
     </span>
    </p>
   </div>
   <div class='ocr_carea' id='block_1_39' title="bbox 366 2080 1978 2159">
    <p class='ocr_par' dir='ltr' id='par_1_39' title="bbox 366 2080 1978 2159">
     <span class='ocr_line' id='line_1_39' title="bbox 366 2080 1978 2159; baseline -0.002 -21"><span class='ocrx_word' id='word_1_270' title='bbox 366 2081 607 2158; x_wconf 76' lang='grc' dir='ltr'>οὐδαμοῦ</span> <span class='ocrx_word' id='word_1_271' title='bbox 632 2105 645 2118; x_wconf 91' lang='grc'><strong>·</strong></span> <span class='ocrx_word' id='word_1_272' title='bbox 690 2083 782 2137; x_wconf 67' lang='lat' dir='ltr'>zeal</span> <span class='ocrx_word' id='word_1_273' title='bbox 811 2086 836 2136; x_wconf 87' lang='grc' dir='ltr'>ό</span> <span class='ocrx_word' id='word_1_274' title='bbox 868 2080 1154 2157; x_wconf 73' lang='grc' dir='ltr'>ἐφεδρεύων</span> <span class='ocrx_word' id='word_1_275' title='bbox 1201 2092 1275 2155; x_wconf 80' lang='grc' dir='ltr'>τῷ</span> <span class='ocrx_word' id='word_1_276' title='bbox 1318 2083 1494 2159; x_wconf 79' lang='grc' dir='ltr'>κλήρῳ</span> <span class='ocrx_word' id='word_1_277' title='bbox 1536 2084 1760 2156; x_wconf 78' lang='grc' dir='ltr'>ἕτοιμος,</span> <span class='ocrx_word' id='word_1_278' title='bbox 1805 2085 1978 2138; x_wconf 80' lang='grc' dir='ltr'>πάντα</span> 
     </span>
    </p>
   </div>
   <div class='ocr_carea' id='block_1_40' title="bbox 366 2170 1977 2251">
    <p class='ocr_par' dir='ltr' id='par_1_40' title="bbox 366 2170 1977 2251">
     <span class='ocr_line' id='line_1_40' title="bbox 366 2170 1977 2251; baseline -0.002 -22"><span class='ocrx_word' id='word_1_279' title='bbox 366 2173 497 2251; x_wconf 79' lang='grc' dir='ltr'>πρὸς</span> <span class='ocrx_word' id='word_1_280' title='bbox 565 2177 626 2226; x_wconf 79' lang='grc' dir='ltr'>τὸ</span> <span class='ocrx_word' id='word_1_281' title='bbox 696 2174 863 2245; x_wconf 74' lang='grc' dir='ltr'>ἐαυτῷ</span> <span class='ocrx_word' id='word_1_282' title='bbox 928 2178 1201 2248; x_wconf 82' lang='grc' dir='ltr'>χρήσιμον</span> <span class='ocrx_word' id='word_1_283' title='bbox 1269 2170 1665 2246; x_wconf 78' lang='grc' dir='ltr'>διοικούμενος,</span> <span class='ocrx_word' id='word_1_284' title='bbox 1730 2174 1977 2247; x_wconf 75' lang='grc' dir='ltr'>ἄπρακτα</span> 
     </span>
    </p>
   </div>
   <div class='ocr_carea' id='block_1_41' title="bbox 369 2259 1978 2337">
    <p class='ocr_par' dir='ltr' id='par_1_41' title="bbox 369 2259 1978 2337">
     <span class='ocr_line' id='line_1_41' title="bbox 369 2259 1978 2337; baseline -0.001 -19"><span class='ocrx_word' id='word_1_285' title='bbox 369 2283 457 2318; x_wconf 88' lang='grc' dir='ltr'>σοι</span> <span class='ocrx_word' id='word_1_286' title='bbox 481 2264 593 2337; x_wconf 76' lang='grc'>(45)</span> <span class='ocrx_word' id='word_1_287' title='bbox 635 2272 796 2317; x_wconf 88' lang='grc' dir='ltr'>ποιῶν</span> <span class='ocrx_word' id='word_1_288' title='bbox 844 2265 912 2317; x_wconf 80' lang='grc' dir='ltr'>τὰ</span> <span class='ocrx_word' id='word_1_289' title='bbox 962 2261 1315 2336; x_wconf 83' lang='grc' dir='ltr'>βουλεύματα.</span> <span class='ocrx_word' id='word_1_290' title='bbox 1362 2259 1493 2316; x_wconf 85' lang='grc' dir='ltr'>Εἶτα</span> <span class='ocrx_word' id='word_1_291' title='bbox 1538 2261 1978 2336; x_wconf 78' lang='grc' dir='ltr'>περιϐλεψάμενος</span> 
     </span>
    </p>
   </div>
   <div class='ocr_carea' id='block_1_42' title="bbox 365 2349 1972 2428">
    <p class='ocr_par' dir='ltr' id='par_1_42' title="bbox 365 2349 1972 2428">
     <span class='ocr_line' id='line_1_42' title="bbox 365 2349 1972 2428; baseline -0.002 -20"><span class='ocrx_word' id='word_1_292' title='bbox 365 2350 472 2408; x_wconf 80' lang='grc' dir='ltr'>ὧδε</span> <span class='ocrx_word' id='word_1_293' title='bbox 517 2359 609 2407; x_wconf 76' lang='grc' dir='ltr'>καὶ</span> <span class='ocrx_word' id='word_1_294' title='bbox 654 2349 778 2421; x_wconf 84' lang='grc' dir='ltr'>ὧδε,</span> <span class='ocrx_word' id='word_1_295' title='bbox 813 2357 903 2406; x_wconf 80' lang='grc' dir='ltr'>καὶ</span> <span class='ocrx_word' id='word_1_296' title='bbox 953 2350 1080 2406; x_wconf 85' lang='grc' dir='ltr'>ἰδὼν</span> <span class='ocrx_word' id='word_1_297' title='bbox 1121 2357 1216 2411; x_wconf 81' lang='grc' dir='ltr'>τὴν</span> <span class='ocrx_word' id='word_1_298' title='bbox 1244 2354 1604 2428; x_wconf 74' lang='grc' dir='ltr'>περιεστῶσαν</span> <span class='ocrx_word' id='word_1_299' title='bbox 1646 2372 1704 2406; x_wconf 90' lang='grc' dir='ltr'>σε</span> <span class='ocrx_word' id='word_1_300' title='bbox 1733 2350 1972 2427; x_wconf 80' lang='grc' dir='ltr'>ἐρημίαν,</span> 
     </span>
    </p>
   </div>
   <div class='ocr_carea' id='block_1_43' title="bbox 365 2440 1972 2516">
    <p class='ocr_par' dir='ltr' id='par_1_43' title="bbox 365 2440 1972 2516">
     <span class='ocr_line' id='line_1_43' title="bbox 365 2440 1972 2516; baseline -0.001 -20"><span class='ocrx_word' id='word_1_301' title='bbox 365 2447 482 2496; x_wconf 86' lang='grc' dir='ltr'>τότε</span> <span class='ocrx_word' id='word_1_302' title='bbox 506 2442 743 2516; x_wconf 78' lang='grc' dir='ltr'>αἰσθήσῃ</span> <span class='ocrx_word' id='word_1_303' title='bbox 776 2450 873 2504; x_wconf 84' lang='grc' dir='ltr'>τῆς</span> <span class='ocrx_word' id='word_1_304' title='bbox 903 2440 1149 2503; x_wconf 81' lang='grc' dir='ltr'>ἀϐουλίας</span> <span class='ocrx_word' id='word_1_305' title='bbox 1173 2462 1186 2475; x_wconf 79' lang='lat'><strong>-</strong></span> <span class='ocrx_word' id='word_1_306' title='bbox 1217 2446 1335 2497; x_wconf 87' lang='grc' dir='ltr'>τότε</span> <span class='ocrx_word' id='word_1_307' title='bbox 1366 2441 1627 2505; x_wconf 83' lang='grc' dir='ltr'>στενάξεις</span> <span class='ocrx_word' id='word_1_308' title='bbox 1654 2445 1749 2500; x_wconf 82' lang='grc' dir='ltr'>τὴν</span> <span class='ocrx_word' id='word_1_309' title='bbox 1774 2443 1972 2510; x_wconf 76' lang='grc' dir='ltr'>ἄνοιαν,</span> 
     </span>
    </p>
   </div>
   <div class='ocr_carea' id='block_1_44' title="bbox 368 2529 1974 2605">
    <p class='ocr_par' dir='ltr' id='par_1_44' title="bbox 368 2529 1974 2605">
     <span class='ocr_line' id='line_1_44' title="bbox 368 2529 1974 2605; baseline -0.001 -20"><span class='ocrx_word' id='word_1_310' title='bbox 368 2532 440 2595; x_wconf 86' lang='grc' dir='ltr'>εἰς</span> <span class='ocrx_word' id='word_1_311' title='bbox 486 2533 591 2586; x_wconf 83' lang='grc' dir='ltr'>οἷον</span> <span class='ocrx_word' id='word_1_312' title='bbox 636 2534 818 2605; x_wconf 79' lang='grc' dir='ltr'>καιρόν</span> <span class='ocrx_word' id='word_1_313' title='bbox 862 2530 1136 2605; x_wconf 78' lang='grc' dir='ltr'>έταμιεύου</span> <span class='ocrx_word' id='word_1_314' title='bbox 1162 2533 1280 2603; x_wconf 86' lang='grc'>(46)</span> <span class='ocrx_word' id='word_1_315' title='bbox 1308 2535 1402 2590; x_wconf 82' lang='grc' dir='ltr'>τὴν</span> <span class='ocrx_word' id='word_1_316' title='bbox 1450 2529 1676 2597; x_wconf 73' lang='grc' dir='ltr'>ἐντολὴν,</span> <span class='ocrx_word' id='word_1_317' title='bbox 1709 2532 1791 2583; x_wconf 82' lang='grc' dir='ltr'>ὅτε</span> <span class='ocrx_word' id='word_1_318' title='bbox 1822 2532 1851 2590; x_wconf 83' lang='grc' dir='ltr'><strong>ἠ</strong></span> <span class='ocrx_word' id='word_1_319' title='bbox 1884 2534 1974 2604; x_wconf 68' lang='grc' dir='ltr'>μὲν</span> 
     </span>
    </p>
   </div>
   <div class='ocr_carea' id='block_1_45' title="bbox 364 2616 1975 2696">
    <p class='ocr_par' dir='ltr' id='par_1_45' title="bbox 364 2616 1975 2696">
     <span class='ocr_line' id='line_1_45' title="bbox 364 2616 1975 2696; baseline -0.001 -22"><span class='ocrx_word' id='word_1_320' title='bbox 364 2619 584 2694; x_wconf 88' lang='grc' dir='ltr'>γλῶσσα</span> <span class='ocrx_word' id='word_1_321' title='bbox 623 2627 888 2696; x_wconf 86' lang='grc' dir='ltr'>παρεῖται,</span> <span class='ocrx_word' id='word_1_322' title='bbox 920 2622 951 2679; x_wconf 78' lang='grc' dir='ltr'>ἡ</span> <span class='ocrx_word' id='word_1_323' title='bbox 1005 2617 1064 2675; x_wconf 72' lang='grc' dir='ltr'>δε</span> <span class='ocrx_word' id='word_1_324' title='bbox 1110 2625 1231 2695; x_wconf 84' lang='grc' dir='ltr'>χεὶρ</span> <span class='ocrx_word' id='word_1_325' title='bbox 1272 2622 1569 2696; x_wconf 79' lang='grc' dir='ltr'>ὑπότρομος</span> <span class='ocrx_word' id='word_1_326' title='bbox 1617 2616 1723 2680; x_wconf 79' lang='grc' dir='ltr'>ἤδη</span> <span class='ocrx_word' id='word_1_327' title='bbox 1756 2619 1975 2674; x_wconf 81' lang='grc' dir='ltr'>κλονου-</span> 
     </span>
    </p>
   </div>
   <div class='ocr_carea' id='block_1_46' title="bbox 366 2709 1975 2785">
    <p class='ocr_par' dir='ltr' id='par_1_46' title="bbox 366 2709 1975 2785">
     <span class='ocr_line' id='line_1_46' title="bbox 366 2709 1975 2785; baseline 0 -23"><span class='ocrx_word' id='word_1_328' title='bbox 366 2715 491 2783; x_wconf 81' lang='grc' dir='ltr'>μένη</span> <span class='ocrx_word' id='word_1_329' title='bbox 551 2719 670 2773; x_wconf 86' lang='grc' dir='ltr'>ταῖς</span> <span class='ocrx_word' id='word_1_330' title='bbox 727 2709 1002 2771; x_wconf 67' lang='grc' dir='ltr'>πνολκαίς</span> <span class='ocrx_word' id='word_1_331' title='bbox 1025 2752 1040 2778; x_wconf 93' lang='grc'>,</span> <span class='ocrx_word' id='word_1_332' title='bbox 1100 2713 1170 2771; x_wconf 84' lang='grc' dir='ltr'>ὡς</span> <span class='ocrx_word' id='word_1_333' title='bbox 1237 2715 1367 2769; x_wconf 79' lang='grc' dir='ltr'>μήτε</span> <span class='ocrx_word' id='word_1_334' title='bbox 1423 2718 1558 2783; x_wconf 79' lang='grc' dir='ltr'>φωνῇ</span> <span class='ocrx_word' id='word_1_335' title='bbox 1618 2714 1745 2783; x_wconf 79' lang='grc' dir='ltr'>μήτε</span> <span class='ocrx_word' id='word_1_336' title='bbox 1800 2711 1975 2785; x_wconf 80' lang='grc' dir='ltr'>γράμ-</span> 
     </span>
    </p>
   </div>
   <div class='ocr_carea' id='block_1_47' title="bbox 367 2798 1978 2875">
    <p class='ocr_par' dir='ltr' id='par_1_47' title="bbox 367 2798 1978 2875">
     <span class='ocr_line' id='line_1_47' title="bbox 367 2798 1978 2875; baseline 0 -21"><span class='ocrx_word' id='word_1_337' title='bbox 367 2820 502 2875; x_wconf 90' lang='grc' dir='ltr'>μασι</span> <span class='ocrx_word' id='word_1_338' title='bbox 532 2798 864 2875; x_wconf 77' lang='grc' dir='ltr'>διασημῆναι</span> <span class='ocrx_word' id='word_1_339' title='bbox 884 2801 998 2873; x_wconf 73' lang='grc'>(47)</span> <span class='ocrx_word' id='word_1_340' title='bbox 1025 2804 1120 2860; x_wconf 80' lang='grc' dir='ltr'>τὴν</span> <span class='ocrx_word' id='word_1_341' title='bbox 1145 2806 1377 2874; x_wconf 84' lang='grc' dir='ltr'>γνώμην.</span> <span class='ocrx_word' id='word_1_342' title='bbox 1404 2804 1589 2855; x_wconf 80' lang='grc' dir='ltr'>Καίτοι</span> <span class='ocrx_word' id='word_1_343' title='bbox 1615 2800 1659 2855; x_wconf 82' lang='grc' dir='ltr'>εἰ</span> <span class='ocrx_word' id='word_1_344' title='bbox 1688 2805 1778 2855; x_wconf 74' lang='grc' dir='ltr'>καὶ</span> <span class='ocrx_word' id='word_1_345' title='bbox 1807 2820 1978 2854; x_wconf 90' lang='grc' dir='ltr'>παντα</span> 
     </span>
    </p>
   </div>
   <div class='ocr_carea' id='block_1_48' title="bbox 367 2885 1974 2966">
    <p class='ocr_par' dir='ltr' id='par_1_48' title="bbox 367 2885 1974 2966">
     <span class='ocr_line' id='line_1_48' title="bbox 367 2885 1974 2966; baseline 0.001 -23"><span class='ocrx_word' id='word_1_346' title='bbox 367 2900 596 2965; x_wconf 77' lang='grc' dir='ltr'>φανερῶς</span> <span class='ocrx_word' id='word_1_347' title='bbox 624 2889 930 2966; x_wconf 72' lang='grc' dir='ltr'>ἐγέγραπτο,</span> <span class='ocrx_word' id='word_1_348' title='bbox 963 2895 1055 2943; x_wconf 79' lang='grc' dir='ltr'>καὶ</span> <span class='ocrx_word' id='word_1_349' title='bbox 1081 2896 1231 2943; x_wconf 88' lang='grc' dir='ltr'>πᾶσα</span> <span class='ocrx_word' id='word_1_350' title='bbox 1278 2894 1417 2962; x_wconf 78' lang='grc' dir='ltr'>φωνή</span> <span class='ocrx_word' id='word_1_351' title='bbox 1469 2885 1769 2965; x_wconf 75' lang='grc' dir='ltr'>διαρρήδην</span> <span class='ocrx_word' id='word_1_352' title='bbox 1814 2894 1974 2949; x_wconf 78' lang='grc' dir='ltr'>κεκή-</span> 
     </span>
    </p>
   </div>
   <div class='ocr_carea' id='block_1_49' title="bbox 366 2975 1975 3055">
    <p class='ocr_par' dir='ltr' id='par_1_49' title="bbox 366 2975 1975 3055">
     <span class='ocr_line' id='line_1_49' title="bbox 366 2975 1975 3055; baseline -0.001 -22"><span class='ocrx_word' id='word_1_353' title='bbox 366 2999 549 3055; x_wconf 76' lang='grc' dir='ltr'>ρυκτο,</span> <span class='ocrx_word' id='word_1_354' title='bbox 591 2979 641 3033; x_wconf 76' lang='grc' dir='ltr'>ἓν</span> <span class='ocrx_word' id='word_1_355' title='bbox 683 2981 907 3054; x_wconf 79' lang='grc' dir='ltr'>γράμμα</span> <span class='ocrx_word' id='word_1_356' title='bbox 948 2980 1251 3053; x_wconf 74' lang='grc' dir='ltr'>παρεντεθεν</span> <span class='ocrx_word' id='word_1_357' title='bbox 1302 2981 1474 3032; x_wconf 80' lang='grc' dir='ltr'>ἰκανὸν</span> <span class='ocrx_word' id='word_1_358' title='bbox 1507 2975 1568 3038; x_wconf 78' lang='grc' dir='ltr'>ἧν</span> <span class='ocrx_word' id='word_1_359' title='bbox 1597 2985 1772 3033; x_wconf 84' lang='grc' dir='ltr'>πᾶσαν</span> <span class='ocrx_word' id='word_1_360' title='bbox 1812 2997 1975 3052; x_wconf 80' lang='grc' dir='ltr'>μετα-</span> 
     </span>
    </p>
   </div>
   <div class='ocr_carea' id='block_1_50' title="bbox 2086 1809 3752 1884">
    <p class='ocr_par' dir='ltr' id='par_1_50' title="bbox 2086 1809 3752 1884">
     <span class='ocr_line' id='line_1_50' title="bbox 2086 1809 3752 1884; baseline 0.001 -18"><span class='ocrx_word' id='word_1_361' title='bbox 2086 1809 2471 1867; x_wconf 87' lang='lat' dir='ltr'>annuntiabit</span> <span class='ocrx_word' id='word_1_362' title='bbox 2492 1810 2599 1867; x_wconf 91' lang='lat' dir='ltr'>tibi</span> <span class='ocrx_word' id='word_1_363' title='bbox 2614 1811 2809 1868; x_wconf 83' lang='lat' dir='ltr'>exitus</span> <span class='ocrx_word' id='word_1_364' title='bbox 2833 1814 3070 1884; x_wconf 91' lang='lat' dir='ltr'>tempus</span> <span class='ocrx_word' id='word_1_365' title='bbox 3082 1812 3109 1867; x_wconf 92' lang='lat'>?</span> <span class='ocrx_word' id='word_1_366' title='bbox 3130 1811 3267 1884; x_wconf 92' lang='lat' dir='ltr'>quis</span> <span class='ocrx_word' id='word_1_367' title='bbox 3285 1810 3523 1882; x_wconf 84' lang='lat' dir='ltr'>generis</span> <span class='ocrx_word' id='word_1_368' title='bbox 3540 1812 3752 1868; x_wconf 88' lang='lat' dir='ltr'>mortis</span> 
     </span>
    </p>
   </div>
   <div class='ocr_carea' id='block_1_51' title="bbox 2087 1899 3753 1974">
    <p class='ocr_par' dir='ltr' id='par_1_51' title="bbox 2087 1899 3753 1974">
     <span class='ocr_line' id='line_1_51' title="bbox 2087 1899 3753 1974; baseline 0.002 -19"><span class='ocrx_word' id='word_1_369' title='bbox 2087 1915 2355 1972; x_wconf 86' lang='lat' dir='ltr'>sponsor</span> <span class='ocrx_word' id='word_1_370' title='bbox 2381 1899 2528 1958; x_wconf 86' lang='lat' dir='ltr'>erit?</span> <span class='ocrx_word' id='word_1_371' title='bbox 2556 1902 2712 1967; x_wconf 85' lang='lat' dir='ltr'>Quot</span> <span class='ocrx_word' id='word_1_372' title='bbox 2739 1900 3015 1958; x_wconf 87' lang='lat' dir='ltr'>violentis</span> <span class='ocrx_word' id='word_1_373' title='bbox 3044 1900 3290 1958; x_wconf 87' lang='lat' dir='ltr'>casibus</span> <span class='ocrx_word' id='word_1_374' title='bbox 3331 1900 3568 1974; x_wconf 88' lang='lat' dir='ltr'>abrepti</span> <span class='ocrx_word' id='word_1_375' title='bbox 3592 1906 3753 1971; x_wconf 90' lang='lat' dir='ltr'>sunt,</span> 
     </span>
    </p>
   </div>
   <div class='ocr_carea' id='block_1_52' title="bbox 2086 1989 3756 2065">
    <p class='ocr_par' dir='ltr' id='par_1_52' title="bbox 2086 1989 3756 2065">
     <span class='ocr_line' id='line_1_52' title="bbox 2086 1989 3756 2065; baseline 0.002 -20"><span class='ocrx_word' id='word_1_376' title='bbox 2086 1989 2311 2062; x_wconf 85' lang='lat' dir='ltr'>quibus</span> <span class='ocrx_word' id='word_1_377' title='bbox 2328 2005 2406 2045; x_wconf 91' lang='lat' dir='ltr'>ne</span> <span class='ocrx_word' id='word_1_378' title='bbox 2422 2006 2634 2048; x_wconf 88' lang='lat' dir='ltr'>vocem</span> <span class='ocrx_word' id='word_1_379' title='bbox 2655 1990 2905 2065; x_wconf 88' lang='lat' dir='ltr'>quidem</span> <span class='ocrx_word' id='word_1_380' title='bbox 2927 1990 3105 2048; x_wconf 89' lang='lat' dir='ltr'>edere</span> <span class='ocrx_word' id='word_1_381' title='bbox 3125 2006 3234 2064; x_wconf 92' lang='lat' dir='ltr'>per</span> <span class='ocrx_word' id='word_1_382' title='bbox 3247 1989 3535 2049; x_wconf 88' lang='lat' dir='ltr'>morbum</span> <span class='ocrx_word' id='word_1_383' title='bbox 3550 1990 3756 2049; x_wconf 83' lang='lat' dir='ltr'>licuit?</span> 
     </span>
    </p>
   </div>
   <div class='ocr_carea' id='block_1_53' title="bbox 2088 2077 3758 2154">
    <p class='ocr_par' dir='ltr' id='par_1_53' title="bbox 2088 2077 3758 2154">
     <span class='ocr_line' id='line_1_53' title="bbox 2088 2077 3758 2154; baseline 0.002 -20"><span class='ocrx_word' id='word_1_384' title='bbox 2088 2079 2244 2144; x_wconf 89' lang='lat' dir='ltr'>Quot</span> <span class='ocrx_word' id='word_1_385' title='bbox 2281 2082 2485 2136; x_wconf 89' lang='lat' dir='ltr'>mente</span> <span class='ocrx_word' id='word_1_386' title='bbox 2531 2077 2690 2153; x_wconf 91' lang='lat' dir='ltr'>lapsi</span> <span class='ocrx_word' id='word_1_387' title='bbox 2730 2083 2872 2137; x_wconf 91' lang='lat' dir='ltr'>sunt</span> <span class='ocrx_word' id='word_1_388' title='bbox 2916 2095 3026 2154; x_wconf 91' lang='lat' dir='ltr'>per</span> <span class='ocrx_word' id='word_1_389' title='bbox 3066 2079 3334 2137; x_wconf 84' lang='lat' dir='ltr'>febrim?</span> <span class='ocrx_word' id='word_1_390' title='bbox 3378 2079 3532 2146; x_wconf 90' lang='lat' dir='ltr'>Quid</span> <span class='ocrx_word' id='word_1_391' title='bbox 3576 2080 3758 2153; x_wconf 85' lang='lat' dir='ltr'>igitur</span> 
     </span>
    </p>
   </div>
   <div class='ocr_carea' id='block_1_54' title="bbox 2086 2167 3754 2242">
    <p class='ocr_par' dir='ltr' id='par_1_54' title="bbox 2086 2167 3754 2242">
     <span class='ocr_line' id='line_1_54' title="bbox 2086 2167 3754 2242; baseline 0.001 -18"><span class='ocrx_word' id='word_1_392' title='bbox 2086 2172 2407 2240; x_wconf 83' lang='lat' dir='ltr'>exspectas</span> <span class='ocrx_word' id='word_1_393' title='bbox 2437 2171 2700 2241; x_wconf 89' lang='lat' dir='ltr'>tempus,</span> <span class='ocrx_word' id='word_1_394' title='bbox 2722 2167 2784 2225; x_wconf 91' lang='lat' dir='ltr'>in</span> <span class='ocrx_word' id='word_1_395' title='bbox 2822 2184 2946 2242; x_wconf 91' lang='lat' dir='ltr'>quo</span> <span class='ocrx_word' id='word_1_396' title='bbox 2968 2167 3331 2242; x_wconf 91' lang='lat' dir='ltr'>plerumque</span> <span class='ocrx_word' id='word_1_397' title='bbox 3355 2167 3607 2226; x_wconf 90' lang='lat' dir='ltr'>rationis</span> <span class='ocrx_word' id='word_1_398' title='bbox 3628 2185 3754 2227; x_wconf 93' lang='lat' dir='ltr'>non</span> 
     </span>
    </p>
   </div>
   <div class='ocr_carea' id='block_1_55' title="bbox 2087 2255 3748 2331">
    <p class='ocr_par' dir='ltr' id='par_1_55' title="bbox 2087 2255 3748 2331">
     <span class='ocr_line' id='line_1_55' title="bbox 2087 2255 3748 2331; baseline 0.001 -18"><span class='ocrx_word' id='word_1_399' title='bbox 2087 2256 2206 2313; x_wconf 89' lang='lat' dir='ltr'>eris</span> <span class='ocrx_word' id='word_1_400' title='bbox 2246 2258 2551 2330; x_wconf 88' lang='lat' dir='ltr'>compos?</span> <span class='ocrx_word' id='word_1_401' title='bbox 2598 2255 2749 2314; x_wconf 88' lang='lat' dir='ltr'>Cum</span> <span class='ocrx_word' id='word_1_402' title='bbox 2790 2257 3063 2315; x_wconf 89' lang='lat' dir='ltr'>videlicet</span> <span class='ocrx_word' id='word_1_403' title='bbox 3092 2259 3203 2315; x_wconf 90' lang='lat' dir='ltr'>erit</span> <span class='ocrx_word' id='word_1_404' title='bbox 3248 2258 3561 2331; x_wconf 89' lang='lat' dir='ltr'>profunda</span> <span class='ocrx_word' id='word_1_405' title='bbox 3601 2274 3748 2329; x_wconf 88' lang='lat' dir='ltr'>nox,</span> 
     </span>
    </p>
   </div>
   <div class='ocr_carea' id='block_1_56' title="bbox 2087 2345 3756 2421">
    <p class='ocr_par' dir='ltr' id='par_1_56' title="bbox 2087 2345 3756 2421">
     <span class='ocr_line' id='line_1_56' title="bbox 2087 2345 3756 2421; baseline 0.001 -17"><span class='ocrx_word' id='word_1_406' title='bbox 2087 2345 2342 2404; x_wconf 87' lang='lat' dir='ltr'>morbus</span> <span class='ocrx_word' id='word_1_407' title='bbox 2390 2347 2594 2418; x_wconf 85' lang='lat' dir='ltr'>gravis</span> <span class='ocrx_word' id='word_1_408' title='bbox 2624 2362 2807 2404; x_wconf 90' lang='lat' dir='ltr'>nemo</span> <span class='ocrx_word' id='word_1_409' title='bbox 2850 2363 3137 2421; x_wconf 86' lang='lat' dir='ltr'>usquam,</span> <span class='ocrx_word' id='word_1_410' title='bbox 3168 2348 3274 2421; x_wconf 89' lang='lat' dir='ltr'>qui</span> <span class='ocrx_word' id='word_1_411' title='bbox 3320 2347 3609 2420; x_wconf 85' lang='lat' dir='ltr'>adjuvet:</span> <span class='ocrx_word' id='word_1_412' title='bbox 3644 2347 3756 2405; x_wconf 89' lang='lat' dir='ltr'>sed</span> 
     </span>
    </p>
   </div>
   <div class='ocr_carea' id='block_1_57' title="bbox 2086 2436 3752 2510">
    <p class='ocr_par' dir='ltr' id='par_1_57' title="bbox 2086 2436 3752 2510">
     <span class='ocr_line' id='line_1_57' title="bbox 2086 2436 3752 2510; baseline 0 -17"><span class='ocrx_word' id='word_1_413' title='bbox 2086 2440 2337 2510; x_wconf 91' lang='lat' dir='ltr'>paratus</span> <span class='ocrx_word' id='word_1_414' title='bbox 2357 2451 2428 2493; x_wconf 89' lang='lat' dir='ltr'>ac</span> <span class='ocrx_word' id='word_1_415' title='bbox 2450 2436 2785 2510; x_wconf 88' lang='lat' dir='ltr'>expeditus,</span> <span class='ocrx_word' id='word_1_416' title='bbox 2802 2436 2907 2510; x_wconf 90' lang='lat' dir='ltr'>qui</span> <span class='ocrx_word' id='word_1_417' title='bbox 2925 2436 3261 2494; x_wconf 69' lang='lat' dir='ltr'>haereditati</span> <span class='ocrx_word' id='word_1_418' title='bbox 3280 2436 3616 2508; x_wconf 86' lang='lat' dir='ltr'>insidietur,</span> <span class='ocrx_word' id='word_1_419' title='bbox 3632 2436 3752 2494; x_wconf 89' lang='lat' dir='ltr'>dis-</span> 
     </span>
    </p>
   </div>
   <div class='ocr_carea' id='block_1_58' title="bbox 2086 2525 3756 2599">
    <p class='ocr_par' dir='ltr' id='par_1_58' title="bbox 2086 2525 3756 2599">
     <span class='ocr_line' id='line_1_58' title="bbox 2086 2525 3756 2599; baseline 0.001 -16"><span class='ocrx_word' id='word_1_420' title='bbox 2086 2541 2358 2599; x_wconf 87' lang='lat' dir='ltr'>pensans</span> <span class='ocrx_word' id='word_1_421' title='bbox 2388 2525 2678 2582; x_wconf 91' lang='lat' dir='ltr'>omniain</span> <span class='ocrx_word' id='word_1_422' title='bbox 2703 2542 2835 2583; x_wconf 91' lang='lat' dir='ltr'>rem</span> <span class='ocrx_word' id='word_1_423' title='bbox 2867 2542 3063 2594; x_wconf 91' lang='lat' dir='ltr'>suam,</span> <span class='ocrx_word' id='word_1_424' title='bbox 3087 2542 3159 2583; x_wconf 92' lang='lat' dir='ltr'>ac</span> <span class='ocrx_word' id='word_1_425' title='bbox 3186 2525 3442 2583; x_wconf 88' lang='lat' dir='ltr'>consilia</span> <span class='ocrx_word' id='word_1_426' title='bbox 3461 2529 3568 2584; x_wconf 90' lang='lat' dir='ltr'>tua</span> <span class='ocrx_word' id='word_1_427' title='bbox 3587 2525 3756 2585; x_wconf 87' lang='lat' dir='ltr'>irrita</span> 
     </span>
    </p>
   </div>
   <div class='ocr_carea' id='block_1_59' title="bbox 2086 2614 3751 2687">
    <p class='ocr_par' dir='ltr' id='par_1_59' title="bbox 2086 2614 3751 2687">
     <span class='ocr_line' id='line_1_59' title="bbox 2086 2614 3751 2687; baseline 0 -16"><span class='ocrx_word' id='word_1_428' title='bbox 2086 2614 2335 2672; x_wconf 83' lang='lat' dir='ltr'>faciens.</span> <span class='ocrx_word' id='word_1_429' title='bbox 2370 2614 2594 2672; x_wconf 86' lang='lat' dir='ltr'>Deinde</span> <span class='ocrx_word' id='word_1_430' title='bbox 2642 2615 2755 2687; x_wconf 79' lang='lat'>61</span> <span class='ocrx_word' id='word_1_431' title='bbox 2804 2614 3095 2687; x_wconf 87' lang='lat' dir='ltr'>conjectis</span> <span class='ocrx_word' id='word_1_432' title='bbox 3121 2616 3241 2672; x_wconf 90' lang='lat' dir='ltr'>huc</span> <span class='ocrx_word' id='word_1_433' title='bbox 3285 2620 3343 2673; x_wconf 90' lang='lat' dir='ltr'>et</span> <span class='ocrx_word' id='word_1_434' title='bbox 3369 2614 3510 2672; x_wconf 90' lang='lat' dir='ltr'>illuc</span> <span class='ocrx_word' id='word_1_435' title='bbox 3539 2615 3751 2685; x_wconf 89' lang='lat' dir='ltr'>oculis,</span> 
     </span>
    </p>
   </div>
   <div class='ocr_carea' id='block_1_60' title="bbox 2088 2705 3754 2780">
    <p class='ocr_par' dir='ltr' id='par_1_60' title="bbox 2088 2705 3754 2780">
     <span class='ocr_line' id='line_1_60' title="bbox 2088 2705 3754 2780; baseline 0.001 -18"><span class='ocrx_word' id='word_1_436' title='bbox 2088 2705 2583 2763; x_wconf 88' lang='lat' dir='ltr'>circumstantem</span> <span class='ocrx_word' id='word_1_437' title='bbox 2625 2710 2681 2762; x_wconf 91' lang='lat' dir='ltr'>te</span> <span class='ocrx_word' id='word_1_438' title='bbox 2730 2705 3122 2763; x_wconf 90' lang='lat' dir='ltr'>solitudinem</span> <span class='ocrx_word' id='word_1_439' title='bbox 3170 2705 3580 2780; x_wconf 89' lang='lat' dir='ltr'>conspiciens,</span> <span class='ocrx_word' id='word_1_440' title='bbox 3609 2709 3754 2763; x_wconf 92' lang='lat' dir='ltr'>tunc</span> 
     </span>
    </p>
   </div>
   <div class='ocr_carea' id='block_1_61' title="bbox 2087 2795 3750 2869">
    <p class='ocr_par' dir='ltr' id='par_1_61' title="bbox 2087 2795 3750 2869">
     <span class='ocr_line' id='line_1_61' title="bbox 2087 2795 3750 2869; baseline 0.002 -18"><span class='ocrx_word' id='word_1_441' title='bbox 2087 2795 2459 2853; x_wconf 89' lang='lat' dir='ltr'>dementiam</span> <span class='ocrx_word' id='word_1_442' title='bbox 2480 2802 2651 2853; x_wconf 88' lang='lat' dir='ltr'>tuam</span> <span class='ocrx_word' id='word_1_443' title='bbox 2669 2795 2989 2868; x_wconf 87' lang='lat' dir='ltr'>intelliges;</span> <span class='ocrx_word' id='word_1_444' title='bbox 3009 2801 3151 2855; x_wconf 91' lang='lat' dir='ltr'>tunc</span> <span class='ocrx_word' id='word_1_445' title='bbox 3170 2796 3404 2869; x_wconf 87' lang='lat' dir='ltr'>legibus</span> <span class='ocrx_word' id='word_1_446' title='bbox 3421 2796 3750 2868; x_wconf 88' lang='lat' dir='ltr'>stultitiam,</span> 
     </span>
    </p>
   </div>
   <div class='ocr_carea' id='block_1_62' title="bbox 2088 2885 3754 2962">
    <p class='ocr_par' dir='ltr' id='par_1_62' title="bbox 2088 2885 3754 2962">
     <span class='ocr_line' id='line_1_62' title="bbox 2088 2885 3754 2962; baseline 0.001 -19"><span class='ocrx_word' id='word_1_447' title='bbox 2088 2885 2253 2958; x_wconf 89' lang='lat' dir='ltr'>quod</span> <span class='ocrx_word' id='word_1_448' title='bbox 2282 2889 2654 2959; x_wconf 83' lang='lat' dir='ltr'>praeceptum</span> <span class='ocrx_word' id='word_1_449' title='bbox 2680 2885 2983 2942; x_wconf 82' lang='lat' dir='ltr'>distuleris</span> <span class='ocrx_word' id='word_1_450' title='bbox 3014 2886 3077 2943; x_wconf 90' lang='lat' dir='ltr'>in</span> <span class='ocrx_word' id='word_1_451' title='bbox 3101 2886 3221 2944; x_wconf 89' lang='lat' dir='ltr'>hoc</span> <span class='ocrx_word' id='word_1_452' title='bbox 3252 2890 3509 2960; x_wconf 88' lang='lat' dir='ltr'>tempus,</span> <span class='ocrx_word' id='word_1_453' title='bbox 3533 2903 3656 2962; x_wconf 92' lang='lat' dir='ltr'>quo</span> <span class='ocrx_word' id='word_1_454' title='bbox 3688 2890 3754 2944; x_wconf 92' lang='lat' dir='ltr'>ut</span> 
     </span>
    </p>
   </div>
   <div class='ocr_carea' id='block_1_63' title="bbox 2072 2974 3751 3046">
    <p class='ocr_par' dir='ltr' id='par_1_63' title="bbox 2072 2974 3751 3046">
     <span class='ocr_line' id='line_1_63' title="bbox 2072 2974 3751 3046; baseline 0 -13"><span class='ocrx_word' id='word_1_455' title='bbox 2072 2974 2294 3046; x_wconf 86' lang='lat' dir='ltr'>.lingua</span> <span class='ocrx_word' id='word_1_456' title='bbox 2321 2974 2658 3042; x_wconf 88' lang='lat' dir='ltr'>resolvitur,</span> <span class='ocrx_word' id='word_1_457' title='bbox 2682 2975 2764 3032; x_wconf 87' lang='lat' dir='ltr'>ita</span> <span class='ocrx_word' id='word_1_458' title='bbox 2793 2990 3016 3033; x_wconf 86' lang='lat' dir='ltr'>manus</span> <span class='ocrx_word' id='word_1_459' title='bbox 3048 2975 3306 3034; x_wconf 88' lang='lat' dir='ltr'>tremula</span> <span class='ocrx_word' id='word_1_460' title='bbox 3331 2976 3751 3035; x_wconf 86' lang='lat' dir='ltr'>contractioni-</span> 
     </span>
    </p>
   </div>
   <div class='ocr_carea' id='block_1_64' title="bbox 365 3064 1973 3148">
    <p class='ocr_par' dir='ltr' id='par_1_64' title="bbox 365 3064 1973 3143">
     <span class='ocr_line' id='line_1_64' title="bbox 365 3064 1973 3143; baseline -0.001 -19"><span class='ocrx_word' id='word_1_461' title='bbox 365 3077 592 3131; x_wconf 71' lang='grc' dir='ltr'>ποιῆσαι</span> <span class='ocrx_word' id='word_1_462' title='bbox 619 3074 713 3129; x_wconf 78' lang='grc' dir='ltr'>την</span> <span class='ocrx_word' id='word_1_463' title='bbox 741 3075 954 3143; x_wconf 82' lang='grc' dir='ltr'>γνώμην</span> <span class='ocrx_word' id='word_1_464' title='bbox 978 3090 991 3104; x_wconf 80' lang='grc' dir='ltr'>ο</span> <span class='ocrx_word' id='word_1_465' title='bbox 1024 3074 1125 3143; x_wconf 85' lang='grc' dir='ltr'>μία</span> <span class='ocrx_word' id='word_1_466' title='bbox 1153 3074 1380 3143; x_wconf 80' lang='grc' dir='ltr'>σφραγὶς</span> <span class='ocrx_word' id='word_1_467' title='bbox 1404 3070 1849 3143; x_wconf 85' lang='grc' dir='ltr'>παραποιηθείσα,</span> <span class='ocrx_word' id='word_1_468' title='bbox 1880 3064 1973 3122; x_wconf 83' lang='grc' dir='ltr'>δύο</span> 
     </span>
    </p>
   </div>
   <div class='ocr_carea' id='block_1_65' title="bbox 2089 3064 3748 3148">
    <p class='ocr_par' dir='ltr' id='par_1_65' title="bbox 2089 3064 3748 3141">
     <span class='ocr_line' id='line_1_65' title="bbox 2089 3064 3748 3141; baseline 0.002 -19"><span class='ocrx_word' id='word_1_469' title='bbox 2089 3065 2204 3122; x_wconf 91' lang='lat' dir='ltr'>bus</span> <span class='ocrx_word' id='word_1_470' title='bbox 2244 3064 2376 3137; x_wconf 89' lang='lat' dir='ltr'>jam</span> <span class='ocrx_word' id='word_1_471' title='bbox 2407 3069 2873 3138; x_wconf 89' lang='lat' dir='ltr'>conquassatur,</span> <span class='ocrx_word' id='word_1_472' title='bbox 2907 3065 2992 3121; x_wconf 91' lang='lat' dir='ltr'>sic</span> <span class='ocrx_word' id='word_1_473' title='bbox 3032 3070 3097 3123; x_wconf 88' lang='lat' dir='ltr'>ut</span> <span class='ocrx_word' id='word_1_474' title='bbox 3130 3082 3331 3140; x_wconf 90' lang='lat' dir='ltr'>neque</span> <span class='ocrx_word' id='word_1_475' title='bbox 3358 3082 3522 3131; x_wconf 82' lang='lat' dir='ltr'>voce,</span> <span class='ocrx_word' id='word_1_476' title='bbox 3549 3082 3748 3141; x_wconf 89' lang='lat' dir='ltr'>neque</span> 
     </span>
    </p>
   </div>
   <div class='ocr_carea' id='block_1_66' title="bbox 364 3155 1978 3235">
    <p class='ocr_par' dir='ltr' id='par_1_66' title="bbox 364 3155 1978 3235">
     <span class='ocr_line' id='line_1_66' title="bbox 364 3155 1978 3235; baseline -0.001 -22"><span class='ocrx_word' id='word_1_477' title='bbox 364 3160 398 3219; x_wconf 72' lang='grc' dir='ltr'>ἡ</span> <span class='ocrx_word' id='word_1_478' title='bbox 430 3166 569 3235; x_wconf 79' lang='grc' dir='ltr'>τρεῖς</span> <span class='ocrx_word' id='word_1_479' title='bbox 596 3159 858 3235; x_wconf 82' lang='grc' dir='ltr'>μάρτυρες</span> <span class='ocrx_word' id='word_1_480' title='bbox 881 3155 1084 3228; x_wconf 81' lang='grc' dir='ltr'>ἄδικοι,</span> <span class='ocrx_word' id='word_1_481' title='bbox 1108 3157 1220 3214; x_wconf 84' lang='grc' dir='ltr'>ὅλον</span> <span class='ocrx_word' id='word_1_482' title='bbox 1245 3155 1307 3211; x_wconf 75' lang='grc' dir='ltr'>ἂν</span> <span class='ocrx_word' id='word_1_483' title='bbox 1332 3161 1420 3212; x_wconf 86' lang='grc' dir='ltr'>τὸν</span> <span class='ocrx_word' id='word_1_484' title='bbox 1448 3158 1639 3233; x_wconf 74' lang='grc' dir='ltr'>κλῆρον</span> <span class='ocrx_word' id='word_1_485' title='bbox 1666 3157 1739 3230; x_wconf 74' lang='grc' dir='ltr'>ἐφ’</span> <span class='ocrx_word' id='word_1_486' title='bbox 1772 3157 1978 3233; x_wconf 70' lang='grc' dir='ltr'>ἑτέρους</span> 
     </span>
    </p>
   </div>
   <div class='ocr_carea' id='block_1_67' title="bbox 369 3253 707 3324">
    <p class='ocr_par' dir='ltr' id='par_1_67' title="bbox 369 3253 707 3324">
     <span class='ocr_line' id='line_1_67' title="bbox 369 3253 707 3324; baseline 0.006 -23"><span class='ocrx_word' id='word_1_487' title='bbox 369 3253 707 3324; x_wconf 66' lang='grc' dir='ltr'>μετήνεγκαν.</span> 
     </span>
    </p>
   </div>
   <div class='ocr_carea' id='block_1_68' title="bbox 2082 3153 3750 3227">
    <p class='ocr_par' dir='ltr' id='par_1_68' title="bbox 2082 3153 3750 3227">
     <span class='ocr_line' id='line_1_68' title="bbox 2082 3153 3750 3227; baseline 0.001 -15"><span class='ocrx_word' id='word_1_488' title='bbox 2082 3154 2289 3213; x_wconf 84' lang='lat' dir='ltr'>litteris</span> <span class='ocrx_word' id='word_1_489' title='bbox 2319 3154 2553 3227; x_wconf 89' lang='lat' dir='ltr'>aperire</span> <span class='ocrx_word' id='word_1_490' title='bbox 2587 3153 2861 3212; x_wconf 89' lang='lat' dir='ltr'>animum</span> <span class='ocrx_word' id='word_1_491' title='bbox 2888 3170 3099 3227; x_wconf 89' lang='lat' dir='ltr'>queas.</span> <span class='ocrx_word' id='word_1_492' title='bbox 3140 3158 3270 3213; x_wconf 90' lang='lat' dir='ltr'>lmo</span> <span class='ocrx_word' id='word_1_493' title='bbox 3313 3154 3549 3214; x_wconf 89' lang='lat' dir='ltr'>etiamsi</span> <span class='ocrx_word' id='word_1_494' title='bbox 3589 3155 3750 3213; x_wconf 88' lang='lat' dir='ltr'>clare</span> 
     </span>
    </p>
   </div>
   <div class='ocr_carea' id='block_1_69' title="bbox 2085 3244 3747 3320">
    <p class='ocr_par' dir='ltr' id='par_1_69' title="bbox 2085 3244 3747 3320">
     <span class='ocr_line' id='line_1_69' title="bbox 2085 3244 3747 3320; baseline 0.001 -18"><span class='ocrx_word' id='word_1_495' title='bbox 2085 3244 2309 3318; x_wconf 87' lang='lat' dir='ltr'>scripta</span> <span class='ocrx_word' id='word_1_496' title='bbox 2338 3248 2543 3302; x_wconf 88' lang='lat' dir='ltr'>essent</span> <span class='ocrx_word' id='word_1_497' title='bbox 2562 3246 2790 3315; x_wconf 87' lang='lat' dir='ltr'>omnia,</span> <span class='ocrx_word' id='word_1_498' title='bbox 2812 3246 3102 3320; x_wconf 91' lang='lat' dir='ltr'>omnique</span> <span class='ocrx_word' id='word_1_499' title='bbox 3122 3262 3242 3304; x_wconf 86' lang='lat' dir='ltr'>vox</span> <span class='ocrx_word' id='word_1_500' title='bbox 3270 3245 3533 3304; x_wconf 89' lang='lat' dir='ltr'>dilucide</span> <span class='ocrx_word' id='word_1_501' title='bbox 3559 3261 3747 3304; x_wconf 86' lang='lat' dir='ltr'>enun-</span> 
     </span>
    </p>
   </div>
   <div class='ocr_carea' id='block_1_70' title="bbox 363 3334 3742 3411">
    <p class='ocr_par' dir='ltr' id='par_1_70' title="bbox 363 3334 3742 3411">
     <span class='ocr_line' id='line_1_70' title="bbox 363 3334 3742 3411; baseline -0.001 -14"><span class='ocrx_word' id='word_1_502' title='bbox 363 3338 633 3410; x_wconf 86' lang='lat' dir='ltr'>tiaretur,</span> <span class='ocrx_word' id='word_1_503' title='bbox 675 3344 885 3397; x_wconf 84' lang='lat' dir='ltr'>tamen</span> <span class='ocrx_word' id='word_1_504' title='bbox 927 3353 1051 3396; x_wconf 86' lang='lat' dir='ltr'>una</span> <span class='ocrx_word' id='word_1_505' title='bbox 1078 3336 1275 3396; x_wconf 83' lang='lat' dir='ltr'>littera</span> <span class='ocrx_word' id='word_1_506' title='bbox 1314 3336 1671 3411; x_wconf 86' lang='lat' dir='ltr'>interposita</span> <span class='ocrx_word' id='word_1_507' title='bbox 1717 3352 1902 3397; x_wconf 89' lang='lat' dir='ltr'>omne</span> <span class='ocrx_word' id='word_1_508' title='bbox 1929 3340 2106 3395; x_wconf 88' lang='lat' dir='ltr'>tuum</span> <span class='ocrx_word' id='word_1_509' title='bbox 2139 3334 2461 3392; x_wconf 90' lang='lat' dir='ltr'>consilium</span> <span class='ocrx_word' id='word_1_510' title='bbox 2502 3339 2914 3394; x_wconf 88' lang='lat' dir='ltr'>transmutare</span> <span class='ocrx_word' id='word_1_511' title='bbox 2959 3342 3204 3411; x_wconf 91' lang='lat' dir='ltr'>posset;</span> <span class='ocrx_word' id='word_1_512' title='bbox 3246 3337 3497 3395; x_wconf 90' lang='lat' dir='ltr'>unicum</span> <span class='ocrx_word' id='word_1_513' title='bbox 3534 3336 3742 3395; x_wconf 88' lang='lat' dir='ltr'>itidem</span> 
     </span>
    </p>
   </div>
   <div class='ocr_carea' id='block_1_71' title="bbox 360 3423 3461 3501">
    <p class='ocr_par' dir='ltr' id='par_1_71' title="bbox 360 3423 3461 3501">
     <span class='ocr_line' id='line_1_71' title="bbox 360 3423 3461 3501; baseline 0 -16"><span class='ocrx_word' id='word_1_514' title='bbox 360 3427 628 3501; x_wconf 85' lang='lat' dir='ltr'>sigillum</span> <span class='ocrx_word' id='word_1_515' title='bbox 658 3426 1089 3499; x_wconf 85' lang='lat' dir='ltr'>adulteratum,</span> <span class='ocrx_word' id='word_1_516' title='bbox 1120 3427 1246 3485; x_wconf 89' lang='lat' dir='ltr'>duo</span> <span class='ocrx_word' id='word_1_517' title='bbox 1272 3431 1378 3485; x_wconf 88' lang='lat' dir='ltr'>aut</span> <span class='ocrx_word' id='word_1_518' title='bbox 1407 3431 1528 3484; x_wconf 87' lang='lat' dir='ltr'>tres</span> <span class='ocrx_word' id='word_1_519' title='bbox 1560 3426 1838 3485; x_wconf 85' lang='lat' dir='ltr'>scelerati</span> <span class='ocrx_word' id='word_1_520' title='bbox 1862 3429 2066 3495; x_wconf 87' lang='lat' dir='ltr'>testes,</span> <span class='ocrx_word' id='word_1_521' title='bbox 2098 3429 2288 3483; x_wconf 87' lang='lat' dir='ltr'>totam</span> <span class='ocrx_word' id='word_1_522' title='bbox 2319 3425 2397 3484; x_wconf 85' lang='lat' dir='ltr'>ad</span> <span class='ocrx_word' id='word_1_523' title='bbox 2425 3423 2577 3483; x_wconf 88' lang='lat' dir='ltr'>alios</span> <span class='ocrx_word' id='word_1_524' title='bbox 2607 3425 2999 3484; x_wconf 77' lang='lat' dir='ltr'>transferrent</span> <span class='ocrx_word' id='word_1_525' title='bbox 3025 3426 3461 3486; x_wconf 68' lang='lat' dir='ltr'>hwreditatem.</span> 
     </span>
    </p>
   </div>
   <div class='ocr_carea' id='block_1_72' title="bbox 433 3511 1971 3590">
    <p class='ocr_par' dir='ltr' id='par_1_72' title="bbox 433 3511 1971 3590">
     <span class='ocr_line' id='line_1_72' title="bbox 433 3511 1971 3590; baseline -0.003 -16"><span class='ocrx_word' id='word_1_526' title='bbox 433 3522 490 3576; x_wconf 81' lang='lat'>9.</span> <span class='ocrx_word' id='word_1_527' title='bbox 528 3521 593 3571; x_wconf 91' lang='grc' dir='ltr'>Τί</span> <span class='ocrx_word' id='word_1_528' title='bbox 622 3514 710 3570; x_wconf 86' lang='grc' dir='ltr'>οὖν</span> <span class='ocrx_word' id='word_1_529' title='bbox 735 3519 954 3573; x_wconf 80' lang='grc' dir='ltr'>σεαυτὸν</span> <span class='ocrx_word' id='word_1_530' title='bbox 983 3515 1265 3589; x_wconf 81' lang='grc' dir='ltr'>έξαπατᾷς,</span> <span class='ocrx_word' id='word_1_531' title='bbox 1292 3524 1380 3569; x_wconf 81' lang='grc' dir='ltr'>νῦν</span> <span class='ocrx_word' id='word_1_532' title='bbox 1529 3524 1706 3578; x_wconf 76' lang='grc' dir='ltr'>κακῶς</span> <span class='ocrx_word' id='word_1_533' title='bbox 1734 3517 1806 3579; x_wconf 83' lang='grc' dir='ltr'>εἰς</span> <span class='ocrx_word' id='word_1_534' title='bbox 1835 3511 1971 3569; x_wconf 81' lang='grc' dir='ltr'>ἀπό-</span> 
     </span>
    </p>
   </div>
   <div class='ocr_carea' id='block_1_73' title="bbox 360 3602 1972 3683">
    <p class='ocr_par' dir='ltr' id='par_1_73' title="bbox 360 3602 1972 3683">
     <span class='ocr_line' id='line_1_73' title="bbox 360 3602 1972 3683; baseline -0.003 -21"><span class='ocrx_word' id='word_1_535' title='bbox 360 3605 550 3662; x_wconf 86' lang='grc' dir='ltr'>λαυσιν</span> <span class='ocrx_word' id='word_1_536' title='bbox 603 3609 801 3683; x_wconf 76' lang='grc' dir='ltr'>σαρκὸς</span> <span class='ocrx_word' id='word_1_537' title='bbox 853 3608 941 3661; x_wconf 83' lang='grc' dir='ltr'>τὸν</span> <span class='ocrx_word' id='word_1_538' title='bbox 996 3605 1217 3660; x_wconf 84' lang='grc' dir='ltr'>πλοῦτον</span> <span class='ocrx_word' id='word_1_539' title='bbox 1272 3602 1629 3681; x_wconf 82' lang='grc' dir='ltr'>διατιθέμενος</span> <span class='ocrx_word' id='word_1_540' title='bbox 1653 3647 1668 3674; x_wconf 96' lang='grc'>,</span> <span class='ocrx_word' id='word_1_541' title='bbox 1722 3603 1972 3677; x_wconf 73' lang='grc' dir='ltr'>ἐπαγγελ-</span> 
     </span>
    </p>
   </div>
   <div class='ocr_carea' id='block_1_74' title="bbox 361 3693 1973 3771">
    <p class='ocr_par' dir='ltr' id='par_1_74' title="bbox 361 3693 1973 3771">
     <span class='ocr_line' id='line_1_74' title="bbox 361 3693 1973 3771; baseline -0.003 -20"><span class='ocrx_word' id='word_1_542' title='bbox 361 3697 573 3771; x_wconf 88' lang='grc' dir='ltr'>λόμενος</span> <span class='ocrx_word' id='word_1_543' title='bbox 613 3693 672 3750; x_wconf 70' lang='grc' dir='ltr'>δι</span> <span class='ocrx_word' id='word_1_544' title='bbox 717 3697 791 3761; x_wconf 81' lang='grc' dir='ltr'>εἰς</span> <span class='ocrx_word' id='word_1_545' title='bbox 831 3697 1047 3771; x_wconf 79' lang='grc' dir='ltr'>ὕστερον</span> <span class='ocrx_word' id='word_1_546' title='bbox 1095 3697 1163 3748; x_wconf 82' lang='grc' dir='ltr'>ὧν</span> <span class='ocrx_word' id='word_1_547' title='bbox 1210 3695 1385 3750; x_wconf 78' lang='grc' dir='ltr'>οὐκέτι</span> <span class='ocrx_word' id='word_1_548' title='bbox 1432 3698 1514 3768; x_wconf 68' lang='grc' dir='ltr'>ἕνῃ</span> <span class='ocrx_word' id='word_1_549' title='bbox 1568 3697 1784 3770; x_wconf 73' lang='grc' dir='ltr'>κύριος;</span> <span class='ocrx_word' id='word_1_550' title='bbox 1814 3693 1903 3757; x_wconf 78' lang='grc' dir='ltr'>Ὠς</span> <span class='ocrx_word' id='word_1_551' title='bbox 1945 3695 1973 3746; x_wconf 87' lang='grc' dir='ltr'>ό</span> 
     </span>
    </p>
   </div>
   <div class='ocr_carea' id='block_1_75' title="bbox 361 3782 1974 3861">
    <p class='ocr_par' dir='ltr' id='par_1_75' title="bbox 361 3782 1974 3861">
     <span class='ocr_line' id='line_1_75' title="bbox 361 3782 1974 3861; baseline -0.002 -21"><span class='ocrx_word' id='word_1_552' title='bbox 361 3786 513 3859; x_wconf 85' lang='grc' dir='ltr'>λόγος</span> <span class='ocrx_word' id='word_1_553' title='bbox 560 3782 742 3855; x_wconf 75' lang='grc' dir='ltr'>ἔδειξε,</span> <span class='ocrx_word' id='word_1_554' title='bbox 792 3788 998 3861; x_wconf 77' lang='grc' dir='ltr'>πονηρὰ</span> <span class='ocrx_word' id='word_1_555' title='bbox 1039 3787 1069 3845; x_wconf 85' lang='grc' dir='ltr'><strong>ἠ</strong></span> <span class='ocrx_word' id='word_1_556' title='bbox 1119 3783 1284 3859; x_wconf 82' lang='grc' dir='ltr'>βουλή</span> <span class='ocrx_word' id='word_1_557' title='bbox 1312 3826 1326 3841; x_wconf 93' lang='grc'>.</span> <span class='ocrx_word' id='word_1_558' title='bbox 1375 3785 1477 3846; x_wconf 83' lang='grc' dir='ltr'>ζῶν</span> <span class='ocrx_word' id='word_1_559' title='bbox 1526 3786 1637 3858; x_wconf 66' lang='grc' dir='ltr'>μὶν,</span> <span class='ocrx_word' id='word_1_560' title='bbox 1691 3782 1974 3839; x_wconf 76' lang='grc' dir='ltr'>ἀπολαύσω</span> 
     </span>
    </p>
   </div>
   <div class='ocr_carea' id='block_1_76' title="bbox 364 3870 1970 3950">
    <p class='ocr_par' dir='ltr' id='par_1_76' title="bbox 364 3870 1970 3950">
     <span class='ocr_line' id='line_1_76' title="bbox 364 3870 1970 3950; baseline -0.001 -21"><span class='ocrx_word' id='word_1_561' title='bbox 364 3884 465 3929; x_wconf 85' lang='grc' dir='ltr'>τῶν</span> <span class='ocrx_word' id='word_1_562' title='bbox 511 3873 713 3935; x_wconf 80' lang='grc' dir='ltr'>ἡδονῶν</span> <span class='ocrx_word' id='word_1_563' title='bbox 737 3895 751 3911; x_wconf 81' lang='grc' dir='ltr'><strong><em>ο</em></strong></span> <span class='ocrx_word' id='word_1_564' title='bbox 781 3874 1054 3929; x_wconf 78' lang='grc' dir='ltr'>ἀποθανὼν</span> <span class='ocrx_word' id='word_1_565' title='bbox 1101 3871 1180 3945; x_wconf 76' lang='grc' dir='ltr'>δε,</span> <span class='ocrx_word' id='word_1_566' title='bbox 1230 3874 1414 3950; x_wconf 81' lang='grc' dir='ltr'>πράξω</span> <span class='ocrx_word' id='word_1_567' title='bbox 1460 3876 1528 3927; x_wconf 80' lang='grc' dir='ltr'>τὰ</span> <span class='ocrx_word' id='word_1_568' title='bbox 1571 3870 1970 3947; x_wconf 76' lang='grc' dir='ltr'>διατεταγμένα.</span> 
     </span>
    </p>
   </div>
   <div class='ocr_carea' id='block_1_77' title="bbox 368 3959 1975 4041">
    <p class='ocr_par' dir='ltr' id='par_1_77' title="bbox 368 3959 1975 4041">
     <span class='ocr_line' id='line_1_77' title="bbox 368 3959 1975 4041; baseline -0.003 -22"><span class='ocrx_word' id='word_1_569' title='bbox 368 3965 504 4041; x_wconf 86' lang='grc' dir='ltr'>Ἐρεί</span> <span class='ocrx_word' id='word_1_570' title='bbox 547 3970 638 4019; x_wconf 86' lang='grc' dir='ltr'>καὶ</span> <span class='ocrx_word' id='word_1_571' title='bbox 687 3970 772 4019; x_wconf 84' lang='grc' dir='ltr'>σοὶ</span> <span class='ocrx_word' id='word_1_572' title='bbox 812 3963 1090 4041; x_wconf 74' lang='grc' dir='ltr'>Ἀϐραάμο</span> <span class='ocrx_word' id='word_1_573' title='bbox 1138 3963 1418 4027; x_wconf 81' lang='grc' dir='ltr'>Ἀπέλαϐες</span> <span class='ocrx_word' id='word_1_574' title='bbox 1463 3966 1532 4017; x_wconf 79' lang='grc' dir='ltr'>τὰ</span> <span class='ocrx_word' id='word_1_575' title='bbox 1580 3962 1751 4036; x_wconf 80' lang='grc' dir='ltr'>ἀγαθά</span> <span class='ocrx_word' id='word_1_576' title='bbox 1791 3981 1886 4017; x_wconf 89' lang='grc' dir='ltr'>σου</span> <span class='ocrx_word' id='word_1_577' title='bbox 1926 3959 1975 4014; x_wconf 78' lang='grc' dir='ltr'>έν</span> 
     </span>
    </p>
   </div>
   <div class='ocr_carea' id='block_1_78' title="bbox 371 4050 1973 4128">
    <p class='ocr_par' dir='ltr' id='par_1_78' title="bbox 371 4050 1973 4128">
     <span class='ocr_line' id='line_1_78' title="bbox 371 4050 1973 4128; baseline -0.002 -21"><span class='ocrx_word' id='word_1_578' title='bbox 371 4059 434 4128; x_wconf 76' lang='grc' dir='ltr'>τῇ</span> <span class='ocrx_word' id='word_1_579' title='bbox 488 4054 594 4127; x_wconf 81' lang='grc' dir='ltr'>ζωῇ</span> <span class='ocrx_word' id='word_1_580' title='bbox 645 4073 762 4109; x_wconf 86' lang='grc' dir='ltr'>σου.</span> <span class='ocrx_word' id='word_1_581' title='bbox 797 4054 873 4107; x_wconf 81' lang='lat' dir='ltr'>Ou’</span> <span class='ocrx_word' id='word_1_582' title='bbox 906 4050 1126 4126; x_wconf 79' lang='grc' dir='ltr'>δέχεταί</span> <span class='ocrx_word' id='word_1_583' title='bbox 1158 4072 1216 4108; x_wconf 90' lang='grc' dir='ltr'>σε</span> <span class='ocrx_word' id='word_1_584' title='bbox 1258 4054 1289 4112; x_wconf 81' lang='grc' dir='ltr'><strong>ἠ</strong></span> <span class='ocrx_word' id='word_1_585' title='bbox 1339 4057 1488 4111; x_wconf 77' lang='grc' dir='ltr'>στενὴ</span> <span class='ocrx_word' id='word_1_586' title='bbox 1535 4058 1625 4106; x_wconf 80' lang='grc' dir='ltr'>καὶ</span> <span class='ocrx_word' id='word_1_587' title='bbox 1666 4051 1973 4125; x_wconf 80' lang='grc' dir='ltr'>τεθλιμμένη</span> 
     </span>
    </p>
   </div>
   <div class='ocr_carea' id='block_1_79' title="bbox 368 4139 1978 4218">
    <p class='ocr_par' dir='ltr' id='par_1_79' title="bbox 368 4139 1978 4218">
     <span class='ocr_line' id='line_1_79' title="bbox 368 4139 1978 4218; baseline 0.003 -23"><span class='ocrx_word' id='word_1_588' title='bbox 368 4139 513 4211; x_wconf 86' lang='grc' dir='ltr'>όδός,</span> <span class='ocrx_word' id='word_1_589' title='bbox 557 4146 645 4197; x_wconf 87' lang='grc' dir='ltr'>τόν</span> <span class='ocrx_word' id='word_1_590' title='bbox 687 4147 840 4216; x_wconf 74' lang='grc' dir='ltr'>ὄγκον</span> <span class='ocrx_word' id='word_1_591' title='bbox 892 4151 985 4197; x_wconf 80' lang='grc' dir='ltr'>τοῦ</span> <span class='ocrx_word' id='word_1_592' title='bbox 1028 4142 1256 4197; x_wconf 81' lang='grc' dir='ltr'>πλούτου</span> <span class='ocrx_word' id='word_1_593' title='bbox 1304 4146 1375 4218; x_wconf 74' lang='grc' dir='ltr'>μὴ</span> <span class='ocrx_word' id='word_1_594' title='bbox 1429 4140 1793 4215; x_wconf 79' lang='grc' dir='ltr'>ἀποτιθέμενον</span> <span class='ocrx_word' id='word_1_595' title='bbox 1842 4141 1978 4213; x_wconf 82' lang='grc'>(48).</span> 
     </span>
    </p>
   </div>
   <div class='ocr_carea' id='block_1_80' title="bbox 369 4229 1980 4307">
    <p class='ocr_par' dir='ltr' id='par_1_80' title="bbox 369 4229 1980 4307">
     <span class='ocr_line' id='line_1_80' title="bbox 369 4229 1980 4307; baseline 0.004 -22"><span class='ocrx_word' id='word_1_596' title='bbox 369 4233 652 4294; x_wconf 78' lang='grc' dir='ltr'>Βαστάζων</span> <span class='ocrx_word' id='word_1_597' title='bbox 698 4232 854 4289; x_wconf 75' lang='grc' dir='ltr'>αὐτὸν</span> <span class='ocrx_word' id='word_1_598' title='bbox 912 4231 1120 4297; x_wconf 76' lang='grc' dir='ltr'>ἐξῆλθες</span> <span class='ocrx_word' id='word_1_599' title='bbox 1148 4252 1161 4266; x_wconf 91' lang='grc'><strong>·</strong></span> <span class='ocrx_word' id='word_1_600' title='bbox 1218 4236 1291 4306; x_wconf 77' lang='grc' dir='ltr'>μὴ</span> <span class='ocrx_word' id='word_1_601' title='bbox 1348 4234 1450 4306; x_wconf 85' lang='grc' dir='ltr'>γὰρ</span> <span class='ocrx_word' id='word_1_602' title='bbox 1510 4229 1841 4307; x_wconf 77' lang='grc' dir='ltr'>ἀπέρριψας,</span> <span class='ocrx_word' id='word_1_603' title='bbox 1909 4232 1980 4291; x_wconf 85' lang='grc' dir='ltr'>ὡς</span> 
     </span>
    </p>
   </div>
   <div class='ocr_carea' id='block_1_81' title="bbox 368 4318 1978 4397">
    <p class='ocr_par' dir='ltr' id='par_1_81' title="bbox 368 4318 1978 4397">
     <span class='ocr_line' id='line_1_81' title="bbox 368 4318 1978 4397; baseline -0.002 -21"><span class='ocrx_word' id='word_1_604' title='bbox 368 4323 766 4397; x_wconf 79' lang='grc' dir='ltr'>προσετάχθης,</span> <span class='ocrx_word' id='word_1_605' title='bbox 806 4320 930 4376; x_wconf 83' lang='grc' dir='ltr'>Ὀτε</span> <span class='ocrx_word' id='word_1_606' title='bbox 977 4322 1120 4389; x_wconf 78' lang='grc' dir='ltr'>ἔζης,</span> <span class='ocrx_word' id='word_1_607' title='bbox 1184 4324 1401 4375; x_wconf 85' lang='grc' dir='ltr'>σεαυτόν</span> <span class='ocrx_word' id='word_1_608' title='bbox 1454 4328 1549 4383; x_wconf 84' lang='grc' dir='ltr'>τῆς</span> <span class='ocrx_word' id='word_1_609' title='bbox 1597 4318 1804 4383; x_wconf 69' lang='grc' dir='ltr'>ἐντολῆς</span> <span class='ocrx_word' id='word_1_610' title='bbox 1844 4339 1978 4394; x_wconf 89' lang='grc' dir='ltr'>προ-</span> 
     </span>
    </p>
   </div>
   <div class='ocr_carea' id='block_1_82' title="bbox 370 4405 1980 4484">
    <p class='ocr_par' dir='ltr' id='par_1_82' title="bbox 370 4405 1980 4484">
     <span class='ocr_line' id='line_1_82' title="bbox 370 4405 1980 4484; baseline -0.004 -18"><span class='ocrx_word' id='word_1_611' title='bbox 370 4414 547 4474; x_wconf 86' lang='grc' dir='ltr'>ετίθης</span> <span class='ocrx_word' id='word_1_612' title='bbox 570 4432 583 4446; x_wconf 80' lang='grc' dir='ltr'><strong><em>ο</em></strong></span> <span class='ocrx_word' id='word_1_613' title='bbox 614 4413 746 4484; x_wconf 84' lang='grc' dir='ltr'>μετὰ</span> <span class='ocrx_word' id='word_1_614' title='bbox 790 4413 877 4462; x_wconf 89' lang='grc' dir='ltr'>τόν</span> <span class='ocrx_word' id='word_1_615' title='bbox 928 4412 1145 4463; x_wconf 83' lang='grc' dir='ltr'>θάνατον</span> <span class='ocrx_word' id='word_1_616' title='bbox 1173 4413 1266 4463; x_wconf 76' lang='grc' dir='ltr'>καὶ</span> <span class='ocrx_word' id='word_1_617' title='bbox 1308 4413 1403 4469; x_wconf 71' lang='grc' dir='ltr'>τὴν</span> <span class='ocrx_word' id='word_1_618' title='bbox 1449 4405 1715 4478; x_wconf 79' lang='grc' dir='ltr'>διάλυσιν,</span> <span class='ocrx_word' id='word_1_619' title='bbox 1742 4414 1858 4463; x_wconf 87' lang='grc' dir='ltr'>τότε</span> <span class='ocrx_word' id='word_1_620' title='bbox 1885 4413 1980 4468; x_wconf 81' lang='grc' dir='ltr'>τὴν</span> 
     </span>
    </p>
   </div>
   <div class='ocr_carea' id='block_1_83' title="bbox 370 4497 1979 4575">
    <p class='ocr_par' dir='ltr' id='par_1_83' title="bbox 370 4497 1979 4575">
     <span class='ocr_line' id='line_1_83' title="bbox 370 4497 1979 4575; baseline -0.002 -20"><span class='ocrx_word' id='word_1_621' title='bbox 370 4501 577 4562; x_wconf 75' lang='grc' dir='ltr'>έντολὴν</span> <span class='ocrx_word' id='word_1_622' title='bbox 617 4509 720 4555; x_wconf 83' lang='grc' dir='ltr'>τῶν</span> <span class='ocrx_word' id='word_1_623' title='bbox 764 4499 967 4575; x_wconf 71' lang='grc' dir='ltr'>ἐχθρῶν</span> <span class='ocrx_word' id='word_1_624' title='bbox 1015 4504 1396 4575; x_wconf 79' lang='grc' dir='ltr'>προετίμησας.</span> <span class='ocrx_word' id='word_1_625' title='bbox 1444 4498 1557 4554; x_wconf 81' lang='grc' dir='ltr'>Ἰνα</span> <span class='ocrx_word' id='word_1_626' title='bbox 1600 4501 1703 4574; x_wconf 85' lang='grc' dir='ltr'>γὰρ</span> <span class='ocrx_word' id='word_1_627' title='bbox 1743 4504 1814 4573; x_wconf 79' lang='grc' dir='ltr'>μὴ</span> <span class='ocrx_word' id='word_1_628' title='bbox 1846 4497 1979 4573; x_wconf 76' lang='grc' dir='ltr'>λάϐῃ</span> 
     </span>
    </p>
   </div>
   <div class='ocr_carea' id='block_1_84' title="bbox 371 4588 1983 4664">
    <p class='ocr_par' dir='ltr' id='par_1_84' title="bbox 371 4588 1983 4664">
     <span class='ocr_line' id='line_1_84' title="bbox 371 4588 1983 4664; baseline -0.002 -17"><span class='ocrx_word' id='word_1_629' title='bbox 371 4594 397 4646; x_wconf 88' lang='grc' dir='ltr'><strong>ὀ</strong></span> <span class='ocrx_word' id='word_1_630' title='bbox 443 4588 627 4661; x_wconf 86' lang='grc' dir='ltr'>δεῖνα,</span> <span class='ocrx_word' id='word_1_631' title='bbox 677 4590 913 4661; x_wconf 85' lang='grc' dir='ltr'>λαϐέτω,</span> <span class='ocrx_word' id='word_1_632' title='bbox 966 4595 1164 4664; x_wconf 78' lang='grc' dir='ltr'>φησὶν,</span> <span class='ocrx_word' id='word_1_633' title='bbox 1216 4592 1242 4644; x_wconf 89' lang='grc' dir='ltr'>ό</span> <span class='ocrx_word' id='word_1_634' title='bbox 1293 4593 1514 4663; x_wconf 79' lang='grc' dir='ltr'>Κύριος.</span> <span class='ocrx_word' id='word_1_635' title='bbox 1565 4593 1667 4649; x_wconf 74' lang='grc' dir='ltr'>Καὶ</span> <span class='ocrx_word' id='word_1_636' title='bbox 1720 4597 1874 4643; x_wconf 75' lang='grc' dir='ltr'>τοῦτο</span> <span class='ocrx_word' id='word_1_637' title='bbox 1931 4593 1983 4643; x_wconf 87' lang='grc' dir='ltr'>τί</span> 
     </span>
    </p>
   </div>
   <div class='ocr_carea' id='block_1_85' title="bbox 374 4676 1980 4755">
    <p class='ocr_par' dir='ltr' id='par_1_85' title="bbox 374 4676 1980 4755">
     <span class='ocr_line' id='line_1_85' title="bbox 374 4676 1980 4755; baseline -0.004 -19"><span class='ocrx_word' id='word_1_638' title='bbox 374 4685 629 4753; x_wconf 82' lang='grc' dir='ltr'>εἰπωμεν,</span> <span class='ocrx_word' id='word_1_639' title='bbox 677 4678 882 4755; x_wconf 78' lang='grc' dir='ltr'>έχθρων</span> <span class='ocrx_word' id='word_1_640' title='bbox 933 4681 1173 4753; x_wconf 84' lang='grc' dir='ltr'>ἄμυναν,</span> <span class='ocrx_word' id='word_1_641' title='bbox 1228 4679 1258 4739; x_wconf 78' lang='grc' dir='ltr'>ἢ</span> <span class='ocrx_word' id='word_1_642' title='bbox 1309 4686 1401 4733; x_wconf 81' lang='grc' dir='ltr'>τοῦ</span> <span class='ocrx_word' id='word_1_643' title='bbox 1449 4677 1671 4737; x_wconf 86' lang='grc' dir='ltr'>πλησίον</span> <span class='ocrx_word' id='word_1_644' title='bbox 1734 4676 1980 4751; x_wconf 78' lang='grc' dir='ltr'>ἀγάπην,</span> 
     </span>
    </p>
   </div>
   <div class='ocr_carea' id='block_1_86' title="bbox 375 4766 1407 4845">
    <p class='ocr_par' dir='ltr' id='par_1_86' title="bbox 375 4766 1407 4845">
     <span class='ocr_line' id='line_1_86' title="bbox 375 4766 1407 4845; baseline -0.002 -19"><span class='ocrx_word' id='word_1_645' title='bbox 375 4770 662 4845; x_wconf 79' lang='grc' dir='ltr'>’Δνάγνωθί</span> <span class='ocrx_word' id='word_1_646' title='bbox 744 4789 840 4825; x_wconf 87' lang='grc' dir='ltr'>σου</span> <span class='ocrx_word' id='word_1_647' title='bbox 927 4771 1023 4833; x_wconf 83' lang='grc' dir='ltr'>τὰς</span> <span class='ocrx_word' id='word_1_648' title='bbox 1116 4766 1407 4832; x_wconf 75' lang='grc' dir='ltr'>διαθήκας.</span> 
     </span>
    </p>
   </div>
   <div class='ocr_carea' id='block_1_87' title="bbox 449 4918 973 4987">
    <p class='ocr_par' dir='ltr' id='par_1_87' title="bbox 449 4918 973 4987">
     <span class='ocr_line' id='line_1_87' title="bbox 449 4918 973 4987; baseline -0.002 -12"><span class='ocrx_word' id='word_1_649' title='bbox 449 4918 497 4954; x_wconf 64' lang='grc'>³⁵</span> <span class='ocrx_word' id='word_1_650' title='bbox 537 4919 677 4984; x_wconf 85' lang='lat' dir='ltr'>Luc.</span> <span class='ocrx_word' id='word_1_651' title='bbox 719 4930 841 4987; x_wconf 76' lang='lat' dir='ltr'>xvr,</span> <span class='ocrx_word' id='word_1_652' title='bbox 883 4919 973 4981; x_wconf 79' lang='lat'>25.</span> 
     </span>
    </p>
   </div>
   <div class='ocr_carea' id='block_1_88' title="bbox 458 5071 1988 5154">
    <p class='ocr_par' dir='ltr' id='par_1_88' title="bbox 458 5071 1988 5154">
     <span class='ocr_line' id='line_1_88' title="bbox 458 5071 1988 5154; baseline -0.003 -21"><span class='ocrx_word' id='word_1_653' title='bbox 458 5078 570 5154; x_wconf 58' lang='lat'>(43)</span> <span class='ocrx_word' id='word_1_654' title='bbox 607 5080 747 5151; x_wconf 82' lang='lat' dir='ltr'>Reg.</span> <span class='ocrx_word' id='word_1_655' title='bbox 771 5079 1014 5154; x_wconf 77' lang='lat' dir='ltr'>primus</span> <span class='ocrx_word' id='word_1_656' title='bbox 1036 5073 1204 5154; x_wconf 80' lang='grc' dir='ltr'>δεῖξον</span> <span class='ocrx_word' id='word_1_657' title='bbox 1229 5079 1332 5153; x_wconf 80' lang='grc' dir='ltr'>γὰρ</span> <span class='ocrx_word' id='word_1_658' title='bbox 1364 5078 1508 5152; x_wconf 80' lang='grc' dir='ltr'>ἔργα,</span> <span class='ocrx_word' id='word_1_659' title='bbox 1540 5080 1631 5128; x_wconf 80' lang='grc' dir='ltr'>καὶ</span> <span class='ocrx_word' id='word_1_660' title='bbox 1658 5071 1865 5154; x_wconf 75' lang='grc' dir='ltr'>ἀπαίτει</span> <span class='ocrx_word' id='word_1_661' title='bbox 1896 5077 1988 5138; x_wconf 80' lang='grc' dir='ltr'>τὰς</span> 
     </span>
    </p>
   </div>
   <div class='ocr_carea' id='block_1_89' title="bbox 388 5144 1990 5232">
    <p class='ocr_par' dir='ltr' id='par_1_89' title="bbox 388 5144 1990 5232">
     <span class='ocr_line' id='line_1_89' title="bbox 388 5144 1990 5232; baseline 0.001 -32"><span class='ocrx_word' id='word_1_662' title='bbox 388 5144 723 5232; x_wconf 43' lang='lat' dir='ltr'>avaram;</span> <span class='ocrx_word' id='word_1_663' title='bbox 734 5144 1408 5232; x_wconf 34' lang='grc' dir='ltr'>νῷεοθωηδηλρνότιξιᾴῃεὲ</span> <span class='ocrx_word' id='word_1_664' title='bbox 1427 5144 1576 5205; x_wconf 79' lang='lat' dir='ltr'>mox</span> <span class='ocrx_word' id='word_1_665' title='bbox 1601 5147 1892 5221; x_wconf 89' lang='lat' dir='ltr'>sequitur,</span> <span class='ocrx_word' id='word_1_666' title='bbox 1916 5163 1990 5203; x_wconf 88' lang='lat' dir='ltr'>ex</span> 
     </span>
    </p>
   </div>
   <div class='ocr_carea' id='block_1_90' title="bbox 385 5219 1525 5280">
    <p class='ocr_par' dir='ltr' id='par_1_90' title="bbox 385 5219 1525 5280">
     <span class='ocr_line' id='line_1_90' title="bbox 385 5219 1525 5280; baseline -0.002 -3"><span class='ocrx_word' id='word_1_667' title='bbox 385 5219 590 5277; x_wconf 89' lang='lat' dir='ltr'>multis</span> <span class='ocrx_word' id='word_1_668' title='bbox 620 5223 924 5280; x_wconf 90' lang='lat' dir='ltr'>veteribus</span> <span class='ocrx_word' id='word_1_669' title='bbox 951 5221 1124 5278; x_wconf 91' lang='lat' dir='ltr'>libris</span> <span class='ocrx_word' id='word_1_670' title='bbox 1152 5219 1525 5279; x_wconf 72' lang='lat' dir='ltr'>addidimus.</span> 
     </span>
    </p>
   </div>
   <div class='ocr_carea' id='block_1_91' title="bbox 458 5288 1990 5366">
    <p class='ocr_par' dir='ltr' id='par_1_91' title="bbox 458 5288 1990 5366">
     <span class='ocr_line' id='line_1_91' title="bbox 458 5288 1990 5366; baseline -0.001 -19"><span class='ocrx_word' id='word_1_671' title='bbox 458 5293 565 5363; x_wconf 76' lang='grc'>(44)</span> <span class='ocrx_word' id='word_1_672' title='bbox 605 5293 780 5366; x_wconf 85' lang='lat' dir='ltr'>Illud,</span> <span class='ocrx_word' id='word_1_673' title='bbox 806 5299 896 5346; x_wconf 80' lang='grc' dir='ltr'>καὶ</span> <span class='ocrx_word' id='word_1_674' title='bbox 932 5295 1053 5366; x_wconf 82' lang='grc' dir='ltr'>γάρ,</span> <span class='ocrx_word' id='word_1_675' title='bbox 1082 5294 1144 5349; x_wconf 88' lang='lat' dir='ltr'>in</span> <span class='ocrx_word' id='word_1_676' title='bbox 1172 5292 1378 5366; x_wconf 80' lang='lat' dir='ltr'>multis</span> <span class='ocrx_word' id='word_1_677' title='bbox 1407 5308 1551 5366; x_wconf 83' lang='lat' dir='ltr'>mss.</span> <span class='ocrx_word' id='word_1_678' title='bbox 1579 5304 1704 5366; x_wconf 81' lang='lat' dir='ltr'>non</span> <span class='ocrx_word' id='word_1_679' title='bbox 1733 5288 1990 5366; x_wconf 82' lang='lat' dir='ltr'>legitur;</span> 
     </span>
    </p>
   </div>
   <div class='ocr_carea' id='block_1_92' title="bbox 386 5361 1993 5438">
    <p class='ocr_par' dir='ltr' id='par_1_92' title="bbox 386 5361 1993 5438">
     <span class='ocr_line' id='line_1_92' title="bbox 386 5361 1993 5438; baseline -0.001 -20"><span class='ocrx_word' id='word_1_680' title='bbox 386 5361 801 5438; x_wconf 68' lang='lat' dir='ltr'>prietereaque</span> <span class='ocrx_word' id='word_1_681' title='bbox 839 5361 1509 5438; x_wconf 59' lang='lat' dir='ltr'>nota&#39;interrogationis</span> <span class='ocrx_word' id='word_1_682' title='bbox 1556 5361 1754 5438; x_wconf 83' lang='lat' dir='ltr'>posita</span> <span class='ocrx_word' id='word_1_683' title='bbox 1797 5366 1889 5417; x_wconf 84' lang='lat' dir='ltr'>est</span> <span class='ocrx_word' id='word_1_684' title='bbox 1930 5362 1993 5417; x_wconf 91' lang='lat' dir='ltr'>in</span> 
     </span>
    </p>
   </div>
   <div class='ocr_carea' id='block_1_93' title="bbox 387 5434 1799 5508">
    <p class='ocr_par' dir='ltr' id='par_1_93' title="bbox 387 5434 1799 5508">
     <span class='ocr_line' id='line_1_93' title="bbox 387 5434 1799 5508; baseline 0.004 -19"><span class='ocrx_word' id='word_1_685' title='bbox 387 5434 760 5508; x_wconf 75' lang='lat' dir='ltr'>quibusdam</span> <span class='ocrx_word' id='word_1_686' title='bbox 791 5435 1102 5508; x_wconf 85' lang='lat' dir='ltr'>codicibus</span> <span class='ocrx_word' id='word_1_687' title='bbox 1131 5441 1271 5508; x_wconf 90' lang='lat' dir='ltr'>post</span> <span class='ocrx_word' id='word_1_688' title='bbox 1300 5450 1515 5508; x_wconf 85' lang='lat' dir='ltr'>vocem</span> <span class='ocrx_word' id='word_1_689' title='bbox 1545 5434 1799 5508; x_wconf 66' lang='grc' dir='ltr'>εὐποιίας.</span> 
     </span>
    </p>
   </div>
   <div class='ocr_carea' id='block_1_94' title="bbox 461 5503 1995 5581">
    <p class='ocr_par' dir='ltr' id='par_1_94' title="bbox 461 5503 1995 5581">
     <span class='ocr_line' id='line_1_94' title="bbox 461 5503 1995 5581; baseline -0.001 -19"><span class='ocrx_word' id='word_1_690' title='bbox 461 5508 569 5581; x_wconf 72' lang='grc'>(45)</span> <span class='ocrx_word' id='word_1_691' title='bbox 608 5507 675 5563; x_wconf 91' lang='lat' dir='ltr'>In</span> <span class='ocrx_word' id='word_1_692' title='bbox 706 5506 874 5565; x_wconf 87' lang='lat' dir='ltr'>Colb.</span> <span class='ocrx_word' id='word_1_693' title='bbox 896 5506 1073 5565; x_wconf 84' lang='lat' dir='ltr'>tertio</span> <span class='ocrx_word' id='word_1_694' title='bbox 1103 5503 1215 5581; x_wconf 66' lang='lat' dir='ltr'>p&#39;ro</span> <span class='ocrx_word' id='word_1_695' title='bbox 1247 5526 1333 5561; x_wconf 86' lang='grc' dir='ltr'>σοι</span> <span class='ocrx_word' id='word_1_696' title='bbox 1371 5507 1664 5580; x_wconf 84' lang='lat' dir='ltr'>scriptum</span> <span class='ocrx_word' id='word_1_697' title='bbox 1692 5503 1995 5561; x_wconf 86' lang='lat' dir='ltr'>invenitur</span> 
     </span>
    </p>
   </div>
   <div class='ocr_carea' id='block_1_95' title="bbox 392 5596 508 5633">
    <p class='ocr_par' dir='ltr' id='par_1_95' title="bbox 392 5596 508 5633">
     <span class='ocr_line' id='line_1_95' title="bbox 392 5596 508 5633; baseline 0.017 -2"><span class='ocrx_word' id='word_1_698' title='bbox 392 5596 508 5633; x_wconf 92' lang='grc' dir='ltr'>σου.</span> 
     </span>
    </p>
   </div>
   <div class='ocr_carea' id='block_1_96' title="bbox 2151 3512 3742 3594">
    <p class='ocr_par' dir='ltr' id='par_1_96' title="bbox 2151 3512 3742 3594">
     <span class='ocr_line' id='line_1_96' title="bbox 2151 3512 3742 3594; baseline 0.003 -24"><span class='ocrx_word' id='word_1_699' title='bbox 2151 3515 2203 3571; x_wconf 87' lang='lat'>9.</span> <span class='ocrx_word' id='word_1_700' title='bbox 2248 3513 2403 3580; x_wconf 90' lang='lat' dir='ltr'>Quid</span> <span class='ocrx_word' id='word_1_701' title='bbox 2427 3512 2611 3585; x_wconf 88' lang='lat' dir='ltr'>igitur</span> <span class='ocrx_word' id='word_1_702' title='bbox 2641 3519 2698 3572; x_wconf 91' lang='lat' dir='ltr'>te</span> <span class='ocrx_word' id='word_1_703' title='bbox 2725 3515 2855 3588; x_wconf 86' lang='lat' dir='ltr'>ipse</span> <span class='ocrx_word' id='word_1_704' title='bbox 2904 3516 3155 3591; x_wconf 84' lang='lat' dir='ltr'>decipis,</span> <span class='ocrx_word' id='word_1_705' title='bbox 3179 3534 3342 3576; x_wconf 91' lang='lat' dir='ltr'>nunc</span> <span class='ocrx_word' id='word_1_706' title='bbox 3383 3516 3634 3594; x_wconf 89' lang='lat' dir='ltr'>quidem</span> <span class='ocrx_word' id='word_1_707' title='bbox 3660 3519 3742 3575; x_wconf 88' lang='lat' dir='ltr'>ad</span> 
     </span>
    </p>
   </div>
   <div class='ocr_carea' id='block_1_97' title="bbox 2079 3602 3741 3682">
    <p class='ocr_par' dir='ltr' id='par_1_97' title="bbox 2079 3602 3741 3682">
     <span class='ocr_line' id='line_1_97' title="bbox 2079 3602 3741 3682; baseline 0.003 -22"><span class='ocrx_word' id='word_1_708' title='bbox 2079 3603 2282 3660; x_wconf 88' lang='lat' dir='ltr'>carnis</span> <span class='ocrx_word' id='word_1_709' title='bbox 2309 3602 2685 3676; x_wconf 87' lang='lat' dir='ltr'>voluptatem</span> <span class='ocrx_word' id='word_1_710' title='bbox 2710 3620 2859 3678; x_wconf 90' lang='lat' dir='ltr'>opes</span> <span class='ocrx_word' id='word_1_711' title='bbox 2878 3606 3040 3663; x_wconf 89' lang='lat' dir='ltr'>male</span> <span class='ocrx_word' id='word_1_712' title='bbox 3068 3606 3461 3681; x_wconf 89' lang='lat' dir='ltr'>dispensans,</span> <span class='ocrx_word' id='word_1_713' title='bbox 3487 3606 3741 3682; x_wconf 88' lang='lat' dir='ltr'>promit-</span> 
     </span>
    </p>
   </div>
   <div class='ocr_carea' id='block_1_98' title="bbox 2081 3692 3743 3773">
    <p class='ocr_par' dir='ltr' id='par_1_98' title="bbox 2081 3692 3743 3773">
     <span class='ocr_line' id='line_1_98' title="bbox 2081 3692 3743 3773; baseline 0.005 -23"><span class='ocrx_word' id='word_1_714' title='bbox 2081 3697 2214 3750; x_wconf 90' lang='lat' dir='ltr'>tens</span> <span class='ocrx_word' id='word_1_715' title='bbox 2239 3692 2527 3765; x_wconf 60' lang='lat' dir='ltr'>autem&#39;jn</span> <span class='ocrx_word' id='word_1_716' title='bbox 2547 3697 2858 3766; x_wconf 88' lang='lat' dir='ltr'>posterum</span> <span class='ocrx_word' id='word_1_717' title='bbox 2883 3711 3021 3767; x_wconf 62' lang='lat' dir='ltr'>quas</span> <span class='ocrx_word' id='word_1_718' title='bbox 3041 3711 3229 3769; x_wconf 91' lang='lat' dir='ltr'>penes</span> <span class='ocrx_word' id='word_1_719' title='bbox 3256 3702 3313 3754; x_wconf 89' lang='lat' dir='ltr'>te</span> <span class='ocrx_word' id='word_1_720' title='bbox 3332 3713 3458 3755; x_wconf 93' lang='lat' dir='ltr'>non</span> <span class='ocrx_word' id='word_1_721' title='bbox 3478 3698 3743 3773; x_wconf 89' lang='lat' dir='ltr'>amplius</span> 
     </span>
    </p>
   </div>
   <div class='ocr_carea' id='block_1_99' title="bbox 2082 3784 3742 3859">
    <p class='ocr_par' dir='ltr' id='par_1_99' title="bbox 2082 3784 3742 3859">
     <span class='ocr_line' id='line_1_99' title="bbox 2082 3784 3742 3859; baseline 0.005 -22"><span class='ocrx_word' id='word_1_722' title='bbox 2082 3785 2302 3838; x_wconf 75' lang='lat' dir='ltr'>erunt?</span> <span class='ocrx_word' id='word_1_723' title='bbox 2332 3784 2591 3840; x_wconf 88' lang='lat' dir='ltr'>Pravum</span> <span class='ocrx_word' id='word_1_724' title='bbox 2622 3787 2733 3855; x_wconf 89' lang='lat' dir='ltr'>est,</span> <span class='ocrx_word' id='word_1_725' title='bbox 2760 3788 2827 3841; x_wconf 92' lang='lat' dir='ltr'>ut</span> <span class='ocrx_word' id='word_1_726' title='bbox 2854 3801 2928 3841; x_wconf 78' lang='lat' dir='ltr'>ex</span> <span class='ocrx_word' id='word_1_727' title='bbox 2957 3784 3132 3843; x_wconf 90' lang='lat' dir='ltr'>dictis</span> <span class='ocrx_word' id='word_1_728' title='bbox 3162 3790 3344 3859; x_wconf 89' lang='lat' dir='ltr'>patet,</span> <span class='ocrx_word' id='word_1_729' title='bbox 3371 3786 3537 3844; x_wconf 91' lang='lat' dir='ltr'>istud</span> <span class='ocrx_word' id='word_1_730' title='bbox 3568 3793 3742 3846; x_wconf 87' lang='lat' dir='ltr'>tuum</span> 
     </span>
    </p>
   </div>
   <div class='ocr_carea' id='block_1_100' title="bbox 2084 3870 3744 3950">
    <p class='ocr_par' dir='ltr' id='par_1_100' title="bbox 2084 3870 3744 3950">
     <span class='ocr_line' id='line_1_100' title="bbox 2084 3870 3744 3950; baseline 0.004 -22"><span class='ocrx_word' id='word_1_731' title='bbox 2084 3870 2443 3928; x_wconf 90' lang='lat' dir='ltr'>consilium:</span> <span class='ocrx_word' id='word_1_732' title='bbox 2478 3871 2714 3940; x_wconf 90' lang='lat' dir='ltr'>Vivens,</span> <span class='ocrx_word' id='word_1_733' title='bbox 2764 3872 2931 3930; x_wconf 86' lang='lat' dir='ltr'>fruar</span> <span class='ocrx_word' id='word_1_734' title='bbox 2976 3874 3429 3950; x_wconf 90' lang='lat' dir='ltr'>voluptatibus;</span> <span class='ocrx_word' id='word_1_735' title='bbox 3467 3881 3744 3935; x_wconf 88' lang='lat' dir='ltr'>mortuus</span> 
     </span>
    </p>
   </div>
   <div class='ocr_carea' id='block_1_101' title="bbox 2084 3963 3741 4033">
    <p class='ocr_par' dir='ltr' id='par_1_101' title="bbox 2084 3963 3741 4033">
     <span class='ocr_line' id='line_1_101' title="bbox 2084 3963 3741 4033; baseline 0.005 -16"><span class='ocrx_word' id='word_1_736' title='bbox 2084 3964 2308 4026; x_wconf 87' lang='lat' dir='ltr'>autem,</span> <span class='ocrx_word' id='word_1_737' title='bbox 2342 3975 2639 4033; x_wconf 81' lang='lat' dir='ltr'>exsequar</span> <span class='ocrx_word' id='word_1_738' title='bbox 2670 3965 2910 4021; x_wconf 86' lang='lat' dir='ltr'>statuta.</span> <span class='ocrx_word' id='word_1_739' title='bbox 2954 3963 3117 4021; x_wconf 90' lang='lat' dir='ltr'>Dicet</span> <span class='ocrx_word' id='word_1_740' title='bbox 3144 3969 3202 4023; x_wconf 91' lang='lat' dir='ltr'>et</span> <span class='ocrx_word' id='word_1_741' title='bbox 3246 3965 3351 4021; x_wconf 91' lang='lat' dir='ltr'>tibi</span> <span class='ocrx_word' id='word_1_742' title='bbox 3391 3965 3741 4027; x_wconf 87' lang='lat' dir='ltr'>Abraham:</span> 
     </span>
    </p>
   </div>
   <div class='ocr_carea' id='block_1_102' title="bbox 2083 4050 3748 4130">
    <p class='ocr_par' dir='ltr' id='par_1_102' title="bbox 2083 4050 3748 4130">
     <span class='ocr_line' id='line_1_102' title="bbox 2083 4050 3748 4130; baseline 0.005 -22"><span class='ocrx_word' id='word_1_743' title='bbox 2083 4051 2379 4122; x_wconf 80' lang='lat' dir='ltr'>Recepisti</span> <span class='ocrx_word' id='word_1_744' title='bbox 2421 4050 2576 4117; x_wconf 83' lang='lat' dir='ltr'>bona</span> <span class='ocrx_word' id='word_1_745' title='bbox 2615 4057 2723 4111; x_wconf 78' lang='lat' dir='ltr'>tua</span> <span class='ocrx_word' id='word_1_746' title='bbox 2765 4053 2826 4109; x_wconf 81' lang='lat' dir='ltr'>in</span> <span class='ocrx_word' id='word_1_747' title='bbox 2858 4055 2984 4111; x_wconf 76' lang='lat' dir='ltr'>vita</span> <span class='ocrx_word' id='word_1_748' title='bbox 3013 4059 3120 4112; x_wconf 80' lang='lat' dir='ltr'>tua</span> <span class='ocrx_word' id='word_1_749' title='bbox 3140 4056 3209 4111; x_wconf 55' lang='grc' dir='ltr'>δι.</span> <span class='ocrx_word' id='word_1_750' title='bbox 3244 4059 3375 4113; x_wconf 82' lang='lat' dir='ltr'>Non</span> <span class='ocrx_word' id='word_1_751' title='bbox 3413 4057 3665 4130; x_wconf 90' lang='lat' dir='ltr'>suscipit</span> <span class='ocrx_word' id='word_1_752' title='bbox 3691 4063 3748 4125; x_wconf 83' lang='lat' dir='ltr'>te</span> 
     </span>
    </p>
   </div>
   <div class='ocr_carea' id='block_1_103' title="bbox 2087 4141 3750 4223">
    <p class='ocr_par' dir='ltr' id='par_1_103' title="bbox 2087 4141 3750 4223">
     <span class='ocr_line' id='line_1_103' title="bbox 2087 4141 3750 4223; baseline 0.004 -26"><span class='ocrx_word' id='word_1_753' title='bbox 2087 4144 2352 4212; x_wconf 86' lang='lat' dir='ltr'>angusta</span> <span class='ocrx_word' id='word_1_754' title='bbox 2379 4141 2479 4198; x_wconf 89' lang='lat' dir='ltr'>via</span> <span class='ocrx_word' id='word_1_755' title='bbox 2504 4146 2562 4198; x_wconf 91' lang='lat' dir='ltr'>et</span> <span class='ocrx_word' id='word_1_756' title='bbox 2590 4147 2777 4211; x_wconf 89' lang='lat' dir='ltr'>arcta,</span> <span class='ocrx_word' id='word_1_757' title='bbox 2809 4160 2949 4200; x_wconf 90' lang='lat' dir='ltr'>cum</span> <span class='ocrx_word' id='word_1_758' title='bbox 2990 4144 3214 4202; x_wconf 92' lang='lat' dir='ltr'>molem</span> <span class='ocrx_word' id='word_1_759' title='bbox 3240 4162 3364 4219; x_wconf 89' lang='lat' dir='ltr'>non</span> <span class='ocrx_word' id='word_1_760' title='bbox 3395 4146 3750 4223; x_wconf 92' lang='lat' dir='ltr'>deposueris</span> 
     </span>
    </p>
   </div>
   <div class='ocr_carea' id='block_1_104' title="bbox 2087 4229 3753 4307">
    <p class='ocr_par' dir='ltr' id='par_1_104' title="bbox 2087 4229 3753 4307">
     <span class='ocr_line' id='line_1_104' title="bbox 2087 4229 3753 4307; baseline 0.005 -21"><span class='ocrx_word' id='word_1_761' title='bbox 2087 4229 2453 4286; x_wconf 87' lang='lat' dir='ltr'>divitiarum.</span> <span class='ocrx_word' id='word_1_762' title='bbox 2500 4230 2704 4287; x_wconf 88' lang='lat' dir='ltr'>Exiisti</span> <span class='ocrx_word' id='word_1_763' title='bbox 2730 4247 2879 4307; x_wconf 90' lang='lat' dir='ltr'>opes</span> <span class='ocrx_word' id='word_1_764' title='bbox 2908 4238 3175 4304; x_wconf 88' lang='lat' dir='ltr'>gestans,</span> <span class='ocrx_word' id='word_1_765' title='bbox 3203 4251 3315 4291; x_wconf 91' lang='lat' dir='ltr'>nec</span> <span class='ocrx_word' id='word_1_766' title='bbox 3338 4236 3501 4293; x_wconf 86' lang='lat' dir='ltr'>enim</span> <span class='ocrx_word' id='word_1_767' title='bbox 3531 4252 3657 4307; x_wconf 90' lang='lat' dir='ltr'>eas,</span> <span class='ocrx_word' id='word_1_768' title='bbox 3684 4241 3753 4295; x_wconf 90' lang='lat' dir='ltr'>ut</span> 
     </span>
    </p>
   </div>
   <div class='ocr_carea' id='block_1_105' title="bbox 2083 4318 3752 4399">
    <p class='ocr_par' dir='ltr' id='par_1_105' title="bbox 2083 4318 3752 4399">
     <span class='ocr_line' id='line_1_105' title="bbox 2083 4318 3752 4399; baseline 0.007 -26"><span class='ocrx_word' id='word_1_769' title='bbox 2083 4318 2292 4391; x_wconf 91' lang='lat' dir='ltr'>jussus</span> <span class='ocrx_word' id='word_1_770' title='bbox 2319 4334 2404 4387; x_wconf 89' lang='lat' dir='ltr'>es,</span> <span class='ocrx_word' id='word_1_771' title='bbox 2432 4319 2760 4392; x_wconf 85' lang='lat' dir='ltr'>projecisti.</span> <span class='ocrx_word' id='word_1_772' title='bbox 2798 4322 3008 4388; x_wconf 89' lang='lat' dir='ltr'>Quoad</span> <span class='ocrx_word' id='word_1_773' title='bbox 3037 4322 3256 4391; x_wconf 88' lang='lat' dir='ltr'>vixisti,</span> <span class='ocrx_word' id='word_1_774' title='bbox 3288 4329 3343 4381; x_wconf 83' lang='lat' dir='ltr'>te</span> <span class='ocrx_word' id='word_1_775' title='bbox 3372 4325 3503 4399; x_wconf 91' lang='lat' dir='ltr'>ipse</span> <span class='ocrx_word' id='word_1_776' title='bbox 3532 4331 3752 4398; x_wconf 70' lang='lat' dir='ltr'>pustu-</span> 
     </span>
    </p>
   </div>
   <div class='ocr_carea' id='block_1_106' title="bbox 2087 4406 3754 4485">
    <p class='ocr_par' dir='ltr' id='par_1_106' title="bbox 2087 4406 3754 4485">
     <span class='ocr_line' id='line_1_106' title="bbox 2087 4406 3754 4485; baseline 0.007 -23"><span class='ocrx_word' id='word_1_777' title='bbox 2087 4406 2221 4464; x_wconf 82' lang='lat' dir='ltr'>listi‘</span> <span class='ocrx_word' id='word_1_778' title='bbox 2247 4409 2577 4465; x_wconf 82' lang='lat' dir='ltr'>mandato:</span> <span class='ocrx_word' id='word_1_779' title='bbox 2610 4413 2888 4466; x_wconf 81' lang='lat' dir='ltr'>mortuus</span> <span class='ocrx_word' id='word_1_780' title='bbox 2915 4426 3061 4469; x_wconf 89' lang='lat' dir='ltr'>vero</span> <span class='ocrx_word' id='word_1_781' title='bbox 3104 4429 3177 4469; x_wconf 91' lang='lat' dir='ltr'>ac</span> <span class='ocrx_word' id='word_1_782' title='bbox 3217 4414 3574 4485; x_wconf 88' lang='lat' dir='ltr'>dissolutus,</span> <span class='ocrx_word' id='word_1_783' title='bbox 3606 4420 3754 4473; x_wconf 89' lang='lat' dir='ltr'>tunc</span> 
     </span>
    </p>
   </div>
   <div class='ocr_carea' id='block_1_107' title="bbox 2089 4495 3753 4574">
    <p class='ocr_par' dir='ltr' id='par_1_107' title="bbox 2089 4495 3753 4574">
     <span class='ocr_line' id='line_1_107' title="bbox 2089 4495 3753 4574; baseline 0.005 -21"><span class='ocrx_word' id='word_1_784' title='bbox 2089 4495 2349 4555; x_wconf 85' lang='lat' dir='ltr'>inimicis</span> <span class='ocrx_word' id='word_1_785' title='bbox 2377 4502 2756 4572; x_wconf 65' lang='lat' dir='ltr'>praceptum</span> <span class='ocrx_word' id='word_1_786' title='bbox 2782 4500 3201 4574; x_wconf 89' lang='lat' dir='ltr'>anteposuisti.</span> <span class='ocrx_word' id='word_1_787' title='bbox 3235 4503 3469 4561; x_wconf 90' lang='lat' dir='ltr'>Etenim</span> <span class='ocrx_word' id='word_1_788' title='bbox 3496 4519 3573 4561; x_wconf 92' lang='lat' dir='ltr'>ne</span> <span class='ocrx_word' id='word_1_789' title='bbox 3593 4504 3753 4562; x_wconf 86' lang='lat' dir='ltr'>acci-</span> 
     </span>
    </p>
   </div>
   <div class='ocr_carea' id='block_1_108' title="bbox 2090 4586 3755 4665">
    <p class='ocr_par' dir='ltr' id='par_1_108' title="bbox 2090 4586 3755 4665">
     <span class='ocr_line' id='line_1_108' title="bbox 2090 4586 3755 4665; baseline 0.006 -21"><span class='ocrx_word' id='word_1_790' title='bbox 2090 4586 2217 4662; x_wconf 86' lang='lat' dir='ltr'>piat</span> <span class='ocrx_word' id='word_1_791' title='bbox 2234 4587 2422 4646; x_wconf 90' lang='lat' dir='ltr'>homo</span> <span class='ocrx_word' id='word_1_792' title='bbox 2440 4589 2558 4662; x_wconf 89' lang='lat' dir='ltr'>ille,</span> <span class='ocrx_word' id='word_1_793' title='bbox 2584 4589 2862 4665; x_wconf 88' lang='lat' dir='ltr'>accipiat,</span> <span class='ocrx_word' id='word_1_794' title='bbox 2883 4591 3099 4664; x_wconf 88' lang='lat' dir='ltr'>inquit,</span> <span class='ocrx_word' id='word_1_795' title='bbox 3119 4591 3429 4651; x_wconf 91' lang='lat' dir='ltr'>Dominus.</span> <span class='ocrx_word' id='word_1_796' title='bbox 3452 4597 3479 4650; x_wconf 85' lang='lat' dir='ltr'><strong>J</strong></span> <span class='ocrx_word' id='word_1_797' title='bbox 3484 4610 3585 4653; x_wconf 89' lang='lat' dir='ltr'>am</span> <span class='ocrx_word' id='word_1_798' title='bbox 3609 4612 3755 4654; x_wconf 87' lang='lat' dir='ltr'>vero</span> 
     </span>
    </p>
   </div>
   <div class='ocr_carea' id='block_1_109' title="bbox 2090 4676 3757 4755">
    <p class='ocr_par' dir='ltr' id='par_1_109' title="bbox 2090 4676 3757 4755">
     <span class='ocr_line' id='line_1_109' title="bbox 2090 4676 3757 4755; baseline 0.007 -21"><span class='ocrx_word' id='word_1_799' title='bbox 2090 4676 2156 4734; x_wconf 94' lang='lat' dir='ltr'>id</span> <span class='ocrx_word' id='word_1_800' title='bbox 2184 4694 2308 4753; x_wconf 90' lang='lat' dir='ltr'>quo</span> <span class='ocrx_word' id='word_1_801' title='bbox 2337 4678 2585 4737; x_wconf 88' lang='lat' dir='ltr'>nomine</span> <span class='ocrx_word' id='word_1_802' title='bbox 2629 4680 3098 4755; x_wconf 87' lang='lat' dir='ltr'>appellabimus,</span> <span class='ocrx_word' id='word_1_803' title='bbox 3125 4682 3592 4743; x_wconf 88' lang='lat' dir='ltr'>inimicorumne</span> <span class='ocrx_word' id='word_1_804' title='bbox 3622 4687 3757 4745; x_wconf 91' lang='lat' dir='ltr'>vin-</span> 
     </span>
    </p>
   </div>
   <div class='ocr_carea' id='block_1_110' title="bbox 1495 4766 1973 4846">
    <p class='ocr_par' dir='ltr' id='par_1_110' title="bbox 1495 4766 1973 4842">
     <span class='ocr_line' id='line_1_110' title="bbox 1495 4766 1973 4842; baseline -0.004 -21"><span class='ocrx_word' id='word_1_805' title='bbox 1495 4766 1812 4842; x_wconf 79' lang='grc' dir='ltr'>Ἐϐονλόμην</span> 
     </span>
    </p>
   </div>
   <div class='ocr_carea' id='block_1_111' title="bbox 2089 4766 3760 4846">
    <p class='ocr_par' dir='ltr' id='par_1_111' title="bbox 2095 4767 3760 4846">
     <span class='ocr_line' id='line_1_111' title="bbox 2095 4767 3760 4846; baseline 0.007 -22"><span class='ocrx_word' id='word_1_806' title='bbox 2095 4767 2343 4842; x_wconf 87' lang='lat' dir='ltr'>dictam,</span> <span class='ocrx_word' id='word_1_807' title='bbox 2365 4785 2444 4828; x_wconf 87' lang='lat' dir='ltr'>an</span> <span class='ocrx_word' id='word_1_808' title='bbox 2467 4768 2856 4828; x_wconf 88' lang='lat' dir='ltr'>dilectionem</span> <span class='ocrx_word' id='word_1_809' title='bbox 2882 4771 3186 4845; x_wconf 79' lang='lat' dir='ltr'>proximi?</span> <span class='ocrx_word' id='word_1_810' title='bbox 3217 4775 3369 4846; x_wconf 85' lang='lat' dir='ltr'>Lege</span> <span class='ocrx_word' id='word_1_811' title='bbox 3389 4778 3561 4832; x_wconf 89' lang='lat' dir='ltr'>tuum</span> <span class='ocrx_word' id='word_1_812' title='bbox 3583 4778 3760 4837; x_wconf 86' lang='lat' dir='ltr'>testa-</span> 
     </span>
    </p>
   </div>
   <div class='ocr_carea' id='block_1_112' title="bbox 2106 5074 3764 5159">
    <p class='ocr_par' dir='ltr' id='par_1_112' title="bbox 2106 5074 3764 5159">
     <span class='ocr_line' id='line_1_112' title="bbox 2106 5074 3764 5159; baseline 0.007 -29"><span class='ocrx_word' id='word_1_813' title='bbox 2106 5145 2118 5159; x_wconf 36' lang='lat'>,</span> <span class='ocrx_word' id='word_1_814' title='bbox 2172 5074 2550 5159; x_wconf 43' lang='lat' dir='ltr'>(46)&#39;Eod£m</span> <span class='ocrx_word' id='word_1_815' title='bbox 2599 5074 2701 5159; x_wconf 78' lang='lat' dir='ltr'>illo</span> <span class='ocrx_word' id='word_1_816' title='bbox 2745 5077 2808 5133; x_wconf 90' lang='lat' dir='ltr'>in</span> <span class='ocrx_word' id='word_1_817' title='bbox 2846 5077 3009 5159; x_wconf 65' lang='lat' dir='ltr'>libro</span> <span class='ocrx_word' id='word_1_818' title='bbox 3058 5094 3170 5159; x_wconf 80' lang='lat' dir='ltr'>pro</span> <span class='ocrx_word' id='word_1_819' title='bbox 3224 5078 3501 5159; x_wconf 46' lang='lat' dir='ltr'>infinitos</span> <span class='ocrx_word' id='word_1_820' title='bbox 3545 5081 3764 5159; x_wconf 74' lang='lat' dir='ltr'>legitur</span> 
     </span>
    </p>
   </div>
   <div class='ocr_carea' id='block_1_113' title="bbox 2099 5148 3763 5223">
    <p class='ocr_par' dir='ltr' id='par_1_113' title="bbox 2099 5148 3763 5223">
     <span class='ocr_line' id='line_1_113' title="bbox 2099 5148 3763 5223; baseline 0.009 -26"><span class='ocrx_word' id='word_1_821' title='bbox 2099 5148 2408 5223; x_wconf 57' lang='grc' dir='ltr'>ἐταμιιψσω.</span> <span class='ocrx_word' id='word_1_822' title='bbox 2442 5149 2561 5204; x_wconf 87' lang='lat' dir='ltr'>Nec</span> <span class='ocrx_word' id='word_1_823' title='bbox 2606 5148 2690 5205; x_wconf 87' lang='lat' dir='ltr'>ita</span> <span class='ocrx_word' id='word_1_824' title='bbox 2736 5150 2928 5223; x_wconf 86' lang='lat' dir='ltr'>multa</span> <span class='ocrx_word' id='word_1_825' title='bbox 2975 5148 3116 5223; x_wconf 78' lang='lat' dir='ltr'>post</span> <span class='ocrx_word' id='word_1_826' title='bbox 3161 5148 3763 5212; x_wconf 58' lang='lat' dir='ltr'>msstombetisiani</span> 
     </span>
    </p>
   </div>
   <div class='ocr_carea' id='block_1_114' title="bbox 2097 5217 3761 5291">
    <p class='ocr_par' dir='ltr' id='par_1_114' title="bbox 2097 5217 3761 5291">
     <span class='ocr_line' id='line_1_114' title="bbox 2097 5217 3761 5291; baseline 0.007 -20"><span class='ocrx_word' id='word_1_827' title='bbox 2097 5217 2215 5280; x_wconf 68' lang='grc' dir='ltr'>τᾶῑς</span> <span class='ocrx_word' id='word_1_828' title='bbox 2243 5217 2450 5291; x_wconf 29' lang='grc' dir='ltr'>Αὸλκαῑς.</span> <span class='ocrx_word' id='word_1_829' title='bbox 2495 5223 2568 5275; x_wconf 85' lang='lat' dir='ltr'>At</span> <span class='ocrx_word' id='word_1_830' title='bbox 2594 5223 2735 5291; x_wconf 84' lang='lat' dir='ltr'>Reg.</span> <span class='ocrx_word' id='word_1_831' title='bbox 2771 5217 3063 5279; x_wconf 59' lang='lat' dir='ltr'>tertius&#39;et</span> <span class='ocrx_word' id='word_1_832' title='bbox 3091 5222 3258 5280; x_wconf 83' lang='lat' dir='ltr'>Coll).</span> <span class='ocrx_word' id='word_1_833' title='bbox 3292 5224 3500 5283; x_wconf 88' lang='lat' dir='ltr'>itidem</span> <span class='ocrx_word' id='word_1_834' title='bbox 3548 5227 3761 5284; x_wconf 85' lang='lat' dir='ltr'>tertius</span> 
     </span>
    </p>
   </div>
   <div class='ocr_carea' id='block_1_115' title="bbox 2100 5288 2803 5354">
    <p class='ocr_par' dir='ltr' id='par_1_115' title="bbox 2100 5288 2803 5354">
     <span class='ocr_line' id='line_1_115' title="bbox 2100 5288 2803 5354; baseline 0.003 -7"><span class='ocrx_word' id='word_1_835' title='bbox 2100 5294 2161 5347; x_wconf 86' lang='lat' dir='ltr'>et</span> <span class='ocrx_word' id='word_1_836' title='bbox 2186 5288 2333 5347; x_wconf 85' lang='lat' dir='ltr'>editi</span> <span class='ocrx_word' id='word_1_837' title='bbox 2360 5297 2477 5352; x_wconf 88' lang='grc' dir='ltr'>ταῖς</span> <span class='ocrx_word' id='word_1_838' title='bbox 2509 5288 2803 5354; x_wconf 71' lang='grc' dir='ltr'>συνολιίαῑς.</span> 
     </span>
    </p>
   </div>
   <div class='ocr_carea' id='block_1_116' title="bbox 2173 5362 3859 5441">
    <p class='ocr_par' dir='ltr' id='par_1_116' title="bbox 2173 5362 3859 5441">
     <span class='ocr_line' id='line_1_116' title="bbox 2173 5362 3859 5441; baseline 0.005 -25"><span class='ocrx_word' id='word_1_839' title='bbox 2173 5364 2288 5441; x_wconf 47' lang='lat' dir='ltr'>(fi-7)</span> <span class='ocrx_word' id='word_1_840' title='bbox 2330 5363 2495 5441; x_wconf 79' lang='lat' dir='ltr'>Unus</span> <span class='ocrx_word' id='word_1_841' title='bbox 2525 5364 2717 5441; x_wconf 83' lang='lat' dir='ltr'>codex</span> <span class='ocrx_word' id='word_1_842' title='bbox 2741 5366 2880 5433; x_wconf 86' lang='lat' dir='ltr'>Reg.</span> <span class='ocrx_word' id='word_1_843' title='bbox 2903 5367 3180 5438; x_wconf 73' lang='grc' dir='ltr'>γράμματι</span> <span class='ocrx_word' id='word_1_844' title='bbox 3212 5362 3581 5441; x_wconf 82' lang='grc' dir='ltr'>διασημαίνειν</span> <span class='ocrx_word' id='word_1_845' title='bbox 3611 5373 3760 5429; x_wconf 82' lang='lat' dir='ltr'>Mox.</span> <span class='ocrx_word' id='word_1_846' title='bbox 3852 5368 3859 5375; x_wconf 72' lang='grc'><strong>’</strong></span> 
     </span>
    </p>
   </div>
   <div class='ocr_carea' id='block_1_117' title="bbox 2104 5431 2898 5507">
    <p class='ocr_par' dir='ltr' id='par_1_117' title="bbox 2104 5431 2898 5507">
     <span class='ocr_line' id='line_1_117' title="bbox 2104 5431 2898 5507; baseline 0.003 -18"><span class='ocrx_word' id='word_1_847' title='bbox 2104 5431 2276 5507; x_wconf 65' lang='lat' dir='ltr'>Coll).</span> <span class='ocrx_word' id='word_1_848' title='bbox 2305 5434 2535 5507; x_wconf 59' lang='lat' dir='ltr'>primus</span> <span class='ocrx_word' id='word_1_849' title='bbox 2565 5431 2898 5507; x_wconf 70' lang='grc' dir='ltr'>ἐκεκήρυκτο.</span> 
     </span>
    </p>
   </div>
   <div class='ocr_carea' id='block_1_118' title="bbox 2173 5504 3764 5584">
    <p class='ocr_par' dir='ltr' id='par_1_118' title="bbox 2173 5504 3764 5584">
     <span class='ocr_line' id='line_1_118' title="bbox 2173 5504 3764 5584; baseline 0.006 -26"><span class='ocrx_word' id='word_1_850' title='bbox 2173 5505 2288 5584; x_wconf 81' lang='grc'>(48)</span> <span class='ocrx_word' id='word_1_851' title='bbox 2328 5504 2486 5584; x_wconf 80' lang='lat' dir='ltr'>Editi</span> <span class='ocrx_word' id='word_1_852' title='bbox 2504 5504 2729 5584; x_wconf 69' lang='lat' dir='ltr'>et__lteg_.</span> <span class='ocrx_word' id='word_1_853' title='bbox 2763 5508 2968 5584; x_wconf 82' lang='lat' dir='ltr'>tertius</span> <span class='ocrx_word' id='word_1_854' title='bbox 2991 5507 3323 5584; x_wconf 73' lang='grc' dir='ltr'>ἀποθέμενον.</span> <span class='ocrx_word' id='word_1_855' title='bbox 3347 5515 3419 5569; x_wconf 89' lang='lat' dir='ltr'>At</span> <span class='ocrx_word' id='word_1_856' title='bbox 3441 5512 3764 5574; x_wconf 88' lang='lat' dir='ltr'>Colbertini</span> 
     </span>
    </p>
   </div>
   <div class='ocr_carea' id='block_1_119' title="bbox 2101 5576 3079 5653">
    <p class='ocr_par' dir='ltr' id='par_1_119' title="bbox 2101 5576 3079 5653">
     <span class='ocr_line' id='line_1_119' title="bbox 2101 5576 3079 5653; baseline 0.004 -21"><span class='ocrx_word' id='word_1_857' title='bbox 2101 5576 2338 5648; x_wconf 89' lang='lat' dir='ltr'>primus</span> <span class='ocrx_word' id='word_1_858' title='bbox 2366 5580 2425 5633; x_wconf 91' lang='lat' dir='ltr'>et</span> <span class='ocrx_word' id='word_1_859' title='bbox 2454 5577 2664 5636; x_wconf 87' lang='lat' dir='ltr'>tertius</span> <span class='ocrx_word' id='word_1_860' title='bbox 2697 5576 3079 5653; x_wconf 76' lang='grc' dir='ltr'>ἀποτιθέμενον.</span> 
     </span>
    </p>
   </div>
  </div>
