  <div class='ocr_page' id='page_1' title='image "/cluster/home/n/w/nwhite01/storage/ocr_20150623/31:no.3/coo.31924054869288/163.png"; bbox 0 0 4124 6378; ppageno 0'>
   <div class='ocr_carea' id='block_1_1' title="bbox 456 230 3832 320">
    <p class='ocr_par' dir='ltr' id='par_1_1' title="bbox 456 230 3832 320">
     <span class='ocr_line' id='line_1_1' title="bbox 456 230 3832 320; baseline 0.009 -32"><span class='ocrx_word' id='word_1_1' title='bbox 456 232 561 299; x_wconf 79' lang='lat'><strong>303</strong></span> <span class='ocrx_word' id='word_1_2' title='bbox 1835 230 1894 298; x_wconf 82' lang='lat' dir='ltr'><strong>S.</strong></span> <span class='ocrx_word' id='word_1_3' title='bbox 1935 233 2188 298; x_wconf 78' lang='lat' dir='ltr'><strong>BASlLlI</strong></span> <span class='ocrx_word' id='word_1_4' title='bbox 2222 235 2444 303; x_wconf 71' lang='lat' dir='ltr'><strong>MAGNI</strong></span> <span class='ocrx_word' id='word_1_5' title='bbox 3723 263 3832 320; x_wconf 73' lang='grc'><strong>304</strong></span> 
     </span>
    </p>
   </div>
   <div class='ocr_carea' id='block_1_2' title="bbox 453 363 2093 458">
    <p class='ocr_par' dir='ltr' id='par_1_2' title="bbox 453 363 2093 440">
     <span class='ocr_line' id='line_1_2' title="bbox 453 363 2093 440; baseline -0.001 -17"><span class='ocrx_word' id='word_1_6' title='bbox 453 369 748 423; x_wconf 90' lang='lat' dir='ltr'><strong>mentum.</strong></span> <span class='ocrx_word' id='word_1_7' title='bbox 773 365 1066 424; x_wconf 84' lang='lat' dir='ltr'><strong>Volebam</strong></span> <span class='ocrx_word' id='word_1_8' title='bbox 1091 365 1340 440; x_wconf 85' lang='lat' dir='ltr'><strong>quidem</strong></span> <span class='ocrx_word' id='word_1_9' title='bbox 1369 365 1572 424; x_wconf 87' lang='lat' dir='ltr'><strong>adhuc</strong></span> <span class='ocrx_word' id='word_1_10' title='bbox 1594 365 1812 435; x_wconf 84' lang='lat' dir='ltr'><strong>vivere,</strong></span> <span class='ocrx_word' id='word_1_11' title='bbox 1843 369 1904 424; x_wconf 92' lang='lat' dir='ltr'><strong>et</strong></span> <span class='ocrx_word' id='word_1_12' title='bbox 1924 363 2093 423; x_wconf 88' lang='lat' dir='ltr'><strong>facul-</strong></span> 
     </span>
    </p>
   </div>
   <div class='ocr_carea' id='block_1_3' title="bbox 2199 363 3828 458">
    <p class='ocr_par' dir='ltr' id='par_1_3' title="bbox 2225 369 3828 458">
     <span class='ocr_line' id='line_1_3' title="bbox 2225 369 3828 458; baseline 0.01 -36"><span class='ocrx_word' id='word_1_13' title='bbox 2225 369 2300 422; x_wconf 80' lang='grc' dir='ltr'>ἔτι</span> <span class='ocrx_word' id='word_1_14' title='bbox 2324 370 2440 441; x_wconf 74' lang='grc'><strong>49)</strong></span> <span class='ocrx_word' id='word_1_15' title='bbox 2471 372 2586 446; x_wconf 76' lang='grc' dir='ltr'><strong>ζῇν,</strong></span> <span class='ocrx_word' id='word_1_16' title='bbox 2613 378 2704 428; x_wconf 84' lang='grc' dir='ltr'>καὶ</span> <span class='ocrx_word' id='word_1_17' title='bbox 2752 372 3026 429; x_wconf 74' lang='grc' dir='ltr'>ἀπολαύειν</span> <span class='ocrx_word' id='word_1_18' title='bbox 3073 385 3172 429; x_wconf 85' lang='grc' dir='ltr'>τῶν</span> <span class='ocrx_word' id='word_1_19' title='bbox 3221 374 3467 451; x_wconf 74' lang='grc' dir='ltr'>ὶμαυτοῦ.</span> <span class='ocrx_word' id='word_1_20' title='bbox 3498 387 3583 454; x_wconf 80' lang='grc' dir='ltr'><strong>Τῷ</strong></span> <span class='ocrx_word' id='word_1_21' title='bbox 3623 384 3828 458; x_wconf 82' lang='grc' dir='ltr'>θανάτῳ</span> 
     </span>
    </p>
   </div>
   <div class='ocr_carea' id='block_1_4' title="bbox 454 455 2110 528">
    <p class='ocr_par' dir='ltr' id='par_1_4' title="bbox 454 455 2110 528">
     <span class='ocr_line' id='line_1_4' title="bbox 454 455 2110 528; baseline -0.001 -14"><span class='ocrx_word' id='word_1_22' title='bbox 454 455 680 514; x_wconf 84' lang='lat' dir='ltr'><strong>tatibus</strong></span> <span class='ocrx_word' id='word_1_23' title='bbox 723 455 874 512; x_wconf 87' lang='lat' dir='ltr'><strong>meis</strong></span> <span class='ocrx_word' id='word_1_24' title='bbox 916 456 1054 513; x_wconf 84' lang='lat' dir='ltr'><strong>frui.</strong></span> <span class='ocrx_word' id='word_1_25' title='bbox 1099 457 1302 514; x_wconf 91' lang='lat' dir='ltr'><strong>Gratia</strong></span> <span class='ocrx_word' id='word_1_26' title='bbox 1327 457 1531 528; x_wconf 82' lang='lat' dir='ltr'><strong>morti,</strong></span> <span class='ocrx_word' id='word_1_27' title='bbox 1562 473 1687 514; x_wconf 90' lang='lat' dir='ltr'><strong>non</strong></span> <span class='ocrx_word' id='word_1_28' title='bbox 1717 455 1843 513; x_wconf 90' lang='lat' dir='ltr'><strong>tibi.</strong></span> <span class='ocrx_word' id='word_1_29' title='bbox 1875 459 2024 514; x_wconf 89' lang='lat' dir='ltr'><strong>Nam</strong></span> <span class='ocrx_word' id='word_1_30' title='bbox 2057 455 2110 512; x_wconf 88' lang='lat' dir='ltr'><strong>si</strong></span> 
     </span>
    </p>
   </div>
   <div class='ocr_carea' id='block_1_5' title="bbox 451 545 2110 621">
    <p class='ocr_par' dir='ltr' id='par_1_5' title="bbox 451 545 2110 621">
     <span class='ocr_line' id='line_1_5' title="bbox 451 545 2110 621; baseline -0.001 -18"><span class='ocrx_word' id='word_1_31' title='bbox 451 545 670 604; x_wconf 82' lang='lat' dir='ltr'><strong>fuisses</strong></span> <span class='ocrx_word' id='word_1_32' title='bbox 685 545 1066 616; x_wconf 79' lang='lat' dir='ltr'><strong>immortalis,</strong></span> <span class='ocrx_word' id='word_1_33' title='bbox 1083 563 1473 621; x_wconf 84' lang='lat' dir='ltr'><strong>nequaquam</strong></span> <span class='ocrx_word' id='word_1_34' title='bbox 1491 547 1871 604; x_wconf 86' lang='lat' dir='ltr'><strong>meminisses</strong></span> <span class='ocrx_word' id='word_1_35' title='bbox 1889 561 2110 620; x_wconf 67' lang='lat' dir='ltr'><strong>praece-</strong></span> 
     </span>
    </p>
   </div>
   <div class='ocr_carea' id='block_1_6' title="bbox 449 635 2108 712">
    <p class='ocr_par' dir='ltr' id='par_1_6' title="bbox 449 635 2108 712">
     <span class='ocr_line' id='line_1_6' title="bbox 449 635 2108 712; baseline -0.002 -18"><span class='ocrx_word' id='word_1_36' title='bbox 449 642 714 712; x_wconf 90' lang='lat' dir='ltr'><strong>ptorum.</strong></span> <span class='ocrx_word' id='word_1_37' title='bbox 737 637 942 694; x_wconf 81' lang='lat' dir='ltr'><strong>Nolite</strong></span> <span class='ocrx_word' id='word_1_38' title='bbox 957 651 1198 694; x_wconf 80' lang='lat' dir='ltr'><strong>errare:</strong></span> <span class='ocrx_word' id='word_1_39' title='bbox 1217 638 1371 694; x_wconf 81' lang='lat' dir='ltr'><strong>Dens</strong></span> <span class='ocrx_word' id='word_1_40' title='bbox 1391 653 1512 694; x_wconf 84' lang='lat' dir='ltr'><strong>non</strong></span> <span class='ocrx_word' id='word_1_41' title='bbox 1533 637 1912 695; x_wconf 60' lang='lat' dir='ltr'><strong>irridetur“.</strong></span> <span class='ocrx_word' id='word_1_42' title='bbox 1935 635 2108 700; x_wconf 86' lang='lat' dir='ltr'><strong>Quod</strong></span> 
     </span>
    </p>
   </div>
   <div class='ocr_carea' id='block_1_7' title="bbox 450 724 2107 799">
    <p class='ocr_par' dir='ltr' id='par_1_7' title="bbox 450 724 2107 799">
     <span class='ocr_line' id='line_1_7' title="bbox 450 724 2107 799; baseline -0.002 -14"><span class='ocrx_word' id='word_1_43' title='bbox 450 731 762 785; x_wconf 88' lang='lat' dir='ltr'><strong>mortuum</strong></span> <span class='ocrx_word' id='word_1_44' title='bbox 791 729 904 790; x_wconf 90' lang='lat' dir='ltr'><strong>est,</strong></span> <span class='ocrx_word' id='word_1_45' title='bbox 935 725 998 782; x_wconf 91' lang='lat' dir='ltr'><strong>id</strong></span> <span class='ocrx_word' id='word_1_46' title='bbox 1044 725 1118 784; x_wconf 87' lang='lat' dir='ltr'><strong>ad</strong></span> <span class='ocrx_word' id='word_1_47' title='bbox 1162 727 1349 784; x_wconf 87' lang='lat' dir='ltr'><strong>altare</strong></span> <span class='ocrx_word' id='word_1_48' title='bbox 1395 743 1520 784; x_wconf 88' lang='lat' dir='ltr'><strong>non</strong></span> <span class='ocrx_word' id='word_1_49' title='bbox 1563 726 1921 799; x_wconf 80' lang='lat' dir='ltr'><strong>adducitur;</strong></span> <span class='ocrx_word' id='word_1_50' title='bbox 1957 724 2107 783; x_wconf 81' lang='lat' dir='ltr'><strong>affer</strong></span> 
     </span>
    </p>
   </div>
   <div class='ocr_carea' id='block_1_8' title="bbox 449 814 2105 890">
    <p class='ocr_par' dir='ltr' id='par_1_8' title="bbox 449 814 2105 890">
     <span class='ocr_line' id='line_1_8' title="bbox 449 814 2105 890; baseline -0.002 -16"><span class='ocrx_word' id='word_1_51' title='bbox 449 816 758 874; x_wconf 87' lang='lat' dir='ltr'><strong>victimam</strong></span> <span class='ocrx_word' id='word_1_52' title='bbox 789 814 1112 873; x_wconf 77' lang='lat' dir='ltr'><strong>viventem.</strong></span> <span class='ocrx_word' id='word_1_53' title='bbox 1143 815 1272 872; x_wconf 79' lang='lat' dir='ltr'><strong>Non</strong></span> <span class='ocrx_word' id='word_1_54' title='bbox 1302 816 1637 873; x_wconf 84' lang='lat' dir='ltr'><strong>admittitur</strong></span> <span class='ocrx_word' id='word_1_55' title='bbox 1656 815 1762 890; x_wconf 88' lang='lat' dir='ltr'><strong>qui</strong></span> <span class='ocrx_word' id='word_1_56' title='bbox 1785 831 1858 872; x_wconf 83' lang='lat' dir='ltr'><strong>ex</strong></span> <span class='ocrx_word' id='word_1_57' title='bbox 1886 814 2105 872; x_wconf 90' lang='lat' dir='ltr'><strong>redun-</strong></span> 
     </span>
    </p>
   </div>
   <div class='ocr_carea' id='block_1_9' title="bbox 449 906 2104 979">
    <p class='ocr_par' dir='ltr' id='par_1_9' title="bbox 449 906 2104 979">
     <span class='ocr_line' id='line_1_9' title="bbox 449 906 2104 979; baseline -0.002 -16"><span class='ocrx_word' id='word_1_58' title='bbox 449 907 618 963; x_wconf 86' lang='lat' dir='ltr'><strong>danti</strong></span> <span class='ocrx_word' id='word_1_59' title='bbox 645 906 840 962; x_wconf 80' lang='lat' dir='ltr'><strong>oflcrt.</strong></span> <span class='ocrx_word' id='word_1_60' title='bbox 881 908 964 962; x_wconf 89' lang='lat' dir='ltr'><strong>&#39;l‘u</strong></span> <span class='ocrx_word' id='word_1_61' title='bbox 993 921 1136 963; x_wconf 91' lang='lat' dir='ltr'><strong>vero</strong></span> <span class='ocrx_word' id='word_1_62' title='bbox 1165 921 1303 978; x_wconf 68' lang='lat' dir='ltr'><strong>quae</strong></span> <span class='ocrx_word' id='word_1_63' title='bbox 1347 911 1488 979; x_wconf 91' lang='lat' dir='ltr'><strong>post</strong></span> <span class='ocrx_word' id='word_1_64' title='bbox 1533 910 1808 963; x_wconf 79' lang='lat' dir='ltr'><strong>exactam</strong></span> <span class='ocrx_word' id='word_1_65' title='bbox 1855 920 2104 962; x_wconf 90' lang='lat' dir='ltr'><strong>omnem</strong></span> 
     </span>
    </p>
   </div>
   <div class='ocr_carea' id='block_1_10' title="bbox 447 993 2104 1070">
    <p class='ocr_par' dir='ltr' id='par_1_10' title="bbox 447 993 2104 1070">
     <span class='ocr_line' id='line_1_10' title="bbox 447 993 2104 1070; baseline -0.002 -18"><span class='ocrx_word' id='word_1_66' title='bbox 447 997 634 1053; x_wconf 87' lang='lat' dir='ltr'><strong>vitam</strong></span> <span class='ocrx_word' id='word_1_67' title='bbox 661 996 1108 1070; x_wconf 87' lang='lat' dir='ltr'><strong>superfuerunt,</strong></span> <span class='ocrx_word' id='word_1_68' title='bbox 1127 996 1309 1052; x_wconf 85' lang='lat' dir='ltr'><strong>otl‘ers</strong></span> <span class='ocrx_word' id='word_1_69' title='bbox 1337 995 1610 1052; x_wconf 87' lang='lat' dir='ltr'><strong>benefico</strong></span> <span class='ocrx_word' id='word_1_70' title='bbox 1637 993 1924 1067; x_wconf 89' lang='lat' dir='ltr'><strong>largitori.</strong></span> <span class='ocrx_word' id='word_1_71' title='bbox 1959 993 2104 1050; x_wconf 86' lang='lat' dir='ltr'><strong>l-los-</strong></span> 
     </span>
    </p>
   </div>
   <div class='ocr_carea' id='block_1_11' title="bbox 447 1083 2102 1161">
    <p class='ocr_par' dir='ltr' id='par_1_11' title="bbox 447 1083 2102 1161">
     <span class='ocr_line' id='line_1_11' title="bbox 447 1083 2102 1161; baseline -0.003 -18"><span class='ocrx_word' id='word_1_72' title='bbox 447 1088 600 1161; x_wconf 82' lang='lat' dir='ltr'><strong>pites</strong></span> <span class='ocrx_word' id='word_1_73' title='bbox 629 1085 889 1142; x_wconf 87' lang='lat' dir='ltr'><strong>illustres</strong></span> <span class='ocrx_word' id='word_1_74' title='bbox 913 1099 986 1141; x_wconf 88' lang='lat' dir='ltr'><strong>ac</strong></span> <span class='ocrx_word' id='word_1_75' title='bbox 1006 1083 1200 1141; x_wconf 90' lang='lat' dir='ltr'><strong>claros</strong></span> <span class='ocrx_word' id='word_1_76' title='bbox 1229 1084 1281 1140; x_wconf 91' lang='lat' dir='ltr'><strong>si</strong></span> <span class='ocrx_word' id='word_1_77' title='bbox 1301 1099 1424 1140; x_wconf 90' lang='lat' dir='ltr'><strong>non</strong></span> <span class='ocrx_word' id='word_1_78' title='bbox 1455 1083 1646 1140; x_wconf 83' lang='lat' dir='ltr'><strong>audes</strong></span> <span class='ocrx_word' id='word_1_79' title='bbox 1666 1083 1915 1156; x_wconf 85' lang='lat' dir='ltr'><strong>reliquis</strong></span> <span class='ocrx_word' id='word_1_80' title='bbox 1937 1097 2102 1138; x_wconf 87' lang='lat' dir='ltr'><strong>meu-</strong></span> 
     </span>
    </p>
   </div>
   <div class='ocr_carea' id='block_1_12' title="bbox 449 1172 2102 1249">
    <p class='ocr_par' dir='ltr' id='par_1_12' title="bbox 449 1172 2102 1249">
     <span class='ocr_line' id='line_1_12' title="bbox 449 1172 2102 1249; baseline -0.004 -16"><span class='ocrx_word' id='word_1_81' title='bbox 449 1194 530 1233; x_wconf 70' lang='lat' dir='ltr'><strong>sae</strong></span> <span class='ocrx_word' id='word_1_82' title='bbox 561 1175 856 1249; x_wconf 81' lang='lat' dir='ltr'><strong>excipere,</strong></span> <span class='ocrx_word' id='word_1_83' title='bbox 887 1173 1201 1248; x_wconf 89' lang='lat' dir='ltr'><strong>quomodo</strong></span> <span class='ocrx_word' id='word_1_84' title='bbox 1230 1173 1419 1231; x_wconf 86' lang='lat' dir='ltr'><strong>audes</strong></span> <span class='ocrx_word' id='word_1_85' title='bbox 1453 1177 1635 1230; x_wconf 90' lang='lat' dir='ltr'><strong>Deum</strong></span> <span class='ocrx_word' id='word_1_86' title='bbox 1678 1172 1948 1246; x_wconf 89' lang='lat' dir='ltr'><strong>reliquiis</strong></span> <span class='ocrx_word' id='word_1_87' title='bbox 1985 1173 2102 1228; x_wconf 91' lang='lat' dir='ltr'><strong>tuis</strong></span> 
     </span>
    </p>
   </div>
   <div class='ocr_carea' id='block_1_13' title="bbox 443 1261 2102 1343">
    <p class='ocr_par' dir='ltr' id='par_1_13' title="bbox 443 1261 2102 1343">
     <span class='ocr_line' id='line_1_13' title="bbox 443 1261 2102 1343; baseline -0.004 -18"><span class='ocrx_word' id='word_1_88' title='bbox 443 1268 685 1343; x_wconf 90' lang='lat' dir='ltr'><strong>placare</strong></span> <span class='ocrx_word' id='word_1_89' title='bbox 705 1265 734 1322; x_wconf 79' lang='lat' dir='ltr'><strong>‘I</strong></span> <span class='ocrx_word' id='word_1_90' title='bbox 760 1265 984 1336; x_wconf 80' lang='lat' dir='ltr'><strong>Videte,</strong></span> <span class='ocrx_word' id='word_1_91' title='bbox 1008 1263 1243 1332; x_wconf 76' lang='lat' dir='ltr'><strong>divites,</strong></span> <span class='ocrx_word' id='word_1_92' title='bbox 1258 1263 1442 1319; x_wconf 83' lang='lat' dir='ltr'><strong>tinem</strong></span> <span class='ocrx_word' id='word_1_93' title='bbox 1464 1262 1751 1323; x_wconf 72' lang='lat' dir='ltr'><strong>avaritiae.</strong></span> <span class='ocrx_word' id='word_1_94' title='bbox 1774 1268 1832 1318; x_wconf 92' lang='lat' dir='ltr'><strong>et</strong></span> <span class='ocrx_word' id='word_1_95' title='bbox 1851 1261 2102 1318; x_wconf 85' lang='lat' dir='ltr'><strong>desinite</strong></span> 
     </span>
    </p>
   </div>
   <div class='ocr_carea' id='block_1_14' title="bbox 443 1351 2100 1431">
    <p class='ocr_par' dir='ltr' id='par_1_14' title="bbox 443 1351 2100 1431">
     <span class='ocr_line' id='line_1_14' title="bbox 443 1351 2100 1431; baseline -0.004 -17"><span class='ocrx_word' id='word_1_96' title='bbox 443 1355 716 1431; x_wconf 84' lang='lat' dir='ltr'><strong>pecuniis</strong></span> <span class='ocrx_word' id='word_1_97' title='bbox 763 1352 1023 1410; x_wconf 81' lang='lat' dir='ltr'><strong>studere.</strong></span> <span class='ocrx_word' id='word_1_98' title='bbox 1077 1354 1206 1418; x_wconf 89' lang='lat' dir='ltr'><strong>Quo</strong></span> <span class='ocrx_word' id='word_1_99' title='bbox 1258 1353 1456 1421; x_wconf 82' lang='lat' dir='ltr'><strong>magis</strong></span> <span class='ocrx_word' id='word_1_100' title='bbox 1499 1351 1739 1408; x_wconf 87' lang='lat' dir='ltr'><strong>divitias</strong></span> <span class='ocrx_word' id='word_1_101' title='bbox 1785 1366 1976 1423; x_wconf 86' lang='lat' dir='ltr'><strong>amas,</strong></span> <span class='ocrx_word' id='word_1_102' title='bbox 2028 1365 2100 1408; x_wconf 93' lang='lat' dir='ltr'><strong>eo</strong></span> 
     </span>
    </p>
   </div>
   <div class='ocr_carea' id='block_1_15' title="bbox 443 1440 2101 1517">
    <p class='ocr_par' dir='ltr' id='par_1_15' title="bbox 443 1440 2101 1517">
     <span class='ocr_line' id='line_1_15' title="bbox 443 1440 2101 1517; baseline -0.004 -13"><span class='ocrx_word' id='word_1_103' title='bbox 443 1446 639 1517; x_wconf 82' lang='lat' dir='ltr'><strong>magis</strong></span> <span class='ocrx_word' id='word_1_104' title='bbox 662 1443 809 1500; x_wconf 89' lang='lat' dir='ltr'><strong>nihil</strong></span> <span class='ocrx_word' id='word_1_105' title='bbox 837 1441 1001 1500; x_wconf 84' lang='lat' dir='ltr'><strong>exiis</strong></span> <span class='ocrx_word' id='word_1_106' title='bbox 1028 1457 1165 1515; x_wconf 78' lang='lat' dir='ltr'><strong>quze</strong></span> <span class='ocrx_word' id='word_1_107' title='bbox 1205 1440 1504 1514; x_wconf 88' lang='lat' dir='ltr'><strong>possides,</strong></span> <span class='ocrx_word' id='word_1_108' title='bbox 1534 1440 1864 1515; x_wconf 84' lang='lat' dir='ltr'><strong>relinquas.</strong></span> <span class='ocrx_word' id='word_1_109' title='bbox 1885 1441 2101 1499; x_wconf 89' lang='lat' dir='ltr'><strong>Omnia</strong></span> 
     </span>
    </p>
   </div>
   <div class='ocr_carea' id='block_1_16' title="bbox 441 1531 2102 1605">
    <p class='ocr_par' dir='ltr' id='par_1_16' title="bbox 441 1531 2102 1605">
     <span class='ocr_line' id='line_1_16' title="bbox 441 1531 2102 1605; baseline -0.004 -11"><span class='ocrx_word' id='word_1_110' title='bbox 441 1551 688 1594; x_wconf 86' lang='lat' dir='ltr'><strong>assume</strong></span> <span class='ocrx_word' id='word_1_111' title='bbox 737 1531 1142 1605; x_wconf 85' lang='lat' dir='ltr'><strong>tibi,exporta</strong></span> <span class='ocrx_word' id='word_1_112' title='bbox 1193 1531 1421 1600; x_wconf 85' lang='lat' dir='ltr'><strong>omnia,</strong></span> <span class='ocrx_word' id='word_1_113' title='bbox 1452 1531 1665 1588; x_wconf 90' lang='lat' dir='ltr'><strong>alienis</strong></span> <span class='ocrx_word' id='word_1_114' title='bbox 1704 1547 1780 1588; x_wconf 90' lang='lat' dir='ltr'><strong>ne</strong></span> <span class='ocrx_word' id='word_1_115' title='bbox 1827 1531 2102 1604; x_wconf 88' lang='lat' dir='ltr'><strong>relinque</strong></span> 
     </span>
    </p>
   </div>
   <div class='ocr_carea' id='block_1_17' title="bbox 439 1620 2096 1694">
    <p class='ocr_par' dir='ltr' id='par_1_17' title="bbox 439 1620 2096 1694">
     <span class='ocr_line' id='line_1_17' title="bbox 439 1620 2096 1694; baseline -0.003 -13"><span class='ocrx_word' id='word_1_116' title='bbox 439 1624 699 1681; x_wconf 86' lang='lat' dir='ltr'><strong>divitias.</strong></span> <span class='ocrx_word' id='word_1_117' title='bbox 727 1624 1002 1679; x_wconf 84' lang='lat' dir='ltr'><strong>Fortasse</strong></span> <span class='ocrx_word' id='word_1_118' title='bbox 1035 1624 1236 1676; x_wconf 87' lang='lat' dir='ltr'><strong>autem</strong></span> <span class='ocrx_word' id='word_1_119' title='bbox 1265 1627 1319 1676; x_wconf 93' lang='lat' dir='ltr'><strong>te</strong></span> <span class='ocrx_word' id='word_1_120' title='bbox 1351 1637 1427 1677; x_wconf 89' lang='lat' dir='ltr'><strong>ne</strong></span> <span class='ocrx_word' id='word_1_121' title='bbox 1455 1620 1805 1694; x_wconf 87' lang='lat' dir='ltr'><strong>cooperient</strong></span> <span class='ocrx_word' id='word_1_122' title='bbox 1844 1620 2096 1694; x_wconf 86' lang='lat' dir='ltr'><strong>quidem</strong></span> 
     </span>
    </p>
   </div>
   <div class='ocr_carea' id='block_1_18' title="bbox 2220 462 3829 544">
    <p class='ocr_par' dir='ltr' id='par_1_18' title="bbox 2220 462 3829 544">
     <span class='ocr_line' id='line_1_18' title="bbox 2220 462 3829 544; baseline 0.011 -34"><span class='ocrx_word' id='word_1_123' title='bbox 2220 463 2404 534; x_wconf 85' lang='grc' dir='ltr'>χάρις,</span> <span class='ocrx_word' id='word_1_124' title='bbox 2451 462 2511 514; x_wconf 71' lang='grc' dir='ltr'>οὗ</span> <span class='ocrx_word' id='word_1_125' title='bbox 2562 468 2666 520; x_wconf 85' lang='grc' dir='ltr'>σοί.</span> <span class='ocrx_word' id='word_1_126' title='bbox 2704 464 2765 517; x_wconf 81' lang='grc' dir='ltr'>Εἰ</span> <span class='ocrx_word' id='word_1_127' title='bbox 2799 467 2901 540; x_wconf 76' lang='grc' dir='ltr'>γὰρ</span> <span class='ocrx_word' id='word_1_128' title='bbox 2934 462 2996 528; x_wconf 76' lang='grc' dir='ltr'>ἧς</span> <span class='ocrx_word' id='word_1_129' title='bbox 3042 464 3317 535; x_wconf 78' lang='grc' dir='ltr'>ἀθάνατος,</span> <span class='ocrx_word' id='word_1_130' title='bbox 3350 468 3444 522; x_wconf 68' lang='grc' dir='ltr'>οὐκ</span> <span class='ocrx_word' id='word_1_131' title='bbox 3469 468 3530 522; x_wconf 79' lang='grc' dir='ltr'>ἂν</span> <span class='ocrx_word' id='word_1_132' title='bbox 3561 469 3829 544; x_wconf 75' lang='grc' dir='ltr'><strong>ἐμνήσθης</strong></span> 
     </span>
    </p>
   </div>
   <div class='ocr_carea' id='block_1_19' title="bbox 2220 549 3827 636">
    <p class='ocr_par' dir='ltr' id='par_1_19' title="bbox 2220 549 3827 636">
     <span class='ocr_line' id='line_1_19' title="bbox 2220 549 3827 636; baseline 0.01 -36"><span class='ocrx_word' id='word_1_133' title='bbox 2220 558 2318 601; x_wconf 81' lang='grc' dir='ltr'>τῶν</span> <span class='ocrx_word' id='word_1_134' title='bbox 2373 549 2604 608; x_wconf 73' lang='grc' dir='ltr'>ἐντολῶν,</span> <span class='ocrx_word' id='word_1_135' title='bbox 2665 557 2750 613; x_wconf 78' lang='grc' dir='ltr'><strong>Μὴ</strong></span> <span class='ocrx_word' id='word_1_136' title='bbox 2817 554 3081 608; x_wconf 77' lang='grc' dir='ltr'>πλανᾶσθε</span> <span class='ocrx_word' id='word_1_137' title='bbox 3121 576 3135 590; x_wconf 80' lang='grc' dir='ltr'><strong><em>ο</em></strong></span> <span class='ocrx_word' id='word_1_138' title='bbox 3191 561 3322 619; x_wconf 82' lang='grc' dir='ltr'><strong>Θεὸς</strong></span> <span class='ocrx_word' id='word_1_139' title='bbox 3383 557 3441 610; x_wconf 72' lang='grc' dir='ltr'><strong>οὗ</strong></span> <span class='ocrx_word' id='word_1_140' title='bbox 3499 563 3827 636; x_wconf 78' lang='grc' dir='ltr'>μυκτηρίζε-</span> 
     </span>
    </p>
   </div>
   <div class='ocr_carea' id='block_1_20' title="bbox 2217 643 3825 720">
    <p class='ocr_par' dir='ltr' id='par_1_20' title="bbox 2217 643 3825 720">
     <span class='ocr_line' id='line_1_20' title="bbox 2217 643 3825 720; baseline 0.008 -29"><span class='ocrx_word' id='word_1_141' title='bbox 2217 658 2324 695; x_wconf 89' lang='grc' dir='ltr'>ται.</span> <span class='ocrx_word' id='word_1_142' title='bbox 2375 645 2569 715; x_wconf 86' lang='grc' dir='ltr'>Νεκρόν</span> <span class='ocrx_word' id='word_1_143' title='bbox 2629 643 2700 706; x_wconf 89' lang='grc' dir='ltr'><strong>εἰς</strong></span> <span class='ocrx_word' id='word_1_144' title='bbox 2757 643 3136 718; x_wconf 62' lang='grc' dir='ltr'>*θυσιαστήριον</span> <span class='ocrx_word' id='word_1_145' title='bbox 3179 645 3274 698; x_wconf 71' lang='grc' dir='ltr'>οὐκ</span> <span class='ocrx_word' id='word_1_146' title='bbox 3331 644 3579 720; x_wconf 74' lang='grc' dir='ltr'>ἀνάγεται</span> <span class='ocrx_word' id='word_1_147' title='bbox 3614 671 3626 683; x_wconf 94' lang='grc'><strong>·</strong></span> <span class='ocrx_word' id='word_1_148' title='bbox 3686 651 3825 712; x_wconf 77' lang='grc' dir='ltr'><strong>ζῶαν</strong></span> 
     </span>
    </p>
   </div>
   <div class='ocr_carea' id='block_1_21' title="bbox 2216 733 3825 812">
    <p class='ocr_par' dir='ltr' id='par_1_21' title="bbox 2216 733 3825 812">
     <span class='ocr_line' id='line_1_21' title="bbox 2216 733 3825 812; baseline 0.008 -31"><span class='ocrx_word' id='word_1_149' title='bbox 2216 733 2526 803; x_wconf 70' lang='grc' dir='ltr'>προσένεγκε</span> <span class='ocrx_word' id='word_1_150' title='bbox 2584 736 2678 791; x_wconf 71' lang='grc' dir='ltr'><strong>τὴν</strong></span> <span class='ocrx_word' id='word_1_151' title='bbox 2747 733 2954 788; x_wconf 84' lang='grc' dir='ltr'>θυσίαν.</span> <span class='ocrx_word' id='word_1_152' title='bbox 3013 733 3070 787; x_wconf 83' lang='grc' dir='ltr'><strong>Ὀ</strong></span> <span class='ocrx_word' id='word_1_153' title='bbox 3128 733 3182 786; x_wconf 74' lang='grc' dir='ltr'>ἐκ</span> <span class='ocrx_word' id='word_1_154' title='bbox 3249 743 3342 788; x_wconf 83' lang='grc' dir='ltr'>τοῦ</span> <span class='ocrx_word' id='word_1_155' title='bbox 3407 741 3825 812; x_wconf 70' lang='grc' dir='ltr'><strong>περισσεύματος</strong></span> 
     </span>
    </p>
   </div>
   <div class='ocr_carea' id='block_1_22' title="bbox 2215 817 3818 898">
    <p class='ocr_par' dir='ltr' id='par_1_22' title="bbox 2215 817 3818 898">
     <span class='ocr_line' id='line_1_22' title="bbox 2215 817 3818 898; baseline 0.007 -27"><span class='ocrx_word' id='word_1_156' title='bbox 2215 822 2518 894; x_wconf 72' lang='grc' dir='ltr'><strong>προσφέρων</strong></span> <span class='ocrx_word' id='word_1_157' title='bbox 2572 817 2951 896; x_wconf 79' lang='grc' dir='ltr'>ἀπρόσδεκτος.</span> <span class='ocrx_word' id='word_1_158' title='bbox 3002 827 3068 876; x_wconf 79' lang='grc' dir='ltr'><strong>Σὺ</strong></span> <span class='ocrx_word' id='word_1_159' title='bbox 3119 819 3178 877; x_wconf 64' lang='grc' dir='ltr'>δὲ</span> <span class='ocrx_word' id='word_1_160' title='bbox 3231 826 3267 877; x_wconf 85' lang='grc' dir='ltr'>ἀ⁹</span> <span class='ocrx_word' id='word_1_161' title='bbox 3315 828 3448 898; x_wconf 85' lang='grc' dir='ltr'><strong>μετὰ</strong></span> <span class='ocrx_word' id='word_1_162' title='bbox 3501 833 3676 880; x_wconf 79' lang='grc' dir='ltr'>πᾶσαν</span> <span class='ocrx_word' id='word_1_163' title='bbox 3725 835 3818 889; x_wconf 74' lang='grc' dir='ltr'><strong>τὴν</strong></span> 
     </span>
    </p>
   </div>
   <div class='ocr_carea' id='block_1_23' title="bbox 2215 907 3818 992">
    <p class='ocr_par' dir='ltr' id='par_1_23' title="bbox 2215 907 3818 992">
     <span class='ocr_line' id='line_1_23' title="bbox 2215 907 3818 992; baseline 0.009 -34"><span class='ocrx_word' id='word_1_164' title='bbox 2215 907 2354 968; x_wconf 74' lang='grc' dir='ltr'><strong>ζωὴν</strong></span> <span class='ocrx_word' id='word_1_165' title='bbox 2402 907 2778 983; x_wconf 74' lang='grc' dir='ltr'>ἐπερίσσευσε,</span> <span class='ocrx_word' id='word_1_166' title='bbox 2837 920 3006 964; x_wconf 78' lang='grc' dir='ltr'>ταῦτα</span> <span class='ocrx_word' id='word_1_167' title='bbox 3055 917 3370 988; x_wconf 70' lang='grc' dir='ltr'>προσφέρεις</span> <span class='ocrx_word' id='word_1_168' title='bbox 3557 916 3818 992; x_wconf 70' lang='grc' dir='ltr'>εὐεργέτῃ.</span> 
     </span>
    </p>
   </div>
   <div class='ocr_carea' id='block_1_24' title="bbox 2213 996 3823 1077">
    <p class='ocr_par' dir='ltr' id='par_1_24' title="bbox 2213 996 3823 1077">
     <span class='ocr_line' id='line_1_24' title="bbox 2213 996 3823 1077; baseline 0.006 -27"><span class='ocrx_word' id='word_1_169' title='bbox 2213 996 2274 1050; x_wconf 84' lang='grc' dir='ltr'><strong>Εἰ</strong></span> <span class='ocrx_word' id='word_1_170' title='bbox 2321 997 2380 1049; x_wconf 71' lang='grc' dir='ltr'><strong>οὗ</strong></span> <span class='ocrx_word' id='word_1_171' title='bbox 2426 997 2622 1071; x_wconf 73' lang='grc' dir='ltr'>τολμᾷς</span> <span class='ocrx_word' id='word_1_172' title='bbox 2671 998 2726 1052; x_wconf 74' lang='grc' dir='ltr'>ἐκ</span> <span class='ocrx_word' id='word_1_173' title='bbox 2768 1008 2868 1052; x_wconf 78' lang='grc' dir='ltr'><strong>τῶν</strong></span> <span class='ocrx_word' id='word_1_174' title='bbox 2923 999 3176 1072; x_wconf 69' lang='grc' dir='ltr'>λειψάνων</span> <span class='ocrx_word' id='word_1_175' title='bbox 3204 1011 3302 1065; x_wconf 79' lang='grc' dir='ltr'>τῆς</span> <span class='ocrx_word' id='word_1_176' title='bbox 3346 1005 3611 1077; x_wconf 72' lang='grc' dir='ltr'><strong>τραπέζης</strong></span> <span class='ocrx_word' id='word_1_177' title='bbox 3644 1002 3823 1070; x_wconf 76' lang='grc' dir='ltr'>δεξιώ-</span> 
     </span>
    </p>
   </div>
   <div class='ocr_carea' id='block_1_25' title="bbox 2215 1085 3822 1165">
    <p class='ocr_par' dir='ltr' id='par_1_25' title="bbox 2215 1085 3822 1165">
     <span class='ocr_line' id='line_1_25' title="bbox 2215 1085 3822 1165; baseline 0.006 -27"><span class='ocrx_word' id='word_1_178' title='bbox 2215 1088 2414 1140; x_wconf 74' lang='grc' dir='ltr'>σασθαι</span> <span class='ocrx_word' id='word_1_179' title='bbox 2457 1091 2581 1150; x_wconf 76' lang='grc' dir='ltr'>τοὺς</span> <span class='ocrx_word' id='word_1_180' title='bbox 2623 1085 2882 1155; x_wconf 77' lang='grc' dir='ltr'><strong>ἐνδόξους,</strong></span> <span class='ocrx_word' id='word_1_181' title='bbox 2923 1099 3036 1152; x_wconf 76' lang='grc' dir='ltr'>πῶς</span> <span class='ocrx_word' id='word_1_182' title='bbox 3078 1087 3165 1143; x_wconf 75' lang='grc' dir='ltr'>οὖν</span> <span class='ocrx_word' id='word_1_183' title='bbox 3212 1091 3406 1165; x_wconf 77' lang='grc' dir='ltr'>τολμᾷς</span> <span class='ocrx_word' id='word_1_184' title='bbox 3453 1096 3540 1146; x_wconf 89' lang='grc' dir='ltr'><strong>τόν</strong></span> <span class='ocrx_word' id='word_1_185' title='bbox 3581 1099 3710 1148; x_wconf 82' lang='grc' dir='ltr'>Θεὸν</span> <span class='ocrx_word' id='word_1_186' title='bbox 3767 1094 3822 1148; x_wconf 74' lang='grc' dir='ltr'>ἐκ</span> 
     </span>
    </p>
   </div>
   <div class='ocr_carea' id='block_1_26' title="bbox 2211 1175 3797 1257">
    <p class='ocr_par' dir='ltr' id='par_1_26' title="bbox 2211 1175 3797 1257">
     <span class='ocr_line' id='line_1_26' title="bbox 2211 1175 3797 1257; baseline 0.006 -29"><span class='ocrx_word' id='word_1_187' title='bbox 2211 1185 2310 1228; x_wconf 87' lang='grc' dir='ltr'><strong>τῶν</strong></span> <span class='ocrx_word' id='word_1_188' title='bbox 2339 1175 2591 1246; x_wconf 62' lang='grc' dir='ltr'>λειψάνων</span> <span class='ocrx_word' id='word_1_189' title='bbox 2639 1176 2998 1246; x_wconf 74' lang='grc' dir='ltr'>ἐξιλεουσθαι;</span> <span class='ocrx_word' id='word_1_190' title='bbox 3033 1177 3200 1233; x_wconf 83' lang='grc' dir='ltr'>Ἴδετε</span> <span class='ocrx_word' id='word_1_191' title='bbox 3246 1184 3305 1234; x_wconf 84' lang='grc' dir='ltr'>τό</span> <span class='ocrx_word' id='word_1_192' title='bbox 3358 1181 3500 1244; x_wconf 80' lang='grc' dir='ltr'>τέλος</span> <span class='ocrx_word' id='word_1_193' title='bbox 3549 1191 3644 1246; x_wconf 77' lang='grc' dir='ltr'><strong>τῆς</strong></span> <span class='ocrx_word' id='word_1_194' title='bbox 3683 1185 3797 1257; x_wconf 69' lang='grc' dir='ltr'>φιλο</span> 
     </span>
    </p>
   </div>
   <div class='ocr_carea' id='block_1_27' title="bbox 2209 1265 3818 1347">
    <p class='ocr_par' dir='ltr' id='par_1_27' title="bbox 2209 1265 3818 1347">
     <span class='ocr_line' id='line_1_27' title="bbox 2209 1265 3818 1347; baseline 0.006 -31"><span class='ocrx_word' id='word_1_195' title='bbox 2209 1271 2536 1338; x_wconf 70' lang='grc' dir='ltr'>χρηματίας,</span> <span class='ocrx_word' id='word_1_196' title='bbox 2567 1265 2616 1319; x_wconf 87' lang='grc' dir='ltr'><strong>οἰ</strong></span> <span class='ocrx_word' id='word_1_197' title='bbox 2661 1267 2923 1334; x_wconf 67' lang='grc' dir='ltr'>πλούσιοι,</span> <span class='ocrx_word' id='word_1_198' title='bbox 2955 1272 3044 1321; x_wconf 82' lang='grc' dir='ltr'>καὶ</span> <span class='ocrx_word' id='word_1_199' title='bbox 3091 1272 3371 1323; x_wconf 78' lang='grc' dir='ltr'>παύσασθε</span> <span class='ocrx_word' id='word_1_200' title='bbox 3414 1269 3658 1344; x_wconf 76' lang='grc' dir='ltr'>ὶμπαοώς</span> <span class='ocrx_word' id='word_1_201' title='bbox 3687 1277 3818 1347; x_wconf 81' lang='grc' dir='ltr'>πρὸς</span> 
     </span>
    </p>
   </div>
   <div class='ocr_carea' id='block_1_28' title="bbox 2211 1352 3817 1431">
    <p class='ocr_par' dir='ltr' id='par_1_28' title="bbox 2211 1352 3817 1431">
     <span class='ocr_line' id='line_1_28' title="bbox 2211 1352 3817 1431; baseline 0.006 -25"><span class='ocrx_word' id='word_1_202' title='bbox 2211 1356 2276 1406; x_wconf 83' lang='grc' dir='ltr'><strong>τὰ</strong></span> <span class='ocrx_word' id='word_1_203' title='bbox 2321 1360 2579 1430; x_wconf 80' lang='grc' dir='ltr'>χρήματα</span> <span class='ocrx_word' id='word_1_204' title='bbox 2631 1352 2967 1430; x_wconf 72' lang='grc' dir='ltr'><strong>διακείμενοι·</strong></span> <span class='ocrx_word' id='word_1_205' title='bbox 3018 1357 3166 1430; x_wconf 55' lang='lat' dir='ltr'><strong>&quot;Oa-r9</strong></span> <span class='ocrx_word' id='word_1_206' title='bbox 3223 1357 3563 1431; x_wconf 71' lang='grc' dir='ltr'><strong>φιλόπλουτος</strong></span> <span class='ocrx_word' id='word_1_207' title='bbox 3605 1358 3668 1428; x_wconf 83' lang='grc' dir='ltr'>εἰ,</span> <span class='ocrx_word' id='word_1_208' title='bbox 3722 1381 3817 1416; x_wconf 85' lang='grc' dir='ltr'><strong>το-</strong></span> 
     </span>
    </p>
   </div>
   <div class='ocr_carea' id='block_1_29' title="bbox 2211 1442 3808 1524">
    <p class='ocr_par' dir='ltr' id='par_1_29' title="bbox 2211 1442 3808 1524">
     <span class='ocr_line' id='line_1_29' title="bbox 2211 1442 3808 1524; baseline 0.004 -28"><span class='ocrx_word' id='word_1_209' title='bbox 2211 1446 2382 1516; x_wconf 74' lang='grc' dir='ltr'>σούτῳ</span> <span class='ocrx_word' id='word_1_210' title='bbox 2429 1444 2618 1518; x_wconf 78' lang='grc' dir='ltr'>μᾶλλον</span> <span class='ocrx_word' id='word_1_211' title='bbox 2669 1442 2835 1518; x_wconf 60' lang='grc' dir='ltr'>μηδὲν</span> <span class='ocrx_word' id='word_1_212' title='bbox 2893 1445 3141 1520; x_wconf 70' lang='grc' dir='ltr'>ὑπολείπῃ</span> <span class='ocrx_word' id='word_1_213' title='bbox 3191 1448 3305 1518; x_wconf 82' lang='lat'><strong>(50)</strong></span> <span class='ocrx_word' id='word_1_214' title='bbox 3357 1457 3458 1500; x_wconf 80' lang='grc' dir='ltr'><strong>τῶν</strong></span> <span class='ocrx_word' id='word_1_215' title='bbox 3510 1453 3808 1524; x_wconf 77' lang='grc' dir='ltr'><strong>προσόντων</strong></span> 
     </span>
    </p>
   </div>
   <div class='ocr_carea' id='block_1_30' title="bbox 2213 1534 3812 1614">
    <p class='ocr_par' dir='ltr' id='par_1_30' title="bbox 2213 1534 3812 1614">
     <span class='ocr_line' id='line_1_30' title="bbox 2213 1534 3812 1614; baseline 0.003 -29"><span class='ocrx_word' id='word_1_216' title='bbox 2213 1552 2316 1588; x_wconf 90' lang='grc' dir='ltr'>σοι.</span> <span class='ocrx_word' id='word_1_217' title='bbox 2369 1535 2546 1586; x_wconf 83' lang='grc' dir='ltr'>Πάντα</span> <span class='ocrx_word' id='word_1_218' title='bbox 2595 1543 2816 1587; x_wconf 74' lang='grc' dir='ltr'>σεαυτοῦ</span> <span class='ocrx_word' id='word_1_219' title='bbox 2859 1541 3102 1606; x_wconf 77' lang='grc' dir='ltr'>ποίησαι,</span> <span class='ocrx_word' id='word_1_220' title='bbox 3155 1538 3327 1589; x_wconf 87' lang='grc' dir='ltr'>πάντα</span> <span class='ocrx_word' id='word_1_221' title='bbox 3369 1534 3697 1611; x_wconf 72' lang='grc' dir='ltr'>ἔπικόμισαι,</span> <span class='ocrx_word' id='word_1_222' title='bbox 3739 1544 3812 1614; x_wconf 78' lang='grc' dir='ltr'>μὴ</span> 
     </span>
    </p>
   </div>
   <div class='ocr_carea' id='block_1_31' title="bbox 2207 1621 3817 1698">
    <p class='ocr_par' dir='ltr' id='par_1_31' title="bbox 2207 1621 3817 1698">
     <span class='ocr_line' id='line_1_31' title="bbox 2207 1621 3817 1698; baseline 0.006 -25"><span class='ocrx_word' id='word_1_223' title='bbox 2207 1621 2502 1696; x_wconf 71' lang='grc' dir='ltr'><strong>καταλίπῃς</strong></span> <span class='ocrx_word' id='word_1_224' title='bbox 2549 1621 2837 1698; x_wconf 74' lang='grc' dir='ltr'>ἀλλοτρίοις</span> <span class='ocrx_word' id='word_1_225' title='bbox 2883 1628 2971 1684; x_wconf 83' lang='grc' dir='ltr'><strong>τόν</strong></span> <span class='ocrx_word' id='word_1_226' title='bbox 3013 1624 3254 1680; x_wconf 64' lang='grc' dir='ltr'>πλοῦτον.</span> <span class='ocrx_word' id='word_1_227' title='bbox 3286 1627 3446 1698; x_wconf 81' lang='grc' dir='ltr'>Τάχα</span> <span class='ocrx_word' id='word_1_228' title='bbox 3483 1623 3546 1680; x_wconf 82' lang='grc' dir='ltr'>δέ</span> <span class='ocrx_word' id='word_1_229' title='bbox 3593 1647 3651 1680; x_wconf 87' lang='grc' dir='ltr'>σε</span> <span class='ocrx_word' id='word_1_230' title='bbox 3692 1625 3817 1682; x_wconf 65' lang='grc' dir='ltr'><strong>οὐδὲ</strong></span> 
     </span>
    </p>
   </div>
   <div class='ocr_carea' id='block_1_32' title="bbox 437 1709 2093 1791">
    <p class='ocr_par' dir='ltr' id='par_1_32' title="bbox 437 1709 2093 1780">
     <span class='ocr_line' id='line_1_32' title="bbox 437 1709 2093 1780; baseline -0.002 -9"><span class='ocrx_word' id='word_1_231' title='bbox 437 1713 650 1772; x_wconf 83' lang='lat' dir='ltr'><strong>famuli</strong></span> <span class='ocrx_word' id='word_1_232' title='bbox 675 1717 942 1770; x_wconf 83' lang='lat' dir='ltr'><strong>extremo</strong></span> <span class='ocrx_word' id='word_1_233' title='bbox 965 1725 1037 1767; x_wconf 88' lang='lat' dir='ltr'><strong>ac</strong></span> <span class='ocrx_word' id='word_1_234' title='bbox 1059 1709 1298 1766; x_wconf 86' lang='lat' dir='ltr'><strong>funebri</strong></span> <span class='ocrx_word' id='word_1_235' title='bbox 1325 1709 1687 1775; x_wconf 89' lang='lat' dir='ltr'><strong>ornatu,sed</strong></span> <span class='ocrx_word' id='word_1_236' title='bbox 1708 1709 2093 1780; x_wconf 87' lang='lat' dir='ltr'><strong>denegabunt</strong></span> 
     </span>
    </p>
   </div>
   <div class='ocr_carea' id='block_1_33' title="bbox 2199 1709 3812 1791">
    <p class='ocr_par' dir='ltr' id='par_1_33' title="bbox 2207 1711 3812 1791">
     <span class='ocr_line' id='line_1_33' title="bbox 2207 1711 3812 1791; baseline 0.004 -28"><span class='ocrx_word' id='word_1_237' title='bbox 2207 1711 2600 1785; x_wconf 80' lang='grc' dir='ltr'>περιστελοῡσιν</span> <span class='ocrx_word' id='word_1_238' title='bbox 2652 1714 2766 1779; x_wconf 81' lang='grc'><strong>(51)</strong></span> <span class='ocrx_word' id='word_1_239' title='bbox 2814 1715 2863 1766; x_wconf 85' lang='grc' dir='ltr'><strong>οἰ</strong></span> <span class='ocrx_word' id='word_1_240' title='bbox 2906 1715 3104 1767; x_wconf 77' lang='grc' dir='ltr'>οἰκέται</span> <span class='ocrx_word' id='word_1_241' title='bbox 3151 1723 3224 1786; x_wconf 77' lang='grc' dir='ltr'>τῷ</span> <span class='ocrx_word' id='word_1_242' title='bbox 3279 1715 3552 1788; x_wconf 75' lang='grc' dir='ltr'>τελευταίῳ</span> <span class='ocrx_word' id='word_1_243' title='bbox 3608 1721 3812 1791; x_wconf 81' lang='grc' dir='ltr'>κόσμῳ,</span> 
     </span>
    </p>
   </div>
   <div class='ocr_carea' id='block_1_34' title="bbox 437 1797 2095 1874">
    <p class='ocr_par' dir='ltr' id='par_1_34' title="bbox 437 1797 2095 1874">
     <span class='ocr_line' id='line_1_34' title="bbox 437 1797 2095 1874; baseline -0.002 -14"><span class='ocrx_word' id='word_1_244' title='bbox 437 1800 782 1874; x_wconf 81' lang='lat' dir='ltr'><strong>exsequias,</strong></span> <span class='ocrx_word' id='word_1_245' title='bbox 809 1799 1066 1872; x_wconf 85' lang='lat' dir='ltr'><strong>jamjam</strong></span> <span class='ocrx_word' id='word_1_246' title='bbox 1097 1797 1444 1855; x_wconf 71' lang='lat' dir='ltr'><strong>hieredibus</strong></span> <span class='ocrx_word' id='word_1_247' title='bbox 1488 1798 1728 1872; x_wconf 87' lang='lat' dir='ltr'><strong>placere</strong></span> <span class='ocrx_word' id='word_1_248' title='bbox 1766 1799 2095 1856; x_wconf 87' lang='lat' dir='ltr'><strong>studentes.</strong></span> 
     </span>
    </p>
   </div>
   <div class='ocr_carea' id='block_1_35' title="bbox 435 1885 2098 1960">
    <p class='ocr_par' dir='ltr' id='par_1_35' title="bbox 435 1885 2098 1960">
     <span class='ocr_line' id='line_1_35' title="bbox 435 1885 2098 1960; baseline -0.002 -14"><span class='ocrx_word' id='word_1_249' title='bbox 435 1895 552 1948; x_wconf 82' lang='lat' dir='ltr'><strong>Aut</strong></span> <span class='ocrx_word' id='word_1_250' title='bbox 595 1890 745 1946; x_wconf 84' lang='lat' dir='ltr'><strong>forte</strong></span> <span class='ocrx_word' id='word_1_251' title='bbox 788 1887 971 1944; x_wconf 89' lang='lat' dir='ltr'><strong>etiam</strong></span> <span class='ocrx_word' id='word_1_252' title='bbox 1013 1891 1157 1942; x_wconf 91' lang='lat' dir='ltr'><strong>tunc</strong></span> <span class='ocrx_word' id='word_1_253' title='bbox 1206 1885 1532 1942; x_wconf 87' lang='lat' dir='ltr'><strong>adversum</strong></span> <span class='ocrx_word' id='word_1_254' title='bbox 1567 1891 1621 1943; x_wconf 93' lang='lat' dir='ltr'><strong>te</strong></span> <span class='ocrx_word' id='word_1_255' title='bbox 1659 1885 2098 1960; x_wconf 87' lang='lat' dir='ltr'><strong>philosophicis</strong></span> 
     </span>
    </p>
   </div>
   <div class='ocr_carea' id='block_1_36' title="bbox 433 1974 2098 2048">
    <p class='ocr_par' dir='ltr' id='par_1_36' title="bbox 433 1974 2098 2048">
     <span class='ocr_line' id='line_1_36' title="bbox 433 1974 2098 2048; baseline -0.004 -10"><span class='ocrx_word' id='word_1_256' title='bbox 433 1979 636 2038; x_wconf 89' lang='lat' dir='ltr'><strong>verbis</strong></span> <span class='ocrx_word' id='word_1_257' title='bbox 660 1981 939 2035; x_wconf 88' lang='lat' dir='ltr'><strong>utentur:</strong></span> <span class='ocrx_word' id='word_1_258' title='bbox 963 1975 1243 2048; x_wconf 86' lang='lat' dir='ltr'><strong>Ineptum</strong></span> <span class='ocrx_word' id='word_1_259' title='bbox 1272 1979 1378 2045; x_wconf 91' lang='lat' dir='ltr'><strong>est,</strong></span> <span class='ocrx_word' id='word_1_260' title='bbox 1401 1974 1699 2048; x_wconf 89' lang='lat' dir='ltr'><strong>inquieut,</strong></span> <span class='ocrx_word' id='word_1_261' title='bbox 1725 1980 1780 2032; x_wconf 92' lang='lat' dir='ltr'><strong>et</strong></span> <span class='ocrx_word' id='word_1_262' title='bbox 1801 1991 1837 2034; x_wconf 88' lang='lat' dir='ltr'><strong>a</strong></span> <span class='ocrx_word' id='word_1_263' title='bbox 1864 1976 2098 2032; x_wconf 87' lang='lat' dir='ltr'><strong>ratione</strong></span> 
     </span>
    </p>
   </div>
   <div class='ocr_carea' id='block_1_37' title="bbox 435 2065 2097 2145">
    <p class='ocr_par' dir='ltr' id='par_1_37' title="bbox 435 2065 2097 2145">
     <span class='ocr_line' id='line_1_37' title="bbox 435 2065 2097 2145; baseline -0.004 -17"><span class='ocrx_word' id='word_1_264' title='bbox 435 2070 722 2145; x_wconf 73' lang='lat' dir='ltr'><strong>alienum,</strong></span> <span class='ocrx_word' id='word_1_265' title='bbox 751 2071 1063 2124; x_wconf 90' lang='lat' dir='ltr'><strong>mortuum</strong></span> <span class='ocrx_word' id='word_1_266' title='bbox 1106 2080 1359 2134; x_wconf 88' lang='lat' dir='ltr'><strong>ornare;</strong></span> <span class='ocrx_word' id='word_1_267' title='bbox 1390 2069 1448 2122; x_wconf 90' lang='lat' dir='ltr'><strong>et</strong></span> <span class='ocrx_word' id='word_1_268' title='bbox 1477 2081 1617 2122; x_wconf 92' lang='lat' dir='ltr'><strong>eum</strong></span> <span class='ocrx_word' id='word_1_269' title='bbox 1647 2065 1754 2139; x_wconf 92' lang='lat' dir='ltr'><strong>qui</strong></span> <span class='ocrx_word' id='word_1_270' title='bbox 1792 2065 1942 2122; x_wconf 88' lang='lat' dir='ltr'><strong>nihil</strong></span> <span class='ocrx_word' id='word_1_271' title='bbox 1965 2067 2097 2138; x_wconf 90' lang='lat' dir='ltr'><strong>jam</strong></span> 
     </span>
    </p>
   </div>
   <div class='ocr_carea' id='block_1_38' title="bbox 435 2154 2094 2228">
    <p class='ocr_par' dir='ltr' id='par_1_38' title="bbox 435 2154 2094 2228">
     <span class='ocr_line' id='line_1_38' title="bbox 435 2154 2094 2228; baseline -0.005 -10"><span class='ocrx_word' id='word_1_272' title='bbox 435 2159 632 2227; x_wconf 85' lang='lat' dir='ltr'><strong>sentit,</strong></span> <span class='ocrx_word' id='word_1_273' title='bbox 677 2157 918 2226; x_wconf 80' lang='lat' dir='ltr'><strong>magnis</strong></span> <span class='ocrx_word' id='word_1_274' title='bbox 966 2154 1312 2228; x_wconf 89' lang='lat' dir='ltr'><strong>sumptibus</strong></span> <span class='ocrx_word' id='word_1_275' title='bbox 1361 2154 1589 2212; x_wconf 80' lang='lat' dir='ltr'><strong>efferre.</strong></span> <span class='ocrx_word' id='word_1_276' title='bbox 1638 2159 1854 2212; x_wconf 83' lang='lat' dir='ltr'><strong>Annon</strong></span> <span class='ocrx_word' id='word_1_277' title='bbox 1904 2155 2094 2211; x_wconf 88' lang='lat' dir='ltr'><strong>satius</strong></span> 
     </span>
    </p>
   </div>
   <div class='ocr_carea' id='block_1_39' title="bbox 432 2243 2096 2322">
    <p class='ocr_par' dir='ltr' id='par_1_39' title="bbox 432 2243 2096 2322">
     <span class='ocr_line' id='line_1_39' title="bbox 432 2243 2096 2322; baseline -0.004 -15"><span class='ocrx_word' id='word_1_278' title='bbox 432 2255 522 2307; x_wconf 85' lang='lat' dir='ltr'><strong>est</strong></span> <span class='ocrx_word' id='word_1_279' title='bbox 579 2245 932 2322; x_wconf 87' lang='lat' dir='ltr'><strong>superstites</strong></span> <span class='ocrx_word' id='word_1_280' title='bbox 990 2247 1354 2315; x_wconf 89' lang='lat' dir='ltr'><strong>sumptuoso</strong></span> <span class='ocrx_word' id='word_1_281' title='bbox 1408 2244 1636 2300; x_wconf 86' lang='lat' dir='ltr'><strong>amictu</strong></span> <span class='ocrx_word' id='word_1_282' title='bbox 1671 2260 1742 2300; x_wconf 89' lang='lat' dir='ltr'><strong>ae</strong></span> <span class='ocrx_word' id='word_1_283' title='bbox 1773 2243 2096 2317; x_wconf 79' lang='lat' dir='ltr'><strong>splendido</strong></span> 
     </span>
    </p>
   </div>
   <div class='ocr_carea' id='block_1_40' title="bbox 431 2331 2094 2410">
    <p class='ocr_par' dir='ltr' id='par_1_40' title="bbox 431 2331 2094 2410">
     <span class='ocr_line' id='line_1_40' title="bbox 431 2331 2094 2410; baseline -0.004 -14"><span class='ocrx_word' id='word_1_284' title='bbox 431 2337 654 2408; x_wconf 83' lang='lat' dir='ltr'><strong>ornari,</strong></span> <span class='ocrx_word' id='word_1_285' title='bbox 683 2350 870 2410; x_wconf 89' lang='lat' dir='ltr'><strong>quam</strong></span> <span class='ocrx_word' id='word_1_286' title='bbox 896 2337 1091 2390; x_wconf 81' lang='lat' dir='ltr'><strong>vestes</strong></span> <span class='ocrx_word' id='word_1_287' title='bbox 1119 2331 1416 2406; x_wconf 88' lang='lat' dir='ltr'><strong>pretiosas</strong></span> <span class='ocrx_word' id='word_1_288' title='bbox 1459 2349 1587 2390; x_wconf 89' lang='lat' dir='ltr'><strong>una</strong></span> <span class='ocrx_word' id='word_1_289' title='bbox 1626 2349 1764 2390; x_wconf 88' lang='lat' dir='ltr'><strong>cum</strong></span> <span class='ocrx_word' id='word_1_290' title='bbox 1797 2332 2094 2391; x_wconf 85' lang='lat' dir='ltr'><strong>cadavere</strong></span> 
     </span>
    </p>
   </div>
   <div class='ocr_carea' id='block_1_41' title="bbox 431 2422 2094 2503">
    <p class='ocr_par' dir='ltr' id='par_1_41' title="bbox 431 2422 2094 2503">
     <span class='ocr_line' id='line_1_41' title="bbox 431 2422 2094 2503; baseline -0.003 -18"><span class='ocrx_word' id='word_1_291' title='bbox 431 2425 734 2503; x_wconf 82' lang='lat' dir='ltr'><strong>putreﬁeri</strong></span> <span class='ocrx_word' id='word_1_292' title='bbox 794 2422 1036 2480; x_wconf 84' lang='lat' dir='ltr'><strong>sinere?</strong></span> <span class='ocrx_word' id='word_1_293' title='bbox 1086 2423 1406 2489; x_wconf 85' lang='lat' dir='ltr'><strong>Quodnam</strong></span> <span class='ocrx_word' id='word_1_294' title='bbox 1463 2427 1665 2480; x_wconf 90' lang='lat' dir='ltr'><strong>autem</strong></span> <span class='ocrx_word' id='word_1_295' title='bbox 1719 2422 2094 2480; x_wconf 90' lang='lat' dir='ltr'><strong>monumenti</strong></span> 
     </span>
    </p>
   </div>
   <div class='ocr_carea' id='block_1_42' title="bbox 432 2511 2096 2586">
    <p class='ocr_par' dir='ltr' id='par_1_42' title="bbox 432 2511 2096 2586">
     <span class='ocr_line' id='line_1_42' title="bbox 432 2511 2096 2586; baseline -0.004 -11"><span class='ocrx_word' id='word_1_296' title='bbox 432 2515 634 2576; x_wconf 81' lang='lat' dir='ltr'><strong>eximii</strong></span> <span class='ocrx_word' id='word_1_297' title='bbox 658 2519 714 2571; x_wconf 89' lang='lat' dir='ltr'><strong>et</strong></span> <span class='ocrx_word' id='word_1_298' title='bbox 735 2517 1107 2586; x_wconf 68' lang='lat' dir='ltr'><strong>sumptuosre</strong></span> <span class='ocrx_word' id='word_1_299' title='bbox 1149 2511 1474 2584; x_wconf 72' lang='lat' dir='ltr'><strong>sepultum</strong></span> <span class='ocrx_word' id='word_1_300' title='bbox 1505 2517 1562 2568; x_wconf 92' lang='lat' dir='ltr'><strong>et</strong></span> <span class='ocrx_word' id='word_1_301' title='bbox 1591 2511 1790 2569; x_wconf 89' lang='lat' dir='ltr'><strong>inanis</strong></span> <span class='ocrx_word' id='word_1_302' title='bbox 1814 2517 2096 2586; x_wconf 90' lang='lat' dir='ltr'><strong>sumptus</strong></span> 
     </span>
    </p>
   </div>
   <div class='ocr_carea' id='block_1_43' title="bbox 429 2599 2095 2672">
    <p class='ocr_par' dir='ltr' id='par_1_43' title="bbox 429 2599 2095 2672">
     <span class='ocr_line' id='line_1_43' title="bbox 429 2599 2095 2672; baseline -0.004 -9"><span class='ocrx_word' id='word_1_303' title='bbox 429 2605 667 2664; x_wconf 89' lang='lat' dir='ltr'><strong>lucrum</strong></span> <span class='ocrx_word' id='word_1_304' title='bbox 707 2602 842 2659; x_wconf 87' lang='lat' dir='ltr'><strong>cst?</strong></span> <span class='ocrx_word' id='word_1_305' title='bbox 880 2604 993 2658; x_wconf 88' lang='lat' dir='ltr'><strong>Par</strong></span> <span class='ocrx_word' id='word_1_306' title='bbox 1021 2599 1220 2672; x_wconf 87' lang='lat' dir='ltr'><strong>magis</strong></span> <span class='ocrx_word' id='word_1_307' title='bbox 1253 2599 1429 2656; x_wconf 86' lang='lat' dir='ltr'><strong>fuerit</strong></span> <span class='ocrx_word' id='word_1_308' title='bbox 1459 2600 1588 2656; x_wconf 75' lang='lat' dir='ltr'><strong>haec</strong></span> <span class='ocrx_word' id='word_1_309' title='bbox 1614 2600 1692 2656; x_wconf 88' lang='lat' dir='ltr'><strong>ad</strong></span> <span class='ocrx_word' id='word_1_310' title='bbox 1717 2601 1856 2658; x_wconf 73' lang='lat' dir='ltr'><strong>vita:</strong></span> <span class='ocrx_word' id='word_1_311' title='bbox 1884 2616 2095 2658; x_wconf 90' lang='lat' dir='ltr'><strong>neces-</strong></span> 
     </span>
    </p>
   </div>
   <div class='ocr_carea' id='block_1_44' title="bbox 431 2689 2096 2766">
    <p class='ocr_par' dir='ltr' id='par_1_44' title="bbox 431 2689 2096 2766">
     <span class='ocr_line' id='line_1_44' title="bbox 431 2689 2096 2766; baseline -0.003 -14"><span class='ocrx_word' id='word_1_312' title='bbox 431 2695 592 2754; x_wconf 89' lang='lat' dir='ltr'><strong>saria</strong></span> <span class='ocrx_word' id='word_1_313' title='bbox 615 2691 992 2766; x_wconf 87' lang='lat' dir='ltr'><strong>impendere.</strong></span> <span class='ocrx_word' id='word_1_314' title='bbox 1021 2689 1185 2748; x_wconf 88' lang='lat' dir='ltr'><strong>Talia</strong></span> <span class='ocrx_word' id='word_1_315' title='bbox 1207 2689 1412 2746; x_wconf 90' lang='lat' dir='ltr'><strong>dicent</strong></span> <span class='ocrx_word' id='word_1_316' title='bbox 1442 2693 1592 2757; x_wconf 91' lang='lat' dir='ltr'><strong>tum,</strong></span> <span class='ocrx_word' id='word_1_317' title='bbox 1621 2705 1762 2746; x_wconf 89' lang='lat' dir='ltr'><strong>cum</strong></span> <span class='ocrx_word' id='word_1_318' title='bbox 1793 2694 1853 2748; x_wconf 87' lang='lat' dir='ltr'><strong>et</strong></span> <span class='ocrx_word' id='word_1_319' title='bbox 1887 2706 2096 2748; x_wconf 88' lang='lat' dir='ltr'><strong>moro-</strong></span> 
     </span>
    </p>
   </div>
   <div class='ocr_carea' id='block_1_45' title="bbox 429 2776 2096 2847">
    <p class='ocr_par' dir='ltr' id='par_1_45' title="bbox 429 2776 2096 2847">
     <span class='ocr_line' id='line_1_45' title="bbox 429 2776 2096 2847; baseline -0.004 -5"><span class='ocrx_word' id='word_1_320' title='bbox 429 2785 667 2842; x_wconf 87' lang='lat' dir='ltr'><strong>sitatem</strong></span> <span class='ocrx_word' id='word_1_321' title='bbox 699 2787 865 2838; x_wconf 89' lang='lat' dir='ltr'><strong>tuam</strong></span> <span class='ocrx_word' id='word_1_322' title='bbox 912 2795 983 2837; x_wconf 87' lang='lat' dir='ltr'><strong>ac</strong></span> <span class='ocrx_word' id='word_1_323' title='bbox 1030 2779 1410 2835; x_wconf 88' lang='lat' dir='ltr'><strong>severitatem</strong></span> <span class='ocrx_word' id='word_1_324' title='bbox 1457 2776 1846 2847; x_wconf 89' lang='lat' dir='ltr'><strong>ulciscentur,</strong></span> <span class='ocrx_word' id='word_1_325' title='bbox 1880 2784 1937 2838; x_wconf 86' lang='lat' dir='ltr'><strong>et</strong></span> <span class='ocrx_word' id='word_1_326' title='bbox 1992 2783 2096 2837; x_wconf 90' lang='lat' dir='ltr'><strong>tua</strong></span> 
     </span>
    </p>
   </div>
   <div class='ocr_carea' id='block_1_46' title="bbox 429 2867 2098 2941">
    <p class='ocr_par' dir='ltr' id='par_1_46' title="bbox 429 2867 2098 2941">
     <span class='ocr_line' id='line_1_46' title="bbox 429 2867 2098 2941; baseline -0.004 -9"><span class='ocrx_word' id='word_1_327' title='bbox 429 2875 548 2932; x_wconf 87' lang='lat' dir='ltr'><strong>tuis</strong></span> <span class='ocrx_word' id='word_1_328' title='bbox 591 2868 1044 2928; x_wconf 90' lang='lat' dir='ltr'><strong>successoribus</strong></span> <span class='ocrx_word' id='word_1_329' title='bbox 1089 2867 1441 2938; x_wconf 85' lang='lat' dir='ltr'><strong>largientur.</strong></span> <span class='ocrx_word' id='word_1_330' title='bbox 1478 2868 1685 2941; x_wconf 84' lang='lat' dir='ltr'><strong>Itaque</strong></span> <span class='ocrx_word' id='word_1_331' title='bbox 1725 2867 1786 2924; x_wconf 92' lang='lat' dir='ltr'><strong>in</strong></span> <span class='ocrx_word' id='word_1_332' title='bbox 1830 2873 2098 2926; x_wconf 87' lang='lat' dir='ltr'><strong>anteces-</strong></span> 
     </span>
    </p>
   </div>
   <div class='ocr_carea' id='block_1_47' title="bbox 429 2955 2091 3033">
    <p class='ocr_par' dir='ltr' id='par_1_47' title="bbox 429 2955 2091 3033">
     <span class='ocr_line' id='line_1_47' title="bbox 429 2955 2091 3033; baseline -0.003 -13"><span class='ocrx_word' id='word_1_333' title='bbox 429 2979 566 3020; x_wconf 87' lang='lat' dir='ltr'><strong>sum</strong></span> <span class='ocrx_word' id='word_1_334' title='bbox 616 2965 669 3018; x_wconf 90' lang='lat' dir='ltr'><strong>te</strong></span> <span class='ocrx_word' id='word_1_335' title='bbox 725 2959 880 3033; x_wconf 89' lang='lat' dir='ltr'><strong>ipse,</strong></span> <span class='ocrx_word' id='word_1_336' title='bbox 925 2959 1158 3014; x_wconf 84' lang='lat' dir='ltr'><strong>funera.</strong></span> <span class='ocrx_word' id='word_1_337' title='bbox 1201 2955 1458 3013; x_wconf 87' lang='lat' dir='ltr'><strong>Pulchra</strong></span> <span class='ocrx_word' id='word_1_338' title='bbox 1510 2956 1824 3028; x_wconf 89' lang='lat' dir='ltr'><strong>sepultura</strong></span> <span class='ocrx_word' id='word_1_339' title='bbox 1875 2957 2091 3031; x_wconf 89' lang='lat' dir='ltr'><strong>pietas.</strong></span> 
     </span>
    </p>
   </div>
   <div class='ocr_carea' id='block_1_48' title="bbox 429 3045 1176 3114">
    <p class='ocr_par' dir='ltr' id='par_1_48' title="bbox 429 3045 1176 3114">
     <span class='ocr_line' id='line_1_48' title="bbox 429 3045 1176 3114; baseline -0.011 -4"><span class='ocrx_word' id='word_1_340' title='bbox 429 3050 646 3110; x_wconf 83' lang='lat' dir='ltr'><strong>Omnia</strong></span> <span class='ocrx_word' id='word_1_341' title='bbox 689 3048 958 3114; x_wconf 86' lang='lat' dir='ltr'><strong>indutus,</strong></span> <span class='ocrx_word' id='word_1_342' title='bbox 1011 3045 1114 3104; x_wconf 88' lang='lat' dir='ltr'><strong>abi</strong></span> <span class='ocrx_word' id='word_1_343' title='bbox 1161 3063 1176 3102; x_wconf 87' lang='lat'><strong>:</strong></span> 
     </span>
    </p>
   </div>
   <div class='ocr_carea' id='block_1_49' title="bbox 427 3133 2090 3216">
    <p class='ocr_par' dir='ltr' id='par_1_49' title="bbox 427 3133 2090 3216">
     <span class='ocr_line' id='line_1_49' title="bbox 427 3133 2090 3216; baseline -0.004 -18"><span class='ocrx_word' id='word_1_344' title='bbox 427 3139 840 3216; x_wconf 87' lang='lat' dir='ltr'><strong>peculiarem:</strong></span> <span class='ocrx_word' id='word_1_345' title='bbox 869 3136 1030 3194; x_wconf 87' lang='lat' dir='ltr'><strong>habe</strong></span> <span class='ocrx_word' id='word_1_346' title='bbox 1076 3149 1224 3208; x_wconf 88' lang='lat' dir='ltr'><strong>opes</strong></span> <span class='ocrx_word' id='word_1_347' title='bbox 1255 3138 1480 3191; x_wconf 88' lang='lat' dir='ltr'><strong>tecum.</strong></span> <span class='ocrx_word' id='word_1_348' title='bbox 1513 3133 1699 3190; x_wconf 87' lang='lat' dir='ltr'><strong>Crede</strong></span> <span class='ocrx_word' id='word_1_349' title='bbox 1736 3134 1903 3192; x_wconf 91' lang='lat' dir='ltr'><strong>bono</strong></span> <span class='ocrx_word' id='word_1_350' title='bbox 1945 3151 2090 3193; x_wconf 90' lang='lat' dir='ltr'><strong>con-</strong></span> 
     </span>
    </p>
   </div>
   <div class='ocr_carea' id='block_1_50' title="bbox 430 3221 2091 3302">
    <p class='ocr_par' dir='ltr' id='par_1_50' title="bbox 430 3221 2091 3302">
     <span class='ocr_line' id='line_1_50' title="bbox 430 3221 2091 3302; baseline -0.003 -14"><span class='ocrx_word' id='word_1_351' title='bbox 430 3229 670 3300; x_wconf 87' lang='lat' dir='ltr'><strong>siliario,</strong></span> <span class='ocrx_word' id='word_1_352' title='bbox 696 3226 799 3302; x_wconf 87' lang='lat' dir='ltr'><strong>qui</strong></span> <span class='ocrx_word' id='word_1_353' title='bbox 819 3231 876 3283; x_wconf 93' lang='lat' dir='ltr'><strong>te</strong></span> <span class='ocrx_word' id='word_1_354' title='bbox 897 3225 1090 3296; x_wconf 80' lang='lat' dir='ltr'><strong>diligit</strong></span> <span class='ocrx_word' id='word_1_355' title='bbox 1110 3223 1367 3292; x_wconf 86' lang='lat' dir='ltr'><strong>Christo,</strong></span> <span class='ocrx_word' id='word_1_356' title='bbox 1393 3221 1498 3296; x_wconf 90' lang='lat' dir='ltr'><strong>qui</strong></span> <span class='ocrx_word' id='word_1_357' title='bbox 1519 3237 1630 3295; x_wconf 89' lang='lat' dir='ltr'><strong>pro</strong></span> <span class='ocrx_word' id='word_1_358' title='bbox 1654 3223 1832 3280; x_wconf 88' lang='lat' dir='ltr'><strong>nobis</strong></span> <span class='ocrx_word' id='word_1_359' title='bbox 1853 3241 2091 3299; x_wconf 88' lang='lat' dir='ltr'><strong>pauper</strong></span> 
     </span>
    </p>
   </div>
   <div class='ocr_carea' id='block_1_51' title="bbox 429 3312 2088 3387">
    <p class='ocr_par' dir='ltr' id='par_1_51' title="bbox 429 3312 2088 3387">
     <span class='ocr_line' id='line_1_51' title="bbox 429 3312 2088 3387; baseline -0.004 -9"><span class='ocrx_word' id='word_1_360' title='bbox 429 3321 624 3378; x_wconf 87' lang='lat' dir='ltr'><strong>factus</strong></span> <span class='ocrx_word' id='word_1_361' title='bbox 666 3323 776 3384; x_wconf 90' lang='lat' dir='ltr'><strong>est,</strong></span> <span class='ocrx_word' id='word_1_362' title='bbox 806 3319 872 3372; x_wconf 90' lang='lat' dir='ltr'><strong>ut</strong></span> <span class='ocrx_word' id='word_1_363' title='bbox 911 3331 1026 3371; x_wconf 90' lang='lat' dir='ltr'><strong>nos</strong></span> <span class='ocrx_word' id='word_1_364' title='bbox 1075 3313 1209 3384; x_wconf 89' lang='lat' dir='ltr'><strong>ejus</strong></span> <span class='ocrx_word' id='word_1_365' title='bbox 1259 3312 1467 3385; x_wconf 90' lang='lat' dir='ltr'><strong>inopia</strong></span> <span class='ocrx_word' id='word_1_366' title='bbox 1513 3312 1846 3370; x_wconf 87' lang='lat' dir='ltr'><strong>ditaremur</strong></span> <span class='ocrx_word' id='word_1_367' title='bbox 1865 3315 1938 3384; x_wconf 76' lang='grc'><strong>³⁸,</strong></span> <span class='ocrx_word' id='word_1_368' title='bbox 1982 3315 2088 3387; x_wconf 90' lang='lat' dir='ltr'><strong>qui</strong></span> 
     </span>
    </p>
   </div>
   <div class='ocr_carea' id='block_1_52' title="bbox 431 3401 2088 3482">
    <p class='ocr_par' dir='ltr' id='par_1_52' title="bbox 431 3401 2088 3482">
     <span class='ocr_line' id='line_1_52' title="bbox 431 3401 2088 3482; baseline -0.004 -16"><span class='ocrx_word' id='word_1_369' title='bbox 431 3410 704 3482; x_wconf 89' lang='lat' dir='ltr'><strong>seipsum</strong></span> <span class='ocrx_word' id='word_1_370' title='bbox 751 3401 1185 3476; x_wconf 88' lang='lat' dir='ltr'><strong>redemptionis</strong></span> <span class='ocrx_word' id='word_1_371' title='bbox 1233 3401 1492 3474; x_wconf 90' lang='lat' dir='ltr'><strong>pretium</strong></span> <span class='ocrx_word' id='word_1_372' title='bbox 1531 3417 1642 3474; x_wconf 92' lang='lat' dir='ltr'><strong>pro</strong></span> <span class='ocrx_word' id='word_1_373' title='bbox 1687 3402 1866 3460; x_wconf 88' lang='lat' dir='ltr'><strong>nobis</strong></span> <span class='ocrx_word' id='word_1_374' title='bbox 1899 3405 2088 3461; x_wconf 89' lang='lat' dir='ltr'><strong>tradi-</strong></span> 
     </span>
    </p>
   </div>
   <div class='ocr_carea' id='block_1_53' title="bbox 429 3489 2089 3566">
    <p class='ocr_par' dir='ltr' id='par_1_53' title="bbox 429 3489 2089 3566">
     <span class='ocr_line' id='line_1_53' title="bbox 429 3489 2089 3566; baseline -0.004 -9"><span class='ocrx_word' id='word_1_375' title='bbox 429 3499 519 3556; x_wconf 89' lang='lat' dir='ltr'><strong>dit</strong></span> <span class='ocrx_word' id='word_1_376' title='bbox 536 3500 606 3556; x_wconf 76' lang='grc'><strong>³⁷.</strong></span> <span class='ocrx_word' id='word_1_377' title='bbox 639 3499 755 3553; x_wconf 83' lang='lat' dir='ltr'><strong>Aut</strong></span> <span class='ocrx_word' id='word_1_378' title='bbox 790 3494 864 3564; x_wconf 91' lang='lat' dir='ltr'><strong>ei,</strong></span> <span class='ocrx_word' id='word_1_379' title='bbox 892 3497 960 3550; x_wconf 93' lang='lat' dir='ltr'><strong>ut</strong></span> <span class='ocrx_word' id='word_1_380' title='bbox 1004 3491 1282 3566; x_wconf 87' lang='lat' dir='ltr'><strong>sapienti,</strong></span> <span class='ocrx_word' id='word_1_381' title='bbox 1314 3494 1372 3548; x_wconf 89' lang='lat' dir='ltr'><strong>et</strong></span> <span class='ocrx_word' id='word_1_382' title='bbox 1397 3490 1565 3564; x_wconf 92' lang='lat' dir='ltr'><strong>quod</strong></span> <span class='ocrx_word' id='word_1_383' title='bbox 1597 3489 1776 3548; x_wconf 90' lang='lat' dir='ltr'><strong>nobis</strong></span> <span class='ocrx_word' id='word_1_384' title='bbox 1805 3494 2089 3552; x_wconf 89' lang='lat' dir='ltr'><strong>conducit</strong></span> 
     </span>
    </p>
   </div>
   <div class='ocr_carea' id='block_1_54' title="bbox 427 3581 2086 3664">
    <p class='ocr_par' dir='ltr' id='par_1_54' title="bbox 427 3581 2086 3664">
     <span class='ocr_line' id='line_1_54' title="bbox 427 3581 2086 3664; baseline -0.002 -18"><span class='ocrx_word' id='word_1_385' title='bbox 427 3585 790 3664; x_wconf 88' lang='lat' dir='ltr'><strong>providenti,</strong></span> <span class='ocrx_word' id='word_1_386' title='bbox 837 3599 1074 3640; x_wconf 88' lang='lat' dir='ltr'><strong>morem</strong></span> <span class='ocrx_word' id='word_1_387' title='bbox 1119 3596 1426 3652; x_wconf 83' lang='lat' dir='ltr'><strong>geramus.</strong></span> <span class='ocrx_word' id='word_1_388' title='bbox 1475 3585 1578 3638; x_wconf 90' lang='lat' dir='ltr'><strong>aut</strong></span> <span class='ocrx_word' id='word_1_389' title='bbox 1621 3585 1688 3638; x_wconf 94' lang='lat' dir='ltr'><strong>ut</strong></span> <span class='ocrx_word' id='word_1_390' title='bbox 1733 3581 2086 3654; x_wconf 82' lang='lat' dir='ltr'><strong>diligentem</strong></span> 
     </span>
    </p>
   </div>
   <div class='ocr_carea' id='block_1_55' title="bbox 425 3669 2086 3748">
    <p class='ocr_par' dir='ltr' id='par_1_55' title="bbox 425 3669 2086 3748">
     <span class='ocr_line' id='line_1_55' title="bbox 425 3669 2086 3748; baseline -0.004 -11"><span class='ocrx_word' id='word_1_391' title='bbox 425 3677 1018 3748; x_wconf 87' lang='lat' dir='ltr'><strong>nos,sustineamus:</strong></span> <span class='ocrx_word' id='word_1_392' title='bbox 1041 3676 1148 3729; x_wconf 87' lang='lat' dir='ltr'><strong>aut</strong></span> <span class='ocrx_word' id='word_1_393' title='bbox 1166 3675 1232 3728; x_wconf 89' lang='lat' dir='ltr'><strong>ut</strong></span> <span class='ocrx_word' id='word_1_394' title='bbox 1251 3669 1651 3728; x_wconf 87' lang='lat' dir='ltr'><strong>benefacienti</strong></span> <span class='ocrx_word' id='word_1_395' title='bbox 1671 3670 1868 3740; x_wconf 87' lang='lat' dir='ltr'><strong>nobis,</strong></span> <span class='ocrx_word' id='word_1_396' title='bbox 1889 3673 2086 3732; x_wconf 84' lang='lat' dir='ltr'><strong>vicem</strong></span> 
     </span>
    </p>
   </div>
   <div class='ocr_carea' id='block_1_56' title="bbox 425 3761 2086 3842">
    <p class='ocr_par' dir='ltr' id='par_1_56' title="bbox 425 3761 2086 3842">
     <span class='ocr_line' id='line_1_56' title="bbox 425 3761 2086 3842; baseline -0.004 -16"><span class='ocrx_word' id='word_1_397' title='bbox 425 3765 855 3842; x_wconf 88' lang='lat' dir='ltr'><strong>rependamus.</strong></span> <span class='ocrx_word' id='word_1_398' title='bbox 888 3761 1147 3820; x_wconf 87' lang='lat' dir='ltr'><strong>Omnino</strong></span> <span class='ocrx_word' id='word_1_399' title='bbox 1179 3764 1384 3816; x_wconf 88' lang='lat' dir='ltr'><strong>autem</strong></span> <span class='ocrx_word' id='word_1_400' title='bbox 1410 3775 1548 3832; x_wconf 71' lang='lat' dir='ltr'><strong>quae</strong></span> <span class='ocrx_word' id='word_1_401' title='bbox 1579 3765 1882 3833; x_wconf 70' lang='lat' dir='ltr'><strong>praecepta</strong></span> <span class='ocrx_word' id='word_1_402' title='bbox 1909 3762 2086 3819; x_wconf 89' lang='lat' dir='ltr'><strong>nobis</strong></span> 
     </span>
    </p>
   </div>
   <div class='ocr_carea' id='block_1_57' title="bbox 427 3847 2087 3927">
    <p class='ocr_par' dir='ltr' id='par_1_57' title="bbox 427 3847 2087 3927">
     <span class='ocr_line' id='line_1_57' title="bbox 427 3847 2087 3927; baseline -0.003 -13"><span class='ocrx_word' id='word_1_403' title='bbox 427 3862 569 3916; x_wconf 80' lang='lat' dir='ltr'><strong>sunt.</strong></span> <span class='ocrx_word' id='word_1_404' title='bbox 591 3867 1018 3927; x_wconf 85' lang='lat' dir='ltr'><strong>exsequamur,</strong></span> <span class='ocrx_word' id='word_1_405' title='bbox 1040 3854 1107 3906; x_wconf 93' lang='lat' dir='ltr'><strong>ut</strong></span> <span class='ocrx_word' id='word_1_406' title='bbox 1131 3853 1372 3906; x_wconf 66' lang='lat' dir='ltr'><strong>aeternae</strong></span> <span class='ocrx_word' id='word_1_407' title='bbox 1393 3847 1528 3904; x_wconf 76' lang='lat' dir='ltr'><strong>vitae</strong></span> <span class='ocrx_word' id='word_1_408' title='bbox 1559 3848 1678 3920; x_wconf 74' lang='lat'><strong>62</strong></span> <span class='ocrx_word' id='word_1_409' title='bbox 1701 3864 1840 3922; x_wconf 79' lang='lat' dir='ltr'><strong>quae</strong></span> <span class='ocrx_word' id='word_1_410' title='bbox 1859 3849 1923 3907; x_wconf 89' lang='lat' dir='ltr'><strong>in</strong></span> <span class='ocrx_word' id='word_1_411' title='bbox 1951 3851 2087 3925; x_wconf 89' lang='lat' dir='ltr'><strong>ipso</strong></span> 
     </span>
    </p>
   </div>
   <div class='ocr_carea' id='block_1_58' title="bbox 429 3936 2090 4012">
    <p class='ocr_par' dir='ltr' id='par_1_58' title="bbox 429 3936 2090 4012">
     <span class='ocr_line' id='line_1_58' title="bbox 429 3936 2090 4012; baseline -0.003 -9"><span class='ocrx_word' id='word_1_412' title='bbox 429 3946 660 4004; x_wconf 89' lang='lat' dir='ltr'><strong>Christo</strong></span> <span class='ocrx_word' id='word_1_413' title='bbox 705 3947 827 4009; x_wconf 89' lang='lat' dir='ltr'><strong>est,</strong></span> <span class='ocrx_word' id='word_1_414' title='bbox 875 3938 1148 3997; x_wconf 59' lang='lat' dir='ltr'><strong>heredes</strong></span> <span class='ocrx_word' id='word_1_415' title='bbox 1199 3936 1587 3994; x_wconf 88' lang='lat' dir='ltr'><strong>efﬁciamur:</strong></span> <span class='ocrx_word' id='word_1_416' title='bbox 1638 3937 1734 3994; x_wconf 92' lang='lat' dir='ltr'><strong>cui</strong></span> <span class='ocrx_word' id='word_1_417' title='bbox 1785 3937 1976 4012; x_wconf 81' lang='lat' dir='ltr'><strong>gloria</strong></span> <span class='ocrx_word' id='word_1_418' title='bbox 2030 3945 2090 3998; x_wconf 88' lang='lat' dir='ltr'><strong>et</strong></span> 
     </span>
    </p>
   </div>
   <div class='ocr_carea' id='block_1_59' title="bbox 425 4025 1680 4111">
    <p class='ocr_par' dir='ltr' id='par_1_59' title="bbox 425 4025 1680 4111">
     <span class='ocr_line' id='line_1_59' title="bbox 425 4025 1680 4111; baseline -0.009 -19"><span class='ocrx_word' id='word_1_419' title='bbox 425 4038 694 4111; x_wconf 78' lang='lat' dir='ltr'><strong>potestas</strong></span> <span class='ocrx_word' id='word_1_420' title='bbox 717 4031 778 4087; x_wconf 91' lang='lat' dir='ltr'><strong>in</strong></span> <span class='ocrx_word' id='word_1_421' title='bbox 805 4028 1028 4086; x_wconf 80' lang='lat' dir='ltr'><strong>saecula</strong></span> <span class='ocrx_word' id='word_1_422' title='bbox 1053 4025 1436 4083; x_wconf 70' lang='lat' dir='ltr'><strong>swculorum.</strong></span> <span class='ocrx_word' id='word_1_423' title='bbox 1467 4029 1680 4082; x_wconf 80' lang='lat' dir='ltr'><strong>Amen.</strong></span> 
     </span>
    </p>
   </div>
   <div class='ocr_carea' id='block_1_60' title="bbox 1228 3043 2168 3131">
    <p class='ocr_par' dir='ltr' id='par_1_60' title="bbox 1228 3043 2168 3131">
     <span class='ocr_line' id='line_1_60' title="bbox 1228 3043 2168 3131; baseline 0.001 -29"><span class='ocrx_word' id='word_1_424' title='bbox 1228 3045 1323 3102; x_wconf 84' lang='lat' dir='ltr'><strong>fac</strong></span> <span class='ocrx_word' id='word_1_425' title='bbox 1372 3043 1610 3101; x_wconf 89' lang='lat' dir='ltr'><strong>divitias</strong></span> <span class='ocrx_word' id='word_1_426' title='bbox 1653 3049 1939 3103; x_wconf 88' lang='lat' dir='ltr'><strong>ornatum</strong></span> <span class='ocrx_word' id='word_1_427' title='bbox 1985 3045 2092 3104; x_wconf 90' lang='lat' dir='ltr'><strong>tibi</strong></span> <span class='ocrx_word' id='word_1_428' title='bbox 2127 3074 2168 3131; x_wconf 71' lang='grc' dir='ltr'><strong>ρ</strong></span> 
     </span>
    </p>
   </div>
   <div class='ocr_carea' id='block_1_61' title="bbox 2209 1799 3813 1880">
    <p class='ocr_par' dir='ltr' id='par_1_61' title="bbox 2209 1799 3813 1880">
     <span class='ocr_line' id='line_1_61' title="bbox 2209 1799 3813 1880; baseline 0.005 -28"><span class='ocrx_word' id='word_1_429' title='bbox 2209 1799 2312 1852; x_wconf 78' lang='grc' dir='ltr'>ἀλλ’</span> <span class='ocrx_word' id='word_1_430' title='bbox 2357 1799 2744 1874; x_wconf 61' lang='grc' dir='ltr'>ἀφοσιώσονται</span> <span class='ocrx_word' id='word_1_431' title='bbox 2789 1807 2884 1861; x_wconf 71' lang='grc' dir='ltr'>τὴν</span> <span class='ocrx_word' id='word_1_432' title='bbox 2937 1808 3124 1876; x_wconf 63' lang='grc' dir='ltr'>ταφὴν,</span> <span class='ocrx_word' id='word_1_433' title='bbox 3165 1811 3274 1866; x_wconf 86' lang='grc' dir='ltr'>τοῖς</span> <span class='ocrx_word' id='word_1_434' title='bbox 3311 1803 3652 1880; x_wconf 75' lang='grc' dir='ltr'><strong>κληρονόμοις</strong></span> <span class='ocrx_word' id='word_1_435' title='bbox 3700 1806 3813 1860; x_wconf 89' lang='grc' dir='ltr'>λοι-</span> 
     </span>
    </p>
   </div>
   <div class='ocr_carea' id='block_1_62' title="bbox 2207 1892 3815 1964">
    <p class='ocr_par' dir='ltr' id='par_1_62' title="bbox 2207 1892 3815 1964">
     <span class='ocr_line' id='line_1_62' title="bbox 2207 1892 3815 1964; baseline 0.004 -22"><span class='ocrx_word' id='word_1_436' title='bbox 2207 1893 2302 1942; x_wconf 84' lang='grc' dir='ltr'><strong>πόν</strong></span> <span class='ocrx_word' id='word_1_437' title='bbox 2345 1896 2823 1964; x_wconf 75' lang='grc' dir='ltr'>προσχωρήσαντες</span> <span class='ocrx_word' id='word_1_438' title='bbox 2870 1894 3007 1944; x_wconf 83' lang='grc' dir='ltr'><strong>κατά</strong></span> <span class='ocrx_word' id='word_1_439' title='bbox 3052 1897 3146 1951; x_wconf 74' lang='grc' dir='ltr'>τὴν</span> <span class='ocrx_word' id='word_1_440' title='bbox 3190 1896 3409 1950; x_wconf 66' lang='grc' dir='ltr'>εἳνοιαν.</span> <span class='ocrx_word' id='word_1_441' title='bbox 3451 1892 3520 1947; x_wconf 79' lang='grc' dir='ltr'><strong>ἰι</strong></span> <span class='ocrx_word' id='word_1_442' title='bbox 3566 1914 3666 1948; x_wconf 91' lang='grc' dir='ltr'><strong>που</strong></span> <span class='ocrx_word' id='word_1_443' title='bbox 3724 1900 3815 1949; x_wconf 75' lang='grc' dir='ltr'>καὶ</span> 
     </span>
    </p>
   </div>
   <div class='ocr_carea' id='block_1_63' title="bbox 2205 1979 3812 2058">
    <p class='ocr_par' dir='ltr' id='par_1_63' title="bbox 2205 1979 3812 2058">
     <span class='ocr_line' id='line_1_63' title="bbox 2205 1979 3812 2058; baseline 0.005 -28"><span class='ocrx_word' id='word_1_444' title='bbox 2205 1979 2762 2053; x_wconf 62' lang='grc' dir='ltr'>καταφιλοσοφήσουσί</span> <span class='ocrx_word' id='word_1_445' title='bbox 2818 2000 2914 2034; x_wconf 89' lang='grc' dir='ltr'><strong>σου</strong></span> <span class='ocrx_word' id='word_1_446' title='bbox 2979 1986 3133 2036; x_wconf 85' lang='grc' dir='ltr'>τότε.</span> <span class='ocrx_word' id='word_1_447' title='bbox 3190 1981 3595 2056; x_wconf 83' lang='grc' dir='ltr'>Ἀπειροκαλία,</span> <span class='ocrx_word' id='word_1_448' title='bbox 3659 1990 3812 2058; x_wconf 71' lang='grc' dir='ltr'><strong>φησὶ,</strong></span> 
     </span>
    </p>
   </div>
   <div class='ocr_carea' id='block_1_64' title="bbox 2204 2066 3813 2145">
    <p class='ocr_par' dir='ltr' id='par_1_64' title="bbox 2204 2066 3813 2145">
     <span class='ocr_line' id='line_1_64' title="bbox 2204 2066 3813 2145; baseline 0.004 -27"><span class='ocrx_word' id='word_1_449' title='bbox 2204 2066 2547 2128; x_wconf 77' lang='grc' dir='ltr'>καλλωπίζειν</span> <span class='ocrx_word' id='word_1_450' title='bbox 2605 2071 2782 2143; x_wconf 82' lang='grc' dir='ltr'>νεκρόν</span> <span class='ocrx_word' id='word_1_451' title='bbox 2807 2111 2820 2135; x_wconf 89' lang='grc'>,</span> <span class='ocrx_word' id='word_1_452' title='bbox 2885 2074 2975 2122; x_wconf 85' lang='grc' dir='ltr'>καὶ</span> <span class='ocrx_word' id='word_1_453' title='bbox 3030 2069 3322 2132; x_wconf 78' lang='grc' dir='ltr'>πολυτελῶς</span> <span class='ocrx_word' id='word_1_454' title='bbox 3377 2069 3671 2145; x_wconf 74' lang='grc' dir='ltr'><strong>ἐκκομίζειν</strong></span> <span class='ocrx_word' id='word_1_455' title='bbox 3725 2077 3813 2126; x_wconf 85' lang='grc' dir='ltr'><strong>τὸν</strong></span> 
     </span>
    </p>
   </div>
   <div class='ocr_carea' id='block_1_65' title="bbox 2205 2155 3812 2236">
    <p class='ocr_par' dir='ltr' id='par_1_65' title="bbox 2205 2155 3812 2236">
     <span class='ocr_line' id='line_1_65' title="bbox 2205 2155 3812 2236; baseline 0.004 -27"><span class='ocrx_word' id='word_1_456' title='bbox 2205 2155 2378 2210; x_wconf 65' lang='grc' dir='ltr'>οὐκέτι</span> <span class='ocrx_word' id='word_1_457' title='bbox 2421 2156 2810 2230; x_wconf 68' lang='grc' dir='ltr'>αἰσθανόμενον.</span> <span class='ocrx_word' id='word_1_458' title='bbox 2853 2164 2917 2210; x_wconf 88' lang='grc' dir='ltr'>Τί</span> <span class='ocrx_word' id='word_1_459' title='bbox 2961 2155 3019 2212; x_wconf 68' lang='grc' dir='ltr'>δὲ</span> <span class='ocrx_word' id='word_1_460' title='bbox 3077 2158 3136 2211; x_wconf 67' lang='grc' dir='ltr'><strong>οὗ</strong></span> <span class='ocrx_word' id='word_1_461' title='bbox 3176 2157 3379 2232; x_wconf 76' lang='grc' dir='ltr'>βέλτιον</span> <span class='ocrx_word' id='word_1_462' title='bbox 3426 2165 3548 2222; x_wconf 73' lang='grc' dir='ltr'>τοὺς</span> <span class='ocrx_word' id='word_1_463' title='bbox 3602 2166 3812 2236; x_wconf 82' lang='grc' dir='ltr'>περιόν-</span> 
     </span>
    </p>
   </div>
   <div class='ocr_carea' id='block_1_66' title="bbox 2203 2245 3806 2325">
    <p class='ocr_par' dir='ltr' id='par_1_66' title="bbox 2203 2245 3806 2325">
     <span class='ocr_line' id='line_1_66' title="bbox 2203 2245 3806 2325; baseline 0.002 -27"><span class='ocrx_word' id='word_1_464' title='bbox 2203 2265 2298 2307; x_wconf 89' lang='grc' dir='ltr'><strong>τας</strong></span> <span class='ocrx_word' id='word_1_465' title='bbox 2345 2248 2662 2320; x_wconf 73' lang='grc' dir='ltr'>κοσμεῖσθαι</span> <span class='ocrx_word' id='word_1_466' title='bbox 2717 2255 2779 2320; x_wconf 69' lang='grc' dir='ltr'>τῇ</span> <span class='ocrx_word' id='word_1_467' title='bbox 2840 2246 3104 2300; x_wconf 86' lang='grc' dir='ltr'>πολυτελεί</span> <span class='ocrx_word' id='word_1_468' title='bbox 3150 2252 3241 2301; x_wconf 85' lang='grc' dir='ltr'>καὶ</span> <span class='ocrx_word' id='word_1_469' title='bbox 3297 2245 3488 2321; x_wconf 78' lang='grc' dir='ltr'><strong>ἐνδόξῳ</strong></span> <span class='ocrx_word' id='word_1_470' title='bbox 3540 2250 3806 2325; x_wconf 69' lang='grc' dir='ltr'>περιϐολῇ,</span> 
     </span>
    </p>
   </div>
   <div class='ocr_carea' id='block_1_67' title="bbox 2203 2335 3810 2410">
    <p class='ocr_par' dir='ltr' id='par_1_67' title="bbox 2203 2335 3810 2410">
     <span class='ocr_line' id='line_1_67' title="bbox 2203 2335 3810 2410; baseline 0.002 -22"><span class='ocrx_word' id='word_1_471' title='bbox 2203 2335 2233 2395; x_wconf 69' lang='grc' dir='ltr'><strong><em>ἦ</em></strong></span> <span class='ocrx_word' id='word_1_472' title='bbox 2270 2341 2701 2408; x_wconf 76' lang='grc' dir='ltr'>συγκατασὴπειν</span> <span class='ocrx_word' id='word_1_473' title='bbox 2729 2344 2803 2407; x_wconf 77' lang='grc' dir='ltr'>τῷ</span> <span class='ocrx_word' id='word_1_474' title='bbox 2845 2346 3006 2410; x_wconf 77' lang='grc' dir='ltr'>νεκρῷ</span> <span class='ocrx_word' id='word_1_475' title='bbox 3049 2340 3114 2389; x_wconf 78' lang='grc' dir='ltr'><strong>τὰ</strong></span> <span class='ocrx_word' id='word_1_476' title='bbox 3161 2337 3493 2410; x_wconf 71' lang='grc' dir='ltr'>πολυτίμητα</span> <span class='ocrx_word' id='word_1_477' title='bbox 3522 2347 3584 2398; x_wconf 74' lang='grc' dir='ltr'>τῆ</span> <span class='ocrx_word' id='word_1_478' title='bbox 3597 2360 3618 2402; x_wconf 92' lang='grc' dir='ltr'><strong>ς</strong></span> <span class='ocrx_word' id='word_1_479' title='bbox 3647 2337 3810 2399; x_wconf 74' lang='grc' dir='ltr'><strong>ἐσθῆ-</strong></span> 
     </span>
    </p>
   </div>
   <div class='ocr_carea' id='block_1_68' title="bbox 2202 2420 3808 2500">
    <p class='ocr_par' dir='ltr' id='par_1_68' title="bbox 2202 2420 3808 2500">
     <span class='ocr_line' id='line_1_68' title="bbox 2202 2420 3808 2500; baseline 0.002 -22"><span class='ocrx_word' id='word_1_480' title='bbox 2202 2441 2326 2491; x_wconf 86' lang='grc' dir='ltr'>τος;</span> <span class='ocrx_word' id='word_1_481' title='bbox 2370 2430 2434 2478; x_wconf 91' lang='grc' dir='ltr'>Τί</span> <span class='ocrx_word' id='word_1_482' title='bbox 2479 2420 2538 2478; x_wconf 76' lang='grc' dir='ltr'><strong>δε</strong></span> <span class='ocrx_word' id='word_1_483' title='bbox 2584 2429 2856 2498; x_wconf 74' lang='grc' dir='ltr'>μνήματος</span> <span class='ocrx_word' id='word_1_484' title='bbox 2902 2424 3186 2499; x_wconf 62' lang='grc' dir='ltr'>ἐπιστόμον,</span> <span class='ocrx_word' id='word_1_485' title='bbox 3237 2431 3327 2479; x_wconf 88' lang='grc' dir='ltr'>καὶ</span> <span class='ocrx_word' id='word_1_486' title='bbox 3375 2435 3541 2500; x_wconf 64' lang='grc' dir='ltr'>ταφῆς</span> <span class='ocrx_word' id='word_1_487' title='bbox 3599 2427 3808 2482; x_wconf 82' lang='grc' dir='ltr'>πολυτε-</span> 
     </span>
    </p>
   </div>
   <div class='ocr_carea' id='block_1_69' title="bbox 2200 2510 3811 2588">
    <p class='ocr_par' dir='ltr' id='par_1_69' title="bbox 2200 2510 3811 2588">
     <span class='ocr_line' id='line_1_69' title="bbox 2200 2510 3811 2588; baseline -0.006 -20"><span class='ocrx_word' id='word_1_488' title='bbox 2200 2513 2342 2580; x_wconf 72' lang='grc' dir='ltr'>λοῦς,</span> <span class='ocrx_word' id='word_1_489' title='bbox 2397 2518 2488 2566; x_wconf 88' lang='grc' dir='ltr'>καὶ</span> <span class='ocrx_word' id='word_1_490' title='bbox 2554 2510 2795 2577; x_wconf 71' lang='grc' dir='ltr'>δαπάνης</span> <span class='ocrx_word' id='word_1_491' title='bbox 2866 2511 3121 2588; x_wconf 69' lang='grc' dir='ltr'>ἀκερδοῦς</span> <span class='ocrx_word' id='word_1_492' title='bbox 3171 2515 3392 2588; x_wconf 73' lang='grc' dir='ltr'>ὄφελος;</span> <span class='ocrx_word' id='word_1_493' title='bbox 3453 2521 3570 2569; x_wconf 79' lang='grc' dir='ltr'><strong>Δέον</strong></span> <span class='ocrx_word' id='word_1_494' title='bbox 3627 2517 3698 2580; x_wconf 72' lang='grc' dir='ltr'><strong>εἰς</strong></span> <span class='ocrx_word' id='word_1_495' title='bbox 3745 2521 3811 2572; x_wconf 66' lang='grc' dir='ltr'><strong>τὰ</strong></span> 
     </span>
    </p>
   </div>
   <div class='ocr_carea' id='block_1_70' title="bbox 2201 2601 3809 2677">
    <p class='ocr_par' dir='ltr' id='par_1_70' title="bbox 2201 2601 3809 2677">
     <span class='ocr_line' id='line_1_70' title="bbox 2201 2601 3809 2677; baseline 0.002 -21"><span class='ocrx_word' id='word_1_496' title='bbox 2201 2606 2339 2656; x_wconf 87' lang='grc' dir='ltr'><strong>κατά</strong></span> <span class='ocrx_word' id='word_1_497' title='bbox 2391 2606 2479 2656; x_wconf 84' lang='grc' dir='ltr'><strong>τόν</strong></span> <span class='ocrx_word' id='word_1_498' title='bbox 2529 2601 2647 2676; x_wconf 75' lang='grc' dir='ltr'>βίον</span> <span class='ocrx_word' id='word_1_499' title='bbox 2707 2601 2968 2675; x_wconf 79' lang='grc' dir='ltr'>ἀναγκαῖα</span> <span class='ocrx_word' id='word_1_500' title='bbox 3022 2606 3341 2677; x_wconf 71' lang='grc' dir='ltr'>χρήσασθαι</span> <span class='ocrx_word' id='word_1_501' title='bbox 3557 2614 3668 2668; x_wconf 85' lang='grc' dir='ltr'>τοῖς</span> <span class='ocrx_word' id='word_1_502' title='bbox 3722 2626 3809 2660; x_wconf 88' lang='grc' dir='ltr'>πε-</span> 
     </span>
    </p>
   </div>
   <div class='ocr_carea' id='block_1_71' title="bbox 2199 2692 3809 2770">
    <p class='ocr_par' dir='ltr' id='par_1_71' title="bbox 2199 2692 3809 2770">
     <span class='ocr_line' id='line_1_71' title="bbox 2199 2692 3809 2770; baseline 0.003 -26"><span class='ocrx_word' id='word_1_503' title='bbox 2199 2699 2398 2768; x_wconf 78' lang='grc' dir='ltr'>ριοῦσι.</span> <span class='ocrx_word' id='word_1_504' title='bbox 2448 2699 2681 2746; x_wconf 71' lang='grc' dir='ltr'>Τοιαῦτα</span> <span class='ocrx_word' id='word_1_505' title='bbox 2723 2692 2902 2766; x_wconf 70' lang='grc' dir='ltr'>ἐροῦσι</span> <span class='ocrx_word' id='word_1_506' title='bbox 2942 2699 3034 2746; x_wconf 85' lang='grc' dir='ltr'>καὶ</span> <span class='ocrx_word' id='word_1_507' title='bbox 3073 2697 3130 2747; x_wconf 70' lang='grc' dir='ltr'>σε</span> <span class='ocrx_word' id='word_1_508' title='bbox 3177 2701 3273 2755; x_wconf 75' lang='grc' dir='ltr'>τῆς</span> <span class='ocrx_word' id='word_1_509' title='bbox 3325 2693 3624 2769; x_wconf 68' lang='grc' dir='ltr'>βαρύτητος</span> <span class='ocrx_word' id='word_1_510' title='bbox 3675 2694 3809 2770; x_wconf 85' lang='grc' dir='ltr'>ἀμυ-</span> 
     </span>
    </p>
   </div>
   <div class='ocr_carea' id='block_1_72' title="bbox 2199 2779 3803 2859">
    <p class='ocr_par' dir='ltr' id='par_1_72' title="bbox 2199 2779 3803 2859">
     <span class='ocr_line' id='line_1_72' title="bbox 2199 2779 3803 2859; baseline 0.004 -25"><span class='ocrx_word' id='word_1_511' title='bbox 2199 2787 2423 2856; x_wconf 85' lang='grc' dir='ltr'>νόμενοι,</span> <span class='ocrx_word' id='word_1_512' title='bbox 2456 2787 2547 2834; x_wconf 84' lang='grc' dir='ltr'>καὶ</span> <span class='ocrx_word' id='word_1_513' title='bbox 2593 2790 2702 2844; x_wconf 80' lang='grc' dir='ltr'>τοῖς</span> <span class='ocrx_word' id='word_1_514' title='bbox 2761 2779 3159 2854; x_wconf 74' lang='grc' dir='ltr'>διαδεξαμένοις</span> <span class='ocrx_word' id='word_1_515' title='bbox 3196 2785 3263 2836; x_wconf 80' lang='grc' dir='ltr'>τὰ</span> <span class='ocrx_word' id='word_1_516' title='bbox 3316 2786 3387 2836; x_wconf 75' lang='grc' dir='ltr'>σά</span> <span class='ocrx_word' id='word_1_517' title='bbox 3437 2785 3803 2859; x_wconf 76' lang='grc' dir='ltr'>χαριζόμενοι.</span> 
     </span>
    </p>
   </div>
   <div class='ocr_carea' id='block_1_73' title="bbox 2202 2868 3804 2948">
    <p class='ocr_par' dir='ltr' id='par_1_73' title="bbox 2202 2868 3804 2948">
     <span class='ocr_line' id='line_1_73' title="bbox 2202 2868 3804 2948; baseline 0.001 -23"><span class='ocrx_word' id='word_1_518' title='bbox 2202 2871 2480 2946; x_wconf 73' lang='grc' dir='ltr'>Προλαϐὠν</span> <span class='ocrx_word' id='word_1_519' title='bbox 2529 2868 2638 2938; x_wconf 75' lang='grc' dir='ltr'><strong>οὖν,</strong></span> <span class='ocrx_word' id='word_1_520' title='bbox 2700 2875 2916 2924; x_wconf 88' lang='grc' dir='ltr'>σεαυτόν</span> <span class='ocrx_word' id='word_1_521' title='bbox 2971 2870 3297 2944; x_wconf 61' lang='grc' dir='ltr'>ἐνταφίοισον.</span> <span class='ocrx_word' id='word_1_522' title='bbox 3350 2872 3516 2926; x_wconf 82' lang='grc' dir='ltr'>Καλόν</span> <span class='ocrx_word' id='word_1_523' title='bbox 3572 2872 3804 2948; x_wconf 74' lang='grc' dir='ltr'><strong>ἐντάφιον</strong></span> 
     </span>
    </p>
   </div>
   <div class='ocr_carea' id='block_1_74' title="bbox 2199 2958 3807 3033">
    <p class='ocr_par' dir='ltr' id='par_1_74' title="bbox 2199 2958 3807 3033">
     <span class='ocr_line' id='line_1_74' title="bbox 2199 2958 3807 3033; baseline 0.002 -20"><span class='ocrx_word' id='word_1_524' title='bbox 2199 2962 2230 3019; x_wconf 78' lang='grc' dir='ltr'>ἡ</span> <span class='ocrx_word' id='word_1_525' title='bbox 2284 2959 2536 3014; x_wconf 66' lang='grc' dir='ltr'>εὐσέϐεια.</span> <span class='ocrx_word' id='word_1_526' title='bbox 2593 2963 2770 3012; x_wconf 86' lang='grc' dir='ltr'>Πάντα</span> <span class='ocrx_word' id='word_1_527' title='bbox 2813 2958 3242 3033; x_wconf 72' lang='grc' dir='ltr'>περιϐαλλόμενος</span> <span class='ocrx_word' id='word_1_528' title='bbox 3289 2963 3407 3032; x_wconf 80' lang='grc'><strong>(53)</strong></span> <span class='ocrx_word' id='word_1_529' title='bbox 3456 2961 3680 3015; x_wconf 75' lang='grc' dir='ltr'>ἄπελθε·</span> <span class='ocrx_word' id='word_1_530' title='bbox 3733 2963 3807 3016; x_wconf 88' lang='grc' dir='ltr'>οἰ-</span> 
     </span>
    </p>
   </div>
   <div class='ocr_carea' id='block_1_75' title="bbox 2197 3048 3804 3126">
    <p class='ocr_par' dir='ltr' id='par_1_75' title="bbox 2197 3048 3804 3126">
     <span class='ocr_line' id='line_1_75' title="bbox 2197 3048 3804 3126; baseline 0.002 -24"><span class='ocrx_word' id='word_1_531' title='bbox 2197 3057 2334 3103; x_wconf 84' lang='grc' dir='ltr'>κεῖον</span> <span class='ocrx_word' id='word_1_532' title='bbox 2380 3054 2578 3122; x_wconf 81' lang='grc' dir='ltr'>κόσμον</span> <span class='ocrx_word' id='word_1_533' title='bbox 2621 3053 2708 3102; x_wconf 90' lang='grc' dir='ltr'><strong>τόν</strong></span> <span class='ocrx_word' id='word_1_534' title='bbox 2755 3048 2974 3102; x_wconf 64' lang='grc' dir='ltr'>πλοῦτον</span> <span class='ocrx_word' id='word_1_535' title='bbox 3022 3054 3283 3108; x_wconf 73' lang='grc' dir='ltr'>ποίησαι·</span> <span class='ocrx_word' id='word_1_536' title='bbox 3327 3053 3418 3122; x_wconf 74' lang='grc' dir='ltr'><strong>ἔχε</strong></span> <span class='ocrx_word' id='word_1_537' title='bbox 3468 3051 3623 3104; x_wconf 68' lang='grc' dir='ltr'>αὑτὸν</span> <span class='ocrx_word' id='word_1_538' title='bbox 3673 3055 3804 3126; x_wconf 82' lang='grc' dir='ltr'>μετά</span> 
     </span>
    </p>
   </div>
   <div class='ocr_carea' id='block_1_76' title="bbox 2198 3137 3804 3212">
    <p class='ocr_par' dir='ltr' id='par_1_76' title="bbox 2198 3137 3804 3212">
     <span class='ocr_line' id='line_1_76' title="bbox 2198 3137 3804 3212; baseline 0.002 -20"><span class='ocrx_word' id='word_1_539' title='bbox 2198 3146 2440 3194; x_wconf 73' lang='grc' dir='ltr'>σεαυτοῦ.</span> <span class='ocrx_word' id='word_1_540' title='bbox 2487 3139 2743 3196; x_wconf 64' lang='lat' dir='ltr'><strong>Heio-0m.</strong></span> <span class='ocrx_word' id='word_1_541' title='bbox 2793 3137 2933 3209; x_wconf 79' lang='grc' dir='ltr'>καλῷ</span> <span class='ocrx_word' id='word_1_542' title='bbox 2985 3137 3290 3212; x_wconf 67' lang='grc' dir='ltr'>συμϐούλῳ,</span> <span class='ocrx_word' id='word_1_543' title='bbox 3341 3148 3414 3212; x_wconf 79' lang='grc' dir='ltr'>τῷ</span> <span class='ocrx_word' id='word_1_544' title='bbox 3471 3139 3804 3212; x_wconf 75' lang='grc' dir='ltr'>ἀγαπήσαντι</span> 
     </span>
    </p>
   </div>
   <div class='ocr_carea' id='block_1_77' title="bbox 2197 3221 3797 3304">
    <p class='ocr_par' dir='ltr' id='par_1_77' title="bbox 2197 3221 3797 3304">
     <span class='ocr_line' id='line_1_77' title="bbox 2197 3221 3797 3304; baseline -0.004 -22"><span class='ocrx_word' id='word_1_545' title='bbox 2197 3247 2255 3282; x_wconf 83' lang='grc' dir='ltr'><strong><em>σε</em></strong></span> <span class='ocrx_word' id='word_1_546' title='bbox 2302 3235 2538 3302; x_wconf 78' lang='grc' dir='ltr'>Χριστῷ,</span> <span class='ocrx_word' id='word_1_547' title='bbox 2569 3236 2642 3299; x_wconf 79' lang='grc' dir='ltr'>τῷ</span> <span class='ocrx_word' id='word_1_548' title='bbox 2687 3221 2760 3280; x_wconf 66' lang='grc' dir='ltr'>δι’</span> <span class='ocrx_word' id='word_1_549' title='bbox 2793 3227 2933 3299; x_wconf 68' lang='grc' dir='ltr'>ἡμᾶς</span> <span class='ocrx_word' id='word_1_550' title='bbox 2982 3231 3376 3300; x_wconf 74' lang='grc' dir='ltr'>πτωχεύσαντι,</span> <span class='ocrx_word' id='word_1_551' title='bbox 3407 3230 3490 3282; x_wconf 85' lang='grc' dir='ltr'><strong>ἱνα</strong></span> <span class='ocrx_word' id='word_1_552' title='bbox 3539 3231 3688 3302; x_wconf 71' lang='grc' dir='ltr'>ἡμεῖς</span> <span class='ocrx_word' id='word_1_553' title='bbox 3735 3239 3797 3304; x_wconf 65' lang='grc' dir='ltr'><strong>τῇ</strong></span> 
     </span>
    </p>
   </div>
   <div class='ocr_carea' id='block_1_78' title="bbox 2195 3314 3802 3389">
    <p class='ocr_par' dir='ltr' id='par_1_78' title="bbox 2195 3314 3802 3389">
     <span class='ocr_line' id='line_1_78' title="bbox 2195 3314 3802 3389; baseline 0.001 -19"><span class='ocrx_word' id='word_1_554' title='bbox 2195 3316 2386 3370; x_wconf 73' lang='grc' dir='ltr'>ἐκείνου</span> <span class='ocrx_word' id='word_1_555' title='bbox 2431 3321 2674 3389; x_wconf 75' lang='grc' dir='ltr'>πτωχείᾳ</span> <span class='ocrx_word' id='word_1_556' title='bbox 2715 3315 3088 3389; x_wconf 74' lang='grc' dir='ltr'>πλουτήσωμεν</span> <span class='ocrx_word' id='word_1_557' title='bbox 3117 3337 3131 3350; x_wconf 80' lang='grc' dir='ltr'><strong>ο</strong></span> <span class='ocrx_word' id='word_1_558' title='bbox 3173 3326 3246 3388; x_wconf 75' lang='grc' dir='ltr'>τῷ</span> <span class='ocrx_word' id='word_1_559' title='bbox 3295 3314 3442 3370; x_wconf 69' lang='grc' dir='ltr'>δόντι</span> <span class='ocrx_word' id='word_1_560' title='bbox 3486 3318 3668 3371; x_wconf 80' lang='grc' dir='ltr'>ἑαυτὸν</span> <span class='ocrx_word' id='word_1_561' title='bbox 3715 3318 3802 3372; x_wconf 81' lang='grc' dir='ltr'><strong>λύ-</strong></span> 
     </span>
    </p>
   </div>
   <div class='ocr_carea' id='block_1_79' title="bbox 2191 3404 3800 3481">
    <p class='ocr_par' dir='ltr' id='par_1_79' title="bbox 2191 3404 3800 3481">
     <span class='ocr_line' id='line_1_79' title="bbox 2191 3404 3800 3481; baseline 0.001 -22"><span class='ocrx_word' id='word_1_562' title='bbox 2191 3425 2313 3481; x_wconf 84' lang='grc' dir='ltr'>τρον</span> <span class='ocrx_word' id='word_1_563' title='bbox 2355 3407 2481 3480; x_wconf 63' lang='grc' dir='ltr'>ὑπὲρ</span> <span class='ocrx_word' id='word_1_564' title='bbox 2530 3407 2696 3479; x_wconf 75' lang='grc' dir='ltr'><strong>ἠμῶνο</strong></span> <span class='ocrx_word' id='word_1_565' title='bbox 2729 3404 2794 3458; x_wconf 71' lang='lat' dir='ltr'><strong>‘ll</strong></span> <span class='ocrx_word' id='word_1_566' title='bbox 2827 3408 2896 3467; x_wconf 84' lang='grc' dir='ltr'>ὡς</span> <span class='ocrx_word' id='word_1_567' title='bbox 2928 3415 3070 3478; x_wconf 70' lang='grc' dir='ltr'><strong>σοφῲ</strong></span> <span class='ocrx_word' id='word_1_568' title='bbox 3113 3409 3172 3458; x_wconf 83' lang='grc' dir='ltr'>τὸ</span> <span class='ocrx_word' id='word_1_569' title='bbox 3206 3411 3464 3480; x_wconf 75' lang='grc' dir='ltr'>συμφέρον</span> <span class='ocrx_word' id='word_1_570' title='bbox 3511 3409 3634 3481; x_wconf 77' lang='grc' dir='ltr'>ἡμῖν</span> <span class='ocrx_word' id='word_1_571' title='bbox 3681 3428 3800 3462; x_wconf 85' lang='grc' dir='ltr'>συν-</span> 
     </span>
    </p>
   </div>
   <div class='ocr_carea' id='block_1_80' title="bbox 2192 3493 3799 3572">
    <p class='ocr_par' dir='ltr' id='par_1_80' title="bbox 2192 3493 3799 3572">
     <span class='ocr_line' id='line_1_80' title="bbox 2192 3493 3799 3572; baseline 0.001 -24"><span class='ocrx_word' id='word_1_572' title='bbox 2192 3505 2378 3572; x_wconf 85' lang='grc' dir='ltr'>ορῶντι</span> <span class='ocrx_word' id='word_1_573' title='bbox 2424 3497 2737 3568; x_wconf 79' lang='grc' dir='ltr'>πεισθῶμεν,</span> <span class='ocrx_word' id='word_1_574' title='bbox 2789 3498 2817 3554; x_wconf 82' lang='grc' dir='ltr'>ἧ</span> <span class='ocrx_word' id='word_1_575' title='bbox 2873 3497 2943 3556; x_wconf 79' lang='grc' dir='ltr'>ὡς</span> <span class='ocrx_word' id='word_1_576' title='bbox 2996 3493 3301 3567; x_wconf 76' lang='grc' dir='ltr'>ἀγαπῶντος</span> <span class='ocrx_word' id='word_1_577' title='bbox 3356 3497 3497 3568; x_wconf 70' lang='grc' dir='ltr'>ἡμᾶς</span> <span class='ocrx_word' id='word_1_578' title='bbox 3554 3495 3799 3570; x_wconf 75' lang='grc' dir='ltr'>ἀνασχώ-</span> 
     </span>
    </p>
   </div>
   <div class='ocr_carea' id='block_1_81' title="bbox 2192 3582 3802 3659">
    <p class='ocr_par' dir='ltr' id='par_1_81' title="bbox 2192 3582 3802 3659">
     <span class='ocr_line' id='line_1_81' title="bbox 2192 3582 3802 3659; baseline 0.001 -20"><span class='ocrx_word' id='word_1_579' title='bbox 2192 3587 2344 3659; x_wconf 82' lang='grc' dir='ltr'>μεθα,</span> <span class='ocrx_word' id='word_1_580' title='bbox 2384 3586 2414 3644; x_wconf 69' lang='grc' dir='ltr'>ἡ</span> <span class='ocrx_word' id='word_1_581' title='bbox 2471 3587 2540 3647; x_wconf 83' lang='grc' dir='ltr'>ὡς</span> <span class='ocrx_word' id='word_1_582' title='bbox 2585 3584 2853 3658; x_wconf 69' lang='grc' dir='ltr'>εὐεργέτην</span> <span class='ocrx_word' id='word_1_583' title='bbox 2905 3585 3052 3656; x_wconf 73' lang='grc' dir='ltr'>ἡμῶν</span> <span class='ocrx_word' id='word_1_584' title='bbox 3103 3582 3462 3658; x_wconf 63' lang='grc' dir='ltr'>ἀμειψώμεθα.</span> <span class='ocrx_word' id='word_1_585' title='bbox 3497 3587 3710 3650; x_wconf 87' lang='grc' dir='ltr'>Πάντως</span> <span class='ocrx_word' id='word_1_586' title='bbox 3741 3584 3802 3640; x_wconf 58' lang='grc' dir='ltr'>δὴ</span> 
     </span>
    </p>
   </div>
   <div class='ocr_carea' id='block_1_82' title="bbox 2191 3669 3802 3748">
    <p class='ocr_par' dir='ltr' id='par_1_82' title="bbox 2191 3669 3802 3748">
     <span class='ocr_line' id='line_1_82' title="bbox 2191 3669 3802 3748; baseline -0.001 -20"><span class='ocrx_word' id='word_1_587' title='bbox 2191 3680 2492 3746; x_wconf 76' lang='grc' dir='ltr'>ποιήσωμεν</span> <span class='ocrx_word' id='word_1_588' title='bbox 2557 3675 2623 3726; x_wconf 81' lang='grc' dir='ltr'><strong>τὰ</strong></span> <span class='ocrx_word' id='word_1_589' title='bbox 2684 3669 3069 3745; x_wconf 65' lang='grc' dir='ltr'>διατεταγμένα</span> <span class='ocrx_word' id='word_1_590' title='bbox 3125 3675 3271 3746; x_wconf 73' lang='grc' dir='ltr'>ἡμῖν,</span> <span class='ocrx_word' id='word_1_591' title='bbox 3342 3673 3428 3726; x_wconf 78' lang='grc' dir='ltr'><strong>ἱνα</strong></span> <span class='ocrx_word' id='word_1_592' title='bbox 3489 3673 3802 3748; x_wconf 80' lang='grc' dir='ltr'>κληρονόμοι</span> 
     </span>
    </p>
   </div>
   <div class='ocr_carea' id='block_1_83' title="bbox 2189 3761 3796 3838">
    <p class='ocr_par' dir='ltr' id='par_1_83' title="bbox 2189 3761 3796 3838">
     <span class='ocr_line' id='line_1_83' title="bbox 2189 3761 3796 3838; baseline 0 -22"><span class='ocrx_word' id='word_1_593' title='bbox 2189 3765 2457 3836; x_wconf 75' lang='grc' dir='ltr'>γενώμεθα</span> <span class='ocrx_word' id='word_1_594' title='bbox 2510 3770 2608 3824; x_wconf 82' lang='grc' dir='ltr'>τῆς</span> <span class='ocrx_word' id='word_1_595' title='bbox 2661 3761 2872 3813; x_wconf 85' lang='grc' dir='ltr'>αἰωνίου</span> <span class='ocrx_word' id='word_1_596' title='bbox 2923 3761 3063 3824; x_wconf 76' lang='grc' dir='ltr'>ζωῆς</span> <span class='ocrx_word' id='word_1_597' title='bbox 3116 3770 3210 3824; x_wconf 84' lang='grc' dir='ltr'>τῆς</span> <span class='ocrx_word' id='word_1_598' title='bbox 3263 3761 3311 3814; x_wconf 78' lang='grc' dir='ltr'>ἐν</span> <span class='ocrx_word' id='word_1_599' title='bbox 3365 3763 3505 3835; x_wconf 75' lang='grc' dir='ltr'>αὐτῷ</span> <span class='ocrx_word' id='word_1_600' title='bbox 3534 3771 3751 3838; x_wconf 73' lang='grc' dir='ltr'>Χριστῷ</span> <span class='ocrx_word' id='word_1_601' title='bbox 3784 3785 3796 3799; x_wconf 87' lang='grc'><strong>-</strong></span> 
     </span>
    </p>
   </div>
   <div class='ocr_carea' id='block_1_84' title="bbox 2192 3847 3796 3924">
    <p class='ocr_par' dir='ltr' id='par_1_84' title="bbox 2192 3847 3796 3924">
     <span class='ocr_line' id='line_1_84' title="bbox 2192 3847 3796 3924; baseline 0.004 -20"><span class='ocrx_word' id='word_1_602' title='bbox 2192 3849 2232 3924; x_wconf 79' lang='grc' dir='ltr'><strong>ᾧ</strong></span> <span class='ocrx_word' id='word_1_603' title='bbox 2263 3854 2292 3910; x_wconf 81' lang='grc' dir='ltr'><strong>ἠ</strong></span> <span class='ocrx_word' id='word_1_604' title='bbox 2328 3847 2462 3915; x_wconf 83' lang='grc' dir='ltr'>δόξα</span> <span class='ocrx_word' id='word_1_605' title='bbox 2484 3855 2575 3904; x_wconf 78' lang='grc' dir='ltr'>καὶ</span> <span class='ocrx_word' id='word_1_606' title='bbox 2612 3853 2670 3902; x_wconf 87' lang='grc' dir='ltr'><strong>τό</strong></span> <span class='ocrx_word' id='word_1_607' title='bbox 2709 3851 2902 3922; x_wconf 86' lang='grc' dir='ltr'>κράτος</span> <span class='ocrx_word' id='word_1_608' title='bbox 2931 3849 3003 3912; x_wconf 85' lang='grc' dir='ltr'><strong>εἰς</strong></span> <span class='ocrx_word' id='word_1_609' title='bbox 3049 3854 3168 3913; x_wconf 79' lang='grc' dir='ltr'>τοὺς</span> <span class='ocrx_word' id='word_1_610' title='bbox 3217 3851 3405 3915; x_wconf 76' lang='grc' dir='ltr'>αἰῶνας</span> <span class='ocrx_word' id='word_1_611' title='bbox 3449 3861 3549 3905; x_wconf 84' lang='grc' dir='ltr'><strong>τῶν</strong></span> <span class='ocrx_word' id='word_1_612' title='bbox 3579 3853 3796 3910; x_wconf 83' lang='grc' dir='ltr'>αἰώνων.</span> 
     </span>
    </p>
   </div>
   <div class='ocr_carea' id='block_1_85' title="bbox 2192 3941 2380 4014">
    <p class='ocr_par' dir='ltr' id='par_1_85' title="bbox 2192 3941 2380 4014">
     <span class='ocr_line' id='line_1_85' title="bbox 2192 3941 2380 4014; baseline -0.005 -20"><span class='ocrx_word' id='word_1_613' title='bbox 2192 3941 2380 4014; x_wconf 73' lang='grc' dir='ltr'>Ἀμήν.</span> 
     </span>
    </p>
   </div>
   <div class='ocr_carea' id='block_1_86' title="bbox 425 4157 3793 4184">
    <p class='ocr_par' dir='ltr' id='par_1_86' title="bbox 425 4157 3793 4184">
     <span class='ocr_line' id='line_1_86' title="bbox 425 4157 3793 4184; baseline -0.001 0"><span class='ocrx_word' id='word_1_614' title='bbox 425 4157 3793 4184; x_wconf 56' lang='lat' dir='ltr'><strong>m</strong></span> 
     </span>
    </p>
   </div>
   <div class='ocr_carea' id='block_1_87' title="bbox 675 4249 1822 4314">
    <p class='ocr_par' dir='ltr' id='par_1_87' title="bbox 675 4249 1822 4314">
     <span class='ocr_line' id='line_1_87' title="bbox 675 4249 1822 4314; baseline -0.004 0"><span class='ocrx_word' id='word_1_615' title='bbox 675 4253 969 4314; x_wconf 74' lang='lat' dir='ltr'><strong>HOMILIA</strong></span> <span class='ocrx_word' id='word_1_616' title='bbox 1005 4250 1209 4307; x_wconf 80' lang='lat' dir='ltr'><strong>DlCTA</strong></span> <span class='ocrx_word' id='word_1_617' title='bbox 1246 4250 1571 4308; x_wconf 78' lang='lat' dir='ltr'><strong>TEMPORE</strong></span> <span class='ocrx_word' id='word_1_618' title='bbox 1608 4249 1822 4309; x_wconf 80' lang='lat' dir='ltr'><strong>FAMIS</strong></span> 
     </span>
    </p>
   </div>
   <div class='ocr_carea' id='block_1_88' title="bbox 989 4359 1510 4424">
    <p class='ocr_par' dir='ltr' id='par_1_88' title="bbox 989 4359 1510 4424">
     <span class='ocr_line' id='line_1_88' title="bbox 989 4359 1510 4424; baseline 0 -7"><span class='ocrx_word' id='word_1_619' title='bbox 989 4361 1071 4417; x_wconf 86' lang='lat' dir='ltr'><strong>ET</strong></span> <span class='ocrx_word' id='word_1_620' title='bbox 1109 4359 1510 4424; x_wconf 80' lang='lat' dir='ltr'><strong>SlCClTATIS.</strong></span> 
     </span>
    </p>
   </div>
   <div class='ocr_carea' id='block_1_89' title="bbox 495 4482 2082 4562">
    <p class='ocr_par' dir='ltr' id='par_1_89' title="bbox 495 4482 2082 4562">
     <span class='ocr_line' id='line_1_89' title="bbox 495 4482 2082 4562; baseline -0.005 -10"><span class='ocrx_word' id='word_1_621' title='bbox 495 4497 547 4552; x_wconf 86' lang='lat' dir='ltr'><strong>l.</strong></span> <span class='ocrx_word' id='word_1_622' title='bbox 579 4490 694 4550; x_wconf 89' lang='lat' dir='ltr'><strong>Leo</strong></span> <span class='ocrx_word' id='word_1_623' title='bbox 714 4486 932 4562; x_wconf 82' lang='lat' dir='ltr'><strong>rugiel,</strong></span> <span class='ocrx_word' id='word_1_624' title='bbox 947 4485 1158 4559; x_wconf 82' lang='lat' dir='ltr'><strong>etquis</strong></span> <span class='ocrx_word' id='word_1_625' title='bbox 1181 4499 1302 4541; x_wconf 84' lang='lat' dir='ltr'><strong>non</strong></span> <span class='ocrx_word' id='word_1_626' title='bbox 1324 4482 1591 4542; x_wconf 78' lang='lat' dir='ltr'><strong>timebit?</strong></span> <span class='ocrx_word' id='word_1_627' title='bbox 1611 4483 1904 4543; x_wconf 80' lang='lat' dir='ltr'><strong>Dominus</strong></span> <span class='ocrx_word' id='word_1_628' title='bbox 1922 4487 2082 4545; x_wconf 73' lang='lat' dir='ltr'><strong>Deus</strong></span> 
     </span>
    </p>
   </div>
   <div class='ocr_carea' id='block_1_90' title="bbox 419 4572 2080 4650">
    <p class='ocr_par' dir='ltr' id='par_1_90' title="bbox 419 4572 2080 4650">
     <span class='ocr_line' id='line_1_90' title="bbox 419 4572 2080 4650; baseline -0.004 -8"><span class='ocrx_word' id='word_1_629' title='bbox 419 4584 652 4644; x_wconf 80' lang='lat' dir='ltr'><strong>locutus</strong></span> <span class='ocrx_word' id='word_1_630' title='bbox 672 4585 778 4650; x_wconf 84' lang='lat' dir='ltr'><strong>est,</strong></span> <span class='ocrx_word' id='word_1_631' title='bbox 793 4584 849 4637; x_wconf 80' lang='lat' dir='ltr'><strong>et</strong></span> <span class='ocrx_word' id='word_1_632' title='bbox 873 4579 1004 4650; x_wconf 82' lang='lat' dir='ltr'><strong>quis</strong></span> <span class='ocrx_word' id='word_1_633' title='bbox 1025 4592 1146 4632; x_wconf 87' lang='lat' dir='ltr'><strong>non</strong></span> <span class='ocrx_word' id='word_1_634' title='bbox 1166 4573 1557 4646; x_wconf 78' lang='lat' dir='ltr'><strong>praphetabit</strong></span> <span class='ocrx_word' id='word_1_635' title='bbox 1573 4572 1660 4628; x_wconf 69' lang='grc'><strong>³⁸⁸1</strong></span> <span class='ocrx_word' id='word_1_636' title='bbox 1679 4575 2080 4636; x_wconf 84' lang='lat' dir='ltr'><strong>Exordiamur</strong></span> 
     </span>
    </p>
   </div>
   <div class='ocr_carea' id='block_1_91' title="bbox 417 4663 2078 4742">
    <p class='ocr_par' dir='ltr' id='par_1_91' title="bbox 417 4663 2078 4742">
     <span class='ocr_line' id='line_1_91' title="bbox 417 4663 2078 4742; baseline -0.006 -8"><span class='ocrx_word' id='word_1_637' title='bbox 417 4674 752 4734; x_wconf 82' lang='lat' dir='ltr'><strong>orationem</strong></span> <span class='ocrx_word' id='word_1_638' title='bbox 775 4685 810 4727; x_wconf 88' lang='lat' dir='ltr'><strong>a</strong></span> <span class='ocrx_word' id='word_1_639' title='bbox 828 4667 1140 4742; x_wconf 62' lang='lat' dir='ltr'><strong>prophetae</strong></span> <span class='ocrx_word' id='word_1_640' title='bbox 1162 4664 1382 4736; x_wconf 88' lang='lat' dir='ltr'><strong>verbis,</strong></span> <span class='ocrx_word' id='word_1_641' title='bbox 1405 4664 1670 4738; x_wconf 88' lang='lat' dir='ltr'><strong>atquein</strong></span> <span class='ocrx_word' id='word_1_642' title='bbox 1692 4663 1877 4738; x_wconf 88' lang='lat' dir='ltr'><strong>hujus</strong></span> <span class='ocrx_word' id='word_1_643' title='bbox 1903 4681 2078 4738; x_wconf 86' lang='lat' dir='ltr'><strong>argu-</strong></span> 
     </span>
    </p>
   </div>
   <div class='ocr_carea' id='block_1_92' title="bbox 415 4753 2073 4828">
    <p class='ocr_par' dir='ltr' id='par_1_92' title="bbox 415 4753 2073 4828">
     <span class='ocr_line' id='line_1_92' title="bbox 415 4753 2073 4828; baseline -0.005 -5"><span class='ocrx_word' id='word_1_644' title='bbox 415 4763 604 4823; x_wconf 91' lang='lat' dir='ltr'><strong>menti</strong></span> <span class='ocrx_word' id='word_1_645' title='bbox 633 4758 982 4819; x_wconf 88' lang='lat' dir='ltr'><strong>tractionem</strong></span> <span class='ocrx_word' id='word_1_646' title='bbox 1014 4753 1395 4812; x_wconf 85' lang='lat' dir='ltr'><strong>auxiliarium</strong></span> <span class='ocrx_word' id='word_1_647' title='bbox 1422 4769 1818 4812; x_wconf 86' lang='lat' dir='ltr'><strong>assumamus</strong></span> <span class='ocrx_word' id='word_1_648' title='bbox 1846 4755 2073 4828; x_wconf 84' lang='lat' dir='ltr'><strong>ipsum.</strong></span> 
     </span>
    </p>
   </div>
   <div class='ocr_carea' id='block_1_93' title="bbox 413 4841 2073 4916">
    <p class='ocr_par' dir='ltr' id='par_1_93' title="bbox 413 4841 2073 4916">
     <span class='ocr_line' id='line_1_93' title="bbox 413 4841 2073 4916; baseline -0.006 -4"><span class='ocrx_word' id='word_1_649' title='bbox 413 4858 598 4911; x_wconf 83' lang='lat' dir='ltr'><strong>Amos</strong></span> <span class='ocrx_word' id='word_1_650' title='bbox 611 4848 896 4908; x_wconf 88' lang='lat' dir='ltr'><strong>divinitus</strong></span> <span class='ocrx_word' id='word_1_651' title='bbox 917 4845 1210 4910; x_wconf 87' lang='lat' dir='ltr'><strong>aftlatum,</strong></span> <span class='ocrx_word' id='word_1_652' title='bbox 1225 4842 1331 4916; x_wconf 90' lang='lat' dir='ltr'><strong>qui</strong></span> <span class='ocrx_word' id='word_1_653' title='bbox 1345 4841 1440 4899; x_wconf 89' lang='lat' dir='ltr'><strong>his</strong></span> <span class='ocrx_word' id='word_1_654' title='bbox 1457 4842 1684 4915; x_wconf 90' lang='lat' dir='ltr'><strong>quibus</strong></span> <span class='ocrx_word' id='word_1_655' title='bbox 1694 4843 2073 4912; x_wconf 82' lang='lat' dir='ltr'><strong>infestamur,</strong></span> 
     </span>
    </p>
   </div>
   <div class='ocr_carea' id='block_1_94' title="bbox 413 4931 2074 5019">
    <p class='ocr_par' dir='ltr' id='par_1_94' title="bbox 413 4931 2074 5019">
     <span class='ocr_line' id='line_1_94' title="bbox 413 4931 2074 5019; baseline -0.006 -17"><span class='ocrx_word' id='word_1_656' title='bbox 413 4958 592 5019; x_wconf 86' lang='lat' dir='ltr'><strong>pares</strong></span> <span class='ocrx_word' id='word_1_657' title='bbox 633 4938 1007 4998; x_wconf 87' lang='lat' dir='ltr'><strong>calamitates</strong></span> <span class='ocrx_word' id='word_1_658' title='bbox 1054 4931 1304 4991; x_wconf 83' lang='lat' dir='ltr'><strong>curavit.</strong></span> <span class='ocrx_word' id='word_1_659' title='bbox 1359 4931 1640 4990; x_wconf 89' lang='lat' dir='ltr'><strong>Videlicet</strong></span> <span class='ocrx_word' id='word_1_660' title='bbox 1687 4948 2074 5008; x_wconf 85' lang='lat' dir='ltr'><strong>exponamus</strong></span> 
     </span>
    </p>
   </div>
   <div class='ocr_carea' id='block_1_95' title="bbox 2541 4255 3452 4312">
    <p class='ocr_par' dir='ltr' id='par_1_95' title="bbox 2541 4255 3452 4312">
     <span class='ocr_line' id='line_1_95' title="bbox 2541 4255 3452 4312; baseline 0.004 -6"><span class='ocrx_word' id='word_1_661' title='bbox 2541 4258 2788 4309; x_wconf 70' lang='grc' dir='ltr'><strong>ΟΜΙᾹΙΑ</strong></span> <span class='ocrx_word' id='word_1_662' title='bbox 2827 4255 3109 4308; x_wconf 78' lang='grc' dir='ltr'><strong>ΡΗΘΕΙΣΑ</strong></span> <span class='ocrx_word' id='word_1_663' title='bbox 3150 4259 3236 4309; x_wconf 83' lang='grc' dir='ltr'><strong>ΕΝ</strong></span> <span class='ocrx_word' id='word_1_664' title='bbox 3275 4261 3452 4312; x_wconf 83' lang='grc' dir='ltr'>ΛΙΜΩ.</span> 
     </span>
    </p>
   </div>
   <div class='ocr_carea' id='block_1_96' title="bbox 2788 4367 3198 4420">
    <p class='ocr_par' dir='ltr' id='par_1_96' title="bbox 2788 4367 3198 4420">
     <span class='ocr_line' id='line_1_96' title="bbox 2788 4367 3198 4420; baseline 0.007 -4"><span class='ocrx_word' id='word_1_665' title='bbox 2788 4367 2901 4418; x_wconf 80' lang='grc' dir='ltr'><strong>ΚΑΙ</strong></span> <span class='ocrx_word' id='word_1_666' title='bbox 2943 4368 3198 4420; x_wconf 80' lang='grc' dir='ltr'>ΑΥΧΜΩ.</span> 
     </span>
    </p>
   </div>
   <div class='ocr_carea' id='block_1_97' title="bbox 2264 4483 3793 4565">
    <p class='ocr_par' dir='ltr' id='par_1_97' title="bbox 2264 4483 3793 4565">
     <span class='ocr_line' id='line_1_97' title="bbox 2264 4483 3793 4565; baseline 0 -20"><span class='ocrx_word' id='word_1_667' title='bbox 2264 4490 2314 4545; x_wconf 83' lang='grc'>1.</span> <span class='ocrx_word' id='word_1_668' title='bbox 2357 4491 2499 4543; x_wconf 75' lang='grc' dir='ltr'>Λέων</span> <span class='ocrx_word' id='word_1_669' title='bbox 2551 4483 2828 4565; x_wconf 78' lang='grc' dir='ltr'>ἰρεύξεται,</span> <span class='ocrx_word' id='word_1_670' title='bbox 2875 4493 2966 4543; x_wconf 84' lang='grc' dir='ltr'>καὶ</span> <span class='ocrx_word' id='word_1_671' title='bbox 3003 4494 3084 4553; x_wconf 84' lang='grc' dir='ltr'><strong>τίς</strong></span> <span class='ocrx_word' id='word_1_672' title='bbox 3131 4490 3191 4544; x_wconf 78' lang='grc' dir='ltr'><strong>οὐ</strong></span> <span class='ocrx_word' id='word_1_673' title='bbox 3245 4489 3634 4564; x_wconf 72' lang='grc' dir='ltr'><strong>φοϐηθήσεται;</strong></span> <span class='ocrx_word' id='word_1_674' title='bbox 3693 4491 3793 4546; x_wconf 78' lang='grc' dir='ltr'><strong>Κύ-</strong></span> 
     </span>
    </p>
   </div>
   <div class='ocr_carea' id='block_1_98' title="bbox 2185 4577 3789 4654">
    <p class='ocr_par' dir='ltr' id='par_1_98' title="bbox 2185 4577 3789 4654">
     <span class='ocr_line' id='line_1_98' title="bbox 2185 4577 3789 4654; baseline 0 -22"><span class='ocrx_word' id='word_1_675' title='bbox 2185 4597 2297 4652; x_wconf 89' lang='grc' dir='ltr'>ριος</span> <span class='ocrx_word' id='word_1_676' title='bbox 2354 4579 2381 4632; x_wconf 89' lang='grc' dir='ltr'><strong><em>ὁ</em></strong></span> <span class='ocrx_word' id='word_1_677' title='bbox 2447 4581 2575 4642; x_wconf 78' lang='grc' dir='ltr'>Θεὸς</span> <span class='ocrx_word' id='word_1_678' title='bbox 2650 4577 2906 4642; x_wconf 75' lang='grc' dir='ltr'>ἕλάλησε,</span> <span class='ocrx_word' id='word_1_679' title='bbox 2960 4585 3051 4632; x_wconf 82' lang='grc' dir='ltr'>καὶ</span> <span class='ocrx_word' id='word_1_680' title='bbox 3117 4584 3197 4642; x_wconf 83' lang='grc' dir='ltr'><strong>τίς</strong></span> <span class='ocrx_word' id='word_1_681' title='bbox 3262 4580 3322 4632; x_wconf 77' lang='grc' dir='ltr'><strong>οὐ</strong></span> <span class='ocrx_word' id='word_1_682' title='bbox 3393 4584 3789 4654; x_wconf 54' lang='lat' dir='ltr'><strong>«pagani-37565:;</strong></span> 
     </span>
    </p>
   </div>
   <div class='ocr_carea' id='block_1_99' title="bbox 2187 4667 3793 4743">
    <p class='ocr_par' dir='ltr' id='par_1_99' title="bbox 2187 4667 3793 4743">
     <span class='ocr_line' id='line_1_99' title="bbox 2187 4667 3793 4743; baseline 0.001 -22"><span class='ocrx_word' id='word_1_683' title='bbox 2187 4670 2514 4742; x_wconf 73' lang='grc' dir='ltr'>Προφητικὸν</span> <span class='ocrx_word' id='word_1_684' title='bbox 2560 4673 2862 4742; x_wconf 72' lang='grc' dir='ltr'>ποιήσωμεν</span> <span class='ocrx_word' id='word_1_685' title='bbox 2912 4671 2972 4720; x_wconf 83' lang='grc' dir='ltr'><strong>τό</strong></span> <span class='ocrx_word' id='word_1_686' title='bbox 3021 4675 3114 4720; x_wconf 78' lang='grc' dir='ltr'>τοῦ</span> <span class='ocrx_word' id='word_1_687' title='bbox 3161 4667 3318 4741; x_wconf 74' lang='grc' dir='ltr'>λόγου</span> <span class='ocrx_word' id='word_1_688' title='bbox 3366 4674 3658 4743; x_wconf 85' lang='grc' dir='ltr'>προοίμιον,</span> <span class='ocrx_word' id='word_1_689' title='bbox 3701 4675 3793 4722; x_wconf 79' lang='grc' dir='ltr'>καὶ</span> 
     </span>
    </p>
   </div>
   <div class='ocr_carea' id='block_1_100' title="bbox 2185 4757 3791 4835">
    <p class='ocr_par' dir='ltr' id='par_1_100' title="bbox 2185 4757 3791 4835">
     <span class='ocr_line' id='line_1_100' title="bbox 2185 4757 3791 4835; baseline 0 -24"><span class='ocrx_word' id='word_1_690' title='bbox 2185 4761 2271 4811; x_wconf 82' lang='grc' dir='ltr'><strong>τὸν</strong></span> <span class='ocrx_word' id='word_1_691' title='bbox 2320 4761 2716 4835; x_wconf 71' lang='grc' dir='ltr'>θεοφορούμενον</span> <span class='ocrx_word' id='word_1_692' title='bbox 2758 4757 2930 4830; x_wconf 84' lang='grc' dir='ltr'>Ἀμώς</span> <span class='ocrx_word' id='word_1_693' title='bbox 2981 4759 3226 4831; x_wconf 74' lang='grc' dir='ltr'>συνεργὸν</span> <span class='ocrx_word' id='word_1_694' title='bbox 3275 4757 3346 4822; x_wconf 87' lang='grc' dir='ltr'><strong>εἰς</strong></span> <span class='ocrx_word' id='word_1_695' title='bbox 3384 4762 3478 4817; x_wconf 75' lang='grc' dir='ltr'><strong>τὴν</strong></span> <span class='ocrx_word' id='word_1_696' title='bbox 3522 4769 3622 4811; x_wconf 81' lang='grc' dir='ltr'><strong>τῶν</strong></span> <span class='ocrx_word' id='word_1_697' title='bbox 3663 4778 3791 4834; x_wconf 85' lang='grc' dir='ltr'>προ-</span> 
     </span>
    </p>
   </div>
   <div class='ocr_carea' id='block_1_101' title="bbox 2183 4843 3788 4922">
    <p class='ocr_par' dir='ltr' id='par_1_101' title="bbox 2183 4843 3788 4922">
     <span class='ocr_line' id='line_1_101' title="bbox 2183 4843 3788 4922; baseline 0 -22"><span class='ocrx_word' id='word_1_698' title='bbox 2183 4851 2424 4922; x_wconf 74' lang='grc' dir='ltr'>κειμένων</span> <span class='ocrx_word' id='word_1_699' title='bbox 2469 4851 2658 4922; x_wconf 85' lang='grc' dir='ltr'>χρείαν</span> <span class='ocrx_word' id='word_1_700' title='bbox 2708 4843 3125 4920; x_wconf 79' lang='grc' dir='ltr'>παραλάϐωμεν,</span> <span class='ocrx_word' id='word_1_701' title='bbox 3176 4848 3243 4899; x_wconf 81' lang='grc' dir='ltr'><strong>τὰ</strong></span> <span class='ocrx_word' id='word_1_702' title='bbox 3299 4847 3456 4920; x_wconf 86' lang='grc' dir='ltr'>ὃμοια</span> <span class='ocrx_word' id='word_1_703' title='bbox 3509 4855 3610 4900; x_wconf 85' lang='grc' dir='ltr'><strong>τῶν</strong></span> <span class='ocrx_word' id='word_1_704' title='bbox 3662 4850 3788 4922; x_wconf 78' lang='grc' dir='ltr'>ἡμῖν</span> 
     </span>
    </p>
   </div>
   <div class='ocr_carea' id='block_1_102' title="bbox 2185 4932 3788 5010">
    <p class='ocr_par' dir='ltr' id='par_1_102' title="bbox 2185 4932 3788 5010">
     <span class='ocr_line' id='line_1_102' title="bbox 2185 4932 3788 5010; baseline 0 -20"><span class='ocrx_word' id='word_1_705' title='bbox 2185 4932 2540 5010; x_wconf 83' lang='grc' dir='ltr'>διοχλούντων</span> <span class='ocrx_word' id='word_1_706' title='bbox 2595 4945 2769 4989; x_wconf 80' lang='grc' dir='ltr'>κακῶν</span> <span class='ocrx_word' id='word_1_707' title='bbox 2823 4936 3217 5008; x_wconf 73' lang='grc' dir='ltr'>θεραπεύσαντα</span> <span class='ocrx_word' id='word_1_708' title='bbox 3271 4938 3390 5009; x_wconf 70' lang='grc'>(54)</span> <span class='ocrx_word' id='word_1_709' title='bbox 3444 4937 3587 4997; x_wconf 76' lang='grc' dir='ltr'>πάθη</span> <span class='ocrx_word' id='word_1_710' title='bbox 3618 4958 3632 4972; x_wconf 90' lang='grc'><strong>·</strong></span> <span class='ocrx_word' id='word_1_711' title='bbox 3692 4944 3788 4998; x_wconf 69' lang='grc' dir='ltr'>τὴν</span> 
     </span>
    </p>
   </div>
   <div class='ocr_carea' id='block_1_103' title="bbox 484 5093 2093 5170">
    <p class='ocr_par' dir='ltr' id='par_1_103' title="bbox 484 5093 2093 5170">
     <span class='ocr_line' id='line_1_103' title="bbox 484 5093 2093 5170; baseline -0.002 -13"><span class='ocrx_word' id='word_1_712' title='bbox 484 5101 534 5138; x_wconf 79' lang='grc'><strong><em>³⁵</em></strong></span> <span class='ocrx_word' id='word_1_713' title='bbox 575 5099 762 5158; x_wconf 89' lang='lat' dir='ltr'><strong>Galat.</strong></span> <span class='ocrx_word' id='word_1_714' title='bbox 797 5113 871 5162; x_wconf 68' lang='grc' dir='ltr'><strong>γι,</strong></span> <span class='ocrx_word' id='word_1_715' title='bbox 896 5099 952 5152; x_wconf 89' lang='lat'><strong>7.</strong></span> <span class='ocrx_word' id='word_1_716' title='bbox 1029 5095 1078 5130; x_wconf 73' lang='grc'><strong>³⁸</strong></span> <span class='ocrx_word' id='word_1_717' title='bbox 1117 5097 1162 5151; x_wconf 92' lang='lat' dir='ltr'><strong>ll</strong></span> <span class='ocrx_word' id='word_1_718' title='bbox 1197 5095 1330 5152; x_wconf 89' lang='lat' dir='ltr'><strong>Cor.</strong></span> <span class='ocrx_word' id='word_1_719' title='bbox 1359 5107 1479 5164; x_wconf 85' lang='lat' dir='ltr'><strong>vm,</strong></span> <span class='ocrx_word' id='word_1_720' title='bbox 1513 5093 1570 5150; x_wconf 87' lang='grc'><strong>9.</strong></span> <span class='ocrx_word' id='word_1_721' title='bbox 1647 5093 1693 5131; x_wconf 82' lang='grc'><strong>⁸⁷</strong></span> <span class='ocrx_word' id='word_1_722' title='bbox 1736 5096 1757 5151; x_wconf 93' lang='lat' dir='ltr'><strong>l</strong></span> <span class='ocrx_word' id='word_1_723' title='bbox 1787 5093 1936 5153; x_wconf 89' lang='lat' dir='ltr'><strong>Tim.</strong></span> <span class='ocrx_word' id='word_1_724' title='bbox 1964 5111 2032 5170; x_wconf 81' lang='grc' dir='ltr'><strong>ιι,</strong></span> <span class='ocrx_word' id='word_1_725' title='bbox 2063 5099 2093 5154; x_wconf 80' lang='grc' dir='ltr'><strong>ϐ</strong></span> 
     </span>
    </p>
   </div>
   <div class='ocr_carea' id='block_1_104' title="bbox 2199 5093 2670 5170">
    <p class='ocr_par' dir='ltr' id='par_1_104' title="bbox 2199 5095 2670 5168">
     <span class='ocr_line' id='line_1_104' title="bbox 2199 5095 2670 5168; baseline 0 -14"><span class='ocrx_word' id='word_1_726' title='bbox 2199 5095 2244 5134; x_wconf 80' lang='grc'><strong>³⁸</strong></span> <span class='ocrx_word' id='word_1_727' title='bbox 2283 5099 2472 5156; x_wconf 77' lang='lat' dir='ltr'><strong>Amos</strong></span> <span class='ocrx_word' id='word_1_728' title='bbox 2503 5113 2586 5168; x_wconf 82' lang='grc' dir='ltr'>ιιι,</span> <span class='ocrx_word' id='word_1_729' title='bbox 2614 5097 2670 5155; x_wconf 90' lang='grc'>8.</span> 
     </span>
    </p>
   </div>
   <div class='ocr_carea' id='block_1_105' title="bbox 435 5253 2062 5346">
    <p class='ocr_par' dir='ltr' id='par_1_105' title="bbox 435 5253 2062 5346">
     <span class='ocr_line' id='line_1_105' title="bbox 435 5253 2062 5346; baseline -0.004 -26"><span class='ocrx_word' id='word_1_730' title='bbox 435 5263 596 5346; x_wconf 55' lang='lat'><strong>&quot;(49)</strong></span> <span class='ocrx_word' id='word_1_731' title='bbox 629 5258 806 5328; x_wconf 88' lang='lat' dir='ltr'><strong>Illud,</strong></span> <span class='ocrx_word' id='word_1_732' title='bbox 839 5261 928 5332; x_wconf 63' lang='grc' dir='ltr'>μὶν</span> <span class='ocrx_word' id='word_1_733' title='bbox 947 5259 1044 5325; x_wconf 76' lang='grc' dir='ltr'><strong>ἔτι,</strong></span> <span class='ocrx_word' id='word_1_734' title='bbox 1078 5255 1301 5314; x_wconf 76' lang='lat' dir='ltr'><strong>addere</strong></span> <span class='ocrx_word' id='word_1_735' title='bbox 1326 5270 1399 5312; x_wconf 87' lang='lat' dir='ltr'><strong>ex</strong></span> <span class='ocrx_word' id='word_1_736' title='bbox 1428 5253 1674 5313; x_wconf 89' lang='lat' dir='ltr'><strong>duobus</strong></span> <span class='ocrx_word' id='word_1_737' title='bbox 1703 5253 2062 5316; x_wconf 77' lang='lat' dir='ltr'><strong>Colbertinis</strong></span> 
     </span>
    </p>
   </div>
   <div class='ocr_carea' id='block_1_106' title="bbox 407 5333 1806 5478">
    <p class='ocr_par' dir='ltr' id='par_1_106' title="bbox 407 5333 1806 5478">
     <span class='ocr_line' id='line_1_106' title="bbox 407 5333 1806 5478; baseline -0.006 -16"><span class='ocrx_word' id='word_1_738' title='bbox 633 5405 779 5460; x_wconf 74' lang='grc' dir='ltr'>Ε(Ῐίιί</span> <span class='ocrx_word' id='word_1_739' title='bbox 809 5402 1056 5478; x_wconf 67' lang='grc' dir='ltr'>ὑπολίπῃ.</span> <span class='ocrx_word' id='word_1_740' title='bbox 1094 5399 1245 5478; x_wconf 52' lang='lat' dir='ltr'><strong>Libri</strong></span> <span class='ocrx_word' id='word_1_741' title='bbox 1276 5403 1502 5478; x_wconf 77' lang='lat' dir='ltr'><strong>veteres</strong></span> <span class='ocrx_word' id='word_1_742' title='bbox 1531 5399 1806 5474; x_wconf 73' lang='grc' dir='ltr'>ὑπολείπῃ.</span> 
     </span>
    </p>
   </div>
   <div class='ocr_carea' id='block_1_107' title="bbox 477 5469 1674 5550">
    <p class='ocr_par' dir='ltr' id='par_1_107' title="bbox 477 5469 1674 5550">
     <span class='ocr_line' id='line_1_107' title="bbox 477 5469 1674 5550; baseline -0.005 -17"><span class='ocrx_word' id='word_1_743' title='bbox 477 5469 592 5550; x_wconf 57' lang='lat' dir='ltr'><strong>(Si)</strong></span> <span class='ocrx_word' id='word_1_744' title='bbox 635 5478 793 5533; x_wconf 85' lang='lat' dir='ltr'><strong>Unus</strong></span> <span class='ocrx_word' id='word_1_745' title='bbox 821 5469 1020 5550; x_wconf 54' lang='lat' dir='ltr'><strong>codex</strong></span> <span class='ocrx_word' id='word_1_746' title='bbox 1039 5469 1206 5550; x_wconf 75' lang='lat' dir='ltr'><strong>t.:_olb.</strong></span> <span class='ocrx_word' id='word_1_747' title='bbox 1230 5471 1674 5550; x_wconf 75' lang='grc' dir='ltr'>περιστελλουσιν.</span> 
     </span>
    </p>
   </div>
   <div class='ocr_carea' id='block_1_108' title="bbox 479 5501 1615 5627">
    <p class='ocr_par' dir='ltr' id='par_1_108' title="bbox 479 5501 1615 5627">
     <span class='ocr_line' id='line_1_108' title="bbox 479 5501 1615 5550; baseline -0.009 -16"><span class='ocrx_word' id='word_1_748' title='bbox 479 5501 560 5550; x_wconf 70' lang='grc' dir='ltr'><strong>ιθι</strong></span> <span class='ocrx_word' id='word_1_749' title='bbox 635 5501 793 5533; x_wconf 73' lang='lat' dir='ltr'><strong>unus</strong></span> <span class='ocrx_word' id='word_1_750' title='bbox 821 5501 1013 5530; x_wconf 76' lang='lat' dir='ltr'><strong>CUUU.\</strong></span> <span class='ocrx_word' id='word_1_751' title='bbox 1039 5501 1206 5528; x_wconf 68' lang='lat' dir='ltr'><strong>hu“).</strong></span> <span class='ocrx_word' id='word_1_752' title='bbox 1230 5501 1380 5546; x_wconf 68' lang='grc' dir='ltr'>περιυ</span> <span class='ocrx_word' id='word_1_753' title='bbox 1400 5501 1615 5524; x_wconf 63' lang='lat' dir='ltr'><strong>“Aluum</strong></span> 
     </span>
     <span class='ocr_line' id='line_1_109' title="bbox 479 5501 1615 5627; baseline -0.006 -20"><span class='ocrx_word' id='word_1_754' title='bbox 479 5501 592 5627; x_wconf 62' lang='lat'><strong>(52$</strong></span> <span class='ocrx_word' id='word_1_755' title='bbox 632 5550 770 5623; x_wconf 76' lang='lat' dir='ltr'><strong>Reg.</strong></span> <span class='ocrx_word' id='word_1_756' title='bbox 803 5545 1035 5623; x_wconf 83' lang='lat' dir='ltr'><strong>primus</strong></span> <span class='ocrx_word' id='word_1_757' title='bbox 1066 5543 1323 5618; x_wconf 80' lang='grc' dir='ltr'>ἀναγκαῖα</span> <span class='ocrx_word' id='word_1_758' title='bbox 1349 5545 1615 5618; x_wconf 80' lang='grc' dir='ltr'>χρῆσθαι.</span> 
     </span>
    </p>
   </div>
   <div class='ocr_carea' id='block_1_109' title="bbox 2244 5256 3240 5334">
    <p class='ocr_par' dir='ltr' id='par_1_109' title="bbox 2244 5256 3240 5334">
     <span class='ocr_line' id='line_1_110' title="bbox 2244 5256 3240 5334; baseline 0.008 -25"><span class='ocrx_word' id='word_1_759' title='bbox 2398 5256 2564 5334; x_wconf 72' lang='lat' dir='ltr'><strong>Idem</strong></span> <span class='ocrx_word' id='word_1_760' title='bbox 2593 5257 2796 5334; x_wconf 63' lang='lat' dir='ltr'><strong>codex</strong></span> <span class='ocrx_word' id='word_1_761' title='bbox 2817 5257 3240 5334; x_wconf 79' lang='grc' dir='ltr'>περιϐαλόμενος.</span> 
     </span>
    </p>
   </div>
   <div class='ocr_carea' id='block_1_110' title="bbox 2241 5281 3778 5406">
    <p class='ocr_par' dir='ltr' id='par_1_110' title="bbox 2241 5281 3778 5406">
     <span class='ocr_line' id='line_1_111' title="bbox 2244 5281 3240 5334; baseline 0.004 -21"><span class='ocrx_word' id='word_1_762' title='bbox 2244 5281 2358 5330; x_wconf 68' lang='grc' dir='ltr'><strong>ωδ)</strong></span> <span class='ocrx_word' id='word_1_763' title='bbox 2398 5281 2564 5316; x_wconf 77' lang='lat' dir='ltr'><strong>luem</strong></span> <span class='ocrx_word' id='word_1_764' title='bbox 2593 5281 2789 5318; x_wconf 78' lang='lat' dir='ltr'><strong>couex</strong></span> <span class='ocrx_word' id='word_1_765' title='bbox 2817 5281 3065 5334; x_wconf 71' lang='grc' dir='ltr'>περιοαλο</span> <span class='ocrx_word' id='word_1_766' title='bbox 3113 5281 3240 5325; x_wconf 87' lang='grc' dir='ltr'>ενος.</span> 
     </span>
     <span class='ocr_line' id='line_1_112' title="bbox 2241 5281 3778 5406; baseline -0.001 -19"><span class='ocrx_word' id='word_1_767' title='bbox 2241 5331 2360 5401; x_wconf 78' lang='grc'><strong>(54)</strong></span> <span class='ocrx_word' id='word_1_768' title='bbox 2401 5329 2603 5388; x_wconf 81' lang='lat' dir='ltr'><strong>Codex</strong></span> <span class='ocrx_word' id='word_1_769' title='bbox 2651 5281 3122 5406; x_wconf 50' lang='lat' dir='ltr'><strong>quidamﬁolﬁ</strong></span> <span class='ocrx_word' id='word_1_770' title='bbox 3151 5340 3323 5406; x_wconf 82' lang='grc' dir='ltr'>κακῶν</span> <span class='ocrx_word' id='word_1_771' title='bbox 3370 5331 3778 5406; x_wconf 73' lang='grc' dir='ltr'>θεραπεύσοντα.</span> 
     </span>
    </p>
   </div>
   <div class='ocr_carea' id='block_1_111' title="bbox 2169 5401 3783 5476">
    <p class='ocr_par' dir='ltr' id='par_1_111' title="bbox 2169 5401 3783 5476">
     <span class='ocr_line' id='line_1_113' title="bbox 2169 5401 3783 5476; baseline 0 -17"><span class='ocrx_word' id='word_1_772' title='bbox 2169 5401 2302 5459; x_wconf 80' lang='lat' dir='ltr'><strong>Mox</strong></span> <span class='ocrx_word' id='word_1_773' title='bbox 2323 5406 2581 5476; x_wconf 79' lang='lat' dir='ltr'><strong>utraque</strong></span> <span class='ocrx_word' id='word_1_774' title='bbox 2603 5401 2786 5460; x_wconf 86' lang='lat' dir='ltr'><strong>editio</strong></span> <span class='ocrx_word' id='word_1_775' title='bbox 2808 5402 2984 5476; x_wconf 78' lang='lat' dir='ltr'><strong>Basil.</strong></span> <span class='ocrx_word' id='word_1_776' title='bbox 3006 5407 3064 5476; x_wconf 89' lang='lat' dir='ltr'><strong>et</strong></span> <span class='ocrx_word' id='word_1_777' title='bbox 3087 5404 3217 5476; x_wconf 81' lang='lat' dir='ltr'><strong>Pari</strong></span> <span class='ocrx_word' id='word_1_778' title='bbox 3222 5421 3269 5476; x_wconf 89' lang='lat' dir='ltr'><strong>s_.</strong></span> <span class='ocrx_word' id='word_1_779' title='bbox 3293 5407 3351 5476; x_wconf 89' lang='lat' dir='ltr'><strong>et</strong></span> <span class='ocrx_word' id='word_1_780' title='bbox 3375 5401 3518 5473; x_wconf 83' lang='lat' dir='ltr'><strong>Reg.</strong></span> <span class='ocrx_word' id='word_1_781' title='bbox 3544 5402 3783 5476; x_wconf 80' lang='lat' dir='ltr'><strong>primus</strong></span> 
     </span>
    </p>
   </div>
   <div class='ocr_carea' id='block_1_112' title="bbox 2167 5472 3779 5549">
    <p class='ocr_par' dir='ltr' id='par_1_112' title="bbox 2167 5472 3779 5549">
     <span class='ocr_line' id='line_1_114' title="bbox 2167 5472 3779 5549; baseline 0.002 -24"><span class='ocrx_word' id='word_1_782' title='bbox 2167 5477 2378 5547; x_wconf 52' lang='grc' dir='ltr'>ννὼμην</span> <span class='ocrx_word' id='word_1_783' title='bbox 2421 5472 2756 5549; x_wconf 62' lang='grc' dir='ltr'>ἐκτιθέμενοι.</span> <span class='ocrx_word' id='word_1_784' title='bbox 2787 5473 3030 5549; x_wconf 82' lang='lat' dir='ltr'><strong>Antiqui</strong></span> <span class='ocrx_word' id='word_1_785' title='bbox 3057 5479 3178 5549; x_wconf 87' lang='lat' dir='ltr'><strong>tres</strong></span> <span class='ocrx_word' id='word_1_786' title='bbox 3203 5473 3341 5531; x_wconf 86' lang='lat' dir='ltr'><strong>libri</strong></span> <span class='ocrx_word' id='word_1_787' title='bbox 3377 5472 3590 5549; x_wconf 69' lang='grc' dir='ltr'><strong>γνῶμῂν</strong></span> <span class='ocrx_word' id='word_1_788' title='bbox 3622 5473 3779 5534; x_wconf 69' lang='grc' dir='ltr'><strong>ἐκθή-</strong></span> 
     </span>
    </p>
   </div>
   <div class='ocr_carea' id='block_1_113' title="bbox 2172 5545 3779 5622">
    <p class='ocr_par' dir='ltr' id='par_1_113' title="bbox 2172 5545 3779 5622">
     <span class='ocr_line' id='line_1_115' title="bbox 2172 5545 3779 5622; baseline 0.001 -24"><span class='ocrx_word' id='word_1_789' title='bbox 2172 5545 2352 5622; x_wconf 84' lang='grc' dir='ltr'>σομαι,</span> <span class='ocrx_word' id='word_1_790' title='bbox 2382 5545 2736 5606; x_wconf 68' lang='grc' dir='ltr'><strong>εεηιθηῖὶανη</strong></span> <span class='ocrx_word' id='word_1_791' title='bbox 2787 5545 3103 5620; x_wconf 71' lang='lat' dir='ltr'><strong>expoham.</strong></span> <span class='ocrx_word' id='word_1_792' title='bbox 3150 5548 3291 5622; x_wconf 85' lang='lat' dir='ltr'><strong>Reg.</strong></span> <span class='ocrx_word' id='word_1_793' title='bbox 3325 5545 3632 5604; x_wconf 78' lang='lat' dir='ltr'><strong>secundus</strong></span> <span class='ocrx_word' id='word_1_794' title='bbox 3686 5549 3779 5600; x_wconf 75' lang='grc' dir='ltr'><strong>καὶ</strong></span> 
     </span>
    </p>
   </div>
  </div>
