4124 6382
425 386 527 439 307

1798 374 1854 432 S.
1897 372 2146 430 BASlLll
2185 370 2427 428 MAGNI.

2226 204 2251 223 ἢ

3693 372 3796 428 808

421 505 633 580 populi
673 506 1052 575 medeantur,
1085 506 1140 560 et
1177 503 1503 560 insolentes
1555 497 1841 575 quaedam
1890 495 2084 553 nubes

2216 501 2369 548 μεῖσαι
2420 499 2513 554 τὴν
2553 499 2738 570 χρείαν
2776 501 2867 549 τοῦ
2917 491 3178 566 διψῶντος
3227 495 3353 549 λαοῦ
3406 498 3795 574 θεραπεὺσωσι,

420 597 572 653 roris
597 596 661 651 in
700 612 933 651 morem
964 594 1266 650 insuetum
1309 594 1662 649 alimentum
1708 602 1938 645 manna
1973 586 2084 641 ho-

422 684 690 743 minibus
720 683 1058 740 demittant.
1100 685 1427 739 Vereamur
1465 697 1539 737 ne
1569 680 1789 737 ﬁamus
1819 674 2084 751 posteris

421 790 652 831 novum
696 772 876 829 famis
926 777 982 829 et
1029 772 1234 828 multae
1282 771 1651 844 exemplum.
1693 768 1825 824 Vidi
1875 781 2078 837 agros,

422 866 481 920 et
540 862 826 935 lacrymis
891 861 1095 919 multis
1154 860 1525 917 sterilitatem
1578 874 1789 915 eorum
1848 854 2083 927 deﬂevi,

422 968 682 1025 sumque
723 951 1111 1017 lamentatus,
1160 949 1330 1024 quod
1382 948 1583 1005 nullus
1624 948 1685 1003 in
1738 962 1852 1003 nos
1894 944 2092 1002 imber

423 1036 652 1094 effusus
700 1041 815 1093 est.
870 1037 1113 1094 Semina
1161 1036 1467 1110 quaedam,
1504 1036 1775 1105 germine
1825 1032 2089 1088 necdum

424 1126 672 1196 emisso,
728 1142 963 1195 aruere,
1019 1125 1159 1183 talia
1206 1125 1627 1199 permanentia
1671 1125 1826 1180 inter
1880 1121 2089 1192 glebas

431 1216 641 1290 qualia
665 1220 932 1272 aratrum
968 1215 1283 1272 obtexerat
1318 1234 1329 1271 :
1384 1215 1504 1271 alia
1533 1213 1851 1288 paululum
1880 1209 2088 1285 promi

423 1306 650 1376 nentia,
692 1309 833 1379 post
869 1305 1377 1375 germinationem
1409 1303 1826 1361 miserabiliter
1856 1306 2006 1359 testu
2038 1305 2098 1359 et

425 1396 638 1453 ardore
677 1395 941 1452 arefacta
981 1398 1143 1465 sunt,
1177 1395 1260 1451 sic
1313 1399 1379 1451 ut
1429 1395 1619 1468 possit
1671 1410 1835 1450 nunc
1875 1390 2096 1465 aliquis

427 1484 855 1541 convenienter
882 1484 1041 1541 hanc
1070 1484 1372 1556 Evangelii
1394 1486 1442 1521 ⁸ο
1470 1501 1684 1541 vocem
1706 1485 1999 1541 invertere
2027 1494 2098 1537 ac

431 1574 657 1632 dicere:
680 1574 946 1648 Operarii
966 1574 1215 1649 quidem
1237 1574 1550 1648 multi,sed
1565 1575 1778 1632 messis
1805 1591 1879 1631 ne
1903 1592 2101 1649 pauca

436 1664 1005 1738 quidem.Agricolaa
1029 1669 1228 1722 autem
1247 1666 1308 1722 in
1325 1667 1485 1736 agris
1510 1665 1867 1737 desidentes,
1893 1671 1949 1722 et
1973 1682 2099 1722 ma-

440 1754 623 1837 nibus
645 1770 845 1828 genua
866 1755 1166 1829 complexi
1188 1755 1317 1830 (qui
1337 1771 1482 1812 sane
1510 1755 1843 1828 lugentium
1859 1756 2102 1813 habitus

2193 584 2393 657 νεφέλαι
2424 581 2482 639 δε
2510 581 2804 660 παράδοξοι
2850 589 3044 658 τροφὴν
3084 583 3320 644 ἀσυνήθη
3370 589 3429 640 rb
3477 590 3643 661 μάννα
3689 594 3802 650 τοῖς

2196 672 2488 749 ἀνθρώποις
2559 674 2999 747 καταψεκάσωσιν
3067 676 3199 746 (62).
3270 675 3647 750 Εὑλοιϐηθῶμεν
3724 682 3795 752 μὴ

2196 766 2461 837 γενώμεθα
2484 770 2594 829 τοῖς
2640 763 2908 836 ὀψιγόνοις
2948 767 3124 817 καινὸν
3168 764 3251 818 ἐπὶ
3298 765 3452 840 λιμοῦ
3495 771 3584 820 καὶ
3630 785 3799 841 τιμω-

2198 857 2317 929 ρίας
2367 851 2630 928 διήγημα,
2682 849 2836 906 Εἶδον
2882 856 2977 917 τὰς
3024 853 3269 931 ἀρούρας,
3318 858 3407 909 καὶ
3454 855 3617 909 πολλὰ
3667 875 3799 910 κατ-

2201 940 2474 1017 εδάκρυσα
2502 951 2597 1007 τῆς
2646 942 2907 1018 ἀκαρπίας
2955 944 3122 997 αὑτῶν
3157 966 3169 979 ·
3215 950 3306 998 καὶ
3353 944 3537 1019 ἐξέχεα
3590 948 3800 1022 θρῆνον,

2202 1029 2385 1092 ἕπειδὴ
2449 1036 2521 1107 μὴ
2581 1035 2727 1096 ὑετὸς
2789 1032 2862 1106 ἐφ’
2920 1036 3061 1107 ἡμας
3115 1033 3361 1107 ἰξεχὺθη.
3415 1038 3494 1089 Τά
3549 1038 3639 1109 μὶν
3701 1044 3801 1088 τῶν

2206 1123 2513 1195 σπερμάτων
2556 1127 2655 1194 πρὸ
2704 1131 2801 1185 τῆς
2849 1121 3065 1189 ἕκϐολῆς
3114 1122 3393 1199 ἐξηράνθη,
3446 1132 3564 1187 ταῖς
3613 1123 3805 1198 βώλοις

2203 1217 2422 1265 τοιαῦτα
2468 1217 2712 1286 μείναντα
2751 1214 2837 1265 οἶα
2873 1215 2931 1265 τὸ
2963 1215 3180 1289 ἄροτρον
3226 1213 3452 1289 ἔκρυψε·
3505 1217 3572 1269 τὰ
3617 1211 3677 1269 δε
3722 1235 3807 1289 μι-

2204 1304 2327 1376 κρὸν
2375 1302 2718 1374 προκύψαντα
2773 1307 2862 1356 καὶ
2913 1301 3292 1376 βλαστήσαντα
3330 1302 3553 1366 ἕλεεινῶς
3602 1303 3804 1379 ἀπεμα-

2207 1392 2368 1465 ράνθη
2421 1400 2493 1463 τῷ
2543 1394 2813 1466 καύματι·
2864 1396 2934 1456 ὡς
2975 1399 3063 1445 νῦν
3101 1394 3211 1465 (63)
3251 1395 3505 1468 εὐκαίρως
3550 1395 3666 1447 τινά
3710 1397 3805 1453 τὴν

2209 1480 2544 1554 εὑαγγελικὴν
2612 1480 2935 1557 ἀναστρέψαι
3002 1487 3185 1554 φωνὴν,
3251 1481 3468 1554 λέγοντα
3500 1504 3513 1517 ’
3583 1482 3650 1535 Οἱ
3719 1484 3808 1556 μεν

2210 1569 2426 1643 ἕργάται
2472 1569 2670 1639 πολλοὶ,
2712 1574 2772 1625 τὸ
2822 1568 2881 1626 δι
2929 1572 3076 1646 θέρος
3122 1568 3237 1625 οὔδ’
3268 1570 3459 1645 ὀλίγον.
3494 1573 3560 1625 Οἱ
3587 1576 3811 1648 γεωργοὶ

2213 1656 2291 1727 δε,
2321 1664 2438 1721 ταῖς
2485 1658 2735 1734 ἀρούραις
2776 1659 3166 1734 ἐπικαθήμενοι,
3206 1664 3297 1714 καὶ
3340 1663 3434 1723 τὰς
3462 1669 3649 1735 χεῖρας
3677 1680 3813 1714 κατα

2212 1757 2312 1801 τῶν
2363 1751 2592 1821 γονάτων
2639 1748 3017 1823 συμπλέκοντες
3068 1751 3243 1822 (τοῦτο
3290 1747 3358 1810 δὴ
3418 1760 3518 1803 τῶν
3564 1753 3812 1805 πενθοῦν-

443 1844 578 1915 est),
602 1844 815 1901 inanes
842 1860 985 1900 suos
1008 1843 1250 1901 labores
1269 1844 1604 1919 deplorant,
1620 1846 2003 1919 respicientes
2024 1846 2103 1902 ad

2216 1857 2313 1890 των
2361 1840 2420 1891 τὸ
2468 1840 2701 1912 σχῆμα),
2747 1842 2868 1901 τοὺς
2909 1844 3169 1913 ματαίους
3223 1838 3415 1893 ἑαυτῶν
3463 1844 3654 1902 πόνους
3710 1837 3812 1893 δα-

446 1932 710 1990 infantes
736 1949 1056 2007 pueros,ac
1076 1934 1569 2006 lamentantes,et
1588 1935 1779 1993 oculis
1804 1935 1864 1992 in
1887 1951 2105 1992 uxores

446 2021 689 2078 intentis
713 2021 1375 2095 ﬂentes,contingentes
1403 2024 1593 2081 siccas
1621 2023 1865 2096 frugum
1886 2023 2107 2082 herbas

452 2113 511 2167 et
555 2115 1021 2184 contrectantes,
1071 2112 1319 2170 edentes
1368 2130 1627 2185 magnos
1678 2113 1935 2186 ejulatus
1974 2130 2107 2188 per-

451 2199 593 2258 inde
616 2205 797 2275 atque
836 2206 1038 2275 patres
1073 2202 1212 2259 ﬁliis
1249 2203 1373 2259 suis
1401 2204 1462 2259 in
1506 2203 1698 2261 aetatis
1720 2204 1866 2261 flore
1888 2202 2106 2263 orbati.

452 2290 693 2348 Dicatur
737 2291 942 2365 itaque
989 2291 1173 2349 etiam
1221 2291 1300 2349 ad
1335 2309 1449 2350 nos
1496 2292 1576 2350 ab
1628 2293 1761 2366 ipso
1790 2294 2106 2367 propheta,

453 2381 624 2451 cuius
654 2397 690 2438 a
717 2379 897 2437 nobis
928 2382 1113 2454 paulo
1143 2387 1280 2440 ante
1322 2381 1383 2439 in
1423 2382 1671 2440 exordio
1702 2384 1861 2440 facta
1885 2385 2110 2440 mentio

455 2474 547 2526 est
578 2485 592 2524 :
623 2469 704 2526 Et
734 2486 856 2541 ego,
879 2471 1095 2544 inquit,
1117 2474 1380 2543 repressi
1404 2488 1442 2530 a
1472 2472 1634 2530 vobis
1669 2474 1939 2544 pluviam
1971 2479 2112 2532 ante

437 2554 571 2616 tres
600 2561 1170 2617 mensesvindemz‘ae
1197 2576 1221 2618 .·
1261 2567 1316 2619 et
1346 2561 1554 2632 pluam
1581 2577 1763 2633 super
1809 2563 2106 2619 civitatem

447 2666 657 2723 unam,
673 2656 729 2708 et
743 2666 927 2721 super
954 2652 1261 2709 civitatem
1278 2667 1463 2709 unam
1480 2668 1600 2708 non
1621 2653 1834 2723 pluam
1848 2670 1869 2706 :
1889 2659 1943 2709 et
1960 2668 2111 2723 pars

446 2757 573 2799 una
600 2741 984 2811 irrigabz'tur,
1018 2747 1069 2798 et
1098 2756 1267 2812 pars.
1308 2757 1486 2812 super
1511 2757 1689 2814 quam
1720 2759 1843 2798 non
1869 2743 2106 2812 pluero,

446 2833 673 2901 areﬁet.
707 2831 786 2886 Et
816 2831 1356 2901 congregabantur
1384 2832 1517 2887 dum
1554 2833 1648 2889 vel
1693 2838 1812 2888 tres
1838 2833 2107 2889 civitates

444 2923 508 2977 in
534 2936 741 2991 unam,
768 2926 830 2976 ut
865 2920 1072 2977 bibant
1102 2937 1347 2994 aquam,
1371 2927 1427 2978 et
1447 2938 1568 2978 non
1590 2922 2015 2993 satiabuntur;
2041 2937 2107 2979 eo

443 3010 607 3081 quod
641 3026 761 3066 non
803 3011 940 3067 estis
978 3011 1206 3067 reversi
1250 3010 1332 3068 ad
1372 3027 1480 3076 me,
1528 3012 1676 3068 dicit
1718 3011 2105 3067 Dominus“.

442 3099 757 3155 Discamus
806 3097 986 3169 igitur
1036 3100 1224 3154 Deum
1274 3098 1387 3155 has
1417 3098 1597 3156 nobis
1628 3098 1843 3171 plagas
1884 3099 1962 3155 ob
2002 3115 2106 3155 no-

2214 1930 2458 2002 κρύουσι,
2521 1931 2652 2003 πρὸς
2700 1925 2900 1992 παῖδας
2945 1932 3165 1993 νηπίους
3206 1927 3514 2005 ἀφορῶντες,
3564 1935 3655 1984 καὶ
3694 1926 3817 1985 ὀδυ-

2216 2022 2422 2094 ρόμενοι
2451 2039 2463 2052 ο
2504 2022 2635 2094 πρὸς
2675 2026 2925 2092 γυναῖκας
2963 2017 3300 2088 ἀτενίζοντες,
3350 2020 3440 2073 καὶ
3491 2022 3813 2097 θρηνοῦντες,

2219 2105 2537 2181 ἰπαφώμενοι
2596 2113 2685 2161 καὶ
2749 2107 3087 2182 ψηλαφῶντες
3143 2114 3265 2173 τοὺς
3330 2109 3521 2185 ξηροὺς
3588 2114 3818 2185 χόρτους

2217 2204 2317 2250 τῶν
2372 2197 2719 2271 γεννημάτων,
2776 2194 3150 2270 ἀνοιμώζοντες
3205 2194 3264 2251 δὲ
3320 2199 3539 2272 μεγάλα,
3584 2198 3817 2274 καθάπερ

2220 2286 2269 2337 οἱ
2311 2290 2526 2359 πατέρες
2565 2286 2614 2339 οἰ
2656 2289 2777 2349 τοὺς
2821 2285 2869 2338 ἓν
2907 2288 3050 2340 ἄνθει
3078 2296 3175 2350 τῆς
3204 2287 3415 2351 ἡλικίας
3457 2290 3604 2351 υἱοὺς
3641 2287 3819 2341 ἀπολί-

2223 2393 2422 2436 σαντες.
2482 2377 2727 2447 Λεγίσθω
2774 2380 2944 2429 τοίνυν
2992 2381 3082 2429 καὶ
3142 2380 3273 2452 πρὸς
3332 2378 3474 2451 ἡμᾶς
3531 2378 3677 2452 παρὰ
3725 2380 3818 2429 τοῦ

2222 2465 2381 2517 αὑτοῦ
2429 2470 2718 2538 προφήτου,
2771 2465 2831 2518 οὑ
2882 2470 3067 2541 μικρὸν
3113 2468 3336 2541 πρόσθεν
3379 2467 3495 2539 (64)
3541 2465 3588 2519 ἐν
3634 2485 3819 2541 προοι-

2220 2559 2359 2627 μίοις
2409 2552 2896 2628 ἐμνημονεύσαμεν
2951 2561 3052 2609 Καὶ
3100 2554 3217 2628 ἐγὼ,
3265 2561 3443 2630 φησὶν,
3495 2554 3718 2630 ἀνέσχον
3768 2553 3821 2620 ἕξ

2220 2643 2361 2716 ὑμῶν
2415 2647 2501 2695 τὸν
2563 2645 2707 2696 ὑετὸν
2763 2647 2864 2719 πρὸ
2922 2651 3077 2720 τριῶν
3132 2654 3306 2718 μηνῶν
3361 2653 3454 2699 τοῦ
3510 2652 3815 2721 τρυγητοῦ·

2219 2739 2308 2785 καί
2366 2731 2535 2808 βρέξω
2590 2730 2673 2786 ἐπὶ
2728 2733 2876 2786 πόλιν
2932 2738 3077 2808 μίαν,
3137 2733 3220 2787 ἐπὶ
3283 2733 3342 2790 δι
3396 2736 3542 2789 πόλιν
3588 2740 3711 2810 μίαν
3760 2736 3818 2787 οὑ

2221 2818 2427 2895 βρέξωο
2476 2826 2567 2875 καὶ
2606 2828 2754 2898 μερὶς
2801 2827 2898 2897 μία
2942 2823 3284 2899 βραχήσεται
3318 2828 3453 2894 (65),
3504 2830 3595 2880 καὶ
3647 2829 3815 2901 μερὶς,

2219 2909 2291 2985 ἐφ’
2356 2911 2415 2971 ἣν
2484 2913 2542 2965 οὑ
2620 2912 2810 2987 βρέξω,
2886 2914 3288 2989 ξηρωθήσεται.
3368 2920 3469 2969 Καὶ
3548 2917 3821 2991 συναθροί-

2221 3030 2400 3064 σονται
2454 3008 2550 3066 δύο
2608 3013 2637 3073 ἣ
2706 3021 2841 3089 τρεῖς
2892 3012 3066 3075 πόλεις
3122 3020 3192 3078 εὶς
3253 3019 3399 3090 μίαν,
3466 3022 3598 3070 πιεῖν
3651 3010 3818 3093 ὕδωρ,

2217 3106 2307 3154 καὶ
2364 3102 2423 3155 οὑ
2491 3106 2561 3176 μὴ
2624 3101 2968 3176 ἒμπλησθῶσι
3010 3125 3022 3137 ο
3094 3099 3236 3158 διότι
3310 3105 3404 3158 οὑκ
3470 3102 3823 3179 επεστράφητε

441 3191 627 3245 stram
657 3187 736 3244 ab
765 3186 899 3261 ipso
928 3186 1433 3245 abalienationem
1465 3193 1647 3263 atque
1674 3187 2103 3261 negligentiam

2218 3195 2348 3266 πρὸς
2419 3196 2501 3267 με,
2551 3192 2685 3265 λέγει
2737 3195 2946 3267 Κύριος.
2992 3196 3250 3269 Μάθωμεν
3294 3192 3401 3263 οὑν,
3452 3196 3532 3248 ὅτι
3576 3190 3652 3247 δι’
3700 3192 3823 3247 ἀπο-

437 3277 782 3347 immittere,
813 3293 938 3334 non
968 3276 1367 3335 exterminare
1404 3278 1725 3345 volentem,
1769 3278 1875 3334 sed
1906 3294 2107 3334 emen-

438 3366 584 3423 dare
614 3366 979 3439 cupientem,
997 3382 1163 3422 more
1189 3366 1495 3423 bonorum
1516 3372 1760 3441 patrum
1787 3382 1931 3439 erga
1956 3367 2109 3423 desi-

437 3455 547 3512 des
568 3454 725 3512 ﬁlios
751 3472 764 3523 ;
787 3455 891 3529 qui
911 3455 1255 3512 irascuntur
1276 3455 1787 3527 adolescentibus,
1802 3462 1861 3513 et
1878 3458 1939 3513 in
1973 3473 2106 3514 eos-

439 3544 580 3601 dem
628 3546 970 3616 insurgunt,
1004 3561 1129 3602 non
1174 3545 1340 3615 quod
1388 3545 1731 3619 quidquam
1776 3547 1923 3621 ipsis
1963 3546 2109 3603 mali

437 3635 654 3692 inferre
675 3635 875 3703 v'elint,
909 3636 1015 3692 sed
1043 3640 1107 3692 ut
1135 3651 1239 3693 eos
1274 3652 1347 3693 ex
1370 3636 1591 3709 puerili
1625 3637 1877 3702 incuria,
1911 3654 2109 3712 exque

433 3726 765 3798 juventutis
795 3725 1027 3782 delictis
1060 3725 1139 3783 ad
1170 3742 1381 3782 curam
1432 3726 1765 3797 adducant,
1809 3732 1990 3801 atque
2030 3727 2110 3784 ad

440 3815 836 3887 diligentiam.
861 3814 1072 3873 Videte
1116 3815 1320 3889 itaque
1349 3815 1876 3889 quemadmodum
1910 3816 2110 3872 multi-

439 3904 586 3962 tudo
615 3909 1007 3978 peccatorum
1035 3908 1383 3961 nostrorum
1414 3910 1471 3962 et
1490 3905 1636 3962 anni
1662 3909 2048 3979 tempestates
2076 3922 2114 3963 a

443 4009 555 4050 sua
581 3994 857 4067 ipsarum
888 3998 1105 4051 natura
1137 3994 1479 4059 abduxerit,
1518 3999 1577 4052 et
1625 3999 1967 4068 temporum
1999 3994 2116 4051 for-

443 4100 578 4140 mas
598 4083 1092 4140 transmutaverit
1106 4081 1166 4139 in
1192 4083 1423 4140 alienas
1442 4083 2116 4158 temperaturas.Hiems

446 4174 692 4231 solitum
720 4173 1039 4230 humorem
1071 4172 1319 4230 siccitati
1347 4173 1681 4231 admistum
1722 4191 1845 4231 non
1880 4174 2115 4231 habuit:

449 4263 556 4320 sed
592 4263 914 4320 humorem
947 4280 1197 4320 omnem
1248 4263 1437 4335 glacie
1468 4265 1743 4320 astrinxit
1770 4262 2118 4321 exsiccavit-

450 4369 591 4427 que,
641 4357 697 4411 et
742 4353 995 4409 omnino
1032 4353 1266 4410 nivium
1296 4352 1710 4429 imbriumque
1741 4369 1955 4427 expers
1986 4370 2116 4427 per-

452 4442 821 4500 mansit.Ver
849 4459 1059 4498 rursus
1091 4442 1343 4500 alteram
1382 4443 1633 4516 quidem
1676 4443 2117 4517 proprietatum

451 4548 702 4589 suarum
732 4536 967 4606 partem
1005 4532 1287 4603 ostendit,
1316 4532 1581 4589 calorem
1618 4531 1773 4604 dico,
1798 4534 2117 4589 humorem

455 4626 658 4679 autem
680 4622 915 4680 socium
936 4637 1059 4678 non
1071 4621 1504 4679 habuit..Estus
1514 4637 1660 4679 vero
1681 4627 1737 4678 et
1753 4622 1941 4695 frigus
1960 4622 2122 4679 inso-

453 4710 559 4770 lito
579 4713 763 4771 modo
778 4713 1068 4770 terminos
1088 4712 1406 4769 ereationis
1422 4727 1547 4769 suae
1563 4716 2024 4785 transgressa,et
2040 4712 2121 4769 ad

455 4802 787 4877 perniciem
803 4807 1078 4862 nostram
1104 4802 1367 4874 maligne
1391 4802 1867 4876 conspirantia,a
1885 4804 2045 4861 victu
2064 4813 2123 4867 et

534 4930 582 4966 ⁴⁰
613 4931 752 4987 Luc.
782 4946 842 4999 x,
871 4934 924 4985 2.
1004 4930 1047 4965 ⁴¹
1080 4932 1265 4987 Amos
1294 4945 1373 4999 ιν,
1401 4933 1456 4999 7,
1485 4931 1538 4985 8.

532 5066 644 5135 (62)
674 5065 828 5122 Editi
871 5068 929 5122 et
957 5067 1099 5135 Reg.
1133 5064 1367 5137 primus
1404 5063 1836 5137 καταψικάζωσι.
1870 5069 1941 5122 At
1969 5082 2120 5132 mss,

460 5137 634 5193 multi
664 5135 1255 5209 xuraz-tzxéo-mcjmo
1298 5136 1359 5192 in
1389 5151 1497 5192 ora
1536 5135 1699 5206 Regii
1735 5136 1914 5209 primi
1953 5138 2121 5194 addi-

460 5215 587 5265 tum
620 5208 819 5284 est/3,
841 5214 931 5261 καὶ
961 5208 1396 5284 καταψεκάσωσι.

532 5284 647 5352 (63)
698 5278 1276 5363 C’olb.“primushcbg
1323 5285 1411 5363 ut}
1454 5279 1944 5363 you.‘Aliqua_nto
1981 5284 2124 5363 post

461 5350 634 5408 mss.'
665 5350 947 5408 nonnulli
1001 5352 1106 5404 οὔτ’
1136 5351 1323 5424 ὀλίγον.
1372 5350 1638 5424 Subinde
1699 5350 2125 5424 quatuor—aut

461 5424 732 5497 quinque
793 5440 940 5480 mss.
1011 5422 1240 5496 γονάτων
1308 5422 1739 5495 συμπλέκοντεςί
1772 5422 1921 5479 Editi
1989 5444 2123 5497 συμ-

460 5494 757 5557 πλέξαντες.

534 5568 650 5644 (64)
676 5568 845 5623 Unus
877 5566 1068 5623 codex
1099 5576 1270 5641 μικρῷ
1296 5568 1541 5644 πρόσθεν.
1571 5564 1731 5621 Alius
1766 5582 1877 5621 ms.
1902 5571 1960 5624 et
1982 5566 2124 5623 editi

507 5658 670 5705 ικρον,

461 5658 670 5785 μιῖὲΞ)’
696 5710 842 5768 Editi
890 5715 988 5786 μία
1037 5708 1388 5786 βρεχήσεται.
1420 5712 1654 5767 Veteres
1682 5713 1943 5785 quatuor
1988 5709 2126 5786 libri

2222 3285 2445 3355 στροφὴν
2495 3283 2603 3353 (66)
2652 3286 2743 3335 καὶ
2789 3280 3025 3355 ἀμέλειαν
3073 3287 3276 3345 ταὺπας
3315 3285 3440 3357 ἡμῖν
3489 3285 3514 3336 ὁ
3562 3284 3691 3346 Θεὸς
3729 3302 3824 3346 τας

2218 3368 2423 3442 πληγάς
2469 3369 2685 3439 ἐνίησιν,
2720 3371 2813 3424 οὑκ
2862 3370 3107 3448 ἐκτρῖψαι
3152 3373 3345 3445 ζητῶν,
3386 3371 3490 3426 ἀλλ’
3524 3371 3822 3447 ὶπανορθῶ-

2222 3480 2313 3515 σαι
2346 3458 2684 3525 σπουδάζων,
2709 3464 2844 3515 κατά
2874 3466 2995 3525 τοὺς
3022 3467 3298 3537 χρηστοὺς
3336 3470 3431 3523 τῆν
3470 3468 3703 3537 πατέρων
3732 3467 3824 3517 καὶ

2221 3549 2421 3624 ἀμελεῖς
2487 3560 2587 3604 τῶν
2644 3555 2849 3619 τέκνων,
2898 3554 2949 3604 οἱ
3008 3553 3292 3625 θυμοῦνται
3342 3555 3478 3606 κατά
3532 3560 3631 3605 τῶν
3679 3556 3821 3622 νέων,

2178 3644 2310 3716 ,καὶ
2362 3637 2748 3708 διανίστανται,
2783 3640 2840 3693 οὑ
2880 3646 3040 3694 κακόν
3083 3662 3136 3694 τι
3181 3638 3366 3695 δοῦναι
3412 3638 3818 3709 σπουδάζοντες,

2223 3727 2331 3782 ἀλλ’
2372 3729 2426 3783 ἑκ
2467 3738 2563 3793 τῆς
2607 3726 2910 3793 νηπιώδους
2961 3731 3235 3805 ὀλιγωρίας
3286 3735 3376 3785 καὶ
3424 3740 3522 3785 τῶν
3570 3739 3664 3794 τῆς
3710 3734 3823 3783 νεὸ-

2221 3840 2376 3883 τητος
2426 3820 2690 3894 ἁμαρτιῶν
2743 3819 2816 3883 εἰς
2863 3818 3151 3896 ἐπιμέλειαν
3200 3824 3430 3896 ἄγοντες.
3476 3821 3663 3895 Ὀρᾶτε
3708 3824 3823 3874 τοί-

2222 3931 2330 3982 νυν,
2384 3912 2452 3973 ὡς
2489 3913 2547 3962 τὸ
2599 3909 2797 3972 πλῆθος
2843 3918 2943 3963 τῶν
2992 3913 3252 3985 ἡμετέρων
3298 3912 3685 3987 ἁμαρτημάτων
3735 3930 3826 3963 και

2224 4001 2320 4061 τὰς
2358 4002 2495 4073 ὧρας
2544 4007 2644 4051 τῶν
2690 3996 2837 4052 ἰδίων
2890 3999 3111 4073 ἐξήγαγε
3162 4002 3267 4072 (67)
3321 4004 3539 4074 φὺσεων,
3590 4004 3679 4053 καὶ
3726 4008 3825 4053 τῶν

2226 4098 2420 4164 καιρῶν
2464 4090 2557 4151 τάς
2606 4086 2750 4153 ἰδέας
2796 4090 2866 4153 εἰς
2912 4088 3221 4153 ἀλλοκότους
3262 4094 3475 4167 κράσεις
3525 4086 3822 4164 διὴμειψεν.

2225 4180 2284 4232 Ὀ
2313 4183 2514 4253 χειμὼν
2545 4178 2637 4231 οὑκ
2669 4182 2796 4253 ἔσχε
2825 4183 2883 4232 τὸ
2914 4182 3132 4242 σύνηθες
3159 4182 3316 4256 ὑγρὸν
3347 4183 3477 4254 μετά
3516 4187 3607 4233 τοῦ
3641 4180 3823 4255 ξηροῦ,

2230 4267 2356 4321 ἀλλά
2402 4273 2576 4321 πᾶσαν
2629 4265 2830 4343 ἰκμάδα
2860 4277 2931 4341 τῷ
2978 4269 3285 4344 κρυστάλλῳ
3340 4266 3604 4327 κατέδησε
3647 4288 3699 4323 τε
3739 4273 3829 4323 καὶ

2229 4357 2562 4432 ἀπεξήρανεν,
2623 4360 2838 4432 ἄμοιρος
2897 4356 2955 4412 δὲ
3009 4355 3260 4412 διετέλεσε
3315 4363 3404 4412 καὶ
3455 4355 3685 4432 νιφάδων
3739 4364 3829 4413 καὶ

2230 4448 2386 4500 ὑετῶν
2434 4448 2568 4519 (68).
2618 4452 2687 4501 Τὸ
2736 4452 2823 4525 ἔαρ
2868 4448 3021 4502 πάλιν
3069 4452 3127 4501 τὸ
3174 4453 3265 4523 μὲν
3312 4452 3479 4524 ἕτερον
3528 4454 3681 4525 μέρος
3729 4458 3828 4501 τῶν

2151 4570 2198 4624 D
2234 4534 2530 4611 ἰδιωμάτων
2562 4534 2741 4604 ἔδειξε,
2788 4544 2882 4598 την
2915 4540 3209 4612 θερμότητα
3238 4539 3369 4610 λέγω
3395 4560 3406 4572 ·
3449 4546 3541 4591 τοῦ
3575 4535 3634 4592 δε
3664 4540 3828 4613 ὑγροῦ

2228 4631 2323 4686 τὴν
2378 4632 2658 4701 μετουσίαν
2721 4627 2815 4682 οὑκ
2881 4631 3030 4699 ἔσχε.
3094 4634 3285 4701 Καῦμα
3336 4624 3396 4682 δε
3461 4632 3548 4680 καὶ
3607 4630 3826 4703 κρυμὸς,

2230 4726 2419 4779 καινῶς
2448 4717 2715 4793 ὑπερϐάτα
2753 4721 2875 4779 τοὺς
2922 4717 3075 4792 ὅρους
3112 4725 3209 4779 τῆς
3233 4720 3474 4786 κτίσεως,
3520 4722 3610 4771 καὶ
3656 4724 3832 4779 κακῶς

2234 4808 2304 4872 εἰς
2340 4812 2435 4869 τήν
2482 4807 2598 4863 καθ’
2625 4810 2771 4882 ἡμῶν
2823 4811 3243 4881 συμφωνήσαντα
3295 4806 3518 4882 βλάϐην,
3570 4814 3662 4862 τοῦ
3708 4805 3831 4883 βίον

2232 5063 2594 5191 εραχησεται.
2630 5065 2804 5121 Haud
2832 5064 3011 5135 longe
3050 5064 3193 5122 editi
3243 5070 3333 5119 καὶ
3379 5067 3833 5141 συναθροίσονται.

2278 5138 2448 5191 ocula
2475 5142 2564 5189 καί
2592 5137 2762 5191 abest
2778 5137 2858 5191 ab
2888 5136 3153 5191 antiquis
3169 5153 3327 5191 quos
3358 5138 3623 5191 vidimus
3646 5137 3833 5191 libris.

2278 5136 2448 5210 ocule
2475 5142 2564 5189 καί
2590 5137 2858 5210 abestab
2888 5136 3153 5210 antiquis
3169 5153 3327 5210 quos
3358 5136 3623 5210 vidimus
3646 5137 3834 5192 libris.

2233 5209 2348 5265 Nec
2378 5209 2459 5263 ita
2479 5209 2669 5265 multo
2689 5208 2844 5282 infra
2873 5208 3322 5282 quatuormss,
3356 5213 3428 5282 μὴ
3461 5208 3763 5265 πλησθῶσι.

2301 5282 2412 5350 (66)
2443 5283 2687 5354 Yeteres
2724 5277 3001 5354 quinque
3030 5280 3164 5354 libri
3185 5277 3268 5354 Δδι’
3288 5277 3640 5354 ,δέω-τροφὴν.
3671 5282 3837 5354 (ξιτατ

2232 5349 2350 5425 que
2388 5349 2568 5425 editio
2604 5349 2779 5425 Basili
2830 5349 3118 5425 et'Paris,
3172 5349 3245 5403 δι’
3277 5349 3635 5425 ἀποστροφήν.
3670 5350 3834 5405 Haud

2231 5422 2410 5491 longe
2428 5423 2602 5497 _Colb.
2618 5423 2851 5497 primus
2873 5428 2958 5497 καὶ
2981 5422 3341 5497 ἐμμελεῖς-τῶν
3367 5422 3573 5488 τέκνων,
3589 5436 3836 5494 corrup-

2232 5501 2307 5552 te.
2344 5494 2608 5550 Subinde
2622 5492 2795 5551 'Colb.
2825 5492 3055 5567 primtvls'
3086 5492 3535 5567 mutuum-rugat.

2304 5570 2418 5642 (67)
2444 5566 2698 5642 antiqui,
2719 5564 2843 5622 tres
2863 5566 3001 5642 libri
3021 5575 3119 5618 τῶν
3151 5566 3351 5618 οἰκείων
3381 5564 3619 5642 ἐξήγαγε.

2307 5641 2416 5711 (68)
2443 5639 2578 5709 Reg.
2612 5638 2843 5721 primus
2861 5643 2951 5691 καὶ
2981 5640 3153 5699 ὑετοῦ,
