4124 6380
318 351 421 408 309

317 480 407 528 καὶ
464 483 559 539 τῆς
621 475 759 536 ζωῆς
817 477 937 537 τοὺς
988 472 1289 548 ἀνθρώπους
1345 472 1634 526 ἐλαύνουσι.
1690 476 1776 532 Τίς
1828 467 1916 523 οὖν
1948 471 1994 524 Α

317 567 422 638 ἄρα
468 572 566 624 τῆς
609 562 828 626 ἀταξίας
882 567 971 614 καὶ
1012 571 1105 624 τῆς
1147 566 1464 634 συγχύσεως
1500 565 1529 620 ἠ
1565 563 1744 627 αἰτία;
1773 566 1852 623 τίς
1891 562 1916 612 ό

314 657 660 728 νεωτερισμὸς
725 662 825 706 τῶν
891 662 1122 728 καιρῶνς
1190 652 1607 728 Ἐρευνήσωμεν,
1668 654 1735 715 ὡς
1800 659 1916 704 νοῦν

318 747 543 817 ἔχοντες·
593 747 660 806 ὡς
708 743 929 815 λογικοὶ,
984 743 1312 816 λογισώμεθα
1355 745 1484 816 (69).
1526 746 1612 802 Μὴ
1664 744 1688 794 6
1726 739 1916 815 κυϐερ-

315 841 412 885 νῶν
460 836 518 886 τὸ
557 838 659 886 πᾶν
707 833 800 885 οῦκ
848 835 1002 899 ἔστι;
1053 837 1125 906 μὴ
1177 835 1202 885 ό
1252 831 1631 906 ἀριστοτέχνης
1665 835 1792 894 Θεὸς
1824 829 1918 884 ἐπ-

319 923 523 978 ελάθετο
579 930 676 983 τῆς
731 921 1063 996 οἰκονομίας;
1123 927 1194 996 μὴ
1253 921 1482 996 ἀφῃρέθη
1538 930 1632 984 τῆς
1681 921 1918 983 ἔξουσίας

323 1018 412 1065 καὶ
438 1020 530 1076 τῆς
563 1009 866 1086 δυνάμεως;
903 1011 932 1070 ἢ
974 1016 1066 1070 τὴν
1111 1012 1270 1085 ἰσχὺν
1318 1015 1406 1086 μὲν
1455 1017 1550 1072 τήν
1590 1011 1751 1070 αὐτὴν
1782 1013 1914 1082 ἔχει,

322 1107 411 1155 καὶ
468 1109 558 1156 τοῦ
609 1105 834 1176 κράτους
880 1101 938 1154 οῦ
996 1101 1258 1176 παρελύθη
1304 1102 1437 1173 (⁸70)⁸
1489 1101 1796 1175 παρηνέχθη
1859 1094 1919 1151 δί

325 1192 396 1254 εἰς
454 1190 805 1264 σκληρότητα,
859 1196 950 1243 καὶ
993 1195 1051 1244 τὸ
1107 1191 1220 1244 λίαν
1275 1191 1487 1265 ἀγαθόν,
1548 1197 1638 1244 καὶ
1689 1193 1747 1243 τὸ
1801 1192 1918 1263 περὶ

320 1281 458 1353 ἡμᾶς
500 1276 842 1353 κηδεμονικόν
893 1281 960 1344 εἰς
1009 1284 1405 1357 μισανθρωπίαν
1455 1279 1759 1354 μετίϐαλεν;
1808 1279 1920 1331 Οῦκ

321 1369 380 1421 ἂν
440 1373 574 1422 εἴποι
630 1391 709 1433 τις
761 1379 1054 1443 σωφρονῶν,
1105 1370 1232 1424 ἀλλὰ
1280 1374 1470 1445 φανερά
1524 1375 1613 1422 καὶ
1664 1366 1801 1428 δῆλα
1855 1371 1921 1422 τὰ

319 1462 464 1513 αἴτια
511 1455 582 1512 δι’
636 1460 671 1512 ἀ
739 1462 975 1522 συνήθως
1029 1460 1088 1512 οῦ
1138 1457 1498 1532 διοικούμεθα.
1558 1457 1920 1532 Λαμϐάνοντες

321 1551 491 1622 ἡμεῖς,
543 1548 717 1612 οὒελοις
773 1549 830 1602 οῦ
887 1554 1204 1623 παρέχομεν
1266 1554 1358 1608 τὴν
1418 1549 1709 1624 εὐεργεσίαν
1769 1547 1920 1600 ἔπαιε

320 1645 522 1712 νοῦμεν,
581 1643 672 1691 καὶ
739 1642 934 1702 ταύτης
1001 1637 1384 1715 ἀποστεροῦμεν
1451 1643 1570 1702 τοῦς
1625 1635 1917 1712 δεομένους.

322 1727 502 1782 Δοῦλοι
559 1733 716 1796 ὄντες,
783 1728 1200 1804 ἐλευθεροῦμεθα,
1264 1734 1353 1782 καὶ
1422 1732 1544 1791 τοῦς
1601 1725 1920 1802 ὁμοδούλους

321 1818 414 1870 οῦκ
463 1818 799 1892 οἰκτείρομεν·
845 1827 1116 1880 πεινῶντες
1161 1821 1466 1894 τρεφόμεθα,
1510 1823 1600 1870 καὶ
1646 1821 1732 1870 τόν
1773 1813 1916 1876 ἐνδεῆ
1954 1833 1998 1889 Β

322 1913 743 1981 παρατρέχομεν·
803 1905 1035 1968 Ἀνενδεῆ
1105 1913 1338 1982 χορηγόν
1396 1913 1486 1960 καὶ
1541 1911 1733 1980 ταμίαν
1792 1911 1919 1961 Θεὸν

322 2000 548 2070 ἔχοντες,
605 1993 849 2070 φειδωλοὶ
916 1995 1188 2070 ἐγενόμεθα
1245 2003 1336 2050 καὶ
1405 1997 1744 2056 ἀκοινώνητοι
1791 2001 1920 2071 πρὸς

320 2091 442 2148 τοὺς
507 2091 750 2149 πένητας.
822 2087 1091 2140 Πολύτοκα
1155 2090 1299 2162 ἡμῶν
1374 2091 1438 2140 τὰ
1504 2087 1760 2161 πρόϐατα,
1829 2089 1920 2139 καὶ

322 2180 370 2231 οἱ
422 2181 609 2251 γυμνοὶ
668 2187 765 2230 τῶν
822 2177 1094 2253 προϐάτων
1151 2178 1374 2240 πλείους.
1434 2181 1497 2232 Αἱ
1540 2177 1803 2237 ἀποθῆκαι
1851 2185 1922 2249 τῷ

322 2269 508 2328 πλήθει
556 2278 655 2323 τῶν
710 2269 1053 2344 ἀποκειμένων
1105 2279 1420 2338 στενοῦνται,
1481 2274 1570 2322 καὶ
1630 2273 1716 2322 τόν
1774 2267 1922 2322 ἐστε-

323 2363 544 2434 νωμένον
598 2361 691 2412 οῦκ
749 2359 1000 2434 ἐλεοῦμεν.
1059 2363 1153 2412 Διά
1218 2369 1369 2412 τοῦτο
1418 2363 1542 2433 ἡμῖν
1607 2358 1803 2412 ἀπειλεῖ
1864 2359 1923 2411 τὸ

326 2446 538 2502 δίκαιον
580 2455 870 2523 κριτήριον.
924 2453 1017 2503 Διά
1064 2458 1216 2503 τοῦτο
1247 2455 1336 2502 καὶ
1377 2451 1413 2521 ὁ.
1442 2453 1572 2512 Θεὸς
1610 2450 1702 2502 οῦκ
1735 2448 1926 2520 ἀνοίγει

325 2543 420 2598 τὴν
463 2548 641 2615 χεῖρα,
701 2537 878 2599 ἐπειδὴ
941 2544 1034 2599 τὴν
1094 2537 1428 2613 φιλαδελφίαν
1481 2542 1628 2613 ἡμεῖς
1686 2539 1926 2592 ἀπεκλεί-

330 2650 510 2703 σαμεν.
543 2633 636 2685 Διά
679 2638 830 2686 τοῦτο
881 2629 1035 2706 ξηραὶ
1083 2633 1138 2683 αἱ
1184 2633 1425 2706 ἄρουραι,
1470 2626 1647 2689 ἐπειδὴ
1682 2632 1711 2690 ἡ
1749 2628 1925 2702 ἀγάπη

328 2719 518 2792 ἐφύγη.
1056 2728 1062 2734 ’

401 2901 453 2954 3.
490 2901 632 2956 Φωνὴ
679 2898 1043 2952 λιτανιυόντων
1078 2899 1187 2968 (71)
1231 2898 1340 2958 εἰκῆ
1387 2897 1508 2971 βοᾷ,
1543 2904 1632 2951 καὶ
1675 2901 1804 2971 πρός
1843 2901 1930 2950 τόν

334 2988 459 3062 ἀέρα
489 2984 951 3044 διασκεδάννυται.
988 2985 1128 3042 Οὐδὲ
1171 2992 1270 3063 γὰρ
1311 2990 1462 3061 ἡμεῖς
1503 2997 1602 3041 τῶν
1653 2986 1931 3051 ἀξιούντων

333 3077 646 3151 ἠκούσαμεν.
702 3080 804 3130 Οῖα
848 3074 906 3131 δὲ
950 3081 1096 3151 ἡμῶν
1141 3080 1170 3136 ἡ
1205 3081 1480 3152 προσευχὴ
1523 3081 1612 3129 καὶ
1641 3079 1670 3135 ἡ
1707 3072 1929 3144 δέησιςς

1139 350 1433 408 HOMILIA
1473 350 1679 406 DIOTA
1716 345 2040 404 TEMPORE
2082 337 2291 401 FAMIS
2332 347 2416 402 ET
2455 346 2853 404 SlCClTATlS.

3577 352 3681 408 310

2027 484 2061 525 a
2081 469 2202 524 vita
2231 470 2514 526 mortales
2535 476 2740 527 arcent
2757 471 3151 544 abiguntque.
3168 476 3309 540 Quae
3331 490 3473 546 ergo
3494 491 3681 532 causa

2027 562 2114 614 est
2137 559 2598 616 inordinationis
2618 561 2800 631 hujus
2821 567 3001 632 atque
3024 563 3422 620 confusionis?
3442 581 3578 637 quae
3593 567 3682 620 est

2026 666 2186 707 nova
2215 650 2331 708 ista
2359 656 2706 725 temporum
2737 651 2921 707 facies
2944 653 2971 708 ?
3018 653 3489 721 Pet-scrutemur,
3519 655 3684 711 velut

2027 744 2227 795 mente
2258 739 2491 811 praediti
2526 759 2538 796 :
2568 740 2914 802 nobiscum,
2945 743 3238 812 tanquam
3264 741 3384 814 64
3427 742 3679 798 rationis

2027 834 2357 901 compotes,
2391 833 2760 902 reputemus.
2802 835 2889 886 An
2938 845 3063 886 non
3111 834 3202 886 est
3243 831 3349 904 qui
3387 832 3684 901 gubernet

2027 933 2226 974 rerum
2261 919 2761 976 universitatem?
2795 933 2918 976 non
2957 919 3225 992 optimus
3273 920 3475 993 opifex
3521 923 3679 976 Deus

2026 1008 2419 1082 providentiae
2443 1023 2514 1064 ac
2546 1008 3090 1065 administrationis
3134 1025 3259 1065 suae
3289 1009 3512 1066 oblitus
3540 1014 3631 1066 est
3652 1009 3682 1066 ’ἲ

2030 1102 2180 1155 Num
2203 1098 2419 1154 ablatae
2440 1098 2492 1154 ei
2515 1103 2657 1154 sunt
2685 1099 2840 1154 vires
2861 1114 2931 1155 ac
2950 1098 3264 1172 potestas?
3296 1114 3374 1156 an
3403 1099 3524 1156 vim
3547 1100 3682 1172 qui-

2028 1188 2168 1244 dem
2189 1188 2472 1244 eamdem
2495 1188 2728 1258 retinet,
2751 1201 2861 1244 ncc
2884 1204 2920 1245 a
2949 1204 3060 1245 sua
3089 1193 3381 1260 potestate
3406 1189 3626 1245 excidit
3663 1205 3676 1245 ε

2031 1278 2136 1334 Sed
2163 1278 2354 1334 durus
2395 1279 2586 1334 factus
2620 1282 2727 1346 est,
2776 1291 2847 1335 ac
2887 1293 3196 1335 summam
3238 1278 3593 1346 bonitatem,
3624 1283 3681 1336 et

2029 1369 2218 1424 nostri
2244 1383 2456 1424 curam
2478 1369 2540 1424 in
2561 1368 2880 1424 hominum
2901 1367 3109 1424 odium
3139 1369 3472 1426 convertit?
3493 1373 3680 1426 Nemo

2031 1464 2185 1514 certe
2214 1458 2457 1530 sapiens
2489 1459 2617 1514 haec
2659 1458 2876 1514 dixerit
2918 1477 2930 1514 :
2961 1457 3069 1514 sed
3099 1458 3422 1516 manifesta
3448 1464 3683 1532 aperta-

2029 1563 2148 1621 que
2161 1563 2348 1603 causa
2368 1552 2891 1614 est,curconsueto
2913 1563 3080 1604 more
3101 1563 3225 1604 non
3246 1548 3677 1620 gubernemur.

2032 1641 2151 1693 Nos
2182 1637 2566 1710 accipientes,
2589 1637 2719 1693 aliis
2758 1652 2882 1694 non
2906 1638 3284 1710 impertimus
3311 1656 3325 1695 :
3357 1638 3683 1694 laudamus

2029 1727 2518 1797 beneficentiam,
2543 1731 2600 1783 et
2628 1725 2844 1784 eadem
2871 1727 3183 1800 privamus
3215 1742 3460 1798 egenos.
3494 1727 3686 1784 Liberi

2031 1833 2106 1874 ex
2151 1817 2338 1872 servis
2382 1816 2542 1884 facti,
2594 1830 3026 1873 conservorum
3083 1831 3208 1873 non
3256 1817 3618 1874 miseremur
3665 1831 3681 1873 :

2032 1907 2364 1963 esurientes
2396 1906 2720 1974 nutrimur,
2752 1911 2810 1962 et
2836 1910 3116 1977 egentem
3145 1905 3688 1977 negligimus.Lar—

2031 2013 2178 2068 gum
2205 1995 2481 2052 datorem
2520 2011 2591 2052 ac
2629 2009 2916 2068 promum
2961 1998 3150 2052 Deum
3179 1995 3491 2064 habentes,
3523 1993 3690 2070 parci

2031 2086 2222 2143 effecti
2246 2101 2483 2156 sumus,
2503 2085 2771 2159 nihilque
2793 2100 2930 2141 cum
2959 2085 3330 2160 pauperibus
3353 2085 3697 2142 communi-

2032 2186 2266 2234 camus.
2298 2178 2452 2232 Oves
2493 2181 2714 2232 nostrae
2758 2175 3081 2232 abundant
3117 2174 3361 2244 fetibus,
3393 2180 3450 2234 et
3486 2181 3693 2233 tamen

2033 2267 2230 2337 major
2246 2271 2333 2321 est
2357 2279 2686 2334 egenorum
2709 2279 3002 2320 numerus
3025 2274 3214 2338 quam
3234 2259 3695 2323 ovium.Horrea

2035 2357 2115 2413 ob
2150 2356 2554 2428 repositarum
2585 2354 2827 2424 frugum
2857 2355 3098 2426 copiam
3146 2355 3206 2410 in
3237 2360 3569 2425 angustum
3597 2372 3694 2412 co-

2037 2452 2280 2516 guntur,
2313 2460 2424 2501 nec
2454 2448 2657 2500 tamen
2681 2443 2963 2511 hominis,
2986 2444 3092 2516 qui
3112 2443 3408 2516 angustiis
3427 2448 3694 2515 urgetur,

2038 2534 2649 2593 commiserescimus.
2684 2535 2825 2589 Eam
2853 2533 2934 2590 ob
2955 2547 3205 2590 causam
3235 2533 3412 2590 nobis
3433 2534 3700 2590 minatur

2035 2626 2274 2698 justum
2305 2623 2626 2694 judicium.
2669 2622 2896 2679 idcirco
2940 2622 3121 2679 etiam
3154 2625 3309 2679 Deus
3336 2637 3460 2680 non
3508 2623 3703 2696 aperit

2043 2726 2320 2783 manum,
2351 2713 2516 2785 quod
2548 2712 2914 2768 exclusimus
2941 2713 3271 2769 fraternam
3295 2713 3697 2770 dilectionem.

2045 2804 2133 2863 0b
2165 2803 2224 2859 id
2259 2806 2550 2860 aruerunt
2577 2816 2741 2872 arva,
2767 2801 2936 2875 quod
2966 2802 3172 2872 friguit
3199 2803 3484 2860 charitas.

2116 2897 2169 2952 3.
2203 2895 2432 2950 Clamat
2451 2893 2672 2949 frustra
2690 2909 2806 2948 vox
2828 2893 3317 2966 supplicantium,
3342 2899 3400 2950 et
3417 2894 3479 2950 in
3499 2907 3704 2950 aerem

2043 2984 2420 3058 spargitur-.N
2427 2997 2580 3054 eque
2603 2981 2763 3037 enim
2783 2997 2884 3037 eos
2901 2981 3317 3054 quirogabant
3331 2982 3700 3040 audivimus.

2045 3075 2272 3143 Qualis,
2316 3089 2547 3148 quaeso,
2583 3076 2791 3128 nostra
2823 3072 3187 3145 supplicatio
3216 3074 3356 3130 est?
3384 3072 3584 3146 qualis
3613 3075 3707 3130 est

330 3167 396 3218 Οἱ
446 3163 652 3242 ἄνδρες,
703 3167 835 3226 πλὴν
885 3167 1088 3240 ὀλίγων,
1141 3174 1254 3230 ταῖς
1299 3166 1572 3242 ἐμπορίαις
1621 3166 1928 3240 σχολάζετε·

2045 3164 2391 3239 deprecatio
2413 3163 2440 3219 ‘I
2468 3165 2602 3234 Vos,
2634 3163 2765 3229 viri,
2797 3163 3066 3236 exceptis
3089 3164 3320 3236 paucis,
3350 3163 3580 3220 vacatis
3604 3177 3706 3219 ne-

330 3258 385 3308 αὶ
448 3264 707 3328 γυναῖκες,
765 3258 1064 3332 ὑπηρετεῑτε
1125 3261 1330 3318 τούτοις
1398 3257 1468 3320 εἰς
1527 3261 1614 3315 την
1684 3258 1932 3331 ἐργασίαν

329 3355 429 3399 ποῦ
492 3354 778 3421 μαμμωνᾶ.
845 3347 1044 3420 Ὀλίγοι
1103 3347 1278 3400 λοιπὸν
1346 3347 1452 3420 μετ’
1511 3346 1634 3420 ἐμοῦ
1695 3351 1783 3399 καὶ
1840 3355 1934 3408 τῆς

330 3447 660 3511 προσευχῆς,
712 3443 802 3490 καὶ
850 3439 994 3490 οὗτοι
1045 3437 1379 3509 ἰλιγγιῶντες,
1431 3443 1797 3510 χασμῶμενοι,
1839 3456 1934 3510 με-

328 3531 734 3600 ταστρεφόμενοι
789 3535 1044 3598 συνεχῶς,
1095 3531 1184 3578 καὶ
1228 3525 1587 3600 ἐπιτηροῦντες
1640 3531 1764 3578 πότε
1815 3527 1936 3586 τοῦς

334 3620 558 3687 στίχους
598 3617 622 3666 6
653 3612 941 3688 ψαλμῳδὸς
987 3615 1380 3689 συμπληρώσει,
1428 3619 1570 3680 πότε,
1593 3610 1684 3676 ’ὡς
1732 3611 1934 3686 δεσμω-

331 3710 535 3778 τηρίου,
585 3713 681 3766 τῆς
729 3705 1028 3771 ἐκκλησίας,
1078 3710 1168 3757 καὶ
1222 3713 1314 3767 τῆς
1365 3703 1592 3776 ἀνάγκης
1634 3712 1727 3765 τῆς
1774 3722 1935 3778 προσ-

333 3803 500 3866 ευχῆς
531 3792 972 3869 ἀφαιρεθήσονται
1003 3796 1138 3866 (7‘2).
1172 3796 1237 3846 Οἱ
1287 3790 1345 3847 δὲ
1391 3787 1458 3854 δὴ
1501 3789 1687 3856 παῖδες
1725 3795 1773 3846 οἱ
1806 3811 1934 3866 σμι-

333 3888 578 3959 κρότατοι
610 3885 772 3951 οὗτοι,
815 3886 863 3937 οἱ
907 3887 998 3947 τὰς
1051 3879 1260 3947 δέλτους
1310 3883 1358 3936 ἓν
1397 3891 1505 3946 τοῖς
1538 3878 1934 3944 διδασκαλείοις

333 3971 663 4046 ἀποθέμενοι,
707 3979 797 4026 καὶ
847 3979 1174 4048 συμεῖοῶντες
1228 3975 1371 4048 ἡμῖν,
1432 3976 1499 4036 ὡς
1543 3974 1714 4026 ἄνεσιν
1745 3971 1934 4044 μᾶλλον

333 4069 422 4116 καὶ
478 4063 657 4138 τέρψιν
714 4066 772 4115 τὸ
827 4069 1046 4136 πρᾶγμα
1095 4067 1458 4138 μετέρχονται,
1521 4061 1700 4136 ἑορτὴν
1748 4065 1934 4114 ποιοῦ-

333 4176 474 4230 μενοι
512 4159 605 4213 τὴν
649 4155 900 4226 ἡμετέραν
939 4152 1126 4221 λύπην,
1176 4147 1354 4212 ἐπειδὴ
1403 4161 1496 4215 τῆς
1528 4151 1814 4224 ἐπαχθείας
1845 4159 1935 4204 τοῦ

334 4240 644 4310 παιδευτοῦ,
696 4249 785 4296 καὶ
824 4253 917 4304 τῆς
967 4239 1241 4318 φροντίδος
1287 4251 1387 4295 τῶν
1435 4244 1759 4316 μαθημάτων
1807 4245 1938 4316 πρὸς

337 4336 507 4408 ὀλίγον
576 4333 979 4407 ἐλευθεροῦνται.
1047 4337 1116 4385 T6
1181 4330 1240 4385 δε
1304 4341 1404 4384 τῶν
1465 4332 1664 4386 τελείων
1734 4328 1937 4406 ἀνδρῶν

335 4426 552 4492 πλῆθος,
597 4429 687 4475 καὶ
735 4425 760 4474 6
808 4431 925 4484 ταῖς
962 4424 1244 4496 άμαρτίαις
1295 4421 1584 4495 ἕνεγόμενος
1629 4419 1798 4496 δῆμος
1827 4423 1936 4494 (⁸73)

336 4523 530 4580 ἄνετος,
600 4516 692 4564 καὶ
751 4513 775 4564 6
844 4510 1228 4586 ἐλευθεριάζων,
1297 4514 1386 4563 καὶ
1450 4516 1798 4585 γεγανωμένος
1843 4513 2014 4612 τηνῡ

338 4605 485 4659 πόλιν
554 4598 847 4677 διατρέχει·
910 4603 934 4654 6
988 4609 1086 4654 τῶν
1137 4609 1308 4654 κακῶν
1361 4605 1455 4660 τὴν
1504 4603 1673 4654 αἰτίαν
1728 4601 1774 4654 ἐν
1823 4610 1938 4665 ταῖς

338 4695 546 4768 ψυχαῖς
611 4696 912 4767 περιφέρων·
982 4692 1008 4744 6
1075 4695 1167 4750 τὴν
1235 4693 1506 4766 συμφορὰν
1566 4695 1787 4754 κινήσας
1847 4698 1938 4745 καὶ

341 4783 711 4860 ἐργασάμενος.
775 4781 1097 4840 Ἀναίσθητα
1158 4777 1217 4834 δε
1289 4785 1382 4833 καὶ
1450 4781 1702 4854 ἄμεμπτα
1770 4779 1936 4854 βρέφη

342 4878 471 4947 πρὸς
534 4877 626 4931 τὴν
695 4870 1067 4945 ἐξομολόγησιν
1135 4870 1387 4942 ἐπείγεται
1451 4873 1542 4922 καὶ
1611 4867 1938 4944 ἀθροίζεται,

346 4965 460 5014 οὔτε
515 4967 607 5020 τὴν
657 4961 894 5038 ἀφορμὴν
946 4969 1046 5014 τῶν
1103 4961 1434 5030 λυπούντων,
1494 4963 1611 5014 οὔτε
1666 4968 1758 5014 τοῦ
1815 4979 1942 5013 συν-

352 5087 795 5209 “fagi/Veteres
823 5087 1053 5164 aliquot
1077 5086 1213 5144 libri
1242 5086 1592 5162 λογισώμεθα.
1629 5085 1778 5162 Edili
1806 5086 1945 5160 λογι-

384 5177 573 5213 ωμευα.

363 5179 440 5208 μων
468 5179 573 5213 ευα.

363 5209 376 5219 ’
419 5179 528 5298 (ri/0)
559 5231 832 5299 Ducaeus,
863 5232 1220 5288 Cornarium
1254 5235 1515 5293 secutus,
1546 5228 1692 5285 illud
1735 5235 1826 5282 καὶ
1853 5238 1946 5282 τοῦ

344 5303 566 5376 κράτους
598 5301 654 5353 οὗ
681 5304 966 5376 παρελύθη,
998 5305 1080 5359 ita
1120 5304 1323 5359 Latine
1353 5301 1635 5376 reddidit,
1681 5307 1735 5358 εἰ
1769 5306 1949 5376 νφῦαν

346 5373 528 5447 ipsius
573 5373 914 5447 exsulatum
960 5390 1081 5430 non
1131 5382 1212 5431 est
1244 5395 1255 5431 :
1290 5391 1412 5447 qua
1455 5374 1947 5447 interpretatione

345 5445 492 5500 nihil
524 5446 787 5518 ineptius
820 5462 948 5500 esse
977 5452 1146 5502 ratus
1193 5445 1609 5511 Combeﬁsius,
1651 5445 1735 5500 sic
1766 5445 1946 5500 inter-

347 5522 613 5587 pretatus
645 5523 736 5572 est
762 5518 914 5590 ipse,
947 5533 1056 5574 nec
1083 5519 1364 5575 redactus
1395 5518 1476 5574 ad
1511 5518 1780 5573 ordinem
1830 5531 1948 5574 m0-

347 5594 366 5643 ι
376 5604 558 5661 usque
587 5591 836 5660 imperio
859 5596 958 5645 est.

419 5659 533 5734 (7f)
565 5659 739 5732 lllu’d,
771 5661 1152 5730 λιτανευόντων,
1185 5675 1308 5717 non
1339 5659 1518 5726 debet
1545 5661 1662 5730 hoc
1689 5659 1824 5720 loco
1853 5673 1950 5726 ac-

2046 3253 2516 3328 gotiationibus;
2550 3267 2679 3320 vos,
2713 3252 3018 3316 mulieres,
3051 3268 3263 3310 eorum
3313 3253 3603 3310 ministrae
3642 3251 3706 3308 in

2045 3355 2416 3403 mammonae
2461 3347 2698 3416 quaestu
2741 3357 2812 3398 ac
2858 3342 3027 3399 lucro
3075 3343 3236 3399 estis.
3280 3344 3548 3416 Denique
3576 3356 3709 3416 pre-

2046 3439 2260 3492 cantur
2290 3445 2528 3489 mecum
2561 3432 2760 3504 pauci,
2794 3438 2852 3488 et
2897 3433 2960 3488 hi
3008 3433 3300 3504 vertigine
3331 3433 3702 3504 laborantes,

2043 3523 2394 3589 oscitantes,
2425 3520 2669 3575 assidue
2717 3525 3014 3577 vertentes
3064 3537 3127 3577 se
3157 3523 3277 3578 huc
3304 3521 3464 3589 illuc,
3496 3521 3706 3578 obser-

2044 3617 2256 3670 vantes
2278 3609 2528 3684 quando
2542 3609 2920 3682 psalmorum
2935 3613 3146 3688 cantor
3157 3610 3487 3667 versiculos
3508 3609 3707 3666 absol-

2045 3702 2214 3767 verit,
2244 3699 2496 3774 quando
2524 3715 2596 3755 ex
2637 3699 2892 3756 ecclesia
2922 3699 3086 3754 velut
3111 3714 3146 3755 e
3175 3713 3414 3756 carcere
3445 3699 3698 3771 dimissi,

2045 3792 2402 3850 necessitate
2441 3789 2729 3862 precandi
2770 3789 3130 3845 eximentur.
3174 3788 3241 3845 Hi
3287 3791 3491 3844 autem
3530 3788 3705 3860 pueri

2045 3881 2302 3948 minimi,
2327 3879 2451 3953 qui,
2481 3878 2770 3952 depositis
2798 3879 2858 3934 in
2886 3877 3031 3934 ludo
3065 3876 3350 3936 litterario
3379 3875 3602 3934 tabulis
3632 3890 3704 3934 ao

2043 3969 2610 4038 libellis,nobiscum
2637 3967 3062 4033 vociferantur,
3080 3967 3282 4041 potius
3302 3967 3443 4024 huic
3461 3966 3704 4038 negotio

2043 4059 2210 4118 velut
2229 4059 2574 4116 remissioni
2595 4071 2665 4114 ac
2685 4057 3134 4115 oblectamento
3153 4061 3392 4128 vacant,
3407 4056 3704 4114 tristitiam

2044 4154 2320 4207 ‘n‘ostram
2347 4147 2641 4206 habentes
2672 4147 3010 4205 festivitatis
3039 4148 3188 4220 loco,
3213 4147 3382 4227 quod
3415 4146 3496 4203 ab
3519 4160 3705 4205 onere

2046 4238 2457 4314 praeceptoris,
2500 4243 2556 4294 et
2587 4238 2927 4294 studiorum
2961 4253 3108 4294 cura
3155 4237 3390 4294 medico
3434 4242 3704 4310 tempore

2047 4329 2392 4386 liberentur.
2428 4328 2742 4385 Multitudo
2764 4333 2966 4386 autem
2990 4329 3257 4384 virorum
3273 4328 3378 4401 qui
3403 4327 3708 4384 constanti

2047 4424 2105 4478 et
2132 4419 2366 4489 integra
2397 4423 2572 4476 etate
2601 4424 2760 4486 sunt,
2785 4424 2844 4476 et
2872 4418 3201 4492 implicitus
3226 4418 3487 4491 peccatis
3513 4433 3708 4492 popu-

2046 4509 2160 4578 lus,
2203 4510 2497 4566 remissus
2527 4508 2801 4582 liberque
2839 4512 2898 4565 et
2940 4507 3113 4563 laetus
3144 4521 3253 4580 per
3282 4507 3498 4563 urbem
3524 4522 3707 4578 vaga-

2049 4605 2144 4657 tur
2179 4618 2192 4656 :
2224 4597 2359 4672 ‘qui,
2383 4599 2490 4656 etsi
2514 4598 2575 4654 in
2616 4599 2833 4655 animis
2873 4613 3123 4654 causam
3151 4596 3494 4653 circumfert
3517 4596 3705 4654 malo.

2048 4705 2209 4760 rum,
2241 4689 2370 4762 ipse
2403 4693 2604 4746 tamen
2633 4689 2793 4746 hanc
2822 4687 3230 4744 calamitatem
3271 4685 3470 4744 intulit
3515 4690 3573 4743 et
3609 4701 3707 4744 ex-

2051 4779 2274 4837 citavit.
2322 4778 2585 4836 lnfantes
2618 4777 2866 4836 tandem
2907 4793 3094 4835 sensu
3131 4780 3405 4834 carentes
3433 4775 3706 4850 nullique

2050 4870 2502 4944 reprehensioni
2526 4869 2794 4939 obnoxii,
2828 4870 2907 4927 ad
2945 4868 3386 4927 confessionem
3423 4866 3711 4924 festinant

2052 4962 2542 5035 conveniuntque
2572 4979 2585 5018 :
2619 4959 2726 5018 sed
2763 4965 3162 5034 praeterquam
3209 4959 3376 5032 quod
3404 4956 3708 5017 malorum

2055 5090 2174 5166 cipi
2202 5089 2431 5166 profiis
2479 5089 2583 5166 qui
2612 5087 3306 5166 privatim_suppli_cant,
3340 5086 3450 5166 sed
3477 5094 3589 5160 pro
3635 5086 3709 5166 iis

2049 5157 2160 5234 qui
2189 5157 2430 5234 publice
2460 5179 2472 5230 ;
2499 5157 2631 5217 'nori
2646 5161 2812 5234 enim
2837 5157 3034 5216 solent
3046 5157 3148 5232 qui
3177 5159 3462 5234 privatim
3482 5157 3709 5234 suppli-

2057 5229 2215 5299 cant,
2239 5235 2324 5289 ita
2348 5229 2632 5303 clam-are,
2665 5237 2729 5289 ut
2756 5233 2990 5288 clamor
3013 5229 3225 5287 eorum
3270 5231 3332 5286 in
3373 5244 3513 5287 aera
3539 5229 3711 5286 dissi-

2054 5310 2246 5380 petur.
2283 5307 2406 5360 Hoc
2435 5304 2674 5380 plublice
2723 5303 3194 5376 supplicantium
3245 5304 3561 5376 proprium
3599 5305 3708 5356 est.

2060 5377 2188 5432 Mox
2220 5377 2359 5450 Reg.
2394 5378 2626 5450 primus
2651 5382 2740 5450 καὶ
2769 5380 3066 5450 προσευχὴ,

2131 5453 2242 5519 (72)
2274 5443 2440 5520 Utilis
2469 5447 2664 5504 codex
2701 5443 2843 5518 Reg.
2889 5443 3119 5520 et'éditi
3158 5454 3465 5520 προσευχῆς
3510 5443 3706 5517 ἀφεθὴ-

2062 5518 2258 5574 σονται.
2291 5519 2401 5592 Alii”
2417 5525 2689 5592 quatuor
2716 5533 2862 5574 mss.
2898 5518 3352 5592 ἀφαιρεθήσονται.

2129 5593 2244 5668 (Ἶὸ)
2307 5583 2472 5651 Colb'.
2530 5591 2760 5669 primus
2815 5583 3099 5671 ἁμαρτίαις
3155 5591 3461 5668 ἀνεχόμενος
3518 5583 3710 5664 δημος.
