4124 6384
436 304 534 363 3H

1813 303 1873 363 S.
1912 302 2161 360 BASlLll
2201 304 2418 364 ιιιιρΝι

3695 317 3802 375 312

434 444 619 487 causa
646 446 769 487 non
799 430 936 497 sint,
968 447 1140 489 orare
1179 447 1253 489 ex
1282 447 1447 489 more
1476 447 1587 488 nec
1616 432 1941 499 noverunt,
1967 444 2078 486 nec

2196 432 2335 492 ἠθως
2372 432 2487 504 (74)
2516 435 2907 510 προσεύξασθαι
2931 444 3123 509 γνῶσιν
3154 437 3183 496 ἦ
3229 432 3452 512 δύναμιν
3484 438 3696 511 ἔχοντα.
3733 444 3799 495 Σύ

432 524 709 592 possunt.
739 524 823 578 Tu
852 521 1001 578 mihi
1037 522 1100 579 in
1139 522 1411 580 medium
1438 521 1635 596 prodi,
1680 520 1785 593 qui
1822 519 2085 595 peccatis

433 617 871 683 conspurcatus
898 628 964 668 es
991 629 1005 679 ;
1057 616 1117 669 tu
1149 613 1415 685 procide,
1449 613 1801 679 lamentare,
1822 611 2083 682 ingeme,

434 699 563 755 sine
585 700 906 773 puerulum
927 700 1144 772 facere,
1172 718 1309 775 quae
1329 703 1575 775 propria
1610 706 1749 758 sunt
1769 716 1894 756 sum
1923 698 2086 755 aetati

432 793 616 862 atque
641 795 1074 850 consentanea.
1096 794 1213 849 Cur
1230 797 1286 849 te
1311 791 1599 858 occultas,
1622 790 1729 864 qui
1760 788 2083 856 accusaris,

436 883 492 935 et
521 879 824 936 insontem
847 880 927 936 ad
946 879 1360 938 defensionem
1383 886 1552 937 tuam
1571 879 1856 953 producis
1873 881 1901 936 ?
1927 880 2085 935 Num

431 967 620 1039 judex
636 968 925 1039 illuditur,
944 971 1031 1027 sic
1054 975 1115 1028 ut
1136 970 1510 1027 subdititiam
1526 984 1850 1043 personam
1869 967 2089 1024 substi-

435 1062 571 1115 tuas
590 1057 618 1112 ‘?
644 1059 969 1130 Oportebat
988 1064 1189 1115 autem
1221 1065 1277 1116 et
1299 1059 1470 1115 illum
1492 1059 1728 1129 adesse,
1753 1057 1860 1115 sed
1886 1061 2084 1113 tecum

437 1150 612 1213 certe,
639 1162 762 1203 non
790 1148 1006 1205 solum.
1040 1148 1218 1205 Vides
1245 1148 1411 1222 quod
1431 1153 1488 1205 et
1506 1148 1775 1206 Ninivitze
1796 1146 2087 1220 paeniten-

438 1237 519 1293 tia
544 1240 728 1293 Deum
754 1237 1086 1311 placantes,
1113 1243 1170 1294 et
1188 1238 1460 1310 lugentes
1487 1254 1561 1295 ea
1588 1242 1838 1311 peccata
1866 1236 1928 1293 in
1949 1252 2087 1310 quae

435 1328 617 1384 Jonas
648 1343 818 1384 mare
855 1332 911 1385 et
956 1334 1154 1385 cetum
1184 1333 1462 1401 expertus
1492 1328 1816 1386 clamando
1845 1327 2088 1384 invehe-

435 1416 633 1484 batur,
653 1433 777 1474 non
795 1418 1052 1475 infantes
1074 1418 1270 1475 solum
1290 1418 1656 1492 paenitentiae
1673 1419 1791 1490 65
1816 1416 2088 1488 subjece-

435 1506 573 1575 rint,
595 1506 824 1563 interea
842 1507 992 1563 dum
1011 1508 1128 1581 ipsi
1150 1509 1337 1565 vitam
1353 1508 1415 1565 in
1435 1508 1663 1565 deliciis
1687 1507 2092 1577 transigerent

435 1599 493 1652 et
518 1594 579 1651 iu
604 1595 898 1652 conviviis
926 1613 939 1652 :
974 1597 1082 1653 sed
1110 1597 1341 1670 priores
1372 1598 1538 1670 ipsos
1564 1601 1765 1670 patres
1803 1596 1910 1669 qui
1946 1610 2088 1668 pec-

435 1692 740 1756 caverant,
786 1688 1088 1759 jejunium
1132 1688 1446 1756 domabat,
1495 1688 1807 1761 multaque
1837 1687 2090 1745 eosdem

2194 538 2286 592 μοι
2327 522 2547 596 πάρελθε
2597 525 2668 588 εἰς
2720 530 2915 598 μέσον,
2972 527 2998 578 6
3054 534 3169 588 ταῖς
3227 526 3510 602 ἁμαρτίαις
3577 534 3802 603 πεφυμέ-

2194 628 2297 672 νος·
2356 615 2420 664 σὺ
2476 618 2774 687 πρόσπεσον
2821 620 2912 668 καὶ
2950 614 3177 669 κλαῡσον
3223 621 3315 670 καὶ
3367 618 3631 682 στέναξονο
3675 614 3799 693 ἄφες

2195 701 2254 751 τό
2288 698 2476 774 βρέφος
2506 701 2720 779 ἐνεργεῖν
2761 707 2828 759 τὰ
2856 702 2973 759 ἴδια
3016 714 3110 769 τῆς
3139 706 3346 771 ἡλικίας
3377 706 3655 765 ἀκόλουθα.
3690 709 3801 765 Ἵνα

2194 793 2247 841 τί
2309 794 2513 865 κρύπτῃ
2577 798 3041 870 κατηγορούμενος,
3097 802 3188 850 καὶ
3246 802 3304 851 τὸ
3359 797 3632 853 ἀνεύθυνον

2196 877 2265 941 εἰς
2295 877 2576 953 ἀπολογίαν
2613 891 2905 959 προῖστᾲς;
2957 890 3042 944 Μὴ
3092 889 3190 960 γὰρ
3240 888 3483 949 παίζεται
3532 891 3559 941 6
3588 896 3794 965 κριτὴς,

2198 968 2280 1018 ἶνα
2329 967 2701 1043 ὑποϐολιμαῖον
2749 970 3131 1047 ἁντεισαγάγης
3178 980 3498 1049 πρόσωπον;
3550 974 3697 1031 Ἐδει
3740 975 3799 1032 δε

2194 1064 2435 1130 παρεῖναι
2481 1057 2684 1113 κακεῖνο
2722 1065 2854 1134 μετὰ
2903 1070 2998 1116 σοῦ
3041 1066 3266 1132 πάντως,
3310 1066 3369 1118 οὐ
3412 1070 3586 1139 μόνον.
3620 1066 3796 1140 Ὀρᾲς,

2197 1146 2265 1207 ὡς
2293 1150 2382 1198 xui
2429 1154 2695 1201 Νινευῖται
2742 1158 2805 1223 τῇ
2857 1152 3166 1226 μεταμελείᾳ
3195 1158 3284 1206 τόν
3328 1158 3459 1208 Θεὸν
3491 1152 3801 1209 δυσωποῦν-

2195 1253 2297 1301 τες,
2352 1239 2439 1289 καὶ
2490 1240 2788 1302 πενθοῦντες
2835 1239 2921 1293 ἐπὶ
2974 1248 3083 1305 τοῖς
3136 1241 3532 1316 ἁμαρτήμασιν,
3587 1245 3624 1297 ἃ
3669 1248 3802 1319 μετὰ

2196 1327 2290 1382 την
2323 1324 2591 1380 θάλασσαν
2621 1333 2710 1381 καὶ
2766 1332 2824 1381 τό
2867 1337 3026 1393 κῆτος
3071 1329 3243 1395 Ἰωνᾶς
3286 1330 3577 1400 ἐξεϐόησεν,
3628 1334 3687 1387 οὐ
3736 1337 3800 1388 τὰ

2200 1410 2367 1486 βρέφη
2426 1419 2579 1488 μόνον
2633 1417 2702 1480 εἰς
2750 1422 2844 1477 τὴν
2881 1421 3155 1492 μετάνοιαν
3211 1427 3604 1496 προεστήσαντο
3660 1422 3797 1492 (76),

2200 1501 2350 1555 αὐτοὶ
2410 1501 2469 1558 δε
2520 1515 2829 1579 τρυφῶντες,
2873 1508 3022 1561 αὐτοί
3065 1509 3420 1582 εὐωχούμενοι
3470 1507 3658 1573 διέζων
3713 1515 3800 1565 τὸν

2200 1589 2339 1664 βίου’
2546 1600 2787 1669 πρώτους
2814 1600 2905 1669 μὲν
2954 1594 3192 1671 ἐδάμασε
3237 1603 3361 1663 τοὺς
3405 1603 3633 1673 πατέρας
3679 1604 3802 1664 τοὺς

2200 1681 2572 1755 ἡμαρτηκότας
2618 1685 2647 1742 η
2694 1690 2928 1752 νηστεία,
2960 1690 3050 1739 καὶ
3079 1688 3108 1745 η
3152 1691 3380 1763 τιμωρία
3415 1691 3535 1750 τοὺς
3573 1692 3802 1763 πατέρας

434 1777 802 1845 macerabat,
850 1794 1206 1852 quanquam
1250 1778 1510 1835 infantes
1538 1778 1654 1852 ipsi
1682 1778 1775 1835 vel
1801 1778 1970 1835 inviti
1995 1794 2078 1833 ac-

2202 1767 2386 1824 ἐκάκου
2416 1813 2430 1839 ,
2502 1772 2572 1836 εἰς
2656 1776 2969 1848 προσθήκης
3036 1772 3094 1828 δι
3167 1775 3314 1849 λόγον
3398 1778 3801 1852 ἠναγκασμένως

435 1866 725 1923 cessionis
751 1867 889 1925 loco
918 1867 1231 1938 lugebant.
1255 1874 1320 1925 ut
1347 1868 1579 1926 tristitia
1603 1872 1931 1941 occuparet
1953 1873 2090 1924 asta-

434 1957 555 2011 tem
576 1971 841 2022 omnem,
865 1961 995 2013 tum
1016 1956 1392 2025 sentientem,
1417 1961 1544 2014 tum
1564 1973 1689 2014 non
1710 1958 2086 2027 sentientem,

428 2043 597 2101 illam
625 2050 863 2118 sponte,
903 2046 1066 2103 hanc
1108 2051 1326 2119 praeter
1348 2046 1742 2103 voluntatem.
1773 2049 1841 2103 Et
1865 2046 1968 2103 ubi
1998 2046 2086 2103 vi-

428 2136 515 2193 dit
542 2139 696 2193 Deus
739 2137 905 2209 ipsos
950 2137 1035 2193 sic
1078 2137 1452 2205 humiliatos,
1495 2142 1562 2194 ut
1607 2137 2087 2195 condemnarent

427 2239 558 2280 sese
584 2224 661 2282 ad
692 2225 1085 2295 gravissimas
1116 2225 1342 2283 multas
1370 2226 1568 2283 omnis
1594 2225 1853 2296 generis,
1890 2230 1946 2282 et
1974 2225 2085 2283 do-

423 2313 566 2371 loris
614 2330 828 2372 eorum
870 2314 1156 2372 misertus
1205 2324 1314 2383 est,
1365 2319 1422 2373 et
1468 2330 1714 2388 pmnam
1746 2315 1994 2385 remisit,
2027 2319 2085 2372 et

425 2405 720 2477 gaudium
749 2405 822 2462 iis
868 2405 975 2479 qui
1015 2421 1166 2462 sano
1216 2406 1469 2463 consilio
1499 2406 1799 2477 luxerant,
1829 2406 2082 2477 largitus

422 2500 514 2551 est
534 2496 607 2551 “.
656 2496 704 2552 Ο
757 2496 1175 2567 pmnitentiam
1219 2496 1623 2554 concinnam!
1666 2512 1703 2553 ο
1744 2496 2081 2570 sapientem

418 2584 903 2659 prudentemque
946 2584 1433 2643 afﬂictationeml
1483 2590 1563 2643 Ne
1607 2586 1787 2644 bruta
1832 2586 2080 2660 quidem

419 2676 758 2734 animantia
779 2691 815 2731 a
844 2675 1042 2748 pmnis
1072 2675 1371 2733 immunia
1401 2676 1592 2732 sivere
1621 2694 1633 2732 :
1664 2677 1769 2733 sed
1794 2692 1867 2733 ea
1896 2676 2077 2733 etiam

416 2764 761 2823 necessario
804 2763 1067 2821 clamare
1115 2764 1370 2822 artiﬁcio
1411 2765 1684 2838 quodam
1723 2766 2076 2836 adegerunt.

419 2857 743 2928 Separatus
781 2868 1049 2926 namque
1088 2858 1176 2910 est
1217 2854 1443 2911 vitulus
1490 2871 1526 2911 a
1577 2870 1787 2922 vacca,
1814 2859 2079 2913 semotus

416 2949 504 3001 est
529 2960 566 3001 a
595 2948 871 3000 materno
903 2943 1087 2999 ubere
1114 2958 1329 3015 agnus,
1364 2960 1517 3017 puer
1544 2944 1770 3001 lactens
1800 2960 1925 3001 non
1951 2948 2081 3002 erat

412 3033 474 3091 in
496 3033 785 3090 maternis
808 3032 967 3089 ulnis
992 3051 1006 3101 ;
1045 3033 1107 3089 in
1130 3033 1534 3106 peculiaribus
1561 3034 1815 3091 stabulis
1838 3034 2078 3091 conclu-

2201 1856 2401 1933 ἐθρήνει
2431 1862 2497 1913 τὰ
2528 1859 2717 1936 βρέφη,
2762 1864 2845 1915 ἵνα
2890 1860 2984 1916 διὰ
3024 1866 3203 1927 πάσης
3246 1865 3453 1928 ἡλικίας
3500 1868 3530 1925 ἠ
3565 1870 3802 1943 σκυθρω-

2198 1953 2366 2011 πότης
2420 1956 2686 2025 κρατηση,
2739 1952 3116 2026 αἰσθανομένης
3164 1955 3277 2025 (77)
3321 1974 3376 2007 τε
3430 1960 3521 2007 καὶ
3551 1953 3802 2015 ἀναισθὴ-

2197 2057 2311 2092 του·
2343 2048 2437 2103 τῆς
2486 2044 2576 2113 μὲν
2607 2044 2743 2094 κατὰ
2789 2048 3115 2117 προαίρεσιν,
3152 2052 3247 2107 τῆς
3298 2041 3356 2098 δὲ
3393 2045 3506 2098 κατ’
3547 2044 3795 2118 ἁναγκην.

2200 2132 2300 2182 Καὶ
2344 2135 2507 2191 οὔτως
2538 2129 2725 2193 αὐτοὺς
2759 2127 2885 2184 ἰδὼν
2916 2134 2941 2183 6
2987 2136 3116 2195 Θεὸς
3160 2136 3585 2203 ταπεινωθέντας,
3619 2138 3688 2198 ὡς
3717 2135 3799 2190 ἐπὶ

2195 2216 2607 2292 ὑπερϐαίνουσαν
2653 2219 2846 2273 ἑαυτῶν
2877 2225 2992 2289 (78)
3031 2222 3388 2296 ταλαιπωρίαν
3436 2233 3666 2296 παγγενῆ
3709 2245 3799 2278 κα-

2193 2310 2553 2380 τακρίναντας,
2611 2313 2701 2361 καὶ
2756 2314 2815 2363 τὸ
2872 2313 3040 2374 πάθος
3096 2311 3301 2377 ἠλέησε,
3357 2318 3446 2366 καὶ
3492 2322 3587 2376 τῆς
3630 2324 3797 2388 τιμῶ-

2191 2400 2309 2471 ρίας
2339 2395 2515 2465 ἀνῆκε,
2564 2403 2655 2451 xui
2695 2402 2754 2452 τό
2801 2404 3012 2475 χαίρειν
3067 2398 3376 2475 ἐδωρήσατο
3406 2411 3516 2465 τοῖς
3554 2404 3799 2464 εὐαισθή-

2191 2505 2293 2548 τως
2338 2489 2684 2546 πενθὴσασιν.
2718 2489 2789 2542 Ὠ
2816 2500 2912 2553 τῆς
2959 2490 3207 2565 ἐμμελοῦς
3244 2494 3561 2566 μετανοίαςὲ
3617 2496 3657 2546 ὦ
3701 2504 3798 2556 τῆς

2194 2582 2360 2646 σοφῆς
2406 2581 2496 2627 xui
2543 2581 2946 2651 πεπυκνωμένης
3005 2579 3261 2651 θλίψεωςέ
3316 2578 3457 2635 Οὑδὶ
3509 2584 3575 2635 τὰ
3632 2582 3799 2656 ἄλογα

2191 2660 2442 2724 ἀσυντελῆ
2491 2674 2587 2727 τῆς
2629 2673 2884 2742 τιμωρίας
2915 2667 3141 2741 ἀφῆκανο
3192 2668 3321 2722 ἀλλὰ
3348 2676 3439 2723 xui
3487 2672 3623 2724 αὐτὰ
3666 2671 3795 2744 βοᾴν

2191 2750 2244 2816 ἐξ
2284 2751 2513 2826 ἀνάγκης
2559 2753 2988 2828 ἐμηχανήσαντο.
3035 2757 3337 2834 Ἐχωρίσθη
3381 2763 3482 2834 γὰρ
3530 2770 3626 2822 τῆς
3670 2760 3797 2835 βοός

2190 2843 2215 2894 6
2263 2844 2493 2915 μόσχος,
2539 2842 2780 2904 ἀπηλάθη
2814 2848 2930 2919 (79)
2965 2855 3060 2911 τῆς
3115 2855 3364 2925 μητρῴας
3417 2849 3579 2913 θηλῆς
3629 2853 3654 2903 ό
3708 2849 3795 2925 ἁρ-

2186 2935 2339 2997 νειός,
2372 2929 2587 2986 παιδίον
2618 2932 2895 3007 ἐπιμάζιον
2935 2936 3028 2989 οὐκ
3072 2934 3133 2997 ἦν
3177 2936 3225 2990 ἐν
3273 2946 3389 3001 ταῖς
3419 2948 3514 3002 τῆς
3542 2943 3797 3004 τεκούσης

2188 3019 2461 3094 ἀγκάλαις·
2514 3022 2562 3076 ἐν
2615 3021 2775 3088 ἰδίοις
2822 3035 3008 3089 σηκοῖς
3044 3029 3100 3079 αἰ
3147 3032 3385 3102 μητέρες,
3437 3028 3485 3081 ἐν
3536 3026 3695 3094 ἰδίοις
3731 3036 3798 3087 τὰ

409 3123 712 3181 dabantur
760 3126 1006 3192 matres,
1058 3121 1121 3178 in
1179 3122 1587 3195 peculiaribus
1644 3123 1837 3194 fetus;
1895 3140 2074 3181 voces

2189 3114 2359 3164 τέκνα·
2406 3117 2565 3185 φωναὶ
2604 3109 2663 3166 δε
2709 3118 2852 3189 παρά
2880 3118 3085 3169 πάντων
3117 3116 3327 3191 οἰκτραὶ
3372 3117 3619 3181 ἀλλήλαις
3648 3118 3795 3172 ἅντι-

410 3212 839 3270 emittebantur
891 3211 971 3269 ab
1027 3212 1316 3269 omnibus
1371 3212 1772 3283 miserabiles,
1803 3212 2076 3270 vicissim

410 3303 741 3360 clamantes
767 3319 840 3359 ac
884 3306 1264 3359 resonantes.
1309 3304 1517 3360 Partus
1548 3304 1879 3360 esurientes
1907 3303 2078 3361 lactis

409 3392 608 3451 fontes
637 3390 1030 3466 quaerebant;
1076 3395 1301 3448 matres
1326 3392 1584 3449 naturali
1614 3392 1929 3450 affectione
1959 3393 2078 3450 dis-

408 3486 646 3555 cerptas,
686 3481 941 3539 vocibus
990 3481 1582 3538 commiserationem
1630 3499 1809 3540 suam
1852 3482 2079 3555 signiﬁ-

408 3571 691 3628 cantibus
719 3570 1095 3628 revocabant
1134 3570 1309 3627 fetus.
1362 3571 1652 3628 Eumdem
1698 3572 1779 3628 ad
1822 3572 2076 3630 modum

406 3660 669 3718 infantes
690 3660 851 3719 fame
876 3658 1251 3723 laborantes.
1284 3660 1512 3733 ejulatu
1540 3661 2077 3720 vehementissimo

404 3748 865 3823 frangebantur,
900 3749 1435 3823 palpitabantque,
1466 3754 1524 3806 et
1556 3756 1819 3807 matrum
1847 3752 2079 3808 viscera

405 3839 785 3897 naturalibus
801 3838 1115 3896 doloribus
1137 3838 1726 3911 compungcbautur.
1753 3842 1820 3896 Et
1840 3855 1975 3896 eam
1996 3839 2078 3896 ob

408 3945 663 3986 causam
683 3928 927 3985 divinus
951 3943 1152 3984 sermo
1167 3927 1246 3983 ad
1264 3942 1588 3983 commune
1600 3928 1737 3984 vitae
1750 3928 2078 3985 documen-

408 4024 538 4077 tum
567 4033 778 4074 eorum
824 4016 1240 4090 paenitentiam
1283 4016 1521 4089 scriptis
1559 4017 1916 4074 mandatam
1962 4032 2082 4076 ser.

408 4108 594 4167 vavit.
627 4110 781 4164 Inter
818 4106 953 4163 illos
1003 4105 1190 4163 ﬂebat
1232 4120 1439 4175 senex,
1483 4109 1543 4163 et
1588 4121 1777 4163 canos
1820 4106 2082 4168 vellebat

486 4255 533 4288 ⁴²
559 4253 694 4309 Jon.
724 4267 805 4323 ιιι,
839 4254 995 4308 3-10.

508 4400 595 4465 74)
636 4395 828 4452 Editio
877 4394 1058 4451 Paris.
1108 4401 1200 4447 τοῦ
1257 4396 1518 4456 συνήθως,
1563 4393 1758 4451 Editio
1791 4394 1971 4452 Basil,
2020 4401 2079 4454 et

412 4465 675 4542 quatuor
698 4484 847 4524 mss.
899 4470 957 4519 τὸ
990 4468 1246 4527 συνήθως.
1295 4465 1617 4539 Aliquanto
1650 4473 1786 4537 post
1815 4471 2072 4540 utraque

414 4540 598 4598 editio
630 4544 1013 4624 πρόσπεσε,
1059 4543 1131 4624 at
1161 4541 1426 4624 quatuor
1452 4554 1597 4624 ipss.
1632 4542 1951 4624 πρόσπεσον.

486 4617 600 4682 (75)
630 4608 784 4682 Editi
828 4614 915 4663 xui
960 4608 1353 4682 r6‘u‘gs69wov.
1409 4608 1565 4666 Libri
1604 4608 1839 4666 veteres
1884 4616 1973 4664 καὶ
2011 4616 2069 4664 τὸ

413 4680 706 4759 ἀνεύθυνον,
741 4681 930 4759 βρέφος
956 4680 1251 4759 videlicet.

485 4756 598 4827 (76)
645 4753 789 4825 Reg:
820 4753 1067 4827 primus
1126 4755 1416 4827 peruratur
1455 4758 1877 4827 παρεστήσαντο.
1938 4756 2070 4812 Mox

411 4824 559 4897 Reg.
582 4824 907 4899 secundus
924 4824 1223 4899 fpupaivrs;
1251 4829 1341 4876 xui
1366 4824 1738 4899 εὐωχούμενοι.

627 4897 873 4979 antiqui
894 4895 1027 4979 £1119
1041 4895 1192 4978 vlibri
1214 4901 1451 4979 κρῦατηση
1480 4895 1818 4979 αἰσθρμένηις.

630 4966 837 5050 ,Εάιιζο
870 4967 1079 5050 faris.
1132 4966 1568 5050 ὑπερϐαίνουσιαυ.
1598 4966 1832 5050 ἑαυτούς.
1876 4966 2068 5025 Editio

412 5037 589 5096 Basil.
619 5039 841 5101 ἐαυτοῖς,
870 5039 1112 5111 Veteres
1140 5037 1409 5111 quinque
1436 5037 1571 5095 libri
1590 5038 1815 5111 fama».

485 5111 805 5191 (7_9')"Colb.
837 5111 1043 5191 tertius
1076 5108 1394 5191 (ξπ-ἠλλάχθη
1436 5124 1548 5191 pro
1580 5108 1846 5191 ἀπηλάθη.
1875 5111 2065 5191 Paulo

410 5187 551 5264 post
596 5184 736 5264 Reg.
785 5182 1020 5264 primus
1057 5187 1125 5264 et.
1156 5180 1317 5264 ειίὶιί
1342 5180 1556 5264 παιδίον
1605 5180 1881 5264 ἐπιμάιςιον
1908 5199 1921 5237 ε
1947 5181 2066 5264 sed

409 5252 474 5317 in
499 5268 606 5335 ora
635 5252 768 5335 ejus
787 5252 1023 5334 'codicis
1041 5252 1329 5335 additum
1357 5257 1452 5335 est
1476 5272 1564 5335 γφ.
1600 5252 1909 5335 ύπρμάξιον.
1932 5254 2065 5335 .ῌο-

408 5329 548 5405 runt
569 5323 772 5380 autem
792 5324 896 5405 qui
917 5324 1169 5405 paulum
1189 5324 1454 5405 modo‘in
1474 5323 1743 5395 legendis
1764 5323 2065 5405 veteribus

407 5395 577 5452 libris
609 5395 844 5470 versati
882 5395 1042 5470 sunt,
1090 5398 1534 5470 hanc_notam_,_
1568 5415 1679 5468 79.,
1713 5395 1802 5452 vel
1831 5415 1918 5470 γρ,
1950 5401 2058 5467 καί,

408 5466 751 5539 appositam
777 5482 909 5523 esse
931 5482 967 5523 a
984 5465 1245 5540 librariis
1263 5466 1326 5523 in
1351 5482 1459 5523 ora
1477 5465 1769 5540 librorum
1786 5465 2065 5540 antiquo-

404 5537 672 5620 rut—naut
713 5543 1029 5620 monerent
1069 5537 1738 5620 variare__exemplaria,_
1764 5540 1847 5620 sic
1898 5537 1963 5594 ut
1999 5538 2063 5620 in

401 5609 706 5684 aliquibus
724 5608 972 5684 quidem
990 5610 1286 5685 legeretur
1303 5610 1411 5679 ita,
1434 5616 1499 5667 ut
1515 5608 1579 5667 in
1603 5608 1889 5669 contextu
1914 5609 2060 5666 scri-

1484 6364 1779 6371 ..ηε-ρᾲ

2189 3197 2408 3268 ϐοῶσαι,
2453 3206 2544 3253 xui
2596 3200 2949 3275 ἀντηχοῦσαι.
3001 3207 3079 3257 Τὰ
3133 3208 3287 3258 τέκνα
3336 3205 3657 3279 λιμώττοντα
3702 3211 3796 3271 τὰς

2186 3291 2361 3359 πηγὰς
2404 3287 2568 3349 ἐζήτει
2623 3299 2713 3343 τοῦ
2760 3291 3038 3365 γάλακτος·
3085 3295 3141 3345 αἰ
3187 3298 3426 3368 μητέρες,
3476 3303 3548 3367 τῷ
3592 3305 3795 3369 φυσικῷ

2187 3378 2343 3429 πάθει
2427 3373 2874 3453 διακοπτόμεναι,
2952 3383 3254 3455 συμπαθέσι
3332 3391 3523 3455 φωναῖς
3607 3383 3795 3438 ἀνεκα-

2186 3464 2367 3519 λοῦντο
2417 3469 2522 3527 (80)
2574 3471 2641 3521 τα
2685 3472 2893 3542 ἔγγονα.
2945 3472 3022 3524 Τά
3070 3470 3261 3546 βρέφη,
3311 3475 3448 3525 κατὰ
3493 3475 3580 3525 τὸν
3618 3475 3796 3548 ὅμοιον

2187 3561 2380 3631 τρόπον
2445 3557 2788 3632 λιμώττοντα,
2860 3557 3201 3637 σφοδροτάτῳ
3262 3562 3512 3636 κλαυθμῷ
3573 3561 3793 3639 ἆνεριόή-

2187 3665 2373 3718 γνυντο
2416 3651 2507 3699 καὶ
2574 3645 2919 3722 ἁπέσπαιρον·
2978 3655 3033 3702 ui
3084 3659 3333 3704 τεκοῦσαι
3384 3658 3501 3714 ταῖς
3549 3660 3798 3724 φυσικαῖς

2189 3731 2454 3807 ἀλγηδόσι
2479 3745 2873 3790 κατεκεντοῦντο
2920 3741 2988 3791 τὰ
3031 3740 3331 3813 σπλάγχνα.
3376 3746 3477 3794 Καὶ
3522 3736 3615 3794 διὰ
3642 3749 3795 3796 τοῦτο

2187 3828 2283 3883 τὴν
2314 3823 2515 3877 ἐκείνων
2554 3828 2826 3898 μετάνοιαν
2859 3828 2928 3890 εἰς
2959 3832 3127 3880 κοινόν
3156 3838 3249 3882 τοῦ
3290 3828 3413 3903 βίον
3445 3827 3481 3883 δ
3487 3826 3795 3884 ιδασκάλιον

2190 3913 2216 3964 ό
2280 3914 2619 3977 θεόπνευστος
2677 3914 2831 3987 λόγος
2898 3919 3151 3992 ἔγγραφον
3215 3915 3486 3974 διέσωσεν.
3546 3919 3604 3972 Ὀ
3664 3939 3795 3993 πρε-

2192 4000 2392 4064 σϐύτης
2446 4001 2521 4056 ἐπ’
2576 4002 2776 4056 ἐκείνων
2841 4004 3042 4080 ἐθρήνει
3112 4010 3245 4075 (8|),
3300 4012 3388 4061 xui
3449 4012 3543 4067 τὴν
3609 4008 3793 4061 πολιὰν

2190 4089 2349 4146 ἐτιλλε
2413 4096 2503 4145 xui
2571 4090 2967 4169 διεσπάραττεν.
3001 4095 3058 4148 Ὀ
3113 4101 3404 4164 νεανίσκος,
3463 4103 3551 4151 ταί
3615 4096 3791 4172 ἀκμά-

2183 4396 2355 4469 ptum
2378 4398 2525 4469 erat,
2554 4394 2614 4451 in
2636 4393 2767 4469 aliis
2787 4412 2929 4454 vero
2946 4397 3049 4467 ita,
3076 4400 3142 4454 ut
3167 4397 3227 4455 in
3246 4399 3519 4469 margine
3538 4399 3791 4458 notaba-

2108 4497 2152 4553 Ι)
2183 4472 2301 4553 ως.
2332 4468 2466 4553 Mos
2495 4467 2983 4551 Reg..primus'in
3009 4475 3292 4553 contextu
3314 4472 3364 4523 ἐν
3385 4467 3545 4553 ἰδίοις
3568 4477 3747 4535 τόποις
3771 4490 3784 4529 :

2184 4536 2299 4615 sed
2320 4536 2609 4615 prieterca
2637 4536 2706 4615 iii
2718 4541 3003 4615 margine
3030 4540 3248 4615 legitur
3271 4561 3358 4615 γρ.
3385 4548 3475 4615 xui
3500 4552 3713 4615 σηκοῖς.

2253 4610 2367 4684 (80)
2400 4612 2632 4666 Veteres
2654 4610 2885 4684 aliquot
2906 4611 3042 4684 libri
3074 4609 3368 4684 ᾁνεκάλουν.
3391 4613 3617 4684 ibidem
3644 4617 3786 4683 Reg.

2227 4681 2411 4754 rimus
2439 4686 2504 4733 τὰ
2530 4684 2730 4753 ἔκγονα.
2755 4681 2937 4754 Ὴιιιιᾴ
2968 4682 3161 4738 multo
3208 4688 3346 4754 post
3391 4682 3554 4739 idem
3594 4681 3786 4740 codex

2223 4752 2362 4825 abet
2382 4751 2444 4807 in
2465 4751 2750 4825 contextu
2778 4758 2868 4805 xui
2890 4751 3244 4825 ἀπέσκαιρονῖ
3270 4752 3331 4808 in
3348 4754 3623 4825 margine
3645 4771 3786 4811 vero

2176 4828 2268 4945 ἰαὶ
2311 4822 2655 4898 ἀπέσπαιρον.
2690 4824 2918 4879 Rursus
2946 4822 3126 4880 idem'
3153 4824 3305 4881 liber
3347 4823 3471 4899 βίον
3494 4822 3784 4880 ⁷διδασκα--

2208 4913 2328 4945 διον.

2208 4913 2328 4951 ειον,

2247 4967 2359 5034 (81)
2382 4963 2562 5043 illud,
2596 4967 2625 5043 ό
2651 4965 2965 5043 πρεσᾷύτης-
2996 4964 3293 5043 ἐπ’-ἐκείνων
3334 4966 3555 5043 ἐθρήνει,
3583 4969 3667 5026 sic
3696 4969 3785 5026 in-

2177 5039 2534 5113 terpretatus
2546 5037 3316 5113 estCbmbeii_si_us,itlorum
3331 5037 3565 5113 lugebat
3580 5043 3781 5100 vicem.

2180 5106 2294 5183 sed
2320 5106 2568 5183 Basilius
2587 5108 2701 5165 hoc
2723 5124 2845 5165 non
2864 5109 3137 5183 dicit.Ait
3156 5111 3359 5183 potius
3384 5106 3675 5169 Ninivitas
3696 5113 3780 5169 ita

2176 5178 2423 5256 affectos
2442 5177 2649 5256 fuisse,
2659 5184 2725 5256 ιιι
2743 5196 2917 5237 suam
2935 5177 3200 5256 quisque
3212 5184 3784 5256 vicemlugeret.Nec

2175 5250 2336 5324 enim
2374 5250 2852 5324 senexaliorum
2894 5250 3379 5324 solum‘lugebat
3414 5250 3630 5323 vicem,
3672 5254 3779 5309 sed

2174 5321 2356 5397 etiam
2377 5336 2555 5397 suam
2572 5321 2929 5397 ipsiu_s._Ejus
2949 5324 3132 5397 igitur
3148 5321 3266 5381 loci
3286 5325 3417 5397 haec
3432 5329 3531 5397 est
3548 5321 3781 5397 senten-

2173 5392 2284 5449 tia:
2302 5392 2414 5467 Qui
2433 5392 2892 5467 interfNinivitas
2914 5392 3096 5452 senex
3116 5401 3261 5462 erat,
3283 5396 3558 5467 lugebat:
3576 5395 3779 5452 simili-

2174 5468 2260 5540 ter
2275 5464 2378 5536 qui
2395 5463 2635 5540 juvenis
2656 5471 2803 5540 erat,
2821 5464 3070 5535 lugebat
3088 5463 3611 5540 quoqueflbidem
3634 5470 3773 5540 Reg.

2173 5534 2407 5614 primus
2427 5534 2871 5614 καὶ-ἐσπάραττεν..
2890 5534 3126 5614 Rursus
3140 5534 3280 5614 Reg.
3298 5538 3531 5614 primus
3554 5534 3777 5614 σφοδρό-

2172 5603 2314 5681 τερον
2349 5603 2712 5682 ἀπωδὺραντο.
2741 5609 2907 5667 Coll).
2940 5611 3150 5669 tertius
3181 5603 3521 5685 ἀπωδύρατο.
