4124 6382
295 337 401 395 313

1124 334 1415 392 HOMILIA
1454 333 1662 391 DICTA
1697 329 2020 390 TEMPORE
2061 330 2270 389 FAMIS
2306 332 2390 388 ET
2429 331 2828 390 SlCClTATlS.

3553 335 3660 393 314

297 463 422 530 ζων,
457 456 804 536 σφοδρότερον
847 455 1186 534 ἀπωδύρετο·
1237 460 1265 510 ό
1307 462 1464 520 πένης
1507 455 1815 518 ἕστίναζενο
1871 456 1898 508 6

2021 453 2530 529 iiscerpebatque.
2562 455 2950 525 Adolescens,
2984 460 3041 514 et
3070 457 3177 531 qui
3232 458 3472 518 ﬂorenti
3505 463 3688 518 mtate

295 551 565 618 πλούσιος,
624 547 984 623 ἐπιλαθόμενος
1031 557 1127 610 τῆς
1189 557 1410 623 τρυφῆς,
1458 552 1610 608 σῆκει
1665 551 1760 606 τὴν
1808 566 1902 598 κα-

295 642 576 694 κοπάθειαν
651 642 721 702 ὡς
784 645 1040 714 σώφρονα.
1101 637 1161 690 Ὀ
1229 636 1479 710 βασιλεὺς
1561 635 1730 690 αὐτῶν
1806 641 1902 696 τὴν

297 732 641 803 λαμπρότητα
685 732 776 781 καὶ
823 731 917 786 τὴν
967 723 1125 790 δόξαν
1173 727 1245 790 εἰς
1295 727 1558 800 αἰσχύνην
1607 724 1902 800 μετέϐαλεν.

300 816 540 871 Ἀπέθετο
597 820 681 870 τόν
731 819 997 889 στέφανον,
1047 820 1138 868 καὶ
1182 807 1322 868 κόνιν
1367 823 1462 879 τῆς
1504 815 1729 888 κεφαλῆς
1781 834 1906 868 κατ-

299 909 472 979 εχέετο
504 906 616 970 (82)
643 928 654 940 ·
702 909 789 964 τὴν
820 901 1113 979 ἁλουργίδα
1156 903 1340 980 ῥίψας,
1379 906 1573 959 σάκκον
1612 906 1905 979 μετημφιά-

302 1015 468 1049 σατοο
527 999 612 1048 τὸν
672 995 848 1068 θρόνον
896 997 984 1046 τόν
1039 993 1237 1066 ὑψηλόν
1296 992 1438 1067 ἀφεὶς
1487 999 1576 1046 καὶ
1627 997 1902 1068 μετέωρον,

303 1083 509 1148 ἐλεεινός
563 1093 624 1158 τῇ
697 1091 763 1157 γῇ
840 1085 1232 1158 προσεσύρετο·
1283 1087 1377 1144 τὴν
1441 1079 1758 1145 ἰδιάζουσαν
1815 1087 1907 1136 καὶ

303 1173 586 1248 βασιλικὴν
641 1171 939 1226 καταλιπών
993 1173 1288 1241 εὐπάθειαν,
1343 1173 1642 1247 συνεθρήνει
1690 1181 1762 1245 τῷ
1813 1170 1908 1232 δή·

299 1284 382 1336 μῳ
406 1284 418 1296 ·
460 1259 534 1326 εἷς
579 1260 773 1334 ἐγένετο
825 1271 924 1315 τῶν
971 1261 1190 1330 πολλῶν,
1223 1263 1307 1316 ὅτε
1353 1265 1440 1316 τόν
1489 1265 1660 1316 κοινόν
1703 1264 1908 1316 πάντων

302 1356 566 1410 Δεσπότην
591 1349 794 1404 ἔϐλεπεν
825 1351 1182 1427 ὀργιζόμενον.

370 1443 426 1496 4.
465 1447 630 1494 Τοῦτο
663 1436 862 1494 δούλων
903 1440 1228 1500 εὐαισθήτων
1257 1444 1514 1516 φρόνημα.
1547 1442 1775 1500 Τοιαύτη
1807 1449 1908 1494 τῶν

300 1531 585 1606 ἁμαρτίαις
633 1528 946 1603 ἐνεχομένων
987 1531 1018 1588 ἡ
1060 1530 1326 1603 μετάνοια.
1374 1537 1533 1604 Ιίμεῖς
1579 1527 1638 1584 δὲ
1679 1533 1774 1588 τὴν
1815 1533 1908 1604 μὲν

302 1619 562 1694 ἁμαρτίαν
589 1617 914 1692 ἐπιτελοῦμεν
965 1621 1241 1687 συντόνως,
1277 1619 1540 1694 ὀλιγώρως
1571 1615 1632 1673 δὲ
1679 1624 1770 1672 καὶ
1805 1619 1907 1694 ῥᾳ-

303 1709 479 1782 θύμως
521 1705 942 1782 ἀναλαμϐάνομεν
989 1711 1084 1767 τὴν
1127 1710 1426 1782 μετάνοιαν.
1487 1711 1581 1771 Τίς
1637 1707 1908 1781 εὐξάμενος

2011 549 2160 616 erat,
2217 545 2634 602 vehementius
2689 545 3179 604 lamentabatur:
3239 547 3688 618 ingemiscebat

2009 649 2278 708 pauper:
2325 635 2496 691 dives
2541 634 2899 692 deliciarum
2931 635 3174 704 oblitus,
3207 637 3581 695 at'ﬂictationi
3620 643 3687 695 ut

2009 722 2188 780 bonae
2238 739 2303 781 se
2333 723 2614 782 dedebat.
2650 727 2774 781 Rex
2807 724 3085 798 ipsorum
3115 725 3503 798 splendorem
3545 727 3678 797 glo-

2012 813 2288 886 riamque
2344 813 2772 870 transmutavit
2799 813 2863 870 in
2907 814 3362 872 verecundiam.
3395 815 3682 888 Deposita

2015 917 2256 974 corona,
2293 907 2476 976 caput
2507 903 2709 959 cinere
2741 902 3024 976 inspersit
3051 923 3064 959 :
3113 919 3390 978 purpura
3419 903 3680 976 abjecta,

2015 989 2212 1048 induit
2241 1007 2488 1048 saccum
2522 1009 2536 1048 :
2572 993 2788 1048 throno
2841 991 2963 1048 alto
3011 995 3069 1048 et
3097 992 3345 1049 sublimi
3373 992 3679 1062 derelicto,

2015 1081 2346 1138 miserabili
2373 1081 2588 1140 habitu
2617 1081 2788 1138 humi
2818 1081 3069 1156 repebat
3098 1099 3110 1138 :
3166 1083 3498 1156 repudiatis
3537 1099 3682 1156 pro-

2019 1171 2162 1244 priis
2192 1187 2263 1229 ac
2291 1171 2472 1242 regiis
2505 1170 2756 1241 deliciis,
2789 1171 3038 1242 lugebat
3068 1187 3205 1228 cum
3236 1172 3484 1246 populo,
3520 1188 3679 1230 unus

2015 1277 2048 1318 e
2074 1261 2278 1318 multis
2304 1260 2501 1318 factus
2531 1265 2587 1318 et
2617 1259 2912 1334 plebeius,
2941 1261 3110 1334 quod
3139 1277 3528 1319 communem
3569 1265 3682 1320 Do-

2015 1349 2252 1408 minum
2284 1351 2563 1406 omnium
2592 1349 2820 1406 videret
2849 1351 3092 1408 iratum.

2085 1442 2140 1495 4.
2183 1442 2317 1496 Haec
2356 1445 2447 1496 est
2495 1455 2812 1496 servorum
2865 1455 3052 1496 sensu
3099 1439 3493 1512 praeditorum
3542 1455 3682 1514 pru-

2015 1527 2256 1586 dentia:
2291 1528 2426 1585 talis
2450 1528 2768 1586 hominum
2801 1529 3065 1600 peccatis
3093 1529 3525 1603 implicitorum
3554 1545 3680 1602 ρω-

2015 1617 2290 1676 nitentia.
2325 1621 2442 1674 Nos
2474 1623 2678 1676 autem
2710 1616 2925 1674 acriter
2955 1634 3026 1675 ac
3053 1619 3168 1674 cito
3197 1605 3547 1692 peccamus,
3572 1617 3680 1675 sed

2015 1707 2394 1778 negligenter
2405 1707 2707 1778 segniterq
2716 1722 2788 1762 uc
2804 1707 3220 1779 paenitentiam
3235 1705 3681 1780 amplectimur.

306 1795 524 1872 ἀπ’ορῥεί
559 1791 808 1872 δάκρυον,
843 1794 904 1848 ἶν’
928 1794 1117 1872 ὄμϐρον
1158 1795 1289 1870 λάϐῃ
1322 1801 1413 1849 καὶ
1457 1800 1714 1869 σταγόνας
1737 1796 1909 1850 εὐκαί-

2021 1797 2160 1864 Quis
2186 1796 2496 1869 precando
2525 1795 2921 1867 lacrymatur,
2943 1801 3007 1854 ut
3035 1797 3296 1854 imbrem
3313 1812 3386 1854 ac
3407 1795 3680 1868 pluviam

299 1906 423 1962 ρους
448 1903 464 1953 ;
492 1890 582 1948 Τίς
609 1883 880 1958 ἐξαλείφων
911 1883 1192 1962 ἁμαρτίας,
1215 1888 1352 1938 κατὰ
1371 1906 1598 1960 μιμησιν
1618 1894 1710 1940 τοῦ
1740 1907 1910 1962 μακα-

299 1981 416 2050 ρίου
457 1971 644 2042 Δαϐὶὸ,
681 1979 887 2052 θρήνοις
913 1979 1001 2034 τὴν
1045 1980 1222 2034 κοίτην
1249 1975 1456 2052 ἕϐρεξε;
1491 1979 1583 2038 Τίς
1612 1974 1784 2039 πόδας
1814 1975 1910 2030 ἀπ-

299 2064 479 2118 έπλυνε
509 2065 626 2138 (83)
657 2065 826 2133 ξένων,
859 2069 949 2118 καὶ
993 2069 1090 2125 τὴν
1118 2068 1259 2118 κόνιν
1301 2073 1398 2127 τῆς
1447 2061 1756 2141 ὁδοιπορίας
1803 2065 1908 2120 ἁπ-

301 2154 532 2223 έκλυσεν,
581 2153 642 2205 ἶν’
693 2153 742 2208 ἐν
783 2163 949 2230 καιρῷ
1006 2150 1306 2228 δυσωπήσῃ
1355 2157 1444 2208 τόν
1493 2158 1641 2222 Θεὸν,
1691 2155 1908 2230 αὐχμοῦ

297 2243 449 2298 λύσιν
499 2245 709 2312 ξητῶνς
749 2247 843 2307 Τίς
885 2243 1066 2319 ἔθρεψε
1107 2249 1165 2296 τό
1211 2247 1410 2319 πατρὸς
1439 2247 1627 2319 ἔρημον
1669 2242 1904 2313 παιδίον,

301 2332 386 2385 ἵνα
411 2339 500 2384 νῦν
525 2333 648 2405 ἡμῖν
696 2331 722 2384 ὁ
755 2335 886 2394 Θεὸς
917 2331 1080 2406 ϐρέφη
1127 2334 1193 2384 τὰ
1241 2336 1388 2386 σιτία
1413 2335 1550 2402 (84),
1581 2334 1650 2396 ὡς
1690 2332 1908 2408 ὀρφανόν

300 2430 363 2496 τῇ
411 2430 510 2474 τῶν
557 2419 754 2495 ἀνέμων
803 2419 1036 2496 ἀκρασίᾳ
1081 2417 1550 2496 κονδυλιζόμενοη
1601 2427 1688 2485 Τίς
1726 2422 1908 2498 ἐθερά-

298 2531 459 2566 πευσε
501 2517 679 2586 χήραν
707 2513 1070 2584 κεκακωμένην
1107 2519 1226 2574 ταῖς
1269 2507 1576 2575 δυσκολίαις
1620 2519 1712 2565 τοῦ
1761 2511 1906 2586 βίου,

302 2601 384 2654 ἵνα
411 2607 499 2653 νῦν
530 2602 850 2674 ἐπιμετρηοῇ
897 2603 991 2659 τὴν
1023 2597 1306 2672 ἀναγκαίαν
1340 2607 1573 2674 τροφήν;
1624 2601 1909 2678 Διάρρηξον

297 2697 654 2764 γραμματεῖον
698 2685 906 2756 ἄδικον,
941 2688 1003 2741 ἶν’
1051 2689 1215 2752 οὕτως
1263 2691 1292 2748 ἡ
1343 2688 1577 2764 ἁμαρτία
1617 2689 1772 2764 λυθῇ.
1802 2689 1909 2756 Ἐξ-

301 2777 510 2851 άλειψον
537 2777 844 2853 βαρυτάτων
887 2782 1051 2830 τόκων
1086 2777 1384 2851 ὁμολογίαν,
1416 2780 1498 2830 ἶνα
1527 2782 1648 2851 τέκῇ
1681 2781 1748 2832 τὰ
1779 2799 1908 2833 συν-

301 2870 404 2930 ἡθη
453 2869 483 2927 ἠ
523 2875 617 2940 γῆ.
645 2866 854 2922 Χαλκοῦ
897 2869 998 2940 γαρ
1046 2866 1137 2919 καί
1181 2874 1394 2940 χρυσοῦ
1439 2871 1528 2920 καὶ
1569 2875 1672 2920 τῶν
1713 2864 1908 2941 ἀγόνων

301 2959 446 3031 παρὰ
521 2958 676 3030 φύσιν
731 2961 1020 3028 γεννώντων
1045 2997 1058 3024 ,
1125 2957 1156 3015 ἡ
1230 2947 1366 3008 κατὰ
1432 2958 1585 3029 φύσιν
1653 2961 1910 3011 τίκτουσα

304 3051 497 3120 γίνεται
554 3050 754 3121 στείρα,
800 3045 892 3098 καί
936 3049 1068 3120 πρὸς
1117 3051 1372 3120 τιμωρίαν
1417 3053 1518 3098 τῶν
1567 3045 1908 3100 έποικουντων

303 3131 662 3196 κατεδικάσθη
711 3140 800 3196 τὴν
849 3135 1130 3210 ἀκαρπίαν.
1165 3135 1496 3196 Δειζάτωσαν
1522 3141 1694 3189 τοίνυν
1724 3138 1773 3190 οἱ
1813 3141 1909 3196 τὴν

303 3226 595 3290 πλεονεξίαν
640 3235 910 3300 τιμῶντες,
962 3225 1012 3278 οἱ
1057 3228 1144 3278 τόν
1193 3223 1413 3278 πλοῦτον
1465 3223 1576 3299 μεθ’
1621 3223 1910 3301 ὑπερϐολῆς

304 3317 632 3388 συνάγοντες,
663 3319 744 3378 τίς
787 3317 817 3374 ἡ
862 3311 1084 3388 δύναμις
1132 3321 1234 3366 τῶν
1285 3315 1761 3388 θησαυρισοέντων,
1795 3314 1824 3374 ἢ
1858 3316 1912 3366 τί

301 3407 360 3457 τὸ
391 3403 586 3477 ὄφελος,
618 3401 678 3456 ἀν
710 3401 978 3478 ὀργισθεὶς
1025 3403 1051 3454 ὁ
1101 3405 1231 3464 Θεὸς
1270 3400 1352 3455 ἐπί
1388 3401 1558 3456 πλεῖον
1605 3401 1906 3476 παρελκύση

300 3496 396 3552 τὴν
422 3495 699 3565 τιμωρίαν.
729 3491 1038 3564 Ὠχρότεροι
1079 3491 1228 3563 τάχα
1265 3497 1358 3544 τοῦ
1396 3491 1608 3564 χρυσοῦ
1655 3495 1910 3564 γενήσον-

300 3602 390 3637 ται
442 3584 492 3636 οἱ
549 3589 728 3635 τοῦτον
782 3583 1113 3656 σωρεύοντες,
1171 3579 1256 3633 ἐὰν
1304 3585 1375 3654 μὴ
1437 3583 1525 3634 τὸν
1577 3581 1754 3653 ἄρτον,
1813 3585 1910 3654 μέ-

299 3691 403 3749 χρι
441 3671 557 3744 (85)
601 3673 735 3744 χθὲς
775 3675 867 3722 καὶ
923 3675 1104 3744 πρώην
1145 3673 1622 3744 καταφρονούμενον
1669 3666 1764 3723 διά
1815 3675 1910 3730 τὴν

301 3766 586 3838 πρόχειρον
631 3759 870 3824 ἐξουσίαν
917 3767 1012 3823 τῆς
1043 3759 1304 3827 εὗοηνιας,
1343 3767 1542 3832 σχῶσι.
1579 3761 1676 3822 Δὸς
1721 3755 1788 3819 δὴ
1835 3765 1906 3834 μὴ

303 3849 432 3904 εἶναι
459 3854 548 3903 τόν
575 3852 962 3924 πιπράσκοντα,
995 3845 1136 3923 μηδὲ
1175 3849 1432 3922 ὑπάοχειν
1481 3855 1622 3902 σῖτον
1676 3847 1725 3900 ἓν
1777 3848 1910 3902 ἁπο-

305 3943 492 4002 θήκαις
515 3961 528 3973 ο
559 3945 651 3992 καὶ
671 3944 751 4002 τίς
782 3941 814 3998 ἠ
846 3947 1051 4014 χρῆσις
1074 3947 1174 3992 τῶν
1216 3937 1527 4013 βαρυτάτων
1577 3936 1868 4012 βαλαντίων
1893 3954 1908 4006 ;

303 4028 410 4082 εἰπέ
451 4047 561 4102 μοι.
596 4026 672 4080 0'3
713 4025 840 4101 μετ’
869 4026 1070 4080 ἐκεὶνων
1113 4028 1417 4100 Zamam-79;
1467 4026 1546 4078 Οὐ
1597 4034 1664 4100 γῆ
1699 4028 1725 4080 ὁ
1767 4047 1910 4102 χρυ-

303 4121 431 4186 σός;
465 4117 542 4170 Οὐ
569 4115 734 4180 πηλός
773 4115 990 4191 ἀχρεῖος
1017 4113 1166 4189 πηλῷ
1215 4125 1288 4188 τῷ
1336 4121 1544 4190 σώματι
1586 4121 1910 4192 παρακείσε-

300 4223 426 4275 ται;
495 4207 672 4260 Πάντα
723 4204 948 4274 ἐκτήσω,
1004 4210 1097 4258 καὶ
1148 4207 1196 4259 ἓν
1256 4203 1537 4278 ἀναγκαῖον
1594 4205 1690 4258 οὐκ
1746 4208 1908 4279 ἔχεις,

302 4293 525 4371 δύναμιν
570 4303 663 4349 τοῦ
705 4299 904 4370 τρέφειν
954 4297 1192 4354 σεαυτόν.
1231 4301 1316 4366 Τῷ
1357 4299 1514 4348 παντί
1561 4314 1656 4348 σου
1704 4294 1912 4369 πλούτῳ

237 4376 242 4384 ’
302 4384 350 4440 ἓν
392 4389 539 4458 νέφος
587 4381 882 4458 ἆπέργασαι
907 4403 919 4417 ο
969 4381 1154 4454 ὀλίγων
1201 4379 1447 4455 ψεκάὸων
1495 4381 1770 4444 ἐπινόησον
1819 4387 1914 4438 πό-

301 4495 416 4550 ρον·
463 4473 660 4536 ἕπειξον
686 4471 756 4534 εἰς
787 4475 1143 4545 καρποφορίαν
1174 4476 1268 4530 τὴν
1297 4480 1396 4544 γῆν
1422 4492 1436 4506 ο
1465 4471 1624 4525 λῦσον
1654 4481 1728 4546 τῷ
1759 4475 1914 4548 ὑπερ-

303 4571 480 4638 ηφανῷ
535 4566 626 4614 καὶ
684 4558 926 4614 σοϐοῦντι
991 4560 1196 4632 πλοὺτῳ
1238 4565 1333 4619 τὴν
1405 4562 1696 4634 συμφοράν.
1754 4564 1912 4634 Τάχα

303 4655 420 4706 τινὰ
469 4651 568 4704 τῶν
599 4648 824 4704 εῦλαϐὠν
872 4649 1255 4726 παρακαλέσεις
1293 4651 1425 4722 (86),
1461 4648 1523 4700 ἶν’
1553 4649 1736 4722 εὐχαῖς
1763 4653 1851 4718 ὡς,
1885 4652 1911 4704 ὁ

306 4741 566 4805 Θεσϐίτης
612 4739 789 4802 Ἠλίας
840 4739 1015 4792 ἄνεσιν
1067 4759 1151 4792 σοι
1201 4743 1502 4812 χαρίσηται
1553 4747 1654 4812 τῶν
1709 4735 1909 4809 δεινῶν,

305 4833 572 4908 ἄνθρωπος
623 4829 891 4904 ἀκτήμων,
950 4829 1182 4905 ὠχριῶν,
1241 4825 1580 4898 ἁνυπόδετος,
1644 4827 1907 4900 ἀοίκητος,

307 4919 556 4988 ἀνέστιος,
601 4922 814 4994 ἄπορος,
870 4919 940 4972 ἑνὶ
990 4927 1184 4991 χιτῶνι
1237 4923 1570 4993 σκεπόμενος,
1621 4922 1690 4983 ὡς
1733 4919 1911 4984 Ἠλίας

381 5078 430 5113 ὀδ
455 5077 610 5135 Psal.
639 5095 716 5148 vi,
747 5083 807 5136 7.
891 5081 938 5116 “
972 5083 1040 5137 Ill
1071 5082 1214 5150 Reg.
1249 5095 1404 5150 xvni,
1436 5084 1530 5138 t5.

374 5201 496 5289 (82').
523 5200 712 5259 Editio
732 5207 984 5278 utraque
1013 5209 1328 5278 κατεχέκτο.
1359 5207 1430 5262 At
1453 5205 1724 5280 quinque
1747 5225 1902 5266 mss.

303 5291 597 5328 κατεγεετο.

673 5349 727 5402 et
758 5347 899 5417 Reg.
925 5347 1131 5403 tertius
1163 5346 1416 5417 etAColb.
1450 5347 1658 5405 itidem
1693 5349 1900 5408 tertius

297 5413 466 5491 πόδας
489 5414 678 5491 ἔξϐρεξε.
712 5413 870 5491 Reg:
884 5417 1119 5491 primus
1137 5415 1309 5491 πόδας
1329 5417 1487 5491 Evt-6:.
1521 5422 1662 5489 Reg.
1689 5437 1899 5478 secun-

296 5486 410 5562 _d_us
430 5484 598 5562 «ora;
617 5484 904 5562 ἀπέπλῦνιῖ
915 5489 1048 5562 Scio
1069 5489 1314 5562 quidem
1337 5484 1453 5546 tres
1474 5491 1585 5548 has
1608 5484 1900 5549 lectiones

291 5557 454 5632 idem
472 5558 651 5632 plane
669 5558 888 5632 valere;
908 5561 1072 5632 malo
1085 5557 1286 5617 tamen
1309 5563 1642 5619 secundam
1661 5568 1764 5620 aut
1789 5569 1900 5620 ter-

291 5629 571 5700 tiam,‘ne
601 5629 853 5688 verbum
874 5630 1041 5706 ἔϐρεξε
1065 5632 1439 5690 continenter
1452 5633 1549 5690 bis
1571 5639 1894 5709 repetatur.

2017 1890 2432 1958 opportunam
2483 1885 2810 1959 impetret?
2860 1885 3004 1952 Quis
3055 1890 3308 1958 peccata
3346 1885 3676 1953 deleturus,

2014 1974 2178 2032 beati
2206 1973 2451 2030 Davidis
2482 1975 2784 2048 exemplo,
2810 1975 3100 2048 lacrymis
3123 1974 3343 2032 lectum
3366 1973 3684 2046 rigavit“?

2018 2063 2162 2130 Quis
2187 2062 2499 2135 hospitum
2527 2063 2672 2121 lavit
2701 2065 2910 2138 pedes,
2941 2069 2998 2122 et
3022 2063 3336 2138 pulverem
3369 2079 3442 2121 ex
3470 2063 3682 2120 itinere

2019 2151 2339 2209 collectum
2365 2151 2668 2220 abstersit,
2701 2157 2786 2224 ut,
2817 2154 2966 2210 dum
3010 2153 3278 2210 siccitate
3308 2151 3554 2209 liberari
3582 2167 3690 2224 po-

2017 2241 2413 2312 stulat,Deum
2435 2249 2774 2314 Opportune
2799 2241 3020 2316 placet?
3042 2241 3186 2308 Quis
3205 2241 3374 2314 pavit
3391 2240 3681 2298 orbatum

2016 2336 2186 2405 patre
2223 2346 2504 2404 puerum,
2537 2335 2603 2388 ut
2624 2334 2779 2388 Deus
2805 2347 2967 2388 nunc
2993 2329 3172 2388 nobis
3199 2331 3406 2401 fruges
3435 2329 3683 2398 nutriat,

2017 2434 2141 2477 non
2171 2435 2346 2475 secus
2375 2435 2447 2476 ac
2469 2420 2818 2492 orphanum
2839 2421 2958 2494 66
2987 2425 3307 2477 ventorum
3331 2418 3688 2492 intemperie

2018 2509 2385 2579 exagitatam
2409 2507 2434 2562 ?
2456 2509 2599 2575 Quis
2631 2508 2778 2566 fovit
2799 2509 3088 2567 afﬂictam
3113 2509 3310 2566 victus
3336 2507 3689 2565 difﬁcultate

2016 2597 2291 2665 viduam,
2323 2602 2390 2654 ut
2419 2613 2580 2654 nunc
2611 2599 2664 2655 ei
2696 2598 2996 2656 tribuatur
3015 2597 3372 2656 alimentum
3401 2612 3682 2654 necessa-

2016 2687 2219 2744 rium?
2251 2686 2529 2744 Discinde
2561 2687 2917 2744 schedulam
2945 2687 3240 2762 iniquam,
3269 2691 3334 2744 ut
3363 2686 3448 2743 sic
3467 2702 3685 2760 pecca-

2020 2781 2149 2835 tum
2199 2776 2488 2834 solvatur.
2525 2777 2662 2837 Dele
2710 2778 3213 2850 gravissimorum
3259 2778 3542 2834 fenorum
3580 2793 3688 2850 pa-

2021 2872 2209 2939 ctum,
2245 2873 2308 2924 ut
2355 2873 2510 2924 terra
2553 2867 2750 2940 pariat
2801 2873 3090 2926 consetna
3132 2883 3203 2925 ae
3233 2867 3558 2942 producat.
3591 2869 3686 2924 Et-

2020 2957 2184 3014 enim
2231 2957 2379 3014 dum
2410 2973 2492 3013 res
2525 2961 2583 3014 ct
2609 2973 2852 3027 aurum,
2885 2963 2944 3015 et
2973 2974 3046 3015 ea
3101 2975 3236 3032 quin
3269 2956 3494 3015 sterilia
3523 2959 3682 3025 sunt,

2021 3047 2278 3118 gignunt
2321 3053 2538 3121 praeter
2583 3051 2892 3115 naturam,
2922 3055 3080 3104 terra
3107 3051 3311 3105 tamen
3340 3063 3479 3120 quae
3510 3053 3686 3104 natu-

2020 3136 2223 3194 raliter
2251 3137 2410 3210 parit
2439 3141 2496 3194 et
2527 3137 2788 3194 fecunda
2818 3141 2930 3204 est,
2962 3136 3176 3194 sterilis
3200 3136 3497 3206 redditur,
3519 3141 3577 3194 et
3605 3136 3687 3194 ad

2021 3225 2252 3284 incolas
2280 3212 2624 3299 puniendos
2641 3225 3458 3283 damnaturinfccunditatis.
3483 3227 3690 3283 Osten-

2023 3315 2170 3372 dant
2209 3315 2394 3386 igitur
2422 3315 2525 3389 qui
2551 3320 2819 3389 quietum
2845 3315 2904 3372 in
2941 3317 3128 3390 pretio
3155 3313 3405 3387 habent,
3447 3331 3517 3372 ac
3545 3314 3692 3373 divi-

2023 3404 2136 3461 tias
2159 3403 2314 3461 ultra
2339 3405 2594 3461 modum
2616 3409 2934 3476 aggerunt,
2953 3405 3102 3478 quid
3127 3403 3372 3462 valeant
3393 3403 3689 3461 reconditi

2021 3493 2307 3564 thesauri,
2343 3497 2448 3550 aut
2474 3509 2612 3566 quas
2661 3510 2875 3550 eorum
2914 3493 3242 3550 necessitas
3276 3493 3371 3565 sit,
3404 3492 3453 3550 si
3499 3493 3688 3551 iratus

2021 3582 2181 3639 Deus
2224 3580 2483 3638 multam
2512 3598 2848 3654 ac‘pmnam
2879 3581 3127 3639 ulterius
3159 3581 3493 3655 protrahat.
3529 3585 3686 3641 Con-

2020 3667 2221 3728 festim
2251 3687 2398 3727 auro
2419 3669 2771 3744 pallidiores
2798 3671 2962 3740 ﬁent,
2995 3671 3100 3745 qui
3143 3670 3208 3727 id
3247 3673 3604 3742 congerunt,
3637 3669 3688 3727 si

2022 3776 2202 3834 pane,
2231 3759 2336 3833 qui
2361 3759 2491 3816 heri
2512 3765 2570 3816 et
2593 3759 3032 3816 nudiustertius
3061 3759 3140 3817 ob
3173 3765 3452 3834 paratam
3484 3777 3688 3834 prom-

2021 3854 2314 3924 ptamque
2371 3849 2613 3922 copiam
2655 3850 3182 3919 contemnebatur,
3231 3853 3496 3906 careant.
3529 3852 3687 3906 Pone

2018 3939 2150 4010 jam
2175 3954 2298 3995 non
2329 3954 2464 3996 esse
2491 3938 2889 4011 venditorem,
2923 3955 3035 3996 nec
3081 3938 3294 3996 haberi
3347 3938 3410 3995 in
3457 3937 3687 3996 horreis

2022 4029 2428 4096 frumentum;
2459 4027 2608 4102 quid
2639 4027 2906 4090 tandem.
2940 4044 3171 4102 quaeso,
3204 4028 3540 4102 proderunt
3583 4027 3690 4085 tibi

2023 4117 2340 4190 marsupia
2369 4117 2764 4188 gravissima?
2796 4120 3004 4174 Nonne
3035 4133 3158 4174 una
3187 4133 3328 4174 cum
3372 4117 3519 4191 ipsis
3567 4116 3686 4174 sub

2023 4206 2240 4266 eodem
2268 4221 2488 4278 aggere
2519 4205 2826 4280 sepelieris
2844 4207 2872 4264 ?
2901 4209 3109 4264 Nonne
3136 4212 3291 4264 terra
3311 4223 3527 4264 aurum
3555 4207 3694 4264 est?

2023 4300 2233 4356 Nonne
2261 4295 2473 4353 inutile
2508 4295 2707 4353 lutum
2729 4295 2856 4353 luto
2881 4295 3206 4368 adjacebit,
3236 4297 3478 4370 corpori
3527 4296 3693 4353 vide-

2023 4385 2208 4444 licet?
2228 4385 2505 4442 Possides
2528 4385 2772 4442 omnia:
2806 4385 2915 4442 sed
2938 4401 3060 4442 una
3083 4402 3178 4442 res
3207 4389 3300 4444 est
3319 4387 3690 4455 necessaria,

2025 4491 2152 4550 qua
2197 4491 2386 4540 cares,
2435 4475 2693 4532 facultas
2742 4475 3006 4548 teipsum
3057 4473 3284 4532 alendi.
3335 4476 3574 4533 Contice
3618 4492 3692 4532 ex

2027 4564 2314 4621 omnibus
2347 4565 2462 4622 tuis
2488 4565 2710 4638 opibus
2741 4563 3028 4620 nebulam
3051 4579 3240 4620 unam
3267 4581 3282 4630 ;
3315 4563 3410 4620 fac
3435 4565 3690 4621 descen-
3717 4612 3732 4630 ,

2025 4655 2176 4712 dant
2195 4659 2376 4725 gutta:
2402 4670 2614 4728 paucae
2642 4671 2655 4720 ;
2690 4669 2836 4724 urge
2865 4658 3084 4709 terram
3121 4651 3200 4708 ad
3229 4651 3479 4709 fructum
3505 4655 3694 4710 teren-

2025 4744 2210 4812 dum;
2262 4743 2672 4801 calamitatem
2703 4742 2986 4816 superbis
3023 4741 3136 4798 illis
3170 4758 3242 4798 ac
3280 4741 3690 4800 insolentibus

2023 4831 2245 4890 divitiis
2277 4831 2552 4889 amolirc.
2590 4835 2864 4888 Fortasse
2895 4831 3068 4904 pium
3113 4829 3380 4904 aliquem
3409 4830 3686 4906 induces,

2025 4925 2088 4978 ut
2109 4919 2694 4996 cxcmploThesbitm
2717 4919 2852 4976 Elin:
2868 4921 2914 4956 ‘5
2935 4919 3352 4976 remissionem
3374 4915 3478 4976 tibi
3503 4917 3688 4976 malo-

2087 5209 2194 5282 (ει)
2232 5209 2420 5282 Editio
2451 5207 2634 5282 Paris.
2669 5206 2834 5282 θρέψῃ
2865 5211 2956 5260 τὸν
2987 5215 3154 5282 circa.
3185 5205 3377 5263 Editio
3415 5205 3594 5264 Basil.
3626 5211 3690 5282 et

2011 5278 2624 5371 mss.'§ombetisiani
2674 5278 2742 5332 τὰ
2771 5278 2914 5334 σῖτα.
2948 5278 3059 5334 Alii
3101 5283 3373 5351 quatuor
3388 5290 3428 5334 'e
3459 5279 3686 5334 nostris

2011 5373 2077 5406 τα
2109 5371 2274 5406 σιτια.
3667 5371 3673 5384 ι

2044 5374 2077 5406 α
2109 5372 2274 5406 σιτια.
3667 5372 3673 5384 ι

2083 5423 2369 5498 ίθδὶίδῖἀίῑί
2421 5425 2576 5498 οἰοτον
2620 5425 2706 5498 τργ
2745 5427 2940 5498 (15'sz
2963 5423 3034 5477 Αι
3081 5421 3436 5498 ωεε.·ἀ’ρτον
3489 5424 3678 5495 μέχρι,

2007 5495 2335 5578 “03-99.19.-
2360 5493 2594 5578 Pl‘i'mus
2625 5493 2888 5578 ε’ξθτίνίκέξ

2007 5563 2806 5690 λ,(86)Ε(1ἱῐῖπαρακαλέσςη.
2859 5563 2945 5620 At
2986 5580 3130 5621 mss.
3195 5563 3364 5620 multi
3425 5581 3672 5639 παρακα-

2041 5657 2200 5690 εσειε.

2041 5657 2200 5700 εσεις.
