4124 6384
453 343 558 399 315

1831 333 1887 389 s.
1932 320 2186 390 BASILil
2224 322 2452 390 MlGNl

3720 344 3824 402 316

451 470 589 521 rum
607 461 888 537 precibus
905 458 1392 534 impetret,homo
1412 459 1590 533 inops
1601 456 1880 533 ,pallidus
1891 455 2108 514 discal-

2225 463 2288 528 τῇ
2335 456 2576 531 μηλωτῇ,
2607 462 2702 519 τὴν
2752 461 2918 532 εὐχὴν
2967 462 3104 533 ἔχων
3155 464 3456 537 σύντροφον,
3501 469 3594 526 τὴν
3638 465 3827 543 ἔγκράὸ

450 557 681 620 ceatus,
706 552 836 609 sine
865 550 1071 617 domo,
1100 552 1229 606 sine
1257 549 1403 615 lare,
1435 565 1683 620 egenus,
1707 547 1887 604 unica
1906 546 2110 603 tunica

456 646 799 716 coopertus,
853 640 1014 697 velut
1061 639 1218 697 Elias
1268 639 1424 713 pelle
1482 637 1682 705 ovilla,
1742 635 1925 694 simul
1970 650 2112 693 cum

452 732 735 807 precibus
791 729 1111 800 educatus,
1163 729 1396 802 jejunio
1445 726 1867 786 contubernali
1913 730 2110 783 utens.

454 820 628 888 Quod
650 820 700 876 si
719 819 996 892 rogando
1014 817 1092 875 ab
1109 818 1410 890 ejusmodi
1428 818 1556 875 viro
1572 831 1755 891 opem
1770 815 2045 872 obtineas
2056 816 2115 871 et

453 910 827 986 praesidium,
854 924 1057 967 nonne
1101 909 1340 966 divitias
1383 908 1589 965 multis
1624 907 1783 964 curis
1812 904 2112 962 obnoxias

451 1001 630 1059 valde
641 999 979 1057 admodum
994 997 1328 1055 deridebis?
1339 1012 1539 1054 nonne
1552 1012 1769 1055 aurum
1781 1009 1893 1052 con
1901 993 2115 1067 spues?

453 1104 656 1149 nonne
698 1092 997 1162 tanquam
1046 1091 1276 1144 stercus
1307 1101 1525 1143 aurum
1579 1085 1867 1157 abjicies:
1921 1079 2111 1156 quod,

454 1179 697 1237 tametsi
745 1179 915 1255 prius
979 1177 1191 1240 omnia
1247 1181 1504 1251 poterat,
1565 1173 2115 1248 appellabaturque

454 1268 901 1337 charissimam,
918 1268 1117 1341 ipsum
1137 1271 1340 1326 tamen
1361 1266 1714 1338 cognoveris
1727 1264 2036 1322 inﬁrmum
2051 1262 2115 1320 in

453 1359 809 1417 necessitate
834 1362 1161 1431 patronum
1192 1357 1374 1414 esse?
1398 1358 1598 1413 Causa
1626 1360 1730 1412 tua
1760 1355 1920 1411 hanc
1959 1352 2113 1410 cala-

454 1450 729 1506 mitatem
786 1450 944 1504 Deus
994 1444 1213 1514 intulit,
1246 1445 1415 1519 quod
1468 1462 1608 1502 cum
1653 1445 1931 1513 haberes,
1988 1459 2114 1500 non

453 1535 833 1608 erogaveris;
885 1536 1053 1610 quod
1084 1536 1416 1593 esurientes
1443 1534 1824 1609 praeterieris,
1858 1532 2027 1607 quod
2057 1537 2114 1590 te

452 1641 577 1685 non
606 1624 972 1683 converteris
1005 1622 1086 1682 ad
1113 1624 1386 1697 lugentes
1416 1643 1430 1694 ;
1463 1624 1631 1698 quod
1655 1623 1965 1691 adoratus,
1988 1637 2113 1678 non

454 1717 537 1772 sis
566 1715 905 1773 miseratus.
940 1714 1241 1772 Invadunt
1281 1714 1443 1771 enim
1490 1718 1740 1788 propter
1783 1728 2014 1786 paucos
2050 1712 2114 1768 in

454 1814 702 1863 omnem
734 1802 1033 1878 pepulum
1064 1802 1244 1872 mala,
1275 1818 1347 1861 ac
1375 1802 1677 1877 ﬂagitium
1728 1803 1907 1859 unius
1948 1798 2114 1875 plebi

457 1895 564 1952 toti
590 1897 786 1951 nocet.
818 1893 1016 1950 Achar
1063 1892 1448 1963 sacrilegium
1494 1891 1819 1957 commisit,
1855 1896 1913 1949 et
1950 1894 2113 1948 totus

457 1988 756 2041 scortatus
781 1988 891 2051 est,
925 1987 984 2040 et
1013 1981 1192 2039 Israel
1218 1997 1433 2055 poenas
1461 1980 1630 2039 dedit
1650 1983 1724 2040 “.

529 2077 582 2129 5.
625 2073 845 2130 Omnes
873 2071 1056 2142 igitur
1074 2076 1202 2129 tum
1222 2070 1529 2145 privatim,
1550 2074 1681 2128 tum
1710 2070 1775 2126 in
1805 2066 2116 2127 communi
2147 2070 2188 2124 Β

455 2163 644 2221 vitam
662 2166 936 2220 nostram
953 2160 1562 2236 expendamus,velut
1577 2160 1919 2235 padagogo
1930 2164 2117 2217 atten-

454 2246 674 2310 damus
696 2251 1482 2325 siccitati,unumquemque
1501 2251 1591 2308 sui
1606 2251 1839 2325 peccati
1856 2264 2118 2307 commo-

453 2340 794 2399 nefacienti.
823 2341 1206 2398 Proferamus
1230 2344 1288 2397 et
1306 2356 1420 2397 nos
1444 2340 1648 2397 animo
1669 2355 1822 2396 sano
1850 2336 1954 2396 illa
1976 2343 2122 2395 stre-

455 2431 711 2489 nuiJobi
730 2431 938 2488 verba:
961 2432 1182 2488 Manus
1204 2431 1443 2487 Domini
1460 2436 1545 2488 est
1551 2446 1706 2503 ,quaa
1723 2431 1919 2501 tetigit
1939 2443 2032 2486 me
2048 2430 2091 2464 ⁸⁸³
2104 2470 2117 2484 .

456 2521 838 2580 Potissimum
861 2526 1064 2578 autem
1103 2525 1161 2577 et
1181 2524 1318 2577 ante
1348 2520 1557 2578 omnia
1576 2519 1984 2577 calamitatem
2016 2533 2120 2575 no-

456 2614 644 2668 stram
664 2611 930 2683 peccatis
954 2610 1349 2667 ascribamus.
1374 2609 1550 2677 Quod
1569 2609 1619 2665 si
1639 2614 1933 2684 praeterea
1955 2606 2123 2665 aliud

457 2698 811 2758 addendum
832 2703 938 2769 est,
963 2699 1032 2756 ﬁt
1059 2713 1304 2774 quoque
1330 2698 1689 2772 aliquando,
1711 2704 1778 2755 ut
1804 2697 1948 2755 talia
1980 2698 2116 2754 vitae

457 2785 785 2848 infortunia
795 2791 1133 2863 irrogentur
1147 2788 1501 2846 hominibus
1513 2790 1592 2847 ad
1606 2790 1842 2846 animas
1864 2787 2123 2861 proban-

458 2878 588 2945 das,
609 2881 674 2937 ut
684 2878 835 2936 inter
845 2876 1230 2937 diiﬂcultates
1261 2877 1798 2952 deprehendantur
1818 2878 1924 2952 qui
1944 2877 2123 2952 probi

457 2969 596 3039 sint,
618 2968 732 3041 67
766 2963 891 3026 sive
912 2978 1235 3042 panperes,
1269 2967 1394 3024 sive
1437 2967 1675 3029 divites.
1709 2982 1849 3024 cum
1880 2968 2122 3040 utrique

458 3070 566 3133 per
586 3059 938 3132 patientiam
959 3058 1140 3133 plane
1163 3057 1513 3131 probentur.
1541 3061 1606 3115 Et
1633 3057 1899 3115 maxime
1925 3056 1985 3114 id
2006 3058 2123 3114 hoc

454 3151 727 3222 tempore
750 3140 1114 3217 declaratur,
1149 3147 1301 3204 sitne
1332 3148 1427 3204 hic
1457 3147 1746 3211 liberalis,
1780 3151 1835 3205 et
1865 3146 2123 3204 fratrum

459 3250 702 3297 amans:
740 3238 892 3296 sitne
935 3237 1034 3295 ille
1065 3241 1273 3309 gratus
1318 3242 1376 3294 et
1403 3234 1835 3295 beneficiorum
1865 3251 2121 3309 memor,

461 3326 661 3384 etvice
678 3340 856 3385 versa
874 3338 999 3384 non
1017 3326 1440 3399 blasphemus,
1457 3327 1631 3398 cujus
1654 3326 1896 3383 animus
1921 3326 2124 3383 statim

459 3415 594 3472 vitae
644 3413 1161 3473 vicissitudinibus
1216 3419 1499 3472 mutetur.
1530 3415 1680 3472 Novi
1733 3430 1845 3486 ego
1901 3415 2125 3472 multos

458 3505 608 3577 (non
622 3506 927 3562 auditione
949 3505 1291 3578 accepi,sed
1310 3505 1679 3579 experientia
1698 3505 2125 3579 ipsahomines

460 3599 637 3653 notos
658 3595 888 3666 habui),
904 3596 1010 3670 qui
1027 3608 1169 3653 cum
1192 3590 1539 3671 suppeteret
1563 3595 1676 3653 sibi
1695 3611 1898 3653 rerum
1922 3596 2121 3670 copia,

460 3690 518 3744 et
546 3685 827 3743 secundis
866 3686 1084 3757 ventis,
1116 3685 1285 3759 quod
1324 3686 1443 3743 dici
1484 3684 1655 3750 solet,
1689 3702 1785 3743 res
1829 3684 2122 3759 procede-

457 3774 997 3846 rent,mediocriter
1018 3775 1256 3844 saltem,
1271 3775 1319 3831 si
1341 3790 1466 3832 non
1494 3775 2011 3848 perfecte,gratias
2034 3788 2123 3832 re-

459 3864 796 3939 penderent
832 3862 1108 3920 beneﬁce
1137 3863 1444 3934 largitori;
1488 3864 1594 3920 sed
1617 3856 1667 3920 si
1697 3868 2033 3921 mutaretur
2060 3864 2122 3919 in

459 3953 823 4010 contrarium
850 3966 1052 4009 rerum
1097 3956 1312 4020 status,
1346 3952 1639 4027 divesque
1669 3950 1837 4009 ﬁeret
1864 3967 2119 4027 pauper,

461 4047 519 4100 et
560 4041 746 4099 robur
791 4042 1062 4116 corporis
1099 4045 1431 4099 verteretur
1478 4042 1540 4098 in
1583 4041 1887 4114 morbum,
1932 4042 2122 4112 gloria

460 4146 706 4206 quoque
737 4146 808 4189 ac
850 4130 1142 4204 splendor
1189 4133 1251 4189 in
1301 4131 1567 4189 dedecus
1597 4136 1655 4188 et
1678 4132 2117 4203 ignominiam:

461 4227 603 4278 tunc
624 4220 1236 4294 deprehendebantur
1258 4221 1498 4291 ingrati,
1529 4211 1936 4294 loquebantur
1965 4218 2121 4278 blas-

460 4310 1144 4385 phema,pigrescebant
1164 4310 1225 4367 in
1253 4310 1618 4384 precatione.
1648 4313 1835 4366 Deum
1870 4310 2119 4383 perinde

460 4399 637 4474 quasi
654 4405 1038 4457 cunctantem
1060 4398 1400 4457 debitorem
1427 4398 1672 4456 moleste
1692 4399 1985 4468 ferebant,
2010 4415 2120 4457 nec

460 4489 881 4548 aﬂiciebantur
891 4504 1034 4560 erga
1046 4492 1373 4547 Dominum
1385 4495 1668 4564 tanquam
1684 4488 2116 4561 indignantem.

465 4580 579 4639 Sed
599 4596 816 4654 apage,
841 4584 899 4636 et
920 4579 1215 4637 submove
1238 4580 1317 4636 ab
1341 4580 1547 4636 animo
1569 4580 1874 4651 ejusmodi
1898 4581 2119 4650 cogita-

2222 563 2361 599 τειαν
2406 544 2734 620 ὁμοδίαιτον.
2766 552 2873 602 Κοῖν
2917 548 3177 624 ἐπιτύχῃς
3207 560 3301 625 τῇς
3331 555 3472 630 παρὰ
3514 563 3606 609 τοῦ
3653 560 3829 610 τοιοῦτ-

2222 652 2312 687 του
2367 634 2618 709 βοηθείας
2657 639 2778 710 (87)
2824 635 3083 714 δέομενος,
3136 641 3195 694 οὐ
3233 648 3411 718 μακρὰ
3455 646 3830 719 καταγελάσεις

2220 732 2321 777 τῶν
2375 725 2768 804 πολυμερίμνων
2829 732 3148 803 κτημάτων;
3218 732 3277 785 οὐ
3340 737 3697 809 προσπτύσεις
3753 745 3827 809 τῷ

2219 824 2449 891 χρυσῷ;
2507 818 2566 870 οὐ
2622 815 2925 895 διαρρίψας
2981 824 3051 884 ὡς
3096 826 3288 899 κόπρον
3341 828 3429 877 τὸν
3475 827 3722 902 ἄργυρον,
3773 828 3826 881 ὃν

2220 909 2467 990 πρότερον
2532 908 2703 962 πάντα
2758 905 3041 984 δυνάμενον
3086 917 3175 966 καὶ
3242 913 3482 986 φίλτατον
3538 916 3824 990 ὀνομάζων,

2222 988 2423 1066 ἀδρανῆ
2481 995 2678 1069 βοηθὸν
2734 996 2818 1052 ἐπὶ
2866 1007 2964 1063 τῆς
3018 1007 3209 1075 χρείας
3257 1001 3579 1077 ἔγνώρισας;
3625 988 3724 1059 -Διὰ
3772 1009 3828 1060 σι

2220 1085 2311 1134 καὶ
2358 1086 2454 1142 τὴν
2504 1088 2774 1163 συμφορὰν
2820 1090 3016 1147 ταύτην
3058 1087 3403 1145 κατεδίκασεν
3457 1091 3637 1153 ἐπειδή
3693 1096 3828 1167 ἔχων

2162 1249 2177 1257 ⁸
2222 1169 2318 1223 οὐκ
2352 1167 2560 1257 ᾐὶδίδως
2586 1176 2702 1246 (88)
2731 1197 2744 1210 ο
2780 1174 2961 1237 ἐπειδὴ
3008 1185 3328 1255 παρέτρεχες
3351 1185 3474 1244 τοὺς
3519 1175 3830 1243 πεινῶντας’

2223 1255 2404 1319 ίπειδὴ
2473 1267 2605 1336 πρὸς
2682 1268 2803 1329 τοὺς
2871 1262 3221 1342 ὀδυρομένους
3304 1269 3399 1322 οὐκ
3474 1268 3826 1345 ἱπεστρέφου·

2223 1345 2406 1433 έπειδὴ
2457 1358 2907 1428 προσκυνούμενος
2937 1357 3053 1427 (89)
3081 1357 3175 1409 οὐκ
3222 1356 3406 1423 ἠλέεις.
3440 1358 3693 1433 Ἔρχεται
3739 1361 3829 1411 καὶ

2225 1431 2316 1489 δι’
2362 1438 2568 1512 ὀλίγους
2593 1441 2694 1513 αιίττὶ
2744 1440 2913 1519 δῇμον
2971 1448 3128 1513 κακὰ,
3188 1454 3278 1500 καὶ
3326 1431 3625 1521 μοχθηρίας
3691 1450 3829 1510 τινὸς

2222 1529 2606 1603 παραπήλαυσε
2663 1529 2852 1607 δῆμος.
2913 1534 3092 1611 Ἀχαρ
3148 1536 3471 1609 ἱεροσύλησι,
3516 1540 3607 1590 καὶ
3656 1535 3745 1595 ὅλη
3795 1537 3827 1595 ἦ

2223 1618 2516 1689 παράταξις
2582 1620 2911 1695 ἐμαστίζετο.
2985 1624 3043 1676 Ὀ
3106 1623 3311 1701 Ζαμϐρὶ
3386 1624 3539 1679 πάλιν
3604 1625 3675 1688 εἰς
3738 1625 3832 1690 τὰς

2224 1702 2621 1845 ξαδιανίτιδας
2668 1711 3017 1787 ἑξεπόρνευσε,
3049 1720 3135 1769 καὶ
3183 1717 3208 1768 6
3245 1714 3458 1791 Ἰσραὴλ
3508 1718 3716 1769 ἔπιπτεν
3761 1710 3830 1778 εἰς

2226 1810 2229 1813 ‘
2270 1798 2405 1845 ίκην-

2226 1798 2406 1855 δίκην,

2155 1886 2491 1958 castigatus
2564 1890 2654 1948 est
2713 1892 3013 1950 exercitus
3068 1886 3135 1950 ⁸⁵.
3198 1893 3439 1951 Zambri
3485 1892 3837 1953 Madianitas

2300 2068 2351 2123 5.
2385 2069 2578 2132 Πάντες
2608 2075 2779 2124 τοίνυν
2805 2075 2896 2125 καὶ
2931 2068 3045 2143 ἰδίᾳ
3073 2079 3163 2127 καὶ
3191 2082 3337 2149 κοινῇ
3370 2077 3491 2137 τοὺς
3523 2072 3676 2147 βίους
3715 2073 3835 2127 ἐαυ-

2227 2163 2328 2208 τῶν
2394 2155 2729 2233 ἐξετάσωμεν,
2800 2166 2869 2225 ὡς
2946 2160 3270 2237 παιδαγωγῷ
3352 2169 3672 2238 πρόσχωμεν
3760 2170 3833 2236 τῷ

2228 2245 2443 2318 αὐχμῷ,
2476 2249 2693 2303 ἕκαστον
2723 2258 2818 2313 τῆς
2860 2247 3001 2315 ἰδίας
3045 2252 3305 2326 ἁμαρτίας
3353 2255 3826 2327 ὑπομιμνήσκοντα

2230 2337 2464 2409 Εἵπωμεν
2511 2343 2601 2392 καὶ
2658 2341 2809 2412 ἡμεῖς
2866 2350 2957 2394 τοῦ
3013 2347 3249 2414 γενναίου
3316 2340 3442 2397 Ἰὼϐ
3505 2347 3599 2401 τὴν
3666 2347 3835 2416 φωνήν

2230 2425 2592 2490 εὐαισθήτως·
2647 2435 2776 2503 Χεὶρ
2838 2436 3029 2507 Κυρίου
3101 2431 3261 2500 ἔστιν,
3333 2435 3362 2491 ἡ
3422 2430 3659 2505 ἁψαμένη
3710 2451 3834 2505 μου.

2232 2518 2334 2568 Καὶ
2371 2515 2603 2588 μάλιστα
2653 2521 2744 2591 μὲν
2791 2523 3147 2594 πρωτοτύπως
3192 2522 3302 2583 τοῖς
3356 2526 3703 2597 ἁμαρτήμασι
3740 2525 3834 2580 τὴν

2235 2606 2504 2681 συμφορὰν
2553 2606 2746 2661 ἑαυτῶν
2791 2608 3140 2684 λογισώμεθα.
3193 2612 3253 2665 Εἰ
3305 2607 3365 2665 δὲ
3434 2606 3519 2665 δεῖ
3570 2615 3660 2665 καὶ
3713 2609 3835 2664 ἄλλο

2231 2697 2555 2770 προσθεῖναι,
2590 2699 2729 2751 εστιν
2755 2699 2839 2752 ὅτε
2882 2704 2970 2753 καὶ
2998 2703 3134 2753 κατά
3176 2709 3356 2776 πεῖραν
3400 2708 3515 2765 ταῖς
3544 2700 3751 2774 ψυχαῖς
3780 2701 3837 2752 αἱ

2228 2792 2475 2838 τοιαῦται
2522 2794 2613 2840 τοῦ
2646 2785 2770 2861 βίον
2818 2782 3144 2863 δυσκληρίαι
3189 2798 3300 2853 τοῖς
3347 2789 3638 2866 ἀνθρώποις
3674 2808 3838 2865 προσ-

2230 2876 2469 2947 άγονται,
2502 2875 2563 2929 ἶν’
2590 2876 2676 2930 ἐπὶ
2708 2887 2804 2942 τῆς
2850 2874 3137 2943 δυσκολίας
3189 2878 3586 2953 ἀπεὴγχθώσιν
3618 2882 3668 2933 οἱ
3694 2875 3837 2933 δόκι-

2234 2984 2345 3037 μοι,
2378 2967 2477 3019 εἴτε
2521 2970 2733 3030 πένητες
2779 2970 2877 3021 εἴτε
2919 2967 3203 3023 πλούσιον
3256 2968 3489 3043 ἑκάτεροι
3535 2971 3638 3043 γὰρ
3695 2967 3839 3045 ἀκρι-

2234 3052 2335 3116 ϐῶς
2406 3048 2499 3107 διὰ
2554 3064 2650 3118 τῆς
2716 3057 2980 3129 ὑπομονῆς
3049 3050 3448 3132 δοκιμάζονται.
3507 3056 3613 3111 Κάν
3673 3060 3840 3131 τούτῳ

2234 3143 2464 3218 μάλιστα
2509 3154 2581 3218 τῷ
2628 3155 2794 3221 καιρῷ
2843 3142 3209 3200 διαδείκυνται
3260 3150 3286 3201 6
3338 3151 3449 3221 μὲν,
3502 3148 3545 3201 εἰ
3602 3162 3839 3200 κοινωνι-

2233 3237 2325 3297 κὸς
2354 3239 2444 3288 καὶ
2471 3230 2797 3309 φιλάδελφος,
2832 3237 2858 3288 6
2891 3230 2969 3304 δέ,
3006 3237 3049 3289 εἰ
3100 3238 3420 3315 εὐχάριστος
3462 3242 3553 3290 καὶ
3600 3242 3670 3310 μὴ
3725 3235 3841 3289 τού-

2154 3312 2196 3368 C
2234 3329 2433 3377 ναντίον
2488 3322 2820 3399 βλάσφημος,
2851 3333 2968 3389 ταῖς
3017 3334 3109 3379 τοῦ
3157 3325 3279 3401 βίου
3332 3334 3637 3403 περιφοραῖς
3685 3325 3841 3389 ὀξέως

2237 3412 2676 3487 συμμεταϐάλλων
2726 3418 2785 3467 τὸ
2835 3420 3094 3489 φρόνημα.
3136 3412 3278 3469 Οἶδα
3321 3415 3417 3489 ἐγώ
3468 3416 3684 3479 πολλοὺς
3729 3416 3841 3487 (οὐκ

2235 3501 2363 3578 ἀκοῇ
2410 3505 2609 3577 μαθὼν,
2645 3502 2773 3557 ἀλλὰ
2818 3513 2881 3578 τῇ
2937 3510 3094 3579 πείρα
3144 3509 3265 3568 τοὺς
3312 3505 3616 3582 ἀνθρώπους
3660 3510 3842 3581 γνωρί-

2235 3594 2371 3666 σας),
2426 3592 2518 3655 ἒως
2564 3597 2729 3669 μέχρι
2775 3597 2865 3667 μὶν
2924 3596 2949 3647 6
3006 3594 3122 3669 βίος
3170 3596 3346 3658 αὐτοῖς
3412 3592 3543 3669 πρὸς
3594 3594 3839 3669 εὐπορίαν

2234 3678 2612 3758 διαμετρεῖται,
2668 3688 2758 3736 καὶ
2817 3674 2870 3747 ἕξ
2923 3683 3122 3757 οὐρίας,
3182 3688 3240 3737 τὸ
3304 3684 3591 3758 λεγόμενον,
3651 3690 3837 3757 χωρεῖ,

2232 3776 2406 3845 μέσως
2444 3781 2594 3844 γοῦν,
2628 3773 2672 3826 εἰ
2728 3778 2818 3826 καὶ
2866 3777 2937 3847 μὴ
2984 3773 3206 3840 τελείως,
3239 3782 3312 3846 τῷ
3362 3773 3597 3848 εὐεργέτῃ
3651 3772 3839 3847 ὁμολο-

2230 3870 2452 3933 γοῦντας
2482 3868 2576 3923 τήν
2606 3866 2806 3939 χάρινο
2861 3864 2906 3917 εἰ
2957 3860 3016 3917 δέ
3064 3884 3164 3917 που
3216 3856 3309 3918 διὰ
3356 3869 3445 3923 τὴν
3497 3863 3725 3917 ἐναντίαν
3754 3876 3846 3917 κα-

2226 3954 2488 4006 τάστασιν
2520 3958 2853 4029 περιτραπείη
2907 3956 2974 4007 τὰ
3020 3957 3326 4028 πράγματα,
3358 3959 3449 4008 καὶ
3480 3956 3504 4007 6
3560 3957 3649 4028 μὲν
3677 3953 3843 4007 πλού-

2233 4061 2347 4104 σιος
2389 4048 2601 4115 γένηται
2641 4047 2816 4113 πένης,
2850 4046 2879 4104 ἡ
2939 4036 2998 4099 δε
3047 4046 3196 4121 ῥώμη
3248 4053 3339 4099 τοῦ
3386 4052 3625 4118 σώματος
3668 4048 3839 4107 νόσος,

2230 4133 2260 4190 ἡ
2312 4129 2371 4186 δὲ
2416 4128 2548 4196 δόξα
2594 4138 2684 4186 καὶ
2725 4136 3030 4209 περιφάνεια
3072 4135 3306 4208 αἰσχύνη
3338 4139 3429 4188 καὶ
3462 4134 3667 4209 ἁτιμια,
3708 4134 3845 4207 ἀχα-

2231 4230 2563 4299 ριστοῦντας,
2615 4221 2911 4297 βλάσφημα
2966 4226 3363 4298 φθεγγομένους,
3421 4224 3697 4286 ὀκνοῦντας
3748 4228 3843 4283 τὴν

2230 4317 2538 4388 προσευχὴν
2562 4333 2574 4346 ·
2610 4315 2677 4375 ὡς
2703 4316 2833 4388 πρὸς
2879 4318 3157 4387 χρεώστην
3208 4309 3543 4391 βραδύνοντα
3590 4317 3677 4367 τὸν
3709 4315 3839 4367 Θεὸν

2235 4400 2664 4473 σχετλιάζοντας,
2697 4401 2803 4475 οὐχ
2858 4405 2927 4465 ὡς
2978 4405 3109 4479 πρὸς
3156 4408 3419 4463 Δεσπότην
3452 4402 3845 4477 ἀγανακτοῦντα

2235 4487 2617 4564 διακειμένους.
2667 4490 2800 4545 Ἀλλ’
2849 4492 3031 4565 ἄπαγε
3071 4501 3170 4545 τῶν
3221 4494 3483 4567 λογισμῶν
3529 4497 3622 4552 τὴν
3670 4495 3845 4547 τοιαύ-

2233 4601 2327 4641 την
2359 4583 2550 4635 ἔννοιαν
2575 4582 2587 4637 l
2616 4581 2776 4635 Ὅταν
2822 4577 2881 4636 δὲ
2923 4578 3050 4657 ἴδῃς
3102 4586 3230 4636 Θεὸν
3260 4588 3331 4656 μὴ
3386 4582 3736 4658 χαριζόμενον
3777 4585 3844 4636 τὰ

460 4670 684 4727 tiones!
711 4673 933 4727 Etcum
957 4668 1176 4727 videris
1200 4673 1386 4726 Deum
1409 4674 1698 4725 consueta
1721 4685 1844 4725 non
1866 4668 2118 4742 largien-

2237 4672 2455 4739 συνήθη,
2514 4669 2649 4724 οὓτω
2699 4670 2911 4744 λογίζου
2957 4673 3101 4746 παρὰ
3159 4680 3388 4743 σεαυτῷ·
3448 4676 3533 4730 Μὴ
3587 4668 3843 4734 ἀδύνατος

460 4761 693 4827 tem,sic
714 4764 913 4817 tecum
935 4765 1170 4833 reputa:
1199 4756 1351 4816 Num
1369 4759 1534 4817 deest
1552 4760 1671 4816 Deo
1693 4760 1886 4816 victus
1903 4775 2120 4834 suppe-

460 4848 692 4907 ditaudi
721 4847 1014 4909 facultas?
1044 4844 1362 4916 Quomodo
1402 4848 1564 4905 enim
1584 4849 1613 4906 ?
1660 4863 1800 4906 cum
1828 4849 1900 4907 sit
1932 4852 2129 4907 Domi-

534 4969 581 5004 ⁸⁵
606 4969 732 5025 Jos.
764 4984 861 5039 vn,
896 4970 919 5023 1
956 4982 1091 5040 sqq.
1169 4967 1214 5001 ἰθ
1244 4968 1418 5022 Num.
1448 4982 1583 5036 xxv,
1615 4969 1647 5021 6
1674 4980 1808 5037 sqq.

877 5091 1497 5174 Pri‘mus‘lraprlf‘sq-Jrau
1526 5090 1794 5166 βοηθείας.

557 5163 644 5237 88)
673 5159 915 5237 Antiqui
944 5164 1067 5219 duo
1096 5159 1233 5219 libri
1256 5159 1484 5226 ἐδίδους.

558 5234 647 5305 89)
677 5234 851 5291 Εάἰιῖ
871 5240 929 5292 et
975 5252 1120 5310 mss.
1152 5239 1599 5310 προσκυνούμενος
1619 5252 1647 5310 :_
1690 5253 1877 5310 quam
1921 5239 2121 5310 tamen

464 5321 669 5380 vocem
701 5311 1048 5380 suspectam
1071 5305 1308 5362 habens
1329 5305 1749 5380 Couibcﬁsiﬁus,
1771 5312 1942 5380 putat
1966 5309 2123 5380 Basi-

460 5376 611 5451 lium
670 5376 984 5451 scripsisse
1026 5381 1490 5451 προσαιτούμένος.
1553 5379 1666 5434 Sed
1716 5376 1846 5451 ejus
1891 5379 2123 5451 judicio

464 5448 841 5523 subscribere
861 5464 982 5523 non
1005 5448 1340 5521 queo.Nam
1356 5448 1760 5522 praeterquam
1779 5448 1948 5523 quod
1969 5451 2125 5507 illius

462 5520 810 5596 conjectura
828 5520 1379 5596 ‘nullo’testimonio
1402 5520 1628 5596 nititur,
1658 5538 1773 5596 vos
1798 5520 2119 5596 ῑτρορ-κυνοο-

464 5610 611 5664 μενος
642 5592 723 5648 ita
739 5591 877 5647 huic
899 5590 1033 5667 loco
1065 5594 1363 5667 convenit.
1381 5596 1444 5649 ut
1475 5590 1676 5667 potius
1700 5593 1778 5649 ob
1796 5590 2004 5649 oculos
2025 5611 2129 5667 po_-

461 5663 569 5723 nat
583 5679 772 5742 quam
794 5664 1326 5739 cxprimatstatum
1341 5663 1632 5725 humilem
1646 5663 2123 5753 pauperumﬁui

2235 4763 2261 4815 6
2295 4766 2425 4824 Θεὸς
2455 4768 2708 4837 χορηγεῖν
2740 4764 2829 4819 τὴν
2859 4765 3094 4835 τροφὴν;
3146 4765 3248 4814 Καὶ
3284 4764 3429 4829 πῶς;
3481 4763 3536 4822 ὃς
3558 4780 3619 4833 γε
3650 4763 3843 4838 Κύριός

2241 4850 2381 4904 ἐστιν
2431 4851 2651 4926 οὐρανοῦ
2703 4855 2793 4903 καὶ
2840 4852 3016 4913 πάσης
3066 4845 3493 4924 διακοσμὴσεως,
3544 4853 3687 4927 ὡρῶν
3733 4850 3839 4925 (90)

1889 4967 1932 5001 ⁵⁷
1965 4967 2075 5025 Job
2107 4984 2221 5042 χιχ,
2249 4972 2339 5024 2t.

2228 5091 2691 5165 adorantiumin
2712 5091 2967 5148 modum
2991 5092 3210 5165 stipem
3233 5107 3268 5148 a
3295 5090 3581 5165 divitibus
3600 5095 3839 5162 rogant.

2302 5166 2411 5235 (90;
2439 5163 2564 5238 illa,
2600 5160 3004 5238 d‘taxoopriasm;
3027 5160 3191 5238 ᾠρῶν,
3226 5165 3354 5220 sine
3385 5163 3509 5238 ulla
3538 5160 3844 5234 interpun-

2230 5234 2427 5318 ctiOufe
2449 5234 3022 5318 legitCombeﬁsius;
3038 5234 3387 5318 idcircoque
3401 5234 3844 5318 sicinterpreta-

2232 5314 2346 5364 tur:
2371 5308 2691 5379 Omnisque
2712 5314 3127 5378 tempestatum
3147 5308 3299 5363 anni
3316 5312 3842 5379 atquetemporum

2235 5375 2637 5435 distinctionis
2665 5375 2904 5450 sapiens
2940 5380 3307 5450 moderator.
3342 5375 3482 5446 Nos,
3511 5375 3843 5450 multorum
3923 5418 3933 5427 .

2234 5457 2505 5507 veterum
2533 5445 2825 5507 librorum
2845 5451 3031 5507 ﬁdem
3062 5451 3267 5517 secuti,
3291 5448 3399 5505 has
3423 5463 3598 5517 voces
3627 5445 3842 5503 distin-

2234 5523 2459 5579 ximus.
2497 5525 2711 5578 Parum
2734 5530 2935 5578 autem
2962 5521 3159 5590 refert,
3184 5515 3382 5576 utrum
3406 5536 3523 5574 vox
3547 5515 3842 5591 διακόσμη-

2241 5614 2324 5656 σις
2344 5594 2460 5649 hoc
2479 5592 2614 5667 loco
2636 5593 2918 5667 privatim
2940 5597 3216 5667 sumatur
3236 5606 3346 5667 pro
3363 5596 3581 5647 ornatu
3602 5589 3842 5659 cceli,an

2240 5666 2574 5738 generatim
2607 5661 2717 5741 pro
2749 5669 2965 5733 ornatu
2998 5664 3180 5727 totius
3211 5661 3372 5733 orbis
3397 5669 3714 5732 terrarum,
