4124 6400
321 374 426 432 317

1106 367 1403 429 HOMILIA
1448 366 1670 425 DICTA
1717 356 2051 421 TEMPORE
2094 363 2302 425 FAMIS
2359 371 2443 427 ET
2493 371 2897 431 SICCITATIS.

3592 374 3697 439 318

320 503 413 552 καὶ
439 506 636 574 καιρῶν
669 499 827 570 σοφὸς
865 496 1153 569 οἰκονόμος,
1194 493 1516 568 κυϐερνήτης
1552 500 1652 545 τῶν
1696 491 1921 567 πάντῆων,

2045 501 2152 546 nus
2180 492 2314 550 coeli
2342 494 2647 571 totiusque
2671 512 2881 555 eorum
2907 502 3181 568 ornatus,
3200 517 3338 560 cum
3369 504 3444 561 sit
3464 504 3696 581 tempe-

322 588 495 662 ὥσπερ
527 590 643 640 τινά
674 590 836 661 χορὸν
868 588 1112 640 εὔτακτον
1158 586 1253 647 τὰς
1291 586 1430 658 ὧρας
1476 588 1566 635 καί
1596 584 1688 644 τὰς
1727 581 1927 655 τροπὰς

322 676 567 740 ἀλλήλαις
624 677 921 751 ύποχωρεὶν
969 677 1172 751 ὁρίσας,
1207 675 1291 727 ἵνα
1333 680 1397 747 τῇ
1450 672 1646 727 ἑαυτῶν
1689 669 1927 725 ποικιλία

320 771 438 829 ταῖς
492 761 769 838 διαφόροις
819 765 965 837 ἡμῶν
1012 761 1342 838 ἕπαρκίσωσι
1397 765 1608 835 χρείαις
1654 759 1786 831 (19)·
1835 762 1926 811 καὶ

320 861 408 907 νῦν
447 856 538 928 μεν
577 854 714 906 κατά
754 855 935 928 καιρὸν
974 854 1032 905 τὸ
1076 853 1235 926 ὑγρὸν
1280 856 1651 925 προσγένηται,
1686 846 1838 912 αὖθις
1869 844 1929 903 δί

321 942 455 1002 λάϐῃ
506 947 565 996 τὸ
613 944 819 1017 θερμὸν,
870 946 961 995 καί
1006 945 1065 995 τὸ
1117 941 1330 1015 ψυχρὸν
1377 940 1603 1016 ἐγκραθῇ
1649 948 1722 1011 τῷ
1762 937 1927 993 inau-

324 1041 418 1105 τῷ,
476 1038 567 1086 καὶ
612 1040 705 1086 τοῦ
772 1032 933 1108 ξηροῦ
989 1036 1084 1092 τὴν
1140 1035 1327 1107 χρείαν
1383 1035 1455 1105 μὴ
1517 1030 1916 1105 ἀμοιρήσωμεν,

326 1122 530 1176 Οὐκοῦν
583 1119 808 1185 δυνατὸς
853 1124 880 1175 6
928 1125 1076 1184 Θεὸς·
1118 1128 1212 1174 τοῦ
1261 1117 1488 1174 δυνατοῦ
1537 1117 1597 1174 δὲ
1642 1123 1927 1194 προσόντος

327 1217 416 1266 καὶ
471 1212 903 1286 ὁμολογουμένου,
963 1216 1034 1285 μὴ
1097 1206 1200 1285 ἆρα
1255 1214 1314 1264 τὸ
1382 1209 1576 1284 ἀγαθὸν
1638 1206 1926 1280 haedis»;

327 1298 471 1355 Ούδὶ
516 1302 666 1365 οὗτος
720 1302 834 1374 (92)
881 1299 1106 1375 ἐφεστὼς
1151 1303 1178 1354 6
1228 1300 1397 1373 λόγος.
1428 1305 1519 1363 Τίς
1570 1304 1669 1374 γὰρ
1729 1297 1926 1371 ἀνάγκη

325 1394 413 1444 τὸν
466 1395 539 1464 μὴ
590 1390 785 1464 ἀγαθὸν
833 1393 1032 1445 ἔπιισεν
1071 1390 1119 1444 ἐν
1177 1390 1323 1467 ἀρχῇ
1384 1388 1786 1464 δημιουργῆσαι
1840 1391 1928 1441 τὸν

325 1481 635 1555 ἀνθρωποη
675 1486 766 1544 Tt;
797 1478 857 1535 δι
906 1481 933 1534 6
975 1481 1282 1544 κατεπείξας
1311 1484 1399 1534 τὸν
1450 1485 1674 1535 Κτίστον
1720 1483 1811 1531 καὶ
1854 1481 1925 1552 μή

330 1569 648 1645 βουλᾶμενδν
695 1579 831 1644 χοῦν
873 1570 1066 1639 λαϐεῖν,
1099 1575 1189 1624 καὶ
1236 1578 1468 1625 τοιοῦτον
1512 1569 1567 1622 ἐκ
1595 1565 1762 1629 πηλοῦ
1799 1567 1929 1621 κάλ-

326 1660 413 1723 λος
469 1657 804 1722 εἰδποιῆσαι
838 1661 993 1734 (93);
1051 1667 1143 1725 Τίς
1202 1664 1228 1715 6
1282 1664 1411 1736 πρὸς
1465 1661 1692 1732 ἀνάγκην
1744 1663 1932 1720 πείσας

327 1751 441 1804 κατ’
469 1750 640 1805 εἰκόνα
671 1748 812 1805 ἰδίαν
850 1753 938 1805 τὸν
976 1751 1125 1825 λόγον
1154 1753 1227 1824 τῷ
1276 1751 1527 1825 ἀνθρώπῳ
1570 1751 1927 1824 χαρίσασθαι,

2036 583 2257 639 statum
2284 588 2341 641 et
2373 588 2710 658 temporum
2741 588 3089 647 moderator
3131 592 3400 665 sapiens,
3429 610 3697 670 cumque

2036 671 2333 741 gubernet
2352 675 2578 732 omnia.
2597 678 2833 751 Quippe
2855 681 3241 753 tempestates
3264 698 3337 738 ac
3356 683 3611 741 solstitia
3635 685 3696 742 in

2035 760 2290 849 modum
2312 764 2479 821 chori
2508 766 2831 839 cujusdam
2853 768 3283 827 ordinatissimi
3300 772 3412 829 sibi
3434 772 3697 831 invicem

2036 853 2360 910 succedere
2390 855 2613 923 statuit,
2646 862 2713 912 ut
2743 870 2855 914 sua
2882 856 3156 930 ipsorum
3184 860 3473 919 varietate
3514 862 3699 919 variis

2037 943 2259 999 nostris
2283 945 2741 1002 necessitatibus
2754 946 3141 1020 opitulentur.
3163 950 3317 1022 Jamj
3327 967 3425 1007 am
3448 951 3701 1010 accedat

2037 1033 2390 1106 tempestive
2419 1034 2661 1103 humor,
2707 1051 3040 1111 rursusque
3088 1024 3254 1097 calor
3303 1039 3608 1110 succedat,
3642 1046 3702 1100 et

2039 1137 2238 1179 annus
2259 1123 2336 1180 sit
2356 1123 2577 1193 frigore
2594 1125 2920 1193 immistus,
2942 1130 3122 1201 atque
3140 1128 3400 1187 siccitate
3426 1145 3701 1187 necessa-

2036 1212 2130 1268 ria
2158 1228 2280 1269 non
2313 1228 2652 1272 careamus.
2677 1217 2888 1272 Potens
2910 1216 3091 1287 igitur
3107 1219 3261 1275 Deus
3282 1223 3402 1277 est:
3428 1220 3536 1277 sed
3558 1235 3700 1277 cum

2040 1303 2380 1375 suppetatei
2403 1308 2690 1376 potestas,
2707 1305 2903 1378 sitque
2916 1321 3011 1362 res
3032 1307 3332 1372 confessa,
3352 1325 3499 1366 num
3523 1310 3575 1366 ei
3596 1310 3702 1367 bo-

2040 1391 2197 1449 nitas
2211 1392 2414 1449 deest?
2428 1395 2628 1467 Neque
2650 1394 2763 1451 hoc
2780 1399 2936 1453 stare
2957 1400 3174 1471 potest.
3193 1399 3343 1455 Nam
3363 1398 3478 1456 nisi
3499 1398 3699 1456 benus

2040 1484 2215 1551 esset,
2249 1494 2373 1556 qua
2402 1483 2759 1541 necessitate
2787 1483 3090 1543 adductus
3138 1486 3306 1544 initio
3333 1488 3704 1546 condidisset

2039 1572 2392 1629 hominem?
2414 1573 2559 1640 Quis
2582 1578 2783 1634 autem
2810 1575 3196 1634 Conditorem
3217 1576 3311 1634 vel
3332 1574 3584 1635 invitum
3606 1590 3702 1635 co-

2042 1661 2525 1734 egissethumum
2549 1678 2807 1733 sumere,
2823 1669 2881 1722 et
2902 1665 3383 1737 pulchitudinem
3400 1666 3705 1740 ejusmodi

2043 1751 2168 1808 suis
2192 1752 2477 1809 manibus
2499 1768 2571 1810 ex
2596 1753 2723 1810 luto
2764 1755 3181 1815 conformare?
3196 1757 3338 1823 Quis
3358 1756 3702 1815 necessario

326 1840 389 1895 ἶν’
453 1841 641 1896 ἐκεὶθεν
694 1844 942 1917 ὁρμηθεὶς
995 1850 1193 1916 τεχνῶν
1241 1844 1473 1917 μάθησιν
1539 1838 1777 1907 δέξηται,
1844 1844 1932 1893 καὶ

2045 1842 2365 1916 persuasit,
2386 1846 2453 1899 ut
2478 1844 2816 1901 secundum
2839 1860 3017 1902 suam
3048 1845 3239 1920 ipsius
3259 1845 3587 1919 imaginem
3611 1858 3704 1903 ra-

325 1933 467 2005 πάθῃ
515 1936 634 2006 περὶ
690 1940 790 1985 τῶν
821 1931 1066 1985 ἀνωτάτω
1105 1933 1222 2004 (94)
1254 1932 1569 2005 φιλοσοφεῖν,
1619 1938 1688 1984 ὧν
1746 1929 1933 1988 αἰσθη-

323 2029 428 2082 τῶς
475 2021 580 2094 ούχ
609 2021 866 2089 nimum;
911 2021 1041 2091 Κᾶν,
1082 2021 1216 2075 οὕτω
1262 2021 1612 2095 λογιζόμενος,
1656 2018 1807 2095 εὕρῃς
1836 2022 1931 2078 τὴν

326 2109 627 2183 ἁγαθότητα
647 2119 720 2183 τῷ
763 2119 877 2184 Θεῷ
927 2118 1205 2179 συνοῦσαν,
1237 2116 1327 2164 καί
1383 2114 1547 2185 μέχρι
1588 2114 1676 2163 καὶ
1715 2116 1803 2161 νῦν
1856 2112 1928 2184 μὴ

327 2200 838 2276 ἄπολιμπανομένην.
901 2200 1040 2256 Ἐπεὶ
1103 2206 1156 2255 τί
1216 2199 1449 2269 ἐκώλυεν,
1512 2201 1621 2255 εἰπέ
1688 2218 1798 2274 μοι,
1858 2203 1929 2274 μὴ

327 2290 538 2364 αὐχμὸν
583 2290 713 2345 εἶναι
763 2294 820 2345 τὸ
864 2292 1136 2367 ὁρώμενον,
1180 2290 1307 2345 ἀλλά
1353 2291 1546 2346 τελείαν
1592 2289 1929 2365 ἕκπύρωσιν;

325 2386 418 2433 καὶ
461 2384 650 2455 μικρὸν
689 2380 1057 2445 ύπαλλάξαντα
1086 2385 1175 2435 τὸν
1222 2381 1366 2441 ἣλιον
1411 2389 1508 2445 τῆς
1554 2382 1814 2443 συνήθους
1841 2399 1933 2433 πο-

327 2474 490 2545 ρείας,
541 2470 915 2529 πλησιάσαντα
962 2468 1021 2525 δί
1072 2478 1182 2534 τοῖς
1228 2476 1511 2547 περιγείοις
1571 2477 1827 2545 σώμασιν,
1884 2468 1932 2522 ἄν

330 2559 516 2636 ἀκαρεῖ
561 2560 875 2633 κπαφλέναι
922 2566 1024 2614 πᾶν
1076 2564 1136 2613 τὸ
1183 2563 1476 2637 ὁρώμενον;
1509 2563 1540 2620 ἧ
1598 2559 1782 2635 βρέξαι
1827 2564 1932 2633 πῦρ

329 2650 385 2704 is
415 2647 507 2704 τοῦ
533 2650 774 2726 ούρανοῦ,
808 2650 924 2705 καθ’
953 2652 1202 2725 ὁμοίωσιν
1244 2658 1345 2704 τῶν
1396 2648 1505 2711 ἤδη
1535 2650 1794 2704 κολάσεων
1832 2656 1932 2702 τῶν

331 2740 648 2815 ἁμαρτωλῶν
666 2754 689 2813 ;
744 2740 859 2795 Ἐπὶ
929 2747 1127 2795 σαυτοῦ
1189 2746 1279 2794 καὶ
1339 2748 1440 2795 τῶν
1506 2748 1609 2794 σῶν
1668 2739 1930 2813 λογισμῶν

328 2838 497 2905 γενοῦ,
530 2832 786 2906 ἄνθρωπε·
841 2834 914 2905 μὴ
963 2836 1101 2884 ποίει
1155 2833 1223 2884 τὰ
1273 2838 1373 2883 τῶν
1426 2829 1655 2890 ἀνοήτων
1700 2826 1928 2896 παίδων,

332 2924 417 2993 οἶ,
471 2923 615 2997 παρὰ
676 2917 1008 2974 διδασκάλου
1075 2920 1461 2996 ἐπιτιμηθέντες
1486 2963 1500 2989 ,
1569 2923 1665 2984 τὰς
1720 2917 1933 2983 δέλτους

334 3007 522 3065 ὶκείνου
582 3011 1080 3087 καταρρηγνύουσιο
1148 3015 1347 3089 πατρὸς
1405 3008 1502 3079 δε,
1564 3007 1635 3064 δι’
1690 3009 1930 3085 ὠφέλειαν

333 3105 426 3160 τὴν
473 3106 664 3178 τροφὴν
724 3104 1089 3177 ὑπερθεμένου.
1146 3108 1241 3163 τὴν
1298 3101 1495 3163 ἐσθῆτα
1545 3101 1929 3177 κατασπαράτ-

2042 1932 2269 1990 tionem
2288 1932 2524 1990 homini
2547 1934 2901 2007 impertiret,
2925 1938 3010 1997 ut,
3028 1935 3210 1992 ducto
3230 1934 3372 1993 inde
3391 1936 3580 2007 initio,
3600 1935 3706 1992 do-

2046 2027 2280 2079 ceretur
2310 2027 2486 2090 artes,
2520 2026 2578 2080 et
2597 2023 2673 2079 de
2702 2024 2885 2081 rebus
2913 2024 3223 2081 altissimis
3254 2041 3393 2099 quae
3420 2024 3536 2081 sub
3571 2040 3681 2081 sen

2045 2129 2182 2168 sum
2212 2127 2336 2169 non
2367 2112 2611 2182 cadunt,
2636 2112 3060 2186 philosophari
3096 2113 3391 2173 disceret?
3423 2116 3509 2173 ita
3534 2115 3584 2171 si
3613 2130 3711 2171 co-

2046 2199 2345 2273 gitaveris,
2372 2202 2709 2274 comperies
2734 2202 3066 2259 bonitatem
3096 2203 3294 2260 inesse
3314 2202 3377 2260 in
3398 2206 3612 2274 Deo,et
3632 2219 3709 2261 ne

2044 2307 2209 2348 nunc
2220 2290 2470 2366 quidem
2484 2291 2534 2349 ei
2551 2291 3077 2367 deesse.Alioquin
3089 2293 3238 2367 quid
3252 2296 3708 2367 πίμπρασθαι)

2045 2385 2103 2437 et
2128 2380 2459 2438 siccitatem
2504 2396 2629 2437 non
2669 2396 2803 2437 esse
2832 2380 2895 2439 id
2916 2382 3084 2454 quod
3111 2382 3413 2452 videmus,
3440 2382 3547 2439 sed
3576 2396 3709 2455 per-

2045 2470 2266 2526 fectum
2290 2469 2638 2526 incendium
2661 2470 3071 2541 etintegrum?
3100 2475 3159 2528 et
3176 2469 3366 2527 solem
3386 2470 3705 2543 paululum

2044 2574 2081 2616 a
2101 2572 2285 2615 cursu
2314 2562 2604 2615 consueto
2635 2558 3069 2624 deflectentem,
3112 2565 3294 2634 atque
3337 2560 3417 2617 ad
3448 2574 3707 2634 corpora

2044 2650 2214 2706 terrm
2258 2647 2601 2719 adjacentia
2640 2649 2895 2722 propius
2926 2648 3341 2717 accedentem,
3372 2665 3468 2707 res
3488 2664 3704 2707 omnes

2042 2736 2311 2819 visibiles
2331 2738 2392 2793 in
2412 2738 2699 2811 temporis
2717 2743 3032 2796 momento
3055 2739 3344 2796 exurere?
3366 2743 3472 2795 aut
3501 2738 3706 2811 ignem

2036 2827 2119 2884 de
2140 2827 2291 2884 coelo
2329 2828 2558 2901 pluere,
2599 2843 2671 2885 eo
2702 2827 2911 2897 modo,
2934 2843 3055 2902 quo
3072 2829 3203 2901 jam
3225 2832 3370 2886 sunt
3388 2831 3567 2886 antea
3594 2843 3703 2903 pu-

2041 2916 2152 2974 niti
2170 2917 2558 2993 peccatores?
2580 2917 2811 2974 Redeas
2833 2917 2911 2974 ad
2938 2918 3229 2989 te,homo,
3254 2920 3310 2975 et
3333 2918 3551 2975 mentis
3568 2922 3697 2975 esto

2045 3022 2337 3080 compos;
2371 3022 2517 3065 cave
2547 3006 2735 3064 facias
2768 3023 2907 3080 quae
2936 3007 3291 3082 insipientes
3324 3009 3496 3081 pueri
3527 3007 3697 3065 facti-'-

2036 3096 2189 3168 tant,
2229 3096 2356 3171 qui,
2403 3112 2438 3154 a
2482 3098 2855 3170 praeceptore
2907 3096 3232 3169 objurgati,
3267 3096 3506 3154 tabulas
3549 3096 3709 3153 illius

330 3210 531 3259 τουσιν,
584 3191 616 3252 ἢ
670 3195 729 3245 τό
767 3199 863 3256 τῆς
911 3196 1112 3268 μητρὸς
1164 3196 1443 3268 πρόσωπον
1491 3199 1602 3256 τοῖς
1652 3191 1793 3255 ὄνυξι
1839 3210 1931 3245 κα-

2045 3185 2448 3258 confringunt,
2479 3202 2548 3243 ac
2567 3189 2790 3243 vestem
2834 3186 3121 3243 scindunt
3148 3186 3353 3260 patris,
3379 3185 3584 3243 cibum
3628 3185 3707 3243 ad

328 3281 658 3346 ταξαίνουσι.
720 3281 1021 3356 Κυϐερνήτῃ
1071 3286 1162 3356 μὲν
1221 3284 1323 3357 γὰρ
1373 3285 1399 3336 ὁ
1449 3287 1671 3363 χειμὼν,
1717 3285 1931 3335 καὶτὸν

332 3369 561 3430 ἀθλητὴν
608 3374 667 3424 τὸ
722 3367 962 3437 στάδιον,
1022 3374 1109 3424 τὸν
1168 3375 1462 3446 στρατηγὸν
1526 3374 1558 3431 ἠ
1617 3371 1930 3447 παράταξις,

329 3464 417 3515 τὸν
448 3458 820 3534 μεγαλόψυχον
856 3461 889 3517 ἠ
934 3463 1198 3535 συμφορὰ,
1230 3464 1346 3513 τοὸν
1377 3463 1692 3536 Χριστιανὸν
1724 3456 1784 3513 δὲ
1814 3478 1933 3514 πει-

328 3553 537 3626 ρασμὸς
590 3547 868 3623 δοκιμάζει
905 3553 994 3602 καὶ
1044 3548 1342 3623 βασανιζει.
1391 3555 1493 3604 Καὶ
1549 3553 1604 3602 αἱ
1641 3549 1802 3603 λύπαι
1839 3554 1933 3609 τὴν

328 3638 537 3713 ψυχὴν,
580 3641 648 3703 ὡς
690 3642 749 3691 τὸ
792 3645 896 3713 πῦρ
951 3641 1039 3691 τὸν
1084 3642 1310 3713 χρυσὸν,
1355 3638 1728 3712 ἁπελέγχουσι.
1772 3643 1936 3702 Πένης

332 3729 413 3797 si;
453 3733 540 3790 Μὴ
575 3728 881 3803 ἀθυμὴσῃς.
926 3735 990 3782 Ἠ
1019 3731 1122 3804 γὰρ
1154 3729 1225 3791 εἰς
1254 3731 1387 3803 οῖγαν
1435 3735 1692 3802 κατήφεια
1735 3734 1935 3802 γίνεται

329 3826 427 3879 τῆς
458 3817 719 3893 ἁμαρτίας
758 3821 924 3872 αἷτίαο
956 3826 1053 3880 τῆς
1099 3821 1191 3892 μὲν
1238 3818 1406 3892 λύμης
1438 3818 1808 3892 βαπτιζούσης
1847 3821 1934 3870 τὸν

326 3915 466 3976 νοῦν,
539 3913 626 3961 καὶ
688 3907 993 3983 ἀμηχανίας
1058 3908 1378 3983 ἐμποιούσης
1427 3908 1647 3984 ἴλιγγον,
1715 3900 1936 3992 τῆκδέ

330 3997 552 4073 ἀπορίας
576 4006 676 4052 τῶν
722 3997 987 4072 λογισμῶν
1025 4003 1120 4058 τὴν
1170 3997 1493 4074 ἀχαριστίαν
1546 3997 1932 4071 ἆπογεννώσης·

331 4089 469 4143 Ἀλλ’
521 4090 615 4163 ἵχε
661 4091 755 4150 τὴν
810 4086 999 4143 ἓλπίδα
1054 4092 1186 4165 πρὸς
1223 4093 1310 4143 τὸν
1358 4093 1506 4144 Θεὸν.
1554 4094 1641 4150 Μὴ
1690 4091 1791 4165 γὰρ
1843 4088 1937 4143 ούκ

332 4176 590 4233 imam
619 4181 714 4239 τὴν
765 4184 1049 4248 στένωσινς
1084 4178 1237 4252 Ἔχει
1265 4183 1367 4232 τὼν
1419 4184 1612 4255 τροφὴν
1665 4177 1713 4232 ἓν
1751 4182 1934 4255 χερσὶ,

333 4273 425 4322 καὶ
453 4268 694 4344 παρέλκει
722 4271 816 4329 τὴν
858 4265 1031 4337 δόσιν,
1067 4269 1149 4321 ἵνα
1189 4288 1283 4322 σου
1314 4264 1583 4344 δοκιμάσῃ
1616 4271 1675 4322 τὸ
1703 4266 1934 4343 βέϐαιον,

337 4359 419 4412 ίνα
465 4359 743 4432 καταμάθῃ
793 4360 888 4416 τὴν
935 4363 1166 4431 γνώμην,
1216 4357 1263 4411 εἰ
1308 4362 1380 4431 μὴ
1430 4356 1639 4429 (93-96)
1678 4366 1777 4411 τῶν
1809 4356 1937 4411 ἁκο-

335 4447 540 4503 λάστων
585 4451 677 4501 καὶ
732 4445 1036 4519 ἀγνωμόνων
1085 4444 1228 4499 ἐστὶν
1255 4447 1429 4520 ὁμοία·
1460 4452 1563 4500 Καί
1598 4464 1701 4522 γαρ
1732 4445 1936 4515 ἐκεῖνοι,

337 4541 501 4614 μέχρι
548 4539 639 4612 μὲν
690 4534 738 4589 ἓν
777 4544 849 4608 τῷ
896 4539 1119 4608 στόματι
1156 4535 1221 4587 τὰ
1272 4540 1418 4589 σιτία
1462 4538 1735 4607 τυγχάνει,
1787 4536 1940 4610 ιύφη-

2041 3293 2251 3335 eorum
2274 3276 2587 3334 utilitatem
2603 3274 2955 3343 differentis,
2988 3280 3093 3334 aut
3119 3276 3328 3333 matris
3357 3274 3573 3334 faciem
3600 3290 3709 3333 un-

2043 3367 2267 3439 guibus
2289 3366 2766 3424 dilaniant.Nam
2788 3366 3143 3424 nauclerum
3165 3364 3708 3437 tempestas,athle-

2043 3460 2167 3514 tam
2217 3456 2502 3525 stadium,
2543 3457 2975 3530 imperatorem
3017 3456 3708 3529 acies,.magnanimuir.

2043 3547 2164 3620 68
2183 3546 2381 3605 virum
2408 3546 2746 3614 calamitas,
2782 3546 3189 3605 Christianum
3217 3547 3462 3605 tentatio
3490 3545 3712 3621 probat

2042 3641 2100 3693 et
2127 3637 2455 3694 examinat.
2479 3640 2670 3709 Atque
2694 3639 2757 3692 ut
2774 3635 2931 3707 ignis
2954 3652 3193 3700 aurum,
3213 3635 3297 3693 ita
3315 3651 3411 3693 res
3436 3636 3708 3694 adversas

2043 3726 2312 3783 animam
2349 3725 2631 3798 probant.
2659 3727 2888 3798 Pauper
2921 3726 3025 3783 es?
3055 3728 3209 3782 Cave
3249 3725 3527 3782 animum
3557 3714 3709 3797 abji~

2044 3816 2191 3872 cias.
2238 3819 2387 3872 Nam
2416 3814 2602 3872 nimia
2632 3813 2871 3872 tristitia
2917 3831 3105 3871 causa
3151 3813 3216 3871 ﬁt
3254 3815 3508 3888 peccati,
3539 3814 3711 3888 quod

2043 3903 2360 3976 demergat
2379 3909 2644 3961 mentem
2676 3920 2920 3975 mceror,
2940 3904 3319 3978 inducatque
3348 3903 3707 3975 vertiginem

2045 3994 2409 4069 desperatio,
2433 3998 2489 4051 et
2510 3994 2721 4051 vitium
2760 3994 2979 4065 ingrati
3022 3993 3209 4051 animi
3246 3994 3445 4068 pariat
3477 3992 3712 4050 consilii

2045 4083 2274 4158 inopia.
2300 4080 2415 4141 Sed
2446 4099 2618 4156 spem
2649 4083 2872 4140 habeto
2902 4084 2964 4140 in
2995 4085 3203 4140 Deum.
3228 4081 3515 4157 Nunquid
3546 4083 3710 4139 enim

2047 4189 2172 4232 non
2202 4173 2364 4231 videt
2394 4173 2784 4245 angustiam?
2825 4172 3012 4230 Habet
3038 4172 3242 4230 cibum
3274 4172 3337 4230 in
3369 4172 3659 4230 manibus
3695 4189 3709 4229 :

2049 4265 2155 4322 sed
2167 4264 2364 4321 differt
2379 4263 2757 4333 largitionem
2770 4268 2854 4329 ,ut
2868 4262 3081 4336 probet
3095 4264 3265 4319 tuam
3285 4263 3710 4325 constantiam,

2049 4358 2115 4412 ut
2132 4354 2406 4412 animum
2428 4357 2745 4423 agnoscat,
2782 4353 2935 4409 sitne
2962 4352 3513 4426 intemperantibus
3542 4356 3599 4409 et
3626 4351 3713 4408 in-

2049 4446 2233 4517 gratis
2269 4444 2624 4503 consimilis.
2658 4443 2727 4500 Hi
2756 4443 2937 4516 enim,
2962 4443 3111 4500 dum
3141 4443 3203 4499 in
3235 4456 3340 4499 ore
3388 4447 3531 4501 sunt
3567 4440 3711 4511 cibi,

2048 4533 2795 4601 benedicunt,adulantur,
2818 4548 3005 4607 supra
3026 4533 3279 4589 modum
3303 4533 3710 4590 admirantur:

337 4635 518 4703 μοῦσι,
568 4626 979 4693 κολακεύουσιν,
1033 4624 1568 4700 ύπερθαυμάξουσιν·
1646 4624 1813 4698 ὀλίγον
1881 4621 1932 4680 δὲ

2048 4625 2365 4700 paululum
2390 4639 2529 4682 vero
2546 4623 2731 4681 dilata
2760 4638 2992 4691 mensa,
3022 4618 3422 4697 biasphemiis
3443 4621 3607 4679 velut
3624 4621 3713 4679 la-

337 4727 433 4783 τῆς
483 4717 749 4793 τραπέζης
786 4717 1175 4792 ὐπιρτεθείσης,
1218 4718 1392 4792 ὥσπερ
1441 4719 1555 4769 τισὶ
1601 4712 1768 4777 λίθοις
1823 4721 1941 4780 ταῖς

342 4807 707 4884 βλασφημίαις
738 4805 1023 4880 βάλλουσιν
1048 4805 1137 4869 οὓς
1166 4808 1267 4882 πρὸ
1291 4804 1541 4881 βραχέως
1567 4807 1663 4859 ἶσα
1701 4812 1815 4877 Θεῷ
1846 4800 1941 4859 διὰ

339 4901 434 4957 τὴν
474 4894 669 4957 ἡδονὴν
716 4899 1085 4973 προσεκύνουν.
1121 4894 1336 4950 Ἐπελθε
1364 4899 1458 4955 τὴν
1489 4895 1720 4949 Παλαιαν
1751 4896 1941 4955 Διαθὴ-

342 5005 459 5052 κην,
486 4990 578 5045 τὴν
618 4989 771 5056 Νέαν,
802 4990 893 5039 καὶ
938 4985 1159 5048 πολλοὺς
1198 4985 1439 5063 εύρὴσεις
1482 4983 1529 5039 ἐν
1574 4984 1768 5059 ἑκάστη
1817 4986 1941 5048 τοὺς

347 5070 610 5149 διαφόρως
657 5080 958 5149 τραφέντας.
990 5075 1167 5129 Ἠλιαν
1215 5072 1355 5148 εἶχεν
1399 5075 1425 5129 6
1476 5074 1777 5151 Κάρμηλος,
1821 5078 1941 5150 ὄρος

345 5161 541 5235 ὑψηλὸν
580 5167 670 5216 καὶ
722 5162 953 5235 ἁίκητον,
996 5168 1186 5242 ἔρημος
1217 5167 1426 5241 ἔρημονο
1460 5163 1615 5237 ψυχὴ
1664 5161 1723 5219 δὲ
1764 5162 1826 5225 ἧν
1868 5173 1939 5238 τῷ

413 5289 524 5361 (91)
548 5291 626 5346 Ea
656 5290 741 5347 sic
771 5292 1090 5349 vertenda:
1123 5293 1198 5349 Ut
1216 5307 1328 5348 sua
1356 5292 1623 5361 ipsorum
1645 5292 1942 5350 varietate

340 5360 523 5433 variis
552 5364 773 5420 nostris
795 5364 1244 5421 necessitatibus
1263 5360 1659 5433 opitulentur,
1683 5379 1755 5420 ac
1775 5379 1940 5422 nunc

338 5432 575 5504 quidem
625 5437 966 5505 tempestive
1011 5435 1259 5493 accedat
1298 5432 1533 5505 humor,
1566 5451 1781 5491 rursus
1823 5451 1937 5493 au-

339 5510 453 5560 tem
485 5506 654 5561 calor
680 5508 982 5565 succedat.
1020 5512 1139 5564 ctc.
1179 5509 1408 5564 MARAN.

403 5576 514 5652 (92)
575 5580 811 5652 Veteres
860 5578 1086 5652 aliquot
1132 5577 1287 5652 libri
1317 5575 1442 5652 οὐδξ
1471 5578 1653 5641 οὕτωςο
1703 5576 1937 5637 Ibidem

338 5646 509 5729 Colb.
543 5649 756 5729 tertius
796 5654 853 5707 et
893 5646 1146 5726 utraque
1194 5646 1378 5711 editio
1423 5648 1616 5729 ἐφη-ὸς.
1662 5652 1733 5715 At
1783 5667 1931 5714 mss.

339 5717 513 5785 multi
536 5718 783 5812 ἐφεστώς.

2047 4715 2291 4790 pidibus
2319 4714 2620 4789 impetunt
2642 4728 2745 4771 eos
2763 4726 2919 4787 quos
2946 4711 3258 4786 aliquanto
3280 4714 3418 4769 ante
3445 4724 3617 4784 teque
3642 4724 3713 4768 ac

2049 4797 2238 4863 Deum
2267 4807 2514 4878 propter
2541 4802 2916 4877 voluptatem
2945 4800 3248 4859 colebant.
3281 4803 3565 4858 Percurre
3597 4800 3712 4857 V’e-

2047 4899 2144 4954 tus
2172 4910 2243 4953 ac
2264 4897 2500 4952 Novum
2523 4890 3005 4958 Testamentum,
3031 4895 3089 4949 et
3108 4891 3332 4948 multos
3360 4891 3422 4947 in
3452 4893 3712 4964 utroque

2046 4983 2309 5059 reperies
2336 4981 2535 5041 modis
2558 4982 2742 5039 variis
2775 4981 3257 5039 nutritos.Eliam
3278 4978 3547 5038 habebat
3575 4982 3714 5037 Car-

2049 5072 2265 5143 melus,
2286 5072 2565 5131 excelsus
2579 5088 2758 5129 mons
2778 5074 2837 5130 et
2857 5068 3295 5141 inhabitabilis,
3329 5066 3593 5127 solitudo
3620 5084 3717 5127 so-

2046 5163 2312 5222 litarium
2331 5182 2344 5221 :
2365 5176 2577 5221 verum
2604 5162 2811 5219 anima
2839 5161 3153 5234 eratjusto
3184 5159 3380 5218 instar
3407 5159 3705 5232 omnium,

2122 5291 2259 5373 (93)Δ
2277 5290 2467 5373 Egilio
2497 5293 2753 5373 utraque
2775 5290 2832 5371 et
2845 5286 3201 5373 pss._multi
3228 5286 3411 5373 κάλλρς
3440 5280 3712 5373 ἰδιοποιῆτ

2049 5356 2161 5420 σαι.
2196 5356 2267 5421 At
2312 5362 2484 5419 Coib.
2533 5356 2740 5418 tertius
2786 5356 3119 5420 εἰδοποιῆσαι
3157 5377 3171 5415 :
3203 5359 3371 5433 quod
3419 5358 3617 5415 verius
3655 5361 3714 5414 et

2048 5434 2264 5493 melius
2292 5433 2726 5504 judicavimus.

2119 5510 2179 5579 (9
2192 5513 2238 5579 in)
2281 5499 2421 5579 Reg.
2454 5505 2808 5579 primusra‘w
2831 5501 3377 5579 évmra'rvalﬁdGlP
3407 5499 3573 5579 Colb.
3600 5505 3711 5557 ter-

2046 5573 2169 5637 tius
2201 5577 2268 5633 ὧν
2290 5573 2635 5640 εύάισθὴτως.
2666 5578 2791 5633 Mox
2826 5591 2974 5632 mss.
3006 5577 3268 5648 quatuor
3298 5574 3421 5649 ιῦρη
3450 5573 3711 5648 Utraque

2046 5651 2227 5709 editio
2251 5652 2373 5725 εύρη
2382 5671 2423 5713 ς.

2093 5726 2178 5799 (95
2218 5709 2316 5805 96f
2348 5709 2595 5801 Antiqui
2626 5722 2742 5779 tres
2772 5716 2911 5778 libri
2940 5719 2983 5781 εἰ
3008 5721 3080 5803 μὴ
3103 5736 3221 5787 της.
