4124 6416
413 365 517 424 319

1780 351 1840 410 S.
1897 349 2154 408 BASILll
2199 350 2420 410 MAGNI

3681 361 3786 420 320

411 487 677 560 vitasque
709 484 838 540 erat
867 478 1158 538 viaticum
1189 494 1348 554 spes,
1371 494 1560 554 quam
1597 477 1660 535 in
1685 479 1808 535 Deo
1827 489 2081 550 repone-

2201 471 2387 549 δικαίῳ
2425 478 2492 531 τὰ
2517 479 2706 548 πάντα,
2735 481 2825 533 καὶ
2862 489 2958 542 τῆς
3002 480 3144 544 ζωῆς
3188 477 3394 556 εφοδιον
3437 485 3466 544 ἡ
3499 486 3632 560 πρὸς
3660 489 3790 540 Θεὸν

413 577 543 634 bat.
567 574 689 632 Etsi
713 577 911 628 autem
945 571 1027 627 sic
1048 570 1290 642 viveret,
1322 570 1481 627 fame
1513 574 1712 627 tamen
1743 567 1934 624 vitam
1953 581 2082 623 non

415 665 613 724 ﬁnivit
654 681 668 720 :
713 662 823 719 sed
863 661 1066 718 avium
1097 660 1510 734 rapacissimae.
1554 663 1613 716 et
1652 655 2077 724 voracissima,

419 756 516 814 ba:
547 755 698 828 ipsae
747 749 1085 808 efferebant
1121 749 1328 806 cibum
1371 767 1384 802 :
1416 752 1474 806 et
1497 749 1662 821 justo
1689 750 1862 804 erant
1889 745 2082 801 victus

417 844 710 904 ministras
757 839 1011 910 eaedem,
1054 855 1192 913 quas
1240 837 1436 894 solent
1475 837 1707 896 alienos
1740 835 1910 892 cibos
1939 832 2081 890 diri-

417 949 584 1008 pere,
615 949 708 1000 ac,
741 933 1150 987 transmutata
1176 943 1287 1002 per
1317 926 1551 984 Domini
1581 928 1953 999 praeceptum
1976 938 2082 980 na-

416 1025 572 1082 tura,
594 1017 772 1092 panis
794 1033 866 1074 ac
887 1015 1164 1073 carnium
1192 1015 1331 1072 ﬁdas
1363 1015 1647 1072 custodes
1671 1013 1897 1070 etfectte
1919 1015 2079 1067 sunt.

417 1110 558 1165 Haec
579 1111 783 1165 autem
805 1122 841 1162 a
861 1104 1058 1162 corvis
1080 1105 1208 1161 viro
1235 1104 1421 1161 allata
1442 1103 1652 1173 fuisse,
1673 1117 1746 1159 ex
1769 1116 1946 1158 sacra
1964 1099 2086 1156 his-

417 1199 566 1259 toria
597 1197 924 1254 didicimus
943 1197 1012 1251 ⁸⁸.
1035 1193 1308 1251 Habebat
1337 1194 1545 1250 itidem
1576 1189 1981 1265 Babylonicus
2003 1189 2087 1248 la-

419 1303 528 1346 cus
550 1285 882 1344 lsraelitam
907 1285 1214 1356 juvenem,
1246 1281 1588 1339 calamitate
1614 1279 1865 1355 quidem
1896 1277 2086 1352 capti-

416 1393 587 1440 vum,
612 1375 814 1432 animo
840 1388 983 1429 vero
1014 1387 1085 1428 ac
1111 1371 1452 1429 constantia
1481 1369 1762 1428 liberum.
1780 1366 1936 1436 Quid
1955 1371 2086 1427 tum

423 1465 608 1522 inde?
630 1467 856 1522 Leones
875 1461 1127 1536 quidem
1147 1465 1366 1535 praeter
1387 1465 1670 1518 naturam
1686 1459 1766 1532 jej
1778 1458 2083 1525 unabant;

417 1555 702 1613 Habacuc
729 1567 872 1610 vero
894 1551 1050 1608 illius
1079 1550 1234 1608 altor
1254 1550 1559 1608 ferebatur
1585 1565 1695 1624 per
1715 1565 1943 1619 aerem,
1981 1563 2087 1604 an-

419 1645 554 1716 gelo
584 1643 900 1701 hominem
928 1657 1053 1699 una
1080 1657 1221 1698 cum
1264 1640 1540 1698 obsoniis
1569 1643 1882 1714 portante:
1923 1643 1982 1696 et
2009 1653 2087 1694 ne

411 1736 616 1807 justus
636 1734 798 1790 fame
815 1736 1211 1806 premeretur,
1227 1735 1464 1788 tantum
1479 1734 1650 1787 terras
1669 1746 1739 1786 ac
1755 1728 1938 1786 maris
1951 1743 2087 1801 spa-

2189 562 2357 627 ἐλπίς.
2395 573 2506 618 Ζῶν
2561 563 2620 622 δὲ
2671 567 2829 634 ούτω,
2858 567 2993 642 λιμῷ
3022 574 3116 629 τὴν
3158 571 3297 632 ζωήν
3336 571 3431 626 ούκ
3479 571 3787 638 ἀπήλλαξεν

2190 651 2296 706 ἀλλ“
2350 657 2398 708 οἱ
2451 655 2911 730 ἀρπακτικὼτατοι
2961 664 3052 713 καὶ
3103 659 3336 734 μα’λιστα
3397 668 3791 739 γαστρίμαργοι

2189 751 2289 796 τῶν
2321 743 2552 818 ὀρνίθων,
2605 747 2750 800 οὗτοι
2799 744 3101 822 διεκόμιζον
3148 752 3216 804 τὰ
3254 756 3422 821 σιτία,
3469 758 3559 806 καὶ
3594 761 3791 829 τροφῆς

2189 831 2417 906 ἐγίνοντο
2469 838 2578 907 (97)
2625 845 2700 908 τῷ
2755 832 2948 910 δικαίῳ
3001 835 3256 905 διάκονοι,
3289 841 3339 894 οἱ
3377 842 3473 904 τὰς
3519 840 3789 917 ἀλλοτρίας

2189 925 2382 997 τροφὰς
2413 922 2468 976 ἔκ
2519 927 2798 989 συνηθείας
2844 925 3182 1002 ἁρπάζοντες·
3234 934 3326 982 καὶ
3375 939 3448 1001 τῷ
3492 927 3790 1004 διο-ποτικῷ

2190 1016 2565 1087 προστάγματι
2620 1019 2714 1074 τὴν
2763 1019 2917 1088 φύσιν
2976 1012 3286 1091 διήμειψαν,
3344 1024 3526 1073 πιστοὶ
3571 1019 3792 1092 φύλακες

2190 1105 2453 1176 γενόμενοι
2502 1112 2602 1157 τῶν
2641 1106 2809 1180 ἄρτων
2855 1111 2946 1160 καὶ
3002 1115 3101 1160 τῶν
3152 1116 3334 1183 κρεῶν.
3373 1115 3551 1162 Ταῦτα
3604 1105 3665 1164 δι
3717 1118 3792 1182 τῷ

2194 1188 2351 1266 ἀνδρὶ
2422 1197 2588 1267 φέρειν
2653 1198 2777 1257 τοὺς
2822 1199 3053 1270 κόρακας
3098 1200 3243 1273 παρὰ
3293 1197 3390 1260 τῆς
3435 1206 3794 1272 πνευματικῆς

2197 1280 2433 1356 ἱστορίας
2482 1280 2754 1358 ἐμάθομεν.
2796 1281 2928 1356 Εἶχε
2977 1281 3037 1339 δε
3078 1292 3170 1340 καὶ
3198 1287 3224 1339 ὁ
3255 1286 3576 1351 Βαϐυλώνιος
3599 1287 3793 1351 λάκκος

2193 1373 2282 1422 τὸν
2327 1369 2656 1439 Ἰσραηλίτην
2703 1378 2991 1427 νεανίσκον·
3033 1375 3373 1449 αἰχμάλωτον
3411 1380 3502 1450 μὲν
3523 1382 3619 1438 τὴν
3650 1397 3792 1452 συμ-

2196 1463 2378 1538 φορὰν,
2411 1460 2668 1537 ἐλεύθερον
2709 1459 2768 1517 δὴ
2811 1469 2905 1524 τὴν
2948 1463 3130 1538 ψυχὴν
3177 1470 3356 1520 καὶτὸ
3389 1471 3646 1542 φρόνημα·
3691 1472 3794 1522 Καὶ

2194 1554 2246 1602 τί
2300 1553 2368 1603 τὰ
2426 1552 2550 1625 παρ’
2603 1550 2842 1620 ἕκείνωνς
2895 1555 2961 1606 Oi
3025 1557 3116 1628 μεν
3173 1554 3372 1618 λέοντες
3432 1559 3578 1632 παρὰ
3637 1559 3793 1630 φύσιν

2196 1637 2486 1698 ἐνήστευον·
2539 1641 2565 1694 ὁ
2617 1637 2677 1695 δε
2738 1645 2925 1696 τούτου
2972 1648 3190 1718 τροφεύς
3239 1643 3545 1718 ’Λμϐακούμ
3587 1647 3796 1718 (98-99)

2197 1725 2397 1804 ἐφέρετο
2429 1727 2504 1784 δι’
2554 1729 2721 1807 ἀέρος,
2772 1733 3082 1806 κομίζοντος
3129 1742 3222 1787 τοῦ
3271 1733 3494 1808 ἀγγέλου
3525 1738 3655 1809 μετά
3692 1745 3793 1790 τῶν

419 1823 571 1879 tium
621 1821 786 1878 brevi
832 1819 1123 1893 temporis
1165 1824 1475 1876 momento
1523 1821 1954 1892 praetervectus
1997 1819 2089 1872 est

2201 1817 2336 1890 ὄψων
2367 1823 2454 1872 τὸν
2493 1821 2782 1894 ἄνθρωπον·
2820 1827 2911 1875 καὶ
2945 1823 3028 1875 ἱνα
3049 1827 3120 1897 μὴ
3169 1823 3305 1898 λιμῷ
3347 1833 3532 1899 πιεσοῇ
3567 1821 3790 1893 δίκαιος,

421 1911 746 1986 propheta,
770 1914 1072 1982 quantum
1097 1923 1135 1964 a
1159 1910 1184 1964 ,1
1195 1908 1352 1964 udea
1382 1907 1462 1964 ad
1503 1905 1873 1981 Babylonem
1895 1921 2088 1978 usque

425 2001 769 2061 extenditur
789 2001 860 2055 δ’.

499 2186 550 2238 6.
593 2179 749 2247 Quid
769 2195 982 2236 rursus
1023 2175 1365 2234 solitudinis
1404 2176 1688 2250 populus,
1715 2179 1914 2250 Moyse
1939 2189 2088 2243 prae-

421 2271 579 2328 feclo
596 2273 626 2326 ?
646 2267 958 2342 quomodo
982 2267 1092 2324 fuit
1113 2266 1166 2323 ei
1187 2282 1296 2340 per
1313 2265 1721 2339 quadraginta
1750 2280 1950 2322 annos
1971 2263 2089 2319 dis-

422 2364 713 2436 pensatus
742 2357 934 2414 victus
951 2358 978 2414 ‘2
997 2357 1116 2413 lllic
1134 2362 1260 2413 erat
1282 2371 1486 2423 nemo,
1509 2355 1618 2429 qui
1647 2358 1980 2412 sementem
2004 2353 2090 2410 fa-

423 2453 580 2506 ceret
601 2465 614 2514 ;
633 2463 758 2504 non
772 2445 906 2517 bos,
923 2445 1025 2520 qui
1050 2446 1312 2502 traheret
1329 2449 1596 2502 aratrum
1617 2463 1630 2513 ;
1650 2459 1773 2501 non
1795 2457 2090 2508 aera,non

425 2537 715 2605 torcular,
739 2552 862 2593 non
887 2535 1038 2592 cella
1065 2535 1350 2608 penaria;
1372 2538 1432 2590 et
1456 2539 1659 2590 tamen
1682 2532 1794 2589 sibi
1813 2537 2092 2606 suppete-

423 2615 533 2686 bat
563 2627 756 2683 victus
775 2625 927 2682 citra
947 2629 1302 2692 sementem,
1326 2624 1474 2680 citra
1495 2623 1854 2680 arationem.
1871 2624 2089 2679 Fontes

427 2717 690 2790 denique
717 2715 821 2788 qui
851 2714 1022 2788 prius
1043 2729 1166 2770 non
1189 2713 1558 2781 exstiterant,
1592 2711 1701 2768 sed
1732 2712 1792 2767 in
1822 2711 2089 2768 necessi-

427 2812 548 2865 tate
569 2808 1097 2879 eruperant,petra
1127 2801 1656 2859 subministrabat.
1670 2801 1830 2858 Mitto
1851 2801 2092 2873 singula

427 2894 823 2972 providentia)
843 2893 1063 2951 divinae
1080 2909 1269 2967 opera
1289 2907 1808 2967 percensere,qu£e
1829 2891 2094 2964 plerum-

427 3003 548 3061 que
587 2984 793 3042 animo
824 2986 1078 3056 paterno
1103 2981 1423 3038 hominum
1469 2997 1659 3038 causa
1680 2980 1968 3054 patravit.
2008 2983 2094 3037 Tu

429 3091 596 3141 vero,
615 3073 778 3131 velut
804 3076 1088 3129 strenuus
1116 3069 1249 3138 Job,
1284 3070 1578 3144 tantisper
1605 3069 1844 3144 patiens
1864 3073 1992 3126 esto
2029 3068 2093 3125 in

2196 1911 2462 1972 τοσαύτης
2491 1911 2822 1984 ύπερηνίχθη
2869 1919 2972 1983 γῆς
2998 1917 3089 1966 καὶ
3133 1913 3405 1976 θαλάσσης
3451 1915 3478 1966 ὁ
3526 1920 3795 1988 προφήτης

2197 1994 2246 2048 ἐν
2275 2002 2447 2073 μίκρῷ
2483 2005 2650 2074 μορίῳ
2679 2009 2886 2074 καιροῦ,
2933 2001 3062 2061 ὅσην
3094 2001 3148 2056 ἐκ
3188 2011 3286 2066 τῆς
3331 1999 3596 2066 Ἰουδαίας
3632 2007 3797 2080 μέχρι

2197 2086 2494 2151 Βαϐυλῶνος
2525 2088 2821 2148 ἠπλῶσοαι.

2270 2181 2322 2234 6.
2373 2183 2436 2232 Τι
2467 2174 2528 2231 δὲ
2555 2177 2708 2232 παλιν
2755 2181 2782 2232 ὁ
2819 2188 2916 2242 τῆς
2945 2179 3138 2255 ἐρήμου
3184 2180 3328 2250 λαὸς,
3361 2183 3422 2236 οὗ
3453 2185 3684 2244 Μωῦσῆς
3713 2180 3798 2236 ἕπ-

2199 2269 2513 2342 ετρόπευσε;
2564 2278 2672 2332 πῶς
2701 2273 3008 2344 ᾠκονομήοη
3040 2276 3127 2324 τὸν
3173 2271 3290 2346 βίον
3322 2270 3369 2326 ἐν
3415 2273 3552 2326 ἔτεσι
3599 2291 3798 2326 τεσσα-

2197 2359 2462 2429 primum;
2505 2358 2617 2411 Οὐκ
2647 2356 2708 2418 ἦν
2757 2358 2861 2413 ἐκεῖ
2911 2366 3136 2436 σπείρων
3186 2361 3336 2436 ἀνὴρ,
3379 2362 3438 2415 ού
3485 2360 3615 2435 βοῦς
3644 2361 3799 2416 ἕλκων

2199 2447 2439 2520 ἄροτρον,
2490 2447 2596 2520 ούχ
2643 2448 2800 2515 ἄλως,
2850 2449 2910 2502 ού
2958 2448 3133 2517 ληνὸς,
3179 2450 3239 2503 ού
3287 2459 3540 2524 ταμιεῖον.
3573 2454 3663 2504 καὶ
3704 2455 3802 2510 τὴν

2200 2540 2392 2610 τροφὴν
2458 2533 2603 2608 εἶχον
2647 2540 2878 2613 ἄσπορον
2927 2544 3018 2593 καὶ
3067 2538 3336 2616 ἀνὴροτον,
3396 2545 3486 2594 καὶ
3539 2543 3634 2604 τὰς
3685 2559 3798 2600 πη-

2197 2627 2298 2696 γὰς
2347 2623 2594 2700 ἐχορήγει
2638 2631 2822 2703 πέτρα,
2878 2629 2937 2682 ού
2968 2634 3215 2704 πρότερον
3263 2634 3446 2697 οῖσας,
3497 2628 3606 2682 ἀλλ’
3640 2628 3798 2705 ἄκρα-

2199 2718 2384 2786 γείσας
2417 2713 2500 2768 ἰπὶ
2547 2724 2644 2778 τῆς
2683 2722 2892 2792 χρείας,
2929 2719 3146 2793 Ἀφίημι
3193 2722 3260 2772 τὰ
3287 2719 3404 2774 καθ’
3449 2723 3667 2773 ἕκαστον
3695 2718 3800 2772 ἁπ-

2201 2805 2542 2876 αριθμεῖσοαι
2569 2815 2666 2870 τῆς
2720 2815 2814 2860 τού
2866 2817 3001 2862 θεοῦ
3039 2815 3304 2883 προνοίας,
3337 2808 3373 2862 ἆ
3417 2809 3662 2872 πολλάκις
3712 2807 3800 2861 ἰπὶ

2200 2901 2302 2945 τῶν
2339 2891 2622 2968 ἀνθρώπων
2664 2906 2930 2970 πατρικῶς
2968 2895 3276 2963 ἐνεδείξατο·
3322 2903 3388 2952 Σὺ
3437 2897 3496 2953 δὲ
3541 2901 3802 2974 καρτερη-

2205 3001 2296 3035 σον
2335 2982 2505 3056 ὀλίγον
2555 2983 2638 3038 ἐπὶ
2684 2995 2799 3054 τῆς,
2856 2995 3148 3062 συμφορᾶς,
3199 2991 3270 3052 ὡς
3316 2990 3342 3041 ὁ
3388 2995 3621 3062 γενναῖος
3665 2985 3802 3056 Ἰὼϐ,

2201 3076 2292 3123 καὶ
2334 3078 2405 3144 μὴ
2452 3083 2778 3149 περιτραπῇς
2833 3075 2888 3130 ἐκ
2930 3086 3022 3130 τοῦ
3069 3075 3352 3145 κλύδωνος,
3397 3074 3563 3152 μηδὲν
3609 3076 3807 3131 ἀποϐά-

429 3163 793 3233 calamitate,
833 3167 891 3219 et
932 3177 1010 3218 ne
1035 3160 1324 3218 evertaris
1363 3163 1798 3233 atempestate,
1827 3174 1905 3216 ne
1925 3158 2092 3232 quid-

2201 3159 2297 3234 λῃς
2346 3163 2414 3213 ὧν
2465 3167 2595 3237 έρεις
2653 3163 2932 3240 ἀγωγίμων
2975 3175 3071 3230 τῆς
3128 3166 3334 3240 ἀρετῆς.
3377 3167 3466 3230 Ὠς
3513 3165 3805 3243 βαρύτιμον

429 3271 618 3329 quam
641 3270 714 3310 ex
736 3253 854 3324 his,
876 3267 1032 3326 quas
1071 3255 1270 3306 tecum
1301 3249 1491 3316 vehis,
1518 3249 1754 3306 virtutis
1785 3247 2093 3305 mercibus

431 3341 707 3415 abjicias.
740 3344 922 3399 Serva
949 3339 1009 3395 in
1031 3339 1238 3396 animo
1270 3337 1603 3407 gratiarum
1627 3337 1926 3395 actionem
1963 3333 2094 3393 tau-

430 3449 620 3506 quam
638 3436 951 3488 vecturam
976 3427 1504 3502 pretiosissimam,
1534 3432 1588 3483 et
1614 3431 1676 3483 tu
1705 3442 1953 3500 quoque
1983 3441 2095 3500 pro

431 3520 763 3593 gratiarum
781 3518 1015 3576 actione
1034 3515 1409 3589 voluptatem
1429 3515 1618 3589 duplo
1637 3515 1934 3586 majorem
1957 3530 2095 3571 con-

429 3625 703 3683 sequere.
720 3607 809 3664 Sis
829 3605 1177 3680 apostolicaa
1202 3605 1515 3662 sententias
1538 3620 1796 3661 memor:
1815 3605 1887 3660 In
1909 3619 2096 3660 omm-

431 3699 538 3756 bus
559 3699 800 3770 gratias
821 3696 1066 3768 agile-‘0.
1096 3697 1326 3769 Pauper
1347 3711 1410 3750 es
1426 3696 1454 3752 ?
1481 3693 1638 3752 Alter
1664 3697 1758 3751 est
1779 3699 1831 3750 te
1865 3710 2096 3767 paupe-

427 3789 573 3847 rior.
595 3791 745 3845 Sunt
784 3787 890 3844 tibi
924 3785 1155 3843 cibaria
1193 3785 1434 3842 dierum
1460 3784 1673 3841 decem
1705 3801 1718 3840 :
1745 3783 1848 3851 illi,
1876 3784 2086 3840 unius.

429 3879 601 3945 Quod
629 3877 730 3935 tibi
758 3880 1052 3949 superest,
1073 3891 1144 3931 ac
1165 3874 1483 3941 redundat,
1507 3873 1569 3930 id
1593 3877 1654 3930 tu
1681 3889 1789 3930 ceu
1807 3873 2008 3929 bonus
2027 3888 2100 3929 ac

432 3967 739 4038 benignus
766 3981 838 4022 ex
859 3980 1038 4037 {equo
1066 3979 1204 4020 cum
1232 3967 1445 4033 egente
1473 3961 1775 4036 partiaris.
1801 3965 1882 4018 Ne
1922 3960 2101 4017 dubi-

429 4061 518 4114 tes
549 4071 622 4112 ex
647 4053 891 4111 modico
911 4052 1088 4119 dare;
1113 4067 1186 4108 ne
1217 4050 1613 4108 commodum
1636 4059 1806 4107 tuum
1828 4049 2098 4124 periculo

432 4142 682 4218 publico
706 4147 1065 4214 anteponas.
1113 4140 1286 4207 Quod
1319 4139 1367 4195 si
1399 4139 1478 4196 ad
1509 4154 1703 4196 unum
1729 4140 1850 4212 69
1872 4153 2099 4212 panem

437 4231 721 4290 redactus
744 4229 981 4286 cibatus
1005 4228 1099 4301 sit,
1119 4232 1350 4302 stetque
1367 4243 1475 4300 pro
1495 4227 1727 4285 foribus
1747 4227 2098 4296 mendicus;

431 4319 696 4394 promito
740 4335 813 4376 ex
855 4334 1019 4392 penu
1059 4316 1231 4374 illum
1279 4333 1494 4387 unum,
1542 4333 1729 4392 quem
1777 4318 2099 4392 imponens

435 4408 1089 4480 manibus,etintuens
1116 4407 1180 4464 in
1217 4406 1462 4476 caelum,
1503 4407 1914 4464 miserabilem
1942 4407 2100 4466 hanc

439 4497 624 4556 simul
653 4502 712 4555 et
733 4497 1066 4568 benignam
1105 4513 1321 4554 vocem
1348 4497 1642 4554 emittito:
1677 4499 1842 4572 Unus
1878 4496 1975 4554 hic
2013 4501 2103 4554 est
2130 4527 2174 4583 Ι)

431 4589 633 4664 panis,
647 4604 831 4663 quem
851 4587 1039 4658 vides,
1053 4587 1321 4660 Domine,
1339 4591 1399 4644 et
1417 4586 1755 4662 periculum
1777 4592 1977 4662 aperte
1992 4588 2100 4646 im-

433 4677 654 4748 minet;
681 4677 787 4734 sed
813 4693 926 4750 ego
949 4676 1097 4734 mihi
1123 4681 1292 4734 tuum
1320 4677 1683 4734 mandatum
1705 4693 2022 4751 prtepono,
2045 4683 2102 4736 et

433 4784 508 4826 ex
530 4767 770 4825 modico
790 4767 989 4825 tribuo
1011 4765 1292 4823 esurienti
1315 4766 1480 4823 fratri
1499 4784 1513 4834 ;
1523 4768 1651 4838 jam
1675 4771 1732 4823 tu
1753 4783 1998 4841 quoque
2021 4767 2102 4824 da

436 4864 797 4938 periclitanti
831 4880 1026 4920 servo.
1068 4863 1210 4920 Novi
1261 4867 1430 4920 tuam
1460 4863 1823 4929 bonitatem,
1855 4865 2102 4922 conﬁdo

435 4953 616 5010 etiam
669 4953 952 5026 potentia:
987 4970 1000 5008 :
1036 4968 1161 5008 non
1205 4951 1412 5008 differs
1458 4952 1564 5008 diu
1600 4951 1942 5011 beneﬁcia:
1994 4954 2103 5012 sed

435 5042 601 5099 dona
631 5047 752 5112 tua,
785 5059 926 5100 cum
969 5041 1136 5105 libet.
1167 5041 1427 5115 spargis.
1463 5041 1638 5108 Quod
1670 5042 1716 5099 si
1750 5043 1832 5100 ita
1861 5043 2102 5101 locutus

441 5131 622 5189 fueris
653 5147 725 5189 ac
755 5131 990 5202 feceris,
1023 5147 1210 5205 quem
1243 5147 1317 5187 ex
1347 5131 1633 5203 angustia
1682 5147 1908 5204 panem
1963 5151 2102 5210 por-

512 5257 559 5292 ⁸⁸
637 5259 709 5312 Ill
737 5259 878 5328 Reg.
907 5272 1046 5325 xvu,
1075 5258 1187 5312 4-6.

448 5451 460 5468 ,
507 5379 625 5468 (97)
664 5382 809 5452 Reg.
867 5379 1095 5452 primus
1141 5377 1442 5454 διεκόμιζον
1485 5383 1554 5434 τὰ
1605 5388 1727 5435 σῖτα
1777 5385 1866 5435 καὶ
1911 5393 2107 5460 τροφῆς

441 5471 695 5526 εγενοντο.

512 5524 722 5599 ι9Α8-99)
763 5522 916 5580 Editi
971 5526 1188 5596 τροφεύς
1255 5524 1542 5599 ’Λϐακούρα
1584 5527 1656 5582 At
1715 5541 1861 5582 mss.
1937 5527 2108 5585 multi

462 5594 776 5668 Λμϐακούμ.

518 5669 594 5740 (ί)
621 5663 766 5739 Reg.
806 5667 1042 5740 primus
1075 5669 1142 5722 τὰ
1175 5663 1436 5722 διπλάσια
1456 5677 1675 5742 τρυφῆς.
1710 5667 1874 5725 Coll).
1899 5669 2108 5729 tertius

2203 3248 2424 3310 ἐνοήκην
2476 3260 2571 3311 τῆν
2619 3253 2966 3330 εὐχαριστίαν
3011 3253 3276 3310 διοίσωσον
3325 3255 3407 3309 ἐπί
3451 3265 3546 3318 τῆς
3594 3255 3802 3328 ψυχῆς,

2203 3342 2294 3392 καὶ
2321 3339 2464 3414 λήψῃ
2497 3345 2584 3394 καὶ
2615 3346 2680 3396 σύ
2711 3352 2808 3406 τῆς
2855 3345 3202 3420 εὐχαριστίας
3241 3348 3307 3399 τὰ
3349 3343 3668 3399 διπλασίονα
3711 3353 3808 3408 τῆς

2204 3437 2408 3503 τρυφῆς
2631 3437 2930 3506 Μνημόνευε
2993 3443 3090 3497 τῆς
3167 3433 3520 3496 ἀποστολικῆς
3581 3435 3803 3512 ῥήσεως·

2209 3518 2288 3571 Ἐν
2354 3524 2510 3572 παντὶ
2565 3519 2946 3596 εύψαριστεῐτε.
3004 3528 3170 3588 Iliun;
3229 3523 3318 3593 εῖ;
3387 3523 3571 3578 ’Δλλον
3641 3524 3808 3585 ἓεχεις

2205 3608 2412 3669 πάντως
2485 3614 2806 3685 πενέστερον.
2860 3617 2946 3666 Σοὶ
3022 3609 3153 3667 δέκα
3225 3615 3427 3688 ἡμερῶν
3497 3616 3563 3666 τα
3638 3617 3803 3679 σιτία,

2207 3693 2381 3748 ἐκείνω
2427 3704 2570 3770 μιᾶς.
2613 3699 2701 3762 Ὠς
2737 3699 2894 3764 καλὸς
2922 3706 3013 3754 καὶ
3061 3703 3334 3776 εὐγνώμων
3382 3705 3440 3754 τὸ
3493 3705 3585 3754 σὸν
3630 3719 3806 3775 περιτ-

2206 3787 2294 3836 τὸν
2343 3784 2663 3841 ἐπανίσωσον
2711 3793 2841 3864 πρὸς
2887 3794 2975 3844 τὸν
3015 3787 3183 3852 ἐνδεῆ·
3235 3795 3320 3851 Mi:
3355 3791 3581 3864 ὀκνήσῃς
3624 3788 3680 3842 ἑκ
3716 3797 3808 3843 τοῦ

2209 3872 2388 4015 ὄψον
2441 3872 2644 3930 δοῦναι·
2693 3883 2764 3952 μὴ
2811 3886 3150 3955 προτιμήσῃς
3196 3884 3254 3934 τὸ
3303 3885 3394 3934 σὸν
3450 3885 3709 3955 συμφέρον
3755 3878 3812 3932 ἐκ

2209 3982 2238 4015 τ
2274 3986 2300 4014 J
2339 3973 2513 4015 κοινοῦ
2560 3963 2832 4015 κῖνδύνου-
2890 3970 3100 4015 1(erin
3133 3971 3205 4015 εἰς
3255 3971 3341 4015 ἕνα
3388 3972 3545 4015 ἄητον
3587 3976 3807 4015 morari

2208 3963 2315 4015 τοτῖ
2339 3973 2513 4019 κοινοῦ
2560 3963 2833 4024 κῖνδύνου.
2890 3970 2996 4022 Κᾶν
3026 3974 3100 4042 (2)
3133 3971 3205 4034 εἰς
3255 3971 3342 4024 ἕνα
3388 3972 3545 4043 οἰρτον
3587 3976 3807 4043 περιστῇ

2207 4054 2239 4110 ἡ
2292 4059 2476 4128 τροφὴ,
2527 4053 2714 4130 ἑπιστῇ
2772 4053 2832 4111 δε
2877 4067 2994 4121 ταῖς
3045 4061 3228 4134 θύραις
3257 4061 3283 4113 ὁ
3327 4064 3517 4128 ζητῶν,
3551 4063 3812 4132 προκόμι-

2212 4161 2301 4194 σον
2339 4141 2394 4194 ἐκ
2441 4151 2533 4207 τοῦ
2580 4151 2816 4219 ταμιείου
2847 4151 2933 4201 τὸν
2985 4149 3092 4215 ἕνα,
3140 4154 3231 4202 καὶ
3273 4147 3463 4210 ἐπιθεὶς
3492 4156 3608 4211 ταῖς
3653 4151 3816 4222 χερσὶ

2208 4237 2341 4310 πρὸς
2369 4233 2586 4307 ούρανόν
2634 4233 2921 4305 ἀνατείνας,
2973 4237 3081 4292 εἰπε
3129 4237 3278 4311 λόγον
3331 4237 3540 4292 ἕλεεινόν
3570 4239 3701 4311 ὁμοῦ
3725 4240 3816 4289 καὶ

2210 4322 2529 4397 εὐγνώμονα·
2577 4326 2665 4387 Εἷς
2708 4327 2888 4400 ἄρτος,
2929 4328 2983 4380 ὃν
3027 4329 3171 4402 ὁρᾷς,
3224 4331 3390 4402 Κύμιε
3436 4331 3526 4380 καὶ
3568 4328 3595 4380 ὁ
3636 4322 3817 4381 κίνδυ-

2207 4430 2294 4474 νος
2340 4417 2628 4488 προφανὴς,
2675 4413 2782 4467 ἀλλ’
2832 4414 2933 4490 ἐγὼ
2980 4421 3074 4476 τὴν
3128 4421 3225 4478 σὴν
3274 4416 3483 4476 ἐντολὴν
3525 4415 3650 4490 ἕμοῦ
3680 4434 3814 4490 προ-

2208 4504 2419 4576 τίθημι,
2479 4508 2568 4556 καὶ
2633 4502 2686 4557 ἐκ
2751 4513 2844 4558 τοῦ
2901 4505 3076 4579 ὀλίγου
3125 4504 3329 4582 δίδωμι
3379 4516 3452 4580 τῷ
3505 4506 3816 4580 λιμώττοντι

2211 4588 2434 4666 ἀδελφῷ·
2481 4588 2594 4661 δὸς,
2629 4590 2696 4654 δὴ
2729 4600 2820 4648 καὶ
2851 4599 2916 4648 σὺ
2959 4605 3032 4668 τῷ
3061 4592 3415 4650 κινδυνεύοντι
3450 4592 3642 4665 δούλῳ.
3674 4591 3816 4648 Οἶδά

2213 4702 2308 4736 σου
2365 4687 2458 4742 τὴν
2500 4681 2826 4756 ἀγαθὸτητα,
2891 4685 3064 4761 θαρρῶ
3131 4673 3251 4738 καὶ.
3290 4693 3352 4758 τῇ
3424 4681 3662 4757 δυνάμει·
3709 4683 3816 4754 οὐχ

2212 4776 2552 4850 ύπιρτίθεσαι
2613 4775 2684 4838 εἰς
2735 4779 2929 4849 χρὸνον
2976 4777 3071 4836 τὰς
3119 4777 3371 4848 χάριτας,
3424 4773 3552 4826 αλλὰ
3599 4769 3814 4827 σκεδαν-

2210 4868 2367 4931 νύεις,
2414 4865 2535 4918 ὃταν
2565 4865 2763 4939 ἐθέλῃς,
2803 4867 2896 4927 τὰς
2937 4860 3158 4937 δωρεάς.
3193 4862 3299 4917 Κάν
3351 4864 3516 4926 οὕτως
3544 4865 3694 4936 εἰπῃς
3723 4865 3814 4915 καί

2211 4955 2436 5031 πράξῃς,
2472 4955 2525 5007 ὃν
2558 4950 2727 5017 δίδως
2778 4952 2832 5006 ἐκ
2885 4962 2981 5016 τῆς
3036 4959 3329 5017 στςνὼσεως
3377 4955 3556 5029 ἄρτον,
3609 4957 3818 5026 σπέρμα

2210 5051 2406 5120 γίνεται
2459 5048 2742 5120 γεωργίας,
2809 5041 3078 5114 πολύχουν
3135 5041 3388 5116 ἀπογεννᾴ
3446 5047 3532 5096 τὸν
3593 5047 3814 5118 καρπὸν,

2215 5132 2456 5212 ἀρραϐὼν
2503 5141 2598 5198 τῆς
2655 5143 2870 5209 τροφῆς,
2934 5131 3073 5186 ἐλέου
3116 5133 3361 5207 πρόξενος
3392 5134 3494 5204 (3)·
3555 5132 3679 5185 Hirri:
3729 5136 3820 5183 καὶ
3913 5183 3918 5188 _

1268 5256 1314 5292 ‘9
1359 5254 1508 5314 Dan.
1547 5272 1670 5326 xxv,
1702 5259 1772 5314 30
1802 5274 1938 5333 sqq.
2017 5261 2066 5296 ⁵ο
2105 5260 2355 5319 lThess.
2387 5277 2446 5333 v,
2485 5262 2570 5316 t8.

2213 5388 2284 5440 τὰ
2321 5381 2638 5439 διπλασίονα
2661 5392 2757 5448 τῆς
2776 5383 2984 5456 ψυχῆς,
3018 5383 3194 5440 male.

2282 5459 2362 5529 (2)
2401 5456 2567 5529 Colb.
2602 5450 2810 5529 tertius
2836 5450 2896 5508 ἐκ
2911 5450 3003 5529 τού
3032 5462 3206 5529 κοινού
3238 5451 3423 5508 δοῦναι
3451 5452 3570 5506 κοῖν.
3613 5450 3822 5510 Statim

2216 5523 2365 5584 mss.
2401 5527 2723 5601 Colbertini
2750 5525 2940 5601 ἔπιστῇ
2974 5523 3034 5579 δὲ
3055 5525 3138 5578 ἐπί
3163 5528 3374 5601 θύραις.

2290 5603 2375 5674 (3)
2407 5599 2573 5657 Colb.
2596 5598 2830 5674 primus
2861 5587 3029 5660 ἐλὲους
3057 5587 3317 5678 πρὸξενός.
