4124 6396
257 297 357 356 321
1105 297 1393 359 HOMlLlA
1421 301 1629 360 DIC’I‘A
1651 296 1977 358 TEMPORE
2017 295 2222 359 FAMIS
2253 297 2340 362 ΕΤ
2371 303 2776 364 SlCClTATIS.

3519 309 3628 368 322

259 424 326 474 σὺ
373 429 473 484 τῆς
516 427 697 498 χήρας
742 429 838 486 τῆς
885 417 1129 487 Σιδονίας
1163 425 1310 500 ῥῆμα
1365 423 1414 478 ἐν
1471 431 1582 489 τοῖς
1639 425 1858 499 ὁμοίοις,

1968 423 2134 495 rigis,
2161 423 2212 482 is
2254 442 2464 484 semen
2492 427 2596 486 ﬁet
2643 429 2883 500 segetis,
2935 429 3074 487 edet
3113 429 3340 490 fruetus
3387 433 3632 500 uberes.

257 510 515 584 εὐκαίρως
551 519 648 575 τῆς
687 513 925 587 ἱστορίας
961 517 1316 588 μνημόνευσον
1345 536 1359 548 υ
1413 522 1486 589 Ζῇ
1531 517 1741 589 Κύριος,
1783 515 1864 567 ότι

255 607 438 653 τοῦτον
476 603 586 673 ἔχω
643 599 693 654 ἐν
749 609 812 674 τῇ
873 601 1016 674 οἰκία
1075 623 1174 676 μον
1223 608 1376 678 μόνον
1441 604 1514 665 εἰς
1571 600 1861 680 διατροφὴν

255 687 372 762 ἐμοὶ
409 695 501 742 καὶ
538 697 648 754 τοῖς
685 687 918 754 παιδίοις
961 693 1055 763 (4).
1099 691 1206 748 Κᾶν
1245 690 1353 766 δῷς
1408 691 1461 746 ἐκ
1517 700 1610 746 τοῦ
1665 691 1864 746 λείπον-

254 797 362 845 τος,
405 779 532 842 ἓξεις
569 785 660 834 καὶ
701 783 768 833 σὺ
805 784 892 833 τὸν
931 781 1216 854 καμψάκην
1253 790 1346 836 τοῦ
1377 781 1548 836 ἐλαίου
1579 790 1642 856 τῇ
1672 784 1864 857 χάριτι

257 865 488 944 βρύοντα
512 889 525 903 ·
567 873 662 928 τὴν
701 865 889 944 ύδρίαν
927 879 1028 923 τῶν
1068 869 1292 946 ἀλεύρων
1315 873 1396 945 (5)
1436 871 1706 927 ἀκένωτον.
1749 871 1864 925 Ἐπὶ

254 960 358 1033 γὰρ
396 967 496 1010 τῶν
532 967 732 1012 πιστῶν
772 959 1038 1034 φιλότιμος
1076 963 1106 1020 ἡ
1149 969 1242 1014 τοῦ
1283 969 1416 1016 Θεοῦ
1473 964 1637 1038 χάρις
1692 968 1864 1035 μιμεῖ-

256 1065 346 1100 ται
381 1049 447 1100 τὰ
485 1052 696 1122 φρέατα,
739 1051 807 1102 τὰ
845 1047 924 1102 ἀεὶ
960 1053 1258 1124 κινούμενα,
1299 1056 1390 1104 καὶ
1451 1055 1524 1124 μὴ
1584 1050 1861 1114 ἐξαντλού-

256 1155 404 1210 μενα,
444 1141 501 1189 τό
541 1133 760 1191 διπλοῦν
801 1137 1210 1213 ἁντεισάγονσα.
1253 1142 1515 1208 Δάνεισον,
1560 1141 1586 1192 6
1642 1141 1858 1213 ἄπορος,

257 1234 330 1297 τῷ
383 1225 616 1298 πλουσίῳ
655 1236 789 1300 Θεῷ.
835 1232 1124 1282 Πίστευσον
1189 1239 1262 1302 τῷ
1317 1228 1396 1283 ἀεὶ
1451 1229 1522 1292 εἰς
1581 1233 1860 1303 πρόσωπον

254 1311 392 1366 ἴδιον
433 1317 560 1390 ὑπὲρ
611 1325 704 1370 τοῦ
763 1316 1062 1392 θλιϐομένου
1117 1318 1452 1394 λαμϐάνοντι,
1512 1323 1603 1372 καὶ
1661 1319 1860 1370 οἴκοθεν

254 1399 570 1458 ἀποδιδόντι
616 1411 705 1466 τὴν
763 1408 944 1482 χάριν.
1006 1407 1341 1472 Ἀξιόπιστος
1397 1407 1678 1481 ἐγγυητὴς,
1735 1426 1862 1459 παν-

253 1500 426 1565 ταχοῦ
462 1502 566 1566 γῆς
601 1500 692 1548 καὶ
731 1495 990 1560 θαλάττης
1029 1497 1366 1572 ἠπλωμένους
1405 1499 1542 1570 ἔχων
1587 1499 1710 1558 τούς
1768 1496 1860 1554 θη-

256 1585 510 1656 σαυρούς.
561 1589 662 1638 Καὶ
684 1584 848 1638 πλέων
875 1584 959 1638 ἐὰν
991 1585 1296 1662 ἀπαιτὴσης
1323 1590 1382 1640 1'6
1405 1583 1684 1660 δάνεισμα,
1711 1583 1854 1658 λήψῃ

253 1669 337 1724 ἐπὶ
374 1674 538 1743 μέσου
576 1673 834 1746 πελάγους
873 1679 968 1728 σὺν
1005 1679 1182 1740 τόκοις
1217 1680 1277 1729 1'6
1315 1675 1617 1750 κεφάλαιον.
1657 1673 1858 1728 Φιλοτι-

251 1767 424 1834 μεῑται
460 1765 560 1836 γὰρ
601 1761 650 1814 ἐν
687 1771 801 1826 ταῖς
848 1767 1200 1840 προσθήκαις.

1968 514 2236 572 arrhabo
2262 517 2373 574 erit
2405 518 2774 576 cibariorum
2804 519 3234 578 misericordia;
3257 524 3634 586 conciliator.

1972 602 2073 660 Dic
2095 608 2150 660 et
2183 608 2242 662 tu
2275 606 2529 664 verbum
2558 625 2594 664 a
2618 608 2806 664 vidua
2837 609 3085 666 Sidonia
3115 609 3415 668 iniisdem
3445 629 3636 685 angu-

1970 692 2096 750 stiis
2129 693 2460 768 prolatum;
2485 697 2949 772 tibiopportune
2966 699 3026 755 in
3045 698 3401 758 memoriam
3415 717 3636 761 revoca

1968 781 2285 842 historiam
2311 802 2324 841 :
2367 787 2522 844 Vivit
2551 789 2865 858 Dominus,
2897 789 3039 861 quia
3057 787 3220 846 hunc
3248 790 3442 847 solum
3473 791 3636 848 domi

1971 871 2160 930 habeo
2189 874 2272 930 ad
2300 877 2697 934 nutriendum
2717 893 2812 934 me
2839 883 2893 934 et
2923 877 3226 936 liberos“.
3267 877 3441 944 Quod
3464 878 3514 935 si
3563 895 3638 937 ex

1968 961 2225 1033 penuria
2253 967 2356 1020 tua
2391 964 2656 1033 dederis,
2685 965 2942 1022 habebis
2973 971 3030 1023 et
3067 971 3134 1024 tu
3161 982 3272 1023 vas
3301 966 3439 1031 olei.
3467 967 3636 1041 quod

1969 1053 2252 1110 scaturiet
2273 1071 2380 1128 per
2401 1056 2690 1126 gratiam:
2718 1055 2994 1129 hydriam
3011 1055 3219 1112 itidem
3241 1056 3472 1126 farinae,
3496 1074 3636 1132 quae

1969 1139 2270 1200 exhauriri
2293 1160 2415 1201 non
2437 1146 2676 1218 poterit.
2693 1145 2924 1202 Etenim
2941 1146 3044 1202 Dei
3057 1145 3477 1218 beneﬁcentia,
3499 1164 3634 1221 quae

1967 1230 2190 1288 scilicet
2202 1233 2458 1306 duplum
2473 1234 2617 1290 redui
2627 1239 2856 1306 at,erga
2868 1234 3071 1292 fideles
3085 1235 3406 1306 magniﬁce
3421 1239 3636 1310 puteos

1966 1317 2368 1395 imitatur,qui
2397 1323 2688 1380 continuo
2718 1323 2939 1392 hausti,
2977 1340 3373 1399 nequaquam
3411 1327 3635 1383 exhau-

1966 1407 2226 1466 riuntur.
2269 1413 2388 1467 Deo
2417 1411 2587 1468 diviti
2623 1412 2937 1481 faenerare,
2965 1413 3243 1487 quisquis
3268 1413 3442 1487 inops
3485 1429 3550 1471 es
3578 1418 3638 1472 et

1967 1513 2221 1572 pauper.
2247 1501 2432 1557 Crede
2453 1500 2526 1567 ei,
2550 1501 2653 1575 qui
2675 1502 2840 1574 quod
2862 1501 2924 1558 in
2943 1517 3306 1575 oppressum
3321 1502 3636 1560 hominem

1967 1587 2314 1659 contuleris,
2359 1589 2441 1657 id,
2470 1591 2724 1663 perinde
2753 1591 2927 1664 quasi
2953 1590 3318 1664 sibimetipsi
3347 1591 3632 1648 collatum

1969 1675 2066 1742 sit,
2099 1677 2327 1750 recipit,
2363 1665 2562 1752 exque
2591 1678 2714 1735 suis
2739 1679 3018 1752 rependit
3047 1679 3326 1751 gratiam.
3372 1679 3517 1737 Fide
3543 1679 3632 1736 di-

1822 1812 1830 1820 .
1891 1758 1936 1814 Β
1967 1780 2124 1836 gnus
2137 1773 2516 1840 estsponsor,
2529 1783 2638 1840 per
2652 1785 2898 1824 omnem
2914 1773 3137 1824 terram
3153 1784 3224 1826 ac
3240 1755 3405 1825 mare
3419 1785 3634 1842 expas-

253 1866 355 1907 sos
385 1849 615 1909 habens
641 1853 981 1912 thesauros.
1026 1856 1200 1922 Quod
1229 1855 1278 1912 si
1307 1854 1464 1913 inter
1492 1850 1912 1926 navigandum
1941 1859 2226 1912 mutuum
2255 1860 2518 1930 repetas,
2549 1855 2611 1912 in
2641 1857 2845 1914 medio
2873 1856 3010 1931 ipso
3041 1857 3192 1914 mari
3225 1873 3347 1915 una
3371 1874 3512 1915 cum
3550 1859 3634 1914 fe-

250 1954 400 1996 nore
422 1945 647 1998 sortem
676 1943 948 2017 recipies.
981 1947 1080 2002 Est
1108 1945 1270 2002 enim
1295 1946 1360 2002 in
1389 1943 1679 2003 addendo
1705 1939 2096 2000 ambitiosus.

320 2035 375 2086 7.
415 2033 486 2084 T6
525 2038 616 2084 τοῦ
653 2031 1001 2106 λιμώττοντος
1035 2039 1269 2109 νόσημα,
1307 2035 1477 2109 λιμός,
1520 2033 1724 2108 οἰκτρόν
1763 2031 1860 2084 πά-

253 2120 340 2182 θος
379 2117 512 2175 ἔστί.
553 2123 724 2194 Λιμὸς
771 2120 1108 2199 ἀνθρωπίνων
1171 2133 1452 2201 συμφορῶν
1513 2125 1746 2198 ὑπάρχει
1801 2123 1860 2174 1'6

249 2208 544 2282 κεφάλαιον,
583 2213 788 2264 πάντων
829 2214 1059 2267 θανάτων
1125 2217 1517 2291 μοχθηρότερον
1578 2213 1720 2276 τέλος
1777 2211 1862 2264 οὗ·

250 2317 358 2362 τος.
403 2297 522 2352 Ἐπὶ
567 2303 658 2373 μὶν
715 2303 817 2376 γὰρ
873 2311 974 2355 τῶν
1039 2303 1204 2356 ἄλλων
1259 2301 1534 2375 κινδύνων,
1593 2303 1623 2363 ἣ
1686 2301 1861 2375 ξίφους

251 2385 390 2461 ἀκμή
427 2393 523 2448 τὴν
559 2389 800 2450 τελευτὴν
839 2391 995 2455 ὀξέως
1033 2391 1330 2466 ἐφίστησιν,
1373 2395 1595 2469 ἣπυρός
1623 2385 1756 2466 ὀρμῆ
1778 2390 1860 2463 (θ)

253 2481 525 2550 συντόμως
560 2477 620 2530 1'6
660 2479 756 2552 ζῇν
795 2477 1191 2551 ἀποσϐέννυσιν,
1224 2483 1254 2542 ἦ
1301 2484 1478 2559 θηρία,
1519 2489 1630 2544 τοῖς
1669 2477 1858 2534 ὀδοῦσι

253 2562 695 2643 διασπαράξαντα
732 2570 833 2622 ὅσα
869 2575 1052 2646 καίρια
1091 2580 1191 2624 τῶν
1230 2571 1414 2646 μελῶν,
1465 2571 1524 2625 ού
1585 2578 1864 2644 συγχωρεί

250 2664 314 2730 τῇ
354 2657 590 2732 παρολκῇ
631 2667 728 2720 τῆς
755 2656 948 2723 ὀδύνης
986 2664 1372 2736 τιμωρηθῆναι.
1412 2665 1581 2736 Λιμὸς
1613 2657 1672 2714 δι
1697 2659 1858 2737 ἀργόν

250 2747 369 2818 ἔχει
405 2750 465 2800 1'6
503 2751 683 2815 κακόν,
725 2749 1087 2825 παρέλκουσαν
1124 2756 1220 2810 τὴν
1279 2749 1567 2825 ἀλγηδόνα,
1632 2749 1856 2823 ἐγκαθη-

249 2837 406 2908 μένην
454 2840 543 2896 τὴν
597 2843 750 2892 νόσον
811 2842 900 2892 καὶ
979 2839 1396 2914 ἐμφωλεύουσαν,
1477 2843 1694 2896 θάνατον
1773 2840 1858 2896 ἀεὶ

250 2929 504 3000 παρόντα,
545 2932 636 2979 καὶ
675 2926 755 2982 ἀεὶ
805 2926 1157 3003 βραδύνοντα.
1214 2934 1285 2984 Τό
1349 2933 1450 3006 γάρ
1509 2934 1646 2985 κατὰ
1701 2935 1857 3006 φύσιν

251 3013 409 3087 ὑγρὸν
447 3011 721 3088 ἕκδαπανᾷ
743 3037 756 3052 ·
819 3021 879 3071 1'6
921 3020 1106 3093 θερμόν
1148 3019 1456 3093 καταψύχει
1480 3040 1494 3055 ο
1552 3024 1639 3074 τόν
1705 3025 1856 3094 ὄγκον

255 3103 520 3156 συστέλλει
546 3124 560 3139 ο
621 3110 716 3166 τὴν
792 3103 1016 3181 δύναμιν
1080 3109 1198 3162 κατ’
1253 3109 1425 3182 ὀλίγον
1489 3108 1854 3186 ἀπομαραίνει.

250 3189 308 3244 Ἡ
367 3193 502 3268 σὰρξ
567 3196 636 3258 ὡς
693 3193 949 3270 ἀράχνιον
1005 3205 1124 3262 τοῖς
1181 3197 1382 3262 ὀστέοις
1430 3205 1738 3276 περίκειται.
1797 3201 1856 3253 Ὀ

2039 2041 2094 2091 7.
2137 2035 2466 2094 Esurientis
2530 2036 2805 2106 morbus,
2853 2037 3050 2094 fames
3095 2035 3340 2106 scilicet,
3389 2035 3636 2094 misera-

1968 2124 2106 2182 bilis
2136 2127 2374 2184 attectio
2403 2130 2516 2184 est.
2557 2129 2973 2183 Humanarum
3005 2125 3420 2184 calamitatum
3452 2130 3636 2200 caput

1968 2218 2059 2271 est
2112 2214 2325 2272 fames.
2379 2218 2529 2273 Mors
2577 2217 2856 2272 omnium
2907 2215 3249 2272 miserrima
3295 2219 3406 2282 est,
3445 2215 3634 2272 ﬁnem

1967 2303 2132 2360 hunc
2159 2305 2379 2364 sortiri.
2420 2308 2571 2362 Nam
2626 2305 2688 2361 in
2747 2304 2878 2360 aliis
2925 2303 3230 2378 periculis,
3291 2308 3396 2360 aut
3447 2303 3636 2375 gladii

1969 2391 2128 2449 acies
2169 2392 2286 2450 cito
2341 2393 2638 2450 accelerat
2681 2398 2960 2462 mortem,
3012 2397 3118 2450 aut
3165 2391 3322 2463 ignis
3369 2392 3634 2466 impetus

1966 2481 2135 2540 brevi
2163 2474 2349 2539 vitam
2371 2483 2717 2555 exstinguit,
2739 2487 2847 2540 aut
2875 2481 3082 2538 bestiae
3111 2481 3424 2556 praecipua
3444 2498 3634 2538 mem-

1969 2570 2082 2628 bra
2112 2571 2398 2629 dentibus
2428 2571 2817 2643 dilaniantes,
2848 2587 2963 2628 nos
3005 2587 3131 2628 non
3177 2571 3386 2628 sinunt
3426 2569 3636 2627 dolore

1968 2660 2074 2718 diu
2097 2665 2402 2734 protracto
2427 2660 2649 2734 puniri.
2674 2663 2886 2718 Fames
2909 2676 3052 2718 vero
3073 2659 3247 2717 affert
3266 2658 3635 2733 supplicium

1965 2751 2218 2822 lentum,
2250 2751 2524 2808 dolorem
2551 2751 2824 2822 longum,
2864 2749 3152 2808 morbum
3178 2749 3342 2807 intus
3363 2749 3636 2807 insiden-

1968 2845 2091 2898 tem
2119 2857 2191 2898 ac
2214 2839 2684 2908 delitescentem,
2718 2845 2977 2898 mortem
3005 2855 3246 2913 semper
3275 2843 3637 2914 praesentem

1968 2931 2026 2984 et
2052 2941 2295 3000 semper
2321 2924 2684 2983 tardantem.
2715 2924 3062 2982 Naturalem
3104 2940 3374 2998 namque
3412 2923 3636 2981 humo-

1965 3031 2096 3074 rem
2127 3015 2414 3083 absumit,
2444 3014 2758 3086 refrigerat
2786 3015 3073 3084 calorem,
3104 3013 3333 3070 molem
3363 3013 3634 3087 corporis

1966 3105 2288 3178 contrahit,
2315 3105 2474 3162 vires
2503 3104 2795 3179 paulatim
2824 3103 3042 3162 exedit.
3075 3106 3225 3164 Caro
3265 3119 3506 3161 araneae
3548 3102 3637 3160 in-

1968 3200 2092 3254 star
2125 3194 2510 3266 cireumjacet
2553 3193 2816 3252 ossibus.
2861 3196 2991 3251 Non
3019 3193 3133 3250 ﬂos
3161 3192 3318 3250 inest
3362 3191 3424 3248 in
3465 3195 3624 3250 cute.

249 3288 420 3374 χροῦς
456 3283 610 3346 ἄνθος
649 3284 745 3338 οὐκ
782 3288 896 3358 ἔχει
1071 3291 1142 3341 T6
1163 3291 1253 3362 μεν
1281 3290 1384 3363 γαρ
1414 3287 1628 3365 ἐρυθρόν
1659 3293 1853 3364 φεύγει,

1968 3289 2137 3354 Nam,
2171 3287 2535 3358 consumpto
2557 3283 2878 3354 sanguine,
2903 3282 3055 3356 fugit
3075 3281 3294 3349 rubor;
3317 3296 3442 3338 non
3464 3280 3637 3338 adest

249 3367 596 3444 ἐκτηκομίνου
634 3380 728 3426 τοῦ
766 3375 988 3446 αἵματος
1012 3395 1026 3410 ·
1083 3379 1143 3429 1'6
1199 3377 1379 3430 λευκόν
1438 3378 1534 3431 οὐκ
1588 3381 1725 3447 ἔστι,
1789 3388 1852 3454 τῇ

254 3457 538 3532 ἰσχνότητι
573 3469 669 3523 τῆς
707 3460 1003 3536 ἐπιφανείας
1030 3464 1400 3539 μελαινομένης
1425 3487 1438 3500 ·
1497 3464 1739 3521 πελιδνόν
1798 3465 1858 3522 δε

249 3551 308 3600 τό
353 3558 508 3622 σῶμα
554 3550 828 3626 ὠχρότητι
864 3557 954 3605 καὶ
1008 3562 1082 3626 τῷ
1138 3555 1318 3628 μέλανι
1374 3554 1598 3620 ἐλεεινῶς
1654 3555 1708 3610 ἐκ
1763 3565 1858 3610 τοῦ

249 3639 455 3701 πάθους
489 3644 796 3714 κιρνὼμενον
837 3643 912 3713 (8)
939 3662 952 3676 '
991 3647 1189 3714 γόνατα
1225 3644 1285 3698 ού
1326 3642 1687 3719 βαστάζοντα,
1729 3645 1860 3700 ἀλλὰ

249 3731 384 3803 πρὸς
441 3726 565 3800 βίαν
622 3728 886 3804 ἑλκόμενα.
963 3736 1107 3790 Φωνὴ
1184 3731 1343 3793 λεπτὴ
1419 3740 1510 3788 καὶ
1584 3732 1856 3810 ἀδρανὴςο

252 3816 510 3890 ὀφθαλμοὶ
567 3817 956 3884 ἐνασθενοῡντες
1006 3828 1123 3886 ταῖς
1187 3823 1510 3894 κοιλότησιν,
1579 3826 1688 3888 εἰκῆ
1745 3835 1861 3890 ταῖς

253 3908 440 3972 θήκαις
479 3907 881 3984 ἐναποκείμενοι,
924 3914 995 3975 ὡς
1031 3915 1098 3966 τὰ
1135 3921 1247 3977 τοῖς
1284 3913 1520 3991 ἐλύτροις
1566 3914 1862 3991 ἐμψυγίντα

249 4005 350 4049 τῶν
401 3994 726 4074 ἀκροδρύων.
811 4004 1022 4077 Γαστηρ
1094 4005 1211 4062 κενὴ
1273 4008 1363 4057 καὶ
1423 4012 1856 4078 συμπεπτωκυῖα,

249 4091 342 4139 καὶ
370 4085 624 4164 ἄμορφος,
665 4089 760 4143 ούκ
799 4093 970 4164 ὄγκον,
1012 4091 1072 4145 ού
1127 4097 1350 4166 φυσικὴν
1397 4103 1498 4148 τῶν
1540 4095 1859 4170 σπλάγχνων

249 4173 490 4229 ἐπίτασιν
541 4179 764 4250 ἔχουσα,
806 4186 916 4243 τοῖς
957 4179 1156 4245 ὀστέοις
1196 4177 1256 4236 δε
1293 4191 1385 4236 τοῦ
1431 4189 1596 4239 νώτου
1633 4205 1862 4260 προσπε-

247 4263 545 4338 πλασμένη.
585 4265 643 4319 Ὀ
682 4263 772 4320 οὖν
795 4276 1030 4323 τοιοῦτον
1072 4279 1226 4344 σῶμα
1273 4279 1624 4348 παρατρέχων
1682 4279 1858 4329 πόσων

248 4352 510 4408 κολάσεων
546 4353 730 4424 ἄξιοςς
779 4361 899 4410 τίνα
928 4353 1292 4432 δὶ”ὠμότητος
1353 4361 1634 4436 ὑπερϐολὴν
1689 4383 1858 4418 κατα-

247 4439 451 4516 λείψεις
492 4453 604 4508 πῶς
647 4438 828 4498 dbo-5:1
865 4444 1012 4510 ἄξιος
1039 4453 1150 4510 τοῖς
1187 4445 1464 4526 ἀνημέροις
1517 4462 1616 4506 τῶν
1667 4455 1861 4532 θηρίων

249 4535 710 4610 συναριθμεῖσθαι,
754 4534 981 4608 ὁρᾶσθαι
1025 4531 1086 4589 δε
1122 4533 1307 4610 ἕναγὴς
1363 4545 1456 4594 καὶ
1504 4531 1857 4618 ἀνδροφόνοςς

245 4621 305 4676 Ὀ
341 4625 445 4698 γὰρ
491 4627 630 4697 ἔχων
668 4621 717 4676 ἐν
757 4621 974 4698 ἐξουσίᾳ
1028 4630 1123 4685 τὴν
1182 4635 1274 4680 τοῦ
1331 4637 1496 4683 κακοῦ
1564 4633 1855 4708 θεραπείαν,

249 4712 376 4767 ἐκὼν
433 4711 492 4767 δὲ
537 4717 630 4766 καὶ
678 4715 810 4789 πρὸς
847 4713 1139 4779 πλεονεξίαν
1180 4715 1596 4794 ὑπερτιθέμενος,
1647 4723 1858 4789 εἰκότως

251 4798 311 4854 ἂν
348 4801 400 4856 ἐν
428 4811 500 4876 τῷ
528 4805 629 4877 ἴσῳ
659 4812 759 4856 τῶν
799 4801 1124 4882 αὐτοχείρων
1171 4805 1609 4872 καταδικάζοιτο.
1653 4813 1724 4867 T6
1765 4822 1858 4868 τοῦ

250 4895 402 4964 λιμοῦ
436 4893 604 4954 πάθος
639 4891 1009 4966 κατηνάγκασε
1043 4893 1268 4960 πολλοὺς
1315 4897 1568 4964 πολλάκις
1603 4906 1695 4956 καὶ
1732 4907 1854 4966 τούς

321 5015 366 5052 ⁸¹
400 5015 468 5072 ιιι
498 5005 642 5088 Reg.
672 5034 820 5090 xvu,
862 5023 954 5076 t2.

429 5139 569 5225 ἕεις.
600 5141 832 5223 primus
860 5137 979 5225 ἐμοὶ,
1003 5147 1095 5225 καί
1131 5152 1240 5225 τοῖς
1271 5147 1468 5225 τέκνοις
1492 5169 1618 5225 μου.

322 5209 402 5300 (ξ)
431 5209 573 5300 ινιτ
600 5209 844 5300 Priami
1045 5215 1281 5300 ἀλφσρουο
1337 5209 1658 5295 Madame
1710 5229 1854 5300 post

322 5225 402 5284 (5)
431 5225 569 5338 Heg.
603 5227 834 5285 primus
889 5225 982 5268 τοῦ
1045 5225 1281 5292 ἀλεύρου.

248 5281 411 5362 idqui
435 5296 506 5362 eo
525 5299 626 5362 __ex
656 5280 874 5362 διπλοῦν
905 5284 1298 5362 ἀντεισάγοντα.

319 5355 398 5436 (ρ)
437 5353 606 5436 ΟοΠᾷο
649 5357 908 5436 _pri_mus
951 5353 1138 5435 πυρός’
1165 5359 1396 5436 ἀφορμήο
1447 5365 1615 5424 Alius
1663 5368 1854 5426 codex

250 5425 413 5483 Colb.
445 5430 609 5500 πυρός
637 5425 795 5500 ὀργή.

319 5480 928 5586 (ilﬁqlbjprijmushct
949 5500 1048 5557 alii
1069 5501 1192 5560 duo
1214 5520 1358 5586 mss.
1383 5509 1546 5586 Regii
1565 5515 1731 5586 χροιά
1751 5515 1851 5586 έν-

251 5571 338 5632 θος
367 5567 464 5622 οὐκ
492 5567 640 5641 ἔχεις
655 5570 825 5628 color
844 5571 1049 5644 ﬂorem
1076 5589 1196 5632 non
1228 5577 1424 5648 habet,
1454 5567 1634 5643 ὥαῖἕ.
1667 5584 1840 5643 Colb.

1967 3374 2158 3443 albor,
2183 3372 2502 3448 superﬁcie
2529 3389 2636 3446 per
2664 3373 2924 3430 maciem
2952 3371 3332 3442 nigrescente
3367 3387 3380 3440 ;
3415 3385 3639 3444 corpus

1964 3463 2126 3534 livet,
2148 3463 2378 3536 pallore
2399 3466 2582 3536 atque
2603 3462 2757 3534 nigri
2767 3461 2970 3520 tudine
2992 3477 3100 3534 per
3117 3460 3402 3518 morbum
3419 3459 3638 3518 misere

1969 3551 2276 3622 admistis;
2326 3567 2529 3623 genua
2558 3567 2684 3608 non
2709 3555 3068 3618 sustentant,
3108 3549 3215 3606 scd
3269 3549 3327 3606 vi
3380 3553 3439 3606 et
3476 3565 3638 3621 (egre

1967 3642 2310 3700 trahuntur.
2344 3644 2467 3698 Vox
2495 3640 2689 3698 tenuis
2719 3645 2777 3696 et
2803 3639 3138 3710 languida;
3184 3637 3344 3696 oculi
3375 3638 3441 3695 in
3471 3638 3638 3695 cavis

1969 3733 2096 3790 suis
2127 3730 2443 3800 debilitati,
2475 3730 2694 3786 frustra
2714 3729 2776 3785 in
2805 3727 2995 3785 thecis
3016 3744 3089 3784 ae
3111 3725 3368 3784 valvulis
3396 3727 3634 3793 inclusi,

1970 3829 2264 3896 tanquam
2317 3818 2494 3876 nucei
2541 3818 2770 3874 fructus
2812 3817 2970 3874 intra
2997 3814 3316 3890 putamina
3354 3814 3637 3872 arefacti.

1971 3915 2182 3972 Venter
2210 3926 2466 3978 vacuus,
2517 3911 2886 3978 contractus,
2931 3905 3232 3973 informis,
3283 3905 3412 3961 sine
3451 3905 3636 3976 mole,

1969 4004 2098 4062 sine
2129 4000 2391 4060 naturali
2419 3999 2720 4057 viscerum
2752 3993 3144 4065 distensione,
3200 3993 3442 4052 ossibus
3471 3993 3640 4052 dorsi

1967 4093 2407 4152 adhaerescens.
2441 4087 2550 4150 Qui
2576 4087 2758 4159 igitur
2778 4101 3001 4160 corpus
3029 4082 3331 4157 ejusmodi
3353 4083 3635 4157 praeterit,
3692 4152 3705 4166 _

1967 4182 2213 4258 quantis
2246 4177 2559 4254 suppliciis
2586 4175 2810 4248 dignus
2836 4175 2973 4232 est?
3015 4172 3167 4248 quid
3213 4172 3269 4230 ei
3317 4170 3507 4230 deerit
3557 4171 3639 4230 ad

1969 4271 2342 4330 crudelitatis
2363 4266 2721 4326 cumulum?
2739 4263 3054 4340 quomodo
3076 4267 3182 4320 aut
3199 4277 3325 4320 non
3347 4277 3640 4322 annume.

1966 4362 2201 4421 rabitur
2217 4361 2350 4435 jure
2370 4374 2441 4417 ac
2461 4357 2674 4415 merito
2699 4355 2857 4412 inter
2879 4351 3358 4410 immanissimas
3372 4351 3633 4424 belluas,

1968 4457 2072 4510 aut
2101 4465 2226 4508 non
2253 4447 2578 4506 habebitur
2611 4461 2723 4520 pro
2745 4442 2997 4502 scelesto
3015 4447 3074 4499 et
3091 4439 3400 4499 homicida
3419 4441 3448 4497 ?
3486 4443 3638 4498 Nam

1969 4543 2076 4616 qui
2102 4543 2303 4615 potest
2340 4537 2502 4596 malo
2532 4535 2782 4604 mederi,
2813 4533 2920 4590 sed
2951 4536 3168 4606 sponte
3216 4535 3274 4588 et
3314 4529 3395 4588 ob
3439 4531 3638 4588 avari-

1967 4631 2116 4689 tiam
2141 4629 2360 4696 differt,
2387 4643 2513 4684 non
2541 4625 2766 4697 injuria
2789 4622 2954 4680 velut
2997 4619 3307 4678 homicida
3352 4619 3639 4676 condem-

1968 4719 2100 4778 nari
2125 4720 2244 4792 70
2279 4716 2512 4791 poterit.
2553 4713 2756 4784 Coegit
2784 4726 2907 4768 non
2938 4724 3173 4784 paucos
3209 4722 3636 4781 saepenumero

1967 4809 2146 4868 famis
2173 4805 2476 4879 angustia,
2511 4802 2798 4861 terminos
2833 4801 3014 4858 etiam
3044 4801 3278 4855 'naturre
3332 4801 3634 4866 excutere,

1965 4902 2400 4974 hominemque
2434 4895 2594 4954 vesci
2636 4893 2949 4952 tribulium
2987 4887 3373 4964 corporibus,
3427 4891 3481 4944 et
3509 4903 3636 4946 ma-

1962 5152 2170 5212 tertius
2189 5152 2357 5226 χροιὰ
2386 5144 2672 5226 βάθος-οὐκ
2689 5147 2834 5226 Δἔχει,
2869 5143 3183 5226 colorum
3399 5137 3634 5226 fallitu-

1961 5214 2304 5299 dinemfpej
2315 5214 2403 5278 us".
2430 5219 2618 5299 Editio
2641 5214 2900 5299 utraque
2930 5214 3013 5299 uti
3128 5214 3436 5299 contextu.

1961 5323 1967 5329 -
2035 5284 2417 5368 (8).Ufra'que
2442 5289 2712 5368 editio_et
2743 5284 2908 5368 Qolb.
2958 5284 3164 5368 tertius
3205 5284 3410 5368 πάθους
3450 5299 3634 5354 κρινο-

1963 5354 2132 5443 μάοέ,
2165 5354 2516 5438 depravate.
2540 5365 2612 5417 At
2640 5358 2802 5428 Regii
2832 5354 3139 5412 secundus
3169 5358 3228 5410 et
3255 5354 3467 5411 tertius
3489 5369 3632 5409 cum

1967 5439 2112 5482 Ρηὶῆ
2167 5437 2336 5482 tnrtin
2373 5439 2702 5482 κίον-ἔπλωον.
2733 5427 3072 5482 emendate.
3136 5427 3269 5482 ΜΟΧ
3312 5423 3438 5481 duo
3477 5439 3628 5480 mss.

1966 5439 2132 5498 Colb.
2167 5439 2336 5495 tertio
2373 5439 2702 5506 κιονὺμενον,
2733 5439 3072 5485 emendate.
3136 5439 3269 5482 mox
3312 5439 3438 5481 duo
3477 5439 3628 5480 mss.

1966 5517 2104 5636 ίρωέὴ
2274 5492 2456 5565 λεπτή..
2522 5501 2791 5561 Subinde
2848 5498 3014 5555 Colb.
3081 5497 3312 5571 primus
3373 5494 3632 5569 ὀφθαλμοὶ

1966 5603 2038 5636 ασ
2077 5600 2294 5636 ενουνες.

1966 5600 2294 5647 ασυενουνες.
