4124 6388
464 289 569 348 335

1855 282 1913 342 S.
1955 280 2203 340 BASlLll
2241 282 2464 344 MAG-Nl

3724 290 3831 350 336

460 418 570 482 est,
603 410 915 487 quomodo
940 406 1168 469 dictum
1198 413 1331 468 est:
1363 408 1491 482 Ego
1509 410 1619 482 qui
1644 409 1836 467 lucem
1856 407 2097 465 condidi

2229 409 2433 481 εἴρηται
2488 412 2568 477 τὸ,
2622 409 2751 483 Ἐγὼ
2807 410 2834 463 ὃ
2881 412 3303 479 κατασκευάσας,
3362 421 3485 485 φῶς,
3526 414 3614 465 καὶ
3667 420 3827 475 ποιή-

459 507 514 562 et
527 505 652 576 feci
669 503 943 561 tenebras
963 517 976 556 :
995 502 1228 572 faciens
1235 506 1532 571 pacem,et
1548 514 1756 558 creans
1776 498 2023 556 mata"?
2039 501 2121 552 Ac

456 609 671 650 rursus
700 614 714 650 :
746 592 1217 659 Descenderunt,
1249 591 1468 664 inquit,
1496 591 1661 647 mala
1683 606 1721 648 a
1741 590 1995 646 Domino
2024 604 2120 643 su-

446 699 565 754 per
578 688 787 754 portas
812 682 1149 739 Jerusalem
1172 683 1240 735 7°.
1268 684 1335 738 Et
1363 697 1377 736 :
1407 682 1648 738 Non‘est
1674 681 1915 737 malitia
1948 680 2013 735 in
2038 679 2117 734 ci-

455 775 661 839 vitate,
684 788 868 844 quam
895 772 1189 827 Dominus
1220 786 1342 826 non
1371 772 1670 841 fecerit".
1704 772 1770 825 Et
1795 769 1858 826 in
1888 781 2117 838 magno

453 861 556 918 illo
577 860 793 933 Moysis
817 860 1054 916 cantico
1085 876 1099 914 :
1134 860 1354 923 Videte,
1376 859 1571 916 videte
1589 859 1731 931 quia
1751 872 1857 928 ego
1872 871 2041 913 sum:
2060 861 2118 913 et

452 966 574 1007 non
595 957 679 1007 est
708 952 863 1007 Deus
898 954 1125 1018 preter
1149 964 1278 1005 me:
1309 949 1441 1019 Ego
1485 948 1774 1018 occidam,
1821 951 1880 1003 et
1916 946 2116 1002 vivere

448 1041 677 1111 faciam
706 1060 720 1095 :
744 1039 1103 1109 percutiam,
1128 1044 1183 1095 et
1204 1053 1312 1108 ego
1340 1037 1653 1095 sonabo".
1680 1035 1794 1093 Sed
1823 1034 1972 1091 nihil
2000 1034 2113 1091 ho-

450 1144 585 1185 rum
607 1127 773 1202 apud
790 1144 895 1184 eos
918 1127 1025 1200 qui
1050 1126 1368 1203 Scriptura:
1385 1142 1633 1182 sensum
1658 1124 1898 1192 callent,
1923 1126 2111 1180 Deum

445 1218 757 1289 redarguit
776 1222 1074 1289 tanquam
1100 1220 1410 1272 auctorem
1440 1214 1742 1272 malorum
1772 1218 1953 1287 atque
1975 1212 2111 1270 effe-

446 1314 699 1366 ctorem.
739 1309 854 1374 Qui
884 1306 1048 1362 enim
1079 1305 1230 1362 dixit
1262 1324 1276 1361 :
1309 1308 1452 1377 Ego,
1481 1306 1587 1377 qui
1607 1304 1797 1361 condo
1826 1304 2111 1371 lucem,'et

442 1399 607 1468 facio
630 1397 1038 1467 tenebras,per
1055 1394 1183 1450 haec
1205 1410 1269 1450 se
1288 1410 1494 1450 rerum
1517 1393 1800 1467 opiﬁcem
1821 1391 2106 1459 declarat,

440 1502 566 1543 non
604 1485 749 1543 mali
792 1484 971 1540 ullius
1018 1483 1385 1540 effectorem.
1430 1487 1636 1557 Itaque
1682 1498 1759 1539 ne
1798 1481 2109 1539 existimes

438 1576 629 1632 alium
684 1589 819 1631 esse
856 1573 1011 1630 lucis
1060 1578 1393 1639 auctorem,
1436 1572 1622 1628 alium
1674 1570 2104 1638 tenebrarum;

436 1664 593 1721 dixit
620 1680 703 1726 se.
733 1678 947 1719 eorum
993 1679 1131 1736 quae
1162 1663 1225 1718 in
1266 1662 1449 1718 rebus
1478 1660 1694 1717 creatis
1748 1660 1866 1717 sibi
1896 1660 2108 1717 adver-

2230 515 2327 558 σας
2394 502 2624 569 σκότος,
2701 509 2861 552 ποιῶν
2929 500 3135 573 εἰρήνην
3217 505 3307 554 καὶ
3376 502 3568 563 κτίζων
3643 506 3825 570 κακάς
3892 506 3901 515 “

2228 590 2330 637 Καὶ
2375 586 2549 638 πάλιν*
2607 587 2832 656 Κατέϐη,
2884 592 3037 660 φησὶ,
3089 591 3227 641 κακά
3278 592 3420 664 παρά
3483 595 3677 665 Κυρίου
3741 590 3825 644 ἐπὶ

2223 673 2388 737 πύλας
2453 675 2812 751 Ἰερουσαλήμ·
2894 682 3003 730 καῖ’
3061 678 3173 730 Οὐκ
3226 682 3340 732 ἔστι
3403 685 3565 733 κακία
3630 680 3678 733 ἕν
3734 685 3827 734 πό-

2222 760 2316 829 λει,
2388 763 2448 822 ἣν
2508 768 2697 838 Κύριος
2762 765 2857 818 οὐκ
2930 765 3166 825 ἐποίησε.
3225 774 3326 822 Καὶ
3388 767 3436 821 ἰν
3493 778 3555 843 τῇ
3623 771 3819 845 μεγάλῃ

2223 848 2336 925 ᾠδῇ
2378 861 2470 905 τοῦ
2515 860 2784 918 Μοῦσέως·
2836 852 3022 924 Ἴδετε,
3065 854 3222 925 ῖδενε,
3263 859 3344 911 ὅτι
3382 862 3496 927 (43)
3537 857 3637 933 ἐγώ
3695 860 3821 934 εἰμι,

2220 945 2311 993 καὶ
2375 942 2469 995 οὐκ
2546 946 2662 996 ἔστι
2731 947 2855 1007 Θεὸς
2941 946 3074 1005 πλὴν
3149 945 3293 1020 ἐμοῦο
3363 947 3462 1020 ἑγὼ
3539 946 3818 1016 ἀποκτενῶ,

2219 1034 2309 1082 καὶ
2372 1031 2468 1104 ζῇν
2534 1038 2762 1092 ποιήσω·
2829 1036 3083 1103 πατάξω,
3164 1035 3309 1109 κάγὼ
3388 1037 3625 1112 ἰάσομαι.
3692 1037 3824 1093 Ἀλλ’

2219 1115 2369 1173 οὖδὶν
2431 1122 2625 1173 τούτων
2692 1132 2765 1194 τῷ
2833 1129 3057 1178 συνιέντι
3121 1128 3207 1177 τὸν
3273 1133 3389 1178 νοῦν
3452 1135 3547 1190 τῆς
3615 1133 3821 1201 Γραφῆς

2218 1216 2537 1287 κατηγορίαν
2569 1215 2682 1284 ἔχει
2713 1221 2867 1280 Θεοῦ,
2901 1217 2970 1277 ὡς
3012 1223 3185 1267 κακῶν
3239 1216 3410 1269 αἰτίου
3454 1222 3544 1269 καὶ
3575 1224 3818 1276 ποιητοῦ·

2217 1301 2244 1353 ὁ
2303 1303 2405 1377 γὰρ
2459 1302 2633 1370 εἰπὼν,
2692 1304 2774 1356 ὅτι
2829 1303 2955 1376 Ἐγὼ
3008 1306 3034 1356 ὁ
3099 1307 3506 1367 κατασκευάζων
3556 1316 3680 1378 φῶς,
3732 1312 3821 1361 καὶ

2216 1398 2378 1443 ποιῶν
2437 1395 2644 1458 σκότος,
2688 1401 2785 1456 τῆς
2835 1397 3055 1455 κτίσεως
3108 1390 3434 1469 δημιουργόν
3491 1395 3671 1449 ἑαυτὸν
3728 1393 3822 1449 διὰ

2215 1481 2411 1533 τούτων
2457 1486 2801 1555 παρίστησιν,
2848 1482 2977 1555 οὐχὶ
3028 1490 3193 1536 κακοῦ
3234 1503 3373 1547 τινος
3419 1490 3663 1544 ποιητήν.
3712 1491 3823 1539 Ἵνα

2214 1572 2385 1621 τοίνυν
2432 1573 2504 1642 μὴ
2545 1575 2770 1644 νομίσῃς
2815 1570 2966 1623 οἰλλον
2996 1575 3087 1643 μὲν
3132 1569 3261 1625 εἶναι
3307 1581 3398 1625 τοῦ
3431 1577 3597 1645 φωτός
3630 1576 3816 1642 αῖτιον,

2214 1657 2364 1710 ἀλλον
2431 1654 2491 1711 δι
2546 1667 2638 1712 τοῦ
2694 1664 2934 1728 σκότους,
2994 1660 3173 1715 ἐαυτον
3227 1659 3336 1715 εἷπε
3375 1670 3476 1714 τῶν
3526 1659 3831 1725 δοκούντων,

437 1752 558 1810 sari
579 1751 858 1808 videntur
868 1750 1211 1807 effectorem
1225 1766 1358 1806 esse
1370 1754 1427 1805 et
1444 1748 1746 1821 opiﬁcem;
1769 1764 1844 1805 ne
1864 1764 2097 1821 quaeras

2213 1745 2451 1809 ἐναντίως
2501 1750 2643 1820 ἔχειν
2695 1753 2830 1801 κατὰ
2875 1753 2971 1807 τὴν
3021 1755 3195 1803 κτίσίν
3234 1756 3452 1809 ποιητὴν
3500 1758 3590 1805 καὶ
3644 1758 3818 1825 τεχνί-

438 1842 625 1900 alium
664 1840 845 1912 ignis,
875 1839 1066 1895 alium
1112 1844 1296 1912 atque
1344 1839 1657 1907 artificem,
1685 1853 1885 1911 neque
1916 1836 2101 1894 alium

437 1930 613 1998 aeris,
674 1935 735 1987 et
785 1929 973 1987 alium
1021 1935 1212 2000 teme,
1263 1928 1433 2002 quod
1488 1928 1618 1985 haec
1670 1927 1875 2000 aliquo
1914 1927 2101 1985 modo

430 2021 607 2093 juxta
638 2018 1004 2093 qualitatum
1046 2018 1534 2074 contrarietatem
1561 2017 1718 2073 inter
1737 2032 1800 2073 se
1821 2016 2101 2089 opposita

435 2123 566 2164 esse
593 2107 938 2163 videantur.
981 2104 1157 2172 Quod
1193 2104 1346 2160 dum
1372 2103 1649 2161 nonnulli
1682 2104 1816 2175 jam
1848 2103 2095 2172 faciunt,

431 2198 580 2255 deos
635 2197 857 2253 multos
908 2194 1234 2252 admisere.
1285 2194 1449 2251 Facit
1493 2199 1698 2250 autem
1752 2208 1988 2267 pacem,
2039 2196 2099 2249 et

430 2291 593 2344 creat
611 2284 793 2342 mala.
815 2283 1064 2343 Maxime
1085 2282 1335 2356 quidem
1356 2282 1416 2338 in
1449 2288 1505 2339 te
1527 2298 1743 2356 pacem
1765 2281 1930 2349 facit,
1955 2296 2097 2337 cum

431 2390 537 2448 per
578 2374 812 2431 bonam
858 2370 1202 2428 doctrinam
1254 2374 1521 2427 mentem
1574 2376 1741 2426 tuam
1769 2367 2100 2426 reddiderit

430 2462 844 2537 tranquillam,
870 2461 1246 2533 affectusque
1276 2459 1339 2516 in
1366 2459 1641 2517 animam
1660 2458 2099 2516 rebellesseda-

430 2553 527 2609 rit.
564 2555 737 2610 Creut
764 2566 904 2608 vero
934 2549 1138 2616 mala;
1170 2550 1289 2606 hoc
1310 2554 1422 2619 est,
1454 2552 1823 2607 transmutat
1847 2547 2009 2621 ipsa,
2041 2552 2100 2606 et

432 2642 496 2699 in
527 2641 841 2699 meliorem
871 2643 1095 2695 statum
1136 2638 1407 2706 adducit,
1453 2643 1540 2706 ut,
1571 2654 1712 2694 cum
1748 2638 1916 2695 mala
1960 2654 2098 2695 esse

431 2730 739 2801 desierint,
783 2733 913 2786 tum
942 2727 1092 2784 boni
1117 2732 1399 2784 naturam
1430 2726 1705 2784 induant.
1761 2727 1883 2785 Cor
1924 2743 2096 2784 mun-

429 2821 573 2877 dum
599 2835 741 2878 crea
780 2823 846 2875 in
886 2833 1001 2884 me,
1040 2818 1291 2874 Deus”.
1333 2820 1460 2873 Non
1498 2832 1665 2874 nunc
1693 2832 1854 2886 crea,
1888 2816 1995 2873 sed
2022 2816 2096 2873 il-

427 2909 536 2966 lud
583 2924 696 2983 per
743 2907 1041 2964 malitiam
1099 2905 1501 2963 inveteratum
1554 2921 1800 2963 renova.
1847 2908 1913 2963 Et
1957 2922 1971 2962 :
2026 2908 2097 2964 Ut

428 3000 578 3057 duos
607 3003 764 3056 creet
794 2999 859 3053 in
880 3012 1067 3052 unum
1094 3011 1314 3052 novum
1336 2995 1634 3053 hominem
1650 2997 1719 3050 9°.
1745 2995 2097 3052 Adhibitum

426 3094 518 3145 est
553 3088 670 3145 hoc
695 3085 966 3156 verbum,
991 3092 1168 3153 creet,
1196 3100 1322 3173 non
1347 3088 1412 3141 ut
1452 3101 1523 3141 ex
1554 3084 1743 3173 nihilo
1774 3084 2092 3156 producat,
2136 3118 2176 3173 Ο

427 3176 536 3234 sed
564 3182 632 3232 ut
649 3190 754 3231 eos
782 3173 889 3246 qui
909 3173 1041 3245 jam
1064 3172 1458 3240 exsistebant,
1480 3172 1894 3229 transformat.
1928 3176 2094 3240 Item,

427 3267 500 3323 Si
535 3280 656 3336 qua
695 3266 760 3319 in
793 3263 1034 3319 Christo
1064 3268 1150 3319 est
1186 3276 1345 3318 nova
1371 3263 1739 3318 creatura“.
1770 3266 1851 3317 Ac
1883 3277 2099 3317 rursus

429 3357 665 3424 Moyses
704 3367 717 3408 :
758 3351 976 3408 Nonne
1002 3350 1101 3406 hic
1125 3350 1251 3419 ipse
1271 3356 1452 3418 pater
1478 3355 1617 3405 tuus
1645 3349 1904 3419 possedit
1936 3355 2012 3419 te,
2042 3355 2099 3406 et

424 3443 570 3514 fecit
602 3446 678 3510 te,
711 3445 765 3496 et
806 3439 1031 3495 creavit
1059 3438 1228 3494 te"?
1277 3438 1380 3494 l-lic
1430 3438 1590 3493 enim
1634 3436 1803 3501 illud,
1845 3439 2092 3510 creavit,

428 3530 597 3604 quod
640 3532 782 3602 post
825 3526 1081 3583 verbum
1128 3527 1274 3597 fecit
1318 3526 1586 3599 positum
1628 3531 1737 3598 est,
1780 3526 2097 3600 perspicue

428 3636 542 3677 nos
561 3618 755 3689 docet,
778 3631 1004 3673 nomen
1030 3615 1351 3672 creationis
1368 3631 1479 3688 pro
1500 3615 1772 3687 quadam
1796 3617 1860 3672 in
1882 3615 2098 3672 melius

427 3708 765 3766 mutatione
786 3706 1146 3778 plerumque
1167 3704 1470 3777 usurpari.
1496 3708 1699 3778 Itaque
1718 3706 1972 3763 Faciens
1987 3721 2095 3776 pa-

426 3813 573 3866 cem,
603 3797 687 3855 ita
731 3811 952 3870 pacem
999 3793 1165 3863 facit,
1200 3793 1477 3850 videlicet
1505 3810 1578 3849 ex
1624 3809 1695 3850 eo
1733 3794 1903 3867 quod
1932 3797 2097 3851 creat

425 3886 734 3955 mala,hoc
750 3887 1238 3951 est,transmutat
1257 3887 1317 3940 et
1335 3882 1869 3939 emendat.Deinde
1888 3883 2095 3940 etiam-

428 3976 479 4033 si
519 3991 739 4050 pacem
768 3973 1067 4043 intelligas
1110 3973 1493 4029 vacationem
1544 3988 1582 4029 a
1610 3972 1804 4042 bellis,
1836 3973 2093 4030 malum-

427 4082 547 4140 que
577 4065 749 4121 dicas
783 4062 1089 4120 molestias
1117 4078 1254 4136 quae
1282 4061 1708 4133 belligerantes
1735 4067 2091 4136 sequuntur,

425 4153 842 4228 expeditiones
889 4152 1283 4226 longinquas,
1325 4151 1588 4224 labores,
1621 4152 1881 4224 vigilias,
1913 4153 2090 4210 timo-

424 4260 542 4308 res,
585 4242 863 4311 sudores,
912 4241 1185 4313 vulnera,
1229 4241 1450 4313 caedes,
1491 4241 1736 4299 urbium
1784 4258 2090 4315 expugna-

426 4334 646 4405 tiones,
682 4332 1048 4404 servitutem,
1096 4330 1326 4401 exsilia,
1372 4331 1724 4389 miseranda
1769 4338 2089 4406 captorum

425 4420 796 4496 spectacula,
828 4426 887 4478 et
910 4421 973 4477 in
1005 4436 1269 4491 summa,
1292 4418 1687 4477 incommoda
1707 4422 1914 4478 omnia
1929 4438 2090 4495 qua:-

422 4527 666 4585 cunque
696 4509 856 4569 bella
886 4510 1255 4567 comitantur
1286 4526 1299 4565 :
1330 4508 1590 4565 dicimus
1617 4509 1745 4567 ﬁeri
1772 4510 1903 4567 haec
1922 4511 2087 4584 justo

416 4600 649 4673 judicio
694 4600 816 4670 Dei,
861 4599 957 4670 iis,
1005 4599 1113 4672 qui
1141 4598 1445 4672 supplicio
1483 4598 1648 4673 digni
1681 4603 1841 4670 sunt,
1871 4617 2088 4674 poenas

2211 1855 2326 1904 rm,
2378 1839 2462 1888 ἵνα
2507 1840 2579 1910 μὴ
2624 1837 2867 1911 ζητήσῃς
2912 1837 3061 1890 οῦιλον
3106 1840 3219 1911 (44)
3263 1843 3429 1914 πυρὸς
3469 1837 3811 1915 δημιουργόν,

2209 1929 2300 1977 καὶ
2345 1923 2498 1978 ἄλλον
2545 1922 2759 1994 ὕδατος,
2791 1923 2933 2000 μῃδε
2980 1927 3129 1981 ἄλλον
3178 1926 3344 2002 ἀέρος,
3387 1933 3477 1983 καὶ
3508 1929 3657 1983 ἄλλον
3694 1940 3811 2003 γῆς·

2208 2009 2389 2073 ἐπειδὴ
2448 2010 2595 2067 δοκεῖ
2634 2035 2744 2079 πως
2791 2016 3115 2069 ἀντικεῖσθαι
3154 2016 3392 2081 ἀλλήλοις
3420 2022 3555 2072 κατὰ
3591 2025 3684 2079 τὴν
3714 2030 3812 2074 τῶν

2202 2108 2499 2177 ποιοτήτων
2548 2102 2865 2161 ἐναντίωσιν.
2915 2104 3077 2181 Ὀπερ
3127 2102 3233 2165 ἤδη
3280 2111 3415 2171 τινες
3463 2111 3711 2173 παθόντες
3742 2111 3814 2173 εἰς

2204 2189 2480 2244 πολυθείαν
2528 2190 2849 2266 ίτράπησαν.
2907 2200 3053 2247 Ποιεῖ
3104 2190 3163 2247 δι
3212 2195 3442 2271 εἰρήνην,
3501 2202 3591 2250 καὶ
3642 2200 3811 2261 κτίζει

2207 2283 2363 2336 κακά.
2414 2281 2661 2335 Μάλιστα
2715 2287 2806 2356 μὲν
2862 2283 3067 2359 εἰρήνην
3115 2292 3254 2338 ποιεῖ
3295 2284 3344 2338 ἄν
3398 2292 3500 2354 σοὶ,
3548 2289 3668 2340 ὅταν
3718 2285 3812 2342 διὰ

2205 2379 2302 2431 τῆς
2355 2369 2519 2433 καλῆς
2569 2368 2924 2435 διδασκαλίας
2976 2377 3349 2448 κατειρῃνεύσῃ
3396 2378 3482 2428 τόν
3524 2384 3641 2429 νοῦν
3692 2396 3807 2445 σου,

2205 2463 2296 2512 καὶ
2345 2455 2595 2534 διαλλάξῃ
2647 2464 2714 2513 τὰ
2754 2463 2894 2521 πάθῃ
2941 2464 3008 2515 τά
3047 2466 3178 2538 πρὸς
3224 2468 3318 2522 τὴν
3365 2463 3551 2538 ψυχὴν
3593 2470 3812 2521 στασιά-

2208 2549 2383 2610 ζοντα·
2435 2554 2603 2613 κτίζει
2651 2548 2710 2604 δὲ
2766 2554 2921 2605 κακά·
2981 2556 3241 2621 τουτέστι,
3296 2563 3618 2628 μετακοσμεῖ
3678 2556 3813 2609 αὐτὰ

2205 2643 2297 2691 καί
2349 2638 2420 2701 εἰς
2488 2638 2766 2712 βελίτωσιν
2819 2643 2954 2713 ἄγει·
3011 2646 3165 2710 ὥστε,
3216 2640 3505 2717 ἀποθέμενα
3560 2648 3618 2697 τό
3682 2644 3812 2698 εἶναι

2206 2730 2363 2793 κακά,
2391 2731 2485 2786 τὴν
2525 2736 2617 2781 τοῦ
2665 2729 2825 2782 καλοῦ
2866 2734 3021 2803 φύσιν
3066 2730 3389 2804 μεταλαϐεῖν.
3435 2730 3669 2807 Καρδίαν
3699 2735 3809 2805 (45)

2205 2818 2440 2890 καθαρὰν
2495 2823 2675 2871 κτίσον
2724 2817 2772 2870 ἐν
2830 2817 2964 2892 ὶμοὶ,
3019 2820 3045 2871 ό
3093 2824 3234 2882 Θεός.
3287 2821 3431 2894 Οὐχὶ
3495 2830 3584 2874 νῦν
3641 2818 3808 2896 δημι-

2205 2908 2487 2979 ούργησον,
2520 2905 2647 2960 ἀλλά
2676 2912 2764 2966 τὴν
2808 2906 2863 2961 ἐκ
2901 2915 2995 2970 τῆς
3038 2913 3228 2972 κακίας
3264 2909 3647 2964 παλαιωθεῐσαν
3680 2910 3807 2964 ἀνα-

2207 3000 2459 3050 καίνισον.
2516 3000 2635 3063 Καὶ,
2678 3003 2787 3050 Ἰνα
2841 3001 2963 3060 τοὺς
3020 2994 3116 3050 δύο
3155 3004 3311 3072 κτίσῃ
3363 3000 3435 3061 εἰς
3488 3001 3575 3053 ἕνα
3633 3005 3808 3053 καινόν

2207 3085 2493 3160 ἄνθρωπον.
2528 3090 2620 3153 Τό,
2651 3091 2831 3159 κτίσῃ,
2864 3087 2970 3159 οὐχ
3016 3090 3099 3140 ἱνα
3135 3087 3189 3140 ἐκ
3236 3097 3329 3141 τοῦ
3375 3094 3447 3163 μὴ
3482 3094 3624 3153 ὄντος
3668 3112 3808 3165 παρ-

2208 3178 2403 3248 αγάγῃ,
2460 3173 2571 3227 ἀλλ’
2621 3175 2704 3227 ἵνα
2755 3178 2875 3237 τούς
2928 3180 3076 3240 ὄντας
3123 3184 3529 3252 μετακοσμήσῃ.
3580 3186 3698 3248 Καὶ,
3748 3184 3810 3233 Εἰ

2206 3282 2286 3324 τις
2343 3261 2395 3314 ἐν
2434 3269 2648 3336 Χριστῷ
2695 3268 2843 3321 καινὴ
2891 3269 3083 3328 κτίσις.
3134 3270 3235 3319 Καὶ
3278 3266 3431 3318 πάλιν
3480 3269 3506 3319 ό
3554 3275 3806 3330 Μωῡσὴςο

2206 3350 2318 3403 Οὐκ
2380 3353 2537 3413 αὐτὸς
2596 3352 2743 3415 οὗτος
2806 3353 2833 3405 ὃ
2901 3373 2994 3405 σου
3060 3358 3234 3428 πατὴρ
3285 3354 3541 3414 ἐκτήσατο
3597 3376 3671 3425 σε,
3718 3362 3809 3410 καὶ

2206 3440 2417 3499 ἐποίησέ
2461 3460 2537 3506 σε,
2588 3447 2678 3493 καὶ
2727 3444 2901 3495 ἔκτισί
2945 3462 3002 3496 σε
3042 3447 3195 3516 (46);
3238 3452 3413 3517 Σαφῶς
3456 3449 3555 3521 γὰρ
3589 3445 3809 3500 ἐνταῦθα

2203 3532 2336 3603 μετὰ
2359 3534 2453 3589 τὴν
2492 3534 2705 3589 ποίησιν
2754 3532 2783 3589 ἡ
2831 3537 3003 3595 κτίσις
3051 3535 3317 3605 ταχθεῖσα
3355 3530 3606 3589 διδάσκει
3644 3538 3803 3610 ἡμᾶς,

2204 3621 2285 3673 ὅτι
2335 3618 2420 3672 ἐπί
2467 3628 2564 3682 τῆς
2613 3618 2933 3692 βελτιώσεως
2982 3626 3247 3692 τέτακται,
3306 3626 3376 3685 ὡς
3423 3628 3487 3677 τὰ
3532 3624 3713 3693 πολλὰ,
3747 3630 3804 3678 τὸ

2203 3717 2299 3772 τῆς
2365 3714 2586 3772 κτίσεως
2653 3714 2830 3784 ὧδομα.
2898 3709 3058 3765 Ὥστε
3125 3714 3292 3765 Ποιὼν
3360 3713 3604 3787 εἰρήνην,
3669 3716 3804 3768 οὕτω

2202 3806 2343 3853 ποιεῖ
2376 3802 2470 3858 τὴν
2516 3799 2743 3873 εἰρήνην,
2786 3799 2838 3851 ἐκ
2877 3808 2969 3853 τοῦ
3007 3802 3075 3853 τὰ
3112 3804 3251 3854 κακὰ
3288 3804 3507 3864 κτίζεινθ
3539 3809 3800 3873 τουτέστι,

2200 3895 2519 3961 μεταποιεῖν,
2569 3892 2659 3941 καὶ
2702 3888 2774 3952 εἰς
2817 3887 3093 3962 βελτίωσιν
3137 3892 3300 3964 οἴγειν.
3344 3890 3561 3946 Ἔπειτα
3604 3898 3800 3966 μέντοι,

2201 3976 2297 4029 κᾶν
2327 3982 2535 4051 εἰρήνην
2582 3982 2779 4052 νοήσῃς
2817 3983 2910 4038 τὴν
2958 3978 3015 4031 ἐκ
3061 3988 3161 4031 τῶν
3204 3980 3436 4054 πολέμων
3480 3979 3684 4050 ἄδειαν,
3714 3989 3804 4036 καὶ

2200 4069 2361 4119 κακόν
2410 4066 2556 4141 εἰπῃς
2603 4070 2670 4120 τά
2742 4067 3125 4121 ἀκολουθοῦντα
3174 4076 3282 4133 τοῖς
3334 4071 3646 4145 πολεμοῦσιν
3698 4070 3805 4125 ἐπί-

2199 4175 2350 4223 πονα,
2421 4154 2756 4230 ἐκστρατείας
2821 4158 3146 4233 ὑπερορίους,
3214 4163 3423 4228 πόνους,
3487 4158 3799 4235 ἀγρυπνίας,

2201 4243 2423 4318 ἀγωνίας
2468 4246 2601 4319 (4⁸7),
2656 4243 2903 4321 ἱδρῶτας,
2971 4251 3264 4321 τραύματα,
3327 4252 3551 4322 σφαγὰς,
3611 4251 3801 4304 πόλεων

2200 4335 2437 4405 ἁλώσεις,
2491 4332 2977 4410 ἀνδραποδισμοὺς,
3027 4336 3331 4410 ἀπαγωγὰς,
3365 4342 3431 4391 τὰ
3477 4338 3666 4394 ἐλεεινά
3702 4350 3801 4393 τῶν

2189 4423 2421 4477 ’ἁλόντων
2454 4427 2707 4499 θεάματα,
2754 4433 2844 4481 καὶ
2892 4426 3066 4489 ἀπλῶς
3113 4429 3216 4481 ὅσα
3258 4427 3471 4505 λυπηρὰ
3518 4438 3625 4493 τοῖς
3657 4431 3802 4484 πολί-

2194 4535 2313 4589 μοις
2369 4513 2657 4584 ἀκολουθεῖ,
2725 4516 2933 4590 λέγομεν
3000 4520 3173 4591 κρίσει
3238 4518 3352 4587 (48)
3414 4526 3548 4572 Θεοῦ
3617 4516 3803 4593 δικαίᾳ

2195 4605 2457 4675 γενέσθαι,
2489 4612 2598 4669 τοῖς
2646 4603 2810 4669 ἀξίοις
2864 4605 3125 4667 κολάσεως
3170 4603 3263 4659 διὰ
3305 4615 3405 4659 τῶν
3443 4608 3676 4682 πολέμων
3706 4612 3801 4672 τὰς

489 4782 537 4858 ἶε
571 4784 679 4858 isa.
710 4783 926 4858 xmuj.
1001 4778 1052 4858 ff
1082 4776 1255 4858 yicb.
1289 4792 1331 4845 ι,
1371 4779 1456 4832 t2.
1526 4776 1578 4858 f7
1615 4780 1799 4836 Amos
1828 4794 1911 4849 ιιι,
1943 4781 1998 4835 6.
2072 4781 2092 4816 τ

2207 4783 2323 4839 cut.
2360 4798 2541 4856 xxx",
2577 4786 2665 4840 39.
2741 4783 2791 4819 τ’
2818 4780 2974 4839 Psal.
3010 4799 3062 4848 ι..
3106 4786 3192 4839 l2.
3273 4782 3320 4820 ⁸⁰
3348 4783 3566 4858 Ephes.
3598 4802 3660 4857 ιι,
3697 4752 3789 4846 15.

417 4853 462 4890 ⁸¹
499 4857 541 4910 lt
572 4853 709 4909 Cor.
740 4866 798 4919 ν,
835 4854 922 4906 l7.
1001 4850 1048 4885 ⁸³
1081 4851 1252 4906 Deut.
1284 4864 1483 4917 χχχιιι,
1518 4852 1570 4905 6.

485 4996 596 5068 (43)
629 4992 873 5068 Antiqui
901 4996 1021 5068 tres
1049 4991 1186 5068 libt'i
1220 4987 1403 5060 Ἴδετε,
1438 4997 1619 5065 φησὶν,
1648 4995 1749 5068 ὅτι,

484 5064 595 5139 ('34)
656 5064 825 5123 C015.
864 5064 1085 5139 tertius
1138 5064 1221 5139 ἶνα
1268 5069 1338 5139 μςὰ
1391 5064 1616 5139 νομίσῃς
1665 5064 1840 5135 οἰλλον,
1881 5070 1947 5139 ut
2004 5079 2078 5123 ne

410 5136 783 5198 existimares
809 5136 1009 5208 alium;
1030 5150 1153 5208 esse
1181 5136 1340 5206 ignis
1365 5137 1655 5205 opiﬁcem.
1682 5139 1821 5206 Reg.
1841 5137 2076 5208 primus

413 5217 496 5266 ἱνα
537 5213 608 5283 μὴ
671 5208 907 5279 ζητήσῃς
966 5206 1116 5259 ἄλλον
1176 5208 1311 5273 τινά,
1356 5213 1423 5262 ut
1470 5222 1545 5264 ne
1594 5206 2074 5280 quaeras‘ullum

410 5286 627 5345 alium,
659 5285 770 5335 etc.

479 5358 592 5424 (45)
623 5350 874 5425 Codices
906 5348 1334 5425 Combeﬁsiapi
1357 5345 1583 5425 καρδίαν
1612 5353 1738 5425 γάρ.

481 5420 597 5499 (16)
631 5422 873 5499 Antiqui
906 5420 1029 5499 duo
1060 5422 1194 5499 libri
1226 5421 1371 5499 0:376;
1413 5420 1563 5499 σουμό
1602 5420 1813 5499 πατὴρ.-
1838 5422 2069 5499 Ibidem

406 5492 668 5567 utraque
691 5492 877 5567 editio
900 5498 956 5548 et
984 5492 1151 5550 (lolb.
1172 5494 1406 5567 primus
1428 5498 1483 5549 et
1510 5496 1648 5564 Reg.
1683 5492 1890 5551 tertius
1922 5495 2069 5554 ἐκτή-

407 5575 537 5629 σατό
569 5564 659 5622 σε.
712 5571 802 5620 καὶ
841 5564 1056 5625 ἐποίησέ
1104 5564 1188 5633 σε,
1228 5569 1318 5618 καὶ
1365 5565 1538 5619 ἔκτισέ
1588 5585 1664 5636 σε,
1712 5568 1975 5639 possedit
2014 5575 2070 5627 te

2188 5003 2241 5055 el
2265 4999 2410 5074 fecit
2441 5004 2518 5068 te,
2547 5004 2603 5057 et
2624 4998 2853 5074 creavit
2879 5006 2954 5074 te.
2989 5003 3052 5056 tn
3083 5000 3315 5074 creteris
3338 4999 3589 5074 quidem
3624 5004 3793 5061 Colb.

2185 5070 2390 5126 tertius
2413 5072 2712 5144 consentit
2729 5086 2869 5144 cum
2890 5070 2964 5127 iis
2989 5087 3146 5144 quos
3168 5070 3434 5144 diximus
3453 5072 3624 5130 libris
3653 5092 3665 5130 :
3691 5076 3798 5134 sed

2230 5157 2295 5197 ro
2322 5143 2494 5213 ἔκτισε
2515 5142 2700 5199 habet
2728 5142 2938 5209 ἔπλασε,
2971 5142 3290 5213 formavit.
3330 5143 3443 5200 Alii
3483 5144 3607 5202 duo
3647 5164 3795 5206 mss.

2233 5212 2426 5285 egiiqet
2457 5213 2620 5270 Coll).
2641 5214 2947 5271 secundus
2974 5212 3222 5268 Extis-aro
3257 5235 3332 5283 σε,
3358 5220 3450 5267 καί
3471 5214 3685 5275 ἐποίησέ
3715 5235 3791 5285 σε,

2182 5289 2272 5336 καὶ
2293 5283 2485 5336 ἓπλασέ
2507 5305 2581 5351 σε,
2612 5286 2840 5343 creavit
2867 5292 2939 5353 te,
2966 5293 3021 5343 et
3040 5287 3188 5355 fecit
3216 5292 3291 5349 te,
3314 5293 3369 5342 et
3386 5290 3682 5356 formavit
3705 5283 3785 5346 te.

2254 5357 2366 5425 (4-7)
2397 5356 2540 5432 Editi
2574 5356 2876 5432 ἀγρυπνίας,
2907 5356 3126 5431 ἀγῶνας,
3150 5359 3424 5432 vigilias,
3445 5361 3684 5428 praelia.
3713 5362 3793 5418 Αἰ

2182 5443 2328 5482 mss.
2357 5427 2799 5501 εθΧάγρνπνίας,
2831 5427 3073 5501 ἀγωνίας,
3098 5427 3356 5500 vigilias,
3386 5427 3647 5488 timores.

2251 5501 2360 5589 (48h)
2390 5500 2981 5589 COlPtRiitl’tllS‘l‘s'yoi
3007 5508 3199 5577 κρίσει.
3219 5503 3349 5557 Mox
3381 5503 3526 5574 Reg.
3559 5503 3792 5577 primus

2178 5572 2415 5642 γίνεσθαι
2435 5580 2540 5634 τοῖς
2568 5572 2729 5636 ἀξίοις
2756 5572 3037 5630 κολάσεων.
