4124 6378
339 350 440 408 337

337 479 596 549 τιμωρίας
627 473 924 547 ἐπάγοντος.
966 473 1033 527 ⁴Η
1076 477 1139 526 σύ
1188 473 1397 528 ἐϐούλου
1445 480 1517 549 μὴ
1550 478 1935 551 καταπρησθῆ-
1969 478 2013 530 Α

336 583 421 615 ναι
448 568 514 617 τά
539 561 749 637 Σόδομα
793 567 924 638 μετά
970 566 1064 626 τὰς
1108 561 1478 642 ἀνοσιουργίας
1507 564 1699 627 ἐκείνας
1732 582 1745 632 ;
1801 566 1831 624 ἢ
1860 568 1931 638 μὴ

335 662 770 728 καταστραφῆναι
814 658 909 711 τὴν
968 653 1327 726 Ἰερουσαλὴμ,
1401 650 1540 727 μηδὲ
1598 653 1936 729 ἐρημωθῆναι

335 745 421 796 τόν
478 747 620 812 ναόν,
670 744 802 817 μετὰ
852 746 939 800 τὴν
988 745 1201 814 φρικτήν
1255 745 1390 795 κατά
1444 751 1537 795 τοῦ
1587 748 1782 819 Κυρίου
1834 750 1935 795 τῶν

338 829 609 886 Ἰουδαίων
662 830 943 897 ἀπόνοιαν;
1004 833 1248 884 Γενέσθαι
1302 828 1361 884 ὃὶ
1399 840 1567 885 ταῦτα
1615 841 1725 895 πῶς
1770 832 1935 893 ὁᾶλως

338 916 542 973 δίκαιον
573 917 655 985 ἦν,
688 924 777 971 καὶ
807 919 935 990 ούχὶ
966 915 1058 971 διὰ
1105 926 1205 971 τῶν
1242 919 1539 992 Ῥωμαϊκῶν
1582 928 1797 995 χειρῶν,
1853 926 1935 983 αῖς

336 1006 644 1083 παρέδωκαν
698 1012 785 1060 τὸν
839 1012 1027 1082 Κύριον
1086 1011 1233 1081 ἡμῶν
1289 1011 1339 1061 οἱ
1395 1008 1582 1083 ἐχθροὶ
1634 1018 1728 1072 τῆς
1793 1009 1933 1071 ζωῆς

337 1096 530 1151 ἑαυτῶν
568 1100 676 1163 (49)
726 1093 978 1150 Ἰουδαῖοι
1001 1115 1014 1164 ;
1063 1097 1224 1151 "non
1264 1100 1376 1151 ἔστι
1418 1102 1542 1152 ποτὲ
1584 1103 1673 1151 καὶ
1713 1095 1932 1162 δικαίως

334 1188 400 1239 τά
429 1185 482 1239 ἐκ
511 1194 602 1239 τοῦ
641 1185 866 1259 πολέμου
896 1190 1033 1239 κακά
1061 1194 1170 1250 τοῖς
1208 1185 1376 1251 ἀξίοις
1421 1187 1783 1260 έπενεχθῆναι.
1832 1193 1933 1241 Καὶ

330 1278 410 1343 τό,
446 1274 577 1346 Ἐγὼ
617 1273 903 1345 ἀποκτενῶ,
939 1282 1037 1329 καὶ
1085 1277 1180 1350 ζῇν
1237 1282 1459 1345 ποιήσω,
1521 1273 1687 1349 δέχου
1744 1279 1855 1351 μὲν,
1889 1277 1933 1331 εἰ

330 1362 527 1436 βούλει,
559 1366 694 1416 κατά
720 1367 777 1417 τό
807 1369 1090 1440 πρόχειρον
1130 1374 1225 1427 τῆς
1254 1365 1468 1428 ἐννοίας.
1503 1362 1790 1439 Οἰκοδομεῖ
1826 1366 1928 1442 γάρ

329 1453 355 1505 6
408 1451 564 1524 φόϐος
610 1456 732 1517 τούς
784 1454 1205 1530 ἁπλουστέρους.
1265 1453 1521 1523 Πατάξω,
1583 1453 1730 1527 κάγὼ
1789 1454 1930 1508 ἰάσο-

327 1561 443 1617 μαι.
501 1547 603 1596 Καὶ
660 1551 813 1597 τοῦτο
868 1549 1140 1619 χρήσιμον
1202 1544 1416 1597 αύτόθεν
1476 1547 1765 1617 νοούμενον·
1832 1554 1929 1607 τῆς

326 1634 417 1705 μὲν
444 1631 653 1704 πληγῆς
683 1631 1005 1706 ἐμποιούσης
1032 1637 1120 1686 τόν
1152 1632 1326 1707 φόϐον,
1373 1642 1469 1696 τῆς
1521 1630 1581 1686 δὲ
1638 1633 1821 1695 ἰάσεως
1852 1634 1924 1696 εἰς

325 1724 421 1779 τὴν
452 1719 663 1793 ἀγάπην
704 1726 1146 1797 προτρεπομένης.
1199 1722 1411 1786 Ἔξεστί
1460 1742 1518 1795 γε
1562 1727 1660 1796 μήν
1710 1742 1796 1776 σοι
1837 1729 1926 1777 καὶ

325 1808 645 1886 ὑψηλότερον
699 1807 1046 1871 διανοηθῆναι
1096 1815 1216 1885 περὶ
1262 1820 1363 1865 τῶν
1417 1812 1728 1886 εἰρημένων.
1792 1812 1926 1884 Ἐγὼ
1959 1830 2002 1887 Β

327 1895 609 1967 ἀποκτενῶ,
653 1906 717 1972 τῇ
777 1899 1027 1974 ἀμαρτὶᾳ·
1094 1905 1186 1953 καί
1252 1900 1347 1974 ζῇν
1410 1920 1640 1972 ποιησω,
1707 1909 1768 1975 τῇ
1839 1898 1925 1954 δι-

324 1991 597 2062 καιοσύνη.
654 1995 814 2042 Ὅσον
869 1992 971 2064 γὰρ
1028 1992 1054 2043 6
1104 1990 1200 2054 ἔξω
1259 1992 1405 2064 ἡμῶν
1470 1993 1740 2066 ἄνθρωπος
1796 1987 1923 2045 δια-

325 2079 585 2151 φθείρεται
616 2118 631 2145 ,
707 2086 955 2132 τοσοῦτον
1030 2080 1056 2131 ό
1148 2082 1250 2133 ἔσω
1323 2078 1693 2134 ἀνακαινοῦται
1720 2121 1734 2137 .
1811 2080 1922 2133 Ούκ

322 2165 473 2219 ἄλλον
508 2162 597 2219 οὖν
645 2165 953 2235 ἀποκτείνει,
1002 2174 1092 2222 καὶ
1138 2169 1289 2223 ἄλλον
1339 2170 1584 2231 ζωοποιεῖ
1613 2174 1744 2238 (50)·
1795 2168 1922 2223 ἀλλά

321 2259 409 2309 τόν
453 2256 628 2323 αὐτὸν,
683 2253 756 2310 δι’
795 2259 863 2329 ᾧν
903 2256 1213 2331 ἀποκτείνει,
1270 2259 1533 2322 ζωοποιεῖο
1589 2264 1680 2312 καὶ
1728 2256 1801 2312 δι’
1852 2260 1921 2310 ὧν

321 2347 603 2412 πατάσσει,
639 2346 801 2412 ἰᾶται,
842 2350 977 2399 κατά
1012 2351 1106 2407 τὴν
1161 2352 1452 2422 Παροιμίαν
1505 2352 1599 2407 τὴν
1644 2347 1917 2421 λέγουσαν,

321 2436 402 2487 ὃτι
440 2439 508 2488 Σύ
565 2437 654 2508 μεν
710 2436 961 2500 πατάξεις
1016 2435 1171 2490 αύτόν
1221 2433 1424 2511 ῥάϐδῳ,
1478 2441 1566 2496 τὴν
1624 2433 1684 2490 δι
1733 2437 1921 2509 ψυχὴν

320 2523 482 2577 αύτού
550 2523 607 2577 ἐκ
683 2526 906 2578 θανάτου
961 2526 1095 2601 ῥύσῃ
1126 2547 1139 2559 ·
1194 2526 1396 2579 Ούκοῡν
1453 2528 1783 2580 πατάσσεται
1828 2529 1920 2601 μεν

323 2613 564 2687 σάρξ,ῖνα
623 2613 741 2686 ἰαθῇ
800 2613 978 2686 ψυχή·
1042 2617 1356 2669 θανατοῦται
1399 2612 1460 2669 δέ
1515 2614 1783 2689 ἁμαρτία,
1812 2617 1922 2668 “ἱνα

323 2702 461 2777 ζήσῃ
519 2699 851 2761 δικαιοσύνη.
894 2707 965 2757 Τό
1023 2700 1103 2767 δέ,
1138 2704 1337 2764 Κατέϐη
1371 2708 1508 2757 κακά
1547 2707 1692 2779 παρά
1730 2709 1922 2779 Κυρίον

320 2790 405 2845 ἰπὶ
456 2792 621 2854 πύλας
656 2792 1035 2868 Ἰερουσαλὴμ,
1091 2793 1306 2847 αύτόθεν
1349 2796 1462 2867 ἔχει
1508 2798 1598 2853 τὴν
1645 2794 1917 2867 ἐξήγησιν.

322 2887 458 2933 Ποῖα
496 2883 667 2950 κακά;
728 2886 898 2955 Ψόφος
944 2881 1189 2957 ἁρμάτων
1234 2888 1323 2935 καὶ
1373 2885 1709 2938 ἱππευόντων.
1759 2882 1922 2936 Ὀταν

326 2966 385 3023 δε
440 2968 689 3046 ἀκούσης,
737 2972 849 3025 Ούκ
902 2974 1015 3026 ἔστί
1061 2977 1223 3027 κακία
1277 2971 1326 3026 ἓν
1376 2972 1553 3045 πόλει,
1611 2972 1671 3031 ἣν
1732 2976 1924 3048 Κύριος

323 3058 418 3113 ούκ
469 3058 708 3119 ἐποίησε·
763 3064 868 3114 νόει
944 3070 1042 3124 τῆς
1092 3065 1281 3124 κακίας
1326 3065 1385 3115 τό
1440 3063 1637 3135 ὄνομα·
1697 3064 1778 3114 ότι
1828 3066 1922 3119 τὴν

319 3154 715 3223 προσαγομένην
768 3153 1000 3203 κάκωσιν
1050 3157 1161 3213 τοῖς
1205 3151 1594 3225 ἁμαρτάνουσιν
1637 3148 1720 3203 ἰπὶ
1769 3146 1921 3225 διορ-

321 3238 478 3291 θὼσει
506 3247 605 3291 τῶν
635 3239 1093 3313 πλημμελημάτων
1132 3243 1157 3293 6
1202 3240 1352 3313 λόγος
1403 3240 1721 3295 αἰνίσσεται.
1779 3239 1923 3293 Ἐκά-

318 3346 466 3379 κωσα
511 3330 611 3399 γάρ
662 3347 741 3396 σε,
793 3348 944 3402 φησι,
988 3334 1078 3381 καὶ
1140 3328 1563 3403 έλιμαγχόνησα,
1620 3329 1702 3381 ἱνα
1756 3324 1812 3380 εὖ
1865 3347 1924 3381 σε

308 3420 550 3475 ποιήσω·
591 3421 716 3492 πρὶν
756 3417 828 3480 εἰς
888 3420 1110 3493 ἄμετρον
1185 3418 1483 3491 ἐκχυθῆναι
1550 3422 1638 3477 τὴν
1708 3414 1922 3471 ἀδικίαν

321 3507 477 3561 ἱστῶν
516 3506 651 3578 (Si),
721 3508 896 3583 ὧσπερ
970 3509 1137 3583 ῥεῦμα
1188 3508 1326 3583 ἕρκει
1381 3513 1486 3563 τινὶ
1542 3516 1777 3584 κρατερῷ
1832 3511 1923 3561 καὶ

320 3590 687 3670 διαφράγματι
714 3601 1087 3670 κατεχόμενον.

388 3688 444 3744 5.
472 3688 566 3738 Διά
593 3692 761 3740 ταῦτα
779 3687 924 3739 νόσοι
955 3686 1151 3740 πόλεων
1179 3691 1270 3741 καὶ
1310 3686 1484 3755 ἐθνῶν,
1519 3685 1678 3763 ἀέρων
1718 3686 1923 3761 αύχμοὶ

314 3779 406 3827 καὶ
435 3773 648 3847 ἀφορὶαι
679 3785 799 3848 γῆς,
833 3781 921 3830 καὶ
969 3779 1024 3830 αἱ
1066 3780 1203 3831 κατά
1247 3781 1335 3831 τόν
1385 3776 1501 3851 βιον
1559 3776 1761 3851 ἑκάστῳ
1789 3797 1921 3851 τρα-

315 3865 539 3937 χύτεραι
582 3870 951 3937 περιπτώσεις,
997 3875 1092 3928 τῆς
1144 3870 1333 3928 κακίας
1382 3871 1477 3925 την
1529 3866 1750 3930 αὔξησιν
1774 3885 1922 3942 περι-

314 3955 639 4008 κόπτονσαι.
688 3952 848 4008 Ὠστε
903 3957 1243 4009 τά·τοιαῦτα
1290 3958 1429 4009 κακά
1472 3957 1616 4031 ποιρά
1663 3963 1795 4010 Θεοῦ
1841 3959 1922 4027 γί-

313 4059 474 4107 νεται,
533 4049 634 4094 τῶν
678 4041 936 4101 ἀληθινῶν
984 4053 1152 4097 κακῶν
1205 4047 1300 4103 τήν
1343 4048 1544 4117 γένεσιν
1595 4043 1916 4121 ἐξαιροῦντα.

292 4124 383 4181 -Αἰ
433 4149 488 4183 τε
524 4133 625 4206 γὰρ
674 4134 809 4186 κατά
862 4136 921 4186 τό
982 4142 1136 4207 σῶμα
1186 4140 1461 4203 κακώσεις,
1521 4140 1610 4188 καὶ
1656 4138 1721 4188 τά
1772 4134 1921 4198 ἐκτός

314 4217 553 4286 ἐπίπονα,
611 4225 744 4296 πρὸς
799 4221 997 4295 ἐποχὴν
1054 4233 1149 4285 τῆς
1218 4223 1479 4300 ἁμαρτίας
1543 4225 1914 4284 έπινενόηνται.

315 4307 545 4383 Ἀναιρεῑ
571 4315 745 4363 τοίνυν
774 4316 833 4365 τό
864 4316 1025 4365 κακὸν
1057 4314 1081 4364 6
1129 4318 1279 4376 Θεός·
1314 4314 1441 4386 ούχὶ
1473 4311 1533 4368 δε
1561 4318 1620 4368 τό
1670 4320 1829 4368 κακόν
1860 4314 1917 4368 ἐκ

314 4407 405 4453 τοῦ
461 4399 615 4453 Θεοῦ·
650 4400 759 4455 ἐπεί
808 4404 954 4455 καὶὸ
1001 4403 1176 4478 ἰατρός
1229 4403 1422 4478 ἐξαιρεί
1470 4408 1562 4464 τὴν
1605 4409 1775 4474 νόσον,
1808 4404 1916 4458 ἀλλ’
1952 4379 1997 4432 D

314 4488 446 4558 ούχὶ
488 4491 638 4541 νόσον
688 4487 931 4562 ἐμϐάλλει
967 4498 1040 4562 τῷ
1088 4496 1314 4564 σώματι.
1370 4490 1571 4545 Πόλεων
1625 4489 1685 4545 δε
1728 4491 1915 4566 ἀφανι-

316 4580 460 4649 σμοὶ,
514 4583 726 4650 σεισμοί
781 4597 835 4632 τε
899 4584 989 4632 καὶ
1041 4578 1356 4645 ἐπικλύσεις,
1407 4585 1497 4633 καὶ
1550 4581 1917 4656 στρατοπέδων

314 4663 588 4733 ἀπώλειαι,
662 4672 751 4719 καὶ
814 4671 1057 4741 ναυάγια,
1140 4671 1231 4720 καὶ
1295 4675 1465 4721 πᾶσαι
1522 4669 1918 4745 πολυάνθρωποι

315 4756 524 4829 φθοραὶ,
584 4759 682 4810 εἴτε
729 4755 783 4809 ἐκ
835 4767 954 4830 γῆς,
1002 4761 1101 4812 εἴτε
1152 4757 1208 4811 ἐκ
1255 4758 1543 4829 θαλάσσης,
1606 4763 1703 4814 εἳτε
1738 4759 1791 4825 ἐξ
1827 4759 1916 4815 ἀί-

310 4862 425 4921 ρος,
479 4845 509 4904 ἦ
543 4849 726 4920 πυρὸς,
781 4848 810 4907 ἣ
864 4845 916 4910 ἓξ
972 4849 1256 4900 ὁποιασοῦν
1313 4848 1486 4912 αἰτίας
1541 4848 1913 4924 ἐπιγινόμεναι,

311 4935 388 4995 εἰς
450 4938 539 4986 τόν
591 4943 694 4988 τῶν
751 4935 1164 5010 ὑπολειπομένων
1242 4942 1604 5014 σωφρονισμόν
1662 4945 1912 5012 γίνονται,

309 5027 409 5081 την
437 5020 713 5098 πάνδημον
742 5029 993 5101 πονηρίαν
1040 5023 1330 5100 δημοσίαις
1378 5028 1600 5101 μάστιξι
1639 5037 1731 5082 τού
1780 5039 1915 5084 Θεοῦ

310 5114 744 5188 σωφρονίζοντοςσ
777 5118 847 5167 Τό
877 5119 967 5188 μὲν
1008 5112 1096 5168 οὖν
1142 5121 1336 5190 κυρίως
1381 5120 1541 5170 κακόν
1578 5120 1608 5177 ἠ
1660 5118 1912 5194 ἁμαρτία,

308 5202 435 5276 ὅπερ
465 5202 697 5276 μάλιστά
727 5201 841 5256 ἔστι
879 5201 973 5267 τῆς
1003 5212 1094 5258 τού
1125 5212 1288 5258 κακοῦ
1345 5212 1706 5282 προσηγορίας
1745 5208 1912 5272 ἄξιον.

385 5353 433 5390 ⁸³
463 5358 507 5411 ιι
530 5356 662 5412 Cor.
690 5371 767 5423 Iv,
802 5358 888 5412 t6.
918 5356 965 5390 ει
997 5358 1169 5413 Prov.
1202 5372 1364 5427 χχιιι,
1398 5359 1484 5415 li.
1514 5359 1561 5394 ⁸³
1585 5361 1754 5429 Deut,
1786 5377 1906 5431 vm,
1949 5365 2004 5422 3.

384 5509 511 5575 (49)
535 5505 686 5563 Edili
715 5506 903 5562 αὐτῶν.
934 5509 1006 5562 At
1033 5508 1209 5575 multi
1234 5524 1380 5564 mss.
1416 5509 1627 5567 ἑαυτῶν.

384 5572 500 5647 (ὗυ)
540 5578 707 5635 Colb.
737 5579 943 5652 tertius
968 5577 1117 5630 ἄλλον
1151 5572 1246 5652 ζῇν
1276 5589 1430 5634 ποιεῖ.

384 5651 498 5721 (st)
540 5652 703 5707 Unus
734 5662 839 5708 aut
866 5651 1017 5708 alter
1047 5666 1160 5707 ms.
1191 5650 1272 5709 ‘et
1309 5652 1454 5714 editi
1490 5650 1702 5711 ἀδικίαν
1734 5657 1915 5735 ἱστῶν,

1179 351 1349 408 ΗΟΜ.
1393 352 1587 419 QUOD
1630 352 1811 408 DEUS
1850 351 1992 408 NON
2031 348 2158 405 EST
2192 350 2473 407 AUCTOR
2513 351 2855 407 MALORUM

3600 349 3708 406 338

2046 488 2154 545 per
2197 472 2357 530 bella
2383 473 2730 545 irrogantis.
2770 477 2861 529 An
2904 473 3023 544 76
3062 476 3127 528 tu
3167 487 3295 528 non
3352 471 3440 528 vis
3479 471 3708 529 tradita

2044 562 2225 620 fuisse
2246 562 2528 620 incendio
2545 563 2810 620 Sodoma
2830 565 2969 635 post
2988 561 3217 632 ﬂagitia
3237 560 3339 617 illa
3357 577 3429 617 ac
3448 561 3708 619 scelera?

2044 666 2122 707 an
2140 667 2263 707 non
2280 666 2557 708 eversam
2577 649 2762 707 fuisse
2782 649 3337 722 Jerusalem,neque
3365 647 3706 706 desolatum

2043 741 2361 814 templum,
2382 745 2520 815 post
2539 739 2909 797 horrendam
2937 739 3104 795 illam
3123 739 3468 795 Judaaorum
3496 737 3707 795 adver-

2046 846 2149 885 sus
2171 830 2496 887 Dominum
2516 829 2868 886 vesaniam?
2887 831 3019 884 Haec
3049 832 3251 884 autem
3281 827 3413 884 ﬁeri
3430 842 3705 901 quonam

2043 919 2161 976 alio
2177 919 2362 975 modo
2375 935 2620 992 tequum
2642 917 2912 990 erat,nisi
2924 933 3032 990 per
3047 933 3269 973 manus
3290 920 3704 973 Romanorum

2041 1009 2263 1082 quibus
2286 1010 2609 1066 Dominum
2636 1013 2911 1064 nostrum
2932 1006 3310 1063 tradiderunt
3331 1004 3560 1061 inimici
3579 1020 3704 1061 sum
3781 1023 3785 1029 ν

2039 1098 2315 1171 ipsorum
2342 1098 2480 1154 vita;
2499 1097 2734 1154 Judaei?
2761 1098 3139 1169 Quapropter
3166 1094 3349 1151 etiam
3375 1094 3535 1166 juste
3554 1108 3705 1151 non-

2039 1203 2357 1261 nunquam
2388 1186 2531 1243 belli
2553 1186 2718 1243 mala
2746 1185 3104 1256 inﬂiguntur
3132 1182 3527 1241 merentibus.
3551 1181 3704 1243 Illud

2040 1293 2306 1350 quoque,
2342 1278 2470 1348 Ego
2500 1277 2769 1333 occidam
2799 1282 2853 1332 et
2893 1275 3091 1332 vivere
3112 1275 3370 1345 faciam,
3400 1272 3630 1345 accipe,
3652 1271 3703 1329 si

2036 1364 2150 1434 vis,
2167 1364 2350 1421 obvio
2371 1376 2574 1423 sensu.
2591 1364 2792 1421 Timor
2811 1362 2971 1420 enim
2994 1361 3396 1434 simpliciores
3417 1360 3697 1418 mdiﬁeat.

2036 1455 2408 1522 Percuu‘am,
2431 1460 2487 1511 et
2513 1469 2621 1524 ego
2640 1453 2965 1509 sanabo.Et
2988 1452 3106 1508 hoc
3130 1455 3448 1523 acceptum
3468 1449 3549 1506 ad
3570 1464 3700 1506 ver-

2036 1543 2208 1610 bum,
2231 1543 2372 1600 utile
2392 1546 2482 1599 est
2504 1547 2563 1599 et
2590 1541 2995 1608 conducibile,
3025 1540 3214 1615 plaga
3231 1540 3512 1596 timorem
3530 1539 3699 1596 incu-

2036 1633 2234 1701 tiente,
2267 1632 2583 1689 sanatione
2624 1647 2769 1689 vero
2818 1630 2899 1688 ad
2941 1629 3329 1686 dilectionem
3368 1628 3684 1685 incitante.

2035 1722 2195 1780 Licet
2223 1726 2425 1778 tamen
2449 1722 2550 1779 tibi
2570 1722 2752 1779 etiam
2776 1721 2956 1778 altius
2976 1720 3053 1776 de
3072 1719 3168 1776 his
3188 1734 3327 1793 quae
3349 1718 3511 1775 dicta
3529 1721 3691 1790 sunt,

2035 1811 2276 1868 sentire.
2304 1812 2428 1883 Ego
2456 1812 2745 1879 occidam,
2777 1813 3065 1883 peccato:
3116 1814 3173 1866 et
3217 1809 3415 1866 vivere
3438 1809 3689 1879 faciam,

2026 1899 2610 1972 justitize.0uantum
2631 1900 2786 1956 enim
2807 1904 3094 1955 externus
3121 1902 3327 1953 noster
3354 1895 3528 1951 homo
3556 1911 3691 1952 cor-

2031 1991 2359 2060 rumpitur,
2380 1994 2616 2045 tantum
2631 1990 2907 2045 internus
2926 1992 3260 2043 renovatur
3270 1986 3338 2041 ⁸³.
3359 1987 3487 2041 Non
3507 1984 3691 2055 igitur

2030 2078 2219 2135 alium
2238 2076 2479 2144 occidit,
2499 2076 2687 2133 alium
2708 2076 2991 2145 viviﬁcat;
3023 2075 3131 2132 sed
3149 2073 3457 2142 eumdem,
3479 2088 3590 2146 per
3616 2088 3690 2131 ea

2030 2168 2256 2241 quibus
2285 2166 2527 2234 occidit,
2551 2166 2850 2223 viviﬁcat:
2900 2165 3168 2239 itemque
3194 2178 3304 2236 per
3344 2178 3419 2220 ea
3463 2161 3688 2236 quibus

2029 2256 2305 2331 percutit,
2335 2260 2533 2324 sanat,
2554 2272 2628 2312 ex
2650 2254 2972 2312 Proverbio
2992 2254 3094 2310 illo
3119 2270 3134 2310 ι
3192 2254 3280 2309 Τιι
3299 2253 3536 2325 quidem
3546 2266 3687 2322 per-

2029 2347 2215 2403 cuties
2228 2348 2423 2417 ipsum
2450 2346 2643 2417 virga,
2668 2346 2933 2401 animam
2954 2358 3094 2401 vero
3120 2344 3310 2414 ipsius
3328 2357 3368 2399 α
3393 2346 3586 2398 morte
3619 2340 3688 2397 li-

2031 2435 2259 2493 berabis
2281 2436 2353 2490 ⁸⁸.
2402 2435 2554 2491 Caro
2582 2434 2788 2506 itaque
2808 2432 3160 2506 percutitur,
3187 2436 3255 2488 ut
3278 2430 3486 2487 anima
3509 2445 3687 2486 sane-

2027 2527 2161 2581 tur:
2192 2528 2511 2597 peccatum
2541 2538 2683 2581 vero
2729 2522 3066 2596 perimitur,
3114 2526 3181 2578 ut
3221 2520 3385 2577 vivat
3426 2518 3683 2591 justitia.

2027 2611 2180 2669 lllud
2203 2612 2817 2681 vero,Descenderunt
2835 2612 3002 2668 mala
3017 2626 3057 2667 a
3076 2611 3330 2667 Domino
3348 2623 3531 2679 super
3549 2622 3688 2678 por-

2029 2708 2124 2759 tas
2166 2704 2525 2772 Jerusalem,
2570 2717 2679 2775 per
2717 2717 2851 2757 sese
2888 2700 3233 2773 exponitur.
3283 2701 3429 2766 Quae
3474 2697 3689 2755 mala?

2030 2792 2322 2865 Strepitus
2338 2807 2626 2848 curruum
2642 2795 2700 2847 et
2710 2788 3157 2865 equitum.Cnm
3170 2791 3381 2845 autem
3399 2785 3688 2857 audieris,

2025 2882 2164 2939 Non
2195 2886 2281 2938 est
2298 2882 2541 2937 malitia
2564 2882 2628 2936 in
2654 2882 2916 2948 civitate,
2938 2893 3122 2951 quam
3142 2878 3433 2955 Dominus
3459 2891 3582 2933 non
3601 2876 3691 2946 fe-

2030 2974 2199 3038 cerit,
2226 2970 2492 3041 intelligo
2522 2970 2914 3026 afﬂictioncm
2940 2968 3209 3041 aliquam
3229 2983 3368 3041 quae
3390 2965 3691 3039 peccanti-

2029 3059 2148 3117 bus
2181 3059 2261 3117 ad
2286 3065 2535 3133 peccata
2566 3058 2932 3128 corrigenda
2960 3056 3290 3127 inﬂigatur,
3317 3072 3354 3111 a
3385 3054 3691 3127 Scriptura

2030 3149 2279 3207 nomine
2299 3149 2541 3206 malitiae
2574 3148 2924 3218 signiﬁcari.
2946 3148 2995 3203 Α
3002 3147 3173 3218 Πῑίιεί
3192 3147 3351 3203 enim
3370 3144 3587 3217 inquit,
3611 3149 3687 3216 te,

2032 3243 2088 3296 et
2111 3240 2279 3310 fame
2306 3238 2777 3310 strangulavi“,
2805 3236 2913 3293 tibi
2932 3240 2992 3293 et
3010 3234 3429 3292 benefaciam:
3462 3233 3692 3307 quippe

2028 3327 2387 3400 injustitiam
2434 3328 2609 3401 prius
2654 3326 2814 3383 sistit
2851 3342 2923 3383 ac
2970 3329 3224 3391 coercet,
3273 3339 3463 3396 quam
3491 3322 3555 3379 in
3583 3323 3694 3380 im-

2029 3432 2305 3474 mensam
2327 3416 2704 3473 diifundatur
2728 3431 2800 3472 eo
2824 3415 3012 3472 modo
3031 3429 3157 3487 quo
3176 3412 3468 3471 ﬂuentum
3490 3411 3693 3471 valido

2028 3506 2304 3580 quodam
2332 3505 2507 3564 obice
2535 3521 2610 3562 ac
2639 3511 2814 3579 septo
2839 3503 3178 3561 cohibetur.

2101 3692 2153 3743 5.
2188 3686 2334 3743 Hinc
2361 3686 2604 3743 urbium
2634 3684 2835 3741 morbi
2880 3683 3297 3756 gentiumque,
3328 3682 3483 3739 aeris
3525 3680 3692 3737 sicci-

2029 3779 2143 3847 tas,
2166 3776 2442 3833 sterilitas
2477 3781 2667 3841 terrae,
2718 3779 2900 3847 atque
2931 3773 3267 3846 asperiores
3295 3788 3432 3845 quas
3470 3771 3690 3843 cuique

2026 3865 2090 3922 in
2116 3867 2235 3923 vita
2254 3864 2539 3922 accidunt
2558 3863 2953 3933 calamitates,
2981 3861 3206 3936 quibus
3235 3860 3379 3917 mali
3411 3875 3690 3933 progres-

2028 3971 2132 4012 sus
2153 3954 2544 4027 intercipitur.
2574 3955 2770 4019 Quare
2795 3952 3138 4008 inferuntur
3167 3966 3205 4006 a
3236 3953 3356 4007 Deo
3386 3947 3689 4020 ejusmodi

2026 4045 2209 4113 mala,
2240 4044 2544 4101 malorum
2576 4057 2861 4099 verorum
2887 4046 3087 4099 ortum
3119 4039 3688 4114 prohibitura.Nam

2025 4133 2295 4208 corporis
2311 4133 2665 4190 afﬂictiones
2679 4146 2749 4188 ac
2765 4129 3056 4188 molestiae
3074 4134 3336 4186 externae
3348 4128 3427 4185 ad
3439 4131 3689 4201 peccata

2026 4223 2472 4298 compescenda
2489 4222 2843 4292 excogitatae
2870 4226 3031 4277 sunt.
3059 4219 3235 4277 Tollit
3258 4218 3439 4289 igitur
3453 4216 3686 4281 malum

2027 4315 2181 4370 Deus
2206 4331 2220 4383 ;
2252 4329 2376 4369 non
2406 4315 2603 4369 autem
2631 4327 2703 4368 ex
2722 4313 2843 4367 Deo
2874 4309 3104 4367 malum
3125 4311 3395 4367 est.Nam
3416 4312 3475 4365 et
3503 4305 3691 4364 medi-

2025 4421 2133 4460 cus
2161 4403 2312 4460 tollit
2346 4401 2653 4469 morbum,
2686 4416 2812 4457 non
2839 4399 3124 4457 morbum
3146 4398 3399 4455 accersit
3426 4395 3683 4471 corpori.

2025 4498 2096 4551 At
2124 4509 2268 4549 vero
2289 4492 2532 4549 urbium
2553 4490 2984 4559 excidia,terree
3004 4488 3683 4556 motus,inundationes,

2024 4584 2396 4641 exercituum
2425 4582 2651 4652 clades,
2684 4578 3005 4651 naufragia
3036 4584 3093 4635 et
3120 4577 3322 4652 quivis
3354 4577 3683 4635 multorum

2023 4672 2342 4731 hominum
2371 4671 2667 4738 interitus,
2717 4669 2841 4726 sive
2887 4685 2960 4725 ex
3009 4672 3183 4734 terra,
3230 4668 3356 4723 sive
3387 4682 3460 4722 ex
3506 4665 3681 4733 mari,

2024 4763 2146 4820 sive
2193 4779 2266 4819 ex
2314 4778 2474 4834 aere,
2522 4767 2625 4819 aut
2674 4760 2833 4832 igne,
2874 4763 2980 4817 aut
3026 4775 3100 4815 ex
3149 4773 3516 4832 quacunque
3563 4755 3685 4815 alia

2025 4869 2212 4910 causa
2239 4850 2572 4926 proveniat,
2612 4851 2743 4908 haec
2772 4849 2852 4906 ad
2895 4848 3285 4922 superstitum
3337 4846 3683 4917 castigatio-

2022 4960 2164 5001 nem
2184 4940 2793 5013 emendationemque
2814 4939 3191 5009 contingunt;
3216 4940 3336 4994 Deo
3350 4935 3684 5009 nequitiam

2024 5031 2331 5106 publicam
2351 5030 2613 5104 publicis
2641 5028 2850 5103 ﬂagris
2879 5028 3232 5097 castigante.
3261 5025 3478 5084 Malum
3505 5023 3686 5094 igitur

2023 5120 2192 5195 quod
2221 5118 2457 5193 proprie
2479 5118 2721 5186 dicitur,
2746 5120 3063 5191 peccatum
3087 5113 3686 5187 videlicet,quodque

2027 5209 2291 5268 maxime
2316 5207 2463 5268 mali
2492 5206 2737 5267 nomine
2766 5205 3024 5279 dignum
3066 5208 3178 5275 est,
3208 5203 3435 5277 pendet
3481 5218 3551 5261 ex
3582 5217 3687 5261 no-

2027 5514 2137 5591 A_lii
2166 5517 2433 5591 quatuor
2465 5516 2734 5579 ἱστῶντος.
2766 5509 2998 5571 Ibidem
3042 5524 3169 5582 quo
3213 5524 3358 5567 mss.
3392 5505 3688 5565 Combeti-

2028 5586 2206 5651 εἱξιηῖ
2218 5587 2372 5669 ἀρκίῳ
2400 5592 2522 5643 τινί.
