4124 6408
307 370 402 425 341

297 491 462 565 διῳκή
473 512 600 546 σατο
663 495 816 546 αὐτον

1135 374 1301 428 ΗΟΜ.
1347 374 1540 438 QUOD
1584 371 1763 428 DEUS
1801 371 1943 427 NON

296 582 630 654 ἐξάκουστον,
684 585 766 636 ἶνα
807 582 982 646 ἄλλοις
1027 590 1152 654 γοῦν
1203 584 1456 657 ὠφέλιμος
1510 581 1602 638 διὰ
1650 591 1742 638 τοῦ
1795 585 1900 636 πάνυ

297 675 418 736 θους
475 676 724 745 γένηται,
792 668 970 730 ἐπειδὴ
1044 672 1200 736 αὐτὸς
1287 675 1387 726 ὑπὸ
1452 683 1547 736 τῆς
1615 676 1746 745 ἄγαν
1812 693 1902 726 κα-

293 766 411 823 κίας
455 760 662 823 ἀνίατος
703 770 784 836 ῇν.
837 759 1147 833 Ἐσκλήρυνε
1223 758 1282 814 δὲ
1339 762 1514 828 αὐτὸν,
1576 770 1638 835 τῇ
1708 781 1903 835 μακρο-

296 852 458 924 θυμίᾳ
486 855 576 903 καὶ
622 859 683 924 τῇ
735 847 830 923 τῇς
858 855 1112 923 τιμωρίας
1146 849 1374 924 ἀναϐολῇ
1429 851 1690 906 ἐπιτείνων
1740 851 1901 906 αὑτοῦ

293 945 387 1001 τὴν
416 946 622 1005 κακίαν,
659 942 745 991 ἵνα
790 940 860 1002 εἰς
896 943 982 992 τὸν
1026 943 1253 1012 ἔσχατον
1287 943 1402 1014 ὅρον
1436 943 1546 1010 (57)
1580 941 1900 1004 αὐξηθείσης

296 1030 455 1082 αὐτοῦ
507 1039 601 1091 τῆς
645 1035 914 1104 πονηρίας,
943 1034 1002 1082 τὸ
1055 1026 1258 1083 δίκαιον
1310 1029 1387 1082 ἐπ’
1427 1031 1567 1102 αὐτῷ
1615 1040 1710 1104 τῇς
1761 1033 1900 1092 θείας

294 1124 515 1195 κρίσεως
573 1116 818 1192 διαφανῇ-
885 1123 978 1172 Atr}.
1026 1128 1179 1174 τοῦτο
1228 1119 1330 1173 ἀπὸ
1387 1124 1710 1195 μικροτέρων
1759 1120 1896 1178 πλη-

293 1218 397 1280 γῶν
447 1208 520 1260 ἀεὶ
568 1210 868 1280 προστιθεὶς
913 1214 1002 1262 καὶ
1052 1209 1314 1264 ἐπιτείνων
1363 1213 1458 1274 τὰς
1485 1214 1767 1284 μάστιγας,
1803 1210 1896 1263 οὐκ

291 1297 535 1370 ἐμάλαξεν
578 1297 737 1351 αὑτοῦ
786 1302 845 1353 τὸ
889 1298 1263 1366 ἀνυπότακτον,
1309 1300 1412 1353 ἀλλ’
1458 1302 1690 1374 εὕρισκεν
1739 1300 1895 1353 αὐτὸν

288 1391 377 1439 καὶ
436 1395 526 1459 τῇς
580 1385 780 1460 ἀνοχῇς
836 1396 927 1442 τοῦ
982 1397 1115 1442 Θεοῦ
1172 1397 1609 1464 καταφρονοῦντα,
1643 1389 1733 1442 καί
1787 1396 1896 1451 τοῖς

288 1474 619 1549 ἐπαγομένοις
677 1477 817 1548 αὐτῴ
867 1475 1055 1541 δεινοῖς
1101 1481 1200 1532 ὑπὸ
1259 1487 1354 1554 τῇς
1409 1482 1686 1542 enuntiata;
1735 1479 1891 1554 ἐμμε-

285 1564 574 1623 λιτὴσαντα
605 1565 740 1634 (58).
772 1572 872 1620 Καὶ
915 1564 1040 1620 οῦδέ
1082 1569 1245 1631 οὕτως
1297 1569 1452 1622 αὐτὸν
1499 1565 1773 1643 παρέδωκι
1819 1576 1891 1640 τῷ

288 1655 509 1721 θανάτω,
539 1656 633 1718 ἕως
663 1655 816 1718 αὐτὸς
850 1657 1029 1708 ἑαυτὸν
1062 1655 1301 1715 ἒποιησεν
1333 1657 1710 1732 ὑποϐρύχριον,
1744 1657 1792 1711 ἐν
1822 1666 1886 1733 τῇ

286 1746 612 1818 ὑπερηφανίᾳ
659 1753 753 1818 τῇς
797 1742 1022 1818 καρδίας
1071 1747 1230 1799 αὐτοῦ
1271 1755 1367 1820 τῇς
1412 1756 1511 1800 τῶν
1548 1744 1766 1801 δικαίων
1795 1767 1886 1801 πο-

285 1838 429 1908 ρείας
476 1834 902 1906 κατατομλὴσας,
936 1841 1025 1890 καὶ
1073 1841 1294 1910 νομίσας
1337 1841 1511 1906 ὥσπερ
1555 1845 1627 1908 τῷ
1657 1836 1762 1889 λαῶ
1792 1845 1882 1890 τοῦ
1915 1853 1957 1906 Β

283 1930 438 1993 Θεοῦ,
470 1923 604 1975 οὕτω
647 1929 736 1975 καὶ
791 1925 930 1996 αὐτῷ
980 1923 1211 2000 βάσιμον
1261 1928 1475 1980 ἔσεσθαι
1516 1930 1610 1985 τὴν
1635 1925 1882 2001 Ἐρυθρὰν

283 2011 567 2068 θάλασσαν.
601 2020 779 2066 Ταῦτα
809 2011 874 2072 δὴ
904 2011 991 2067 οὖν
1023 2013 1183 2077 εἰδὼς
1211 2017 1355 2090 παρὰ
1387 2022 1539 2082 Θεοῦ,
1572 2019 1661 2068 καὶ
1694 2011 1884 2089 διῃρη-

278 2100 404 2174 μὲνα
458 2104 594 2174 ἔχων
645 2106 789 2177 παρά
847 2123 1048 2177 σεαυτῳ
1105 2112 1196 2158 τοῦ
1243 2112 1408 2157 κακοῦ
1466 2107 1550 2172 τὰ,
1603 2101 1742 2176 εἴδη,
1792 2110 1882 2158 καὶ

280 2188 434 2253 εἰδὼς
475 2197 527 2244 τί
569 2195 660 2265 μὲν
711 2197 770 2244 τὸ
803 2197 958 2256 ὅντως
1010 2197 1189 2262 κακὸν,
1223 2197 1303 2248 ὅτι
1349 2198 1379 2253 ἡ
1438 2194 1688 2270 ἁμαρτία,
1721 2195 1784 2267 ᾖς
1821 2197 1882 2247 τὸ

194 2304 216 2316 κ
277 2279 417 2343 τέλος
445 2279 671 2334 ἀπώλεια
695 2301 708 2318 ο
740 2287 792 2334 τί
824 2279 883 2335 δὲ
903 2285 960 2335 τὸ
994 2280 1184 2336 δοκοῦν
1233 2287 1325 2358 μὲν
1371 2288 1531 2336 κακὸν
1577 2280 1670 2336 διὰ
1699 2285 1758 2336 τὸ
1788 2291 1884 2356 τῇς

280 2369 576 2433 αἰσθήσεως
625 2370 872 2444 ἀλγεινὸν,
909 2371 1108 2445 ἀγαθοῦ
1154 2371 1214 2426 δὲ
1263 2370 1492 2447 δύναμιν
1541 2376 1684 2445 ἕχον,
1717 2377 1784 2436 ὡς
1827 2376 1883 2426 αἱ

278 2464 535 2523 κακώσεις
584 2462 638 2513 αἱ
685 2465 816 2535 πρὸς
846 2460 1046 2536 ἇποχην
1094 2472 1192 2525 τῆς
1237 2464 1499 2538 ἁμαρτίας
1546 2462 1881 2536 ἐπαγόμεναι,

280 2549 348 2600 ὧν
395 2552 444 2603 οἱ
492 2553 685 2623 καρποὶ
735 2556 972 2626 σωτηρία
1018 2551 1211 2626 ψυχῶν
1411 2553 1647 2616 αἰώνιος⁹
1680 2559 1884 2621 παῦσαιι

281 2634 762 2712 δυσαρεστούμενος
821 2648 934 2704 ταῖς
997 2643 1156 2705 θείαις
1216 2643 1569 2715 οίκονομίαιςη
1630 2641 1759 2704 ὅλως
1825 2639 1886 2696 δὴ

279 2733 410 2802 μήτε
438 2733 560 2784 Θεὸν
605 2733 770 2784 αἴτιον
815 2733 949 2801 ἡγοῦ
978 2740 1042 2804 τῇ
1055 2751 1076 2792 ς
1105 2732 1374 2807 ὑπάρξεως
1402 2740 1493 2786 τοῦ
1533 2738 1718 2798 κακοῦ,
1753 2737 1885 2805 μήτε

283 2814 424 2870 ἰδίαν
473 2819 764 2871 ὑπόστασιν
806 2827 902 2872 τοῦ
951 2827 1114 2873 κακοῦ
1164 2818 1293 2873 εἶναι
1333 2821 1619 2894 φαντάζου.
1663 2821 1736 2873 Οὐ
1779 2823 1882 2895 γὰρ

282 2905 421 2959 ἐστιν
468 2909 720 2980 ὑφεστὼς,
755 2910 928 2982 ὥσπερ
977 2929 1028 2964 τι
1077 2911 1227 2977 ζῶον,
1271 2914 1302 2970 ἡ
1344 2914 1606 2986 πονηρία·
1641 2912 1758 2964 οὔτι
1800 2910 1885 2963 οῦ-

286 2999 403 3048 σίαν
447 2997 608 3058 αὐτῆς
655 2996 1001 3052 ἔνυττοστατον
1050 3010 1398 3075 παραστῆσαι
1447 3004 1654 3074 ἔχομεν.
1699 3003 1885 3075 Στέρη-

284 3103 368 3148 σις
412 3089 510 3162 γὰρ
561 3085 758 3159 ἀγαθοῦ
808 3087 919 3143 ἐστι
962 3092 1020 3142 τὸ
1067 3092 1247 3146 κακὸν.
1287 3089 1578 3164 Ὀθγαλμὸς
1625 3089 1839 3148 ἐκτίσθη
1867 3109 1880 3124 ⁸

281 3175 536 3248 τυφλότης
569 3174 628 3230 δὲ
652 3185 714 3250 τῇ
751 3176 979 3251 ἀπωλείᾳ
1017 3187 1116 3231 τῶν
1157 3179 1429 3253 ὀφθαλμῶν
1456 3179 1714 3252 ἐπεγένετο
1921 3212 1960 3268 C

276 3264 455 3332 Ὥστε,
518 3267 560 3319 εἰ
616 3271 688 3340 μὴ
741 3263 800 3339 ᾖν
851 3270 1084 3344 φθαρτῆς
1139 3270 1341 3341 φῦσεως
1386 3271 1412 3321 ὁ
1462 3268 1745 3342 ὀφθαλμὸς,
1789 3267 1883 3322 οὐκ

277 3355 336 3406 ἄν
368 3357 523 3427 ἔσχεν
570 3359 601 3415 ἡ
655 3356 914 3428 τυφλότης
955 3355 1329 3433 παρείσδυσιν.
1361 3359 1514 3412 Οὕτω
1561 3364 1652 3412 καὶ
1695 3363 1754 3411 τὸ
1793 3378 1885 3412 κα-

276 3448 366 3496 κὸν
397 3445 493 3497 οῦκ
541 3444 592 3497 ἐν
624 3442 738 3517 ἰδίᾳ
784 3445 994 3520 ὐροὲρξιι
1025 3445 1186 3512 ἐστὶν,
1225 3447 1351 3508 ἄλλα
1398 3456 1509 3509 τοῖς
1555 3457 1647 3508 τῆς
1695 3447 1884 3520 ψυχῆς

275 3541 592 3609 πηρώμασιν
658 3533 959 3607 ἐπιγίνεται.
1033 3537 1167 3588 Οὔτε
1249 3539 1351 3612 γὰρ
1431 3535 1704 3608 ἁγεννητόν
1768 3539 1887 3608 (Ol)

277 3621 436 3689 ἐστιν,
494 3627 564 3686 ὡς
615 3625 640 3676 ὀ
697 3631 795 3676 τῶν
852 3623 1050 3677 ἀσεϐῶν
1112 3624 1284 3697 λόγος,
1355 3626 1604 3700 ὁμότιμον
1666 3628 1882 3679 ποιούν-

275 3732 374 3764 των
443 3721 506 3786 τῇ
577 3711 746 3785 ἀγαθῇ
827 3715 981 3785 φύσει
1060 3717 1154 3773 τὴν
1206 3717 1456 3788 πονηρὰν,
1519 3718 1656 3789 εἴπερ
1721 3714 1883 3789 ἀμφό-

274 3820 397 3876 τερα
464 3804 677 3876 ὢθαρχα
739 3807 828 3856 καὶ
897 3806 1142 3874 γενέσεώς
1210 3802 1354 3865 ἐστιν
1437 3801 1704 3876 ἀνώτερον
1766 3803 1884 3854 οὔτε

275 3896 373 3965 μὴν
423 3896 683 3964 γεννητόν.
738 3891 798 3946 Ei
868 3895 968 3966 γὰρ
1026 3895 1197 3947 πάντα
1285 3892 1338 3954 ἐκ
1413 3901 1504 3946 τοῦ
1563 3899 1717 3960 Θεοῦ,
1771 3900 1883 3954 πῶς

274 3985 332 4034 τὸ
387 3985 546 4034 κακὸν
615 3980 670 4033 ἐκ
726 3989 818 4036 τοῦ
877 3981 1114 4054 ἀγαθούς
1176 3980 1317 4036 Οὐδὲ
1381 3986 1479 4056 γὰρ
1533 3984 1592 4036 τὸ
1651 3983 1882 4058 αἰσχρὸν

275 4071 386 4143 (62)
442 4069 542 4124 ἀπὸ
602 4079 695 4123 τοῦ
749 4071 929 4140 καλοῦ,
993 4072 1110 4125 οὒτε
1162 4074 1190 4131 ἡ
1251 4077 1416 4128 κακία
1471 4071 1572 4126 ἀπὸ
1622 4081 1717 4134 τῆς
1757 4071 1881 4148 ἀρε-

272 4169 334 4234 τῇ
349 4182 386 4223 ς.

274 4252 354 4304 ὅτι
406 4247 509 4305 ἐκεῖ
563 4251 741 4304 Πάντα
798 4251 946 4318 καλὰ,
995 4257 1084 4304 καὶ
1129 4252 1262 4304 καλὰ
1305 4250 1436 4306 λίαν.
1472 4250 1548 4302 Οῦ
1600 4255 1772 4303 τοίνυν
1818 4255 1878 4304 τὸ

272 4342 428 4393 κακὸν
484 4346 591 4402 τοῖς
647 4340 824 4402 καλοῖς
884 4343 1219 4398 σννεκτίσθη.
1273 4340 1404 4392 Ἀλλ’
1455 4337 1578 4393 οὐδὲ
1635 4342 1664 4400 ἡ
1714 4342 1873 4400 νοητὴ

272 4434 465 4494 κτίσις,
511 4433 753 4503 γενομένη
824 4431 968 4503 παρὰ
1041 4438 1133 4482 τοῦ
1196 4433 1546 4503 Δήμιουργοῦ,
1618 4427 1876 4504 ἀναμέμι-

272 4522 434 4592 γμένη
467 4527 530 4592 τῇ
567 4524 683 4586 (63)
724 4524 950 4594 πονηρίᾳ
995 4519 1066 4580 εἰς
1112 4520 1170 4571 τὸ
1209 4515 1338 4571 εἶναι
1368 4520 1648 4593 παρήχθη.
1683 4520 1743 4574 Εἰ
1770 4522 1872 4594 γὰρ
1903 4569 1948 4623 D

273 4609 340 4661 τὰ
371 4609 646 4681 σωματικὰ
693 4608 786 4661 οὐκ
832 4611 986 4680 ἔσχεν
1035 4606 1083 4660 ἐν
1123 4606 1323 4669 ἑαυτοῖς
1352 4609 1410 4660 τὸ
1439 4610 1599 4659 κακὸν
1647 4627 1872 4680 συγκτι-

345 4717 394 4750 ⁹⁰
425 4717 569 4774 Gen.
599 4730 638 4784 ι,
670 4721 757 4773 3t.

344 4833 456 4908 (57)
490 4833 654 4891 Colb.
687 4833 893 4908 tertius
941 4853 1055 4908 ορον
1088 4834 1267 4908 αὑτοῦ.
1301 4835 1430 4908 Mox
1470 4831 1612 4889 editi
1666 4827 1870 4896 δίκαιον

274 4904 350 4958 ἐπ’
379 4904 659 4978 αὑτοῦκᾼῑ
687 4904 1132 4978 ([ιιὶῐιιιιιοήλεε.
1166 4904 1240 4957 ἐπ’
1271 4905 1434 4978 αὑτῳ.

345 4979 460 5048 (58)
492 4976 658 5051 Colb.
686 4976 918 5051 primus
943 4977 1380 5051 _s'{.;zs).sri;cavra.

348 5047 458 5116 (59)
502 5047 745 5122 Antiqui
784 5049 904 5122 duo
943 5047 1076 5122 libri
1126 5053 1360 5122 σωτηρία
1404 5047 1559 5122 ψνχῆ
1574 5067 1611 5109 ς.
1645 5047 1872 5122 Ibidem

273 5120 504 5193 aliquot
530 5119 678 5175 mss:
709 5119 1136 5194 Combeﬁsiani
1163 5119 1363 5194 παύσῃ.
1391 5119 1555 5176 Colb.
1586 5119 1790 5178 tertius
1813 5123 1872 5173 οῦ

272 5191 475 5259 παύση,
509 5208 709 5250 nonne
733 5192 960 5249 desines
981 5191 1008 5247 ?

342 5266 456 5334 (60.)
488 5267 630 5338 Reg.
665 5263 866 5338 tertius
898 5262 1554 5338 dpddlprfwjrpoaayivsro.

351 5332 459 5402 (61)
495 5336 594 5390 llic
625 5339 681 5390 et
706 5335 879 5403 infra,
902 5332 1143 5406 ubiv'ox
1173 5332 1462 5406 ἀν’έννητος,
1489 5338 1592 5390 aut
1633 5338 1872 5406 γεννητὸς

277 5407 789 5478 occurritvariant
811 5411 936 5460 tum
965 5405 1200 5478 calamo
1219 5405 1429 5478 notati,
1445 5411 1571 5478 tum
1597 5405 1760 5478 typis
1775 5406 1849 5462 de

278 5477 480 5557 scripti
504 5476 660 5532 libri.
683 5479 794 5557 Nec
818 5478 876 5557 id
899 5475 1185 5557 cuiquam
1217 5477 1436 5557 mirum
1468 5475 1871 5557 viderigdebet,

279 5564 416 5603 cum
434 5548 525 5603 liae
541 5565 722 5604 voces
735 5548 792 5603 in
807 5547 1060 5604 diversis
1074 5547 1520 5619 exemplaribus
1538 5547 1720 5604 modo
1734 5564 1872 5604 cum

279 5619 457 5676 unico
476 5641 501 5670 ν
525 5619 1078 5690 scribantur,modo
1094 5634 1232 5690 cum
1246 5618 1505 5674 duobus.
1529 5623 1714 5686 Certe,
1733 5635 1872 5676 cum

279 5690 352 5767 de
368 5690 589 5758 divinis
606 5690 787 5767 rebus
809 5689 1290 5770 agitur,multum
1307 5690 1554 5766 quidem
1570 5691 1875 5768 reterthoc

461 4161 745 4233 Ἀνοὶγνωθι
838 4166 932 4220 τὴν
1009 4167 1376 4235 κοσμοποιίαν,
1440 4165 1530 4216 καὶ
1618 4163 1875 4235 εὑρήσεις,

1988 371 2114 426 EST
2150 372 2428 428 AUCTOR
2479 372 2844 430 MALORUM.
3563 371 3668 427 342

909 504 1161 566 περιφανῆ
1245 497 1487 566 γενέσθαι
1565 500 1654 547 καὶ
1738 500 1888 547 πᾶσα

2014 493 2194 561 tebat,
2230 494 2496 566 prudens
2527 511 2596 550 ac
2643 496 2889 567 sapiens
2918 495 3260 551 animarum
3301 493 3669 564 gubernator

2013 584 2219 640 statuit
2237 600 2373 639 eum
2396 584 2686 641 illustrem
2706 585 2854 652 ﬁeri,
2879 591 2934 641 et
2955 585 3120 657 apud
3141 600 3355 640 omnes
3371 584 3667 642 celebrem

2009 677 2075 730 ut
2113 674 2440 730 infortunio
2471 690 2581 730 suo
2610 673 2855 747 reliquis
2887 675 3102 730 saltem
3135 672 3295 728 utilis
3329 673 3495 744 foret,
3527 690 3666 730 cum

2008 768 2167 818 esset
2183 763 2312 835 ipse
2327 762 2405 819 ob
2428 763 2679 820 nimiam
2704 763 2994 820 malitiam
3016 761 3394 819 insanabilis.
3418 762 3669 819 Indura-

2007 852 2088 907 vit
2113 855 2314 908 autem
2337 869 2497 919 eum,
2523 852 2841 909 tolerantia
2862 869 2932 908 ac
2960 867 3157 925 poenas
3179 851 3465 908 dilatione
3488 852 3668 908 mali-

2008 940 2154 998 tiam
2185 941 2376 1014 ipsius
2423 942 2759 1010 adaugens,
2793 946 2858 999 ut
2906 941 3177 1014 nequitia
3206 941 3336 1011 ejus
3370 940 3451 997 ad
3479 946 3669 998 extre-

2006 1047 2174 1086 mum
2233 1046 2425 1104 usque
2486 1030 2800 1086 cumulum
2853 1035 3154 1103 provecta,
3200 1029 3413 1100 judicii
3478 1030 3668 1087 divini

2005 1121 2258 1193 aequitas
2287 1121 2349 1176 in
2380 1135 2450 1175 eo
2481 1119 2814 1189 effulgeret.
2845 1123 3050 1192 quue
3081 1136 3118 1176 a
3155 1119 3495 1176 minoribus
3528 1119 3663 1191 pla-

2005 1210 2092 1278 gis
2115 1208 2280 1266 initio
2303 1209 2504 1275 ducto,
2525 1209 2763 1278 ﬂagella
2791 1225 3031 1282 semper
3051 1208 3282 1267 addens
3313 1225 3385 1265 ac
3408 1224 3661 1280 augen,

2003 1299 2449 1354 contumacium
2481 1299 2769 1368 ejus-non
2800 1297 3119 1355 emollivit:
3168 1297 3277 1354 sed
3305 1297 3538 1355 invenit
3563 1297 3662 1370 ip-

2001 1405 2135 1443 sum
2167 1393 2224 1444 et
2263 1389 2359 1444 Dei
2405 1387 2757 1459 patientiam
2801 1391 3308 1456 contemnentem,
3358 1390 3414 1444 et
3456 1386 3657 1454 talem,

2000 1478 2174 1548 cujus
2197 1482 2357 1532 esset
2382 1477 2622 1532 animus
2643 1476 2704 1532 in
2726 1476 2904 1532 malis
2926 1475 3038 1532 sibi
3072 1476 3252 1533 illatis
3284 1492 3409 1549 prin
3439 1491 3656 1533 assue-

2002 1567 2207 1623 tudine
2233 1566 2618 1623 exercitatus.
2655 1569 2719 1622 Et
2744 1583 2818 1622 ne
2851 1566 2938 1622 sic
2963 1566 3211 1639 quidem
3239 1582 3378 1623 eum
3417 1565 3662 1624 tradidit

1998 1657 2195 1724 morti,
2220 1657 2414 1713 donec
2441 1671 2502 1711 se
2527 1655 2657 1728 ipse
2688 1655 3035 1726 submersit,
3057 1655 3221 1712 viam
3244 1656 3551 1727 justorum
3571 1654 3661 1712 in-

1997 1747 2166 1815 gredi
2195 1763 2386 1802 ausus
2437 1747 2655 1802 mentis
2704 1761 2828 1800 sum
2875 1745 3183 1817 superbia,
3217 1749 3274 1802 et
3320 1749 3385 1801 ut
3426 1743 3658 1816 populo

1995 1835 2117 1904 Dei,
2151 1836 2232 1892 ita
2274 1835 2388 1890 sibi
2441 1850 2688 1908 quoque
2729 1849 2896 1890 mare
2929 1835 3204 1891 Rubrum
3232 1834 3508 1908 pervium
3532 1833 3658 1890 fore

1991 1929 2180 1980 ratus.
2215 1928 2348 1980 Haec
2379 1924 2558 1996 igitur
2589 1940 2625 1980 a
2657 1926 2777 1980 Deo
2807 1923 3078 1995 edoctus,
3105 1927 3161 1980 et
3181 1922 3468 1980 distincta
3487 1922 3656 1994 apud

1990 2014 2380 2086 temetipsum
2399 2011 2545 2069 mali
2566 2027 2789 2082 genera
2807 2011 3063 2082 habens,
3089 2012 3209 2085 '78
3235 2027 3346 2068 nec
3364 2011 3654 2080 ignorans

1990 2104 2303 2177 quidyere
2324 2102 2556 2159 malum
2587 2103 2678 2170 sit,
2703 2107 3025 2175 peccatum
3046 2100 3340 2170 videlicet,
3369 2100 3544 2171 cujus
3576 2099 3653 2155 ﬁ-

1989 2192 2083 2248 nis
2112 2190 2572 2263 interitus,‘quid
2601 2206 2739 2246 vero
2764 2189 2998 2247 malum
3018 2189 3320 2246 duntaxat
3346 2203 3653 2261 apparens

1990 2283 2070 2339 ob
2121 2282 2438 2338 excitatum
2486 2281 2546 2336 in
2597 2280 2883 2336 sensibus
2929 2279 3228 2348 dolorem,
3255 2278 3376 2335 vim
3428 2276 3655 2349 alioqui

1990 2370 2132 2428 boni
2155 2368 2586 2438 liabens,velut
2603 2374 2743 2426 sunt
2768 2368 3010 2426 mulctas
3031 2373 3089 2424 et
3108 2367 3500 2425 incommoda
3515 2382 3653 2439 quas

1992 2461 2072 2517 ad
2098 2460 2437 2516 cohibenda
2462 2463 2711 2531 peccata
2740 2458 3096 2526 inferuntur,
3125 2472 3387 2530 quorum
3425 2455 3655 2512 fructus

1994 2550 2157 2606 salus
2190 2549 2537 2606 animarum
2590 2554 2833 2615 aeterna,
2866 2547 2962 2604 fac
2992 2546 3233 2604 desinas
3270 2544 3540 2615 regimen
3569 2542 3657 2599 di-

1995 2639 2204 2695 vinum
2235 2654 2394 2708 aegre
2431 2639 2602 2695 ferre.
2639 2641 2766 2694 Uno
2797 2636 3000 2704 verbo,
3033 2651 3232 2709 neque
3281 2636 3470 2693 Deum
3511 2631 3656 2691 sub-

1995 2728 2417 2797 stantiaunali
2469 2733 2782 2785 auctorem
2825 2742 2957 2783 esse
3005 2730 3219 2799 putes:
3278 2739 3476 2796 neque
3507 2721 3657 2784 mali

1995 2818 2184 2876 ullam
2238 2834 2372 2874 esse
2411 2819 2724 2890 propriam
2779 2815 3236 2873 subsistentiam
3275 2813 3493 2884 ﬁngas.
3527 2814 3658 2868 Non

1993 2909 2155 2964 enim
2187 2908 2476 2978 subsistit,
2511 2908 2675 2964 velut
2703 2906 2932 2964 animal
2976 2905 3314 2978 quoddam,
3343 2903 3612 2978 pravitas
3640 2917 3655 2958 :

1993 3015 2189 3072 neque
2221 2999 2378 3055 illius
2399 2998 2722 3054 essentiam
2751 3011 2890 3053 vere
2921 2995 3302 3052 exsistentem
3324 3006 3549 3066 ponere
3577 2991 3658 3048 ob

1993 3089 2204 3146 oculos
2235 3103 2582 3162 possumus.
2619 3089 2768 3142 Nam
2813 3085 2961 3142 boni
2993 3083 3255 3158 privatio
3281 3082 3516 3140 malum
3546 3085 3656 3139 est.

1995 3180 2242 3235 Creatus
2279 3177 2493 3234 oculus
2523 3181 2630 3245 est,
2659 3176 2766 3232 sed
2805 3175 2996 3231 oculis
3039 3173 3280 3230 amissis
3311 3169 3662 3244 supervenit

1994 3269 2251 3325 caecitas.
2286 3267 2452 3326 Unde
2498 3267 2549 3322 si
2593 3265 2749 3323 oculi
2794 3269 3016 3321 natura
3044 3278 3168 3319 non
3209 3262 3418 3320 fuisset
3446 3276 3660 3318 curru-

1993 3359 2184 3431 ptioni
2213 3357 2500 3428 obnoxia,
2534 3371 2656 3413 non
2707 3355 3002 3428 patuisset
3030 3353 3230 3410 aditus
3261 3350 3532 3408 caecitati.
3567 3349 3662 3407 Sic

1993 3448 2174 3503 etiam
2202 3446 2433 3503 malum
2474 3462 2598 3502 non
2650 3445 2711 3501 in
2750 3443 2999 3517 propria
3029 3441 3376 3500 substantia
3407 3438 3658 3505 exsistit,

1995 3537 2102 3592 sed
2135 3552 2207 3593 ex
2233 3537 2454 3593 animus
2483 3535 2832 3591 laesionibus
2863 3532 3116 3589 accedit.
3151 3535 3355 3604 Neque
3386 3529 3551 3588 enim
3571 3529 3659 3587 in-

1993 3627 2266 3697 genitum
2291 3629 2398 3693 est,
2428 3625 2593 3680 velut
2633 3625 2844 3679 dicunt
2869 3622 3042 3695 impii
3073 3621 3177 3694 qui
3208 3624 3494 3678 naturam
3524 3634 3661 3678 ma—

1991 3714 2114 3771 lam
2154 3715 2332 3771 bonae
2361 3713 2660 3786 mqualem
2703 3711 3097 3779 constituunt,
3132 3711 3181 3766 si
3207 3709 3458 3782 quidem
3498 3711 3662 3768 utra-

1991 3799 2110 3878 q'ue
2139 3803 2435 3878 principio
2479 3807 2659 3865 caret,
2695 3801 3116 3874 anteceditque
3167 3797 3655 3868 generationem;

1990 3909 2190 3967 neque
2220 3896 2492 3963 genitum
2521 3896 2626 3949 est.
2662 3891 2894 3948 Etenim
2921 3891 2971 3947 si
3010 3907 3081 3946 ex
3109 3890 3229 3946 Deo
3260 3890 3402 3944 sunt
3426 3887 3658 3954 omnia.

1989 3983 2300 4057 quomodo
2323 3983 2548 4039 malum
2579 3998 2652 4038 ex
2682 3982 2847 4038 bono
2878 3984 2969 4036 est
2991 3982 3019 4038 ξ)
3059 3983 3262 4051 Neque
3291 3977 3455 4035 enim
3484 3981 3658 4049 turpe

1989 4088 2061 4128 ex
2093 4073 2345 4130 honesto
2364 4077 2476 4139 est,
2500 4087 2699 4146 neque
2718 4071 2934 4127 vitium
2956 4086 3031 4126 ex
3052 4070 3290 4126 virtute.
3319 4069 3469 4137 Lege
3492 4081 3655 4124 crea-

1990 4163 2214 4220 tionem
2256 4163 2488 4231 mundi,
2534 4166 2592 4219 et
2637 4161 2910 4218 invenies
2961 4159 3080 4216 illic
3119 4159 3357 4216 Cuncta
3406 4155 3560 4214 bona
3600 4161 3656 4213 et

1989 4252 2142 4309 bona
2180 4253 2442 4310 valde”.
2473 4255 2601 4309 Non
2633 4251 2818 4322 igitur
2859 4250 3092 4308 malum
3147 4264 3273 4304 una
3301 4263 3443 4304 cum
3472 4245 3653 4303 bonis

1986 4345 2220 4398 creatus
2273 4347 2381 4397 est.
2439 4343 2553 4399 Sed
2605 4357 2804 4414 neque
2855 4338 3185 4412 spiritualis
3238 4341 3515 4395 creatura
3571 4335 3652 4393 ab

1987 4431 2210 4504 Opiﬁce
2240 4431 2504 4499 condita,
2528 4431 2588 4487 in
2610 4448 2812 4488 rerum
2843 4436 3130 4487 naturam
3147 4445 3287 4487 cum
3304 4427 3510 4500 aliqua
3535 4424 3651 4484 sibi

1987 4520 2249 4582 admista
2271 4521 2568 4594 pravitate
2599 4521 2898 4594 producta
2935 4525 3042 4576 est.
3077 4519 3136 4576 Si
3168 4517 3328 4575 enim
3356 4530 3650 4588 corporea

1985 4625 2110 4667 non
2136 4609 2432 4668 haberent
2460 4611 2520 4667 in
2571 4611 2787 4684 seipsis
2825 4609 3058 4667 malum
3087 4623 3215 4665 una
3242 4621 3449 4664 secum
3480 4620 3648 4666 στοας

1983 4850 2059 4890 an
2087 4833 2188 4914 illo
2220 4834 2406 4914 modo
2435 4835 2688 4914 legatur,
2732 4835 3025 4914 ἀγέννητος,
3060 4837 3164 4914 aut
3184 4832 3495 4914 ἀγένητος,
3517 4851 3638 4904 γεν-

1979 4910 2151 4980 νητὸς,
2189 4912 2290 4962 aut
2317 4903 2548 4980 γενητὸς.
2587 4911 2648 4964 Et
2675 4903 2821 4964 vero
2864 4908 3034 4963 nefas
3066 4911 3160 4980 est
3184 4903 3636 4980 FiliumdiCere

1980 4977 2336 5052 ingenitum,
2369 4996 2549 5052 quem
2599 4984 2804 5037 tamen
2838 4997 2971 5035 vere
3015 4977 3370 5052 proﬁtemur
3397 4977 3635 5032 increa-

1982 5055 2106 5105 tum
2132 5066 2144 5103 :
2179 5049 2508 5119 itemﬂdes
2533 5051 2709 5107 docet
2737 5052 2953 5107 Filium
2987 5049 3118 5106 esse
3140 5051 3426 5120 genitum;
3449 5062 3633 5120 quem

1980 5126 2161 5190 negat
2187 5138 2316 5176 esse
2345 5124 2600 5192 factum.
2629 5123 2742 5181 Sed
2771 5124 2818 5178 si
2845 5137 3044 5178 sermo
3069 5119 3237 5178 sit’de
3258 5119 3441 5175 rebus
3467 5119 3634 5175 crea-

1983 5193 2074 5262 tis,
2107 5193 2254 5268 nihil
2278 5195 2456 5250 refert
2479 5200 2612 5268 utro
2637 5195 2774 5268 quis
2797 5195 2981 5250 modo
3009 5194 3187 5264 legat,
3211 5207 3351 5268 cun}
3375 5207 3486 5263 pro
3507 5206 3634 5248 una

1979 5279 2128 5339 voce
2160 5265 2339 5320 aliam
2384 5266 2607 5339 saepius
2654 5265 2808 5322 sumi
2840 5270 3091 5339 constet.
3130 5265 3627 5339 legebucieum.

1984 5338 2061 5410 Dc
2084 5341 2296 5410 caetero
2320 5333 2523 5402 nemo,
2545 5340 2780 5410 opinor,
2807 5353 2930 5394 non
2953 5336 3116 5410 videt
3135 5333 3513 5410 Mzenichaaos
3535 5333 3630 5410 hic

1981 5422 2016 5462 a
2048 5408 2261 5464 Basilio
2309 5406 2676 5480 impugnari.
2719 5411 2847 5464 Mox
2891 5406 3055 5465 Colb.
3087 5407 3296 5463 tertius
3335 5408 3489 5478 φύσει
3535 5408 3629 5464 τὸν

1982 5485 2253 5553 πονηρίαν.
2290 5480 2554 5536 Subinde
2585 5481 2744 5553 idem
2777 5480 2968 5553 codex
2991 5484 3085 5553 καὶ
3110 5483 3416 5550 γεννήσεως.

2053 5546 2166 5622 (6'2)
2197 5555 2334 5624 Heg.
2369 5553 2599 5624 primus
2633 5551 2828 5624 ἀγαθοῦ
2853 5573 2865 5586 ·
2897 5546 3062 5601 Οὐδὲν
3082 5546 3183 5624 γὰρ
3211 5553 3460 5624 αἰσχρόν.

2050 5625 2160 5696 (63)
2195 5623 2699 5682 (ΣοΙΙκεθοιιωῖιιε
2727 5623 3161 5704 ὴναμεμιγμένως
3182 5629 3267 5684 τῆ.
