4124 6404
438 316 542 372 343

1756 292 1775 301 “
1803 311 1864 369 s.
1916 313 2171 379 ,BASlLIl
2208 315 2429 373 MAGNI

3705 329 3810 383 344

435 444 600 506 tum;
662 438 978 512 quomodo
1046 439 1390 513 spiritualia
1453 440 1635 511 longe
1696 438 1956 512 puritate
2022 454 2093 520 ac

2216 440 2434 514 ζόμενον,
2487 452 2599 507 πῶς
2640 444 2701 497 ἂν
2741 443 2809 498 τά
2853 464 3033 513 νοητα,
3065 453 3318 499 τοσοῦτον
3363 450 3689 524 καθαρότητι
3718 456 3809 504 καὶ

434 529 748 586 sanctitate
777 533 1117 601 praetantia,
1144 546 1545 587 communem
1577 545 1717 585 cum
1762 528 1924 584 malo
1955 527 2096 584 sub-

433 619 767 676 sistentiam
797 618 1204 676 habuissent?
1255 620 1371 677 Sed
1405 624 1610 676 tamen
1640 618 1875 674 malum
1900 622 2012 685 est,
2042 620 2100 674 et

432 710 524 766 vis
551 711 681 781 ejus
707 709 771 765 id
799 724 923 764 non
952 724 1171 782 parum
1205 725 1317 783 per
1340 724 1590 766 omnem
1620 708 1808 764 vitam
1838 705 2099 765 diffundi

433 801 830 857 demonstrat.
865 798 1032 855 Unde
1061 815 1208 870 ergo
1251 799 1442 856 habet
1471 798 1638 872 quod
1669 802 1779 868 est,
1812 797 1862 854 si
1900 810 2100 870 neque

433 890 731 963 principio
779 892 1004 958 careat,
1032 889 1255 963 inquit,
1287 905 1490 963 neque
1536 889 1769 947 factum
1822 903 1895 945 ac
1940 901 2104 944 crea-

434 984 565 1035 tum
597 979 715 1035 sit?

472 1074 560 1125 -6.
604 1069 875 1127 Vicissim
925 1070 1385 1140 interrogentur
1429 1069 1535 1142 qui
1584 1068 1729 1126 talia
1782 1069 2098 1140 quierunt:

438 1162 606 1217 Unde
638 1160 884 1217 morbi?
910 1160 1075 1216 unde
1124 1160 1402 1233 corporis
1428 1159 1639 1215 oblaesi
1666 1159 1856 1215 vitia?
1898 1160 2102 1230 Neque

437 1251 600 1306 enim
647 1250 901 1306 morbus
949 1252 1259 1305 increatus
1309 1253 1417 1315 est,
1451 1264 1653 1321 neque
1696 1247 1880 1305 etiam
1927 1245 2102 1318 opiﬁ-

439 1339 601 1395 cium
635 1340 755 1395 Dei.
791 1338 905 1395 Sed
934 1342 1136 1395 creata
1165 1338 1418 1412 quidem
1462 1343 1604 1394 sunt
1638 1336 1932 1393 animalia
1959 1350 2101 1391 cum

439 1428 833 1484 conveniente
856 1428 974 1483 sibi
1004 1432 1308 1484 structura
1336 1427 1677 1484 secundum
1697 1430 2003 1495 naturam,
2030 1439 2104 1481 ac

439 1518 688 1589 integris
717 1518 1142 1590 absolutisque
1166 1517 1458 1574 membris
1485 1516 1764 1590 prodiere
1784 1516 1846 1573 in
1865 1514 2101 1581 lucem;

443 1607 553 1663 sed
591 1612 797 1664 tamen
846 1610 1294 1678 aegrotaverunt
1339 1622 1371 1662 e
1396 1605 1662 1663 naturali
1691 1608 1850 1662 statu
1878 1608 2104 1663 emota.

443 1698 915 1755 Amittuntenim
948 1697 1272 1754 sanitatem
1303 1700 1408 1754 aut
1434 1701 1683 1770 propter
1705 1696 1949 1753 diaetam
1977 1711 2106 1752 ma-

2200 531 2449 605 οἶγιασμῷ
2494 531 2828 607 διαφέροντα,
2859 538 3031 593 κοινὴν
3072 533 3132 586 ἂν
3186 538 3316 606 ἔσχε
3362 541 3495 610 πρὸς
3543 539 3603 591 τό
3648 543 3808 593 κακόν

2200 623 2295 679 τὴν
2354 622 2682 690 ύποστασιν;
2741 622 2893 676 Ἀλλά
2948 627 3052 696 μὴν
3111 626 3224 678 ἔστι
3274 629 3334 679 τό
3395 630 3576 695 κακὸν,
3631 632 3722 682 καὶ
3773 631 3804 689 ἡ

2202 706 2428 782 ἐνέργεια
2457 707 2692 765 δείκνυσι
2734 712 2867 766 πολὺ
2914 714 3051 767 κατά
3100 722 3193 767 τοῦ
3243 713 3367 788 βίου
3405 721 3601 781 παντὸς
3646 737 3808 791 κεχυ-

2202 802 2373 872 μένον.
2422 803 2586 854 Πόθεν
2636 797 2725 855 οὖν
2777 802 2920 874 αύτῷ
2964 804 3026 856 τό
3088 802 3235 874 εἶναι,
3287 804 3331 858 εἰ
3384 810 3518 879 μήτε
3574 807 3806 882 ἄναρχόν

2204 885 2338 959 ἐστι,
2366 894 2520 962 φησὶ,
2550 895 2683 964 μήτε
2714 896 3037 961 πεποίηται;

2276 1073 2330 1126 6.
2369 1069 2874 1145 Ἀντερωτάσθωσαν
2918 1073 2968 1125 οἱ
3009 1075 3076 1126 τὰ
3130 1080 3349 1127 τοιαῦτα
3390 1072 3769 1140 ἀπιζητοῦντες
3793 1098 3807 1111 ·

2206 1161 2366 1212 Πόθεν
2412 1164 2558 1214 νόσοι
2587 1162 2743 1232 (64);
2793 1163 2948 1215 πόθεν
2978 1163 3033 1215 αἱ
3078 1168 3344 1237 πηρώσεις
3392 1171 3484 1217 τοῦ
3524 1170 3807 1238 σώματος;

2207 1247 2340 1302 Οὔτε
2367 1252 2466 1322 γὰρ
2515 1249 2790 1322 ἀγέννητος
2838 1252 2867 1310 ἡ
2919 1254 3090 1321 νόσος,
3122 1251 3240 1306 ούτε
3281 1257 3386 1325 μὴν
3429 1250 3813 1329 δημιούργημα

2204 1345 2297 1392 τοῦ
2342 1346 2496 1394 Θεοῦ.
2523 1337 2656 1394 Ἀλλ’
2697 1338 2913 1399 ἐκτισθη
2957 1344 3062 1414 μὴν
3101 1341 3168 1393 τά
3216 1341 3328 1402 ζῶα
3370 1344 3502 1414 μετά
3542 1350 3639 1415 τῇς
3683 1362 3813 1417 πρι-

2204 1430 2409 1491 πούσης
2456 1428 2636 1493 αὐτοῖς
2684 1439 3018 1492 κατασκευῆς
3080 1432 3218 1484 κατὰ
3277 1432 3452 1503 φύσιν,
3519 1436 3610 1486 καὶ
3683 1452 3818 1508 παρ-

2207 1520 2354 1590 ήχθη
2387 1521 2500 1588 (65)
2531 1521 2662 1592 πρὸς
2698 1523 2788 1578 τὴν
2840 1519 2980 1580 ζωὴν
3026 1518 3391 1593 ἀπηρτισμένα
3435 1527 3546 1582 τοῖς
3584 1520 3812 1593 μέλεσιν,

2208 1604 2425 1667 ἐνόσησε
2469 1604 2529 1662 δι
2573 1615 2665 1662 τοῦ
2714 1610 2852 1662 κατά
2901 1611 3055 1681 φύσιν
3102 1613 3525 1684 παρατραπέντα.
3578 1608 3817 1673 Ἐξίστα-

2208 1715 2297 1749 ται
2346 1699 2448 1771 γὰρ
2503 1706 2599 1761 τῆς
2655 1690 2853 1770 ὑγιείας
2893 1702 2925 1758 ἦ
2982 1695 3077 1751 διὰ
3121 1701 3356 1773 πονηρὰν
3413 1695 3619 1753 δίαιταν
3662 1703 3693 1758 ἦ
3741 1696 3827 1754 διΓ

442 1788 566 1844 lam
580 1829 591 1851 ,
607 1794 711 1845 aut
733 1804 839 1860 per
858 1803 1294 1862 quamcunque
1308 1787 1489 1843 aliam
1511 1802 1646 1861 quas
1656 1785 1943 1843 morbum
1964 1783 2106 1842 aﬂ‘e-

2216 1782 2553 1845 ἣσδηποτοῦν
2581 1794 2860 1842 νοσοποιοῦ
2915 1787 3089 1851 αἰτίας
3119 1788 3251 1860 (66).
3286 1787 3489 1841 Ούκοῦν
3537 1796 3690 1862 σῶμα
3726 1791 3815 1862 μὲν

444 1881 538 1932 rat
562 1892 834 1933 causam.
867 1879 1021 1947 Ergo
1051 1892 1275 1948 corpus
1323 1875 1547 1933 creavit
1588 1878 1766 1945 Deus,
1797 1889 1923 1932 non
1948 1889 2106 1931 mor-

443 1965 633 2035 bum;
664 1971 721 2023 et
749 1967 1021 2022 animam
1065 1981 1315 2039 quoque
1346 1965 1484 2022 fecit
1528 1968 1706 2037 Deus,
1739 1980 1864 2022 non
1895 1980 2108 2039 pecca-

446 2060 575 2111 tum
602 2072 615 2111 :
650 2055 855 2111 vitiata
878 2060 1084 2111 tamen
1110 2060 1203 2111 est
1232 2054 1465 2122 anima,
1489 2070 1521 2111 e
1540 2054 1802 2112 naturali
1821 2058 1983 2112 statu
2002 2054 2110 2111 de-

440 2144 953 2216 jecta.Quodnam
977 2149 1181 2200 autem
1203 2147 1332 2200 erat
1350 2143 1470 2214 ipsi
1485 2144 1863 2217 praecipuum
1875 2143 2110 2201 bonum

446 2233 592 2290 illud
610 2235 638 2291 ?
663 2234 983 2290 Adhzerere
1005 2234 1329 2307 Deo,eique
1352 2248 1461 2306 per
1480 2232 1836 2290 charitatem
1858 2234 2111 2305 conjun-

448 2324 504 2394 gi
531 2340 544 2378 :
579 2340 615 2379 a
640 2339 767 2396 qua
795 2323 900 2378 ubi
930 2322 1171 2390 excidit,
1193 2322 1381 2379 variis
1404 2322 1636 2378 morbis
1659 2337 1731 2379 ac
1751 2322 2000 2379 diversis
2019 2322 2110 2379 vi-

445 2413 593 2469 tiata
614 2417 724 2469 est.
748 2412 903 2479 Quid
925 2417 1017 2467 est
1044 2417 1252 2469 autem
1282 2411 1449 2485 quod
1469 2411 1722 2468 omnino
1744 2412 1890 2469 mali
1913 2427 2112 2486 capax

449 2502 566 2559 sit?
597 2502 896 2569 Quoniam
917 2502 1172 2574 praedita
1197 2506 1287 2558 est
1310 2501 1501 2558 libero
1523 2500 1793 2570 arbitrio,
1813 2502 1980 2574 quod
2001 2517 2111 2559 na-

446 2596 597 2649 turae
625 2590 875 2647 rationis
905 2591 1173 2663 compoti
1211 2591 1330 2663 79
1376 2590 1645 2647 maxime
1671 2591 1969 2661 congruit.
2004 2592 2111 2647 So-

444 2680 575 2738 luta
601 2695 871 2753 namque
901 2679 1106 2736 anima
1135 2679 1493 2736 necessitate
1512 2679 1703 2747 omni,
1730 2678 2112 2752 liberamque

447 2774 506 2826 et
522 2770 583 2825 in
605 2785 716 2826 sua
734 2772 1034 2842 potestate
1056 2769 1237 2824 sitam
1255 2767 1444 2825 vitam
1465 2783 1503 2824 a
1525 2767 1846 2825 Conditore
1876 2767 2109 2835 sortita,

447 2857 614 2931 quod
637 2857 716 2914 ad
738 2857 837 2913 Dei
859 2856 1193 2926 imaginem
1215 2856 1375 2913 facta
1398 2856 1495 2925 sit,
1514 2856 1748 2913 bonum
1761 2855 2011 2929 quidem
2027 2855 2114 2912 in—

447 2947 655 3018 telligit
672 2946 929 3019 ejusque
946 2945 1394 3017 jucunditatem
1418 2946 1616 3002 novit:
1640 2949 1699 3002 et
1718 2945 1867 3002 dum
1896 2961 2113 3018 specu-

441 3035 554 3091 lari
574 3035 827 3099 bonum,
848 3050 920 3090 ac
940 3034 1360 3107 spiritualibus
1391 3032 1511 3090 lrui
1545 3038 1911 3106 perseverat.
1936 3039 1999 3091 ut
2021 3035 2112 3092 fa-

445 3124 728 3181 cultatem
746 3128 1228 3197 potestatemque
1244 3123 1431 3181 habet
1447 3139 1593 3191 suae,
1608 3132 1748 3197 quae
1770 3124 2111 3181 secundum

443 3219 732 3271 naturam
780 3218 888 3279 est,
920 3213 1058 3269 vitae
1099 3212 1562 3285 conservandae,
1596 3213 1680 3269 ita
1724 3228 1975 3288 quoque
2004 3230 2113 3287 po-

444 3306 722 3360 testatem
751 3302 937 3359 habet
964 3301 1313 3359 declinandi
1339 3301 1675 3374 aliquando
1694 3317 1739 3371 la
1767 3302 1954 3359 bono.
1989 3303 2114 3360 Hoc

446 3397 651 3450 autem
680 3393 734 3448 ei
760 3392 1082 3464 contingit,
1114 3408 1254 3449 cum
1281 3392 1464 3449 beata
1511 3391 1914 3450 delectatione
1941 3409 2113 3452 exsa-

445 3483 613 3550 tiata,
646 3487 703 3539 et
721 3482 886 3539 velut
913 3497 1133 3555 sopore
1163 3480 1439 3554 quodam
1464 3484 1741 3553 gravata,
1764 3488 1823 3540 et
1850 3498 1887 3540 a
1906 3497 2114 3556 super-

444 3571 540 3628 nis
596 3571 896 3640 dilabens,
947 3571 1349 3629 fruendarum
1399 3570 1672 3644 turpium
1725 3572 2112 3645 voluptatum

444 3676 632 3718 causa
662 3677 795 3718 sese
821 3661 988 3719 carni
1018 3661 1431 3719 admiscuerit.

515 3757 569 3808 7.
616 3755 750 3810 Erat
787 3750 1120 3826 aliquando
1148 3750 1344 3808 Adam
1365 3751 1429 3808 in
1461 3751 1766 3825 supernis,
1796 3767 1923 3810 non
1951 3751 2110 3824 loco,

444 3840 551 3898 sed
582 3842 811 3910 animo,
834 3858 975 3897 cum
1007 3841 1213 3898 statim
1233 3844 1484 3913 accepta
1512 3841 1741 3909 anima,
1776 3841 2115 3915 erectisque

444 3930 507 3986 in
537 3930 759 3986 coelum
788 3930 1001 4001 oculis,
1032 3929 1218 3986 rebus
1244 3930 1584 4002 conspectis
1613 3929 1790 3987 valde
1820 3930 2118 3987 exhilara-

447 4024 565 4082 tus,
592 4018 971 4091 diligensque
1001 4018 1266 4074 maxime
1303 4018 1583 4075 datorem
1610 4017 1976 4087 beneﬁcum,
2009 4018 2116 4092 qui

446 4108 631 4165 vitam
662 4113 949 4164 aeternam
971 4106 1292 4165 fruendam
1317 4108 1599 4179 largitus,
1628 4108 1863 4167 locarat
1891 4125 2033 4166 eum
2054 4110 2116 4167 in

448 4198 674 4255 deliciis
703 4197 993 4271 paradisi,
1027 4198 1255 4272 quique
1285 4203 1430 4271 post
1454 4199 1840 4256 traditum‘ei
1862 4200 2117 4273 perinde

448 4292 514 4345 ut
542 4288 774 4359 angelis
820 4287 1259 4361 principatum,
1293 4287 1576 4345 effecerat
1601 4289 1808 4361 ipsum
1838 4288 2116 4361 ejusdem

447 4395 588 4435 cum
609 4377 988 4450 archangelis
1009 4377 1207 4435 victus
1227 4377 1604 4451 participem,
1629 4382 1686 4435 et
1705 4378 1874 4436 vocis
1895 4378 2115 4436 divina:

2212 1878 2457 1930 ἔκτισενό
2488 1880 2637 1944 Θεός,
2671 1878 2799 1949 ούχὶ
2837 1881 2991 1931 νόσον
3015 1919 3029 1933 .
3075 1881 3165 1931 καὶ
3188 1876 3375 1951 ψυχὴν
3417 1881 3591 1931 τοίνυν
3631 1877 3818 1938 ἐποίη-

2215 1985 2300 2018 σεν
2328 1966 2356 2018 ὁ
2385 1968 2537 2034 Θεὸς,
2569 1966 2699 2039 ούχὶ
2729 1964 2789 2020 δε
2817 1966 3079 2042 ἁμαρτίαν
3103 1987 3117 2002 ·
3149 1967 3388 2026 ἐκακώθη
3439 1963 3500 2021 δε
3545 1968 3576 2026 ἡ
3626 1966 3808 2040 ψυχὴ,

2213 2062 2616 2131 παρατραπεῖσα
2657 2063 2749 2109 τοῦ
2805 2058 2944 2109 κατὰ
2997 2059 3172 2130 φύσιν.
3224 2061 3288 2110 Τί
3336 2052 3397 2110 δε
3459 2052 3521 2115 ἦν
3570 2056 3701 2130 αὐτῇ
3756 2060 3817 2111 τὸ

2213 2146 2601 2219 προηγούμενον
2650 2143 2884 2218 ἀγαθόν;
2949 2153 2991 2199 Η
3039 2140 3360 2220 προσεδρεία
3395 2152 3488 2199 τοῦ
3537 2153 3692 2214 Θεοῦ,
3728 2150 3819 2200 καὶ

2215 2236 2247 2294 ἠ
2308 2231 2402 2289 διὰ
2453 2242 2549 2297 τῆς
2604 2232 2813 2307 ἀγαπης
2863 2238 3150 2308 συνάφεια·
3210 2236 3274 2296 ἧς
3330 2232 3648 2301 ἕκπεσοῦσα,
3707 2242 3818 2298 τοῖς

2215 2323 2473 2386 ποικίλοις
2512 2327 2603 2377 καὶ
2647 2323 2997 2399 πολυτρόποις
3051 2326 3168 2392 (67)
3223 2321 3637 2398 ἀρρωστήμασιν
3693 2321 3821 2378 ἕκα-

2216 2414 2383 2472 κὼθη.
2426 2414 2523 2466 Διά
2559 2416 2613 2466 τί
2660 2408 2721 2467 δε
2763 2412 2892 2474 ὅλως
2939 2409 3154 2471 δεκτικὴ
3205 2420 3297 2465 τοῦ
3342 2420 3545 2482 κακοῦ;
3596 2415 3693 2468 Διά
3732 2416 3822 2473 τὴν

2218 2501 2553 2565 αὐτεξούσιον
2604 2500 2787 2578 ὁρμὴν,
2833 2500 3066 2575 μάλιστα
3116 2504 3418 2576 πρέπουσαν
3480 2500 3664 2575 λογικῇ
3720 2505 3821 2575 φύ-

2222 2609 2320 2647 σει.
2371 2590 2634 2664 Λελυμὲνη
2691 2592 2793 2666 γὰρ
2837 2593 3017 2652 πάσης
3066 2588 3321 2663 ἀνάγκης,
3376 2594 3467 2644 καὶ
3513 2592 3821 2667 αὐθαίρετον

2222 2680 2362 2741 ζωὴν
2408 2679 2642 2734 λαϐοῦσα
2691 2682 2837 2755 παρὰ
2881 2687 2973 2733 τοῦ
3026 2699 3323 2747 κτισαντος,
3358 2676 3454 2733 διὰ
3493 2683 3553 2733 τὸ
3598 2678 3713 2733 κατ’
3754 2680 3824 2734 εἰ·

2220 2774 2348 2823 κόνα
2392 2771 2707 2843 γεγενῆσθαι
2739 2777 2894 2839 Θεοῦ,
2926 2777 3033 2823 νοεῖ
3071 2772 3163 2843 μεν
3209 2773 3268 2823 τό
3310 2768 3526 2842 ἀγαθὸν,
3552 2774 3643 2824 καὶ
3681 2766 3822 2824 οἶδεν

2222 2861 2383 2913 αὑτοῦ
2421 2863 2516 2919 τήν
2546 2857 2858 2931 ἀπόλαυσιν,
2888 2863 2981 2913 καὶ
3010 2862 3125 2932 ἔχει
3171 2859 3410 2923 ἐξουσίαν
3448 2865 3541 2913 καὶ
3576 2856 3819 2933 δύναμιν,

2222 2948 2539 3022 ἑπιμένουσα
2584 2957 2647 3023 τῇ
2703 2957 2795 3003 τοῦ
2841 2948 3003 3002 καλοῦ
3053 2951 3245 3022 θεωρίᾳ
3289 2954 3380 3002 καί
3421 2957 3484 3023 τῇ
3541 2948 3825 3003 ἀπολαύσει

2222 3046 2325 3090 τῶν
2387 3047 2604 3106 νοητῶν,
2651 3034 3033 3111 διαφυλάσσειν
3092 3039 3257 3100 αὐτῆς
3312 3042 3406 3097 την
3475 3041 3614 3092 κατὰ
3668 3040 3825 3112 φύσιν

2227 3128 2367 3189 ζωήν
2389 3149 2402 3163 ο
2437 3130 2552 3200 ἔχει
2581 3123 2640 3181 δε
2687 3127 2927 3191 ἐξουσίαν
2964 3130 3056 3181 καὶ
3087 3125 3374 3181 ἀπονεῦσαι
3418 3146 3544 3182 ποτε
3584 3135 3677 3181 τοῦ
3724 3147 3826 3180 κα-

2222 3215 2335 3272 λοῦ.
2367 3224 2532 3271 Τοῦτο
2579 3215 2639 3271 δε
2687 3216 2963 3291 συμϐαίνει
3009 3218 3164 3291 αὐτῇ,
3199 3218 3341 3285 ὅταν,
3391 3221 3544 3291 κόρον
3587 3213 3827 3271 λαϐοῦσα

2222 3314 2318 3367 τῆς
2353 3310 2618 3381 μακαρίας
2671 3306 2919 3381 τέρψεως,
2965 3310 3056 3359 καὶ
3103 3304 3210 3360 οἷον
3251 3314 3535 3380 νυσταγμῷ
3581 3326 3684 3360 τινι
3729 3304 3827 3380 βα-

2220 3397 2468 3471 ρυνθεῖσα
2519 3400 2610 3450 καὶ
2647 3395 2969 3472 ἀπορρυεῖσα
3008 3403 3108 3449 τῶν
3152 3397 3365 3464 ἄνωθεν,
3398 3404 3460 3469 τῇ
3511 3401 3668 3472 σαρκὶ
3699 3392 3816 3464 διὰ,

2219 3487 2314 3549 τὰς
2339 3485 2574 3561 αἰσχράς
2599 3494 2699 3541 τῶν
2724 3482 2928 3545 ἡδονῶν
2959 3484 3275 3550 ἀπολαύσεις
3305 3484 3604 3559 ἀναμιχθῇ.

2291 3758 2347 3812 7.
2386 3755 2484 3808 Ἤν
2506 3773 2632 3809 ποτε
2659 3755 2687 3808 ό
2712 3751 2889 3829 Ἀδὰμ
2917 3753 3042 3823 ἄνω,
3065 3753 3125 3808 ού
3146 3757 3309 3826 τόπῷ,
3340 3752 3471 3808 ἀλλὰ
3495 3761 3558 3828 τῇ
3588 3758 3831 3829 προαιρέ-

2225 3860 2326 3910 σει,
2372 3843 2476 3911 ὃτε,
2526 3844 2650 3918 ἄρτι
2697 3843 2972 3917 ψυχωθεὶς
3014 3847 3105 3897 καὶ
3150 3842 3443 3915 ἀναϐλὲψας
3488 3847 3621 3918 πρὸς
3676 3845 3829 3918 ούρα-

2221 3933 2307 3984 νὸν
2336 3933 2474 4004 (68),
2501 3937 2799 4008 περιχαρὴς
2856 3940 2967 3996 τοῖς
3011 3934 3292 4009 ὁρωμένοις
3335 3936 3620 4006 γενόμενος,
3667 3934 3829 4008 ὑπερ-

2226 4029 2441 4093 αγαπῶν
2486 4025 2575 4075 τόν
2618 4024 2909 4098 εὐεργέτην,
2960 4023 3100 4084 ζωῆς
3146 4024 3237 4097 μεν
3285 4023 3496 4076 αἰωνιου
3538 4021 3829 4077 ἀπόλαυσιν

2224 4113 2602 4185 χαρισάμενον,
2634 4118 2856 4187 τρυφαῖς
2903 4108 2964 4165 δὲ
3001 4108 3332 4187 παραδείσου
3378 4110 3825 4179 ἕναναπαύσαντα,

2227 4198 2402 4273 ἀρχὴν
2432 4196 2492 4253 δὲ
2531 4195 2694 4253 δόντα
2729 4202 2867 4253 κατά
2892 4204 2988 4260 τὴν
3029 4208 3131 4253 τῶν
3162 4199 3407 4273 ἀγγέλων,
3441 4204 3532 4254 καὶ
3562 4198 3831 4276 ἀρχαγγὲ-

2224 4288 2335 4352 λοις
2389 4290 2545 4342 αὑτὸν
2590 4294 2887 4349 ποιήσαντα
2942 4286 3268 4363 ὁμοδίαιτον,
3310 4295 3401 4342 καὶ
3455 4299 3626 4363 φωνῆς
3685 4291 3827 4353 θείας

2227 4377 2487 4453 ἀκροατὴν
2516 4398 2528 4412 ·
2575 4378 2660 4432 ἐπὶ
2705 4384 2840 4432 πᾶσι
2897 4382 3103 4443 τούτοις
3148 4380 3637 4453 ύπερασπιζόμενος
3686 4380 3832 4454 παρὰ

447 4469 823 4528 auditorem:
874 4471 1095 4542 praeter
1143 4467 1273 4524 haec
1323 4467 1530 4525 omnia
1571 4472 1873 4541 protectus
1902 4484 1939 4526 a
1969 4472 2108 4553 Deo,

2228 4474 2382 4535 Θεοῦ,
2433 4472 2523 4521 καὶ
2573 4466 2846 4522 ἀπολαύων
2897 4477 2998 4523 τῶν
3045 4470 3206 4522 αὑτοῦ
3250 4470 3457 4541 ἀγαθῶν
3502 4470 3639 4541 (69),
3686 4470 3829 4541 ταχύ

444 4561 697 4632 ejusque
725 4558 903 4615 bonis
933 4557 1172 4630 fruitus,
1200 4557 1407 4614 statim
1430 4562 1667 4615 stamen
1698 4558 1793 4614 his
1823 4557 2113 4615 omnibus

445 4652 843 4718 exsaturatus,
891 4652 947 4704 ct
991 4663 1115 4720 prae
1165 4648 1439 4715 satietae,
1482 4647 1662 4720 quasi
1710 4647 2109 4716 conviciatus,

444 4739 612 4815 quod
636 4737 871 4795 carneis
887 4737 1077 4794 oculis
1091 4737 1437 4808 jucun’dum
1458 4735 1869 4807 videbatur,id
1887 4740 2110 4810 praetu-

442 4829 509 4887 lit
538 4827 834 4902 spirituali
863 4826 1340 4901 pulchritudine,
1374 4842 1445 4884 ac
1476 4827 1699 4883 ventris
1730 4827 2109 4884 saturitatem

518 4979 649 5063 (et),
677 4990 830 5047 Editi
868 4991 1022 5043 πόθεν
1066 4988 1122 5040 αἱ
1166 4989 1331 5063 νόσοι.
1367 4984 1533 5063 Colb.
1566 4984 1801 5057 primus
1846 4986 2000 5038 πόθεν
2027 5004 2109 5039 νο-

448 5059 552 5118 σοι.
588 5062 699 5117 Alii
726 5065 988 5134 quatuor
1012 5075 1161 5115 mss.
1188 5059 1341 5110 ποθεν
1371 5062 1547 5134 νόσος.

518 5126 819 5203 (65)Regii
866 5126 1102 5204 primus
1151 5135 1208 5185 et
1255 5128 1562 5204 secundus
1594 5126 1854 5204 et_(_1_olb.
1888 5127 2100 5184 tertius

444 5200 795 5269 κατασκευῆς,
824 5200 912 5255 και
951 5204 1087 5255 κατὰ
1138 5204 1292 5273 φύσιν
1322 5202 1625 5273 παρήχθον,
1653 5200 1767 5255 Alii
1799 5205 1916 5255 tres
1946 5215 2099 5254 mss.

445 5281 504 5333 et
521 5275 663 5332 editi
688 5284 1017 5346 κατασκευῆς
1044 5275 1181 5346 κατὰ
1210 5272 1509 5344 φύσινριαὶ
1537 5272 1819 5346 παρήχθη.

517 5348 626 5418 (66)
660 5347 868 5418 Editiii:
900 5343 978 5418 δι’
1008 5342 1345 5402 ἁσδηποτοῦν
1387 5342 1696 5405 νοσοποιοὺς
1738 5342 1932 5404 αἰτίας.
1981 5342 2100 5398 An-

444 5418 594 5493 tiqui
612 5416 749 5493 :duo
774 5416 911 5473 libri
940 5421 1014 5493 ut_
1033 5418 1094 5473 in
1122 5419 1419 5493 contextu.

514 5484 902 5572 (67.).Veteres
980 5488 1104 5546 duo
1177 5487 1315 5544 libri
1383 5485 1641 5549 ποικίλοις
1694 5491 1786 5539 καὶ
1844 5484 2100 5539 πολυπλό-

441 5582 551 5617 τοις
590 5583 674 5617 αο.

510 5584 821 5708 ξὲδῗρὲῖοιι).
875 5631 1110 5709 primus
1163 5630 1236 5695 εἰς
1279 5632 1515 5711 οὐρανόν.
1565 5629 1909 5707 Aliquando
1957 5631 2101 5709 post

2224 4558 2428 4611 πάντων
2459 4556 2828 4626 ἀναπλησθεὶς,
2860 4577 2951 4610 και
2995 4557 3100 4612 ὀῖον
3147 4556 3428 4632 ἕξυϐρίσας
3462 4566 3536 4628 τῷ
3578 4561 3735 4631 κόρῷ,
3769 4561 3828 4609 τό

2220 4655 2331 4710 τοῖς
2380 4652 2648 4723 σαρκίνοις
2700 4646 2982 4722 ὀφθαλμοῖς
3031 4648 3181 4719 φανὲν
3232 4650 3446 4720 τερπνόν
3493 4652 3586 4699 τοῦ
3638 4652 3827 4704 νοητοῦ

2218 4740 2532 4812 τροετίμησε
2578 4736 2817 4808 κάλλους,
2850 4738 2941 4787 καὶ
2984 4737 3079 4793 τὴν
3125 4733 3431 4807 πλησμονὴν
3462 4742 3558 4796 τῆς
3596 4736 3829 4806 γαστρός

2216 4834 2317 4881 τῶν
2399 4833 2761 4899 πνευματικῶν
2852 4821 3186 4877 ἀπολαύσεων
3269 4827 3583 4898 τιμιωτέραν
3663 4825 3825 4881 ἔθετο.

2216 4984 2380 5057 idem
2411 4982 2605 5057 codex
2637 4980 2796 5037 δόντα
2825 4986 2918 5043 τὴν
2948 4990 3070 5038 τῶν.
3096 4981 3328 5040 Ibidem
3373 4986 3639 5057 quatuor
3674 4999 3825 5043 mss.

2210 5060 2302 5110 καὶ
2332 5053 2577 5128 ἀγγέλοις
2598 5057 2778 5112 αὑτὸν,

2434 5126 2623 5183 Editio
2672 5126 2862 5184 Paris.
2893 5126 3379 5201 ύπερασπιζὸμενος
3408 5129 3705 5201 πρ-όςΑΘεοῦ
3735 5129 3827 5201 καὶ

2209 5196 2545 5272 ἀπολαύσεων
2574 5204 2718 5272 ταχύ
2748 5201 2953 5253 πάντων
2991 5196 3598 5272 ’ἀναπλησθείς.ᾈΕ’ρἱίο
3648 5196 3823 5272 Basil.

2209 5269 2518 5337 ἀπολαύων;
2567 5267 2782 5329 caetera
2827 5286 2973 5327 vero
3019 5274 3087 5327 ut
3126 5285 3332 5341 supra.
3373 5267 3539 5324 Colb.
3591 5267 3825 5338 primus

2208 5343 2704 5416 ὑπερασπαζόμενος
2734 5345 2993 5416 Θεόνῌκαὶ
3038 5340 3309 5416 ἀπολαύων
3334 5341 3421 5416 -τά
3464 5345 3701 5416 Χριστοῦ
3733 5343 3825 5391 καὶ

2206 5409 2411 5484 πάντων
2453 5409 2825 5478 ἀναπλησθεις.
2874 5412 3020 5484 Reg.
3065 5412 3274 5469 tertius
3323 5409 3822 5484 ὑπερασπαζόμενος

2211 5481 2324 5556 Θεῷ
2359 5490 2448 5538 καὶ
2481 5484 2770 5561 ἀπολαύων,
2804 5479 3111 5562 ταχύξθίο.
3145 5486 3286 5557 Reg.
3324 5479 3632 5542 secundus
3668 5479 3729 5540 iit
3758 5481 3823 5539 in

2208 5561 2513 5617 contextu.
