4124 6382
318 334 423 389 345

1148 320 1313 377 ΗΟΜ.
1356 317 1549 385 QUOD
1590 310 1771 370 DEUS
1826 305 1971 364 NON
2025 306 2153 363 EST
2188 311 2466 369 AUCTOR
2504 314 2870 372 MALORUM.

3591 321 3696 377 346
3740 344 3747 347 ·

318 455 453 518 ’Ἑξω
493 455 585 527 μὲν
624 451 776 513 εὐθὺς
811 445 872 507 ἦν
914 453 1007 500 τοῦ
1044 440 1396 519 παραδείσου,
1429 441 1522 504 ἔξω
1571 437 1631 493 δὲ
1667 444 1762 498 τῆς
1811 453 1917 507 μα-

2049 432 2201 527 luxit
2221 435 2631 527 spiritualibus
2662 438 2889 495 deliciis
2914 440 3232 512 potiorem.
3257 442 3453 508 Quare
3484 443 3692 501 statim

321 547 505 618 καρίας
565 540 763 600 ἐκείνης
822 533 1134 608 διαγωγῆς,
1178 531 1272 586 οὐκ
1320 530 1376 595 ἐξ
1432 528 1663 591 ἀνάθκης
1716 527 1914 588 κακὸς,

323 631 429 685 ἀλλ’
480 631 532 695 ἐξ
587 627 852 693 ἀϐουλίας,
897 628 1188 698 γενόμενος.
1239 623 1345 675 Λιά
1391 626 1543 673 τοῦτο
1586 621 1677 671 καὶ
1722 618 1922 689 ἥμαρτε

321 723 412 796 μὶν
470 718 563 774 διὰ
609 716 909 793 μοχθηρὰν,
959 715 1285 786 προαίρεσιν,
1333 709 1553 763 ἀπέθανε
1590 703 1650 760 δὲ
1694 702 1788 758 διὰ
1827 707 1923 761 την

324 814 584 887 ἁμαρτίαν
608 830 622 845 ⁸
676 810 752 861 Τά
800 807 898 879 γὰρ
956 802 1157 876 ὀψώνια
1212 810 1306 865 τῆς
1364 800 1624 874 ἁμαρτίας
1682 797 1920 856 θάνατος·

322 883 485 954 ’Θσον
522 901 626 974 γὰρ
675 895 927 969 ἀφίστατο
974 901 1069 956 τῆς
1111 895 1270 958 ζωῆς,
1303 896 1552 943 τοσοῦτον
1595 883 1927 961 προσήγγιζε

325 998 399 1062 τῷ
441 973 659 1059 θανάτω.
691 988 804 1042 Ζωὴ
836 985 937 1057 γὰρ
983 983 1009 1035 6
1056 985 1187 1044 Θεὸς
1215 1001 1226 1014 ·
1263 983 1508 1054 στέρησις
1554 974 1613 1031 δε
1640 984 1737 1062 τῆς
1786 973 1927 1035 ζωῆς

332 1061 566 1140 θάνατος.
612 1075 773 1128 ’Ὥστε
816 1073 982 1144 ἐαυτῷ
1029 1074 1116 1124 τὸν
1169 1071 1384 1124 θάνατον
1428 1070 1454 1121 ό
1486 1063 1662 1140 Ἀδὰμ
1696 1061 1789 1118 διὰ
1829 1069 1927 1123 τῆς

329 1166 719 1241 ἀναχωρήσεως
763 1170 857 1215 τοῦ
913 1168 1046 1214 Θεοῦ
1094 1159 1486 1224 κατεσκεύασε,
1535 1157 1672 1209 κατὰ
1726 1156 1786 1207 τὸ
1836 1171 1928 1224 γε-

327 1240 617 1331 γραμμένον
642 1294 655 1321 ,
713 1256 794 1305 ὅτι
847 1249 990 1306 Ἰδοὺ
1046 1251 1096 1303 οἱ
1155 1250 1497 1323 μακρὺνοντες
1554 1245 1778 1307 ἑαυτοὺς
1827 1240 1928 1295 ἀπὸ

329 1352 445 1411 σοῦ,
499 1341 832 1398 ἀπολοῦνται.
881 1341 1061 1402 Οὕτως
1109 1338 1238 1411 οὐχὶ
1286 1340 1418 1398 Θεὸς
1468 1339 1641 1389 ἔκτισε
1691 1335 1928 1386 θάνατον.

326 1433 438 1487 ἀλλ’
484 1434 634 1505 ἡμεῖς
693 1431 896 1492 ἑαυτοῖς
953 1428 1012 1482 ἐκ
1063 1432 1297 1501 πονηρᾶς
1351 1430 1565 1499 γνώμης
1623 1422 1931 1477 ἐπισπασά-

325 1525 479 1598 μεθα.
532 1521 610 1574 Οὐ
660 1524 763 1594 μὴν
812 1516 937 1573 οὐδὲ
985 1515 1216 1570 ἐκώλυσε
1261 1519 1356 1575 τὴν
1406 1511 1651 1568 διάλυσιν
1699 1507 1792 1565 διά
1837 1513 1932 1598 τάς

324 1612 706 1687 προειρημένας
743 1610 935 1674 αἰτίας,
982 1607 1065 1659 ἵνα
1113 1610 1184 1680 μὴ
1239 1603 1492 1658 ἀθάνατον
1539 1605 1664 1676 ἡμῖν
1711 1604 1806 1660 τὴν
1844 1597 1934 1675 ἀρ-

325 1703 561 1778 ῥωστίαν
611 1696 647 1753 δ
653 1702 940 1772 ιατηρήση.
972 1695 1174 1770 Ὠσπερ
1205 1693 1266 1746 ἂν
1298 1697 1342 1747 εἶ
1377 1712 1459 1754 τις
1507 1699 1690 1755 σκεῦος
1719 1689 1933 1750 πήλινον

2030 523 2253 594 ejectus
2274 540 2305 580 e
2325 526 2638 599 paradiso,
2656 528 2833 584 beata
2851 528 2953 585 illa
2972 528 3097 585 vita
3115 530 3390 602 privatus
3412 532 3539 601 fuit,
3568 548 3695 588 non

2029 629 2105 669 ex
2140 615 2519 681 necessitate,
2549 616 2659 672 sed
2701 633 2775 673 ex
2820 617 3164 690 insipientia
3194 619 3392 676 malus
3418 621 3692 678 effectus.

2032 704 2441 769 Quamobrem
2470 706 2743 778 peccavit
2760 706 3006 779 quidem
3028 707 3108 763 ob
3134 723 3388 780 pravam
3418 709 3698 765 volunta-

2030 798 2181 851 tem:
2205 794 2313 851 sed
2336 801 2606 851 mortuus
2627 799 2715 852 est
2734 796 2815 852 ob
2838 801 3172 869 peccatum.
3196 797 3514 868 Stipendia
3538 799 3698 855 enim

2025 885 2264 955 peccati
2296 900 2455 942 mors
2477 887 2546 942 εί.
2582 886 2888 952 Quantum
2918 885 3083 942 enim
3133 886 3456 943 secedebat
3487 903 3524 944 a
3551 886 3695 955 vita,

2032 979 2269 1032 tantum
2287 975 2824 1049 appropinquabat
2839 975 2920 1032 ad
2939 979 3217 1032 mortem.
3233 979 3384 1033 Nam
3397 977 3519 1034 vita
3540 980 3700 1033 Deus

2034 1068 2140 1131 est,
2168 1063 2301 1122 vitae
2330 1080 2473 1122 vero
2501 1065 2758 1138 privatio
2783 1081 2968 1127 mors.
3001 1066 3195 1131 Quare
3226 1065 3499 1122 Adamus
3538 1082 3699 1122 sece-

2034 1153 2239 1210 dendo
2277 1170 2314 1210 a
2344 1156 2463 1211 Deo
2491 1158 2750 1211 mortem
2783 1154 3074 1211 conscivit
3121 1154 3234 1211 sibi
3264 1154 3402 1228 ipsi,
3430 1155 3606 1227 juxta
3633 1154 3698 1211 id

2036 1243 2202 1316 quod
2232 1243 2521 1317 scriptum
2547 1248 2666 1301 est:
2694 1245 2841 1302 Ecce
2865 1246 2971 1317 qui
3001 1246 3292 1317 elongant
3310 1260 3371 1302 se
3397 1261 3434 1303 a
3465 1251 3542 1316 te,
3564 1260 3699 1316 per-

2038 1332 2212 1388 ibunt
2232 1336 2303 1390 θ’.
2348 1336 2441 1389 Sic
2488 1350 2613 1390 non
2662 1333 2884 1391 creavit
2926 1335 3083 1391 Deus
3130 1338 3412 1405 mortem,
3445 1334 3552 1390 sed
3584 1349 3701 1390 nos

2038 1420 2380 1511 nobisipsis
2410 1438 2484 1479 ex
2507 1439 2702 1496 prava
2720 1426 2919 1480 mente
2941 1440 3077 1480 eam
3101 1423 3554 1480 accersivimus.
3587 1425 3703 1479 Ne-

2039 1526 2158 1583 que
2187 1526 2333 1568 vero
2361 1512 2618 1568 dissolvi
2646 1527 2761 1569 nos
2791 1511 3101 1585 prohibuit
3120 1512 3201 1568 ob
3227 1527 3330 1568 eas
3360 1527 3515 1585 quas
3532 1512 3703 1584 prius

2040 1599 2306 1657 diximus
2335 1616 2573 1665 causas,
2596 1605 2663 1658 ut
2684 1617 2761 1659 ne
2790 1601 3196 1658 immortalem
3222 1602 3284 1657 in
3312 1601 3491 1658 nobis
3522 1600 3703 1671 aegri-

2041 1689 2314 1746 tudinem
2365 1694 2773 1748 conservaret.
2801 1689 3331 1757 Quemadmodum
3369 1689 3419 1746 si
3460 1690 3599 1763 quis
3628 1689 3705 1746 ﬁ-

329 1777 573 1865 διαρῥυεν
613 1793 685 1862 μὴ
735 1783 1092 1860 καταδέχοιτο
1141 1779 1475 1860 παραδοῦναι
1521 1785 1671 1856 πυρὶ,
1724 1782 1817 1842 ἕως
1872 1777 1932 1831 ἂν

2049 1779 2175 1836 ctile
2196 1778 2513 1851 quoddam
2529 1779 2782 1836 efﬂuens
2796 1796 2907 1835 vas
2926 1779 3053 1848 igni
3069 1779 3399 1836 admovere
3416 1779 3585 1851 nolit,
3600 1780 3707 1835 do-

327 1881 386 1932 τό
427 1875 725 1950 ἐνυπάρχον
774 1875 915 1947 αὐτῷ
961 1876 1126 1936 πάθος
1159 1869 1252 1926 διά
1292 1881 1390 1935 τῆς
1419 1869 1757 1932 ἀναπλάσεως
1788 1867 1934 1932 ἐξιά-

333 1986 484 2021 σαιτο
529 1966 665 2038 (70).
717 1963 873 2019 Ἀλλά
921 1960 1016 2017 διὰ
1058 1967 1111 2016 τί
1150 1961 1244 2015 οὐκ
1296 1960 1347 2015 ἄν
1403 1968 1466 2034 τῇ
1518 1966 1814 2031 κατασκευῇ
1874 1960 1934 2010 τὸ

328 2054 690 2130 ἀναμάρτητον
748 2057 973 2127 ἔσχομεν
997 2094 1014 2122 ,
1069 2054 1267 2125 φησὶν,
1310 2053 1446 2104 ὥστε
1493 2045 1633 2122 μηδὲ
1680 2046 1935 2121 βουλομέ-

329 2164 437 2207 νοις
466 2147 592 2218 ἠμῖν
623 2144 884 2216 ὑπάρχειν
930 2146 991 2195 τὸ
1021 2141 1371 2215 ἁμαρτάνειν;
1415 2138 1538 2192 ’Ότι
1584 2142 1674 2192 καὶ
1708 2141 1773 2190 σὺ
1812 2140 1935 2198 τοὺς

331 2233 555 2301 οἰκέτας,
594 2232 703 2305 οὐχ
749 2232 869 2285 ὅταν
919 2227 1175 2303 δεσμίους
1216 2232 1368 2303 ἔχῃς,
1418 2232 1595 2292 εὔνους
1636 2225 1938 2300 ὑπολαμϐά-

329 2342 451 2389 νεις,
487 2321 598 2375 ἀλλ’
627 2323 748 2376 ὅταν
792 2319 1043 2381 ἑκουσίως
1089 2315 1217 2393 ἴδῃς
1268 2317 1700 2392 ἀποπληροῦντάς
1745 2336 1831 2369 σοι
1870 2317 1939 2368 τά

330 2414 644 2471 καθήκοντα.
702 2414 804 2464 Καὶ
838 2418 952 2481 Θεῳ
995 2413 1167 2462 τοίνυν
1215 2407 1274 2461 οὐ
1320 2410 1379 2460 τὸ
1425 2408 1815 2481 ἠναγκασμένον
1847 2410 1938 2478 φί-

330 2501 435 2568 λον,
470 2500 600 2554 me
647 2502 707 2554 τὸ
757 2499 813 2562 ἐξ
860 2497 1049 2574 ἀρετῆς
1085 2499 1515 2572 κατορθούμενον.
1544 2496 1724 2572 Ἀρετή
1779 2492 1839 2549 δὲ
1881 2493 1940 2547 εκ

332 2593 703 2665 προαιρέσεως,
750 2593 842 2642 καὶ
890 2587 984 2641 οὐκ
1025 2586 1081 2651 ἐξ
1126 2585 1359 2659 ἀνάγκης
1394 2591 1621 2658 γίνεται.
1679 2587 1940 2659 Προαίρε-

336 2701 419 2743 σις
463 2677 522 2733 δὲ
560 2687 662 2734 τῶν
698 2676 772 2752 ἐφ’
806 2680 930 2751 ἡμῖν
981 2680 1229 2752 ἣρτηταὶ.
1262 2678 1332 2730 Τὸ
1365 2672 1425 2729 δὲ
1472 2674 1544 2748 ἐγ²
1573 2678 1699 2749 ἡμῖν
1737 2672 1851 2727 ἐστι
1879 2675 1939 2727 τὸ

333 2768 691 2833 αὐτεξούσιον.
739 2765 798 2819 Ὀ
858 2770 1028 2819 τοίνυν
1078 2768 1403 2839 μεμφόμενος
1456 2767 1545 2818 τὸν
1595 2768 1823 2823 ποιητὴν
1871 2764 1943 2826 ὡς

335 2864 406 2933 μὴ
479 2866 714 2932 φυσικῶς
777 2856 1250 2909 κατασκευάσαντα
1312 2856 1455 2927 ἡμᾶς
1516 2853 1937 2929 ἀναμαρτήτους,

339 2944 491 3001 οὐδὲν
534 2948 700 3022 ἕτερον
748 2947 778 3005 ἢ
830 2949 926 3005 τὴν
975 2943 1164 3016 ἄλογον
1214 2946 1370 3016 φύσιν
1412 2953 1509 3006 τῆς
1545 2943 1760 3015 λογικῆς
1806 2961 1942 3016 προ-

340 3041 486 3110 τιμᾷ,
518 3040 607 3089 καὶ
644 3040 740 3095 τὴν
786 3033 1031 3093 ἀκίνητον
1083 3036 1175 3086 καὶ
1218 3031 1510 3108 ἀνόρμητον
1558 3041 1655 3096 τῆς
1699 3050 1943 3106 προαιρε-

2043 1884 2155 1925 nec
2174 1868 2668 1925 reconcinnando
2689 1869 2901 1925 vitium
2920 1868 3075 1924 illius
3104 1868 3412 1925 resarciat.
3439 1867 3554 1925 Sed
3574 1884 3705 1939 cur,

2042 1957 2259 2030 inquit,
2291 1973 2416 2014 non
2445 1958 2528 2014 ita
2574 1957 2798 2014 conditi
2828 1974 3065 2027 sumus,
3095 1962 3163 2014 ut
3188 1973 3441 2030 peccare
3485 1960 3709 2015 natura

2043 2063 2169 2104 non
2207 2047 2536 2119 possimus,
2568 2047 2724 2104 adeo
2756 2051 2819 2103 ut
2837 2062 2914 2103 ne
2943 2046 3286 2103 volentibus
3315 2046 3567 2120 quidem
3594 2061 3707 2104 no-

2043 2137 2139 2194 bis
2165 2136 2419 2193 facultas
2442 2136 2667 2193 inesset
2688 2136 3022 2209 peccandi?
3054 2136 3207 2203 Quia
3232 2140 3288 2192 et
3315 2140 3381 2193 tu
3410 2136 3702 2207 famulos,

2044 2242 2171 2284 non
2191 2243 2331 2283 cum
2353 2225 2589 2283 vinctos
2607 2226 2861 2293 detines,
2879 2225 3208 2283 benevolos
3231 2230 3426 2299 putas,
3444 2225 3550 2281 sed
3567 2242 3708 2282 cum

2046 2333 2150 2374 eos
2175 2316 2430 2372 libenter
2450 2331 2564 2372 sua
2584 2316 2649 2372 in
2670 2320 2724 2372 te
2747 2314 2947 2372 ofﬁcia
2967 2315 3189 2371 videris
3209 2314 3473 2388 explere.
3496 2314 3710 2387 Itaque

2046 2420 2244 2478 neque
2270 2406 2390 2461 Deo
2416 2409 2660 2475 gratum
2684 2407 2774 2461 est
2792 2403 2962 2477 quod
2982 2408 3263 2460 coactum
3282 2407 3391 2473 est,
3409 2403 3515 2459 sed
3539 2401 3712 2476 quod

2047 2495 2267 2552 virtute
2298 2494 2540 2566 geritur.
2568 2494 2762 2551 Virtus
2796 2499 2999 2551 autem
3039 2509 3113 2549 ex
3154 2492 3459 2550 voluntate
3488 2509 3612 2549 non
3637 2508 3712 2549 ex

2046 2583 2402 2641 necessitate
2430 2584 2852 2657 proficiscitur.
2880 2586 3014 2640 Jam
3057 2599 3202 2640 vero
3231 2582 3514 2640 voluntas
3539 2598 3612 2639 ex
3639 2582 3714 2639 iis

2049 2690 2186 2746 quae
2228 2689 2413 2747 penes
2457 2688 2571 2730 nos
2618 2677 2781 2743 sunt,
2808 2672 3130 2746 dependet.
3183 2671 3357 2739 Quod
3405 2676 3608 2729 autem
3648 2671 3711 2728 in

2048 2762 2228 2820 nobis
2248 2764 2428 2819 situm
2452 2768 2561 2834 est,
2583 2762 2754 2819 liberi
2783 2762 3009 2819 arbitrii
3038 2761 3295 2819 facultas
3325 2765 3433 2819 est.
3457 2760 3712 2818 Proinde

2050 2853 2157 2925 qui
2175 2852 2457 2926 opificem
2482 2852 2889 2926 reprehendit,
2905 2851 3075 2926 quod
3095 2868 3210 2909 nos
3230 2867 3355 2909 non
3378 2850 3717 2919 condiderit

2050 2945 2269 2998 natura
2315 2941 2464 2998 tales
2508 2947 2572 2998 ut
2616 2957 2870 3015 peccare
2916 2957 3317 3014 nequeamus,
3348 2940 3499 2997 nihil
3549 2939 3716 2996 aliud

2052 3029 2215 3098 facit,
2232 3029 2347 3087 nisi
2370 3032 2653 3087 naturam
2682 3029 3091 3086 irrationalem
3110 3028 3391 3087 rationali
3420 3034 3478 3086 et
3501 3029 3717 3086 immo-

336 3133 488 3188 τικῆς
516 3129 631 3183 ,καὶ
688 3123 1008 3199 ἐμπράκτου.
1041 3130 1221 3177 Ταῦτα
1277 3121 1320 3175 εἰ
1370 3126 1462 3175 καὶ
1512 3120 1938 3195 παρεκϐατικῶς,

2052 3118 2238 3176 bilem
2276 3119 2729 3193 appetendique
2758 3119 3141 3193 incapacem,
3171 3119 3376 3175 liberae
3406 3124 3589 3192 atque
3618 3134 3717 3176 ac-

338 3214 446 3268 ἀλλ’
495 3213 791 3287 ἀναγκαίως
838 3218 1060 3287 εἴρηται,
1106 3214 1188 3266 ἶνα
1225 3216 1321 3286 μή,
1368 3212 1442 3274 εἰς
1489 3210 1655 3285 βυθόν
1710 3208 1944 3284 διαλογι-

339 3313 484 3379 σμῶν
528 3304 787 3379 ἐμπεσὼν,
834 3306 967 3376 πρὸς
1016 3310 1080 3375 τῇ
1138 3306 1383 3377 στερήσει
1433 3308 1534 3354 τῶν
1572 3297 1945 3375 περισπουδά-

340 3414 496 3463 στων,
547 3397 625 3447 ἔτι
665 3397 756 3447 καὶ
798 3399 933 3445 Θεοῦ
988 3392 1234 3466 στέρησιν
1274 3392 1577 3463 ὑπομείνῃς.
1611 3391 1947 3463 Παυσώμεθα

337 3481 426 3537 οὖν
478 3480 912 3555 ἐπανορθούμενοι
963 3482 1051 3532 τὸν
1104 3482 1279 3552 σοφόν.
1332 3479 1666 3551 Παυσὼμεθα
1709 3481 1769 3530 τὸ
1827 3478 1946 3552 βελ-

337 3593 449 3628 τιον
492 3580 591 3626 τῶν
632 3570 757 3645 παρ’
807 3569 968 3624 αὐτοῦ
1006 3571 1284 3643 γινομένων
1336 3565 1722 3629 ἐπιζητοῦντες.
1754 3567 1817 3621 Εἰ
1842 3570 1948 3642 γάρ

338 3668 431 3717 καὶ
485 3668 588 3716 τῶν
654 3662 792 3714 κατά
850 3662 1006 3734 μέρος
1067 3659 1506 3730 οἰκονομουμένων
1574 3654 1948 3730 διαφεύγουσιν

340 3754 483 3827 ἡμᾶς
529 3754 578 3806 οἱ
623 3748 928 3827 λόθοι,.ἀλλ’
974 3749 1024 3803 ἓν
1063 3767 1121 3822 γε
1172 3746 1332 3800 ἐκεῖνο
1389 3743 1565 3821 δόγμα
1592 3754 1708 3812 ταῖς
1738 3746 1946 3820 ψυχαῖς

340 3847 487 3918 ἡμῶν
518 3841 879 3915 ἔνυπαρχέτω,
919 3841 1000 3908 τὸ,
1032 3834 1199 3913 μηδὲν
1228 3841 1388 3891 κακὸν
1416 3839 1563 3911 ποιρά
1603 3845 1695 3892 τοῦ
1745 3835 1948 3910 ἀγαθοῦ

341 3934 598 4008 γίνεσθαι.

416 4114 469 4167 8.
515 4111 913 4183 Ἐπεισέρχεται
945 4104 1006 4161 δὲ
1048 4109 1236 4179 τούτῳ,
1269 4107 1406 4160 κατά
1434 4108 1495 4159 τὸ
1542 4103 1825 4159 ἀκόλουθον
1853 4112 1952 4167 τῆς

344 4199 559 4272 ἐννοίας,
592 4202 683 4252 καὶ
733 4201 792 4251 τὸ
830 4201 951 4273 περὶ
993 4202 1086 4250 τοῦ
1136 4191 1385 4251 διαϐόλου
1437 4194 1671 4268 ζήτημα.
1723 4195 1886 4247 Πόθεν
1923 4194 1951 4246 6

345 4286 612 4355 διάϐολος,
663 4288 708 4341 εἰ
749 4289 821 4361 μὴ
875 4289 1020 4361 παρὰ
1067 4292 1202 4339 Θεοῦ
1251 4284 1360 4355 (71)
1413 4285 1480 4337 τὰ
1526 4285 1695 4350 κακὰ;
1745 4285 1811 4336 Τί
1863 4278 1952 4335 οὖν

345 4395 541 4452 φαμεν;
571 4385 692 4431 Ὀτι
742 4378 767 4429 6
804 4375 963 4436 αὐτὸς
1010 4376 1136 4447 ἡμῖν
1189 4371 1398 4447 ἀρκέσει
1438 4376 1530 4425 καὶ
1578 4375 1699 4447 περὶ
1729 4377 1820 4424 τοῦ
1862 4373 1953 4434 ζη-

2053 3212 2247 3266 ῒιιοεω
2292 3209 2549 3282 prrefert.
2597 3210 2716 3281 80
2767 3212 2904 3266 llaec
2948 3207 3057 3265 etsi
3096 3224 3207 3281 per
3251 3207 3712 3278 digressionem.

2053 3298 2399 3355 necessario
2449 3302 2653 3355 tamen
2701 3299 2863 3355 dicta
2910 3301 3073 3369 sunt,
3100 3301 3168 3354 ut
3205 3312 3282 3353 ne
3325 3297 3386 3353 in
3420 3296 3718 3370 abyssum

2055 3388 2490 3462 cogitationum
2519 3388 2796 3446 inanium
2838 3389 3048 3461 lapsus
3077 3392 3292 3462 praeter
3317 3386 3718 3461 privationem

2056 3496 2269 3537 eorum
2300 3496 2561 3553 quorum
2606 3479 2810 3536 studio
2841 3479 3082 3547 teneris,
3114 3478 3317 3534 adhuc
3347 3482 3405 3535 et
3434 3477 3555 3532 Deo
3582 3476 3719 3549 ipso

2056 3568 2332 3642 priveris.
2386 3568 2747 3625 Desinamus
2793 3567 2975 3638 igitur
3019 3566 3316 3636 corrigere
3360 3565 3719 3638 sapientem.

2058 3657 2417 3715 Desinamus
2454 3658 2794 3731 quidquam
2826 3657 3044 3713 melius
3072 3672 3262 3729 quam
3308 3671 3448 3728 quae
3492 3654 3720 3723 fecerit,

2055 3745 2368 3817 indagare.
2401 3746 2521 3804 Etsi
2558 3747 2721 3802 enim
2752 3744 3132 3816 singulorum
3169 3760 3308 3817 quas
3352 3744 3483 3814 ejus
3514 3741 3719 3815 provi-

2056 3837 2264 3894 dentia
2307 3852 2379 3893 ac
2426 3832 2679 3893 consiIio
2726 3835 2903 3905 ﬁunt,
2932 3834 3199 3891 rationes
3245 3849 3359 3890 nos
3404 3832 3721 3900 latent;at

2056 3930 2214 3983 certe
2242 3942 2434 3982 unum
2463 3925 2610 3982 illud
2639 3925 2867 3995 dogma
2906 3928 3111 3981 ratum
3156 3922 3472 3996 ﬁxumque
3513 3922 3578 3978 in
3614 3935 3722 3978 no-

2058 4015 2198 4072 stris
2228 4014 2449 4072 animis
2483 4014 2580 4084 sit,
2618 4013 2858 4070 nullum
2887 4012 3119 4069 malum
3147 4028 3184 4068 a
3206 4012 3373 4069 bono
3402 4011 3551 4069 ﬁeri.

2130 4110 2184 4163 8.
2225 4104 2369 4161 Huic
2399 4108 2602 4161 autem
2632 4102 2955 4176 quaestioni
2994 4101 3113 4159 alia
3141 4101 3217 4157 de
3252 4100 3501 4158 diabolo
3528 4117 3601 4157 ex
3626 4117 3725 4157 co-

2060 4196 2387 4267 gitatorum
2426 4194 2577 4250 serie
2608 4193 2859 4250 accedit.
2896 4192 3064 4249 Unde
3091 4192 3167 4248 sit
3195 4191 3501 4261 diabolus,
3523 4190 3574 4247 si
3600 4206 3726 4247 non

2061 4289 2202 4341 sunt
2230 4301 2266 4341 a
2295 4287 2413 4341 Deo
2453 4282 2661 4340 mala?
2694 4282 2851 4349 Quid
2880 4281 3064 4352 igitur
3088 4280 3348 4337 dicimus
3368 4281 3396 4337 ?
3425 4279 3725 4336 rationem

2061 4373 2344 4431 eamdem
2371 4388 2559 4446 quam
2582 4374 2713 4444 jam
2744 4370 2819 4427 de
2845 4370 3168 4427 hominum
3208 4370 3501 4442 pravitate
3524 4368 3727 4425 reddi-

344 4473 578 4542 τὴματος
624 4468 810 4519 τούτου
853 4463 1026 4537 λόγος,
1061 4464 1086 4515 ὁ
1134 4466 1222 4515 καὶ
1262 4466 1382 4535 περὶ
1429 4469 1524 4523 τῆς
1571 4459 1620 4512 ἓν
1660 4459 1939 4536 ἀνθρώποις

2065 4462 2287 4534 dimus,
2308 4461 2486 4518 nobis
2516 4477 2627 4534 pro
2654 4460 2772 4516 hac
2798 4475 3048 4532 quoque
3073 4457 3405 4530 quaestione
3428 4456 3726 4513 sufﬁcere.

344 4560 600 4631 πονηρίας
649 4551 949 4616 ἀποδοθείς.
1004 4553 1164 4606 Πόθεν
1193 4553 1296 4625 γὰρ
1332 4553 1558 4624 πονηρὸς
1589 4550 1615 4602 6
1646 4550 1948 4623 ἄνθρωπος

346 4646 436 4700 Ἐκ
473 4655 570 4708 τῆς
613 4645 807 4708 οἰκείας
855 4643 1011 4697 οῦτοῦ
1214 4643 1584 4716 προαιρέσεως.
1647 4642 1807 4693 Πόθεν
1862 4659 1956 4693 κα-

345 4739 438 4799 κὸς
480 4737 506 4788 ὁ
556 4732 840 4801 διάϐολος;
891 4732 981 4786 Ἐκ
1038 4739 1131 4794 τῆς
1179 4730 1345 4793 αὐτῆς
1397 4729 1594 4795 αἰτίας,
1646 4729 1952 4804 αὐθαίρετον

347 4828 484 4899 ἔχων
548 4829 639 4876 καὶ
692 4823 852 4885 αὐτὸς
892 4826 982 4882 τὴν
1035 4822 1195 4889 ζωὴν,
1236 4824 1327 4875 καὶ
1378 4818 1453 4873 ἐπ’
1516 4819 1658 4891 αὐτῷ
1714 4821 1952 4891 κειμένην

345 4919 441 4974 τὴν
489 4913 751 4983 ἕξουσίαν,
772 4913 802 4972 ἡ
837 4915 1153 4988 παραμένειν
1190 4918 1263 4982 τῷ
1311 4917 1444 4982 Θεῷ,
1479 4910 1508 4969 ἦ
1543 4907 1956 4983 ἀλλοτριωθῆναι

345 5011 438 5058 τοῦ
493 5002 717 5075 ἀγαθοῦ.
778 5000 1005 5077 Γαϐριὴλ
1069 4998 1301 5073 ἅγγελος,
1361 5003 1450 5051 καὶ
1513 5002 1813 5074 παρέστηκε
1879 5005 1954 5068 τῷ

348 5102 462 5166 Θεῷ
506 5088 779 5153 διηνεκῶς.
812 5097 871 5144 '0
924 5095 1154 5152 Σατανᾶς
1204 5087 1451 5162 ἄγγε).ος,.
1473 5091 1561 5140 καὶ
1608 5087 1813 5151 ἐξέπεσε
1859 5095 1956 5147 τῆς

347 5184 545 5245 οἰκείας
587 5181 780 5245 τάξεως
809 5179 1088 5242 παντελῶς.
1134 5177 1379 5233 Κάκεῖνον
1426 5179 1457 5237 ἡ
1509 5181 1815 5255 προαίρεσις
1864 5172 1955 5229 δι-

418 5347 467 5382 θι
506 5343 685 5402 Rom.
717 5358 796 5411 vx,
827 5344 919 5399 23.
997 5341 1046 5378 θ’
1083 5338 1238 5397 Psal.
1272 5355 1440 5407 Lxxn,
1470 5342 1560 5397 27.

422 5509 528 5577 ('70)
568 5504 734 5563 C011).
775 5501 1346 5577 primuséitda'm-m.
1380 5501 1780 5577 Ibidemediti
1830 5500 1958 5554 ἀλλά

348 5573 439 5633 καί
470 5573 584 5635 διά.
619 5573 841 5635 Vocula
870 5578 960 5629 καί
985 5574 1158 5632 abest
1185 5589 1222 5630 a
1250 5573 1470 5630 nostris
1496 5573 1830 5632 codicibus.

420 5652 539 5725 (71)
574 5648 725 5710 Editi
760 5650 905 5721 παρὰ
958 5653 1051 5703 τοῦ
1102 5652 1256 5701 Θεοῦ.
1288 5643 1583 5706 Articulus
1613 5645 1675 5702 in
1739 5645 1959 5703 nostris

2066 4551 2233 4610 Unde
2252 4552 2415 4608 enim
2446 4551 2645 4608 malus
2676 4555 2768 4606 est
2797 4549 3029 4605 homo?
3061 4564 3133 4603 ex
3164 4546 3486 4619 suaipsius
3515 4545 3727 4602 volun-

2062 4646 2208 4699 tate.
2236 4640 2402 4697 Unde
2425 4640 2623 4696 malus
2649 4637 2969 4707 diabolus?
2996 4639 3077 4692 Ex
3098 4636 3313 4692 eadem
3343 4651 3559 4699 causa;
3586 4650 3726 4691 cum

2062 4736 2120 4788 et
2161 4731 2292 4803 ipse
2319 4729 2577 4786 liberam
2615 4728 2804 4784 vitam
2834 4725 3106 4792 haberet,
3139 4741 3210 4780 ac
3241 4739 3430 4796 penes
3463 4739 3528 4778 se
3571 4727 3732 4780 esset

2060 4820 2159 4877 vel
2185 4823 2306 4876 Deo
2334 4821 2794 4891 perseveranter
2821 4816 3154 4883 adhaerere,
3183 4812 3281 4868 vel
3311 4828 3348 4868 a
3374 4811 3540 4867 bono
3571 4827 3732 4867 sece-

2062 4911 2224 4967 dere.
2258 4907 2495 4966 Gabriel
2548 4904 2804 4977 angelus
2854 4909 2964 4974 est,
2995 4910 3051 4961 et
3099 4906 3219 4959 Deo
3265 4900 3491 4973 jugiter
3521 4900 3727 4959 astitit.

2065 5001 2321 5058 Satanas
2355 5000 2482 5053 erat
2512 4994 2766 5066 angelus
2809 5009 3080 5066 quoque,
3112 4990 3224 5047 sed
3254 5006 3329 5046 ex
3366 5005 3479 5045 suo
3517 4987 3729 5045 ordine

2064 5089 2304 5162 penitus
2332 5086 2571 5143 excidit.
2604 5087 2669 5140 Et
2694 5084 2864 5139 illum
2890 5080 3133 5138 retinuit
3170 5080 3234 5136 in
3277 5078 3442 5135 caelis
3470 5078 3730 5135 liberum

2066 5176 2404 5243 arbitrium,
2425 5179 2482 5232 et
2498 5174 2662 5230 hunc
2683 5171 2901 5243 dejecit
2918 5167 3247 5226 voluntatis
3265 5166 3534 5225 libertas.
3556 5168 3730 5224 Pote-

2067 5516 2240 5565 mss.,
2273 5514 2397 5555 non
2428 5495 2748 5554 invenitur.

2140 5561 2252 5643 (72.)
2289 5569 2536 5645 Antiqui
2565 5574 2682 5625 tres
2711 5564 2849 5625 libri
2881 5564 3075 5627 οἰκείας
3110 5561 3318 5619 ἑαυτοῦ.
