4098 6382
389 300 491 357 347

1737 295 1794 352 S.
1847 290 2093 349 BASlLll
2140 289 2383 349 MAGNI.

3641 307 3751 362 348

386 426 482 479 nat
508 436 778 496 namque
806 423 864 479 et
888 417 986 476 ille
1010 418 1368 487 desciscere,
1389 423 1446 476 et
1474 419 1571 475 hic
1599 434 1725 475 non
1753 417 1897 475 labi.
1928 414 2042 471 Sed

2159 414 2407 486 εφύλαξεν
2432 418 2548 491 (73)
2581 419 2629 472 ἓν
2675 428 2784 482 τοῖς
2826 424 2952 485 ἄνω,
2992 427 3079 476 καὶ
3115 430 3297 477 τοῦτον
3343 426 3620 501 κατέρριψε
3656 435 3751 493 τῆς

386 511 557 569 illum
603 512 867 568 servavit
904 510 1005 566 Dei
1030 508 1268 565 dilectio
1309 509 1667 566 insatiabilis
1711 510 1875 565 hunc
1905 521 2045 564 vero

386 601 720 674 reprobum
749 600 886 657 fecit
916 616 1064 656 suus
1093 615 1130 655 a
1162 601 1283 655 Deo
1321 615 1619 655 recessus.
1653 601 1774 655 Hoc
1802 601 1892 654 est
1918 612 2047 652 ma-

387 692 538 760 lum,
554 690 920 748 abalienatio
942 706 977 746 a
1002 691 1143 746 Deo.
1166 692 1350 745 Parva
1373 689 1530 745 oculi
1550 688 1866 745 conversio
1883 685 2044 755 facit,

387 786 453 838 ut
483 785 586 838 aut
613 797 755 838 cum
792 780 940 850 sole,
969 784 1075 836 aut
1111 796 1251 835 cum
1281 779 1551 853 corporis
1587 778 1780 834 nostri
1824 775 2047 833 umbra

278 924 293 937 ,
389 873 598 928 simus.
628 874 695 927 Et
740 870 881 926 illuc
929 870 1179 944 quidem
1228 869 1276 925 si
1324 868 1634 941 respicias,
1659 872 1943 941 prompte
1973 880 2046 922 ac

389 961 509 1016 cito
542 959 898 1017 illustraris:
932 960 1011 1015 ad
1051 959 1335 1015 umbram
1366 974 1511 1014 vero
1542 958 1591 1013 si
1629 957 1913 1027 declines,
1945 970 2046 1012 ne-

387 1050 656 1106 cessario
677 1049 846 1123 degis
867 1049 928 1105 in
957 1048 1239 1106 tenebris.
1274 1052 1441 1104 Hunc
1469 1047 1545 1103 ad
1568 1046 1823 1103 modum
1845 1044 2045 1102 malus

388 1143 475 1196 est
503 1139 809 1208 diabolus,
831 1156 905 1195 ex
946 1138 1255 1195 voluntate
1302 1138 1536 1194 habens
1578 1136 1890 1206 malitiam,
1920 1148 2046 1191 non

386 1229 544 1286 illius
582 1234 800 1286 natura
828 1228 1191 1284 adversatur
1232 1227 1419 1283 bono.
1456 1226 1622 1282 Unde
1652 1225 1834 1296 igitur
1858 1224 1911 1280 ei
1940 1223 2045 1280 ad—

385 1335 598 1375 versus
642 1334 758 1375 nos
804 1317 1076 1373 bellum?
1122 1316 1272 1381 Quia
1319 1332 1457 1371 cum
1506 1316 1584 1370 sit
1628 1314 2046 1386 cujuscunque

387 1407 612 1464 militiae
631 1406 1103 1479 receptaculum,
1118 1403 1341 1476 recepit
1362 1420 1607 1478 quoque
1624 1404 2045 1495 invidiae.mor-

386 1499 557 1565 bum,
588 1502 645 1553 et
681 1496 894 1552 invidit
941 1495 1120 1552 nobis
1152 1496 1470 1555 honorem.
1503 1497 1628 1551 Non
1662 1493 1826 1550 enim
1854 1491 2050 1566 potuit

386 1587 569 1643 vitam
597 1590 869 1642 nostram
900 1586 961 1641 in
988 1584 1277 1657 paradiso.
1306 1585 1455 1640 citra
1483 1599 1806 1641 maerorem
1844 1585 2046 1640 actam

387 1677 536 1732 ferre
560 1693 574 1731 :
597 1691 745 1732 nam
782 1674 938 1732 dolis
969 1691 1040 1731 ac
1064 1674 1347 1730 versutiis
1373 1673 1685 1730 hominem
1716 1671 2042 1744 decipiens,

2155 509 2366 577 γνώμης
2409 511 2468 560 τὸ
2518 509 2868 574 αὐτεξούσιον.
2906 508 3155 565 Ἐὃύνατο
3205 514 3307 586 γὰρ
3354 512 3589 578 κάκεῖνος
3617 515 3750 571 ἀπο-

2158 602 2421 679 στατῆσαι
2447 639 2461 664 ,
2514 603 2606 653 καὶ
2660 600 2811 662 οὗτος
2867 605 2937 677 μὴ
2993 599 3241 656 ἐκπεσεῖν.
3305 602 3460 657 Ἀλλά
3518 606 3605 656 τόν

2158 678 2453 739 διεσώσατο
2500 695 2597 752 τῆς
2648 687 2858 761 ἀγάπης
2903 697 2995 743 τοῦ
3025 698 3158 746 Θεοῦ
3208 695 3267 745 τὸ
3317 690 3593 766 ἀκόρεστον
3618 715 3630 729 ·
3664 678 3753 749 τὸν

2157 768 2216 825 δί
2254 772 2547 835 ἀπόϐλητον
2586 774 2774 841 ἔδειξεν
2821 781 2851 838 ἡ
2899 778 2956 832 ἐκ
3005 787 3139 833 Θεοῦ
3178 780 3540 857 ἀναχώρησις.
3586 787 3750 837 Τοῦτό

2155 859 2269 916 ἐστι
2297 867 2356 925 τό
2392 869 2571 929 κακὸν,
2606 869 2635 925 ἡ
2669 875 2761 920 τοῦ
2800 875 2934 923 Θεοῦ
2978 867 3345 943 ἀλλοτρίωσις.
3383 874 3560 945 Μικρὰ
3600 891 3751 947 περι-

2156 958 2351 1027 στροφὴ
2406 954 2670 1029 ὀφθαλμοῦ
2710 957 2740 1017 ἢ
2787 959 2919 1030 μετά
2962 958 3117 1017 ἡλίου
3167 962 3306 1033 ἡμᾶς
3355 959 3484 1013 εἶναι
3526 968 3685 1030 ποιεῖ,
3717 964 3748 1019 ἦ

2154 1045 2286 1114 μετὰ
2336 1051 2432 1106 τῆς
2481 1051 2632 1109 σκιᾶς
2676 1054 2769 1101 τοῦ
2802 1052 3043 1121 σώματος
3080 1051 3248 1121 ἡμῶν.
3283 1047 3443 1104 Κάκεῖ
3487 1053 3578 1124 μίν
3622 1048 3752 1104 ἀνα-

2156 1129 2402 1203 ϐλέψαντι
2429 1134 2630 1207 ἕτοιμον
2678 1139 2737 1189 τὸ
2783 1139 3127 1209 φωτισθῆναι,
3158 1137 3501 1197 ἀπονεύσαντι
3539 1136 3601 1193 δὴ
3624 1143 3754 1213 πρὸς

2154 1225 2249 1279 τὴν
2309 1226 2459 1276 σκιὰν
2515 1222 2778 1297 ἀναγκαία
2823 1228 2854 1285 ἡ
2908 1231 3193 1291 σκότωσις.
3253 1229 3404 1282 Οὕτω
3460 1232 3685 1303 πονηρὸς
3726 1230 3753 1282 ό

2155 1306 2419 1376 διάϐολος,
2453 1312 2506 1366 ἐκ
2549 1318 2901 1390 προαιρέσεως
2939 1317 3076 1388 ἔχων
3113 1322 3207 1375 τήν
3251 1322 3518 1393 πονηρίαν,
3551 1318 3610 1372 οὐ
3650 1320 3750 1391 φύ-

2156 1419 2241 1463 σις
2283 1399 2603 1487 ἀντικειμένη
2651 1413 2726 1476 τῷ
2775 1403 2972 1477 ἀγαθῷ.
3026 1407 3186 1460 Πόθεν
3236 1402 3323 1458 οὖν
3374 1408 3516 1478 αὐτῷ
3554 1408 3580 1460 ὃ
3623 1410 3754 1479 πρὸς

2154 1492 2293 1563 ἡμᾶς
2337 1492 2590 1566 πόλεμος;
2617 1492 2759 1561 Ὀτι,
2807 1491 3020 1566 δοχεῖον
3068 1495 3134 1547 ὢν
3181 1497 3359 1558 πάσης
3401 1499 3613 1564 κακίας,
3646 1492 3754 1549 ἰδέ-

2156 1579 2279 1643 ξατο
2328 1586 2417 1636 καὶ
2465 1589 2557 1636 τοῦ
2607 1584 2793 1655 φθόνου
2842 1589 2938 1643 τήν
2983 1588 3155 1651 νόσον,
3182 1589 3271 1638 καὶ
3317 1583 3598 1643 ἑϐάσκηνεν
3631 1586 3755 1658 ἡμῖν

2156 1679 2251 1733 τῆς
2293 1680 2480 1744 τιμῆς.
2534 1668 2610 1724 Οὐ
2656 1675 2759 1746 γὰρ
2811 1677 3021 1746 ἤνεγκεν
3064 1675 3210 1748 ἡμῶν
3247 1679 3338 1733 τὴν
3373 1674 3571 1727 ἄλυπον
3615 1675 3755 1736 ζωὴν

386 1780 582 1838 eaque
610 1764 959 1837 cupiditate,
982 1780 1107 1837 qua
1131 1764 1260 1836 ipse
1287 1763 1416 1819 ﬁeri
1434 1763 1555 1818 Deo
1578 1760 1787 1818 similis
1812 1765 2046 1834 expete-

2155 1766 2244 1820 τὴν
2276 1760 2325 1814 ἐν
2349 1770 2420 1833 τῷ
2446 1758 2757 1835 παραδείσῳ
2782 1783 2796 1799 ·
2828 1760 3004 1826 δόλοις
3044 1760 3103 1817 δὲ
3133 1768 3221 1817 καὶ
3249 1765 3521 1836 μηχαναῖς
3558 1762 3755 1828 55m-

387 1853 514 1916 bat.
542 1853 620 1910 ad
647 1853 980 1909 fallendum
1002 1852 1172 1908 illum
1201 1869 1370 1919 usus,
1401 1851 1637 1921 lignum
1667 1848 1948 1916 ostendit,
1975 1865 2049 1905 ac

387 1943 666 2015 promisit
696 1942 985 2008 futurum,
1018 1947 1083 1998 ut
1114 1941 1163 1997 si
1193 1958 1265 1997 eo
1295 1945 1655 2006 vesceretur,
1686 1955 1824 1995 eum
1853 1937 2053 1996 efﬁcee

386 2037 477 2089 ret
498 2032 755 2088 similem
777 2035 917 2088 Deo.
940 2033 1009 2088 Si
1029 2033 1210 2097 enim,
1229 2030 1441 2103 inquit,
1464 2029 1859 2098 comederitis,
1882 2028 2049 2085 ρνίιίε

383 2124 538 2181 sicut
567 2122 676 2187 dii,
703 2123 953 2179 scientes
984 2122 1199 2178 bonum
1230 2127 1286 2178 et
1326 2121 1553 2177 malum
1575 2119 1647 2174 η.
1687 2122 1837 2175 Nam
1866 2117 2050 2188 igitur

387 2210 669 2267 conditus
701 2216 790 2266 est
814 2210 1095 2267 inimicus
1123 2209 1336 2266 nobis:
1371 2209 1477 2265 sed
1508 2224 1580 2265 ex
1610 2206 1844 2264 invidia
1873 2206 2048 2263 effec-

385 2305 517 2356 ctus
562 2303 651 2356 est
695 2298 874 2355 nobis
906 2298 1208 2355 inimicus.
1241 2301 1389 2354 Nam
1427 2313 1570 2353 cum
1611 2296 1838 2352 videret
1866 2309 1930 2351 se
1971 2309 2047 2351 ex

384 2387 743 2459 angelorum
774 2392 934 2444 ccetu
978 2388 1341 2460 projectum,
1371 2390 1516 2443 tunc
1568 2385 1902 2454 hominem,
1941 2383 2048 2457 qui

387 2477 685 2533 terrestris
734 2482 879 2541 erat,
914 2476 993 2532 ad
1039 2476 1398 2546 angelorum
1447 2474 1804 2544 dignitatem
1842 2488 1954 2530 suo
1981 2472 2046 2529 in

385 2567 601 2624 virtute
630 2566 901 2640 profectu
932 2566 1262 2624 exaltatum
1291 2564 1493 2621 videre
1519 2579 1644 2621 non
1670 2562 1973 2621 sustinuit.

457 2752 510 2804 9.
555 2747 856 2813 Quoniam
903 2746 1084 2817 igitur
1113 2745 1395 2802 inimicus
1424 2744 1620 2801 factus
1651 2746 1764 2811 est,
1789 2741 2047 2799 inimici-

385 2836 543 2897 tiam.
563 2836 741 2892 nobis
769 2836 924 2891 Deus
961 2835 1255 2891 adversus
1286 2833 1456 2891 illum
1487 2832 1723 2899 indidit,
1756 2846 1898 2888 cum
1929 2846 2049 2886 ser-

386 2929 629 2998 pentem
649 2926 825 2995 cujus
850 2940 1036 2997 opera
1066 2940 1214 2981 usus
1248 2924 1461 2990 fuerat,
1494 2923 1580 2979 sic
1610 2921 1906 2978 allocutus
1935 2926 2045 2988 est,

384 3021 452 3073 ut
497 3016 697 3072 minas
728 3014 807 3072 ad
846 3014 1162 3070 diabolum
1209 3015 1490 3070 referret:
1522 3014 1756 3070 Ponam
1796 3010 2048 3068 inimici-

2156 1855 2323 1914 τὴσας
2373 1853 2460 1904 τόν
2507 1852 2797 1925 ἄνθρωπον,
2848 1856 2939 1905 καὶ
2985 1857 3081 1912 τὴν
3128 1852 3411 1927 ἐπιθυμίαν
3456 1854 3638 1922 αὐτοῦ,
3695 1852 3755 1911 ἣν

2155 1944 2286 2013 ἔσχε
2328 1945 2458 2015 πρὸς
2504 1944 2565 1994 τὸ
2615 1942 2933 2015 ὁμοιωθῆναι
2984 1951 3056 2014 τῷ
3105 1950 3240 2015 Θεῷ,
3281 1945 3447 2017 ταύτῃ
3491 1945 3619 2018 πρὸς
3667 1946 3758 2001 τὴν

2158 2030 2363 2090 ἀπάτην
2416 2030 2876 2106 ἀποχρησάμενος,
2925 2028 3086 2097 ἔδειξε
3132 2036 3192 2086 τὸ
3241 2032 3389 2097 ξύλον
3436 2038 3530 2087 καὶ
3586 2032 3758 2105 ἐπηγ-

2154 2121 2362 2194 γείλατο
2412 2118 2505 2175 διὰ
2544 2130 2638 2183 τῆς
2678 2120 2927 2197 βρώσεως
2969 2123 3131 2176 αὐτοῦ
3179 2124 3356 2196 ὅμοιον
3394 2132 3468 2195 τῷ
3499 2131 3614 2194 Θεῷ
3645 2124 3763 2195 (74)

2157 2215 2527 2269 καταστήσειν.
2592 2211 2707 2265 Ἐὰν
2763 2213 2862 2286 γὰρ
2918 2214 3151 2285 φάγητε,
3207 2218 3366 2285 φησιν
3393 2254 3411 2278 ι
3454 2210 3637 2265 ὶσεσθε
3688 2214 3757 2273 ὡς

2157 2302 2285 2367 Θεοί,
2342 2306 2681 2373 γινώσκοντες
2727 2299 2884 2353 καλὸν
2939 2304 3029 2354 καὶ
3095 2305 3339 2376 πονηρόν.
3396 2299 3507 2353 Οὐκ
3563 2298 3757 2375 ἕχθρός

2153 2395 2327 2444 τοίνυν
2372 2392 2498 2463 ἡμῖν
2544 2392 2965 2456 κατεσκευασθη,
3006 2388 3114 2442 ἀλλ’
3162 2389 3218 2444 ἐκ
3267 2390 3590 2452 ζηλοτυπίας
3631 2391 3757 2462 ἡμῖν

2155 2479 2227 2541 εἰς
2248 2481 2447 2554 ἔχθραν
2475 2478 2841 2537 ἀντικατίστη.
2864 2480 3027 2554 Ὀρων
3056 2483 3155 2554 γὰρ
3187 2478 3366 2533 ἔαυτόν
3396 2478 3449 2532 ἓν
3477 2485 3577 2533 τῶν

2150 2569 2253 2622 λων
2298 2568 2698 2644 καταρριφέντα,
2744 2569 2838 2623 οὐκ
2887 2572 3027 2643 ἔφερε
3075 2568 3282 2642 βλέπειν
3313 2572 3402 2622 τὸν
3444 2574 3624 2641 γήϊνον
3666 2567 3754 2621 ἐπὶ

2153 2664 2247 2717 τὴν
2296 2658 2448 2722 ἀξίαν
2495 2666 2595 2711 τῶν
2646 2657 2871 2731 ἀγγέλων
2920 2655 3015 2711 διὰ
3060 2667 3331 2734 προκοπῆς
3380 2656 3751 2732 ἀνυψούμενον.

2226 2753 2278 2805 9.
2322 2744 2533 2806 Ἐπειῶ
2564 2744 2651 2801 οὖν
2680 2752 2881 2821 757mm
2907 2747 3122 2823 ἐχθρὸς,
3155 2748 3397 2822 ἐφύλαξεν
3419 2751 3544 2823 ἡμῖν
3575 2750 3599 2800 ὀ
3625 2750 3755 2810 θεὸς

2153 2843 2249 2898 τὴν
2286 2840 2417 2913 πρὸς
2464 2838 2621 2891 αὐτὸν
2663 2836 2960 2893 ἕναντίωσιν
2986 2881 2998 2904 ,
3052 2834 3124 2891 δι’
3180 2839 3249 2891 ὧν
3294 2846 3368 2910 τῷ
3415 2840 3752 2913 ὑπηρετησα-

2155 2933 2291 3003 μένῳ
2345 2928 2489 3000 αὐτῷ
2541 2929 2707 3002 θηρίῳ
2763 2924 3040 3000 διελέγετο,
3098 2930 3230 3003 πρὸς
3284 2927 3441 2981 αὐτὸν
3495 2926 3757 3001 ἀναφέρων

2154 3023 2249 3079 τὴν
2298 3017 2507 3078 ἀπειλήν
2530 3037 2543 3053 ο
2596 3019 2676 3071 ὅτι
2728 3016 2967 3091 ’Ἐχθραν
3017 3019 3159 3076 θήσω
3212 3015 3467 3091 ἀναμίσον
3521 3024 3616 3071 σοῦ
3662 3021 3756 3070 καὶ⁵

385 3106 535 3163 tiam
562 3106 724 3162 inter
754 3109 812 3159 te
840 3109 895 3160 et
934 3105 1096 3160 inter
1130 3118 1328 3160 semen
1376 3103 1542 3159 illius
1569 3088 1638 3158 ‘t.
1669 3104 1819 3159 Nam
1847 3101 2046 3173 reipsa

2157 3108 2415 3183 ἀναμίσον
2458 3115 2551 3162 τοῦ
2601 3088 2901 3183 σπέρματος
2949 3106 3081 3166 αὐτῆ
3094 3127 3133 3169 ς.
3186 3113 3271 3179 Τῷ
3311 3088 3567 3182 δντιθγὰρ
3616 3104 3755 3179 βλα-η

382 3198 608 3251 nocent
634 3192 911 3250 amicitiae
942 3208 1082 3249 cum
1114 3191 1344 3248 malitia
1372 3191 1555 3260 initae,
1587 3189 1888 3263 siquidem
1933 3188 2050 3246 ista

384 3283 665 3339 amicitiae
690 3282 784 3338 lex
807 3283 963 3337 inter
993 3281 1353 3352 conjunctos
1377 3295 1450 3337 ex
1480 3281 1750 3354 quadam
1780 3278 2049 3336 similitu-

385 3372 528 3428 dine
591 3371 743 3427 solet
792 3370 1182 3427 intercedere.
1237 3370 1405 3425 Unde
1451 3373 1610 3426 recte
1656 3369 1885 3424 dictum
1914 3373 2045 3425 est:

392 3461 809 3530 Corrumpunt
833 3476 1024 3517 mores
1057 3460 1235 3517 bonos
1260 3460 1568 3531 colloquia
1605 3459 1771 3516 mala
1794 3460 1861 3514 ⁸⁵.
1898 3460 2050 3525 Ουος

385 3550 789 3607 madmodum
811 3549 973 3606 enim
995 3549 1053 3605 in
1077 3546 1500 3623 pestilentibus
1521 3547 1669 3605 locis
1694 3563 1796 3605 aer
1817 3550 2048 3607 sensim

385 3639 600 3712 spiritu
647 3639 864 3695 ductus
893 3639 1178 3695 latentem
1210 3638 1494 3694 morbum
1550 3636 1763 3693 incolis
1807 3638 2049 3707 ingene.

383 3735 474 3785 rat
504 3748 516 3785 :
549 3729 636 3785 sie
663 3728 808 3789 inita
837 3745 977 3785 cum
1021 3728 1200 3785 malis
1231 3730 1343 3799 81
1395 3728 1776 3784 consuetudo
1826 3727 2048 3784 animis

383 3819 561 3876 infert
589 3818 754 3875 mala
782 3834 905 3875 non
956 3834 1165 3891 parva,
1198 3817 1437 3875 tametsi
1475 3832 1639 3874 noxa
1684 3833 1808 3874 non
1846 3816 2049 3874 statim

385 3909 658 3965 sentitur.
680 3909 1059 3979 Quapropter
1079 3905 1483 3978 implacabilis
1509 3911 1599 3961 est
1618 3906 1910 3963 adversus
1931 3921 2051 3961 ser-

382 4002 633 4070 pentem
687 3996 1019 4052 inimicitia.
1077 3995 1252 4062 Quod
1301 3995 1352 4051 si
1401 3995 1878 4052 instrumentum
1907 3994 2050 4052 odio

387 4091 555 4142 tanto
587 4086 842 4156 dignum
886 4090 996 4148 est,
1026 4090 1326 4158 quantum
1373 4084 1750 4140 inimicitiam
1793 4098 1932 4139 eum
1963 4081 2050 4137 in-

387 4174 707 4229 strumenti
737 4178 968 4229 motore
1010 4188 1215 4244 gerere
1257 4188 1368 4229 nos
1417 4173 1742 4229 convenit?
1776 4169 1890 4228 Sed
1919 4184 2047 4238 cur,

383 4262 599 4335 inquit,
630 4267 757 4318 erat
786 4262 1019 4332 lignum
1052 4263 1112 4318 in
1146 4262 1455 4336 paradiso,
1482 4277 1588 4334 per
1617 4261 1781 4334 quod
1807 4273 2051 4329 aggres-

386 4368 563 4407 surus
591 4367 704 4407 nos
731 4358 857 4408 erat
898 4351 1223 4408 diabolus?
1251 4353 1477 4407 Etenim
1509 4351 1556 4406 si
1586 4349 1837 4407 fallacia:
1861 4348 2052 4406 illece-

2157 3198 2302 3273 6εραὶ
2347 3200 2403 3251 αί
2445 3200 2577 3273 πρός
2617 3201 2712 3257 τὴν
2754 3201 2941 3251 κακίαν
2980 3195 3339 3270 καταλλαγαί·
3370 3193 3551 3255 ἐπειδὴ
3598 3200 3754 3269 νόμος

2156 3288 2310 3351 οὗτος
2350 3288 2525 3361 φιλίας
2572 3289 2685 3359 (75)
2735 3284 2810 3341 δι’
2867 3289 3179 3361 ὁμοιότητος
3222 3290 3416 3360 πέφυκε
3465 3293 3576 3349 τοῖς
3625 3304 3753 3340 συν-

2158 3381 2467 3452 απτομένοις
2512 3377 2838 3451 ἐγγίνεσθαι.
2892 3376 3046 3430 Ὀθεν
3095 3376 3259 3451 ὀρθῶς
3306 3379 3421 3450 ἔχει
3468 3380 3550 3445 τὸ,
3599 3377 3754 3432 thest-

2155 3487 2337 3545 ρουσιν
2382 3469 2485 3527 ἤθη
2550 3470 2770 3543 χρηστὰ
2818 3466 3013 3540 ὁμιλίαι
3064 3466 3354 3531 κακαί.Ὧς
3398 3468 3501 3542 γὰρ
3548 3465 3601 3520 ἔν
3646 3471 3759 3529 τοῖς

2154 3564 2451 3621 vocantsi;
2490 3562 2714 3633 χωρίοις
2759 3557 2785 3609 ό
2831 3558 2969 3609 κατὰ
3014 3559 3167 3630 μέρος
3225 3554 3596 3628 ἀναπνεόμενος
3651 3553 3755 3630 ἀὴρ

2150 3645 2507 3705 λανθάνουσαν
2549 3650 2700 3699 νόσον
2749 3652 2859 3708 τοῖς
2906 3641 3329 3718 ἕνδεαιτωμίνοις
3360 3642 3715 3696 ἐναποτίθεται
3738 3661 3755 3685 η

2152 3736 2317 3799 οὕτως
2364 3737 2395 3795 ἡ
2449 3738 2579 3810 πρὸς
2627 3737 2692 3789 τὰ
2738 3734 2909 3807 φαῦλα
2957 3735 3208 3792 συνήθεια
3244 3732 3447 3806 μεγάλα
3473 3733 3612 3785 κακὰ
3638 3737 3755 3794 ταῖς

2150 3824 2362 3898 ψυχαῖς
2417 3823 2677 3897 ἓναφίησι,
2725 3823 2821 3877 κᾶν
2877 3828 2971 3883 τὴν
3024 3826 3326 3895 παραυτίκα
3380 3823 3633 3881 αἴσθησιν
3694 3824 3755 3875 τὸ

2154 3914 2400 3989 ϐλαϐερὸν
2446 3910 2725 3987 διαφέυγῃ.
2759 3916 2854 3968 Διὰ
2890 3920 3044 3966 τοῦτο
3072 3909 3421 3974 ἀδιάλλακτος
3451 3913 3481 3970 ἡ
3511 3913 3641 3985 πρὸς
3666 3913 3755 3965 τὸν

2153 4008 2265 4076 ὄφιν
2312 4005 2500 4077 ἔχθρα·
2529 4003 2589 4057 Εἰ
2618 4000 2678 4057 δὲ
2720 4006 2777 4057 τό
2810 4005 3025 4077 ὄργανον
3073 4004 3327 4056 τοσούτου
3370 4005 3558 4074 μίσους
3588 3999 3751 4067 άξιον,

2150 4096 2315 4146 πόσον
2374 4091 2667 4165 ἕχϐραίνειν
2725 4096 2866 4167 ἡμᾶς
2921 4100 2993 4163 τῷ
3048 4090 3387 4166 ἕνεργήσαντι
3443 4097 3751 4164 «pocius;

2156 4181 2312 4236 Ἀλλὰ
2352 4187 2443 4236 καὶ
2483 4179 2576 4235 διὰ
2621 4186 2674 4236 τί
2722 4179 2784 4242 ἣν
2832 4186 2892 4235 τὸ
2941 4182 3107 4247 ξύλον,
3152 4186 3330 4254 φησιν,
3372 4179 3421 4233 ἓν
3462 4188 3535 4252 τῷ
3576 4197 3757 4251 παρα-ι

2156 4269 2337 4346 δείσῳ,
2370 4269 2444 4326 δι’
2487 4272 2548 4325 οὔ
2586 4281 2658 4344 τῷ
2705 4269 2935 4344 διαϐόλῳ
2963 4271 3133 4345 ἔμελλε
3169 4274 3541 4345 προχωρήσειν
3570 4270 3600 4327 ἠ
3634 4267 3752 4321 καθ’

2154 4364 2302 4435 ἡμῶν
2350 4361 2723 4436 ίπέχείρησιςς
2771 4362 2831 4416 Εἰ
2878 4364 2981 4437 ’γὰρ
3029 4365 3099 4435 μὴ
3150 4359 3264 4433 εἶχε
3306 4368 3402 4422 τῆς
3451 4357 3655 4421 ἀπάτης
3691 4359 3753 4413 τό

385 4441 563 4496 bram
585 4455 706 4496 non
739 4440 1072 4512 habuisset,
1091 4441 1402 4513 quomodo
1432 4455 1544 4495 nos
1574 4455 1681 4512 per
1703 4438 2046 4495 inobedien~

2158 4447 2359 4524 δέλεαρ,
2390 4458 2499 4513 πῶς
2530 4449 2591 4503 ἂν
2633 4452 2775 4525 ἡμᾶς
2803 4448 2898 4505 διὰ
2925 4460 3019 4514 τῆς
3058 4458 3328 4526 παρακοῆς
3368 4448 3439 4513 εἰς
3468 4451 3555 4503 τὸν
3601 4449 3754 4501 Θάνας

386 4529 534 4585 tiam
563 4528 899 4585 induxisset
926 4530 986 4586 in
1027 4534 1286 4586 mortem
1308 4530 1335 4586 ?
1368 4529 1520 4594 Quia
1564 4527 1889 4600 probanda
1924 4532 2052 4585 erat

387 4616 729 4673 obedientia
750 4624 957 4675 nostra
981 4635 1091 4692 per
1115 4623 1509 4691 praeceptum.
1532 4620 1679 4674 Eam
1699 4616 1779 4673 ob
1799 4632 2050 4673 causam

386 4704 596 4776 planta
640 4711 768 4763 erat
810 4708 1230 4779 speciosorum
1282 4707 1588 4763 fructuum
1634 4706 1819 4773 ferax,
1850 4710 1915 4762 ut
1945 4720 2054 4778 per

388 4794 816 4850 abstinentiam
892 4795 1222 4867 voluptatis
1286 4795 1569 4851 virtutem
1642 4795 2052 4867 temperantim

386 4884 800 4949 ostendentes,
825 4884 1065 4941 coronis
1093 4885 1393 4957 patientiae
1415 4884 1630 4942 merito
1661 4885 2049 4941 donaremur.

388 4974 802 5029 Comesturam
834 4980 1037 5030 autem
1073 4978 1281 5030 secuta
1305 4978 1399 5029 est
1438 4990 1562 5030 non
1594 4973 1778 5030 modo
1806 4972 2052 5030 violatio

388 5062 689 5134 prmcepti,
718 5063 824 5118 sed
873 5062 1165 5120 nuditatis
1212 5063 1394 5119 etiam
1443 5063 1727 5132 cognitio.
1771 5064 2048 5121 Comede-

387 5157 533 5207 runt
587 5154 764 5221 enim,
814 5153 1030 5226 inquit,
1073 5157 1129 5210 et
1166 5155 1368 5224 aperti
1406 5160 1549 5210 sunt
1605 5154 1768 5210 oculi
1823 5169 2047 5222 eorum,

460 5278 509 5312 ’3
551 5279 692 5333 Gen.
726 5293 806 5347 ιιι,
841 5282 891 5332 5.
971 5280 1019 5314 9³
1059 5277 1207 5334 ibid.
1247 5282 1329 5333 15.
1410 5280 1457 5314 9⁵
1499 5280 1679 5334 lCor.
1714 5295 1803 5345 xv,
1837 5282 1925 5335 33.

460 5421 574 5487 (73)
614 5419 768 5493 Editi
794 5418 1025 5491 ἐφύλαξε.
1060 5425 1129 5476 At
1157 5437 1303 5475 mss.
1339 5425 1455 5475 tres
1484 5417 1775 5493 διεφύλαξε.

456 5494 568 5566 (iri)
611 5490 765 5566 Heg.
806 5490 1037 5566 primus
1087 5495 1262 5566 ὅμοιον
1293 5500 1384 5544 τοῦ
1417 5490 1738 5566 Θεούί-ΜΟΧ
1791 5497 2049 5565 utraque

388 5561 570 5617 editio
620 5561 833 5614 ἔσεσθαι
882 5565 951 5625 ὡς
1006 5561 1129 5618 θεοίζ
1165 5567 1237 5620 At
1285 5580 1430 5619 mss.
1480 5563 1651 5619 multi
1698 5567 1895 5619 ἔσεσθε.
1932 5561 2051 5620 Nec

389 5632 473 5690 ita
498 5633 690 5691 multo
735 5633 893 5692 infra
934 5640 1197 5710 quatuor
1230 5652 1375 5692 mss.
1417 5637 1633 5710 ἔχθραν.
1675 5634 2044 5695 ἀπεκατέστη.

2156 4559 2245 4595 τον
2292 4541 2621 4612 ὑπηγάγετος
2670 4539 2793 4594 Ὀτι
2851 4538 2960 4594 ἔδει
3008 4537 3136 4594 εἶναι
3188 4539 3395 4597 ἐντολὴν
3450 4543 3539 4596 τὴν
3598 4534 3753 4592 δοκι-

2157 4629 2431 4703 μάζουσαν
2487 4632 2635 4703 ἡμῶν
2681 4634 2741 4684 τὸ
2811 4631 3055 4689 ὑπήκοον.
3116 4631 3211 4682 Διά
3262 4629 3418 4681 τουτο
3475 4624 3536 4685 ἦν
3594 4630 3751 4700 φυτόν

2158 4721 2359 4793 ὡραίων
2404 4728 2614 4794 καρπῶν
2664 4724 2897 4795 εὔφορον,
2929 4720 3011 4770 ἴνα
3040 4716 3088 4769 ἓν
3130 4725 3192 4789 τῇ
3227 4715 3408 4790 ἀποχῇ
3440 4724 3532 4770 τοῦ
3574 4713 3750 4780 ἡδέος,

2156 4812 2214 4861 τὸ
2271 4817 2367 4869 τῆς
2433 4807 2733 4886 ἐγκρατείας
2799 4807 2953 4861 καλὸν
3020 4803 3439 4881 ίπιδειξάμενοι,
3497 4814 3593 4859 τῶν
3659 4814 3754 4868 τῆς

2156 4902 2419 4971 ὑπομονῆς
2479 4902 2739 4972 στεφάνων
2801 4894 3019 4960 δικαίως
3068 4895 3389 4971 ἀξιωθῶμεν.
3447 4896 3756 4957 Ἐπηκολού-

2159 4991 2289 5048 θησε
2340 4987 2399 5043 δε
2441 4997 2504 5062 τῇ
2554 4988 2754 5063 βρώσει
2793 4987 2853 5041 οὗ
2884 4990 3124 5062 παρακοὴ
3160 4990 3314 5060 μόνον
3344 4988 3459 5059 (76)
3488 4995 3584 5049 τῆς
3612 4985 3757 5039 ἐντο-

2155 5079 2270 5149 λῆς,
2328 5078 2459 5131 ἀλλὰ
2503 5083 2594 5131 καὶ
2642 5080 2673 5136 ἡ
2724 5077 3004 5150 ἐπίγνωσις
3051 5085 3145 5139 τῆς
3192 5076 3537 5150 ζυμνότητος.
3589 5075 3759 5148 Ἐφα-

2156 5187 2248 5241 γον
2285 5171 2406 5244 γὰρ,
2454 5172 2607 5241 φησὶ,
2657 5171 2749 5220 καὶ
2797 5164 3188 5239 διηνοίχθησαν
3246 5166 3416 5220 αὐτῶν
3468 5167 3517 5217 οἱ
3568 5163 3759 5236 ὀφθαλ-

2158 5426 2266 5485 Alii
2288 5427 2411 5485 duo
2443 5443 2586 5483 mss.
2620 5425 2761 5482 editi
2789 5425 3157 5484 ἀντικατέστη.

2231 5502 2343 5570 (75)
2382 5498 2550 5573 Coll).
2581 5499 2813 5573 primus
2839 5498 2989 5559 οὗτος
3018 5497 3429 5573 φιλανθρωπίας.

2226 5572 2344 5644 (76)
2384 5570 2550 5639 ΟΟΙῙ).
2584 5570 2816 5646 primus
2840 5572 3080 5651 παρακοὴ
3109 5572 3264 5643 μόνη.
