4098 6376
277 347 380 407 349

1114 346 1283 403 HOM.
1326 344 1518 412 QUOD
1557 343 1738 399 DEUS
1778 342 1920 400 NON
1960 343 2091 402 EST
2125 348 2413 407 AUCTOR
2452 352 2794 409 MALORUM

3542 356 3655 416 350

277 484 389 554 μοὶ,
439 483 530 533 καὶ
582 482 831 552 ἔγνωσαν,
889 481 971 532 ὅτι
1039 484 1228 554 γυμνοί
1280 479 1432 536 εἰσιν.
1479 476 1629 534 Ἔδει
1687 475 1747 531 δε
1802 480 1874 551 μὴ

1992 475 2047 526 et
2066 480 2465 543 cognoverunt
2484 475 2640 548 quod
2660 477 2811 533 nudi
2828 484 3049 534 esssent
3072 480 3140 533 9°.
3161 482 3274 537 Par
3296 486 3501 541 autem
3523 487 3655 541 erat

276 574 545 641 γινώσκειν
593 573 688 628 τὴν
726 571 1016 643 γύμνωσιν,
1073 570 1156 621 ἵνα
1196 573 1269 643 μὴ
1329 570 1356 622 ὀ
1407 576 1526 633 νοῦς
1560 577 1652 622 τοῦ
1686 566 1880 641 ἀνθρὼ-

277 677 378 719 που
419 665 735 733 περιεσπᾶτο
792 661 922 734 πρὸς
969 661 1064 717 τὴν
1115 666 1208 715 τοῦ
1243 658 1508 721 λείποντος
1579 655 1881 732 ἀναπλήρω-

280 766 382 816 σιν,
440 747 778 823 ἀμφιέσματα
834 745 998 819 ἐαυτῷ
1058 752 1148 803 καὶ
1198 756 1294 812 τῆς
1348 752 1669 822 γυμνότητος
1714 766 1881 820 παραυ

277 840 470 912 μυθίαν
523 836 756 905 ὶπινοῶν,
806 842 894 890 καὶ
949 836 1079 901 ὅλως
1126 845 1190 911 τῇ
1254 846 1350 902 τῆς
1382 841 1578 914 σαρκὸς
1621 836 1882 911 ἐπιμελείᾳ

277 936 373 990 τῆς
429 930 559 1002 πρὸς
618 930 745 980 Θεὸν
788 926 1114 990 ἕνατενίσεως
1162 926 1523 1001 ἀφελκόμενος·
1580 930 1675 982 Διά
1725 932 1776 979 τί
1820 923 1880 981 δι

279 1016 376 1071 οὐκ
421 1015 572 1079 εὐθὺς
625 1015 764 1087 αὐτῷ
814 1019 1311 1089 συγκατεσκωάσθη
1340 1022 1431 1070 καὶ
1462 1020 1526 1070 τά
1565 1013 1831 1091 ἐνδύματα
1863 1031 1877 1083 ;

277 1105 399 1159 Ὀτι
449 1109 565 1159 οὔτε
621 1107 819 1177 φυσικά
861 1108 1072 1180 ἔπρεπεν
1115 1105 1247 1161 εἶναι
1290 1114 1477 1175 ταῦτα,
1540 1110 1656 1161 οὔτε
1709 1105 1763 1159 ἐκ
1791 1108 1879 1159 τί-

276 1213 432 1269 χνης.
490 1196 569 1248 Τὰ
606 1196 698 1269 μὶν
754 1195 854 1271 γὰρ
909 1199 1107 1269 φυσικὰ
1166 1193 1285 1251 ἴδια
1338 1204 1439 1251 τῶν
1470 1196 1667 1269 ἀλόγων
1715 1195 1875 1249 ἐστίν’

275 1284 381 1338 οῖον
431 1284 612 1358 πτερὰ,
663 1289 754 1337 καὶ
816 1289 1021 1360 τρίχες,
1077 1290 1169 1339 καὶ
1227 1282 1498 1360 δερμάτων
1547 1288 1875 1358 παχὺτητες,

276 1376 475 1445 στέγειν
520 1374 613 1445 μεν
661 1370 947 1447 χειμῶνας,
1000 1379 1165 1448 φέρειν
1212 1373 1271 1429 δὲ
1323 1377 1599 1439 καύσωνας
1657 1372 1879 1448 δυναμε-

271 1479 389 1516 νων.
452 1458 534 1515 Ἐν
582 1464 659 1525 οἷς
709 1460 860 1517 οὐδεν
907 1467 966 1517 τὸ
1009 1466 1177 1540 ἕτερον
1226 1473 1318 1518 τοῦ
1348 1465 1522 1540 ἑτερου
1557 1462 1875 1537 διενήνοχεν,

273 1550 523 1625 ὁμοτίμον
585 1556 720 1606 πᾶσι
755 1559 852 1615 τῆς
903 1556 1104 1626 φύσεως
1174 1556 1545 1629 ὑπαρχούσης·
1623 1552 1879 1630 ἀνθρώπῳ

274 1636 336 1697 δι
378 1641 585 1717 ἔπρεπε,
634 1643 772 1695 κατά
818 1645 914 1703 τὴν
961 1642 1224 1716 ἐναλογίαν
1267 1652 1362 1708 τῆς
1415 1647 1546 1721 πρὸς
1590 1646 1721 1697 Θεὸν
1752 1641 1879 1715 ἀγοί-

272 1747 397 1802 της,
474 1730 910 1807 παρηλλαγμένας
969 1741 1070 1786 τῶν
1132 1731 1337 1805 ἀγαθῶν
1416 1736 1512 1797 τὰς
1582 1729 1878 1795 ἀντιδόσεις

271 1815 553 1895 ὑπάρχειν.
613 1821 679 1873 Δὶ
738 1817 797 1874 δι
843 1821 899 1874 ἐκ
919 1825 1115 1893 τέχνης
1136 1818 1501 1888 ἓπιτηδεύσεις
1531 1821 1792 1896 ἀσχολίας
1816 1822 1876 1874 ἂν
1907 1827 1948 1883 Β

272 1906 502 1982 ἒνένοντο
557 1908 814 1985 πρόξενοι·
874 1910 902 1964 ὃ
946 1910 1181 1985 μάλιστα
1236 1916 1452 1986 φευκτὸν
1505 1921 1566 1972 ῆν
1592 1914 1662 1976 ὡς
1692 1910 1878 1987 βλαϐεο

270 2002 359 2075 ρὸν
405 2008 479 2072 τῷ
536 1998 812 2076 ἀνθρώπῳ.
866 2006 953 2056 Διὸ
1018 2007 1109 2056 καὶ
1159 2005 1186 2058 ὁ
1231 2006 1440 2078 Κύριος,
1495 2004 1568 2068 εἰς
1595 2008 1690 2063 τὴν
1722 2003 1770 2056 ἐν
1804 2010 1876 2074 τῷ

271 2086 581 2163 παραδείσῳ
630 2090 763 2152 ζωὴν
807 2092 946 2165 ἡμᾶς
994 2089 1427 2167 ἀνακαλούμενος,
1505 2092 1737 2147 ἐκϐάλλει
1781 2096 1875 2153 τήν

272 2181 522 2254 μέριμναν
586 2186 685 2232 τῶν
728 2180 1142 2254 ψυχῶν,λίγων·
1190 2187 1274 2241 Μὴ
1326 2189 1604 2259 μεριμνᾶτε
1643 2181 1761 2255 (77)
1810 2190 1872 2255 τῇ

271 2266 427 2341 ψυχῇ
482 2269 644 2340 ὑμῶν,
676 2273 728 2321 τί
776 2270 993 2342 φάγητεη
1053 2267 1192 2344 μηδὲ
1230 2280 1301 2343 τῷ
1352 2290 1559 2345 σῳματι
1611 2274 1774 2345 ὑμῶν,
1821 2275 1876 2324 τί

275 2354 588 2417 ἕνδύσησθε.
650 2363 785 2413 Οὔτε
835 2355 922 2413 οὖν
970 2360 1031 2415 ἐκ
1083 2364 1285 2434 φὺσεως
1327 2365 1538 2437 ἔπρεπεν
1568 2362 1709 2433 αὐτῷ
1734 2365 1876 2435 ἔχειν

274 2449 342 2501 τὰ
410 2452 780 2522 σκεπάσματα,
858 2453 977 2503 οὔτε
1045 2450 1100 2503 εκ
1174 2456 1388 2524 τέχνης·
1446 2450 1554 2505 ἀλλ’
1609 2453 1759 2527 ἔτερα
1814 2448 1876 2511 ἦν

278 2534 683 2612 ηὐτρεπισμένα,
739 2534 1112 2613 ἕπιδιιξαμένῳ
1163 2546 1258 2600 τὴν
1311 2539 1639 2615 ἀρετὴν,·τά
1685 2540 1739 2595 ix
1782 2549 1879 2605 τῆς

278 2633 370 2681 τοῦ
411 2632 541 2682 Θεοῦ
590 2629 816 2702 χάριτος
864 2626 1097 2682 ἐπανθεῖν
1145 2638 1218 2701 τῷ
1273 2629 1547 2706 ἀνθρώπῳ,
1601 2636 1685 2683 καὶ
1736 2650 1879 2707 περι-

278 2718 594 2792 αστράπτειν
638 2716 887 2791 μέλλοντα
934 2726 1204 2791 φωτιιναϊς
1254 2739 1367 2774 τισι
1404 2720 1702 2796 περιϐολαῖς
1747 2722 1875 2794 (78),

276 2807 457 2863 ὁποῖαι
501 2809 557 2859 αἱ
604 2815 705 2860 τῶν
755 2806 1008 2880 ἀγγέλων,
1053 2810 1179 2883 ὑπὲρ
1237 2814 1333 2868 τὴν
1388 2817 1489 2862 τῶν
1548 2808 1736 2865 ἀνθέων
1765 2830 1880 2864 ποι-

277 2895 468 2964 κιλίαν,
519 2896 644 2971 ὑπὲρ
696 2901 787 2955 τὴν
838 2904 939 2950 τῶν
993 2895 1223 2973 ἀστέρων
1252 2896 1584 2973 φαιδρότητα
1611 2906 1701 2953 καὶ
1727 2900 1877 2953 στιλ-

254 2983 498 3044 ’ϐὀτητα.
531 2988 624 3040 Διά
655 2992 809 3039 τοῦτο
834 2982 1048 3045 οὖνούκ
1077 2988 1232 3051 εὐθὺς
1276 2991 1415 3060 αὐτῷ
1468 2992 1536 3042 τά
1587 2986 1875 3063 ἐνδύματα,

280 3070 460 3134 ἕπειδὴ
524 3068 656 3129 ἆθλα
740 3073 801 3136 ἦν
855 3072 1044 3152 ἀρετῆς
1111 3076 1424 3152 ἀποκείμενα
1469 3087 1542 3150 τῷ
1602 3077 1876 3154 ἀνθρώπῳ,

1991 575 2096 616 eos
2117 577 2243 617 non
2262 565 2578 633 agnovisse
2599 566 2956 630 nuditatem,
2985 582 3060 623 ne
3084 584 3256 627 mens
3277 571 3543 629 hominis
3569 572 3653 630 ad

1989 650 2401 723 supplendum
2413 655 2582 727 quod
2601 655 2827 727 deerat,
2851 657 3308 732 distraheretur,
3332 662 3654 720 indumen-

1991 742 2049 796 ta
2070 740 2481 816 nuditatisque
2500 744 2713 801 solatia
2736 744 2852 804 sibi
2876 749 3250 822 excogitans,
3286 755 3344 807 et
3372 767 3449 807 ne
3488 756 3653 809 totus

1988 830 2188 887 carnis
2242 847 2402 889 curae
2428 833 2819 904 incumbens,
2853 852 2890 893 a
2920 839 3209 897 continua
3241 841 3343 897 Dei
3389 844 3654 899 contem-

1989 919 2255 994 platione
2298 929 2679 983 avocaretur.
2713 928 2828 983 Cur
2864 932 3068 985 autem
3108 945 3232 986 non
3268 931 3470 988 statim
3523 945 3657 988 una-

1989 1025 2130 1068 eum
2148 1010 2282 1085 ipso
2313 1013 2672 1073 indumenta
2699 1015 2879 1073 etiam
2902 1023 3249 1077 constructa
3288 1025 3427 1077 sunt
3448 1019 3476 1075 ?
3496 1023 3651 1088 Quos

1986 1100 2153 1158 niam
2182 1118 2381 1176 neque
2408 1106 2709 1163 naturalia
2738 1123 2809 1164 ea
2836 1123 2969 1166 esse
2994 1110 3417 1180 conveniebat,
3451 1126 3654 1184 neque

1988 1206 2063 1247 ex
2092 1195 2236 1251 arte.
2261 1196 2407 1250 Nam
2440 1194 2741 1253 naturalia
2767 1196 3085 1255 brutorum
3107 1199 3461 1256 animalium
3511 1203 3655 1258 sunt

1986 1282 2259 1355 propria,
2299 1283 2460 1341 velut
2507 1300 2744 1357 pennas,
2791 1287 2918 1359 pili,
2963 1287 3148 1360 pelles
3195 1304 3438 1355 crassae,
3470 1290 3556 1347 sic
3588 1292 3654 1347 ut

1985 1370 2247 1429 hiemem
2268 1387 2491 1443 arcere,
2513 1378 2571 1430 et
2597 1379 2812 1431 uastum
2850 1375 3001 1432 ferre
3024 1378 3280 1450 possint.
3314 1382 3377 1434 In
3417 1378 3640 1451 quibus

1987 1459 2242 1521 alterum
2266 1461 2345 1518 ab
2378 1461 2564 1519 altero
2591 1461 2740 1519 nihil
2760 1463 2980 1534 differt,
3011 1481 3151 1522 cum
3179 1482 3293 1539 par
3311 1470 3368 1523 et
3397 1467 3653 1541 {aqualis

1985 1552 2205 1606 natura
2226 1550 2371 1607 insit
2389 1551 2678 1608 omnibus
2703 1571 2714 1609 :
2741 1554 2847 1609 sed
2868 1554 3099 1611 homini
3131 1571 3241 1628 pro
3267 1556 3500 1613 ratione
3525 1571 3651 1612 sum

1986 1638 2048 1695 in
2093 1640 2282 1695 Deum
2347 1639 2684 1698 dilectionis
2738 1642 2986 1699 retribui
3025 1643 3280 1701 decebat
3299 1644 3465 1701 bona
3502 1660 3650 1718 praev

1987 1728 2297 1787 stantiora.
2341 1732 2567 1787 Rursus
2610 1731 2831 1788 artium
2883 1732 3084 1789 studia
3125 1734 3382 1803 negotiis
3432 1749 3649 1791 ansam

1986 1815 2299 1874 dedissent
2336 1823 2392 1873 et
2431 1818 2850 1876 occasionem:
2884 1820 3050 1893 quod
3106 1822 3371 1879 maxime
3409 1822 3651 1891 fugien-

1986 1906 2134 1963 dum
2163 1911 2311 1977 erat,
2333 1912 2399 1965 ut
2426 1907 2659 1964 homini
2682 1909 3024 1968 exitiosum.
3049 1912 3246 1977 Quare
3268 1915 3324 1969 et
3356 1910 3651 1968 Dominus

1984 2010 2098 2052 nos
2127 1995 2207 2052 ad
2236 1996 2510 2069 paradisi
2539 1997 2724 2055 vitam
2749 2013 3067 2064 revocans,
3100 2015 3174 2058 ex
3206 1999 3411 2057 animo
3438 2016 3650 2057 curam

1987 2100 2058 2142 ac
2096 2084 2561 2143 sollicitudinem
2583 2087 2846 2160 expellit,
2868 2088 2961 2144 his
2992 2088 3230 2146 verbis:
3264 2090 3352 2148 Ne
3399 2089 3651 2147 solliciti

1984 2177 2113 2232 sitis
2124 2177 2346 2233 animus
2364 2181 2597 2245 vestrm,
2610 2177 2756 2249 quid
2766 2177 3143 2235 manducetis
3164 2197 3177 2247 ;
3192 2194 3384 2250 neque
3403 2178 3654 2249 corpori

1985 2270 2204 2333 vestro,
2247 2265 2395 2337 quid
2414 2265 2762 2323 induamini
2772 2268 2841 2321 ".
2866 2266 3070 2339 Neque
3091 2267 3272 2338 igitur
3297 2284 3369 2324 ex
3405 2272 3647 2332 natura.

1985 2368 2183 2427 neque
2211 2369 2285 2410 ex
2316 2358 2441 2410 arte
2463 2353 2690 2410 habere
2721 2369 2860 2412 eum
2877 2356 3523 2427 tegumentadecebat:
3544 2356 3653 2415 sed

1985 2443 2267 2502 virtutem
2287 2443 2337 2499 si
2366 2444 2753 2512 ostendisset,
2783 2449 3081 2518 apparata
3103 2450 3275 2502 erant
3300 2445 3436 2515 alia,
3459 2446 3521 2503 in
3542 2446 3649 2504 hov

1986 2534 2156 2591 mine
2182 2549 2253 2589 ex
2281 2533 2668 2601 Deimunere,
2691 2536 3048 2603 emicatura,
3072 2539 3129 2593 et
3151 2534 3353 2591 lucido
3377 2534 3652 2609 quodam

1988 2621 2173 2691 cultu,
2198 2621 2396 2695 qualis
2421 2623 2779 2693 angelorum
2812 2628 2920 2691 est,
2960 2629 3377 2695 coruscatura,
3424 2624 3651 2681 ﬂorum

1985 2715 2359 2782 varietatem,
2407 2712 2842 2786 stellarumque
2884 2713 3218 2771 claritatem
3249 2719 3313 2770 ut
3352 2714 3652 2785 fulgorem

1987 2805 2368 2875 superatura.
2394 2801 2576 2873 Igitur
2604 2817 2729 2859 non
2751 2804 2804 2858 ei
2830 2802 2994 2858 fuere
3035 2804 3236 2859 statim
3266 2804 3414 2859 data
3460 2803 3648 2860 indu-

1987 2895 2211 2960 menta,
2242 2891 2411 2965 quod
2429 2892 2667 2949 virtutis
2706 2892 2962 2965 praemia
2990 2899 3187 2950 essent
3219 2893 3450 2950 homini
3478 2908 3653 2967 repo-

1993 2983 2107 3039 sita
2126 2997 2294 3055 ;quee
2320 2981 2611 3054 consequi
2627 2981 2857 3038 diaboli
2881 2982 3117 3038 insidiae
3141 2999 3265 3039 non
3285 2983 3496 3039 sivere.
3516 2983 3652 3039 Dia-

1987 3071 2163 3130 bolus
2187 3069 2368 3141 igitur
2393 3070 2779 3127 adversarius
2800 3076 3008 3128 noster
3044 3076 3153 3140 est,
3177 3072 3257 3129 ob
3289 3088 3502 3130 casum
3533 3087 3651 3129 no-

278 3162 353 3226 εἰς
404 3163 440 3218 ἂ
484 3166 684 3238 φθάσαι
734 3166 836 3220 ὑπὸ
886 3175 983 3230 τῆς
1038 3166 1283 3243 ἐπηρεὶας
1334 3187 1426 3223 του
1483 3165 1730 3223 διαϐόλου
1772 3169 1879 3245 οὐχ

1990 3160 2080 3217 bis
2109 3160 2255 3218 olim
2286 3175 2396 3234 per
2421 3160 2584 3216 illius
2604 3160 2860 3217 insidias
2889 3160 3222 3228 invectum,
3267 3161 3522 3219 Domino
3562 3161 3650 3218 lu-

278 3250 561 3329 ἕπετράπη.
624 3256 945 3328 Ἀγωνιστής
1003 3262 1174 3310 τοίνυν
1231 3259 1445 3317 ἕστηκεν
1493 3260 1618 3332 ἡμῖν
1647 3261 1672 3311 ὁ
1700 3256 1878 3313 διάϐο-

276 3343 363 3406 λος
414 3340 510 3397 διὰ
560 3347 619 3398 τὸ
659 3344 713 3409 ἐξ
760 3343 1002 3421 ἐπηρείας
1054 3347 1215 3401 πάλαι
1265 3352 1531 3422 γενόμενον
1580 3351 1704 3421 ἡμῖν
1743 3357 1879 3403 πτῶ-

278 3453 370 3507 μα,
420 3441 514 3487 τοῦ
566 3439 763 3509 Κυρίου
810 3440 1250 3508 οικονομήσαντος
1293 3439 1419 3510 ἡμῖν
1445 3442 1539 3496 τὴν
1565 3441 1696 3513 πρὸς
1722 3439 1877 3491 αὐτὸν

276 3523 465 3589 πάλην,
499 3524 633 3578 ὥστε
663 3520 757 3577 διά
780 3531 876 3587 τῆς
902 3525 1139 3587 ὑπακοῆς
1173 3524 1528 3580 ἀναπαλαῐσαι
1552 3530 1695 3600 ἡμᾶς
1743 3528 1874 3598 (79),

276 3616 368 3666 καὶ
450 3614 981 3687 καταστεφανωθῆναι
1045 3621 1137 3668 τοῦ
1215 3611 1506 3669 ἀντιδίκου.
1590 3616 1712 3669 Εἴθε
1787 3618 1879 3689 μὶν

275 3703 376 3776 γὰρ
435 3705 506 3774 μὴ
566 3699 783 3773 ἐγεγόνει
823 3697 1086 3768 διάϐολος,
1145 3701 1255 3754 ἀλλ’
1286 3702 1495 3780 ιὶμεινεν
1540 3702 1590 3756 ἐν
1616 3711 1678 3777 τῇ
1712 3703 1874 3772 τάξει,

278 3787 330 3842 ἂν
356 3789 389 3850 ἦ
421 3787 474 3852 ἐξ
528 3786 705 3864 ἀρχῆς
752 3787 954 3862 ἐτάχθη
1007 3793 1154 3866 παρὰ
1198 3799 1290 3843 τοῦ
1322 3791 1616 3867 ταξιάρχου
1647 3786 1874 3851 Ῑὲπειδὴ

278 3875 340 3933 δὲ
383 3884 586 3953 γέγονεν
637 3878 960 3949 ἀποστάτης,
1022 3880 1220 3955 ἐχθρὸς
1266 3884 1357 3955 μιν
1402 3888 1556 3949 Θεοῦ,
1587 3881 1780 3958 ἐχθρός
1820 3878 1879 3936 δε

276 3968 557 4044 ἀνθρώπων
603 3977 704 4025 τῶν
763 3971 881 4022 κατ’
930 3969 1102 4024 εἰκόνα
1167 3978 1303 4025 Θεοῦ
1354 3976 1700 4047 γεγενημένων
1760 3969 1880 4043 (διὰ

276 4065 429 4112 τοῦτο
481 4061 582 4134 γάρ
630 4057 742 4113 ἔστι
778 4061 1161 4135 μισάνθρωτος,
1211 4056 1350 4114 διότι
1422 4064 1513 4115 καὶ
1590 4063 1875 4136 θεομάχος·

277 4150 366 4199 καὶ
415 4155 561 4222 μισεῖ
600 4149 691 4221 μὶν
734 4150 875 4221 ἡμᾶς
912 4150 982 4213 ᾡς
1032 4153 1277 4222 κτήματα
1322 4155 1414 4202 τοῦ
1441 4154 1702 4203 Δεσπότου
1736 4150 1875 4222 (80),

278 4244 424 4311 μισεί
477 4233 537 4291 δε
601 4238 672 4301 ὡς
711 4240 1017 4311 ὁμοιώματα
1053 4244 1145 4292 τοῦ
1175 4239 1356 4308 Θεοϋ)’
1387 4245 1757 4314 σννεχρήσατο
1787 4237 1876 4293 οὖν

279 4326 440 4380 αὐτοῦ
492 4334 554 4401 τῇ
614 4331 841 4401 πονηρίᾳ
872 4326 944 4389 εἰς
960 4329 1248 4401 γυμνάσιον
1272 4336 1371 4381 τῶν
1394 4331 1653 4404 ἡμετέρων
1682 4328 1875 4402 ψυχῶν

279 4417 307 4469 ὁ
356 4413 527 4490 σοφῶς
580 4420 668 4469 καὶ
712 4425 1067 4491 προνοητικῶς
1114 4417 1394 4491 οἰκονομῶν
1450 4419 1517 4469 τά
1555 4416 1874 4495 ἀνθρώπινα,

280 4510 454 4583 ὥσπερ
517 4506 693 4581 ἰατρὸς
739 4514 811 4578 τῷ
854 4514 949 4570 τῆς
992 4503 1217 4579 ἐχίδνης
1264 4507 1322 4579 ἰῷ
1347 4507 1420 4570 εἰς
1442 4511 1712 4583 σωτηρίων
1745 4528 1878 4583 φαρ-

280 4598 459 4671 μάκων
498 4600 828 4655 κατασκευὴν
876 4594 1271 4669 ἀποχρώμενος.
1326 4600 1417 4657 Τίς
1470 4591 1558 4649 οὖν
1597 4597 1658 4670 ᾖν
1712 4598 1824 4668 (81)
1854 4598 1880 4650 ὁ

282 4684 525 4751 διάϐολος
556 4703 570 4755 ;
602 4690 691 4743 καὶ
725 4690 807 4750 τίς
842 4688 873 4746 ἡ
915 4686 1062 4752 τάξις
1094 4703 1110 4756 ;
1138 4691 1228 4741 καὶ
1268 4690 1321 4741 τί
1372 4689 1430 4740 τὸ
1490 4685 1696 4759 ἀξίωμα
1732 4704 1746 4754 ;
1792 4691 1884 4743 καὶ

279 4778 433 4830 πόθεν
473 4775 601 4839 ὅλως
651 4781 878 4838 Σατανᾶς
936 4778 1361 4850 προσηγόρευται
1408 4770 1526 4847 ¹(82)
1584 4792 1596 4843 ;
1653 4780 1883 4838 Σατανᾶς

280 4867 370 4938 μὲν
428 4860 535 4933 οὖν,
584 4862 677 4919 διὰ
732 4867 790 4917 τὸ
850 4862 1175 4918 ἀντικεῖσθαι
1230 4873 1303 4936 τῷ
1353 4862 1549 4936 ἀγαθῷ·
1610 4865 1745 4916 οὓτω
1782 4868 1880 4937 γὰρ

1324 4973 1393 5015 ως
1445 4952 1493 5006 ἐν
1546 4962 1663 5017 ταῖς
1727 4959 1883 5008 Βασι-

1908 4378 1950 4432 D

282 4959 528 5028 σημαίνει
584 4955 613 5012 ἡ
658 4957 794 5028 φωνὴ
845 4963 945 5006 τῶν
1002 4953 1271 5029 Ἐϐραίων,

352 5082 401 5117 ³⁸
432 5082 579 5137 Gen.
616 5095 699 5149 III,
730 5084 786 5137 7.
864 5080 910 5117 ³⁷
942 5079 1143 5138 Matth.
1174 5096 1256 5150 v1,
1296 5082 1388 5134 25.

354 5207 464 5280 (1'7)
518 5208 660 5280 Reg.
716 5204 951 5280 primu_s
1000 5209 1070 5278 μὴ
1100 5209 1475 5280 μεριμνήσητε.
1510 5203 1684 5263 Haud
1703 5203 1885 5276 longe

283 5273 454 5336 Colb.
475 5273 682 5337 tertius
716 5273 865 5350 ἕτερα
906 5273 968 5335 ἦν
994 5273 1134 5350 αὐτῷ
1163 5273 1569 5350 ᾖῦτρεπισριξνα.

354 5350 470 5417 (78)
495 5334 732 5405 Veteres
756 5334 1027 5420 quinque
1051 5334 1189 5420 libri
1210 5334 1352 5404 cum
1394 5334 1654 5403 editione
1680 5345 1881 5420 __Ilasil.

285 5425 524 5494 φωτειναί
547 5439 679 5484 τινες
698 5417 989 5494 περιϐολαί.
1015 5418 1126 5494 Alii
1147 5418 1272 5475 duo
1288 5434 1438 5494 mss.
1464 5435 1599 5494 cum
1623 5417 1885 5494 editione

285 5488 771 5564 Pal‘is._9mrstvaié
791 5510 904 5544 τισι
931 5488 1251 5564 περιϐολαῖς.
1280 5490 1506 5564 Statim.
1572 5493 1711 5564 Reg.
1770 5489 1886 5564 pri-

288 5579 427 5619 mus
463 5559 698 5638 ,ἀστέρων
744 5559 1068 5638 τερπνότητα
1096 5567 1187 5638 και
1207 5559 1544 5621 στιλϐότητα.
1566 5560 1731 5620 Colb.
1761 5559 1883 5638 pri-

287 5650 426 5692 mus
453 5632 682 5709 ἀστέρὼν
710 5632 1050 5717 reginarum.
1094 5635 1187 5716 Διά
1215 5639 1390 5715 τοῦτο,
1417 5638 1532 5691 etc.
1764 5632 1778 5651 ἶ

1988 3254 2150 3308 ctam
2175 3249 2353 3307 nobis
2400 3250 2691 3307 adversus
2729 3266 2870 3307 eum
2904 3251 3330 3322 constituente,
3359 3257 3424 3309 ut
3453 3252 3652 3308 redin-

1988 3344 2221 3411 tegrata
2248 3355 2358 3415 per
2393 3339 2781 3398 obedientem
2819 3340 3003 3409 lucta,
3036 3340 3111 3398 de
3148 3341 3397 3399 inimico
3436 3342 3654 3398 trium-

1985 3430 2267 3504 phemus.
2287 3429 2522 3487 Utinam
2547 3428 2797 3502 quidem
2818 3429 3011 3486 factus
3026 3445 3151 3486 non
3171 3430 3650 3499 essetdiaholus,

1988 3519 2096 3577 sed
2123 3519 2188 3577 in
2205 3535 2278 3576 eo
2303 3519 2441 3591 ipso
2482 3519 2716 3588 ordine,
2766 3520 2828 3576 in
2858 3535 2982 3592 quo
3012 3520 3208 3577 fuerat
3238 3520 3406 3578 initio
3439 3520 3519 3577 ab
3558 3535 3650 3576 or-

1986 3608 2261 3667 dinatore
2284 3607 2637 3677 collocatus,
2660 3609 3084 3665 remansisset!
3109 3611 3220 3667 Sed
3243 3616 3650 3690 posteaquam
3739 3654 3745 3659 .

1986 3694 2257 3756 desertor
2280 3696 2476 3754 factus
2506 3703 2615 3766 est,
2638 3700 2764 3755 tam
2780 3698 3083 3771 Deiquam
3099 3698 3420 3755 hominum
3442 3697 3550 3772 qui
3569 3695 3652 3755 ad

1988 3787 2092 3845 Dei
2117 3787 2446 3858 imaginem
2468 3787 2697 3844 conditi
2724 3792 2863 3844 sunt
2884 3788 3167 3844 inimicus
3191 3787 3321 3844 fuit.
3342 3791 3490 3845 Nam
3511 3787 3650 3843 ideo

1984 3876 2298 3934 hominem
2328 3875 2472 3933 odio
2489 3876 2896 3949 prosequitur,
2916 3876 3084 3949 quod
3105 3876 3297 3950 ipsius
3321 3876 3501 3932 etiam
3526 3875 3648 3931 Dei.

1987 3966 2234 4024 exsistat
2277 3964 2495 4024 hostis.
2530 3967 2595 4022 Et
2623 3965 2748 4022 odit
2777 3964 3025 4039 quidem
3055 3983 3163 4022 nos
3206 3970 3503 4039 tanquam
3535 3967 3652 4022 Do-

1984 4056 2134 4113 mini
2168 4055 2585 4113 haereditatem
2619 4072 2633 4112 :
2666 4054 2792 4112 odit
2814 4059 2871 4112 et
2886 4056 3530 4128 tanquamimaginem
3551 4054 3654 4112 Dei

1986 4152 2191 4219 Itaque
2208 4144 2450 4219 sapiens
2472 4143 2568 4201 ille
2592 4159 2663 4201 ac
2677 4144 2967 4217 providus
2988 4160 3191 4202 rerum
3238 4144 3465 4202 human
3476 4161 3652 4201 arum

1988 4238 2337 4293 moderator
2355 4233 2910 4308 lmprobitateillius
2930 4238 2988 4291 et
3010 4235 3248 4292 animas
3271 4239 3508 4291 nostras
3531 4234 3647 4306 82

1987 4325 2359 4383 exercendas
2405 4340 2555 4381 usus
2607 4327 2717 4392 est,
2767 4323 3015 4397 perinde
3045 4329 3228 4397 atquc
3262 4324 3534 4381 medicus
3564 4324 3653 4379 vi-

1989 4433 2149 4493 perae
2173 4429 2476 4472 venenum
2495 4413 2575 4469 ad
2594 4412 2883 4470 salutaria
2904 4413 3181 4486 paranda
3203 4413 3535 4485 pharmaca
3549 4412 3655 4468 ad-

1990 4504 2174 4562 hibet.
2223 4502 2367 4569 Quis
2414 4501 2594 4572 igitur
2651 4507 2779 4559 erat
2827 4501 3241 4557 diabolus?et
3294 4502 3430 4574 quis
3460 4501 3652 4574 ipsius

1989 4593 2141 4652 ordo
2170 4594 2199 4650 ?
2220 4596 2277 4649 et
2301 4608 2439 4665 quae
2473 4590 2742 4662 dignitas
2768 4591 2797 4648 ’ἲ
2818 4596 2874 4646 et
2915 4590 3078 4645 unde
3128 4593 3332 4646 tamen
3391 4592 3649 4647 Satanas

1991 4682 2334 4759 appellatus
2362 4685 2451 4737 est
2478 4681 2504 4741 ?
2527 4683 2781 4739 Satanas
2803 4683 2930 4736 erat
2951 4679 3224 4753 quidem,
3248 4679 3415 4751 quod
3440 4679 3652 4735 adver-

1992 4777 2157 4832 satur
2185 4771 2368 4828 bono.
2399 4772 2517 4827 Hoc
2549 4768 2711 4829 enim
2753 4768 3051 4839 signiﬁcat
3087 4784 3201 4824 vox
3233 4767 3545 4837 Hebraica,
3590 4772 3656 4824 ut

1992 4882 2075 4921 ex-
2095 4867 2438 4933 Regnorum
2467 4859 2633 4916 libris
2679 4860 3007 4916 didicimus
3040 4875 3052 4913 :
3091 4859 3416 4914 Suscitavit
3471 4859 3651 4927 enim,

1992 4952 2207 5028 inquit,
2226 4954 2521 5008 Dominus
2545 4950 2859 5008 Salomoni
2877 4950 3088 5020 Salan,
3131 4946 3298 5005 Ader
3317 4961 3507 5019 regem
3540 4946 3654 5017 Sy-

2064 5202 2176 5275 (79)
2209 5201 2386 5260 Colb.
2441 5200 2964 5275 primtl8_tir_ra_zxoﬁ;
2997 5198 3297 5275 ἀναπλασαι
3319 5199 3491 5275 imas.
3524 5199 3656 5275 Mox

1993 5267 2224 5345 aliquot
2249 5290 2398 5330 mss.
2427 5267 2572 5335 τάξει
2600 5271 2649 5324 ἐν
2679 5272 2733 5345 ᾗ.
2770 5271 2917 5329 Illud
2942 5269 2991 5322 ἐν
3041 5287 3077 5327 a
3106 5267 3380 5345 vulgatis
3419 5267 3652 5345 aberat.

2068 5338 2176 5414 (80)
2201 5344 2352 5402 Editi
2384 5338 2784 5417 enimio-uarroi
2817 5345 3100 5397 Δεσπότου.
3131 5338 3275 5417 Reg.
3347 5338 3656 5417 secundus

1991 5409 2377 5488 ὡς’κτίσματα.
2412 5414 2523 5488 Alii
2582 5409 2854 5487 quinque
2918 5429 3092 5488 mss.
3124 5409 3377 5488 _sifuon
3425 5409 3655 5483 plures,

1990 5484 2252 5555 κτήματα.
2291 5487 2498 5543 Statim
2537 5484 2684 5543 mss.
2712 5484 2988 5543 nonnulli
3018 5484 3374 5555 disiectum.

2056 5510 2084 5548 η
2134 5510 2252 5543 ατα.
2291 5510 2498 5543 atauus
2537 5510 2684 5543 mss.
2713 5510 2988 5543 uuuuuut
3018 5510 3087 5545 ως
3113 5510 3374 5555 υμυιωμα.

2056 5510 2167 5626 (:1)
2197 5559 2366 5625 Illud,
2410 5555 2494 5628 ἦν,
2521 5573 2594 5612 cx
2619 5555 2819 5615 multis
2851 5571 2998 5611 mss.
3025 5553 3399 5618 addidimus,

2062 5632 2174 5704 (8'2)
2214 5628 2382 5693 (ΞΟΠ).
2416 5628 2624 5687 tertius
2662 5628 3133 5703 προσαγορεύεται,
