4098 6412
421 316 520 373 351
1784 312 1844 370 S.
1888 314 2093 369 BASIL‘

2202 312 2421 369 lAGNI.

3688 314 3798 371 352

417 455 622 495 rerum
646 439 717 495 9⁸.
744 435 1027 495 Diabolus
1058 453 1221 505 vero,
1245 437 1413 511 quod
1441 437 1603 495 idem
1634 437 1864 512 peccati
1889 436 2080 494 nostri

2202 437 2355 498 λείαις
2405 440 2798 512 μεμαθήκαμεν
2874 436 3122 511 Εξήγειρε
3181 437 3308 511 γὰρ,
3376 440 3528 508 φησὶ,
3606 438 3800 511 Κύριος

417 527 659 599 adjutor
680 531 771 584 est
801 532 856 584 et
893 530 1231 595 accusator,
1265 527 1541 597 gaudens
1577 527 1825 599 quidem
1873 531 2081 583 nostro

416 616 684 687 interitu,
705 616 786 673 ob
807 632 882 673 ea
897 631 1042 679 vero
1055 616 1586 688 quas'patravimus
1600 616 1924 673 traducens
1944 631 2078 672 nos.

418 707 713 762 Caeterum
739 705 1115 776 naturaejus
1143 704 1501 777 incorporea
1553 711 1665 772 est,
1712 706 1886 776 juxta
1926 710 2082 777 Apo-

419 794 642 851 stolum
667 794 966 851 dicentem
995 812 1008 850 :
1043 793 1179 850 Non
1193 799 1278 851 est
1299 794 1468 851 nobis
1485 795 1837 852 colluctatio
1873 793 2084 850 advm

417 901 520 941 sus
533 886 891 956 sanguinem
911 891 963 942 et
979 899 1243 955 carnem,
1264 885 1368 941 sed
1388 892 1602 941 contra
1615 886 1970 955 spiritualia
1984 899 2087 941 ne-

416 976 614 1046 quitia
634 976 706 1030 99.
728 974 992 1044 Dignitas
1010 990 1156 1031 vero
1181 979 1270 1030 est
1297 974 1688 1047 imperatoria
1714 991 1728 1030 :
1751 973 1895 1030 dicit
1910 989 2084 1030 nam-

419 1079 559 1136 que,
591 1064 897 1120 Adversus
915 1064 1316 1134 principatus,
1349 1069 1404 1119 et
1418 1069 1759 1133 potestates,
1787 1068 1842 1120 et
1871 1062 2085 1119 mundi

419 1157 681 1210 rectores
709 1153 1092 1209 tenebrarum
1125 1154 1403 1209 harum‘.
1434 1154 1621 1208 Locus
1646 1156 1847 1209 autem
1870 1151 2085 1224 princi-

417 1245 599 1315 patus
633 1241 783 1298 situs
807 1245 897 1297 est
920 1241 981 1296 in
1002 1255 1138 1297 aere
1166 1241 1340 1297 sicuti
1377 1240 1541 1296 idem
1572 1241 1654 1297 ait
1686 1260 1698 1296 :
1748 1240 2084 1297 Secundum

411 1332 753 1401 principem
772 1331 1084 1400 potestatis
1105 1333 1283 1395 aeris,
1302 1332 1557 1399 spiritus
1578 1332 1683 1403 qui
1701 1346 1865 1387 nunc
1881 1346 2085 1400 opera-

415 1425 521 1474 tur
548 1421 612 1476 in
639 1421 786 1488 ﬁliis
820 1420 1241 1477 inobedientiae
1271 1421 1313 1487 ³,
1339 1419 1565 1476 Idcirco
1594 1419 1812 1476 mundi
1838 1434 2085 1493 quoque

420 1507 705 1580 princeps
731 1508 968 1576 dicitur,
1000 1507 1168 1581 quod
1189 1508 1417 1565 circum
1443 1508 1655 1564 orbem
1678 1513 1976 1565 terrarum
1998 1510 2089 1564 est

415 1595 608 1666 ipsius
636 1596 1034 1669 principatus.
1069 1598 1150 1654 Ita
1176 1613 1422 1671 quoque
1449 1597 1740 1654 Dominus
1768 1596 2036 1670 loquitur
2068 1613 2083 1653 :

417 1686 906 1757 Nuncjudicium
921 1692 1005 1743 est
1018 1688 1236 1743 mundi
1246 1687 1617 1758 hujus,nunc
1624 1688 1907 1758 princeps
1919 1702 2089 1743 mun-

2192 535 2264 598 τῷ
2341 528 2628 601 Σολομῶντι
2683 534 2868 592 Σατᾶν,
2925 522 3088 600 ’Ἄδερ
3137 529 3223 579 τὸν
3274 524 3501 599 puerilia:
3556 534 3655 579 τῶν
3704 531 3800 581 Σύ-

2191 634 2313 691 ρων’
2373 613 2614 679 διάϐολος
2659 618 2770 689 (83)
2816 613 2895 683 δὲ,
2952 611 3131 674 ἐπειδὴ
3188 616 3215 667 6
3250 615 3407 676 αὐτὸς
3431 619 3522 668 καὶ
3551 620 3799 690 συνεργὸς

2191 714 2288 766 τῆς
2329 706 2591 779 ἁμαρτίας
2641 709 2787 779 ἡμῶν
2838 708 2924 757 καὶ
2987 710 3283 778 κατήγορος
3318 709 3535 776 γίνεται·
3589 709 3798 780 χαίρων

2192 797 2282 867 μὲν
2336 795 2473 866 (83')
2513 797 2658 867 ἡμῶν
2707 793 2954 866 ἀπωλείᾳ,
2999 791 3499 869 παραδειγματίζων
3551 790 3611 847 δὲ
3656 796 3798 867 ἡμᾶς

2194 881 2277 937 ἐπὶ
2326 891 2436 946 τοῖς
2479 887 2878 959 πεπραγμένοις.
2940 885 3102 945 Φύσις
3164 879 3223 937 δι
3270 883 3430 937 αὐτοῦ
3493 881 3792 955 ἀσώματος,

2192 974 2328 1026 κατὰ
2373 977 2459 1025 τὸν
2500 972 2836 1041 Ἀπόστολον,
2890 974 2976 1025 τὸν
3021 972 3247 1025 εἰπόντα·
3297 971 3408 1024 Οὐκ
3436 974 3579 1025 ἔστιν
3608 973 3731 1044 ἡμῖν
3760 973 3793 1032 ἡ

2192 1062 2330 1121 πάλη
2395 1066 2524 1137 πρὸς
2583 1064 2715 1136 αἷμα
2777 1066 2865 1114 καὶ
2922 1064 3113 1135 σάρκα,
3173 1060 3303 1114 ἀλλὰ
3356 1065 3489 1137 πρὸς
3544 1063 3613 1114 τὰ
3648 1080 3799 1114 πνευ-

2195 1153 2393 1226 ματικὰ
2455 1161 2550 1215 τῆς
2616 1156 2888 1227 πονηρίας.
2947 1150 3180 1225 Ἀξίωμα
3232 1148 3291 1204 δὲ
3355 1149 3603 1226 ἀρχικόνο
3663 1154 3801 1225 Πρὸς

2194 1244 2295 1316 γὰρ
2344 1245 2439 1305 τὰς
2491 1240 2686 1315 ἀρχὰς,
2730 1246 2881 1314 φησὶ,
2931 1245 3021 1293 καὶ
3077 1242 3172 1302 τὰς
3223 1239 3482 1307 ἐξουσίας,
3542 1243 3630 1292 καὶ
3676 1244 3800 1302 τοὺς

2194 1334 2625 1407 κοσμοκράτορας
2674 1339 2767 1384 τοῦ
2836 1334 3055 1392 σκότους
3108 1331 3317 1385 τούτου.
3376 1333 3545 1392 Τόπος
3600 1326 3659 1382 δὲ
3701 1336 3800 1391 τῆς

2196 1419 2373 1495 ἀρχῆς
2438 1423 2464 1474 ὀ
2512 1419 2755 1495 ἐναέριος,
2851 1422 2921 1482 ὡς
2976 1439 3133 1493 φησιν
3185 1420 3211 1472 6
3267 1418 3443 1480 αὐτός’
3502 1420 3649 1471 Κατὰ
3711 1420 3800 1471 τὸν

2197 1512 2436 1585 ἄρχοντα
2496 1519 2604 1581 ,τῆς
2685 1508 2922 1573 ἐξουσίας
2973 1517 3064 1563 τοῦ
3130 1506 3301 1583 ἀέρος,
3354 1514 3446 1561 τοῦ
3511 1508 3801 1580 πνεύματος

2196 1608 2289 1653 τοῦ
2344 1606 2433 1652 νῦν
2490 1598 2809 1673 ἐνεργοῦντος
2872 1598 2924 1651 ἕν
2987 1605 3097 1661 τοῖς
3170 1600 3300 1660 νίοἰς
3364 1606 3459 1660 τῆς
3498 1594 3791 1660 ἀπειθείας.

2201 1691 2296 1742 Διά
2374 1696 2527 1742 τοῦτο
2603 1692 2692 1742 καὶ
2770 1692 2973 1761 σόσμου
3048 1688 3230 1762 ἄρχων
3303 1686 3538 1759 λέγεται,
3582 1681 3798 1745 ,ἔπειδή

419 1776 485 1832 di
520 1776 704 1846 hujus
757 1778 1220 1848 ejicielurforas
1243 1777 1286 1831 ³.
1320 1778 1388 1833 Et
1415 1793 1662 1833 rursus:
1716 1777 1883 1833 Venit
1921 1777 2090 1847 prin-

2202 1783 2456 1852 περίγειος
2505 1777 2667 1835 αὐτοῦ
2728 1776 2869 1833 ἔστιν
2924 1779 2954 1837 ἡ
3015 1775 3185 1851 ἁρχη.
3236 1780 3338 1833 Καὶ
3368 1776 3532 1839 οὕτως
3571 1772 3732 1848 φηδὶν
3773 1775 3801 1829 ὁ

421 1880 557 1935 ceps
575 1866 791 1923 mundi
802 1865 981 1937 hujus
996 1872 1050 1923 et
1079 1867 1143 1922 in
1163 1880 1388 1924 menon
1402 1867 1665 1923 inveniet
1690 1867 2021 1938 quidquam
2043 1868 2087 1922 ‘.

2204 1871 2413 1941 Κύριος·
2460 1875 2568 1922 Νῦν
2611 1872 2782 1943 κρίσις
2843 1866 2957 1923 ἐστὶ
3023 1874 3115 1920 τοῦ
3167 1869 3373 1939 κόσμου
3444 1865 3654 1932 τούτου,
3713 1870 3803 1917 νῦν

423 1955 450 2007 6
481 1955 665 2028 ἄρχων
706 1963 801 2008 τοῦ
853 1961 1056 2028 κόσμον
1104 1957 1290 2009 τούτου
1339 1954 1719 2015 ἐκϐληθήσεται
1760 1955 1867 2027 (84)
1909 1955 2028 2019 ἐξω.
2062 1959 2163 2009 Καὶ
2205 1956 2379 2010 πάλιν*
2423 1956 2681 2031 Ἔρχεται
2724 1957 2750 2010 6
2789 1957 2973 2031 ἅρχων
3010 1962 3103 2009 τοῦ
3141 1958 3345 2028 κόσμου
3375 1954 3583 2020 τούτου,
3624 1956 3715 2005 καὶ
3753 1949 3803 2004 ἐν

433 2041 549 2115 ἐμοὶ
581 2044 792 2118 εὑρήσει
821 2040 993 2111 οὐδὲν,

501 2131 593 2189 10.
619 2132 915 2197 Quoniam
942 2138 1146 2190 autem
1171 2134 1248 2189 de
1292 2133 1559 2189 exercitu
1589 2131 1818 2191 diaboli
1863 2132 2095 2190 dictum

430 2225 547 2278 est:
574 2222 945 2291 Spiritualia
963 2227 1103 2279 sunt
1124 2222 1411 2295 nequitia?
1437 2223 1500 2279 in
1522 2223 1855 2280 coelestibus
1872 2223 1917 2293 ⁸,
1942 2221 2093 2279 scire

427 2325 630 2383 operae
675 2311 937 2383 pretium
983 2317 1070 2368 est
1122 2327 1349 2382 aerem,
1381 2315 1446 2368 ut
1491 2328 1625 2369 mos
1656 2317 1768 2379 est,
1802 2311 2026 2369 coelum
2055 2326 2094 2369 a

426 2400 735 2473 Scriptura
766 2402 988 2458 vocari.
1020 2400 1290 2474 Exempli
1320 2417 1507 2458 causa
1536 2420 1548 2458 :
1587 2402 1864 2459 Volatilia
1888 2402 2025 2458 caeli
2045 2403 2090 2471 ⁵,

426 2492 502 2556 et,
535 2489 884 2545 Ascendunt
906 2506 1093 2562 usque
1112 2490 1195 2547 ad
1222 2492 1398 2547 caelos
1418 2492 1437 2526 ⁷
1467 2490 1621 2548 :hoc
1642 2495 1751 2558 est,
1793 2490 1857 2546 in
1888 2505 2093 2547 aerem

426 2576 545 2634 alte
573 2577 987 2635 sustolluntur.
1022 2582 1167 2635 Eam
1192 2579 1272 2636 ob
1302 2595 1554 2636 causam
1577 2584 1634 2636 et
1666 2578 1956 2636 Dominus
1988 2578 2094 2635 Sa-

416 2670 636 2723 tanam
662 2667 808 2723 vidit
838 2669 993 2724 sicut
1017 2670 1239 2741 fulgur
1266 2668 1340 2726 a'e
1377 2670 1525 2726 caelo
1556 2669 1863 2726 cadentem
1884 2669 1903 2703 ⁷
1935 2685 1949 2725 :
1976 2668 2093 2725 hoc

430 2760 540 2824 est,
593 2772 665 2813 ex
718 2773 831 2813 suo
862 2757 1207 2831 principatu
1253 2758 1633 2831 prolapsum,
1668 2764 1725 2814 et
1752 2758 1814 2814 in
1840 2756 1977 2814 imis
2003 2756 2093 2829 ja-

432 2849 708 2914 centem;
743 2850 806 2901 ut
837 2846 916 2902 ab
941 2847 1013 2902 iis
1035 2847 1142 2920 qui
1172 2847 1234 2904 in
1264 2847 1500 2904 Christo
1534 2863 1709 2920 spem
1737 2852 2090 2920 reposuére,

2280 2137 2365 2193 10.
2398 2132 2608 2195 Ἐπειδή
2645 2132 2703 2189 δέ
2734 2138 2936 2210 εἴρηται
2964 2138 3197 2209 περὶτῆς
3228 2137 3482 2207 στρατιᾶς
3499 2138 3592 2185 τοῦ
3624 2127 3807 2184 διαϐό·

2202 2224 2313 2291 λου,
2385 2226 2467 2278 ὅτι
2541 2227 2872 2297 ΙΙνευματικά
2943 2222 3055 2277 ἐστι
3119 2230 3215 2285 τῆς
3271 2225 3523 2296 πονηρίας
3582 2219 3630 2273 ἓν
3695 2225 3805 2282 τοῖς

2203 2312 2548 2388 ἐπουρανίοις,
2613 2310 2809 2366 εἰδέναι
2864 2316 2993 2388 χρὴ,
3063 2313 3144 2366 ὄτι
3208 2311 3425 2386 οὐρανὸν
3479 2311 3717 2371 συνήθως
3768 2309 3800 2368 ἠ

2204 2408 2379 2478 Γραφὴ
2431 2405 2518 2455 τὸν
2573 2400 2700 2475 ἀέρα
2749 2401 2902 2474 λέγει,
2953 2403 3021 2464 ὡς
3078 2404 3157 2468 τὸ,
3211 2402 3290 2454 Τὰ
3338 2401 3548 2453 πετεινὰ
3574 2404 3667 2452 τοῦ
3715 2396 3806 2450 οὐ·

2201 2499 2378 2567 ρανοῦο
2451 2496 2543 2545 καὶ
2614 2495 2694 2559 τό,
2766 2489 3158 2543 Ἀναϐαίνουσιν
3241 2490 3333 2553 ἕως
3387 2496 3490 2542 τῶν
3552 2488 3804 2562 οὐρανῶν·

2200 2586 2491 2649 τουτέστιν,
2557 2580 2641 2634 ἐπὶ
2688 2579 2821 2634 πολὺ
2869 2588 2962 2634 τοῦ
3026 2579 3172 2654 ἀέρος
3203 2579 3486 2651 ὑψοῦνται.
3526 2578 3621 2631 Διὰ
3647 2583 3804 2631 τοῦτο

2203 2674 2291 2724 καὶ
2334 2672 2360 2723 6
2416 2673 2607 2745 Κύριος
2676 2666 2798 2723 Εἶδε
2868 2673 2955 2722 τὸν
3009 2674 3239 2723 Σατανᾶν
3286 2667 3355 2731 ὠς
3425 2667 3699 2742 ἀστραπήν
3751 2664 3805 2720 ἐκ

2202 2766 2295 2813 τοῦ
2334 2759 2554 2835 οὐρανοῦ
2606 2762 2853 2812 πεσόντα·
2915 2761 3178 2825 τουτέστι,
3237 2766 3333 2820 τῆς
3385 2756 3580 2818 οἰκείας
3627 2753 3805 2830 ἀρχῆς

2204 2848 2511 2915 ἐκπεσόντα,
2581 2852 2673 2901 καὶ
2744 2849 2886 2900 κάτω
2936 2851 3220 2920 γενόμενον,
3274 2847 3356 2899 ἵνα
3418 2852 3653 2905 πατῆται
3704 2844 3804 2896 ὑπὸ

433 2934 841 2993 conculcetur.
874 2915 1170 2992 Nimirum
1191 2935 1360 2993 dedit
1386 2915 1697 3009 discipulis
1742 2915 1868 2991 suis
1908 2934 2093 2991 virtu-

2202 2947 2302 2991 τῶν
2332 2938 2404 3002 εἰς
2433 2944 2664 3013 Χριστον
2695 2915 2988 2997 ἠλπικότων
3037 2915 3172 3008 (85).
3214 2931 3418 2990 Ἔδωκε
3445 2936 3545 3009 γὰρ
3585 2930 3827 3006 δύναμιν·

436 3028 554 3081 tem
572 3024 845 3083 calcandi
862 3041 1044 3098 super
1056 3031 1363 3098 serpentes
1379 3031 1434 3082 et
1451 3025 1823 3098 scorpiones,
1842 3030 1898 3082 et
1911 3039 2097 3097 super

436 3129 682 3171 omnem
714 3114 996 3172 virtutem
1018 3115 1246 3171 inimici
1266 3118 1309 3171 9.
1335 3115 1587 3173 Proinde
1611 3130 1750 3171 cum
1792 3113 2097 3185 ﬂagitiosa

435 3203 568 3273 ejus
599 3203 870 3276 tyrannis
901 3202 1093 3274 ejecta
1123 3203 1215 3268 sit,
1246 3203 1540 3276 locusque
1572 3207 1741 3259 terrae
1773 3202 2094 3274 circumje-

434 3307 580 3348 cens
606 3292 940 3349 mundatus
962 3292 1054 3363 sit,
1077 3309 1186 3365 per
1206 3292 1531 3350 salutarem
1552 3291 2094 3366 passionemillius,

431 3381 541 3455 qui
567 3380 911 3453 paciﬁcavit
940 3397 1078 3453 quae
1108 3386 1247 3438 sunt
1266 3398 1452 3455 super
1483 3386 1726 3453 terram,
1751 3385 1809 3437 et
1845 3397 1981 3454 quas
2032 3380 2095 3437 in

435 3469 598 3527 caelis
622 3470 691 3540 ¹⁰,
716 3473 844 3526 tum
866 3468 1116 3526 demum
1144 3485 1402 3540 regnum
1433 3470 1722 3527 caelorum
1747 3469 1923 3528 nobis
1946 3486 2099 3545 praa~

434 3557 688 3615 dicatur.
720 3557 954 3631 Quippe
965 3560 1227 3614 Joannes
1245 3558 1493 3631 quidem
1511 3559 1593 3615 ait
1613 3560 2096 3632 :Appropinqua-

434 3649 523 3705 vit
566 3663 820 3719 regnum
852 3649 1137 3705 caelorum
1162 3651 1245 3705 “z
1283 3648 1572 3706 Dominus
1615 3665 1759 3705 vero
1807 3649 2099 3722 praedicat

434 3737 662 3810 ubique
683 3736 1066 3807 evangelium
1088 3737 1278 3810 regni.
1297 3740 1494 3811 Atque
1514 3737 1694 3795 etiam
1713 3739 1881 3811 prius
1898 3738 2100 3810 angeli

436 3824 811 3891 clamabant,
846 3827 1058 3883 Gloria
1082 3828 1146 3882 in
1176 3827 1487 3883 altissimis
1527 3828 1668 3892 Deo,
1698 3832 1754 3885 et
1803 3829 1869 3882 in
1932 3832 2100 3885 terra

435 3928 564 3984 pax
588 3916 654 3970 ¹².
680 3917 746 3970 Et
764 3914 869 3987 qui
910 3914 972 3970 in
996 3914 1274 3985 ingressu
1296 3914 1530 3971 Domini
1551 3914 1814 3972 nostriin
1864 3917 2101 3971 Jerusa-

436 4002 560 4060 lem
591 4003 1001 4075 exsultabant,
1026 4003 1518 4060 vociferabantur
1546 4019 1791 4077 quoque
1815 4021 1829 4060 :
1851 4005 1991 4061 Pax
2037 4004 2100 4061 in

440 4092 622 4162 caelis,
654 4096 709 4148 et
735 4093 932 4162 gloria
959 4093 1022 4147 in
1053 4093 1364 4149 altissimis
1388 4094 1472 4149 η.
1506 4096 1572 4150 Et
1591 4093 1653 4150 in
1698 4109 1959 4158 summa,
2008 4094 2100 4150 in-

438 4195 710 4237 numerae
731 4180 1121 4253 suntepinicii
1138 4197 1341 4253 voces,
1367 4198 1503 4255 quas
1524 4181 2099 4241 inimiciextremam

2201 3035 2312 3091 τοῖς
2365 3027 2552 3081 ἑαυτοῦ
2605 3028 2869 3100 μαθηταῖς
2919 3032 3011 3079 τοῦ
3064 3032 3245 3078 πατεῖν
3298 3023 3466 3077 ἐπάνω
3514 3027 3670 3095 ὄφεων
3717 3026 3808 3075 καὶ

2204 3120 2485 3190 σκορπίων,
2544 3119 2636 3167 καὶ
2695 3114 2778 3167 ἐπὶ
2824 3120 2998 3168 πᾶσαν
3050 3117 3145 3172 τὴν
3196 3110 3421 3185 δύναμιν
3454 3119 3546 3164 τοῦ
3585 3110 3804 3185 ἐχθροῦ.

2201 3203 2342 3258 Ἐπεὶ
2392 3201 2480 3257 οὖν
2539 3203 2784 3267 ἐξεϐλήθη
2839 3204 2870 3261 ἡ
2920 3204 3125 3276 πονηρὰ
3184 3202 3347 3256 αὐτοῦ
3406 3203 3668 3275 τυραννὶς,
3716 3202 3806 3253 καὶ

2205 3295 2466 3368 ἐκαθάρθη
2531 3297 2641 3364 (86)
2689 3296 2715 3346 6
2772 3297 3031 3367 περίγειος
3084 3297 3243 3355 τόπος
3282 3289 3378 3347 διὰ
3405 3298 3496 3345 τοῦ
3546 3294 3808 3364 σωτηρίου

2203 3386 2423 3451 πάθους,
2482 3391 2574 3436 τοῦ
2610 3383 2999 3458 εἰρηνεύσαντος
3037 3384 3105 3435 τὰ
3150 3380 3237 3435 ἐπὶ
3288 3389 3383 3444 τῆς
3412 3389 3510 3454 γῆς
3556 3384 3645 3433 καὶ
3673 3378 3809 3433 τὰἐν

2203 3481 2314 3537 τοῖς
2361 3472 2620 3547 οὐρανοῖς,
2672 3475 2997 3545 κηρύσσεται
3061 3467 3186 3544 ἡμῖν
3241 3470 3420 3524 λοιπὸν
3478 3472 3507 3529 ἠ
3565 3467 3810 3543 βασιλεία

2202 3572 2306 3617 τῶν
2353 3563 2603 3636 οὐρανῶνθ
2676 3561 2915 3615 Ἰωάννου
2983 3563 3074 3634 μὶν
3144 3559 3399 3632 λέγοντος
3464 3558 3709 3630 Ἤγγικεν
3775 3559 3805 3616 ἡ

2208 3652 2457 3726 βασιλεία
2531 3658 2632 3703 τῶν
2694 3648 2943 3724 οὐρανῶνο
3026 3656 3119 3701 τοῦ
3174 3652 3361 3722 Κυρίον
3406 3642 3466 3700 δι
3532 3653 3809 3717 πανταχοῦ

2205 3745 2265 3795 τὸ
2312 3738 2633 3812 Εὐαγγέλιοῦ
2691 3748 2787 3801 τῆς
2844 3736 3120 3811 βασιλείας
3170 3739 3547 3810 κηρύσσοντος·
3602 3739 3693 3787 καὶ
3738 3737 3811 3786 ἔτι

2206 3834 2453 3905 πρότερον
2517 3835 2617 3880 τῶν
2676 3826 2903 3899 ἀγγέλων
2962 3824 3224 3899 βοώντων
3286 3825 3422 3888 Δόξα
3486 3824 3534 3877 ἐν
3566 3823 3811 3895 ὑψίστοις

2211 3926 2343 3989 Θεῷ,
2389 3915 2624 3969 καὶσὲπὶ
2678 3924 2779 3988 γῆς
2841 3914 3035 3989 εἰρήνηθ
3105 3918 3195 3966 καὶ
3252 3922 3352 3967 τῶν
3419 3912 3811 3985 ἁγαλλιωμένων

2209 4006 2290 4061 ἐπὶ
2324 4014 2385 4079 τῇ
2429 4006 2499 4068 εἰς
2528 4003 2869 4080 Ἰερουσαλὴμ
2913 4000 3106 4075 εἰσόδῳ
3149 4011 3241 4056 τοῦ
3298 4006 3493 4076 Κυρίου
3525 4004 3690 4075 ἡμῶν,
3722 4004 3812 4053 καὶ

2210 4098 2526 4170 κραζόντων
2628 4094 2822 4169 Εἰρήνη
2912 4093 2959 4146 ἑν
3041 4092 3298 4168 οὐρανοῖς,
3383 4096 3474 4144 καὶ
3558 4087 3689 4154 δόξα
3764 4091 3852 4142 έν-

2213 4184 2476 4257 ὑψίστοις.
2536 4187 2636 4237 Καὶ
2694 4183 2842 4250 ὅλως,
2902 4185 3089 4257 μυρίαι
3145 4182 3248 4234 εἰσὶ
3300 4188 3401 4233 τῶν
3454 4178 3714 4232 ἐπινικίων
3760 4179 3815 4231 αὶ

2628 4094 2822 4169 Εἰρήνη
2912 4093 2959 4146 ἑν
3041 4092 3298 4168 οὐρανοῖς,

437 4269 682 4326 ruinam
708 4274 1023 4340 testantur,
1048 4270 1344 4340 videlicet,
1375 4254 1539 4344 quod
1565 4270 1728 4327 lucta
1753 4270 1939 4338 nulla,
1961 4272 2093 4328 nul-

2216 4293 2398 4346 φωναι,
2452 4277 2547 4332 τήν
2598 4273 2666 4334 εἰς
2733 4271 2875 4334 τέλος
2932 4273 3236 4346 καθαίρεσιν
3284 4277 3376 4322 τοῦ
3426 4268 3621 4344 ἐχθροῦ
3678 4287 3814 4341 παρ’

437 4357 690 4431 lumque
717 4364 1019 4415 certamen
1046 4359 1303 4425 nobisin
1338 4359 1620 4432 supernis
1664 4360 1940 4433 supersit,
1986 4376 2099 4419 nec

442 4447 520 4504 sit
538 4448 1100 4521 quiresistatnobis,
1129 4454 1187 4506 et
1206 4452 1562 4506 avertatnos
1582 4448 1810 4506 abeata
1830 4449 1969 4506 vita:
1994 4451 2100 4508 sed

441 4536 632 4593 simus
644 4537 929 4611 deinceps
937 4538 1277 4609 jucundam
1290 4554 1362 4595 ac
1374 4537 1629 4594 hilarem
1653 4539 2100 4597 successionem

516 4682 563 4716 9⁸
595 4683 664 4737 ιιι
731 4684 874 4752 Reg.
935 4696 1016 4747 ιιι,
1064 4684 1148 4737 14.
1225 4682 1513 4752 “Ephes.
1559 4697 1634 4744 vr,
1691 4682 1778 4738 12.
1859 4682 2050 4740 ‘ibid.

443 4753 711 4823 r'Ephes.
764 4769 844 4817 v1,
904 4756 985 4807 l2.

446 4826 488 4863 “
524 4825 726 4882 Matth.
754 4839 836 4891 ιιι,
864 4827 920 4880 2.

516 4966 628 5035 (83)
659 4965 859 5035 Codex
887 4963 1063 5021 Coisl.
1097 4968 1153 5020 et
1183 4963 1306 5020 duo
1360 4965 1680 5022 Colbertini

1225 4683 1273 4754 υἷ’
1298 4681 1513 4754 Ephes.
1559 4697 1634 4744 vr,
1691 4681 1778 4738 12.

1065 4754 1087 4788 ⁸
1117 4753 1319 4810 Matth.
1342 4753 1356 4754 ί
1377 4768 1457 4821 v1,
1514 4756 1605 4809 26.

999 4826 1044 4860 ¹²
1078 4825 1216 4879 Luc.
1248 4840 1309 4891 ιι,
1346 4826 1432 4880 14.
1515 4825 1560 4860 ¹³
1593 4826 1731 4883 Luc.
1771 4842 1886 4898 XIX,
1918 4830 2025 4883 38..

1772 4971 1953 5020 ασιλέα
1999 4977 2099 5021 τῶν

468 5035 473 5038 ἢ
516 4966 628 5035 (83)
659 4966 859 5021 Codex
887 4966 1063 5021 Coisl.
1097 4968 1153 5020 et
1183 4966 1306 5020 duo
1360 4966 1680 5022 Colbertini
1730 4966 1953 5040 βασιλέα
1999 4977 2099 5021 τῶν

444 5037 735 5112 Ἀσσυρίων
780 5034 1043 5112 ᾂιάϐολος.
1083 5036 1204 5112 Alii
1253 5041 1527 5112 quatuor
1561 5053 1706 5093 mss.
1741 5044 1800 5094 et
1826 5043 2100 5112 _utraque

442 5106 626 5183 Sidi-UO
656 5106 882 5183 βαίῗίλέα
901 5110 1221 5183 τῶν,Σ”⁵Ρων·
1253 5106 1379 5183 Ῑῖηφ
1408 5107 1573 5164 Colb.
1617 5109 1944 5183 se9undus,
1997 5106 2101 5183 E111i

440 5178 628 5254 habet
655 5178 903 5254 quidem
930 5178 1129 5251 prima
1148 5180 1869 5254 manu_‘:taqu3tmv,habet
1895 5178 2101 5237 tam-en

441 5254 509 5325 e_t_
521 5248 655 5325 ipse
676 5248 951 5325 secunda
974 5266 1161 5325 manu
1192 5255 1248 5305 et
1278 5248 1753 5325 minutis'litteris
1778 5254 1968 5325 Σύρων.
2000 5255 2103 5308 Ba-

445 5319 631 5402 silius,
683 5320 851 5402 quod
893 5324 951 5376 et
987 5321 1137 5402 ipsis
1170 5321 1596 5402 summisviris
1626 5337 1749 5402 non
1781 5319 2103 5396 nunquam

442 5391 752 5460 contingit,
783 5391 1078 5447 memoria
1105 5392 1221 5448 hoc
1250 5392 1386 5448 loco
1417 5391 1608 5449 falsus
1633 5397 1723 5448 est
1754 5411 1768 5454 ;
1795 5391 2104 5450 cum‘con-

445 5465 558 5517 stet
586 5479 657 5517 ex
678 5461 784 5517 lib.
810 5466 893 5535 lll_
916 5465 1057 5532 Reg.
1083 5479 1168 5535 ιιι,
1200 5467 1290 5529 22,
1333 5462 1488 5519 Ader
1516 5479 1641 5519 non
1679 5464 1867 5519 fuisse
1896 5481 2101 5535 regem

449 5535 760 5610 Syrorum,
791 5533 899 5610 sed
916 5533 1281 5610 populorum
1311 5539 1481 5591 terrae
1507 5535 1715 5595 Edoni.
1738 5537 1934 5592 Ducaei
1957 5533 2104 5610 pra}.

448 5603 676 5661 claram
705 5603 1105 5675 notam'legas
1128 5604 1325 5675 velim,

2130 4685 2153 4719 ²
2186 4683 2406 4758 Ephes.
2460 4698 2526 4751 ιι,
2558 4685 2617 4737 2.

1680 4754 1699 4788 ⁷
1738 4753 1894 4811 Psal.
1953 4771 2063 4827 CVI,
2113 4758 2203 4811 26.

2216 4371 2461 4428 ιστῶσαι,
2524 4364 2591 4424 ὡς
2634 4357 2887 4434 οὐδεμιᾶς
2943 4359 3135 4425 πάλης,
3204 4355 3326 4411 οὐδὲ
3387 4356 3582 4430 ἀγῶνος
3627 4356 3675 4409 ἓν
3706 4363 3812 4419 τοῖς

2212 4452 2318 4505 ἄνω
2375 4448 2769 4523 ὑτολειποριένου
2813 4451 2958 4522 ἡμῖν,
3032 4445 3158 4503 ούδέ
3229 4467 3367 4510 τινος
3437 4446 3812 4519 ἀνθισταμένου

2214 4546 2305 4593 καὶ
2363 4544 2785 4616 παρατρέποντος
2833 4541 2972 4611 ἡμᾶς
3029 4547 3124 4600 τῆς
3177 4540 3439 4611 μακαρίας
3515 4534 3814 4602 ζωῆςνάλλ⁶

2701 4682 2724 4716 ⁸
2753 4682 2925 4737 Joan.
2967 4695 3070 4747 xu,
3126 4683 3215 4736 3t.

2822 4754 2843 4787 θ
2897 4749 3048 4807 ibid.
3114 4755 3199 4807 t9.

3294 4681 3315 4714 ‘
3345 4680 3515 4734 Joan.
3571 4693 3690 4745 xxv,
3722 4680 3810 4734 30.

2280 4749 2598 4821 3l..uc.'x,
2658 4756 2744 4809 18.
2822 4754 2843 4787 θ
2897 4749 3048 4807 ibid.
3114 4755 3199 4807 19.
3277 4752 3323 4787 ¹⁰
3354 4749 3559 4807 Coloss
3628 4765 3671 4814 ι,
3720 4753 3811 4806 20.

2281 4965 2834 5040 (83⁸)ρεείάθια-ιιιισ
2865 4965 3081 5040 7.7:,Uvel
3109 4965 3193 5018 ἐπὶ
3213 4974 3301 5038 τῇ,
3336 4967 3493 5040 Eon.

2282 5035 2408 5111 (84)
2430 5039 2672 5111 Veteres
2694 5035 2926 5111 aliquot
2947 5035 3302 5111 librijaiarou
3329 5035 3676 5110 βληθήσεται.
3700 5039 3813 5111 Nec

2212 5107 2300 5167 ita
2319 5109 2508 5166 multo
2543 5114 2680 5182 post
2704 5107 2845 5167 editi
2879 5107 3004 5184 ἀέρα
3025 5108 3189 5163 καλεῖ.
3219 5113 3289 5165 At
3318 5107 3463 5165 mss.
3496 5125 3602 5164 sex
3642 5113 3707 5164 ut
3753 5107 3813 5162 in

2210 5185 2517 5238 contextu.

2281 5252 2395 5323 (85)
2420 5255 2560 5321 Reg.
2587 5251 2822 5324 primus
2852 5255 2910 5309 et
2934 5252 3057 5308 duo
3105 5250 3205 5308 alii
3242 5248 3687 5324 Combeﬁsiani
3745 5246 3814 5309 εἰς

2211 5321 2441 5397 Χριστὸν
2461 5321 2830 5397 πιστευόντων,
2863 5324 2938 5381 ab
3066 5324 3174 5397 qui
3225 5323 3291 5378 in
3347 5321 3655 5377 Christum
3695 5334 3815 5397 effe:

2211 5390 2382 5468 dunt.
2410 5394 2611 5468 Lectio
2632 5390 3032 5468 optima.Al_ii
3056 5390 3325 5468 quinque
3356 5408 3504 5448 mss.
3553 5397 3612 5446 et
3675 5390 3815 5447 editi

2213 5466 2528 5525 ὴλπικότων.
2548 5465 2622 5520 ab
2638 5465 2708 5520 iis
2722 5468 2867 5533 quin
2881 5467 2943 5522 in
2960 5465 3267 5522 Chr—istum
3293 5479 3453 5533 spem
3476 5477 3814 5532 reposuere,

2286 5484 2528 5525 πικοτων.
2548 5484 2622 5520 a0
2638 5484 2708 5520 us
2764 5484 2943 5522 uinm
2960 5484 3267 5522 υηνιειιιηι
3293 5484 3453 5533 spem
3476 5484 3579 5532 rep

2286 5538 2403 5607 (86)
2435 5538 2669 5593 Veteres
2697 5484 3085 5611 aliquotlibri
3113 5541 3202 5588 καὶ
3233 5535 3579 5612 gener/ipes,
