4098 6378
281 291 385 346 333

1451 278 1746 337 llOMlLIA
1799 273 2164 333 ADVERSUS
2223 277 2496 335 IRATOS.

3552 281 3660 338 354

279 413 474 466 ἄλυπόν
516 413 663 485 ἡμῶν
720 414 807 468 τὴν
859 404 1130 480 διαδοχὴν
1176 405 1401 479 ἐχόντων
1455 408 1582 480 πρὸς
1634 407 1692 456 τὸ
1745 403 1881 468 ἑξῆς,

2015 400 2282 468 1abituri,
2306 418 2376 458 ac
2398 402 2622 472 jugiter
2666 401 2833 471 ligno
2877 401 3010 458 vitae
3053 403 3308 468 fruituri,
3339 406 3514 477 cujus
3545 423 3661 463 nos

281 507 369 554 καὶ
398 500 786 553 ἀπολαυόοντων
840 501 986 570 ἡμῶν
1040 505 1132 549 τοῦ
1177 496 1328 558 ξύλου
1379 503 1474 555 τῆς
1522 498 1660 556 ζωῆς
1710 492 1779 553 εἰς
1826 495 1884 544 τὸ

283 590 533 656 διηνεκὲς,
581 590 641 642 οὗ
671 595 958 661 μετασχεῖν
1011 587 1066 648 ἐξ
1115 585 1292 660 ἀρχῆς
1323 582 1534 642 citi/.11}:
1586 591 1678 636 τοῦ
1729 587 1889 655 ὄφεως

284 678 556 737 ἐπιϐουλὴν
637 677 989 749 ἐκωλύθημεν.
1055 675 1241 737 Ἕταξε
1320 677 1420 749 γὰρ
1506 673 1530 725 ὁ
1607 676 1736 734 Θεός
1800 675 1888 728 τὴν

285 769 526 842 φλογίνην
587 768 843 843 ῥομφαίαν
909 765 1168 838 φυλάσσεν
1229 769 1318 823 ri...
1387 761 1508 816 όὸόν
1575 771 1666 816 τοῦ
1739 761 1888 824 ξύλου

287 859 428 919 ζωῆς
457 878 470 892 ι
515 857 574 915 ἣν
614 856 950 931 παρελθόντες
977 853 1273 920 ἀκωλύτως,
1307 856 1429 906 εἴσω
1471 852 1746 924 γενοίμεθα
1777 851 1890 923 (87)

293 957 392 1008 τῆς
455 945 784 1006 ἀπολαύσεως
842 952 942 995 τῶν
999 943 1165 995 καλῶν
1224 941 1271 994 ἐν
1323 942 1537 1012 Χριστῴ
1589 938 1772 999 Ἰῆσοῦ
1820 948 1891 1011 τῷ

292 1040 468 1109 Κυρίῳ
493 1038 652 1107 ἡμῶν,
686 1035 725 1104 ᾧ
755 1035 784 1091 ἡ
829 1029 962 1095 δόξα
999 1037 1089 1085 καὶ
1119 1035 1177 1084 τὸ
1218 1034 1408 1105 κράτος
1439 1031 1510 1092 εἰς
1535 1034 1657 1092 τοὺς
1680 1030 1886 1090 αἰῶνας.

291 1121 472 1197 Ἀμὴν.

916 1334 1160 1382 ΟΜΙΛΙΑ
1203 1327 1256 1384 I'.

743 1455 888 1507 Κατὰ
921 1451 1264 1529 ὄρλιζομένων
1297 1453 1434 1526 (88).

363 1583 411 1635 1.
461 1584 661 1654 Ὥσπερ
703 1583 788 1631 ἐπὶ
830 1587 928 1630 τῶν
983 1578 1223 1653 ἰατρικῶν
1263 1577 1732 1652 παραγγελμάτων,
1775 1576 1891 1628 όταν

289 1670 552 1741 εὐστόχως
618 1673 708 1720 καὶ
764 1671 899 1720 κατὰ
961 1672 1046 1720 τόν
1111 1668 1261 1740 λόγον
1317 1677 1406 1728 τῆς
1469 1673 1657 1740 τέχνης
1711 1673 1893 1739 γίγνη-
1926 1705 1964 1758 Β

287 1777 373 1810 ται
435 1759 571 1827 (89),
619 1759 746 1828 μετὰ
800 1760 892 1814 τὴν
950 1765 1130 1830 πεῖραν
1187 1757 1418 1830 μάλιστα
1471 1761 1528 1808 τό
1587 1754 1672 1808 ἀπ’
1729 1756 1892 1807 αὐτῶν

291 1847 542 1920 ὠφέλιμον
600 1842 962 1898 διαδείκνυται
991 1867 1003 1880 ·
1047 1847 1202 1907 οὕτως
1257 1845 1339 1899 ἐπὶ
1391 1855 1488 1899 τῶν
1538 1854 1892 1918 πνευματικῶν

289 1940 659 2010 παραινέσεων,
717 1931 926 1987 έπειὸὰν
978 1935 1209 2007 μάλιστα
1271 1940 1363 1994 τὴν
1431 1935 1642 1987 ἔκϐασιν
1703 1955 1895 2008 μαρτυ-

290 2033 487 2099 ροῦσαν
526 2023 658 2098 λάϐῃ
704 2026 769 2076 τὰ
806 2024 1237 2098 παραγγέλματα,
1271 2029 1381 2077 τότε
1425 2028 1481 2077 τὸ
1524 2029 1680 2097 σοφόν
1730 2024 1894 2076 αὐτῶν

291 2119 382 2166 καὶ
440 2114 692 2186 ὠφέλιμον
741 2117 867 2189 πρὸς
919 2118 1010 2172 τὴν
1056 2115 1412 2189 ἐπανόρθωσιν
1467 2122 1559 2167 τοῦ
1629 2113 1750 2187 βίον
1807 2119 1897 2167 καὶ

290 2207 387 2261 τὴν
439 2211 537 2254 τῶν
590 2204 902 2276 πειθομένων
965 2203 1224 2255 τελείωσιν
1281 2201 1628 2275 ἀναφαίνεται.
1659 2202 1897 2256 Ἀκούον-

291 2311 366 2352 τες
416 2295 508 2364 μεν
561 2294 663 2366 γὰρ
718 2300 814 2344 τῶν
870 2300 1168 2367 Παροιμιῶν
1210 2290 1507 2368 διαρρήδην
1559 2292 1898 2366 ἀποφαινομέ-

291 2402 411 2448 νων,
475 2383 552 2433 ὃτι
598 2380 759 2454 Ὀργὴ
831 2380 1085 2434 ἀπόλλυσι
1150 2387 1239 2434 καὶ
1305 2387 1580 2456 φρονίμους
1615 2403 1625 2415 ·
1689 2381 1898 2435 ἀκούον-

291 2489 366 2532 τες
424 2467 483 2523 δὲ
539 2475 629 2523 καὶ
686 2468 1038 2523 ἁποστολικών
1089 2475 1438 2546 παραινέσεων
1473 2492 1485 2505 ·
1547 2478 1703 2524 Πᾶσα
1765 2471 1895 2546 ὀργὴ

294 2566 385 2614 καὶ
455 2564 615 2634 θυμός
693 2566 782 2614 καὶ
859 2566 1061 2637 κραυγή
1148 2561 1356 2636 ἀρθήτω
1441 2561 1524 2634 ἀφ’
1589 2563 1730 2635 ὑμῶν
1805 2566 1897 2614 σὺν

294 2651 440 2724 πάσῃ
500 2655 662 2722 κακίᾳ
689 2671 701 2683 ·
745 2655 835 2703 καὶ
879 2659 969 2703 τοῦ
1027 2656 1220 2726 Κυρίου
1273 2651 1502 2723 λέγοντος
1547 2654 1632 2704 τὸν
1682 2650 1899 2726 ὀργιζό-

297 2758 446 2814 μενον
479 2739 586 2798 εἰκῆ
618 2748 689 2811 τῷ
740 2736 943 2813 ἀδελφῷ
995 2740 1150 2793 αὐτοῦ
1200 2743 1380 2813 ἔνοχον
1431 2738 1559 2793 εἶναι
1587 2749 1648 2813 τῇ
1685 2745 1858 2815 κρίσει
1882 2761 1894 2774 ο

295 2837 384 2880 νῦν
433 2830 512 2881 ὅτε
561 2828 627 2890 εἰς
674 2836 854 2903 πεῖραν
904 2829 1122 2903 ἤλθομεν
1171 2837 1262 2882 τοῦ
1311 2831 1527 2898 πάθους,
1562 2830 1655 2882 οὐκ
1694 2829 1743 2882 ἐν
1774 2834 1898 2902 ἤμῑν

298 2921 593 2990 γενομένου,
653 2917 758 2970 ἀλλ’
827 2919 1006 2981 ἔξωθεν
1082 2920 1207 2992 ἡμῖν
1273 2924 1656 2994 προσπεσόντος
1724 2921 1896 2994 ὥσπερ

301 3004 605 3079 καταιγίὸᾊς
658 3011 791 3069 τινὸς
859 3005 1144 3074 ἀδοκήτου,
1194 3013 1306 3062 τότε
1366 3010 1600 3082 μάλιστα
1661 3013 1718 3062 τό
1778 3011 1899 3062 θαυ-

301 3100 499 3169 μαστὸν
555 3105 651 3150 τῶν
713 3099 858 3150 θείων
906 3098 1354 3174 παραγγελμάτων
1414 3097 1718 3171 ἐπέγνωμεν.
1785 3103 1901 3151 Δόν-

297 3205 374 3246 τες
431 3189 519 3258 μὲν
570 3186 716 3240 αὐτοὶ
763 3195 824 3260 τῇ
877 3187 1005 3262 ὀργῇ
1049 3193 1222 3255 τόπον,
1258 3190 1430 3264 ὥσπερ
1483 3189 1701 3264 ῥεύματι
1742 3187 1901 3261 βιαίῳ

299 3270 558 3344 διέξοδον,
626 3277 1096 3348 καταμανθάνοντες
1165 3272 1223 3328 ὃε
1289 3278 1504 3348 ἡσυχίᾳ
1565 3281 1657 3334 τὴν
1717 3275 1902 3350 ἀσχή-

298 3383 432 3436 μονα
493 3368 736 3440 ταραχὴν
792 3373 891 3417 τῶν
948 3367 1048 3417 ὑπὸ
1106 3373 1196 3417 τοῦ
1262 3367 1460 3425 πάθους
1517 3370 1897 3438 κατεχομένων,

299 3451 586 3526 ἐπέγνωμεν
632 3453 716 3506 ἐπὶ
768 3463 866 3505 τῶν
924 3457 1085 3528 ἔργων
1124 3458 1216 3512 τὴν
1273 3455 1553 3526 εὐστοχίαν
1601 3463 1690 3508 τοῦ
1736 3456 1905 3529 ῥήμα-

297 3563 380 3604 τος
413 3565 426 3578 ·
498 3544 577 3595 ὅτι
629 3543 784 3618 Ἀνὴρ
846 3539 1094 3615 θυμώδης
1147 3543 1241 3596 οὐκ
1299 3545 1606 3616 εὐσχήμων.
1662 3541 1904 3598 Ἐπειδὰν

299 3635 402 3708 γὰρ
469 3631 612 3695 ἅπαξ
676 3632 1053 3706 παρωσάμενον
1117 3635 1233 3693 τοὺς
1288 3631 1572 3706 λογισμοὺς
1630 3637 1685 3686 τό
1743 3635 1906 3694 πάθος

302 3722 426 3775 αὐτὸ
483 3727 573 3780 τὴν
623 3719 935 3775 δυναστείαν
975 3729 1064 3782 τῆς
1124 3722 1308 3795 ψυχῆς
1357 3721 1654 3799 παραλάϐῃ,
1709 3721 1906 3782 ἀπὼν

302 3820 409 3887 ριοί
477 3811 729 3872 παντελῶς
789 3814 873 3864 τόν
937 3812 1227 3887 ἄνθρωπον,
1297 3816 1386 3864 καὶ
1448 3809 1572 3865 οὐδὲ
1637 3813 1905 3888 ἄνθρωπον

305 3898 434 3954 εἶναι
491 3909 783 3976 συγχωρεῖ,
854 3899 1023 3953 οὐκέτι
1085 3903 1276 3972 ἔχοντα
1338 3905 1430 3959 τὴν
1489 3899 1544 3954 ἐκ
1603 3909 1692 3954 τοῦ
1749 3900 1904 3973 λόγου

305 3989 576 4063 βοήθειαν.
599 3997 760 4065 Ὅπερ
791 3992 892 4064 γὰρ
939 3997 1044 4051 τοῖς
1086 3990 1301 4051 ὶοϐόλοις
1359 3989 1497 4043 ἐστὶν
1537 3992 1563 4043 ὁ
1616 3991 1706 4058 ἰός,
1758 3999 1907 4044 τοῦτο

301 4089 406 4141 τοῖς
447 4079 844 4155 παροξυνθείσιν
899 4081 924 4131 ὁ
981 4081 1139 4152 θυμός
1190 4085 1406 4152 γίνεται.
1457 4086 1746 4133 Λυσσὼσιν
1799 4080 1910 4153 (90)

304 4171 478 4242 ὥσπερ
512 4169 561 4220 οἱ
603 4169 766 4237 κύνες,
799 4168 1042 4238 ᾄττουσιν
1083 4169 1256 4244 ὥσπερ
1297 4169 1346 4219 οἱ
1389 4173 1652 4242 σκορπίοι,
1690 4165 1909 4220 δάκνου-

308 4275 390 4310 σιν
439 4259 611 4332 ὦσπερ
663 4259 712 4309 οἰ
761 4260 913 4329 ὄφεις.
949 4253 1078 4309 Οἵδε
1121 4277 1210 4309 και
1267 4259 1296 4315 ἡ
1333 4261 1508 4332 Γραφὴ
1541 4260 1659 4318 τοὺς
1685 4260 1789 4310 ὑπὺ
1819 4265 1908 4311 τοῦ

305 4348 500 4407 πάθους
565 4351 971 4420 κεκρατημένους
1039 4353 1148 4406 ταῖς
1211 4355 1310 4398 τῶν
1389 4349 1580 4421 θηρίων
1644 4367 1912 4420 προσηγο-

1997 489 2164 545 initio
2187 490 2506 563 participes
2535 507 2666 545 esse
2693 490 2928 546 insidiae
2960 493 3252 564 serpentis
3273 495 3656 566 prohibuere.

1998 581 2209 636 Posuit
2251 581 2408 637 enim
2458 582 2612 636 Deus
2658 583 3000 648 ﬂammeum
3039 582 3316 652 gladium
3355 585 3437 639 ad
3465 593 3656 641 custo-

1998 669 2278 726 diendam
2306 669 2462 726 viam
2495 670 2644 740 ligni
2672 670 2808 726 vita:
2831 671 2876 704 ¹⁴
2902 686 2914 724 :
2947 686 3071 742 quo
3092 671 3240 727 citra
3259 671 3658 744 impedimen-

1998 763 2130 814 tum
2170 762 2473 830 superato,
2526 758 2758 814 utinam
2803 758 2960 814 intus
2999 759 3114 830 83
3168 760 3440 832 admissi,
3483 761 3662 817 bonis

2000 848 2402 921 perfruamur,
2435 848 2496 903 in
2529 848 2760 905 Christo
2806 851 2942 904 Jesu
2983 849 3239 905 Domino
3282 855 3512 922 nostro,
3565 851 3661 907 cui

2003 938 2192 1010 gloria
2221 943 2276 995 et
2305 938 2628 1011 imperium
2657 938 2717 994 in
2751 939 2992 995 saecula.
3025 942 3236 996 Amen.

2631 1325 2919 1383 HOMILIA
2975 1329 3038 1384 Χ.

2349 1453 2652 1511 Adversus
2683 1469 2776 1510 eos
2807 1454 2913 1526 qui
2941 1455 3314 1510 irascuntur.

2078 1585 2128 1637 1.
2147 1579 2678 1646 Quemadmodum
2699 1579 2760 1636 in
2781 1579 3152 1636 medicorum
3183 1579 3665 1652 praeceptis,cum

2004 1669 2278 1742 apposite
2316 1674 2373 1725 et
2401 1685 2472 1724 ex
2504 1670 2647 1724 artis
2684 1669 2916 1725 ratione
2964 1669 3137 1737 fiunt,
3182 1674 3318 1740 post
3358 1670 3666 1741 experien-

2003 1758 2147 1814 tiam
2180 1758 2442 1813 maxime
2472 1773 2682 1813 eorum
2734 1757 2957 1813 utilitas
2997 1757 3145 1814 solet
3175 1757 3416 1813 ostendi
3445 1774 3458 1812 :
3491 1759 3574 1813 sic
3603 1759 3666 1814 in

2005 1845 2420 1920 spiritualibus
2451 1845 2992 1912 exhortationibus,
3016 1846 3122 1901 ubi
3143 1847 3404 1902 maxime
3434 1847 3667 1903 monita

2004 1951 2076 1992 ac
2108 1940 2412 2008 prtecepta
2449 1934 2670 1991 fuerint
2694 1935 2856 1990 exitu
2879 1939 3094 1990 testata
3119 1936 3664 2007 comprobataque,

2004 2028 2145 2082 tunc
2162 2040 2236 2082 ea
2253 2024 2555 2097 sapienter
2569 2023 2908 2096 utiliterque
2933 2023 3012 2080 ad
3023 2024 3158 2080 vitae
3180 2024 3670 2080 emendationem

2005 2118 2188 2188 atque
2217 2113 2298 2172 ad
2326 2112 2876 2185 obtemperantium
2920 2113 3350 2186 perfectionem
3396 2112 3670 2170 adhibita

2005 2202 2190 2258 fuisse
2219 2201 2734 2275 apparet.Etenim
2752 2217 2891 2257 cum
2915 2201 3367 2257 Proverbiorum
3385 2200 3670 2256 audimus

2006 2291 2301 2349 disertam
2340 2290 2740 2347 sententiam:
2775 2291 2880 2347 Ira
2908 2290 3108 2360 perdit
3137 2297 3192 2346 et
3229 2289 3627 2360 prudentes”
3648 2307 3666 2362 3

2007 2395 2216 2437 rursus
2247 2395 2386 2437 cum
2407 2379 2691 2436 audimus
2723 2378 3088 2450 apostolicas
3119 2379 3624 2434 commonitiones
3653 2393 3666 2432 :

2010 2471 2215 2527 Omnis
2243 2471 2339 2526 ira
2359 2475 2412 2526 et
2435 2469 2774 2539 indignatio
2795 2474 2852 2524 et
2882 2469 3109 2524 clamor
3137 2468 3398 2524 tollatur
3416 2482 3454 2524 α
3483 2468 3667 2531 vobis,

2008 2575 2143 2617 cum
2160 2561 2323 2616 omni
2338 2559 2576 2615 malitia
2593 2559 2660 2624 ¹⁶;
2675 2557 2816 2613 item
2840 2556 3160 2613 Dominum
3177 2556 3510 2628 ipsum,qui
3528 2572 3670 2612 eum

2007 2649 2114 2722 qui
2133 2647 2301 2705 fratri
2329 2663 2440 2703 suo
2467 2652 2690 2703 temere
2717 2647 3013 2716 irascitur,
3036 2662 3208 2701 reum
3237 2662 3373 2701 esse
3405 2646 3485 2701 ait
3511 2644 3671 2716 judi-

2009 2737 2084 2795 cii
2106 2740 2148 2774 ¹⁷
2171 2755 2184 2795 :
2210 2754 2350 2794 cum
2372 2736 2634 2809 denique
2659 2735 2889 2809 experti
2908 2735 3201 2791 fuerimus
3233 2735 3465 2805 vitium,
3500 2734 3670 2807 quod

2009 2827 2067 2884 in
2095 2827 2276 2898 nobis
2301 2842 2425 2884 non
2457 2825 2745 2897 gignitur,
2777 2825 2884 2881 sed
2924 2824 3263 2882 forinsecus
3294 2825 3355 2880 in
3389 2840 3503 2880 nos
3547 2829 3672 2880 tan-

2007 2933 2199 2991 quam
2239 2916 2577 2989 improvisa
2632 2915 2918 2988 quaedam
2973 2913 3238 2987 procella
3288 2913 3478 2984 irruit,
3531 2918 3673 2970 tunc

2009 3007 2273 3064 maxime
2293 3007 2639 3063 divinarum
2656 3005 3128 3078 praeceptionum
3147 3005 3366 3061 miram
3383 3004 3675 3062 excellen-

2010 3097 2158 3154 tiam
2180 3111 2652 3168 cognoscemus.
2683 3094 2855 3160 Quod
2887 3093 2937 3150 εἰ
2965 3094 3082 3166 ipsi
3108 3095 3210 3149 irae
3260 3094 3463 3150 locum
3489 3093 3676 3172 veluti

2009 3187 2239 3244 ﬂuento
2260 3185 2602 3242 vehementi
2630 3185 2859 3241 exitum
2889 3200 3164 3256 unquam
3189 3183 3575 3256 dedimus,ac
3604 3183 3676 3240 si-

2009 3277 2194 3335 lentio
2223 3276 2545 3334 didicimus
2575 3291 2787 3332 eorum
2813 3275 2919 3347 qui
2957 3275 3074 3332 hoc
3095 3274 3236 3331 vitio
3269 3279 3546 3332 tenentur
3584 3274 3673 3330 in-

2011 3367 2299 3424 decoram
2325 3364 2866 3439 perturbationem,
2907 3369 3032 3420 tum
3063 3365 3264 3436 reipsa
3295 3369 3678 3436 perspectam

2011 3455 2341 3512 habuimus
2361 3455 2504 3510 dicti
2532 3453 2716 3525 hujus
2739 3452 3354 3522 solertiam,videlicet
3373 3452 3543 3525 quod
3576 3453 3680 3508 Vir

2013 3543 2348 3600 iracundus
2369 3541 2537 3599 haud
2552 3541 2836 3597 honestus
2853 3546 2936 3598 est
2954 3542 3019 3594 *3.
3039 3543 3367 3612 Postquam
3385 3540 3546 3596 enim
3563 3540 3680 3596 hoc

2012 3631 2248 3699 vitium,
2281 3629 2541 3703 depulsa
2564 3629 2822 3699 ratione,
2861 3627 3206 3684 dominium
3245 3628 3464 3684 animae
3495 3627 3682 3685 semel

2013 3719 2734 3794 usurpaverit,hominem
2750 3734 2999 3791 prorsus
3013 3718 3305 3775 convertit
3316 3718 3375 3773 in
3389 3717 3677 3791 belluam,

2015 3815 2074 3867 et
2096 3826 2174 3866 ne
2201 3809 2513 3866 hominem
2540 3809 2788 3883 quidem
2817 3824 2948 3864 esse
2978 3807 3137 3876 sinit,
3160 3823 3300 3863 cum
3332 3806 3556 3864 auxilio
3588 3823 3684 3864 ra-

1948 3963 1950 3966 ,
2014 3899 2198 3958 tionis
2217 3901 2506 3972 privetur.
2529 3898 2702 3965 Quod
2720 3898 2881 3954 enim
2903 3897 3213 3954 venenatis
3233 3913 3538 3954 venenum
3568 3901 3678 3970 est,

2015 3989 2133 4046 hoc
2168 3988 2330 4045 idem
2359 3988 2450 4044 ira
2479 3991 2572 4043 est
2597 3987 2994 4060 exasperatis.
3031 3986 3204 4042 Fiunt
3235 3985 3432 4042 rabidi
3459 4002 3683 4044 canum

2015 4079 2079 4136 in
2099 4094 2357 4148 morem,
2384 4077 2656 4133 insiliunt
2681 4082 2747 4132 ut
2775 4075 3019 4148 scorpii,
3049 4073 3334 4131 mordent
3358 4078 3422 4130 ut
3445 4088 3687 4146 serpen.

2015 4173 2127 4226 tes.
2167 4167 2338 4224 Novit
2363 4171 2419 4223 et
2456 4167 2763 4238 Scriptura
2787 4180 2890 4222 eos
2919 4164 3025 4238 qui
3056 4163 3201 4221 vitio
3241 4163 3448 4237 aliquo
3479 4167 3687 4219 tenen-

2018 4262 2134 4328 tur,
2165 4257 2502 4314 bestiarum
2528 4254 2882 4311 nominibus
2912 4269 3148 4322 vocare,
3181 4253 3549 4326 quibuscum
3580 4266 3686 4307 ne-

2018 4349 2445 4406 cessitudinem
2478 4345 2956 4419 afﬁnitatemquc
3004 4360 3110 4417 per
3155 4344 3492 4417 nequitiam
3538 4357 3685 4398 con-

306 4440 442 4510 ρίαις
493 4434 789 4504 ἀποκαλεῖν,
835 4437 907 4497 οἷς
957 4434 1164 4496 ἑαυτοὺς
1211 4432 1303 4488 δια
1348 4444 1436 4496 τῆς
1484 4443 1731 4511 πονηρίας
1778 4439 1903 4509 ᾠκε-

2021 4442 2274 4494 traxere.
2308 4439 2462 4493 Nam
2499 4451 2682 4492 canes
2721 4417 2926 4491 mutos
2949 4436 3015 4502 ιε’,
3050 4439 3380 4506 serpentes,
3414 4431 3687 4488 sobolem

310 4531 492 4580 ίωσαν.
557 4527 723 4585 Κύνας
791 4526 893 4600 γὰρ
956 4523 1169 4592 ἐννεους,
1231 4529 1321 4578 καὶ
1395 4529 1548 4598 ὄφεις,
1617 4531 1914 4600 γεννήματα

308 4614 555 4689 ἐχιδνῶν,
583 4619 766 4669 καὶτὰ
806 4624 1025 4669 τοιαῦτα
1066 4619 1466 4692 προσαγορεύει.
1519 4617 1585 4670 Οἱ
1631 4619 1732 4692 γὰρ
1787 4619 1913 4672 ἕτοι-

308 4726 399 4780 μοι
445 4709 571 4783 πρὸς
594 4711 686 4765 τὴν
713 4706 826 4760 κατ’
859 4705 1086 4765 ἀλλήλων
1136 4709 1350 4782 φθορὰν,
1383 4711 1473 4760 καὶ
1509 4711 1601 4766 τὴν
1645 4710 1778 4761 κατὰ
1814 4717 1911 4762 τῶν

384 4831 430 4866 ¹⁸
461 4832 603 4888 Gen.
640 4847 718 4899 Ill,
748 4833 840 4889 24.
881 4903 890 4904 ί
958 4832 1004 4868 ⁸⁸
1049 4833 1218 4888 Prov.
1268 4846 1366 4904 xv,
1404 4835 1452 4888 1.

307 4918 426 4974 va,
463 4907 554 4959 10.
658 4904 706 4940 ³ο
738 4903 940 4975 Matth,
967 4919 1135 4974 xxui,
1160 4907 1251 4960 35.

383 5027 496 5101 (87)
526 5027 673 5101 R98.
707 5029 943 5100 primus
975 5031 1098 5081 εἵσω
1128 5030 1412 5101 γενώμεθα.

380 5097 497 5170 (88)
527 5099 678 5174 Εάἱιὶ
707 5097 764 5155 ἐι
787 5105 1052 5174 quatuor
1077 5097 1225 5174 mss.
1257 5097 1392 5154 κατὰ
1413 5097 1779 5174 ὀργιζομένων,
1809 5098 1915 5156 ad-

310 5171 1061 5255 vgersusirascuentes.Colb.
1088 5171 1294 5255 tertius
1311 5171 1777 5255 rspi'o‘pr/ﬁigprpo'g
1803 5191 1920 5223 τινα

311 5242 648 5316 εὐεμπτωτως
683 5244 1120 5316 ἔχονταπρὸςτό
1160 5245 1348 5315 πάθος,
1376 5242 1448 5301 de
1477 5242 1594 5313 ira,
1628 5242 1920 5316 adversus

311 5313 627 5439 guemdam
644 5315 750 5385 qui
764 5315 846 5369 ad
866 5313 1194 5371 [torvitium
1215 5313 1444 5385 pronus
1457 5320 1610 5383 erat;
1626 5331 1737 5370 nec
1753 5314 1922 5370 aliter

357 5384 496 5439 abet
527 5384 692 5439 Colb.
718 5385 973 5439 primus.
996 5385 1113 5439 nisi
1133 5386 1304 5439 quod
1334 5388 1395 5439 in
1420 5403 1492 5439 eo
1519 5403 1631 5439 nro
1664 5386 1922 5438 εὐεμπτω-

357 5384 496 5459 abet
527 5384 692 5459 Colb.
718 5385 973 5459 primus,
996 5385 1113 5459 nisi
1133 5384 1304 5459 quod
1333 5388 1396 5443 in
1420 5403 1492 5442 eo
1519 5403 1631 5459 pro
1664 5386 1924 5458 εὐεμπτω-

315 5475 414 5534 τῳς
443 5456 953 5534 Ιθεὶῐιινέυόπτως.
1009 5456 1180 5534 ῼρίςὶξ
1230 5465 1348 5534 περὶ
1394 5456 1574 5534 ὀργῆ-ς,
1617 5456 1754 5532 πρός
1785 5475 1924 5534 τινας

315 5527 654 5603 εὐεμπτωτως
688 5529 804 5603 πίρὶ
850 5533 908 5603 τό
958 5530 1124 5603 πάθος
1155 5527 1517 5601 ἐχόντων,’ίίϐ
1545 5527 1666 5600 ira,
1716 5529 1925 5586 adver-

313 5599 414 5656 sus
443 5599 758 5675 quosdam,
785 5601 892 5673 qui
912 5601 993 5658 ad
1020 5601 1131 5658 hoc
1161 5599 1370 5660 vitium
1393 5603 1576 5674 proni
1603 5599 1797 5660 erant.

1569 4832 1614 4869 ¹⁶
1658 4830 1878 4906 Ephes,
1911 4847 1988 4901 1v,
2021 4834 2110 4888 31.

2019 4528 2367 4600 viperarum
2389 4527 2458 4594 ‘-'°,
2482 4531 2538 4581 et
2570 4523 2874 4580 similibus
2906 4521 3258 4578 nominibus
3284 4521 3450 4593 ipsos
3481 4519 3686 4593 appel-

2019 4616 2122 4675 lat.
2156 4617 2266 4683 Qui
2289 4615 2449 4673 enim
2475 4614 2556 4672 ad
2577 4622 2860 4670 mutuum
2886 4611 3155 4680 exitium,
3183 4615 3242 4666 et
3270 4609 3345 4666 ad
3374 4609 3686 4666 tribulium

2025 4723 2277 4766 suorum
2299 4703 2627 4779 perniciem
2647 4702 2844 4776 parati
2865 4705 3022 4769 sunt,
3057 4703 3314 4773 possunt
3336 4714 3446 4754 nec
3465 4698 3690 4769 injuria

2226 4831 2269 4868 ¹⁷
2304 4829 2503 4886 Matth.
2535 4843 2596 4900 ν,
2647 4831 2736 4885 23.
2853 4828 2898 4865 ιε
2929 4829 3102 4884 Prov.
3153 4843 3229 4895 x1,
3275 4829 3371 4881 25.
3491 4826 3535 4860 19
3567 4826 3682 4880 Isa.

2095 5024 2210 5099 (89)
2241 5027 2384 5099 Reg.
2407 5025 2644 5099 primus
2668 5028 2861 5096 τέχνης
2887 5043 3122 5099 γενηται.

2097 5091 2206 5168 (90)
2233 5091 2383 5169 Εςίᾗί
2409 5091 2633 5169 γίνεται,
2669 5091 2905 5169 ὁρμῶσι,
2937 5093 3175 5164 πηδῶσί,
3231 5094 3520 5169 λυσσῷσιν.
3575 5091 3692 5150 Sed

2025 5147 2128 5226 illa
2152 5147 2310 5242 diu”
2339 5147 2563 5242 695195"
2595 5147 2827 5242 “iniciat.
2853 5147 2938 5242 ,ίῌ
2991 5147 3137 5224 mss.
3163 5147 3311 5242 :non
3367 5147 3688 5242 1§8untiliii

2027 5256 2138 5297 nec
2168 5236 2313 5314 mihi
2347 5236 2625 5314 dubium,
2654 5241 2804 5314 quin
2833 5237 3364 5314 debeantabesse.
3386 5240 3560 5314 Recte
3589 5236 3694 5306 igi-

2031 5318 2146 5382 tur,
2181 5309 2774 5384 opinor,admorfuit
2803 5310 3227 5376 Combetisius,
3259 5309 3691 5384 has_duas_vo-

2031 5379 2243 5440 ces'in'
2271 5399 2380 5438 ora
2407 5379 2562 5438 'libri
2612 5383 2692 5439 ad
2725 5398 2931 5438 vocem
2979 5384 3200 5452 ᾄττουσι
3255 5379 3692 5436 declarandam

2031 5456 2300 5527 primum
2344 5456 2574 5527 positas
2604 5470 2734 5527 esse
2767 5471 2779 5508 :
2813 5454 3032 5509 deinde
3059 5468 3202 5527 vero
3221 5453 3296 5527 _in
3319 5452 3522 5527 ipsum
3549 5466 3692 5527 con-

2033 5521 2265 5584 iextum
2315 5521 2680 5600 Obrepsisse,
2712 5525 2774 5580 in
2805 5540 3000 5598 eoque
3031 5523 3191 5580 male
3219 5521 3448 5581 locatas
3485 5521 3690 5579 fuisse.
