4098 6392
401 302 505 359 359

402 424 679 493 verbera,
710 420 962 483 verbera
983 425 1187 480 autem
1215 422 1506 483 vulnera:
1548 424 1812 499 denique
1843 441 1916 481 ex
1943 423 2067 481 vul-

402 514 651 571 neribus
680 529 848 570 mors
884 512 1021 585 ipsa
1049 512 1411 587 plerumque
1444 520 1736 588 sequitur.
1781 513 2000 572 Malum
2030 529 2068 570 a

400 604 602 678 prima
630 603 860 674 origine
892 602 1314 673 cohibeamus,
1335 605 1488 662 iram
1509 610 1635 663 arte
1655 605 1821 662 omni
1846 620 1919 661 ex
1939 603 2069 661 ani-

401 692 518 749 mis
541 691 858 765 pellentes.
885 690 973 748 lta
993 692 1157 749 enim
1177 691 1339 749 mala
1360 693 1625 767 plurima
1644 710 1767 750 una
1792 709 1931 749 cum
1950 693 2068 749 hoc

402 781 568 849 vitio,
594 786 888 854 tanquam
911 798 1049 837 cum
1071 781 1272 839 radice
1294 787 1474 855 atque
1494 783 1814 856 principio,
1835 781 2067 838 exscin-

403 872 545 928 dere
573 870 931 945 poterimus.
961 870 1259 928 Maledixit
1276 873 1303 928 ?
1329 872 1414 928 Tu
1433 873 1785 930 benedicas.
1816 875 2068 929 Percus-

404 961 529 1018 sit?
558 963 643 1017 Tu
674 960 919 1016 sustine.
953 960 1236 1031 Despicit,
1268 965 1445 1033 teque
1465 960 1609 1018 facit
1629 960 1799 1018 nihili
1819 963 1846 1017 ?
1875 963 1959 1017 Tu
1979 965 2065 1018 te-

402 1064 544 1105 cum
594 1048 796 1117 cogita
842 1053 1119 1105 constare
1170 1054 1228 1105 te
1283 1064 1357 1105 ex
1404 1054 1584 1115 terra,
1633 1065 1705 1106 ac
1759 1064 1971 1106 rursus
2000 1048 2064 1105 in

401 1142 625 1195 terram
648 1154 1033 1193 reversurum
1062 1140 1131 1192 ³⁸.
1184 1137 1465 1210 Quisquis
1510 1138 1673 1196 enim
1725 1137 2065 1195 rationibus

401 1226 702 1298 ejusmodi
751 1226 1161 1299 prtemunierit
1197 1228 1612 1300 semetipsum,
1663 1226 2065 1298 ignominiam

401 1329 835 1388 quamcunque
884 1315 1214 1386 comperiet
1259 1315 1505 1371 veritate
1551 1314 1919 1370 inferiorem.
1970 1312 2065 1369 Sic

403 1419 671 1477 namque
701 1419 773 1459 eo
812 1403 994 1459 etiam
1046 1403 1348 1474 redigetur
1392 1403 1693 1471 inimicus,
1749 1407 1814 1460 ut
1857 1400 2066 1459 ulcisci

405 1509 467 1548 se
498 1492 662 1549 nullo
693 1492 882 1548 modo
908 1493 1122 1565 possit,
1150 1509 1291 1549 cum
1323 1497 1379 1550 te
1407 1494 1487 1549 sis
1516 1491 1896 1550 contumeliis
1923 1506 2064 1548 con-

400 1581 691 1653 viciisque
716 1580 1168 1638 invulneratum
1200 1581 1616 1639 exhibiturus:
1670 1581 1819 1655 quin
1857 1586 1917 1639 et
1935 1581 2064 1653 ipse

401 1685 695 1740 magnam
718 1670 971 1743 parabis
995 1670 1295 1742 patientiae
1331 1687 1645 1737 coronam,
1686 1670 1792 1745 qui
1820 1669 2065 1727 alterius

401 1758 711 1816 insaniam
732 1759 1119 1815 occasionem
1143 1765 1260 1816 tute
1281 1760 1687 1833 philosophia
1712 1758 2066 1817 exercendae

402 1848 609 1906 facias.
646 1851 866 1919 Quare,
900 1848 950 1904 si
982 1848 1130 1905 mihi
1162 1849 1347 1906 fidem
1373 1849 1585 1915 habes,
1611 1848 1793 1907 illatis
1841 1848 1947 1906 tibi
1980 1848 2068 1905 in-

403 1936 579 2010 juriis
609 1936 837 2010 aliquid
864 1937 1046 1994 etiam
1076 1938 1285 1995 addes.
1318 1938 1658 1995 Obscurum
1697 1944 1752 1995 te
1782 1938 1954 2007 dixit,
1980 1938 2066 1994 in-

409 2028 794 2101 gloriumque
820 2032 879 2084 et
904 2028 1075 2085 nihili
1099 2028 1433 2099 hominem,
1457 2029 1562 2102 qui
1582 2028 1796 2086 inﬁmo
1813 2028 1948 2086 lOco
1962 2043 2068 2086 na-

408 2122 503 2174 tus
528 2117 654 2174 sit?
694 2120 777 2174 'l‘u
809 2118 1069 2190 teipsum
1099 2122 1317 2175 terram
1339 2133 1411 2174 ac
1441 2118 1707 2175 cinerem
1745 2117 1949 2176 dicito.
1999 2117 2068 2175 ll-

404 2205 655 2263 lustrior
683 2223 806 2263 non
836 2222 899 2262 es
938 2212 1105 2280 patre
1127 2212 1334 2263 nostro
1359 2207 1689 2275 Abraham,
1713 2207 1819 2281 qui
1852 2223 1916 2264 se
1936 2208 2067 2281 ipse

405 2296 489 2354 ita
514 2296 931 2370 appellavit”.
965 2297 1283 2353 lndoctum
1309 2302 1368 2353 et
1396 2313 1727 2370 pauperem
1758 2303 1815 2355 et
1840 2297 2065 2355 nullius

404 2386 581 2459 pretii
606 2392 661 2442 te
691 2386 892 2442 dixit?
928 2389 1012 2442 Tu
1038 2392 1091 2442 te
1113 2386 1283 2443 dicas
1309 2402 1599 2457 vermem,
1628 2391 1809 2461 teque
1829 2404 1903 2444 ex
1922 2392 2067 2445 ster-

348 2517 354 2524 .
406 2491 543 2531 core
564 2475 790 2531 habere
816 2474 1139 2545 originem,
1168 2475 1411 2533 Davidis
1439 2476 1625 2533 verba
1654 2492 1960 2550 usurpans
1982 2478 2057 2533 ³³.

406 2565 506 2621 His
530 2564 714 2620 etiam
735 2563 1095 2637 praeclarum
1130 2564 1249 2637 86
1289 2565 1508 2637 Moysis
1561 2565 1799 2622 facinus
1848 2565 2064 2638 adjice.

406 2652 507 2710 1116
537 2652 616 2710 ab
655 2657 855 2709 Aaron
885 2658 941 2710 et
986 2654 1167 2711 Maria
1195 2653 1532 2711 maledictis
1558 2654 1892 2723 lacessitus,
1940 2670 2068 2713 non

405 2744 596 2799 Deum
626 2742 918 2799 adversus
943 2759 1047 2799 eos
1075 2741 1497 2816 interpellavit,
1532 2744 1641 2801 sed
1669 2760 1781 2817 pro
1818 2745 1903 2801 eis
1934 2760 2069 2802 ora-

401 2832 573 2887 vit“.
625 2833 895 2898 Quorum
926 2831 1123 2888 mavis
1154 2848 1284 2889 esse
1313 2831 1673 2906 discipulus,
1715 2834 2068 2892 virorumne

402 2922 526 2977 Deo
556 2924 869 2991 gratorum
894 2920 1360 2994 beatorumque,
1393 2937 1472 2978 an
1501 2921 1822 2979 hominum
1855 2923 2065 2997 spiritu

402 3008 684 3081 nequitiae
725 3008 1150 3082 expletorum?
1203 3009 1352 3065 Cum
1390 3009 1680 3067 invaserit
1716 3015 1773 3068 te
1810 3010 2066 3069 convicii

402 3096 719 3167 ingerendi
748 3097 1019 3167 testatio,
1059 3103 1211 3170 puta
1248 3097 1512 3170 teipsum
1542 3096 1810 3172 probari,
1858 3104 2065 3157 utrum

332 3197 341 3204 '
400 3200 511 3259 per
530 3185 884 3259 patientiam
912 3187 991 3242 ad
1012 3186 1198 3242 Deum
1220 3186 1500 3257 accedas,
1528 3203 1605 3245 an
1627 3204 1734 3262 per
1750 3188 1907 3246 iram
1927 3205 2067 3248 con-

400 3274 601 3347 fugias
623 3274 702 3331 ad
723 3274 1162 3332 adversarium.
1190 3275 1275 3333 Da
1291 3275 1756 3347 cogitationibus
1778 3278 1893 3335 tuis
1912 3282 2064 3336 tem-

401 3378 520 3439 pus
552 3368 786 3437 partem
805 3364 1101 3437 optimam
1128 3364 1406 3436 eligendi.
1436 3370 1551 3424 Aut
1574 3366 1736 3423 enim
1767 3367 2064 3441 profueris

402 3451 488 3509 illi
508 3467 616 3526 per
650 3452 1138 3511 mansuetudinis
1169 3454 1514 3528 exemplum
1540 3472 1555 3511 :
1605 3460 1730 3529 aut,
1753 3455 1903 3514 dum
1923 3472 2064 3515 con-

402 3552 658 3620 temnes,
690 3567 831 3607 eum
851 3551 1095 3622 gravius
1124 3552 1433 3611 ulciscere.
1461 3553 1616 3621 Quid
1640 3554 1801 3611 enim
1816 3553 2064 3614 inimico

402 3639 683 3698 acerbius
710 3657 842 3698 esse
876 3647 1095 3715 potest,
1130 3660 1320 3717 quam
1360 3644 1409 3700 si
1432 3644 1747 3703 inimicum
1777 3662 1956 3703 suum
1975 3646 2063 3704 vi-

400 3729 540 3787 deat
559 3730 795 3804 injuriis
827 3717 897 3789 ac
919 3733 1295 3790 contumeliis
1325 3733 1699 3806 superiorem
1719 3735 1749 3792 ?
1776 3736 2063 3794 Animum

399 3835 476 3876 ne
507 3817 783 3892 abjicias,
808 3837 1004 3895 neque
1025 3822 1303 3895 partiaris
1332 3822 1524 3879 ullum
1552 3823 1635 3881 ad
1664 3828 1718 3882 te
1746 3840 2064 3883 accessum

400 3908 909 3967 conviciatoribus
936 3915 1164 3984 patere.
1207 3913 1342 3969 Sine
1371 3928 1513 3969 eum
1555 3912 1780 3973 frustra
1826 3920 1882 3973 te
1919 3914 2065 3974 alla-

399 4001 577 4068 trare,
599 3999 1018 4073 disrumpatur
1040 4000 1103 4057 in
1129 4001 1474 4074 semetipso.
1508 4004 1579 4061 Ut
1603 4004 1766 4061 enim
1795 4004 1902 4078 qui
1927 4020 2063 4063 ver-

397 4084 571 4145 berat
611 4105 795 4146 sensu
844 4095 1169 4158 carentem,
1219 4091 1334 4151 sibi
1375 4092 1506 4165 ipse
1546 4093 1774 4165 irrogat
1812 4110 2062 4167 pcenam

399 4181 571 4245 (nam
592 4195 705 4235 nec
726 4178 962 4237 hostem
1000 4181 1324 4251 ulciscitur,
1352 4198 1465 4239 nec
1499 4182 1654 4241 iram
1696 4184 1929 4257 sedat):
1978 4186 2063 4244 ita

398 4265 679 4341 quisquis
713 4267 1026 4326 hominem
1055 4272 1161 4344 qui
1190 4269 1424 4343 injuriis
1444 4287 1570 4329 non
1600 4278 1897 4346 movetur,
1918 4291 2060 4350 pro-

398 4355 526 4413 bris
569 4373 642 4414 ac
680 4356 1017 4417 maledictis
1058 4359 1318 4432 lacessit,
1357 4363 1410 4418 is
1451 4363 1842 4436 cupiditatem
1883 4382 2060 4424 suam

400 4445 583 4504 solari
611 4463 680 4503 ac
707 4447 940 4506 mollire
968 4465 1091 4506 non
1120 4455 1337 4523 potest.
1371 4453 1609 4525 Contra,
1644 4452 1729 4510 uti
1758 4453 1906 4529 dixi,
1931 4454 2059 4513 dis-

398 4537 719 4611 rumpitur.
754 4535 940 4605 Qualc
966 4540 1127 4597 enim
1152 4556 1379 4598 nomen
1398 4546 1651 4615 uterque
1670 4549 1932 4602 vestrum
1946 4551 2063 4605 sta-

398 4625 506 4683 tim
536 4626 615 4683 ab
645 4626 718 4683 iis
752 4627 856 4701 qui
886 4628 1127 4698 absunt,
1176 4631 1568 4704 consequitur
1587 4632 1615 4687 ‘I
1663 4632 1763 4691 1116
1809 4636 2060 4709 quidem

397 4716 875 4774 contumeliosus
922 4717 1110 4787 audit,
1146 4723 1212 4776 tu
1235 4735 1378 4778 vero
1423 4722 1856 4793 magnanimus
1889 4742 1905 4793 ;
1960 4726 2061 4786 ille

398 4805 730 4863 iracundus
761 4811 818 4864 et
847 4824 1150 4877 morosus,
1180 4813 1245 4867 tu
1273 4811 1511 4883 patiens
1539 4816 1598 4870 et
1638 4813 1838 4872 mitis:
1886 4816 2061 4876 illum

397 4895 716 4969 pcenitebit
757 4895 1080 4969 dictorum,
1111 4901 1167 4955 te
1225 4915 1367 4958 vero
1397 4916 1716 4976 nunquam
1746 4905 2063 4979 paenitebit

398 4983 658 5041 virtutis.

468 5076 524 5130 4.
561 5073 716 5140 Quid
738 5075 948 5133 attinet
970 5075 1148 5150 plura
1172 5075 1419 5138 dicere?
1466 5078 1611 5139 Huic
1639 5083 2064 5148 maledicentia

402 5160 629 5222 claudit
653 5179 910 5235 regnum
958 5165 1273 5237 caelorum,
1325 5170 1553 5244 quippe
1603 5174 1893 5236 Maledz'ci
1941 5182 2063 5239 Ιιεε-

476 5290 523 5324 ²¹
568 5289 711 5345 Gen.
740 5302 824 5357 ιιι,
862 5293 947 5347 19.
1024 5293 1072 5328 ²²
1113 5293 1257 5350 Gen.
1289 5311 1454 5368 xvm,
1487 5295 1576 5356 27.
1653 5298 1702 5337 ³³
1741 5303 1898 5364 Psal.
1928 5323 2048 5376 xxx,
2081 5312 2134 5364 7.

476 5414 556 5489 (6)
592 5416 735 5489 Reg.
771 5413 1004 5489 primus
1035 5415 1089 5468 ἐκ
1114 5425 1212 5489 γῆς
1242 5418 1491 5483 ὑπέστης.

476 5486 558 5577 $3..)
591 5485 1164 5577 §{s.m§§-.r!¢riqlie
1181 5506 1432 5577 91131195-
1464 5494 1614 5577 Ιξςῖέίέ
1642 5499 1936 5577 προχωρεῖς
1963 5508 2056 5577 τῷ·

476 5555 552 5632 (8)
589 5555 755 5614 Colb.
783 5555 1021 5631 primus
1045 5555 1291 5638 ἄπρακτά
1322 5579 1430 5624 σοι.
1489 5555 1716 5628 Ibidem
1744 5555 1896 5646 'Re'g.
1921 5555 2059 5650 ’ριίξζ

1774 294 1832 356 S.
1875 297 2127 355 BASILII
2164 290 2388 353 MAGNI

3670 294 3777 353 360

2097 425 2147 478 A
2177 425 2329 495 μάχη
2392 418 2451 475 δε
2489 428 2641 495 γεννᾷ
2668 416 2955 496 λοιδορίας,
2990 420 3043 471 αἱ
3070 414 3130 471 δι
3159 413 3421 493 λοιδορίαι
3444 417 3665 492 πληγὰς,
3725 423 3781 473 αἱ

2178 508 2237 565 δε
2292 512 2491 584 πληγαὶ
2540 516 2833 588 τραύματα,
2911 509 2966 562 ἐκ
3028 505 3088 561 δὲ
3156 511 3462 583 τραυμάτων
3537 508 3781 571 πολλάκις

2179 604 2408 657 θάνατοι.
2445 601 2572 655 Ἀπό
2610 610 2700 662 τῆς
2749 605 2954 676 πρώτης
3006 596 3178 674 ἀρχῆς
3228 601 3285 651 τὸ
3334 600 3492 650 κακὸν
3546 596 3777 671 ἐπίσχω-

2175 709 2286 763 μεν,
2315 694 2408 748 τὴν
2440 689 2601 766 ὀργὴν
2646 691 2793 762 πάσῃ
2845 694 3063 761 μηχανῇ
3117 694 3216 738 τῶν
3269 685 3461 757 ψυχῶν
3514 684 3774 750 ἐξελόντες.

2175 780 2327 832 Ούτω
2382 781 2483 854 γὰρ
2534 778 2594 830 ἂν
2654 774 2961 849 δυνηθείμεθ
3024 777 3088 829 τά
3138 774 3357 829 πλεῖστα
3412 783 3510 827 τῶν
3580 785 3772 845 κακῶν,

2174 869 2347 944 ὥσπερ
2378 869 2499 942 ῥίζῃ
2536 872 2637 921 τινὶ
2671 873 2761 920 καὶ
2791 865 2959 942 ἀρχῇ,
2990 873 3061 936 τῷ
3109 866 3263 918 πάθει
3319 867 3482 936 τούτῳ
3534 882 3775 918 συνεκτε-

2172 965 2304 1030 μεῖν.
2341 954 2678 1032 Ἐλοιδόρησε
2710 974 2723 1025 ;
2760 961 2825 1009 σύ
2857 952 2917 1009 δε
2947 955 3250 1028 εύλόγησον.
3312 953 3604 1012 Ἐτύπτησε
3633 971 3646 1022 ;
3709 959 3774 1007 σὺ

2174 1043 2234 1099 δὲ
2264 1048 2556 1119 ὑπόμεινον.
2587 1048 2832 1099 Διαπτύει
2871 1050 2961 1098 καὶ
2992 1048 3050 1098 τὸ
3081 1041 3248 1117 μηδεν
3280 1044 3485 1115 ἡγεῖταί
3544 1061 3602 1095 σε
3634 1059 3647 1110 ς
3710 1047 3777 1096 σύ

2174 1131 2233 1188 δε
2263 1138 2455 1188 ἔννοιαν
2484 1135 2607 1188 λάϐε
2651 1142 2891 1203 σεαυτοῦ,
2944 1136 3022 1187 ὅτι
3079 1132 3134 1186 ἔκ
3180 1142 3278 1205 γῆς
3328 1134 3621 1205 ύφέστηκας
3672 1134 3773 1205 (6),

2172 1231 2262 1279 καὶ
2306 1226 2372 1287 εἰς
2395 1233 2495 1298 γῆν
2552 1224 2705 1278 πάλιν
2766 1223 3093 1296 ἀναλυθήσῃ.
3151 1222 3212 1275 Ὀ
3264 1224 3365 1297 γὰρ
3418 1225 3615 1283 τούτοις
3672 1229 3776 1284 τοῖς

2171 1314 2342 1387 λόγοις
2373 1314 2552 1367 ἑαυτὸν
2601 1317 2990 1390 προκατασχιῖιη
3042 1317 3217 1364 πᾶσαν
3267 1309 3484 1383 ἀτιμίαν
3531 1309 3777 1364 ἐλάττονα

2174 1406 2384 1479 εὑρήσει
2413 1411 2505 1465 τῆς
2531 1402 2788 1465 ἀληθείας.
2841 1402 2994 1454 Ούτω
3047 1403 3150 1474 γὰρ
3180 1404 3271 1452 καὶ
3298 1407 3369 1469 τῷ
3399 1399 3576 1475 ἐχθρῷ
3631 1398 3774 1473 ἀμή-

2172 1512 2337 1565 χανον
2389 1495 2800 1552 κατασκευάσεις
2855 1495 2949 1550 τὴν
3015 1490 3237 1563 ἄμυναν,
3283 1490 3508 1563 ἄτρωτον
3563 1492 3775 1541 σεαυτὸν

2174 1590 2286 1644 ταῖς
2336 1579 2624 1658 λοιδορίαις
2682 1578 2884 1641 δεικνύς
2916 1601 2930 1613 ·
3007 1584 3098 1633 καὶ
3171 1586 3374 1648 σεαυτῷ
3449 1581 3611 1650 μέγαν
3685 1586 3776 1639 τῆς

2175 1673 2436 1745 ὑπομονῆς
2474 1672 2804 1747 προξενήσεις
2845 1674 2930 1723 τόν
2985 1673 3252 1741 στέφανον,
3301 1671 3394 1726 τὴν
3446 1666 3616 1741 ἑτέρου
3668 1687 3776 1739 μα-

2176 1766 2288 1814 νίαν
2347 1760 2583 1837 ἀφορμὴν
2637 1761 2826 1821 οἰκείας
2875 1759 3179 1832 φιλοσοφίας
3221 1759 3541 1829 ποιούμενος.
3595 1756 3774 1828 Ὥστε,

2178 1850 2238 1904 ἀν
2269 1849 2383 1925 ἕμοὶ
2412 1852 2588 1924 πείθῃ,
2620 1855 2711 1904 καὶ
2763 1846 3147 1922 ἐπιδαψιλεύσῃ
3181 1856 3280 1900 τῶν
3310 1845 3525 1922 ὕϐρεων.
3581 1846 3772 1919 Ἀφανῆ

2181 1960 2239 1994 σε
2265 1938 2395 2009 εἶπε;
2429 1944 2517 1993 καὶ
2546 1936 2757 2005 ἄδοξον,
2791 1943 2880 1992 καὶ
2927 1934 3133 2011 μηδένα
3182 1932 3489 2009 μηδαμόθεν
3522 1952 3536 2003 ;
3598 1938 3664 1988 σὺ
3719 1931 3778 1988 δε

2176 2038 2275 2103 γῆν
2302 2030 2409 2083 εἰπε
2436 2033 2525 2082 καὶ
2559 2025 2756 2082 σποδόν
2790 2032 3028 2082 σεαυτόν.
3085 2025 3196 2079 Ούκ
3252 2024 3296 2078 εἰ
3351 2029 3650 2099 σεμνότερος
3687 2031 3777 2077 τοῦ

2176 2123 2366 2194 πατρὸς
2418 2120 2564 2191 ἡμῶν
2637 2117 2897 2193 Ἀϐραὰμ,
2952 2117 3005 2177 ὃς
3057 2114 3238 2167 ἑαυτὸν
3290 2122 3458 2168 ταῦτα
3512 2112 3774 2169 ἀπεκάλει.

2178 2210 2381 2283 Ἀμαθῆ
2416 2214 2505 2263 καὶ
2536 2200 2752 2281 πτωχὸν
2778 2212 2868 2261 καὶ
2912 2215 3003 2261 τοῦ
3054 2202 3276 2279 μηδενός
3329 2205 3520 2272 ditas;
3591 2208 3655 2257 σὺ
3718 2200 3777 2257 δὴ

2180 2298 2427 2357 σκώληκα
2477 2301 2692 2351 σεαυτόν
2751 2297 2877 2364 εἰπε,
2930 2301 3020 2348 καὶ
3066 2293 3167 2347 ἀπὸ
3220 2299 3437 2369 κοπρίας
3494 2296 3635 2366 ἔχειν
3682 2296 3776 2352 τὴν

2174 2392 2395 2461 γένεσιν,
2426 2389 2495 2440 τά
2520 2394 2611 2439 τοῦ
2659 2382 2826 2439 Δαϐὶδ
2868 2384 3028 2457 λέγων
3056 2384 3285 2459 ῥήματα.
3337 2386 3549 2443 Τούτοις
3603 2386 3777 2457 πρόσ-

2179 2478 2254 2539 θες
2283 2479 2457 2529 καὶτὸ
2485 2483 2576 2529 τοῦ
2607 2478 2866 2535 Μωυσέως
2904 2471 3080 2527 καλόν.
3133 2470 3372 2539 Ἐκεῖνος,
3423 2471 3525 2523 ύπό
3579 2469 3776 2545 Ἀαρὼν

2174 2570 2265 2619 καὶ
2310 2570 2515 2641 Μαρίας
2537 2561 2885 2640 λοιδορηθεὶς,
2917 2562 2976 2615 ού
3005 2564 3317 2633 κατενέτυχε
3344 2567 3417 2631 τῷ
3458 2567 3593 2630 Θεῷ,
3650 2557 3779 2612 ἀλλά

2175 2658 2513 2731 προσηύχετο
2543 2654 2669 2728 ὑπὲρ
2703 2652 2890 2707 αὐτῶν.
2945 2656 3106 2705 Τίνων
3137 2648 3317 2723 βούλει
3364 2650 3601 2722 μαθητὴς
3650 2644 3778 2701 εἶναι

2176 2745 2385 2819 μᾶλλον,
2419 2753 2517 2798 τῶν
2550 2742 2792 2817 θεοφιλῶν
2844 2747 2935 2795 καὶ
2990 2745 3260 2817 μακαρίων
3318 2735 3541 2815 ἀνδρῶν,
3600 2738 3629 2798 ἦ
3677 2745 3776 2792 τῶν

2175 2834 2276 2888 ὑπὸ
2323 2840 2416 2887 τοῦ
2468 2836 2750 2906 πνεύματος
2823 2839 2911 2893 τῆς
2996 2833 3248 2905 πονηρίας
3321 2827 3774 2903 πεπληρωμένων;

2173 2923 2335 2977 Ὀταν
2386 2942 2471 2976 σοι
2522 2924 2709 2995 κινηθῇ
2765 2928 2854 2982 τῆς
2900 2915 3165 2996 λοιδορίας
3216 2920 3523 2994 πειρασμὸς,
3588 2919 3780 2990 νόμιζα

2175 3015 2446 3090 κρίνεσθαι
2529 3013 2764 3079 σεαυτόν,
2835 3012 3049 3085 πότερον
3132 3004 3228 3061 διὰ
3273 3014 3365 3068 τῆς
3416 3007 3778 3082 μακροθυμίας

2174 3107 2507 3178 προσχωρεῖς
2531 3108 2604 3171 τῷ
2631 3101 2711 3173 (7)
2766 3107 2880 3170 Θεῷ
2910 3099 2939 3157 ἦ
2976 3094 3071 3151 διὰ
3118 3104 3208 3158 τῆς
3261 3095 3419 3172 ὀργῆς
3472 3093 3778 3170 ἀποτρέχεις

2106 1717 2145 1771 Β

2104 2965 2147 3020 C

2174 3195 2301 3269 πρὸς
2329 3195 2413 3245 τὸν
2438 3187 2724 3246 ἀντίδικον.
2787 3192 2877 3250 Δός
2930 3190 3110 3265 καιρὸν
3162 3194 3268 3247 τοῖς
3314 3184 3585 3259 λογισμοῖς
3627 3202 3779 3237 σεαυ-
3872 3196 3877 3203 ·

2172 3289 2264 3335 τοῦ
2293 3285 2387 3341 τὴν
2428 3279 2631 3353 ἀγαθὴν
2662 3278 2969 3343 ἐκλέξασθαι
2998 3272 3212 3353 μερίδα.
3263 3274 3330 3328 ’Π
3378 3277 3480 3349 γάρ
3511 3273 3776 3347 ὠφελησάς

2172 3391 2223 3425 τι
2248 3369 2481 3424 κάκεῖνον
2510 3378 2581 3441 τῷ
2618 3365 2968 3441 ὑποδείγματι
3014 3374 3104 3428 τῆς
3152 3369 3464 3442 πραότητος,
3524 3364 3553 3425 ἢ
3609 3363 3775 3436 χαλε-

2173 3465 2401 3537 πώτερον
2432 3461 2612 3533 ἠμύνω
2658 3455 2753 3512 διὰ
2803 3466 2894 3519 τῆς
2942 3455 3245 3532 ὑπεροψίας.
3302 3459 3366 3509 Τί
3420 3456 3522 3530 γὰρ
3576 3451 3636 3505 ἂν
3684 3456 3777 3525 γέ-

2172 3569 2311 3603 νοιτο
2337 3546 2709 3626 ὀδυνηρότερον
2762 3555 2835 3619 τῷ
2881 3544 3082 3622 ἔχθρῷ,
3129 3546 3160 3606 ἦ
3210 3548 3298 3598 τὸν
3346 3543 3538 3619 ἕχθρόν
3590 3541 3776 3596 ἑαυτοῦ

2174 3641 2297 3715 ὁρᾷν
2372 3638 2566 3714 ὕϐρεων
2642 3636 3004 3713 ὑψηλότερονς
3073 3638 3160 3694 Μὴ
3210 3631 3509 3705 καταϐάλῃς
3554 3637 3776 3684 σεαυτοῦ

2172 3734 2267 3787 τὴν
2342 3733 2575 3801 γνώμην,
2645 3724 2785 3801 μηδὶ
2868 3724 3080 3798 ἀνάσχῃ
3129 3724 3372 3795 γενέσθαι
3417 3719 3619 3793 ἑφικτὸς
3671 3726 3775 3781 τοῖς

2174 3818 2503 3894 ὑϐρίζουσιν.
2585 3816 2778 3872 ’Ἐασον
2850 3814 3001 3868 αὐτὸν
3073 3813 3318 3889 οἰπρακτά
3370 3829 3465 3863 σου
3518 3812 3594 3881 (8)
3651 3811 3776 3862 καθ-

2174 3905 2409 3961 υλακτεῖν
2443 3928 2456 3942 ο
2509 3903 2583 3981 ἐφ’
2630 3906 2796 3977 ἑαυτῷ
2851 3901 2887 3957 δ
2893 3903 3283 3980 ιαῤῥηγνύσθω.
3338 3899 3538 3974 Ὠσπερ
3594 3901 3697 3975 γὰρ
3749 3899 3776 3951 ὀ

2172 4001 2375 4051 τύπτων
2426 4001 2515 4051 τόν
2567 4001 2639 4070 μὴ
2700 3995 2957 4069 ἀλγοῦντα
3026 3993 3204 4047 ἑαυτὸν
3287 3998 3595 4066 τιμωρεῖται
3641 3990 3778 4062 (οῦτε

2171 4088 2274 4162 γὰρ
2326 4088 2411 4140 τὸν
2472 4085 2664 4163 ἐχθρόν
2721 4085 2974 4158 ἠμύνατο,
3028 4087 3118 4136 καὶ
3173 4084 3260 4134 τὸν
3328 4082 3489 4152 θυμόν
3543 4077 3638 4132 ούκ
3682 4076 3775 4130 ἀν-

2175 4176 2441 4247 έπαυσεν).
2492 4177 2652 4237 οὕτως
2682 4176 2708 4228 ὁ
2738 4177 2822 4228 τὸν
2882 4168 3221 4247 ἀλοιδόρητον
3279 4165 3548 4231 ὀνειδίζων
3600 4187 3775 4244 παρα·

2172 4270 2364 4340 μυθίαν
2416 4266 2576 4343 εύρεῖν
2631 4272 2722 4318 τοῦ
2775 4264 2973 4325 πάθους
3026 4262 3083 4315 ού
3157 4258 3399 4316 δύναται.
3473 4257 3775 4312 Τούναντίον

2171 4360 2262 4430 μὲν
2293 4352 2401 4426 οὖν,
2456 4358 2577 4431 ὅπερ
2631 4357 2774 4427 ἔφην,
2825 4357 2914 4406 καὶ
2975 4349 3297 4428 διαπρίεται.
3348 4349 3513 4408 Εὐθὺς
3563 4349 3664 4423 γάρ
3720 4345 3778 4399 ἔκ

2171 4455 2270 4500 τῶν
2323 4448 2588 4521 παρόντων
2647 4444 2733 4497 οἷα
2789 4442 3019 4518 ἑκάτερος
3077 4444 3219 4515 ὑμῶν
3276 4439 3774 4516 προσαγορεύεταις

2168 4524 2228 4590 Ὀ
2253 4538 2342 4610 μεν
2372 4531 2631 4611 λοίδορος,
2680 4538 2746 4587 σύ
2801 4529 2859 4587 δε
2888 4531 3259 4607 μεγαλόψυχος
3287 4550 3300 4563 -
3356 4532 3383 4581 ό
3431 4530 3521 4600 μὲν
3576 4525 3777 4601 ὀργίλος

2171 4630 2261 4679 καὶ
2284 4624 2533 4698 χαλεπὸς,
2591 4627 2658 4677 σὺ
2713 4620 2772 4677 δὶ
2817 4623 3151 4697 μακροθυμος
3207 4622 3297 4671 καὶ
3347 4621 3508 4691 πρᾶος
3539 4635 3551 4648 ·
3603 4614 3629 4667 ό
3685 4617 3775 4687 μὶν

2171 4720 2558 4790 μεταγνώσεται
2626 4711 2700 4787 ἐφ’
2766 4713 2839 4773 οἷς
2915 4708 3220 4782 ἐφθέγξατο,
3298 4709 3364 4758 σὺ
3419 4700 3478 4757 δε
3530 4701 3777 4757 οὐδεποτε

2176 4805 2506 4880 μεταμελήσῃ
2541 4804 2619 4876 (9)
2641 4810 2732 4863 τῆς
2764 4799 2966 4876 ἀρετῆς.

2096 4217 2141 4273 D

2243 5094 2297 5149 4.
2343 5095 2407 5147 Τί
2434 5081 2516 5145 δεῖ
2542 5089 2607 5144 τά
2634 5086 2798 5143 πολλὰ
2828 5084 2992 5159 λέγειν
3024 5101 3037 5153 ;
3092 5088 3176 5156 Τῷ
3228 5082 3318 5157 μὶν
3363 5078 3633 5137 ἀπέκλεισε
3681 5084 3774 5141 την

2172 5190 2270 5237 τῶν
2318 5181 2545 5256 οὐρανῶν
2596 5177 2870 5253 βασιλείαν
2923 5177 2954 5235 ἠ
3013 5171 3256 5251 λοιδορία
3285 5193 3299 5208 ·
3360 5168 3613 5244 Λοίδοροι
3671 5172 3773 5246 γάρ

2211 5309 2260 5345 ³⁵
2290 5310 2468 5364 Num.
2494 5322 2597 5376 xu,
2652 5310 2673 5363 t
2721 5319 2897 5378 seqq.

2167 5449 2305 5490 mus
2335 5428 2413 5506 ἐφ’
2452 5431 2658 5506 ἑαυτοῦ.

2240 5506 2317 5578 (9)
2346 5492 2489 5577 l'teg.
2520 5504 2755 5579 primus
2791 5496 3041 5556 οὐδέποτε
3070 5492 3495 5575 μεταμελητήσῃ.
