4098 6378
246 299 345 355 361

1401 294 1696 351 HOMILIA
1733 290 2107 349 ADVERSUS
2146 292 2431 350 IRATOS.

3508 297 3617 359 362

245 418 517 495 βασιλείαν
572 424 705 472 Θεοῦ
757 416 817 470 ού
882 415 1363 493 κληρονομήσουσι·
1433 421 1518 469 σοὶ
1583 412 1641 469 δὲ
1704 417 1846 474 ἡτοί-

1962 414 2272 472 reditatem
2310 417 2487 488 regni
2522 419 2633 475 Dei
2659 434 2780 476 non
2812 423 3253 491 consequentur
3277 420 3325 457 εδ
3359 438 3373 477 :
3406 420 3512 478 tibi
3543 422 3618 478 si-

243 528 380 583 μασε
420 512 512 567 τὴν
546 505 819 581 βασιλείαν
864 507 894 565 ἠ
951 510 1121 564 σιωπή
1155 506 1285 578 (10).
1331 505 1391 558 Ὀ
1422 508 1522 581 γὰρ
1569 507 1846 580 ὑπομείνας

245 599 311 660 εἰς
372 595 528 665 τέλος,
610 596 756 658 οὗτος
823 597 1143 654 σωθήσεται.
1210 594 1549 669 Ἀμυνόμενος
1617 592 1676 648 δὲ
1756 599 1845 647 καὶ

244 687 311 749 εἰς
354 686 466 741 iam
512 683 1001 759 ἀντικαθιστάμενος
1039 693 1111 757 τῷ
1148 681 1393 761 λοιδόρῳ,
1431 690 1483 738 τί
1522 690 1611 738 καὶ
1652 683 1845 738 ἀπολο-

242 782 386 851 γήσῃ
438 794 452 845 ;
494 776 614 830 *Οτι
657 775 925 852 παρώξυνε
965 775 1223 850 κατάρξας
1282 791 1295 844 ;
1345 781 1446 830 Καὶ
1498 781 1648 837 ποίας
1696 783 1845 828 τοῦτο

248 871 563 940 συγγνώμης
609 865 750 930 ἄξιον
780 880 794 932 ;
854 861 994 918 Οὐδὲ
1040 866 1142 940 γάρ
1172 867 1196 918 6
1223 869 1426 942 πόρνος,
1473 864 1558 919 ἐπὶ
1587 870 1679 926 τὴν
1713 865 1846 918 irai-

246 976 341 1033 ραν
396 960 489 1016 τὴν
543 955 711 1008 αἰτίαν
763 956 1048 1028 μετατιθεὶς
1105 958 1169 1016 ὡς
1235 958 1360 1032 πρός
1425 959 1519 1014 τὴν
1587 953 1845 1030 ἁμαρτίαν

249 1041 637 1123 διερεθίσασαν,
689 1044 841 1103 ἧττον
886 1052 979 1106 τῆς
1027 1048 1379 1121 κατακρίσεως
1422 1045 1539 1117 (Η)
1589 1042 1845 1108 ἀξιοῦται.

249 1137 384 1189 Οῦτε
441 1138 676 1208 στέφανοι
726 1139 894 1211 χωρὶς
952 1133 1365 1207 ἀνταγωνιστῶν,
1425 1137 1541 1188 οὔτε
1591 1140 1849 1209 πτώματα

248 1229 411 1301 ⁴χωρὶς
470 1221 778 1280 ἀντιπάλων.
834 1222 1026 1278 Ἀκουε
1076 1232 1169 1277 τοῦ
1225 1219 1395 1278 Δαϐὶδ
1449 1224 1703 1296 λέγοντος·
1765 1223 1845 1280 Ἐν

242 1322 316 1386 τῷ
386 1322 644 1373 συστῆναι
703 1317 788 1368 τὸν
857 1312 1162 1391 ἁμαρτωλὸν
1222 1313 1443 1369 ἐναντίον
1507 1335 1629 1389 μου,
1719 1314 1848 1388 ούχὶ

239 1403 602 1480 παρωξύνθην,

241 1495 609 1562 ἑταπεινώθην,
668 1498 758 1548 καὶ
804 1495 1039 1568 ἐσίγησα
1089 1493 1142 1558 ἐξ
1195 1492 1423 1567 ἀγαθῶν.
1484 1499 1551 1548 Σὺ
1616 1491 1675 1549 δὲ
1718 1515 1849 1571 παρ-

241 1582 394 1659 οξύνῃ
568 1586 634 1646 ὡς
664 1583 748 1638 ἐπὶ
793 1585 960 1659 φαύλη
1105 1581 1366 1661 λοιδορίαο
1411 1592 1546 1659 μιμῇ
1591 1581 1650 1638 δὲ
1693 1586 1849 1639 πάλιν

242 1676 308 1736 ὡς
351 1673 566 1748 ἀγαθόν.
606 1671 749 1729 Ἰδοὺ
790 1676 891 1750 γὰρ
942 1676 1121 1736 ἔπαθες
1164 1673 1200 1726 ἃ
1247 1672 1493 1747 ἐγκαλεῖς.
1538 1673 1606 1729 ⁴Η
1652 1678 1711 1729 τὸ
1758 1677 1847 1750 μεν

685 1400 809 1457 οὐδὲ
875 1406 1175 1479 ἠμυνάμην,
1232 1402 1338 1458 ἀλλ’
1393 1405 1701 1478 Ἐκωφώθην
1758 1408 1848 1458 καὶ

1953 503 2202 561 lentium
2231 521 2487 576 regnum
2511 508 2894 581 praeparavit.
2930 509 3045 576 Qui
3074 510 3231 565 enim
3258 513 3615 569 sustinuerit

1953 610 2140 667 usque
2167 595 2251 652 ad
2265 596 2468 667 ﬁnem,
2496 597 2595 654 hic
2624 598 2829 655 salvus
2860 601 2972 655 erit
2994 599 3061 655 ³⁵.
3098 598 3325 665 Quodsi
3346 616 3458 672 par
3483 601 3617 674 pari

1952 687 2201 755 referas,
2229 691 2285 743 et
2305 702 2378 744 ex
2406 704 2582 762 aequo
2612 686 2892 759 insurgas
2924 687 3217 745 adversus
3260 690 3619 748 conviciato-

1952 793 2103 845 rem,
2119 793 2309 852 quam
2326 779 2569 837 tandem
2582 780 2918 854 prietendes
2931 780 3424 837 excusationem?
3444 781 3618 848 Quod

1953 871 2010 925 te
2040 868 2205 940 prior
2241 869 2322 926 ad
2350 870 2504 927 iram
2542 871 2943 945 provocavit?
2988 870 3103 928 Sed
3134 870 3249 927 hoc
3288 887 3412 945 qua
3440 871 3619 932 venia

1954 957 2209 1031 dignum
2229 959 2257 1016 ‘l
2280 963 2483 1034 Neque
2514 961 2675 1018 enim
2698 966 2990 1019 scortator
3016 960 3123 1035 qui
3144 961 3385 1035 culpam
3406 961 3467 1019 in
3497 978 3620 1020 me-

1953 1050 2230 1109 retricem
2250 1050 2550 1121 transfert,
2576 1057 2871 1127 tanquam
2897 1068 3036 1127 quas
3064 1051 3144 1110 ad
3172 1057 3491 1126 peccatum
3511 1052 3620 1112 im-

1954 1141 2195 1215 pulerit,
2244 1141 2558 1200 remissius
2605 1142 3069 1201 condemnatur.
3122 1145 3327 1217 Neque
3376 1159 3620 1202 coronae

1955 1230 2257 1293 habentur
2280 1230 2407 1288 sine
2428 1231 2807 1301 adversariis,
2840 1247 3039 1306 neque
3071 1235 3299 1303 strages
3325 1232 3453 1290 sine
3481 1231 3623 1290 hos-

1955 1320 2136 1378 tibus.
2190 1319 2343 1378 Audi
2386 1321 2578 1379 David
2623 1320 2925 1380 dicentem
2983 1337 2998 1379 :
3048 1323 3208 1380 Dum
3270 1323 3621 1382 consisteret

1952 1416 2237 1484 peccator
2258 1411 2577 1470 adversum
2599 1428 2709 1485 me,
2739 1429 2865 1471 non
2891 1429 3028 1471 sum
3067 1416 3484 1485 exasperatus,
3506 1428 3620 1472 nec

1955 1500 2119 1558 ultus
2140 1516 2296 1573 sum,
2323 1501 2432 1558 sed
2455 1501 2742 1559 Obmutui
2761 1507 2816 1559 et
2843 1502 3199 1574 humiliatus
3223 1517 3377 1572 sum,
3399 1507 3457 1559 et
3476 1502 3624 1561 silui

1958 1605 1998 1649 a
2038 1590 2205 1648 bonis
2225 1592 2294 1648 ³⁷.
2330 1592 2416 1648 Tu
2442 1606 2587 1650 vero
2617 1591 2998 1649 exacerbaris
3030 1590 3281 1665 quidem
3307 1590 3388 1650 ob
3420 1592 3622 1650 convi-

1958 1682 2123 1738 cium
2164 1680 2327 1737 velut
2358 1679 2590 1738 malum
2632 1697 2646 1737 :
2695 1679 2804 1737 sed
2834 1684 3038 1738 tamen
3076 1678 3327 1738 imitaris
3356 1679 3506 1737 illud
3534 1680 3623 1740 uti

244 1761 506 1842 ἀλλότριον
548 1766 708 1817 κακόν
753 1762 1001 1838 ἐπιμελῶς
1051 1762 1432 1833 καταϐλέπειςς
1481 1767 1538 1819 τὸ
1586 1761 1646 1818 δε
1699 1783 1850 1818 σεαυ-

1962 1766 2211 1825 bonum.
2260 1770 2410 1826 Ecce
2449 1769 2611 1827 enim
2657 1768 2810 1827 facis
2851 1769 3020 1845 quod
3060 1769 3477 1845 reprehendis.
3530 1774 3622 1829 An

240 1860 332 1907 τοῦ
380 1852 612 1929 αἰσχρὸν
663 1849 903 1928 οὐδαμοῦ
953 1854 1111 1914 τιθεῖς
1170 1869 1185 1922 ;
1246 1857 1479 1931 Πονηρόν
1536 1855 1567 1914 ἡ
1630 1852 1775 1930 ὕϐρις
1831 1869 1847 1923 ;

244 1950 399 2016 φεῦγε
424 1946 541 2015 (l2)
582 1947 676 2003 τὴν
714 1946 963 2017 μίμησιν.
1006 1942 1082 1996 Οὐ
1110 1945 1213 2019 γὰρ
1259 1939 1328 2005 δὴ
1377 1946 1435 1997 τὸ
1465 1944 1634 2021 ἕτερον
1662 1963 1853 2021 καταρ-

247 2032 334 2096 ξαι
374 2031 548 2087 ἰκανὸν
596 2032 664 2094 εἰς
719 2037 1059 2109 παραίτησιν.
1112 2036 1436 2109 Δικαιότερον
1625 2029 1735 2103 οὖν,
1784 2037 1850 2097 ὡς

248 2120 469 2197 ἐμαυτὸν
556 2124 738 2192 πείθω,
820 2127 911 2177 καὶ
976 2121 1222 2177 ἐπιτεῖναι
1297 2126 1390 2183 τὴν
1468 2122 1847 2196 ἀγανάκτησιν,

245 2209 386 2267 διότι
431 2213 457 2266 6
499 2216 591 2288 μεν
639 2213 733 2266 οὑκ
776 2209 888 2286 εἶχε
933 2216 993 2267 τό
1039 2215 1357 2291 σωφρονίζον
1405 2211 1724 2290 ὑπόδειγμα·
1781 2220 1847 2270 σὺ

247 2299 328 2372 δὲ,
378 2302 582 2378 βλέπων
633 2302 1045 2378 ἀσχημονοῦντα
1086 2307 1173 2358 τὸν
1206 2304 1559 2381 ὀργιζόμενον,
1592 2305 1687 2360 οὐκ
1730 2305 1850 2381 ἔφυ-

242 2393 381 2459 λάξω
411 2395 573 2451 αὑτοῦ
615 2399 710 2455 τὴν
754 2396 1027 2469 ὁμοίωσιν,
1079 2393 1187 2449 ἀλλ’
1232 2394 1534 2468 ἀγανακτεῖς
1572 2401 1663 2450 καὶ
1691 2396 1849 2471 χαλε-

242 2488 441 2546 παίνεις
480 2488 573 2539 καὶ
617 2482 919 2562 ἀντοργίζῃ·
953 2489 1043 2539 καὶ
1088 2489 1285 2558 γίνεταί
1318 2505 1411 2539 σου
1436 2485 1552 2560 (13)
1589 2488 1646 2541 τὸ
1685 2488 1847 2551 πάθος

246 2571 502 2649 ἀπολογία
550 2582 643 2628 τοὺ¹
696 2573 1058 2651 προλαϐόντος.
1115 2575 1299 2639 Αύτοῖς
1362 2578 1465 2653 γὰρ
1532 2577 1606 2639 οἷς
1661 2585 1844 2647 ποιεῖς,

247 2664 481 2722 κάκεῖνον
534 2665 701 2727 αἰτίας
749 2664 922 2739 ἀφίης,
985 2670 1077 2720 καὶ
1140 2668 1353 2721 σεαυτόν
1402 2671 1742 2744 κατακρίνεις.
1789 2666 1851 2722 Εἰ

247 2758 336 2831 μὲν
377 2759 480 2834 γὰρ
511 2758 735 2833 πονηρὸν
767 2755 792 2810 ὁ
836 2757 1012 2830 θυμὸς,
1041 2760 1094 2810 τί
1132 2755 1228 2810 οὐκ
1270 2755 1524 2822 ἐξέκλινας
1559 2760 1619 2811 τὸ
1641 2761 1799 2811 κακόν
1831 2774 1848 2828 ;

249 2845 294 2902 εἰ
343 2843 404 2900 δε
453 2850 765 2920 συγγνώμης
813 2845 979 2915 ἄξιον,
1032 2866 1083 2900 τι
1148 2845 1480 2920 χαλεπαίνεις
1530 2856 1604 2921 τῷ
1661 2850 1852 2922 θυμου-

252 2939 385 3011 μένῳ
413 2952 428 3006 ;
456 2928 635 3007 “no-ti,
686 2936 731 2989 εἰ
770 2932 1004 3013 δεύτερος
1047 2931 1194 2999 ἦλθες
1250 2940 1377 3013 πρὸς
1423 2942 1517 2998 τὴν
1558 2936 1849 3008 ἀντίδοσιν,

251 3022 406 3080 οὐδέν
450 3044 507 3081 σε
546 3033 695 3080 τοῦτο
725 3024 922 3084 ὀνήσει.
965 3022 1106 3080 Ούὸε
1132 3029 1234 3105 γὰρ
1285 3026 1333 3080 ἐν
1375 3035 1481 3091 τοῖς
1526 3033 1854 3103 στεφανίταις

1960 1857 2225 1916 alienum
2241 1859 2474 1917 malum
2494 1858 2809 1931 diligenter
2828 1859 3081 1917 intueris
3102 1863 3131 1917 ?
3149 1859 3324 1916 ducis
3344 1876 3490 1918 vero
3509 1875 3622 1935 pro

1957 1946 2145 2006 nihilo
2190 1952 2361 2006 tuam
2397 1949 2589 2023 ipsius
2628 1949 3060 2023 turpitudinem
3088 1949 3118 2005 τ
3148 1952 3358 2007 Nonne
3387 1949 3623 2007 malum

1959 2038 2329 2096 contumelia
2363 2040 2392 2097 ?
2412 2041 2565 2097 Cave
2594 2039 2865 2097 imiteris.
2899 2042 3050 2098 Nam
3078 2039 3378 2113 incepisse
3409 2040 3622 2110 alium,

1957 2143 2084 2187 non
2107 2128 2329 2187 sufﬁcit
2346 2128 2426 2187 ad
2449 2129 2927 2188 excusationem.
2950 2133 3077 2187 lmo
3096 2144 3238 2186 vero
3258 2129 3492 2203 aequius
3510 2136 3622 2202 est,

1955 2225 2024 2280 ut
2066 2221 2215 2279 mihi
2259 2221 2619 2296 persuadeo,
2668 2221 2903 2279 intendi
2949 2222 3131 2280 etiam
3180 2222 3508 2280 adversum
3564 2227 3624 2281 te

1956 2312 2291 2387 querelam,
2323 2310 2492 2386 quod
2515 2311 2614 2368 ille
2644 2311 2992 2386 exemplum
3017 2327 3142 2386 quo
3169 2311 3622 2386 emendaretur,

1955 2414 2351 2473 nequaquam
2379 2398 2676 2457 habuerit.
2707 2400 2793 2457 Tu
2821 2403 3026 2457 tamen
3049 2397 3265 2456 videns
3290 2398 3513 2457 iratum
3532 2399 3624 2457 in-

1956 2488 2175 2546 decore
2188 2504 2250 2546 se
2268 2493 2599 2561 gerentem,
2610 2502 2736 2546 non
2747 2486 2908 2545 illius
2923 2487 3123 2546 vitasti
3137 2487 3590 2546 similitudinem
3605 2501 3621 2546 :

1958 2577 2067 2635 sed
2094 2577 2455 2649 indignaris,
2476 2582 2536 2635 et
2564 2591 2722 2650 aegre
2750 2576 2892 2648 fers,
2923 2581 2982 2636 et
3006 2577 3271 2635 vicissim
3304 2577 3620 2636 irasceris:

1957 2667 2217 2742 ideoque
2248 2673 2352 2726 tua
2377 2667 2568 2741 ipsius
2598 2666 2975 2740 perturbatio
3006 2666 3413 2739 aggredientis
3453 2683 3622 2727 exor-

1958 2755 2302 2832 dientisque
2314 2755 2583 2813 defensio
2602 2756 2671 2814 ﬁt
2685 2760 2741 2814 et
2760 2756 3086 2815 excusatio.
3106 2758 3259 2814 Nam
3276 2772 3384 2831 per
3398 2772 3470 2816 ea
3484 2772 3623 2832 qua

1958 2847 2089 2923 ipse
2134 2847 2303 2917 facis,
2337 2851 2466 2904 tum
2505 2846 2617 2919 87
2664 2845 2835 2904 illum
2871 2846 3097 2905 liberas
3144 2845 3343 2921 culpa,
3394 2851 3523 2905 tum
3568 2852 3624 2906 te

1958 2938 2089 3014 ipse
2141 2937 2541 2995 condemnas.
2594 2935 2824 2993 Etenim
2876 2935 2928 2994 si
2964 2935 3200 2993 malum
3230 2938 3320 2994 ira
3364 2941 3474 3009 est,
3516 2949 3626 2995 cur

1960 3027 2195 3086 malum
2223 3041 2350 3085 non
2377 3024 2694 3084 declinasti
2726 3025 2755 3082 7
2786 3024 2887 3083 Sin
2936 3030 3139 3083 autem
3183 3026 3505 3099 quidpiam
3534 3029 3625 3085 est

252 3115 451 3190 ἀγῶσιν
503 3116 531 3169 ὁ
584 3115 842 3193 κατάρξας
893 3125 993 3170 τῶν
1036 3117 1436 3193 παλαισμάτων,
1471 3117 1579 3172 ἀλλ’
1628 3121 1655 3173 ό
1697 3121 1852 3198 ὑπερ·

1962 3121 2140 3179 venia
2179 3117 2460 3189 dignum,
2503 3130 2612 3174 cur
2639 3114 2912 3172 infensus
2955 3131 3021 3172 es
3057 3115 3396 3174 irascenti?
3424 3119 3622 3184 Quare

249 3205 550 3281 ϐαλλόμενος
639 3207 752 3279 (14)
846 3214 1203 3281 στεφανοῦται.
1297 3212 1399 3263 Καὶ
1491 3215 1853 3288 κατακρίνεται

245 3300 418 3351 τοίνυν
461 3296 591 3369 οῦχὶ
619 3300 775 3370 μόνον
823 3296 850 3349 ὁ
897 3299 1333 3372 καθηγησάμενος
1367 3306 1458 3353 τοῦ
1495 3296 1689 3356 δεινοῦ.
1742 3298 1850 3353 ἀλλ’

146 3436 157 3442 ,
248 3386 276 3438 ὁ
320 3390 411 3440 καὶ
464 3392 675 3462 πονηρῷ
724 3387 941 3459 ἡγεμόνι
986 3390 1115 3461 πρὸς
1155 3391 1250 3446 τὴν
1291 3387 1551 3465 ἁμαρτίαν
1582 3388 1853 3454 ἐξακολου·

250 3476 435 3537 θήσας.
496 3474 615 3529 Ἐὰν
683 3475 883 3534 πένητά
941 3493 1000 3529 σε
1053 3481 1338 3552 προσείπῃ,
1399 3477 1444 3532 εἰ
1517 3482 1608 3552 μὲν
1680 3477 1847 3540 ἀληθῆ

249 3566 403 3640 λέγει,
452 3561 738 3628 κατάδεξαι
799 3569 893 3626 τὴν
952 3563 1216 3631 ἀλήθειαν
1275 3567 1318 3621 εἰ
1375 3563 1436 3621 δι
1476 3566 1747 3641 ψεύδεται,
1801 3575 1853 3626 τί

248 3659 375 3733 πρὸς
416 3659 474 3710 σε
523 3658 581 3709 τό
610 3654 880 3729 λεγόμενον
912 3671 927 3725 ;
959 3659 1106 3715 Μήτε
1134 3659 1260 3734 πρὸς
1290 3654 1529 3720 ἐπαίνους
1569 3661 1853 3735 χαυνωθῇς

246 3750 365 3809 τοὺς
407 3748 534 3823 ὅπερ
581 3749 675 3805 τὴν
716 3744 979 3805 ἀλήθειαν·
1030 3751 1163 3820 μήτε
1217 3750 1344 3823 πρὸς
1388 3747 1563 3825 ὕϐρεις
1602 3748 1853 3827 ἀγριανῇς

248 3840 340 3900 τὰς
377 3835 484 3911 οὐχ
521 3836 809 3910 ἁπτομένας
849 3854 965 3892 σου.
1013 3836 1124 3891 Ούκ
1154 3838 1276 3915 ὁρᾷς
1302 3840 1368 3892 τά
1402 3839 1713 3915 τοξεύματα,
1746 3850 1853 3905 πῶς

249 3936 348 3982 τῶν
395 3930 485 4002 μεν
524 3925 746 4003 περῥῶν
798 3930 889 3980 καὶ
934 3924 1221 3981 ἀντιτύπων
1265 3933 1458 4003 πέφυκε
1507 3927 1851 3992 διεκπίπτειν.

253 4015 302 4071 ἓν
334 4013 393 4071 δε
415 4015 763 4083 τοῖςκάπαλοῖς
788 4021 879 4070 καὶ
906 4018 1184 4072 ὑπείκουσι
1212 4022 1306 4079 τὴν
1338 4021 1503 4097 ὁρμὴν
1535 4021 1802 4077 ὑπεκλύειν
1836 4040 1853 4094 ;

253 4113 495 4163 Τοιοῦτον
545 4103 612 4166 δή
650 4124 706 4176 τι
748 4107 929 4181 νόμιζε
981 4105 1111 4161 εἶναι
1162 4113 1253 4161 καὶ
1309 4113 1369 4163 τό
1424 4118 1515 4173 τῆς
1566 4108 1851 4190 λοιδορίας.

252 4194 313 4251 Ὀ
358 4200 449 4271 μεν
494 4193 797 4250 ἀντιϐαίνων
847 4196 914 4259 εἰς
971 4196 1152 4252 ἑαυτὸν
1198 4196 1573 4274 καταδέχεται·
1620 4204 1646 4256 6
1693 4200 1751 4257 δὲ
1782 4203 1857 4258 ἕν-

257 4283 442 4348 διὸοὑς
483 4290 573 4341 καὶ
615 4287 837 4340 ὑπείκων
886 4284 934 4340 ἓν
977 4295 1040 4361 τῇ
1091 4287 1382 4350 ἀπαλότητι
1419 4298 1511 4345 τοῦ
1540 4297 1733 4368 τρόπον
1760 4299 1856 4354 τὴν

254 4372 332 4432 ἔπ’
390 4376 545 4431 αὑτὸν
612 4380 890 4452 φερομένην
954 4382 1207 4454 πονηρίαν
1265 4376 1493 4437 διέλυσε.
1561 4388 1625 4437 Τί
1680 4380 1742 4437 δέ
1798 4404 1857 4440 σε

1961 3209 2071 3270 etsi
2099 3206 2395 3283 posterior
2415 3220 2530 3281 par
2550 3203 2687 3280 pari
2728 3202 3006 3274 retulisti,
3053 3204 3204 3261 nihil
3244 3204 3388 3262 inde
3419 3206 3624 3280 capies

1960 3296 2379 3359 emolumenti.
2410 3300 2615 3370 Neque
2645 3294 2808 3352 enim
2846 3292 2909 3352 in
2940 3293 3373 3352 certaminibus
3401 3295 3465 3352 in
3488 3296 3621 3370 qui-

1958 3390 2076 3450 bus
2107 3387 2428 3464 praemium
2467 3400 2694 3443 corona
2732 3385 3115 3460 proponitur,
3153 3385 3500 3443 certaminis
3528 3386 3623 3444 in-

1958 3486 2186 3557 ceptor,
2207 3477 2317 3536 sed
2332 3476 2523 3535 victor
2537 3481 2883 3534 coronatur.
2902 3475 3254 3551 Idcircoque
3273 3492 3397 3534 non
3423 3475 3623 3536 solum

1958 3572 2067 3647 qui
2094 3570 2243 3628 mali
2272 3571 2482 3626 auctor
2508 3565 2638 3636 fuit,
2671 3565 2778 3623 sed
2803 3566 2983 3623 etiam
3012 3566 3118 3640 qui
3139 3565 3371 3624 malum
3401 3565 3622 3627 ducem

1960 3661 2042 3721 ad
2070 3663 2388 3735 peccatum
2415 3660 2656 3714 secutus
2687 3660 2794 3719 est,
2819 3656 3281 3713 condemnatur.
3313 3657 3371 3713 Si
3395 3663 3452 3714 te
3472 3673 3625 3731 pau-

1960 3766 2169 3827 perem
2207 3745 2621 3823 appellaverit,
2651 3744 2704 3803 si
2732 3760 2945 3801 verum
2973 3744 3275 3819 loquatur,
3301 3747 3501 3819 perfer
3521 3763 3622 3804 γε·

1958 3841 2198 3901 ritatem
2218 3839 2341 3910 ;sin
2361 3836 2667 3907 mentitur,
2688 3834 2837 3909 quid
2859 3834 2940 3892 ad
2953 3840 3005 3893 te
3025 3834 3193 3910 quod
3212 3834 3363 3893 dixit
3378 3836 3623 3907 7Neque

1962 3930 2231 3991 eﬂ'eraris
2261 3927 2342 3987 ob
2370 3943 2474 3985 eas
2504 3942 2642 4001 quae
2671 3941 2883 3983 verum
2907 3925 3207 3983 excedunt
3227 3925 3442 3985 laudes
3474 3945 3488 3997 ;
3518 3942 3625 3985 ne-

1962 4038 2082 4101 que
2107 4020 2188 4079 ob
2215 4016 2612 4077 contumelias
2631 4032 2768 4090 quae
2799 4018 2853 4073 te
2874 4029 2999 4073 non
3018 4015 3341 4087 attingunt,
3371 4032 3625 4091 exaspe-

1963 4113 2132 4171 reris.
2182 4116 2273 4169 An
2296 4124 2422 4166 non
2451 4106 2623 4164 vides
2652 4104 2966 4180 quomodo
2998 4105 3232 4177 sagittae
3262 4106 3531 4177 duriora,
3570 4110 3630 4165 et

1963 4220 2102 4279 quae
2143 4201 2504 4266 renituntur,
2554 4194 2789 4253 soleant
2829 4199 3165 4267 penetrare,
3221 4195 3285 4253 in
3338 4196 3628 4254 mollibus

1962 4309 2108 4353 vero
2124 4297 2180 4350 et
2200 4307 2337 4366 qua:
2359 4287 2599 4355 cedant,
2622 4286 2920 4359 impetum
2938 4300 3118 4341 suum
3143 4285 3457 4356 frangere?
3478 4289 3630 4344 Con-

1968 4383 2160 4442 simile
2189 4378 2509 4456 quiddam,
2540 4375 2882 4434 convicium
2912 4391 3044 4432 esse
3071 4381 3242 4449 puta.
3278 4376 3389 4443 Qui
3420 4382 3631 4435 contra

250 4470 509 4545 ταράσσει
556 4468 586 4526 ἠ
637 4472 973 4544 προσηγορία
1018 4476 1110 4521 τοῦ
1156 4472 1413 4542 πένητος;
1455 4475 1739 4535 Μνὴσθητι
1765 4484 1853 4539 τῆς

1969 4472 2177 4544 tendit,
2200 4470 2265 4528 id
2307 4471 2367 4554 ip
2394 4485 2456 4525 se
2482 4465 2728 4539 recipit:
2775 4465 2882 4539 qui
2932 4480 3072 4523 vero
3113 4465 3364 4522 remisse
3406 4468 3529 4538 agit
3559 4483 3632 4525 ac

255 4561 452 4634 φύσεως
497 4564 737 4612 σεαυτοῦ·
780 4560 859 4611 ὃτι
892 4561 1087 4633 γυμνὸς
1129 4560 1198 4622 εἰς
1244 4563 1331 4614 τὸν
1374 4567 1571 4637 κόσμον
1625 4564 1857 4630 εἰσῆλθες

256 4651 446 4723 γυμνὸς
491 4652 582 4702 καὶ
626 4645 905 4723 ἀπελεύσῃ.
951 4651 1016 4703 Τί
1073 4645 1133 4702 δὲ
1182 4658 1383 4724 γυμνοῦ
1429 4658 1798 4734 πενιχρότερον
1839 4672 1855 4727 ;

253 4736 423 4794 οὐδἐν
465 4738 696 4802 ἤκουσας
726 4734 915 4810 δεινὸν,
966 4737 1053 4793 ἰὰν
1098 4743 1173 4814 μὴ
1202 4749 1405 4817 σεαυτῷ
1449 4743 1722 4823 οἰκειώσης
1744 4751 1857 4822 (15)

320 4915 373 4958 ’⁸
401 4921 424 4978 Ι
453 4922 587 4980 Cor.
615 4934 692 4989 IV,
729 4921 814 4978 10.
893 4919 943 4959 ’⁸
981 4920 1188 4983 Matth.
1218 4937 1275 4993 χ,
1298 4921 1388 4981 22.

322 5046 444 5120 (10)
470 5045 881 5129 Beg._primus
909 5046 1168 5123 ἡτοίμασε
1199 5054 1294 5111 τὴν
1328 5056 1594 5129 σωτηρίαν
1624 5055 1678 5125 ἡ,
1707 5071 1871 5128 prce-

253 5119 507 5191 paravit
535 5119 817 5191 salutem.

327 5193 442 5276 (tl)
482 5190 688 5276 cedes
716 5190 991 5276 geist...“
1018 5192 1188 5276 C_o_lb.
1222 5195 1433 5253 tertius
1480 5205 1580 5262 τῆς
1623 5204 1869 5276 κρίσεως.

259 5262 474 5321 Statim
502 5261 607 5342 ubi
638 5266 704 5342 et_
720 5263 781 5318 in
803 5263 980 5342 editis
1009 5270 1067 5320 et
1092 5266 1155 5342 in
1182 5284 1334 5342 mss.
1364 5261 1601 5342 magno
1628 5261 1780 5328 inter
1807 5261 1873 5329 se

260 5349 572 5417 consensu
590 5332 1108 5417 legiturzrratpam,
1125 5338 1253 5417 legi
1269 5332 1514 5417 debere
1526 5348 1755 5417 τρόπαια
1774 5361 1873 5401 su-

261 5406 529 5487 spicatur
571 5406 663 5463 vir
690 5406 1083 5487 doctissimus
1112 5406 1517 5487 Combetisius
1548 5406 1721 5487 cujus
1759 5432 1873 5473 nos

261 5477 694 5566 cenj‘ecturam.
718 5477 834 5533 nisi
862 5478 998 5566 libri
1019 5486 1255 5566 ‘veteres
1275 5477 1682 5566 prohiberent,
1706 5487 1871 5566 haud

258 5550 320 5605 in
331 5550 849 5627 vitisequeremur.
865 5550 1089 5627 Quodsi
1104 5550 1406 5627 quispiam
1417 5550 1873 5626 ,reluctantibus

259 5620 563 5699 veteribus
584 5620 773 5699 libris,
813 5626 1048 5699 rpimmat
1068 5620 1267 5699 legere
1298 5620 1490 5699 malit,
1523 5630 1607 5686 sic
1645 5636 1872 5687 vertere

260 5691 482 5765 poterit
511 5706 701 5819 negue
727 5691 959 5783 tropica
996 5691 1445 5759 sine'hostibus.
1476 5691 1711 5760 ibidem
1746 5702 1871 5761 duo

631 5779 833 5823 Ατιιοι..
877 5772 979 5824 (ιιι.
1018 5769 1194 5824 XXXI.

631 5779 833 5823 Ατιιοι..
877 5768 979 5824 Gn.
1018 5769 1194 5825 XXXI.

1969 4563 2149 4633 cedit,
2179 4546 2420 4618 morum
2448 4556 2692 4615 lenitate
2719 4553 2950 4612 illatam
2971 4553 3087 4610 sibi
3106 4554 3187 4626 inj
3198 4554 3391 4611 uriam
3416 4554 3634 4613 dissol-

1966 4655 2072 4713 vit.
2106 4651 2261 4721 Quid
2289 4654 2493 4708 autem
2519 4653 2574 4704 te
2595 4643 2909 4720 perturbat
2929 4644 3217 4717 pauperis
3249 4643 3635 4715 cognomen?

1965 4746 2029 4805 in
2057 4745 2324 4803 mentem
2342 4738 2549 4798 veniat
2567 4740 2685 4796 tuae
2702 4737 2959 4806 naturae,
2979 4732 3150 4809 quod
3172 4733 3377 4793 nudus
3399 4735 3636 4807 ingres-

1468 4926 1515 4963 ³⁷
1557 4926 1716 4986 Psal.
1750 4932 1996 4997 xxxvm,
2025 4929 2086 5000 2,
2116 4928 2177 4985 3.

1980 5045 2313 5124 Colbertini
2334 5045 2515 5124 ᾄκονεο
2592 5114 2603 5124 ,
2632 5119 2641 5124 _

2056 5108 2169 5193 (ἴε)
2214 5121 2363 5179 Editi
2395 5114 2823 5194 egestum.
2856 5108 3134 5194 nonnulli
3161 5119 3334 5194 φεῦγε.

2051 5186 2169 5269 (13)
2204 5195 2297 5251 Sic
2329 5186 2504 5269 multi
2532 5188 2951 5269 libri_veteres.
2986 5186 3138 5242 Editi
3159 5186 3372 5269 iturast
3392 5204 3495 5269 σοι.

2055 5200 2141 5269 (t3
2204 5200 2297 5251 Sic
2329 5200 2504 5249 multi
2533 5200 2668 5245 llDI‘l
2694 5200 2951 5244 veteres.
2986 5200 3138 5242 nsum
3165 5200 3370 5267 γίνεταί
3392 5204 3495 5247 σοι.

2055 5200 2169 5341 (ιείῖ
2209 5270 2348 5337 Reg.
2380 5263 2617 5391 primus
2663 5257 3097 5334 ὑπερϐαλόμενος.
3141 5258 3469 5341 aliquanto
3508 5260 3648 5344 post

2055 5358 2130 5391 ss.
2163 5353 2373 5391 nonnu
2402 5337 2438 5391 li
2469 5333 2579 5387 ἀλλ’
2612 5334 2637 5384 ό
2662 5336 2755 5384 καὶ
2785 5338 3015 5391 πονηρῷ.
3050 5333 3350 5386 Articulus
3380 5348 3441 5388 ιη
3472 5333 3648 5390 edmg

1981 5333 2130 5399 mss.
2151 5333 2438 5395 'nonnuili
2469 5333 2579 5387 ἀλλ’
2612 5334 2637 5384 ὁ
2662 5333 3015 5403 καὶπονηρῷ.
3050 5333 3350 5403 Articulus
3380 5333 3441 5388 in
3472 5333 3648 5390 editis

1979 5429 2107 5471 non
2138 5409 2460 5468 invenitur.
2491 5402 2760 5463 Subinde
2790 5399 3099 5461 duo'mss.
3139 5399 3400 5477 ἁμαρτίαν
3431 5404 3645 5458 ἀκολου-

1986 5488 2047 5545 θή
2057 5504 2175 5547 σας.

2050 5559 2068 5613 (
2080 5544 2171 5622 15⁷)
2203 5550 2355 5610 Editi
2383 5550 2653 5621 οἰκειώση.
2686 5550 2759 5604 At
2788 5561 2937 5602 mss.
2972 5560 3095 5602 non
3133 5544 3317 5618 pauci
3346 5545 3643 5615 oixstéam.

1980 5622 2113 5687 de
2144 5626 2309 5686 Colb.
2341 5623 2574 5698 primus
2604 5624 2770 5695 φέρειν
2802 5621 3074 5690 γενναίως·

3373 5764 3439 5817 12
