4098 6454
482 347 585 401 363

1893 342 1952 399 S.
1994 341 2244 398 BASlLll
2273 343 2491 400 MAGNI

3745 356 3853 412 364

479 482 583 522 sus
622 481 687 524 es
744 466 806 522 in
862 465 1188 534 mundum,
1218 464 1544 541 nudusque
1593 481 1656 522 es
1686 479 2042 536 egressurus
2085 466 2106 501 ²

2248 467 2314 518 τὰ
2344 466 2605 541 εἰρημένα.
2633 472 2720 530 Τίς
2767 487 2886 521 ποτε
2934 466 3150 542 ἀπήχθη
3205 465 3301 523 διὰ
3342 476 3519 526 πενίαν
3549 474 3616 536 εἰς
3643 473 3852 552 δεσμω-

478 556 631 622 Quid
650 561 852 613 autem
880 556 1050 612 nudo
1078 556 1406 629 pauperius
1437 557 1564 612 est?
1582 555 1734 613 Nihil
1766 570 1948 625 grave
1971 554 2138 610 audi-

474 645 632 718 visti,
679 646 793 702 nisi
838 645 1005 720 quod
1036 661 1110 702 ea
1138 663 1275 719 quae
1316 646 1477 703 dicta
1517 650 1678 716 sunt,
1709 654 1817 701 tua
1846 643 2033 700 solius
2079 647 2136 700 et

472 735 721 809 propria
736 735 996 792 duxeris.
1021 736 1162 802 Quis
1179 751 1454 809 unquam
1478 737 1557 793 ob
1587 739 2006 809 paupertatem
2030 732 2137 790 ab-

473 825 690 882 ductus
719 829 808 882 est
834 825 894 882 in
923 841 1226 882 carcerem
1247 826 1274 880 ‘l
1307 827 1645 899 Pauperem
1690 841 1819 881 esse
1846 839 1970 881 non
2001 838 2136 896 pro-

469 914 724 972 brosum
747 919 858 984 est,
887 915 994 971 sed
1032 920 1456 988 paupertatem
1489 930 1779 986 generose
1808 929 1931 970 non
1957 913 2130 970 ferre.

470 1007 693 1065 Memor
734 1011 864 1064 esto
910 1007 1164 1075 Domini,
1198 1007 1312 1074 Qui
1340 1022 1475 1062 cum
1503 1007 1663 1063 dives
1685 1012 1852 1074 esset,
1879 1009 2133 1075 propter

468 1112 574 1154 nos
603 1112 821 1169 egenus
846 1097 1055 1167 factus
1087 1101 1170 1152 est
1199 1098 1266 1152 '9.
1291 1095 1550 1152 Stultum
1577 1100 1632 1151 te
1655 1099 1711 1151 et
1737 1094 2053 1150 indoctum
2081 1093 2130 1150 si

468 1187 804 1259 appellarit,
835 1185 1181 1242 memineris
1212 1200 1422 1242 earum
1451 1200 1588 1258 quae
1619 1199 1656 1241 a
1682 1183 1905 1240 Judeeis
1930 1183 1990 1239 in
2021 1198 2130 1239 ve-

465 1292 600 1334 ram
633 1275 996 1350 sapientiam
1023 1276 1199 1347 jactae
1232 1279 1392 1344 sunt,
1417 1273 1777 1341 injuriarum
1811 1290 1823 1329 :
1855 1273 2128 1330 Samari-

465 1371 647 1423 tanus
669 1380 747 1438 es,
779 1371 835 1422 et
860 1365 1221 1422 daemonium
1247 1364 1428 1420 habes
1459 1363 1527 1419 ³ο.
1557 1363 1730 1429 Quod
1757 1362 1804 1418 si
1829 1361 2122 1428 irasceris,

465 1455 842 1514 conﬁrmasti
873 1454 1120 1527 probra.
1155 1452 1383 1527 Ecquid
1414 1453 1576 1509 enim
1603 1451 1837 1509 stultius
1865 1457 1956 1509 est
1980 1453 2071 1509 ira
2097 1452 2126 1508 ?

465 1545 564 1604 Sin
597 1550 802 1602 autem
834 1542 1196 1617 tranquillus
1223 1548 1279 1600 et
1301 1543 1429 1600 sine
1456 1544 1544 1600 ira
1571 1541 2003 1616 permanseris,
2035 1541 2124 1599 in-

462 1635 617 1691 cutis
641 1633 943 1708 pudorem
993 1632 1404 1699 conviciatori,
1438 1648 1578 1688 cum
1608 1632 1996 1704 prudentiam
2034 1646 2123 1688 re-

458 1724 598 1798 ipsa
614 1723 950 1781 ostenderis
973 1727 1155 1794 atque
1176 1721 1560 1778 modestiam.
1581 1724 1782 1779 Caesus
1803 1719 1994 1794 alapis
2015 1736 2080 1777 es
2095 1720 2125 1775 ?

2244 561 2421 632 τήριον
2469 573 2482 624 ;
2535 557 2608 610 Ού
2655 561 2712 611 τὸ
2756 561 3000 612 πένεσθαι
3053 556 3423 631 ἐπονείδιστον,
3477 561 3604 617 ἀλλὰ
3649 569 3706 619 τὸ
3771 572 3844 640 μὴ

2247 650 2409 722 φέρειν
2441 647 2653 720 εὐγενῶς
2702 653 2794 708 τὴν
2842 653 3040 704 πενίαν.
3093 653 3372 710 Μνὴσθητι
3419 661 3510 706 τοῦ
3562 659 3843 710 Δεσπότου-

2244 736 2321 787 ὁτι
2371 735 2624 798 Πλούσιος
2667 739 2755 806 ὧν,
2805 736 3107 810 ἐπτώχευσε
3157 735 3215 792 δί
3265 741 3421 814 ἡμᾶς.
3483 743 3601 797 Ἐὰν
3647 746 3846 822 ἄφρονά

2246 844 2302 878 σε
2363 832 2451 879 καὶ
2534 825 2708 900 ἀμαθῆ
2796 830 3225 904 προσαγορεύσῃ,
3311 832 3681 906 ὑπομνὴσθητι
3745 846 3844 889 τῶν

2243 913 2547 969 Ἰουδαῐκῶν
2595 917 2807 992 ὕϐρεων,
2858 919 2936 979 αἷς
2978 923 3073 978 την
3127 918 3375 981 ἀληθινὴν
3420 927 3604 997 σοφίαν
3649 923 3844 980 ἐλοιδο-

2237 1010 2487 1081 ρὴσαντο.
2539 1014 2859 1082 Σαμαρειτης
2908 1004 2969 1076 εἶ,
3026 1013 3114 1062 καὶ
3182 1006 3456 1084 δαιμόνιον
3506 1016 3664 1086 ἔχεις.
3724 1015 3842 1070 Ἐὰν

2238 1098 2327 1168 μὲν
2379 1092 2466 1148 οὖν
2525 1095 2796 1171 ὀργισθῇς,
2867 1094 3180 1160 ἔϐεϐαίωσας
3235 1102 3297 1152 τὰ
3364 1098 3563 1160 ὀνείδη·
3621 1107 3673 1155 τί
3737 1106 3838 1180 γάρ

2237 1183 2394 1260 ὀργῆς
2439 1183 2848 1262 ἀφρονέστερον;
2900 1185 2986 1239 ἐὰν
3033 1184 3091 1242 δὲ
3137 1194 3314 1263 μείνῃς
3341 1189 3610 1267 ἀόργητος,
3654 1196 3840 1267 ᾔσχυ-

2234 1295 2322 1336 νας
2358 1278 2446 1328 τὸν
2499 1275 2810 1351 ὑϐρίσαντα,
2862 1278 2995 1351 ἔργῳ
3039 1281 3132 1336 τὴν
3183 1283 3525 1356 σωφροσύνην
3576 1279 3839 1346 ἐπιδειξά-

2235 1384 2399 1439 μενος.
2443 1364 2834 1439 Ἐῥραπίσθης;
2879 1371 2968 1418 καὶ
3014 1369 3116 1442 γὰρ
3149 1373 3238 1421 καὶ
3273 1370 3298 1421 ὁ
3348 1373 3553 1445 Κύριος.
3601 1370 3836 1425 Ἐνεπτύ-

2237 1455 2401 1521 σθηςς
2447 1458 2536 1506 καὶ
2563 1455 2665 1530 γὰρ
2698 1455 2724 1506 6
2772 1459 3036 1519 Δεσπότης
3079 1459 3246 1531 ἡμῶν.
3298 1463 3373 1512 Οὐ
3399 1463 3500 1536 γὰρ
3544 1460 3836 1536 ἀπέστρεψε

2230 1545 2288 1596 τὸ
2377 1548 2654 1620 πρόσωπον
2719 1544 2831 1617 (16)
2923 1543 3023 1598 ἀπὸ
3113 1547 3376 1621 αἰσχύνης
3429 1549 3834 1624 ἐμπτυσμάτων.

2234 1631 2721 1707 Ἐσυκοφαντὴθης;
2777 1639 2866 1688 καὶ
2905 1638 3007 1712 γὰρ
3053 1641 3142 1690 καὶ
3186 1637 3212 1690 6
3251 1645 3447 1716 κριτής.
3489 1641 3836 1717 Περιέῤῥηξάν

2237 1742 2330 1775 σου
2359 1726 2444 1776 τὸν
2492 1723 2811 1796 χιτωνίσκον
2845 1741 2859 1792 ;
2913 1723 3211 1781 Ἀπέδυσοίν
3257 1749 3357 1803 μου
3390 1735 3480 1784 καὶ
3504 1733 3591 1784 τὸν
3621 1733 3831 1806 Κύριον,

459 1825 533 1880 At
557 1821 713 1878 enim
739 1821 1030 1878 Dominus
1051 1836 1317 1894 quoque.
1353 1819 1608 1876 lnfectus
1639 1835 1703 1877 es
1733 1818 1926 1892 sputis
1945 1819 1973 1874 ?
2005 1816 2109 1874 Sed

2233 1816 2324 1865 καὶ
2369 1809 2731 1889 διεμερίσαντο
2760 1816 2827 1867 τὰ
2859 1816 3042 1888 ἱμάτια
3072 1816 3231 1870 αὐτοῦ
3276 1819 3492 1882 ἑαυτοῖς.
3528 1823 3688 1874 Οὔπω
3717 1838 3836 1872 κατ-

459 1916 518 1969 et
555 1911 846 1968 Dominus
871 1915 1089 1968 noster.
1119 1911 1253 1966 Non
1280 1910 1440 1966 enim
1467 1911 1686 1966 avertit
1705 1908 1930 1980 faciem
1949 1923 2121 1965 suam

460 2019 497 2062 α
519 2002 868 2073 confusione
890 2007 1210 2072 sputorum
1243 2001 1312 2057 ³¹.
1345 2001 1595 2058 Structie
1628 1998 1736 2057 tibi
1781 2003 1922 2055 sunt
1949 2014 2122 2072 syco-

2235 1905 2458 1978 εκρίθης,
2519 1906 2662 1956 οὔπω
2712 1903 3061 1980 ἐσταυρώθης.
3119 1907 3289 1960 Πολλά
3351 1929 3434 1962 σοι
3498 1909 3680 1983 λείπει,
3753 1918 3839 1968 ἵνα

2234 1996 2438 2067 φθάσης
2461 1993 2616 2047 αὐτοῦ
2642 1997 2768 2070 πρὸς
2788 1999 2882 2053 τὴν
2903 1999 3152 2070 μίμησιν.

457 2101 724 2176 phautize
755 2099 781 2155 τ
811 2100 1022 2174 Utique
1053 2104 1111 2156 et
1133 2097 1346 2171 judici.
1381 2097 1760 2156 Discideruut
1788 2101 1957 2154 tuam
1986 2097 2258 2154 tunicam
2279 2093 2307 2150 ?
2347 2095 2650 2150 Exuerunt
2693 2092 2875 2151 etiam
2906 2095 3230 2155 Dominum
3259 2114 3486 2172 meum,
3527 2105 3586 2161 et
3618 2104 3837 2164 divise-

457 2197 600 2250 runt
625 2191 778 2248 inter
808 2206 870 2247 se
909 2191 1040 2262 ejus
1067 2189 1424 2246 vestimenta
1477 2189 1548 2246 ³³.
1596 2187 1877 2244 Nondum
1908 2186 2358 2245 condemnatus
2411 2199 2498 2255 es,
2545 2181 2822 2242 nondum
2853 2185 3199 2245 cruciﬁxus.
3231 2189 3459 2250 Desunt
3483 2191 3590 2251 tibi
3621 2194 3832 2261 multa.

456 2285 524 2339 ut
553 2279 872 2354 pervenias
906 2278 984 2335 ad
1015 2277 1206 2352 ipsius
1232 2277 1656 2336 imitationem.

464 2436 468 2440 ,
531 2376 583 2428 5.
608 2369 876 2428 Subeant
896 2368 1172 2426 animum
1195 2371 1366 2424 tuum
1384 2368 1605 2425 horum
1630 2366 1894 2438 singula,
1936 2371 2117 2441 atque

459 2459 1026 2520 excandescentiam
1067 2473 1137 2515 ac
1165 2461 1462 2515 tumorem
1495 2457 1921 2530 comprimant.
1953 2457 2118 2528 Ejus-

457 2551 627 2610 modi
657 2550 819 2608 enim
862 2548 1335 2622 praparatioues
1379 2547 1872 2620 affectionesque,
1917 2545 2117 2604 cordis

457 2640 634 2715 quasi
669 2640 861 2698 saltus
903 2647 988 2696 ac"
1012 2637 1227 2712 pulsus
1268 2637 1697 2708 rescindentes,
1740 2639 2007 2692 mentem
2036 2635 2118 2693 ad

457 2730 866 2788 constantiam
898 2743 969 2784 ac
997 2725 1467 2799 tranquilitatem
1497 2724 1816 2782 reducunt.
1863 2727 1930 2781 Et
1968 2739 2114 2781 sane

455 2820 575 2877 hoc
604 2825 693 2876 est
716 2817 883 2892 quod
913 2817 1139 2873 dictum
1171 2820 1263 2873 est
1291 2832 1327 2872 a
1365 2814 1588 2870 Davide
1622 2831 1635 2869 :
1664 2815 1932 2871 Paratus
1960 2829 2113 2886 sum,

459 2915 515 2968 et
537 2925 658 2966 non
681 2925 812 2965 sum
845 2907 1125 2964 turbatus
1149 2906 1214 2960 ³³.
1251 2908 1498 2978 Oportet
1522 2903 1701 2974 igitur
1730 2917 2114 2977 compescere

456 3003 515 3056 te
538 2999 823 3056 insanum
852 3013 923 3055 ac
952 2995 1277 3054 vecordem
1315 2994 1502 3052 animi
1528 2997 1786 3063 motum,
1816 2993 2118 3066 exemplo-

455 3105 594 3148 rum
623 3105 760 3163 quaa
801 3104 838 3145 a
865 3087 1057 3144 beatis
1086 3086 1232 3143 viris
1278 3084 1483 3142 relicta
1523 3087 1682 3153 sunt,
1733 3099 2068 3140 memorem
2098 3099 2112 3139 :

455 3178 769 3254 quomodo
797 3177 1019 3234 scilicet
1047 3191 1311 3245 magnus
1337 3173 1432 3230 ille
1466 3173 1655 3230 David
1691 3172 2112 3246 petulantiam.

457 3269 652 3326 Semei
667 3271 976 3324 mensuete
987 3264 1316 3339 pertulerit.
1331 3267 1459 3320 Non
1481 3262 1641 3319 enim
1661 3268 1906 3335 tempus
1928 3262 2119 3318 dabat

458 3353 1292 3427 commotioniirae,siquidem
1307 3352 1730 3422 cogitationem
1743 3367 1919 3407 suam
1933 3354 2117 3407 trans-

457 3446 691 3505 ferebat
718 3446 780 3502 in
811 3447 1020 3501 Deum.
1053 3443 1146 3499 Ait
1166 3443 1452 3498 nimirum
1479 3458 1491 3497 :
1516 3443 1807 3498 Dominus
1829 3442 1986 3498 dixit
2014 3441 2116 3498 Se-

455 3538 592 3607 mei,
618 3542 683 3592 ut
704 3535 1085 3592 malediceret
1108 3533 1331 3590 Davidi
1349 3532 1420 3590 ³⁸.
1443 3533 1822 3604 Quapropter
1847 3547 1988 3586 cum
2013 3545 2116 3587 vo-

455 3631 693 3684 caretur
720 3625 806 3682 vir
829 3623 1220 3696 sanguinum,
1253 3622 1372 3693 88
1405 3621 1572 3677 etvir
1616 3619 1883 3693 iniquus,
1924 3620 2114 3676 haud-

452 3731 770 3791 quaquam
801 3714 853 3771 ei
896 3712 1280 3770 succensuit:
1317 3711 1424 3768 sed
1463 3727 1525 3766 se
1564 3711 1692 3784 ipse
1727 3708 2110 3777 humiliabat,

451 3808 626 3882 quasi
647 3807 782 3879 jure
812 3821 882 3861 ac
905 3805 1118 3861 merito
1149 3801 1484 3859 maledictis
1509 3799 2012 3872 contumeliisque
2031 3799 2112 3854 la-

449 3897 722 3954 cessitus.
751 3897 885 3950 Jam
914 3909 1058 3950 vero
1098 3891 1220 3948 duo
1251 3892 1382 3947 haec
1411 3906 1484 3947 ex
1514 3889 1721 3946 animo
1754 3894 1855 3945 tuo
1889 3888 2104 3958 exime,

446 4003 558 4045 nec
579 3983 1218 4059 teipsumjudicaveris
1240 3980 1479 4050 magnis
1497 3979 1680 4036 rebus
1704 3978 1977 4050 dignum,
1998 3993 2108 4034 nec

448 4091 826 4150 quemquam
850 4072 1170 4129 hominum
1202 4070 1445 4126 duxeris
1475 4069 1579 4125 tibi
1609 4069 1898 4139 dignitate
1928 4068 2106 4138 longe

384 4173 386 4176 ’
444 4166 792 4223 inferiorem
822 4179 972 4219 esse.
1004 4162 1096 4218 Sic
1117 4160 1301 4226 enim,
1324 4158 1814 4230 licetignominia
1835 4157 2102 4232 appetiti,

441 4269 764 4327 nunquam
775 4252 853 4310 ad
872 4253 1022 4309 iram
1039 4249 1495 4307 concitabimur.
1512 4251 1698 4305 Grave
1711 4247 1960 4320 quidem
1983 4247 2105 4304 fue-

439 4346 534 4414 rit,
557 4344 869 4401 hominem
890 4339 1199 4398 beneﬁciis
1222 4339 1527 4407 affectum,
1549 4338 1848 4411 donisque
1876 4354 1946 4395 ac
1971 4353 2102 4408 gra-

438 4434 534 4494 tiis
549 4434 832 4493 maximis
849 4432 1205 4502 obligatum,
1219 4434 1434 4503 praeter
1450 4431 1504 4485 in
1515 4429 1869 4500 gratianimi
1888 4429 2100 4484 vitium

437 4525 638 4584 adhuc
658 4540 907 4599 quoque
925 4523 1002 4581 ad
1020 4521 1360 4579 convicium
1379 4526 1558 4593 atque
1579 4519 1657 4577 ad
1675 4519 2093 4594 ignominiam,

2299 2367 2350 2418 5.
2422 2362 2628 2416 Τούτων
2682 2363 2886 2416 ἔκαντον
2976 2364 3310 2443 ύποτρεχέτω
3389 2388 3483 2424 σου
3541 2376 3636 2432 τὴν
3717 2371 3834 2430 διοί-

2224 2471 2366 2506 νοιαν
2408 2450 2539 2522 (17),
2579 2456 2668 2505 καὶ
2706 2452 3092 2508 καταπελλέτω
3139 2460 3233 2515 τὴν
3273 2457 3578 2534 φλεγμονὴν.
3623 2465 3688 2517 Ai
3732 2467 3831 2540 γὰρ

2223 2550 2468 2596 τοιαῦται
2515 2548 2951 2617 προπαρασκευαὶ
2996 2549 3086 2598 καὶ
3135 2542 3419 2616 διαθέσεις,
3482 2551 3587 2604 οἷον
3643 2550 3830 2613 πηδή-

2225 2651 2368 2706 ματα
2417 2639 2512 2693 τῆς
2568 2629 2800 2707 καρδίας
2863 2637 2952 2687 καὶ
3021 2640 3289 2709 σφυγμοὺς
3357 2637 3697 2715 ἀφαιροῦσαι,
3759 2645 3830 2706 εἰς

2226 2721 2530 2775 εὐστάθειαν
2578 2725 2668 2774 καὶ
2707 2721 2935 2795 γαλήνην
2986 2727 3108 2788 τοὺς
3153 2725 3436 2801 λογισμούς
3486 2728 3825 2805 ἐπανάγουσι·

2228 2815 2330 2865 Καὶ
2378 2814 2531 2864 τοῦτὸ
2576 2809 2716 2864 ἐστιν
2746 2814 2850 2886 ἄρα
2885 2815 2944 2866 τό
2984 2813 3084 2868 ὑπὸ
3128 2822 3218 2868 τοῦ
3259 2818 3370 2889 (18)
3411 2818 3579 2873 Δαϐὶδ
3616 2821 3828 2897 εἰρημέ-

2224 2919 2328 2952 νον·
2402 2920 2483 2953 οτι
2570 2919 2932 2966 ιιτοιμασυην,
3005 2919 3096 2957 και
3163 2919 3258 2958 ουκ
3331 2919 3650 2966 εταραγθην.
3747 2920 3834 2966 Δεῖ

2226 2994 2396 3044 τοίνυν
2436 2993 2493 3044 τὸ
2535 2995 2752 3064 μανικὸν
2795 2997 2884 3045 καὶ
2933 2994 3217 3054 ἔκπληκτον
3260 3001 3456 3072 κίνημα
3500 3009 3597 3064 τῆς
3641 3001 3828 3076 ψυχῆς

2227 3079 2587 3133 καταστέλλειν
2630 3089 2692 3154 τῇ
2743 3086 2919 3156 μνήμη
2984 3090 3086 3136 τῶν
3132 3090 3402 3160 μακαρίων
3451 3085 3654 3165 ἀνδρῶν
3694 3091 3828 3144 ύπο-

2230 3165 2548 3242 δειγμάτων·
2587 3178 2696 3232 πῶς
2751 3172 2778 3222 ὁ
2825 3175 2990 3243 μέγας
3036 3171 3204 3227 Δαϐἱδ
3231 3177 3409 3250 πράως
3453 3177 3691 3250 ἠνείχετο
3733 3188 3828 3243 τῆς

2227 3263 2498 3331 παροινίας
2537 3263 2628 3311 τοῦ
2658 3263 2845 3332 Σεμεεί,
2888 3260 2965 3313 Οὐ
3012 3265 3113 3336 γάρ
3147 3259 3329 3317 ἐδίδου
3378 3271 3559 3340 καιρὸν
3598 3275 3660 3342 τῇ
3694 3270 3823 3345 ὀργῇ

2226 3350 2522 3416 κινηθῆναι,
2563 3352 2694 3422 πρὸς
2721 3352 2808 3402 τὸν
2840 3352 2965 3403 Οεόν
3011 3358 3306 3429 μεταφέρων
3337 3359 3430 3414 τὴν
3461 3358 3652 3410 ἔννοιαν
3695 3360 3824 3432 (19)·

2226 3439 2306 3490 ὅτι
2355 3441 2566 3513 Κύριος,
2618 3446 2744 3507 εἶπε,
2797 3444 2950 3512 φησὶ,
3011 3449 3082 3513 τῷ
3136 3449 3304 3517 Σεμεεὶ
3353 3450 3686 3522 καταρᾶσθαι
3737 3452 3824 3502 τὸν

2225 3524 2412 3582 Δαϐίδ.
2481 3531 2663 3603 Διόπερ
2742 3526 2941 3581 ἀκούων
2999 3532 3232 3604 αἱμάτων
3299 3532 3448 3611 ἀνὴρ,
3517 3542 3607 3590 καὶ
3695 3535 3822 3612 ἀνὴρ

2402 2902 2483 2953 ὅτι
2554 2899 2932 2976 Ἣτοιμάσθην,
3005 2907 3096 2957 καὶ
3163 2905 3258 2958 οὐκ
3331 2905 3650 2984 ἐταράχθην.

2221 3619 2540 3691 παράνομος,
2619 3617 2714 3670 ούκ
2779 3617 2952 3692 ἐκείνῳ
3029 3619 3384 3693 ἐχαλέπαινεν,
3467 3625 3579 3678 ἀλλ’
3644 3627 3821 3680 ἑαυτὸν

2223 3706 2510 3776 ἐταπείνου,
2574 3709 2645 3770 ὡς
2699 3712 2833 3763 κατά
2891 3715 2984 3770 τὴν
3057 3710 3204 3775 ἀξίαν
3271 3713 3411 3787 αὐτῷ
3467 3723 3564 3779 τῆς
3629 3717 3821 3792 ὕϐρεως

2221 3796 2536 3860 ἀπαντώσης
2594 3799 2728 3870 (20).
2797 3802 2896 3852 Δύο
2956 3797 3023 3860 δὴ
3086 3809 3252 3856 ταῦτα
3314 3805 3512 3878 περίελε
3576 3814 3816 3877 σεαυτοῦ,

2220 3891 2353 3959 μήτε
2394 3907 2608 3940 σεαυτον
2657 3888 2890 3960 μεγάλων
2936 3889 3081 3953 ἄξιον
3128 3898 3329 3967 κρίνῃς,
3377 3901 3510 3967 μήτε
3540 3894 3821 3969 ἀνθρώπων

2218 3979 2334 4028 τινὰ
2375 3979 2517 4051 παρά
2582 3975 2709 4030 πολὺ
2767 3977 3113 4034 ἐλαττοῦσθαι
3171 4002 3266 4036 σου
3318 3988 3453 4037 κατά
3508 3990 3602 4044 τὴν
3671 3986 3819 4051 ἀξίαν

2216 4070 2458 4140 νομίσῃς.
2521 4067 2675 4120 Οὕτω
2729 4069 2831 4142 γὰρ
2880 4067 3131 4125 οὐδέποτε
3179 4073 3204 4124 6
3255 4074 3419 4147 θυμὸς
3459 4073 3507 4127 ἐν
3556 4080 3674 4139 ταὶς
3723 4075 3819 4130 ἐπ-

2216 4161 2491 4231 αγομέναις
2544 4158 2669 4230 ἡμῖν
2727 4155 2962 4232 ἀτιμίαις
3011 4159 3450 4223 ἐπαναστήσεται·
3510 4169 3680 4219 Δεινόν
3722 4170 3818 4240 μὲν

2213 4250 2299 4300 τὸν
2349 4247 2761 4320 εὐεργετηθέντα,
2807 4253 2897 4302 καὶ
2927 4257 3042 4313 ταῖς
3087 4256 3364 4326 μεγίσταις
3407 4254 3683 4330 ὑπόχρεων
3712 4257 3816 4329 χοὶ-

2210 4357 2346 4412 ρισι,
2397 4341 2526 4410 πρὸς
2569 4336 2640 4410 τῷ
2685 4336 2964 4413 ἀχαρίστῳ
3013 4343 3090 4394 ἔτι
3126 4349 3216 4396 καὶ
3255 4344 3451 4420 ὕϐρεως
3480 4351 3569 4400 καὶ
3602 4345 3815 4421 ἀτιμίας

2210 4427 2486 4503 κατάρξαι.
2537 4433 2705 4483 Δεινὸν
2759 4433 2869 4504 μὲν,
2912 4431 3038 4485 ἀλλὰ
3091 4442 3162 4505 τῷ
3211 4444 3446 4489 ποιοῦντι
3483 4439 3660 4510 μεῖζόν
3700 4437 3813 4492 ἐστι

2209 4521 2368 4571 κακὸν
2418 4518 2448 4578 ἢ
2488 4527 2561 4590 τῷ
2609 4521 2898 4593 πάσχοντι.
2949 4520 3168 4586 Ἐκεῖνος
3215 4526 3490 4601 ὑϐριζέτω·
3537 4532 3601 4581 σὺ
3653 4525 3711 4582 δὲ
3735 4533 3808 4603 μὴ

433 4597 699 4690 priorem
728 4629 1053 4672 recurrere.
1088 4614 1275 4669 Grave
1296 4609 1475 4684 plane
1501 4613 1591 4667 est
1615 4626 1628 4665 :
1659 4610 1764 4665 sed
1792 4608 1940 4664 illud
1971 4624 2096 4665 ma-

2224 4608 2448 4683 ὓϐρίξου.
2505 4611 2797 4683 Γυμνσίσιόν
2849 4628 2932 4663 σοι
2998 4616 3127 4687 πρὸς
3182 4597 3486 4690 φιλοσοφίαν
3555 4620 3688 4672 ἔστω
3735 4597 3812 4672 ⁷τὰ

502 4744 552 4783 ³⁸
592 4743 705 4800 Job
752 4758 792 4811 ι,
838 4745 929 4796 21.
1006 4741 1053 4775 ²⁹
1087 4738 1134 4794 Il
1166 4740 1296 4794 Cor.
1328 4752 1451 4806 vm,
1483 4739 1536 4793 9.

432 4832 625 4886 cxvm,
658 4817 746 4872 60.
824 4812 872 4847 ³⁸
899 4812 946 4867 lI
976 4813 1118 4882 Reg.
1150 4825 1273 4879 xw,
1306 4813 1391 4866 10.

499 4917 616 4985 (16)
646 4916 788 4983 Reg.
820 4910 1052 4985 primus
1082 4913 1363 4984 πρόσωπον
1403 4906 1582 4964 αὐτοῦ.
1607 4909 1738 4965 Mox
1769 4905 1934 4985 idem
1962 4923 2078 4965 ms.

427 4983 605 5042 πολλὰ
625 5004 710 5038 σοι
733 4983 920 5042 λείψει.
1125 4983 1131 4984 ί
1893 4983 1901 4989 ’

428 5125 462 5184 δ
501 5057 608 5146 (17)
653 5050 896 5129 Antiqhi
926 5054 1050 5111 duo
1086 5050 1226 5110 libri
1271 5050 1489 5107 ἕκαστον
1533 5052 1829 5126 ὑποτρέχον
1862 5071 1956 5106 σου
1992 5055 2080 5111 τὴν

469 5149 684 5183 ιανοιαν.

469 5149 684 5183 ιανοιαν.

494 5201 611 5271 (18)
642 5203 877 5256 Veteres
905 5197 1132 5271 aliquot
1161 5196 1295 5252 libri
1325 5198 1466 5270 παρά
1491 5203 1603 5251 τοῦ.
1629 5194 1746 5271 Nec
1774 5194 1857 5271 ita
1885 5196 2078 5271 multo

419 5267 559 5346 post
586 5267 710 5328 duo
736 5287 886 5346 mss.
907 5267 1308 5346 και-ἔμπληκτον
1329 5267 1544 5342 κίνημα.
1573 5267 1838 5346 Subinde
1860 5267 1997 5346 edit}
2022 5273 2079 5324 et

421 5335 589 5401 Colb.
625 5344 832 5399 tertius
881 5347 938 5397 et
967 5335 1144 5396 Col-sl.
1189 5347 1365 5414 μνήμη
1406 5335 1506 5392 τῶν
1550 5345 1818 5414 μακαρίων
1855 5335 2074 5392 ὑποδει-

417 5418 648 5488 γμάτων,
679 5486 689 5488 Α
701 5415 1120 5488 recordatione
1155 5415 1476 5488 pectorum
1517 5413 1950 5480 exemplorum.
1996 5417 2076 5488 At

416 5484 562 5544 vero
594 5486 760 5544 Colb.
792 5487 1024 5557 primus
1055 5490 1115 5558 et
1135 5484 1258 5540 duo
1288 5484 1447 5558 Regii
1471 5489 1646 5556 μνήμῃ
1673 5491 1770 5558 τῷν
1802 5487 2072 5558 μακαρίων

415 5555 878 5634 παραγγελμάτων,
903 5557 1321 5634 recordatione
1348 5555 1654 5634 beatorum
1686 5555 2070 5611 documento-

413 5627 888 5702 ru'mQ'Denique
928 5628 1107 5702 _Colb.
1167 5627 1481 5702 secundus
1518 5631 1694 5702 μνήμῃ
1747 5635 1846 5702 τῷν
1901 5647 2070 5698 μακα-

413 5708 536 5757 οίων
569 5699 770 5777 ἀνδρῶν
789 5697 1232 5774 -ὑποδειγμοίτων,
1264 5697 1683 5757 recordatione
1713 5697 2063 5755 relictarum

1614 4735 1662 4771 ³ο
1705 4733 1883 4794 Joau.
1927 4751 2049 4805 vui,
2094 4737 2186 4793 48.

2265 4736 2308 4772 3!
2343 4735 2455 4794 Isa.
2501 4753 2555 4802 L,
2605 4736 2658 4794 6.
2736 4738 2783 4774 ³³
2829 4737 3027 4796 Matth.
3059 4756 3240 4802 xxv",
3273 4745 3363 4802 31.
3391 4743 3481 4800 35.
3560 4744 3608 4780 ³³
3651 4744 3806 4802 Psal.

2736 4738 2783 4774 ³³
2829 4737 3027 4796 Matth.
3059 4756 3240 4809 xxv",
3273 4745 3363 4814 31,
3391 4743 3481 4800 35.

2193 4907 2443 4990 abeatis
2472 4908 2613 4990 viris
2643 4908 3049 4980 exemplorum
3076 4927 3088 4966 :
3113 4929 3250 4987 quae
3282 4914 3587 4989 scriptura
3606 4917 3808 4978 verior

2191 4981 2381 5037 videri
2411 4986 2631 5051 potest.

2262 5053 2379 5137 (19)
2404 5052 2596 5137 Ιξάὶιὶο
2631 5052 2817 5137 Basil.
2840 5055 3364 5137 etnostriseptem
3405 5077 3554 5119 mss.
3587 5067 3803 5137 μεταφέ-

2188 5142 2292 5250 Emi
2312 5129 2405 5206 τὴν
2427 5127 2639 5206 ἔννοιαν,
2661 5126 3087 5196 cogitationem
3111 5126 3487 5202 ira—nsferens
3507 5137 3568 5191 in
3587 5126 3797 5193 Deum.

2236 5199 2382 5250 (11110
2432 5199 2616 5250 Paris.
2669 5202 2962 5250 μεταφέρων
3024 5206 3118 5250 τὴν
3177 5203 3366 5250 αἰτίαν
3416 5209 3510 5250 9·ρί
3553 5223 3797 5250 ρηηςηπι

2236 5197 2401 5273 ditio_
2432 5197 2641 5273 Paris._
2666 5202 2962 5273 μεταφέρων
3024 5206 3118 5259 τὴν
3177 5197 3369 5273 αἰτίαν,
3415 5209 3510 5263 rei
3553 5223 3798 5264 causam

2187 5269 2567 5344 transferens
2620 5269 2682 5325 ιη
2731 5269 2970 5344 Deum:
3025 5276 3193 5344 quod
3242 5269 3459 5333 melius
3498 5293 3630 5334 esse
3674 5293 3799 5334 non

2184 5353 2362 5422 nego.
2416 5339 2529 5396 Sed
2561 5357 2683 5422 quo
2714 5341 2928 5422 melior
2971 5339 3216 5422 estheec
3245 5347 3442 5420 lectio,
3483 5365 3555 5404 eo
3595 5349 3796 5418 magis

2183 5411 2329 5467 mihi
2363 5411 2644 5494 suspecta
2675 5418 2782 5494 est.
2817 5417 3272 5494 Vereor__enim,
3318 5436 3391 5494 ne
3426 5411 3797 5493 typographi

2180 5498 2394 5565 vocem
2417 5499 2541 5538 non
2570 5483 2650 5541 ita
2681 5483 2968 5565 idoneam
3000 5487 3118 5545 alia
3137 5496 3195 5546 et
3215 5483 3539 5549 melioreét
3560 5483 3794 5565 avptiore

2179 5553 2254 5610 de
2289 5571 2401 5610 suo
2443 5557 2891 5614 commutarint.

2249 5629 2364 5700 (20)
2399 5627 2561 5685 Colb.
2596 5629 2831 5700 primus
2859 5631 3193 5696 ὑπαντώσης.
