4098 6398
322 307 424 361 365

1500 296 1794 352 HOMILIA
1841 293 2207 350 ADVERSUS
2254 294 2509 350 lRATOS

3589 302 3696 356 366

318 428 546 502 ῥήματα.
609 424 726 480 Ἐὰν
774 427 846 498 μὴ
901 419 1132 496 δηχθῇς,
1183 423 1406 497 ἄτρωτος
1451 417 1511 475 εἶ.
1568 423 1668 474 Εάν
1728 416 1787 472 δε
1834 422 1924 472 καὶ

2034 416 2156 473 lum
2183 417 2383 488 majus
2415 420 2504 474 est
2525 415 2762 474 facienti
2791 432 2980 491 quam
3011 419 3281 492 patienti.
3311 422 3694 481 Convicietur

317 519 487 590 παθης
510 537 560 570 τι
584 519 678 574 τὴν
706 513 917 586 ψυχὴν,
949 512 997 566 ἐν
1026 519 1225 582 σεαυτῷ
1273 513 1516 583 κάτασχε
1561 514 1620 562 τὸ
1668 509 1920 583 λυπηρόν.

319 603 520 678 Ἐνέμοὶ
565 605 690 680 γὰρ,
752 607 931 675 φησὶν,
985 600 1251 677 ἐταράχθη
1307 601 1337 659 ἡ
1385 595 1584 676 κάρδία
1627 618 1747 672 μου.
1779 617 1923 650 τουτ-

320 691 479 765 έστιν,
531 693 589 746 ού
643 689 862 750 διεδόθη
916 693 1043 766 πρὸς
1082 693 1140 743 τὸ
1191 689 1284 752 ἔξω
1338 693 1398 742 τό
1423 691 1604 758 πάθος,
1639 687 1782 740 ἀλλ’·
1814 689 1920 740 οἷόν

317 803 369 837 τι
421 791 566 858 κῦμα
608 787 733 837 εἴσω
756 790 854 835 τῶν
914 779 1162 853 αἰγιαλῶν
1205 779 1562 832 κατακλασθῖεν
1608 777 1917 853 ἐστορέσθη.

321 875 720 948 Καθησύχασόν
746 891 835 946 μοι
861 875 953 930 τὴν
979 867 1203 946 καρδίαν
1234 868 1561 922 ύλακτοῡσαν
1591 873 1682 920 καὶ
1714 867 1921 942 ἀγριαί-

316 983 533 1020 νουσαν.
589 960 852 1018 Αὶδείσθω
898 963 965 1015 τὰ
1001 962 1142 1018 πάθη
1183 967 1275 1012 τοῦ
1307 958 1355 1011 ἐν
1385 964 1468 1012 σοὶ
1497 959 1653 1031 λόγου
1683 962 1778 1016 τὴν
1810 956 1919 1010 ἐπι-

320 1055 550 1126 φάνειαν,
605 1054 775 1128 ὥσπερ
819 1054 879 1104 τὸ
928 1049 978 1103 ἐν
1020 1054 1204 1103 παισὶν
1243 1050 1467 1102 ἄτακτον
1499 1045 1685 1124 ἀνδρὸς
1716 1043 1920 1099 αἰδεσί-

319 1163 421 1217 μου
473 1147 786 1216 παρουσίαν.
843 1148 958 1203 Πῶς
1014 1139 1074 1192 ἂν
1123 1136 1210 1194 οὖν
1260 1140 1564 1214 ἐκφύγοιμεν
1608 1142 1703 1196 τὴν
1744 1136 1798 1189 ἐκ
1823 1143 1916 1190 τοῦ

320 1233 626 1306 ὀργίζεσθαι
676 1229 917 1304 βλάϐην;
985 1229 1103 1284 Ἐὰν
1153 1234 1411 1303 πείσωμεν
1460 1232 1548 1281 τὸν
1605 1229 1766 1301 θυμόν
1841 1230 1912 1300 μὴ

316 1320 692 1397 προλαμϐάνειν
743 1324 860 1382 τοὺς
914 1320 1220 1393 λογισμοὺς,
1275 1318 1402 1371 ἀλλά
1462 1320 1648 1372 τούτου
1713 1325 1913 1393 πρῶτον

314 1409 692 1484 ἕπιμελώμεθα,
743 1412 808 1472 ὡς
864 1407 1126 1483 μηδέποτε
1178 1409 1333 1462 αὐτόν
1389 1410 1756 1484 προεκτρέχειν
1823 1413 1914 1467 τῆς

316 1497 586 1562 διανοίας·
663 1504 864 1574 ἔχωμεν
949 1497 1009 1554 δὲ
1078 1501 1252 1575 ὥσπερ
1321 1500 1476 1552 ἵππον
1549 1498 1913 1570 ύνεζευγμένον

314 1592 461 1666 ἡμῖν,
493 1596 584 1645 καὶ
615 1593 720 1645 οἷον
768 1591 970 1664 χαλινῷ
1001 1610 1105 1643 τινι
1133 1598 1206 1661 τῷ
1257 1589 1394 1662 λόγῳ
1451 1588 1764 1655 καταπειθῆ,
1815 1605 1916 1660 μη-

317 1677 490 1755 δαμοῦ
543 1689 635 1743 τῆς
688 1680 880 1744 τάξεως
911 1679 1213 1733 ἐκϐαίνοντα
1251 1687 1340 1740 τῆς
1395 1679 1603 1747 οἰκείας,
1666 1675 1913 1750 ἀγόμενον

318 1768 377 1826 δε
407 1773 508 1825 ὑπὸ
539 1778 632 1825 τοῦ
655 1770 833 1843 λόγου,
869 1768 942 1843 ἐφ’
989 1771 1110 1846 ὅπερ
1167 1767 1227 1821 ἃν
1275 1771 1577 1840 καθηγῆται
1605 1771 1742 1838 (21).
1797 1765 1914 1819 "Eri
1948 1793 1992 1848 Β

314 1864 416 1937 γὰρ
469 1865 596 1938 πρός
642 1860 808 1915 πολλά
859 1869 959 1914 τῶν
1011 1869 1102 1922 τῆς
1157 1859 1340 1936 ἀρετῆς
1400 1861 1560 1935 ἔργων
1619 1853 1914 1916 ἐπιτήδειον

316 1955 462 2026 ἡμῶν
491 1960 583 2014 τῆς
619 1951 803 2025 ψυχῆς
830 1953 888 2004 τὸ
927 1946 1216 2024 θυμοειδὲς,
1257 1952 1400 2018 ὅταν,
1440 1951 1613 2026 ὥσπερ
1643 1967 1720 2009 τις
1752 1966 1917 2021 στρα-

314 2047 520 2114 τιώτης,
551 2044 696 2118 παρά
723 2049 797 2112 τῷ
831 2047 1112 2116 στρατηγῷ
1155 2041 1223 2092 τὰ
1265 2039 1400 2093 ὅπλα
1429 2041 1652 2112 θέμενος,
1703 2037 1918 2111 ἑτοίμως

317 2128 402 2184 ἒπὶ
425 2133 492 2185 τά
519 2129 978 2207 παραγγελλόμενα
1027 2131 1118 2190 τάς
1166 2128 1412 2202 βοηθείας
1453 2131 1780 2204 παρέχηται,
1828 2129 1920 2178 καὶ

320 2223 604 2295 σύμμαχος
749 2226 822 2290 τῷ
873 2218 1011 2292 λόγῳ
1065 2220 1202 2272 κατά
1256 2226 1348 2280 τῆς
1394 2217 1669 2291 ἁμαρτίας.
1723 2223 1918 2292 Νεῦρον

315 2314 419 2387 γὰρ
475 2311 586 2364 ἔστι
631 2316 720 2371 τῆς
763 2309 948 2381 ψυχῆς
996 2309 1022 2361 ὁ
1065 2311 1244 2382 θυμὸς,
1296 2313 1439 2362 τόνον
1483 2307 1613 2381 αὐτῇ
1669 2309 1796 2382 πρὸς
1823 2309 1918 2364 τὴν

314 2409 413 2455 τῶν
443 2400 611 2453 καλῶν
641 2401 882 2451 ἔνστασιν
927 2395 1171 2471 ἐμποιῶν.
1222 2396 1283 2449 Εἰ
1304 2400 1406 2473 γὰρ
1465 2415 1588 2449 ποτε
1623 2394 1774 2447 λάϐοι
1820 2393 1920 2446 αύ-

315 2495 410 2550 τὴν
442 2489 527 2563 ὑφ’
551 2485 746 2549 ἡδονῆς
772 2486 1095 2554 ἐκλυθεῖσαν,
1139 2487 1296 2540 οἱονεὶ
1349 2485 1492 2560 βαφῇ
1549 2480 1777 2560 σιδήρου
1806 2485 1918 2555 (22)

321 2583 614 2653 στομώσας,
649 2577 916 2652 αὐστηρὰν
959 2577 1121 2636 αὐτὴν
1167 2581 1259 2629 καὶ
1289 2572 1531 2652 ἀνδρείαν
1581 2573 1636 2627 ἐκ
1685 2573 1922 2647 μαλακῆς

319 2671 452 2742 ἄγαν
499 2673 590 2722 καὶ
643 2666 906 2741 ἀνειμένης
947 2665 1207 2725 ἐποίησεν.
1291 2665 1366 2718 Ού
1416 2667 1541 2741 γὰρ,
1598 2663 1642 2718 εἰ
1697 2668 1770 2737 μὴ
1805 2665 1920 2736 (23)

321 2760 610 2832 θυμωθείης
656 2759 794 2810 κατά
841 2762 934 2809 τοῦ
974 2763 1225 2832 πονηροῦ,
1268 2751 1490 2809 δυνατόν
1547 2771 1632 2808 σοι
1686 2760 1922 2826 μισῆσαι

322 2849 476 2902 αὐτὸν
505 2849 626 2901 ὅσον
651 2846 815 2910 ἄξιον.
849 2851 934 2899 Δεῖ
969 2847 1094 2918 γὰρ,
1145 2847 1320 2918 οἶμαι,
1363 2849 1457 2903 τὴν
1509 2847 1655 2903 ἴσην,
1680 2838 1922 2901 σπουδὴν

325 2939 466 3010 ἔχειν
520 2940 637 3012 περί
684 2955 741 2989 τε
783 2939 877 2995 τὴν
940 2933 1149 3008 ἀγάπην
1197 2943 1288 2996 τῆς
1340 2933 1520 3010 ἀρετῆς
1564 2937 1656 2986 καὶ
1706 2933 1922 3007 περὶτὰ

327 3035 480 3102 μῖσος
533 3034 624 3088 τῆς
675 3025 950 3101 ἁμαρτίας.
1019 3027 1152 3099 Πρὸς
1205 3025 1327 3101 ὅπερ
1379 3024 1612 3097 μάλιστα
1654 3027 1922 3098 χρήσιμος

325 3118 353 3170 ό
399 3119 554 3190 θυμός
587 3137 600 3150 ·
633 3112 843 3170 imae»
899 3116 1006 3169 οἷον
1063 3118 1198 3168 κύων
1246 3117 1474 3188 ποιμένι,
1524 3114 1736 3173 οὕτωςὸ
1765 3113 1924 3186 θυμός

322 3213 396 3278 τῷ
425 3205 661 3280 λογισμῷ
690 3209 1058 3281 παρεπόμενος,
1103 3211 1262 3280 πρᾶος
1318 3208 1441 3278 μένῃ
1496 3204 1612 3275 (24)
1665 3207 1756 3256 καὶ
1799 3221 1923 3275 χει-

320 3297 516 3372 ροήθης
540 3304 646 3357 τοῖς
670 3295 946 3370 ὠφελοῦσι,
999 3299 1090 3348 καὶ
1147 3293 1487 3355 εύανάκλητος
1535 3301 1608 3365 τῷ
1658 3292 1920 3366 λογισμῷ,

321 3388 447 3462 πρὸς
497 3389 587 3460 μὲν
638 3389 734 3444 τὴν
789 3384 1056 3460 ἀλλοτρίαν
1107 3387 1199 3436 καὶ
1265 3387 1436 3456 φωνὴν
1504 3386 1596 3436 καὶ
1659 3382 1779 3454 ὄψιν
1849 3380 1926 3444 ἰξ-

323 3473 802 3552 αγριούμενος,κᾶν
858 3477 1130 3548 θεραπείαν
1180 3476 1320 3545 ἔχειν
1361 3469 1518 3546 δοκῇ,
1567 3478 1659 3525 τοῦ
1714 3468 1775 3524 δε
1807 3490 1926 3523 συν-

323 3567 482 3625 ήθους
533 3563 671 3634 αὐτῷ
719 3567 810 3615 καὶ
878 3562 1026 3635 φίλου
1097 3561 1467 3635 ἐμϐοήσαντος,
1547 3561 1923 3617 ὑποπτήσσων.

324 3654 465 3712 Αὕτη
499 3651 692 3728 ἀρίστη
725 3651 839 3705 ἐστὶ
876 3655 967 3704 καὶ
1005 3640 1248 3727 ἔμμετρος
1279 3651 1389 3724 (25)
1432 3657 1506 3720 τῷ
1555 3653 1784 3725 φρονίμῳ
1835 3656 1927 3709 τῆς

323 3743 510 3817 ψυχῆς
534 3747 677 3818 μέρει
699 3744 845 3817 παρὰ
871 3749 964 3795 τοῦ
993 3737 1299 3814 θυμοειδοῦς
1328 3741 1358 3799 ἡ
1411 3742 1681 3816 συνεργία.
1739 3737 1797 3791 Ὀ
1825 3740 1927 3813 γὰρ

324 3842 555 3896 τοιοῦτος
582 3831 921 3894 ἀδιάλλακτος
951 3835 1097 3886 ἔσται
1123 3839 1227 3894 τοῖς
1258 3830 1546 3892 ἐπιϐούλοις
1588 3835 1678 3883 καὶ
1725 3831 1929 3882 ἄσπον-

330 3923 458 3989 δος·
505 3920 768 3998 μηδέποτε
809 3927 904 3984 τὴν
950 3925 1079 3999 πρὸς
1119 3925 1179 3976 τό
1225 3920 1457 3995 βλάπτον
1503 3915 1930 3994 φιλιανῖκαταδεο

329 4020 572 4090 χόμενος,
639 4014 769 4068 ἀλλά
827 4017 924 4073 τὴν
1001 4011 1269 4066 ἐπίϐουλον
1329 4008 1526 4071 ἡδονὴν
1582 4013 1756 4085 ὥσπερ
1815 4011 1934 4062 τινὰ

327 4105 484 4160 λύκον
514 4104 745 4158 ὑλακτῶν
789 4101 868 4157 ἀεὶ
897 4107 988 4156 καὶ
1020 4103 1368 4178 σπαράσσων.
1421 4107 1669 4155 Τοιοῦτον
1713 4102 1802 4172 μὲν
1861 4095 1929 4158 δὴ

327 4200 389 4250 τὸ
434 4194 535 4250 ἀπὸ
578 4197 746 4269 θυμοῦ
775 4193 1026 4266 ὠφέλιμον
1065 4199 1171 4254 τοῖς
1219 4187 1392 4245 εἰδόσι
1444 4190 1931 4264 μεταχειρίζεσθαι.

2028 505 2163 562 ille:
2197 510 2260 562 tu
2289 521 2429 562 vero
2458 523 2554 563 me
2585 506 2944 563 conviciare.
2995 508 3121 565 Sint
3178 509 3280 565 tibi
3329 513 3459 583 ejus
3500 512 3691 570 verba

2028 596 2372 655 exercitatio
2402 599 2482 654 ad
2512 598 2984 672 philosophiam.
3010 600 3067 656 Si
3098 599 3308 674 iniquo
3335 603 3542 661 animo
3563 619 3688 661 non

2026 687 2206 756 feras,
2236 687 2456 744 vulnus
2484 688 2716 744 nullum
2746 688 3028 761 accepisti
3054 707 3067 758 ;
3102 690 3195 746 sin
3216 690 3532 763 quidpiam
3555 694 3686 750 ani-

2026 793 2130 834 mo
2155 777 2401 850 pateris,
2429 777 2731 834 tristitiam
2778 779 2938 834 intra
2986 779 3245 852 teipsum
3294 782 3554 838 contine.
3611 783 3685 839 In

2024 883 2138 938 me,
2170 868 2356 938 enim,
2385 867 2601 940 inquit,
2637 868 2949 925 turbatum
2981 875 3067 926 est
3097 885 3201 925 cor
3224 873 3481 927 meum“
3510 888 3523 926 :
3569 872 3687 929 hoc

2025 962 2133 1026 est,
2164 975 2288 1014 non
2320 959 2482 1015 foras
2511 958 2735 1031 prodiit
2772 958 3044 1030 affectus,
3094 959 3201 1015 sed
3249 961 3427 1034 quasi
3463 961 3683 1018 ﬂuctus

2023 1048 2276 1122 quidam
2305 1049 2462 1105 intra
2488 1048 2690 1106 littora
2718 1049 3033 1106 diﬂ‘ractus
3064 1050 3359 1108 consedit.
3386 1051 3685 1109 Allatran-

2022 1142 2145 1196 tem
2159 1139 2652 1196 etexacerbatum
2666 1140 2942 1196 animum
2956 1139 3136 1196 velim
3153 1140 3660 1200 sedes.Reverean
3680 1177 3687 1185 -

2022 1231 2120 1284 tur
2149 1228 2401 1284 affectus
2433 1227 2517 1284 tui
2547 1233 2858 1301 aspectum
2903 1229 3174 1299 rationis,
3220 1245 3346 1287 non
3390 1246 3562 1287 secus
3613 1247 3684 1289 ac

2022 1317 2213 1390 pueri,
2249 1317 2298 1373 si
2334 1316 2752 1374 immodestius
2795 1335 2856 1374 se
2886 1323 3121 1390 gerant,
3176 1319 3289 1375 viri
3323 1319 3684 1378 venerabilis

2020 1406 2437 1479 praesentiam.
2478 1406 2588 1473 Qui
2618 1407 2799 1478 igitur
2817 1407 3144 1464 iracundiae
3164 1423 3390 1467 noxam
3418 1409 3683 1481 effugere

2019 1496 2406 1568 poterimus?
2455 1495 2510 1554 Si
2559 1497 2663 1553 ine
2717 1497 3112 1569 suaserimus,
3157 1502 3224 1554 ut
3267 1514 3344 1556 ne
3379 1499 3682 1556 rationem

2019 1591 2358 1660 praevertat,
2391 1587 2515 1643 imo
2543 1587 2606 1642 in
2635 1585 2905 1659 primum
2935 1603 3143 1644 curam
3185 1588 3683 1663 diligentiamque

2020 1691 2352 1748 ponamus,
2377 1681 2444 1733 ut
2462 1691 2780 1748 nunquam
2801 1683 3130 1749 praecurrat
3149 1683 3440 1744 mentem,
3454 1679 3561 1734 sed
3581 1694 3687 1752 po-

2021 1764 2139 1821 tius
2153 1764 2493 1822 habeamus
2505 1764 2670 1821 illam
2684 1765 2866 1822 veluti
2879 1781 3103 1838 equum
3121 1766 3298 1823 nobis
3317 1767 3682 1843 subjectum,

2022 1859 2080 1912 et
2101 1854 2322 1912 rationi
2351 1859 2648 1926 tanquam
2679 1853 2922 1911 cuidam
2944 1855 3117 1912 freno
3145 1854 3686 1930 obtemperantem,

2021 1960 2136 2004 nec
2153 1959 2420 2017 usquam
2446 1947 2617 2000 extra
2640 1959 2820 1999 suum
2842 1943 3038 2015 ipsius
3055 1944 3334 2001 ordinem
3361 1946 3685 2016 egredien-

2023 2038 2167 2102 tem,
2191 2034 2298 2090 sed
2318 2050 2355 2092 a
2370 2033 2620 2106 ratione,
2646 2033 3110 2107 quoviscunque
3135 2035 3607 2107 praeeat,abduci
3625 2052 3689 2093 se

2026 2125 2344 2183 sinentem.
2379 2127 2529 2181 Nam
2550 2124 2738 2181 animi
2767 2125 2955 2180 nostri
2986 2124 3076 2182 ira
3101 2125 3326 2182 idonea
3345 2131 3435 2183 est
3453 2131 3508 2183 et
3527 2127 3691 2184 utilis

2025 2215 2108 2274 ad
2127 2215 2320 2273 multa
2347 2215 2587 2271 virtutis
2615 2229 2823 2287 opera,
2858 2229 3000 2271 cum
3039 2215 3266 2272 scilicet
3310 2215 3476 2272 velut
3515 2215 3690 2275 miles

2028 2304 2267 2377 aliquis,
2284 2304 2574 2377 depositis
2597 2303 2764 2376 apud
2783 2303 3003 2360 ducem
3025 2303 3233 2372 armis,
3248 2308 3689 2379 prompte,quo

2024 2399 2401 2468 praeceptum
2429 2393 2626 2462 fuerit,
2653 2394 2882 2450 venerit
2904 2394 3240 2466 suppetias,
3265 2399 3320 2452 et
3345 2395 3566 2452 rationi
3587 2395 3692 2453 ad-

2025 2499 2238 2542 versus
2265 2488 2585 2557 peccatum
2623 2498 2806 2556 opem
2853 2481 3068 2540 tulerit.
3121 2487 3219 2540 Est
3267 2485 3431 2542 enim
3468 2485 3693 2542 animae

2027 2573 2376 2643 nervusira,
2395 2573 2585 2630 robur
2611 2572 2665 2629 ei
2694 2576 2752 2629 et
2769 2574 2928 2629 vires
2949 2571 3030 2628 ad
3049 2572 3243 2629 bonas
3269 2589 3369 2630 res
3391 2574 3694 2632 instanter

2026 2667 2603 2737 perseveranterque
2629 2661 2906 2732 agendas
2933 2661 3297 2721 ministrans.
3321 2663 3617 2721 Nimirum
3638 2663 3693 2720 si

2027 2753 2278 2827 quando
2299 2753 2569 2811 animam
2594 2767 2718 2825 prae
2739 2752 3046 2825 voluptate
3067 2752 3406 2810 exsolutam
3429 2754 3694 2811 offende-

2025 2843 2123 2914 rit,
2146 2858 2283 2899 eam
2308 2842 2699 2899 consolidans
2729 2841 2868 2898 ferri
2896 2843 3075 2914 quasi
3103 2843 3366 2899 tinctura
3394 2843 3692 2916 quadam,

2029 2937 2337 2990 austeram
2367 2936 2425 2988 et
2460 2931 2677 2988 fortem
2704 2947 2777 2988 ex
2797 2930 2977 2987 valde
3018 2931 3186 2988 molli
3211 2948 3408 3006 exque
3437 2933 3696 2990 remissa

2027 3021 2251 3080 reddit.
2283 3023 2486 3093 Neque
2507 3020 2692 3090 enim,
2715 3019 2830 3075 nisi
2856 3020 2948 3076 ira
2967 3021 3372 3078 excandueris
3398 3022 3694 3079 adversus

2029 3110 2366 3178 diabolum,
2399 3111 2529 3166 ﬁeri
2558 3125 2831 3184 unquam
2855 3114 3074 3183 potest,
3098 3115 3165 3167 ut
3187 3127 3329 3168 eum
3349 3128 3462 3186 pro
3483 3113 3697 3170 merito

2029 3202 2253 3261 oderis.
2281 3202 2724 3276 Oportetenim,
2743 3201 2983 3274 opinor,
3005 3205 3172 3259 tanto
3195 3203 3396 3261 studio
3423 3203 3697 3260 virtutem

2030 3291 2246 3362 amari,
2263 3297 2494 3366 quanto
2509 3290 2651 3348 odio
2663 3295 2904 3364 oportet
2923 3296 3241 3364 peccatum
3263 3292 3700 3359 haberi.Quam

2028 3381 2091 3439 in
2131 3398 2262 3439 rem
2295 3381 2386 3439 ira
2415 3381 2577 3438 utilis
2604 3386 2694 3437 est
2717 3381 2982 3438 maxime
3006 3399 3020 3452 ;
3045 3398 3188 3439 cum
3213 3387 3279 3440 ut
3299 3382 3469 3440 canis
3503 3388 3704 3456 pasto-

2028 3472 2718 3539 rem,itaira‘rationem
2749 3475 2975 3539 secuta,
3026 3473 3188 3529 mitis
3238 3479 3615 3546 permaneat,
3645 3478 3704 3531 et

2032 3562 2337 3633 morigera
2350 3561 3065 3635 juvantibus,possitque
3085 3561 3261 3619 facile
3287 3578 3324 3620 a
3343 3567 3578 3621 ratione
3602 3580 3702 3621 re-

2033 3650 2203 3707 duci:
2254 3654 2464 3707 contra
2489 3650 2567 3707 ad
2601 3650 2868 3707 alienam
2893 3655 3022 3707 tum
3051 3667 3290 3721 vocem,
3324 3656 3453 3709 tum
3482 3653 3704 3712 faciem

2034 3744 2445 3814 exasperetur,
2496 3739 2734 3796 etiamsi
2772 3745 3029 3812 utraque
3060 3739 3432 3814 obsequiosa
3457 3758 3592 3799 esse
3615 3745 3702 3800 vi-

2035 3831 2271 3887 deatur.
2299 3829 2414 3887 Sed
2436 3829 2489 3884 si
2516 3828 2805 3886 inclamet
2834 3829 3154 3887 familiaris
3177 3835 3234 3886 et
3253 3831 3707 3906 amicus,pavet

2035 3919 2466 3992 formidatque.
2492 3919 2804 3992 Optimum
2842 3923 3022 3992 atque
3036 3920 3156 3992 89
3176 3921 3459 3992 prudenti
3480 3922 3702 3980 animae

2037 4008 2196 4082 parti
2217 4008 2929 4065 accommodatissimum
2941 4013 3031 4066 est
3049 4009 3343 4066 auxilium
3361 4010 3514 4068 illud
3534 4012 3704 4085 quod

2041 4098 2120 4154 ab
2140 4099 2435 4155 irascente
2462 4097 2650 4154 animi
2676 4103 2848 4171 parte
2873 4098 3199 4155 confertur.
3241 4102 3392 4156 Nam
3434 4101 3543 4174 qui
3570 4101 3706 4159 talis

2039 4188 2238 4256 fuerit,
2267 4203 2586 4261 nunquam
2609 4204 2751 4244 cum
2772 4187 3205 4246 insidiantibus
3225 4189 3286 4246 in
3327 4190 3584 4261 gratiam
3632 4206 3705 4249 ac

331 4286 471 4342 Ἐπεὶ
546 4289 636 4338 καὶ
705 4293 805 4338 τῶν
862 4283 1026 4337 ἄλλων
1081 4278 1349 4355 δυνάμεων
1404 4280 1594 4338 ἑκαοτη
1650 4281 1793 4354 παρά
1846 4282 1929 4332 τὸν

2041 4278 2435 4336 concordiam
2455 4277 2797 4350 reducetur,
2811 4278 3044 4336 nullam
3065 4295 3340 4352 unquam
3354 4296 3494 4337 cum
3505 4297 3568 4338 re
3581 4281 3709 4339 ulla

329 4379 520 4453 τρόπον
549 4382 644 4436 τῆς
672 4377 917 4450 χρήσεως
947 4373 978 4432 ἣ
1011 4375 1170 4424 κακὸν
1200 4373 1229 4431 ἦ
1284 4370 1480 4444 ἀγαθόν
1522 4378 1595 4441 τῷ
1643 4372 1936 4442 κεκτημένῳ

329 4471 548 4539 γίνεται.
625 4466 769 4532 Οἷον,
838 4470 912 4535 τῷ
969 4461 1330 4535 ἐπιθυμητικῷ
1387 4467 1477 4522 τῆς
1531 4459 1715 4533 ψυχῆς
1767 4461 1794 4511 ό
1848 4462 1938 4532 μεν

334 4555 402 4618 εἰς
458 4554 748 4610 ἀπόλαυσιν
803 4557 996 4630 σαρκὸς
1045 4557 1136 4605 καὶ
1198 4559 1299 4605 τῶν
1373 4550 1679 4626 ἀκαθάρτων
1737 4548 1938 4608 ἡδονῶν

336 4643 775 4722 ἀποχρησάμενος
842 4639 1126 4716 βδελυκτός
1173 4645 1264 4694 καὶ
1315 4639 1598 4701 ἀκόλαστος
1631 4683 1646 4709 ,
1673 4641 1698 4692 ὁ
1750 4637 1809 4693 δε
1855 4638 1940 4693 ἐπὶ

333 4739 428 4796 τὴν
486 4733 696 4808 ἀγάπην
743 4740 835 4788 τοῦ
889 4739 1024 4788 Θεοῦ
1075 4731 1286 4807 τρέψας,
1340 4733 1432 4784 καὶ
1486 4733 1581 4788 τὴν
1633 4729 1799 4806 ὄρεξιν
1839 4737 1941 4783 τῶν

408 4860 641 4936 ⁸⁵Ρ881.
684 4862 958 4936 cxm,4..
1025 4862 1034 4872 ’

408 4985 786 5060 (2l)Veteres
830 4985 1065 5059 aliquot
1107 4981 1254 5060 libri
1297 4980 1359 5037 ἂν
1394 4989 1729 5060 Ῠκατηγῆτζαι.
1790 4981 1957 5060 Alius

337 5056 454 5118 ms.
489 5056 547 5130 et
570 5058 714 5115 editi
743 5056 1077 5130 καθηγέῖται.
1130 5056 1360 5113 Ibidem
1393 5059 1534 5128 Reg.
1556 5056 1801 5130 primus
1834 5059 1949 5110 ἔστι

337 5135 438 5206 γὰρ
467 5128 554 5184 οὖν
583 5135 735 5206 πρὸς,
764 5128 1196 5206 βοΙϋερτὶωυε
1225 5131 1341 5206 ἔστι
1363 5130 1463 5206 γᾲρ
1485 5128 1631 5202 1:95;-

411 5201 524 5275 (22)
554 5201 906 5275 ιῑιέόὶὶίοης
939 5201 1460 5275 Paris._oscitantia
1481 5201 1803 5275 operarum
1827 5215 1954 5257 cor-

341 5269 522 5401 ruép’te
550 5274 770 5345 legitur
799 5269 1040 5347 σίδηρον,
1072 5271 1179 5328 ubi
1217 5289 1288 5328 ex
1327 5288 1478 5328 mss.
1512 5269 1840 5342 legendum
1866 5277 1957 5344 est

345 5367 401 5400 σι
443 5366 593 5401 ηρου.

345 5366 593 5406 σιοηρου.

413 5367 593 5422 εηρου.

413 5417 884 5490 (23)11111ἀ,ούγάρ
899 5416 944 5469 εἰ
955 5421 1050 5490 μή,
1061 5415 1287 5490 etc.,sic
1299 5414 1724 5490 interpretatus
1738 5419 1826 5471 est
1837 5415 1959 5490 _Vo-

341 5485 697 5547 lat'erranus'
720 5485 1027 5546 Néc’eni‘m
1073 5487 1126 5544 si
1163 5493 1374 5560 contra
1409 5485 1784 5560 iiiiquitatem
1808 5488 1959 5560 desit

343 5563 688 5640 indignatio
705 5566 760 5640 et
774 5563 892 5630 ira,
909 5561 1199 5640 satrapam
1215 5558 1484 5640 odio.an
1501 5558 1663 5640 decet
1680 5559 1962 5630 persequi

336 5630 567 5705 poteris
577 5648 602 5692 .'
619 5632 847 5706 quibus
862 5648 936 5690 ex
950 5630 1154 5689 verbis
1164 5635 1331 5704 patet
1343 5630 1734 5705 interpretem
1749 5645 1962 5688 vocem

2041 4367 2226 4425 noxia
2237 4367 2568 4424 amicitiam
2581 4365 2926 4434 admittens,
2937 4368 3040 4424 sed
3054 4367 3412 4426 insidiosam
3425 4370 3708 4443 volupta-

2043 4462 2166 4515 tem
2187 4457 2364 4530 quasi
2382 4456 2597 4530 lupum
2625 4457 2958 4530 quemdam
2975 4457 3201 4528 jugiter
3221 4459 3534 4530 allatrans,
3559 4460 3711 4519 dila-

2042 4548 2372 4620 niansque.
2405 4549 2540 4602 Haec
2569 4551 2659 4603 est
2687 4547 2866 4618 igitur
2892 4546 2996 4602 irae
3026 4547 3248 4603 utilitas
3299 4548 3394 4616 iis,
3440 4550 3544 4622 qui
3592 4555 3710 4608 tra-

2044 4643 2206 4695 ctare
2234 4652 2374 4694 eam
2403 4652 2476 4694 ac
2507 4636 2814 4693 moderari
2835 4635 3132 4694 noverint.
3183 4640 3334 4696 Nam
3367 4643 3425 4695 et
3449 4639 3708 4697 aliarum

2045 4729 2400 4788 facultatum
2423 4725 2707 4800 quislibet
2728 4742 2840 4800 pro
2860 4727 3070 4785 utendi
3092 4727 3255 4787 molo
3281 4733 3386 4787 aut
3403 4729 3586 4802 male,
3607 4734 3715 4790 aut

2060 4988 2303 5062 semper)"
2319 4981 2800 5062 sumpsisse__pro
2822 4982 3165 5062 remala‘et
3191 4981 3423 5062 iniqua,
3452 4983 3568 5062 Sed
3590 4999 3714 5062 non

2059 5055 2484 5131 animadvertit
2503 5058 2593 5131 vir
2617 5055 2844 5131 alioqui
2873 5056 3090 5131 doctus
3119 5055 3333 5131 vocem
3360 5055 3538 5131 αύτρν,
3579 5060 3716 5131 qua)

2059 5134 2118 5185 et
2155 5131 2216 5186 in
2248 5129 2422 5188 editis
2454 5133 2512 5184 et
2539 5130 2600 5185 in
2639 5127 2784 5184 mss‘.
2819 5129 3055 5200 legitur,
3111 5128 3292 5200 aliud
3323 5127 3619 5186 suadere:
3653 5132 3720 5186 Et

2062 5201 2222 5274 enim
2251 5200 2298 5256 si
2330 5200 2446 5274 hoc
2473 5199 2608 5256 loco
2638 5216 2778 5274 vox,
2800 5199 3029 5274 πονηροῦ
3053 5199 3244 5274 accipi
3260 5199 3504 5274 deberet
3523 5217 3634 5274 pro
3656 5217 3720 5257 re

2061 5273 2290 5345 iniqua,
2336 5271 2484 5338 au’ré,
2525 5288 2651 5328 non
2683 5271 2838 5323 αὐτὸν
2871 5271 3155 5342 scriptum
3191 5271 3421 5345 fuisset.
3450 5271 3721 5345 Dubium

2063 5342 2245 5413 igitur
2265 5359 2388 5399 non
2413 5349 2522 5414 est,
2558 5345 2708 5415 quin
2751 5349 3166 5415 νοεθῌπονηροῦ
3213 5342 3460 5415 intelligi
3502 5344 3727 5401 debeat

2065 5393 2247 5471 ὶῧὶίὖὲ
2265 5393 2862 5487 assesasses;
2874 5393 3186 5472 diabolus.

2140 5487 2250 5560 (24)
2277 5484 2469 5543 Editio
2495 5484 2754 5560 utraque
2787 5491 2947 5558 πρᾶος
2974 5488 3124 5559 μένῃ.
3191 5484 3435 5543 Veteres
3463 5489 3726 5560 quatuor

2067 5553 2391 5639 librihrrpjo;
2419 5560 2509 5631 μὲν

2145 5629 2431 5703 (25)'Reg.
2471 5629 2704 5705 primus
2733 5633 2822 5683 καὶ
2848 5629 3106 5704 εὔμετρος.
