4098 6382
419 276 523 333 367

1786 256 1844 315 S.
1884 253 2139 311 BASlLll
2178 251 2402 309 MAGNI

3683 253 3791 309 368

414 397 573 457 bene
619 395 776 454 cedit
820 389 1175 468 possidenti.
1221 386 1491 462 Exempli
1536 399 1745 452 causa,
1795 378 2073 456 quisquis

2186 376 2403 430 αἰωνίων
2479 375 2709 449 ἀγαθῶν,
2765 373 2987 439 ζηλωτὸς
3033 378 3124 427 καὶ
3172 375 3428 452 μακάριος
3484 377 3621 449 (26),
3684 383 3789 433 Καὶ

415 484 869 560 concupiscenti
887 481 1074 540 animi
1092 484 1263 555 parte
1286 478 1366 536 ad
1391 476 1592 536 carnis
1610 471 2074 532 delectationem

415 582 475 637 et
496 577 575 635 ad
593 576 978 650 impurarum
998 570 1377 644 voluptatum
1397 584 1581 625 usum
1603 564 1888 632 abutitur,
1907 574 2074 617 exse-

416 667 661 727 crabilis
681 672 771 723 est
790 670 849 722 et
875 662 1257 737 impudicus;
1287 660 1395 734 qui
1414 674 1556 716 vero
1586 673 1724 714 eam
1748 654 1826 711 ad
1850 651 1949 709 Dei
1978 650 2071 706 di-

410 757 733 817 lectionem
752 754 1010 821 verterit,
1027 757 1083 809 et
1094 750 1173 809 ad
1185 756 1549 808 aeternorum
1564 755 1864 803 honorum
1881 755 2069 814 appe-

2183 467 2336 521 πάλιν
2398 470 2456 521 τὸ
2512 467 2811 540 λογιστικὸν
2860 467 2887 517 6
2934 466 3023 539 μὲν
3076 464 3241 526 καλῶς
3292 468 3789 542 μεταχειριζόμενος

2185 558 2425 631 φρόνιμός
2478 555 2590 609 ἐστι
2641 560 2731 609 καὶ
2763 558 2967 615 συνετός
2995 575 3007 587 ·
3060 555 3086 605 6
3119 549 3177 606 δὲ
3207 553 3291 607 ἐπὶ
3322 552 3494 629 βλάϐη
3526 576 3628 608 των
3657 556 3789 617 πλη-

2186 650 2298 699 σίον
2346 647 2653 720 ἠκονημένος
2706 648 2791 699 τὸν
2860 652 3002 710 νοῦν,
3077 648 3430 720 κακεντρεχής
3508 644 3623 699 ἐστι
3696 652 3787 702 καὶ

2182 746 2471 814 κακοῦργος
2487 781 2499 794 .

412 848 705 916 titionem,
730 845 782 903 is
801 844 1027 916 dignus
1059 846 1148 900 est
1177 840 1583 907 aemulatione,
1616 841 1673 893 et
1703 836 1942 893 beatus.
1999 832 2069 887 Et
2102 841 2319 883 rursus
2360 829 2468 901 qui
2502 826 2863 885 rationalem
2901 825 3088 887 animi
3120 830 3357 899 partem
3386 826 3578 901 probe
3606 828 3779 899 regit,

414 937 681 1013 prudens
710 940 799 993 est
827 951 899 992 ac
924 934 1206 1006 sapiens;
1237 930 1342 1004 qui
1372 944 1517 986 vero
1546 928 1609 984 in
1633 923 1895 999 proximi
1925 917 2254 994 perniciem
2281 922 2544 975 mentem
2572 922 2814 975 acutam
2841 916 3047 985 habet,
3074 917 3239 974 vafer
3257 923 3349 976 est
3368 922 3427 974 et
3445 918 3781 980 maleﬁcus.

487 1033 541 1087 6.
574 1024 955 1097 Absitigitur,
985 1028 1048 1080 ut
1077 1039 1148 1078 ea
1168 1037 1307 1095 quas
1336 1019 1514 1077 nobis
1537 1017 1683 1074 data
1713 1019 1853 1071 sunt
1872 1012 1948 1069 ad
1982 1028 2076 1068 sa-

414 1118 603 1179 lutem
625 1134 663 1176 a
692 1116 1036 1182 Conditore,
1069 1108 1453 1170 occasionem
1478 1107 1655 1165 nobis
1677 1105 1825 1179 ipsis
1848 1101 2083 1177 peccati

416 1209 716 1269 faciamus
741 1206 755 1263 Ι
779 1206 865 1262 Ita
880 1205 969 1261 ira
984 1218 1234 1277 quoque
1254 1216 1394 1263 cum
1415 1201 1653 1273 oportet
1677 1199 1735 1252 et
1758 1199 1824 1251 ut
1842 1195 2082 1267 oportet

416 1302 748 1365 commota,
769 1293 951 1352 efﬁcit
968 1291 1176 1359 robur,
1191 1288 1670 1364 patientiamque
1691 1290 1750 1342 et
1770 1283 2078 1340 continen-

414 1390 563 1448 tiam
589 1402 603 1444 :
636 1386 744 1444 sed
774 1400 915 1442 cum
937 1381 1061 1452 agit
1080 1384 1299 1453 praeter
1320 1382 1549 1435 rectam
1573 1376 1891 1445 rationem,
1913 1371 2073 1428 insa-

414 1479 518 1537 nia
546 1478 634 1536 ﬁt.
680 1477 1062 1548 Quapropter
1089 1485 1203 1527 nos
1227 1468 1408 1526 etiam
1433 1466 1708 1525 Psalmus
1740 1463 2029 1523 admonet
2055 1477 2070 1518 :

414 1564 783 1635 Irascimini,
804 1569 859 1621 et
880 1562 1067 1619 nolite
1082 1558 1417 1631 peccare“.
1474 1556 1629 1623 Quin
1675 1559 1732 1611 et
1780 1553 2076 1611 Dominus

2249 1011 2302 1064 ϐ.
2333 1012 2419 1066 Μὴ
2477 1004 2545 1067 δὴ
2602 1004 2691 1060 οὖν
2741 1009 2808 1060 τὰ
2857 1010 2984 1083 πρὸς
3035 1012 3298 1083 σωτηρίαν
3342 1009 3469 1081 ἡμῖν
3527 1004 3785 1083 δεδομένα

2177 1098 2321 1173 παρὰ
2346 1104 2437 1150 τοῦ
2467 1101 2737 1158 κτίσαντος
2791 1095 3028 1173 ἀφορμὴν
3081 1096 3282 1158 ἑαυτοῖς
3330 1097 3585 1172 ἁμαρτίας
3629 1103 3783 1158 ποιή-

2180 1206 2368 1261 σωμεν.
2398 1188 2548 1241 Οὕτω
2568 1184 2636 1249 δὴ
2668 1191 2758 1240 καὶ
2787 1188 2814 1241 ὁ
2841 1188 3018 1260 θυμὸς,
3048 1188 3132 1241 ὅτε
3163 1184 3266 1254 δεῖ,
3298 1193 3389 1242 καὶ
3417 1190 3484 1250 ὡς
3509 1185 3593 1243 δεῖ
3611 1190 3782 1242 κινού-

2177 1296 2342 1350 μενος,
2383 1274 2604 1353 ἀνδρίαν
2649 1284 2789 1332 ποιεῖ
2841 1282 2931 1330 καὶ
2977 1277 3244 1351 ὑπομονὴν
3298 1283 3388 1332 καὶ
3435 1279 3777 1353 ἕγκράτειανο

2176 1368 2322 1441 παρὰ
2384 1361 2444 1419 δὲ
2513 1370 2601 1419 τὸν
2652 1365 2803 1442 ὀρθὸν
2859 1365 3011 1438 λόγον
3062 1365 3299 1442 ἐνεργῶν,
3353 1371 3517 1440 μανία
3560 1372 3777 1439 γίνεται.

2178 1458 2276 1510 Διά
2302 1463 2457 1510 τοῦτο
2481 1461 2571 1509 καὶ
2601 1458 2737 1530 ἡμᾶς
2784 1457 2811 1508 6
2858 1455 3066 1529 Ψαλμὸς
3106 1458 3333 1510 νουθετεῖ
3388 1460 3496 1520 (27)
3521 1478 3535 1491 ·
3592 1456 3779 1532 Ὀργί-

2180 1545 2353 1614 ζεσθε,
2413 1550 2504 1599 καὶ
2554 1550 2626 1619 μὴ
2683 1545 3019 1619 ἁμαρτάνετε.
3086 1549 3188 1598 Καὶ
3244 1546 3271 1597 6
3330 1547 3516 1622 Κύριος
3563 1554 3635 1617 τῷ

414 1663 481 1717 ut
508 1656 732 1719 frustra
756 1650 1040 1711 irascenti
1071 1649 1373 1722 judicium
1403 1644 1805 1704 minitatur”:
1849 1641 1934 1699 sic
1962 1642 2072 1708 ira,

2184 1634 2499 1710 ὄργίξομένῳ
2560 1634 2670 1694 εἰκῆ
2725 1638 2819 1695 τὴν
2876 1638 3050 1709 κρίσιν
3108 1633 3528 1688 ἑπανατείνεταν
3605 1638 3665 1689 τὸ
3719 1631 3780 1690 δὶ

412 1753 480 1809 ut
496 1747 579 1804 ita
598 1745 825 1813 dicam,
845 1741 977 1799 vice
1000 1737 1429 1797 medicamenti
1461 1735 1541 1793 ad
1562 1751 1634 1793 ea
1652 1749 1791 1807 quas
1814 1734 2073 1806 oportet,

412 1837 501 1898 uti
527 1851 652 1894 non
682 1831 987 1907 prohibet.
1020 1828 1173 1887 Illud
1202 1829 1364 1886 enim
1390 1848 1405 1884 :
1434 1825 1826 1883 Inimicitiam
1849 1836 2073 1893 ponam

409 1930 574 1987 inter
601 1932 659 1983 te
695 1929 750 1982 et
788 1920 1217 1994 serpentem”;
1259 1919 1404 1975 item
1443 1916 1622 1974 illud:
1668 1913 1911 1971 Inimici
1942 1911 2073 1968 sitis

410 2017 771 2079 Madianitis
786 2015 861 2081 ³⁸,
904 2012 1178 2070 docentis
1208 2014 1319 2078 est,
1358 2005 1681 2066 iracundia
1702 2003 1868 2062 velut
1887 2000 2073 2060 armis

410 2110 710 2170 utendum
741 2121 893 2164 esse.
939 2105 1137 2171 Quare
1182 2104 1421 2174 Moyses
1444 2098 1768 2157 hominum
1795 2094 2073 2154 omnium

411 2197 937 2260 mansuetissimus
948 2195 1018 2264 ‘0,
1040 2190 1445 2250 idololatriam
1471 2185 2073 2255 ulturus,Levitarum

409 2306 632 2350 manus
663 2288 744 2346 ad
769 2285 1024 2344 fratrum
1045 2281 1274 2340 caedem
1295 2279 1572 2338 armavit.
1603 2278 1823 2345 Ponat,
1854 2272 2073 2348 inquit,

410 2380 821 2455 unusquisque
833 2375 1113 2448 gladium
1124 2386 1307 2443 super
1314 2370 1518 2442 femur
1527 2384 1725 2437 suum,
1739 2372 1794 2424 et
1818 2364 2074 2423 transite

411 2486 452 2531 a
464 2477 648 2544 porta
667 2468 748 2526 ad
758 2471 1026 2537 portam,
1049 2468 1106 2521 et
1125 2463 1317 2520 redite
1330 2476 1443 2532 per
1468 2465 1673 2518 castra
1694 2475 1716 2513 .·
1745 2462 1799 2514 et
1821 2455 2074 2514 occidite

411 2560 820 2633 unusquisque
833 2556 1094 2627 fratrem
1113 2567 1309 2618 suum,
1322 2557 1376 2608 et
1398 2549 1808 2621 unusquisque
1821 2545 2075 2616 propin-

415 2667 601 2725 quum
620 2662 821 2718 suum,
847 2650 903 2703 et
930 2642 1339 2714 unusquisque
1357 2640 1711 2711 proximum
1726 2651 1898 2693 suum
1916 2636 1984 2687 ιι.
2008 2634 2075 2689 Et

412 2723 603 2817 paulo
628 2740 788 2813 post,
813 2736 892 2792 Et
913 2734 1097 2804 dixit,
1129 2731 1347 2805 inquit,
1392 2730 1669 2801 Moyses:
1715 2723 2075 2797 Implevistis

414 2816 631 2890 manus
643 2835 872 2887 vestras
887 2824 1063 2882 hodie
1071 2823 1349 2883 Domino.
1363 2819 1772 2892 unusquisque
1781 2818 1845 2873 in
1855 2816 2009 2887 ﬁlio,
2019 2818 2079 2872 et

416 2920 481 2980 in
493 2919 704 2992 fratre
721 2931 851 2986 suo,
871 2919 939 2971 ut
957 2913 1136 2971 detur
1152 2926 1334 2981 super
1352 2924 1454 2967 vos
1476 2908 1799 2965 benedictio
1820 2907 1885 2957 “.
1923 2902 2080 2971 Quid

2179 1724 2254 1797 ἐφ’
2285 1723 2321 1777 ἃ
2346 1721 2428 1778 δεῖ
2474 1726 2777 1798 κεχρῆσθαι
2817 1731 2880 1797 τῇ
2915 1724 3069 1800 ὀργῇ,
3125 1726 3191 1785 ὡς
3237 1724 3285 1777 ἐν
3316 1728 3591 1799 φαρμάκου
3649 1721 3779 1779 εῖδει

2177 1814 2237 1868 οὐ
2285 1823 2640 1889 παραιτεῖται.
2680 1818 2749 1870 Τὸ
2804 1818 2930 1889 γὰρ,
2978 1813 3217 1891 Ἐχθραν
3271 1817 3419 1875 θήσω
3473 1814 3569 1869 ἀνὰ
3618 1820 3777 1890 μέσον

2180 1925 2275 1960 σου
2327 1910 2420 1960 καὶ
2472 1912 2566 1959 τοῦ
2614 1909 2768 1978 ὄφεως
2801 1925 2814 1938 ·
2870 1909 2961 1958 καὶ
3010 1907 3094 1977 τὸ,
3145 1903 3479 1980 Ἐχθραίνετε
3532 1913 3637 1967 τοῖς
3666 1913 3779 1961 Μα-

2178 1990 2456 2064 διηναίοις,
2545 1991 2893 2056 διδάσκοντος
2974 1993 3088 2048 ἐστι
3149 1997 3452 2071 κεχρῆσθαι
3496 2004 3570 2066 τῷ
3629 1998 3777 2068 θυμῷ

2176 2086 2351 2161 ὥσπερ
2375 2084 2533 2159 ὅπλῳ.
2579 2087 2676 2138 Διὰ
2711 2092 2866 2140 τοῦτο
2894 2091 3123 2146 Mauricii;
3179 2085 3206 2137 6
3243 2088 3448 2139 πάντων
3495 2084 3777 2162 ἀνθρώπων

2174 2180 2486 2249 πραότατος,
2548 2172 2771 2230 ἐκδικῶν
2826 2180 2922 2235 τὴν
2992 2172 3438 2252 εἰδωλολατρείαν,
3508 2179 3599 2238 τὰς
3674 2185 3777 2230 τῶν

2176 2272 2407 2321 Ann??er
2457 2273 2642 2341 χεῖρας
2728 2268 2854 2342 πρὸς
2926 2268 3014 2319 τὸν
3081 2273 3182 2319 τῶν
3230 2262 3462 2339 ἀδελφῶν
3507 2269 3654 2338 φόνον
3699 2264 3777 2331 ἐξ-

2176 2355 2391 2412 ώπλισε.
2447 2357 2648 2424 Θέσθω,
2698 2360 2851 2429 φησὶ,
2924 2360 3018 2415 τὴν
3082 2356 3342 2430 ῥομφαίαν
3411 2357 3626 2418 ἕκαστος
3692 2354 3776 2410 ἰπὶ

2175 2449 2262 2500 τὸν
2310 2449 2477 2522 μηρὸν
2530 2445 2712 2514 αὐτοῦ,
2767 2450 2857 2499 καὶ
2909 2440 3134 2500 διέλθετε
3185 2444 3288 2500 ἀπὸ
3336 2446 3501 2509 πύλης
3549 2446 3617 2508 εἰς
3667 2449 3775 2500 πύ-

2176 2535 2294 2603 λην,
2326 2541 2417 2591 καὶ
2447 2534 2790 2610 ἂνακάμψατε
2819 2533 2854 2589 δ
2859 2538 2915 2590 ιὰ
2940 2544 3033 2599 τῆς
3086 2536 3413 2613 παρεμϐολῆς
3437 2558 3451 2573 ·
3510 2542 3600 2592 καὶ
3653 2534 3782 2591 ἄπο-

2178 2630 2409 2678 κτείνατε
2465 2626 2681 2687 ἕκαστος
2731 2627 2817 2678 τὸν
2876 2620 3096 2697 ἀδελφὸν
3158 2625 3338 2696 αὐτοῦ,
3406 2630 3497 2680 καὶ
3562 2627 3780 2688 ἕκαστος

2178 2708 2267 2768 τ’ὀν
2318 2714 2542 2775 πλησίον
2596 2714 2777 2780 αὐτοῦ,
2831 2718 2922 2769 καὶ
2971 2715 3188 2777 ἕκαστος
3238 2719 3325 2769 τὸν
3374 2717 3598 2789 ἔγγιστα
3664 2716 3783 2790 (28)

2182 2804 2364 2861 αὐτοῦ.
2423 2810 2525 2860 Καὶ
2571 2804 2680 2879 μετ’
2729 2803 2883 2877 ὀλίγα
2913 2825 2926 2840 ο
2989 2809 3092 2860 Καὶ
3149 2801 3274 2869 εἷπε,
3318 2811 3470 2880 φησι,
3503 2813 3733 2868 Μωῡσῆς
3761 2824 3776 2841 ⁶

2186 2893 2553 2971 Ἐπληρὼσατε
2626 2897 2718 2957 τὰς
2783 2902 2967 2972 χεῖρας
3035 2897 3178 2969 ὑμῶν
3252 2900 3365 2969 (29)
3427 2902 3653 2971 σήμερον
3707 2904 3781 2969 τῷ

417 2984 566 3067 vero
590 2984 1268 3076 Phineemjustificavit?
1287 3002 1331 3056 N
1337 3013 1495 3055 onne
1500 2996 1523 3069 j
1531 3001 1668 3053 usta
1687 2996 1775 3053 ira
1787 2994 2078 3063 adversus

2191 2989 2388 3060 Κυρίῳ,
2465 2986 2681 3047 ἕκαστος
2769 2984 2818 3038 ἐν
2897 2993 2970 3057 τῷ
3031 2988 3128 3057 υἱῷ
3193 2986 3376 3057 αὑτοῦ,
3441 2992 3531 3041 καὶ
3597 2987 3646 3042 ἐν
3708 2994 3784 3058 τῷ

421 3094 818 3158 scortatores?
836 3092 942 3167 qui
961 3089 1189 3164 alioqui
1202 3103 1500 3163 perquam
1521 3086 1683 3143 mitis
1704 3101 1776 3142 ac
1795 3097 2078 3141 mansue-

422 3193 540 3258 tus,
571 3190 978 3262 posteaquam
1008 3179 1252 3238 Zambri
1280 3194 1422 3236 cum
1462 3180 1664 3235 scorto
1702 3172 2082 3233 Madianitide

420 3275 630 3356 palam
649 3281 709 3334 et
734 3274 865 3332 sine
882 3268 1252 3329 verecundia
1277 3271 1601 3325 coeuntem
1626 3265 1899 3332 vidisset,
1926 3262 2082 3320 adeo

423 3352 494 3427 ἱιι
508 3383 587 3426 ne
615 3365 1006 3435 contegerent
1031 3359 1283 3434 quidem
1303 3355 1688 3431 turpitudinis
1709 3370 1835 3411 suae
1855 3352 2081 3410 infame

425 3452 1129 3534 spectaculum,hocnon
1141 3446 1563 3523 perferens,ira
1573 3448 1915 3519 opportune
1930 3457 2080 3499 usus

425 3552 537 3620 est,
557 3550 816 3619 utroque
830 3543 1011 3600 hasta
1021 3538 1318 3597 transﬁxo
1334 3536 1402 3593 η.
1428 3534 1673 3594 Samuel
1691 3538 1894 3592 autem
1912 3536 2083 3604 Agag

419 3650 632 3711 segem
650 3633 916 3700 Amalec,
944 3647 983 3689 a
1011 3629 1187 3688 Saule
1205 3630 1424 3701 praeter
1441 3625 1804 3683 mandatum
1827 3622 1930 3681 Dei
1951 3638 2082 3679 ser-

423 3732 864 3796 vatum,nonne
876 3722 940 3779 in
954 3718 1226 3778 medium
1242 3717 1611 3791 productum
1621 3717 1710 3772 ira
1719 3714 1740 3787 j
1750 3718 1886 3771 usta
1903 3712 2085 3771 inter-

425 3818 635 3878 emit“
649 3816 678 3873 ‘2
718 3814 812 3874 Sic
839 3812 932 3869 ira
958 3809 1322 3884 plerumque
1342 3805 1652 3863 actionum
1671 3804 1976 3861 bonarum
1996 3804 2086 3860 est

425 3906 726 3967 ministra.
750 3905 981 3960 Rursus
1016 3896 1238 3956 zelotes
1264 3894 1361 3952 ille
1398 3894 1555 3951 Elias
1600 3892 2084 3967 quadringentos

425 3995 874 4072 quinquaginta
890 3989 1052 4046 viros
1074 3984 1445 4058 confusionis
1466 3983 1829 4051 sacerdotes,
1859 3985 1915 4039 et
1932 3996 2087 4055 qua-

427 4062 784 4157 dringentos
810 4082 975 4137 viros
1006 4076 1351 4136 sacerdotes
1369 4074 1673 4145 lucorum,
1694 4087 1972 4130 mensam
1995 4062 2088 4128 Je-

426 4174 600 4235 zabel
628 4170 1034 4240 comedentes,
1075 4165 1527 4225 consultissima
1575 4179 1646 4221 ac
1693 4161 1954 4236 sapienti
1998 4161 2089 4218 ira

425 4265 492 4324 in
510 4264 692 4323 totius
720 4258 955 4319 lsraelis
979 4256 1376 4317 commodum
1416 4253 1714 4312 interfecit
1733 4254 1800 4307 ‘5.
1825 4252 1917 4308 Tu
1944 4265 2087 4308 vero

427 4353 597 4414 fratri
613 4358 715 4411 tuo
731 4350 1006 4409 irasceris
1025 4353 1271 4412 temere,
1294 4361 1368 4403 ac
1390 4345 1517 4402 sine
1536 4359 1744 4401 causa.
1767 4340 2086 4409 Quomodo
2117 4374 2164 4427 Β

428 4445 591 4504 enim
615 4444 744 4500 sine
760 4437 1327 4510 causa,cum,altero
1348 4433 1591 4493 aﬁlante
1612 4448 1684 4490 ac
1694 4436 2081 4506 provocante,

427 4532 602 4594 alteri
620 4538 821 4592 tamen
842 4536 906 4588 tu
935 4543 1295 4587 succenseas
1313 4526 1344 4582 Ἰ
1389 4526 1587 4598 Atque
1610 4522 1775 4596 quod
1794 4537 1977 4580 canes
2001 4521 2087 4579 fa-

427 4625 661 4695 ctitant,
678 4623 828 4681 facis
850 4638 865 4679 :
896 4620 1004 4695 qui
1022 4616 1259 4693 lapides
1280 4614 1584 4684 mordent,
1605 4629 1746 4670 cum
1765 4627 1890 4670 non
1911 4611 2085 4670 attin-

427 4721 577 4791 gant
591 4713 1031 4790 projicientem.
1057 4709 1170 4777 Qui
1187 4705 1531 4778 instigatur,
1570 4701 1928 4761 miserabilis
1957 4706 2082 4771 est;

2191 3072 2396 3150 ἀδελφῷ
2453 3075 2639 3147 αὑτοῦ,
2689 3072 2911 3136 δοθῆναι
2963 3074 3036 3149 ἐφ’
3093 3077 3225 3150 ὑμᾶς
3296 3077 3550 3150 εὐλογίαν.
3608 3081 3674 3133 Τί
3725 3074 3786 3135 δδ

2187 3170 2274 3222 τὸν
2300 3169 2463 3227 Φινεὲς
2494 3162 2834 3232 iamuicto-sv;
2884 3165 3007 3237 Οὐχ
3045 3167 3077 3226 ἡ
3129 3163 3314 3221 δικαία
3355 3166 3485 3244 ὀργὴ
3513 3170 3651 3222 κατὰ
3685 3176 3785 3221 τῶν

2187 3258 2621 3333 πορνευσάντων;
2662 3255 2733 3325 ὃς,
2764 3257 2829 3309 τὰ
2856 3254 3022 3309 πολλὰ
3071 3254 3297 3318 ἐπιεικὴς
3343 3258 3411 3310 ὢν
3459 3262 3549 3311 καὶ
3599 3263 3783 3333 πρᾶος,

2190 3344 2372 3407 ἐπειδὴ
2407 3343 2513 3400 εἶδε
2541 3350 2636 3406 τὴν
2660 3351 2899 3422 πορνείαν
2949 3354 3042 3401 τοῦ
3089 3346 3296 3423 Ζαμϐρὶ
3320 3353 3524 3410 καὶτῆς
3575 3345 3789 3403 Μαδια-

2187 3433 2384 3499 νίτιδος
2454 3432 2747 3509 ἀναφανδὸν
2798 3440 2890 3490 καὶ
2935 3435 3435 3513 ἆπηρυθριασμένως
3488 3442 3785 3513 γινομένην,

2188 3524 2313 3583 οὐδε
2344 3525 2812 3601 συγκαλυπτόντων
2852 3526 3018 3580 αὐτῶν
3048 3535 3139 3589 τῆς
3169 3528 3430 3600 αἰσχύνης
3476 3535 3573 3588 την
3598 3528 3786 3603 ἆσχή-

2188 3637 2321 3693 μονα
2366 3619 2503 3686 θέαν,
2555 3616 2649 3670 οὐκ
2693 3614 3067 3690 ἀνασχόμενος,
3107 3616 3177 3679 εἰς
3229 3614 3347 3672 δίον
3390 3618 3663 3694 ἐχρήσατο
3714 3616 3788 3691 τῷ

2192 3711 2361 3783 θυμῷ,
2403 3704 2476 3761 δι’
2526 3705 2714 3780 ἀμφοῖν
2766 3706 2951 3768 ὓιάσας
2995 3710 3085 3761 τὸν
3125 3710 3497 3783 σειρομάστην.
3545 3708 3789 3783 Σαμουὴλ

2191 3795 2252 3852 δε
2275 3802 2361 3852 τὸν
2392 3797 2560 3870 ’Λγὰγ
2584 3798 2670 3850 τὸν
2703 3794 2930 3870 βασιλέα
2953 3804 3046 3850 τοῦ
3089 3796 3327 3871 Ἀμαλὴκ
3369 3796 3471 3852 ὑπὸ
3507 3806 3600 3853 τοῦ
3626 3798 3790 3854 Σαοὺλ

2190 3890 2335 3964 παρὰ
2358 3890 2421 3941 τὸ
2451 3891 2771 3961 πρόσταγμα
2820 3892 2913 3940 τοῦ
2958 3893 3093 3943 Θεοῦ
3139 3890 3490 3963 περισωθέντα
3536 3885 3644 3964 οὐχ
3688 3888 3790 3944 ὑπό

2194 3972 2404 4038 δικαίας
2468 3975 2627 4052 ὀργῆς
2711 3976 2779 4039 εἰς
2857 3980 3015 4050 μέσον
3096 3976 3306 4051 ἀγαγὼν
3384 3983 3790 4053 κατεφόνευσεν;

2193 4064 2347 4120 Οὕτω
2396 4070 2596 4139 γίνεται
2646 4065 2892 4128 πολλάκις
2951 4068 2976 4121 ὁ
3046 4069 3205 4141 θυμὸς
3280 4066 3489 4142 ἀγαθῶν
3560 4069 3793 4145 πράξεων

2192 4156 2473 4233 ὑπηρέτης.
2556 4156 2732 4219 Ἠλὶας
2787 4153 2848 4211 δε
2905 4158 2931 4210 6
2986 4156 3241 4228 ζηλωτὴς,
3312 4162 3635 4219 πεντήκοντα
3704 4162 3797 4215 καὶ

2191 4251 2558 4325 τετρακοσίους
2608 4244 2802 4323 ἄνδρας
2860 4250 3005 4325 ἱερεῖς
3046 4257 3135 4311 τῆς
3183 4248 3464 4323 αἰσχύνης,
3506 4256 3597 4305 καὶ
3617 4266 3795 4327 τετρα-

2192 4342 2402 4400 κοσίους
2458 4334 2654 4414 ἄνδρας
2708 4340 2853 4413 ἱερεῖς
2908 4347 3008 4392 τῶν
3061 4336 3253 4408 ἀλσῶν,
3334 4340 3600 4415 ἐσθίοντας
3677 4342 3794 4415 (30)

2192 4428 2454 4505 τράπεζαν
2528 4412 2773 4496 Ἰεζάϐελ,
2827 4427 3171 4504 λελογισμένῳ
3215 4431 3364 4505 θυμῷ
3420 4435 3509 4484 καὶ
3566 4412 3794 4507 σώφρονι

2194 4519 2263 4581 εἰς
2323 4518 2494 4593 ὄφελος
2546 4521 2735 4580 παντὸς
2794 4526 2888 4573 τοῦ
2945 4518 3159 4595 Ἰσραὴλ
3223 4520 3534 4577 ἐθανάτωσε.
3598 4524 3667 4575 Σὺ
3731 4515 3793 4576 δε

2195 4607 2382 4685 ὀργίζῃ
2410 4616 2482 4681 τῷ
2515 4605 2719 4682 ἀδελφῷ
2750 4626 2846 4662 σου
2878 4607 3010 4668 εἰκῆ.
3063 4616 3177 4670 Πῶς
3204 4610 3307 4684 γὰρ
3347 4608 3442 4664 οὐκ
3468 4611 3602 4680 εἰκῆ,
3635 4609 3791 4665 ἄλλον

2194 4700 2514 4778 ἐνεργοῦντος
2741 4697 3073 4773 χαλεπαίνων
3119 4696 3311 4769 1616;;
3367 4705 3470 4755 Καὶ
3519 4706 3681 4764 ποιεῖς
3729 4703 3791 4755 τὸ

499 4892 549 4935 ⁸⁸
577 4891 735 4954 Psal.
768 4904 845 4965 tv,
874 4870 934 4948 Β.
1010 4888 1055 4926 ⁸⁷
1080 4885 1284 4946 Matth.
1306 4901 1367 4954 v,
1405 4885 1498 4939 22.
1575 4882 1623 4920 ⁸⁸
1655 4882 1798 4941 Gen.
1831 4896 1916 4949 ιιι.
1953 4884 2041 4940 {5.

2190 4881 2368 4941 Num.
2397 4892 2538 4950 xxv,
2570 4880 2663 4939 17.
2739 4876 2788 4917 ιθ
2813 4880 2988 4937 Num.
3020 4832 3124 4951 xii,
3153 4880 3207 4937 3.
3284 4876 3330 4917 ιι
3358 4876 3547 4939 Exod.
3604 4896 3790 4953 mu,

425 4991 521 5049 27.
595 4987 644 5024 ⁸³
674 4983 822 5043 ibid.
845 4982 938 5040 29.
1014 4978 1064 5016 ⁸⁸
1093 4980 1273 5036 Num.
1301 4990 1440 5047 xxv,
1474 4975 1527 5031 8.
1604 4972 1653 5011 “
1685 4974 1707 5029 Ι
1735 4976 1879 5045 Reg.
1910 4987 2005 5045 xv,
2036 4976 2128 5032 33.
2204 4973 2253 5009 "
2275 4973 2347 5029 lli
2375 4973 2519 5041 Reg.
2550 4983 2711 5037 xvm,
2740 4970 2934 5025 22-40.

500 5164 804 5240 (-26)Colb.
836 5158 1044 5221 tertius
1068 5161 1158 5212 καὶ
1213 5156 1560 5233 μακαριστός,
1610 5152 1821 5237 beatus
1854 5150 2081 5227 praedi

425 5240 787 5382 εαᾶξῗῗῇοε.
814 5305 1131 5382 ρι’ἱωιλεοι
1156 5299 1560 5382 Co_1b.__tertius
1598 5301 1695 5382 Διᾲ
1720 5307 1874 5382 τοῦτο
1920 5301 2012 5352 καὶ
2037 5297 2081 5382 ’ὁ

423 5372 714 5458 Ψαλμῳδός
731 5372 909 5454 *ἡμᾶς
953 5378 1182 5432 νουθετεῖ
1223 5373 1549 5450 ὀργίζεσθαι,
1588 5378 1678 5426 καὶ
1715 5376 1786 5446 μὴ
1836 5372 2081 5447 ἁμαρτά-

423 5475 607 5607 πιῖἑ8)
630 5525 723 5607 Sic
748 5540 901 5607 mss.
938 5516 1472 5607 plerique‘omnes.
1526 5515 1677 5573 Editi
1721 5511 2081 5607 ὅξδελφὸνὶαὐ-

421 5585 515 5658 τοῧ
532 5585 787 5670 πλησίον,
816 5599 910 5649 καὶ
940 5585 1155 5653 ἕκαστος
1183 5593 1269 5644 τὸν
1296 5590 1515 5664 ἔγγιστα
1543 5605 1556 5644 :
1589 5589 1758 5663 quod
1794 5585 2081 5645 mutilum

2189 5153 2318 5211 erat
2336 5154 2393 5208 et
2412 5159 2722 5208 mancum.

2262 5224 2375 5297 (29)
2390 5224 2573 5306 .Huqc
2596 5221 2822 5306 locum,
2852 5209 3219 5306 Ἐπληρώσατε
3265 5214 3355 5285 τὰς
3380 5226 3593 5306 ’χεῖρας
3626 5223 3791 5297 ὑμῶν,

2189 5295 2325 5376 ςιοη
2358 5295 2729 5376 ίτηῃιευίειίε
2775 5309 2990 5376 manus
3014 5295 3279 5367 'vestras,
3339 5295 3497 5366 etc.,'
3534 5295 3795 5355 illustrat

2189 5371 2446 5426 Ducasus
2471 5367 2533 5422 in
2565 5366 2692 5423 suis
2718 5366 2899 5424 notis.

2259 5442 2372 5511 (30)
2405 5437 2572 5509 Regii
2590 5436 2713 5511 duo
2761 5443 2820 5494 et
2863 5434 3030 5511 Colb.
3063 5437 3299 5511 primus
3337 5443 3658 5511 πεντήκοντα
3703 5443 3793 5494 καὶ

2187 5505 2553 5587 τετρακοσίους
2612 5505 2846 5587 ἄνδρας-μ
2873 5509 3044 5587 ίερίων
3066 5505 3201 5562 ’τῶν
3250 5508 3459 5587 ἰιλσοῖιν,Δ
3504 5509 3789 5575 ἐσθίοντας.

2185 5581 2298 5644 Alii
2324 5583 2448 5641 duo
2484 5599 2636 5640 mss.
2668 5581 2727 5643 et
2752 5581 2897 5641 editi
2916 5581 2983 5641 'ut
3010 5582 3076 5640 in
3100 5585 3400 5652 contextu,
3432 5581 3682 5671 fusius.’
