4098 6398
339 379 445 434 369

1518 368 1815 427 HOMILIA
1852 362 2219 422 ADVERSUS
2270 362 2522 419 IRATOS

3607 358 3714 416 370

338 510 436 555 τῶν
465 507 631 554 κυνῶν
660 520 673 535 '
715 497 764 553 οἱ
801 500 920 561 τοὺς
970 499 1142 561 λίθους
1186 495 1462 565 δάκνουσι,
1519 500 1610 548 τοῦ
1665 491 1933 567 βάλλοντος

2047 486 2305 560 quivero
2319 484 2731 554 instigat,odio
2743 482 3333 542 esthabenduleluc
3344 482 3499 540 iram
3516 484 3710 540 trans-

338 591 395 646 ού
452 595 894 669 προσαπτόμενοι.
957 590 1016 642 Ὀ
1082 590 1436 666 ἐνεργούμενος
1493 585 1696 645 ἐλεεινός
1729 605 1741 618 ·
1799 584 1824 635 ὁ
1880 578 1940 634 δε

339 682 550 756 ἐνεργῶν
603 685 843 755 μισητός.
907 680 1043 733 Ἐκεῖ
1093 683 1180 732 τὸν
1241 681 1402 753 θυμόν
1461 678 1674 752 μετάθες
1721 675 1802 728 ἐπὶ
1851 675 1936 726 τὸν

337 771 779 848 ἂνθρωποκτόνον,
811 775 897 826 τὸν
927 779 1019 826 τοῦ
1044 767 1271 843 ψεύδους
1301 773 1520 841 πατέρα,
1573 770 1660 821 τὸν
1715 764 1936 839 ἐργάτην

337 871 428 924 τῆς
459 862 752 940 ἁμαρτίας·
808 870 877 934 τῷ
919 858 979 916 δὲ
1018 858 1221 934 ἀδελφῷ
1261 866 1350 914 καὶ
1409 860 1777 932 σνμπάθησον,
1833 856 1934 924 ὅτι,

339 952 423 1007 ἐὰν
478 953 708 1028 ἐπιμείνη
761 961 823 1026 τῇ
883 952 1133 1026 ἁμαρτίᾳ,
1191 953 1321 1024 μετὰ
1357 956 1448 1002 τοῦ
1499 945 1745 1001 διαϐόλου
1771 963 1938 1020 παροι-

341 1038 628 1100 δοθήσεται
673 1048 744 1112 τῷ
798 1041 987 1112 αἰωνίῳ
1044 1060 1192 1114 πυρι.
1241 1039 1442 1113 Ὠσπερ
1501 1035 1560 1090 δί
1612 1039 1677 1090 τὰ
1708 1035 1938 1108 ὀνόματα

341 1128 569 1207 διάφορα
596 1133 759 1204 θυμοῦ
790 1135 879 1184 καὶ
910 1131 1084 1206 ὀργῆς,
1116 1130 1250 1184 οὕτω
1275 1134 1365 1183 καὶ
1393 1131 1461 1182 τὰ
1484 1128 1572 1181 ὑπ’
1627 1126 1791 1180 αὐτῶν
1841 1144 1936 1184 ση-

337 1224 620 1294 μαινόμενα
668 1220 909 1274 πλείστον
964 1218 1190 1278 ἀλλήλων
1267 1216 1520 1296 διαφέρει.
1592 1216 1750 1270 Ἐστι
1829 1217 1932 1288 γὰρ

339 1311 496 1382 θυμός
522 1311 614 1383 μὶν
645 1310 750 1362 οἷον
780 1310 959 1382 ἕξοι-ῥίς
982 1330 1056 1371 τις
1108 1314 1198 1363 καὶ
1242 1308 1590 1383 ἀναθυμίασις
1650 1307 1791 1372 ὀξεῖα
1839 1307 1931 1358 τού

332 1400 567 1460 πάθουςο
629 1399 758 1475 ὀργὴ
821 1397 880 1454 δὲ
929 1403 1143 1474 ἔμμονος
1195 1401 1330 1458 λύπη
1386 1404 1476 1453 καὶ
1527 1400 1660 1472 ὁρμὴ
1710 1394 1933 1472 διαρκὴς

330 1491 448 1561 τρός
473 1492 568 1548 τὴν
615 1499 715 1542 τῶν
743 1487 1077 1550 ἠδικηκότων
1119 1486 1410 1561 ἀντίδοσιν,
1465 1491 1637 1564 ὥσπερ
1694 1487 1932 1563 ὀργώσης

331 1585 422 1638 τῆς
445 1577 630 1651 ψυχῆς
677 1583 802 1655 πρὸς
988 1581 1208 1653 ἄμυναν.
1264 1576 1473 1634 Εἰδέναι
1525 1575 1612 1630 οὖν
1660 1581 1792 1650 χρὴ,
1853 1577 1932 1628 ὅτι

333 1669 447 1720 κατ’
506 1666 792 1743 ἀμφοτέρας
843 1671 932 1731 τὰς
990 1666 1249 1730 διαθέσεις
1303 1667 1694 1742 πλημμελοῦσιν
1747 1668 1798 1719 οἱ
1847 1665 1934 1718 οἴν-

339 1758 535 1832 θρωποι
567 1778 580 1792 ο
645 1759 674 1817 ἦ
709 1766 935 1832 μανικῶς
963 1761 1053 1811 καὶ
1109 1757 1409 1832 ἐμπλήκτως
1460 1759 1596 1810 κατά
1649 1763 1749 1809 τῶν
1800 1773 1934 1831 παρ.

2045 576 2134 633 fer
2162 576 2224 632 in
2252 574 2642 640 homicidam,
2666 573 2969 632 mendacii
2989 577 3248 646 patrem,
3270 572 3559 629 artiﬁcem
3574 587 3712 645 pec.

2046 666 2190 738 cati;
2250 664 2448 721 fratris
2496 680 2638 720 vero
2687 665 2889 737 potius
2947 662 3434 728 commiseresce,
3471 663 3590 732 90
3636 677 3710 718 eo

2044 755 2212 828 quod
2239 755 2289 810 si
2318 755 2377 810 in
2409 758 2659 827 peccato
2691 753 3110 827 permanserit,
3152 767 3278 806 una
3298 767 3438 806 cum
3463 749 3710 807 diabolo

2042 844 2169 915 igni
2199 849 2423 900 aeterno
2453 844 2784 901 tradendus
2815 845 2911 899 sit.
2931 840 3466 909 Quemadmodum
3495 843 3700 896 autem

2043 933 2283 990 diversa
2305 937 2446 990 sunt
2473 932 2908 1003 indignationis
2929 937 2987 989 et
3013 933 3115 988 iraa
3136 929 3390 986 nomina
3413 944 3427 984 :
3459 928 3544 985 ita
3561 942 3712 1001 quo-

2040 1039 2160 1098 que
2192 1022 2479 1095 subjectae
2505 1023 2697 1095 ipsius
2741 1022 3044 1088 notiones,
3094 1020 3428 1094 plurimum
3456 1017 3612 1074 inter
3643 1032 3709 1073 se

2040 1113 2347 1170 differunt.
2380 1112 2720 1182 Indignatio
2743 1111 2905 1168 enim
2932 1111 3107 1184 quasi
3128 1108 3415 1183 quaedam
3436 1106 3707 1164 incensio

2039 1207 2132 1261 est
2160 1218 2232 1260 ac
2252 1201 2568 1274 repentina
2598 1200 2845 1258 affectus
2866 1199 3197 1267 exhalatio;
3243 1197 3336 1254 ira
3349 1212 3514 1266 vero,
3533 1194 3709 1253 dolor

2039 1297 2808 1365 constans,perpetuusque
2821 1289 3124 1363 appetitus
3135 1287 3285 1346 vicis
3299 1284 3705 1359 rependendm

2036 1382 2420 1449 nocentibus,
2451 1381 2655 1437 anima
2698 1380 2861 1436 velut
2896 1380 2958 1436 in
2987 1378 3321 1436 vindictam
3364 1375 3697 1449 pruriente.

2042 1472 2198 1529 Scire
2227 1471 2430 1543 itaque
2455 1486 2655 1543 operae
2681 1469 2943 1542 pretium
2973 1473 3081 1538 est,
3105 1466 3275 1540 quod
3305 1465 3524 1522 affectu
3545 1467 3710 1520 utro-

2039 1577 2156 1635 que
2178 1564 2436 1634 peccant
2461 1559 2762 1626 homines,
2793 1563 2897 1615 aut
2916 1557 3138 1616 furiose
3159 1571 3229 1613 ac
3250 1559 3471 1612 temere
3491 1552 3705 1611 adver-

2039 1666 2144 1707 sus
2168 1650 2467 1707 irritantes
2499 1649 2811 1714 commoti,
2845 1652 2952 1705 aut
2974 1662 3083 1720 per
3110 1644 3287 1702 dolos
3330 1659 3401 1700 ac
3454 1642 3705 1700 insidias

2040 1754 2144 1796 eos
2171 1739 2276 1813 qui
2303 1739 2453 1812 ipsis
2493 1737 2840 1795 molestiam
2879 1736 3188 1804 exhibent,
3227 1731 3705 1792 circumvenien-

336 1846 614 1912 οξυνόντων
643 1847 758 1920 (3t)
789 1851 1099 1921 κινούμενοι,
1158 1848 1188 1907 ἢ
1251 1843 1468 1922 δολερῶς
1519 1850 1609 1900 καὶ
1656 1844 1932 1907 ἐπιϐούλως

2043 1833 2164 1889 tes:
2197 1845 2338 1904 quae
2363 1827 2488 1888 duo
2518 1826 2796 1888 cavenda
2822 1825 3004 1887 nobis
3035 1829 3201 1885 sunt.

337 1940 452 1998 τοὺς
475 1935 810 2001 λυπήσαντας
834 1934 1174 2016 ἐνεδρεύοντες
1202 1959 1215 1973 ·
1264 1937 1393 2016 οἷπερ
1454 1936 1720 2012 ἀμφότερα
1775 1935 1933 2010 φυλη-

336 2030 480 2080 διτέον
504 2029 649 2100 ἡμῖν.

401 2121 454 2174 ’7.
485 2123 596 2179 Πῶς
621 2116 682 2169 ἆν
713 2114 800 2171 οὖν
829 2123 901 2191 μὴ
934 2126 1127 2172 κινοῖτο
1157 2121 1284 2194 πρὸς
1312 2117 1347 2170 ἆ
1370 2121 1441 2192 μὴ
1476 2113 1558 2172 δεῖ
1609 2119 1669 2171 τὸ
1720 2117 1882 2179 πάθος
1914 2131 1929 2186 ;

332 2210 487 2273 Πῶς;
529 2205 590 2261 Εἰ
645 2204 1085 2282 προπαιδευθείης
1123 2208 1234 2280 (32)
1286 2211 1380 2268 τὴν
1431 2208 1932 2282 ταπεινοφροσύνην,

330 2295 392 2356 ἣν
423 2297 448 2348 ό
476 2299 662 2370 Κύριος
691 2301 780 2350 καὶ
825 2296 962 2370 λόγῳ
995 2295 1292 2368 διετάξατο,
1333 2303 1424 2350 καὶ
1454 2300 1588 2373 ἔργῳ
1646 2293 1884 2361 ὑπέδειξε
1915 2316 1930 2331 ο

328 2392 416 2438 νῦν
473 2387 564 2460 μὲν
618 2384 778 2459 λέγων
813 2407 826 2421 ο
880 2385 938 2440 Ὀ
1009 2385 1161 2441 θέλων
1215 2385 1264 2441 ἐν
1339 2389 1461 2461 ύμῖν
1528 2383 1659 2439 εἶναι
1731 2393 1933 2461 πρῶτος

330 2475 464 2529 ἴστω
487 2476 691 2528 πάντων
722 2478 994 2551 ἔσχατος·
1057 2484 1147 2529 νῦν
1201 2473 1260 2530 δὲ
1307 2478 1482 2551 πράως
1531 2480 1621 2529 καὶ
1680 2474 1933 2538 ἀκινήτως

328 2572 420 2617 τοῦ
471 2567 750 2627 τύπτοντος
800 2564 1126 2640 ἀνεχόμενος.
1180 2566 1238 2619 Ὀ
1302 2569 1404 2642 γὰρ
1460 2565 1678 2640 ούρανοῦ
1708 2570 1797 2618 καὶ
1835 2573 1933 2637 γῆς

328 2659 550 2715 ποιητὴς
624 2661 714 2708 καὶ
767 2652 1045 2721 δεσπότης,
1102 2657 1129 2708 ὁ
1181 2659 1326 2730 παρὰ
1375 2657 1550 2718 πάσης
1599 2664 1692 2717 τῆς
1746 2663 1934 2716 νοητῆς

329 2747 420 2797 καὶ
473 2745 729 2807 αἰσθητῆς
779 2751 995 2808 κτίσεως
1043 2748 1508 2823 προσκυνούμενος,
1565 2747 1590 2800 ὁ
1643 2749 1811 2822 Φέρων
1867 2747 1937 2798 τὰ

334 2835 615 2908 σύμπαντα
681 2843 754 2906 τῷ
824 2837 1026 2911 ῥήματι
1099 2845 1192 2898 τῆς
1262 2833 1529 2910 δυνάμεως
1587 2835 1699 2908 (33)
1750 2835 1933 2904 αὑτοῦ,

333 2923 463 2996 οὐχὶ
518 2924 685 2984 ζῶντα
730 2925 952 3000 ἔπεμψεν
1004 2925 1160 2979 αὐτόν
1218 2925 1285 2987 εἰς
1341 2929 1428 2979 τόν
1481 2923 1640 2998 ᾅδην,
1698 2933 1793 2986 τῆς
1836 2931 1934 2997 ’γῆς

336 3011 714 3088 ύποῤῥαγείσης
729 3021 800 3086 τῷ
830 3012 1099 3084 δυσσεϐεῖ,
1128 3014 1258 3068 ἀλλά
1280 3018 1508 3070 νουθετεῖ
1532 3020 1623 3068 καὶ
1649 3011 1930 3068 διδάσκιιο

332 3100 395 3154 Εἰ
448 3109 616 3165 κακῶς
671 3103 918 3172 ἐλάλησα,
973 3107 1312 3180 μαρτύρησον
1364 3111 1482 3182 περὶ
1553 3112 1644 3159 τοῦ
1722 3111 1930 3158 κακοῦο

2109 2121 2164 2174 7.
2195 2115 2310 2183 Qui
2365 2115 2548 2188 igitur
2593 2113 2726 2172 ﬁeri
2773 2113 3012 2188 poterit,
3063 2114 3129 2170 ut
3179 2109 3567 2170 turbulentus
3601 2108 3705 2167 ille

2040 2207 2294 2266 affectus
2351 2206 2434 2264 ad
2473 2221 2546 2262 ea
2594 2220 2732 2278 qua:
2771 2219 2896 2261 non
2941 2205 3204 2277 oportet,
3249 2217 3378 2259 non
3423 2200 3705 2258 cieatur?

2040 2295 2360 2365 Quomodo
2385 2295 2413 2351 ?
2437 2296 2494 2353 Si
2523 2295 2708 2352 fueris
2756 2294 2925 2368 prius
2975 2292 3385 2350 humilitatem
3426 2289 3704 2362 edoctus,

2037 2403 2228 2462 quam
2255 2385 2547 2443 Dominus
2575 2388 2632 2442 et
2662 2383 2864 2441 verbis
2890 2383 3198 2457 praecepit,
3229 2386 3286 2438 et
3313 2397 3379 2438 re
3407 2379 3695 2437 ostendit.

2040 2477 2271 2550 Quippe
2297 2475 2484 2533 modo
2505 2475 2681 2533 dicit:
2707 2475 2825 2543 Qui
2842 2474 2973 2531 vult
2993 2474 3157 2531 inter
3183 2487 3285 2530 vos
3304 2472 3538 2544 primus
3564 2484 3704 2539 esse,

2036 2569 2114 2623 sit
2135 2568 2398 2623 omnium
2413 2567 2842 2637 postremus“:
2869 2564 3056 2620 modo
3076 2578 3221 2620 vero
3271 2561 3548 2620 toleravit
3588 2575 3712 2617 cte-

2038 2657 2285 2726 dentem
2310 2656 2431 2712 leni
2457 2657 2663 2714 animo
2682 2661 2863 2728 atque
2892 2655 3147 2711 immoto
3166 2654 3235 2708 ιτ.
3258 2656 3410 2710 Nam
3430 2651 3566 2708 coeli
3587 2655 3709 2709 ter-

2038 2763 2245 2822 raeque
2277 2747 2556 2804 conditor
2581 2763 2652 2804 ac
2683 2745 3000 2810 dominus,
3030 2745 3137 2818 qui
3165 2759 3203 2801 a
3232 2747 3512 2801 creatura
3539 2741 3710 2800 omni

2039 2840 2169 2895 tam
2201 2835 2499 2910 spirituali
2528 2853 2717 2910 quam
2756 2835 2819 2892 in
2852 2850 3097 2891 sensum
3125 2833 3365 2890 cadenti
3394 2832 3707 2904 aduratur,

2039 2928 2307 2984 Portans
2330 2928 2532 2983 omnia
2562 2926 2740 2983 verbo
2770 2925 3018 2983 virtutis
3051 2924 3254 2990 sua“,
3287 2937 3709 2997 percussorem

2039 3031 2167 3073 non
2196 3016 2359 3072 misit
2385 3017 2594 3072 vivum
2626 3015 2688 3071 in
2719 3014 2966 3084 inferos,
2998 3016 3159 3070 terra
3197 3012 3277 3069 ad
3305 3013 3567 3086 impium
3597 3011 3711 3068 de-

2041 3105 2420 3177 glutiendum
2449 3104 2812 3172 dehiscente,
2845 3103 2953 3159 sed
2990 3101 3458 3159 commonefacit
3498 3117 3570 3158 ac
3599 3100 3710 3159 do-

332 3189 376 3243 εἰ
406 3187 466 3243 δὲ
493 3192 677 3262 καλῶς,
715 3198 768 3246 τί
799 3212 863 3266 με
889 3191 1090 3272 δέρεις;
1147 3196 1264 3250 Ἐὰν
1314 3198 1417 3272 γὰρ
1467 3195 1679 3269 ἐθισθῇς
1728 3197 1933 3250 πάντων

2043 3199 2162 3252 cet:
2194 3194 2262 3252 Si
2279 3195 2436 3252 male
2469 3195 2705 3251 locutus
2735 3209 2888 3262 sum,
2914 3193 3318 3250 testimonium
3346 3191 3600 3262 perhibe
3635 3191 3710 3249 de

331 3281 558 3353 ἵσχατος
610 3280 740 3337 εἶναι
785 3287 920 3336 κατὰ
970 3289 1065 3343 τὴν
1125 3285 1328 3345 ἐντολὴν
1385 3293 1476 3339 τοῦ
1532 3291 1749 3362 Κυρίου,
1808 3289 1934 3340 πότε

330 3369 711 3444 ἀγανακτήσεις
748 3376 812 3435 ὡς
835 3376 981 3447 παρὰ
1007 3379 1103 3434 τὴν
1135 3373 1278 3438 ἀξίαν
1308 3375 1720 3450 καθυϐρισμένος
1770 3379 1886 3450 (34)
1916 3393 1930 3445 ;

327 3458 489 3514 Ὀταν
517 3481 577 3514 σε
604 3458 819 3515 παιδίον
859 3467 1045 3522 νήπιον
1095 3460 1408 3538 λοιδορήση,
1450 3465 1664 3536 γέλωτος
1695 3463 1935 3538 ἀφορμὴν

327 3558 451 3624 ποιῇ
485 3553 553 3603 τὰ
576 3548 979 3628 λοιδορήματα·
1028 3558 1120 3607 καὶ
1173 3554 1294 3606 ὅταν
1352 3555 1452 3605 ὑπό
1503 3551 1794 3628 φρενίτιδος
1850 3555 1933 3618 ἐξ·

330 3645 560 3702 ιστηκὼς
610 3645 706 3700 τὴν
759 3639 997 3696 διάνοιαν
1053 3645 1341 3716 φθέγγηται
1407 3645 1621 3718 ῥήματα
1699 3642 1928 3718 ἀτιμίας,

330 3728 536 3785 ἐλεεινὸν
565 3733 669 3807 ἡγῇ
703 3733 892 3807 μᾶλλον
917 3735 947 3792 ἦ
977 3738 1164 3807 μίσους
1189 3733 1352 3798 ἄξιον.
1388 3734 1463 3786 Ού
1503 3738 1674 3787 τοίνυν
1725 3737 1793 3788 τὰ
1841 3737 1934 3811 ῥή-

329 3839 471 3894 ματα
499 3827 691 3896 πέφυκε
719 3825 809 3884 τὰς
837 3823 998 3885 λύπας
1027 3831 1206 3891 κινεῖν,
1259 3822 1366 3876 ἀλλ’
1417 3825 1448 3882 ἡ
1509 3827 1645 3877 κατὰ
1688 3832 1780 3878 τοῦ
1831 3825 1936 3878 λοι-

332 3905 654 3984 δορήσαντος
703 3915 838 3987 ἡμᾶς
885 3913 1166 3987 ὑπεροψία,
1193 3917 1283 3966 καὶ
1312 3914 1342 3972 ἡ
1377 3913 1599 3968 ἑκάστου
1647 3919 1766 3990 περὶ
1820 3914 1936 3968 ἐαυ-

329 4006 416 4057 τόν
449 4008 730 4076 φαντασία.
747 4010 907 4056 Ὥστε
929 4003 988 4056 ἂν
1020 4001 1204 4078 ἀφέλῃς
1229 4013 1322 4065 τῆς
1348 4003 1532 4058 ἑαυτοῦ
1567 4005 1672 4076 (35)
1702 4002 1936 4081 διανοίας

328 4095 526 4146 τούτων
556 4092 813 4168 ἑκάτερον,
845 4092 1004 4169 φόρος
1035 4093 1173 4146 ἐστὶν
1197 4093 1356 4155 ἄλλως
1388 4090 1627 4157 διακενῆς
1670 4099 1819 4167 ὴχῶν
1868 4098 1936 4148 τὰ

330 4187 600 4258 φερόμενα.
655 4189 868 4236 Παῦσαι
924 4180 1012 4236 οὖν
1070 4183 1171 4236 ἀπὸ
1221 4183 1402 4260 ὀργῆς,
1480 4190 1570 4237 καὶ
1623 4184 1934 4257 ἐγκατάλιπε

333 4274 514 4345 θυμόν,
559 4273 642 4324 ἶνα
671 4274 836 4347 φύγῃς
887 4281 978 4334 τῆς
1037 4273 1196 4348 ὀργῆς
1237 4279 1331 4333 τὴν
1378 4281 1581 4349 πεῖραν,
1630 4283 1722 4337 τῆς
1780 4275 1934 4328 Ἀπο-

328 4362 716 4436 καλυπτομένης
800 4361 888 4415 ἀπ’
974 4361 1194 4438 ούρανοῦ
1281 4363 1364 4416 ἐπὶ
1438 4369 1614 4417 πᾶσαν
1691 4363 1929 4418 ἀσέϐειαν

2041 3286 2234 3358 malo;
2263 3287 2317 3341 si
2345 3291 2543 3342 autem
2577 3285 2741 3350 bene,
2764 3284 2912 3356 quid
2949 3298 3040 3340 me
3077 3282 3360 3340 caedis"?
3400 3281 3630 3338 Etenim
3658 3281 3710 3338 si

2036 3376 2212 3448 juxta
2239 3380 2612 3450 praeceptum
2636 3373 2872 3431 Domini
2900 3379 3246 3448 postremus
3275 3372 3554 3429 omnium
3577 3386 3708 3428 esse

2043 3464 2384 3522 assueveris
2395 3507 2408 3531 ,
2420 3463 2820 3538 quandonam
2838 3462 3258 3534 indignabere,
3272 3461 3448 3535 quasi
3461 3460 3543 3517 sis
3557 3475 3710 3533 pra:-

2041 3558 2133 3611 ter
2161 3554 2523 3625 dignitatem
2555 3553 2939 3610 contumeliis
2969 3551 3331 3608 divexatus?
3361 3550 3512 3607 Cum
3554 3565 3708 3624 puer

2039 3645 2334 3719 parvulus
2364 3644 2474 3700 tibi
2506 3643 2904 3708 conviciatur,
2953 3641 3230 3699 convicia
3275 3641 3423 3698 facis
3467 3641 3709 3699 ridendi

2041 3734 2388 3791 materiam:
2439 3733 2777 3807 quinetiam
2820 3748 2962 3789 cum
3009 3732 3146 3805 quis
3193 3746 3318 3805 prae
3363 3730 3706 3804 phrenitide

2041 3829 2243 3881 mente
2271 3824 2509 3897 lapsus,
2542 3823 2730 3880 verba
2757 3822 3166 3894 ignominiosa
3202 3821 3492 3894 loquitur,
3531 3820 3720 3877 ducis:

2039 3915 2212 3972 illum
2240 3915 2657 3972 misericordia
2677 3930 2864 3987 quam
2891 3913 3032 3970 odio
3051 3911 3415 3984 digniorem.
3442 3913 3570 3968 Non
3597 3911 3705 3982 igi-

2043 4009 2137 4061 tur
2165 4005 2353 4061 verba
2372 4005 2531 4078 ipsa,
2558 4004 2663 4060 sed
2683 4018 3004 4073 insurgens
3033 4003 3326 4059 adversus
3346 4001 3706 4058 conviciato-

2040 4110 2169 4150 rem
2201 4095 2506 4167 superbia,
2530 4098 2588 4150 et
2617 4094 2912 4166 cujusque
2943 4093 3017 4148 de
3039 4108 3112 4148 se
3157 4092 3291 4165 ipso
3338 4091 3702 4149 existimatio

2040 4184 2386 4241 molestiam
2417 4199 2488 4241 ac
2517 4183 2828 4255 negotium
2861 4183 3057 4240 solent
3075 4182 3397 4240 facessere.
3427 4184 3622 4248 Quare
3651 4182 3702 4239 si

2039 4278 2365 4347 utrumque
2389 4274 2609 4330 horum
2633 4289 2706 4329 ex
2727 4273 2932 4330 animo
2953 4274 3284 4339 exemeris;
3313 4287 3386 4328 ea
3409 4286 3547 4344 qum
3565 4286 3704 4344 pro-

2035 4362 2333 4433 feruntur,
2363 4363 2447 4420 nil
2477 4362 2644 4420 aliud
2673 4368 2833 4432 sunt,
2864 4362 2980 4419 nisi
3001 4363 3238 4420 sonitus
3269 4361 3491 4418 frustra
3518 4377 3589 4418 ac
3619 4365 3702 4419 te-

328 4457 418 4506 καὶ
462 4448 674 4506 ἀδικίαν
734 4449 1035 4526 ἀνθρώπων.
1089 4451 1203 4506 Ἐὰν
1259 4455 1360 4528 γὰρ
1414 4452 1653 4528 λογισμῷ
1704 4460 1930 4531 σώφρονι

2043 4469 2202 4510 mere
2223 4453 2441 4510 editus.
2474 4454 2692 4510 Desine
2709 4452 2888 4524 igitur
2912 4453 2987 4510 ab
3009 4453 3126 4525 ira,
3150 4458 3204 4510 et
3226 4451 3575 4524 derelinque
3591 4456 3699 4523 tu-

329 4531 553 4616 ἕιῖτεμεῖν
585 4539 818 4616 δυνηθῇς
844 4546 938 4601 τὴν
967 4545 1160 4617 πικρὰν
1209 4542 1362 4618 ῥίζαν
1399 4551 1490 4596 τοῦ
1525 4546 1711 4618 θυμοῦ,
1765 4545 1930 4600 πολλὰ

327 4639 428 4684 τῶν
456 4633 635 4685 παθῶν
667 4653 729 4706 τῃ
785 4631 928 4708 ἀρχῇ
979 4635 1144 4706 ταύτῃ
1203 4638 1622 4708 συναναιρήσεις.
1673 4638 1774 4688 Καὶ
1824 4638 1924 4711 γὰρ

327 4725 385 4775 τό
443 4717 651 4798 δολερὸν
715 4727 806 4775 καὶ
860 4723 1108 4792 ὕποπτον,
1155 4726 1245 4775 καὶ
1276 4724 1495 4776 ἄπιστον
1518 4728 1607 4776 καὶ
1654 4727 1924 4794 κακόηθες,

327 4815 418 4864 καὶ
457 4810 721 4867 ἐπίϐουλον
750 4815 841 4866 καὶ
873 4815 1062 4888 θρασύ,
1116 4817 1208 4866 καὶ
1263 4819 1364 4866 πᾶν
1420 4817 1478 4866 1'6
1531 4822 1630 4867 τῶν
1679 4819 1924 4869 τοιούτων

399 4967 446 5002 ⁴⁶
476 4967 650 5023 Marc.
701 4981 776 5034 ix,
819 4969 910 5023 34.

328 5054 374 5091 ⁵¹
406 5057 579 5112 Rom.
609 5072 648 5123 1,
687 5059 773 5112 £8.

1007 4966 1050 5002 ‘7
1091 4967 1262 5024 Joan.
1311 4983 1472 5038 xvui,
1522 4971 1612 5038 22,
1663 4971 1752 5027 23.

401 5180 509 5257 (δι)
540 5180 785 5257 antiqui
813 5180 936 5237 duo
965 5181 1101 5238 libri
1128 5182 1546 5257 παροξυνάντων.

398 5255 530 5326 (32)⁸
549 5253 643 5309 Sic
671 5252 733 5308 in
763 5258 1024 5324 quatuor
1054 5252 1212 5312 mss.’
1233 5255 1468 5326 legitur,
1499 5255 1562 5312 in
1593 5255 1766 5314 editis
1790 5272 1932 5315 vero

330 5323 373 5376 εἰ
399 5321 761 5401 παιδευθείης.
782 5321 922 5401 M0_X_
946 5340 1073 5401 reg.
1104 5321 1338 5401 primus
1367 5331 1667 5401 καὶίὲργοις.

332 5465 344 5477 ο
398 5399 514 5477 (‘33)
536 5398 804 5477 ‘U‘traque
831 5396 1014 5452 editio
1029 5396 1359 5477 et‘Coisl.et
1379 5396 1778 5477 Golb.:tertius
1805 5417 1936 5477 per-

329 5468 468 5545 inde
489 5473 552 5545 ut
571 5472 764 5523 textus
788 5484 959 5545 sacer
977 5477 1057 5545 τῷΔ
1067 5469 1267 5543 ῥήματι
1295 5480 1392 5545 τῆς
1423 5468 1711 5545 δυνάμεως,
1757 5468 1934 5531 verba

330 5541 573 5595 virtutis
609 5555 750 5595 sua.
785 5545 856 5595 At
901 5541 1076 5609 Regii
1101 5541 1406 5598 secundus
1439 5549 1497 5600 et
1544 5541 1749 5601 tertius
1792 5562 1934 5601 cum

331 5611 491 5666 Colb.
516 5610 713 5684 primo
739 5620 811 5682 τῷ
830 5614 1048 5688 νεύματι
1075 5621 1166 5674 τῆς
1188 5611 1474 5688 δυνάμεως,
1517 5624 1671 5673 nutu
1694 5618 1935 5675 virtutis

329 5697 472 5751 suae,
495 5698 600 5740 seu
618 5684 900 5754 potentia:
925 5699 1075 5742 suae.

1849 4969 1896 5005 ⁸³
1930 4967 2113 5027 Hebr.
2153 4984 2194 5042 ι,
2248 4973 2301 5026 3.

2037 4560 2232 4602 rorem
2250 4545 2332 4600 5°:
2365 4547 2431 4600 ut
2456 4543 2561 4600 ira:
2585 4542 2924 4615 periculum
2956 4541 3234 4613 effugias,
3265 4557 3404 4614 qua:
3434 4543 3522 4598 De
3545 4543 3697 4599 οωιο

2036 4636 2345 4692 reveletur
2370 4649 2552 4704 super
2576 4648 2806 4690 omnem
2826 4633 3210 4702 impietatem,
3243 4638 3299 4688 et
3327 4632 3694 4702 injustztiam

2036 4726 2346 4783 hominum
2363 4726 2431 4780 δι.
2465 4727 2615 4780 Nam
2637 4722 2688 4778 si
2713 4722 2962 4779 consilio
2983 4721 3266 4796 prudenti
3291 4735 3568 4777 amaram
3589 4719 3693 4779 iraa

2033 4815 2302 4873 radicem
2327 4813 2678 4872 exscindere
2705 4813 2956 4888 poteris,
2999 4813 3142 4870 vitia
3176 4827 3302 4868 non
3344 4825 3542 4885 pauca
3568 4826 3693 4870 una

2400 4969 2446 5005 ‘9
2477 4971 2650 5026 Joan.
2700 4983 2864 5038 xvm,
2905 4971 2996 5026 23.
3092 4967 3138 5004 ⁵ο
3169 4964 3324 5023 Psal.
3370 4979 3575 5038 xxxvr,
3634 4966 3690 5024 8.

2112 5185 2226 5256 (34)
2256 5188 2398 5258 Reg.
2423 5183 2660 5258 primus
2684 5183 2840 5258 diioui
2868 5182 3326 5257 καθυϐριζόμενος.
3373 5180 3695 5258 Aliquanto

2043 5253 2181 5344 post
2208 5253 2398 5314 idem
2427 5253 2624 5314 'codex
2675 5255 2882 5311 ἐλεεινὸν
2915 5253 3334 5330 ἥγησαι.’Βοε.
3389 5253 3696 5312 secundus

2042 5349 2196 5388 ηίγου.

2079 5351 2227 5471 Ίῗὲέὶ)
2258 5404 2396 5457 Tres
2427 5401 2640 5458 saltem
2679 5399 2911 5473 antiqui
2937 5399 3075 5456 libri
3119 5407 3213 5460 τῆς
3268 5406 3508 5456 σεαυτοῦ.
3545 5397 3700 5455 Editi

2043 5477 2100 5528 et
2130 5476 2271 5541 Reg.
2302 5474 2510 5529 tertius
2544 5473 2747 5528 ἑαυτοῦ.
2772 5475 2901 5529 Mox
2920 5487 3078 5528 unus
3104 5488 3257 5527 mss.
3287 5477 3499 5524 Παῦσαι
3526 5475 3699 5524 τοίνυν

2046 5543 2166 5599 ἀπὸ.
2203 5545 2431 5600 Ibidem
2463 5545 2625 5602 Colb.
2659 5545 2864 5600 tertius
2893 5549 2983 5596 καὶ
3021 5543 3374 5616 ἐγκατάλειπε.
3431 5541 3701 5616 Subinde

2043 5616 2207 5690 idem
2258 5617 2450 5674 codex
2503 5621 2561 5675 et
2620 5616 2767 5688 Reg.
2815 5613 3059 5690 primus
3101 5614 3592 5689 ἀποκαλυπτομένης
3647 5613 3701 5677 ἐξ

2045 5688 2294 5764 οὐρανῶν,
