4098 6396
389 357 488 410 371

1781 347 1837 404 8.
1880 343 2128 401 BASlLlI
2167 341 2386 401 MAGNI

3649 341 3756 394 372

392 492 532 534 cum
561 476 678 533 hoc
706 467 1005 549 principio
1030 473 1418 547 exstirpabis.
1443 475 1592 530 Nam
1622 470 1822 534 dolus,
1855 469 2052 543 suspi-

2166 476 2394 544 πονηρῶν
2421 466 2532 538 ('36)
2567 474 2782 540 σμῆνος,
2815 466 3010 524 ταύτης
3060 471 3155 524 τῆς
3197 465 3386 526 κακίας
3434 461 3575 517 ἐστὶν
3619 462 3755 518 ἀπο-

392 567 506 634 cio,
557 563 907 632 inﬁdelitas,
959 563 1306 633 malignitas
1352 563 1612 632 insidias,
1662 560 1942 629 audacia,
1993 565 2052 619 et

392 671 575 714 omne
606 654 891 711 similium
916 652 1219 709 malorum
1249 668 1529 720 examen,
1560 651 1684 708 vitii
1713 651 1894 721 hujus
1923 666 2052 722 ger-

391 746 561 802 mina
580 748 740 800 sunt.
755 746 950 809 Quare
970 758 1048 799 ne
1062 759 1451 799 accersamus
1473 741 1653 798 nobis
1673 740 1902 797 malum
1923 743 2053 796 tan-

394 838 544 900 tum,
595 833 815 889 animas
885 833 1327 902 aegritudinem,
1399 831 1648 888 rationis
1709 829 2047 900 caliginem,

395 922 904 979 abalienationem
925 937 963 977 a
985 924 1124 989 Deo,
1139 919 1600 976 necessitudinis
1617 918 2048 989 ignorantiam,

393 1011 539 1068 belli
569 1011 956 1084 principium,
999 1009 1415 1068 calamitatum
1451 1008 1787 1078 cumulum,
1819 1008 2052 1064 malum

397 1100 741 1157 daemonem
763 1100 911 1173 ipsis
933 1099 1152 1156 animis
1172 1099 1391 1155 nostris
1405 1099 1842 1168 innascentem,
1857 1101 1916 1154 et
1934 1096 2054 1154 vel-

397 1190 894 1262 utimpudentem
906 1189 1237 1264 quemdam
1250 1188 1609 1261 inquilinum
1633 1187 1917 1244 interiora
1937 1202 2052 1243 no-

397 1284 520 1336 stra
547 1278 1411 1352 occupantem,atqueSpiritui
1427 1281 1636 1334 sancto
1648 1277 1879 1333 aditum
1901 1291 2054 1350 pras-

399 1369 764 1426 oludentem.
811 1369 916 1424 Ubi
947 1369 1110 1425 enim
1157 1373 1298 1424 sunt
1339 1367 1687 1437 inimicitiae,
1729 1367 1882 1432 lites,
1926 1367 2052 1435 ira,

398 1460 564 1528 rixae,
624 1459 1063 1529 contentiones,
1115 1457 1411 1514 tumultus
1449 1457 1804 1530 irrequietos
1842 1457 1955 1528 91
1991 1456 2055 1512 in

399 1548 727 1604 animabus
753 1547 1106 1619 gignentes:
1167 1547 1249 1603 ibi
1280 1547 1766 1603 mansuetudinis
1796 1546 2055 1618 Spiritus

396 1637 567 1696 haud
595 1637 934 1709 requiescit.
980 1637 1097 1692 Sed
1126 1636 1289 1693 beati
1315 1635 1481 1692 Pauli
1511 1635 1912 1692 admonitioni
1939 1635 2056 1692 ob-

398 1731 1091 1800 temperantes,omnem
1111 1726 1265 1783 iram
1285 1729 1342 1782 et
1360 1726 1840 1796 indignationem
1864 1730 1921 1782 et
1939 1725 2057 1784 cla-

2159 559 2526 632 ϐλαστηματα.
2575 561 2659 615 Μὴ
2722 553 2788 615 δὴ
2840 556 2927 609 οὖν
2953 553 3306 627 ἐπεισάγωμεν
3338 553 3538 617 ἑαυτοῖς
3596 557 3755 607 κακόν

2158 657 2405 702 τοσοῦτον
2440 669 2453 682 ο
2488 647 2780 722 ἀρρωστίαν
2810 645 2963 718 ψυχῆ
2977 665 3019 715 ς,
3053 648 3310 697 σκότωσιν
3341 643 3626 717 λογισμῶν,
3656 643 3756 698 ἀπὸ

2161 747 2294 793 Θεοῦ
2342 738 2699 812 ἀλλοτρίωσιν,
2760 735 3076 796 οἰκειότητος
3120 736 3351 807 ἄγνοιαν,
3393 732 3568 808 ἀρχὴν
3603 733 3757 789 πολέ-

2159 849 2282 902 μου,
2340 825 2950 902 συμφορῶν.πλήρωμα,
3011 821 3240 897 δαίμονα
3293 826 3516 897 πονηρὸν
3575 824 3758 890 αὐταῖς

2159 921 2306 991 ἡμῶν
2369 925 2485 980 ταῖς
2563 915 2772 988 ψυχαῖς
2839 914 3210 988 ἐντικτόμενον,
3269 918 3360 967 καὶ
3417 915 3591 988 ὥσπερ
3644 918 3759 970 τινὰ

2160 1011 2351 1061 ἓνοικον
2383 1003 2572 1065 ἀναιδῆ
2606 1009 3004 1079 προκατέχοντα
3035 1007 3180 1077 ἡμῶν
3231 1006 3298 1058 τά
3339 1000 3506 1073 ἔνδον,
3555 1009 3646 1058 καὶ
3688 1014 3760 1078 τῷ

2160 1098 2291 1170 ἁγίῳ
2322 1099 2585 1169 Πνεύματι
2613 1100 2706 1154 τὴν
2755 1093 2988 1170 πάροδον
3037 1093 3394 1150 ἀποκλείοντα.
3439 1094 3608 1150 Ὀπον
3657 1098 3761 1171 γὰρ

2162 1190 2374 1262 ἔχθραι,
2420 1190 2567 1260 ἕρεις,
2621 1188 2797 1259 θυμοὶ,
2840 1184 3074 1258 ἐριθεῐαι,
3127 1184 3450 1257 φιλονεικίαι,
3509 1185 3763 1260 θορύϐους

2163 1276 2452 1349 ἀσιγὴτους
2484 1283 2600 1338 ταῖς
2645 1275 2854 1348 ψυχαῖς
2906 1273 3257 1348 ἔμποιοῦνταο
3309 1273 3411 1327 ἐκεῖ
3452 1277 3511 1328 τὸ
3559 1284 3762 1350 πνεῦμα

2161 1375 2255 1428 τῆς
2321 1367 2620 1441 πραΰτητος
2678 1366 2771 1418 οὐκ
2829 1364 3168 1418 ἀναπαύεται.
3222 1366 3523 1428 Πεισθέντες
3579 1361 3637 1420 δὲ
3692 1375 3755 1440 τῇ

2161 1460 2464 1530 παραινέσει
2506 1464 2598 1509 τοῦ
2645 1460 2906 1529 μακαρίου
2956 1455 3184 1523 Παύλου,
3232 1462 3405 1509 πᾶσαν
3459 1454 3616 1529 ὀργὴν
3671 1462 3763 1512 καὶ

2167 1547 2328 1618 Θυμόν
2353 1550 2443 1598 καὶ
2470 1550 2700 1619 κραυγὴν
2728 1547 2929 1618 ἀρωμεν
2961 1543 3044 1617 ἀφ’
3076 1547 3220 1618 ἡμῶν
3253 1548 3345 1597 σὺν
3386 1547 3526 1618 πάσῃ
3579 1550 3764 1620 κακίᾳ,

2162 1641 2253 1688 καὶ
2297 1637 2563 1708 γενώμεθα
2614 1634 2686 1697 εἰς
2717 1633 2963 1698 ἀλλήλους
2990 1640 3225 1708 χρηστοὶ
3253 1638 3343 1687 καὶ
3381 1634 3761 1709 εὔσπλαγχνοι,

2164 1724 2495 1797 ἀναμένοντες
2540 1730 2634 1783 τὴν
2678 1730 2940 1798 μακαρίαν
2990 1721 3178 1777 ἐλπίδα
3221 1728 3316 1783 τὴν
3373 1732 3483 1786 τοῖς
3541 1730 3762 1800 πραέσιν

398 1833 632 1875 morem
663 1832 803 1872 cum
828 1816 1060 1872 malitia
1083 1817 1306 1873 omnia
1325 1816 1504 1872 nobis
1524 1815 1808 1872 tollamus
1829 1817 1900 1886 ⁸³,
1929 1815 2055 1872 elﬁ-

2167 1813 2546 1887 ἐπηγγελμένην
2620 1817 2907 1889 (Μακάριοι
2964 1817 3063 1887 φάρ
3118 1815 3168 1867 οἱ
3213 1821 3414 1888 πραεῖς,
3472 1816 3555 1867 ὅτι
3609 1814 3761 1868 αὐτοὶ

400 1909 754 1980 ciamurque
785 1907 846 1962 in
872 1923 984 1963 nos
1013 1906 1273 1962 invicem
1303 1907 1559 1963 humani
1601 1922 1673 1963 ac
1719 1907 2056 1962 misericor-

398 1999 528 2064 des,
555 1999 941 2069 expectantes
966 1996 1211 2054 beatam
1241 2013 1415 2069 spem
1443 1996 1777 2053 mansuetis
1804 1997 2058 2068 promis-

400 2103 537 2146 sam
565 2087 766 2158 (Beati
793 2085 1098 2158 siquidem
1135 2087 1326 2153 mites,
1380 2088 1664 2159 quoniam
1707 2087 1826 2157 ipsi
1866 2087 2057 2156 possi-

2165 1904 2624 1977 κληρονομήσουσι
2671 1908 2764 1963 τὴν
2816 1905 2960 1976 γῆν),
3037 1903 3086 1957 ἐν
3157 1912 3372 1980 Χριστῷ
3448 1903 3625 1963 Ἰησοῦ
3689 1913 3762 1976 τῷ

2167 1999 2343 2069 Κυρίῳ
2373 1995 2538 2066 ἡμῶν,
2572 1995 2610 2064 ᾧ
2637 1995 2666 2054 ἡ
2711 1991 2844 2058 δόξα
2895 1999 2985 2047 καὶ
3031 1996 3089 2047 τό
3145 1995 3335 2070 κράτος
3374 1995 3485 2066 (37)
3525 1994 3597 2056 εἰς
3642 1997 3764 2060 τοὺς

2165 2089 2374 2148 αἰῶνας.
2405 2082 2588 2158 Ἀμήν,

400 2178 622 2238 debunt
653 2183 878 2235 terram
903 2177 996 2248 ⁵³),
1027 2176 1091 2234 in
1121 2176 1352 2234 Christo
1380 2179 1520 2234 Jesu
1545 2175 1801 2234 Domino
1825 2181 2056 2246 nostro,
2083 2175 2180 2233 cui
2208 2175 2403 2248 gloria
2429 2179 2486 2233 et
2513 2175 2839 2250 imperium
2868 2175 2930 2234 in
2963 2175 3210 2235 siscula.
3239 2181 3451 2234 Amen.

401 2356 3767 2380 mw

1019 2490 1312 2548 HOMILIA
1351 2490 1438 2546 XI.

1042 2599 1129 2658 De
1147 2597 1380 2656 invidia
1393 2639 1406 2654 .

477 2714 527 2767 t.
560 2710 767 2766 Bonus
791 2710 883 2766 est
911 2709 1089 2777 Deus,
1104 2711 1162 2765 et
1179 2707 1483 2764 bonorum
1502 2706 1576 2764 iis
1594 2706 1702 2780 qui
1721 2707 1891 2779 digni
1918 2709 2063 2766 sunt

401 2799 682 2871 largitor;
704 2797 903 2856 malus
916 2796 1317 2867 estdiabolus,
1342 2797 1829 2870 etcujuscunque
1847 2797 2064 2872 iniqui-

403 2888 545 2947 tatis
575 2889 806 2946 artiiex.
850 2891 918 2944 Et
957 2886 1483 2960 quemadmodum
1528 2903 1600 2944 ex
1644 2888 1809 2944 bono
1847 2903 2063 2945 conse-

405 2995 602 3053 quens
633 2983 745 3047 est,
768 2982 833 3035 ut
853 2977 1084 3034 invidia
1108 2981 1346 3033 careat:
1376 2978 1461 3033 sic
1491 2976 1716 3034 invidia
1746 2977 2062 3036 diabolum

405 3069 698 3142 sequitur.
723 3071 1059 3125 Caveamus
1086 3067 1287 3137 igitur,
1317 3065 1551 3137 fratres,
1573 3066 1812 3123 invidiae
1833 3068 2059 3138 vitium,

405 3175 481 3218 ne
511 3158 657 3216 socii
697 3173 952 3231 operum
982 3156 1314 3213 adversarii
1343 3155 1699 3227 efﬁciamur,
1740 3173 1891 3214 neve
1923 3175 2064 3215 cum

403 3248 932 3322 ipsoinveniamur
941 3246 1172 3318 judicio
1182 3246 1396 3302 eodem
1411 3247 1820 3305 condemnati.
1835 3249 2066 3306 Etenim

407 3339 459 3395 si
489 3339 789 3412 superbus
809 3339 869 3394 in
898 3337 1197 3410 judicium
1234 3337 1445 3393 incidit
1472 3337 1721 3406 diaboli,
1753 3340 2066 3412 quomodo

404 3428 646 3485 invidus
666 3432 948 3501 paratum
968 3426 1211 3484 diabolo
1229 3427 1593 3500 supplicium
1613 3429 1858 3499 etiugiet
1879 3430 1890 3485 Ξ
1915 3433 2065 3486 Nam

407 3517 808 3591 perniciosius
827 3515 1062 3572 nullum
1081 3515 1290 3573 vitium
1311 3516 1646 3574 innascitur
1663 3517 1723 3572 in
1745 3517 2064 3576 hominum

409 3608 647 3680 animis,
678 3623 868 3681 quam
893 3606 1124 3665 invidia
1154 3623 1287 3680 quas
1331 3612 1649 3665 extraneos
1681 3609 1928 3666 minime
1966 3609 2064 3666 la;-

404 3698 848 3772 dens,primum
868 3697 1100 3756 malum
1117 3701 1206 3756 est
1225 3702 1282 3756 et
1299 3697 1698 3758 domesticum
1715 3699 1982 3758 habenti.
1994 3702 2064 3758 Ut

476 3863 525 3900 ⁵³
550 3862 766 3936 Ephes.
792 3877 874 3934 iv,
905 3865 997 3919 3i.
1073 3861 1121 3897 ⁵³
1151 3861 1354 3919 Matth.
1385 3877 1442 3935 v,
1468 3863 1522 3921 ι.

478 4025 588 4096 (36)
630 4023 802 4082 Colb.
850 4021 1114 4097 primus:
1135 4026 1382 4076 τοιούτων
1426 4032 1707 4102 πονηριῶν.
1754 4024 1868 4082 Alii
1909 4041 2060 4085 mss.

406 4105 662 4171 πονηρῶν-

479 4167 588 4238 (37)
619 4169 682 4224 In
703 4172 971 4243 utraque
1000 4167 1262 4243 editione
1309 4174 1450 4243 post
1495 4185 1709 4226 vocem
1757 4174 1947 4243 κράτος
1977 4187 2062 4226 se-

405 4244 675 4313 quuntur
699 4238 948 4316 illa,_60v
974 4248 1044 4310 τῷ
1075 4238 1290 4316 ἀναρχῳ
1310 4238 1483 4316 -αὑτοῦ
1515 4247 1704 4316 ῙΙατρὶ,
1739 4238 1827 4294 καὶ
1853 4251 1924 4314 τῷ
1955 4263 2061 4295 πα-

404 4309 564 4383 ίαγίῳ
593 4317 682 4364 καὶ
711 4309 891 4383 ἀγαθῷ
939 4309 1028 4363 καὶ
1078 4309 1314 4382 ζωόπόιῷ
1364 4314 1532 4365 αὐτῶν
1587 4309 1866 4386 ῐῐνεύματι,
1895 4309 2060 4372 ’σηηι

2770 2495 3016 2546 ΟΜΙΛῙΛ
3055 2495 3161 2550 IA.

2693 2603 2819 2676 Περὶ
2862 2603 3049 2674 φθόνου
3094 2599 3232 2673 (38).

2243 2711 2298 2766 ί.
2347 2707 2568 2781 Ἀγαθός
2592 2709 2618 2763 6
2658 2713 2808 2775 Θεὸς,
2841 2714 2931 2762 καὶ
2961 2708 3168 2782 ἀγαθῶν
3196 2715 3306 2772 τοῖς
3334 2705 3501 2772 ἀξίοις
3523 2716 3766 2784 παράκτι-

2169 2801 2298 2860 κός·
2353 2803 2576 2874 πονηρός
2619 2801 2646 2852 ό
2695 2796 2958 2868 διάϐολος,
3007 2804 3099 2852 καὶ
3143 2803 3329 2862 κακίας
3372 2802 3623 2862 παντοίας
3670 2795 3766 2858 δην

2171 2893 2442 2964 μιουργός.
2496 2894 2597 2944 Καὶ
2647 2892 2819 2964 ὥσπερ
2869 2891 3046 2944 ἕπεται
3097 2897 3168 2961 τῷ
3195 2889 3375 2962 ἀγαθῷ
3431 2890 3461 2949 ἡ
3525 2887 3765 2962 ἀφθονία,

2172 2979 2335 3040 οὔτως
2389 2978 2660 3033 ἀκολουθεί
2704 2990 2776 3052 τῷ
2830 2976 3058 3053 διαϐόλῳ
3105 2981 3135 3039 ἡ
3189 2979 3475 3053 βασκανία.
3523 2978 3770 3043 Φυλαξώ-

2173 3074 2307 3146 μεθα
2335 3068 2446 3136 οὖν,
2479 3067 2712 3143 ἀδελφοὶ,
2745 3073 2802 3123 τό
2852 3073 3014 3132 πάθος
3059 3077 3152 3123 τοῦ
3209 3072 3417 3142 φθόνου,
3471 3072 3543 3142 μὴ
3593 3088 3771 3122 κοινω-

2174 3167 2252 3216 νοὶ
2283 3170 2381 3214 τῶν
2413 3164 2571 3235 ἔργων
2619 3167 2710 3213 τοῦ
2756 3158 3106 3233 ἀντικειμένου
3148 3161 3432 3233 γενώμεθα,
3487 3162 3577 3213 καὶ⁵
3625 3159 3770 3232 εὗρε-

2178 3255 2341 3325 θὼμεν
2415 3261 2487 3322 τῷ
2556 3249 2698 3322 αὐτῷ
2773 3247 3352 3322 συγκαταδικαζόμενοι
3425 3253 3663 3324 κρίματι.
3710 3248 3772 3304 Εἰ

2172 3343 2274 3416 γὰρ
2335 3343 2361 3394 ό
2407 3343 2658 3414 τυφωθεὶς
2716 3340 2786 3402 εἰς
2837 3340 3002 3414 κρῖμα
3057 3339 3294 3414 ἐμπίπτει
3353 3347 3444 3392 τοῦ
3499 3336 3770 3408 διαϐόλου,

2174 3442 2282 3495 πῶς
2340 3433 2366 3485 ό
2420 3433 2662 3505 φθονερός
2718 3433 2806 3489 τὴν
2860 3432 3248 3503 ἡτοιμασμένην
3305 3439 3378 3502 τῷ
3422 3425 3650 3502 διαϐόλῳ
3697 3449 3773 3482 τι-

2172 3526 2370 3597 μωρίαν
2422 3521 2764 3594 ἑκφεύξεται;
2834 3522 3026 3574 Φθόνου
3073 3524 3174 3595 γὰρ
3229 3521 3394 3583 παθός
3450 3515 3600 3573 οὐδὲν
3659 3518 3771 3572 ὀλε-

2177 3615 2449 3688 θριώτερον
2476 3614 2591 3686 (39)
2629 3611 2836 3684 ψυχαῖς
2881 3609 3160 3685 ἀνθρώπων
3209 3609 3492 3682 ἐμφύεται.
3541 3608 3616 3678 ὃς,
3649 3607 3771 3661 ἐλά-

2170 3723 2344 3776 χιστα
2396 3704 2507 3776 (40)
2563 3701 2736 3757 λυπῶν
2788 3704 2911 3767 τοὺς
2957 3701 3157 3770 ἔξωθεν,
3217 3707 3419 3777 πρῶτον
3469 3701 3628 3753 κακόν
3681 3701 3770 3752 καὶ

2170 4027 2288 4085 nisi
2318 4025 2524 4084 omnia
2554 4042 2651 4084 me
2682 4026 2918 4099 fallunt,
2958 4028 3194 4082 tantum
3233 4025 3405 4084 abest
3451 4027 3518 4082 ut
3553 4023 3772 4081 vocula

2171 4101 2285 4166 οὐκ,
2314 4115 2502 4171 quam
2526 4099 2874 4154 addendam
2897 4104 3098 4171 censet
3119 4099 3539 4171 Combefisius,
3569 4111 3771 4171 neces-

2172 4168 2452 4241 saria—sit,
2476 4175 2540 4226 ut
2559 4172 2737 4227 etiam
2755 4172 2884 4242 ejus
2903 4170 3017 4227 loci
3032 4168 3772 4243 praeclaramsententiam

2171 4240 2816 4316 prorsus'corrumpat.
2859 4240 3052 4316 Docet
3076 4243 3236 4298 enim
3280 4240 3770 4316 B_a_.silius,_ex_tra:

2171 4309 2338 4387 neos,
2371 4332 2475 4387 seu
2503 4331 2608 4371 eos
2627 4309 2851 4387 quibus
2881 4313 3201 4387 invidetur,
3231 4309 3767 4387 nullomodolaadi

405 4381 593 4439 Patre
618 4381 805 4458 ipsius
833 4381 1075 4458 experte
1101 4381 1410 4458 principii,
1442 4391 1495 4440 et
1543 4381 1915 4458 sanctissimo
1965 4386 2062 4443 bo-
2093 4391 2136 4445 D
2172 4386 2398 4442 invidia
2419 4381 2694 4455 aliorum,
2717 4386 2940 4442 nedum
2967 4386 3128 4441 dicat
3155 4386 3327 4458 ipsos,
3348 4384 3602 4458 aliorum
3623 4381 3768 4438 invi-

403 4470 599 4526 noque
627 4462 680 4511 et
719 4456 953 4523 vivi/ica
984 4457 1250 4524 ipsorum
1279 4457 1557 4525 Spiritu:
1604 4458 1709 4512 sed
1756 4457 1903 4512 mihi
1951 4459 2062 4514 du-

401 4526 574 4599 bium
598 4543 722 4582 non
752 4532 862 4593 est,
885 4527 998 4599 qui
1022 4531 1212 4582 totum
1239 4527 1409 4599 illud,
1445 4533 1538 4581 σὺν
1559 4538 1650 4599 τῷ,
1676 4533 1810 4593 etc.,
1834 4529 2064 4586 haben-

401 4597 550 4653 dum
576 4599 651 4655 sit
680 4615 789 4670 pro
819 4597 1238 4672 additamento
1258 4597 1666 4656 librariorum.
1708 4603 1856 4670 Nam
1902 4618 2058 4672 prae-

399 4669 869 4743 terquam’quod
891 4670 983 4725 liae
1002 4686 1180 4726 voces
1198 4670 1261 4743 in
1284 4675 1505 4727 nostris
1526 4688 1629 4727 sex
1651 4669 2057 4742 mss.’desunt,

398 4741 699 4798 orationes
724 4741 873 4797 suas
898 4745 1066 4796 tanto
1093 4741 1414 4798 verborum
1443 4743 1674 4798 ambitu
1699 4741 2059 4801 concludere

399 4829 516 4869 non
551 4815 701 4887 solet
732 4813 1014 4868 Basilius.
1055 4813 1302 4887 Accedit
1326 4815 1530 4879 etiam,
1550 4815 1714 4887 quod
1744 4831 1861 4870 vox
1891 4819 2057 4868 πανά-

395 4903 530 4966 γιος,
554 4886 602 4966 si
628 4885 783 4966 bene
800 4885 1216 4955 commemini,
1241 4901 1556 4960 nunquam
1572 4885 1746 4959 apud
1767 4887 2056 4945 Basilium

392 4957 753 5013 inveniatur.

464 5028 572 5104 (38)
607 5028 744 5104 Yide
774 5027 934 5104 infra
964 5027 1158 5104 Ruﬁni
1191 5029 1772 5104 interpretationem,
1823 5046 1881 5104 p.
1917 5033 2048 5089 726.

462 5099 579 5236 :39)
607 5102 748 5169 Reg.
784 5099 1017 5171 primus
1044 5097 1195 5154 οὐδὲν
1229 5097 1560 5177 ἀθλιῶτερον,

488 5173 574 5236 40)
603 5171 1002 5227 Combefisius
1031 5178 1453 5229 asseveranter
1475 5177 1535 5229 in

488 5173 574 5239 40)
603 5171 1002 5227 Combefisius
1031 5171 1456 5229 asseveranter'
1475 5177 1535 5229 in
1569 5190 1678 5229 suo
1702 5174 2054 5231 Ecclesiaste

389 5243 594 5318 Graeco
615 5243 850 5318 dixerat
871 5243 1182 5315 scripsisse
1208 5245 1488 5318 Basilium
1507 5245 1600 5298 οὐκ
1623 5246 1884 5318 ἐλάχιστα
1905 5265 1917 5301 :
1945 5247 2054 5303 sed

387 5313 447 5390 in
473 5330 582 5369 suo
606 5315 832 5390 Basilio
856 5313 1148 5390 recensita
1169 5317 1510 5390 modestius
1527 5313 1813 5390 loquitur,
1831 5334 2052 5390 nempe

385 5385 503 5461 _hoc
537 5386 721 5461 modo
747 5404 758 5441 :
782 5390 946 5461 _Num
978 5387 1030 5450 ὃς
1061 5388 1153 5439 οὐκ
1186 5388 1466 5459 ἐλάχιστα.
1499 5385 1826 5461 Postquam
1847 5385 2049 5446 autem

381 5456 544 5512 hunc
563 5457 765 5532 locum
780 5458 953 5532 bene,
973 5465 1037 5532 ut
1054 5456 1324 5532 putabat,
1349 5477 1420 5516 eo
1441 5477 1564 5532 quo
1583 5456 1846 5517 diiimus
1867 5463 2050 5517 modo

384 5530 838 5605 emendaverat,
873 5530 960 5584 sic
993 5530 1421 5602 interpretatus
1452 5530 1562 5595 est,
1597 5550 1726 5605 quae
1774 5534 2046 5605 [invidia]

383 5615 517 5656 cum
540 5618 660 5656 non
679 5604 992 5659 minimum
1015 5619 1109 5659 eos
1134 5606 1336 5671 laedat,
1365 5606 1472 5674 qui
1491 5604 1667 5660 extra
1709 5612 1870 5669 sunt,
1913 5604 2044 5675 pri;

380 5689 542 5731 mum
564 5675 790 5731 malum
821 5680 1003 5747 atque
1024 5677 1339 5746 proprium
1373 5675 1615 5734 habenti
1641 5680 1890 5735 exsistit.
1911 5680 2046 5749 Sed,

2171 4459 2271 4514 dia
2297 4459 2428 4513 lini
2457 4458 2737 4524 maxime,
2771 4463 2969 4520 seu.ut
2991 4455 3332 4513 Combelisii
3370 4455 3568 4511 verbis
3612 4458 3764 4520 utar,

2169 4546 2290 4585 non
2309 4530 2834 4599 minimumJgitur
2851 4546 3063 4585 vocem
3086 4529 3346 4599 ἐλάχιστα
3364 4529 3462 4583 hic
3482 4527 3646 4598 apud
3667 4529 3770 4599 Ba-

2173 4601 2546 4658 siliumidem
2568 4598 2785 4668 valere,
2802 4601 2966 4673 quod
2983 4601 3150 4673 apud
3169 4598 3405 4673 Latinos
3426 4613 3636 4654 vocem
3660 4598 3767 4673 r_n_i-

2169 4675 2347 4738 nime,
2381 4674 2708 4729 obscurum
2733 4668 2854 4728 non
2880 4677 2985 4727 est.
3023 4671 3194 4726 Unde
3238 4668 3770 4741 sicinterpretabi-

2170 4762 2325 4814 mur,
2341 4761 2474 4817 qua’
2494 4745 2769 4818 [invidia]
2789 4751 3103 4800 extraneos
3119 4745 3240 4798 min
3251 4745 3346 4797 ine
3368 4740 3614 4818 lactens,
3650 4740 3769 4796 hoc

2169 4823 2276 4884 est,
2301 4812 2421 4872 non
2448 4812 2686 4873 laedens.
2714 4812 2836 4870 ν’οχ
2858 4823 3084 4888 πρῷτος,
3128 4831 3274 4888 quia
3310 4829 3437 4888 sine
3471 4812 3658 4888 dubio
3679 4827 3769 4888 er-

2167 4889 2342 4944 randi
2365 4905 2551 4944 causa
2576 4888 2685 4943 fuit
2707 4883 3089 4953 Combetisio,
3114 4883 3234 4941 non
3262 4886 3343 4941 ita
3372 4884 3619 4953 intelligi
3662 4883 3767 4940 de-

2167 4959 2369 5030 bet,ut
2391 4960 2614 5032 invidia
2637 4957 3105 5032 primumlmdat
3131 4957 3523 5032 invidentem,
3546 4955 3767 5032 deinde

2168 5027 2305 5088 eum
2329 5032 2424 5088 cui
2444 5027 2772 5086 invide-tur:
2821 5031 2927 5084 sed
2959 5029 3066 5095 sic,
3102 5034 3163 5084 ut
3186 5029 3416 5086 invidia
3441 5027 3673 5084 malum
3695 5027 3768 5083 sit

2165 5103 2524 5171 maximum,
2539 5109 2596 5158 et
2614 5101 2778 5174 quod
2803 5102 2956 5158 inter
2971 5100 3135 5156 mala
3158 5101 3383 5172 primas
3399 5100 3688 5174 obtineat.
3703 5097 3767 5153 ld

2165 5177 2327 5231 enim
2363 5170 2518 5229 siita
2541 5170 2661 5229 non
2691 5178 2864 5239 esset,
2893 5170 3197 5244 pugnaret
3233 5189 3442 5228 secum
3493 5170 3765 5244 Basilius,

2163 5249 2268 5319 qui
2291 5247 2602 5318 aliquanto
2623 5252 2778 5317 post,
2803 5243 2969 5319 num.
2993 5248 3048 5319 β,
3071 5246 3155 5319 sic
3171 5244 3468 5319 loquitur:
3504 5244 3655 5319 Οιξτω
3675 5243 3765 5291 καὶ

2163 5312 2229 5371 τῗά
2258 5327 2348 5371 τοῦ
2378 5312 2565 5389 ᾦθόνου
2597 5312 2878 5390 κινήματα,
2913 5313 3066 5369 οὐδὲν
3088 5312 3368 5380 λυποῦντα,
3412 5318 3499 5366 τόν
3541 5312 3766 5385 βασκαι-

2162 5387 2391 5464 νόμενον,
2422 5390 2582 5441 αὐτοῦ
2609 5387 2808 5461 nini/ai
2837 5393 3066 5461 γίνονται
3093 5397 3183 5440 τοῦ
3209 5387 3500 5460 βασκάνου,
3521 5388 3608 5441 ita
3626 5398 3768 5464 (λιςο-

2163 5455 2276 5535 que
2294 5455 2537 5518 invidia?
2561 5455 2754 5517 motus
2775 5455 2936 5535 nihil
2958 5455 3232 5516 laedentes
3253 5475 3382 5514 eum
3412 5464 3515 5535 cui
3534 5455 3764 5535 invide-

2163 5528 2282 5608 inr,
2307 5536 2508 5603 plagae
2536 5536 2691 5608 ﬁunt
2731 5533 3235 5608 invidentis.__N_ec
3273 5528 3763 5608 praetereundum

2160 5606 2416 5733 είΙΕὲωο.
2440 5605 2716 5662 voculam
2739 5606 2832 5658 οὐκ
2863 5611 2920 5661 et
2947 5605 3008 5661 in
3035 5605 3210 5660 editis
3236 5608 3292 5657 et
3320 5602 3381 5659 in
3421 5617 3566 5657 mss.
3610 5602 3767 5674 pari-

2160 5684 2245 5733 ter
2304 5694 2492 5733 eesse.

2159 5684 2245 5734 ter
2258 5684 2492 5735 deesse.
