4098 6412
295 290 400 346 373

1619 281 1923 343 HOMILIA
1961 283 2053 338 DE
2090 281 2375 340 INVIDIA.

3571 284 3677 343 374

295 411 483 466 οἰκεῖόν
527 408 642 464 ἐστι
680 416 753 481 τῷ
797 412 1109 483 κεκτημένῳ.
1157 408 1358 487 Ὠσπερ
1401 409 1503 484 γὰρ
1549 408 1620 470 ἰὸς
1655 410 1771 484 (41)
1818 412 1888 460 σί-

2007 405 2168 463 enim
2195 405 2412 477 rubigo
2442 405 2688 479 ferrum,
2720 406 2804 465 ita
2832 406 3063 467 invidia
3083 407 3370 467 infectam
3389 408 3527 485 ipsa
3545 409 3674 466 ani-

297 497 479 579 δηρον,
512 501 672 563 οὖτῶς
718 502 743 552 6
774 501 954 572 φθόνος
979 502 1074 558 τὴν
1122 501 1353 572 ἔχουσαν
1411 499 1562 552 αὐτόν
1592 498 1779 572 ψυχὴν
1810 495 1894 561 ἐξ-

294 590 581 644 αναλίσκει.
627 587 832 643 Μᾶλλον
882 586 942 642 δὲ
991 590 1164 664 ὥσπερ
1217 590 1305 650 τὰς
1354 585 1570 662 ἐχίδνας
1626 592 1756 661 φασὶ
1801 590 1894 646 τήν

293 684 575 739 κυήσασαν
626 678 781 739 αύτάς
827 681 1060 752 γαστέρα
1102 673 1441 739 διεσθιούσας
1488 676 1892 750 ἀπογεννᾶσθαι,

222 817 239 824 -
294 768 429 824 οὕτω
476 772 568 823 καὶ
615 767 641 820 ὁ
681 769 858 843 φθόνος
904 770 998 826 τὴν
1039 763 1334 820 ὠδίνουσαν
1381 767 1536 821 αὐτὸν
1578 767 1765 839 ψυχὴν
1808 769 1895 821 πέ-

294 877 423 935 φυκε
466 855 727 931 δαπανᾴν.
774 858 923 915 Αύπη
970 858 1071 933 γάρ
1113 855 1228 910 ἐστι
1271 864 1363 919 τῆς
1408 864 1498 911 τοῦ
1546 857 1769 916 πλησίον
1818 853 1895 908 εύ-

292 951 523 1024 πραγίας
565 949 590 1000 6
639 949 836 1023 φθόνος.
892 949 1077 1023 Διόπερ
1124 942 1374 1000 οὐδέποτε
1431 945 1591 1015 ἀνίαι,
1646 941 1895 1000 οὐδέποτε

296 1034 593 1113 δυσθυμίαι
639 1039 726 1092 τόν
772 1035 1038 1111 βάσκανον
1084 1035 1436 1091 ἐπιλείπουσιν
1480 1037 1611 1110 (42).
1662 1035 1894 1110 Εύφόρη-

298 1146 383 1181 σεν
413 1129 443 1187 ἠ
483 1128 640 1204 χώρα
666 1133 756 1178 τοῦ
804 1125 1028 1186 πλησίον
1060 1143 1079 1197 ;
1107 1126 1397 1185 εύθηνεῐται
1437 1133 1573 1180 πᾶσι
1615 1132 1721 1187 τοῖς
1757 1122 1895 1178 κατά

291 1219 378 1272 τὸν
409 1215 526 1290 βίον
552 1218 578 1269 ό
608 1212 746 1278 οἶκος
769 1233 783 1286 ;
811 1213 1073 1292 θυμηδίαι
1100 1220 1186 1270 τόν
1217 1212 1391 1292 ἄνδρα
1409 1215 1504 1271 οὐκ
1534 1215 1888 1284 ἐπιλείπουσι;

288 1312 456 1359 ταῦτα
511 1307 680 1359 πάντα
729 1311 894 1383 τροφὴ
940 1313 1033 1369 τῆς
1086 1310 1266 1376 νόσου,
1325 1311 1415 1360 καὶ
1466 1309 1745 1384 προσθήκη
1800 1314 1891 1368 τῆς

288 1392 576 1470 ἀλγηδόνος
623 1395 735 1451 ἐστὶ
799 1404 872 1469 τῷ
930 1394 1203 1471 βασκάνῳ.
1252 1396 1416 1450 “(tota
1465 1393 1615 1450 οὐδὲν
1656 1392 1891 1472 διαφέρει

289 1483 563 1562 ἀνθρώπου
647 1493 850 1561 γυμνοῦ
942 1489 1113 1563 παρά
1158 1489 1362 1541 πάντων
1447 1489 1886 1562 τιτρωσκομένου.

290 1566 556 1653 Ἀνδρείός
611 1580 689 1638 τίς
748 1575 891 1629 ἐστιν
928 1592 943 1645 ;
990 1576 1185 1630 εύεκτεῖ
1223 1578 1337 1649 (45)
1380 1592 1396 1646 ;
1462 1584 1630 1630 ταῦτα
1673 1575 1891 1635 πλήττει

284 1667 375 1718 τὸν
430 1663 718 1738 βάσκανον.
774 1664 977 1742 Ἒτερος
1040 1670 1382 1741 χαριέστερος
1446 1668 1540 1725 τὴν
1614 1668 1815 1742 μορφήν
1871 1680 1886 1733 ;

288 1753 415 1813 ἄλλη
463 1754 639 1829 πληγὴ
680 1762 753 1827 τῷ
799 1753 1073 1828 βασκάνῳ.
1121 1754 1180 1808 Ὀ
1226 1752 1374 1808 δεῖνα
1427 1761 1532 1817 τοῖς
1565 1762 1657 1816 τῆς
1699 1753 1961 1828 ψμχῆςΒ

287 1848 659 1920 προτερήμασι
709 1850 811 1898 τῶν
865 1842 1064 1898 πολλῶν
1137 1845 1382 1920 ὑπερέχει
1430 1860 1446 1913 ;
1507 1842 1591 1897 ἐπὶ
1643 1848 1891 1919 φρονήσει

284 1937 375 1985 καὶ
408 1928 630 2007 δυνάμει
662 1931 826 2007 λόγων
877 1931 1221 1989 ἀποϐλέπεται
1266 1937 1357 1987 καὶ
1401 1932 1695 2001 ζηλοῦται;
1745 1931 1893 1996 ἄλλος

284 2021 495 2077 πλουτεῖ
540 2027 631 2077 καὶ
679 2022 1022 2098 φιλοτιμεῖται
1073 2023 1320 2101 λαμπρῶς
1377 2022 1426 2077 ἐν
1479 2020 1755 2079 ἐπιδόσεσι
1800 2026 1893 2078 καὶ

284 2118 530 2189 κοινωνίᾳ
571 2122 634 2190 τῇ
680 2118 807 2192 πρὸς
850 2119 969 2177 τοὺς
1007 2111 1218 2184 ἐκδεεῖς,
1248 2118 1337 2168 κα)⁵
1377 2114 1533 2176 πολὺς
1576 2115 1717 2187 αὐτῷ
1748 2116 1893 2191 παρά

281 2210 383 2257 τῶν
424 2203 861 2279 εὐεργετουμένων
910 2205 936 2257 6
980 2205 1182 2266 ἔπαινος
1219 2220 1233 2273 ;
1273 2210 1442 2257 ταῦτα
1477 2204 1649 2257 πάντα
1691 2203 1893 2277 πληγαὶ

280 2296 372 2345 καὶ
417 2295 715 2369 τραύματα,
765 2296 931 2367 μέσην
981 2293 1142 2347 αὐτοῦ
1184 2296 1445 2348 τύπτοντα
1489 2298 1585 2352 τήν
1640 2290 1888 2371 καρδίαν.

282 2385 386 2436 Καὶ
429 2378 488 2436 τὸ
526 2382 760 2457 χαλεπὸν
806 2390 900 2445 τῆς
943 2387 1123 2452 νόσου,
1170 2383 1251 2436 ὅτι
1294 2380 1416 2437 οὐδὲ
1467 2381 1681 2447 ἐξειπεῖν
1724 2382 1889 2443 αὐτὴν

282 2466 524 2526 δύναται·
582 2471 712 2526 ἀλλά
758 2475 943 2527 κύπτει
993 2472 1112 2545 (44)
1163 2475 1275 2547 μὲν,
1330 2477 1421 2527 καὶ
1471 2477 1707 2547 κατηφής
1754 2472 1886 2544 ἔστι,

279 2566 370 2615 καὶ
424 2566 776 2636 συγκέχυται,
831 2570 923 2615 καῖ
976 2569 1274 2632 ποτνιόπαι,
1330 2567 1421 2615 καὶ
1475 2561 1731 2617 ἀπόλωλεν
1784 2564 1886 2617 ὑπὸ

281 2659 372 2705 τοῦ
427 2660 613 2708 κακοῦ.
662 2651 1016 2730 Ἐρωτώμενος
1061 2649 1121 2707 δὲ
1166 2656 1226 2705 τὸ
1282 2654 1468 2722 πάθος,
1522 2651 1739 2729 ἐρυθριᾷ
1790 2649 1888 2713 δη-

281 2750 563 2817 μοσιεῦσαι
616 2745 710 2803 τήν
782 2745 1073 2821 συμφορὰν,
1147 2744 1229 2797 ότι
1303 2744 1566 2805 Βάσκανός
1631 2742 1738 2817 εἰμι
1796 2748 1888 2798 καὶ

281 2836 484 2909 πικρὸς,
534 2835 624 2887 καὶ
666 2831 919 2910 ἐπιτρίϐει
967 2852 1031 2907 με
1090 2833 1158 2886 τὰ
1211 2840 1304 2887 τοῦ
1371 2832 1519 2908 φίλου
1575 2832 1729 2902 καλὰ,
1796 2837 1887 2888 καὶ

283 2926 378 2975 τοῦ
435 2918 655 2997 ἀδελφοῦ
706 2926 805 2982 τὴν
852 2922 1100 2997 εὐθυμίαν
1164 2919 1446 3000 ὀδύρομαι,
1506 2926 1597 2977 καὶ
1636 2923 1695 2976 ού
1750 2927 1886 3001 φέρω

286 3014 382 3071 τὴν
426 3011 540 3066 θέαν
585 3020 683 3065 τῶν
732 3010 1012 3089 ἀλλοτρίων
1060 3012 1250 3082 καλῶν,
1290 3011 1417 3066 ἀλλὰ
1463 3014 1733 3088 συμφορὰν
1770 3032 1887 3067 ποι-

285 3107 445 3176 οῦμαι
488 3104 581 3162 τήν
624 3111 725 3155 τῶν
772 3101 995 3162 πλησίον
1046 3103 1343 3180 εὐημερίαν.
1410 3107 1593 3157 Ταῦτα
1655 3105 1755 3181 γὰρ
1823 3101 1884 3156 ἂν
1914 3130 1956 3187 C

281 3191 437 3260 εἰποι,
464 3190 532 3245 ἐἰ
573 3193 641 3246 τὰ
686 3190 851 3252 ἀληθῆ
901 3190 1065 3265 λέγειν
1109 3191 1373 3267 βούλοιτο.
1428 3192 1525 3245 Ὧν
1570 3189 1722 3247 οὐδὲν
1767 3193 1884 3268 (45)

280 3278 492 3345 ἐξειπεῖν
550 3283 869 3359 αἱρούμενος,
931 3281 980 3335 ἐν
1046 3288 1121 3355 τῷ
1174 3281 1330 3358 βάθει
1383 3286 1601 3357 κατέχει
1650 3287 1746 3345 τὴν
1797 3286 1949 3340 νόσον

282 3388 399 3427 σαν.

348 3463 405 3517 2.
458 3460 662 3514 Οὐκοῦν
719 3461 837 3514 οὔτε
887 3459 1061 3537 ἰατρὸν
1113 3467 1205 3523 τῆς
1251 3463 1408 3514 νόσου
1464 3460 1880 3538 παραλαμϐάνει,

276 3552 394 3604 οὔτε
437 3570 488 3603 τι
533 3552 804 3627 φάρμακον
853 3548 1074 3627 ἐξευρεῖν
1115 3546 1337 3604 δύναται
1387 3557 1480 3605 τοῦ
1527 3553 1727 3615 πάθους
1773 3552 1883 3608 ἀλε-

277 3640 545 3719 ξητήριον,
595 3646 769 3696 καίτοι
829 3640 1041 3719 πλήρεις
1094 3643 1150 3696 αἱ
1215 3647 1418 3720 Γραφαί
1477 3650 1613 3697 τῶν’
1648 3644 1880 3718 ἰαμάτων

273 3733 493 3785 τούτων·
551 3730 682 3784 ἀλλά
736 3735 861 3807 μίαν
925 3729 1161 3806 ἀναμένει
1214 3739 1309 3785 τοῦ
1366 3737 1530 3785 κακοῦ
1579 3733 1877 3809 ῥᾳστώνην,

277 3824 324 3877 εἶ
395 3824 497 3876 πού
548 3841 667 3876 τινα
732 3818 845 3877 ἴδοι
910 3824 1278 3896 καταμεσόντα
1338 3829 1440 3875 τῶν
1503 3823 1878 3897 φθονουμένων.

279 3904 443 3973 Οὗτος
485 3912 599 3988 ὄρος
634 3918 727 3966 τοῦ
779 3915 987 3985 μίσους.
1027 3911 1204 3965 ἄθλιον
1259 3906 1389 3965 ἰδεῖν
1418 3909 1474 3965 ἐκ
1504 3916 1766 3989 μακαρίου
1791 3915 1879 3968 τὸν

281 3999 714 4076 βασκαινόμενον,
765 4000 973 4055 ἐλεεινόν
1025 4003 1270 4074 γενέσθαι
1315 4004 1401 4056 τὸν
1448 4001 1698 4064 ζηλωτόν.
1753 4007 1882 4058 Τότε

283 4087 581 4162 σπένδεται,
635 4096 725 4145 καὶ
778 4090 918 4166 φίλος
970 4089 1133 4161 ἐστὶν,
1203 4092 1325 4145 ὅταν
1392 4087 1695 4169 δακρύοντα
1760 4089 1876 4168 ἴδη,

279 4181 400 4234 ὅταν
455 4183 742 4235 πενθοῦντα
795 4182 1069 4240 θεάσηται.
1131 4184 1234 4235 Καὶ
1288 4180 1599 4256 εύθυμοῦντι
1664 4184 1755 4257 μὶν
1818 4181 1878 4237 ού

283 4275 721 4346 συνευφραίνεται·
783 4267 1082 4348 ὀδυρομένῳ
1131 4265 1192 4324 δε
1244 4265 1581 4349 συνδακρύει.
1639 4277 1741 4327 Καὶ
1785 4276 1879 4334 τὴν

277 4359 563 4435 μεταϐολὴν
618 4366 710 4414 τοῦ
766 4358 912 4434 βίου,
964 4359 1018 4424 ἐξ
1061 4360 1181 4414 οἵων
1236 4360 1304 4423 εἰς
1349 4361 1438 4414 οἷα
1488 4366 1878 4438 μεταπέπτωκε,

276 4450 683 4520 κατοικτίζεται,
733 4450 839 4523 οὐχ
883 4449 983 4503 ὑπὸ
1025 4449 1429 4527 φιλανθρωπίας,
1480 4456 1572 4506 καὶ
1612 4456 1706 4506 τοὺ
1744 4473 1878 4528 συμ-

2004 513 2173 554 mam
2203 496 2487 554 absumit.
2522 500 2648 554 Imo
2696 513 2841 553 vero
2868 498 3389 570 quemadmodum
3426 500 3671 574 viperas

2004 584 2248 663 tradunt
2267 601 2445 641 exeso
2478 590 2750 642 materno
2776 590 2946 642 utero
2968 587 3134 643 nasci
3168 586 3285 655 ;ita
3305 603 3551 661 quoque
3575 602 3670 644 so-

2002 674 2081 732 let
2111 675 2339 731 invidia
2368 675 2700 748 parientem
2731 690 2794 731 se
2821 674 3093 732 animam
3123 690 3351 733 vorare.
3386 678 3484 733 Est
3505 676 3668 735 enim

2002 763 2230 821 invidia
2246 764 2418 822 dolor
2429 764 2505 820 de
2519 764 2783 838 proximi
2796 780 3084 822 successu
3101 765 3252 821 felici
3268 781 3338 822 ac
3355 766 3664 839 prospero.

2005 854 2413 922 Quamobrem
2432 871 2751 930 nunquam
2775 871 3012 925 moeror,
3040 871 3358 930 nunquam
3389 855 3670 916 molestia

2003 944 2174 1001 deest
2195 944 2502 1002 invidenti.
2522 948 2696 1002 Estne
2727 944 2987 1019 proximi
3008 961 3153 1017 ager
3175 944 3381 1002 fertilis
3403 945 3431 1001 ?
3452 944 3668 1001 vitaene

2002 1035 2341 1093 commodis
2357 1036 2640 1093 omnibus
2657 1036 2932 1094 abundat
2946 1036 3166 1092 domus
3179 1036 3207 1093 ‘I
3219 1050 3298 1093 an
3317 1035 3463 1109 ipsis
3480 1034 3670 1093 animi

2002 1125 2458 1183 oblectamentis
2477 1127 2568 1182 vir
2587 1142 2710 1182 non
2739 1127 2948 1184 caret?
2980 1128 3113 1183 Haec
3133 1124 3340 1183 omnia
3367 1124 3675 1199 pabulum

2001 1220 2140 1273 sunt
2181 1215 2400 1285 morbi,
2437 1219 2494 1272 et
2522 1216 2789 1272 accessio
2821 1215 3047 1273 doloris
3093 1214 3323 1272 invido.
3360 1216 3556 1281 Quare
3586 1213 3667 1270 ab

1998 1306 2244 1364 homine
2264 1306 2430 1362 nudo
2456 1306 2562 1378 qui
2592 1305 2671 1362 ab
2691 1305 2978 1363 omnibus
3008 1305 3333 1373 sanciatur,
3366 1302 3517 1361 nihil
3546 1302 3668 1360 dif-

1997 1394 2322 1452 fert.Fortis
2349 1397 2439 1450 est
2464 1393 2685 1468 aliquis
2713 1399 2770 1451 et
2796 1393 3083 1451 robustus
3101 1393 3129 1450 ?
3150 1391 3311 1451 bona
3339 1397 3431 1449 est
3453 1407 3666 1466 corpo-

1996 1485 2078 1541 ris
2106 1483 2462 1541 habitudine
2481 1484 2510 1541 ‘I
2530 1484 2659 1541 haec
2707 1483 3027 1540 vulnerant
3050 1482 3346 1539 invidum.
3378 1481 3544 1538 Alius
3576 1484 3667 1539 est

1995 1572 2195 1632 forma
2246 1572 2599 1645 elegantiori
2637 1573 2667 1630 ‘I
2708 1573 2829 1630 alia
2874 1573 3006 1629 haec
3062 1575 3153 1629 est
3205 1570 3394 1628 invidi
3456 1570 3662 1645 plaga.

1997 1667 2242 1721 Praestat
2282 1663 2473 1720 animi
2510 1663 2755 1721 dotibus
2785 1663 3090 1736 quispiam
3118 1661 3421 1735 plerisque
3450 1660 3479 1716 ?
3523 1675 3665 1733 pru-

1998 1746 2203 1810 dentia
2239 1769 2311 1810 ac
2347 1751 2591 1809 dicendi
2619 1752 2903 1809 facultate
2950 1749 3318 1824 spectandus
3346 1754 3440 1806 est
3481 1752 3662 1824 atque

1999 1842 2382 1900 aemulandos
2401 1843 2428 1898 ?
2453 1841 2619 1898 Alius
2650 1841 2818 1898 dives
2840 1844 2950 1907 est,
2972 1844 3154 1914 atque
3177 1838 3493 1913 splendide
3523 1853 3659 1894 mu-

1997 1931 2215 1990 niﬁcus
2244 1931 2306 1988 in
2334 1930 2758 2003 largitionibus
2776 1935 2833 1987 et
2860 1931 2925 1987 in
2950 1929 3120 2004 stipis
3140 1928 3488 2000 erogatione
3518 1941 3664 1998 erga

1998 2036 2244 2095 egenos,
2268 2020 2651 2095 multumque
2670 2020 2749 2077 ab
2771 2019 2844 2076 iis
2863 2034 3020 2093 quos
3042 2017 3354 2076 beneﬁciis
3378 2015 3664 2085 aﬂ‘ecerit,

1995 2111 2284 2170 laudatur
2303 2111 2560 2168 ?omnia
2595 2111 2726 2167 haec
2756 2110 2953 2185 plagae
2984 2113 3126 2166 sunt
3154 2113 3212 2165 et
3236 2107 3507 2177 vulnera,
3538 2122 3666 2164 me-

1998 2202 2170 2259 dium
2201 2216 2305 2258 cor
2330 2200 2525 2276 ipsius
2547 2199 2951 2274 peroellentia.
2980 2198 3207 2256 Etillud
3229 2197 3292 2255 in
3307 2197 3427 2254 hoe
3446 2194 3666 2254 morbo

1997 2292 2428 2364 gravissimum
2456 2296 2565 2361 est,
2593 2291 2761 2365 quod
2781 2306 2857 2347 ne
2881 2290 3158 2362 detegere
3183 2288 3433 2363 quidem
3458 2287 3665 2362 ipsum

1996 2382 2222 2456 possit:
2246 2381 2354 2439 sed
2378 2380 2664 2439 demissis
2685 2379 2894 2454 oculis,
2919 2379 3090 2437 vultu
3120 2377 3419 2437 tristitiam
3443 2392 3569 2452 prae
3600 2391 3664 2434 se

1994 2469 2240 2540 ferente,
2271 2470 2681 2541 confunditur,
2703 2471 3057 2544 queritatur,
3090 2472 3271 2542 atque
3300 2465 3532 2524 haclue
3563 2480 3665 2540 pe-

1994 2561 2107 2619 rit:
2138 2561 2577 2631 interrogatum
2598 2564 2801 2618 autem
2839 2561 2956 2635 92
2996 2559 3071 2615 de
3101 2557 3289 2616 animi
3316 2556 3662 2626 affectione,

1993 2650 2251 2726 prodere
2293 2650 2484 2725 pudet
2530 2650 2930 2708 infortunium
2959 2648 3111 2706 illud
3140 2663 3361 2705 suum:
3411 2645 3662 2703 Invidus

1995 2757 2131 2798 sum
2149 2744 2206 2799 et
2225 2738 2666 2810 amarulentus,
2683 2739 2962 2812 afﬂigunt
2990 2755 3087 2797 me
3113 2737 3293 2797 amici
3320 2737 3487 2794 bo'na
3511 2753 3525 2792 :
3553 2735 3663 2793 do-

1992 2832 2089 2890 leo
2107 2833 2183 2890 de
2208 2831 2408 2889 fratris
2434 2831 2658 2901 laetitia,
2682 2847 2804 2889 non
2826 2837 2988 2906 queo
3008 2830 3208 2889 aliena
3227 2829 3393 2887 bona
3407 2827 3660 2887 intueri:

1994 2922 2101 2980 sed
2112 2921 2374 2997 proximi
2391 2921 2728 2980 secundam
2739 2921 3044 2980 fortunam
3059 2920 3464 2979 calamitatem
3477 2916 3662 2976 duco.

1994 3012 2131 3087 Haec
2152 3012 2313 3070 enim
2333 3012 2606 3069 dicturus
2638 3015 2747 3082 est,
2783 3011 2835 3068 si
2857 3027 2996 3069 vera
3014 3011 3184 3084 loqui
3202 3009 3365 3068 velit.
3389 3011 3663 3077 Quorum

1995 3102 2144 3160 dum
2172 3102 2324 3159 nihil
2354 3101 2484 3160 vult
2514 3101 2876 3176 patefacere,
2901 3100 3192 3159 morbum
3219 3101 3381 3158 intus
3411 3099 3659 3170 detinet,

1993 3193 2416 3252 absumentem
2438 3192 2570 3266 ejus
2599 3192 2858 3264 viscera,
2893 3196 3077 3265 atque
3103 3189 3548 3249 corrodentem.

2005 3285 2439 3359 ὑποσμύχουσαν
2499 3281 2660 3337 αὐτοῦ
2724 3285 2793 3336 τά
2854 3281 3142 3357 σπλάγχνα
3201 3284 3293 3336 καὶ
3352 3280 3658 3335 κατεσθίου-

2062 3466 2117 3520 2.
2144 3463 2351 3537 Itaque
2376 3477 2574 3537 neque
2595 3461 2675 3521 ad
2692 3461 2871 3521 mittit
2889 3461 3196 3520 medicum
3217 3459 3435 3525 morbi,
3456 3475 3657 3534 neque

1990 3550 2295 3609 medelam
2315 3551 2503 3609 ullam
2523 3552 2707 3625 hujus
2727 3552 2853 3609 vitii
2870 3550 3540 3626 expultriceminvenire
3554 3566 3659 3625 po-

1990 3645 2122 3715 test,
2146 3655 2508 3716 quanquam
2532 3641 2848 3716 Scripturaa
2869 3640 3330 3698 medicamentis
3352 3638 3658 3712 ejusmodi

1992 3737 2138 3789 sunt
2159 3731 2429 3789 refertae:
2477 3731 2586 3788 sed
2625 3731 2875 3788 unicum
2927 3731 3187 3788 miserim
3219 3746 3345 3787 sua:
3373 3729 3657 3787 levamen

1989 3826 2320 3895 exspectat,
2355 3820 2552 3878 sicubi
2596 3820 2797 3879 videat
2828 3819 3184 3896 quempiam
3223 3835 3297 3876 ex
3324 3818 3397 3876 iis
3426 3817 3656 3893 quibus

1988 3901 2235 3981 invidet,
2266 3914 2563 3969 ruentem.
2591 3911 2726 3968 Haec
2752 3914 2841 3968 est
2860 3911 2984 3968 odii
3008 3915 3190 3984 meta,
3217 3924 3357 3967 eum
3387 3908 3484 3966 cui
3504 3907 3656 3964 invi-

1988 4000 2181 4071 detur,
2209 4002 2501 4059 miserum
2523 4018 2597 4059 ex
2624 4001 2778 4059 felici
2807 4001 3034 4075 videre,
3058 4005 3117 4059 et
3136 4017 3276 4059 eum
3299 3999 3406 4076 qui
3434 3999 3653 4057 beatus

1986 4089 2349 4160 habebatur,
2380 4091 2679 4149 infelicem
2695 4091 2852 4150 ﬁeri.
2879 4095 3042 4150 Tunc
3062 4091 3246 4149 initur
3264 4090 3488 4163 foedus,
3510 4092 3567 4146 et
3586 4088 3655 4147 ﬁt

1987 4181 2222 4240 amicus
2251 4196 2393 4240 cum
2429 4181 2646 4240 viderit
2676 4182 3142 4258 lacrymantem,
3174 4197 3315 4240 cum
3342 4178 3653 4254 lugentem

1987 4273 2386 4348 conspexerit.
2419 4275 2486 4330 Et
2513 4289 2657 4331 vero
2687 4289 2812 4331 non
2856 4274 3094 4331 laetatur
3124 4288 3266 4330 cum
3294 4271 3489 4344 hilari,
3542 4271 3650 4328 sed

1988 4379 2128 4422 cum
2154 4364 2396 4436 lugente
2419 4364 2815 4438 lacrymatur.
2851 4368 3038 4441 Atque
3061 4365 3199 4422 vitae
3224 4362 3646 4433 mutationem,

1987 4470 2060 4514 ex
2080 4456 2303 4530 quibus
2331 4456 2395 4514 in
2424 4473 2561 4531 quae
2591 4456 2896 4531 exciderit,
2920 4456 3260 4527 miseratur,
3288 4470 3412 4512 non
3435 4455 3650 4514 huma-

274 4542 445 4603 παθής
491 4536 640 4610 εἶναι,
682 4533 896 4617 ἐξαίρων
938 4545 1011 4610 τῷ
1054 4539 1190 4612 λόγῳ
1230 4541 1300 4594 τὰ
1341 4544 1586 4619 πρότερα,
1634 4540 1740 4596 ἀλλ’
1791 4542 1876 4598 ἳνα

1994 4546 2169 4605 nitate
2207 4547 2523 4621 quapiam,
2555 4563 2667 4604 nec
2707 4548 2831 4606 ullo
2883 4546 3432 4605 commiserationis
3461 4561 3648 4603 sensu

277 4629 569 4707 βαρυτέραν
635 4629 776 4702 αύτῷ
844 4630 1213 4704 κατασκευάσῃ
1282 4634 1378 4689 τὴν
1442 4634 1734 4707 συμφοράν.
1802 4638 1874 4689 Τό

272 4717 487 4774 παιδίον
535 4722 666 4794 μετά
705 4724 793 4774 τὸν
844 4722 1060 4774 θάνατον
1088 4716 1305 4790 ἐπαινεῖ,
1346 4725 1436 4775 καὶ
1486 4726 1691 4799 μυρίοις
1717 4722 1875 4797 ἔγκω-

272 4815 410 4886 μίοις
461 4809 821 4885 ἀποσεμνύνει,
878 4813 943 4872 ὡς
989 4812 1081 4885 μὲν
1132 4809 1287 4864 καλὸν
1334 4807 1485 4880 ἰδεῖν,
1518 4815 1583 4874 ὡς
1627 4809 1687 4867 δὲ
1719 4814 1873 4888 εύμα-

276 4903 371 4970 θὶς,
422 4900 488 4962 ὦς
541 4897 601 4954 δέ
652 4904 778 4978 πρὸς
826 4901 995 4954 πάντα
1047 4899 1386 4978 εὐάρμοστον·
1452 4901 1547 4955 οὐκ
1614 4900 1675 4955 ἂν
1732 4904 1871 4978 αὐτῷ

270 4995 497 5075 περιόντι
560 4990 807 5064 γλῶσσαν
868 4993 1095 5066 εὔφημον
1151 4993 1528 5068 χαρισάμενος.
1581 4992 1698 5048 Ἐὰν
1745 5000 1871 5070 μέν·-

268 5099 348 5135 τοι
374 5080 588 5143 πολλοὺς
634 5076 725 5156 ἴδῃ
772 5084 1144 5158 συντρέχοντας
1188 5088 1260 5153 τῷ
1309 5080 1519 5155 έπαίνῳ,
1569 5084 1869 5156 μεταϐαλὼν

270 5169 443 5241 πάλιν,
478 5169 756 5245 βασκαίνει
802 5178 873 5243 τῷ
910 5173 1164 5226 τεθνεῶτι.
1204 5174 1304 5226 Τὸν
1352 5171 1571 5226 πλοῦτον
1611 5176 1870 5249 θαυμάζει

271 5263 397 5335 μετὰ
439 5265 532 5321 τήν
579 5263 854 5317 ἔκπτωσιν.
899 5265 1004 5321 Τὴν
1052 5263 1188 5338 ὥραν
1243 5269 1335 5316 τοῦ
1388 5268 1642 5337 σώματος,
1693 5265 1723 5325 ἢ
1773 5269 1868 5326 τὴν

340 5439 615 5513 (41)Edi_ti
637 5440 663 5493 6
691 5438 1163 5513 iég.ASed_in_mss.
1177 5454 1302 5496 non
1322 5439 1539 5513 legitur
1557 5442 1879 5503 articulus.

342 5509 453 5585 (42)
476 5511 646 5585 Colb.
671 5511 881 5585 tertius
907 5509 1296 5567 ἀπολείπουσιν.

667 5584 695 5643 ἣ
731 5583 938 5662 εύεκτεῐ.

339 5654 456 5730 (44)
487 5654 654 5713 Colb.
688 5655 922 5732 primus
947 5670 1059 5733 pro
1078 5657 1262 5710 κύπτει
1290 5654 1475 5717 habet
1497 5660 1795 5739 κρύπτεται.
1826 5702 1834 5709 .

1985 4637 2248 4711 priorem
2262 4641 2486 4695 statun
2514 4637 2713 4695 verbis
2739 4636 3012 4701 efferens,
3029 4636 3137 4694 sed
3159 4640 3221 4694 ut
3242 4652 3382 4693 eum
3405 4635 3647 4693 calami-

1981 4731 2098 4786 tate
2120 4730 2395 4800 graviore
2416 4727 2653 4786 efﬁciat.
2673 4729 2907 4787 Laudat
2924 4727 3119 4785 filium
3144 4730 3280 4801 post
3299 4726 3554 4798 obitum,
3587 4730 3645 4786 et

1975 4817 2313 4876 innumeris
2342 4819 2661 4894 prasconiis
2688 4819 3072 4889 condecorat,
3105 4834 3295 4893 quam
3324 4816 3500 4876 fuerit
3527 4815 3644 4874 for-

1977 4896 2190 4966 mosus
2220 4908 2376 4978 visu,
2404 4925 2593 4982 quam
2621 4910 2996 4982 ingeniosus,
3040 4924 3230 4982 quam
3273 4896 3530 4965 idoneus
3559 4906 3642 4964 ad

1979 4999 2185 5056 omnia
2215 5020 2230 5069 ;
2254 5000 2373 5070 cui,
2400 5000 2552 5059 dum
2571 5001 2818 5073 viveret,
2841 5016 2917 5057 ne
2936 4999 3195 5057 verbum
3212 4996 3465 5073 quidem
3484 4997 3639 5055 bene

1977 5089 2317 5147 ominatum
2333 5088 2601 5149 dixisset.
2616 5089 2732 5149 Sed
2749 5090 2800 5148 si
2819 5090 3043 5148 multos
3056 5089 3273 5147 viderit
3290 5087 3371 5146 ad
3384 5087 3641 5146 laudan-

1968 5177 2125 5236 dum
2146 5185 2814 5254 concurrentes,rursus
2834 5185 3071 5239 mutata
3094 5180 3391 5238 sententia
3414 5179 3643 5238 invidet

1976 5273 2237 5328 mortuo.
2295 5270 2542 5330 Miratur
2589 5272 2856 5346 perditas
2898 5287 3070 5346 opes.
3111 5271 3486 5346 Elegantiam
3515 5285 3643 5329 cor-

2023 5448 2164 5538 ,(45)
2205 5450 2356 5538 Edigi
2385 5448 2538 5538 esse
2567 5452 2735 5538 πλέονζ
2768 5454 2894 5538 νρχ
2924 5451 3137 5538 ultima
3164 5451 3226 5509 in
3268 5451 3341 5508 iis
3377 5467 3536 5525 quos
3559 5450 3644 5538 le-

1978 5522 2182 5649 1geimus
2221 5522 2538 5581 codicibus
2573 5539 2697 5582 non
2717 5524 2977 5597 legitur;
3016 5524 3365 5600 idcircoque
3383 5522 3518 5580 eam
3540 5522 3640 5580 de~

2038 5607 2260 5652 vunus.
