4098 6426
409 316 515 372 375

1787 313 1845 371 S.
1885 311 2138 369 BASlLll
2174 311 2417 372 MAGNI.

3676 321 3782 377 3'76

406 438 574 515 poris
606 441 710 495 aut
738 436 947 509 robur,
980 437 1281 495 etbonam
1305 437 1725 496 habitudinem
1748 440 1887 510 post
1912 451 2068 493 mor-

2178 437 2359 514 ῥώμην
2388 442 2480 494 καὶ
2518 442 2613 500 τὴν
2662 439 2859 505 εὐεξίαν
2909 432 3063 516 μετα
3086 441 3182 504 τὰς
3221 445 3407 507 νόσους
3455 442 3654 499 ἔπαινεῖ
3692 450 3783 503 καὶ

406 527 520 587 bos
547 527 759 588 laudat
790 530 847 583 et
879 528 1126 584 extollit.
1184 531 1252 586 Et
1280 528 1341 585 in
1382 544 1645 598 summa,
1690 542 1902 584 eorum
1934 542 2070 600 quas

406 622 756 695 suppetunt,
787 617 1071 676 inimicus
1093 621 1219 690 est;
1247 635 1459 678 eorum
1488 635 1625 695 quae
1651 618 1902 693 periere,
1925 616 2073 676 ami-

409 724 517 768 cus
530 753 544 769 .

478 805 531 858 3.
567 800 719 869 Quid
764 799 947 872 igitur
998 801 1112 858 bac
1149 800 1247 857 lue
1296 799 1606 857 exitiosius
1647 815 1781 857 esse
1824 798 2072 874 possit?

407 890 760 966 Corruptela
770 890 927 962 vitae,
942 890 1238 965 pernicies
1249 895 1500 958 naturae,
1517 906 1728 947 eorum
1741 907 1877 965 quae
1895 889 2071 946 nobis

405 997 444 1040 a
464 984 584 1037 Deo
603 980 747 1037 data
763 984 904 1037 sunt
920 981 1221 1037 bonorum
1243 980 1477 1046 odium,
1497 979 1755 1037 adversa
1772 978 2073 1036 Deoindo—

403 1070 509 1129 les.
536 1070 687 1137 Quid
718 1070 1022 1128 malorum
1044 1074 1351 1127 auctorem
1378 1069 1721 1127 daemonem
1744 1068 1823 1126 ad
1847 1068 2070 1126 bellum

405 1160 701 1219 adversus
714 1161 994 1218 homines
1014 1165 1182 1219 tanto
1200 1178 1339 1219 cum
1356 1161 1555 1218 furore
1570 1160 1848 1235 impulit?
1861 1163 2071 1218 Nonne

404 1250 670 1309 invidia?
690 1267 799 1324 per
817 1268 1006 1325 quam
1029 1255 1246 1308 etcum
1271 1254 1390 1308 Deo
1412 1250 1541 1325 ipso
1563 1266 1838 1324 pugnare
1864 1250 2072 1324 palam

405 1342 819 1416 deprehensus
865 1346 973 1400 est.
1025 1342 1136 1410 Qui
1180 1341 1450 1399 infensus
1498 1341 1750 1415 quidem
1790 1344 1912 1398 Deo
1943 1346 2071 1400 erat

403 1438 653 1508 propter
683 1432 1164 1490 muniﬁcentiam
1190 1448 1335 1503 erga
1360 1432 1675 1489 hominem
1702 1453 1715 1490 :
1750 1432 1857 1489 sed
1877 1432 2071 1489 homi-

401 1539 564 1591 nem,
599 1539 739 1580 cum
769 1525 957 1580 Deum
982 1539 1109 1582 non
1134 1525 1358 1596 posset,
1391 1521 1810 1580 ulciscebatur.
1844 1522 2073 1579 Eadem

403 1608 460 1671 et
485 1612 629 1671 Cain
656 1611 873 1668 fecisse
895 1612 1265 1687 perhibetur,
1288 1611 1518 1686 primus
1534 1611 1630 1670 ille
1653 1611 1880 1671 diaboli
1899 1611 2073 1670 disci-

400 1702 605 1777 pulus,
640 1702 892 1760 edoctus
916 1702 991 1761 ab
1022 1704 1155 1777 ipso
1180 1708 1238 1760 et
1265 1703 1560 1761 invidiam
1583 1707 1640 1761 et
1665 1703 1916 1774 caedem,
1945 1719 2074 1775 ger-

2181 525 2389 604 ἕξαίρει.
2443 533 2546 586 Καὶ
2600 529 2747 599 ὅλως,
2806 529 2999 607 ἐχθρός
3040 534 3131 608 μέν
3175 530 3290 588 ἐστι
3335 541 3437 590 τῶν
3489 539 3779 613 παρόντων,

2182 618 2323 694 φίλος
2356 617 2415 677 δε
2452 623 2552 676 τῶν
2583 620 2961 699 ἀπολλυμένων.

2252 804 2304 859 3.
2337 806 2400 857 Ti
2430 800 2489 855 ἂν
2520 799 2607 856 οὖν
2628 803 2825 877 γίνοιτο
2851 810 2914 864 τῆ
2925 825 2947 867 ς
2974 807 3133 859 νόσου
3161 806 3359 871 ταύτης
3384 805 3743 887 ὀλεθριώτερον
3765 826 3781 880 ;

2181 891 2353 967 Φθορὰ
2390 899 2484 954 τῆς
2524 891 2684 960 ζωῆς,
2732 892 2869 967 λύμη
2896 901 2990 957 τῆς
3041 897 3263 968 φύσεως,
3297 897 3470 973 ἔχθρα
3497 906 3597 952 τῶν
3639 901 3785 974 παρὰ

2181 988 2315 1035 Θεοῦ
2366 977 2655 1056 δεδομένων
2704 983 2850 1057 ἡμῖν,
2892 981 3191 1049 ἐναντίωσις
3219 990 3349 1062 πρὸς
3390 992 3539 1045 Θεὸν.
3588 993 3653 1044 Τί
3695 993 3783 1044 τὸν

2181 1067 2474 1144 ἀρχέκακον
2519 1068 2746 1147 δαίμονα
2801 1072 2873 1136 εἰς
2919 1077 3006 1126 τόν
3058 1076 3196 1128 κατὰ
3244 1074 3525 1153 ἀνθρώπων
3577 1075 3785 1154 ἆξίμηνε

2178 1159 2398 1234 πόλεμον
2433 1177 2447 1229 ;
2478 1161 2600 1234 Οὐχ
2630 1163 2655 1215 ό
2687 1163 2907 1237 φθόνος;
2937 1159 3010 1216 δι’
3051 1164 3112 1217 οὔ
3135 1169 3226 1218 καὶ
3261 1166 3525 1240 θεομάχος
3556 1176 3783 1243 φανερῶς

2182 1246 2513 1323 ἀπηλέγχθη,
2555 1248 2846 1325 ἀχθόμενος
2882 1255 2973 1328 μὲν
3005 1260 3118 1326 Θεῷ
3167 1252 3250 1309 ἐπὶ
3301 1263 3364 1330 τῇ
3415 1253 3787 1333 μεγαλοδωρεᾷ

2179 1346 2242 1414 τῇ
2294 1339 2364 1402 εἰς
2410 1342 2497 1394 τόν
2543 1341 2833 1416 ἄνθρωπον,
2894 1345 2979 1397 τὸν
3020 1344 3288 1419 ἄνθρωπον
3338 1342 3397 1400 δε
3446 1344 3783 1422 ἀμυνόμενος,

2180 1426 2360 1489 ἐπειδὴ
2411 1434 2540 1485 Θεὸν
2580 1431 2675 1486 οὐκ
2722 1429 2976 1491 ἠδύνατο.
3026 1435 3105 1489 Τὰ
3152 1434 3287 1489 αὐτὰ
3335 1431 3394 1490 δε
3430 1443 3599 1490 ταῦτα
3626 1446 3786 1492 ποιῶν

2180 1522 2271 1572 καὶ
2310 1520 2337 1573 ό
2386 1523 2514 1575 Κάῑν
2563 1517 2851 1591 δείκνυται,
2894 1523 2919 1575 ό
2944 1530 3149 1599 πρῶτος
3188 1526 3434 1600 μαθητὴς
3470 1533 3563 1580 τοῦ
3596 1523 3787 1582 διαϐό-

2179 1607 2292 1679 λου,
2323 1615 2413 1664 καὶ
2444 1613 2626 1686 φθόνον
2663 1616 2754 1667 καὶ
2801 1616 2948 1687 φόνον
2978 1612 3101 1687 παρ’
3130 1613 3290 1669 αὐτοῦ
3349 1611 3658 1689 διδαχθεὶς,
3690 1619 3785 1683 τὰς

2182 1696 2407 1774 ἀδελφὰς
2466 1700 2703 1777 ἀνομίας,
2748 1702 2809 1768 ἇς
2857 1708 2946 1757 καὶ
2993 1703 3196 1768 Παῦλος
3238 1705 3555 1774 συνέζευξεν,
3605 1711 3781 1761 είπὼν·

399 1809 588 1852 mana
617 1793 865 1862 scelera,
895 1809 1033 1867 qum
1064 1797 1121 1850 et
1141 1792 1359 1849 Paulus
1388 1793 1703 1865 conjunxit
1722 1793 1816 1850 his
1836 1792 2067 1851 verbis:

2180 1794 2417 1856 Μεστοὺς
2476 1793 2684 1865 φθόνου,
2754 1796 2928 1867 φόνου.
2987 1798 3052 1849 Τί
3103 1802 3191 1848 οὖν
3255 1790 3317 1854 ἦν
3375 1794 3402 1848 ὃ
3466 1795 3708 1855 εποίησεν
3762 1814 3778 1868 ;

403 1884 625 1943 Plenas
656 1883 913 1951 invidia,
949 1881 1524 1949 hdmicidio“.Quid
1545 1882 1727 1956 igitur
1747 1887 1877 1942 erat
1903 1881 2073 1958 quod

402 1971 592 2031 fecit?
635 1971 798 2029 Vidit
827 1971 1097 2030 delatum
1136 1988 1172 2030 a
1218 1973 1340 2029 Deo
1379 1971 1700 2041 honorem,
1742 1975 1799 2031 et
1852 1974 2073 2033 exarsit

401 2061 808 2136 aemulatione,
825 2062 1162 2137 occiditque
1175 2062 1562 2134 honoratum,
1582 2063 1989 2121 honorantem
2006 2067 2073 2123 ut

402 2155 848 2229 perstringeret.
892 2156 1045 2210 Nam
1074 2169 1215 2210 cum
1235 2152 1553 2210 imbecillis
1585 2158 1743 2211 esset
1768 2153 1850 2212 ad
1878 2157 2070 2213 Deum

396 2242 910 2317 impugnandum,
928 2242 989 2300 in
1007 2242 1334 2300 fraternam
1348 2243 1575 2301 caedem
1592 2244 1865 2301 animum
1880 2248 2070 2302 trans-

397 2335 550 2395 tulit.
581 2335 933 2407 Fugiamus,
963 2333 1198 2402 fratres,
1232 2334 1652 2407 aegritudinem
1678 2335 1809 2407 ejus
1839 2352 1975 2409 qua:
2005 2336 2069 2393 in

396 2428 588 2482 Deum
604 2423 671 2481 ﬁt
692 2439 916 2498 pugnaa
932 2424 1313 2495 magistram,
1332 2423 1645 2482 homicidii
1660 2429 1940 2496 matrem,
1962 2440 2068 2484 na-

395 2517 545 2573 turae
595 2512 1039 2584 confusionem,
1082 2513 1551 2571 necessitudinis
1597 2514 2063 2585 ignorationem,

397 2604 742 2663 molestiam
760 2603 836 2662 ab
845 2605 1266 2663 surdissimam
1277 2647 1291 2662 .
1304 2608 1420 2662 Cur
1435 2604 1767 2673 afﬂictaris,
1784 2606 1971 2664 homo
1984 2606 2070 2663 ni-

399 2694 486 2765 hil
517 2711 697 2767 grave
726 2711 945 2768 passus
967 2695 995 2752 ?
1015 2695 1165 2769 quid
1192 2694 1353 2752 bello
1383 2694 1536 2768 petis
1565 2695 1860 2752 fruentem
1886 2695 2067 2753 bonis

395 2784 729 2859 aliquibus,
756 2782 1028 2858 nihilque
1057 2784 1133 2842 de
1163 2785 1281 2842 tuis
1307 2784 1810 2843 imminuentem?
1834 2785 2063 2852 Quodsi

390 2873 493 2957 vel
506 2872 818 2937 beneﬁciis
840 2873 1091 2931 affectus
1113 2874 1469 2945 indignaris,
1493 2889 1695 2931 nonne
1716 2874 1924 2948 palam
1948 2876 2063 2932 tuis

395 2964 529 3039 ipse
552 2964 894 3022 commodis
925 2964 1041 3037 93
1081 2964 1314 3022 invides
1345 2965 1373 3022 ‘2
1412 2964 1727 3037 Ejusmodi
1759 2964 1902 3023 Saul
1931 2969 2064 3023 erat

399 3055 497 3112 cui
524 3053 963 3112 beneﬁciorum
993 3054 1353 3125 magnitudo
1399 3053 1631 3111 bellum
1675 3055 1889 3112 Davidi
1916 3055 2063 3112 infe‘

388 3145 563 3203 rendi
584 3161 737 3204 ansa
758 3149 889 3203 erat
919 3149 975 3202 et
1004 3145 1195 3218 origo.
1224 3145 1490 3203 Primum
1509 3145 1759 3219 quidem
1785 3146 2064 3204 modula-

390 3236 626 3294 tissima
652 3235 755 3292 illa
777 3251 848 3294 ac
870 3235 1078 3292 divina
1106 3235 1339 3292 musica
1371 3236 1449 3292 ab
1479 3236 1723 3292 insania
1747 3235 2060 3302 liberatus,

395 3326 733 3384 conabatur
754 3326 987 3400 accepti
1014 3326 1294 3383 beneﬁcii
1323 3331 1634 3383 auctorem
1663 3327 1840 3384 hasta
1865 3332 2062 3384 trans-

392 3415 601 3486 ﬁgere.
628 3414 853 3471 Deinde
883 3430 1008 3472 una
1045 3431 1185 3472 cum
1211 3415 1345 3489 ipso
1375 3415 1642 3472 exercitu
1688 3431 1763 3471 ex
1792 3415 2060 3473 hostium

394 3503 684 3563 manibus
712 3503 1035 3561 incolumis
1064 3509 1327 3578 ereptus,
1350 3510 1408 3562 et
1427 3521 1499 3562 eo
1520 3504 1677 3578 quia
1709 3505 1943 3562 Goliath
1971 3505 2064 3563 in-

401 3596 688 3654 urebatur
699 3594 996 3653 dedecore
1012 3594 1475 3667 1iberatus,cum
1496 3601 1701 3654 tamen
1724 3596 2061 3655 saltatrices

395 3687 680 3761 quaedam
700 3686 1135 3760 decemplicem
1152 3692 1381 3761 partem
1396 3703 1598 3746 rerum
1620 3691 1931 3759 gestarum
1954 3690 2063 3747 Da-

394 3777 522 3835 vidi
540 3778 602 3834 in
621 3776 896 3851 epiniciis
922 3776 1273 3848 tribuerent,
1289 3782 1596 3847 canentes,
1618 3780 1924 3835 Percussit
1945 3779 2068 3838 Da-

396 3869 499 3926 vid
520 3870 581 3926 in
595 3869 796 3925 decem
817 3867 1109 3937 millibus,
1134 3873 1187 3924 et
1208 3868 1362 3923 Saul
1386 3869 1452 3923 in
1477 3867 1746 3924 millibus
1760 3884 1881 3924 suis
1900 3869 1969 3933 ⁵³,
1985 3867 2065 3925 ob

396 3969 589 4011 unam
618 3953 779 4010 hanc
799 3968 1029 4020 vocem,
1056 3955 1113 4008 et
1141 3951 1221 4008 ob
1242 3951 1547 4009 redditum
1570 3952 1646 4009 ab
1669 3953 1804 4026 ipsa
1822 3952 2068 4010 veritate

398 4043 818 4104 testimonium
835 4043 1103 4117 primum
1125 4059 1302 4099 suam
1328 4059 1465 4100 eum
1491 4059 1680 4099 manu
1699 4043 2064 4111 interimere,

400 4141 583 4209 atque
603 4134 837 4192 insidiis
857 4133 933 4191 de
956 4133 1157 4191 medio
1182 4133 1382 4190 tollere
1404 4150 1685 4206 egressus
1707 4140 1795 4192 est
1821 4135 2068 4192 :exinde

405 4225 632 4285 Davide
670 4225 734 4282 in
774 4224 987 4295 fugam
1019 4230 1172 4297 acto,
1199 4241 1275 4281 ne
1304 4227 1390 4282 sic
1420 4225 1670 4299 quidem
1696 4224 1838 4283 odio
1881 4226 2068 4283 ﬁnem

403 4315 716 4390 imposuit,
763 4314 868 4371 sed
892 4320 1271 4388 postremum
1293 4314 1674 4389 expeditione
1706 4333 1846 4373 cum
1874 4316 2068 4373 tribus

405 4408 731 4464 electorum
750 4404 992 4461 milibus
1007 4405 1299 4463 adversus
1318 4406 1484 4462 illum
1509 4411 1813 4481 suscepta,
1828 4406 2068 4465 deserta

357 4532 361 4538 -
402 4496 542 4554 loca
564 4494 1137 4569 perscrutabatur“.
1164 4495 1391 4561 Quodsi
1420 4495 1635 4552 fuisset
1656 4496 1795 4552 belli
1814 4513 2065 4554 causam

410 4587 841 4658 interrogatus,
886 4586 1299 4659 respondisset
1333 4585 1511 4659 plane
1543 4586 1652 4643 viri
1691 4603 1819 4643 esse
1845 4587 2072 4644 beneﬁ-

409 4677 691 4736 centiam.
706 4676 805 4733 Ille
822 4676 1181 4749 scilicetipso
1193 4676 1625 4751 persecutionis
1646 4682 1914 4751 tempore
1933 4695 2073 4735 cum

412 4768 719 4826 dormiens
750 4767 1165 4841 deprehensus
1184 4767 1416 4837 fuisset,
1444 4773 1772 4841 possetque
1795 4769 1874 4824 ab
1901 4769 2075 4825 hoste

412 4858 585 4916 facile
614 4857 827 4927 occidi,
861 4860 917 4913 et
949 4872 1086 4911 cum
1114 4856 1331 4913 iterum
1353 4872 1388 4912 a
1413 4857 1581 4929 justo
1611 4857 1716 4931 qui
1744 4857 1989 4929 injicere
2012 4858 2075 4915 in

414 4965 557 5023 eum
588 4964 808 5004 manus
838 4945 1105 5012 nolebat,
1146 4951 1418 5003 servatus
1467 4952 1623 5003 esset
1650 4947 1971 5003 incolumis
2002 4949 2071 5019 ⁵⁷,

414 5054 808 5112 nequaquam
839 5035 1032 5092 ﬂexus
1083 5041 1169 5093 est
1198 5037 1314 5094 hoc
1346 5037 1645 5093 beneﬁcio
1680 5054 1693 5093 :
1728 5038 1835 5093 sed
1866 5042 1922 5095 et
1950 5054 2077 5095 rur-

416 5146 519 5186 sus
541 5127 863 5199 colligebat
882 5125 1231 5194 exercitum,
1256 5132 1314 5183 et
1335 5144 1544 5183 rursus
1566 5126 1737 5183 illum
1758 5144 2076 5201 perseque-

417 5218 614 5286 batur,
668 5215 875 5289 quoad
926 5214 1147 5273 iterum
1190 5216 1268 5273 ab
1310 5216 1523 5274 eodem
1558 5217 1622 5273 in
1666 5216 1952 5291 spelunca
1981 5217 2074 5275 in-

2178 1876 2304 1936 Εἶδε
2327 1885 2421 1941 τὴν
2458 1884 2605 1957 παρὰ
2633 1880 2767 1938 Θεοῦ
2814 1886 2993 1958 τιμὴν,
3026 1888 3116 1938 καὶ
3154 1882 3404 1948 ἐξεκαύθη
3435 1888 3568 1961 πρὸς
3597 1885 3775 1949 ζῆλον.

2179 1973 2270 2024 καὶ
2314 1969 2474 2027 ἀνεῖλε
2528 1974 2616 2027 τὸν
2662 1974 2967 2047 τιμηθέντα,
3010 1973 3094 2028 ἵνα
3132 1972 3443 2048 καθάψηται
3488 1983 3581 2029 τοῦ
3626 1981 3781 2050 τιμή-

2180 2079 2386 2124 σαντος.
2421 2065 2561 2137 Πρὸς
2584 2065 2688 2137 γὰρ
2727 2067 2824 2123 τὴν
2868 2065 3160 2138 θεομαχίαν
3192 2061 3485 2136 ἀδυνατῶν,
3518 2066 3589 2129 εἰς
3620 2062 3781 2124 ἀδελ-

2179 2156 2450 2226 φοκτονίαν
2476 2152 2795 2227 ξμετέπεσεκ
2833 2155 3097 2228 Φύγωμεν,
3157 2151 3393 2229 ἀδελφοὶ,
3452 2157 3603 2210 νόσον
3662 2157 3781 2211 θεο-

2176 2245 2384 2316 μαχίας
2440 2238 2786 2313 διδάσκαλον,
2839 2241 3181 2318 ἀνδροφονίας
3241 2248 3463 2323 μητέρα,
3508 2246 3779 2321 σύγχυσιν

2177 2333 2397 2405 φύσεως,
2440 2335 2759 2396 οἰκειότητος
2817 2333 3052 2407 ἄγνοιαν,
3106 2336 3377 2410 συμφορὰν
3427 2332 3783 2409 ἁλογωτάτην.

2174 2424 2240 2475 Τί
2281 2420 2441 2497 λυπῇ,
2502 2423 2759 2498 ἄνθρωπε,
2806 2420 2975 2497 μηδεν
3016 2420 3184 2479 δεινόν
3230 2426 3538 2493 πεπονθώς;
3585 2429 3640 2479 τί
3681 2444 3784 2480 πο-

2173 2510 2345 2585 λεμεῖς
2391 2519 2464 2584 τῷ
2526 2511 2575 2566 ἐν
2633 2511 2851 2586 ἀγαθοῖς
2903 2514 3014 2585 (46)
3077 2533 3218 2568 τισιν
3271 2514 3399 2583 ὄντι,
3455 2511 3622 2589 μηδεν
3679 2524 3784 2570 τῶν

2177 2608 2281 2655 σῶν
2334 2600 2685 2656 ἑλαττὼσαντι
2731 2619 2747 2671 ;
2799 2603 2916 2657 Ἐὰν
2960 2598 3020 2658 δε
3075 2600 3143 2663 δὴ
3210 2608 3300 2657 καὶ
3356 2602 3778 2679 εὐεργετούμενος

2174 2687 2497 2766 ἁγανακτῇς,
2554 2692 2650 2745 οὐκ
2698 2692 2948 2769 ἄντικρυς
2997 2700 3094 2757 τῆς
3140 2692 3326 2748 ἑαυτοῦ
3374 2693 3618 2769 ὠφελείας
3673 2692 3781 2768 βας

2177 2786 2406 2844 σκαίνεις
2446 2797 2461 2849 ;
2509 2780 2718 2846 Ὀποῖος
2776 2778 2836 2841 ἧν
2885 2782 2912 2836 ό
2963 2781 3144 2852 Σαοὺλ,
3194 2782 3249 2847 ὃς
3304 2790 3405 2836 τῶν
3477 2783 3782 2858 εὐεργεσιῶν

2172 2871 2266 2934 τὰς
2310 2869 2596 2945 ὑπερϐολὰς
2640 2869 2879 2947 ἀφορμὴν
2925 2879 3018 2925 τοῦ
3065 2871 3293 2947 πολέμου
3343 2879 3435 2926 τοι)¹
3496 2876 3627 2949 πρὸς
3692 2874 3780 2928 τόν

2174 2956 2344 3014 Δαϐὶδ
2392 2959 2698 3022 ἕποιήσατο.
2750 2968 2961 3037 Πρῶτον
3023 2964 3114 3037 μὲν
3160 2964 3285 3037 γὰρ,
3330 2971 3393 3036 τῇ
3445 2967 3779 3038 παναρμονίῳ

2173 3048 2337 3125 ἐκείνῃ
2389 3056 2479 3106 καὶ
2539 3053 2651 3126 θείᾳ
2706 3061 2936 3127 μουσικῇ
3164 3057 3354 3127 μανίας
3437 3052 3776 3127 ἀπαλλαγεὶς,

2174 3137 2412 3213 ἐπειρᾶτο
2489 3136 2679 3216 δόρατι
2745 3137 3019 3217 διαπεῖραι
3078 3144 3165 3196 τόν
3233 3141 3521 3218 εὐεργέτην·
3600 3143 3779 3197 ἔπειτα

2176 3232 2271 3283 σὺν
2319 3230 2461 3303 αὐτῷ
2512 3238 2586 3302 τῷ
2637 3240 2844 3306 στρατῷ
2902 3230 2959 3285 ἐκ
2995 3240 3096 3285 τῶν
3144 3232 3398 3307 πολεμίων
3444 3233 3774 3307 περισωθεὶς,

2172 3323 2263 3373 καὶ
2312 3328 2408 3383 τῆς
2465 3319 2549 3374 ἐπὶ
2595 3329 2667 3393 τῷ
2726 3323 2838 3394 (47)
2894 3319 3080 3375 Γολιὰθ
3129 3323 3395 3395 αἰσχύνης
3440 3320 3775 3395 ἀπαλλαγεὶς,

2173 3410 2311 3484 ὅμως
2360 3408 2539 3470 ἐπειδὴ
2591 3409 2640 3464 ἓν
2693 3418 2805 3475 τοῖς
2860 3410 3132 3477 ἐπινικίοις
3172 3416 3231 3466 τό
3275 3408 3628 3466 δεκαπλάσιον
3686 3421 3780 3476 τῆς

2172 3508 2273 3555 τῶν
2320 3500 2627 3575 συμϐάντων
2658 3501 2831 3567 αἰτίας
2870 3510 2943 3574 τῷ
2992 3498 3162 3556 Δαϐἱδ
3193 3501 3439 3556 ἀνέθεσαν
3483 3505 3537 3557 αἱ
3579 3505 3779 3579 χορεύ-

2174 3612 2352 3648 ουσαι·
2408 3592 2669 3656 Ἐπάταξε
2725 3589 2894 3647 Δαϐὶδ
2949 3591 2998 3646 ἓν
3054 3594 3301 3670 μυριάσι,
3358 3598 3448 3647 καὶ
3513 3593 3671 3647 Σαούλ
3730 3592 3780 3648 ἕν

2173 3681 2416 3757 χιλιάσιν
2465 3682 2646 3737 αὐτοῦ’
2709 3679 2802 3736 διὰ
2856 3687 2981 3757 μίαν
3041 3686 3237 3741 ταύτην
3285 3688 3470 3757 φωνὴν,
3537 3686 3628 3737 καὶ
3684 3688 3779 3743 τήν

2175 3772 2229 3837 ἐξ
2265 3772 2431 3836 αὐτῆς
2479 3781 2575 3836 τῆς
2622 3770 2865 3835 ἀληθείας
2918 3773 3226 3848 ὑπάρξασαν
3283 3777 3598 3849 μαρτυρίαν,
3627 3781 3777 3850 πρῶ-

2177 3882 2262 3916 τον
2316 3864 2566 3937 αὐτόχειρ
2625 3864 2884 3935 γενέσθαι,
2938 3867 3029 3916 καὶ
3077 3862 3130 3926 ἐξ
3177 3859 3388 3938 ἐνέδρας
3449 3862 3637 3918 ἀνελεῖν
3685 3862 3778 3917 ἐπ-

2178 3957 2470 4029 εχείρησενο
2519 3952 2630 4006 εἶτα
2677 3950 2893 4026 φυγάδα
2929 3958 3293 4019 καταστήσας,
3344 3949 3467 4008 οὐδὲ
3506 3953 3641 4007 οὕτω
3675 3957 3779 4013 τὴν

2178 4044 2376 4118 ἔχθραν
2432 4043 2670 4111 ἔστησεν,
2737 4040 2865 4096 ἀλλά
2919 4046 2978 4096 τό
3039 4043 3327 4097 τελευταῖον
3391 4043 3780 4118 ἐκστρατεύσας

2179 4129 2254 4186 ἐπ’
2292 4132 2447 4185 αὐτόν
2481 4135 2594 4201 (48)
2653 4132 2978 4206 τρισχιλίοις
3029 4132 3239 4207 λογάσι,
3289 4137 3381 4198 τας
3430 4133 3648 4209 ἐρημίας
3690 4130 3781 4187 δι-

2179 4227 2451 4298 ηρευνᾶτο.
2504 4222 2563 4275 Εἰ
2595 4218 2654 4275 δὲ
2693 4223 2933 4297 ἠρωτήθη
2965 4230 3057 4277 τοῦ
3097 4224 3320 4298 πολέμου
3365 4227 3458 4283 τὴν
3496 4229 3776 4297 πρόφασιν,

2180 4320 2314 4366 εἶπεν
2359 4310 2419 4365 ἆν
2448 4313 2653 4375 πάντως
2680 4316 2777 4376 τὰς
2804 4322 2895 4366 τοῦ
2928 4309 3119 4387 ἀνδρὸς
3151 4313 3404 4377 εὐποιίας,
3436 4310 3531 4376 ’ος
3561 4332 3618 4385 γε
3661 4311 3783 4388 παρ’

2180 4403 2337 4457 αὐτόν
2367 4405 2453 4456 τόν
2484 4407 2666 4479 καιρὸν
2704 4412 2799 4466 τῆς
2831 4399 3059 4467 διώξεως
3097 4399 3365 4456 καθεύδων
3408 4402 3779 4477 καταληφθεὶς,

2183 4494 2383 4566 ἕτοιμος
2426 4491 2498 4555 εἰς
2543 4497 2741 4565 σφαγὰν
2784 4498 3117 4567 προκείμενος
3156 4500 3228 4564 τῷ
3272 4490 3470 4567 ἐχθρῶ,
3512 4496 3598 4544 καὶ
3628 4491 3781 4545 πάλιν

2180 4583 2487 4657 περισωθεὶς
2513 4583 2612 4635 ὐπὸ
2634 4590 2723 4634 τοῦ
2756 4578 2985 4650 δικαίου,
3014 4580 3285 4655 ἐπαγαγεῖν
3308 4582 3448 4652 αὐτῷ
3474 4584 3568 4644 τὰς
3597 4589 3784 4655 χεῖρας

2185 4670 2559 4745 φυλαξαμένου,
2593 4668 2706 4724 οὐδ’
2725 4672 2824 4724 ὑπὸ
2855 4674 3052 4733 ταύτης
3080 4679 3175 4732 τῆς
3196 4671 3490 4745 εὐεργεσίας
3521 4669 3780 4744 ἐκάμφθη-

2187 4759 2315 4815 me
2343 4766 2433 4815 καὶ
2470 4761 2622 4815 πάλιν
2667 4759 3047 4835 ἐστρατολόγει,
3089 4765 3179 4812 καὶ
3216 4759 3369 4812 πάλιν
3402 4756 3632 4813 ἐδίωκενι
3666 4759 3779 4827 ἕως,

2185 4855 2275 4903 καὶ
2335 4847 2574 4926 δεύτερον
2615 4850 2766 4913 ἁλοὺς
2820 4852 2919 4903 ὐπὸ
2974 4857 3064 4902 τοῦ
3106 4849 3264 4903 αὐτοῦ
3314 4848 3361 4902 ἐν
3406 4858 3477 4921 τῷ
3518 4848 3780 4921 σπηλαίῳ,

2186 4951 2277 4997 τοῦ
2328 4946 2418 5017 μὶν
2467 4947 2560 5001 τὴν
2619 4941 2804 5017 ἀρετὴν
2850 4941 3210 5018 λαμπροτέραν
3261 4938 3546 5009 ἀπέδειξεν,
3599 4940 3782 4994 ἑαυτοῦ
3850 4994 3857 5001 ε

2188 5031 2247 5088 δὲ
2289 5039 2379 5093 τὴν
2427 5037 2677 5109 πονηρίαν
2725 5036 3174 5107 καταφανεστέραν
3222 5031 3453 5092 ἐποίησε.
3511 5038 3783 5105 Δυσμετα-

2185 5128 2586 5200 χειριστότατον
2630 5124 2827 5196 ἔχθρας
2874 5117 3013 5183 εἶδος
3052 5123 3077 5173 ό
3131 5125 3336 5196 φθόνος,
3376 5126 3510 5185 Τοὺς
3545 5124 3635 5196 μὲν
3682 5118 3783 5193 γὰρ

2187 5214 2353 5276 ἄλλως
2402 5209 2675 5286 δυσμενεῖς
2733 5213 3090 5286 ἡμερωτέρους
3143 5220 3383 5267 ποιοῦσιν
3432 5213 3487 5266 αἱ
3534 5210 3781 5264 εὐποιίαν

490 5395 538 5432 ⁵³
567 5396 739 5453 Rom.
783 5414 820 5468 ι,
851 5400 942 5454 29.
1020 5397 1067 5433 ⁵⁵
1096 5399 1117 5453 Ι
1142 5364 1282 5468 lleg.
1314 5396 1476 5455 xvui.
1507 5402 1560 5454 7.
1640 5397 1688 5435 ⁵⁸
1727 5398 1749 5453 Ι
1779 5399 1919 5471 Reg.
1952 5414 2068 5455 xxn

2178 5410 2205 5453 ι.
2284 5394 2329 5430 ⁵⁷
2362 5392 2385 5449 Ι
2414 5394 2560 5463 Reg,
2584 5407 2743 5461 xxvr,
2772 5392 2828 5449 7.

488 5574 800 5653 (46)_Colb.
852 5577 1061 5635 tertius
1107 5588 1179 5653 τῷ
1211 5579 1289 5632 ἐπ’
1322 5578 1557 5653 ἀγαθοῖς.
1600 5582 1748 5653 Mox
1778 5594 1925 5653 mss.
1958 5576 2069 5634 ali-

415 5647 566 5722 quot
596 5647 968 5726 icyavaxrﬁg...
997 5658 1091 5726 τῇς
1122 5647 1305 5705 ἑαυτοῦ
1338 5647 1600 5726 ὤφελείας.
1651 5650 1797 5707 Editi
1839 5649 2069 5725 ἀγανακ-

414 5730 587 5784 τεῖς...
610 5730 671 5781 τῆ
701 5730 920 5775 σεαυτοῦ
943 5722 1175 5796 ὠφελείᾳ.

2390 5576 2544 5655 l_l_e_g._
2565 5574 2799 5655 primus
2829 5576 2919 5626 καὶ
2943 5580 3037 5655 τῆς
3068 5571 3152 5655 ἐπὶ
3174 5579 3292 5655 τού,
3335 5647 3346 5655 _
3603 5640 3615 5652 .

2252 5643 2367 5720 (48)
2397 5643 2592 5720 Editio
2620 5652 2875 5720 utraque
2902 5645 3015 5720 κατ’
3036 5645 3215 5698 αὐτοῦ.
3242 5643 3484 5720 Veteres
3512 5643 3784 5716 quinque

2175 5719 2313 5778 libri
2351 5716 2428 5772 ἐπ’
2452 5718 2626 5774 αὐτόν.
2656 5716 2867 5777 eadem
2900 5718 3079 5794 plane
3107 5716 3424 5773 sententia.
