4098 6388
295 342 396 401 37⁸7

291 471 381 524 τὸν
438 466 705 541 βάσκανον
744 461 804 519 δὶ
845 466 938 518 καὶ
976 467 1215 525 κακοήθη
1246 465 1306 517 τὸ
1334 463 1507 526 καλῶς
1533 464 1717 517 παθεῖν
1745 460 1896 515 πλέον
1928 463 1976 516 Α

292 556 690 637 προσερεθίζει·
738 559 830 607 καὶ
878 557 1080 629 ὅσῳπερ
1126 554 1187 607 ἂν
1226 556 1474 629 μειζόνων
1503 556 1670 627 τύχῃ,
1713 552 1896 626 μειζό-

293 647 711 720 νωςοάγανακτεῖ
754 649 845 698 καὶ
899 643 1127 713 ἀνιᾶται,
1173 649 1264 697 καὶ
1312 641 1675 719 δυσχεραίνει.
1716 641 1896 696 Πλεῖον

293 737 397 809 γὰρ
449 736 678 808 ἄχθεται
714 743 778 809 τῇ
831 731 1051 808 δυνάμει
1075 741 1167 788 τοῦ
1212 735 1496 809 εὐεργέτου,
1528 734 1558 793 ἢ
1589 734 1751 806 χάριν
1783 734 1897 804 ἔχει

293 831 404 891 τοῖς
431 824 504 887 εἰς
531 824 689 879 αὐτὸν
715 827 1019 898 γινομένοις.
1074 830 1228 880 Ποῖον
1278 824 1337 877 ού
1365 831 1554 895 νικῶσι
1602 824 1782 898 θηρίον
1828 828 1894 894 τῇ

294 914 625 992 χαλεπότητι
653 923 750 973 τῶν
778 919 981 989 τρόπων
1004 931 1017 983 ;
1082 919 1146 969 Τί
1174 923 1274 970 τῶν
1302 913 1568 989 ἀνημέρων
1596 912 1702 985 οὐχ
1732 913 1897 985 ὑπερσ-

299 1004 578 1062 ϐάλλουσιν
627 1004 937 1080 ἀγριότητι;
988 1007 1054 1057 Οἱ
1101 1006 1249 1067 κύνες
1294 1009 1595 1079 τρεφόμενοι
1637 1005 1895 1076 ἡμεροῦν-ο

297 1113 425 1153 ται.
475 1097 524 1150 οἱ
572 1094 766 1156 λέοντες
820 1096 1122 1169 χειροήθεις
1172 1100 1406 1168 γίνονται
1455 1096 1890 1169 θεραπευόμενοιο

296 1186 346 1243 οἱ
398 1181 457 1238 δὲ
511 1182 772 1257 βάσκανοι
826 1192 944 1252 ταῖς
1029 1186 1323 1262 θεραπείαις
1399 1183 1549 1241 πλέον
1624 1181 1894 1257 ἐξαγριαί-⁹

290 1292 461 1328 νονται
468 1313 481 1329 ο

1600 334 1893 394 HOMILIA
1929 333 2023 389 DE
2063 333 2348 392 INVIDIA.

3565 343 3673 400 378

2004 462 2330 533 terceptus,
2357 464 2415 518 et
2434 462 2567 534 ejus
2596 462 2878 520 virtutem
2897 465 3243 538 praestiterit
3260 465 3667 537 illustriorem,

2004 554 2062 607 et
2084 567 2259 608 suam
2279 552 2473 627 ipsius
2500 554 2834 628 nequitiam
2864 555 3337 613 manifestiorem
3387 558 3671 615 reddide-

2001 640 2095 697 rit.
2112 643 2768 700 l'mmansuetissimum
2793 643 2915 700 odii
2938 660 3130 715 genus
3148 645 3378 702 invidia
3389 654 3495 704 est.
3515 650 3668 704 Nam

2002 729 2404 789 beneﬁcentia
2424 737 2672 790 caeteros
2687 732 2936 806 quidem
2957 733 3062 806 qui
3089 733 3271 790 nobis
3293 733 3559 808 alioquin
3580 735 3672 791 in-

2001 818 2154 877 fensi
2181 825 2342 894 sunt,
2366 823 2632 881 mitiores
2666 824 3229 896 manSuetioresque
3271 824 3513 882 reddit:
3560 826 3670 883 sed

2004 909 2225 968 collata
2253 913 2315 969 in
2353 913 2630 970 invidum
2659 919 2717 971 et
2747 913 3086 984 malignum
3112 914 3431 983 beneﬁcia,
3463 914 3668 988 ipsum

2002 1000 2265 1074 amplius
2290 1003 2543 1062 irritant.
2568 1007 2635 1060 Et
2654 1009 2886 1079 quanto
2906 1004 3141 1077 majora
3162 1006 3476 1077 acceperit,
3497 1008 3668 1063 tanto

2000 1093 2200 1164 magis
2224 1095 2596 1166 indignatur,
2627 1096 2909 1169 doletque
2935 1099 2993 1153 et
3019 1097 3450 1153 stomachatur.
3483 1096 3667 1168 Magis

2000 1182 2161 1240 enim
2176 1184 2580 1243 aﬂlictaturde
2592 1186 2861 1260 potentia
2875 1186 3327 1257 benefacientis,
3355 1204 3541 1261 quam
3556 1202 3668 1261 pro

2002 1272 2159 1331 datis
2191 1275 2304 1332 sibi
2331 1276 2640 1335 beneﬁciis
2665 1277 2921 1349 gratiam
2945 1277 3147 1334 habet.
3174 1278 3368 1344 Quam
3398 1276 3666 1335 belluam

282 1377 409 1423 non
435 1366 728 1437 superant
758 1376 1000 1423 morum
1030 1365 1356 1423 acerbitate
1378 1366 1407 1424 ?
1437 1367 1601 1433 Quas
1626 1365 1786 1421 feras
1814 1358 2049 1419 feritate
2077 1381 2203 1425 non
2231 1367 2483 1424 vincunt
2509 1369 2538 1425 ?
2576 1372 2769 1426 Canes
2796 1367 3082 1425 alimento
3108 1367 3314 1425 oblato
3344 1384 3668 1426 mansues-

283 1457 446 1517 cunt,
475 1452 686 1511 leones
714 1470 855 1511 cum
887 1459 1199 1523 curantur,
1233 1455 1579 1512 tractabiles
1600 1454 1793 1510 ﬁunt:
1829 1449 1937 1507 sed
1962 1449 2152 1511 invidi
2182 1456 2495 1531 obsequiis
2526 1463 2583 1515 et
2609 1458 2820 1515 officiis
2859 1457 3126 1515 evadunt
3157 1458 3544 1529 agrestiores.

355 1546 411 1602 4.
469 1547 534 1598 Τί
570 1547 659 1598 τὸν
687 1553 919 1617 γενναῖον
967 1545 1163 1619 Ἰωσήφ
1213 1542 1396 1599 δοῦλον
1440 1544 1718 1613 ἐποίησεν;
1770 1542 1893 1613 Οὐχ

285 1633 313 1687 ὃ
364 1634 549 1706 φθόνος
583 1641 685 1687 τῶν
728 1630 1008 1708 ἀδελφῶν;
1079 1633 1239 1688 Ἔνθα
1288 1639 1379 1689 καὶ
1429 1636 1701 1709 θαυμάσαι
1746 1632 1893 1696 ἄξιον

285 1726 379 1782 τὴν
420 1721 633 1797 ἀλογίαν
680 1732 778 1786 τῆς
805 1728 984 1781 νόσου.
1031 1723 1343 1788 Φοϐηθέντες
1383 1728 1485 1801 γάρ
1538 1732 1638 1777 τῶν
1686 1722 1892 1797 ὀνειρά-

284 1831 385 1866 των
436 1817 532 1873 τήν
578 1812 812 1881 ἔκϐασιν,
874 1810 1059 1869 δοῦλον
1116 1813 1322 1868 ἐποίουν
1380 1818 1466 1868 τὸν
1523 1811 1763 1888 ἀδελφὸν,
1822 1814 1893 1876 ὡς

285 1902 379 1956 ούκ
410 1904 472 1955 ἄν
512 1922 637 1958 ποτε
687 1901 877 1958 δούλου
930 1907 1400 1979 προσκυνηθέντος.
1460 1908 1646 1960 Καίτοι
1702 1904 1746 1958 εἱ
1800 1905 1892 1976 μὲν

286 1990 454 2053 ἀληθῆ
507 1996 576 2047 τὰ
628 1992 858 2063 ἐνύπνια,
915 1972 999 2059 τίς
1056 1999 1272 2068 μηχανή
1332 2000 1405 2071 μή
1482 1995 1613 2067 ούχὶ
1684 1972 1889 2057 πάντως
1930 1972 1971 2027 Β

286 2080 501 2142 ἕαϐῆναι
529 2084 596 2137 τὰ
622 2083 983 2160 προρῥθέντα;
1039 2085 1083 2139 εἰ
1130 2082 1190 2139 δὲ
1237 2082 1453 2158 ψευδεῖς
1499 2088 1555 2139 αἱ
1600 2093 1702 2138 τῶν
1752 2084 1888 2139 ὀνει-

280 2174 450 2248 ράτων
506 2171 672 2246 ὄψεις,
726 2172 841 2226 ἀντὶ
892 2179 1035 2238 τίνος
1094 2173 1410 2248 βασκαίνετε
1463 2183 1536 2247 τῷ
1595 2173 1889 2249 σφαλλομέ-

279 2277 385 2335 νῳς
432 2267 565 2317 Νυνὶ
596 2259 656 2317 δὲ
684 2264 785 2317 ὑπὸ
824 2271 921 2329 τῆς
967 2272 1060 2320 τοῦ
1117 2273 1252 2320 Θεοῦ
1309 2266 1607 2339 οἰκονομίας
1655 2268 1889 2341 περιτρέ-

277 2366 431 2407 πεται
467 2352 645 2417 αὐτοῖς
674 2356 733 2407 τὸ
767 2358 943 2428 σοφόν.
1011 2355 1086 2410 Δι’
1151 2355 1221 2408 ὧν
1265 2357 1367 2433 γὰρ
1425 2355 1663 2429 ἐνόμιζον
1720 2354 1886 2429 ἐμπο-

279 2439 453 2504 δίζειν
515 2450 581 2516 τῇ
635 2443 945 2520 πορῤῥήσει,
999 2443 1093 2499 διὰ
1168 2448 1367 2500 τούτων
1435 2444 1694 2519 ἐφάνησαν
1768 2441 1889 2498 ὀδο-

283 2540 550 2596 ποιοῦντες
588 2538 685 2593 τὴν
733 2533 965 2588 ἔκϐασιν.
1016 2533 1080 2589 Εἰ
1124 2538 1226 2610 γὰρ
1275 2541 1348 2609 μὴ
1399 2532 1621 2612 ἐπράθη,
1677 2534 1772 2589 οὐκ
1824 2534 1887 2587 ἂν

276 2619 428 2683 ἦλθεν
481 2624 553 2688 εἰς
605 2627 892 2697 Αἴγυπτον,
952 2624 1047 2679 οὐκ
1103 2625 1164 2679 ἂν
1217 2622 1312 2680 δια
1365 2629 1705 2703 σωφροσύνην
1771 2632 1887 2687 ταῖς

281 2710 582 2776 ἕπιϐουλαῖς
627 2722 724 2779 τῆς
782 2712 1076 2769 ἀκολάστου
1127 2718 1380 2789 γυναικὸς
1424 2719 1744 2791 περιέπεσεν,
1791 2716 1886 2769 ούκ

280 2801 340 2855 ἄν
370 2802 562 2863 ictae»
592 2802 667 2867 εἰς
706 2800 1084 2881 δεσμωτήριον,
1135 2806 1230 2859 ούκ
1281 2804 1343 2858 ἂν
1395 2805 1594 2880 ἐγένετο
1654 2808 1886 2870 συνήθης

280 2900 409 2956 τοῖς
443 2895 727 2968 ὑπηρέταις
780 2901 875 2947 τοῦ
928 2899 1135 2971 Φαραὼ,
1196 2891 1312 2950 οὐδ’
1370 2894 1431 2948 ἂν
1500 2894 1743 2949 συνέϐαλε
1820 2897 1888 2948 τά

285 2983 540 3060 ὀνείρατα,
573 2985 681 3037 ὃθεν
711 2987 807 3043 τὴν
837 2983 1015 3060 ἀρχὴν
1046 2982 1260 3049 ἐδέξατο
1311 2993 1408 3049 τῆς
1458 2986 1745 3059 Αἰγύπτου,
1795 2990 1886 3041 καὶ

288 3068 382 3125 διὰ
410 3077 504 3132 τὴν
535 3070 803 3129 σιτοδείαν
832 3076 935 3128 ὑπὸ
963 3083 1064 3128 τῶν
1113 3072 1346 3150 ἀδελφῶν
1395 3076 1555 3130 αὐτοῦ
1602 3080 1733 3153 πρὸς
1785 3077 1885 3130 αύ-
1937 3143 1945 3151 π

280 3164 371 3216 τόν
424 3160 667 3216 ἐλθόντων
732 3166 1117 3238 προσαυνήθη.
1186 3165 1405 3220 Μετάϐα
1454 3174 1527 3239 τῷ
1586 3166 1725 3239 λόγῳ
1799 3166 1886 3220 ἐπὶ

279 3253 369 3306 τὸν
420 3255 666 3326 μέγιστον
719 3256 924 3327 φθόνον,
983 3260 1073 3308 καὶ
1127 3253 1212 3309 ἐπὶ
1268 3260 1542 3330 μεγίστοις
1593 3258 1882 3325 συστάντα,

278 3338 335 3404 ὃς
385 3341 442 3395 ἐκ
490 3351 588 3407 τῆς
636 3340 908 3399 Ἰουδαίων
955 3349 1143 3417 μανίας
1181 3348 1317 3399 κατά
1363 3354 1458 3400 τοῦ
1514 3355 1749 3422 Σωτῆρος
1782 3346 1888 3420 ἐγέ-

276 3451 406 3488 νετο.
454 3435 551 3488 Διά
595 3437 650 3487 τί
706 3432 1006 3507 ἐφθονεῖτο;
1059 3437 1157 3489 Διὰ
1204 3439 1273 3488 τὰ
1321 3438 1583 3510 θαύματα.
1634 3441 1778 3499 Τίνες
1827 3433 1888 3490 δὲ

275 3520 414 3582 ἦσαν
464 3525 521 3576 αἱ
580 3524 1025 3597 θαυματοποιίαι;
1107 3530 1345 3600 Σωτηρία
1420 3533 1523 3579 τῶν
1582 3523 1836 3600 δεομένων
1867 3546 1882 3561 ·

276 3611 545 3690 ἐτρέφοντο
608 3614 659 3665 οἱ
687 3620 977 3681 πεινῶντες,
1031 3617 1122 3667 καὶ
1176 3616 1203 3668 6
1277 3616 1473 3689 τρέφων
1549 3613 1842 3689 ἐπολεμεῖτο
1868 3635 1884 3650 ο

274 3703 549 3777 ἠγείροντο
609 3703 659 3757 οἱ
703 3707 893 3778 νεκροὶ,
955 3706 1045 3756 καὶ
1104 3705 1131 3756 6
1189 3704 1457 3766 ζωοποιῶν
1506 3703 1883 3758 ἐϐασκαίνετοο

277 3789 524 3866 δαίμονες
582 3789 961 3861 ἀπηλαύνοντο,
1030 3798 1122 3846 καὶ
1193 3795 1218 3847 6
1297 3792 1599 3847 ἐπιτάσσων
1679 3793 1888 3848 ἐπεϐου-

274 3881 446 3937 λεύετο
479 3903 494 3917 ·
542 3881 724 3957 λεπροὶ
787 3881 1181 3958 ἐκαθαρίζοντο,
1236 3887 1327 3937 καὶ
1393 3880 1562 3956 χωλοὶ
1634 3887 1886 3960 περιεπά-

276 3991 422 4041 τουν,
474 3976 640 4044 κωφοὶ
690 3975 900 4038 ἤκουον,
961 3976 1052 4026 καὶ
1112 3972 1295 4047 τυφλοὶ
1352 3972 1642 4043 ἀνέϐλεπον,
1720 3979 1811 4028 καὶ
1859 3966 1887 4018 ὃ

277 4060 550 4139 εὐεργέτης
603 4059 970 4136 ἐφυγαδεύετο.
1051 4067 1152 4117 Καὶ
1225 4066 1285 4117 τὸ
1338 4062 1628 4117 τελευταῖον
1683 4066 1885 4137 θανάτῳ

274 4149 587 4227 παρέδωκαν
626 4155 713 4205 τὸν
762 4157 856 4211 τήν
884 4152 1023 4214 ζωὴν
1075 4156 1456 4229 χαρισάμενον,
1516 4157 1607 4206 καὶ
1661 4153 1884 4228 ἐμαστί-

274 4257 400 4315 γουν
452 4245 541 4296 τὸν
589 4240 931 4318 ἔλευθερωτὴν
978 4250 1078 4296 τῶν
1126 4241 1429 4318 ἀνθρώπων,
1478 4247 1566 4297 καὶ
1594 4241 1883 4298 κατεδίκα-

278 4332 367 4395 ζον
417 4336 506 4386 τὸν
585 4336 768 4407 κριτήν
820 4339 915 4385 τοῦ
968 4336 1190 4406 κόσμου.
1258 4331 1411 4386 Οὕτω
1465 4337 1629 4407 μέχρι
1677 4337 1897 4397 πάντων,

279 4418 515 4485 διεξῆλθε
566 4423 679 4495 (49)
722 4424 789 4475 τά
828 4428 921 4475 τοῦ
970 4424 1156 4496 φθόνου
1213 4423 1371 4477 κακά.
1433 4427 1535 4477 Καὶ
1589 4423 1685 4477 ἐνὶ.
1713 4425 1880 4497 τοῦτῳ

277 4511 419 4585 ὅπλῳ
472 4509 573 4565 ἀπὸ
623 4511 916 4574 καταϐολῆς
969 4510 1249 4588 ἀρξάμενος
1304 4517 1508 4587 κόσμου
1556 4518 1722 4588 μέχρι
1762 4535 1882 4569 συν-

275 4602 470 4666 τελείας
525 4602 707 4665 αἰῶνος
762 4604 961 4664 πάντας
1018 4607 1297 4677 τιτρώσκει
1346 4606 1437 4655 καὶ
1491 4603 1801 4657 καταϐάλλει
1854 4606 1880 4657 6

274 4691 474 4765 λυμεὼν
545 4700 642 4754 τῆς
689 4692 830 4755 ζωῆς
887 4695 1032 4766 ἡμῶν
1092 4688 1355 4759 διάϐολος,
1413 4694 1439 4744 ὁ
1494 4697 1700 4768 χαίρων

276 4783 423 4856 ἡμῶν
582 4780 829 4854 ἀπωλείᾳ,
881 4783 907 4834 ὀ
949 4786 1257 4835 καταπεσὼν
1307 4778 1402 4835 διά
1429 4790 1521 4836 τοῦ
1554 4785 1764 4856 φθόνου,
1790 4788 1881 4837 καὶ

276 4874 420 4946 ἡμᾶς
473 4872 640 4944 ἐαυτῷ
690 4868 784 4925 διὰ
834 4878 927 4925 τοῦ
980 4874 1101 4924 ἴσου
1157 4874 1359 4935 πάθους
1418 4872 1877 4945 συγκαταϐάλλων.

276 4965 435 5035 Σοφός
461 4962 569 5036 ἄρα
594 4957 656 5019 ἧν
704 4962 730 5014 ὁ
778 4968 851 5032 τῷ
892 4959 1142 5034 βασκάνῳ
1193 4959 1348 5035 ἀνδρὶ
1390 4958 1530 5035 μηδὲ
1557 4959 1883 5016 συνδειπνεῖν

277 5049 560 5125 ἔπι-τρέπων
591 5071 604 5084 ·
670 5048 771 5104 ἀπὸ
825 5058 921 5114 τῆς
968 5049 1017 5104 ἓν
1069 5060 1141 5123 τῷ
1201 5048 1392 5125 δείπνῳ
1442 5057 1726 5116 συνουσίας
1760 5059 1879 5126 περὶ

276 5142 454 5203 πάσης
483 5142 613 5214 ὁμοῦ
639 5150 733 5204 τῆς
775 5143 912 5193 κατά
955 5144 1042 5194 τὸν
1091 5140 1209 5215 βίον
1257 5146 1526 5205 κοινωνίας
1568 5140 1878 5217 διαλεγόμε-

275 5249 379 5293 νος.
433 5228 634 5305 Ὠσπερ
690 5233 791 5306 γὰρ
845 5235 940 5291 τὴν
992 5231 1423 5305 εύκατάπρηστον
1470 5232 1595 5292 ὕλην
1649 5231 1880 5306 ἐπιμελὲς

278 5322 402 5394 ἡμῖν
450 5322 533 5375 ὅτι
581 5320 902 5398 πορῥωτάτω
951 5329 1045 5377 τοῦ
1099 5326 1266 5399 πυρὸς
1322 5321 1685 5393 ἀποτίθεσθαι,
1744 5325 1879 5377 οὕτω

1913 4466 1963 4525 D

349 5484 397 5520 ⁵⁸
427 5485 571 5542 Gen.
603 5499 826 5555 mvu,
861 5488 951 5543 28.

348 5611 461 5679 (49)
491 5612 658 5668 Colb.
696 5610 929 5684 primus
959 5611 1164 5684 πάντων
1195 5608 1230 5664 δ
1236 5610 1423 5671 ιῆλθεν.

350 5686 456 5756 (50)
491 5683 635 5742 Colb
655 5682 891 5758 primus
913 5685 939 5736 ὁ
961 5682 1274 5761 ἐπικαίρων.
1298 5686 1415 5741 Nec
1436 5683 1520 5741 ita
1540 5683 1730 5743 multo
1751 5688 1891 5761 post

1031 5485 1082 5521 δ’
1112 5487 1283 5542 Prov.
1316 5500 1479 5557 χχιιι,
1511 5490 1568 5545 6.

2070 1547 2127 1603 4.
2160 1547 2314 1613 Quid
2341 1562 2706 1618 generosum
2747 1548 2917 1605 illum
2949 1548 3175 1623 Joseph
3199 1548 3428 1620 redegit
3454 1549 3517 1605 in
3547 1564 3667 1605 ser-

1998 1635 2357 1695 vitutem"?
2387 1640 2595 1694 Nonne
2616 1637 2846 1695 invidia
2873 1639 3133 1695 fratrum
3157 1638 3186 1696 ?
3235 1637 3348 1695 Ubi
3372 1642 3429 1695 et
3454 1638 3667 1695 mirari

1999 1741 2199 1799 operae
2229 1728 2491 1800 pretium
2539 1732 2628 1786 est
2669 1728 2866 1786 morbi
2914 1729 3249 1786 stultitiam.
3301 1732 3451 1786 Nam
3494 1727 3665 1785 veriti

1999 1817 2377 1874 somniorum
2390 1819 2614 1876 exitum
2624 1866 2637 1889 ,
2648 1819 2894 1876 fratrem
2908 1823 2970 1876 in
2984 1820 3338 1876 servitutem
3353 1818 3659 1893 addixere,

1998 1906 2175 1979 quasi
2198 1923 2412 1988 servus
2444 1908 2524 1965 ab
2567 1909 2652 1965 eis
2674 1924 2994 1983 nunquam
3028 1908 3241 1967 fuisset
3287 1908 3663 1969 adorandus.

1999 1997 2115 2055 Sed
2145 1997 2194 2055 si
2223 2015 2369 2057 vera
2394 2005 2536 2056 sunt
2566 2000 2825 2067 somnia,
2860 2016 2984 2075 qua
3015 2005 3141 2058 arte
3180 2000 3310 2057 ﬁeri
3338 2001 3551 2074 possit,
3599 2003 3668 2058 ut

1996 2102 2121 2145 non
2148 2090 2397 2148 omnino
2424 2090 2707 2148 eveniant
2730 2091 3140 2165 praenuntiat?
3170 2091 3268 2151 Sin
3290 2094 3492 2149 autem
3515 2090 3667 2148 falsa

1997 2179 2377 2236 somniorum
2392 2181 2948 2253 visa,curinvidetis
2969 2181 3317 2239 aberranti?
3337 2182 3506 2238 Nunc
3519 2196 3662 2240 vero

1998 2269 2187 2326 solers
2206 2268 2448 2328 illorum
2470 2271 2796 2328 consilium
2820 2272 2922 2328 Dei
2943 2271 3324 2346 providentia
3344 2271 3405 2327 in
3426 2287 3539 2328 con
3549 2275 3665 2329 tra-

1994 2358 2154 2417 rium
2182 2359 2329 2432 ipsis
2358 2361 2622 2417 vertitur.
2658 2361 2886 2427 Quibus
2917 2362 3076 2418 enim
3107 2361 3407 2434 putabant
3430 2375 3493 2417 se
3520 2361 3664 2418 vati-

1997 2449 2222 2506 cinium
2240 2450 2661 2524 impedituros,
2695 2450 2913 2508 iisdem
2934 2451 3095 2509 viam
3119 2452 3355 2509 eventui
3381 2451 3664 2509 stravisse

1995 2540 2287 2614 comperti
2317 2546 2475 2597 sunt.
2500 2541 2733 2597 Etenim
2752 2541 2802 2597 si
2825 2542 3106 2598 venditus
3131 2557 3255 2598 non
3280 2542 3512 2611 fuisset,
3534 2557 3662 2599 non

1993 2629 2261 2687 venisset
2284 2630 2346 2686 in
2369 2634 2847 2705 Egyptum,non
2870 2631 2950 2688 ob
2971 2630 3664 2704 pudicitiamininsidias

1992 2719 2321 2793 impudicas
2351 2720 2619 2777 mulieris
2636 2720 2960 2789 incidisset,
2975 2736 3099 2778 non
3113 2721 3423 2794 conjectus
3448 2721 3669 2779 fuisset
3723 2736 3730 2743 ‘

1992 2809 2056 2866 in
2079 2825 2536 2879 carcerem,non
2558 2810 2873 2881 familiaris
2898 2810 3187 2869 evasisset
3206 2811 3494 2868 ministris
3518 2811 3665 2868 Pha-

1993 2898 2222 2964 raonis,
2252 2914 2450 2971 neque
2483 2899 2863 2955 somniorum
2894 2899 3108 2956 fuisset
3141 2901 3466 2974 conjector,
3498 2900 3663 2957 unde

1993 2986 2403 3060 principatum
2423 2987 2664 3061 [Egypti
2690 2987 2967 3056 obtinuit,
2993 2992 3049 3045 et
3071 3003 3107 3044 a
3124 2988 3248 3044 suis
3269 2987 3557 3045 fratribus
3583 2988 3663 3046 ob

1992 3077 2279 3134 frumenti
2316 3076 2590 3150 inOpiam
2629 3076 2709 3134 ad
2740 3093 2802 3133 se
2833 3077 3338 3135 convenientibus
3368 3078 3665 3135 adoratus

1994 3171 2103 3224 est.
2130 3167 2339 3224 Transi
2368 3167 2577 3224 animo
2609 3167 2689 3224 ad
2722 3168 3016 3224 invidiam
3063 3167 3228 3225 illam
3303 3169 3660 3238 maximam,

1994 3257 2400 3332 maximisque
2429 3257 2492 3314 in
2507 3258 2690 3315 rebus
2716 3258 2915 3329 sitam,
2938 3274 3074 3332 quae
3096 3274 3170 3315 ex
3196 3258 3545 3316 Iudaeorum
3564 3258 3661 3316 in-

1997 3348 2172 3405 sania
2194 3352 2407 3405 contra
2429 3350 2806 3405 Servatorem
2829 3349 3216 3406 emersit.Cur
3235 3348 3663 3406 invidebatur?

1996 3436 2085 3495 Ob
2114 3436 2432 3496 miracula.
2464 3439 2606 3504 Quae
2636 3454 2780 3494 vero
2812 3443 2983 3495 erant
3013 3455 3085 3496 ea
3114 3438 3407 3497 miracula
3427 3441 3456 3498 ’ἲ
3490 3439 3661 3497 Salus

1993 3526 2338 3597 egentium:
2370 3524 2792 3584 nutriebantur
2820 3528 3173 3598 esurientes,
3201 3528 3321 3603 94
3353 3533 3409 3586 et
3428 3528 3534 3602 qui
3553 3544 3661 3585 nu-

1995 3614 2234 3685 triebat,
2266 3615 2784 3689 oppugnabatur:
2830 3617 3281 3674 suseitabantur
3323 3618 3566 3689 mortui,
3605 3622 3663 3676 et

1992 3703 2328 3763 invidiosus
2360 3710 2490 3762 erat
2515 3705 2620 3779 qui
2651 3721 2757 3762 eos
2774 3710 3089 3763 revocarat
3119 3706 3200 3763 ad
3227 3705 3450 3763 vitam:
3488 3706 3662 3778 fuga-

1992 3792 2218 3850 bantur
2239 3793 2570 3864 daemones,
2602 3800 2659 3852 et
2685 3796 2789 3869 qui
2815 3795 2898 3851 eis
2919 3795 3278 3868 imperabat,
3303 3795 3537 3853 insidiis
3558 3813 3660 3870 pe-

1993 3883 2260 3953 tebatur;
2280 3884 2502 3958 leprosi
2515 3885 3487 3956 mundabantur,obambulabant
3499 3886 3659 3944 clau-

1993 3971 2074 4044 di,
2119 3974 2288 4030 surdi
2327 3974 2679 4043 audiebant,
2712 3974 3006 4032 videbant
3036 3976 3198 4045 caeci,
3231 3981 3289 4034 et
3331 3976 3660 4049 fugabatur

1992 4063 2098 4136 qui
2126 4063 2255 4121 haec
2283 4063 2581 4121 beneficia
2611 4065 2981 4123 conferebat.
3021 4070 3101 4123 Ac
3131 4073 3445 4140 postremo
3477 4067 3659 4126 morti

1990 4153 2124 4209 vitae
2143 4154 2490 4225 largitorem
2521 4154 2922 4222 tradiderunt,
2957 4156 3160 4228 ﬂagris
3187 4157 3505 4215 caedebant
3540 4159 3656 4216 ho-

1988 4244 3149 4319 minumliberatorem,condemnabant
3161 4247 3374 4304 mundi
3385 4248 3405 4320 j
3417 4248 3657 4306 udicem

1992 4334 2086 4391 Sic
2112 4334 2351 4391 invidiae
2382 4334 2545 4392 mala
2581 4336 2876 4408 pertigere
2901 4337 2982 4393 ad
3009 4335 3238 4394 omnia.
3293 4342 3486 4412 Atque
3518 4339 3658 4395 unis

1988 4424 2082 4481 his
2100 4424 2308 4491 armis,
2343 4440 2379 4481 a
2402 4425 2582 4496 jactis
2606 4426 2819 4482 mundi
2841 4425 3254 4483 fundamentis
3275 4443 3656 4497 exorsus,us-

1991 4529 2108 4586 que
2138 4513 2217 4570 ad
2248 4514 2452 4570 saeculi
2481 4515 3075 4572 consummationem
3097 4530 3311 4572 omnes
3340 4517 3577 4574 sauciat
3599 4522 3657 4575 et

1989 4603 2192 4675 dejicit
2228 4605 2498 4676 perditor
2533 4604 2671 4661 vitae
2700 4610 2919 4661 nostrae
2945 4603 3244 4672 diabolus,
3280 4605 3383 4678 qui
3410 4606 3655 4663 interitu

1987 4700 2194 4750 nostro
2220 4693 2463 4765 gaudet,
2493 4694 2598 4767 qui
2621 4709 2728 4767 per
2756 4692 3047 4749 invidiam
3074 4692 3304 4766 lapsus,
3328 4708 3442 4750 nos
3470 4695 3652 4752 etiam

1988 4782 2168 4840 simul
2196 4800 2306 4857 per
2330 4782 2493 4840 idem
2530 4784 2742 4841 vitium
2772 4785 3006 4841 sternit.
3027 4781 3285 4856 Sapiens
3316 4798 3461 4855 ergo
3502 4788 3650 4854 erat,

1988 4874 2095 4947 qui
2124 4890 2265 4930 cum
2290 4874 2498 4931 invido
2529 4875 2657 4931 viro
2687 4890 2761 4930 ne
2785 4889 3025 4932 caenare
3052 4873 3300 4947 quidem
3323 4873 3559 4931 sinebat
3578 4875 3650 4944 59,

1987 4963 2068 5020 ita
2096 4979 2206 5037 per
2229 4980 2413 5021 coenae
2444 4965 2820 5023 consortium
2851 4965 2926 5022 de
2953 4964 3123 5021 omni
3161 4963 3343 5020 simul
3372 4964 3506 5021 vitm
3547 4980 3651 5021 so-

1989 5054 2200 5111 cietate
2222 5055 2895 5122 submonens.Quemad
2908 5056 3160 5112 modum
3183 5055 3341 5111 enim
3364 5071 3525 5113 curae
3546 5071 3654 5113 nov

1985 5144 2083 5203 bis
2108 5149 2195 5202 est
2219 5146 2535 5203 materiam
2561 5162 2697 5219 quae
2729 5145 2902 5203 facile
2931 5147 3135 5217 ignem
3158 5144 3437 5219 concipit,
3461 5162 3651 5219 quam

1985 5235 2337 5307 longissime
2357 5236 2436 5294 ab
2460 5236 2601 5306 igne
2633 5236 3033 5292 submovere:
3059 5235 3145 5292 sic
3167 5251 3365 5309 operae
3390 5235 3650 5309 pretium

1987 5330 2095 5397 est,
2125 5326 2334 5401 quoad
2363 5325 2493 5399 ejus
2522 5325 2650 5382 ﬁeri
2671 5325 3190 5400 potest,amicitias
3212 5341 3287 5382 ex
3305 5326 3649 5384 invidorum

1999 5613 2188 5687 codex
2212 5611 2480 5687 Combef.
2517 5611 2953 5687 συγκαταϐάλλοι.
2987 5612 3095 5670 Alii
3121 5616 3243 5670 tres
3269 5627 3419 5670 mss.
3455 5629 3653 5687 συγκα-

1997 5684 2284 5743 ταϐάλλων.
2320 5685 2469 5743 Editl
2499 5684 2923 5760 συγκαταϐαλων.
