4098 6382
409 318 514 372 379

1771 307 1829 363 S.
1871 301 2122 360 BASILII
2158 303 2401 363 MAGNI.

3678 315 3789 371 380

409 437 849 496 consuetudine
876 435 1311 507 subducere,ut
1333 438 1500 492 extra
1521 432 1760 491 invidiae
1791 430 1911 487 tela
1933 444 2076 485 con-

2192 434 2318 503 χρὴ,
2367 431 2484 484 καθ’
2518 433 2636 485 ὅσον
2677 432 2781 485 οἷ’όν
2811 450 2882 503 τε,
2941 439 3034 494 τῆς
3091 439 3189 485 τῶν
3248 433 3527 506 βασκάνων
3580 437 3790 511 ὁμιλίας

410 529 966 598 stituamur.Neque
987 525 1149 581 enim
1171 525 1299 580 ﬁeri
1323 529 1540 597 potest,
1565 527 1629 578 ut
1661 521 1830 577 aliter
1848 518 2077 575 invidia

409 617 767 684 irretiamur,
792 615 906 672 nisi
931 631 1036 687 per
1058 614 1527 671 familiaritatem
1551 608 2076 668 consuetudinem-

411 723 529 782 que
551 706 630 762 ad
653 722 787 762 eam
809 704 1264 760 accesserimus.
1285 702 1714 773 Etenim,juxta
1739 697 2077 756 Salomonis

413 795 793 857 sententiam,
814 795 950 850 Viro
969 794 1277 851 wnzulatio
1296 809 1331 850 a
1349 793 1546 848 sodali
1563 791 1751 861 ipsius
1764 791 1832 844 ⁵ο.
1850 791 1914 844 Et
1935 802 2076 843 vero

417 886 502 942 sic
542 902 604 941 se
633 901 728 941 res
759 884 963 940 habet.
996 883 1269 956 Egyptio
1295 883 1516 955 Scytha
1540 897 1663 936 non
1694 878 1942 940 invidet,
1969 875 2077 932 sed

415 975 840 1048 unusquisque
874 972 1121 1030 habenti
1151 972 1463 1028 nationem
1494 969 1812 1036 eamdem;
1844 973 1902 1024 et
1925 968 2078 1022 inter

415 1065 680 1123 nationis
709 1064 984 1137 ejusdem
1025 1062 1275 1135 incolas,
1307 1063 1530 1132 ignotis
1583 1076 1708 1117 non
1753 1057 2073 1124 invidetur,

397 1157 526 1214 sed
556 1154 1039 1212 familiarissimis
1065 1171 1078 1210 :
1130 1158 1186 1210 et
1206 1154 1362 1209 inter
1391 1152 1736 1222 familiares,
1759 1149 1992 1216 vicinis,
2020 1152 2078 1204 et

415 1246 696 1304 eamdem
753 1249 942 1300 artem
984 1243 1418 1311 exercentibus,
1445 1247 1546 1298 aut
1579 1241 1697 1297 alia
1725 1238 1940 1313 quavis
1971 1253 2076 1293 ne-

417 1335 780 1394 cessitudine
803 1334 1160 1405 conjunctis,
1184 1334 1306 1389 imo
1327 1334 1479 1389 inter
1505 1332 1617 1388 hos
1642 1345 1904 1397 rursum,
1929 1343 2078 1383 com-

416 1425 630 1495 taneis,
663 1423 1271 1496 consanguineisque,
1301 1421 1690 1479 etfratribus.
1743 1423 1808 1476 Et
1828 1420 1889 1474 in
1910 1434 2078 1473 sum-

417 1531 538 1581 ma,
567 1518 631 1568 ut
655 1513 872 1584 rubigo
893 1513 1022 1569 lues
1046 1518 1134 1570 est
1167 1512 1454 1568 frumenti
1484 1511 1764 1584 prOpria;
1812 1509 1898 1564 sic
1926 1508 2076 1564 invi-

415 1603 519 1660 dia
545 1604 821 1660 amicitiae
845 1603 1117 1660 morbus.
1142 1603 1295 1659 Illud
1320 1609 1523 1659 tamen
1554 1602 1616 1658 in
1633 1602 1748 1658 hoc
1770 1600 1932 1656 malo
1951 1599 2078 1656 lau-

416 1692 562 1750 dare
582 1694 718 1766 quis
739 1693 973 1766 poterit,
995 1693 1160 1766 quod
1177 1699 1407 1766 quanto
1427 1691 1849 1748 vehementius
1872 1690 2077 1759 cietur,

417 1786 584 1840 tanto
605 1783 838 1840 homini
867 1783 971 1856 qui
1000 1799 1071 1840 eo
1092 1783 1351 1852 laborat,
1375 1783 1619 1852 gravius
1642 1787 1747 1838 est.
1774 1779 2078 1846 Quemad-

419 1873 676 1930 modum
697 1872 858 1928 enim
875 1872 1080 1943 jacula
1103 1872 1330 1943 ingenti
1349 1873 1408 1928 vi
1430 1872 1670 1938 emissa,
1700 1870 1804 1926 ubi
1825 1871 1885 1926 in
1907 1867 2080 1942 quid-

420 1962 588 2035 piam
615 1961 839 2018 durum
863 1977 934 2017 ac
963 1962 1228 2018 renitens
1255 1961 1594 2029 inciderint,
1617 1963 1996 2016 revertuntur
2017 1958 2081 2013 in

419 2051 822 2124 jaculatorem
857 2070 870 2121 ;
911 2051 994 2107 ita
1025 2069 1270 2126 quoque
1302 2051 1538 2108 invidiae
1569 2055 1771 2108 motus
1800 2049 1950 2106 nihil
1977 2049 2080 2105 lae-

423 2141 632 2199 dentes
663 2158 803 2198 eum
829 2143 924 2200 cui
963 2143 1283 2210 invidetur,
1317 2141 1513 2215 plagae
1543 2141 1697 2197 ﬁunt
1723 2139 2070 2196 invidentis.

423 2231 565 2299 Quis
585 2231 943 2305 enim,quod
965 2249 1030 2289 se
1054 2231 1388 2302 angoribus
1409 2231 1613 2302 dedat,
1635 2230 1800 2286 bona
1820 2226 2083 2302 proximi

420 2337 693 2394 unquam
714 2321 1066 2380 imminuit?
1109 2321 1224 2378 Sed
1253 2336 1511 2377 maerore
1537 2319 1992 2385 contabescens,
2018 2333 2083 2374 se

419 2409 550 2484 ipse
580 2410 857 2466 confecit.
887 2413 1022 2467 Jam
1053 2426 1198 2467 vero
1228 2409 1332 2483 qui
1362 2409 1610 2466 invidiae
1661 2407 1879 2464 morbo
1920 2405 2083 2463 labo-

420 2503 577 2566 rant,
617 2499 764 2572 ipsis
817 2500 1000 2557 etiam
1053 2499 1365 2556 venenatis
1409 2497 1615 2554 bestiis
1667 2497 2085 2554 existimantur

425 2588 801 2645 exitiosiores
845 2604 1012 2645 esse:
1074 2590 1375 2662 siquidem
1414 2588 1531 2644 illas
1578 2587 1826 2643 vulnere
1857 2586 2084 2644 inﬂicto

422 2676 1019 2748 immittuntvirus,et
1036 2694 1384 2736 commorsa
1407 2693 1546 2750 pars
1567 2677 1860 2750 paulatim
1882 2680 2084 2748 putre-

423 2766 564 2824 dine
583 2767 871 2824 exeditur.
893 2768 1135 2825 lnvidos
1158 2784 1297 2825 vero
1331 2771 1543 2841 putant
1560 2767 1813 2839 quidam
1830 2765 1924 2822 vel
1944 2765 2084 2822 solis

427 2856 618 2914 oculis
638 2855 842 2913 labem
863 2857 1104 2926 inferre,
1138 2857 1290 2914 adeo
1322 2861 1385 2913 ut
1410 2871 1666 2928 corpora
1710 2855 1874 2911 bona
1905 2853 2084 2911 habi-

426 2946 636 3005 tudine
661 2948 933 3020 praedita,
977 2952 1034 3004 et
1061 2963 1136 3004 ex
1165 2946 1359 3003 aetatis
1392 2945 1595 3018 vigore
1620 2945 1886 3002 maxime
1917 2943 2082 3001 cillo-

427 3037 747 3107 rescentia,
779 3053 886 3109 per
923 3053 1136 3094 eorum
1166 3035 1463 3092 invidiam
1494 3035 1832 3103 tabescant,
1879 3035 2086 3092 conci.-

2185 524 2279 582 τάς
2304 521 2475 594 φιλίας
2515 521 2751 594 ἀπάγειν,
2786 521 2880 585 ἔξω
2929 530 3026 576 τῶν
3077 531 3168 575 τοῦ
3220 527 3405 597 φθόνου
3457 525 3620 599 βελῶν
3675 528 3789 580 ἐαυ-

2185 615 2306 674 τοὺς
2330 621 2625 675 ποιοῦντας.
2653 608 2791 664 Οὑδὲ
2833 613 2934 685 γὰρ
2986 611 3148 674 άλλως
3195 609 3229 665 δ
3232 619 3416 667 υνατὸν
3467 616 3785 689 συμπλακῆ-

2183 723 2269 754 ναι
2320 712 2391 775 τῷ
2438 706 2624 776 φθόνῳ,
2679 706 2749 775 μὴ
2808 699 2880 755 δι’
2936 702 3250 766 οἰκειότητος
3309 705 3450 776 αὑτῷ
3506 711 3786 781 προσεγγί-

2189 813 2370 849 σαντα.
2428 793 2660 867 Ἐπείπερ
2710 796 2846 845 κατὰ
2903 796 2990 846 τόν
3066 795 3389 868 Σολομῶντος
3457 796 3628 868 λόγον,
3702 805 3786 868 Τῷ

2187 880 2342 958 ἀνδρὶ
2397 885 2422 936 ὁ
2485 883 2640 946 ζῆλος
2690 885 2832 957 παρὰ
2898 892 2989 936 τοῦ
3048 885 3252 959 ἑταίρου
3297 886 3478 941 αὑτοῦ.
3538 892 3637 940 Καὶ
3685 890 3784 962 γὰρ

2186 974 2347 1036 οὑτως
2379 976 2509 1044 ἔχει.
2543 973 2655 1044 (51)
2683 973 2826 1044 Οὐχὶ
2847 981 2918 1044 τῷ
2950 973 3222 1047 Αἰγυπτίῳ
3251 974 3530 1047 βασκαίνει
3577 977 3602 1028 ό
3651 979 3788 1028 Σκύ-

2188 1065 2300 1130 θης,
2345 1061 2471 1114 ἀλλὰ
2510 1071 2582 1134 τῷ
2629 1064 2863 1135 ὀμοεθνεῖ
2907 1063 3126 1127 ἕκαστος
3159 1085 3172 1098 ο
3223 1069 3314 1118 καὶ
3364 1064 3412 1117 ἐν
3456 1073 3528 1137 τῷ
3559 1067 3790 1138 ὁμοεθνεῖ

2185 1157 2359 1226 μέντοι
2402 1151 2460 1205 ού
2503 1159 2614 1215 τοῖς
2663 1151 3026 1224 ἀγνοουμένοις
3074 1155 3263 1226 φθονεῖ,
3325 1153 3452 1208 ἀλλά
3504 1163 3608 1216 τοῖς
3659 1175 3786 1208 συν-

2187 1244 2495 1304 ηθεστάτοις
2525 1263 2536 1275 ο
2588 1247 2677 1294 καὶ
2719 1250 2820 1292 τῶν
2863 1245 3099 1300 συνήθων
3127 1252 3235 1305 τοῖς
3263 1249 3464 1316 γείτοσι
3492 1249 3582 1297 καὶ
3613 1247 3790 1318 ὁμοτέ-

2186 1352 2358 1405 χνοις,
2390 1335 2479 1383 καὶ
2504 1338 2613 1394 τοῖς
2643 1330 2806 1394 ἄλλως
2839 1332 3054 1394 οἰκείοις
3083 1333 3193 1403 (52)
3223 1353 3237 1366 ·
3287 1332 3382 1385 κάν
3430 1335 3635 1395 τούτοις
3680 1335 3787 1387 πά-

2185 1421 2283 1490 λιν,
2334 1421 2637 1484 ἡλικιώταις
2703 1427 2793 1473 καὶ
2862 1425 3136 1494 συγγενέσι
3199 1426 3290 1474 καὶ
3362 1419 3619 1496 ἀδελφοῖς.
3690 1427 3790 1477 Καὶ

2189 1511 2315 1574 ὅλως
2368 1514 2540 1585 ὥσπερ
2591 1513 2620 1570 ἡ
2664 1510 2884 1586 ἐρυσίϐη
2927 1508 3064 1564 ἴδιόν
3095 1510 3205 1564 ἐστι
3233 1520 3325 1565 τοῦ
3353 1517 3502 1566 σίτου
3558 1517 3785 1587 νόσημα,

2189 1601 2353 1664 οὑτως
2418 1603 2443 1653 ό
2503 1603 2686 1673 φθόνος
2734 1599 2904 1673 φιλίας
2958 1599 3098 1653 ἐστὶν
3132 1600 3475 1676 ἀρρώστημα.
3520 1602 3710 1656 Ἐκεῖνό
3731 1622 3790 1675 γε

2190 1696 2292 1764 μὴν
2344 1690 2438 1743 κᾶν
2498 1689 2778 1744 ἐπαινέσειὲ
2834 1710 2914 1752 τις
2959 1698 3051 1743 τοῦ
3099 1699 3282 1757 κακοῦ,
3330 1693 3411 1744 ὅτι
3466 1693 3667 1766 ὅσῳπερ
3728 1690 3790 1744 ἆν

2121 1768 2162 1824 Β
2193 1777 2543 1856 σφοδρότερος
2599 1783 2808 1853 κινηθῇ,
2868 1784 3102 1853 τοσούτῳ
3146 1781 3508 1856 χαλεπώτερος
3555 1781 3669 1834 ἐστι
3713 1788 3786 1852 τῷ

2189 1876 2505 1944 κεκτημένῳ.
2537 1871 2738 1944 Ὠσπερ
2779 1873 2881 1944 γὰρ
2925 1879 3026 1923 τῶν
3086 1870 3246 1944 βελῶν
3289 1875 3355 1924 τὰ
3399 1870 3588 1944 βιαίως
3635 1875 3788 1945 φερό-

2190 1982 2337 2036 μενα,
2370 1958 2578 2015 ἐπειδὰν
2609 1970 2840 2035 καρτερῶ
2888 1981 2991 2014 τινι
3041 1967 3128 2015 καὶ
3177 1961 3440 2035 ἀντιτύπῳ
3487 1966 3786 2036 προσπέσῃ,

2191 2051 2277 2105 ἐπὶ
2326 2054 2412 2103 τόν
2465 2055 2739 2124 προέμενον
2785 2053 2891 2122 (53)
2973 2049 3314 2125 ἐπανέρχεται
3347 2071 3360 2086 ο
3411 2052 3548 2105 ὀῦτω
3590 2055 3678 2104 καὶ
3726 2052 3793 2104 τὰ

2189 2148 2282 2194 τοῦ
2315 2142 2500 2213 φθόνου
2531 2146 2814 2213 κινήματα,
2848 2137 2998 2194 οὐδὲν
3054 2139 3318 2195 λυποῦντα
3357 2145 3445 2194 τόν
3497 2140 3790 2214 βασκαινό-

2191 2251 2358 2306 μενον,
2418 2231 2578 2284 αὑτοῦ
2625 2229 2824 2303 πληγαὶ
2870 2234 3103 2302 γίνονται
3172 2239 3264 2284 τοῦ
3337 2229 3630 2304 βασκάνου.
3699 2235 3792 2294 Τίς

2190 2322 2291 2394 γὰρ
2341 2320 2658 2394 λυπούμενος
2727 2320 2998 2379 ὴλάττωσὲ
3061 2339 3186 2374 ποτε
3267 2324 3334 2375 τὰ
3405 2329 3498 2374 τοῦ
3569 2320 3793 2379 πλησίον

2191 2410 2325 2463 καλά
2349 2427 2363 2478 ;
2403 2411 2615 2464 Ἑαυτὸν
2653 2415 2828 2484 μέντοι
2874 2411 3249 2485 προσανάλωσε
3295 2418 3413 2475 ταῖς
3457 2410 3646 2474 λύπαις
3693 2430 3794 2464 κα-

2193 2505 2560 2574 τατηκόμενος.
2628 2497 2772 2560 ’Ἤδη
2832 2497 2892 2554 δὲ
2943 2506 3034 2554 καὶ
3071 2509 3172 2553 τῶν
3214 2500 3423 2555 ἰοϐόλων
3469 2500 3638 2553 αὑτῶν
3680 2499 3795 2553 ὀλε-

2197 2594 2466 2666 θριώτεροι
2513 2587 2643 2643 εἶναι
2700 2593 2749 2644 οἱ
2800 2597 3071 2654 νοσοῦντες
3127 2595 3215 2650 τὴν
3275 2590 3572 2665 βασκανίαν
3619 2591 3796 2644 ὑπονε-

2192 2686 2441 2740 νόηνται·
2510 2684 2648 2756 ε’ίπερ
2704 2682 2771 2732 τὰ
2819 2684 2910 2754 μὲν
2969 2677 3064 2734 διὰ
3109 2681 3317 2753 πληγῆς
3361 2680 3531 2739 ἐνίησι
3569 2682 3656 2732 τὸν
3698 2679 3792 2748 ἰὸν,

2193 2775 2284 2823 καὶ
2350 2773 2486 2824 κατὰ
2536 2773 2724 2846 μικρὸν
2784 2767 3047 2828 σηπεδόσι
3095 2774 3152 2824 τό
3207 2767 3412 2843 δηχθὲν
3465 2769 3793 2844 ἐπινέμεται·

2193 2865 2314 2924 τοὺς
2372 2857 2432 2914 δὲ
2454 2860 2757 2935 [φθονερούς
2812 2880 2944 2925 τινες
3010 2864 3204 2914 οἴονται
3255 2853 3359 2914 καί
3399 2857 3472 2915 δι’
3522 2859 3794 2934 ὀφθαλμῶν

2193 2955 2360 3025 μόνων
2407 2954 2502 3010 τὴν
2570 2949 2772 3024 βλάϐην
2825 2949 3112 3004 ἐπιϐάλλειν
3141 2952 3291 3022 (54)⁶
3374 2952 3510 3003 ὥστε
3591 2952 3657 3002 τὰ
3717 2949 3798 3002 εύο

2196 3043 2374 3094 εκτικα
2432 3044 2671 3112 σώματα,
2727 3043 2817 3092 καὶ
2865 3038 2918 3092 ἐκ
2961 3049 3057 3103 τῆς
3094 3043 3231 3094 κατὰ
3266 3044 3361 3099 τὴν
3391 3039 3597 3098 ἠλικίαν
3625 3038 3797 3112 ἀκμῆς

425 3126 649 3200 datque
676 3127 992 3183 confestim
1018 3126 1210 3183 moles
1241 3126 1462 3192 omnis,
1515 3125 1766 3181 exitioso
1810 3123 2084 3197 quodam

2198 3129 2268 3192 εἰς
2317 3133 2411 3188 τὴν
2465 3131 2629 3203 ἄκραν
2673 3130 2808 3203 ὤραν
2855 3131 3308 3204 ύπερανθήσαντα,
3361 3131 3617 3188 τήκεσθαι
3671 3130 3797 3204 παρ’

425 3216 602 3289 quasi
622 3215 848 3273 ﬂuento
880 3233 953 3272 ex
971 3216 1322 3272 invidorum
1345 3215 1536 3272 oculis
1564 3213 1894 3282 ditﬂuente,
1921 3219 1976 3270 et
2001 3219 2086 3271 ta-

423 3303 755 3361 befaciente
776 3311 956 3378 atque
973 3309 1421 3377 corrumpente.
1447 3307 1568 3375 Ego
1594 3308 1799 3360 tamen
1825 3304 1983 3359 hanc
2003 3303 2088 3359 fa-

424 3392 638 3450 bulam
662 3394 868 3466 rejicio
895 3399 962 3451 ut
989 3393 1368 3468 popularem,
1402 3399 1587 3467 utque
1607 3393 1686 3450 ab
1717 3393 1970 3449 aniculis
1999 3392 2088 3449 in-

427 3482 772 3542 troductam
798 3484 860 3540 in
899 3485 1225 3541 mulierum
1265 3489 1526 3540 coetum:
1580 3484 1689 3540 sed
1731 3483 1880 3540 illud
1927 3483 2088 3554 dico,

427 3573 737 3631 daemones
758 3575 902 3632 boni
930 3576 1048 3648 95
1071 3575 1338 3647 cujusvis
1360 3590 1588 3643 osores,
1618 3574 1724 3630 ubi
1748 3574 2088 3631 voluntates

429 3664 537 3721 sibi
566 3664 891 3722 familiares
916 3682 985 3723 ac
1015 3665 1456 3722 necessitudine
1479 3665 1612 3736 conj
1625 3668 1836 3721 unctas
1857 3678 2092 3736 repere-

426 3753 564 3823 rint,
588 3755 787 3811 modis
808 3756 1095 3812 omnibus
1115 3756 1200 3812 uti
1220 3755 1306 3811 eis
1329 3755 1408 3811 ad
1431 3771 1611 3810 suum
1633 3753 1968 3820 arbitrium,
2004 3751 2092 3808 sic

427 3847 495 3900 ut
521 3844 687 3917 ipsos
713 3845 894 3901 etiam
935 3845 1288 3902 invidorum
1335 3843 1546 3901 oculos
1591 3844 1923 3901 adhibeant
1966 3858 2092 3898 suae

428 3933 757 3991 voluntatis
782 3935 1109 3992 ministros.
1162 3935 1326 3991 Itane
1369 3950 1514 3992 vero
1561 3950 1686 3991 non
1729 3935 1940 3990 horres
1989 3932 2093 3989 tei-

427 4039 611 4096 psum
643 4027 874 4084 exitiosi
903 4027 1200 4083 daemonis
1232 4026 1657 4083 administrum
1712 4025 2091 4092 constituere,

431 4116 538 4172 sed
567 4116 780 4174 vitium
835 4116 1126 4186 admittis,
1171 4133 1294 4190 quo
1348 4133 1558 4173 eorum
1603 4115 1709 4189 qui
1765 4118 1819 4171 te
1871 4114 2096 4185 injuria

430 4205 598 4263 nulla
619 4206 892 4276 affecere,
917 4207 1153 4264 futurus
1177 4207 1258 4262 sis
1282 4206 1582 4277 inimicus,
1606 4206 1730 4262 imo
1756 4203 1945 4262 hostis
1969 4204 2093 4284 Dei,

430 4297 536 4370 qui
556 4296 756 4353 bonus
789 4301 898 4367 est,
921 4301 979 4354 et
1006 4297 1205 4354 omnis
1235 4296 1477 4353 invidiae
1499 4311 1715 4370 expers
1742 4297 1771 4354 ‘I

506 4471 558 4531 5.
591 4474 917 4546 Fugiamus
946 4476 1157 4534 vitium
1196 4474 1600 4533 intolerabile.
1650 4475 1954 4546 Serpentis
2006 4476 2097 4530 est
2129 4479 2174 4534 D

435 4564 892 4632 documentum,
925 4568 1277 4625 daemonum
1304 4567 1638 4629 inventum,
1662 4565 1814 4622 satio
1843 4563 2093 4636 inimici,

437 4655 701 4712 arrhabo
723 4658 1022 4730 supplicii,
1054 4657 1292 4731 pietatis
1322 4656 1849 4728 impedimentum,
1880 4655 1977 4710 via
2015 4654 2090 4712 ad

437 4745 800 4817 gehennam,
827 4747 1081 4821 privatio
1104 4747 1298 4818 regni.
1329 4749 1621 4803 Caeterum
1643 4744 1828 4800 invidi
1849 4746 1943 4801 vel
1962 4745 2098 4817 ipsa

436 4835 591 4894 facie
615 4839 935 4896 manifesto
966 4841 1403 4909 agnoscuntur.
1460 4838 1558 4893 His
1586 4837 1743 4893 oculi
1775 4841 1915 4892 sunt
1943 4835 2097 4893 aridi

437 4930 496 4985 et
515 4926 778 4998 obscuri,
803 4944 960 5002 gena
979 4928 1267 4998 demissa,
1283 4927 1675 5002 supercilium
1695 4929 2092 4996 contractum,

509 5072 558 5108 6°
588 5071 777 5130 Eccle.
812 5089 891 5144 iv,
922 5077 978 5131 4.

510 5218 625 5288 (51)
649 5219 818 5286 Quod
844 5220 925 5278 ait
946 5219 1218 5288 Basilius,
1234 5221 1477 5287 vicinos,
1502 5218 1736 5287 vicinis,
1756 5218 2096 5289 familiares

435 5290 852 5364 familiaribus
873 5294 1303 5364 invidere,ejus
1325 5309 1445 5348 non
1469 5291 1784 5364 dissimilia
1805 5293 1969 5363 apud
1992 5295 2096 5349 He-

441 5363 680 5422 siodum
701 5366 762 5420 in
797 5366 1031 5436 Operib.
1060 5363 1314 5420 inveniri
1346 5363 1575 5436 notavit
1606 5366 1880 5418 Ducaaus.

514 5437 628 5508 (52)
662 5441 800 5506 Heg.
826 5435 1058 5507 primus
1087 5443 1177 5508 καὶ
1209 5445 1312 5497 τοῖς
1335 5435 1504 5495 ἄλλοις
1525 5435 1749 5508 οἰκείοις.

673 5505 845 5566 ldém_
865 5509 1060 5564 codex
1082 5507 1164 5562 ἐπὶ
1192 5513 1276 5561 τὸν
1297 5513 1615 5582 προϊέμενον.
1650 5507 1759 5562 Alli
1781 5505 1902 5563 duo
1932 5522 2058 5563 mss
2075 5549 2088 5564 .

443 5583 498 5637 et
529 5577 621 5655 edi
631 5582 668 5637 ti
693 5587 988 5655 προέμενον.

514 5654 626 5723 (54)
654 5650 896 5730 Αιὶῐίίίυὶ
917 5651 1041 5708 duo
1079 5651 1214 5708 libri
1241 5651 1443 5728 βλάϐῆν
1471 5650 1756 5727 ἐμϐάλλειν.

2196 3217 2363 3271 αὑτῶν
2415 3218 2956 3292 καταϐασκαινόμενα,
3005 3224 3097 3271 καὶ
3139 3219 3250 3272 ὅλον
3304 3217 3500 3294 ἁθρόως
3547 3237 3798 3271 συναναι-

2195 3310 2404 3383 ρεῐσθαι
2452 3311 2568 3378 (55)
2627 3312 2714 3361 τόν
2788 3311 2964 3380 ὄγκον,
3023 3310 3128 3361 οἷον
3177 3309 3436 3383 ῥεύματός
3490 3325 3628 3370 τινος
3683 3306 3800 3360 ὁλε-

2200 3399 2346 3470 θρίου
2401 3397 2456 3450 ἐκ
2502 3406 2603 3450 τῶν
2654 3399 2906 3470 φθονερῶν
2957 3397 3233 3471 ὀφθαλμῶν
3276 3397 3635 3473 ἀπορρέοντος,
3711 3400 3802 3450 καὶ

2196 3485 2572 3562 λυμαινομένου
2625 3491 2716 3540 καὶ
2791 3483 3205 3563 διαφθείροντος.
3280 3487 3412 3558 Ἐγὼ
3489 3483 3548 3540 δὲ
3622 3504 3804 3542 τουτον

2199 3582 2288 3652 μεν
2314 3580 2400 3631 τὸν
2429 3577 2580 3650 λόγον
2612 3575 3008 3650 ἀποπέμπομαι,
3058 3581 3122 3638 ὡς
3169 3573 3400 3650 δημώδη
3447 3580 3537 3629 καὶ
3583 3583 3645 3650 τῇ
3701 3597 3804 3648 γυ-

2199 3663 2528 3720 ναικωνίτιδι
2556 3668 2990 3740 παρεισαχθέντα
3028 3668 3128 3719 ὑπὸ
3175 3663 3434 3740 γραῖδίων
3459 3687 3472 3700 ·
3538 3665 3695 3719 ἐκεῖνο
3745 3661 3807 3720 δέ

3335 3751 3546 3809 ἐπειδὰν
3611 3755 3807 3818 οἰκείας

2203 3846 2406 3908 ἑαυτοῖς
2463 3846 2655 3920 εὕρωσι
2706 3847 3056 3920 προαιρέσεις,
3111 3849 3368 3908 παντοίως
3426 3845 3612 3908 αὑταῖς
3675 3848 3805 3919 πρὸς

2203 3939 2262 3988 τό
2311 3933 2450 3989 ’ίδιον
2507 3933 2902 4010 ἁποκέχρηνται
2964 3933 3208 4008 βούλημα
3240 3956 3254 3968 ·

2203 3776 2355 3831 φημι,
2423 3758 2504 3809 ὅτι
2560 3758 2609 3809 οἱ
2656 3755 2936 3830 μισόκαλοι
2991 3752 3255 3828 δαίμονες,

3335 3955 3470 3988 ωστε
3539 3955 3630 3988 και
3696 3954 3806 3998 τοις

2207 4024 2488 4098 ὀφθαλμοῖς
2538 4034 2638 4078 τῶν
2690 4023 2968 4098 βασκάνων
2999 4024 3068 4086 εἰς
3100 4025 3389 4098 ὑπηρεσίαν
3418 4025 3662 4098 χρῆσθαι
3691 4023 3806 4094 (56)

2203 4122 2296 4168 τοῦ
2375 4111 2516 4168 ἰδίου
2590 4115 2895 4188 θελήματος.
2956 4111 3084 4167 Εἶτα
3136 4115 3196 4167 ού
3251 4119 3490 4187 φρίσσεις
3544 4115 3806 4187 ὑπηρέτην

2209 4207 2423 4257 σεαυτὸν
2465 4213 2630 4258 πονῶν
2663 4201 2912 4276 δαίμονος
2958 4202 3214 4279 ὀλεθρίου,
3258 4202 3367 4256 ἀλλ’
3412 4199 3654 4275 ὑποδέχῃ
3701 4222 3801 4255 κα-

2205 4298 2315 4362 κόν,
2377 4291 2450 4348 δι’
2505 4295 2563 4347 οὗ
2621 4293 2814 4369 ἐχθρός
2870 4297 2960 4366 μεν
2997 4298 3190 4366 γενάση
3223 4301 3323 4346 τῶν
3353 4289 3520 4366 μηδὲν
3550 4289 3802 4345 ἀδικούν-

2204 4404 2326 4450 των,
2359 4383 2549 4458 ἐχθρὸς
2578 4381 2637 4436 δὲ
2667 4392 2800 4437 Θεοῦ
2830 4391 2921 4436 τοῦ
2955 4381 3155 4455 ἀγαθοῦ
3183 4387 3273 4435 καὶ
3303 4381 3564 4455 ἀφθόνους

2275 4479 2328 4529 5.
2370 4476 2612 4547 Φύγωμεν
2641 4477 2801 4526 κακὸν
2827 4472 3103 4548 ἀφόρητον.
3145 4471 3347 4546 Ὀφεὼς
3377 4472 3491 4526 ἔστι
3540 4468 3800 4546 δίδαγμα,

2207 4561 2465 4644 δαιμόνων
2532 4565 2756 4639 εὕρημα,
2826 4562 3023 4637 ἐχθροῦ
3086 4562 3368 4638 ἐπισπορὰ,
3425 4561 3662 4639 ἀρραϐὼν
3720 4582 3804 4616 κο-

2202 4655 2412 4726 λάσεως,
2472 4651 2721 4727 ἐμπόδιον
2771 4652 3050 4722 εὐσεϐείας,
3107 4650 3230 4715 ὁδὸς
3283 4652 3370 4704 ἐπὶ
3409 4656 3634 4724 γέενναν,
3691 4655 3805 4706 στέ-

2203 4764 2359 4819 ρησις
2411 4743 2700 4818 βασιλείας.
2750 4743 2904 4801 Δῆλοι
2953 4739 3012 4796 δέ
3054 4763 3165 4806 πως
3215 4747 3305 4796 καὶ
3356 4741 3496 4814 αύτῷ
3540 4749 3612 4813 τῷ
3643 4762 3804 4816 προσ-

2205 4840 2326 4906 ώπῳ
2351 4836 2460 4905 (57)
2492 4836 2850 4906 τυγχάνουσιν
2897 4834 2945 4884 οἱ
3000 4834 3318 4904 φθονοῦντες.
3375 4831 3562 4905 ’Ὀμμα
3605 4835 3805 4892 τούτοις

2205 4924 2360 5001 ξηρὸν
2385 4929 2475 4978 καὶ
2524 4922 2774 4998 ἀλαμπὲς,
2825 4924 3017 4997 παρειὰ
3062 4927 3318 4996 κατηφὴς,
3383 4921 3543 4998 ὀφρύς
3597 4940 3802 4995 συμπε-

2273 5221 2384 5293 (55)
2415 5225 2476 5278 In
2504 5219 2746 5276 duobus
2776 5235 2923 5293 mss.
2959 5217 3250 5291 scriptum
3279 5217 3621 5293 invenimus
3652 5215 3803 5293 ἁθρό-

2205 5290 2702 5366 ωςλσύναιρεῐσθαι.
2738 5291 3056 5366 aliquanto
3082 5290 3232 5363 post
3260 5293 3400 5361 Reg.
3435 5290 3670 5364 primus
3697 5290 3801 5348 δῆ-

2204 5363 2357 5439 μώδη
2391 5361 2488 5416 καῖ
2501 5361 2802 5439 γυναικώδη
2815 5403 2826 5415 .

2275 5440 2390 5504 (36)
2423 5435 2587 5492 Colb.
2622 5435 2828 5491 tertius
2859 5435 3195 5507 χρήσασθαι.

2275 5509 2391 5580 (57)
2421 5507 2569 5580 Editi
2595 5514 2649 5580 et
2675 5510 2811 5580 Reg.
2836 5505 3042 5561 tertius
3080 5506 3220 5580 αὑτῷ
3240 5512 3336 5580 ’τῷ
3383 5505 3805 5580 προσώπῳη-Αῒ

2205 5576 2350 5636 mss.
2376 5576 2802 5636 Combeﬁsiani
2825 5593 2946 5649 uno
2973 5577 3159 5633 verbo
3191 5576 3632 5649 αύτοπροσὼπως.
3683 5577 3805 5632 Nec

2205 5652 2289 5712 ita
2310 5651 2502 5708 multo
2530 5655 2668 5727 post
2696 5653 2836 5722 Reg.
2861 5647 3094 5724 primus
3125 5653 3335 5728 παρειαί
3361 5647 3632 5724 κατηφεῖς.
