4098 6382
245 319 347 376 εει

1557 313 1846 372 HOMILIA
1885 311 1976 381 DE
2015 311 2300 370 lNVlDlA.

3510 318 3616 375 382

243 449 504 513 πτωκυῖα,
570 444 600 503 ἡ
647 441 801 516 ψυχὴ
852 449 925 514 τῷ
977 443 1132 497 πάθει
1190 443 1580 514 συγκεχυμένη,
1636 441 1694 491 τὸ
1748 446 1844 502 τῆς

1955 435 2193 493 animus
2224 437 2569 494 turbulento
2600 437 2817 496 affectu
2855 439 3265 511 perturbatus,
3299 455 3512 497 carens
3542 441 3608 499 in

246 534 486 596 ἀληθείας
533 539 802 607 κριτήριον
847 531 930 586 ἰπὶ
979 541 1078 585 τῶν
1121 533 1438 608 πραγμάτων
1479 530 1572 582 οὐκ
1616 531 1840 602 ἔχουσα.

245 625 322 678 Οὐ
389 622 578 697 πρᾶξις
625 621 738 676 κατ’
785 621 971 695 ἀρετὴν
1029 621 1263 680 ἐπαινετή
1319 620 1442 694 παρ’
1499 618 1723 686 ἐκείνοις,
1784 619 1842 670 οὐ

243 712 396 786 λόγου
447 710 670 786 ὃύμανις
717 717 993 786 σεμνότητι
1039 715 1399 786 κεκοσμημένη
1459 714 1546 762 καὶ
1597 711 1842 782 χάρισιν,

244 803 340 858 οὐκ
391 803 514 857 ἄλλο
569 823 622 857 τι
681 811 780 857 τῶν
835 801 1076 864 ζηλωτῶν
1128 806 1219 854 καὶ
1271 799 1619 875 περιϐλέπτῶν
1669 796 1842 858 οὐδέν.

242 892 446 969 ⁴Ωσπερ
480 889 539 947 δὲ
586 895 636 947 οἱ
675 899 833 965 γῦπες
862 895 993 967 πρὸς
1030 894 1096 945 τὰ
1135 888 1358 950 δυσώδη
1406 894 1661 965 φέρονταί,
1711 889 1840 944 πολ-

244 982 367 1046 λοὺς
426 986 515 1056 μὲν
580 982 844 1056 λειμῶνας,
902 982 1123 1047 πολλοὺς
1179 979 1238 1036 δὲ
1290 979 1434 1042 ἡδεῖς
1489 984 1575 1034 καὶ
1631 976 1842 1043 εὐώδεις

247 1078 442 1137 τόπους
495 1074 912 1146 ὑπεριπτάμενοι·
954 1076 1044 1126 καὶ
1084 1075 1140 1126 αἰ
1186 1080 1340 1146 μυῖαι
1382 1074 1440 1124 1'6
1479 1075 1569 1144 μὲν
1610 1072 1842 1142 ὑγιαῖνον

246 1161 665 1238 παρατρέχουσι,
713 1165 843 1237 πρὸς
898 1158 957 1216 δὲ
1020 1165 1078 1215 τὸ
1132 1163 1272 1224 ἕλκος
1318 1161 1625 1234 ἐπείγονται·
1679 1163 1844 1226 οὕτως

247 1255 298 1306 οἱ
345 1252 604 1326 βάσκανοι
648 1255 738 1314 τάς
781 1257 870 1327 μὲν
913 1261 1005 1308 τοῦ
1047 1252 1170 1327 βίου
1213 1253 1586 1328 λαμπρότητας
1641 1258 1730 1308 καὶ
1776 1256 1844 1308 τά

242 1346 435 1417 μεγέθη
488 1352 589 1396 τῶν
633 1347 1058 1418 κατορθουμένων
1098 1341 1222 1398 οὐδὲ
1268 1344 1678 1420 προσϐλέπουσι,
1733 1353 1844 1407 τοῖς

244 1430 306 1487 δὲ
346 1436 561 1508 σαθροῖς
592 1433 925 1489 ἐπιτίθενταια
971 1437 1067 1489 κᾶν
1112 1455 1165 1489 τι
1220 1444 1585 1510 προσπταῖσαι
1639 1436 1838 1510 συμϐῇ,

241 1522 330 1579 οἶα
372 1523 536 1578 πολλὰ
585 1529 646 1584 τὴ
709 1523 1023 1599 ἀνθρώπινα,
1074 1533 1228 1580 τοῦτο
1287 1523 1690 1598 ὃημοσιεύουσι,
1749 1529 1840 1579 καὶ

240 1612 343 1669 ἀπὸ
430 1616 626 1669 τούτων
710 1619 828 1676 τοὺς
907 1612 1104 1690 ἄνδρας
1186 1617 1455 1690 γνωρίζειν
1540 1615 1836 1689 βούλονται’

240 1705 414 1779 ὥσπερ
446 1706 495 1758 οἱ
527 1704 640 1775 (58)
682 1709 900 1779 πονηροὶ
927 1715 1027 1758 τῶν
1060 1707 1346 1780 ζωγράφων
1394 1705 1494 1760 ἀπὸ
1535 1713 1632 1770 τῆς
1671 1703 1842 1759 ἓνδια-

242 1798 469 1868 στρὸφου
518 1795 679 1871 ῥινὸς,
735 1795 764 1856 ἦ
827 1794 928 1848 ἀπό
975 1815 1112 1858 τινος
1169 1796 1322 1858 οὐλῆς
1371 1796 1400 1856 ἣ
1451 1795 1834 1870 κολοϐώματος,
1865 1801 1912 1858 Β

239 1882 296 1938 ἐκ
350 1887 552 1958 φύσεως
599 1886 628 1946 ᾖ
690 1883 744 1939 ἐκ
783 1887 985 1949 πάθους
1039 1885 1444 1959 ἑπισυμϐάντος,
1496 1890 1590 1950 τὰς
1637 1889 1840 1963 μορφὰς

238 1981 341 2026 τῶν
390 1977 723 2050 γραφομένων
781 1973 1246 2050 ἀποσημαίνοντες.
1298 1969 1460 2030 Δεινοὶ
1506 1973 1564 2030 δὲ
1605 1985 1722 2041 ταῖς
1769 1977 1842 2042 εἰς

238 2066 298 2117 τὸ
344 2072 526 2140 χεῖρον
563 2073 927 2140 παρατροπαῖς
978 2069 1036 2120 τὸ
1083 2065 1344 2120 ἐπαινετὸν
1395 2064 1707 2135 διαπτύσαι,
1747 2063 1840 2122 καὶ

239 2153 296 2210 ἐκ
332 2163 429 2218 τῆς
457 2159 686 2228 γείτονος
722 2161 912 2219 κακίας
961 2160 1055 2216 τὴν
1088 2155 1273 2230 ἀρετὴν
1301 2154 1589 2213 διαϐαλεῖν.
1625 2162 1839 2232 Θρασὺν

240 2249 329 2318 μέν
368 2247 470 2320 γὰρ
518 2245 732 2318 λέγουσι
775 2249 862 2300 τὸν
913 2243 1167 2321 ἀνδρεῖον,
1202 2246 1488 2320 ἀνάλγητον
1526 2244 1584 2302 δὲ
1613 2251 1699 2302 τὸν
1742 2253 1842 2302 σὼ-

242 2355 421 2410 φρονα·
472 2339 560 2390 τόν
604 2333 809 2390 δίκαιον
847 2335 1043 2398 ἀπηνῆ·
1101 2346 1392 2413 κακοῦργον
1438 2340 1524 2391 τόν
1573 2342 1844 2415 φρόνιμον,

244 2430 344 2481 Καὶ
388 2428 476 2480 τὸν
519 2427 884 2502 μεγαλοπρεπῆ
945 2431 1036 2501 μὲν
1093 2431 1163 2492 ὡς
1216 2427 1482 2502 βάναυσον
1539 2430 1660 2501 (59)
1725 2427 1842 2484 δια-

243 2514 513 2584 ϐάλλουσι,
570 2519 655 2569 τὸν
713 2516 993 2570 ἐλευθέυιον
1043 2514 1102 2571 δὲ
1149 2520 1214 2579 ὡς
1265 2519 1486 2572 ἄσωτον·
1543 2519 1696 2573 πάλιν
1753 2522 1841 2574 τόν

241 2606 568 2679 οἰκονομικὸν
617 2603 883 2680 φειδωλόν.
930 2613 1030 2662 Καὶ
1086 2608 1233 2676 ὅλως,
1289 2608 1458 2662 πάντα
1487 2610 1553 2663 τά
1593 2618 1688 2673 τῆς
1727 2608 1843 2684 ἀρε-

243 2704 338 2761 τῆς
380 2693 498 2756 εἴδη
540 2696 634 2750 οὐκ
682 2695 864 2773 ἀπορεῖ
910 2696 1033 2773 παρ’
1090 2699 1269 2762 αὐτοῖς
1323 2698 1574 2772 ὀνόματος
1637 2699 1692 2752 ἐκ
1744 2708 1840 2764 τῆς

245 2785 598 2861 ἀντικειμένης
640 2792 830 2851 κακίας
880 2791 1292 2862 μετενεχθέντος.
1350 2793 1415 2843 Τί
1461 2790 1548 2843 οὖν
1597 2788 1609 2844 l
1671 2789 1720 2843 ἐν
1770 2799 1833 2864 τῇ

241 2877 535 2948 κατηγορίᾳ
597 2874 711 2945 (60)
775 2881 866 2927 τοῦ
913 2881 1078 2926 κακοῦ
1132 2878 1223 2928 τὸν
1287 2873 1436 2946 λόγον
1511 2880 1770 2948 στήσομεν
1819 2893 1836 2946 ς

245 2961 404 3018 Ἀλλά
448 2965 598 3017 τούτο
642 2965 816 3038 ὥσπερ
869 2966 1036 3037 ἥμισύ
1067 2968 1119 3017 τί
1162 2965 1274 3037 (61)
1306 2963 1420 3017 ἔστι
1457 2972 1551 3027 τῆς
1589 2965 1836 3041 ἰατρείας.

243 3055 316 3106 Τό
356 3054 448 3126 μὲν
492 3054 592 3127 γὰρ
643 3050 813 3117 δεῖξαι
858 3061 930 3124 τῷ
961 3055 1209 3127 κάμνοντι
1251 3063 1346 3118 τῆς
1391 3059 1548 3108 νόσου
1597 3058 1655 3108 τὸ
1685 3059 1841 3129 μέγε-

248 3143 355 3208 θος,
411 3143 544 3195 ὥστε
601 3141 748 3206 ἀξιαν
815 3142 1103 3218 ἐμποιῆσαι
1169 3143 1311 3216 αὐτῷ
1359 3152 1452 3197 τοῦ
1519 3152 1682 3198 κακοῦ
1747 3150 1912 3222 τὴνο

243 3228 515 3308 φροντίδά,
563 3233 656 3285 οὐκ
685 3235 982 3309 ἄχρηστονο
1024 3237 1082 3287 τὸ
1136 3231 1195 3288 δὲ
1224 3235 1360 3311 ἄχρι
1406 3237 1591 3288 τούτου
1621 3235 1842 3288 καταλι-

238 3327 371 3390 πεῖν,
431 3326 502 3395 μη
548 3325 678 3398 πρὸς
723 3327 818 3383 τὴν
881 3325 1080 3395 ὑγίειαν
1143 3332 1639 3400 χειραγωγήσαντα,
1690 3325 1842 3383 οὐδὲν

241 3408 409 3483 ἕτερον
468 3406 609 3460 ἐστιν
662 3409 690 3467 ἣ
753 3404 967 3461 ἔκδοτον
1025 3407 1226 3482 ἀφεῖναι
1281 3419 1344 3483 τῇ
1425 3411 1695 3487 ἀρῥωστία
1753 3417 1840 3466 τὸν

1665 3499 1841 3577 ἀρχῆς

241 3591 337 3647 τὴν
384 3590 556 3654 νόσον,
608 3587 638 3647 ἣ
699 3589 1023 3660 ὑπαχθέντες
1087 3587 1453 3663 ἐκφύγοιμεν;
1518 3593 1578 3645 Εἰ
1638 3600 1840 3667 πρῶτον

242 3680 334 3751 μὲν
391 3673 557 3751 μηδὲν
617 3679 774 3751 μέγα,
837 3674 978 3751 μηδὲ
1042 3679 1290 3754 ὑπερφυὲς
1349 3699 1451 3732 των
1510 3679 1841 3756 ἀνθρωπίνων

242 3770 502 3842 κρίνοιμεν
561 3770 694 3836 (62)·
754 3771 826 3840 μὴ
887 3767 1131 3841 εὐπορίαν
1181 3771 1276 3827 τὴν
1321 3767 1368 3820 ἐν
1413 3767 1722 3845 ἀνθρώποις·
1765 3774 1836 3843 μὴ

245 3853 404 3921 δόξαν
447 3861 541 3916 τὴν
593 3856 928 3910 ἀπανθοῦσαν
975 3858 1106 3929 (63)·
1170 3862 1242 3932 μὴ
1311 3863 1553 3932 σώματος
1620 3860 1838 3923 εὐεξίαν.

244 3946 320 4000 Οὐ
365 3948 466 4022 γὰρ
521 3945 568 3999 ἐν
615 3953 725 4008 τοῖς
783 3951 1199 4023 παρερχομένοις
1261 3949 1548 4023 ὁριζόμεθα
1603 3945 1731 4002 εἶναι
1782 3953 1842 4003 1'6

243 4036 457 4109 ἀγαθόν,
510 4035 616 4089 ἀλλ’
657 4035 740 4089 ἐπὶ
785 4037 1002 4090 αἰωνίων
1042 4035 1251 4111 ἀγαθῶν
1297 4043 1388 4090 καὶ
1433 4037 1686 4097 ἀληθινῶν
1724 4058 1843 4112 μετ-

241 4131 427 4179 ουσίαν
471 4125 782 4199 κεκλήμεθα.
831 4133 992 4179 Ὥστε
1048 4129 1074 4178 6
1139 4127 1373 4180 πλουτῶν
1413 4132 1557 4181 οὔπω
1612 4128 1842 4193 ζηλωτός

239 3500 522 3571 κάμνοντα.
563 3501 628 3551 Τί
676 3493 809 3564 οὖν;
860 3506 966 3558 πῶς
1007 3498 1067 3551 ἂν
1116 3503 1186 3572 μὴ
1238 3501 1490 3573 πάθοιμεν
1551 3501 1604 3564 ἐξ

241 4216 355 4270 ἐστι
381 4214 475 4270 διὰ
502 4219 589 4269 τὸν
617 4217 858 4270 πλοῦτονο
907 4217 1012 4290 οὐχ
1057 4218 1082 4270 6
1123 4215 1391 4281 δυνάστης
1433 4216 1526 4272 διὰ
1557 4223 1644 4272 τὸν
1689 4224 1842 4292 ὄγκον

239 4313 332 4360 τοῦ
392 4305 702 4380 ἀξιώματος,
751 4307 857 4380 οὐχ
907 4307 933 4359 ὁ
983 4308 1210 4382 ἰσχυρὸς
1255 4305 1349 4362 διὰ
1386 4313 1480 4368 τὴν
1521 4311 1702 4385 ῥώμην
1750 4318 1842 4364 τοῦ

243 4404 506 4472 σώματος,
557 4398 663 4471 οὐχ
702 4400 727 4450 ὁ
788 4401 946 4471 σοφὸς
985 4395 1079 4451 διὰ
1125 4403 1219 4457 τὴν
1276 4407 1368 4452 τοῦ
1420 4400 1574 4472 λόγου
1640 4422 1845 4476 περιου-

242 4491 378 4543 σίαν.
409 4487 647 4562 ’Ὁργανα
692 4489 793 4561 γὰρ
845 4487 957 4540 ἐστι
1004 4495 1173 4540 ταῦτα
1217 4498 1313 4550 τῆς
1361 4487 1544 4564 ἀρετῆς
1596 4499 1706 4554 τοῖς
1753 4511 1844 4543 κα·
1875 4523 1920 4577 D

237 4577 340 4640 λῶς
380 4581 742 4654 κεχρημένοις,
795 4577 889 4630 οὐκ
920 4577 1053 4630 αὐτά
1100 4577 1148 4631 ἐν
1188 4577 1386 4640 ἑαυτοῖς
1417 4578 1610 4651 ἔχοντα
1647 4582 1704 4633 1'6
1747 4601 1845 4654 μα-

239 4671 440 4744 κάριον.
483 4668 541 4722 ’0
597 4672 688 4741 μὲν
729 4676 817 4721 οῦν
857 4677 1030 4734 κακῶς
1075 4668 1256 4732 αὐτοῖς
1293 4674 1638 4746 κεχρημένος,
1687 4670 1844 4724 ἐλεει-

237 4761 342 4825 νὸς,
387 4761 456 4821 ὡς
493 4758 519 4810 6
571 4766 643 4828 τῷ
689 4758 841 4832 ξίφει,
893 4758 919 4811 ὃ
951 4757 1098 4812 ἔλαϐε
1143 4762 1274 4834 πρὸς
1309 4764 1401 4818 τὴν
1449 4767 1549 4812 τῶν
1589 4759 1844 4833 πολεμίων

239 4850 463 4922 ἄμυναν,
521 4851 690 4922 τούτῳ
738 4849 989 4914 ἑκουσίως
1041 4850 1220 4903 ἑαυτὸν
1268 4857 1741 4928 κατατιτρώσκων·
1802 4853 1847 4906 εἰ

316 5028 433 5113 (ξϐ)
465 5030 608 5111 Reg.
635 5027 872 5113 primus
917 5030 1090 5113 ὥσπερ
1121 5031 1222 5106 γὰρ
1240 5033 1340 5113 ³οἱ.
1372 5030 1697 5113 Aliquanto
1723 5035 1862 5104 post

243 5099 411 5190 COlb.
443 5099 678 5172 primus
729 5099 1204 5174 ἀποσημαίνονταιξ
1240 5104 1384 5174 Reg.
1414 5099 1648 5176 primus
1675 5099 1858 5162 ἐτιῖιση-

287 5191 530 5233 αινοντες.

343 5193 366 5222 ν
432 5193 460 5226 τ
517 5214 530 5228 .

243 5192 428 5326 μαίὸξῖ
448 5192 666 5326 {imam
685 5241 1035 5326 βάναυσοςειι
1041 5245 1152 5326 iter
1174 5245 1261 5326 ab
1274 5246 1406 5303 aliis
1429 5247 1858 5326 interpretibus

241 5315 414 5370 reddi
442 5321 613 5372 notat
643 5315 730 5371 vir
755 5315 1199 5374 eruditissimus
1225 5319 1502 5388 Ducaeus,
1545 5315 1628 5374 sic
1659 5324 1720 5374 ut
1759 5318 1858 5374 alii

243 5388 706 5470 eam_accipiant
727 5403 836 5460 pro
860 5389 1059 5470 {nepte
1079 5393 1421 5470 magniﬁco,
1438 5391 1536 5470 alii
1559 5407 1670 5464 pro
1689 5406 1858 5448 arro-

242 5460 438 5528 ganti,
473 5460 570 5515 alii
603 5475 713 5530 pro
739 5461 1011 5530 profuso,
1050 5461 1149 5516 alii
1177 5460 1296 5517 alio
1328 5462 1536 5519 modo.

277 5599 288 5610 .
314 5532 442 5610 (.60).
466 5532 605 5610 Ejus
634 5531 750 5610 loc_i
775 5532 905 5588 haec
932 5537 1021 5588 est
1043 5535 1351 5610 sententia.
1381 5535 1530 5591 Satis
1557 5549 1679 5590 non
1702 5550 1854 5606 esse,

243 5603 290 5656 si
326 5603 577 5677 invidiae
594 5603 844 5677 morbus
871 5605 1370 5677 reprehendatur.

323 5676 440 5745 (61)
473 5674 628 5734 Editi
660 5677 826 5752 ἣμισυ
849 5674 959 5738 τῆςῖ
992 5680 1064 5735 At
1091 5693 1236 5736 mss.
1271 5679 1357 5736 uti
1387 5677 1449 5736 in
1477 5680 1780 5738 contextu.

1950 527 2131 583 rebus
2159 527 2422 584 veritatis
2440 527 2688 599 judicio.
2713 532 2915 602 Neque
2944 543 3082 584 vero
3111 528 3415 585 laudabile
3437 531 3612 590 fuerit

1951 617 2118 690 apud
2137 617 2268 673 illos
2293 617 2483 674 ullum
2505 618 2734 674 virtutis
2754 635 2929 691 opus,
2949 633 3144 690 neque
3165 618 3403 674 dicendi
3425 621 3608 678 facul-

1949 714 2041 766 tas
2056 709 2188 766 licet
2204 708 2493 779 gravitate
2511 725 2580 766 ac
2597 710 2788 781 gratia
2805 713 3035 776 ornata,
3051 724 3247 783 neque
3269 709 3606 783 quidquam

1950 798 2112 856 aliud
2141 799 2304 855 exiis
2327 815 2463 872 quze
2483 799 2751 873 optanda
2781 803 2920 855 sunt
2941 803 2996 855 et
3017 798 3368 871 spectanda.
3393 801 3610 865 Quem-

1951 889 2287 947 admodum
2317 893 2519 946 autem
2551 889 2818 946 vultures
2840 893 3014 962 prata
3052 889 3262 957 multa,
3296 888 3608 963 multaque

1946 980 2082 1038 loca
2103 996 2346 1038 ammna
2367 985 2421 1037 et
2437 981 2692 1038 odorata
2711 980 3219 1053 praetervolantes,
3236 979 3507 1037 feruntur
3529 981 3610 1037 ad

1948 1071 2352 1144 graveolentia
2378 1091 2391 1140 ;
2423 1075 2482 1128 et
2513 1069 3038 1143 quemadmodum
3066 1087 3290 1126 muscae
3315 1070 3484 1144 quod
3509 1086 3607 1128 sa-

1947 1181 2096 1221 num
2126 1169 2216 1220 est
2232 1167 2678 1237 praetereuntes,
2702 1162 2779 1219 ad
2801 1161 3006 1218 ulcera
3027 1166 3386 1235 properant:
3413 1162 3495 1219 ita
3515 1163 3608 1218 in-

1947 1254 2067 1311 vidi
2087 1254 2221 1310 vitae
2243 1253 2647 1327 splendorem,
2672 1256 2726 1308 et
2746 1257 2901 1309 recte
2924 1252 3221 1308 factorum
3243 1252 3608 1322 magnitudi-

1947 1361 2088 1402 nem
2103 1360 2179 1401 ne
2196 1343 2497 1416 aspiciunt
2511 1342 2778 1415 quidem,
2796 1341 2902 1399 sed
2921 1343 2983 1398 in
3001 1342 3272 1399 marcida
3291 1347 3348 1398 et
3367 1342 3609 1416 putrida

1947 1436 2211 1502 irruunt;
2236 1438 2293 1491 et
2312 1433 2361 1489 si
2379 1433 2441 1489 in
2463 1432 2666 1506 aliquo
2688 1436 2948 1490 erratum
2981 1432 3054 1488 sit
3075 1432 3194 1503 (cuj
3207 1431 3444 1487 usmodi
3467 1435 3610 1488 sunt

1947 1513 2042 1582 res
2071 1524 2389 1581 hominum
2427 1539 2552 1579 non
2583 1523 2836 1596 paucae),
2869 1522 3136 1595 idipsum
3169 1521 3508 1592 divulgant,
3553 1525 3610 1578 et

1949 1631 2022 1672 ex
2051 1615 2145 1671 his
2169 1615 2333 1670 viros
2356 1612 2485 1669 ﬁeri
2504 1617 2682 1668 notos
2711 1611 2923 1668 volunt
2951 1629 2964 1680 ;
2997 1627 3121 1668 non
3155 1627 3328 1667 secus
3359 1627 3430 1667 ac
3464 1610 3611 1667 mali

1948 1705 2226 1779 pictores,
2271 1702 2377 1776 qui
2424 1718 2497 1758 ex
2541 1701 2793 1759 distorto
2825 1717 2998 1768 naso,
3042 1705 3146 1758 aut
3173 1701 3252 1757 ab
3284 1700 3491 1773 aliquo
3519 1704 3609 1756 tu-

1947 1795 2108 1866 bere,
2138 1796 2243 1851 aut
2270 1792 2646 1849 mutilatione
2675 1795 2894 1848 natura
2923 1807 3030 1847 seu
3059 1807 3204 1846 casu
3234 1790 3393 1847 facta
3421 1790 3612 1862 pictu-

1946 1901 2153 1943 rarum
2178 1900 2426 1942 suarum
2446 1883 2674 1940 formas
2693 1880 3024 1951 insigniunt
3044 1880 3481 1952 efﬁnguntque.
3496 1878 3610 1935 Ad-

1945 1977 2075 2034 haac
2101 1975 2277 2050 .periti
2307 1981 2446 2030 sunt
2464 1989 2592 2030 rem
2617 1971 2984 2029 laudabilem
3015 1971 3077 2028 in
3108 1971 3283 2044 pejus
3309 1969 3608 2027 detortam

1947 2065 2507 2141 despuendi,exque
2518 2063 2714 2120 vicino
2725 2061 2868 2119 vitio
2878 2061 3159 2118 virtutem
3171 2059 3604 2118 calumniandi.

1947 2159 2184 2215 Fortem
2205 2155 2365 2212 enim
2392 2154 2602 2210 dicunt
2622 2152 2915 2210 audacem
2937 2156 2994 2209 et
3012 2151 3400 2208 temerarium
3426 2169 3439 2218 ;
3462 2155 3608 2206 tem-

1946 2252 2278 2324 perantem,
2309 2243 2660 2318 stupidum;
2690 2245 2943 2314 justum,
2976 2241 3284 2298 crudelem
3313 2239 3610 2314 ;pruden-

1947 2342 2092 2410 tem,
2123 2335 2592 2394 fraudulentum.
2620 2335 2686 2390 Et
2709 2331 3102 2406 magnificum
3124 2331 3375 2404 quidem
3399 2330 3606 2387 tradu-

1948 2431 2094 2486 cunt
2121 2427 2282 2485 velut
2307 2426 2542 2499 ineptos
2576 2427 2853 2497 sumptus
2881 2422 3239 2492 facientem;
3273 2419 3606 2488 liberalem,

1947 2520 2110 2578 velut
2128 2517 2455 2592 prodigum
2481 2534 2493 2585 ;
2525 2530 2738 2572 rursus
2775 2514 3037 2587 peritum
3066 2513 3151 2570 rei
3170 2511 3484 2569 familiaris
3507 2510 3613 2567 ad-

1947 2609 2437 2676 ministratorem,
2459 2620 2741 2679 parcum;
2765 2603 3027 2676 denique
3049 2601 3361 2676 quodlibet
3379 2599 3610 2658 virtutis

1948 2715 2140 2772 genus
2161 2697 2325 2771 apud
2345 2697 2511 2769 ipsos
2542 2710 2768 2751 nomen
2794 2693 3022 2751 obtinet
3041 2693 3120 2750 ab
3153 2691 3434 2766 opposito
3462 2690 3611 2747 vitio

1947 2792 2314 2848 mutuatum.
2339 2784 2494 2852 Quid
2522 2785 2745 2855 igitur?
2773 2784 2834 2841 in
2867 2782 3250 2840 accusatione
3274 2781 3457 2852 hujus
3484 2779 3613 2836 vitii

1949 2879 2280 2937 orationem
2304 2875 2510 2932 sistam
2534 2875 2562 2930 ?
2583 2868 2695 2930 Sed
2725 2873 2856 2930 haec
2876 2877 2964 2930 est
2983 2872 3144 2929 velut
3164 2870 3416 2928 dimidia
3436 2886 3610 2927 cura-

1948 2969 2128 3028 tionis
2147 2984 2308 3042 pars.
2333 2969 2481 3024 Nam
2501 2964 2817 3023 ostendere
2845 2967 3071 3035 aegroto
3093 2961 3292 3019 morbi
3313 2961 3612 3032 magnitu-

1949 3058 2176 3125 dinem,
2207 3061 2274 3113 ut
2311 3055 2566 3126 dignam
2596 3069 2807 3111 curam
2843 3053 3135 3125 suspiciat
3163 3050 3415 3122 fugandi
3444 3048 3609 3118 mali,

1949 3165 2076 3206 non
2099 3145 2535 3204 fueritinutile:
2571 3144 2677 3201 sed
2701 3159 2841 3200 eum
2871 3142 3137 3199 necdum
3177 3141 3256 3197 ad
3288 3140 3611 3196 sanitatem

1951 3239 2313 3314 perductum
2349 3235 2448 3291 hic
2483 3234 2923 3308 derelinquere,
2965 3232 3114 3288 nihil
3167 3230 3334 3288 aliud
3373 3233 3462 3286 est
3496 3227 3613 3285 nisi

1951 3333 2344 3400 mgrotantem
2379 3324 2592 3382 morbo
2623 3323 2895 3381 deditum
2926 3326 2983 3379 et
3003 3323 3385 3394 desperatum
3415 3318 3611 3376 dimit-

1950 3423 2094 3475 tere.
2115 3416 2267 3481 Quid
2284 3415 2462 3486 igitur
2477 3414 2504 3470 ?
2532 3413 2640 3487 qui
2664 3413 2793 3470 ﬁeri
2813 3411 3025 3485 poterit
3044 3414 3110 3467 ut
3131 3409 3415 3466 morbum
3447 3408 3611 3464 hunc

1951 3506 2237 3564 autinitio
2263 3519 2386 3562 non
2409 3503 2859 3568 contrahamus,
2875 3505 2980 3558 aut
2999 3517 3070 3557 eo
3092 3499 3369 3573 correpti,
3403 3512 3615 3554 cavea-

1951 3614 2090 3655 mus
2115 3597 2143 3654 ?
2165 3596 2428 3653 Primum
2453 3593 2701 3667 quidem
2728 3593 2777 3647 si
2801 3592 2948 3648 nihil
2977 3607 3291 3662 magnum,
3323 3587 3472 3646 nihil
3493 3587 3612 3644 exi-

1951 3688 2142 3745 mium
2155 3687 2217 3743 in
2228 3685 2412 3743 rebus
2430 3683 2715 3741 humanis
2729 3682 3296 3757 putaverimus,non
3308 3680 3612 3737 humanas

1951 3793 2118 3851 opes,
2140 3791 2263 3832 non
2285 3775 2542 3846 gloriam
2563 3776 3059 3844 marcescentem,
3075 3786 3198 3827 non
3215 3768 3484 3843 corporis
3506 3767 3614 3824 bo-

1952 3883 2097 3924 nam
2126 3863 2567 3923 habitudinem.
2603 3866 2804 3936 Neque
2831 3860 2994 3918 enim
3023 3862 3084 3918 in
3110 3859 3291 3917 ﬂuxis
3318 3858 3501 3915 rebus
3541 3871 3614 3913 ac

1951 3956 2197 4013 caducis
2219 3970 2524 4012 summum
2548 3952 2781 4008 bonum
2803 3950 3255 4008 constituimus:
3274 3947 3382 4005 sed
3400 3963 3614 4004 sumus

1952 4047 2072 4118 96
2093 4045 2172 4102 ad
2193 4050 2487 4102 aeternum
2512 4057 2921 4116 verorumque
2948 4041 3251 4098 bonorum
3280 4038 3613 4112 participa-

1951 4136 2175 4193 tionem
2197 4135 2414 4192 vocati.
2439 4135 2631 4200 Quare
2653 4133 2818 4189 dives
2843 4131 3120 4188 uondum
3147 4131 3363 4187 beatus
3385 4128 3615 4186 haben-

1952 4225 2068 4283 dus
2087 4225 2267 4282 estob
2289 4224 2525 4281 divitias
2546 4241 2559 4280 :
2589 4239 2712 4280 non
2740 4227 2955 4296 potens
2973 4225 3219 4294 propter
3239 4218 3614 4277 auctoritatis

1952 4315 2382 4388 dignitatisque
2397 4313 2861 4388 amplitudinem
2878 4330 2890 4368 :
2914 4328 3036 4368 non
3050 4311 3218 4368 fortis
3230 4314 3477 4384 propter
3493 4323 3618 4365 cor-

1952 4421 2116 4479 poris
2136 4405 2325 4462 robur
2347 4422 2360 4461 :
2375 4419 2500 4461 non
2513 4405 2756 4476 sapiens
2772 4403 2851 4460 ob
2869 4403 3155 4459 eximiam
3172 4399 3412 4457 dicendi
3431 4397 3620 4455 facul-

1954 4495 2160 4547 tatem.
2197 4493 2331 4547 Haec
2365 4490 2526 4547 enim
2567 4489 2798 4544 virtutis
2821 4488 3221 4543 instrumenta
3252 4483 3480 4540 suntiis
3511 4483 3618 4557 qui

1952 4585 2110 4638 recte
2131 4585 2401 4651 utuntur,
2417 4596 2540 4637 non
2563 4585 2766 4636 autem
2787 4578 2925 4651 ipsa
2946 4577 3010 4632 in
3031 4575 3248 4648 seipsis
3271 4574 3616 4631 felicitatem

1956 4672 2283 4729 continent.
2302 4671 2583 4744 Quisquis
2603 4669 2783 4741 igitur
2798 4667 2956 4724 male
2977 4667 3062 4722 eis
3084 4666 3288 4732 utitur,
3306 4662 3618 4720 miserabi-

1955 4763 2027 4820 lis
2051 4767 2158 4830 est,
2174 4777 2296 4818 non
2322 4761 2492 4818 aliter
2511 4776 2694 4833 quam
2721 4758 2826 4832 qui
2847 4761 3095 4831 accepto
3118 4754 3197 4811 ad
3217 4755 3420 4811 hostes
3437 4751 3617 4808 ulcis-

1958 4852 2184 4910 oendos
2207 4850 2431 4924 gladio,
2447 4848 2841 4923 semetipsum
2865 4864 2974 4904 sua
2995 4850 3210 4920 sponte
3233 4849 3290 4902 et
3309 4843 3618 4902 voluntate

2042 5031 2158 5104 (62)
2207 5029 2360 5104 Editi
2411 5049 2462 5104 τι
2511 5025 2938 5104 κρίνριμενκεθᾱ
2968 5023 3252 5104 voculam
3280 5042 3354 5094 τι,
3374 5038 3526 5104 _quae
3557 5021 3619 5078 in

2142 5077 2294 5158 Inon
2322 5079 2561 5170 legitur:
2602 5077 2922 5154 delendam
2962 5077 3438 5170 cens-nimiusilrl
3467 5077 3616 5150 mss.

1884 5206 1886 5208 τ
1967 5166 2430 5232 Combeﬁsianis
2460 5176 2598 5243 post
2639 5169 2892 5243 verbum
2931 5173 3210 5243 ,κρίνοιμεν
3235 5166 3451 5243 legitur
3475 5169 3616 5243 ποτέ.

2039 5250 2152 5318 (63)
2199 5245 2370 5318 Illud,
2422 5238 2578 5318 δοξαν
2635 5247 2729 5318 τὴν
2777 5238 3131 5318 ἀπανθοῧσαν,
3161 5239 3246 5318 ita
3272 5238 3622 5318 interprets,

1966 5309 2060 5374 tus
2083 5323 2170 5375 est
2201 5309 2601 5375 Combeﬁsius
2637 5331 2649 5370 :
2669 5316 2982 5385 florenlcm
3005 5312 3298 5385 gloriam;
3323 5309 3622 5385 sed'o’qrav-

1969 5393 2092 5454 θεῖν,
2126 5395 2191 5446 ut
2216 5389 2310 5445 vel
2340 5405 2412 5444 ex
2432 5387 2636 5443 lexicis
2661 5382 2914 5449 constat,
2946 5399 3069 5439 non
3100 5384 3418 5452 estﬂorere
3449 5399 3460 5436 :
3495 5382 3620 5454 imo

1965 5463 2168 5588 gotius
2199 5465 2286 5517 est
2313 5460 2700 5530 deﬂorescere
2720 5462 2778 5513 et
2806 5470 3194 5512 marcescere.
3231 5457 3411 5510 Docet
3439 5453 3621 5526 igitur

2014 5534 2224 5588 asilius
2247 5532 2395 5588 nihil
2418 5530 2718 5587 caducum
2739 5527 2946 5588 magni
2964 5527 3309 5582 faciendum
3329 5540 3618 5588 esse,non

2014 5534 2224 5590 asilius
2247 5527 2395 5588 nihil
2418 5530 2718 5587 caducum
2739 5527 2946 5597 magni
2964 5527 3309 5582 faciendum
3329 5540 3618 5593 esse,non

1965 5622 2112 5733 opes
2158 5605 2485 5678 humanas,
2531 5618 2656 5656 non
2687 5601 2942 5671 gloriam
2981 5602 3454 5656 marcescentem
3483 5612 3615 5664 nec,

1966 5693 2002 5733 a
2030 5679 2084 5733 ia
2109 5677 2384 5733 eiusdem
2411 5673 2670 5733 generis.

1966 5693 2042 5734 an

2048 5694 2084 5735 a
2109 5677 2384 5751 ejusdem
2411 5673 2670 5747 generis.
