4098 6380
461 323 560 381 383

1824 319 1881 375 S.
1924 313 2182 373 BASILII
2218 313 2451 374 MAGNI

3715 308 3822 379 δἐι

461 447 714 506 sauciat.
728 446 902 515 Quod
919 446 1132 503 sibene
1149 449 1205 502 et
1215 445 1234 518 j
1247 449 1387 505 uxta
1402 448 1634 503 rectam
1649 444 1948 502 rationem
1966 459 2115 516 prae-

2226 439 2285 496 δε
2337 442 2507 508 καλῶς
2552 448 2642 499 καὶ
2683 446 2819 499 κατὰ
2859 447 2946 498 τόν
2999 445 3151 519 ὀρθόν
3181 445 3331 518 λόγον
3383 447 3449 500 τὰ
3476 450 3708 522 παρόντα
3736 468 3824 522 με·

460 539 652 594 sentia
685 543 916 607 tractet,
959 538 1153 610 sitque
1179 537 1566 610 dispensator
1594 535 1899 592 bonorum
1931 550 1967 589 a
1994 537 2114 589 Deo

459 628 839 694 collatorum,
874 644 982 684 nec
1008 643 1100 696 ea,
1134 626 1258 685 suis
1281 627 1472 699 ipsius
1499 625 1837 683 commodis
1858 640 1928 680 ac
1951 623 2116 679 volu-

458 719 609 792 ptati
625 718 1039 787 inserviturus,
1062 722 1367 787 congerat,
1389 717 1569 773 laude
1592 719 1649 772 et
1666 731 1872 774 amore
1895 714 2114 784 dignus

461 811 551 864 est
570 808 650 863 ob
676 807 1056 863 dilectionem
1082 807 1142 862 in
1162 807 1373 863 fratres
1405 823 1602 875 suam,
1627 810 1683 862 et
1703 805 1780 862 ob
1801 803 2114 860 liberalem

459 912 530 953 ac
560 897 899 953 beneﬁcam
916 897 1202 953 indolem.
1220 897 1447 952 Rursus
1471 896 1685 970 aliquis
1709 898 1952 968 praestat
1972 908 2110 965 pruv

459 985 684 1053 dentia,
717 992 925 1060 estque
955 986 1382 1042 cohonestatus
1410 986 1690 1042 facultate
1711 983 2000 1058 loquendi
2038 983 2112 1038 de

461 1077 602 1144 Deo,
635 1081 691 1132 et
721 1076 1078 1149 explanator
1104 1081 1189 1133 est
1211 1092 1522 1132 sacrorum
1545 1076 1946 1148 eloquiorum,
1972 1072 2113 1130 huic

460 1181 536 1222 ne
563 1166 870 1233 invideas;
895 1182 1092 1238 neque
1120 1165 1264 1221 velis
1299 1170 1364 1222 ut
1391 1170 1590 1222 taceat
1616 1181 1890 1239 unquam
1917 1178 2115 1220 sacra-

459 1271 597 1312 rum
637 1257 1078 1328 Scripturarum
1127 1255 1440 1329 interpres,
1491 1256 1657 1328 quod
1689 1256 1848 1320 hinc,
1895 1253 2116 1328 Spiritu

461 1346 662 1415 dante,
705 1346 1300 1403 commendationem
1345 1346 1614 1419 aliquam
1644 1345 2006 1417 laudemque
2035 1343 2116 1400 ab

461 1431 848 1489 audientibus
881 1438 1308 1504 consequatur.
1339 1435 1531 1488 Tuum
1554 1431 1716 1487 enim
1745 1436 1831 1487 est
1859 1430 2113 1500 bonum,

460 1525 518 1578 et
539 1521 642 1576 tibi
671 1522 927 1576 missum
961 1525 1048 1576 est
1074 1537 1180 1594 per
1209 1520 1451 1577 fratrem
1478 1521 1763 1578 doctrinae
1790 1536 2036 1591 munus,
2068 1519 2117 1575 si

457 1611 644 1667 modo
665 1611 968 1684 suscipere
992 1611 1149 1666 velis.
1171 1611 1416 1678 Adhaac,
1438 1611 1665 1668 fontem
1688 1612 2116 1668 scaturientem

458 1701 703 1758 obturat
731 1717 938 1771 nemo,
968 1716 1079 1757 nec
1106 1702 1436 1774 quisquam
1463 1705 1571 1767 est,
1603 1702 1707 1774 qui
1738 1700 1862 1757 sole
1907 1701 2114 1757 illuce-

2223 533 2606 609 ταχειρίζιται,
2657 539 2747 590 καὶ
2803 537 3070 610 οἰκονόμος
3128 536 3236 591 ἐστὶ
3304 544 3404 590 τῶν
3453 540 3597 612 παρὰ
3663 543 3818 604 Θεοῦ,

2223 624 2351 696 οὐχὶ
2380 621 2438 677 δὲ
2463 628 2587 700 πρὸς
2620 622 2760 680 ἰδίαν
2806 625 3098 680 ἀπόλαυσιν
3133 627 3462 702 θησαυρίζει,
3498 627 3821 682 ἐπαινεῖσθαι

2222 720 2311 766 καὶ
2357 713 2665 788 ἀγαπᾶσθαι
2710 712 2912 777 δίκαιός
2963 717 3074 769 ἐστι
3133 713 3227 770 διὰ
3278 721 3336 771 τό
3380 713 3687 793 φιλάδελφον
3731 722 3821 772 καὶ

2221 809 2516 858 κοινωνικόν
2564 814 2656 858 τοῦ
2707 811 2920 882 τρόπου.
2971 807 3131 860 Πάλιν
3185 812 3430 882 φρονήσει
3491 827 3566 870 τις
3633 804 3820 884 διαφί-

2219 915 2318 971 ρει,
2377 900 2467 949 καὶ
2511 895 2646 969 λόγῳ
2688 904 2820 952 Θεοῦ
2871 902 3162 970 τετίμηται,
3218 901 3308 950 κιοὶ
3365 897 3619 968 ἐξηγητής
3678 897 3820 953 ἐστιν

2225 989 2367 1060 ἱερῶν
2410 985 2594 1058 λογίων
2639 988 2774 1058 (64)·
2816 992 2887 1060 μὴ
2953 989 3217 1061 φθονήσῃς
3260 995 3332 1058 τῷ
3385 991 3625 1062 τοιούτῳ,
3683 985 3821 1061 μηδε

2223 1073 2486 1148 βουληθῇς
2532 1095 2656 1129 ποτε
2725 1085 2996 1137 σιωπῆσαι
3042 1081 3128 1129 τὸν
3185 1085 3284 1128 τῶν
3335 1079 3480 1153 ἱερῶν
3528 1078 3820 1160 ὑποφήτην,

2223 1165 2266 1220 εἰ
2313 1175 2374 1240 τῇ
2408 1173 2498 1219 τοῦ
2540 1169 2836 1239 Πνεύματος
2860 1169 3050 1242 χάριτι
3081 1164 3328 1240 ἀποδοχή
3379 1187 3456 1231 τις
3487 1172 3578 1220 καὶ
3618 1169 3821 1232 ἔπαινος

2223 1255 2277 1308 ἐκ
2315 1264 2415 1307 τῶν
2464 1254 2753 1310 ἀκουόντων
2803 1255 3091 1312 ἀκολουθεῖ.
3136 1261 3229 1310 Σὸν
3271 1261 3370 1333 γὰρ
3427 1257 3539 1310 ἐστι
3594 1260 3654 1309 τὸ
3696 1254 3823 1328 ἁγα-

2225 1347 2330 1416 θὸν,
2361 1349 2452 1397 καί
2482 1365 2566 1398 σοι
2615 1346 2844 1419 ἐπέμφθη
2897 1343 2990 1398 διὰ
3015 1353 3106 1398 τοῦ
3160 1343 3385 1419 ἀδελφοῦ
3426 1356 3520 1408 τῆς
3551 1342 3823 1398 διδασκα-

2222 1437 2333 1498 λίας
2370 1441 2428 1490 τό
2470 1434 2656 1512 δῶρον,
2706 1438 2788 1490 ἐὰν
2838 1435 3198 1501 ὑποδέξασθαι
3249 1438 3416 1512 θέλῃς.
3467 1435 3615 1505 Εἶτα,
3649 1441 3825 1510 πηγὴν

2224 1530 2314 1600 μὶν
2360 1527 2628 1601 βρύουσαν
2681 1525 2856 1591 οὐδεὶς
2900 1527 3208 1604 ἕμφροὲσσει·
3260 1533 3351 1580 καὶ
3402 1527 3550 1586 ἡλίου
3589 1528 3824 1602 λάμπον-

2223 1637 2310 1682 τος
2367 1614 2541 1681 οὐδεὶς
2596 1621 2689 1682 τὰς
2747 1618 2892 1689 ἅψεις
2941 1618 3295 1686 ἐπικαλύπτει,
3365 1614 3489 1672 οὐδε
3545 1617 3824 1692 βασκαίνει

2225 1707 2447 1771 ἐκείνοις
2477 1708 2609 1780 (65),
2663 1707 2768 1760 ἀλλ’
2807 1708 2971 1780 ἑαυτῷ
3015 1712 3330 1781 συνεύχεται
3374 1709 3467 1767 την
3508 1709 3820 1762 ἀπόλαυσιν·

458 1795 660 1847 scente
679 1789 912 1847 obvelet
927 1791 1135 1847 oculos
1153 1796 1276 1859 ,aut
1291 1791 1808 1864 conspicientibus
1821 1791 2112 1847 invideat:

2226 1797 2378 1869 λόγου
2421 1795 2479 1851 δε
2531 1806 2881 1872 πνευματικοῦ
2944 1797 2992 1852 ἰν
3051 1799 3338 1872 Ἐκκλησία
3395 1797 3662 1872 βρύοντος,
3730 1802 3821 1853 καὶ

459 1879 567 1936 sed
593 1885 871 1952 precatur
901 1884 965 1936 ut
991 1880 1102 1936 sibi
1132 1895 1379 1953 quoque
1417 1880 1594 1936 liceat
1629 1880 1723 1936 his
1771 1882 1876 1936 uti.
1922 1883 2116 1954 Atque

460 1971 614 2028 adeo
633 1986 738 2026 cur
755 1971 1050 2043 spirituali
1072 1986 1352 2027 sermone
1374 1971 1436 2026 in
1459 1971 1719 2027 Ecclesia
1732 1971 2114 2036 scaturiente,

462 2061 685 2135 pioque
709 2061 888 2117 corde
915 2077 988 2118 ex
1013 2062 1265 2134 Spiritus
1282 2061 1459 2118 donis
1483 2077 1545 2117 se
1571 2061 1632 2117 in
1663 2061 1914 2118 modum
1937 2062 2118 2118 fontis

461 2150 826 2217 eﬁ'undente,
861 2167 985 2207 non
1017 2151 1256 2224 praebes
1289 2167 1466 2207 aures
1516 2167 1653 2207 cum
1685 2151 1936 2208 laetitia?
1967 2150 2117 2224 quid

461 2245 634 2313 grato
651 2241 857 2298 animo
883 2246 1007 2298 nbn
1039 2242 1208 2314 capis
1240 2241 1553 2298 utilitatem
1574 2241 1601 2297 ‘I
1624 2241 1750 2297 Imo
1781 2247 1834 2298 te
1864 2241 2117 2314 plausus

459 2332 678 2404 pungit
706 2331 1104 2401 audientium,
1128 2331 1438 2405 vellesque
1463 2347 1660 2404 neque
1681 2347 1810 2388 esse
1839 2331 1944 2404 qui
1970 2330 2120 2388 utili-

460 2424 644 2477 tatem
677 2421 1030 2494 perciperet,
1071 2435 1268 2495 neque
1300 2421 1406 2496 qui
1435 2421 1733 2477 laudaret.
1767 2423 1958 2487 Quam
1989 2421 2120 2477 haac

459 2510 743 2568 habitura
767 2515 907 2566 sunt
933 2512 1388 2567 excusationem
1412 2512 1575 2584 apud
1595 2511 1866 2567 cordium
1889 2515 2122 2566 nostro-

457 2615 592 2656 rum
607 2601 918 2672 judicem?
941 2601 1122 2672 [gitur
1143 2601 1360 2657 animas
1388 2601 1620 2657 bonum
1645 2605 1862 2657 natura
1886 2601 2120 2656 bonum

461 2705 590 2746 esse
610 2691 952 2764 putandum
973 2695 1081 2747 est.
1098 2693 1171 2746 At
1190 2707 1332 2747 vero
1357 2707 1497 2747 eum
1523 2692 1627 2764 qui
1649 2691 1873 2746 divitiis
1908 2689 2118 2752 afﬂuit,

463 2785 521 2838 et
574 2782 655 2837 ob
684 2782 1014 2854 potentiam
1047 2786 1104 2838 et
1141 2782 1409 2854 corporis
1441 2782 1672 2838 bonam
1703 2781 2122 2837 habitudinem

461 2885 756 2940 magnum
773 2871 1069 2944 quiddam
1087 2872 1262 2945 sapit,
1280 2877 1460 2945 atque
1473 2873 1565 2928 his
1582 2888 1716 2945 quae
1734 2871 1917 2927 habet
1933 2871 2122 2944 probe

466 2961 671 3025 utitur,
694 2960 938 3030 diligere
969 2979 1081 3035 par
1109 2967 1197 3018 est
1228 2967 1285 3018 et
1309 2963 1750 3030 observare,‘ut
1779 2961 2120 3019 communi-
2152 2953 2191 3008 C

460 3048 578 3106 bus
604 3050 731 3106 vitae
763 3050 1178 3108 instrumentis
1209 3052 1593 3120 instructum,
1619 3053 1668 3108 si
1691 3053 1875 3108 modo
1898 3051 2027 3107 haec
2049 3066 2120 3106 ex

460 3145 621 3195 recta
644 3140 874 3196 ratione
900 3140 1244 3212 diSpenset:
1275 3142 1359 3198 ita
1391 3146 1454 3198 ut
1480 3142 1880 3215 pecuniarum
1912 3155 2119 3210 eroga-

457 3229 620 3286 tione
635 3229 898 3286 liberalis
913 3231 989 3286 sit
1007 3231 1068 3287 in
1090 3247 1337 3301 egenos,
1352 3232 1728 3305 inﬁrmisque
1749 3231 1849 3287 det
1869 3245 2120 3303 operam

461 3334 740 3390 corpore.
771 3336 840 3376 ac
874 3324 1058 3376 totam
1079 3320 1377 3393 reliquam
1395 3321 1823 3394 supellectilem
1845 3337 1967 3376 non
1998 3336 2123 3376 ma-

463 3408 553 3478 gis
583 3424 758 3464 suam
802 3424 930 3464 esse
961 3409 1146 3466 ducat
1174 3426 1358 3482 quam
1395 3411 1640 3466 alterius
1673 3410 1941 3482 cujusvis
1969 3410 2120 3466 indi-

462 3498 927 3569 gentis.Contra,
946 3500 1254 3556 hominem
1280 3500 1387 3574 qui
1408 3517 1529 3556 non
1557 3501 1638 3558 ita
1660 3517 1802 3572 erga
1816 3502 1943 3557 haec
1970 3502 2120 3558 affe-

463 3593 594 3646 ctus
617 3594 728 3658 est,
746 3590 1035 3646 miserum
1057 3591 1257 3663 potius
1278 3607 1466 3663 quam
1488 3591 1716 3648 invidia
1729 3592 1982 3663 dignum
2005 3591 2123 3648 exi-

465 3680 708 3737 stimare
730 3682 1035 3748 convenit,
1062 3683 1228 3755 quod
1269 3683 1349 3739 ad
1371 3684 1485 3739 hoc
1516 3688 1582 3740 ut
1605 3685 1803 3740 malus
1833 3687 1910 3741 sit
1938 3685 2123 3740 habet

460 3773 810 3829 occasiones
827 3774 1110 3844 majores.
1129 3775 1252 3830 Hoc
1269 3779 1357 3830 est
1374 3774 1534 3830 enim
1549 3791 1687 3830 cum
1702 3777 1917 3847 majori
1933 3790 2120 3847 appa-

456 3866 592 3919 ratu
621 3879 692 3920 ac
715 3863 924 3920 labore
947 3865 1138 3936 perire
1184 3865 1414 3920 Etenim
1439 3865 1487 3920 si
1508 3865 1727 3922 divitiae
1749 3864 2118 3921 adminicula

463 3958 603 4010 sunt
633 3953 708 4009 ad
733 3954 1109 4024 injustitiam,
1139 3955 1503 4011 miserabilis
1533 3959 1622 4011 est
1649 3956 1819 4012 dives
1847 3973 1860 4022 ;
1889 3957 1981 4012 sin
2008 3970 2116 4010 au-

461 4046 582 4100 tem
613 4044 949 4100 inserviunt
979 4044 1178 4099 virtuti
1209 4044 1576 4116 excolendze,
1609 4046 1814 4101 nullus
1841 4051 1928 4102 est
1948 4048 2117 4104 locus

461 4132 727 4202 invidiae,
750 4149 891 4188 cum
924 4149 1135 4189 earum
1158 4135 1270 4206 9'7
1301 4135 1642 4191 communis
1675 4137 1894 4192 utilitas
1923 4139 2116 4194 omni-

459 4222 577 4278 bus
615 4227 1011 4294 proponatur,
1044 4224 1157 4279 nisi
1179 4224 1315 4297 quis
1339 4224 1489 4280 forte
1532 4229 1700 4282 tanta
1732 4227 1806 4281 sit
1833 4226 2114 4298 maligni-

2223 1884 2450 1961 καρδίας
2480 1887 2722 1950 εύσεϐοῦς
2766 1888 2819 1942 ἐκ
2867 1895 2968 1941 τῶν
2997 1889 3350 1962 χαρισμάτων
3400 1895 3492 1940 τοῦ
3523 1891 3824 1961 Πνεύματος

2223 1978 2592 2049 πηγαζούσης,
2651 1978 2754 2050 ούχ
2799 1981 3013 2050 ὑπέχεις
3059 1979 3152 2040 τάς
3208 1976 3365 2042 ἀκοὰς
3413 1977 3522 2050 μετ’
3563 1977 3821 2052 εύφροσύ-

2222 2084 2360 2135 νης;
2411 2069 2505 2120 ούκ
2561 2068 2888 2144 εὐχαρίστως
2936 2063 3178 2141 ὑποδέχῃ
3230 2068 3343 2138 (66)
3391 2071 3484 2126 τὴν
3533 2067 3820 2140 ὠφέλειαν;

2225 2155 2380 2212 Ἀλλὰ
2410 2154 2591 2210 δάκνει
2632 2176 2688 2210 σε
2743 2159 2769 2209 6
2808 2162 2992 2233 κρότος
3037 2166 3137 2210 τῶν
3176 2156 3486 2224 ἁκουόντωι,
3537 2161 3628 2208 καὶ
3673 2154 3824 2210 ἐϐου-

2223 2247 2389 2310 λήθης
2420 2246 2479 2299 ἂν
2519 2253 2650 2320 μήτε
2680 2250 2766 2300 τὸν
2821 2247 3164 2321 ὠφελούμενον
3196 2245 3342 2314 εἶναι,
3394 2251 3527 2320 μήτε
3553 2249 3641 2299 τὸν
3673 2249 3825 2298 ἔπαιο

2223 2345 2428 2393 νοῦντα.
2470 2342 2598 2391 Τίνα
2636 2345 2806 2390 ταῦτα
2858 2335 3139 2409 ἀπολογίαν
3197 2337 3299 2401 ἔξει
3353 2336 3434 2389 ἐπὶ
3486 2342 3579 2390 τοῦ
3646 2341 3827 2411 κριτοῦ

2224 2436 2324 2479 τῶν
2409 2423 2641 2502 καρδιῶν
2703 2429 2849 2500 ἡμῶν
2893 2443 2906 2494 ;
2955 2429 3114 2480 Φύσει
3189 2428 3278 2499 μεν
3336 2422 3423 2478 οὖν
3487 2421 3617 2478 εἶναι
3673 2423 3828 2478 καλὸν

2226 2519 2474 2590 ἡγεῖσθαι
2508 2520 2617 2590 χρὴ
2667 2519 2723 2568 τὸ
2776 2525 2872 2578 τῆς
2907 2515 3097 2588 ψυχῆς
3138 2513 3350 2587 ἀγαθόν·
3383 2517 3468 2568 τὸν
3514 2511 3572 2568 δι
3602 2516 3829 2590 ὑπεραν-

2231 2609 2420 2660 θοῦντα
2466 2614 2539 2676 τῷ
2592 2605 2814 2677 πλούτῳ,
2873 2611 2962 2658 καὶ
3031 2602 3318 2677 δυναστεία
3385 2609 3520 2678 μέγα
3580 2611 3830 2680 φρονοῦν-

2229 2713 2296 2749 τα
2344 2697 2477 2767 (67),
2531 2701 2620 2748 καὶ
2653 2695 2823 2768 εὐεξίᾳ
2875 2701 3132 2768 σώματος,
3167 2700 3256 2748 καὶ
3299 2693 3468 2756 καλῶς
3515 2697 3604 2767 μὲν
3634 2713 3833 2770 κεχρη-

2231 2791 2378 2860 μένον
2425 2788 2502 2850 οἷς
2552 2789 2684 2858 ἔχει,
2732 2785 2939 2859 ἀγαπᾷν
2986 2791 3077 2839 καὶ
3127 2789 3407 2861 περιέπειν,
3459 2787 3528 2848 ὡς
3571 2788 3720 2838 κοινὰ
3765 2788 3831 2838 τὰ

2230 2884 2323 2929 τοῦ
2381 2875 2502 2950 βίου
2555 2879 2751 2949 ὄργανα
2802 2879 3128 2948 κεκτημένον,
3191 2878 3329 2950 εἴπερ
3382 2871 3450 2934 δὴ
3502 2882 3670 2928 ταῦτα
3718 2875 3830 2947 (68)

2230 2970 2366 3020 κατὰ
2416 2971 2503 3020 τόν
2555 2969 2706 3042 ὀρθόν
2761 2965 2913 3038 λόγον
2968 2967 3417 3041 μεταχειρίζοιτο·
3477 2969 3547 3027 ὡς
3611 2974 3674 3039 τῇ
3740 2968 3828 3038 μεν

2229 3067 2328 3111 τῶν
2357 3061 2646 3132 χρημάτων
2693 3061 2932 3132 ’χορηγίᾳ
2978 3058 3193 3130 ἄφθονος
3237 3053 3364 3109 εἶναι
3392 3064 3496 3118 τοῖς
3543 3053 3826 3130 δεομένοις,

2229 3156 2302 3219 τῷ
2358 3154 2561 3221 σώματι
2616 3143 2675 3200 δὲ
2728 3149 3018 3219 ὑπηρεσίαν
3074 3150 3325 3220 παρέχειν
3368 3154 3479 3208 τοῖς
3528 3145 3826 3200 ἀσθενοῦσι.

2230 3244 2403 3292 πᾶσαν
2452 3234 2511 3290 δὲ
2558 3241 2650 3296 τὴν
2702 3236 2886 3294 λοιπὴν
2932 3241 3238 3312 περιουσίαν
3304 3236 3361 3289 ού
3415 3235 3603 3309 μᾶλλον
3644 3235 3829 3289 ἑαυτοῦ

2230 3329 2477 3402 νομίζειν,
2519 3329 2549 3387 ἦ
2597 3331 2686 3380 καὶ
2733 3318 3035 3379 οὑτινοσοῦν
3079 3334 3179 3378 τῶν
3238 3323 3598 3399 ἐπιδεομένων·
3640 3329 3728 3378 τὸν
3770 3322 3831 3379 δὲ

2231 3425 2301 3491 μὴ
2364 3419 2496 3471 οὕτω
2563 3421 2692 3491 πρὸς
2744 3425 2912 3468 ταῦτα
2970 3413 3294 3490 διακείμενον
3352 3415 3527 3469 ἄθλιον
3590 3417 3831 3469 τίθεσθαι

2231 3509 2418 3584 μᾶλλον
2481 3509 2509 3568 ἦ
2576 3509 2866 3580 ἐπίφθονον,
2919 3507 2962 3559 εἰ
3009 3507 3254 3581 μείζονας
3296 3506 3408 3579 ’ἔχει
3455 3507 3565 3577 (69)
3618 3509 3745 3582 πρὸς
3770 3509 3828 3558 τό

2230 3603 2390 3663 κακός
2438 3598 2566 3652 εἶναι
2609 3602 2704 3660 τὰς
2749 3597 3004 3672 ἀφορμάς.
3051 3602 3214 3650 Τοῦτο
3253 3599 3354 3672 γάρ
3401 3598 3541 3650 ἐστιν
3587 3596 3640 3649 ἐκ
3665 3596 3831 3648 πλείο-

2228 3711 2312 3753 νος
2373 3699 2468 3750 τῆς
2530 3695 2868 3764 παρασκευῆς
2922 3690 3011 3738 καὶ
3069 3691 3424 3762 πραγματείας
3483 3685 3827 3740 ἀπόλλυσθαι.

2231 3781 2290 3835 Εἰ
2336 3783 2425 3854 μὲν
2473 3782 2574 3854 γὰρ
2631 3774 2838 3850 ἐφόδιον
2868 3779 2993 3852 πρὸς
3035 3773 3248 3829 ἀδικίαν
3279 3779 3304 3828 6
3348 3775 3587 3842 πλοῦτος,
3622 3775 3832 3838 θιεεινός

2229 3873 2255 3923 6
2308 3870 2561 3923 πλουτῶν·
2615 3868 2658 3920 εἰ
2704 3865 2762 3920 δε
2809 3869 3073 3942 ὑπηρεσία
3124 3871 3254 3943 πρός
3309 3865 3515 3942 ἀρετὴν,
3563 3865 3656 3919 ούκ
3719 3868 3831 3937 ἔχει

2227 3965 2410 4036 χώραν
2451 3961 2481 4017 η
2541 3956 2828 4032 βασκανία,
2880 3965 3052 4017 κοινῆς
3099 3964 3195 4018 τῆς
3244 3955 3330 4007 ἀπ’
3384 3956 3552 4008 αὑτῶν
3593 3953 3832 4028 ὠφελείας

2227 4052 2396 4103 ἅπασι
2445 4053 2800 4125 προκείμένης’
2841 4047 2974 4106 πλὴν
3023 4047 3064 4100 εἰ
3112 4048 3182 4120 μη
3234 4067 3314 4108 τις
3358 4047 3461 4122 ἄρα
3507 4053 3569 4120 τῇ
3626 4064 3831 4121 περιουσ

2231 4145 2323 4214 σία
2375 4148 2466 4213 τῇς
2506 4144 2752 4213 πονηρίας
2805 4143 2894 4188 καὶ
2945 4136 3110 4207 ἐαυτῷ
3154 4136 3438 4210 βασκαίνοι
3467 4145 3566 4188 τῶν
3599 4135 3826 4208 ἀγαθῶν.

2227 4229 2390 4290 ⁸0).ως
2418 4226 2495 4295 δὲ,
2548 4226 2847 4304 ὑπερκύψας
2892 4233 2962 4296 τῷ
3010 4225 3248 4298 λογισμῷ
3287 4229 3353 4278 τὰ
3393 4224 3707 4299 ἀνθρώπινα,
3741 4228 3832 4277 καὶ

462 4315 602 4379 tate,
659 4316 722 4368 ut
770 4313 950 4369 etiam
997 4313 1110 4369 sibi
1157 4315 1284 4386 ipse
1333 4313 1500 4373 bona
1547 4315 1840 4372 invideat.
1887 4320 1952 4373 Et
1992 4335 2114 4376 uno

2230 4321 2354 4394 πρὸς
2402 4321 2460 4370 τό
2513 4321 2664 4376 ὅντως
2719 4314 2873 4367 καλόν
2932 4319 3022 4366 καὶ
3077 4314 3338 4367 ἐπαινετόν
3388 4311 3589 4366 ἀπιδὼν
3643 4312 3831 4366 πολλοῦ

459 4403 666 4470 verbo,
689 4409 885 4460 mente
908 4421 1092 4478 supra
1118 4421 1212 4460 res
1234 4406 1538 4462 humanas
1571 4412 1794 4471 evecta,
1824 4412 2007 4481 atque
2035 4410 2117 4466 ad

460 4510 672 4550 verum
704 4500 758 4550 et
787 4494 1094 4551 laudabile
1115 4495 1346 4551 bonum
1367 4496 1607 4552 intentis
1631 4497 2116 4566 oculis,multum

462 4583 719 4640 abfuerit
750 4590 812 4640 ut
836 4585 1173 4658 quidquam
1205 4586 1611 4657 periturarum
1640 4603 1708 4641 ac
1740 4591 2118 4646 terrenarum

458 4690 662 4731 rerum
702 4675 948 4732 beatum
979 4692 1048 4731 ac
1079 4675 1480 4731 invidendum
1519 4676 1778 4747 judices.
1813 4681 1960 4735 Nam
1991 4680 2120 4736 ﬁeri

458 4779 584 4822 non
614 4768 809 4838 potest
839 4770 904 4821 ut
923 4765 971 4820 is
994 4765 1098 4838 qui
1123 4765 1204 4821 ita
1227 4765 1529 4821 animatus
1553 4771 1660 4834 est,
1689 4783 1800 4823 nec
1820 4784 1916 4823 res
1940 4785 2118 4826 mun-

457 4855 651 4913 danas
678 4859 973 4930 tanquam
1001 4855 1254 4912 eximias
1283 4855 1635 4929 admiratur,
1663 4873 1936 4931 unquam
1970 4861 2118 4917 invi-

536 5037 642 5108 (64)
695 5039 837 5108 Reg.
869 5035 1104 5108 primus
1154 5036 1280 5108 s'a’r‘ci
1310 5044 1408 5088 τῶν
1456 5038 1600 5090 θείων
1648 5038 1761 5108 λογ.
1799 5039 1945 5095 Editi
1977 5040 2116 5094 ἐστὶν

465 5107 610 5184 ξερῷν
637 5107 822 5184 λογίων
857 5107 1004 5182 {pro
1050 5125 1174 5182 qua
1230 5107 1616 5166 ultima'voce
1671 5107 1771 5166 alii
1810 5112 1933 5168 duo
1972 5129 2119 5168 mss.

461 5180 692 5238 habent
717 5180 902 5252 λόγων.

535 5257 650 5321 (65)
681 5249 851 5325 Illud,
885 5249 1008 5305 οὐδὲ
1042 5251 1315 5325 βασκαίνει
1347 5253 1572 5320 ἐκείνοις,
1600 5269 1788 5325 neque
1815 5255 1941 5311 illis
1973 5256 2119 5311 invi-

461 5323 580 5407 ςίθῑ,
596 5323 1050 5407 subobs‘curu‘m'
1069 5325 1257 5407 videri
1281 5331 1510 5407 potest;
1535 5326 1643 5407 sed
1665 5323 1938 5407 quisquis
1960 5329 2123 5407 hunc

460 5396 663 5469 locum
692 5396 874 5469 paulo
906 5397 1186 5451 attentius
1218 5396 1446 5468 legerit,
1487 5398 1657 5453 facile
1684 5396 1979 5469 intelliget
2006 5399 2121 5454 hoc

463 5467 583 5542 dici
601 5483 640 5542 _a
673 5467 908 5535 Basilio,
927 5469 1232 5525 neminem
1253 5469 1523 5525 invidere
1545 5469 1614 5524 iis
1637 5471 1741 5542 qui
1763 5467 1952 5528 solem
1976 5486 2124 5527 con-

463 5539 748 5595 sniciunt.

495 5555 748 5611 plcxum.
877 5604 885 5611 _

537 5613 649 5680 (66)
683 5613 827 5685 Reg.
861 5610 1094 5685 primus
1118 5611 1442 5685 εὐχαρίστως
1469 5609 1628 5685 δέχῃ.

540 5631 649 5680 (ου)
683 5631 827 5684 neg.
861 5631 1094 5692 prunus
1118 5631 1442 5736 ευχαςιστως
1469 5631 1618 5686 οεχῃη

540 5685 650 5761 (67)
683 5684 848 5741 Colb.
885 5688 1088 5740 tertius
1119 5705 1253 5758 μεγα
1276 5694 1618 5759 .οφρονοῦντα.

2229 4412 2290 4461 ἄν
2334 4428 2384 4460 τι
2435 4405 2569 4467 δέοις
2626 4407 2741 4477 (70)
2794 4425 2894 4458 των
2949 4407 3186 4478 φθαρτῶν
3248 4411 3338 4458 καὶ
3403 4407 3596 4476 γηίνων
3665 4423 3833 4478 μακα-

2232 4503 2413 4575 ριστόν
2471 4497 2589 4568 (71)
2638 4503 2812 4570 κρῖναι
2863 4498 2952 4547 καὶ
3003 4494 3250 4556 ζηλωτόν·
3319 4494 3470 4546 Ούτω
3533 4491 3592 4548 δὲ
3631 4498 3826 4567 ἔχοντι,

2228 4592 2318 4641 καὶ
2370 4591 2440 4661 μὴ
2501 4589 2564 4646 ὡς
2622 4585 2704 4638 ἐπὶ
2751 4585 2992 4657 μεγάλοις
3051 4583 3453 4656 ἐκπεπληγμένῳ
3501 4592 3607 4645 τοίς
3645 4603 3831 4658 κοσμι-

2227 4687 2355 4742 κοῖς,
2423 4676 2700 4749 ἀμήχανόν
2745 4694 2869 4728 ποτε
2917 4676 3298 4750 παραγενέσθαι
3347 4678 3433 4726 τόν
3501 4675 3703 4746 φθόνον.
3774 4675 3834 4728 Εἰ

2231 4768 2288 4824 δὲ
2327 4771 2524 4828 πάντως
2570 4763 2725 4829 δόξης
2774 4766 3059 4840 ἐπιθυμεῖς,
3115 4769 3205 4817 καὶ
3265 4763 3442 4838 βούλει
3479 4773 3580 4816 τῶν
3636 4764 3832 4817 πολλῶν

2231 4859 2662 4938 ὑπερφαίνεσθαι,
2717 4861 2806 4910 καὶ
2852 4853 2947 4908 διὰ
3001 4863 3155 4908 τοῦτο
3215 4855 3310 4908 οὐκ
3378 4853 3542 4927 ἀνέχῃ
3601 4851 3834 4930 δεύτερος

2301 5041 2418 5113 (68)
2445 5037 2607 5113 Editi
2639 5039 2792 5113 chrea
2813 5033 2883 5113 di:
2906 5034 3059 5113 arJraE.
3084 5037 3156 5113 At
3184 5049 3336 5113 mss.
3369 5033 3506 5113 εἴπερ
3541 5029 3609 5092 δή
3643 5041 3829 5113 ταῦτα.

2233 5104 2404 5169 Haud
2443 5112 2622 5179 longe
2655 5104 2797 5165 editi
2849 5110 3068 5180 ἄφθονον
3110 5104 3258 5162 εἶναι.
3293 5104 3531 5162 Veteres
3561 5106 3833 5180 quinque

2228 5185 2376 5256 libri
2421 5176 2660 5256 ἄφθονος.
2724 5176 2993 5238 Subinde
3052 5194 3211 5234 unus
3261 5194 3378 5238 ms.
3426 5187 3525 5230 τῶν
3559 5176 3829 5251 δεομένων·

2230 5261 2320 5309 τὸν
2349 5253 2430 5309 δὲ.

2306 5330 2420 5413 (99)
2450 5321 3007 5413 έηιίιιιξίβυειίξλςί

2306 5341 2420 5399 ((59)
2453 5341 2694 5438 Antiqui
2725 5341 3007 5412 (lugubri
3373 5393 3383 5404 ι
3783 5399 3802 5409 _

2305 5398 2417 5466 (70)
2446 5397 2586 5454 Cod.
2625 5400 2716 5451 176
2746 5411 2933 5466 πολλου
2964 5415 3023 5446 αν
3048 5409 3138 5453 om
3152 5415 3253 5466 σοι.
3285 5393 3464 5450 C0131.
3491 5392 3834 5466 2307rtanou;

2231 5471 2290 5522 ἂν
2315 5463 2487 5530 δέοις.
2525 5466 2752 5540 Scripsi
2773 5465 2960 5540 πολλοῦ
2989 5468 3048 5518 οἷν
3079 5487 3132 5519 τι
3165 5463 3325 5537 δέοις,
3375 5481 3485 5540 pro
3517 5465 3659 5522 vitio
3693 5468 3835 5522 Gar-

2229 5543 2480 5600 neriano
2512 5535 2699 5592 πολλοῦ
2732 5537 2844 5590 ἀντὶ
2876 5535 3036 5599 δέοις.

2302 5616 2415 5685 (7t)
2469 5615 2623 5667 Cave
2655 5609 2917 5685 imiteris
2953 5611 3338 5685 interpretem
3389 5612 3676 5685 veterem,
3730 5607 3836 5681 qui

2232 5681 2413 5742 voces
2467 5687 2795 5762 μακαριστόν
2817 5686 2873 5738 et
2903 5681 3129 5744 ζηλωτόν
3159 5683 3234 5739 de
3265 5681 3542 5757 personis
3581 5685 3833 5754 accepit.
