4098 6378
251 299 356 358 385

1211 295 1503 354 HOMILIA
1541 296 1609 351 IN
1649 292 2054 350 PBINCIPIUM
2093 293 2379 352 PROVER
2395 297 2673 354 RIORUM.

3523 298 3626 354 386

253 426 382 475 εἶναι
415 421 548 488 (ἔστι
601 421 704 493 γὰρ
758 416 846 471 οὖν
901 415 968 478 δὴ
1019 424 1108 473 καὶ
1163 427 1314 473 τοῦτο
1365 423 1491 495 πρὸς
1537 422 1594 472 τὸ
1654 420 1852 491 φθονεῖν

1970 417 2077 473 dite
2107 419 2408 476 obnoxius
2438 421 2536 476 sit.
2577 419 2803 487 Quodsi
2831 419 3083 476 omnino
3123 419 3327 490 gloriae
3369 421 3627 494 cupidus

251 510 506 586 ἀφορμὴ),
562 513 626 562 σὺ
685 505 744 561 δὲ
794 514 877 562 επὶ
923 514 1016 569 τὴν
1064 518 1252 569 κτῆσιν
1308 509 1512 585 ἀρετῆς,
1569 511 1743 584 ὥσπερ
1802 528 1855 561 τι

247 601 436 677 ῥεῦμα,
493 599 704 673 μετάθες
763 607 982 651 σεαυτοῦ
1028 603 1141 671 (72)
1189 604 1244 652 τὸ
1300 600 1588 672 φιλότιμον.
1622 603 1708 657 Μὴ
1751 600 1852 673 γὰρ

249 691 452 750 πάντως
480 687 716 741 πλουτεῖν
768 686 822 740 ἐκ
877 691 1065 749 παντὸς
1095 693 1288 764 τρόπου
1333 687 1549 761 βούλου,
1578 685 1716 760 μηδὲ
1767 686 1853 739 εὐ-

253 775 468 853 δόκιμος
504 773 630 831 εἶναι
674 777 728 830 ἐκ
770 786 865 830 τῶν
913 786 1003 830 τοῦ
1035 783 1236 852 κόσμου
1269 780 1609 854 πραγμάτων.
1646 777 1720 830 Οὐ
1751 779 1851 852 γὰρ

252 868 338 922 ἐπὶ
389 875 472 922 σοὶ
519 876 688 920 ταῦτα
721 889 733 901 ·
785 866 911 920 ἀλλά
961 865 1164 931 δίκαιος
1213 872 1324 934 ἔσο,
1356 874 1445 921 καὶ
1497 874 1733 944 σώφρων,
1765 872 1854 920 καὶ

253 963 522 1035 φρόνιμος,
578 963 666 1010 καὶ
725 953 977 1032 ἀνδρεῖος,
1041 965 1131 1012 καὶ
1198 961 1578 1032 ὑπομονητικὸς
1643 958 1690 1010 ἐν
1749 965 1854 1018 τοῖς

251 1049 381 1125 ὑπὲρ
438 1047 690 1108 εὐσεϐείας
742 1049 1074 1121 παθήμασιν.
1127 1049 1280 1102 Οὕτω
1331 1053 1433 1125 γὰρ
1491 1054 1581 1101 καὶ
1636 1052 1853 1100 σεαυτόν

255 1143 460 1206 σὼσεις,
514 1143 601 1190 καὶ
650 1136 732 1190 ἐπὶ
769 1139 1008 1210 μείζοσιν
1062 1137 1275 1211 ἀγαθοῖς
1318 1141 1535 1212 μείζονα
1581 1138 1702 1202 ἔξεις
1757 1143 1851 1197 τὴν

248 1230 593 1304 περιφάνειαν.
646 1226 705 1280 Ἠ
760 1231 850 1300 μεν
907 1231 1008 1304 γὰρ
1069 1227 1223 1305 ἀρετὴ
1281 1228 1354 1302 ἐφ’
1409 1231 1556 1302 ἡμῖν,
1609 1233 1700 1281 καὶ
1749 1225 1852 1280 δυ-

245 1322 374 1376 νατὴ
429 1318 684 1376 κτηθῆναι
735 1324 808 1388 τῷ
864 1316 1121 1392 φιλοπόνῳ
1155 1340 1167 1352 ·
1225 1321 1254 1378 ἡ
1310 1315 1368 1371 δὲ
1415 1327 1514 1370 τῶν
1559 1319 1851 1392 χρημάτων

242 1405 515 1483 περιϐολὴ,
563 1412 653 1460 καὶ
702 1409 814 1484 ὦρα
871 1413 1132 1482 σώματος,
1187 1414 1276 1462 καὶ
1327 1413 1476 1481 ὄγκος
1521 1407 1849 1482 ἀξιωμάτων,

243 1497 340 1550 οὐκ
369 1496 440 1570 ἐφ’
472 1499 620 1570 ἡμῖν.
672 1497 733 1552 Εἰ
778 1502 949 1552 τοίνυν
998 1504 1087 1552 καὶ
1135 1500 1312 1573 μεῖζον
1363 1498 1558 1572 ἀγαθόν
1613 1501 1643 1557 ἡ
1697 1497 1848 1574 ἀρετὴ

241 1591 336 1642 καὶ
402 1583 788 1664 διαρκέστερον,
853 1594 944 1642 καὶ
1001 1589 1378 1664 όμολολυμένην
1441 1592 1585 1664 παρά
1649 1590 1851 1641 πάντων

241 1679 452 1750 ἔχουσα
501 1681 596 1736 τήν
644 1681 988 1752 προτίμησιν,
1016 1681 1212 1738 ταύτην
1270 1683 1394 1752 ἡμῖν
1446 1675 1692 1731 διωκτέον
1726 1700 1738 1712 ο
1791 1681 1852 1738 ἣν

1964 524 2048 575 es,
2080 509 2295 583 visque
2315 511 2512 582 magis
2536 508 2723 583 quam
2746 509 2964 579 vulgus
2982 509 3419 576 clarescere,ob
3441 512 3626 584 idque

1963 600 2232 656 secundo
2262 601 2395 657 loco
2430 618 2563 658 esse
2590 617 2712 658 non
2736 601 3028 668 sustines;
3053 617 3198 656 nam
3219 602 3348 658 haec
3369 607 3458 658 est
3477 619 3627 675 quo-

1963 706 2082 763 que
2104 690 2346 747 occasio
2366 691 2707 747 invidendi:
2737 695 2795 746 tu
2821 689 3000 762 igitur
3025 691 3292 746 studium
3316 696 3488 747 tuum
3509 691 3626 748 vel-

1965 785 2032 836 ut
2048 780 2343 836 ﬂuentum
2374 781 2690 854 quoddam
2713 785 2995 837 converte
3017 780 3096 835 ad
3119 780 3397 837 virtutem
3426 781 3628 854 acqui-

1963 871 2239 927 rendam.
2269 872 2436 928 Absit
2457 871 2617 928 enim
2639 871 2890 927 omnino
2921 875 2986 925 ut
3005 869 3127 926 ullo
3155 871 3340 926 modo
3369 871 3512 926 Veiis
3543 871 3631 927 di-

1965 964 2210 1027 tescere,
2231 960 2600 1034 laudemque
2631 977 2704 1016 ex
2727 959 3055 1016 mundanis
3095 959 3280 1016 rebus
3319 961 3627 1032 quaerere!

1964 1053 2092 1106 Non
2121 1051 2284 1106 enim
2315 1050 2377 1107 in
2415 1055 2471 1106 te
2510 1051 2628 1107 ista
2667 1055 2805 1106 sunt
2857 1050 3005 1106 sita:
3042 1049 3150 1106 sed
3193 1050 3393 1121 justus
3423 1051 3526 1118 sis,
3573 1055 3632 1108 et

1962 1144 2328 1213 temperans,
2354 1145 2413 1197 et
2459 1140 2748 1212 prudens,
2794 1145 2852 1196 et
2895 1139 3081 1208 fortis,
3129 1144 3187 1196 et
3231 1139 3294 1196 in
3338 1141 3632 1212 susceptis

1961 1246 2070 1303 pro
2093 1230 2311 1302 pietate
2330 1230 2642 1288 laboribus
2671 1230 2926 1303 patiens,
2952 1230 3038 1286 Ita
3059 1231 3222 1286 enim
3273 1235 3330 1286 et
3367 1230 3472 1286 tibi
3500 1230 3631 1303 ipse

1961 1319 2349 1392 comparabis
2377 1319 2656 1392 salutem,
2682 1325 2738 1377 et
2767 1319 2846 1377 ob
2868 1320 3034 1378 bona
3055 1320 3292 1390 majora
3331 1320 3630 1391 majorem

1961 1409 2294 1467 claritatem
2315 1425 2707 1482 consequere.
2725 1412 2874 1466 Nam
2906 1425 3091 1482 penes
3112 1425 3225 1466 nos
3255 1413 3344 1466 est
3363 1410 3634 1480 virtus,et

1962 1516 1999 1556 a
2035 1499 2308 1557 studioso
2345 1504 2542 1572 potest
2582 1499 2846 1572 acquiri:
2895 1504 3124 1562 contra,
3157 1499 3505 1555 divitiarum
3535 1515 3632 1556 co-

1961 1590 2084 1664 pia,
2109 1590 2406 1660 elegantia
2435 1591 2792 1663 corporis,et
2821 1589 3185 1660 dignitatum
3207 1589 3545 1662 amplitudo
3567 1591 3632 1646 in

1961 1684 2169 1737 nostra
2207 1695 2330 1735 non
2353 1684 2492 1736 sunt
2520 1684 2836 1751 potestate.
2860 1680 2918 1735 Si
2939 1678 3118 1750 igitur
3144 1679 3328 1736 virtus
3350 1683 3407 1736 et
3426 1680 3628 1750 majus

243 1765 546 1846 ἐγγενέσθαι
593 1773 654 1840 τῇ
710 1766 892 1840 ψυχῇ,
937 1766 1037 1820 ἀπό
1089 1788 1144 1822 τε
1194 1777 1294 1820 τῶν
1338 1767 1501 1820 ἄλλων
1548 1769 1725 1820 παθῶν
1765 1772 1854 1821 καὶ

1970 1769 2195 1826 bonum
2221 1769 2294 1825 sit
2323 1773 2380 1824 et
2399 1769 2751 1842 perennius,
2781 1775 2961 1841 atque
2992 1768 3418 1826 conﬁtentibus
3438 1769 3634 1827 omni-

241 1855 474 1933 μάλιστα
521 1852 588 1914 δὴ
638 1857 842 1909 πάντων
873 1857 983 1930 (73)
1010 1855 1110 1912 ἀπὸ
1155 1865 1247 1919 τῆς
1291 1856 1584 1931 βασκανίας
1636 1862 1707 1931 μὴ
1753 1877 1853 1912 κα-

243 1947 463 2022 θαρευού
473 1965 566 2020 σῃ,
609 1943 907 2019 ἀμήχανον.

1963 1861 2100 1927 bus,
2148 1859 2367 1930 majori
2402 1858 2466 1915 in
2495 1859 2688 1932 pretio
2737 1859 3056 1929 habeatur,
3103 1875 3176 1916 ea
3212 1859 3390 1916 nobis
3421 1875 3625 1932 perse-

1963 1951 2213 2026 quenda
2242 1953 2368 2008 est:
2421 1966 2562 2024 quae
2602 1950 2720 2008 nisi
2767 1966 2909 2008 cum
2935 1950 3240 2023 areliquis
3269 1950 3456 2019 vitiis,
3503 1955 3632 2009 tum

237 2035 518 2096 omnium
547 2035 627 2092 ab
657 2035 886 2095 invidia
912 2041 1226 2111 purgetur,
1259 2038 1467 2097 animo
1509 2038 1855 2110 ingenerari
1884 2059 2009 2103 non
2038 2045 2256 2116 potest.

315 2132 367 2185 6.
400 2126 524 2199 Οὐχ
575 2127 695 2202 ὁρᾷς
747 2127 926 2186 ἡλίκον
972 2133 1131 2182 κακὸν
1163 2133 1193 2190 ἡ
1229 2131 1544 2207 ὑπόκρισις;
1579 2135 1681 2184 Καὶ
1719 2129 1853 2188 αὖητ

239 2221 436 2294 καρπός
481 2217 594 2270 ἐστι
640 2224 732 2271 τοῦ
771 2219 981 2290 φθόνου.
1014 2223 1083 2274 Τὸ
1137 2222 1238 2297 γὰρ
1292 2217 1510 2274 διπλοῦν
1557 2229 1649 2274 τοῦ
1697 2222 1855 2285 ἤθους

242 2312 300 2366 ἐκ
352 2314 537 2384 φθόνον
587 2311 822 2384 μάλιστα
877 2321 983 2374 τοῖς
1039 2312 1327 2391 ἀνθρώποις
1377 2315 1657 2388 ἐγγίνεται,
1707 2316 1851 2383 ὅταν,

243 2405 306 2456 τὸ
355 2409 509 2474 μῖσος
557 2401 606 2454 ἐν
658 2410 732 2472 τῷ
793 2400 947 2474 βάθει
989 2409 1318 2476 κατέχοντες,
1377 2404 1554 2479 ἀγάπῃ
1611 2393 1854 2458 δεικνύωέ

246 2510 304 2546 σι
333 2493 448 2564 (74)
479 2497 992 2568 κατακεχρωσμένην
1048 2499 1144 2554 τὴν
1196 2493 1492 2568 ἐπιφάνειαν
1521 2515 1534 2528 ο
1587 2497 1722 2549 κατά
1763 2496 1854 2557 τὰς

240 2581 462 2655 ὑφάλους
538 2585 747 2658 πέτρας,
789 2583 864 2652 αἱ,
933 2582 1133 2659 βραχεῖ
1213 2581 1376 2638 ὕδατι
1441 2584 1852 2658 καλυπτόμεναι,

241 2674 406 2724 κακόν
462 2669 786 2747 ἀπροόρατον
837 2679 944 2734 τοῖς
999 2671 1307 2746 ἀφυλάκτοις
1349 2679 1597 2746 γίνονται.
1631 2675 1692 2730 Εἰ
1737 2679 1853 2728 τοί-

241 2783 332 2814 νυν
397 2767 488 2816 καὶ
559 2763 772 2824 θάνατος
851 2765 977 2836 ἡμὶν
1044 2764 1231 2818 ἐκεῖθεν
1311 2767 1484 2842 ὥσπερ
1562 2765 1617 2819 ἐκ
1681 2774 1854 2838 πηγῆς

245 2851 493 2928 ἑπερῥὺη,
558 2849 765 2924 ἀγαθῶν
823 2854 1100 2927 ἔκπτωσις,
1163 2863 1296 2909 Θεοῦ
1359 2854 1717 2932 ἀλλοτρίωσις,
1779 2858 1856 2910 θε-

247 2949 392 3014 σμῶν
427 2943 710 3013 σύγχυσις,
743 2947 834 2996 καὶ
865 2940 1132 3020 ἀνατροπὴ
1181 2947 1384 2998 πάντων
1435 2947 1566 3020 ὁμοῦ
1613 2955 1715 2999 τῶν
1765 2966 1854 3000 κα-

244 3031 315 3083 τὰ
359 3033 447 3083 τὸν
499 3029 614 3103 βίον
667 3032 835 3085 καλῶν
869 3053 882 3066 ·
929 3035 1224 3108 πεισθῶμεν
1271 3043 1343 3106 τῷ
1391 3035 1716 3109 Ἀποστόλῳ,
1765 3040 1856 3089 καὶ

245 3123 334 3178 Μὴ
380 3122 644 3193 γενώμεθα
670 3118 956 3188 κενόδοξοι,
992 3123 1244 3186 άλλὴλους
1272 3125 1687 3201 προκαλούμενοι
1719 3129 1853 3200 (75),

245 3207 482 3270 ἀλλήλοις
512 3211 809 3284 φθονοῦντες
839 3233 851 3246 ·
888 3211 1016 3266 ἀλλά
1044 3213 1234 3286 μᾶλλον
1264 3221 1526 3290 χρηστοὶ,
1553 3216 1859 3289 εὔσπλαγχ-

246 3318 350 3368 νοι,
393 3300 740 3376 χαριζόμενοι
790 3301 1009 3372 ἑαυτοῖς,
1057 3307 1121 3365 ὡς
1181 3310 1271 3358 καὶ
1320 3307 1345 3357 ὁ
1392 3310 1517 3367 Θεὸς
1566 3306 1860 3382 ἐχαρίσατο

244 3389 394 3460 ἡμῖν,
446 3389 496 3441 ἐν
545 3398 763 3466 Χριστῷ
810 3391 988 3450 Ἰησοῦ
1043 3401 1116 3463 τῷ
1169 3399 1345 3467 Κυρὶῳ
1390 3396 1559 3468 ἡμῶν,
1591 3396 1702 3468 μεθ’
1735 3397 1796 3448 οὗ
1825 3399 1855 3456 ἡ

248 3469 380 3536 δόξα
426 3481 501 3546 τῷ
547 3479 717 3550 Πατρὶ
750 3479 845 3528 σὺν
875 3485 947 3548 τῷ
976 3475 1109 3550 ἀγίῳ
1139 3481 1405 3552 Πνεύματι
1435 3480 1502 3540 εἰς
1525 3484 1641 3542 τοὺς
1674 3481 1860 3544 αἰῶνας

245 3571 346 3616 τῶν
378 3563 597 3619 αἰώνων.
627 3563 816 3638 Ἀμήν.

2037 2138 2090 2190 6.
2121 2137 2338 2188 Annon
2363 2129 2536 2188 vides
2558 2134 2857 2204 quantum
2887 2130 3122 2190 malum
3146 2131 3491 2204 hypocrisis
3521 2130 3632 2188 sit?

1964 2222 2183 2280 ΕΗ]ωο
2220 2220 2460 2277 invidiae
2507 2220 2742 2278 fructus
2770 2225 2881 2278 est.
2913 2224 3065 2277 Nam
3085 2220 3310 2277 invidia
3367 2221 3633 2278 maxime

1964 2312 2240 2369 animum
2261 2309 2568 2382 duplicem
2589 2309 2747 2366 indit
2773 2310 3148 2380 hominibus,
3171 2311 3467 2383 quoniam
3492 2327 3634 2368 cum

1963 2402 2105 2460 odio
2133 2402 2296 2458 intus
2321 2401 2586 2473 detento,
2621 2401 3010 2473 superﬁciem
3059 2401 3394 2474 quamdam
3433 2401 3633 2458 colore

1963 2510 2034 2550 ac
2052 2492 2251 2566 specie
2271 2490 2578 2548 charitatis
2599 2490 2932 2548 obductam
2955 2491 3437 2560 ostendunt,non
3463 2491 3635 2549 aliter

1964 2587 2146 2656 atque
2187 2581 2444 2638 latentes
2471 2580 2534 2637 in
2572 2580 2728 2637 mari
2767 2580 3022 2654 scopuli,
3052 2581 3157 2654 qui
3182 2580 3424 2638 modica
3471 2597 3636 2654 aqua

1963 2672 2240 2739 contecti,
2271 2669 2675 2743 improvisum
2699 2670 2933 2727 malum
2954 2669 3213 2727 incautis
3231 2670 3636 2728 inferunt.Ita-

1963 2777 2083 2835 que
2113 2761 2162 2817 si
2187 2760 2348 2817 illinc
2373 2759 2555 2833 quasi
2601 2776 2676 2816 ex
2705 2759 2870 2817 fonte
2909 2765 3158 2817 emanat
3184 2760 3247 2817 in
3284 2777 3399 2817 nos
3448 2776 3635 2832 mors,

1962 2851 2270 2909 bonorum
2289 2849 2552 2921 jactura,
2579 2848 2946 2907 abalienatio
2968 2865 3004 2906 a
3026 2852 3167 2916 Deo,
3194 2849 3400 2920 legum
3431 2850 3638 2907 confu-

1967 2942 2082 3012 sio,
2139 2945 2197 2998 et
2247 2939 2525 2996 omnium
2557 2938 2740 2995 simul
2775 2939 3082 2996 bonorum
3113 2939 3196 2996 ad
3228 2939 3412 2997 vitam
3456 2940 3634 3012 perti-

1965 3031 2238 3089 nentium
2265 3028 2522 3097 eversio,
2545 3044 2782 3085 morem
2805 3044 3092 3099 geramus
3116 3029 3427 3102 Apostolo,
3462 3034 3520 3086 et
3547 3031 3638 3089 Ne

1968 3124 2309 3195 efﬁciamur
2345 3121 2549 3177 inanis
2597 3121 2809 3191 gloria
2863 3119 3088 3190 cupidi,
3135 3121 3388 3178 invicem
3422 3137 3636 3192 provo-

1968 3219 2194 3279 cantes,
2224 3211 2474 3268 invieem
2497 3211 2828 3267 invidentes
2852 3212 2894 3246 δ’
2927 3225 2940 3276 ;
2973 3209 3082 3266 scd
3112 3211 3312 3283 potius
3349 3212 3635 3282 Benigni,

1967 3302 2400 3371 misericordes,
2464 3301 2759 3358 donantes
2825 3301 3294 3370 nobismetipsis,
3359 3303 3517 3357 sicut
3580 3310 3636 3359 et

1968 3396 2125 3452 Deus
2151 3393 2398 3449 donavit
2423 3391 2593 3448 nobis
2615 3393 2686 3457 δ’,
2707 3391 3032 3461 ἱῃξϐὴτὶεῐο
3050 3393 3190 3448 Jesu
3220 3391 3477 3447 Domino
3500 3407 3639 3448 nos-

1968 3487 2082 3551 tro,
2112 3497 2381 3556 quocum
2420 3480 2495 3537 sit
2537 3480 2731 3551 gloria
2761 3481 2920 3537 Patri
2952 3495 3076 3538 una
3105 3498 3242 3539 cum
3267 3486 3479 3540 sancto
3511 3481 3637 3554 Spi-

1969 3572 2108 3643 ritu,
2126 3573 2188 3628 in
2217 3570 2442 3629 saecula
2468 3569 2853 3627 saeculorum.
2882 3574 3095 3628 Amen.

249 3721 3607 3744 Mm

783 3831 1031 3884 OMIAIA
1069 3827 1142 3884 IB'
1183 3831 1318 3904 (76).

537 3915 624 3979 Εἰς
651 3920 744 3977 τὴν
777 3916 952 3996 ἀρχὴν
982 3929 1082 3973 τῶν
1110 3927 1410 3999 Παροιμιῶν
1430 3923 1568 3996 (77).

323 4019 374 4080 1.
417 4023 639 4097 Ἀγαθός
688 4028 715 4080 ό
761 4035 854 4089 τῆς
901 4028 1185 4092 εὐπειθείας
1222 4034 1431 4105 μισθός.
1457 4033 1856 4108 Ὑπακούσωμσν

248 4120 422 4169 τοίνυν
469 4125 698 4192 χρηστῷ
747 4124 936 4196 Πατρὶ,
969 4121 1315 4197 προϐάλλοντι
1367 4125 1493 4198 ἡμῖν
1547 4124 1858 4200 ἀγωνίσμαη

2574 3832 2869 3891 HOMILIA
2915 3833 3030 3890 XII.

2313 3924 2390 3981 In
2414 3921 2790 3995 principium
2817 3923 3299 3982 Proverbior-um.

2042 4035 2094 4090 i.
2121 4031 2354 4090 Eximia
2372 4037 2460 4089 est
2479 4033 2841 4090 obedientia:
2869 4049 3122 4090 merces.
3141 4031 3514 4092 ObediamUs
3535 4031 3640 4107 igi-

1967 4126 2064 4180 tur
2083 4124 2351 4194 benigno
2384 4123 2558 4191 Patri,
2582 4124 2917 4180 certamina
2946 4125 3126 4181 nobis
3154 4129 3335 4198 atque
3357 4126 3640 4183 eXercitia

250 4224 319 4259 τα
359 4205 416 4258 ἐκ
463 4215 561 4260 τῶν
614 4206 800 4280 λογίων
823 4217 916 4262 τοῦ
960 4214 1254 4286 Πνεύματος
1279 4234 1292 4248 ο
1343 4214 1395 4275 ὃς
1433 4209 1569 4269 κατά
1614 4219 1731 4277 τοὺς
1775 4215 1856 4289 ἐμ-

1970 4230 2040 4270 ex
2067 4213 2320 4287 Spiritus
2350 4212 2610 4270 oraculis
2632 4215 2998 4286 proponenti
3025 4229 3038 4268 :
3073 4215 3180 4287 qui
3222 4230 3388 4271 more
3421 4215 3640 4288 perito-

253 4299 461 4371 πείρους
506 4303 606 4349 τῶν
675 4298 936 4372 θηρευτῶν
1005 4300 1054 4354 ἐν
1119 4299 1408 4365 δυσϐάτοις
1462 4309 1704 4382 χωρίοις,
1753 4307 1858 4359 οἷον

259 4383 516 4448 σκύλακός
570 4405 728 4458 τινος,
777 4392 870 4446 τὴν
931 4398 1114 4467 πεῖραν
1172 4400 1264 4446 τοῦ
1324 4389 1524 4470 ὃρόμου
1582 4395 1858 4468 λαμϐάνειν

258 4472 523 4548 βούλεται.
578 4477 834 4553 ΙΙροέϐαλε
884 4476 943 4533 δὲ
992 4483 1116 4554 ἡμῖν
1167 4483 1234 4545 εἰς
1287 4484 1537 4557 ἐξήγησιν
1586 4490 1646 4540 τό
1683 4493 1861 4564 προοί-

255 4584 375 4638 μιον
421 4574 520 4618 τῶν
571 4573 893 4642 Παροιμιῶν.
921 4576 1095 4634 Ὅπως
1152 4569 1212 4628 6“:
1266 4569 1602 4652 δυσθήρατός
1647 4584 1740 4639 τῆς
1785 4577 1862 4632 λέ-

329 4709 373 4747 ⁶¹
409 4709 595 4769 Galat.
627 4727 689 4784 v,
708 4715 806 4771 26.

476 4858 620 4936 Beg.
650 4855 883 4936 primus
908 4861 1122 4936 μετάθες
1147 4870 1368 4936 σεαυτῷ.

331 4871 449 4936 (⁷12)
481 4871 620 4985 κεῖ,
650 4871 883 4930 primus
908 4871 1122 4934 μετάθες
1147 4871 1368 4936 σεαυτῷ.

471 4927 607 5014 (ξοΙΗ
625 4967 638 4984 .
662 4930 1158 5014 ρξ’ὶςηιιςχμάλιστά
1185 4954 1245 5014 γε
1276 4938 1504 4993 πάντων.

479 5001 722 5075 Antiqui
743 5003 868 5075 duo
896 5001 1032 5062 libri
1074 5001 1397 5064 δεικνύουσι.

481 5072 897 5157 Ηθξβριξὶωυε
927 5075 1175 5157 ἀλλήλους
1195 5079 1680 5157 ,παρακαλορμενοξ
1713 5075 1866 5157 Egitl

261 5140 516 5217 manu;
550 5140 866 5217 φθονοῦντες.
908 5152 979 5206 At
1009 5167 1153 5206 mss.
1189 5140 1304 5208 tres
1354 5140 1608 5214 ἀλλήλοις.
1652 5155 1716 5208 In
1743 5153 1865 5210 ﬁne

261 5215 565 5300 orationis
600 5217 698 5300 sic
725 5217 843 5300 hic
874 5219 1066 5300 habet
1097 5225 1238 5295 Reg.
1284 5225 1590 5300 secundus
1623 5241 1637 5280 :
1686 5229 1866 5300 Κυρίῳ

262 5283 496 5368 ἡμῶν,ιρ
526 5291 556 5347 ἦ
601 5285 734 5368 δόξα
763 5295 853 5342 καὶ
877 5295 936 5344 τό
961 5294 1152 5368 κράτος
1180 5283 1268 5346 νῦν
1301 5300 1389 5348 καὶ
1418 5296 1487 5356 εἰς
1510 5300 1630 5356 τοὺς
1655 5283 1861 5357 αἰῶνας..

337 5359 452 5440 ρῳ
478 5362 541 5415 In
569 5359 1071 5440 quodamcodi'ce
1094 5366 1717 5440 Colbertino,numero
1739 5372 1863 5436 499,

267 5427 561 5510 scholium
577 5427 781 5510 notatu
795 5433 1219 5510 dignissimum
1232 5427 1868 5497 invenimus.Primum

265 5505 326 5556 in
351 5505 478 5583 ima
504 5505 795 5583 marginis
826 5513 996 5583 parte
1019 5508 1102 5564 ita
1119 5509 1590 5583 _l_egitvr,a;¢é).to~.a
1617 5511 1868 5579 ;deinde

266 5575 540 5659 sequitur
559 5592 584 5659 5
631 5575 794 5659 95m;
827 5575 872 5659 ’ό
920 5578 1066 5652 λόγος
1340 5575 1748 5659 ,ἑπῖνῗπαρουσία
1774 5590 1867 5635 τοῦ

269 5639 446 5719 urit—ou,
480 5645 751 5720 Μελετίου,
805 5639 1376 5730 αὐτοῦ’προτρὲψαντός
1401 5675 1413 5690 ο
1464 5639 1675 5709 ἔτίτοῡ
1713 5639 1867 5728 ἀγίου

888 4715 938 4754 ⁶²
970 4715 1187 4789 Ephes.
1217 4731 1293 4791 1v,
1325 4721 1413 4777 32.

1966 4319 2106 4360 rum
2135 4309 2493 4360 venatorum
2519 4303 2582 4359 in
2600 4302 2746 4359 locis
2769 4303 3079 4360 dtfﬁcilem
3111 4303 3341 4360 aditum
3364 4305 3637 4362 habenti-

1967 4392 2237 4464 bus,vult
2253 4394 2428 4466 quasi
2449 4393 2633 4451 catuli
2657 4393 2914 4466 alicujus
2936 4411 3181 4452 cursum
3204 4395 3483 4468 experiri.
3498 4399 3639 4452 Pro-

1968 4483 2319 4540 verbiorum
2333 4487 2539 4540 autem
2555 4483 2922 4557 principium
2937 4484 3113 4540 nobis
3125 4485 3640 4558 proposuitexpo-

1971 4573 2469 4640 nendum.Quam
2491 4578 2696 4632 autem
2717 4573 2940 4633 horum
2961 4573 3289 4632 verborum
3308 4573 3642 4646 intelligen-

1972 4861 2245 4916 Βασιλείου
2305 4857 2579 4916 διακόνου’
2605 4865 2764 4924 ὄντος.
2793 4861 2911 4920 Hic
2961 4877 3152 4921 sermo
3191 4865 3388 4922 dictus
3417 4872 3504 4924 est
3548 4877 3641 4925 00⁸

1971 4952 2108 4991 rum
2141 4941 2350 4992 sancto
2382 4935 2640 5006 Metetio,
2673 4936 2860 5004 ipsius
2919 4935 3184 5007 hortatu,
3217 4954 3350 4995 cum
3396 4944 3639 4998 sanctus

1971 5009 2242 5079 Basilius
2275 5008 2476 5064 adhuc
2523 5009 2814 5064 diaconus
2863 5014 3035 5065 esset.
3073 5010 3215 5079 Ejus
3242 5015 3444 5066 autem
3468 5013 3642 5069 scho-

1971 5078 2034 5154 lii
2060 5080 2393 5154 auctoritas
2442 5095 2518 5154 eo
2571 5079 2980 5154 majorvideri
3017 5078 3216 5150 debet,
3239 5082 3407 5154 quod
3445 5085 3640 5140 codex

1976 5151 2378 5215 Colbertinus,
2411 5157 2476 5207 ut
2504 5150 2566 5206 in
2605 5148 2726 5205 ﬁne
2775 5148 2908 5205 libri
2965 5148 3228 5220 notatur,
3258 5148 3497 5210 decimo
3531 5173 3641 5212 sm-

1975 5221 2116 5279 culo
2165 5223 2428 5295 scriptus
2486 5223 2578 5287 sit,
2626 5238 2788 5295 anno
2843 5221 3120 5295 videlicet
3148 5227 3273 5279 971.
3323 5227 3517 5282 Nolim
3549 5233 3639 5283 ta-

1975 5309 2117 5366 men
2173 5292 2496 5366 propterea
2525 5294 2723 5349 statim
2745 5292 2958 5366 credas
2988 5295 3267 5351 Basilium
3311 5298 3640 5355 diaconum

1975 5364 2344 5433 iuisse,‘cum
2371 5365 2560 5422 dubia
2588 5382 2682 5422 res
2713 5365 2787 5421 sit
2831 5370 2889 5421 et
2915 5365 3163 5424 incerta.
3206 5371 3285 5424 De
3315 5369 3409 5425 his
3448 5370 3641 5426 fusius

1975 5437 2041 5494 in
2077 5438 2208 5494 Vita
2237 5438 2478 5494 Basilii.

2051 5511 2167 5587 (77)_
2183 5509 2467 5587 veterem
2494 5507 2963 5587 translationem
3017 5509 3217 5568 Ruﬁni
3243 5511 3434 5569 habes
3458 5512 3641 5587 infra,

1977 5582 2127 5640 torni
2153 5581 2336 5655 hujus
2360 5597 2424 5654 p,
2449 5585 2578 5638 730.
