4098 6378
483 305 593 360 387

1839 290 1897 349 S.
1938 287 2195 347 BASlLll
2234 289 2456 348 MAGNI

3744 298 3852 355 388

481 428 565 484 tia
589 428 772 497 captu
793 421 1055 478 difﬁcilis
1083 419 1172 482 sit,
1207 418 1450 476 cuilibet
1468 418 1564 476 vel
1602 416 1924 492 paululum
1950 419 2134 472 atten-

2249 415 2366 479 ξεως
2433 418 2626 479 ταύτης
2677 418 2703 470 6
2755 425 2888 484 νοῦς,
2947 422 3104 471 παντὶ
3167 421 3427 493 γνώριμον
3479 426 3552 490 τῷ
3600 423 3691 473 καὶ
3756 441 3850 493 μι-

481 515 647 572 denti
669 516 1050 587 perspectum
1093 515 1207 566 est.
1242 513 1668 566 Verumtamen
1717 509 1844 563 sine
1874 522 2046 562 mora
2085 509 2140 560 et

483 603 865 662 cunctatione
891 604 1125 673 oportet
1167 615 1296 655 rem
1341 598 1608 669 aggredi,
1640 612 1746 670 spe
1774 597 1836 652 in
1887 593 2138 650 Domino

483 691 910 764 collocata,qui
938 690 1197 763 pastoris
1223 689 1502 762 precibus
1525 688 1695 744 dabit
1715 686 1893 743 nobis
1915 700 2138 741 sermo-

481 801 624 840 nem
649 783 712 838 in
743 781 1056 853 apertione
1085 780 1206 836 oris
1231 778 1421 834 nostri
1442 779 1508 833 6³.
1543 782 1671 834 Non
1704 775 1965 848 amplius
2019 778 2137 829 tres

484 870 916 945 sapientissimi
954 868 1294 927 Salomonis
1325 867 1513 924 libros
1559 867 1861 932 novimus,
1903 867 2140 920 Prover-

481 962 748 1032 biorum,
767 959 1142 1016 Ecclesiastae
1164 964 1219 1014 et
1245 957 1467 1015 Cantici
1496 957 1893 1026 canticorum,
1925 969 2140 1009 unum-

481 1067 791 1126 quemque
821 1048 902 1105 ad
923 1048 1238 1122 proprium
1261 1063 1516 1119 scopum
1547 1049 2139 1118 spectantem,quan-

481 1157 671 1214 quam
697 1154 912 1196 omnes
955 1138 1075 1210 98
1123 1137 1201 1193 ad
1240 1137 1560 1193 hominum
1605 1134 1918 1191 utilitatem
1963 1147 2141 1189 cons-

483 1231 655 1304 cripti
686 1228 1241 1286 sunt.Proverbium
1263 1228 1426 1283 enim
1454 1243 1695 1283 morum
1725 1223 2137 1292 estinstitutio,

481 1325 540 1378 et
564 1320 852 1377 correctio
877 1318 1234 1387 affectuum;
1265 1322 1323 1373 et
1345 1319 1407 1373 in
1433 1317 1838 1381 summa,vitee
1854 1321 1945 1372 est
1968 1315 2141 1370 disci-

479 1409 882 1482 plina,eorum
900 1423 1036 1479 quae
1063 1407 1304 1478 agenda
1330 1407 1928 1480 sunt,prazceptiones
1955 1420 2138 1460 sanas

480 1515 553 1555 ac
575 1500 854 1556 cordatas
882 1497 1701 1569 complectens.Ecclesiastes
1721 1513 1866 1553 vero
1892 1495 2140 1568 physio-

475 1588 702 1660 logiam
727 1587 1287 1660 attingit,nobisque
1304 1603 1516 1644 eorum
1535 1604 1671 1662 quae
1692 1587 1754 1644 in
1775 1587 1886 1643 hoc
1909 1585 2138 1642 mundo

478 1684 623 1735 sunt
641 1678 964 1734 vanitatem
989 1677 1274 1750 patefacit
1297 1696 1311 1746 ;
1337 1684 1400 1734 ut
1419 1694 1497 1735 ne
1523 1683 1806 1750 putemus
1826 1693 1922 1733 res
1943 1677 2139 1732 ﬂuxas

2247 512 2369 583 κρόν
2427 508 2540 579 (78)
2587 507 2954 567 ἐπιστήσαντα
3011 508 3151 568 Πλὴν
3203 509 3296 561 ούκ
3358 506 3672 568 ἀποκνητέον
3725 513 3852 584 πρὸς

2246 603 2342 657 τὴν
2373 599 2701 674 ἐγχείρησιν,
2734 604 2826 658 τὴν
2873 595 3060 652 ἂπίδα
3091 601 3324 672 θεμένους
3372 599 3456 652 ἐπὶ
3502 602 3590 653 τὸν
3639 602 3850 678 Κύριον,

2249 688 2319 758 ὃς,
2368 685 2462 740 διὰ
2508 697 2607 741 τῶν
2660 698 2973 764 προσευχῶν
3030 696 3122 742 τοῦ
3173 693 3428 761 ποιμένος,
3482 685 3646 742 δώσει
3697 689 3850 761 λόγον

2248 780 2373 851 ἡμῖν
2424 778 2471 830 ἐν
2525 777 2714 841 ἀνοίξει
2762 788 2852 832 τοῦ
2906 783 3161 852 στόματος
3215 781 3381 852 ἡμῶν.
3414 785 3560 855 Τρεῖς
3615 781 3708 841 τὰς
3754 782 3851 834 πά-

2251 888 2345 930 σας
2390 872 2610 942 ἔγνωμεν
2667 875 3026 945 πραγματείας
3075 878 3168 924 τοῦ
3225 871 3528 944 σοφωτάτου
3588 870 3850 944 Σολομῶν-

2248 979 2330 1020 τος
2355 980 2368 993 ’
2402 965 2494 1018 τὴν
2521 979 2574 1012 τε
2615 968 2714 1012 τῶν
2747 967 3047 1036 Παροιμιῶν
3078 963 3292 1033 τούτων,
3344 966 3434 1014 καὶ
3475 965 3570 1020 τὴν
3619 968 3712 1014 τοῦ
3755 968 3850 1016 Εκ-

2247 1049 2596 1117 κλησιαστοῡ,
2655 1055 2744 1102 καὶ
2791 1055 2885 1110 τὴν
2937 1059 3029 1104 τοῦ
3076 1050 3344 1125 ᾊσματος
3390 1058 3492 1104 τῶν
3550 1049 3798 1124 ᾀσμάτων
3830 1071 3844 1086 ·

2249 1139 2475 1200 ἑκάστην
2522 1144 2648 1216 πρὸς
2700 1137 2838 1194 ἴδιον
2902 1144 3095 1194 σκοπόν
3152 1145 3566 1214 συντεταγμένην
3602 1162 3615 1174 ·
3674 1146 3848 1195 πᾶσαι

2248 1235 2421 1304 μέντοι
2478 1229 2553 1283 ἐπ’
2621 1229 2834 1303 ὠφελείᾳ
2897 1239 2997 1284 τῶν
3070 1230 3350 1307 ἀνθρώπων
3414 1231 3736 1307 ἐγράφησαν.
3789 1231 3848 1284 Ἠ

2249 1326 2338 1395 μὲν
2376 1325 2478 1398 γὰρ
2506 1327 2774 1396 Παροιμίαι
2824 1318 3103 1383 παίδευσίς
3153 1322 3293 1374 ἐστιν
3341 1321 3502 1390 ἠθῶν,
3551 1325 3642 1374 καὶ
3670 1323 3849 1374 παθῶν

2250 1407 2620 1484 ἐπανόρθωσις,
2653 1412 2743 1461 καὶ
2774 1407 2897 1468 ὅλως
2949 1403 3280 1460 διδασκαλία
3333 1405 3478 1479 βίου,
3517 1409 3714 1468 πυκνὰς
3759 1409 3850 1467 τὰς

2249 1499 2515 1559 ὑποθήκας
2546 1502 2874 1574 περιέχουσα
2905 1497 3018 1571 (79)
3048 1505 3149 1550 τῶν
3179 1500 3447 1573 πρακτέων
3477 1517 3490 1531 ·
3546 1498 3572 1548 ὁ
3623 1493 3682 1550 δὲ
3731 1496 3851 1550 Ἐκ-

2249 1587 2576 1649 κλησιαστὴς
2643 1587 2978 1661 φυσιολογίας
3040 1587 3280 1655 ἅπτεται,
3343 1592 3433 1639 καὶ
3499 1584 3852 1639 ἀποκαλύπτει

2248 1680 2373 1751 ἡμῖν
2403 1687 2502 1731 τῶν
2535 1678 2582 1731 ἑν
2612 1687 2684 1750 τῷ
2715 1683 2898 1751 κόσμῳ
2939 1679 3108 1749 τούτῳ
3155 1682 3248 1737 τὴν
3301 1680 3632 1750 ματαιότητα
3656 1697 3668 1710 ·
3716 1677 3853 1729 ὥστε

479 1767 848 1841 expetendas
877 1783 1033 1834 esse,
1065 1771 1170 1822 aut
1192 1767 1380 1824 animi
1408 1785 1585 1824 curas
1611 1768 1675 1824 in
1704 1784 1798 1824 res
1818 1766 2017 1823 futiles
2045 1766 2136 1821 in-

2248 1773 2317 1841 μὴ
2375 1770 2622 1840 ἡγεῖσθαι
2678 1764 3121 1844 περισπούδαστα
3170 1765 3301 1820 εἶναι
3352 1769 3418 1821 τὰ
3453 1771 3851 1842 παρερχόμενα,

480 1856 830 1914 sumendas.
873 1857 1184 1912 Canticum
1215 1862 1418 1914 autem
1468 1860 1840 1916 canticorum
1883 1856 2135 1914 modum

479 1947 743 2005 ostendit
764 1947 1108 2004 animarum
1129 1948 1948 2018 perﬁciendarum.Continet
1968 1964 2139 2004 nam-

479 2053 599 2110 que
625 2052 869 2109 sponsre
900 2041 958 2092 et
986 2037 1193 2109 sponsi
1213 2038 1625 2107 concordiam,
1649 2039 1894 2108 hocest,
1918 2039 2139 2094 animae

481 2140 621 2181 cum
652 2125 773 2180 Deo
803 2123 993 2181 Verbo
1010 2124 1486 2186 familiaritatem
1515 2143 1585 2184 ac
1610 2127 2142 2185 consuetudinem.

479 2214 596 2271 Sed
615 2214 695 2272 ad
720 2215 1101 2288 propositum
1129 2220 1530 2275 revertamur.

549 2399 604 2453 2.
630 2396 956 2454 Proverbia
987 2397 1326 2456 Salomonis
1349 2399 1472 2468 lilii
1497 2399 1718 2468 David,
1744 2401 1854 2473 qui
1869 2401 2142 2472 regnavit

481 2487 547 2542 in
588 2487 786 2543 Israel
807 2487 878 2542 δι.
911 2488 1369 2546 Proverbiorum
1402 2505 1629 2547 nomen
1659 2490 1738 2547 ab
1765 2492 2026 2548 externis
2065 2491 2140 2548 de

484 2575 872 2632 sermonibus
905 2576 1350 2646 vulgatioribus
1374 2585 1732 2653 usurpatum
1757 2586 1866 2650 est,
1893 2586 1951 2638 et
1970 2583 2045 2638 de
2069 2582 2140 2638 iis

479 2680 618 2738 quae
643 2665 706 2720 in
736 2665 843 2722 viis
865 2671 930 2722 ut
959 2666 1291 2739 plurimum
1316 2668 1769 2727 dicuntur.Nam
1797 2673 2141 2745 apudipsos

481 2751 628 2826 οἶμος
663 2757 759 2812 via
792 2755 1028 2826 dicitur;
1063 2758 1223 2814 unde
1244 2759 1423 2816 etiam
1448 2763 1799 2830 paraemiam
1821 2761 2138 2831 deﬁniunt,

479 2843 738 2900 verbum
765 2845 993 2903 triviale
1014 2847 1178 2917 vulgi
1208 2864 1323 2904 usu
1353 2850 1640 2921 tritum,et
1663 2851 1828 2924 quod
1860 2869 1896 2908 a
1925 2853 2139 2925 paucis

479 2933 554 2989 ad
585 2933 762 3007 plura
789 2934 1009 2992 similia
1035 2937 1343 2995 transferri
1370 2945 1583 3013 potest.
1619 2941 1800 3014 Apud
1842 2957 1954 2999 nos
1997 2958 2139 3000 vero

477 3024 769 3094 paroemia
789 3029 879 3080 est
899 3041 1100 3082 sermo
1129 3027 1307 3095 utilis,
1341 3045 1481 3086 cum
1510 3035 1846 3104 temperata
1867 3031 2140 3089 obscuri-

481 3115 600 3169 tate
622 3129 968 3186 expressus,
999 3118 1340 3174 secundum
1370 3119 1569 3194 ipsam
1593 3121 1853 3180 litteram
1879 3124 2139 3180 multum

476 3203 889 3276 complectens
920 3200 1209 3276 utilitatis,
1241 3214 1300 3265 et
1322 3210 1582 3268 multum
1615 3213 1778 3270 intus
1809 3214 2141 3285 intelligen-

475 3292 572 3348 tiae
598 3293 931 3350 occultans.
975 3295 1143 3352 Unde
1174 3298 1358 3355 etiam
1391 3302 1699 3371 Dominus,
1731 3305 1898 3372 Haec,
1920 3289 2136 3378 inquit,

473 3382 538 3437 in
553 3385 865 3452 paraemiis
885 3386 1044 3442 vobis
1069 3388 1300 3445 locutus
1323 3407 1475 3449 sum.
1495 3394 1661 3450 Venit
1681 3394 1991 3467 hora,cum
2003 3401 2140 3468 jam

473 3486 598 3527 non
625 3473 688 3528 in
716 3477 1043 3545 parzmiis,
1069 3478 1175 3533 sed
1192 3481 1402 3548 palam
1427 3483 1646 3555 loquar
1680 3485 1840 3542 vobis
1869 3489 1939 3555 ‘5;
1973 3487 2142 3561 quod

474 3576 677 3618 sermo
705 3562 810 3634 qui
831 3563 890 3619 in
915 3568 1277 3636 parcemiam
1299 3571 1747 3642 cessit,sensum
1773 3582 2050 3649 apertum
2085 3581 2145 3635 et

468 3650 650 3721 vulgo
680 3658 892 3710 notum
913 3671 1038 3712 non
1068 3657 1387 3727 habet,sed
1413 3663 1657 3736 oblique
1682 3665 2143 3738 intelligentiam

471 3753 648 3796 suam
680 3741 916 3799 indicat
942 3747 1386 3816 sagacioribus.
1429 3755 1723 3811 Paroemia
1752 3755 1956 3829 itaque
1984 3757 2145 3814 Salo-

485 3829 710 3899 monis,
736 3830 853 3887 hoc
885 3839 1309 3899 est,sermones
1329 3841 1738 3912 exhortatorii,
1760 3845 1839 3902 ad
1860 3862 2041 3903 omne
2063 3848 2145 3904 vi-

473 3921 548 3975 tae
579 3935 770 3988 genus
801 3937 872 3977 ac
899 3924 1236 3984 institutum
1267 3930 1461 3987 utiles.
1487 3934 1782 4007 Apposuit
1804 3942 2009 3994 autem
2037 3953 2144 3995 no-

471 4022 614 4062 men
637 4008 968 4081 scriptoris,
1003 4019 1066 4070 ut
1099 4032 1375 4088 personae
1397 4020 1664 4080 claritate
1686 4024 1950 4082 alliceret
1969 4028 2141 4084 audi-

470 4097 684 4152 torem.
718 4101 868 4155 Nam
895 4105 1223 4163 auctoritas
1253 4107 1526 4167 docentis
1548 4117 1605 4168 et
1631 4113 1996 4184 dignitas,ut
2019 4127 2133 4174 ser‘

483 4201 730 4242 monem
761 4189 940 4247 efﬁcit
967 4201 1214 4268 receptu
1259 4198 1520 4268 facilem,
1560 4203 1642 4259 ita
1680 4207 2024 4264 attentiores
2053 4210 2140 4266 di-

476 4275 743 4370 scipulos
772 4280 990 4370 reddit.
1035 4287 1184 4344 Sunt
1227 4289 1408 4360 igitur
1435 4294 1746 4365 paraemim
1775 4296 2134 4370 Salomonis,

2245 1855 2384 1932 μηδὲ
2435 1865 2541 1919 τοῖς
2597 1864 2837 1931 ματαίοις
2893 1856 3330 1934 προσαναλίσκειν
3381 1865 3472 1920 τῆς
3523 1856 3705 1929 ψυχῆς
3757 1856 3853 1922 τὰς

2249 1945 2545 2024 φροντίδας.
2605 1950 2674 2002 T6
2729 1944 2789 2002 δὲ
2833 1947 3020 2022 τᾼσμα
3063 1957 3164 2000 τῶν
3211 1946 3461 2021 ᾀσμάτων
3518 1950 3605 1999 τὸν
3655 1950 3849 2021 τρόπον

2249 2037 2593 2094 ὑποδείκνυσι
2623 2048 2713 2102 τῆς
2755 2039 3059 2100 τελειώσεως
3087 2047 3187 2091 τῶν
3217 2037 3431 2113 ψυχῶν.
3467 2041 3708 2113 Περιέχει
3745 2039 3848 2113 γὰρ

2253 2137 2555 2207 συμφωνίαν
2610 2131 2810 2206 νύμφης
2861 2135 2951 2184 καὶ
3003 2135 3226 2204 νυμφίου
3262 2151 3276 2164 ·
3343 2133 3607 2197 τουτέστι,
3664 2127 3850 2200 ψυχῆς

2249 2224 2510 2277 οἰκείωσιν
2533 2225 2661 2298 πρόν
2704 2225 2788 2283 τὸς
2841 2225 2968 2276 Θεὸν
3010 2224 3199 2294 Λόγον.
3234 2218 3368 2272 Ἀλλ’
3399 2220 3483 2274 ἐπὶ
3531 2222 3591 2273 τὸ
3633 2223 3851 2296 προκεί-

2249 2334 2396 2389 μενον
2428 2312 2778 2386 ἐπανέλθωμεν
2809 2313 2944 2382 (80).

2318 2409 2372 2460 2.
2408 2407 2696 2480 Παροιμίαι
2755 2401 3074 2476 Σολομῶντος
3131 2401 3250 2455 υἱοῦ
3298 2395 3486 2466 Δαϐὶδ,
3533 2399 3585 2462 ὃς
3633 2398 3850 2452 ἑκασίλ-

2250 2514 2395 2550 ευσεν
2434 2495 2482 2547 ἐν
2506 2492 2743 2569 (Ἰσραήλ
2789 2493 2928 2562 (Si).
2979 2494 3050 2545 T6
3087 2499 3188 2544 τῶν
3233 2497 3526 2567 παροιμιῶν
3565 2493 3726 2562 ὄνομα
3768 2488 3851 2542 ἐπὶ

2248 2593 2348 2639 τῶν
2376 2581 2791 2659 δημωδεστέρων
2820 2581 2986 2654 λόγων
3028 2585 3172 2658 παρὰ
3218 2588 3324 2643 τοῖς
3373 2580 3553 2644 ἔξωθεν
3581 2584 3848 2648 τέτακται,

2248 2681 2338 2729 καὶ
2385 2675 2466 2728 ἐπὶ
2496 2683 2596 2727 τῶν
2637 2673 2685 2727 ἐν
2714 2681 2824 2734 ταῖς
2868 2669 3010 2734 ὁδοῖς
3056 2672 3400 2746 λαλουμένων,
3433 2673 3498 2731 ὡς
3545 2672 3612 2724 τὰ
3640 2669 3804 2722 πολλά
3833 2689 3847 2703 ·

2249 2763 2392 2839 οἶμος
2438 2767 2539 2840 γὰρ
2594 2763 2716 2840 παρ’
2748 2763 2921 2824 αὐτοῖς
2973 2766 3003 2821 ἧ
3047 2759 3168 2824 ὁδός
3221 2761 3555 2835 ὀνομάζεται,
3595 2762 3706 2814 ὅθεν
3758 2762 3850 2812 καὶ

2247 2862 2342 2915 τὴν
2385 2859 2672 2931 παροιμίαν
2700 2857 2814 2918 (82)
2842 2853 3115 2928 ὡρίζοντο,
3144 2853 3293 2927 ῥῆμα
3338 2849 3594 2927 παρόδιον
3640 2869 3850 2927 τετριμ-

2247 2950 2396 3020 μένον
2429 2945 2474 2998 ἑν
2510 2953 2572 3019 τῇ
2605 2949 2802 3020 χρήσει
2849 2951 2949 2997 τῶν
2997 2941 3214 3010 πολλῶν,
3249 2946 3337 2995 καὶ
3383 2941 3484 2994 ἀπὸ
3531 2941 3715 3013 ὀλίγων
3764 2939 3849 2993 ἐπὶ

2247 3037 2457 3091 πλείονα
2521 3038 2677 3109 ὅμοια
2740 3034 3132 3108 μεταληφθῆναι
3200 3029 3506 3106 δυνάμενον.
3571 3034 3725 3104 Παρὰ
3789 3026 3850 3084 δὲ

2248 3130 2374 3200 ἡμῖν
2413 3131 2674 3202 παροιμία
2717 3125 2831 3178 ἐστὶ
2877 3123 3027 3195 λόγος
3072 3123 3340 3196 ὠφέλιμος,
3390 3121 3501 3196 μετ’
3529 3120 3851 3198 ἐπικρύψεως

2249 3223 2458 3296 μετρίας
2514 3214 2870 3289 ἐκδεδομένος,
2929 3214 3058 3268 πολὺ
3112 3217 3202 3287 μὲν
3262 3217 3321 3267 τὸ
3379 3214 3592 3267 αὐτόθεν
3651 3216 3852 3288 χρήσι-

2249 3330 2344 3384 μον
2402 3312 2659 3384 περιέχων
2691 3308 2825 3379 (83),
2864 3305 3056 3363 πολλὴν
3103 3301 3162 3357 δί
3211 3308 3301 3356 καὶ
3340 3303 3388 3357 ἐν
3434 3311 3507 3374 τῷ
3554 3301 3708 3375 βάθει
3755 3305 3850 3360 τὴν

2251 3398 2487 3454 διάνοιαν
2541 3397 2940 3471 συγκαλύπτων.
2984 3397 3134 3448 Ὀθεν
3179 3399 3268 3448 καὶ
3326 3395 3352 3447 ό
3396 3397 3602 3468 Κύριος,
3650 3389 3851 3462 Ταῦτα,

2251 3495 2411 3564 φησὶν
2440 3533 2454 3558 ,
2535 3488 2583 3542 ἐν
2667 3491 2974 3563 παροιμίαις
3048 3485 3170 3558 ὑμὶν
3252 3483 3529 3542 λελάληκα.
3597 3482 3852 3558 Ἔρχεται

2251 3583 2396 3655 ὥρα,
2466 3579 2549 3632 ὅτε
2611 3576 2782 3631 οὐκέτι
2839 3575 2886 3629 ἐν
2950 3579 3292 3650 παροιμίαις,
3373 3571 3502 3626 ἀλλὰ
3577 3571 3854 3647 παρρησία

2249 3669 2462 3727 λαλήσω
2519 3669 2640 3740 ὑμῖν
2674 3689 2686 3701 ·
2751 3668 2815 3726 ὡς
2866 3671 2959 3718 τοῦ
3017 3670 3371 3739 παροιμιακοῦ
3427 3661 3583 3734 λόγου
3644 3665 3704 3714 τὸ
3765 3679 3854 3714 πε-

2249 3759 2712 3835 παῤῥησιασμένον
2771 3763 2861 3808 καί
2925 3750 3400 3826 δεδημοσιωμένον
3461 3759 3554 3814 τῆς
3617 3748 3852 3813 διανοίας

2251 3855 2322 3924 μὴ
2374 3852 2604 3920 ἔχοντος,
2654 3843 2783 3899 ἄλλα
2823 3843 3054 3914 πλαγίως
3114 3843 3299 3897 ἑαυτοῦ
3348 3846 3406 3896 τὸ
3461 3841 3709 3916 βούλημα
3745 3849 3852 3904 τοῖς

2251 3941 2662 4015 ἑντρεχεστέροις
2713 3931 3130 4010 παραδηλοῡτος.
3191 3937 3481 4009 Παροιμίαι
3537 3937 3709 4016 τοίνυν
3763 3939 3852 3985 Σο-

2247 4029 2542 4103 λομῶντοςο
2601 4029 2862 4092 τουτέστι,
2913 4023 3058 4096 λόγοι
3113 4027 3504 4099 προτρεπτικοὶ,
3543 4024 3689 4098 παρὰ
3751 4028 3852 4075 πᾶ-

2251 4139 2346 4173 σαν
2385 4138 2478 4172 του
2513 4115 2635 4191 βίον
2683 4119 2776 4174 τὴν
2818 4110 2941 4168 ὁδὸν
2978 4116 3414 4190 χρησιμεύοντις.
3457 4115 3759 4190 Προσέθηκε
3789 4109 3851 4166 δί

2246 4214 2306 4264 τὸ
2335 4213 2495 4282 ὄνομα
2540 4213 2632 4260 τοῦ
2680 4208 3038 4280 συγγραφέως,
3071 4204 3155 4257 ἵνα
3197 4211 3259 4277 τῇ
3297 4211 3390 4256 τοῦ
3430 4208 3717 4278 προσώπου
3760 4220 3849 4256 πι-

2246 4303 2485 4377 ριφανείᾳ
2538 4299 2626 4350 τὸν
2682 4295 2940 4372 ἀκροατὴν
2992 4293 3360 4367 ἐφελκύσηται.
3391 4292 3722 4356 Ἀξιοπιστία
3745 4295 3848 4368 γὰρ

482 4365 820 4468 salio-monis
849 4371 1007 4429 illius
1045 4377 1137 4468 ad
1175 4394 1358 4452 quem
1397 4382 1546 4440 dixit
1601 4387 1891 4444 Dominus
1926 4408 1938 4446 :
1981 4365 2136 4450 Ecce

2248 4365 2339 4444 τοῦ
2395 4386 2742 4448 δίδάσκοντος
2796 4383 3183 4461 εύπαράδεκτον
3241 4387 3332 4458 μὶν
3369 4387 3457 4437 τὸν
3516 4383 3669 4456 λόγον
3725 4385 3851 4437 καθ-

475 4457 619 4515 dedi
642 4458 754 4515 tibi
769 4475 874 4517 cor
890 4467 1160 4533 prudens
1187 4475 1241 4525 et
1262 4473 1501 4541 sapiens
1527 4489 1550 4528 .'
1579 4476 1734 4532 sicut
1764 4485 1850 4547 tu,
1870 4496 1990 4537 non
2007 4482 2134 4552 fuit

468 4555 608 4608 ante
630 4557 703 4610 te:
725 4559 779 4609 et
793 4559 928 4622 post
951 4560 1005 4612 te
1031 4573 1150 4614 non
1173 4568 1458 4632 exsurget
1479 4564 1691 4622 similis
1713 4569 1892 4624 tibi“.
1907 4574 1989 4626 Ac
2009 4588 2138 4629 rur-

466 4656 604 4699 sus:
631 4643 811 4700 Dedit
831 4645 1124 4703 Dominus
1146 4651 1510 4720 sapientiam
1532 4660 1586 4711 et
1602 4659 1997 4725 prudentiam
2026 4662 2135 4720 Sa-

538 4766 587 4802 ⁶³
616 4767 830 4841 Ephes.
876 4777 957 4838 vi,
1004 4775 1088 4829 19.
1165 4775 1213 4812 ⁸⁸
1242 4777 1414 4836 Prov.
1457 4795 1495 4849 ι,
1533 4785 1583 4839 l.

679 4909 867 4999 Editio
902 4914 1085 4996 Paris.
1122 4926 1195 4999 τῷ
1226 4918 1320 4999 κᾶν
1344 4929 1549 4999 μικρόν.

537 4983 656 5068 (7‘9).
679 4983 820 5068 Reg;
855 4987 1097 5068 primus
1117 4983 1382 5068 ὑποθήκας
1413 4983 1635 5068 ἔχουσα.
1667 5003 1782 5060 Nec
1819 5003 1902 5060 ita
1932 5005 2125 5063 multo

464 5053 744 5142 βοείᾳυο
771 5053 1231 5142 ,ςοῖροιοιίηὶἱεὼν
1261 5065 1308 5117 ἐν
1338 5053 1411 5138 τῷ
1436 5053 1568 5142 βίῳ,
1599 5053 1979 5133 z'h'h'dc'iiiiz‘.

673 5128 916 5220 antiqui
938 5133 1233 5220 treslibri
1270 5124 1942 5220 «potatpataiéaaugéi

925 5199 1318 5290 doctissimus.
1336 5199 1752 5290 Qombelisius,
1776 5199 1889 5290 pro
1913 5199 2130 5290 ’Ῐσραήλ

460 5264 592 5355 legi.
609 5264 829 5355 debere
854 5271 1216 5355 Ἰερουσαλήμ,
1249 5281 1314 5355 in
1337 5264 1903 5355 .iéﬁiééié'th’e‘iiFa

459 5339 810 5430 p:o_n:iAectura
832 5323 2129 5430 “placet,utI’aftiizrnetozggiiilznie‘rfbgs:

625 5427 774 5508 allen.
788 5409 959 5508 illitejr
988 5409 1317 5508 scripsisse.
1343 5409 2133 5508 Sedﬁsi'vdiilep—aii’iuba-

461 5481 982 5576 Isiligpgrpigertda
1013 5481 1122 5557 est:
1137 5481 1549 5569 interpretatio
1574 5481 1698 5576 lilii
1715 5481 2130 5576 ὶέιέὲριέἔιῦὦ

457 5551 817 5653 Ξοὲἷείεᾶἑυῖ
861 5551 1116 5653 ([υοςιιο
1159 5551 1698 5653 necesse-“esti;

461 5628 627 5697 egitu
706 5628 953 5698 Provfl,
1001 5628 1024 5693 ἱ
1057 5654 1070 5708 ;
1106 5640 1451 5712 corrigatur
1500 5628 1695 5703 etiam,
1732 5628 2134 5721 d‘ﬁérteﬂ'ﬁi;

2251 4486 2455 4548 ίστησι,
2504 4481 2951 4552 προσεχεστέρους
2993 4471 3052 4528 δὴ
3081 4478 3198 4535 τοὺς
3229 4471 3645 4548 διδασκομένους
3684 4493 3852 4550 παρα-

2251 4571 2516 4633 σκευάζει.
2545 4573 2835 4645 Παροιμίαι
2865 4563 2952 4620 οὖν
2997 4565 3340 4640 Σολομῶντος,
3374 4564 3696 4638 Σολομῶντος
3725 4563 3852 4618 ἐκεί-

2246 4682 2335 4716 νου
2382 4664 2510 4737 πρός
2556 4659 2609 4712 ὃν
2661 4655 2794 4714 εἶπεν
2847 4659 2873 4711 6
2922 4659 3147 4734 Κύριος·
3185 4653 3325 4712 Ἰδοὺ
3356 4652 3568 4712 δέδωκά
3601 4675 3685 4712 σοι
3727 4677 3854 4734 καρ-

1661 4785 1710 4822 ⁶⁵
1750 4784 1924 4846 Joan.
1967 4805 2084 4860 xv1,
2124 4793 2215 4847 25.
2248 4789 2393 4846 “Ill
2423 4791 2567 4858 Reg.
2599 4787 2799 4858 111,12.

2238 4937 2400 5005 gata,
2433 4933 2494 4988 in
2525 4946 2650 5005 qua
2675 4928 2868 5005 Israel
2885 4928 3146 5000 legimus
3191 4925 3409 5005 eodem
3439 4926 3594 5005 loco.
3627 4920 3854 5005 _Et_ipsi

2236 5001 2482 5079 quoque
2513 5001 2705 5079 nostri
2735 5001 2873 5057 libri
2902 5007 3130 5079 veteres
3169 5001 3592 5079 emendatione
3622 5001 3851 5079 indige-

2236 5073 2412 5145 Bunt',
2439 5077 2502 5132 in
2542 5076 2766 5148 quibus
2787 5073 3075 5130 omnibus
3108 5075 3401 5148 scriptum
3432 5073 3780 5148 invenimus
3803 5073 3853 5148 έν

2238 5149 2365 5220 ἰῆλ,
2397 5150 2461 5203 in
2498 5145 2708 5216 Israel,
2739 5161 2862 5202 non
2901 5149 3102 5200 autem
3147 5145 3194 5198 ἐν
3227 5145 3360 5204 Ἰλῆν
3397 5145 3565 5218 quod
3603 5151 3761 5202 esset
3787 5147 3854 5201 in

2238 5221 2598 5278 Jerusalem.

2312 5292 2420 5362 (82)
2455 5291 2642 5360 Vulgo
2685 5289 2968 5362 dicuntur
2998 5288 3317 5362 Proverbia
3349 5288 3714 5362 Salomonis,
3746 5286 3854 5362 sed

2239 5360 2488 5420 nomine
2532 5361 2838 5432 proverbii
2885 5360 2970 5415 uti
3008 5360 3342 5430 noluimus,
3375 5361 3544 5430 cujus
3583 5360 3716 5416 loco
3759 5360 3856 5417 usi

2240 5451 2453 5491 sumus
2497 5449 2644 5489 voce
2690 5434 3014 5502 partemue,
3049 5438 3114 5488 ut
3159 5435 3365 5488 Graeca
3393 5433 3854 5504 proverbiorum

2242 5505 2611 5579 etymologia
2636 5504 2832 5579 magis
2854 5509 3194 5579 appareret.

2318 5577 2845 5650 (83)Col_b.primus
2858 5574 2968 5650 χρὴ
2981 5593 3132 5650 σιμον
3151 5574 3696 5650 Exwvﬂaudlonge
3707 5575 3854 5650 editi

2245 5625 3237 5728 ιρλξὲξέιῖἑὲ”άέβᾶζῗνόἒίἶ1α’ἐῖἆβέἔι
3266 5625 3850 5707 Quaesumus:
