4098 6400
291 324 395 380 389

1257 320 1546 377 HOMILIA
1584 321 1652 376 IN
1691 312 2097 374 PRINCIPIUM
2133 311 2703 373 PROVERBIOBUM.

3555 321 3668 377 390

294 447 413 503 δίαν
457 450 708 523 φρονίμην
756 465 846 497 και
901 447 1102 517 σοφήν·
1159 445 1222 504 ὡς
1280 448 1368 512 σὺ,
1428 443 1485 496 ού
1541 448 1744 516 γέγονεν
1803 444 1896 515 ἔμ-

2017 441 2241 496 lomoni
2266 441 2522 497 multam
2554 442 2748 509 valde,
2772 447 2829 497 et
2861 442 3248 499 latitudinem
3279 442 3476 498 cordis
3507 444 3670 500 velut

292 539 516 613 προσθέν
559 555 694 589 σουο
745 539 834 588 xui
885 537 1016 607 μετὰ
1068 536 1126 586 σε
1178 532 1270 586 ούκ
1321 532 1679 590 ἀναστήσεται
1727 534 1898 605 ὅμοιός

296 648 416 682 σοι·
467 632 558 680 καὶ
601 625 755 678 πάλιν
781 645 795 658 ο
846 621 1078 676 Ἔδωκεν
1123 625 1148 675 6
1199 627 1386 698 Κύριος
1428 629 1610 697 σοφίαν
1651 628 1740 676 καὶ
1771 642 1898 697 φρο-

291 737 443 777 νησιν
489 723 564 788 τῷ
612 714 866 788 Σαλωμὼν
891 715 1004 786 (84)
1057 712 1248 772 πολλὴν
1300 711 1526 788 σφόδρα,
1583 717 1671 766 καὶ
1725 715 1903 785 χύμα-

292 804 516 882 καρδίας
565 809 628 867 ὡς
684 805 715 863 in
776 803 943 877 ἄμμος
998 804 1028 862 ή
1084 805 1229 878 παρά
1284 808 1377 863 τὴν
1449 803 1738 856 θάλασσαν’
1800 807 1901 856 Καὶ

297 896 590 955 ἐπληθόνθη
659 895 689 952 ἡ
761 897 917 966 σοφία
977 892 1230 966 Σαλωμὼν
1298 893 1423 968 ὑπὲρ
1491 897 1583 951 την
1652 897 1900 967 φρόνησιν

295 988 502 1041 πάντων
546 984 781 1060 ἀρχαίων
832 981 1131 1056 ἀνθρώπων,
1185 987 1274 1035 καὶ
1321 983 1446 1058 ὑπὲρ
1496 985 1689 1043 πάντας
1733 985 1903 1056 φρονί-

297 1094 424 1150 μους
491 1074 774 1146 Αἰγύπτου.
850 1071 1024 1134 Οὕτως
1096 1070 1358 1144 ἀναγκαία
1414 1074 1443 1132 ἠ
1504 1080 1594 1125 τοῦ
1661 1071 1903 1144 ὀνόματος

297 1166 573 1240 προσθήκη
631 1183 644 1196 ·
732 1166 1020 1237 Παροιμίαι
1095 1161 1416 1235 Σολομῶντος
1499 1163 1616 1214 υἱοῦ
1695 1157 1898 1216 Δαϐίδ.

298 1257 613 1328 Πρόσκειται
654 1256 744 1305 καὶ
788 1252 815 1304 6
861 1256 1059 1326 πατὴρ,
1088 1253 1222 1304 ὥστε
1277 1271 1332 1304 σε
1378 1259 1588 1324 γνῶναι,
1623 1252 1700 1304 ὅτι
1751 1253 1904 1323 σοφὸς

295 1336 358 1399 ἦν
409 1342 436 1393 6
485 1339 718 1415 Σολομὼν
768 1340 824 1394 ἐκ
877 1348 1038 1413 σοφοῦ
1095 1345 1186 1393 καὶ
1239 1345 1506 1414 προφήτου
1567 1343 1795 1413 πατρὸς,
1848 1339 1903 1392 ἐκ

732 1166 1020 1237 Παροιμίαι
1095 1161 1416 1235 Σολομῶντος

296 1428 518 1504 βρέφους
551 1432 620 1483 τά
670 1433 782 1506 ἱερὰ
833 1432 1121 1505 γράμματα
1164 1427 1589 1503 πεπαιδευμένος,
1638 1433 1727 1482 καὶ
1775 1428 1904 1500 ούχὶ

293 1519 467 1596 κλήρῳ
492 1525 588 1579 τήν
616 1519 791 1596 ἀρχὴν
816 1520 998 1593 λαχὼν
1019 1522 1153 1593 (85),
1183 1518 1297 1573 οὐδ’
1326 1521 1392 1581 εἰς
1422 1517 1570 1573 οὐδὲν
1603 1521 1740 1591 αύτῷ
1769 1539 1904 1593 προ-

298 1614 568 1668 σήκουσαν
615 1615 711 1670 τὴν
761 1609 1035 1684 βασιλείαν
1086 1610 1504 1682 εἰσϐιασάμενος,
1553 1608 1680 1663 ἀλλὰ
1731 1615 1903 1684 κρίσει

296 1696 486 1772 δικαίᾳ
520 1703 735 1776 πατρὸς,
766 1704 856 1753 xui
903 1699 1064 1773 ψήφῳ
1108 1707 1243 1753 Θεοῦ
1289 1701 1357 1752 τά
1397 1708 1618 1774 πατρῷα
1660 1708 1904 1773 σκῆπτρα

2010 546 2197 587 arena
2223 533 2554 602 quasjuxta
2576 546 2758 587 mare.
2784 531 2865 586 Et
2886 532 3299 601 multiplicata
3321 539 3407 588 est
3436 535 3670 603 sapien-

2013 623 2098 677 tia
2126 621 2466 677 Salomonis
2496 636 2676 690 super
2698 621 3088 690 prudentiam
3111 623 3373 678 omnium
3397 625 3672 696 antiquo-

2011 727 2147 766 rum
2166 711 2494 780 hominum,
2511 717 2564 768 et
2578 726 2758 781 super
2772 726 2971 767 omnes
2984 711 3315 780 prudentes
3325 711 3667 781 Egypti”.

2015 802 2106 858 Sic
2125 819 2369 858 necesse
2392 802 2501 858 fuit
2520 817 2745 858 nomen
2777 802 3038 874 apponi:
3063 803 3381 858 Parcemia’
3404 802 3671 859 Solomo-

2012 893 2106 947 nis
2133 892 2252 961 ﬁlii
2279 892 2497 948 David.
2527 891 2780 947 Additur
2805 896 2863 947 et
2891 896 3080 964 pater,
3113 896 3181 947 ut
3209 906 3547 960 cognoscas
3575 907 3672 949 sa-

2009 981 2276 1054 pientem
2296 980 2482 1038 fuisse
2506 981 2894 1038 Salomonem
2911 996 2983 1036 ex
3005 980 3275 1053 sapiente
3287 996 3358 1036 ac
3379 981 3676 1054 propheta

2011 1074 2204 1142 patre,
2235 1086 2272 1124 a
2308 1085 2497 1142 puero
2525 1069 2713 1125 sacris
2751 1068 2958 1126 litteris
2998 1068 3322 1134 eruditum,
3352 1084 3462 1124 nec
3515 1075 3675 1126 sorte

2013 1160 2299 1231 adeptum
2325 1157 2738 1232 principatum
2763 1177 2775 1215 :
2813 1175 2926 1215 nec
2963 1158 3023 1214 vi
3049 1157 3173 1214 ulla
3199 1159 3458 1232 potitum
3485 1174 3676 1230 regno

2013 1247 2094 1305 ad
2115 1265 2176 1304 se
2205 1247 2354 1303 nihil
2387 1247 2682 1316 attinenti,
2707 1246 2815 1303 sed
2838 1247 3003 1318 justo
3033 1247 3221 1319 patris
3235 1247 3467 1318 judicio
3488 1250 3545 1304 et
3574 1246 3677 1304 Dei

2013 1334 2302 1406 suffragio
2323 1340 2578 1408 paterna
2600 1340 2838 1408 sceptra
2858 1340 3275 1391 consecutum.
3297 1335 3399 1391 Hic
3427 1351 3531 1392 rex
3551 1339 3679 1393 erat

2012 1425 2364 1482 Jerusalem.
2397 1429 2514 1482 Nec
2544 1425 2659 1482 hoc
2689 1424 2939 1498 quidem
2981 1425 3247 1481 otiosum
3269 1429 3384 1482 est.
3427 1425 3680 1483 Maxime

2013 1515 2261 1589 quidem
2291 1515 2433 1572 facit
2459 1515 2538 1571 ad
2568 1531 2781 1572 eorum
2807 1515 2911 1588 qui
2933 1515 3211 1586 ejusdem
3236 1516 3505 1572 nominis
3537 1519 3680 1573 sunt

2013 1607 2132 1678 99
2164 1605 2645 1674 distinctionem;
2668 1605 2890 1661 deinde
2911 1604 3096 1661 etiam
3116 1604 3461 1662 adhibitum
3490 1610 3580 1662 est
3597 1605 3678 1662 ob

2013 1694 2386 1751 celeberrimi
2415 1694 2624 1766 templi
2650 1693 3133 1761 aediﬁcationem,
3165 1698 3231 1750 ut
3258 1698 3470 1750 notum
3495 1694 3679 1751 habe-

292 1789 627 1865 παραλαϐών.
696 1789 860 1852 Οὗτος
926 1788 1171 1863 βασιλεὺς
1227 1788 1419 1862 ἐγένετο
1488 1798 1576 1851 τῆς
1635 1790 1901 1866 Ἰερουσα-

2017 1800 2108 1841 res
2149 1785 2281 1855 ejus
2311 1782 2619 1855 opiﬁcem,
2651 1787 2709 1840 et
2736 1785 2917 1839 totius
2946 1783 3006 1838 in
3037 1782 3188 1838 urbe
3219 1783 3677 1853 gubernationis

291 1878 400 1953 λήμ
428 1879 566 1950 (86).
597 1877 738 1934 Ούδε
783 1887 935 1933 τοῦτο
980 1879 1175 1956 ἀργόν·
1223 1880 1457 1953 μάλιστα
1505 1883 1594 1954 μὲν
1642 1884 1770 1956 πρὸς
1806 1884 1900 1938 τήν

291 1976 392 2024 τῶν
446 1971 754 2044 ὁμωνυμιῶν
810 1967 1104 2045 διάκρισιν,
1159 1971 1335 2022 ἔπειτα
1393 1967 1452 2023 δὲ
1510 1974 1599 2023 καὶ
1657 1967 1752 2023 διά
1808 1974 1902 2030 τήν

289 2063 618 2118 κατασκευήν
662 2065 789 2112 τουῦ
834 2058 1260 2134 πολυθρυλλήτου
1303 2067 1427 2112 ναοῦ
1453 2080 1466 2094 ο
1519 2060 1602 2112 ἵνα
1641 2065 1904 2135 γνωρίσης

290 2144 450 2202 αύτοῦ
504 2151 591 2202 τὸν
655 2146 1022 2225 δημιόυργὸν,
1076 2153 1166 2202 xui
1217 2150 1392 2210 πάσης
1451 2157 1544 2210 τῆς
1612 2151 1750 2202 κατά
1808 2155 1902 2209 τήν

287 2237 436 2292 πόλιν
462 2237 756 2312 οἰκονομίας
785 2240 902 2310 (87)
931 2243 1021 2291 xui
1050 2246 1148 2291 τῶν
1193 2239 1396 2312 θεσμῶν
1433 2242 1524 2291 xui
1551 2247 1640 2300 τῆς
1671 2239 1905 2304 εὐταξίας

289 2329 378 2381 τὸν
435 2330 618 2383 α’ίτιον.
691 2331 843 2400 Μέγα
909 2324 968 2381 δέ
1027 2326 1378 2401 συμϐάλλεται
1447 2332 1573 2405 πρὸς
1645 2333 1738 2388 τὴν
1805 2337 1904 2383 τῶν

291 2420 644 2494 παραινέσεων
698 2414 1022 2492 παραδοχὴν
1074 2421 1165 2470 καὶ
1219 2421 1278 2471 τὸ
1349 2416 1574 2491 βασιλέα
1630 2416 1758 2472 έῖναι
1817 2422 1905 2472 τόν

296 2510 606 2582 συγγραφέα
649 2514 742 2560 τοῦ
789 2507 966 2579 λόγου.
1014 2505 1074 2561 Εἰ
1128 2509 1231 2582 γὰρ
1283 2506 1532 2580 βασιλεία
1578 2507 1718 2561 ἐστὶν
1766 2511 1906 2561 ἔννο-

295 2609 387 2671 μος
435 2597 744 2663 ἕπιστασία,
779 2593 959 2665 δῆλον,
1000 2597 1081 2649 ὅτι
1126 2599 1180 2649 αἱ
1208 2599 1323 2669 (88)
1352 2599 1497 2672 παρὰ
1542 2597 1796 2670 βασιλέως
1828 2595 1910 2652 δι-

298 2683 514 2760 δόμεναι
561 2687 849 2755 ὑποθῆκαι,
891 2694 984 2740 τοῦ
1031 2706 1091 2759 γε
1139 2687 1206 2748 ὡς
1249 2685 1449 2748 ἀληθῶς
1495 2695 1586 2750 τῆς
1633 2707 1908 2762 προσηγο-

296 2779 410 2851 ρίας
445 2779 637 2837 ταύτης
681 2775 849 2845 ἀξίου,
872 2775 1002 2830 πολὺ
1032 2778 1092 2829 τό
1136 2779 1354 2850 νόμιμον
1398 2779 1610 2850 ἔχουσι,
1657 2780 1716 2831 τὸ
1761 2787 1905 2852 κοινῇ

297 2871 432 2920 πᾶσι
462 2865 720 2928 λυσιτελὲς
771 2872 1087 2933 σκοποῦσαι,
1119 2870 1210 2918 xui
1257 2866 1385 2939 οὐχὶ
1421 2870 1548 2942 πρὸς
1585 2869 1672 2920 τὸν
1715 2870 1910 2921 σκοπὸν

2009 1873 2337 1946 legumque
2351 1878 2406 1929 et
2417 1872 2751 1947 disciplina:
2763 1876 3094 1929 auctorem.
3111 1871 3409 1930 Praeterea
3421 1873 3679 1932 multum

2013 1964 2298 2022 conducit
2323 1968 2387 2021 ut
2413 1964 2646 2022 monita
2675 1963 3104 2036 suscipiantur,
3135 1979 3342 2034 regem
3374 1980 3507 2022 esse
3537 1980 3678 2022 eum

2015 2055 2122 2129 qui
2149 2071 2494 2111 sermonem
2515 2053 2860 2111 conscribit.
2892 2054 3120 2111 Etenim
3143 2053 3191 2110 si
3214 2069 3468 2125 regnum
3491 2053 3686 2113 domi-

2011 2144 2183 2201 nium
2209 2149 2301 2200 est
2329 2143 2689 2216 legitimum,
2714 2143 3110 2217 perspicuum
3136 2147 3227 2199 est
3251 2143 3620 2201 documenta
3644 2159 3682 2202 ο.

2013 2251 2154 2305 rege
2183 2235 2330 2292 data
2360 2235 2488 2308 (qui
2519 2234 2746 2292 scilicet
2763 2234 2881 2290 hoc
2910 2233 3158 2290 nomine
3183 2249 3320 2290 vere
3342 2235 3562 2305 dignus
3585 2235 3680 2307 sit)

2015 2325 2319 2398 aequitatis
2350 2324 2610 2381 multum
2641 2328 2697 2380 et
2736 2323 2890 2396 juris
2918 2323 3182 2391 habere;
3215 2340 3354 2380 cum
3398 2325 3478 2382 ad
3517 2339 3680 2382 com-

2014 2431 2267 2471 munem
2309 2417 2586 2471 omnium
2624 2413 2944 2470 utilitatem
2974 2417 3267 2486 spectent,
3298 2429 3423 2470 non
3452 2414 3533 2471 ad
3556 2413 3679 2488 pri-

2013 2509 2170 2563 vata
2197 2505 2465 2563 utilitatis
2485 2521 2740 2578 scopum
2769 2503 3123 2561 referantur.
3147 2508 3296 2562 Nam
3323 2510 3620 2577 tyrannus
3643 2521 3682 2563 a

2014 2611 2156 2668 rege
2203 2596 2266 2653 in
2307 2597 2424 2653 hoc
2465 2594 2683 2663 differt,
2727 2595 2894 2667 quod
2920 2593 3020 2651 ille
3063 2595 3456 2652 commodum
3496 2611 3680 2653 suum

2017 2686 2426 2758 undecunque
2473 2685 2762 2742 attendit:
2795 2685 2894 2741 hic
2939 2701 3081 2742 vero
3111 2684 3494 2742 subditorum
3533 2701 3679 2743 con-

2021 2777 2160 2834 sulit
2190 2776 2444 2834 utilitati.
2489 2778 2934 2832 Enumerantur
2962 2779 3168 2832 autem
3196 2779 3253 2832 et
3296 2774 3434 2832 libri
3462 2776 3681 2834 utilita-

2021 2871 2130 2938 tes,
2159 2882 2296 2940 quaa
2327 2870 2385 2922 et
2415 2869 2659 2938 quantae
2684 2863 2826 2920 inde
2853 2864 3142 2920 accedant
3170 2864 3562 2921 discentibus.

301 2964 394 3018 τῆς
442 2953 576 3018 ἰδίας
630 2956 866 3030 ὡφελείας
914 2961 1340 3031 συντεταγμέναι.
1372 2964 1537 3011 Τοῦτο
1566 2960 1668 3034 γὰρ
1700 2958 1816 3030 (89)
1847 2954 2081 3034 διαφέρει
2119 2960 2361 3032 τύραννος
2410 2954 2686 3029 βασιλέως,
2719 2956 2799 3009 ὅτι
2838 2955 2864 3007 6
2894 2957 2984 3027 μὲν
3014 2957 3074 3007 τὸ
3114 2953 3301 3008 ἑαυτοῦ
3349 2957 3680 3028 πανταχόθεν

307 3054 488 3100 σκοπεί
535 3048 560 3098 ό
602 3043 660 3100 δε
700 3050 758 3101 τὸ
806 3055 914 3109 τοῖς
954 3047 1263 3122 ἀρχομένοις
1303 3047 1552 3122 ὠφέλιμον
1585 3047 1868 3124 ἑκπορίζει.
1903 3047 2305 3122 Ἀπαριθμεῖται
2356 3042 2415 3099 δὲ
2456 3048 2547 3098 καὶ
2576 3046 2644 3098 τὰ
2672 3043 2729 3098 ἐκ
2773 3051 2865 3105 τῆς
2904 3041 3091 3116 βίϐλου
3132 3047 3408 3120 χρήσιμα,
3438 3049 3556 3099 τίνα
3591 3049 3681 3100 xui

302 3139 444 3190 πόσα
469 3143 573 3198 τοῖς
605 3133 1010 3212 διδασκομένοις
1036 3143 1398 3214 προσγίνεται.

373 3230 425 3283 3.
485 3230 587 3280 Καὶ
643 3235 846 3304 πρῶτον
907 3227 964 3281 ἑκ
1017 3236 1118 3280 τῶν
1185 3234 1484 3305 Παροιμιῶν
1544 3227 1659 3282 ἐστι
1719 3235 1907 3301 γνῶναι

2088 3230 2143 3285 3.
2182 3226 2449 3283 Primum
2469 3224 2718 3299 quidem
2741 3223 3100 3298 sapientiam
3126 3226 3183 3281 et
3203 3222 3582 3297 disciplinam
3606 3238 3681 3281 ex

303 3319 488 3388 σοφίαν
533 3319 625 3370 xui
664 3315 930 3372 παιδείαν.
977 3315 1134 3370 ’Ἐστι
1165 3315 1224 3371 6“:
1254 3322 1412 3390 σοφία
1449 3317 1716 3391 ἐπιστήμη
1765 3320 1910 3371 θείων

299 3421 352 3457 τε
383 3403 495 3477 (60)
539 3408 630 3457 καὶ
671 3403 1002 3481 ἀνθρωπίνων
1049 3407 1394 3480 πραγμάτων,
1436 3411 1525 3458 καὶ
1563 3414 1662 3458 τῶν
1709 3409 1911 3467 τούτοις

302 3493 506 3548 αἰτιῶν.
565 3492 624 3544 ’0
675 3489 761 3545 οὖν
809 3495 926 3567 (91)
990 3494 1418 3568 ἐπιτετευγμένως
1478 3495 1724 3567 θεολογῶν
1783 3498 1910 3567 ἔγνω

304 3587 514 3656 σοφίαν,
568 3583 634 3643 ὡς
693 3587 783 3636 καὶ
843 3582 869 3636 ὀ
926 3586 1181 3658 μακάριος
1237 3584 1436 3644 Παῦλος
1491 3583 1664 3657 λέγει·
1725 3588 1910 3657 Σοφίαν

304 3668 366 3725 di
401 3670 654 3745 λαλοῦμεν
697 3671 749 3725 ἐν
787 3680 894 3735 τοῖς
935 3673 1180 3735 τελείοιςο
1226 3677 1410 3747 σοφίαν
1455 3670 1514 3728 δὲ
1564 3673 1622 3726 ού
1669 3682 1759 3726 τοῦ
1791 3679 1911 3726 αὶῶ-

302 3779 386 3824 νος
440 3763 652 3832 τούτου,
707 3758 832 3815 ούδέ
896 3771 998 3817 τῶν
1063 3761 1329 3838 ἀρχόντων
1386 3770 1479 3816 τοῦ
1545 3762 1725 3824 αἰῶνος
1783 3765 1912 3816 τού-

301 3862 397 3906 του
475 3860 576 3906 τῶν
663 3857 1096 3928 καταργουμένων
1146 3876 1159 3889 -
1249 3853 1377 3906 ἀλλὰ
1438 3853 1688 3928 λαλοῦμεν
1778 3861 1910 3908 Θεοῦ

306 3945 494 4016 σοφίαν
575 3942 626 3996 έν
705 3947 1030 4018 μυστηρίῳ,
1102 3947 1199 4004 τὴν
1271 3942 1775 4021 ἀποκεκρυμμένην,
1849 3946 1910 4004 ἣν

302 4035 594 4108 προώρισεν
643 4033 669 4085 6
723 4035 849 4095 Θεὸς
904 4036 1004 4107 πρὸ
1050 4041 1149 4087 τῶν
1205 4032 1422 4089 αἰώνων.
1482 4039 1584 4088 Καὶ
1632 4035 1658 4086 6
1712 4033 1768 4087 ἑκ
1819 4041 1911 4096 τῆς

301 4123 394 4175 τοῦ
441 4125 644 4195 κόσμου
695 4119 754 4177 δὲ
800 4131 1125 4186 κατασκευῆς
1183 4127 1270 4178 τὸν
1329 4121 1655 4200 δημιουργὸν
1709 4123 1907 4189 ἕννοῶν,

2015 3316 2330 3374 Parmmiis
2377 3331 2745 3387 cognoscere
2782 3314 3005 3372 licet“.
3052 3317 3150 3371 Est
3192 3314 3355 3370 enim
3385 3315 3682 3386 sapientia

2017 3407 2268 3464 scientia
2283 3406 2626 3463 divinarum
2645 3421 2716 3462 ac
2732 3405 3141 3462 humanarum
3158 3420 3381 3472 rerum,
3397 3409 3452 3461 et
3471 3420 3682 3463 causa-

2013 3511 2152 3552 rum
2183 3495 2557 3554 earumdem.
2589 3493 2701 3560 Qui
2729 3493 2912 3564 igitur
2943 3492 3258 3564 theologia
3287 3493 3392 3550 dat
3427 3508 3679 3566 operam

2014 3585 2122 3643 rite
2144 3601 2216 3642 ac
2236 3584 2504 3652 feliciter,
2522 3584 2690 3640 novit
2713 3582 3095 3656 sapientiam,
3118 3581 3203 3638 uti
3221 3587 3280 3638 et
3297 3583 3510 3639 beatus
3531 3585 3680 3640 Pau-

2013 3674 2110 3732 lus
2137 3675 2280 3731 dicit
2297 3691 2310 3731 :
2329 3675 2702 3744 bapientiam
2727 3678 2924 3730 autem
2946 3672 3251 3744 loquimur
3267 3672 3431 3728 inter
3443 3673 3681 3742 perfec-

2017 3769 2138 3822 tos:
2155 3765 2518 3834 sapientiam
2539 3778 2680 3820 vero
2702 3779 2821 3820 non
2841 3763 3050 3819 saeculi
3070 3761 3271 3832 hujus,
3295 3776 3489 3833 neque
3503 3762 3680 3831 prin-

2015 3855 2216 3924 cipum
2249 3853 2432 3924 hujus
2461 3852 2689 3923 saeculi,
2738 3853 2845 3924 qui
2873 3851 3316 3908 destruantur:
3341 3850 3448 3906 sed
3485 3851 3680 3922 loqui-

2014 3959 2155 4000 mur
2167 3944 2277 4000 Dei
2285 3943 2644 4013 sapientiam
2657 3943 2721 3998 in
2736 3942 3044 4013 mysterio,
3057 3955 3190 4012 qua,
3204 3940 3559 3997 abscondita
3571 3945 3678 4010 est,

2017 4049 2197 4107 quam
2224 4033 2683 4104 praedestinavit
2704 4034 2861 4089 Deus
2881 4036 3024 4089 ante
3047 4031 3344 4088 saecula“.
3364 4029 3478 4086 Sed
3498 4034 3558 4088 et
3573 4029 3682 4103 qui

2017 4141 2091 4182 ex
2120 4123 2335 4182 mundi
2368 4128 2676 4182 structura
2706 4123 2987 4197 opiﬁcem
3028 4120 3398 4190 considerat,
3422 4121 3591 4179 novit
3623 4124 3683 4180 et

378 4300 423 4338 ⁸⁷
467 4302 537 4360 III
567 4304 710 4375 Reg.
741 4318 818 4371 iv,
850 4305 940 4368 29,
969 4305 1058 4360 30.
1137 4304 1186 4341 ⁸⁸
1224 4306 1393 4363 Prov.
1423 4319 1464 4374 ι,
1494 4307 1548 4360 2.
1628 4305 1676 4342 θ’
1717 4306 1898 4365 lCor.
1926 4319 1988 4375 ιι,
2021 4308 2075 4370 6,
2107 4309 2161 4362 7.

377 4439 490 4516 (Βὶ)
523 4443 701 4522 ⁵Μοᾴο
725 4444 966 4522 Σαλομών
994 4445 1400 4522 ᾶμ-ῑ-Σαλωμῴν,
1433 4447 1617 4522 modo
1647 4446 1904 4522 Σολομῶν,
1939 4451 1984 4506 D

302 4514 680 4595 in'antiquis
725 4514 895 4595 libris
943 4516 1241 4595 scribitur.
1271 4514 1421 4595 'Yo;
1470 4517 1727 4595 ἀρχαίων,
1770 4514 1907 4593 quae

303 4602 451 4644 mox
479 4589 772 4660 sequitur,
802 4589 864 4650 in
891 4605 1042 4660 mss.
1075 4589 1747 4654 Combeﬁsiani's'deest.

267 4691 282 4703 .
315 4727 329 4736 _
375 4657 680 4736 (35)-i«:'(iiti
726 4657 902 4736 ἀρχὴν
929 4659 1130 4734 λαχών.
1164 4663 1402 4719 Veteres
1450 4661 1723 4736 quinque
1768 4659 1912 4721 libris

305 4734 483 4807 ἀρχὴν
512 4734 716 4807 49x9”-

373 4802 489 4874 (86)
527 4802 614 4859 l'ta
657 4802 774 4859 hoc
818 4802 954 4860 loco
999 4803 1230 4862 habent
1273 4807 1504 4862 veteres
1551 4808 1680 4863 tum
1719 4822 1908 4863 manu

303 4874 554 4957 exarati,
585 4878 724 4957 tum.
751 4874 912 4957 typis
941 4876 1151 4957 excusi
1193 4875 1523 4957 libri,_cum
1546 4883 1769 4957 _tamen
1800 4879 1908 4957 ali-

302 4950 530 5026 quanto
551 4949 690 5026 a_nt_e
710 4945 863 5002 in'iis
884 4947 1172 5026 omnibus
1193 4945 1486 5021 scriptum
1510 4949 1585 5026 sit
1601 4948 1658 5026 is
1670 4950 1904 5026 Ἰσραήλ,

301 5020 368 5074 in
383 5018 610 5093 Israel.
635 5019 1015 5093 _I_.ege.una_m
1045 5024 1258 5093 notam
1284 5018 1778 5093 eisuperioribus'.

375 5088 489 5166 (87)
527 5088 1229 5166 godicescomheﬁsiani
1248 5091 1394 5166 πόλιν
1417 5088 1737 5166 οἰκοδομίας.
1756 5093 1908 5150 Editi

301 5163 361 5217 et
384 5159 513 5235 duo
538 5159 864 5235 Qolbertini
894 5161 1206 5235 οἰκονομίας,
1231 5162 1474 5235 rectius.

374 5232 490 5307 (88)
531 5233 938 5307 §ic‘mss._non
961 5232 1160 5306 pauci.
1184 5234 1333 5290 Illud
1355 5237 1410 5287 αὶ
1430 5235 1638 5293 deerat
1659 5237 1718 5293 in
1738 5237 1902 5307 vulg.

525 5301 683 5390 F‘diti
703 5307 762 5390 et
781 5303 904 5390 du?
931 5301 1074 5390 mss.
1103 5313 1256 5390 τοῦτο
1277 5308 1400 5390 γάρ.
1426 5307 1540 5390 Aiii
1565 5309 1688 5365 duo
1714 5301 1902 5390 τούτω,

301 5389 416 5432 nec
444 5373 630 5453 valde
653 5373 991 5453 admodum
1021 5375 1238 5453 dubito
1260 5373 1408 5453 quin
1436 5385 1762 5453 utrumque
1789 5373 1920 5448 dici.

302 5444 866 5524 possin-Aliquanto
909 5453 1049 5520 post
1078 5450 1221 5519 Reg.
1252 5444 1485 5522 primus
1517 5444 1700 5506 σκοπεῖ
1728 5456 1904 5524 μόνον,

303 5517 566 5576 attendit
594 5517 923 5576 duntaxat;

377 5591 489 5659 (90)
525 5587 748 5648 Addita
771 5594 860 5649 est
885 5589 1106 5650 vocula
1133 5611 1189 5647 τε
1218 5607 1290 5650 ex
1332 5594 1522 5652 tribus
1553 5592 1904 5652 Colbertinis

302 5658 638 5722 codicibus.

2088 4450 2202 4520 (9|)
2241 4450 2514 4511 Ducteus,
2545 4461 2730 4521 quem
2770 4441 3171 4521 Combeﬁsius
3212 4442 3276 4501 in
3321 4459 3434 4521 suo
3476 4442 3680 4521 Eectea

2016 4515 2198 4577 siasté
2245 4524 2450 4577 Graeco
2497 4515 2741 4575 secutus
2792 4523 2903 4588 est,
2948 4515 3294 4588 suspicatur
3348 4517 3677 4588 legendum

2018 4591 2795 4665 imrempévw;_._vehementer
2812 4588 3290 4665 admodumsed
3312 4593 3515 4644 tamen
3536 4605 3680 4665 cum

2017 4681 2165 4720 mss.
2215 4657 2274 4720 et
2324 4663 2467 4719 editi
2519 4665 2867 4719 constanter
2912 4659 3181 4732 habeant
3226 4657 3674 4732 ἐπιτετευγμένως,

2017 4753 2156 4792 eam
2174 4751 2390 4792 vocem
2415 4733 2795 4791 retinendam
2817 4731 3083 4804 judicavi
3107 4749 3120 4783 :
3153 4745 3226 4788 eo
3255 4729 3474 4804 magis,
3496 4729 3679 4803 quod

2016 4808 2158 4864 huic
2182 4807 2318 4864 loco
2356 4823 2480 4863 non
2510 4805 2670 4862 male
2699 4800 3039 4860 conveniat.
3068 4805 3220 4858 Nam
3249 4800 3678 4875 ἐπιτετευγμένως

1955 4898 1958 4900 ν
2020 4879 2270 4952 θεολογείν
2296 4884 2386 4935 est
2413 4875 2990 4952 studeretheologiaa
3019 4891 3158 4952 cum
3180 4887 3253 4952 eo
3277 4889 3590 4952 successu,
3612 4880 3679 4952 ut

2016 4967 2151 5006 eam
2169 4944 2605 5023 assequamur.
2637 4951 2799 5023 Unus
2827 4944 3022 5023 codex
3043 4944 3677 5023 C0mlgef,_é1:irsru-yjis:-

2015 5043 2131 5093 νως,
2177 5016 2361 5079 7⁸80ίό
2375 5023 2590 5078 ordine
2629 5036 2704 5077 ac
2733 5021 2866 5075 rite.
2894 5019 3028 5093 Jam
3057 5016 3240 5093 quod
3263 5016 3344 5093 ad
3369 5017 3502 5087 ejus
3519 5016 3675 5093 loci-

2019 5087 2379 5175 sententiam
2409 5093 2683 5175 pertinet,
2706 5093 2880 5162 putat
2909 5090 3000 5175 vir
3027 5087 3476 5175 eruditissimus
3505 5091 3676 5175 gom-

2013 5158 2675 5240 beﬁsius,_sapientiam
2701 5158 2888 5235 quam
2921 5163 2947 5213 ὁ
2973 5159 3398 5240 ἐπιτετευγμνως
3431 5158 3679 5231 θεολογῶν

2015 5230 2346 5308 cognoscit,
2371 5230 2628 5292 Verbum
2654 5230 2945 5290 aeternum
2975 5247 3109 5288 esse
3133 5248 3146 5286 :
3169 5230 3393 5308 .m'undi
3413 5246 3557 5308 vero
3583 5230 3682 5286 sa-

2061 5301 2460 5380 iéntiam,per
2479 5309 2875 5380 quamrlleum
2897 5301 3414 5380 cognoscimusex
3437 5302 3678 5380 iisquae

2039 5385 2174 5436 acta
2222 5373 2379 5447 sunt,
2409 5373 2558 5435 nihil
2607 5377 2770 5434 aliud
2817 5373 3212 5447 esse,’quam
3255 5373 3678 5446 primordiales

2015 5451 2318 5525 quasdam
2348 5451 2635 5518 rationes,
2655 5447 2994 5525 secundum
3017 5461 3174 5525 quas
3195 5460 3289 5525 res
3313 5460 3350 5500 a
3375 5447 3495 5500 Deo
3516 5459 3681 5501 ema-

2014 5515 2269 5590 narunt;
2295 5515 2636 5595 fateturque
2652 5518 2962 5595 ejusmodi
2984 5515 3503 5595 sapientiamesse
3516 5530 3689 5574 orca--

2013 5600 2165 5655 tam.
2195 5586 2371 5652 Plura
2394 5594 2501 5668 qui
2525 5586 2709 5667 cupit,
2739 5595 2951 5651 notam
2978 5586 3328 5649 Combeﬁsii
3349 5586 3530 5662 legat.
