4098 6392
438 296 540 350 391

1819 288 1877 344 s.
1916 267 2166 342 BASILII
2204 285 2421 344 nam

3694 297 3801 353 392

434 416 551 490 ipsi
582 416 772 471 Deum
797 428 904 487 per
928 410 1141 469 mundi
1166 410 1550 485 sapientiam.
1580 411 1920 468 Invisibilia
1939 410 2062 467 enim

2174 410 2336 482 ,ἔγνω
2391 415 2481 465 καὶ
2538 411 2689 474 αὐτὸς
2748 409 2842 467 διὰ
2909 422 2998 475 τῆς
3053 421 3145 468 τοῦ
3214 416 3416 490 κόσμου
3483 422 3664 491 σοφίας
3718 422 3806 473 τὸν

435 507 644 578 ipsius,
677 521 715 562 a
745 505 1048 561 creatione
1071 503 1308 573 mundi,
1336 518 1451 573 per
1483 518 1552 559 ea
1572 517 1708 576 quae
1743 502 1915 573 facta
1954 504 2095 556 sunt

434 597 764 664 intellecta,
787 594 1327 665 conspiciuntur".
1361 592 1619 649 Adducit
1649 598 1850 650 autem
1880 606 1993 647 nos
2016 588 2096 646 ad

436 688 537 745 Dei
568 687 1000 758 cognitionem,
1042 702 1181 742 cum
1212 684 1392 741 dicit:
1424 686 1585 741 Deus
1615 684 1916 754 sapientia
1940 683 2093 753 fun-

433 778 603 837 davit
635 783 883 833 terram.
923 778 1071 832 Item
1097 792 1110 829 :
1155 774 1407 842 Quando
1431 773 1821 845 pra'parabat
1853 772 2089 839 caelum,

435 882 568 923 cum
600 882 664 922 eo
687 866 908 922 eram“
933 883 947 933 ;
972 871 1056 921 et:
1082 865 1264 920 Eram
1288 864 1455 933 apud
1480 865 1673 933 ipsum
1695 868 2015 932 coaptans;
2037 865 2091 917 et

431 972 536 1028 ego
562 971 747 1021 eram,
771 971 892 1027 qua
920 953 1391 1011 delectabatur72
1420 955 1573 1010 Nam
1599 951 1892 1023 efﬁngens
1911 949 2090 1006 nobis

431 1046 742 1120 sapientius
767 1060 1117 1119 personam,
1139 1043 1269 1099 haec
1301 1042 1510 1099 omnia
1539 1041 1615 1098 de
1644 1058 1718 1097 ea
1748 1040 1991 1114 profert,
2025 1042 2092 1095 ut

431 1136 839 1207 cognitionem
857 1134 909 1206 ej
919 1151 989 1189 us
1009 1132 1239 1189 claram
1261 1148 1332 1189 ac
1349 1131 1744 1206 conspicuam
1759 1128 1992 1187 reddat.
2008 1134 2088 1186 Ac

429 1226 680 1283 omnino
705 1224 887 1281 illud:
912 1225 1203 1280 Dominus
1230 1224 1457 1280 creavit
1479 1237 1571 1279 me
1598 1222 1821 1278 initiun
1852 1222 2088 1277 viarum

428 1332 679 1375 suarum
694 1316 760 1387 ⁷³,
777 1314 853 1371 de
879 1313 1179 1387 sapientia
1204 1313 1265 1369 in
1293 1312 1527 1369 mundo
1550 1315 1882 1385 apparente
1912 1309 2084 1366 dicit:

427 1403 565 1481 qusi
595 1422 738 1462 voce
758 1421 866 1478 per
885 1420 957 1460 ea
977 1420 1113 1476 quae
1137 1403 1417 1460 videntur
1438 1407 1671 1460 tantum
1692 1417 1817 1458 non
1838 1400 2081 1473 emissa,

426 1496 772 1553 conclamat
794 1494 1019 1551 factam
1046 1494 1109 1549 se
1135 1509 1266 1550 esse
1297 1509 1333 1549 a
1364 1495 1506 1563 Deo,
1536 1508 1660 1549 non
1691 1496 1895 1548 autem
1924 1490 1986 1547 in
2014 1490 2087 1546 iis

424 1601 561 1659 quas
592 1583 838 1640 condita
868 1586 1028 1650 sunt,
1064 1581 1428 1654 sapientiam
1475 1585 1709 1639 tantam
1746 1596 1895 1637 casu
1934 1579 2088 1636 relu-

424 1690 582 1733 cere.
609 1677 680 1731 Ut
709 1673 875 1730 enim
904 1674 1058 1730 Cwli
1074 1678 1369 1730 enarrant
1390 1673 1650 1743 gloriam
1670 1673 1798 1740 Dei,
1825 1677 1879 1729 et
1901 1686 2085 1741 opera

2207 505 2355 556 Θεόν.
2414 503 2492 554 Τὰ
2542 504 2643 579 γὰρ
2704 501 2902 580 ἀόρατα
2957 503 3117 557 αὑτοῦ
3176 502 3275 559 ἀπὸ
3333 511 3550 568 κτίσεως
3602 512 3806 583 κόσμου

2202 597 2306 651 τοῖς
2356 595 2622 666 ποιήμασι
2668 596 2917 667 νοούμενα
2962 596 3273 669 καθορᾶται.
3330 595 3687 671 Προσϐιϐάζει
3746 594 3806 652 δε

2201 680 2337 752 ἡμᾶς
2387 689 2447 754 τῇ
2509 688 2626 759 περὶ
2680 692 2811 737 Θεοῦ
2866 684 3034 758 ἐννοίᾳ
3061 688 3198 756 (92),
3246 681 3319 738 δι’
3372 686 3439 738 ὧν
3497 705 3696 759 φησιν·
3746 686 3805 741 Ὀ

2203 773 2329 831 Θεὸς
2380 779 2442 844 τῇ
2507 777 2663 845 σοφίᾳ
2712 774 3013 847 ἐθεμελίωσε
3064 779 3157 833 τὴν
3204 782 3341 847 γῆν·
3397 780 3487 829 καὶ
3539 779 3621 847 τό,
3658 776 3837 830 Ἠνί-·

2201 878 2271 911 κα
2321 861 2576 934 ἡτοίμαζε
2631 865 2718 915 τόν
2776 862 3011 937 οὐρανὸν,
3065 868 3425 940 συμπαρήμην
3479 864 3656 937 αὐτῷ’
3713 870 3804 919 καὶ

2200 952 2281 1019 τὸ,
2332 947 2506 1024 "Hum
2569 950 2692 1028 παρ’
2746 951 2888 1024 αύτῷ
2941 953 3289 1028 ἁρμόζουσα·
3345 952 3491 1029 κάγὼ
3545 958 3706 1028 ἤμην,
3766 956 3798 1030 ᾖ

2200 1044 2545 1116 προσέχαιρεο
2577 1048 2756 1095 Ταῦτα
2782 1044 2883 1118 γὰρ
2929 1046 3120 1114 πάντα,
3150 1049 3632 1120 προσωποποιίηας
3673 1046 3799 1119 ἡμῖν

2199 1133 2299 1181 τὼν
2373 1135 2577 1202 σοφίαν.
2648 1132 2773 1207 ύπερ
2842 1140 2934 1185 τοῦ
2992 1132 3216 1207 ἐναργῶς
3286 1133 3446 1195 αὐτῆς
3514 1144 3801 1215 παραστῆ-

2206 1237 2295 1271 σαι
2329 1223 2423 1279 τὴν
2465 1230 2681 1294 γνῶσιν,
2715 1220 2801 1275 ἀπ’
2844 1222 3004 1283 αὐτῆς
3057 1219 3372 1297 διαλέγεται.
3416 1228 3519 1278 Καί
3566 1224 3689 1287 ὅλως
3717 1228 3800 1297 τὸ,

2202 1312 2390 1385 Κύριος
2432 1313 2606 1365 ἔκτισέ
2651 1331 2714 1386 με
2740 1313 2849 1384 (93)
2900 1310 3075 1389 ἀρχὴν
3129 1310 3265 1367 ὁδῶν
3315 1313 3497 1384 αὐτοῦ,
3540 1320 3661 1391 περὶ
3710 1324 3803 1378 τῆς

2200 1397 2569 1475 ἐμφαινομένης
2637 1406 2818 1476 σοφίας
2875 1410 2949 1474 τῷ
3010 1407 3193 1477 κόσμῳ
3268 1408 3442 1477 φησὶ,
3508 1410 3802 1479 μονονουχὶ

2200 1494 2369 1562 φωνὴν
2424 1489 2662 1565 ἀφιείσης
2710 1489 2806 1546 διὰ
2850 1501 2951 1545 τῶν
3004 1492 3295 1569 ὀρωμνων,
3341 1496 3423 1547 ὅτι
3470 1496 3616 1569 παρὰ
3667 1502 3799 1549 Θεοῦ

2196 1583 2414 1653 γέγονε,
2468 1587 2558 1635 καὶ
2602 1582 2696 1635 ούκ
2748 1582 3051 1657 αὐτομάτως
3099 1585 3129 1643 ἡ
3183 1586 3419 1642 τοσαύτη
3482 1588 3640 1657 σοφία
3694 1592 3800 1647 τοῖς

2199 1666 2617 1725 ἁποτελεσθεῖσιν
2674 1671 2943 1749 ἐμπρέπει.
3001 1671 3085 1735 Ὠς
3139 1675 3241 1749 γὰρ
3300 1676 3367 1727 Οἱ
3432 1673 3641 1749 ούρανοὶ
3707 1670 3797 1728 δι-

425 1780 719 1823 manuum
736 1766 866 1834 ejus
887 1763 1217 1820 annuntiat
1231 1763 1682 1832 ﬁrmamentum
1696 1763 1967 1834 (narrant
1981 1777 2062 1817 au

2197 1768 2448 1832 ηγοῦνται
2524 1758 2681 1825 δόξαν
2744 1770 2919 1833 Θεοῦ,
2987 1768 3078 1817 καὶ
3141 1767 3359 1822 ποίησιν
3436 1771 3535 1816 τῶν
3598 1772 3795 1840 χειρῶν

422 1858 547 1912 tem
585 1853 822 1926 absque
848 1852 1051 1925 voce);
1082 1868 1204 1908 non
1233 1857 1374 1908 sunt
1402 1851 1566 1908 enim
1597 1852 1872 1923 loquelae,
1898 1866 2087 1925 neque

421 1959 742 2011 sermones,
771 1959 1028 2015 quorum
1069 1958 1190 1999 non
1218 1943 1558 1999 audiuntur
1587 1957 1753 1999 voces
1778 1942 2082 1999 eorum“:

419 2034 508 2093 ita
541 2033 797 2109 quidam
837 2035 1011 2105 100
1039 2048 1350 2089 sermones
1399 2036 1539 2089 sunt
1583 2031 1744 2088 illius
1790 2031 2088 2105 sapientia

421 2124 816 2199 primigeniae,
849 2123 1025 2195 cujus
1073 2122 1542 2180 fondamentum
1579 2128 1719 2179 ante
1752 2123 1987 2196 reliqua
2021 2122 2086 2180 in

420 2215 636 2272 mundi
664 2213 908 2287 opiﬁcio
941 2230 1064 2271 una
1092 2230 1233 2270 cum
1261 2214 1445 2270 rebus
1470 2214 1685 2271 creatis
1705 2214 1939 2286 jactum
1969 2217 2081 2270 est.

419 2308 557 2364 Haec
579 2311 785 2363 tacens
805 2304 1028 2362 clamat
1048 2303 1426 2361 conditorem
1447 2320 1519 2360 ac
1538 2303 1857 2360 Dominum
1880 2321 2083 2376 suum,

418 2399 486 2452 ut
513 2411 621 2469 per
650 2394 851 2468 ipsam
879 2393 960 2452 ad
1002 2393 1417 2466 cognitionem
1448 2394 1604 2466 ejus,
1644 2394 1750 2467 qui
1782 2393 1949 2451 solus
1985 2410 2084 2452 sa-

417 2485 596 2558 piens
636 2489 746 2554 est,
786 2500 1086 2541 recurras.

491 2577 545 2631 4.
584 2576 688 2631 Est
706 2577 762 2629 et
780 2573 1054 2630 humana
1074 2572 1361 2646 quaedam
1384 2572 1706 2646 sapientia,
1724 2573 1840 2648 ipsi
1861 2574 2087 2632 scilicet

415 2678 617 2722 rerum
632 2661 712 2719 ad
723 2662 910 2719 vitam
924 2661 1304 2719 attinentium
1316 2662 1701 2735 experientia,
1710 2663 1730 2736 j
1741 2668 1886 2720 uxta
1896 2680 2084 2738 quam

417 2753 722 2826 sapientes
747 2751 1008 2808 dicimus
1038 2768 1165 2817 eos,
1187 2752 1293 2824 qui
1319 2752 1541 2809 artium
1572 2755 1931 2826 quarumvis
1974 2754 2084 2812 uti-

415 2841 570 2899 lium
600 2841 777 2914 periti
822 2845 981 2898 sunt.
1016 2843 1399 2915 Quapropter
1428 2842 1613 2899 etiam
1659 2842 1915 2915 scriptor
1956 2859 2082 2903 ma-

415 2931 753 3004 gnamlibri
767 2937 1000 3004 partem
1013 2931 1073 2988 in
1089 2931 1514 3005 idinsumpsit,
1528 2937 1595 2989 ut
1613 2933 1695 2989 ad
1716 2933 2077 3007 sapientiam

414 3022 855 3080 exhortaretur.
866 3022 1181 3092 Sapientia
1196 3023 1261 3077 in
1278 3023 1537 3079 exitibus
1554 3026 1791 3080 viarum
1808 3027 2075 3092 canitur,

2196 1850 2357 1904 αὑτοῦ
2405 1851 2702 1927 ἁναγγελλει
2752 1857 2813 1907 τό
2873 1857 3139 1929 στερέωμα
3181 1850 3517 1927 (διηγοῦνται
3563 1850 3623 1907 δὲ
3671 1855 3792 1908 ἄνευ

2197 1942 2420 2016 φωνῆς)’
2471 1944 2531 1996 ού
2582 1946 2684 2020 γὰρ
2739 1943 2844 1997 εἰσι
2897 1943 3091 2009 λαλιαί,
3151 1941 3275 1998 οὐδὲ
3323 1943 3493 2017 λόγοι,
3545 1941 3613 1996 ὧν
3665 1943 3794 2016 οὐχί

2196 2030 2473 2086 ἀκούονται
2528 2035 2643 2105 (94)
2695 2034 2751 2086 αἱ
2803 2037 2966 2106 φωναὶ
3029 2033 3196 2086 αὐτῶν
3220 2054 3234 2067 ·
3290 2033 3450 2094 οὕτως
3505 2032 3611 2086 εἰσί
3664 2050 3795 2094 τινες

2194 2127 2284 2177 καὶ
2330 2127 2511 2197 σοφίας
2554 2122 2701 2197 λόγοι
2746 2131 2839 2184 τῆς
2885 2121 3199 2199 ἁρχεγόνου,
3227 2132 3320 2185 τῆς
3361 2125 3463 2200 πρὸ
3500 2142 3601 2196 τῳν
3629 2120 3792 2176 ἄλλων

2196 2213 2245 2267 ἐν
2290 2221 2353 2287 τῇ
2408 2210 2736 2288 δημιουργίᾳ
2768 2213 3289 2287 συγκαταϐληθείσης
3318 2221 3380 2287 τῇ
3426 2217 3618 2268 κτίσει.
3653 2213 3790 2272 Αὕτη

2199 2312 2456 2358 σιωπῶσα
2505 2303 2612 2377 βοᾷ
2661 2308 2749 2357 τὸν
2795 2304 2983 2367 ἑαυτῆς
3030 2309 3250 2363 κτίστην
3306 2308 3393 2358 καὶ
3453 2306 3666 2379 Κύριον.
3712 2304 3796 2357 ἶνα

2194 2391 2268 2448 δι’
2331 2394 2491 2455 αὐτῆς
2548 2391 2862 2471 ὤαδρὼμῃς
2915 2394 3001 2448 ἐπί
3063 2399 3162 2449 τὼν
3232 2396 3428 2450 ἔννοιαν
3487 2401 3581 2448 τοῦ
3632 2396 3791 2467 μόνου

2194 2491 2376 2558 σοφοῦ.

2262 2577 2317 2630 4.
2358 2572 2517 2629 ’Ἐστι
2560 2570 2621 2628 δέ
2665 2594 2743 2637 τις
2789 2579 2880 2629 καὶ
2922 2571 3218 2652 ἀνθρωπίνη
3254 2578 3414 2648 σοφία
3438 2594 3452 2609 ο
3485 2574 3515 2634 ἡ
3549 2570 3795 2652 ὶμπεφία

2188 2672 2289 2716 τῶν
2332 2666 2468 2717 κατὰ
2512 2667 2599 2717 τὸν
2649 2662 2767 2737 βίον
2809 2666 3155 2740 πραγμάτων,
3202 2663 3318 2717 καθ’
3370 2662 3430 2722 ἣν
3480 2665 3667 2736 σοφοὺς
3705 2661 3791 2717 λέ-

2186 2773 2343 2828 γομεν
2389 2758 2508 2816 τούς
2554 2754 2671 2808 καθ’
2721 2753 2945 2813 ἐκαστην
2993 2762 3093 2807 τῶν
3125 2753 3390 2827 ὠφελίμων
3426 2761 3624 2827 τεχνῶν
3670 2752 3788 2806 ἐπι-

2190 2850 2470 2920 στήμονας.
2503 2849 2686 2923 Διόπερ
2716 2850 2808 2899 καὶ
2849 2848 2908 2898 τὸ
2954 2844 3085 2899 πολὺ
3113 2852 3204 2907 τῆς
3234 2843 3421 2919 βίϐλου
3465 2843 3517 2897 ἐν
3553 2851 3618 2917 τῇ
3668 2846 3788 2920 περί

2183 2945 2276 2998 τῆς
2344 2942 2526 3010 σοφίας
2588 2944 2858 3013 προτροπῇ
2912 2942 2986 3008 τῷ
3046 2942 3337 3011 συγγραφεί
3401 2933 3783 2989 κατανάλωται.

2183 3031 2342 3100 Σοφία
2397 3027 2448 3080 ἐν
2506 3024 2705 3092 ἐξόδοις
2771 3027 3009 3099 ὑμνεῖται
3063 3026 3219 3097 (95),
3272 3022 3321 3077 ἐν
3389 3020 3449 3078 δι
3519 3023 3784 3085 πλατείαις

412 3113 477 3170 in
507 3113 726 3184 plateis
758 3118 959 3170 autem
1004 3129 1137 3169 cum
1173 3113 1451 3170 libertate
1474 3114 1623 3184 agit,
1651 3120 1706 3171 et
1734 3117 1801 3170 in
1830 3116 2062 3173 summi:

2181 3116 2482 3192 παρρησίαν
2555 3118 2673 3189 ἄγει
2702 3136 2716 3150 ·
2776 3114 2854 3169 ἐπ’
2930 3116 3102 3192 ἄκρων
3168 3110 3231 3168 δέ
3278 3117 3495 3187 τειχέων
3571 3115 3779 3188 κηρύσ-

410 3204 705 3260 manibus
715 3202 1177 3273 praedicatur”.
1196 3205 1343 3260 Cum
1361 3203 1523 3259 enim
1538 3203 1740 3261 videat
1751 3204 2073 3263 hominum

411 3292 477 3350 in
502 3310 568 3351 se
589 3294 881 3361 studium,
904 3309 1137 3367 nosque
1159 3309 1373 3350 omnes
1402 3294 1531 3365 ejus
1554 3294 1942 3368 splendorem
1965 3313 2073 3354 na-

412 3382 683 3440 turaliter
708 3398 938 3452 amare,
961 3397 1069 3454 per
1090 3381 1404 3454 sapientia:
1422 3383 1636 3439 laudes
1656 3383 1893 3441 animas
1920 3386 2072 3443 exci-

412 3476 501 3529 tat
525 3470 606 3528 ad
634 3488 773 3527 eam
801 3471 1062 3543 impigre
1083 3471 1526 3545 diligenterque
1551 3475 2069 3548 consequendam.

415 3564 767 3621 Sermonem
796 3562 992 3635 ipsius
1036 3562 1263 3636 ubique
1293 3562 1553 3620 multum
1583 3581 1715 3623 esse
1741 3567 1824 3623 ait
1848 3569 1911 3623 in
1938 3566 2070 3638 viis,

407 3651 473 3711 in
510 3652 664 3720 foro,
692 3652 754 3709 in
786 3651 1032 3709 arcibus
1071 3653 1347 3711 civitatis.
1389 3654 1621 3713 Idcirco
1662 3656 1804 3714 dicti
1840 3663 2068 3732 portas,

407 3743 763 3818 plateasque
793 3748 851 3801 et
879 3744 1133 3817 muenia,
1159 3745 1244 3801 sic
1276 3750 1342 3802 ut
1370 3760 1478 3819 per
1496 3747 1691 3804 exitus
1719 3749 1968 3822 quidem
1998 3765 2071 3808 ac

407 3834 642 3908 plateas
673 3833 1008 3892 claritatem
1037 3836 1169 3906 ejus
1207 3835 1471 3893 indicet:
1504 3853 1613 3910 per
1649 3839 1875 3897 moenia
1902 3856 2068 3910 vero,

406 3923 727 3981 utilitatem
752 3923 1031 3995 ejusdem
1052 3940 1124 3981 ac
1142 3930 1377 3995 caetera,
1404 3942 1542 3999 quae
1568 3926 1648 3984 ad
1668 3944 1913 3986 omnem
1934 3930 2070 3987 vitae

407 4014 793 4071 securitatem
820 4012 1143 4071 sufﬁciant.
1174 4017 1398 4072 Etcum
1419 4016 1591 4074 vellet
1609 4034 1723 4075 nos
1743 4019 1798 4075 ei
1818 4036 2071 4077 consue-

406 4103 616 4161 tudine
646 4120 717 4160 ac
760 4104 1210 4161 necessitudine
1242 4110 1651 4179 conjungere:
1684 4110 1816 4181 Dic,
1848 4109 2069 4184 inquit,

404 4193 766 4263 sapientiam
798 4199 961 4250 tuam
991 4209 1255 4251 sororem
1282 4198 1486 4253 esse“.
1518 4198 1604 4254 Ac
1632 4213 1880 4255 rursus:
1912 4201 2069 4259 Ama

406 4287 627 4352 eam,et
646 4284 907 4341 servabit
928 4285 1062 4341 te”.
1088 4284 1311 4341 Deinde
1333 4302 1724 4345 communem
1749 4289 1940 4362 ipsius
1961 4292 2070 4351 uti-

401 4371 633 4430 litatem
664 4372 1013 4445 ostendens,
1036 4374 1203 4448 quod
1229 4375 1455 4432 utilitas
1474 4376 1671 4449 ipsius
1695 4395 1756 4436 se
1786 4396 2068 4455 peraeque

402 4461 484 4518 ad
498 4477 711 4520 omnes
727 4462 1032 4521 extendat:
1048 4465 1845 4539 Mactavit,inquit,victimas
1855 4472 2065 4531 suas":

470 4637 522 4680 7°
562 4645 734 4704 Rom.
756 4657 795 4712 ι,
818 4645 905 4701 20.
985 4641 1031 4681 '“
1077 4646 1246 4701 Prov.
1280 4648 1476 4715 111,19.

398 4711 448 4753 ⁷⁵
486 4719 659 4775 Prov.
690 4711 871 4786 “1,4.
946 4715 993 4751 ⁷⁷
1037 4718 1207 4774 Prov.
1240 4732 1323 4788 xv,
1346 4711 1408 4774 ’6.
1483 4718 1533 4756 ’³⁸
1572 4723 1747 4781 Prov.
1778 4739 1851 4792 ix,
1882 4728 1939 4782 2.

465 4879 591 4963 (9?).
623 4874 789 4937 Colb.
840 4877 1052 4935 tertius
1092 4875 1405 4955 προϐιϐάζει
1458 4875 1519 4936 δε
1564 4884 1689 4960 ἡμῖν
1740 4888 1835 4946 τὴν
1886 4889 2005 4963 περὶ

399 4956 535 5005 Θεοῦ
566 4950 779 5005 ἔννοιαν.

468 5025 587 5103 (93‘)
620 5022 713 5078 Sic
754 5020 1007 5103 quidem
1055 5021 1284 5103 editum
1326 5023 1628 5103 invenitur
1655 5030 1822 5103 apud
1855 5032 2002 5101 LXX,

394 5088 575 5181 ξκτισξ
597 5110 679 5165 με,
712 5088 936 5181 creauit
966 5109 1059 5179 me
1139 5096 1246 5152 sed
1277 5098 1437 5170 apud
1474 5100 1622 5181 alios
1650 5088 2004 5175 interpretes

440 5180 509 5242 ro
540 5165 1092 5242 frugilegitur‘ixrii
1105 5185 1254 5239 σατο,
1275 5165 1534 5239 possedit
1562 5189 1672 5242 me,
1696 5165 2004 5231 nec-secus

441 5235 902 5317 abethvmgata.
951 5239 1209 5317 Dircaeus
1239 5235 1445 5298 multa
1490 5244 1553 5299 in
1591 5235 1754 5317 hunc
1800 5245 2003 5302 locum

394 5311 636 5389 notavit
645 5324 669 5389 _;
701 5322 813 5364 nec
828 5315 998 5389 ‘certe
1027 5311 1279 5389 indigna
1307 5319 1451 5389 sunt
1472 5331 1609 5387 quae
1635 5315 1931 5389 legantur.

466 5380 579 5448 (94)
622 5380 785 5462 [tunc
826 5379 1027 5462 locum
1068 5382 1136 5462 ᾧν
1165 5379 1312 5462 *οὐχ-ἰ
1357 5379 1653 5462 ἀκούονται,
1687 5379 1823 5458 Etc.,
1865 5389 2002 5462 illu-

396 5451 595 5536 strans
627 5450 881 5536 Ducarius
910 5453 971 5536 in
1000 5454 1124 5510 suis
1174 5450 1357 5536 notis,
1391 5458 1473 5515 ait
1515 5459 1599 5515 ita
1636 5450 2004 5517 vertendum

394 5535 529 5602 esse
550 5536 688 5602 cum
711 5520 1269 5602 Conario,q_uor_um
1282 5520 1550 5599 ipsorum
1571 5545 1739 5588 voces
1758 5549 1880 5588 non
1900 5549 2006 5590 au-

393 5591 784 5676 diuntur,aut
800 5601 974 5676 certe,
992 5591 1041 5653 si
1058 5591 1480 5676 Hebrais'mum
1499 5608 1555 5658 et
1575 5602 2002 5675 pleonasmum

394 5679 635 5725 servare
660 5665 938 5738 velimus,
957 5668 1074 5727 hoc
1095 5671 1306 5741 modo,
1325 5665 1727 5745 quorum-non
1748 5677 2004 5734 audiun-

1552 4646 1603 4684 ⁷⁸
1647 4651 1816 4707 Prov.
1845 4653 1967 4721 vin,
1997 4655 2182 4714 27-30.

2185 3226 2352 3262 σεται.
2396 3206 2559 3282 Ὀρῶν
2605 3208 2708 3279 γὰρ
2755 3208 2815 3258 τὸ
2860 3204 3125 3279 φιλότιμον
3170 3212 3272 3257 τῶν
3326 3202 3640 3277 ἀνθρώπων,
3686 3207 3778 3255 καὶ

2180 3299 2261 3351 ὅτι
2309 3299 2491 3357 πάντες
2535 3305 2764 3369 φυσικῶς
2806 3297 2865 3348 τὸ
2912 3296 3181 3371 περιφανὲς
3219 3293 3379 3355 αὐτῆς
3409 3291 3777 3366 ἀσπαζόμεθα,

2180 3384 2216 3441 δ
2221 3391 2276 3442 ιὰ
2301 3396 2402 3441 τῶν
2442 3386 2660 3440 ἐπαίνων
2703 3394 2795 3447 τῆς
2826 3389 3008 3458 σοφίας
3048 3384 3300 3458 ἐπεγείρει
3327 3383 3418 3444 τὰς
3443 3381 3625 3455 ψυχὰς
3653 3384 3782 3458 πρὸς

2176 3481 2236 3531 τὸ
2284 3482 2355 3552 μὴ
2398 3478 2602 3553 νωθρῶς
2654 3472 2794 3550 μηδέ
2843 3479 3113 3551 παρέργως
3156 3473 3315 3534 αὐτῆς
3372 3470 3778 3529 ἀντιποιεῖσθαι.

2178 3574 2463 3641 Ιιανταχοῦ
2516 3566 2676 3627 αὐτῆς
2727 3563 2886 3619 πολὺν
2944 3560 3073 3617 εἶναι
3130 3565 3217 3616 τὸν
3272 3561 3422 3635 λόγον
3480 3565 3643 3635 φησίν
3664 3603 3682 3631 ,
3730 3558 3780 3615 ἕν

2177 3654 2344 3724 ὁδοῖς,
2393 3656 2444 3711 ἐν
2497 3654 2728 3731 ἀγοραῖς,
2790 3654 2841 3707 ἐν
2892 3660 2999 3714 τοῖς
3051 3651 3371 3728 ὀχυρώμασι
3420 3659 3513 3712 τῆς
3563 3650 3777 3713 πόλεως.

2176 3749 2274 3802 Διὰ
2317 3754 2472 3800 τοῦτο
2514 3745 2677 3805 πύλας
2722 3743 2853 3816 λέγει
2900 3748 2990 3796 καὶ
3044 3741 3284 3803 πλατείας
3332 3745 3422 3795 καὶ
3467 3744 3647 3812 τείχη,
3686 3735 3782 3793 διὰ

2174 3841 2266 3912 μεν
2308 3845 2408 3889 τῶν
2454 3831 2644 3899 ἐξόδων
2688 3837 2779 3887 καὶ
2818 3840 2916 3887 τῶν
2962 3831 3216 3887 πλατειῶν
3265 3834 3323 3884 τὸ
3366 3832 3635 3906 περιφανες
3677 3828 3779 3883 αύ-

2175 3937 2270 3989 τῆν
2323 3929 2649 4000 ὑποφαίνων,
2712 3921 2808 3977 διὰ
2859 3919 2919 3976 δὲ
2968 3930 3068 3975 τῶν
3124 3929 3317 3995 τειχῶν
3364 3923 3423 3973 τὸ
3477 3918 3564 3972 ἀπ’
3615 3918 3779 3981 αὐτῆς

2177 4020 2446 4095 ὠφέλιμον,
2474 4023 2565 4071 καὶ
2606 4019 2734 4093 πρὸς
2756 4021 2931 4070 πᾶσαν
2975 4010 3257 4086 ἀσφάλειαν
3286 4017 3378 4065 τοῦ
3426 4008 3550 4085 βίον
3577 4013 3777 4085 αὔταρ-

2175 4133 2279 4174 κες.
2354 4115 2467 4166 Καὶ·
2531 4107 2839 4183 βουλόμενος
2903 4107 3040 4178 ἡμᾶς
3111 4103 3241 4176 αὐτῇ
3314 4109 3728 4177 προσοικειῶσαι
3760 4120 3774 4134 ·

2175 4200 2369 4273 Εἶπον,
2420 4204 2589 4274 φησί,
2638 4202 2733 4256 τήν
2789 4200 2972 4269 σοφίαν
3029 4197 3126 4252 σὴν
3176 4188 3402 4264 ἀδελφὴν
3463 4187 3628 4245 εἶναι·
3688 4193 3780 4243 καὶ

2174 4293 2367 4347 πάλιν·
2425 4290 2712 4367 Ἐράσθητι
2768 4286 2949 4355 αὐτῆς,
2989 4283 3080 4336 καί
3132 4286 3354 4358 τηρήσει
3405 4299 3481 4335 σε.
3541 4275 3673 4335 Εἶτα
3717 4279 3776 4331 τὸ

2174 4380 2468 4456 κοινωφελές
2502 4378 2662 4438 αὐτῆς
2709 4373 3111 4448 ἐνδεικνύμενος,
3155 4376 3245 4424 καὶ
3275 4372 3356 4424 ὃτι
3396 4375 3560 4423 πᾶσιν
3591 4370 3779 4442 ὁμοίως

2177 4472 2373 4527 ἀνεῖται
2419 4473 2478 4524 τὸ
2523 4467 2611 4522 ἀπ’
2662 4467 2822 4529 αὐτῆς
2869 4464 3157 4538 ὠφίλιμον·
3206 4458 3457 4535 Ἔσφαξε,
3504 4478 3657 4534 φησι,
3710 4460 3780 4511 τὰ

2683 4647 2735 4686 τι
2771 4643 2924 4706 Psal.
2947 4658 3106 4713 xviri,
3130 4645 3186 4713 2,
3212 4641 3268 4701 4.
3343 4640 3393 4678 τε
3421 4641 3594 4700 Prov.
3619 4654 3662 4710 ι,
3682 4639 3775 4710 20,
3808 4696 3815 4701 ,

2259 4652 2310 4690 ⁷³
2347 4650 2497 4711 ibid.
2518 4652 2609 4708 22.

2113 4891 2218 4944 tur
2236 4900 2404 4945 voces
2429 4893 2669 4953 eorum;
2694 4874 3132 4955 quasi_,_inquit,
3164 4873 3327 4932 dicat
3374 4865 3567 4931 David
3590 4864 3775 4955 :_No_n

2109 4965 2253 5016 sunt
2277 4959 2528 5030 loquelas
2547 4949 2833 5012 caelorum
2854 4949 3212 5030 illam—neque
3228 4960 3548 5030 sermones,
3567 4949 3779 5014 utpote

2110 5019 2369 5103 quorum
2398 5044 2569 5103 voces
2598 5042 2719 5083 non
2745 5019 3187 5103 audiunturigt
3218 5025 3417 5103 tamen
3447 5019 3512 5100 ir}
3539 5030 3774 5103 omnem

2110 5090 2339 5160 terram
2388 5102 2574 5159 exivit
2620 5112 2801 5155 sonus
2840 5110 3062 5153 eorum.
3092 5090 3174 5147 'Et
3201 5107 3278 5147 ne
3320 5090 3450 5146 hinc
3478 5090 3772 5160 interpre-

2109 5175 2256 5247 tatio
2285 5190 2447 5230 nova
2487 5170 2785 5247 videatur,
2812 5168 2942 5247 ejus
2971 5163 3213 5247 profert
3241 5167 3472 5247 veteres
3490 5160 3672 5247 ‘duos
3700 5173 3775 5215 ac

2106 5230 2364 5303 idoneos
2393 5248 2692 5311 auctores,
2718 5230 3192 5315 Theodotionem
3221 5230 3770 5315 et'i‘heodoretum.

2182 5318 2297 5389 (95)
2338 5316 2460 5379 Illa.
2483 5316 2809 5389 ὑμνεῖται...
2838 5313 3185 5389 κηρύσσεται,
3211 5311 3403 5389 active
3425 5319 3505 5389 an
3526 5317 3770 5389 passwe

2110 5373 2696 5461 acbipiantuh‘nihil,
2718 5382 2888 5461 quod
2910 5373 2996 5461 'ad
3025 5395 3270 5436 sensum
3300 5373 3773 5461 attine‘tfreferre

2111 5447 2504 5518 arbitramur:
2531 5447 2763 5513 Eteniui
2790 5457 2839 5510 si
2867 5455 3060 5510 active
3103 5454 3441 5519 sumantur,
3482 5447 3625 5519 haec
3659 5447 3773 5501 erit

2113 5516 2430 5600 sententia,
2466 5527 2777 5601 Sapientia
2814 5525 3080 5601 seipsam
3124 5521 3287 5601 canit
3323 5516 3766 5601 ac‘praadicrat:

2112 5604 2165 5677 si
2198 5590 2453 5677 passive,
2482 5590 2614 5677 base
2655 5597 2842 5655 verba
2876 5590 2968 5677 ita
3001 5590 3630 5677 intelligenda‘erunt,
3661 5590 3767 5646 Sa-

2108 5667 2336 5749 pie‘ntia
2362 5673 2598 5733 canitur
2628 5686 2699 5730 ac
2729 5668 3095 5744 praadicatur
3121 5681 3159 5724 a
3188 5667 3538 5735 semetipsa.
