4098 6388
276 296 384 358 393

1231 299 1529 356 HOMILIA
1569 299 1638 355 IN
1671 296 2084 354 PRINCIPIUM
2121 299 2698 360 PROVERBIORUM.

3555 310 3662 368 395:

282 424 472 485 ἑαυτῆς
512 424 755 496 θύματα·
805 426 1068 492 τουτέστι,
1119 425 1329 496 στερεὰν
1376 428 1573 497 τροφὴν
1620 425 1878 497 ἡτοιμασε

1992 421 2106 478 hoc
2136 426 2244 492 est,
2275 424 2537 484 solidum
2566 427 2770 484 cibum
2800 430 3164 501 praeparavit
3193 431 3287 501 iis,
3307 435 3414 506 qui
3435 436 3668 501 animae

280 521 391 575 τοῖς
439 510 534 566 διὰ
575 518 670 571 τὴν
717 513 818 575 ἕξιν
865 516 1308 586 γεγυμνασμένοις
1336 515 1404 566 τὰ
1432 513 1744 587 αἰσθετήρια
1784 522 1879 575 τῆς

280 603 492 675 ψυχῆς.
558 601 826 677 Ἐκέρασεν
880 603 952 664 εὶς
1013 611 1255 678 κρατῆρα
1317 606 1406 655 τὸν
1463 607 1654 666 ἑαυτῆς
1722 599 1878 671 οἶνον,

281 697 368 746 τὸν
435 693 772 766 εὐφραίνοντα
832 688 1058 768 καρδίαν
1139 690 1432 768 ἀνθρώπου.
1504 700 1757 768 Κρατῆρα
1823 689 1883 747 δὲ

271 782 416 855 λέγει
461 787 557 842 τὴν
603 787 781 841 κοινὴν
825 785 915 835 καὶ
971 777 1249 855 πάνδημον
1293 792 1394 835 τῶν
1447 781 1655 856 ἀγαθῶν
1701 802 1884 856 μετου-

284 877 403 926 σίαν
428 894 442 908 ο
476 873 588 927 ὃθεν
631 874 878 946 όμοτίμος
919 877 1082 924 πᾶσιν
1131 871 1300 935 ἔξεστι
1334 875 1394 925 1'6
1426 871 1631 944 ἐκάστῷ
1661 869 1882 925 δυνατὸν

282 968 375 1017 καὶ
461 967 753 1037 σύμμετρον
811 961 1159 1037 ἀπαρύεσθαι.
1220 966 1322 1016 Καί
1394 964 1724 1037 ἡτοιμάσατο
1788 966 1884 1021 τὴν

286 1054 476 1115 ἑαυτῆς
530 1052 810 1126 τράπεζαν.
868 1053 1047 1105 Πάντα
1103 1048 1186 1104 δι’
1236 1051 1506 1126 ἐμφάσεως
1565 1052 1721 1126 λέγει,
1792 1049 1887 1105 διὰ

283 1152 386 1196 τῶν
448 1149 756 1215 σωματικῶν
813 1142 882 1194 τὰ
930 1142 1260 1214 πνευματικά
1327 1143 1454 1216 ἡμῖν
1509 1138 1881 1218 παραδεικνύς.

283 1237 389 1292 Τὴν
415 1234 517 1306 γὰρ
565 1231 778 1304 λογικὴν
823 1235 1014 1306 τρογὴν
1062 1239 1159 1295 τῆς
1187 1231 1377 1304 ψυχῆς
1405 1233 1670 1306 τράπεζαν
1701 1231 1886 1304 ὀνομά-

284 1323 381 1390 ζει,
414 1325 542 1397 πρὸς
573 1321 634 1379 ἣν
661 1321 912 1394 συγκαλεί
935 1323 1068 1394 μετά
1110 1321 1315 1392 ὑψηλοῦ
1345 1325 1702 1397 κηρύγματος,
1736 1341 1887 1375 τουτ-

283 1412 415 1480 έστι,
475 1413 610 1485 μετά
656 1409 933 1485 δογμάτων
987 1408 1138 1466 οὐδὲν
1184 1416 1426 1466 ταπεινόν
1479 1410 1604 1466 ούδέ
1658 1411 1887 1466 καταϐε-

284 1503 529 1576 ϐλημένον
604 1500 850 1574 ἐχόντων.
924 1499 1022 1564 ’⁷ος
1103 1500 1244 1555 ἐστιν
1327 1503 1521 1577 ἄφρων,
1603 1501 1887 1556 ἐκκλινάτω

283 1597 412 1668 πρὸς
459 1595 542 1666 μέ.
572 1591 660 1654 Ὠς
689 1593 790 1666 γὰρ
839 1593 889 1644 οἱ
938 1590 1244 1652 ἀσθενοῡτες
1291 1593 1592 1666 χρῄζουσιν
1624 1592 1884 1666 ἰατρικῆς,

286 1685 418 1738 οὕτω
445 1686 632 1755 σοφίας
679 1686 729 1734 οί
767 1683 983 1756 ἄφρονες
1011 1677 1326 1736 ἕπιδέονται.
1365 1687 1463 1736 Καὶ
1486 1686 1546 1735 τό
1571 1703 1584 1717 ο
1631 1689 1886 1756 Κρεῖσσον

1991 528 2208 570 sensus
2237 514 2467 572 habent
2493 519 2847 574 exercitatos
2866 518 2946 574 ob
2977 521 3508 582 assuetudinem”.
3540 529 3660 585 Μί-

1990 604 2144 660 scuit
2172 605 2238 660 in
2267 610 2561 662 craterem
2590 623 2764 662 suum
2793 609 3068 675 vinum”,
3089 609 3402 679 lzetiﬁcans
3429 631 3534 672 cor
3555 617 3663 675 ho-

1990 693 2243 752 minis“.
2303 697 2604 753 Craterem
2670 700 2873 754 autem
2951 698 3218 770 appellat
3270 717 3663 763 communem

1992 782 2459 857 generalemque
2503 785 2811 842 bonorum
2877 787 3441 861 participationem:
3499 795 3664 851 unde

1992 872 2278 929 omnibus
2322 872 2483 944 licet,
2513 880 2817 947 quantum
2847 877 3110 950 quisque
3140 883 3358 951 potest,
3392 886 3451 939 et
3473 899 3667 956 quan-

1993 966 2124 1019 tum
2152 963 2369 1036 cuique
2400 966 2700 1038 congruit,
2729 967 3042 1040 aequaliter
3071 968 3340 1030 haurire.
3366 973 3446 1028 Et
3475 989 3669 1044 para-

1993 1053 2077 1110 vit
2107 1069 2278 1111 suam
2319 1056 2660 1112 mensam“.
2694 1055 2914 1113 Omnia
2953 1072 3064 1128 per
3113 1060 3457 1131 emphasim
3499 1063 3665 1137 dicit,

1993 1144 2330 1216 spiritualia
2357 1145 2535 1202 nobis
2567 1161 2673 1218 per
2702 1146 3045 1220 corporalia
3081 1148 3466 1219 signiﬁcans.
3514 1157 3668 1212 Nam

1993 1234 2356 1292 rationalem
2400 1234 2622 1292 animus
2675 1235 2882 1293 cibum
2935 1255 3216 1296 mensam
3259 1243 3560 1314 nominat,
3591 1243 3672 1302 ad

1993 1340 2182 1397 quam
2222 1324 2343 1380 alto
2372 1340 2513 1381 cum
2545 1325 2851 1398 praeconio
2885 1333 3200 1401 convocat,
3230 1330 3348 1388 hoc
3380 1338 3494 1400 est,
3528 1350 3671 1390 cum

1995 1414 2249 1472 decretis
2277 1431 2350 1470 ac
2369 1415 2654 1472 institutis
2674 1416 2823 1473 nihil
2850 1417 3079 1474 humile
3101 1426 3206 1477 aut
3231 1421 3540 1494 abjectum
3561 1424 3671 1482 ha-

1993 1503 2298 1560 bentibus.
2361 1505 2479 1572 Qui
2517 1505 2810 1575 insipiens
2865 1513 2969 1575 est,
3027 1507 3287 1567 declinet
3357 1512 3441 1569 ad
3503 1514 3668 1571 me“

1997 1593 2526 1659 Quemadmodum
2550 1595 2712 1650 enim
2733 1611 2830 1651 ars
2855 1596 3096 1654 medica
3114 1598 3369 1656 inﬁrmis
3389 1617 3673 1660 necessa-

1994 1682 2086 1739 ria
2114 1687 2224 1750 est,
2253 1682 2339 1739 sic
2359 1682 2718 1755 insipientes
2746 1685 3046 1757 sapientia
3066 1687 3361 1758 indigent.
3396 1693 3462 1747 Et
3481 1691 3667 1750 illud:

281 1779 379 1850 γὰρ
437 1772 602 1831 αὐτὴν
650 1769 1049 1845 ἐμπορεύεσθαι,
1100 1771 1130 1830 ἦ
1186 1791 1420 1846 χρυσιου
1471 1771 1583 1844 (96)
1635 1776 1726 1825 καὶ
1788 1772 1881 1846 ἀρ-

1997 1773 2215 1828 Melius
2244 1777 2329 1828 est
2375 1773 2532 1829 enim
2562 1773 2736 1829 illam
2763 1777 3049 1844 mercari,
3083 1792 3262 1848 quam
3305 1781 3445 1836 auri
3490 1786 3544 1837 et
3574 1797 3672 1838 ar-

283 1868 467 1939 γυρίου
545 1863 883 1936 θησαυρούς’
938 1865 1029 1914 καὶ
1111 1865 1210 1914 τόο
1277 1865 1576 1936 Τιμιωτέρα
1649 1860 1710 1916 δέ
1773 1861 1888 1916 ἐστι

283 1955 438 2008 λίθων
488 1950 775 2006 πολυτελῶν
799 1972 812 1986 ·
875 1957 978 2004 πᾶν
1035 1947 1095 2004 δὲ
1155 1955 1328 2023 τίμιον
1383 1950 1477 2004 ούκ
1532 1951 1676 2014 ἄξιον
1723 1951 1890 2016 αὐτῆς

286 2044 434 2098 ἐστι·
485 2061 576 2096 και
624 2045 722 2095 τό·
773 2043 880 2108 Υίὲ,
940 2039 1024 2092 ἐὰν
1075 2043 1235 2113 σοφὸς
1280 2059 1399 2114 γινη
1452 2048 1678 2112 σεαυτῷ,
1729 2044 1887 2115 σοφὸς

286 2136 376 2206 ἔσῃ
436 2136 527 2185 καὶ
587 2139 696 2192 τοῖς
751 2130 973 2188 πλησιον
1015 2131 1128 2201 (97)
1181 2149 1317 2183 σου·
1376 2134 1467 2182 και
1517 2132 1613 2183 τό·
1664 2131 1769 2202 Υἰῷ
1827 2128 1904 2198 δὲ,

287 2231 430 2296 σοφῷ
476 2218 654 2276 εὔοδοι
697 2223 906 2274 ἔσονται
960 2221 1195 2293 πράξεις.
1248 2225 1351 2274 Καὶ
1403 2220 1529 2282 ὅλως
1577 2219 1747 2282 ἔξεστι
1800 2239 1886 2274 σοι

283 2322 474 2387 γνῶναι
513 2318 606 2365 τοῦ
661 2309 816 2382 λόγου
872 2313 968 2368 τὴν
1022 2306 1278 2376 ἀλήθειαν,
1340 2308 1692 2382 ἀναλεξαμένῳ
1748 2311 1886 2364 κατὰ

288 2401 491 2475 σχολὴν
531 2403 600 2455 τὰ
639 2405 758 2475 περὶ
799 2406 898 2461 τῆς
947 2402 1133 2471 σοφίας
1174 2398 1420 2472 εἰρημένα
1459 2406 1532 2470 τῷ
1571 2398 1881 2472 Σολομῶντι.

287 2489 500 2551 Ἐπειδὴ
562 2488 622 2544 δὲ
695 2490 768 2551 εἰς
841 2493 1160 2561 κακότεχνον
1225 2488 1412 2560 ψυχὴν
1487 2488 1582 2541 ούκ
1666 2488 1884 2543 εἰσελεύ-

283 2600 430 2636 σεται
461 2586 638 2653 σοφία,
667 2582 906 2652 καθαίρει
951 2583 1201 2654 πρότερον
1248 2575 1343 2630 διὰ
1388 2573 1481 2630 τοῦ
1528 2579 1666 2630 θείου
1720 2577 1881 2651 φόϐου

277 2673 373 2734 τὰς
399 2671 586 2745 ψυχὰς
614 2678 715 2723 τῶν
761 2668 1043 2742 μελλόντων
1095 2675 1158 2740 τῇ
1208 2672 1369 2741 σοφίᾳ
1419 2667 1779 2742 προσομιλεῖν.
1810 2671 1882 2723 T6

276 2764 379 2836 γὰρ
405 2762 479 2823 εἰς
509 2749 641 2823 τοὺς
681 2771 940 2832 τυχόντας
977 2759 1176 2833 ῥίπτειν
1223 2759 1292 2810 τά
1333 2765 1429 2820 τῆς
1479 2762 1744 2832 σωτηρίας
1785 2778 1884 2831 μυ·-

280 2855 494 2924 στήρια,
521 2855 611 2904 καὶ
657 2850 857 2911 πάντας
905 2850 1096 2921 ὁμοίως
1141 2844 1567 2922 παραδέχεσθαι,
1599 2851 1722 2910 τοὺς
1749 2852 1882 2920 μήτε

279 2937 385 3012 βίῳ
430 2942 660 3013 καθαρῷ,
691 2945 824 3011 μήτε
865 2936 1002 3010 λόγῳ
1051 2935 1381 3009 ἒξητασμίνῳ
1419 2940 1506 2988 καὶ
1553 2934 1755 3008 ἀκριϐεῖ
1800 2955 1881 2989 κε-

276 3033 593 3102 χρημένους,
624 3029 800 3102 ὅμοιόν
843 3026 984 3081 ἔστιν
1033 3028 1208 3102 ὧσπερ
1253 3025 1315 3078 ἂν
1359 3025 1403 3078 εἰ
1450 3030 1539 3077 καὶ
1588 3024 1636 3077 ἐν
1688 3024 1877 3098 ἀγγείῳ

273 3137 356 3181 τις
407 3117 624 3193 ῥυπαρῷ
689 3122 748 3172 1'6
808 3117 1164 3191 πολυτίμητον
1224 3113 1388 3190 μύρον
1449 3113 1714 3188 ἐμϐάλλοι.
1784 3122 1881 3169 Δια

272 3215 446 3274 τοῦτο,
492 3208 662 3284 Ἀρχὴ
725 3212 930 3280 σοφίας,
981 3207 1136 3282 φόϐος
1183 3211 1400 3280 Κυρίου.
1465 3204 1625 3268 Φόϐος
1673 3202 1733 3259 δὲ
1788 3225 1880 3259 κα-

273 3300 492 3374 θάρσιον
519 3299 708 3372 ψυχῆς
744 3300 884 3350 κατά
909 3302 1004 3357 τὴν
1052 3297 1218 3369 εὐχὴν
1248 3303 1342 3348 τοῦ
1383 3299 1651 3370 προφήτου
1698 3294 1878 3368 λέγον-

271 3409 396 3453 τοςο
459 3391 776 3448 Καθὴλωσον
840 3386 898 3440 ἐκ
960 3395 1053 3441 τοῦ
1129 3386 1288 3459 φόϐου
1344 3405 1440 3439 σου
1511 3387 1606 3448 τὰς
1685 3388 1880 3460 σάρκας

271 3499 395 3553 μου.
422 3479 512 3542 Ὠς
559 3480 688 3532 ὅπου
733 3477 888 3551 φόϐος
935 3476 1138 3543 ἐνοικεῖ,
1179 3475 1283 3528 ἐκεῖ
1318 3474 1515 3547 ψυχῆς
1559 3475 1746 3528 ἅπασα
1788 3495 1880 3528 κα-

275 3571 504 3642 θαρότης
531 3565 820 3642 ἐνίδρυται,
850 3567 1031 3628 πάσης
1067 3568 1321 3638 πονηρίας
1369 3568 1460 3616 καὶ
1508 3561 1718 3616 ἀνοσίου
1748 3565 1880 3638 πρά-

273 3658 398 3722 ξεως
422 3659 534 3730 (98)
561 3659 976 3730 ὑποφευγούσης,
1005 3665 1106 3708 τῶν
1149 3662 1242 3708 τοῦ
1292 3658 1534 3727 σώματος
1577 3653 1738 3726 μελῶν
1791 3673 1878 3705 κι-

270 3749 494 3807 νηθῆναι
535 3750 666 3822 πρὸς
722 3745 944 3808 ἀτοπους
995 3744 1264 3820 ἐνεργείας,
1326 3739 1421 3796 διὰ
1485 3746 1544 3796 τὸ
1609 3750 1682 3814 τῷ
1738 3741 1879 3814 φόϐῳ

269 3837 633 3905 καθηλῶσθαι,
674 3841 746 3910 μὴ
795 3833 1113 3910 δυναμένων.
1162 3832 1364 3909 ’Ὠσπερ
1417 3834 1516 3906 γὰρ
1575 3833 1603 3884 ό
1652 3830 1880 3906 ἐμπεπη-

269 3931 426 3999 γότας
459 3929 595 4000 ἔχων
625 3926 676 3980 ἐν
720 3925 885 3998 ἑαυτῷ
933 3928 1056 3987 τοὺς
1101 3925 1435 3996 σωματικούς
1483 3921 1638 3982 ἥλους
1675 3919 1879 3995 ἀνενέρ-

268 4020 432 4088 γητός
475 4015 616 4069 ἐστιν
664 4017 764 4068 ύπό
799 4024 899 4068 τῶν
951 4011 1149 4068 ὀδυνῶν
1205 4017 1595 4085 κατεχόμενος
1644 4010 1805 4072 οὕτως
1852 4011 1878 4064 ὁ

267 4115 342 4178 τῷ
374 4107 512 4181 φόϐῳ
549 4115 642 4160 τοῦ
689 4113 822 4161 Θεοῦ
852 4105 1278 4178 κατειλημμένος,
1313 4104 1407 4157 ούκ
1447 4101 1696 4176 ὀφθαλμῷ
1740 4122 1879 4178 χρη-

272 4199 471 4251 σασθαι
511 4199 644 4271 πρὸς
679 4196 715 4249 ἃ
761 4200 834 4270 μὴ
879 4192 980 4262 δεῖ,
1014 4195 1074 4248 ού
1119 4201 1302 4269 χεῖρας
1349 4199 1565 4253 κινῆσαι
1611 4195 1738 4268 πρὸς
1783 4190 1880 4245 ἀπ-

271 4291 620 4363 ηγορευμένας
644 4287 881 4361 πράξεις,
914 4285 1010 4338 οὐκ
1055 4285 1186 4346 ὅλως
1231 4287 1417 4357 μικρὸν
1461 4283 1491 4342 ἦ
1539 4283 1718 4356 μεῖξον
1748 4280 1880 4355 ἐνερ-

269 4385 435 4450 γῆσαι
461 4379 606 4451 ποιρά
649 4379 708 4428 τὸ
749 4377 980 4434 καθῆκον
1030 4370 1272 4440 δύναται,
1306 4374 1412 4425 οἷον
1456 4368 1618 4445 ὀδύνῃ
1668 4375 1781 4436 τινὶ,
1810 4377 1874 4444 τῇ

268 4463 571 4542 προσδοκίᾳ
600 4474 699 4519 τῶν
727 4463 1104 4524 ἀπειληθέντων
1135 4465 1588 4537 συμπεπαρμένος.

341 4563 394 4615 5.
435 4560 569 4620 Τοὺς
613 4553 671 4610 δε
703 4554 960 4630 βεϐήλους
993 4558 1082 4607 καὶ
1123 4549 1469 4628 συρφετώδεις
1513 4549 1878 4624 ἀποπέμπεται

267 4655 371 4701 τῶν
419 4650 566 4701 θείων
605 4643 988 4715 διδασκαλιῶν,
1037 4644 1236 4716 λέγων.
1294 4640 1516 4714 Ἀφοϐοι
1565 4637 1623 4695 δὲ
1669 4643 1784 4713 (99)
1828 4639 1877 4692 ίν

265 4738 454 4800 πύλαις
535 4737 947 4796 αύλισθὴσονται
970 4773 984 4788 .
1051 4738 1143 4788 καὶ
1224 4737 1318 4787 τόδ
1389 4736 1653 4791 Ζητήσετε
1734 4731 1880 4806 παρά

266 4837 451 4893 κακοῖς
531 4833 739 4904 σοφίαν,
809 4831 902 4882 καὶ
983 4825 1090 4900 οὐχ
1169 4824 1452 4901 εὑρήσετεο
1520 4826 1611 4876 καὶ
1671 4819 1868 4880 πήλινα

336 5011 385 5048 ⁷³
418 5009 600 5068 Hebr.
633 5025 700 5068 v.
742 5010 832 5066 14.

266 5084 315 5120 ⁸⁵
342 5083 494 5140 ibid.
536 5088 628 5140 15.
729 5083 778 5118 ⁸⁸
808 5085 984 5138 Prov.
1025 5095 1106 5149 1x,
1139 5081 1232 5134 12.

266 5157 312 5192 θ’
343 5155 527 5212 Eccli.
558 5171 600 5227 1,
632 5157 723 5212 28.
801 5155 850 5190 ⁸³
872 5155 1048 5210 Prov.
1070 5165 1189 5219 x1v,
1218 5153 1272 5207 6.

936 5007 984 5045 ⁸ο
1015 5007 1195 5064 Prov.
1238 5019 1322 5075 1x,
1353 5008 1412 5062 2.
1523 5007 1566 5040 3'
1592 5007 1753 5060 Psal.
1793 5018 1867 5058 c11

936 5096 984 5138 γ.
1025 5095 1106 5145 1x,
1139 5081 1232 5134 12.
1343 5077 1387 5113 ⁸⁷
1418 5076 1597 5135 Prov.
1629 5091 1753 5145 vm,
1779 5079 1870 5133 13.

339 5353 591 5437 (96.)...Sic.
610 5355 740 5437 tres.
762 5365 938 5431 mss.»
966 5363 1078 5406 nec
1100 5345 1267 5437 aliter
1291 5335 1706 5437 ἒὲςίέξιεαιδιιά
1731 5341 1880 5437 LX5-

267 5421 511 5516 Atlediti
542 5431 598 5516 et
621 5423 788 5483 Colb.
807 5425 1040 5496 primus
1061 5421 1273 5478 ordine
1295 5421 1537 5476 inverso
1567 5421 1596 5478 ἦ
1624 5421 1878 5492 ἀργυρίου

269 5503 364 5552 καί
389 5503 650 5572 χρυσίου.

338 5574 454 5642 (97)
495 5569 662 5626 Colb.
697 5566 1035 5642 tertius‘xat
1061 5563 1412 5642 rérnlmaiov.

341 5633 452 5715 (98)
485 5639 811 5700 Colbertini
840 5637 1078 5712 primus
1107 5633 1166 5693 et
1211 5635 1421 5694 tertius
1449 5633 1625 5696 πάσης
1655 5633 1883 5706 πονηρᾶς

568 5751 816 5808 Ριτιιοι..
859 5747 939 5804 G11
953 5787 967 5806 .
1013 5743 1222 5825 XXXI.

1523 5001 1566 5040 ⁸¹
1592 5001 1753 5060 Psal.
1793 5018 1912 5075 c111,
1948 5004 2040 5059 lli.
2153 5001 2200 5036 ⁸³
2229 5001 2337 5057 Pro

1523 5093 1597 5135 1v.
1629 5091 1753 5145 vm,
1779 5079 1870 5133 13.
1974 5074 2022 5109 ⁸⁸
2055 5073 2197 5146 Sap.
2232 5087 2270 5140 1,
2302 5073 2337 5127 4

2184 5109 2358 5140 οΙ,το

1996 1862 2164 1932 genti
2191 1861 2568 1918 thesauros“.
2605 1865 2752 1919 Item
2792 1863 2979 1920 illud:
3030 1867 3366 1924 Pretiosior
3393 1877 3481 1926 est
3513 1871 3667 1940 lapi-

1996 1951 2172 2008 dibus
2196 1951 2515 2021 pretiosis:
2535 1966 2708 2009 omne
2727 1955 2927 2009 autem
2945 1957 3276 2023 pretiosum
3290 1973 3411 2014 non
3439 1963 3526 2016 est
3553 1961 3670 2017 illa

1996 2041 2320 2112 dignum“.
2349 2043 2446 2096 Et:
2475 2041 2621 2110 Fili,
2651 2041 2705 2096 si
2731 2043 2974 2110 sapiens
3021 2044 3221 2113 fueris
3262 2047 3392 2114 tibi,
3423 2050 3668 2119 sapiens

1996 2132 2110 2190 eris
2155 2137 2211 2187 et
2253 2131 2551 2200 proximis
2603 2132 2798 2186 tuis".
2833 2131 2986 2187 Illud
3025 2149 3308 2207 quoque:
3357 2137 3518 2193 Filio
3563 2155 3667 2196 sa-

1993 2221 2186 2293 pienti
2199 2234 2488 2290 prospere
2511 2219 2720 2276 cedent
2740 2222 3076 2278 actiones".
3102 2226 3170 2279 Et
3195 2224 3256 2280 in
3278 2242 3543 2296 summa,
3556 2226 3666 2284 tibi

1991 2311 2131 2369 licet
2179 2309 2477 2367 sermonis
2521 2310 2838 2367 veritatem
2889 2327 3285 2386 cognoscere,
3320 2332 3429 2388 per
3470 2317 3663 2375 otium

1993 2417 2069 2460 ea
2095 2415 2233 2474 quae
2261 2399 2337 2455 de
2367 2399 2665 2472 sapientia
2704 2416 2743 2457 a
2787 2403 3112 2459 Salomone
3139 2403 3299 2462 dicta
3327 2411 3471 2464 sunt
3500 2407 3665 2466 colli-

1995 2491 2176 2566 genti.
2212 2490 2507 2560 Quoniam
2550 2505 2689 2548 vero
2725 2491 2790 2547 in
2820 2493 3182 2550 malevolam
3221 2497 3491 2556 animam
3535 2515 3660 2556 non

1993 2581 2270 2639 introibit
2298 2581 2672 2650 sapientia”,
2703 2581 2871 2652 prius
2893 2582 3132 2639 animas
3163 2600 3373 2641 eorum
3393 2587 3496 2659 qui
3518 2593 3661 2645 sunt

1989 2687 2132 2728 cum
2161 2669 2460 2742 sapientia
2509 2669 2886 2737 collocuturi,
2914 2686 3023 2742 per
3051 2671 3330 2730 divinum
3376 2676 3659 2733 timorem

1988 2759 2306 2834 expurgat.
2339 2760 2490 2815 Nam
2512 2758 2805 2830 projicere
2835 2759 2898 2815 in
2929 2759 3150 2830 vulgus
3179 2764 3470 2833 mysteria
3494 2764 3656 2822 salu-

1991 2850 2084 2919 tis,
2111 2853 2170 2906 et
2197 2863 2412 2906 omnes
2451 2863 2526 2903 ex
2571 2863 2750 2920 aequo
2779 2848 3068 2922 recipere,
3100 2865 3299 2924 neque
3336 2852 3462 2910 vita
3501 2868 3661 2927 pura

1987 2943 2254 3006 ornatos,
2287 2952 2486 3008 neque
2517 2936 2819 3009 exquisita
2841 2943 2899 2993 et
2918 2945 3204 2996 accurata
3228 2941 3461 2999 ratione
3488 2960 3658 3015 usos,

1988 3027 2240 3102 perinde
2278 3030 2367 3082 est
2397 3042 2469 3082 ac
2499 3027 2550 3081 si
2580 3025 2718 3098 quis
2744 3034 3122 3096 unguentum
3150 3031 3660 3101 pretiosissimum

1989 3119 2051 3175 in
2095 3133 2206 3173 vas
2259 3115 2574 3172 sordidum
2619 3114 2925 3172 infuderit.
2960 3117 3368 3182 Quamobrem
3406 3121 3658 3178 Initium

1987 3207 2320 3278 sapientia,
2350 3206 2529 3262 timor
2566 3205 2883 3261 Domini”.
2914 3205 3144 3261 Animae
3191 3213 3396 3265 autem
3444 3224 3662 3281 expur-

1991 3299 2150 3370 gatio
2181 3297 2356 3354 timor
2385 3299 2492 3360 est,
2534 3296 2700 3366 101
2735 3295 2910 3365 juxta
2942 3297 3256 3369 prephetae
3285 3302 3521 3364 votum,
3554 3301 3662 3373 qui

1989 3389 2107 3446 ait:
2143 3387 2388 3458 Conﬁge
2417 3386 2629 3441 timore
2678 3391 2780 3441 tuo
2825 3400 3037 3442 carnes
3084 3389 3321 3444 meas”.
3356 3391 3506 3444 Nam
3555 3389 3662 3447 ubi

1988 3479 2169 3535 timor
2188 3475 2509 3543 inhabitat,
2536 3474 2620 3530 ibi
2647 3477 2774 3530 tota
2802 3474 3025 3531 animae
3087 3477 3414 3533 mundities
3438 3479 3666 3537 residet

1989 3566 2345 3637 aufugitque
2376 3563 2576 3620 omnis
2623 3563 2892 3634 pravitas
2923 3569 3106 3636 atque
3144 3566 3300 3621 actio
3330 3567 3540 3640 impia,
3576 3565 3662 3625 si-

1989 3654 2237 3730 quidem
2261 3652 2538 3709 membra
2563 3651 2857 3723 corporis,
2885 3653 3055 3724 quod
3090 3654 3303 3710 timore
3334 3657 3510 3727 quasi
3534 3658 3665 3729 qui-

1988 3743 2256 3802 busdam
2288 3741 2474 3798 clavis
2506 3741 2748 3797 conﬁxa
2790 3740 2932 3809 sint,
2959 3741 3040 3797 ad
3079 3741 3280 3815 turpia
3310 3759 3497 3816 opera
3537 3761 3664 3801 non

1989 3839 2222 3906 queunt
2253 3832 2506 3889 moveri.
2536 3832 2700 3888 Sicut
2728 3831 2889 3886 enim
2919 3832 3023 3903 qui
3072 3834 3422 3905 corporales
3455 3833 3662 3891 clavos

1988 3925 2176 3982 habet
2228 3923 2290 3979 in
2341 3923 2544 3994 seipso
2599 3920 2900 3992 contixos,
2933 3920 3082 3977 nihil
3135 3939 3314 3993 agere
3350 3929 3547 3997 potest
3585 3926 3664 3982 ob

1991 4031 2094 4071 eos
2114 4014 2342 4088 quibus
2373 4012 2673 4083 detinetur
2702 4010 2980 4067 dolores:
3039 4011 3124 4067 sic
3153 4013 3260 4085 qui
3302 4014 3516 4071 timore
3564 4015 3668 4071 Dei

1990 4108 2303 4176 correptus
2332 4107 2444 4172 est,
2478 4117 2602 4158 non
2631 4099 2808 4157 oculo
2839 4101 2924 4156 uti
2954 4100 3034 4156 ad
3064 4117 3136 4158 ea
3165 4118 3303 4174 quae
3335 4119 3459 4160 non
3491 4121 3669 4178 Opor-

1989 4191 2089 4266 tet,
2118 4209 2244 4250 non
2265 4207 2487 4249 manus
2508 4207 2750 4246 movere
2772 4190 2849 4246 ad
2872 4190 3082 4246 vetitas
3103 4192 3394 4264 actiones,
3421 4209 3546 4250 non
3567 4195 3668 4252 de-

1988 4285 2174 4357 nique
2205 4283 2544 4356 quidquam
2567 4296 2826 4354 parvum
2846 4285 2951 4336 aut
2974 4296 3267 4350 magnum
3294 4289 3512 4355 praeter
3532 4281 3666 4342 otii-

1990 4374 2152 4430 cium
2173 4387 2464 4445 peragere
2495 4370 2732 4442 poterit,
2756 4371 3178 4442 expectatione
3207 4372 3516 4430 minarum
3535 4390 3669 4447 per-

1905 4495 1952 4550 D
1989 4462 2130 4520 inde
2159 4466 2223 4518 ut
2251 4460 2458 4517 dolore
2488 4458 2763 4550 quodam
2788 4459 3141 4550 transﬁxus.

2063 4557 2113 4609 5.
2157 4555 2337 4608 Porro
2369 4549 2661 4623 profanos
2684 4565 2755 4604 ac
2772 4548 2993 4619 vulgus
3019 4565 3054 4605 a
3080 4549 3417 4623 disciplinis
3442 4550 3667 4610 divinis

1989 4644 2170 4712 arcet,
2200 4640 2292 4696 his
2336 4637 2578 4694 verbis:
2623 4637 2738 4704 Qui
2773 4638 2902 4692 sine
2946 4638 3157 4695 timore
3184 4645 3346 4707 sunt,
3370 4640 3433 4696 in
3470 4643 3667 4710 portis

1990 4730 2468 4789 morabuntur“.
2501 4726 2654 4783 lllud
2688 4725 2897 4782 itidem
2923 4745 2936 4783 :
2965 4727 3247 4795 Quazretis
3278 4730 3445 4799 apud
3472 4732 3668 4788 malos

1977 4820 2363 4892 sapientiam,
2385 4821 2438 4874 et
2466 4831 2590 4872 non
2610 4815 3078 4872 invenietis".Et
3097 4830 3306 4872 rursus
3333 4832 3347 4872 :
3384 4815 3664 4885 Quazrem

2723 4992 2772 5030 ⁸³
2802 4991 2954 5052 ibid.
2984 4995 3052 5067 4.
3144 4990 3402 5067 “Prov.
3439 5010 3528 5067 111,
3564 4996 3655 5057 14.

2153 4999 2200 5036 ⁸³
2229 5001 2406 5057 Prov.
2442 5010 2522 5066 ιτ,
2554 4997 2613 5052 2.
2723 4997 2772 5030 ⁸³
2802 4997 2954 5052 ibid.
2984 4997 3040 5050 4.
3144 4997 3193 5030 ⁸⁸
3227 4997 3402 5052 Prov.
3439 5010 3528 5067 111,
3564 4997 3655 5057 14.

2153 5087 2197 5139 3.
2232 5087 2270 5139 1,
2302 5073 2358 5127 4.
2462 5069 2509 5106 ⁸³
2537 5068 2719 5127 Prov.
2765 5081 2806 5137 1,
2838 5071 2903 5128 '7.
3011 5066 3062 5103 9°
3091 5064 3254 5123 Psal.
3293 5081 3490 5139 cxvm,
3527 5073 3656 5128 120.

2462 5069 2509 5106 ⁸³
2537 5068 2719 5127 Prov.
2765 5081 2806 5137 1,
2838 5071 2903 5128 '7.

1991 5346 2082 5396 καὶ
2110 5337 2602 5416 ὼοσιας,πρᾴξιῳςδ
2639 5407 2688 5416 __
2789 5408 2798 5416 ,
2921 5400 2950 5416 λ
3015 5407 3028 5416 ,
3116 5399 3128 5416 ι
3258 5402 3294 5416 γι
3461 5404 3467 5412 ρ

1994 5485 2007 5499 .
2062 5415 2176 5486 (99)
2203 5399 2708 5499 Ξὲ¹υ’ἀ”σξφ’9δοί,δέξ
2748 5399 3202 5499 aerariae
3245 5402 3467 5496 ςεηιονςί
3501 5413 3666 5484 sum.

1982 5485 2048 5544 in
2071 5481 2269 5564 portis
2299 5481 2731 5564 morabuntur,
2759 5481 2822 5538 in
2857 5481 3196 5540 Proverbiis
3244 5482 3514 5543 invenire
3544 5481 3670 5544 non

1987 5559 2324 5633 potuimus.

3352 5734 3416 5798 13
