4098 6426
477 315 580 370 395

1851 307 1909 364 S.
1953 304 2206 363 BASlLlI
2243 306 2489 366 MAGNI.

3744 308 3847 372 396

472 453 567 495 me
592 435 765 502 mali,
786 440 841 492 et
870 449 992 490 non
1021 433 1326 490 invenient
1344 434 1412 502 93,
1438 448 1509 489 eo
1540 431 1708 507 quod
1733 431 1975 504 purgati
2003 446 2107 487 nox

2241 437 2552 492 Ζητήσουσί
2617 453 2682 508 με
2737 436 2906 503 κακοὶ,
2957 453 3048 486 και
3091 435 3196 508 ούχ
3252 437 3564 512 εὑρήσουσι,
3627 435 3721 492 διὰ
3783 442 3843 492 τὸ

469 530 590 586 sint
608 527 814 584 divino
834 525 1074 582 timore.
1105 525 1298 589 Quare
1318 524 1425 597 qui
1452 523 1532 580 ad
1561 521 2018 597 percipiendam
2041 538 2130 578 sa-

468 617 757 692 pientiam
795 630 1149 671 accessurus
1171 617 1282 684 est,
1314 613 1364 670 is
1396 630 1433 670 a
1465 612 1751 686 nequitia!
1779 611 2127 683 ignominiis

466 724 576 782 per
594 706 917 763 salutarem
940 703 1218 761 timorem
1241 707 1612 776 expurgatus
1633 701 1903 758 accedat.
1929 703 2127 756 Emer-

465 799 541 854 sit
569 797 749 867 igitur
774 793 950 850 nobis
988 792 1154 850 aliud
1201 793 1383 849 etiam
1435 791 1671 848 bonum
1710 808 1741 847 e
1773 789 2125 846 Proverbio-

461 902 602 945 rum
644 883 941 950 doctrina,
969 881 1197 938 timoris
1243 882 1432 938 silicet
1472 880 1740 954 adeptio,
1767 895 1904 952 quas
1931 878 2123 934 nobis

460 993 569 1051 per
588 972 948 1048 sapientiam
970 971 1427 1027 aﬂ‘ertur.Nosse
1443 969 1850 1042 disciplinam,
1867 968 2124 1025 alterum

459 1070 588 1124 erat
615 1065 771 1121 inter
809 1061 1200 1135 promissa“.
1232 1062 1330 1116 Est
1360 1064 1563 1115 autem
1600 1057 1922 1131 disciplina
1959 1056 2126 1113 insti.

456 1156 607 1214 tutio
645 1151 932 1226 quaedam
970 1149 1189 1206 animm
1220 1148 1400 1217 utilis,
1431 1147 1791 1221 plerumque
1821 1162 1947 1203 non
1994 1146 2122 1203 sine

454 1247 646 1305 multo
675 1243 884 1300 labore
922 1257 1055 1297 eam
1085 1255 1121 1297 a
1146 1239 1430 1313 nequitiae
1463 1239 1723 1295 maculis
1749 1252 2117 1311 expurgans,

451 1353 589 1412 quae
621 1337 693 1392 In
718 1348 984 1405 praesens
1014 1331 1252 1404 quidem
1292 1346 1415 1387 non
1464 1329 1706 1386 videtur
1735 1345 1858 1386 esse
1879 1329 2112 1401 gaudii,

446 1429 552 1485 sed
567 1425 872 1490 molestiae,-
889 1427 951 1479 at
969 1427 1178 1491 postea
1193 1421 1468 1490 fructum
1484 1421 1891 1492 tranquillum
1916 1419 2116 1476 reddit

446 1519 528 1576 ad
552 1517 832 1578 salutem,
862 1514 936 1568 iis
965 1516 1067 1584 qui
1089 1525 1205 1581 per
1230 1511 1405 1568 illam
1427 1511 1667 1580 fuerint
1699 1511 2021 1568 exercitati
2040 1509 2110 1566 9‘.

442 1610 606 1665 Hanc
659 1604 840 1676 igitur
895 1601 1283 1674 disciplinam
1333 1617 1535 1668 nosse,
1586 1616 1711 1657 non
1761 1604 1851 1656 est
1894 1598 2114 1656 mentis

437 1695 780 1770 cujuslibet,
812 1691 981 1766 quod
1009 1691 1302 1764 plerique,
1333 1690 1414 1747 ob
1457 1689 1876 1746 difﬁcultatem
1905 1704 2110 1746 rerum

2236 527 2308 595 μή
2355 522 2741 598 ἐκκαθαρθῆναι
2787 526 2867 594 (ί)
2923 532 2997 595 τῷ
3043 527 3160 596 θείῳ
3215 526 3373 599 φόϐῳ.
3421 526 3602 596 Ὠστε,
3650 528 3843 601 μέλλων

2235 619 2508 688 προσιέναι
2544 622 2607 686 τῇ
2663 612 2915 684 ἀναλήψει
2951 623 3048 676 τῆς
3078 619 3285 688 σοφίας,
3320 625 3393 688 τῷ
3427 622 3670 692 σωτηρίῳ
3703 618 3842 692 φόϐῳ

2233 706 2300 756 τὰ
2356 703 2457 756 ἀπό
2520 708 2708 765 κακίας
2775 707 2946 776 α’ίσχη
3018 706 3380 779 καθηράμενος
3434 711 3837 784 προσερχέσθω.

2235 792 2481 866 Ἀνεφάνη
2537 789 2624 845 οὖν
2677 795 2802 866 ἡμῖν
2863 798 2954 847 καὶ
3009 796 3177 868 ἕτερον
3229 793 3425 868 ἀγαθὸν
3477 796 3532 850 ἐκ
3590 807 3685 860 τῆς
3737 808 3837 852 τῶν

2233 889 2534 956 Παροιμιῶν
2583 878 2958 949 διδασκαλίας,
2993 885 3023 942 ἠ
3077 892 3171 937 τοῦ
3211 884 3371 958 φόϐου
3423 885 3700 959 ἀνάληψις,
3743 885 3837 942 διά

2231 979 2327 1033 τῆς
2377 977 2562 1045 σοφίας
2604 974 2728 1045 ἡμῖν
2773 971 3175 1045 ἐπεισαχθεῐσα.
3229 979 3471 1052 Δεύτερον
3521 973 3581 1035 ἦν
3631 977 3678 1029 ἐν
3726 986 3834 1041 τοῖς

2231 1059 2612 1134 ἐπαγγέλμασι,
2648 1069 2841 1134 γνῶναι
2888 1059 3155 1120 παιδείαν.
3204 1063 3362 1122 Ἔστι
3416 1063 3476 1120 δε
3531 1069 3561 1126 ἠ
3617 1065 3835 1121 παιδεία

2230 1149 2412 1224 ἀγωγή
2448 1170 2528 1214 τις
2554 1153 2628 1223 (2)
2674 1153 2926 1225 ὠφέλιμος
2969 1161 3031 1226 τῇ
3078 1153 3256 1228 ψυχῇ,
3286 1155 3542 1220 ἐπιπόνως
3587 1157 3834 1219 πολλάκις

2227 1247 2328 1290 τῶν
2377 1237 2478 1293 ἀπὸ
2527 1245 2716 1302 κακίας
2753 1237 2986 1300 κηλίδων
3034 1242 3197 1301 αὐτὴν
3251 1243 3663 1321 ἑκκαθαίρουσα,
3717 1250 3832 1309 ἣτις

2228 1333 2367 1404 Πρὸς
2429 1333 2520 1404 μὲν
2574 1334 2633 1384 τὸ
2699 1335 2864 1406 παρὸν
2931 1336 2990 1386 οὐ
3049 1330 3196 1386 δοκεῖ
3249 1342 3428 1410 χαρᾶς
3493 1334 3643 1405 εἶναι,
3704 1336 3833 1391 ἀλλά

2224 1419 2431 1483 λύπηςο
2491 1421 2706 1495 ὓστερον
2793 1419 2853 1476 δὲ
2934 1427 3133 1497 καρπὸν
3218 1425 3474 1500 εἰρηνικὸν
3556 1436 3666 1490 τοῖς
3741 1425 3831 1481 δι’

2224 1509 2388 1572 αὐτῆς
2442 1530 2703 1584 γεγυμνας
2761 1516 2935 1586 μένοις
3003 1510 3336 1568 ἀποδίδωσιν
3398 1515 3470 1578 εἰς
3539 1521 3821 1592 σωτηρίαν.

2219 1603 2426 1659 Ταύτην
2457 1606 2629 1654 τοίνυν
2675 1606 2770 1663 τήν
2807 1599 3053 1656 παιδείαν
3084 1613 3276 1676 γνῶναι
3305 1605 3364 1658 ού
3412 1614 3509 1669 τῆς
3550 1626 3828 1680 τυχούσης

2220 1685 2334 1741 ἐστὶ
2383 1684 2654 1751 διανοίας·
2709 1687 2851 1744 διότι
2897 1690 3094 1759 πολλοὶ,
3123 1696 3256 1767 πρὸς
3296 1697 3354 1746 τὸ
3398 1703 3499 1747 τῶν
3547 1699 3826 1768 γινομένων

438 1785 816 1859 agendarum
831 1782 1102 1839 animum
1120 1779 1922 1854 despondentes,utilitatem
1935 1794 2107 1836 even-

2218 1775 2456 1831 ἑπίπονον
2525 1777 2950 1854 ἀπαγορεύοντες,
2982 1784 3042 1834 τὸ
3090 1789 3187 1845 τῆς
3233 1781 3496 1846 ἐκϐάσεως
3541 1785 3823 1859 οώφέλιμον

437 1882 532 1935 tus
557 1893 678 1950 prae
706 1871 967 1930 ruditate
993 1886 1065 1927 ac
1093 1870 1334 1927 inscitia
1359 1885 1482 1926 non
1503 1869 1972 1943 praestolamur:
1998 1869 2109 1926 sed

436 1981 595 2038 aegre
615 1966 874 2022 ferentes
897 1959 1225 2018 curationis
1247 1961 1686 2029 austeritatem,
1709 1960 1772 2016 in
1791 1959 2109 2032 imperitiae

433 2052 886 2114 inﬁrmitatibus
908 2053 1290 2124 permanent.
1313 2051 1698 2122 Quapropter
1716 2064 1900 2106 voces
1915 2049 2107 2119 justo-

433 2163 573 2204 rum
598 2147 738 2200 sunt
756 2140 1155 2200 admiratione
1178 2139 1402 2210 dignae,
1427 2139 1760 2196 dicentium
1788 2155 1801 2195 :
1826 2140 2103 2212 Domine,

435 2253 510 2295 ne
528 2239 592 2292 in
614 2235 829 2305 furore
854 2237 954 2288 tuo
975 2245 1204 2301 arguas
1237 2245 1366 2287 me:
1409 2245 1598 2302 neque
1627 2230 1691 2286 in
1713 2230 1811 2285 ira
1842 2235 1948 2286 tua
1979 2245 2107 2286 cor-

433 2327 626 2397 ripias
654 2324 836 2381 me“.
864 2324 994 2378 Non
1040 2319 1203 2376 enim
1246 2319 1654 2392 deprecantur
1686 2318 2100 2392 disciplinam,

436 2416 544 2473 sed
561 2416 737 2473 iram.
762 2411 912 2468 Huic
932 2408 1245 2467 consimile
1276 2413 1364 2466 est
1395 2414 1454 2466 et
1481 2408 1665 2465 illud:
1702 2408 1955 2480 Corripe
1972 2425 2102 2503 nos,

434 2507 709 2574 Domine,
741 2507 1154 2561 verumtamen
1182 2499 1247 2555 in
1266 2498 1528 2570 judicio,
1552 2504 1608 2554 et
1647 2514 1769 2555 non
1802 2498 1866 2555 in
1915 2499 2012 2555 ira
2029 2498 2100 2568 ’τῇ

436 2595 592 2654 illud
649 2607 933 2668 quoque:
987 2589 1330 2660 Disciplina
1382 2589 1623 2644 Domini
1667 2589 1864 2658 aperit
1926 2603 2104 2645 aures

437 2685 685 2744 meas".
720 2684 789 2740 Ut
817 2680 982 2738 enim
1033 2678 1208 2753 parvi
1253 2677 1425 2751 pueri
1474 2677 1536 2734 in
1578 2676 1872 2733 discendo
1919 2677 2104 2749 negli-

437 2778 670 2848 gentes,
685 2775 1013 2846 postquam
1034 2784 1070 2825 a
1085 2766 1392 2838 magistris
1413 2770 1518 2823 aut
1535 2765 1891 2839 paedagogis
1909 2766 2104 2838 ﬂagro

438 2867 585 2924 ccesi
619 2867 782 2930 sunt,
809 2858 1156 2918 attentiores
1195 2855 1411 2928 eﬂ'ecti,
1441 2855 1880 2930 praeceptiones
1920 2855 2105 2913 susci-

438 2957 637 3031 piunt,
663 2958 848 3026 utque
875 2948 1036 3007 idem
1064 2947 1500 3004 documentum
1530 2951 1670 3004 ante
1696 2945 1950 3003 verbera
1978 2961 2104 3003 non

441 3043 826 3106 audiebatur,
854 3038 960 3096 sed
994 3041 1135 3111 post
1157 3036 1490 3109 ﬂagrorum
1527 3035 1822 3104 dolorem,
1851 3034 2104 3093 auribus

440 3135 622 3212 quasi
648 3147 857 3191 recens
886 3127 1134 3202 apertis,
1168 3125 1381 3183 auditu
1419 3130 1478 3183 et
1518 3125 1836 3198 excipitur,
1868 3129 1926 3182 et
1970 3141 2103 3181 me-

441 3225 638 3285 moria
664 3221 953 3281 retinetur
985 3234 998 3273 :
1033 3217 1118 3274 ita
1155 3215 1373 3273 accidit
1401 3219 1461 3272 et
1505 3214 1578 3270 iis
1616 3214 1721 3286 qui
1758 3213 2102 3271 doctrinam

442 3316 715 3374 divinam
735 3309 1066 3382 negligunt,
1091 3322 1163 3362 ac
1182 3308 1488 3378 praecepta
1502 3307 1922 3377 aspernantur.
1947 3305 2105 3359 Post-

443 3422 632 3481 quam
658 3401 819 3460 enim
848 3395 1080 3470 experti
1109 3399 1252 3451 sunt
1284 3393 1387 3450 Dei
1414 3393 1846 3450 correctionem
1878 3408 1950 3450 ac
1976 3391 2103 3448 dis-

446 3497 756 3571 ciplinam,
782 3495 925 3548 tunc
945 3485 1210 3544 maxime
1236 3484 1338 3541 Dei
1378 3484 1672 3540 mandata
1699 3499 1836 3556 quae
1867 3496 2106 3556 semper

445 3587 686 3646 fuerant
707 3578 1037 3648 enuntiata,
1067 3588 1431 3647 semperque
1458 3571 1752 3643 neglecta,
1778 3571 1958 3645 quasi
1987 3571 2108 3646 pri.

447 3692 619 3736 mum
658 3687 870 3731 eorum
917 3666 1166 3726 auribus
1193 3661 1504 3720 illabentia
1530 3662 1923 3736 recipiuntur.
1957 3665 2106 3719 Eam

447 3768 528 3828 ob
548 3779 816 3832 causam,
843 3757 1170 3828 Disciplina
1188 3753 1449 3815 Domini,
1469 3751 1684 3825 inquit,
1707 3753 1898 3824 aperit
1926 3767 2105 3809 aures

447 3873 630 3916 meas.
654 3851 956 3922 Quoniam
983 3846 1164 3918 igitur
1203 3840 1525 3914 disciplina
1553 3840 1798 3912 corripit
1827 3856 1969 3897 eum
1999 3839 2106 3913 qui

450 3966 514 4006 se
537 3944 878 4004 inordinate
917 3935 1085 4008 gerit,
1111 3933 1200 3989 uti
1226 3931 1542 3988 factitabat
1580 3928 1820 3998 Paulus,
1847 3929 1954 4001 qui
1992 3934 2106 3986 tra-

449 4037 635 4095 debat
667 4028 980 4093 Satanae“,
1011 4020 1188 4097 quasi
1211 4019 1477 4093 cuipiam
1506 4015 1773 4075 carniﬁci
1803 4017 2105 4091 torquenti

446 4144 518 4186 ac
531 4122 771 4197 ﬂagello
782 4108 1644 4176 concidenti,utdiscerentnon
1655 4106 2100 4197 blasphemare;

444 4196 726 4279 rebellem
773 4212 978 4268 autem
1023 4200 1275 4264 reducit,
1314 4197 1390 4254 de
1437 4214 1561 4272 quo
1608 4196 1832 4254 scilicet
1871 4198 2100 4255 dictum

445 4315 574 4368 est:
606 4307 748 4364 Post
779 4297 1186 4370 captivitatem
1231 4305 1403 4347 suam
1439 4289 1860 4361 paenitentiam
1898 4289 2096 4360 eam;

443 4413 690 4459 necesse
717 4397 807 4452 est
831 4380 1243 4458 castigationis
1270 4379 1396 4438 vim
1441 4395 1514 4436 ac
1553 4377 1886 4451 disciplina:
1924 4380 2094 4450 102

2216 1867 2318 1920 ύπό
2359 1866 2589 1941 ἀμαθίας
2631 1869 2727 1922 ούκ
2776 1869 3138 1944 ἀναμένουσιν,
3176 1869 3305 1926 ἀλλά
3351 1870 3822 1948 δυσανασχετοῦν-

2215 1977 2298 2020 τες
2329 1961 2460 2034 πρὸς
2497 1961 2556 2012 τὸ
2586 1968 2683 2021 τῆς
2734 1958 3025 2034 ἑπιμελείας
3069 1961 3355 2036 αὐστηρὸν,
3387 1971 3496 2027 τοῖς
3539 1973 3634 2028 τῆς
3679 1964 3821 2038 ἀμα-

2219 2048 2336 2108 θίας
2383 2044 2796 2123 ἀρρωστήμασιν
2845 2049 3196 2124 έναπέμειναν.
3247 2055 3342 2106 Διὰ
3405 2061 3561 2108 τοῦτο
3614 2056 3820 2128 θαύμα-

2216 2155 2305 2200 τος
2354 2135 2501 2200 οἶξιαι
2551 2145 2652 2190 τῶν
2729 2135 2949 2192 δικαίων
3026 2143 3081 2194 αἱ
3138 2147 3325 2214 φωναὶ,
3382 2151 3482 2196 τῶν
3532 2142 3817 2216 λεγόντων·

2217 2228 2393 2301 Κύριε,
2435 2231 2508 2300 μὴ
2557 2235 2631 2299 τῷ
2679 2230 2826 2302 θυμῷ
2867 2250 2961 2284 σου
3007 2229 3214 2305 ἐλέγξῃς
3256 2251 3339 2306 με,
3391 2230 3530 2307 μηδέ
3572 2242 3635 2308 τῇ
3687 2233 3816 2308 ὀργῇ

2217 2334 2313 2368 σου
2355 2312 2655 2392 παιδεύσῃς
2699 2337 2782 2392 με.
2815 2319 2892 2372 Ού
2938 2323 3037 2394 γὰρ
3080 2325 3170 2380 τήν
3213 2319 3459 2377 παιδείαν
3498 2331 3820 2398 παραιτοῦν-

2212 2423 2324 2478 ται,
2357 2403 2486 2459 ἀλλὰ
2509 2411 2604 2466 τὴν
2635 2406 2816 2483 ὀργήν.
2847 2411 3027 2482 Τούτῳ
3065 2410 3438 2484 παραπλήσιόν,
3465 2411 3579 2466 ἔστι
3615 2419 3726 2482 καὶ,
3759 2416 3818 2467 τὸ

2216 2491 2513 2550 Παίδευσον
2543 2516 2596 2549 ον
2627 2499 2787 2571 ἡμᾶς,
2823 2501 3002 2572 Κύριε,
3034 2499 3168 2559 πλὴν
3217 2502 3472 2579 ένπρίσει,
3504 2508 3595 2557 καὶ
3645 2490 3728 2578 μή
3770 2504 3820 2558 ἐν

2215 2585 2401 2657 θυμῷο
2451 2590 2544 2639 καὶ
2593 2589 2692 2640 τόο
2740 2587 2800 2641 ’Π
2848 2585 3070 2642 παιδεία
3113 2594 3309 2666 Κυρίου
3359 2590 3554 2666 ἀνοίγει
3597 2614 3698 2668 μου
3753 2597 3820 2649 τὰ

2213 2671 2341 2729 ὦτα.
2380 2672 2582 2751 Ὠσπερ
2628 2678 2732 2752 γὰρ
2779 2685 2880 2730 τῶν
2926 2675 3134 2732 παίδων
3192 2681 3243 2733 οἱ
3291 2685 3490 2751 νήπιοι,
3537 2684 3821 2758 κατολιγω-

2210 2771 2420 2840 ροῦντες
2465 2773 2566 2818 τῶν
2613 2767 2958 2840 μαθημάτων,
3009 2771 3141 2841 μετὰ
3190 2772 3286 2831 τὰς
3338 2773 3608 2845 μάστιγας
3655 2776 3718 2837 οἷς
3769 2777 3819 2830 οὶ

2214 2849 2537 2908 διδάσκαλοι
2583 2855 2757 2920 ούτοῖς
2804 2859 2835 2917 ἣ
2885 2854 3223 2932 παιδαγωγοὶ
3269 2863 3622 2935 προσάγουσι,
3655 2885 3818 2939 προσ-

2213 2947 2486 3019 εχέστεροι
2531 2949 2814 3019 γενόμενοι,
2865 2942 3118 3020 δέχονται
3162 2951 3228 3004 τά
3267 2946 3598 3026 διδάγματα,
3643 2961 3734 3010 καὶ
3790 2958 3816 3010 ὁ

2213 3032 2372 3096 αὐτὸς
2415 3033 2572 3107 λόγος
2620 3039 2721 3112 πρὸ
2750 3039 2842 3110 μεν
2883 3045 2986 3089 τῶν
3027 3037 3239 3112 πληγῶν
3283 3041 3378 3095 οὐκ
3419 3042 3654 3114 ἠκούετο,
3685 3050 3818 3120 μετὰ

2135 3152 2176 3209 C
2215 3118 2276 3176 δε
2317 3125 2410 3186 τὰς
2451 3122 2507 3176 ἐκ
2553 3133 2654 3178 τῶν
2699 3119 2973 3199 μαστιγων
3011 3123 3223 3196 ὀδύνας,
3257 3132 3325 3193 ὡς
3373 3132 3494 3207 οἶρτι
3532 3142 3634 3188 τῶν
3673 3141 3816 3191 ὤτων

2215 3208 2600 3286 διανοιγέντων,
2631 3219 2722 3268 καὶ
2763 3213 3073 3290 παρεδέχθη
3124 3227 3186 3291 τῇ
3233 3218 3386 3294 ἀκοῇ,
3432 3226 3523 3275 καὶ
3578 3220 3818 3298 διεφυλά-

2212 3303 2325 3374 χθη
2363 3303 2437 3374 (3)
2480 3311 2542 3376 τῇ
2585 3324 2801 3379 μνημη·
2831 3306 2966 3359 οὕτω
3008 3311 3098 3361 καὶ
3137 3307 3221 3363 ἐπὶ
3267 3317 3368 3363 τῶν
3414 3319 3816 3386 παρακουόντων

2213 3399 2312 3455 τῆς
2359 3395 2501 3456 θείας
2548 3390 2899 3458 διδασκαλίας
2928 3402 3018 3450 καὶ
3065 3411 3522 3474 καταφρονητικῶς
3568 3409 3701 3479 πρὸς
3728 3410 3818 3470 τὰς

2215 3481 2423 3544 ἐντολὰς
2487 3479 2824 3558 διακειμένων
2898 3485 3192 3561 συμϐαίνει.
3261 3488 3502 3546 Ἐπειδὰν
3561 3498 3661 3570 γὰρ
3733 3497 3819 3552 έπ-

2216 3575 2361 3647 αχθῇ
2387 3571 2564 3637 αὐτοῖς
2592 3577 2738 3651 παρά
2763 3583 2857 3629 τοῦ
2889 3584 3022 3631 Θεοῦ
3043 3579 3073 3638 ἠ
3097 3576 3333 3648 παιδεία,
3357 3587 3474 3636 τότε
3500 3580 3566 3643 δή
3585 3587 3820 3658 μάλιστα

2213 3665 2282 3717 τά
2328 3661 2408 3717 ἀεὶ
2454 3663 2742 3737 λαλούμενα
2779 3669 2869 3719 καὶ
2919 3665 2997 3720 ἀεὶ
3035 3674 3437 3743 παρακουόμενα
3463 3673 3538 3743 (4)
3585 3683 3686 3727 τῶν
3723 3685 3816 3730 τοῦ

2215 3752 2348 3806 Θεού
2404 3755 2844 3828 προσταγμάτων,
2902 3757 2970 3818 ὡς
3022 3765 3226 3830 πρῶτον
3291 3757 3584 3832 ἔμπεσόντα
3645 3768 3815 3819 αὐτῶν

2212 3848 2330 3904 ταῖς
2377 3841 2580 3907 ἀκοαῖς,
2625 3839 2957 3916 παρεδέχθη.
3008 3847 3105 3898 Διά
3145 3853 3319 3915 τοῦτο,
3350 3848 3409 3903 Ἠ
3453 3848 3674 3910 παιδεία
3717 3863 3817 3911 Κυ-

2211 3935 2350 4006 ρίου,
2401 3935 2580 4004 φησὶν,
2611 3929 2806 4004 ἀνοίγει
2851 3952 2952 4005 μου
3003 3936 3070 3987 τά
3117 3935 3244 3990 ὦτα.
3300 3938 3439 3993 Ἐπεὶ
3486 3938 3574 3994 οὖν
3618 3947 3649 4004 ἡ
3695 3966 3816 4001 παι-

2214 4015 2334 4074 δεία
2378 4021 2608 4074 νουθετεῖ
2651 4023 2739 4073 τὸν
2778 4021 3020 4091 ἄτακτον,
3050 4027 3120 4085 ὧς
3150 4023 3311 4079 έποίει
3345 4029 3371 4082 6
3409 4031 3611 4097 Παῦλος
3644 4055 3813 4111 παρα-

2213 4104 2402 4170 διδούς
2446 4117 2519 4180 τῷ
2567 4115 2788 4182 Σατανᾷ,
2821 4112 2926 4165 οἷον
2972 4108 3151 4186 δημίῳ
3198 4120 3301 4170 τινὶ
3337 4120 3675 4194 στρεϐλοῦντι
3719 4104 3812 4181 καὶ

2209 4199 2541 4272 μαστίζοντι,
2596 4201 2679 4254 ἵνα
2719 4197 3051 4256 παιδευθῶσι
3093 4207 3165 4276 μὴ
3219 4203 3551 4283 βλασφημεῖν
3577 4235 3590 4248 ·
3632 4219 3719 4269 τὸν
3751 4214 3812 4271 δὲ

2209 4286 2534 4362 ἀφηνιαστὴν
2581 4287 2845 4362 ἐπανάγει,
2877 4292 2942 4352 ὡς
2987 4298 3106 4366 περί
3143 4294 3204 4347 οὗ
3253 4300 3475 4371 εἴρηται,
3507 4304 3588 4356 ὅτι
3623 4303 3811 4363 Ὕστε-

2205 4397 2295 4451 ρον
2379 4377 2748 4452 αἰχμαλωσίας
2837 4379 2997 4434 αὑτοῦ
3086 4389 3390 4456 μετενόησεν
3415 4410 3427 4423 ·
3507 4391 3807 4468 ἀναγκαῖον,

442 4499 830 4563 cognoscere,
855 4479 933 4538 ad
953 4478 1098 4551 quot
1125 4477 1184 4530 et
1215 4470 1308 4576 ad‘
1327 4473 1560 4569 quanta
1570 4467 1736 4576 utilis
1764 4469 1860 4525 sit.
1888 4472 2097 4576 Itaque

2216 4475 2398 4540 γνῶναι
2427 4475 2518 4529 τῆς
2556 4464 2800 4531 παιδείας
2828 4473 2923 4529 τήν
2955 4467 3179 4546 δύναμιν
3219 4480 3346 4550 πρὸς
3393 4480 3496 4534 ὅσα
3524 4464 3638 4538 ἐστ-ἱ
3666 4486 3812 4541 λυσι-

2261 4557 2279 4576 \
2307 4562 2318 4575 ρ
2407 4557 2465 4576 τι·
2483 4554 2531 4576 (ει
2653 4554 2677 4574 1’
2785 4561 2795 4576 ε
2854 4558 2868 4575 ν
2918 4559 2931 4576 ι
3016 4559 3029 4576 9
3078 4570 3098 4576 ...
3185 4564 3198 4576 ι
3265 4565 3290 4576 ,μ
3488 4573 3499 4576 -
3619 4574 3628 4576 _

439 4556 706 4640 utilitatis
729 4571 920 4648 ipsius
957 4579 1185 4639 gnarus
1215 4560 1525 4625 Salomon,
1545 4557 1628 4615 ita
1647 4556 1973 4616 admonet:
2003 4558 2098 4616 Ne

439 4667 734 4731 destiteris
761 4674 1015 4735 puerum
1037 4654 1358 4724 castigare,
1390 4649 1669 4724 quoniam
1697 4649 1751 4704 si
1767 4648 1943 4720 virga
1961 4663 2096 4705 eum

437 4757 744 4824 cecideris,
765 4767 882 4808 non
902 4747 1213 4805 morietur.
1239 4741 1397 4798 Nam
1419 4743 1485 4794 tu
1507 4739 1681 4809 virga
1703 4737 2002 4807 percuties
2026 4737 2098 4793 il-

438 4853 586 4922 lum,
609 4848 877 4906 animum
911 4851 1050 4896 vero
1087 4834 1257 4891 illius
1291 4829 1572 4888 liberabis
1602 4826 2095 4927 a-morte'.puis

433 4915 589 5001 enim
617 4936 804 5009 ﬁlius,
835 4944 1008 5003 quem
1036 4939 1158 4982 non
1190 4920 1442 4990 corripit
1467 4918 1678 5009 pater3
1699 4917 1726 4973 ?
1756 4917 1891 4972 Hac
1913 4915 2095 4973 disci-

431 5033 600 5107 plina
617 5005 843 5088 divitiis
862 5016 1065 5078 multis
1080 5009 1463 5107 praestantior
1479 5005 1647 5107 apud
1662 5021 1871 5107 inquas
1889 5021 2096 5063 rerum

433 5094 824 5180 aestimatores
844 5107 1126 5167 habetur.
1156 5103 1535 5174 Quapropter
1559 5100 1616 5155 et
1644 5095 1728 5155 ait
1762 5094 2050 5154 Salomon
2079 5111 2095 5153 :

1023 5260 1072 5296 "
1101 5254 1250 5314 ibid.
1280 5257 1336 5310 2.
1415 5253 1462 5288 ’5
1495 5250 1676 5308 Hebr.
1714 5250 1814 5316 xit,
1847 5253 1932 5306 ii.

504 5271 555 5311 οι
585 5273 755 5328 Prov.
786 5283 824 5336 ι,
855 5265 949 5321 28.
1023 5265 1072 5296 "
1101 5265 1250 5314 ibid.
1280 5265 1336 5310 2.
1415 5265 1462 5288 νυ
1496 5265 1676 5308 Henr.
1714 5265 1814 5316 xu,
1847 5265 1932 5306 ιι.

504 5347 596 5391 20-
672 5342 691 5377 ι
713 5341 934 5391 lerem.
967 5346 1128 5391 xxxi,
1160 5333 1252 5386 l9.
1335 5327 1357 5362 ³
1384 5326 1558 5384 Prov.
1588 5337 1750 5390 xxm,
1790 5325 1874 5391 t3,
1903 5323 1991 5379 14.

432 5364 474 5422 ι,
500 5347 596 5404 20.
672 5342 691 5377 ί
713 5333 934 5396 Jerem.
967 5346 1128 5400 xxxi,
1160 5333 1252 5386 l9.

502 5523 583 5598 (l)
619 5509 1401 5598 ΟρΠκρι-ζωιιὶκξκαθαρθαι.
1445 5582 1457 5597 '

618 5592 783 5672 alius
803 5579 994 5670 codex
1019 5583 1186 5672 Colb.
1219 5579 1460 5672 δξαγωγή
1493 5591 1594 5639 τις.

621 5667 764 5736 Reg.
795 5659 1030 5736 primus
1053 5659 1142 5708 καὶ
1164 5652 1458 5728 ἐφυλάχθη.

2203 4557 2370 4620 τελής.
2405 4554 2573 4620 Εἰδὼς
2619 4554 2707 4611 οὖν
2744 4561 2804 4614 τὸ
2846 4558 2931 4614 ἀπ’
2969 4559 3127 4624 αύτῆς
3171 4564 3422 4640 ὠφέλιμον
3477 4573 3503 4625 ὁ
3552 4574 3808 4650 Σολομὼν,

2203 4655 2476 4722 παραινεῖ.
2537 4652 2623 4707 Μὴ
2695 4646 2914 4723 ἀπόσχῃ
2987 4655 3168 4711 νήπιον
3225 4654 3513 4728 παιδεύειν,
3573 4646 3688 4734 ὅτι,

2011 5249 2061 5286 ³⁸
2086 5246 2236 5305 Psal.
2269 5265 2343 5314 γι,
2378 5253 2427 5305 l.

2067 5320 2092 5358 ³
2119 5319 2297 5379 Hebr.
2319 5336 2422 5394 xu,
2451 5324 2507 5378 7.

2203 4737 2448 4811 πατάξῃς
2492 4737 2648 4792 αὑτὸν
2709 4736 2914 4814 ῥάϐδῳ,
2975 4740 3069 4793 ούκ
3150 4741 3506 4806 ἀποθανεῖται.
3576 4757 3643 4806 Σύ
3717 4760 3809 4830 μὲν

2203 4828 2306 4902 γὰρ
2356 4823 2540 4902 ῥάϐδῳ
2597 4828 2844 4891 πατάξεις
2895 4828 3073 4897 αὐτὸν,
3124 4836 3217 4892 τήν
3281 4831 3342 4891 δε
3403 4837 3590 4914 ψυχὴν
3648 4823 3810 4900 αὐτοῦ

2202 4919 2340 4992 ρύση
2397 4913 2452 4969 ἐκ
2503 4917 2739 4973 θανάτον.
2779 4923 2873 4981 Τις
2913 4920 3014 4996 γὰρ
3060 4922 3188 4988 τὶος,
3240 4923 3293 4976 ὃν
3347 4925 3405 4979 ού
3460 4913 3810 5010 παιδεύει

2203 5011 2418 5081 «mp;
2453 5004 2598 5065 Λύτη
2630 5007 2661 5065 ἡ
2712 5004 2934 5062 παιδεία
2977 5009 3174 5064 πολλῶν
3207 5019 3502 5090 χρημάτων
3539 5021 3654 5080 ὶστὶ
3700 5004 3812 5091 τὸῖξ

2209 5094 2372 5171 ὀρθῶς
2417 5094 2769 5170 λογιζομένοις
2814 5103 3117 5177 τιμιωτέρα.
3148 5107 3235 5157 Διό
3269 5125 3426 5179 φησιν
3467 5113 3493 5164 ό
3536 5113 3770 5189 Σόλομών

2507 5249 2550 5286 ⁸⁷
2585 5251 2806 5308 Jerem.
2835 5267 2898 5325 x,
2929 5254 3019 5310 24.

3097 5255 3145 5292 9⁸
3168 5258 3282 5316 Isa.
3315 5275 3369 5318 L.
3401 5264 3454 5320 5.
3533 5267 3582 5302 ⁸ο
3609 5269 3629 5323 l
3660 5267 3808 5327 Tim.

2271 5500 2348 5573 (4)
2379 5497 2579 5594 Egilio
2605 5501 2810 5594 “Desii.
2859 5505 2916 5594 et
2958 5505 3234 5594 quinque
3281 5525 3431 5573 mss.
3479 5519 3810 5594 παρακαλού..

2375 5571 2572 5652 Εάἱῖἰο
2604 5574 2790 5652 Raris.
2823 5571 3241 5652 παρῄονόμῖνα.

2270 5646 2345 5720 (5)
2373 5646 2532 5716 Reg.
2549 5645 2786 5718 primus
2814 5643 3114 5718 παὶδεύσει,
3148 5655 3444 5729 corripiet.
