4098 6420
262 397 365 467 397

1223 393 1513 460 HOMILIA
1550 403 1620 458 1N
1660 385 2066 455 PRINCIPIUM
2105 393 2661 457 PROVERBIORUM

3524 387 3628 460 ιρι
3723 406 3728 411 ’

260 532 458 588 Λάϐετε
516 525 782 597 παιδείαν,
833 532 920 581 καὶ
971 533 1040 602 μὴ
1098 527 1382 604 ἀργύριον·
1454 528 1539 579 ἶνα
1595 524 1643 578 ἐν
1697 530 1863 597 καιρῶ

1984 519 2245 590 Accipite
2295 523 2705 595 disciplinam,
2734 528 2789 580 et
2835 538 2956 580 non
3006 526 3412 593 argentum‘:
3461 531 3530 582 ut
3578 527 3643 582 in

258 623 616 698 περιστάσεων
666 620 741 692 (6)
791 620 822 679 ἦ
877 625 970 671 τοῦ
1017 623 1258 691 σώματος
1303 619 1609 691 κάμνοντος,
1666 615 1694 673 ἣ
1764 620 1865 665 τῶν

257 715 394 765 κατά
449 715 537 764 τὸν
600 711 740 763 οἷκον
803 713 1166 768 πεπονηκότων
1193 751 1206 776 ,
1287 712 1358 780 μὴ
1435 726 1560 761 ποτε
1637 702 1868 777 πονηράν

259 805 450 856 ἔννοιαν
504 798 672 874 λάϐῃς
729 803 849 874 περὶ
916 806 1070 866 Θεοῦ,
1137 797 1246 850 ἀλλ’
1287 797 1336 850 ἐν
1403 801 1634 870 ὑπομονῇ
1703 792 1864 864 πολλῇ

263 888 400 964 δέχῃ
469 890 630 943 αὐτοῦ
695 891 790 952 τὰς
857 887 1062 960 πληγὰς
1096 931 1109 955 ,
1192 883 1570 960 παιδευόμενος
1653 882 1726 956 ἐφ’
1795 882 1873 942 οἷς

263 983 514 1056 ἥμαρτες,
580 982 669 1032 καὶ
727 977 885 1051 λέγῃς
930 981 1019 1030 καὶ
1077 980 1163 1046 σὺ,
1227 973 1322 1030 διὰ
1374 978 1434 1028 τὸ
1492 982 1685 1048 γνῶναι
1742 992 1873 1025 παι-

265 1065 433 1137 δείαν,
508 1071 603 1121 1'6-
671 1067 868 1142 Ὀργὴν
934 1069 1127 1142 Κυρίου
1195 1067 1420 1133 ὑποίσω,
1483 1066 1564 1116 ὃτι
1639 1064 1872 1136 ἥμαρτον

264 1158 449 1231 αὐτῷ·
501 1161 591 1211 καί
652 1159 750 1212 τό·
810 1155 1030 1228 Ἀγαθόν
1087 1175 1196 1229 μοι,
1257 1155 1337 1208 ὃτί
1384 1153 1733 1214 ἔταπείνωσάς
1785 1169 1867 1224 με.

265 1249 388 1310 Οἵος
441 1244 501 1306 ἦν
557 1248 585 1299 ό
651 1244 854 1307 Παῦλος
909 1244 1074 1318 λέγωυ
1108 1265 1121 1278 ·
1182 1240 1580 1318 Παιδευόμενοι,
1643 1245 1732 1294 καὶ
1798 1243 1870 1312 μὴ

262 1337 628 1408 θανατούμενοι
661 1354 674 1368 ·
736 1338 828 1388 καὶ
891 1336 951 1386 τὸ
984 1351 997 1365 ·
1070 1332 1473 1408 Ἐλεγχόμενοι,
1535 1332 1635 1384 ὑπὸ
1704 1331 1874 1403 Κυρί-

256 1445 318 1479 ου
371 1421 754 1498 παιδευόμεθα,
819 1423 904 1478 ⁴ίνα
962 1427 1035 1498 μὴ
1099 1427 1196 1477 σὺν
1246 1431 1320 1496 τῷ
1367 1425 1550 1496 κόσμῳ
1612 1437 1874 1492 κατακρι-

257 1517 448 1588 θῶμεν.

323 1600 599 1664 6.Ἐπειὸὴ
632 1599 691 1657 δε
720 1607 810 1656 καὶ
838 1603 868 1661 ἠ
901 1610 1002 1656 τῶν
1023 1603 1348 1676 μαθημάτων
1369 1598 1629 1672 ἀνάληψις
1653 1593 1874 1652 παιδεία

252 1693 474 1767 λέγεται,
533 1695 672 1746 κατά
720 1697 780 1747 τὸ
835 1696 1198 1768 γεγραμμένον
1245 1696 1366 1766 περὶ
1430 1697 1523 1744 τοῦ
1580 1691 1868 1753 Μωῦσέως,

255 1785 338 1838 ὅτι
379 1779 702 1841 Ἐπαιδεύθη
758 1781 808 1835 ἓν
863 1783 1009 1856 πάσῃ
1077 1787 1238 1856 σοφίᾳ
1296 1781 1618 1854 Αἰγυπτίων,
1677 1780 1736 1830 τὸ
1795 1779 1866 1850 μὴ

1975 615 2248 684 tempore
2279 615 2719 679 calamitatum,
2753 618 2857 671 aut
2885 619 3212 685 aegrotante
3243 633 3518 689 corpore,
3541 623 3646 674 aut

1977 701 2321 759 domesticis
2361 704 2543 760 rebus
2591 721 2652 760 se
2707 704 2865 760 male
2911 704 3299 775 habentibus,
3331 707 3477 762 nihil
3531 722 3645 762 un-

1979 807 2166 864 quam
2188 794 2360 865 pravi
2385 793 2460 850 de
2489 796 2608 850 Deo
2648 794 2891 865 cogites,
2916 793 3040 850 imo
3059 793 3119 849 in
3140 795 3331 852 multa
3360 795 3649 868 patientia

1983 879 2242 939 inﬂictas
2269 884 2347 939 ab
2376 883 2513 955 ipso
2543 881 2756 955 plagas
2778 883 3063 956 accipias,
3103 889 3400 956 tanquam
3430 884 3510 941 ob
3542 889 3649 940 tua

1981 975 2232 1044 peccata
2260 973 2610 1042 castigatus,
2648 977 2830 1046 utque
2860 976 2926 1029 tu
2953 988 3202 1045 quoque
3231 973 3313 1030 ob
3343 974 3651 1044 cognitam

1982 1059 2367 1133 disciplinam
2397 1062 2564 1119 dicas
2593 1061 2785 1118 illud:
2839 1063 3006 1119 Iram
3050 1063 3288 1120 Domini
3322 1063 3646 1135 sustinebo,

1982 1150 2128 1222 quia
2156 1151 2405 1220 peccavi
2447 1152 2502 1208 ei
2519 1152 2562 1205 ⁵.
2588 1153 2656 1207 Et
2682 1149 2828 1206 illud
2853 1167 2866 1206 :
2889 1153 3129 1208 Bonum
3157 1151 3330 1221 mihi,
3353 1153 3496 1226 quia
3542 1152 3651 1210 hu-

1983 1239 2241 1296 miliasti
2273 1255 2365 1297 me
2387 1242 2430 1294 θ.
2483 1239 2689 1306 Qualis
2734 1244 2863 1296 erat
2895 1240 3132 1308 Paulus,
3177 1241 3426 1298 dicens:
3461 1241 3654 1300 Casti-

1981 1329 2131 1400 gati,
2164 1335 2221 1386 et
2240 1330 2425 1386 morti
2459 1345 2582 1386 non
2607 1330 2826 1387 traditi
2844 1332 2886 1384 ⁷.
2921 1331 2987 1386 Et
3016 1329 3164 1388 illud
3194 1349 3208 1387 :
3240 1332 3399 1388 Dum
3442 1333 3654 1390 redar-

1982 1420 2252 1490 guimur,
2305 1435 2344 1476 a
2394 1421 2650 1477 Domino
2677 1421 3069 1499 corripimur,
3122 1426 3194 1479 ut
3242 1437 3319 1480 ne
3362 1438 3497 1481 cum
3539 1423 3650 1482 hoc

1982 1508 2208 1565 mundo
2229 1509 2590 1567 damnemur
2609 1511 2654 1564 ⁸.

2056 1603 2110 1655 6.
2143 1599 2442 1664 Quoniam
2472 1603 2678 1656 autem
2705 1598 2842 1672 ipsa
2870 1600 3051 1657 etiam
3077 1599 3493 1660 doctrinarum
3513 1617 3647 1677 pere

1982 1687 2179 1760 ceptio
2206 1687 2527 1762 disciplina
2547 1687 2876 1757 dicitur,uti
2902 1691 3192 1763 scriptum
3213 1696 3305 1748 est
3324 1691 3398 1748 de
3420 1695 3643 1768 Moyse,

1981 1777 2150 1850 quod
2165 1778 2464 1834 Erudit-us
2485 1781 2820 1836 essetomni
2835 1781 3135 1850 sapientia
3145 1783 3643 1858 Egyptiarum',

253 1880 364 1936 τοῖς
389 1880 652 1946 τυχοῦσιν
687 1871 870 1925 ἑαυτὸν
919 1873 1230 1945 μαθήμασιν
1277 1869 1568 1924 ἐπιϐάλλειν
1605 1868 1706 1940 (7),
1741 1865 1871 1920 ἀλλά

1984 1882 2105 1924 non
2133 1867 2358 1924 idcirco
2398 1871 2601 1924 tamen
2633 1869 2949 1942 quibusvis
2995 1870 3330 1943 disciplinis
3368 1874 3642 1934 animum

252 1971 447 2038 γνῶναι
491 1966 586 2022 τὴν
625 1963 1045 2036 χρησιμωτάτην
1088 1957 1353 2028 παιδείαν,
1404 1959 1464 2013 οῦ
1503 1961 1690 2033 μικρὸν
1735 1959 1870 2030 πρὸς

256 2057 541 2128 σωτηρίαν.
589 2048 734 2110 Ἦδη
786 2053 888 2126 γάρ
936 2070 1090 2119 τινες,
1140 2051 1169 2111 ἦ
1220 2053 1509 2124 γεωμετρίᾳ
1566 2047 1867 2122 σχολάζον⁴

253 2162 357 2210 τες,
423 2141 484 2201 ἣν
541 2139 740 2216 ἐξεῦρον
797 2140 1094 2213 Αἰγύπτιοι,
1150 2140 1180 2200 ἢ
1232 2138 1550 2214 ἀστρολογίᾳ
1599 2145 1662 2210 τῇ
1722 2139 1867 2212 παρὰ

253 2240 355 2286 τῶν
411 2227 690 2286 Χαλδαίων
742 2233 1079 2304 τετιμημένῃ,
1138 2229 1168 2289 ἢ
1230 2228 1360 2292 ὅλως
1417 2232 1536 2304 περὶ
1601 2231 1864 2300 σχήματα

252 2325 346 2374 καὶ
376 2321 531 2382 σκιὰς
557 2323 662 2378 τὴν
708 2318 1111 2394 μετεωρολογίαν
1144 2318 1353 2390 ἔχοντες
1381 2319 1486 2390 ,(8),
1518 2325 1632 2388 τῆς.
1657 2315 1712 2368 ἐκ
1757 2324 1858 2368 τῶν

257 2411 404 2463 θείων
449 2408 636 2481 λογίων
683 2405 1010 2471 παιδεῦσεως
1058 2404 1350 2481 ὑπερεῖδον.
1375 2413 1386 2428 “
1413 2406 1550 2462 Αλλά
1578 2409 1668 2458 καὶ
1696 2424 1858 2464 ποιη-

249 2504 398 2567 τικὴ,
437 2505 528 2552 καὶ
581 2498 860 2574 ῥητορικὴ,
905 2501 995 2550 καὶ
1043 2498 1073 2556 ἠ
1119 2504 1221 2550 τῶν
1274 2499 1611 2571 σοφισμάτων
1657 2494 1860 2569 εὕρεσις

250 2589 473 2650 πολλοὺς
503 2587 881 2660 ἀπησχόλησεν
906 2607 918 2621 ο
952 2587 1020 2638 ὧν
1059 2586 1156 2644 ὕλη
1196 2589 1255 2640 τὸ
1293 2583 1490 2658 ψεῦδός
1529 2585 1689 2640 ἐστιν.
1724 2589 1859 2638 Οὔτε

251 2681 355 2754 γὰρ
394 2682 644 2738 ποιητικὴ
683 2685 944 2737 συστῆναι
975 2672 1197 2730 δύναται
1233 2678 1352 2729 ἄνευ
1383 2684 1475 2730 τοῦ
1501 2678 1669 2750 μύθου
1693 2696 1706 2709 ·
1740 2677 1859 2729 οὔτε

251 2771 512 2848 ῥητορικὴ
562 2771 682 2822 ἄνευ
725 2775 822 2831 τῆς
877 2766 932 2820 ἐκ
982 2775 1056 2840 τῷ
1083 2767 1247 2840 λέγειν
1277 2771 1472 2840 τέχνης
1499 2789 1512 2802 ·
1553 2770 1671 2821 οὔτε
1702 2785 1856 2840 σοφιι-

257 2863 414 2919 στικὴ
463 2860 582 2912 ἄνευ
634 2865 734 2911 τῶν
788 2856 1218 2932 παραλογισμῶν.
1250 2859 1389 2912 Ἐπεὶ
1426 2854 1514 2910 οὖν
1559 2857 1738 2912 πολλοὶ
1789 2863 1853 2930 τῇ

255 2954 378 3023 περὶ
403 2956 569 3002 ταῦτα
610 2944 820 3021 σπουδῇ
875 2956 970 3010 τῆς
998 2951 1118 3021 περὶ
1166 2954 1298 3001 Θεοῦ
1343 2952 1584 3020 γνώσεως
1620 2949 1855 3020 κατημέ-

257 3037 446 3107 λησαν,
497 3037 544 3090 έν
600 3044 663 3112 τῇ
722 3046 822 3089 τῶν
869 3040 1104 3111 ματαίων
1151 3035 1325 3111 ἐρεύνῃ
1367 3038 1854 3112 καταγηράσαντες,

260 3125 518 3200 ἀναγκαία
562 3125 594 3186 ἡ
626 3133 721 3190 τῆς
749 3123 998 3188 παιδείας
1047 3118 1347 3199 ὶπίγνωσὶς,
1375 3129 1507 3200 πρός
1553 3145 1608 3180 τε
1651 3130 1746 3186 τὴν
1778 3127 1857 3179 αῖ-

1978 1953 2416 2029 appellere,sed
2438 1957 2820 2014 utilissimam
2840 1959 3222 2032 disciplinam
3253 1977 3640 2036 cognoscere,

1975 2045 2308 2119 plurimum
2336 2047 2568 2104 confert
2608 2046 2688 2104 ad
2711 2047 2992 2105 salutem.
3014 2051 3147 2106 Jam
3177 2053 3340 2108 enim
3381 2053 3636 2126 quidam

1975 2135 2162 2192 dediti
2193 2139 2296 2192 aut
2334 2137 2700 2208 geometriae,
2732 2153 2922 2210 quam
2947 2137 3308 2197 invenerunt
3355 2143 3634 2216 Egyptii,

1973 2229 2079 2282 aut
2107 2224 2472 2297 astrologite,
2495 2242 2633 2298 quae
2664 2227 2831 2299 apud
2850 2227 3164 2284 Chaldaeos
3194 2230 3256 2286 in
3282 2232 3472 2302 pretio
3498 2231 3630 2302 fuit,

1970 2318 2076 2373 aut
2096 2314 2359 2387 denique
2379 2315 2453 2371 de
2482 2315 2692 2385 ﬁguris
2715 2316 3071 2390 umbrisque
3089 2317 3334 2377 sublimi
3358 2321 3630 2394 quadam

1967 2403 2198 2461 ratione
2220 2404 2626 2478 disputantes,
2649 2405 2992 2463 divinorum
3018 2408 3404 2468 oraculorum
3446 2412 3629 2469 disci-

1968 2493 2203 2567 plinam
2251 2493 2715 2568 doctrinamque
2752 2499 3192 2569 contempsere.
3235 2499 3388 2565 Quin
3445 2503 3628 2561 etiam

1966 2583 3628 2657 poetica,rhetoricaque,etsophismatuminventlomul‘

1966 2678 2062 2732 tos
2090 2673 2433 2747 occupavit,
2481 2689 2746 2747 quarum
2794 2676 3046 2732 materia
3093 2677 3483 2737 mendacium
3513 2687 3622 2741 est.

1965 2767 2170 2837 Neque
2195 2762 2358 2819 enim
2375 2763 2613 2836 poetica
2633 2763 2957 2820 consistere
2983 2769 3180 2837 potest
3201 2768 3328 2825 sine
3358 2769 3578 2828 fabulis
3607 2785 3621 2830 ι

1965 2869 2165 2927 neque
2194 2853 2490 2909 rhetorica
2528 2852 2657 2909 sine
2687 2858 2814 2909 arte
2860 2853 3098 2912 dicendi
3132 2873 3146 2912 ε
3192 2872 3390 2930 neque
3416 2861 3624 2933 sephi-

1968 2945 2122 3001 stica
2149 2944 2278 2999 sine
2302 2941 2753 3016 paralogismis.
2795 2944 3096 3009 Quoniam
3142 2946 3323 3016 igitur
3345 2949 3519 3007 multi
3542 2951 3623 3009 ob

1963 3034 2184 3091 horum
2206 3031 2474 3088 studium
2499 3031 2599 3088 Dei
2617 3032 2892 3088 notitiam
2912 3033 3326 3110 neglexerunt,
3357 3039 3419 3096 in
3448 3042 3622 3099 vanis

1964 3123 2147 3182 rebus
2167 3121 2603 3193 investigandis
2623 3126 3004 3178 senescentes
3013 3123 3258 3193 ,idcirco
3278 3132 3624 3190 necessaria

254 3234 400 3293 ρεσιν
426 3219 506 3289 (9)
543 3223 641 3279 τῆς
692 3215 943 3290 ὠφελίμου
994 3213 1261 3283 παιδείας,
1304 3220 1395 3269 καὶ
1436 3219 1568 3291 πρὸς
1593 3220 1688 3275 τὴν
1733 3214 1858 3270 ἀπο-

1984 3219 2055 3272 ist
2083 3211 2415 3285 disciplinac
2436 3212 2718 3282 cognitio,
2752 3215 2879 3268 tum
2909 3213 2989 3270 ad
3008 3214 3215 3272 utilem
3236 3217 3622 3290 disciplinam

255 3308 424 3381 φυγὴν
478 3314 574 3368 τῆς
631 3303 875 3365 ἀνονήτου
928 3307 1044 3376 (10)
1089 3310 1180 3358 καὶ
1233 3303 1509 3381 βλαϐερᾶς.
1561 3304 1715 3361 Ἔστι
1766 3310 1858 3361 καὶ

252 3405 442 3458 νοῆσαι
484 3395 673 3468 λόγους
711 3399 1006 3470 φρονήσεως
1035 3403 1106 3466 τῷ
1135 3399 1456 3467 προσέχοντι
1499 3402 1615 3457 ταῖς
1660 3402 1860 3471 Παροι-

252 3491 420 3561 μίαις,
454 3489 547 3538 καί
603 3487 662 3536 τό
717 3482 809 3536 ἀπ’
853 3483 1021 3536 αὐτῶν
1070 3483 1321 3556 ὠφέλιμον
1363 3487 1434 3556 μὴ
1479 3483 1652 3559 ἀργῶς
1702 3481 1862 3556 δεχο-

252 3579 386 3650 μένῳ
435 3577 574 3648 (11).
617 3577 723 3633 Τὴν
777 3575 1026 3648 φρόνησιν
1090 3577 1262 3625 τοίνυν
1319 3572 1643 3646 ἐπιστάμεθα
1699 3572 1860 3628 οὖσαν

252 3671 377 3744 μίαν
435 3672 536 3718 τῶν
595 3671 812 3737 γενικῶν
860 3661 1076 3737 ἀρετῶν,
1106 3656 1225 3717 καθ’
1277 3665 1338 3722 ἣν
1392 3660 1736 3737 ἐπιστήμονες
1771 3685 1862 3738 γι-

250 3756 447 3833 νόμεθα
485 3752 693 3826 ἀγαθῶν
739 3752 832 3805 καί
879 3760 1052 3805 κακῶν
1099 3756 1187 3805 καὶ
1242 3748 1526 3805 οὐδετέοων
1568 3756 1617 3806 οἱ
1659 3755 1864 3829 ἄνθρω-

253 3866 366 3902 ποι.
405 3843 464 3898 Ὀ
509 3839 569 3897 δὲ
599 3847 848 3918 φρόνιμος
881 3838 1126 3900 δηλονότι
1155 3843 1479 3918 παρωνύμως
1505 3840 1559 3894 ἐκ
1601 3851 1697 3906 τῆς
1736 3864 1866 3919 φρο-

255 3940 455 3998 νήσεως
518 3936 965 4008 προσηγόρευται.
1049 3937 1166 3994 Πῶς
1223 3927 1311 3984 οὖν
1388 3937 1776 4005 φρονιμώτατος
1843 3947 1870 4000 ὁ

259 4029 374 4099 ὄφις
427 4024 632 4078 πάντων
677 4031 778 4076 τῶν
829 4022 1022 4096 θηρίων
1066 4022 1466 4096 μεμαρτύρηται
1513 4025 1869 4095 γεγενῆσθαι;

333 4133 355 4167 ⁸
386 4134 556 4188 Prov.
581 4146 700 4198 VIII,
739 4133 824 4186 lo.
937 4129 961 4164 ⁸
991 4127 1164 4186 Mich.
1195 4144 1298 4196 vn,
1340 4133 1395 4188 9.

260 4220 362 4272 vn,
402 4207 492 4260 22.
593 4202 638 4238 ¹⁰
667 4203 887 4259 Genes.
929 4215 1010 4268 ιιι,
1049 4204 1074 4256 1

338 4311 414 4383 (6)
444 4309 831 4383 Ληίὶᾳιιὶίάιιρ
859 4307 998 4364 libri
1013 4307 1404 4383 Δπεριστάσεως.

1509 4129 1532 4166 ⁸
1572 4128 1733 4188 Psal.
1785 4147 1982 4206 cxvm,
2025 4132 2117 4188 7t.

1968 3303 2503 3374 seligendam,tum
2537 3301 2614 3358 ad
2645 3317 2780 3358 eam
2809 3319 2947 3376 quae
2975 3303 3200 3362 inutilis
3221 3313 3310 3364 est
3335 3314 3392 3366 et
3415 3312 3620 3381 noxia,

1965 3392 2340 3464 fugiendam.
2364 3391 2521 3447 Licet
2552 3407 2797 3464 quoque
2812 3393 3138 3465 intelligere
3157 3398 3490 3469 prudentiae
3507 3418 3626 3460 ser-

1969 3499 2182 3541 mones
2212 3480 2397 3554 ei,qui
2416 3480 2668 3536 attendit
2687 3482 3036 3549 Proverbiis,
3047 3501 3118 3541 ex
3139 3487 3350 3560 eisque
3370 3490 3626 3564 impigre

1969 3573 2286 3631 utilitatem
2307 3571 2484 3642 capit.
2509 3570 2895 3628 Prudentium
2922 3572 3126 3646 itaque
3145 3591 3332 3634 unam
3360 3595 3490 3636 esse
3521 3583 3629 3640 sci-

1971 3679 2109 3721 mus
2155 3677 2228 3716 ex
2267 3659 2647 3731 generalibus
2669 3659 3013 3733 virtutibus,
3052 3679 3177 3736 qua
3205 3681 3319 3722 nos
3351 3669 3630 3729 homines

1972 3753 2139 3811 bona
2167 3749 2448 3822 malaque
2469 3752 2530 3804 et
2555 3748 2957 3807 indifferentia
2985 3752 3331 3811 edocemur.
3356 3759 3630 3816 Prudens

1976 3843 2140 3901 enim
2162 3839 2366 3912 utique
2386 3855 2422 3895 a
2441 3838 2762 3912 prudentia
2776 3855 2882 3913 per
2901 3841 3337 3903 derivationem
3364 3850 3634 3922 appella~

1977 3938 2075 3992 tus
2097 3928 2530 3997 est.Quomodo
2546 3928 2724 4000 igitur
2744 3947 2992 4004 serpens
3006 3931 3339 3994 bestiarum
3360 3941 3637 3999 omnium

1979 4017 2488 4098 prudentissimus
2516 4017 2705 4076 fuisse
2734 4020 3080 4093 perhibetur
3098 4023 3182 4082 νοΐ
3202 4027 3271 4084 Et
3291 4043 3507 4086 rursus
3528 4034 3642 4089 Do-

2227 4129 2248 4164 7
2280 4129 2327 4185 ll
2358 4129 2492 4185 Cor.
2522 4144 2599 4202 vn,
2632 4131 2685 4185 9.
2798 4129 2820 4165 ⁸
2860 4131 2881 4185 I
2912 4131 3047 4189 Cor.
3096 4149 3176 4200 ιιι,
3210 4138 3308 4196 32.
3430 4140 3452 4176 ⁰
3505 4140 3642 4202 Act.

1983 4309 2278 4394 eipli‘nam
2303 4307 2685 4394 fugiendam.
2709 4307 2826 4394 Sed
2853 4309 3254 4394 vix_d_ubi_tari_
3273 4319 3647 4394 potest,quin

339 4378 858 4464 ‘Paris.
881 4378 1222 4464 περιϐάλλειν.
1239 4380 1425 4437 Editio
1447 4380 1621 4438 Basil.
1637 4383 1694 4439 et
1723 4397 1870 4438 mss.

1984 4378 2243 4438 Βάείυυε
2274 4380 2577 4464 scripserit
2893 4384 2974 4438 ad
2995 4378 3354 4464 fugienddm
3381 4378 3646 4464 ιιιυεέῖριῑ

266 4455 441 4513 multi
471 4453 782 4511 ἐπιϐάλλειν.
813 4453 1055 4508 rectius.

337 4531 412 4600 (8)
431 4529 714 4600 AUtraque
744 4523 926 4580 editio
948 4521 1278 4600 _et_a1iquot_
1306 4539 1450 4579 mss.
1486 4523 1641 4600 σκιὰς
1670 4530 1758 4579 καὶ
1789 4544 1877 4598 με·

269 4593 634 4676 τεῲρολογίρᾱ
662 4599 908 4676 ἔχοντεςλ
934 4593 1098 4676 Oglb:
1138 4593 1356 4676 tertius
1413 4594 1665 4676 ndean
1696 4593 1882 4676 μετεω-

268 4665 511 4747 ρολὸγίαν
532 4665 854 4747 ἔχονρἐςηοῑ
871 4668 955 4722 ita
980 4665 1096 4747 legi
1125 4671 1402 4747 oportere
1431 4665 1710 4747 arbitror".
1746 4669 1879 4747 Non

269 4738 435 4799 enim
460 4738 612 4797 mihi
641 4739 900 4811 dubium
920 4742 1030 4805 est,
1049 4738 1199 4811 quin
1213 4738 1434 4794 vocia
1462 4743 1552 4790 καὶ
1578 4739 1880 4811 redundet

271 4815 335 4872 in
362 4813 650 4886 vulgatis.
687 4810 830 4886 Colb
885 4809 1190 4886 secundus
1224 4815 1319 4886 οιαὶ
1349 4809 1756 4886 μετεωρολογίαν
1787 4815 1882 4869 τήν

271 4879 647 4960 ματαιολογίαν
674 4885 906 4960 ἔχοντες,
933 4897 1006 4939 ac
1037 4881 1111 4937 de
1139 4879 1490 4960 sublimium
1513 4879 1720 4939 rerum
1753 4887 1883 4940 tra-

274 4953 714 5016 ctatione'vana
726 4953 1102 5011 disserentes:
1117 4968 1268 5026 (ιιιξιει⁸
1281 4953 1580 5026 scriptura
1597 4969 1738 5009 vera
1754 4969 1886 5010 esse

275 5033 640 5100 etgermana
652 5027 847 5100 primo
861 5030 1113 5100 aspectu
1134 5023 1669 5097 credipotest.Mihi
1683 5031 1888 5100 tamen

277 5096 670 5155 verisimilius
691 5099 756 5155 tit
779 5096 1049 5173 «apii—imi:
1075 5101 1182 5153 aut
1208 5096 1423 5173 vocem
1457 5096 1886 5173 μετεωρολγοίαν,

283 5175 393 5227 aut
443 5185 652 5242 vocem
688 5167 1085 5242 ματαιολογίαν,
1130 5167 1240 5224 sed
1286 5167 1506 5242 utram,
1547 5167 1672 5224 non
1702 5167 1889 5242 facile

282 5239 724 5299 dixerim.Puto
755 5239 961 5299 autem
981 5241 1042 5297 id
1065 5239 1722 5313 ex‘eo_evenisse,quod
1749 5257 1890 5313 cum

279 5313 562 5388 librarius
586 5315 648 5388 in
680 5313 888 5386 aliquo
919 5311 1248 5388 exemplari
1285 5311 1548 5382 legisset,
1575 5311 1893 5388 μετεωρολο-

279 5391 421 5460 γίαν,
453 5386 521 5460 in
547 5386 667 5445 alio
702 5383 848 5446 vero
885 5383 1279 5460 ματαιολογίαν,
1309 5383 1631 5457 utramque
1679 5383 1893 5441 vocem

283 5458 572 5533 posuerit.

319 5531 431 5617 ‘(9)
475 5535 538 5588 In
589 5528 756 5589 Colb.
789 5527 962 5586 tertio
991 5543 1103 5602 pro
1147 5528 1347 5604 αἵρεσιν
1373 5530 1652 5600 corrupte
1680 5525 1898 5598 legitur

284 5621 513 5676 ευρεσιν.

358 5675 474 5745 (10)
530 5671 726 5730 Editio
782 5675 1045 5745 utraque
1111 5669 1385 5745 ἀποφυγὴν
1451 5678 1546 5745 ’ζῆς
1614 5667 1896 5745 ἀνονήτου.

282 5741 528 5804 Veteres
549 5747 825 5821 quinque
851 5741 994 5802 mss.
1017 5751 1109 5805 τῆς
1140 5741 1382 5812 ἀνοήτου,
1400 5742 1480 5800 ad
1503 5743 1755 5800 stultam
1786 5743 1902 5800 dis-

1983 4467 2290 4532 namgugz
2327 4452 2564 4532 inutilis
2593 4457 2700 4522 est,
2723 4469 2863 4532 cum
2892 4452 3351 4532 νοοοςῖὠφελίμου
3383 4468 3440 4518 et
3469 4452 3651 4527 acim}-

1984 4545 2078 4602 του
2106 4523 2496 4602 sibiinvicem
2521 4525 2890 4602 respondere
2902 4526 3000 4602 vel
3027 4523 3188 4602 caeco
3208 4523 3522 4602 appareat.

2060 4597 2105 4676 (_l
2123 4595 2173 4666 1)
2195 4597 2455 4676 Utraque
2481 4593 2661 4676 editio
2687 4600 2746 4676 et
2790 4596 2956 4676 Colb.
2986 4598 3220 4670 primus
3246 4593 3524 4676 ’δεχομένῳ
3553 4611 3650 4667 τὴν

1991 4662 2261 4742 φρόνησιν.
2293 4662 2449 4746 *Βιστι
2495 4668 2596 4742 γὰρ
2649 4662 3022 4746 τόΛ-συμφέρον
3073 4677 3282 4746 νοῆσαι.
3466 4662 3649 4746 κάκίᾲ,

1991 4730 2145 4812 (μησὶ,
2197 4730 2514 4814 νηπιάζετε,’
2547 4730 2764 4814 ξαῖς-ὁξὲ
2824 4730 2976 4814 φρεὰι
3023 4740 3208 4794 τέλειοι
3256 4730 3482 4814 γίνεσθε.

1993 4811 2243 4888 φρόνησιν
2281 4813 2614 4888 τοξνννλθιο.
2661 4811 2835 4888 Licet
2860 4811 3375 4888 ‘enimrutititatem
3406 4821 3536 4888 eius
3563 4821 3656 4876 in-

1995 4881 3043 4954 telligereJlIatitia,inquit,parvuti
3059 4881 3530 4952 estote,sensi6us
3549 4906 3657 4948 au-

1997 4960 2110 5034 tem
2139 4954 2396 5034 perfecti
2424 4958 2623 5034 estote.
2646 4953 2681 5034 ζ
2709 4953 2842 5013 Cor.
2863 4971 2984 5034 xiv,
3007 4961 3096 5014 20.
3130 4958 3250 5034 Sed
3276 4961 3655 5034 totumillud,

1995 5030 2090 5105 τὴν
2123 5022 2392 5105 φρόνησιν.
2425 5022 2578 5105 Ἐστι
2615 5026 2809 5105 γάρς...
2838 5022 3054 5105 ’τέλειοι
3077 5032 3302 5105 γίνεσθε,
3351 5031 3433 5105 in_
3462 5022 3659 5105 Regiis

1995 5095 2195 5176 primo
2227 5100 2285 5176 et
2309 5095 2577 5176 secundo
2617 5095 2781 5153 et‘in
2832 5097 2998 5176 Golb.
3041 5095 3214 5176 tertio
3249 5095 3373 5159 non
3417 5095 3655 5176 legitvur.

1999 5167 2147 5251 :Mihi.
2163 5173 2365 5224 autem
2385 5167 2645 5251 dubium
2670 5183 2792 5251 non
2825 5171 3112 5251 est,_q_uin
3140 5172 3279 5251 haec
3299 5167 3661 5251 omniaquae

1998 5239 2188 5318 inmhis
2226 5256 2378 5295 mss.
2407 5238 2646 5318 desunt,
2679 5238 3201 5318 abessedebeant,
3236 5245 3318 5302 sic
3350 5238 3576 5318 tamen,
3599 5254 3664 5307 ut

2003 5311 2308 5390 afﬁrmare
2337 5309 2587 5390 quidem
2617 5313 2868 5390 possim,
2899 5313 3068 5390 illud,
3097 5309 3200 5390 τὴν
3219 5309 3666 5390 φρόνησινηιιοό,

2003 5338 2308 5391 ᾱιιοιηιιειῑυ
2337 5338 2587 5392 quibusom
2619 5338 2868 5382 μυδδιιιι,
2899 5338 3068 5381 utuu,
3097 5338 3192 5374 την
3219 5338 3489 5393 φρονησιν,
3543 5338 3666 5378 1100

2002 5398 2203 5455 primo
2231 5382 2366 5439 loco
2395 5387 2661 5455 posttum
2694 5388 2783 5438 est
2812 5385 2874 5439 in
2899 5383 3073 5440 editis
3102 5392 3160 5443 et
3187 5388 3250 5444 in
3279 5406 3402 5447 uno
3428 5338 3668 5450 Coqbcr-

2006 5453 2155 5528 tino,
2215 5453 2463 5528 prorsus
2509 5453 2800 5528 παρέλκειν,
2855 5457 3126 5528 suspicer
3184 5477 3326 5517 vero
3373 5461 3495 5528 illa,
3558 5467 3672 5518 ἔστι

2005 5525 2145 5608 γάρ,
2164 5525 2519 5608 etc.,add_ita
2538 5525 2671 5608 esse
2695 5525 3038 5608 primum'in
3056 5544 3169 5608 ora
3188 5531 3323 5608 libri
3343 5533 3421 5590 ab
3441 5525 3672 5608 aliquo,

2008 5595 2113 5670 qui
2148 5596 2485 5724 Brudentiae
2516 5595 2823 5653 utilitatem
2860 5599 3180 5659 ostendere
3211 5603 3410 5664 vellet.
3441 5595 3682 5677 postea;

2008 5683 2129 5724 aue
2199 5685 2265 5724 as
2296 5667 2542 5724 easdem
2559 5684 2740 5724 voces
2759 5668 2820 5724 in
2853 5673 3200 5724 contextum
3231 5674 3310 5724 ab
3335 5675 3540 5724 aJimm
3560 5679 3681 5724 alin

2008 5667 2129 5751 qua
2150 5667 2265 5751 bas
2281 5667 2542 5751 easdem
2559 5684 2740 5751 voces
2759 5668 2820 5724 in
2853 5673 3200 5731 contextum
3231 5674 3310 5734 ab
3335 5667 3540 5750 aliquo
3560 5679 3681 5736 alio

2007 5738 2256 5798 librario
2279 5738 2598 5798 translatas
2623 5739 2835 5797 fuisse.
