4098 6416
351 324 450 380 401

353 466 506 522 μενος
599 444 687 499 ὑπ’

356 534 622 601 ἀληθείας.
690 533 853 587 Ὀταν
916 536 1017 609 γὰρ
1086 534 1250 599 ἄλλως
1313 539 1405 610 μὲν
1470 539 1670 610 φύσεως
1730 537 1829 608 ἔχῇ
1893 534 1962 587 τά

356 627 666 703 πράγματα,
718 624 883 687 ἄλλως
942 621 1000 677 δὲ
1052 627 1102 678 οἱ
1156 624 1300 698 λόγοι
1345 630 1465 700 περί
1521 626 1691 678 αὐτῶν
1745 623 1963 678 ἀναπεί-

361 715 513 782 θωσι,
546 718 744 789 στροφή
789 717 872 776 τίς
918 712 1051 783 ἐστι,
1083 714 1275 789 μᾶλλον
1307 711 1366 768 δὲ
1397 711 1432 768 δ
1438 718 1712 790 ιαστροφή,
1741 715 1842 766 ύπό
1873 720 1964 766 τοῦ

359 803 516 876 λόγου
554 807 674 878 περὶ
716 807 811 862 τὴν
861 801 1098 862 ἀλήθειαν
1145 807 1412 878 γινομένη.
1448 809 1549 858 Καὶ
1601 805 1628 856 ὁ
1676 802 1827 865 ἄλλος
1874 805 1965 876 μὲν

362 895 682 967 φαινόμενος,
715 890 868 955 ἄλλος
898 887 957 944 δὲ
1001 893 1068 943 ὣν
1097 895 1235 945 κατά
1283 892 1546 961 ἀλήθειαν,
1584 898 1836 969 στροφαῖς
1877 894 1967 945 κέ·-

364 1002 570 1058 χρηται
631 982 814 1055 λόγων,
870 980 1081 1034 ἀπατῶν
1133 985 1255 1045 τούς
1305 986 1574 1051 συνόντας,
1622 983 1796 1058 ὥσπερ
1849 982 1970 1042 τοὺς

367 1074 527 1135 κύνας
588 1070 776 1145 λαγωοὶ
828 1074 918 1123 καὶ
967 1068 1245 1140 ἀλώπεκες,
1290 1070 1464 1146 ἑτέραν
1514 1068 1827 1135 δεικνύντες,
1880 1075 1972 1124 καὶ

371 1159 540 1236 ἑτέραν
583 1163 902 1235 τρεπόμενοι.
958 1158 1028 1213 Ἠ
1084 1165 1307 1234 στροφαί
1360 1165 1494 1222 τινές
1542 1161 1644 1214 εἰσι
1696 1159 1861 1233 λόγων
1917 1159 1974 1212 αἱ

368 1247 422 1302 ἐκ
467 1258 561 1311 τῆς
603 1245 952 1322 ψευδωνύμου
991 1254 1234 1322 γνώσεως
1282 1249 1587 1312 ἀντιθέσεις.
1626 1248 1703 1303 Ού
1750 1245 1974 1302 καταδε-

361 1341 579 1412 χόμενοι
609 1340 710 1414 γὰρ
742 1341 802 1390 τὸ
833 1337 1028 1391 ἁπλοῦν
1072 1347 1166 1403 τῆς
1204 1347 1560 1413 πνευματικῆς
1593 1335 1973 1411 διδασκαλίας,

364 1429 413 1480 οἱ
468 1425 522 1479 ἐκ
574 1435 670 1489 τῆς
715 1423 1052 1491 διαλεκτικῆς
1103 1432 1235 1505 πρὸς
1280 1431 1375 1492 τὰς
1432 1427 1731 1501 ἀντιλογίας
1776 1428 1974 1487 ἠκονη-

363 1520 527 1591 μένοι,
582 1520 956 1592 περιτρέπουσι
1020 1518 1268 1581 πολλάκις
1334 1522 1428 1577 τὴν
1481 1518 1641 1591 ἰσχύν
1692 1526 1788 1581 τῆς
1849 1515 1975 1575 ἀλη-

367 1608 506 1669 θείας
561 1614 624 1679 τῇ
676 1606 1020 1681 πιθανολογίᾳ
1062 1617 1162 1660 τῶν
1214 1608 1574 1681 σοφισμάτων.
1616 1609 1836 1679 Δέχεται
1885 1603 1972 1660 οὖν

364 1697 559 1758 ταύτας
605 1697 700 1758 τὰς
755 1697 984 1770 στροφὰς
1040 1705 1141 1750 τῶν
1194 1696 1358 1769 λόγων
1410 1697 1437 1749 6
1484 1702 1598 1760 ταῖς
1658 1699 1975 1771 Παροιμίαις

1313 321 1603 380 HOMILIA
1638 322 1710 379 IN
1748 317 2152 377 PRINCIPIUM
2190 318 2763 381 PROVERBIORUM.

767 444 956 513 αὐτῶν,
1010 449 1143 523 μήτε
1208 445 1605 522 ἓξανιστάμενός
1686 465 1787 500 που
1860 453 1958 511 τῆς

2075 444 2309 517 excipit,
2340 444 2494 502 adeo
2537 448 2602 502 ut
2644 461 2842 521 neque
2876 446 2955 503 ab
2996 444 3142 519 ipsis
3190 445 3581 519 pervertatur,
3619 456 3723 499 ne-

3613 314 3723 375 402

2069 550 2186 610 que
2211 550 2484 609 unquam
2509 552 2546 593 a
2573 552 2713 592 vero
2742 536 3031 593 discedat.
3064 538 3210 592 Cum
3240 535 3402 593 enim
3433 534 3600 590 aliter
3618 548 3723 590 na-

2069 628 2204 681 tura
2232 640 2294 680 se
2323 640 2416 681 res
2445 624 2693 695 habent,
2727 625 2893 682 aliter
2917 641 3057 682 vero
3088 624 3162 680 de
3193 624 3276 679 eis
3299 623 3556 680 suadent
3584 637 3724 678 ver-

2073 713 2174 784 ba,
2228 715 2491 772 versutia
2540 715 2824 788 quaedam
2893 719 3004 783 est,
3056 713 3155 770 vel
3206 714 3406 787 potius
3464 711 3726 768 inversio

2078 803 2335 860 veritatis
2362 820 2470 877 per
2490 821 2831 861 sermonem
2860 804 3039 861 facta.
3071 807 3139 860 Et
3166 802 3271 878 qui
3297 802 3449 859 alius
3477 800 3729 875 quidem

2075 893 2330 964 videtur,
2363 893 2515 949 alius
2544 910 2641 950 res
2672 894 2805 968 ipsa
2828 898 2935 962 est,
2954 892 3215 967 strophis
3244 907 3596 948 sermonum
3622 889 3734 946 uti-

2079 987 2195 1049 tur,
2223 982 2429 1047 fucum
2460 983 2685 1040 faciens
2715 983 2786 1039 iis
2816 983 3184 1056 quibuscum
3208 984 3503 1047 versatur,
3534 979 3735 1054 perinc

2080 1072 2155 1129 de
2203 1076 2270 1128 ut
2318 1072 2554 1146 lepores
2623 1072 2958 1146 vulpesque
3001 1071 3274 1139 canibus,
3334 1069 3517 1127 aliam
3572 1068 3736 1125 viam

2083 1166 2649 1227 commonstrantes,
2679 1161 2863 1220 aliam
2911 1164 3247 1235 carpentes.
3276 1159 3428 1226 Quin
3459 1162 3516 1216 et
3565 1157 3735 1214 falsa

2083 1250 2346 1307 scientiae
2376 1251 2707 1309 antitheses
2751 1251 3016 1324 strophae
3042 1249 3328 1323 quaedam
3358 1250 3498 1304 sunt
3526 1246 3741 1303 verbo-

2081 1357 2238 1397 rum.
2274 1340 2504 1396 Etenim
2533 1358 2674 1397 cum
2706 1339 3029 1414 spiritualis
3057 1338 3345 1395 doctrinae
3386 1335 3741 1411 simplicita-

2083 1434 2202 1487 tem
2242 1445 2365 1486 non
2395 1430 2687 1503 recipiant
2727 1429 2787 1497 ii,
2819 1429 2923 1503 qui
2966 1427 3282 1486 dialectica
3330 1427 3409 1485 ad
3451 1424 3745 1483 contradi-

2084 1519 2345 1577 cendum
2377 1520 2536 1577 acuti
2563 1523 2723 1587 sunt,
2755 1519 2938 1575 iidem
2968 1519 3089 1575 vim
3128 1517 3398 1574 veritatis
3428 1532 3552 1573 non
3600 1530 3742 1572 raro

2084 1608 2530 1682 sophismatum
2558 1609 3075 1666 verisimilitudine
3105 1607 3278 1682 104
3310 1609 3600 1664 evertunt.
3625 1606 3745 1662 Has

2083 1699 2264 1770 igitur
2305 1715 2657 1756 sermonum
2706 1699 2983 1773 strophas
3012 1698 3230 1770 excipit
3280 1697 3386 1770 qui
3437 1694 3747 1752 Parmmiis

364 1785 732 1859 ὠχυρωμένος.
780 1784 887 1838 Κᾶν
931 1784 1052 1861 εύρη
1110 1785 1648 1862 ποτεπροϐλήματα,
1709 1784 1964 1847 ἰσοπαλείς

2085 1789 2357 1846 munitus
2386 1793 2492 1846 est.
2521 1791 2649 1846 Imo
2695 1789 2741 1845 si
2773 1789 3024 1863 quando
3047 1788 3317 1845 offendat
3341 1786 3744 1860 problemata,

362 1877 456 1938 τὰς
486 1873 563 1947 ἐφ’
593 1873 830 1948 ἑκάτερον
877 1873 1240 1949 ἐπιχειρήσεις
1282 1878 1493 1948 ἔχοντα,
1524 1874 1574 1928 ἐν
1624 1875 1701 1937 οἷς
1747 1870 1975 1927 δυσδιά-

364 1983 544 2041 κριτος
582 1964 674 2016 τού
703 1966 1057 2040 πιθανωτέρου
1087 1966 1118 2023 ἡ
1154 1965 1355 2040 εὕρεσις
1380 1985 1393 1998 ·
1446 1966 1585 2039 ὅμως
1628 1961 1663 2017 δ
1669 1967 1723 2017 ιὰ
1751 1966 1809 2016 τὸ
1836 1962 1976 2037 ἐγγε-

362 2054 668 2127 γυμνάσθαι
702 2053 911 2125 (15-16)
936 2060 1052 2117 ταῖς
1097 2058 1441 2128 Παροιμίαις,
1474 2053 1532 2106 ού
1566 2055 1975 2126 συγχυθήσεται

363 2146 453 2196 τὸν
481 2151 621 2213 νοῦν,
652 2141 748 2195 κᾶν
774 2144 854 2195 ὅτι
901 2143 1136 2216 μάλιστα
1166 2140 1398 2197 δοκῶσιν
1444 2145 1492 2196 οἱ
1528 2140 1977 2218 προσδιαλεγόμε-

363 2252 444 2285 νοι
491 2231 666 2296 ἔξίσου
715 2234 808 2295 τὰς
862 2231 920 2285 ἐκ
962 2241 1063 2287 τῶν
1112 2232 1538 2310 ἐπιχειρημάτων
1572 2232 1777 2306 πληγὰς
1825 2231 1976 2292 ἀλλὴ-

363 2321 475 2386 λοις
502 2320 867 2396 ἀπεπιφέρειν.

439 2415 490 2468 8.
534 2412 823 2485 Χαρίζεται
854 2412 884 2471 ἠ
921 2414 1190 2488 Παροιμίαι
1212 2416 1303 2465 καὶ
1328 2415 1387 2466 τό
1410 2421 1600 2472 νοῆσαι
1630 2408 1972 2469 δικαιοσύνην

367 2500 559 2560 ἀληθῆ.
599 2500 739 2554 Ἐπεὶ
796 2498 882 2553 οὖν
923 2498 1400 2579 ἐστιδικαιοσύνη
1456 2502 1561 2565 ἕξις
1614 2500 1968 2574 ἀπονεμητική

361 2597 456 2644 τοῦ
502 2590 617 2643 κατ’
649 2589 835 2654 ἀξίανο
883 2586 1221 2665 δυσθήρατον
1277 2588 1336 2644 δε
1379 2599 1554 2660 τοῦτο,
1588 2598 1689 2643 τῶν
1738 2592 1828 2664 μὲν
1879 2585 1973 2643 διὰ

362 2683 423 2732 τὸ
484 2684 603 2756 περὶ
656 2685 750 2738 τήν
817 2684 1066 2754 φρόνησιν
1120 2679 1360 2749 ἐλλειπὶς,
1416 2681 1511 2734 ούκ
1564 2679 1969 2756 ἐξευρισκόντων

363 2768 566 2840 ἑκάστῳ
614 2765 986 2843 διανεῖμαίτό
1033 2772 1170 2841 ἴσον,
1219 2778 1320 2822 τῶν
1371 2767 1449 2838 δὲ,
1494 2767 1588 2823 διὰ
1628 2772 1688 2823 τὸ
1743 2788 1970 2843 προκατ-

363 2861 585 2931 έχεσθαι
633 2860 734 2911 ὑπὸ
779 2861 958 2913 παθῶν
1015 2857 1367 2936 ἀνθρωπίνων,
1401 2858 1746 2933 ἀφανιξόντων
1793 2862 1852 2911 τὸ
1887 2855 1966 2911 δί-

365 2967 527 3016 καιον,
555 2948 676 3000 ὅταν
721 2953 953 3007 πενήτων
1004 2951 1094 3022 μὲν
1141 2958 1529 3023 καταφρονῶσι,
1583 2945 1849 3009 δυνάστας
1907 2944 1967 3001 δὲ

368 3032 677 3100 ἀδικοῦντας
718 3041 790 3112 μή
847 3034 1165 3110 διελέγχωσι
1211 3039 1348 3110 (1⁸7),
1383 3035 1571 3092 δώσειν
1621 3039 1965 3110 ὑπισχνεῖται

2086 1895 2295 1952 aequas
2328 1878 2610 1952 utrinque
2650 1879 3042 1952 probationes
3073 1877 3382 1944 habentia,
3413 1875 3473 1932 in
3522 1875 3747 1948 quibus

2083 1967 2512 2025 verisimilioris
2555 1968 2822 2025 inventio
2846 1967 3120 2039 judicatu
3150 1964 3409 2023 difﬁcilis
3439 1965 3549 2023 sit:
3592 1978 3746 2037 quo-

2084 2056 2253 2113 niam
2296 2060 2499 2114 tamen
2533 2057 2892 2114 exercitatus
2939 2057 3002 2113 in
3032 2055 3368 2113 Proverbiis
3398 2059 3507 2122 est,
3540 2053 3746 2110 animo

2085 2163 2210 2204 non
2258 2146 2679 2216 confundetur,
2708 2145 2942 2204 etiarnsi
2986 2145 3391 2220 disceptantes
3420 2159 3608 2217 quam
3650 2157 3749 2198 ve-

2085 2235 2536 2293 hementissime
2562 2235 2824 2309 aequales
2856 2238 3353 2306 argumentorum
3385 2231 3599 2306 plagas
3630 2229 3748 2288 sibi

2085 2324 2345 2381 invicem
2376 2324 2591 2380 inferre
2621 2324 2962 2380 videantur.

2158 2417 2211 2470 8.
2254 2414 2318 2469 ld
2347 2429 2593 2487 quoque
2624 2413 2926 2470 Parosmia
2959 2412 3232 2484 largitur,
3264 2418 3331 2469 ut
3376 2409 3747 2480 intelligatur

2079 2502 2311 2576 justitia
2342 2519 2503 2559 vera.
2539 2503 2838 2569 Quoniam
2868 2502 3050 2574 igitur
3090 2501 3319 2572 justitia
3348 2499 3595 2557 habitus
3626 2502 3742 2568 est,

2083 2593 2187 2666 qui
2217 2608 2328 2666 pro
2372 2592 2586 2648 merito
2637 2608 2817 2648 suum
2869 2592 3087 2665 cuique
3145 2590 3466 2658 distribuit,
3499 2587 3742 2644 difﬁcile

2082 2686 2286 2739 autem
2317 2686 2408 2737 est
2448 2681 2564 2737 hoc
2591 2681 2862 2754 assequi,
2895 2681 3118 2753 partim
3144 2680 3311 2753 quod
3342 2678 3440 2735 alii
3476 2677 3564 2734 ‘ob
3594 2692 3740 2751 pru-

2081 2770 2297 2827 dentiae
2317 2770 2587 2843 inopiam
2602 2786 2720 2826 non
2737 2769 3048 2826 inveniant
3063 2768 3376 2842 quomodo
3390 2766 3607 2838 cuique
3622 2765 3741 2821 dis-

2078 2860 2350 2917 tribuant
2404 2859 2572 2933 quod
2628 2875 2874 2933 aequum
2922 2864 3033 2924 est,
3092 2858 3315 2932 partim
3370 2855 3540 2929 quod
3612 2855 3733 2924 alii,

2076 2950 2392 3006 affectibus
2430 2949 2718 3004 humanis
2744 2947 3175 3021 praeoccupati,
3205 2947 3306 3018 jus
3354 2944 3640 3002 aboleant
3679 2947 3739 3000 ct

2075 3040 2371 3109 abrogent
2397 3042 2547 3105 tum,
2577 3054 2716 3093 cum
2766 3038 2981 3109 spretis
3027 3036 3402 3110 pauperibus
3439 3035 3736 3108 dynastas

361 3134 468 3189 τοῖς
516 3126 704 3188 ἕαυτης
745 3128 1008 3201 μαθηταῖς
1064 3129 1095 3186 ἡ
1153 3126 1340 3201 βίϐλος
1388 3136 1486 3180 τῶν
1527 3134 1828 3203 Παροιμιῶν
1866 3134 1959 3190 τῆς

2075 3128 2401 3200 injuriosos
2433 3142 2558 3183 non
2588 3127 2976 3198 redarguunt,
3009 3126 3236 3181 idcirco
3270 3124 3732 3180 Proverbiorum

360 3213 585 3279 ἀληθοῦς
632 3213 976 3280 δικαιοσύνης
1000 3221 1095 3275 τὴν
1133 3225 1346 3290 γνῶσιν.
1381 3222 1483 3270 Καὶ
1529 3213 1712 3276 ἐπειδὴ
1758 3216 1955 3284 πολλοὶ,

355 3308 445 3357 τὸν
495 3307 641 3379 παρὰ
685 3314 785 3357 τῶν
836 3305 1034 3359 πολλῶν
1083 3307 1285 3358 ἔπαινον
1332 3308 1641 3381 θηρώμενοι,
1688 3308 1821 3380 ἔργῳ
1869 3308 1958 3379 μὲν

355 3399 451 3454 τὴν
501 3391 715 3448 ἀδικίαν
760 3399 851 3446 καὶ
896 3398 956 3447 τὸ
1004 3395 1358 3448 πλεονεκτικὸν
1402 3398 1469 3458 ὡς
1496 3396 1746 3468 ὠφέλιμον
1777 3414 1961 3469 προτι-

355 3492 524 3558 μῶσι,
559 3489 804 3555 σχήματι
834 3478 894 3535 δὲ
921 3488 1012 3535 καὶ
1040 3483 1173 3555 λόγῳ
1216 3487 1304 3542 τήν
1357 3483 1578 3542 ἰσότητα
1623 3488 1713 3536 καὶ
1743 3487 1837 3541 τήν
1870 3480 1961 3535 δι-

355 3574 643 3630 καιοσύνην
691 3572 1226 3647 ὑπερθαυμάζουσινο
1279 3569 1403 3626 οὐδὲ
1455 3574 1673 3635 τούτους
1716 3571 1962 3643 ἀγνοήσει

357 3664 385 3715 ὁ
440 3664 535 3724 τὰς
584 3666 879 3735 Παροιμίας
932 3658 1363 3734 πεπαιδευμένος,
1393 3660 1521 3713 ἀλλά
1571 3667 1832 3734 γνώσεται
1877 3663 1962 3723 τίς

357 3752 388 3809 ἠ
418 3746 671 3811 κίϐδηλος
716 3753 805 3802 καὶ
851 3751 1204 3823 νενοθευμένη,
1253 3755 1345 3803 καὶ
1388 3755 1470 3814 τίς
1518 3752 1549 3809 ἡ
1603 3749 1817 3809 ἀληθινὴ
1869 3753 1960 3802 καὶ

357 3835 550 3901 ἄδολος
592 3834 927 3898 δικαιοσύνη.
953 3838 1096 3893 Ἐπεὶ
1133 3843 1307 3913 μέντοι
1335 3839 1555 3902 πολλοὺς
1607 3844 1692 3892 κοὶ
1741 3842 1789 3892 οἱ
1841 3840 1960 3904 ἕξω-

359 3931 441 3983 θεν
488 3932 636 4002 σοφοὶ
677 3927 1018 3982 κατεϐάλοντο
1066 3929 1178 4001 (18)
1206 3929 1395 4001 λόγους
1422 3933 1540 4003 περὶ
1589 3926 1953 3997 δικαιοσύνης,

352 4023 446 4072 καὶ
483 4021 711 4082 πιθανῶς
758 4020 1178 4094 παρακρούονται
1224 4023 1345 4081 τοὺς
1391 4024 1462 4093 μὴ
1517 4016 1836 4092 δυναμένους
1882 4028 1955 4091 τῷ

355 4106 540 4166 ἀληθεῖ
562 4108 698 4181 λόγῳ
741 4113 859 4182 περὶ
905 4115 998 4161 τοῦ
1033 4112 1325 4182 σκέμματος
1368 4112 1554 4162 τούτου
1601 4108 1955 4169 ἐπακολουθῆ-

356 4217 466 4265 σαι,
495 4196 855 4270 ἐπαγγέλλεται
894 4202 1169 4273 γνωρίσειν
1215 4199 1245 4258 ή
1301 4196 1480 4271 βίϐλος
1527 4202 1622 4256 τὴν
1664 4196 1828 4258 ἀληθῆ
1864 4196 1956 4252 δι-

353 4289 659 4352 καιοσύνην,
719 4287 853 4340 ὥστε
891 4289 950 4339 τὸ
994 4286 1049 4339 ἐκ
1094 4295 1194 4339 τῶν
1245 4290 1581 4362 σοφισμάτων
1621 4289 1760 4361 ήμοῖς
1807 4286 1957 4361 βλαι-

355 4376 500 4450 ϐερὸν
533 4371 838 4449 διαδρᾶναι.
866 4371 1010 4435 Ἤδη
1063 4372 1122 4429 δὲ
1164 4381 1254 4429 καὶ
1301 4379 1366 4429 τὰ
1402 4382 1600 4450 νόμιμα
1627 4385 1728 4429 τῶν
1777 4376 1951 4444 ἐθνῶν,

2072 3218 2224 3275 liber
2252 3216 2376 3273 suis
2406 3233 2469 3273 se
2506 3215 2821 3289 discipulis
2841 3215 3084 3288 justitite
3130 3230 3285 3271 verae
3323 3213 3731 3285 cognitionem

2071 3309 2358 3366 daturum
2387 3305 2726 3379 pollicetur.
2749 3309 2816 3362 Et
2835 3305 2980 3379 quia
3000 3305 3271 3379 plerique
3291 3303 3537 3361 laudem
3566 3301 3732 3372 vulgi

2069 3402 2386 3466 venantes,
2403 3397 2605 3470 reipsa
2632 3396 2880 3469 quidem
2902 3396 3261 3467 injustitiam
3289 3392 3728 3466 avaritiamque

2068 3491 2366 3559 tanquam
2393 3486 2689 3558 quiddam
2718 3486 2861 3542 utile
2891 3485 3239 3558 praeferunt,
3273 3484 3472 3558 specie
3500 3499 3641 3539 vero
3670 3485 3730 3540 et

2069 3575 2269 3649 verbis
2293 3574 2635 3647 aequitatem
2680 3590 2751 3630 ac
2773 3575 3071 3645 justitiam
3098 3574 3277 3630 valde
3303 3573 3723 3630 admirantur:

2069 3679 2146 3720 ne
2173 3665 2288 3719 hos
2337 3662 2585 3735 quidem
2633 3663 2937 3732 ignorabit
2960 3663 3046 3719 vir
3097 3662 3404 3719 Paroemiis
3432 3661 3722 3728 eruditus,

2069 3753 2175 3809 sed
2199 3756 2520 3823 cognoscet
2547 3768 2686 3825 qua:
2710 3751 3049 3808 adulterina
3077 3768 3148 3807 ac
3178 3750 3406 3824 spuria,
3427 3765 3564 3824 quae
3585 3765 3727 3807 vera.

2067 3858 2137 3898 ac
2194 3842 2428 3898 sincera
2472 3841 2547 3897 sit
2583 3841 2838 3913 justitia.
2893 3841 3193 3907 Quoniam
3245 3844 3445 3897 autem
3496 3838 3724 3896 externi

2064 3946 2308 4006 quoque
2356 3930 2659 4003 sapientes
2689 3929 2946 3986 multum
2990 3930 3067 3986 de
3104 3929 3336 4002 justitia
3364 3928 3720 3986 disseruere.

2064 4026 2121 4078 et
2144 4018 2564 4094 probabilibus
2594 4019 2794 4076 verbis
2824 4019 3042 4076 fallunt
3061 4035 3165 4077 eos
3190 4018 3293 4092 qui
3325 4018 3454 4090 ejus
3479 4017 3562 4073 rei
3582 4033 3720 4090 quae

2064 4109 2461 4185 expendenda
2511 4110 2891 4182 proponitur,
2920 4110 3219 4167 rationem
3248 4125 3450 4166 veram
3478 4107 3722 4181 assequi

2062 4218 2186 4259 non
2216 4204 2492 4274 possunt,
2513 4199 2923 4257 indicaturum
2945 4216 3008 4256 se
3032 4199 3330 4271 justitiam
3359 4214 3563 4255 veram
3594 4196 3722 4271 pol-

2060 4292 2270 4348 licetur
2288 4289 2440 4346 liber
2458 4288 2645 4360 ille,ut
2660 4305 2887 4347 noxam
2910 4306 3231 4347 caveamus
3251 4289 3717 4362 sophismatum.

2061 4381 2196 4437 Jam
2216 4395 2359 4436 vero
2382 4380 2652 4449 gentium
2678 4380 2855 4436 etiam
2875 4380 3015 4451 jura
3043 4379 3211 4436 haud
3239 4394 3457 4452 parum
3481 4378 3634 4434 inter
3657 4391 3720 4432 se

354 4466 545 4525 πολλὴν
598 4468 733 4541 πρὸς
782 4465 981 4525 ἄλληλα
1031 4467 1225 4539 ἔχοντα
1277 4471 1370 4525 τὴν
1421 4463 1696 4542 διαφορὰν,
1748 4470 1955 4540 σύγχυ-

2075 4468 2549 4537 diversa,animis
2561 4484 2769 4525 eorum
2788 4469 2892 4542 qui
2911 4472 3258 4526 accuratam
3272 4467 3519 4539 justitiae
3543 4465 3722 4524 ratio-

359 4575 442 4610 σιν
484 4554 666 4630 ἐμποεί
725 4562 841 4618 ταῖς
890 4552 1152 4618 διανοίαις
1206 4563 1306 4608 τῶν
1355 4561 1425 4629 μή
1479 4559 1567 4608 τόν
1622 4555 1810 4631 ἀκριϐῆ
1860 4565 1954 4619 τῆς

358 4641 704 4708 δικαιοσύνης
747 4644 898 4718 λόγον
945 4645 1345 4719 κατειληφότων.
1380 4644 1529 4698 Ἐνια
1569 4648 1659 4719 μὲν
1702 4648 1803 4722 γὰρ
1856 4656 1958 4699 τῶν

359 4734 513 4788 ἐθνῶν
562 4735 675 4808 (19)
719 4740 813 4794 τήν
846 4740 1208 4809 ιπατροφονίαν
1258 4731 1470 4788 δικαίαν
1515 4737 1781 4788 τίθενται·
1829 4735 1960 4789 ἄλλα

359 4821 418 4878 δὲ
446 4833 548 4877 τῶν
597 4822 750 4878 ἐθνῶν
797 4824 969 4877 πάντα
1011 4828 1159 4898 φόνον
1211 4827 1276 4886 ὡς
1326 4822 1532 4878 ἀνόσιον
1590 4822 1955 4899 ἀποτρέπεται,

361 4918 462 4967 Καὶ
511 4914 578 4966 τὰ
628 4916 718 4988 μὲν
775 4916 1114 4989 σωφροσύνην
1162 4915 1460 4988 {impr-cpe}-
1510 4916 1578 4968 τὰ
1626 4911 1685 4968 δὲ
1723 4918 1959 4991 μητράσι

360 5021 453 5053 και
491 5002 786 5078 θυγατράσι
826 5007 917 5056 καὶ
970 5000 1612 5078 ἀδελφαίς’ἐπιμαίνεται.
1674 5009 1777 5059 Καὶ
1833 5004 1961 5069 ὅλως

364 5088 562 5157 πολλοὶ,
612 5088 819 5165 ἀρχαίῳ
876 5093 978 5146 ἔθει
1029 5097 1422 5167 κεκρατημένοι,
1464 5097 1523 5147 τό
1572 5097 1811 5171 μυσαρὸν
1858 5104 1958 5148 τῶν

362 5181 636 5253 γινομένων
682 5181 742 5234 ού
793 5178 828 5235 δ
834 5184 1176 5257 ιακρίνουσιν.
1203 5190 1262 5236 Ἠ
1308 5180 1368 5236 δὲ
1407 5182 1589 5257 βίϐλος
1618 5185 1772 5252 αὕτη,
1807 5181 1963 5238 διδά-

364 5288 567 5322 σκουσα
596 5272 661 5323 τὰ
707 5275 827 5346 περί
856 5279 952 5335 τῆς
991 5270 1216 5335 ἀληθοῦς
1251 5268 1612 5342 δικαιοσύνης,
1640 5274 1821 5350 ῥύεται
1863 5283 1964 5327 τῶν

362 5356 416 5423 ἐξ
464 5357 680 5433 ἀλογίας
726 5362 903 5416 παθῶν
933 5364 1056 5425 τούς
1108 5359 1429 5438 ἀνθρώπους.
1470 5361 1625 5418 Ἐστι
1665 5360 1724 5417 δὲ
1768 5361 1972 5418 δικαιο-

430 5539 647 5616 (ςδτ-ίμϐὶ
669 5538 936 5616 _Anti_qui_
959 5537 1084 5616 duo
1111 5538 1249 5597 libri
1276 5544 1745 5616 T6_7qvpvcia'6a_t.
1901 5577 1906 5581 -

432 5611 548 5679 (17)
580 5609 792 5668 Itidem
815 5609 881 5668 in
900 5610 1145 5669 duobus
1164 5628 1313 5671 mss.
1342 5609 1561 5685 legitur
1585 5619 1657 5689 μὴ
1682 5613 1963 5689 ἐλέγχωσι.

2066 4575 2208 4616 nem
2236 4572 2361 4614 non
2386 4557 2993 4631 comprehenderunt,
3022 4556 3539 4630 perturbationem
3570 4570 3720 4612 con-

2064 4648 2489 4721 fusionemque
2510 4647 3025 4704 aﬂ‘erunt.Etenim
3045 4649 3251 4716 gentes
3264 4644 3568 4703 nonnullae
3589 4660 3724 4717 par-

2063 4737 2344 4794 ricidium
2359 4738 2591 4808 justum
2613 4740 2669 4794 et
2684 4752 2930 4809 aequum
2953 4735 3212 4805 ducunt;
3235 4734 3453 4808 aliqua:
3474 4749 3722 4792 omnem

2065 4827 2295 4885 eaedem
2352 4827 2435 4883 uti
2482 4826 2798 4883 scelestam
2848 4830 3226 4882 aversantur.
3269 4824 3415 4881 Aliae
3456 4823 3723 4881 maxime

2067 4917 2273 4974 colunt
2302 4916 2693 4988 pudicitiam:
2729 4916 2861 4973 aliae
2889 4917 2951 4973 in
2983 4922 3206 4973 matres
3234 4914 3510 4987 ﬁliasque
3539 4918 3597 4970 et
3623 4930 3722 4971 so-

2067 5021 2235 5064 rores
2255 5005 2504 5062 libidine
2527 5006 2752 5062 furunt.
2795 5006 3059 5078 Denique
3075 5004 3344 5079 plerique
3364 5003 3564 5078 prisca
3583 5019 3726 5060 con-

2071 5094 2387 5153 suetudine
2428 5094 2586 5167 victi,
2626 5111 2914 5152 ausorum
2954 5109 3206 5151 suorum
3251 5093 3726 5150 exsecrationem

2073 5201 2144 5243 ac
2200 5184 2598 5257 ignominiam
2655 5199 2781 5242 non
2826 5184 3212 5254 dignoscunt.
3248 5181 3364 5242 Sed
3400 5182 3499 5239 hic
3552 5181 3724 5238 liber‘

2067 5274 2368 5349 justitiam
2398 5290 2606 5331 veram
2641 5273 2888 5342 docens,
2915 5273 3196 5331 homines
3235 5289 3273 5330 a
3299 5272 3581 5330 belluinis
3610 5271 3726 5328 illis

2078 5368 2136 5422 et
2178 5363 2421 5421 insulsis
2474 5362 2789 5421 a‘ﬂ‘ectibus
2843 5361 3079 5419 liberat.
3109 5364 3209 5420 Est
3254 5366 3457 5419 autem
3499 5360 3731 5434 justitia

2143 5544 2256 5615 (18)
2295 5547 2434 5614 Reg.
2464 5542 2698 5616 primus
2729 5538 3120 5616 κατεϐάλλοντο.

2146 5613 2261 5689 (19⁷)
2304 5613 2486 5673 Un’us'
2499 5613 2692 5674 codex
2719 5616 2859 5686 Reg.
2891 5615 2984 5686 μὲν
3012 5613 3116 5689 γὰρ
3140 5613 3281 5672 ἔθνη.
