4098 6402
388 267 493 324 403

1750 257 1807 315 8.
1848 252 2102 313 BASILII
2152 255 2396 314 MAGNI.

3663 262 3779 318 404

388 390 696 465 quaedam,
724 403 863 463 quas
907 387 1061 445 inter
1088 402 1203 445 nos
1247 390 1545 461 versatur,
1580 385 1741 461 aequi
1767 382 2040 442 videlicet

2164 384 2313 451 σύνη,
2347 383 2377 441 ἠ
2406 385 2497 456 μέν
2528 403 2607 445 τις
2634 381 2682 436 ἐν
2710 384 2835 458 ἡμῖν
2876 385 3214 458 στρεφομένη,
3245 382 3274 442 ἡ
3309 388 3401 437 τοῦ
3431 385 3552 437 ἴσου
3584 381 3776 439 διανο-

388 478 748 557 distributio.
783 480 1147 551 Quanquam
1177 478 1401 534 etenim
1426 477 1488 534 id
1510 493 1633 534 non
1663 474 1914 533 omnino
1953 490 2047 530 as-

387 569 738 645 sequimur;
779 572 982 624 tamen
1012 568 1059 623 si
1084 567 1427 639 justissimo
1450 567 1701 625 consilio
1722 565 1783 622 in
1806 564 2046 637 agendo

385 663 652 729 utamur,
681 674 807 715 non
832 657 1193 715 aberramus
1224 674 1432 732 scopo.
1466 661 1565 715 Est
1592 661 1647 715 et
1675 656 1792 714 alia
1820 672 1857 713 a
1880 655 2044 724 justo

378 747 585 821 judice
615 747 848 804 caelitus
872 747 1140 818 inducta,
1164 752 1294 805 tum
1325 747 1679 816 emendans,
1701 750 1832 802 tum
1851 744 2044 800 vicem

383 837 743 911 rependens,
770 853 909 910 quae
935 837 1015 893 ob
1036 837 1485 894 reconditorum
1511 836 1573 893 in
1600 852 1664 893 se
1684 836 2042 905 dogmatum

386 926 821 983 sublimitatem
843 927 1091 997 cognitu
1111 927 1290 983 valde
1316 927 1573 984 difficilis
1589 930 1701 983 est.
1718 926 1835 981 Hoc
1856 924 2039 988 enim,

382 1016 620 1089 opinor,
651 1017 965 1075 Psalmista
995 1017 1176 1075 dicit:
1218 1018 1467 1075 Justitia
1498 1023 1605 1074 tua
1632 1016 1787 1073 sicut
1812 1019 2040 1070 montes

378 1107 561 1171 Dei”,
595 1108 759 1163 Hanc
789 1106 971 1178 igitur
1002 1107 1181 1180 plane
1209 1123 1419 1164 veram
1450 1106 1841 1178 divinamque
1861 1101 2040 1176 justi-

375 1195 522 1252 tiam
551 1195 1081 1253 manifestaturum
1124 1213 1187 1253 se
1225 1196 1519 1270 promittit
1545 1195 1640 1264 iis,
1670 1194 1777 1268 qui
1818 1193 2041 1251 fuerint

374 1285 437 1342 in
458 1286 891 1342 Parmmiarum
912 1285 1189 1343 doctrina
1209 1286 1534 1342 exercitati.

445 1379 499 1434 9.
540 1378 766 1432 Rursus
810 1391 950 1431 cum
996 1379 1248 1448 peccata
1277 1374 1395 1432 alia
1434 1375 1554 1432 sint
1602 1371 2032 1441 involuntaria,

370 1464 489 1522 alia
518 1480 556 1521 a
597 1480 785 1538 pravo
826 1463 1031 1520 animo
1062 1464 1354 1532 oriantur,
1386 1480 1509 1521 non
1543 1465 1757 1521 eadem
1787 1478 2034 1537 quoque

365 1553 428 1610 in
462 1553 556 1610 his
584 1552 797 1624 regula
840 1557 931 1609 est
956 1554 1136 1626 aequi.
1168 1557 1474 1611 Ponamus
1503 1554 1665 1611 enim
1696 1551 2035 1610 fornicatio-

363 1659 506 1701 nem
546 1659 678 1700 esse
699 1642 1128 1715 judicandam,
1157 1644 1437 1718 duasque
1481 1660 1619 1701 esse
1661 1642 2029 1700 meretrices.

2155 477 2251 545 μὴ.
2282 471 2396 526 Ἐὰν
2422 476 2522 550 γὰρ
2571 478 2661 526 καὶ
2700 477 2771 547 μὴ
2822 474 3167 547 τυγχάνωμεν
3212 472 3373 526 αὐτοῦ
3424 477 3561 527 κατὰ
3617 473 3775 548 ἀκρί-

2157 559 2316 630 ϐειαν,
2379 561 2507 615 ἀλλὰ
2552 568 2731 637 γνώμῃ
2788 570 2851 636 τῇ
2924 559 3237 637 δικαιοτάτῃ
3306 570 3599 635 ποιοῦντες,
3668 562 3772 617 οὐκ

2154 648 2511 726 ἀποπίπτομεν
2558 660 2651 705 τοῦ
2703 660 2923 722 σκοποῦ;
2972 653 3031 707 Ἠ
3090 650 3149 707 δε
3200 673 3284 715 τις
3338 653 3621 728 οὐρανόθεν
3668 651 3772 707 ἕπ-

2153 745 2379 815 αγομένη
2410 745 2554 818 παρὰ
2582 749 2674 795 τοῦ
2707 739 2741 795 δ
2748 747 2919 795 ίκαίου
2948 749 3151 818 κριτοῦ,
3186 744 3216 803 ἦ
3262 762 3317 797 τε
3370 741 3767 818 ἓπανορθωτική

2151 835 2241 885 καὶ
2270 834 2300 891 ἡ
2335 830 2744 899 ἁνταποδοτικὴ,
2779 834 2841 897 ἧς
2893 831 3024 886 πολὺ
3070 836 3129 887 τὸ
3163 829 3531 909 δυσθεώρητον
3578 831 3675 887 διὰ
3703 835 3769 886 τὸ

2151 920 2285 991 ὕψος
2333 930 2431 975 τῶν
2480 920 2882 995 ἕναποκειμένων
2934 921 3064 995 αὐτῇ
3113 917 3409 995 δογμάτων.
3444 928 3608 976 Τοῦτο
3654 924 3768 997 γὰρ

2151 1008 2299 1085 οἶμαι
2351 1010 2512 1086 λέγειν
2556 1013 2643 1065 τὸν
2688 1007 3017 1085 Ψαλμῳδόν·
3068 1011 3126 1066 Ἠ
3173 1009 3520 1072 δικαιουσύνη
3555 1033 3651 1067 σου
3694 1015 3769 1077 ὡς

2150 1103 2243 1175 ὄρη
2286 1108 2439 1157 Θεοῦ.
2473 1101 2872 1174 Ἐπαγγέλλεται
2902 1098 2990 1155 οὖν
3021 1104 3212 1161 ταύνην
3255 1107 3351 1161 τὴν
3396 1105 3552 1167 ὅντως
3586 1102 3764 1162 ἀληθη

2148 1194 2236 1243 καὶ
2304 1192 2442 1244 θείαν
2502 1187 2845 1251 δικαιοσύνην
2924 1194 3142 1266 φανερὰν
3213 1196 3568 1250 καταστήσειν
3646 1198 3765 1257 τοῖς

2148 1280 2648 1355 ἐγγεγυμνασμένοις
2679 1289 2742 1356 τῇ
2771 1279 3124 1358 παροιμιώδει
3151 1279 3500 1357 διδασκαλίᾳ.

2217 1375 2270 1427 9.
2313 1370 2476 1424 Πάλιν
2505 1368 2686 1431 ἐπειδὴ
2719 1380 2819 1425 τῶν
2843 1372 3273 1447 ἁμαρτανομένων
3309 1376 3376 1425 τὰ
3405 1376 3495 1447 μὶν
3526 1372 3763 1427 ἀκούσιά

2146 1458 2278 1530 ἔστι,
2311 1464 2379 1514 τὰ
2429 1457 2489 1516 δε
2533 1460 2634 1515 ἀπὸ
2684 1467 2898 1536 γνώμης
2940 1468 3172 1537 πονηρᾶς
3203 1462 3574 1538 ἁμαρτάνεται,
3602 1467 3691 1516 καὶ
3731 1464 3761 1516 6

2142 1558 2235 1603 τοῦ
2284 1547 2496 1604 δικαίου
2551 1553 2667 1626 ὅρος
2716 1552 2824 1625 οὐχ
2867 1553 2894 1606 6
2949 1551 3103 1616 αὐτὸς
3134 1552 3219 1606 ἐπὶ
3267 1555 3490 1615 τούτοις,
3521 1550 3761 1607 ’Υτέοθώ-

2142 1641 2276 1713 μεθα
2317 1643 2416 1716 γὰρ
2472 1645 2711 1715 πορνείαν
2766 1639 2897 1694 εἶναι
2942 1644 3001 1695 τὸ
3049 1646 3366 1719 κρινόμενον,
3415 1647 3505 1696 καὶ
3560 1646 3760 1718 πόρνας

365 1733 480 1791 Sed
500 1748 627 1789 una
641 1731 893 1806 quidem
918 1732 1120 1789 lenoni
1141 1733 1763 1801 vendita,necessario
1785 1732 1845 1789 in
1868 1732 2030 1789 malo

2150 1725 2262 1784 δύο.
2311 1728 2442 1783 Ἀλλ’
2471 1733 2502 1789 ἠ
2553 1733 2665 1803 μὲν,
2698 1729 3036 1805 πορνοϐοσκῷ
3083 1733 3363 1806 πραθεῖσα,
3400 1733 3529 1807 πρὸς
3586 1729 3759 1805 ἀνάγ-

360 1825 656 1891 versatur,
678 1826 976 1897 quaestum
1001 1840 1110 1896 per
1132 1839 1354 1897 corpus
1374 1825 1522 1881 hero
1548 1824 1711 1881 malo
1730 1824 1988 1881 aﬂ‘erens
2013 1840 2027 1878 :

362 1910 549 1970 altera
577 1928 722 1969 vero
746 1917 963 1985 sponte
995 1929 1058 1969 se
1088 1918 1341 1986 peccato
1363 1913 1442 1969 ob
1462 1913 1842 1987 voluptatem
1862 1928 2032 1969 man-

362 2003 546 2076 cipat.
571 2002 752 2059 Aliter
781 2003 993 2076 utique
1032 2004 1206 2077 105
1254 2003 1434 2061 datur
1473 2004 1646 2060 venia
1692 2004 2033 2061 involunta-

357 2091 467 2152 riis
492 2111 504 2148 :
540 2092 711 2149 aliter
739 2108 810 2149 ea
835 2109 975 2166 quas
1017 2109 1090 2149 ex
1120 2109 1311 2166 prava
1339 2093 1652 2151 voluntate
1685 2094 1860 2163 ﬁunt,
1893 2110 2032 2151 con-

360 2180 750 2238 demnantur.
784 2182 1010 2238 Rursus
1053 2198 1213 2238 unus
1254 2182 1472 2257 aliquis
1518 2184 1810 2256 peccavit,
1846 2199 2030 2257 prave

361 2270 441 2327 ab
458 2270 623 2327 initio
645 2270 980 2340 educatus;
1012 2272 1241 2346 quippe
1273 2276 1330 2329 et
1351 2288 1387 2329 a
1416 2273 1773 2345 parentibus
1794 2273 2032 2345 injustis

363 2363 720 2433 procreatus
746 2359 1015 2418 introivit
1047 2361 1109 2418 in
1140 2362 1347 2429 vitam,
1375 2365 1429 2418 et
1456 2361 1610 2418 inter
1639 2362 1827 2419 verba
1848 2361 2031 2419 facta-

361 2465 481 2522 que
507 2448 719 2522 iniqua
762 2449 1024 2506 nutritus
1049 2449 1159 2507 fuit
1183 2468 1196 2519 ;
1239 2449 1387 2507 alter
1414 2467 1556 2508 vero
1578 2451 1770 2508 multa
1799 2450 2031 2508 habens

362 2538 598 2595 virtutis
623 2539 1038 2608 incitamenta,
1062 2540 1486 2598 educationem
1509 2540 2029 2612 honestissimam,

366 2626 853 2686 admonitionem
900 2634 1246 2703 parentum,
1288 2629 1720 2702 magistrorum
1768 2630 2035 2704 discipli-

366 2733 535 2789 nam,
567 2717 942 2775 auditionem
993 2717 1337 2776 divinorum
1375 2736 1749 2787 sermonum,
1778 2720 2031 2791 castiga-

365 2811 493 2865 tam
521 2807 1024 2883 moderatamque
1053 2809 1318 2882 diaetam,
1344 2816 1401 2868 et
1431 2809 1549 2867 alia
1579 2809 1804 2883 quibus
1829 2809 2037 2868 anima

371 2897 452 2955 ad
472 2896 747 2954 virtutem
771 2898 1137 2969 instituitur;
1170 2904 1381 2973 postea
1407 2904 1610 2957 tamen
1640 2899 1931 2973 delapsus
1948 2901 2039 2957 est

373 2991 430 3045 et
457 2987 586 3061 ipse
615 2987 678 3043 in
709 2987 902 3045 simile
932 2995 1254 3063 peccatum
1280 3009 1293 3059 ;
1327 3006 1530 3047 nonne
1555 2990 1690 3061 jure
1721 3005 1793 3046 ac
1822 2989 2036 3047 merito

2143 1838 2239 1877 κην
2288 1817 2429 1873 ἐστὶν
2479 1817 2527 1871 ἐν
2556 1827 2629 1891 τῷ
2658 1828 2822 1892 κακῷ,
2860 1826 2953 1879 την
2993 1819 3048 1872 ἐκ
3079 1827 3172 1873 τοῦ
3220 1826 3461 1894 σώματος
3499 1819 3757 1896 ἐργασίαν

2142 1916 2216 1981 τῷ
2254 1916 2462 1983 πονηρῷ
2491 1904 2722 1983 δεσπότῃ
2756 1913 3089 1984 παρεχομένη
3119 1930 3131 1944 ·
3179 1912 3210 1969 ἡ
3256 1907 3315 1963 δε
3349 1906 3444 1963 διὰ
3480 1914 3574 1970 τὴν
3614 1907 3758 1969 ἠδο-

2142 2001 2233 2057 νὴν
2288 1998 2540 2060 ἑκουσίως
2582 1997 2769 2058 ἑαυτὴν
2820 1996 3081 2054 ἐπιδοῦσα
3246 1998 3497 2075 ἁμαρτίᾳ.
3548 1999 3761 2063 Ἀλλως

2144 2082 2232 2139 οὖν
2276 2088 2343 2139 τὰ
2389 2085 2614 2139 ἀκούσια
2653 2088 2908 2160 τυγχάνει
2955 2094 3288 2163 συγγνώμης,
3332 2094 3422 2142 καὶ
3473 2087 3638 2153 ἄλλως
3686 2091 3761 2142 τὰ

2146 2172 2201 2227 ἐκ
2257 2176 2538 2249 μοχθηρᾶς
2612 2181 2962 2251 προαιρέσεως
3031 2183 3419 2253 κατακρίνεται.
3496 2177 3657 2231 Πάλιν
3729 2179 3758 2231 6

2144 2265 2234 2336 μὶν
2278 2284 2357 2327 τις
2398 2266 2617 2340 ἣμαρτε,
2650 2274 2889 2340 πονηρῶς
2934 2268 2994 2319 τὸ
3033 2264 3086 2331 ἐξ
3138 2264 3315 2341 ἀρχῆς
3362 2268 3713 2342 τεθραμμένος
3739 2290 3754 2302 ·

2145 2357 2234 2406 καὶ
2280 2355 2381 2428 γάρ
2420 2359 2511 2407 καὶ
2558 2356 2659 2407 ὑπὸ
2705 2357 2893 2428 γονὶων
2942 2351 3141 2409 ἀδίκων
3190 2357 3263 2419 εἰς
3312 2358 3399 2408 τόν
3446 2354 3564 2430 βίον
3620 2377 3760 2434 παρ·

2145 2443 2335 2514 ήχθη,
2404 2447 2494 2497 καὶ
2572 2445 2864 2519 συνετράφη
2928 2450 3020 2499 καὶ
3100 2446 3308 2522 ῥήμασι
3371 2453 3463 2501 καὶ
3528 2444 3757 2521 πράξεσι

2143 2536 2504 2608 παρανόμοιςυ
2574 2532 2724 2597 ἄλλος
2783 2530 2842 2587 δὲ
2892 2534 3054 2587 πολλά
3121 2539 3259 2608 ἔχων
3319 2540 3386 2590 τὰ
3447 2538 3754 2613 προκαλού-

2144 2641 2273 2695 μενα
2321 2622 2476 2675 αὐτὸν
2527 2622 2599 2685 εἰς
2646 2621 2871 2698 ἀρετὴν·
2924 2622 3216 2699 ἀνατροφὴν
3266 2630 3606 2699 σεμνοτάτην,
3638 2646 3756 2681 νου-

2148 2713 2358 2770 θέτησιν
2440 2714 2647 2784 γονέων,
2736 2708 3077 2765 διδασκάλων
3144 2711 3429 2790 ἀκρίϐειαν,
3499 2715 3756 2793 ἀκρόασιν

2143 2799 2309 2874 λόγων
2382 2803 2670 2877 θειοτέρων,
2732 2798 2941 2856 δίαιταν
2988 2804 3424 2879 κατεσταλμένην,
3493 2809 3560 2860 τὰ
3623 2807 3757 2861 ἄλλα

2146 2891 2225 2954 οἷς
2252 2890 2408 2964 ψυχὴ
2439 2887 2866 2964 παιδαγωγεῖται
2906 2896 3035 2968 πρὸς
3068 2892 3254 2968 ἀρετὴν
3278 2916 3291 2929 -
3339 2893 3451 2949 εἶτα
3479 2901 3569 2949 καὶ
3594 2896 3754 2961 αὐτὸς

2147 2979 2220 3043 εἰς
2237 2986 2332 3041 τὴν
2359 2981 2826 3057 ὁμοίαννὰμαρτίαν
2852 2981 3115 3037 ὑπὼλισθε
3134 3005 3147 3018 ·
3172 2994 3283 3049 πῶς
3308 2985 3436 3059 οὐχὶ
3458 2984 3755 3064 βαρυτέρας

371 3078 480 3152 qui
535 3078 838 3152 ejusmodi
890 3083 997 3150 est,
1050 3080 1353 3154 supplicio
1396 3080 1657 3151 graviori
1704 3081 2036 3154 punietur?

2150 3067 2368 3134 δικαίως
2400 3072 2426 3123 6
2458 3077 2694 3134 τοιοῦτος
2740 3079 2835 3134 τῆς
2866 3077 3120 3146 τιμωρίας
3151 3072 3543 3143 ἀξιωθήσεταις
3572 3075 3630 3129 Ὀ

374 3171 523 3228 Nam
568 3167 662 3225 ille
710 3169 960 3242 quidem
1017 3170 1091 3227 de
1137 3170 1285 3227 solis
1333 3170 1701 3228 salutaribus
1749 3170 2040 3227 subsidiis

376 3257 581 3315 animo
610 3262 821 3314 nostro
845 3259 1135 3332 inspersis
1162 3259 1572 3328 accusabitur,
1603 3259 1773 3334 quod
1800 3260 1882 3315 eis
1914 3275 2041 3317 non

378 3346 568 3421 probe
595 3347 670 3403 sit
693 3363 881 3403 usus:
918 3350 1023 3405 sed
1048 3349 1145 3405 hic
1177 3351 1444 3422 insuper,
1471 3349 1638 3421 quod
1665 3364 1847 3405 omne
1877 3349 2043 3406 auxi-

378 3436 530 3498 lium
574 3437 688 3494 sibi
731 3439 945 3495 datum
988 3437 1341 3510 prodiderit,
1400 3437 1935 3512 imprudenterque
1978 3438 2041 3495 in

381 3541 639 3605 pravam
667 3529 851 3585 vitam
897 3527 1187 3601 abreptus
1236 3528 1325 3585 sit.
1364 3532 1568 3601 Itaque
1611 3528 1912 3600 justitiam
1940 3544 2041 3585 ve-

383 3606 515 3673 ram
545 3616 894 3690 intelligere,
928 3617 1116 3674 animi
1147 3621 1243 3675 est
1271 3634 1406 3674 vere
1436 3618 1666 3688 magni,
1698 3617 2042 3691 mentisque

383 3705 853 3778 perfectissimae.
886 3710 1160 3765 Fortasse
1204 3712 1408 3765 autem
1454 3707 1639 3764 habet
1681 3712 1738 3765 et
1786 3709 2046 3780 promis-

384 3794 639 3864 sionem,
668 3795 814 3866 fore,
849 3797 1043 3871 utqui
1073 3797 1133 3853 in
1172 3796 1507 3854 Proverbiis
1545 3796 2043 3869 erudituslfuerit,

385 3887 576 3967 possit
602 3887 679 3943 de
700 3892 916 3945 caetero
943 3887 1024 3943 ad
1053 3892 1400 3945 accuratam
1431 3887 1746 3958 theologica
1777 3893 2046 3945 contem-

388 3975 720 4047 plationem
763 3977 1039 4033 animum
1089 3977 1439 4048 adjungere.
1472 3980 1620 4034 Nam
1651 3993 1794 4033 vera
1818 3976 2049 4049 justitia

389 4065 659 4122 Christus
689 4071 796 4135 est,
832 4067 948 4137 Qui
961 4068 1165 4138 factus
1189 4073 1273 4125 est
1300 4068 1468 4124 nobis
1509 4068 1810 4138 sapientia
1839 4082 1875 4123 a
1901 4068 2046 4133 Deo,

392 4160 447 4211 et
459 4155 726 4226 justitia,
749 4162 804 4214 et
834 4158 1260 4227 sanctiﬁcatio,
1283 4163 1336 4214 et
1364 4158 1692 4227 redemptio
1715 4158 1780 4211 ιε.
1813 4154 2053 4211 Accedit

393 4245 576 4323 etiam
607 4244 686 4302 ad
711 4261 865 4303 verse
901 4246 1145 4319 justitiae
1188 4248 1616 4320 cognitionem,
1648 4250 1715 4303 ut
1749 4244 2049 4319 judicium

391 4334 685 4404 dirigatur
708 4336 773 4392 η.
807 4338 957 4393 Nam
987 4336 1115 4394 ﬁeri
1146 4354 1272 4395 non
1300 4341 1518 4411 potest,
1545 4340 1610 4393 ut
1642 4335 1745 4409 qui
1784 4333 1954 4408 prius
1985 4334 2048 4390 in

2145 3164 2246 3236 γὰρ
2280 3160 2363 3214 ἐπὶ
2410 3164 2592 3235 μόναις
2629 3168 2747 3224 ταῖς
2789 3168 3239 3237 κατεσπαρμέναις
3270 3164 3318 3217 ἐν
3373 3173 3490 3229 ταῖς
3536 3166 3754 3230 ἐννοίαις

2147 3253 2292 3324 ἡμῶν
2326 3255 2605 3325 σωτηρίοις
2633 3249 2893 3326 ἀφορμαῖς
2924 3251 3326 3325 ἐγκληθήσεται,
3356 3258 3424 3319 ὡς
3455 3255 3514 3308 οὗ
3539 3258 3752 3330 χρησά-

2147 3358 2297 3412 μενος
2328 3340 2510 3403 αὐταῖς
2542 3342 2701 3412 ὑγιῶς
2726 3361 2739 3374 ·
2792 3342 2817 3392 ό
2850 3337 2909 3394 δὲ
2934 3344 3065 3418 πρὸς
3093 3346 3280 3416 τούτῳ,
3310 3350 3401 3398 καὶ
3448 3347 3516 3409 ὡς
3557 3342 3751 3419 προδε-

2150 3427 2331 3493 δωκὼς
2369 3437 2543 3483 πᾶσαν
2591 3435 2680 3490 τὴν
2713 3426 2998 3505 δεδομένην
3042 3433 3183 3507 αὐτῷ
3216 3440 3535 3511 συνέργειαν,
3564 3440 3654 3489 καὶ
3683 3433 3754 3490 δι’

2150 3519 2463 3595 ἀπροσεξίαν
2533 3520 2605 3583 εἰς
2669 3524 2757 3574 τὸν
2822 3526 3047 3597 πονηρόν
3103 3522 3220 3597 βίον
3283 3531 3618 3601 κατασυρείς.
3681 3530 3750 3581 Τὸ

2148 3607 2236 3664 οὖν
2291 3619 2480 3671 νοῆσαι
2536 3615 2629 3671 τὴν
2677 3610 2847 3673 ἀληθῆ
2902 3608 3246 3672 δικαιοσύνην
3302 3615 3533 3688 μεγάλης
3593 3619 3752 3682 ὅντως

2152 3697 2388 3765 διανοίας
2434 3706 2524 3753 καὶ
2571 3704 2747 3777 φρενός
2794 3701 3142 3764 τελειοτάτης.
3175 3707 3390 3761 Μήποτε
3440 3700 3499 3757 δε
3545 3708 3636 3758 καὶ
3666 3704 3755 3757 ἑπο
3842 3740 3851 3745 -

2151 3790 2394 3863 αγγελίαν
2447 3791 2562 3861 ἔχει
2602 3789 2741 3859 (20),
2773 3792 2860 3845 τὸν
2917 3808 2984 3841 τα
3024 3794 3353 3864 παροιμιακὰ
3404 3788 3756 3846 παιδευθέντα

2154 3870 2478 3937 δυνήσεσται
2532 3877 2709 3930 λοιπὸν
2764 3877 3021 3931 ἐπιϐαλεῖν
3072 3888 3136 3955 τῇ
3193 3878 3435 3956 ἀκριϐείᾳ
3498 3890 3594 3946 τῆς
3649 3884 3757 3937 θεο-

2151 3969 2348 4042 λογίας.
2392 3967 2450 4020 Ἠ
2494 3970 2596 4041 γὰρ
2646 3965 2845 4031 ἀληθὴς
2887 3966 3200 4031 δικαιοσύνη
3247 3971 3386 4025 ἐστὶν
3426 3974 3452 4026 6
3500 3976 3753 4047 Χριστὸς,

2151 4059 2247 4122 Ὃς
2310 4057 2520 4129 ἐγενηθη
2606 4059 2731 4130 ἡμῖν
2816 4063 2972 4132 σοφία
3054 4058 3154 4114 ἀπὸ
3222 4070 3377 4132 Θεοῦ,
3440 4059 3753 4123 δικαιοσύνη

2153 4168 2208 4202 τε
2271 4152 2361 4200 καὶ
2433 4145 2724 4222 ἁγιασμὸς,
2792 4152 2882 4200 καὶ
2966 4146 3345 4225 ἀπολύτρωσις.
3416 4152 3757 4214 Συνεζευκται

2152 4246 2227 4309 τῷ
2257 4235 2365 4307 (21)
2405 4244 2597 4308 γνῶναι
2641 4231 2984 4300 δικαιοσύνην
3033 4237 3200 4302 ἀληθῆ
3246 4245 3305 4296 τὸ
3352 4249 3517 4317 κρῖμα
3564 4260 3755 4296 κατευ-

2159 4329 2327 4380 θῦναι.
2375 4324 2677 4399 Ἀμήχανον
2728 4329 2830 4404 γὰρ
2880 4331 2966 4381 τὸν
3018 4334 3089 4402 μὴ
3145 4328 3597 4404 προπαιδευθέντα
3637 4334 3756 4405 περὶ

387 4424 631 4496 justitiaa
664 4426 1005 4497 cognitione
1036 4429 1306 4485 eruditus
1345 4444 1468 4484 non
1501 4426 1695 4496 fuerit,
1723 4424 2040 4493 ambigua

2155 4424 2249 4470 τοῦ
2290 4411 2501 4469 δικαίου
2547 4411 2810 4469 δύνασθαι
2838 4419 2933 4480 τὰς
2971 4416 3394 4492 ἀμφισϐητήσεις
3425 4421 3588 4496 ὀρθῶς
3629 4417 3754 4475 δια-

387 4527 484 4569 res
514 4518 669 4569 recte
699 4513 1030 4585 dijudicare
1056 4518 1270 4590 possit.
1302 4520 1504 4590 Neque
1544 4515 1705 4572 enim
1754 4512 2047 4569 Salomon

388 4601 540 4675 ipse,
572 4602 687 4659 nisi
717 4603 780 4660 in
826 4605 1027 4680 seipso
1057 4608 1215 4678 aequi
1263 4624 1335 4663 ac
1372 4606 1517 4664 recti
1544 4605 1809 4661 rationes
1835 4602 2048 4675 exqui-

390 4691 538 4749 sitas
571 4691 897 4761 habuisset,
912 4695 1370 4754 celeberrimum
1400 4695 1549 4752 illud
1564 4693 1862 4766 judicium
1881 4689 2048 4764 quod

389 4780 465 4838 de
502 4798 691 4855 puero
720 4784 873 4841 inter
902 4786 1246 4844 meretrices
1283 4785 1549 4859 protulit,
1582 4789 1708 4841 tam
1748 4785 1907 4839 recte
1937 4796 2046 4854 ap-

388 4872 705 4946 positeque
726 4875 1024 4948 potuisset
1053 4875 1285 4933 eﬂ‘erre.
1314 4878 1462 4932 Cum
1485 4876 1645 4931 enim
1669 4873 1919 4931 testibus
1945 4886 2045 4927 ca-

387 4968 587 5020 rerent
630 4980 767 5036 qua:
815 4964 894 5021 ab
932 4970 1187 5039 utraque
1235 4965 1617 5037 dicebantur,
1652 4964 1733 5021 ad
1758 4968 2045 5020 naturam

389 5052 683 5122 cucurrit;
715 5054 966 5129 ejusque
1001 5072 1115 5130 ope
1145 5072 1281 5130 quae
1322 5056 1764 5128 ignorabantur
1791 5050 2039 5110 invenit.

1072 5183 1117 5218 ³³
1138 5182 1158 5236 Ι
1182 5183 1316 5240 Cor.
1341 5199 1381 5254 ι,
1412 5187 1501 5241 30.

948 5305 1127 5379 βίϐλος
1185 5307 1630 5374 subaudienda,
1680 5309 1942 5376 fortasse
1972 5307 2047 5379 iet

464 5177 507 5213 ⁸⁷
537 5176 691 5234 Psal.
722 5196 900 5254 xxxv,
936 5186 990 5238 7.

459 5299 572 5373 (20)
614 5301 718 5359 Hic
773 5320 893 5361 vox

388 5370 566 5450 liabet
579 5370 1044 5450 promissionem
1077 5381 1174 5436 hic
1202 5381 1368 5450 liber,
1397 5370 1864 5437 Proverbi'orum
1886 5378 2049 5435 vide-

385 5441 540 5522 licet.
577 5441 707 5522 M0;
756 5449 906 5522 Reg.
950 5452 1183 5522 primus
1236 5441 1414 5506 λοιπον
1456 5453 1763 5507 ἐπιϐάλλειν.
1796 5456 1913 5508 Nec
1960 5452 2043 5508 ita

599 5516 754 5606 infra
785 5514 971 5606 ᾳὸιζξῖ
984 5524 1268 5606 tertiusht');
1293 5524 1533 5606 ἐγεννήθη
1569 5532 1724 5606 σοφία
1748 5528 1894 5606 ἡμῖν.

458 5591 566 5658 (21)
608 5589 1011 5653 ΟοΙὺκῐθΓιὶιιε
1053 5589 1388 5658 συνέζευκται
1432 5595 1492 5653 δε
1533 5589 1867 5671 τῷ.’8ι8ῐὶω
1896 5595 2043 5655 editi

2158 4513 2349 4579 κρῖναι,
2400 4501 2541 4557 Οὐδὲ
2591 4508 2692 4580 γὰρ
2738 4510 2896 4569 αὐτὸς
2943 4508 3196 4582 Σολομὼν,
3243 4510 3287 4563 εἰ
3342 4516 3414 4586 μὴ
3472 4510 3586 4583 εἶχε
3633 4514 3754 4574 τοὺς

2155 4600 2273 4669 περὶ
2324 4602 2415 4648 τοῦ
2465 4592 2675 4648 δικαίου
2706 4594 2891 4670 λόγους
2925 4596 3156 4672 ἀκριϐεῖς
3203 4602 3251 4651 ἐν
3300 4600 3486 4673 ἑαυτῷ,
3519 4598 3754 4660 ἡδύτατο

2154 4690 2248 4744 τὴν
2294 4684 2713 4759 πολυθρύλλητον
2767 4685 2960 4745 ἐκείνην
3007 4693 3181 4763 κρίσιν
3226 4691 3388 4754 οὕτως
3446 4689 3611 4765 ὀρθῶς
3661 4694 3752 4743 καὶ

2154 4774 2440 4838 εὖθυϐόλως
2501 4773 2791 4848 ἐξενεγκεῖν,
2852 4779 2912 4838 ἣν
2966 4780 3128 4851 ἔκρινε
3182 4788 3298 4844 ταῖς
3371 4785 3584 4857 πόρναις
3636 4784 3755 4856 περὶ

2152 4874 2243 4920 τοῦ
2274 4863 2510 4921 παιδίου.
2543 4863 2754 4925 Ἐπειδὴ
2804 4870 2905 4944 γὰρ
2955 4866 3233 4944 ἀμάρτυρα
3270 4868 3331 4929 ἧν
3373 4874 3440 4924 τὰ
3485 4871 3607 4947 παρ’
3639 4870 3756 4924 ἑκα-

2152 4961 2301 5031 τέρας
2356 4955 2621 5029 λεγόμενα,
2681 4955 2759 5009 ἐπὶ
2826 4962 2921 5015 τὴν
2989 4960 3145 5031 φύσιν
3210 4958 3472 5035 ἐχώρησε,
3528 4981 3620 5014 και
3668 4957 3758 5015 δι’

2153 5046 2318 5108 αὐτῆς
2366 5045 2479 5120 εὗρε
2534 5048 2602 5098 τὰ
2650 5040 2968 5121 ἀγνοούμενα
3007 5048 3156 5120 (22)’
3202 5057 3299 5112 τῆς
3336 5053 3427 5125 μὲν
3484 5048 3754 5127 ἀλλοτρίας

1580 5186 1626 5221 ι’
1655 5184 1812 5239 Prov
1876 5197 1916 5251 ι,
1949 5182 2003 5245 3,
2026 5177 2201 5249 juxta
2230 5173 2379 5229 LXX.

2157 5295 2428 5388 ἀρήξειν
2475 5296 2720 5388 ᾖξ’ηὲῗά
2759 5301 2849 5385 ei
2882 5298 3136 5388 Veteres
3163 5303 3435 5388 quaret.
3457 5298 3605 5388 libri
3626 5300 3752 5388 ,γάρ

2155 5368 2449 5442 μ’ἠζΟοΙι).
2480 5368 2687 5423 tertius
2717 5368 2816 5441 γὰρ
2843 5371 2930 5421 τὸν
2959 5374 3056 5442 μή,
3084 5368 3261 5428 recte.
3295 5370 3562 5429 Subinde
3589 5368 3754 5428 idem

2155 5442 2343 5498 codex
2375 5440 2541 5514 «ipsa;
2563 5436 2870 5514 διακρίνειν.
3397 5513 3404 5514 7

2152 5457 2343 5498 coaex
2375 5457 2541 5514 ορθως
2563 5457 2870 5513 οιακρινειν.

2221 5514 2336 5586 (22)
2363 5511 2527 5584 Regii
2554 5512 2789 5585 primus
2835 5517 2895 5570 et
2939 5515 3243 5573 secundus
3290 5517 3349 5568 τὸ
3385 5513 3747 5594 ἀγνοούμενον.
