4098 6418
317 350 426 407 405

1258 342 1565 403 ἨΟΜΙΕΙΑ
1606 345 1677 401 ΙΝ
1715 339 2125 401 PBINClPlUM
2161 342 2736 404 PROVERBIORUM.

3588 347 3696 404 406

319 473 538 536 ἀπαθῶς
593 466 1020 545 καταδεξαμένης
1079 474 1173 523 τοῦ
1217 467 1439 523 παιδίου
1487 473 1583 530 τὴν
1640 467 1915 542 ἀναίρεσιν²

2038 466 2110 522 Et
2144 482 2290 524 vero
2319 467 2517 526 aliena
2546 469 2677 527 sine
2697 469 2818 526 ulla
2847 469 3373 528 commiseratione
3397 470 3568 547 pueri
3588 486 3695 529 ne-

320 572 420 626 τῆς
486 559 546 617 δὲ
596 560 822 623 ἀληθοῦς
866 562 1067 637 μητρὸς
1105 557 1199 615 διὰ
1243 563 1337 619 τὴν
1378 564 1604 634 φυσικὴν
1648 557 1928 633 φιλοστορ-

318 657 442 726 γίαν
499 648 625 707 οὐδὲ
678 655 774 711 τὴν
831 648 991 710 ἀκοὴν
1048 648 1415 723 ἀνασχομένης
1471 656 1564 703 τοῦ
1606 651 1826 711 πάθους.
1869 647 1929 698 Ὀ

324 738 412 797 οὖν
453 737 609 805 εἰδὼς
654 745 744 799 τὴν
784 738 951 800 ἀληθῆ
986 735 1350 809 δικαιοσύνην,
1389 744 1480 793 καὶ
1511 736 1585 793 δι’
1626 739 1756 798 αύτῆ
1770 759 1791 801 ς
1838 734 1930 790 δι-

325 829 554 904 δαχθεὶς
599 833 659 885 τὸ
699 831 885 884 οἰκεῖον
939 827 1206 904 ἀπονέμειν
1253 829 1477 902 ἑκάστῳ,
1509 828 1659 892 οὗτος
1708 824 1932 882 δύναται

322 923 656 976 κατευθύνειν
690 922 750 974 τὸ
806 925 990 995 κρῖμα.
1029 918 1229 994 Ὠσπερ
1285 921 1389 996 γὰρ
1450 920 1477 972 6
1532 918 1751 983 τοξότης
1799 919 1931 993 πρὸς

323 1015 415 1067 τὸν
484 1014 676 1066 σκοπὸν
736 1008 1012 1064 ἀπευθύνει
1075 1012 1134 1063 τὸ
1186 1008 1355 1084 βέλος,
1417 1012 1536 1064 οὔτε
1601 1007 1928 1084 ὑπερϐολαῖς,

328 1106 449 1157 οὔτε
494 1101 801 1174 ἐλλείψεσιν,
845 1103 963 1155 οὔτε
1013 1107 1131 1164 ταῖς
1183 1099 1257 1175 ἔφ’
1304 1100 1523 1177 ἑκάτερα
1567 1107 1934 1176 παρατροπαῖς

330 1191 632 1247 ἀποπλανῶν
674 1195 770 1251 τὴν
808 1191 1007 1256 τοξείαν
1036 1212 1049 1226 ·
1093 1191 1258 1254 οὕτως
1299 1192 1326 1244 6
1376 1195 1558 1267 κριτὴς
1585 1198 1678 1245 τοῦ
1717 1187 1930 1244 δικαίου

324 1281 807 1354 καταστοχάζεται,
880 1283 997 1335 οὔτε
1056 1285 1318 1357 πρόσωπα
1379 1280 1652 1356 λαμϐάνων
1713 1283 1932 1355 (γνωρί-

324 1374 430 1439 ζειν
481 1373 595 1445 (23)
642 1375 743 1448 γὰρ
788 1376 1069 1446 πρόσωπον
1113 1370 1162 1424 ἓν
1221 1377 1392 1448 κρίσει
1454 1371 1514 1425 ού
1565 1371 1764 1440 καλόν),
1815 1374 1934 1426 οὔτε

318 1470 481 1518 ποιῶν
520 1465 657 1515 κατὰ
684 1461 997 1537 πρόσκλισιν
1046 1461 1181 1534 (24),
1233 1460 1341 1516 ἀλλ’
1390 1461 1589 1524 εὐθείας
1637 1466 1727 1514 καὶ
1768 1457 1933 1514 ἀδια-

321 1556 582 1627 στρόφους
621 1550 843 1625 ἕκφέρῳν
882 1554 978 1613 τὰς
1023 1556 1252 1626 κρίσεις.
1310 1555 1412 1606 Καὶ
1468 1548 1567 1606 δύο
1623 1555 1932 1625 κρινομένων

318 1642 445 1718 παρ’
475 1641 635 1714 αὐτῷ,
675 1648 769 1695 τοῦ
814 1660 870 1695 τε
887 1641 1310 1705 πλεονεκτοῦντος
1354 1644 1447 1694 καὶ
1482 1647 1575 1695 τοῦ
1618 1640 1676 1695 τό
1724 1640 1931 1694 ἔλαττον

319 1733 555 1805 ἔχοντος,
625 1731 840 1790 ἕστηκεν
898 1731 924 1783 6
990 1735 1174 1805 κριτὴς
1245 1730 1500 1785 ἂπανισῶν
1567 1730 1755 1794 αύτούς
1802 1733 1933 1805 πρὸς

2036 569 2168 612 cem
2198 557 2610 630 approbabat:
2638 575 2781 617 vera
2801 564 3004 616 autem
3024 563 3219 617 mater
3246 559 3327 616 ob
3355 560 3696 621 naturalem

2036 645 2349 704 caritatem
2377 663 2455 704 ne
2492 648 2722 705 caedem
2767 649 3017 722 quidem
3065 648 3275 706 audire
3314 649 3595 706 sustinuit
3623 650 3692 705 ²⁰.

2039 735 2146 803 Qui
2166 736 2345 808 igitur
2363 739 2531 796 novit
2550 739 2846 812 justitiam
2869 742 3284 813 veram,atque
3310 738 3389 796 ab
3419 755 3493 796 ea
3516 730 3698 796 suum

2039 825 2257 899 cuique
2303 827 2660 886 distribuere
2715 828 2943 898 didicit,
2996 831 3048 885 is
3098 828 3397 901 judicium
3443 816 3699 898 dirigere

2037 919 2253 989 potest.
2296 919 2366 975 Ut
2407 918 2570 975 enim
2613 914 2956 990 sagittarius
2997 918 3269 990 jaculum
3310 918 3389 975 ad
3443 931 3701 992 scopum

2038 1004 2259 1079 dirigit,
2288 1006 2338 1062 si
2365 1022 2565 1081 neque
2586 1008 2904 1081 excedens,
2936 1023 3137 1081 neque
3156 1007 3483 1081 Ldeﬁciens,
3503 1021 3702 1081 neque

2038 1094 2102 1151 in
2129 1095 2478 1153 alterutram
2519 1101 2754 1171 partem
2802 1098 3118 1156 declinans
3165 1114 3202 1155 a
3247 1096 3703 1171 sagittariorum

2040 1189 2166 1242 arte
2194 1185 2470 1254 aberrat;
2493 1186 2783 1259 sicjudex
2803 1186 2883 1244 ad
2910 1187 2974 1244 id
3001 1186 3171 1261 quod
3193 1187 3431 1260 justum
3469 1190 3558 1243 est
3587 1184 3707 1242 col-

2039 1274 2245 1344 lineat,
2297 1276 2347 1333 si
2396 1276 2630 1334 nullam
2677 1277 2901 1335 habeat
2947 1293 3349 1350 personarum
3404 1276 3706 1333 rationem

2042 1367 2395 1439 (personam
2416 1367 2578 1424 enim
2599 1367 2662 1425 in
2683 1367 2912 1441 judicio
2934 1384 3301 1440 cognoscere
3322 1367 3556 1449 bonum
3578 1381 3706 1425 non

2040 1460 2247 1532 est“),
2280 1463 2336 1517 et
2375 1459 2428 1516 si
2455 1459 2517 1516 in
2549 1460 2786 1533 agendo
2829 1460 2996 1518 nullo
3024 1461 3210 1518 modo
3256 1461 3320 1518 in
3358 1460 3706 1517 alterutram

2040 1554 2276 1623 partem
2304 1550 2697 1615 declinet,sed
2740 1551 3005 1624 proferat
3042 1551 3278 1623 judicia
3316 1554 3483 1608 recta
3530 1547 3707 1606 nihil~

2039 1655 2161 1713 que
2183 1639 2416 1714 obliqui
2444 1640 2748 1698 habentia.
2777 1643 2911 1698 Jam
2950 1640 3000 1697 si
3045 1639 3266 1698 fuerint
3288 1639 3412 1696 duo
3450 1638 3530 1696 ab
3570 1639 3708 1712 ipso

2033 1729 2374 1801 judicandi,
2404 1746 2683 1803 quorum
2714 1729 2862 1787 alter
2903 1729 3041 1804 plus
3078 1745 3276 1804 aequo,
3318 1728 3466 1786 alter
3502 1728 3707 1785 minus

321 1818 598 1889 ἀλλήλους,
662 1825 755 1874 καὶ
809 1828 1059 1874 τοσοῦτον
1118 1819 1347 1895 ἀφαιρῶν
1402 1828 1496 1874 τοῦ
1562 1822 1915 1896 ὑπερέχοντος

2037 1819 2278 1889 habeat,
2311 1824 2429 1878 stat
2461 1820 2651 1892 judex
2677 1820 2894 1878 ambos
2938 1821 3092 1878 inter
3138 1836 3205 1878 se
3251 1820 3598 1894 exsequens,
3642 1822 3701 1878 et

319 1911 442 1963 ὅσον
495 1909 863 1984 ἐλαττούμενον
917 1912 1149 1986 εὑρίσκει
1203 1914 1291 1965 τὸν
1349 1907 1718 1985 ἀδικούμενον.
1763 1909 1823 1963 Ὀ
1871 1906 1933 1966 δὲ

318 2003 415 2059 τὴν
482 1996 648 2059 ἀληθῆ
737 1995 1082 2059 δικαιοσύνην
1144 2003 1217 2074 μὴ
1286 2001 1424 2077 ἔχων
1494 2004 1928 2077 προεποκειμένην

319 2088 480 2143 αὐτοῦ
510 2097 574 2163 τῇ
620 2087 799 2163 ψυχῇ,
843 2087 953 2142 ἀλλ’
992 2089 1022 2151 ᾖ
1053 2094 1307 2165 χρήμασι
1345 2086 1734 2164 διεφθαρμένος,
1763 2091 1792 2151 ἣ
1837 2109 1927 2164 φι-

316 2176 407 2251 λίᾳ
441 2178 812 2254 χαριζόμενος,
855 2178 885 2239 ἣ
932 2180 1130 2253 ἔχθραν
1178 2177 1516 2254 ἀμυνόμενος,
1549 2181 1580 2240 ἦ
1615 2177 1927 2234 δυναστείαν

318 2264 742 2341 δυσωπούμενος,
810 2270 869 2321 τὸ
933 2274 1099 2344 κρῖμα
1157 2270 1488 2323 κατευθύνειν
1549 2268 1609 2322 ού
1669 2265 1916 2326 δύναται.

316 2361 455 2433 Πρὸς
509 2357 561 2411 ὃν
610 2357 717 2433 ἐρεῖ
764 2358 790 2412 ὀ
845 2357 1049 2432 ψαλμός
1098 2362 1180 2415 τό.
1222 2359 1284 2413 Εἰ
1327 2357 1532 2423 ἀληθῶς
1569 2361 1675 2435 οῖρα
1713 2357 1925 2415 δικαιο-

316 2450 477 2508 σύνην
572 2447 809 2517 λαλεῖτε,
895 2448 1097 2512 εὐθείας
1173 2453 1381 2524 κρίνατε
1443 2450 1590 2522 (25),
1658 2451 1766 2504 υἱοὶ
1824 2458 1925 2504 τῶν

313 2535 618 2613 ἀνθρώπων.
645 2536 905 2610 Ἔλεγχος
949 2540 1050 2613 γὰρ
1099 2546 1197 2602 τῆς
1246 2546 1340 2592 τοῦ
1380 2536 1592 2593 δικαίου
1642 2535 1925 2604 διαθέσεως

312 2630 344 2688 ἡ
388 2632 507 2705 περὶ
560 2630 621 2682 τὸ
672 2631 863 2703 κρίνειν
913 2627 1154 2704 ὀρθότης.
1194 2627 1347 2683 Ὅθεν
1403 2634 1494 2683 καὶ
1532 2629 1690 2694 αὐτὸς
1726 2634 1922 2706 προῖὼν

313 2714 623 2792 ἁπαγορὲύει
672 2716 832 2790 λέγων
865 2738 879 2752 ·
929 2720 1187 2792 Στάθμιον
1225 2721 1360 2794 μέγα
1412 2723 1503 2774 καὶ
1549 2723 1736 2795 μικρὸν
1781 2721 1918 2794 (26),

312 2803 582 2880 βδελυκτὰ
635 2809 782 2882 παρὰ
841 2811 1036 2882 Κυρίῳ,
1094 2811 1154 2862 τὸ
1209 2813 1329 2883 περὶ
1374 2813 1469 2869 τὴν
1524 2815 1701 2886 κρίσιν
1739 2812 1918 2865 ἄνισον

310 2904 374 2970 τῇ
423 2904 524 2950 τῶν
573 2899 841 2971 σταθμίων
878 2902 1214 2973 προσηγορίᾳ
1262 2908 1627 2975 παροιμιακῶς
1670 2902 1916 2956 αἰνισσό-

315 3005 482 3060 μενος.
521 2985 599 3039 Ού
636 2989 791 3060 μόνον
843 2983 903 3040 δὲ
953 2994 1063 3051 τοῖς
1101 2984 1389 3050 δικάζουσι
1425 2996 1581 3043 τοῦτο
1618 2995 1910 3067 χρήσιμον,

315 3073 441 3128 ἀλλὰ
487 3075 579 3130 καί
625 3083 745 3139 ταῖς
778 3080 899 3151 περὶ
937 3075 1161 3131 ἑκάστου
1200 3087 1301 3131 τῶν
1347 3082 1486 3133 κατὰ
1529 3083 1617 3134 τὸν
1667 3079 1785 3155 βίον
1824 3080 1913 3135 ἐκ-

2038 1913 2273 1968 tantum
2303 1909 2497 1968 aufert
2516 1910 2570 1968 ei
2595 1910 2703 1984 qui
2731 1910 2869 1984 plus
2897 1910 3041 1968 satis
3068 1909 3272 1976 habet,
3302 1913 3604 1983 quantum
3644 1909 3702 1966 ei

2036 2000 2143 2074 qui
2169 2000 2456 2074 injuriam
2477 2000 2730 2074 accepit,
2761 2000 2974 2058 deesse
2997 1998 3418 2073 deprehendit.
3451 1997 3569 2054 Sed
3597 1998 3706 2072 qui

2031 2090 2330 2164 justitiam
2355 2106 2560 2149 veram
2582 2106 2708 2148 non
2728 2091 2933 2161 habet,
2956 2090 3020 2147 in
3039 2092 3248 2148 anima
3278 2105 3391 2147 sua
3421 2088 3588 2164 prius
3615 2089 3704 2146 in-

2035 2181 2235 2252 sitam,
2267 2180 2375 2238 sed
2419 2185 2523 2238 aut
2559 2169 2832 2255 pecuniis
2887 2181 3060 2254 106
3100 2184 3423 2253 corruptus
3452 2183 3562 2250 est,
3596 2183 3702 2237 aut

2034 2270 2312 2331 amicitiae
2338 2271 2517 2338 favet,
2540 2275 2644 2328 aut
2661 2270 3041 2328 inimicitiam
3077 2268 3405 2337 ulciscitur,
3443 2273 3550 2327 aut
3594 2284 3700 2342 po-

2031 2365 2311 2420 testatem
2337 2360 2719 2431 reveretur,is
2730 2360 3030 2433 judicium
3049 2358 3306 2432 dirigere
3326 2374 3452 2416 non
3472 2361 3696 2432 potest.

2034 2452 2141 2511 Cui
2168 2451 2231 2508 in
2256 2451 2494 2525 psalmo
2525 2450 2776 2508 dicitur:
2804 2450 2877 2508 Si
2892 2465 3031 2508 vere
3051 2453 3259 2522 utique
3284 2449 3592 2521 Justitiam
3617 2449 3700 2505 ιο·

2031 2543 2307 2616 quimini,
2330 2547 2492 2598 recta
2505 2540 2803 2613 judicate,
2835 2541 2954 2611 ﬁlii
2981 2539 3286 2598 hominum
3298 2541 3369 2595 ³³.
3403 2538 3697 2596 Indicium

2030 2632 2193 2689 enim
2242 2631 2431 2689 animi
2460 2631 2614 2703 ejus,
2645 2631 2749 2705 qui
2803 2646 2951 2703 erga
2991 2646 3239 2703 aequum
3282 2645 3355 2688 ac
3400 2628 3502 2702 jus
3537 2627 3693 2686 bene

2028 2724 2310 2795 afﬁcitur,
2339 2722 2634 2781 rectitudo
2660 2726 2750 2780 est
2776 2722 2931 2780 inter
2947 2720 3373 2794 iudicandum.
3427 2719 3593 2779 Unde
3635 2723 3692 2777 et

2026 2814 2161 2889 ipse
2180 2814 2243 2872 in
2264 2812 2660 2888 sequentibus
2680 2811 2983 2887 prohibet,
3006 2811 3218 2869 dicens
3241 2827 3256 2869 :
3286 2810 3537 2869 Pondus
3565 2825 3690 2868 ma-

2023 2920 2215 2978 gnum
2238 2910 2295 2962 et
2311 2918 2594 2975 parvum,
2615 2902 3052 2960 abominabilia
3075 2902 3244 2973 apud
3271 2902 3597 2959 Dominum
3612 2901 3683 2969 ³³,

2022 2993 2497 3068 inaequalitatem
2512 2991 2724 3066 judicii
2741 3007 2850 3066 per
2860 2991 3203 3065 ponderum
3214 2990 3686 3064 appellationem

2021 3083 2083 3141 in
2113 3082 2416 3157 proverbii
2437 3081 2687 3139 modum
2709 3080 3231 3139 adumbrans.Nec
3250 3080 3368 3137 hoc
3382 3079 3579 3136 solum
3591 3079 3686 3151 ju-

307 3163 500 3238 λογαῖς.
555 3162 767 3226 Ἐπειδή
826 3186 880 3220 τι
943 3168 1133 3241 ἔχομεν
1187 3169 1314 3244 παρ’
1377 3177 1582 3235 εαυτοῖς
1642 3176 1911 3249 κριτήριον

2024 3173 2368 3243 dicentibus
2392 3172 2536 3230 utile
2564 3175 2673 3244 est,
2698 3170 2805 3229 sed
2825 3170 2987 3228 idem
3008 3170 3241 3228 confert
3259 3168 3439 3227 etiam
3465 3168 3544 3225 ad
3565 3167 3683 3225 sin-

302 3257 542 3328 φυσικόν,
590 3251 664 3309 δι’
717 3253 781 3309 οὗ
829 3257 898 3310 τὰ
951 3256 1085 3311 καλὰ
1129 3264 1231 3310 τῶν
1269 3267 1506 3335 πονηρῶν
1555 3257 1905 3336 διακρίνομεν,

303 3341 584 3416 ἀναγκαῖον
644 3345 770 3417 ἡμῖν
828 3344 880 3398 ἐν
926 3353 989 3418 τῇ
1032 3344 1216 3421 ἐκλογῇ
1279 3356 1381 3400 τῶν
1430 3354 1699 3423 πρακτέων
1748 3352 1909 3429 ὀρθὰς

296 3436 566 3489 ποιεῖσθαι
616 3441 716 3487 τῶν
763 3437 1086 3510 πραγμάτων
1116 3439 1209 3499 τὰς
1248 3433 1544 3514 διακρίσεις
1577 3461 1591 3475 ·
1636 3446 1747 3510 καὶ,
1800 3444 1905 3497 οἶόν

295 3543 417 3577 τινα
456 3519 719 3581 δικαστὴν
764 3526 855 3597 ἴσῃ
897 3529 988 3577 καὶ
1027 3522 1338 3601 δικαιοτάτῃ
1379 3533 1560 3603 γνώμη
1600 3537 1710 3594 τοῖς
1757 3530 1905 3585 ἐναν-

290 3619 421 3674 τίοις
452 3611 798 3688 βραϐεύοντα,
845 3615 1121 3668 πείθεσθαι
1157 3617 1247 3686 μὲν
1275 3624 1339 3690 τῇ
1382 3615 1565 3693 ἀρετῇ,
1604 3617 1904 3675 καταδικά-

295 3703 402 3766 ζειν
459 3698 519 3756 δι
573 3705 670 3761 τὴν
707 3705 890 3755 κακίαν
927 3702 1061 3774 (27).
1117 3704 1240 3757 Οἷον
1293 3712 1508 3781 πορνεία
1561 3714 1652 3762 καὶ
1695 3729 1903 3786 σωφρο-

297 3793 427 3852 σύνη
488 3793 635 3866 παρὰ
696 3793 782 3846 σὸὶ
838 3796 1089 3868 κρίνεται,
1145 3799 1236 3848 καὶ
1273 3794 1473 3868 ὑψηλος
1525 3802 1904 3874 προκαθέζεται

297 3899 392 3935 σου
423 3882 450 3934 6
488 3888 609 3944 νοῦς
645 3886 1051 3956 πεπιστευμένος
1089 3886 1148 3937 τὸ
1180 3881 1527 3962 δικαστήριον
1550 3905 1564 3919 ·
1597 3894 1688 3944 καὶ
1734 3892 1765 3951 ἠ
1811 3896 1903 3966 μεν

293 3967 458 4030 ἡδονή
520 3979 802 4046 συνηγορεῖ
854 3980 916 4046 τῇ
967 3977 1198 4049 πορνείᾳ,
1240 3975 1266 4027 ό
1306 3972 1366 4029 δὲ
1414 3976 1569 4050 φόϐος
1615 3987 1901 4051 τοῦὬΘεοϋ

293 4066 355 4133 τῇ
407 4063 714 4136 σωφροσύνῃ
778 4065 1112 4118 συνίσταται.
1158 4063 1274 4117 Ἐὰν
1321 4068 1412 4139 μὲν
1457 4063 1545 4120 οὖν
1600 4068 1901 4125 καταδικά-

298 4169 392 4224 ay;
430 4154 524 4209 τὴν
563 4150 843 4227 ἁμαρτίαν,
901 4147 1009 4223 δῷς
1048 4148 1108 4206 δὲ
1135 4162 1352 4215 νικῆσαι
1391 4160 1484 4216 τὴν
1534 4164 1897 4237 σωφροσύνην,

295 4238 493 4293 εὐθεῖαν
539 4237 769 4298 ἐποιήσω
810 4244 906 4300 τὴν
935 4246 1110 4317 κρίσιν
1156 4250 1248 4297 τοῦ
1287 4246 1634 4322 πράγματος·
1675 4249 1760 4304 ἐὰν
1817 4250 1896 4326 δι,

295 4335 357 4402 τῇ
416 4324 581 4403 ἡδονῇ
642 4325 766 4392 δοὺς
820 4333 917 4390 τὴν
962 4331 1149 4406 ῥοπὴν,
1187 4340 1569 4414 προτιμοτέραν
1628 4324 1899 4416 ἀποφήνῃς

2017 3263 2195 3337 gulas
2225 3279 2321 3321 res
2346 3262 2411 3320 in
2440 3262 2564 3319 vita
2588 3260 2952 3333 seligendas.
2976 3261 3126 3316 Cum
3156 3259 3318 3317 enim
3339 3257 3680 3315 habeamus

2014 3354 2079 3412 in
2102 3354 2281 3412 nobis
2299 3352 2601 3426 judicium
2630 3351 2945 3426 quoddam
2973 3349 3267 3419 naturale,
3289 3365 3414 3423 quo
3450 3348 3617 3406 bona
3641 3363 3679 3406 ο.

2014 3442 2192 3501 malis
2221 3442 2634 3511 secernimus;
2665 3456 2911 3498 necesse
2939 3439 3121 3499 nobis
3173 3443 3263 3497 est
3306 3439 3370 3496 in
3415 3438 3491 3495 iis
3535 3453 3675 3511 quas

2013 3532 2258 3604 agenda
2286 3536 2427 3589 sunt
2452 3530 2764 3603 eligendis,
2795 3534 2956 3588 recte
3002 3545 3279 3604 quasque
3325 3544 3422 3586 res
3450 3528 3676 3585 discer-

2010 3638 2188 3693 nere;
2230 3625 2309 3687 et,
2335 3621 2512 3694 quasi
2534 3620 2803 3692 judicem
2831 3620 3117 3693 aliquem,
3148 3619 3255 3692 qui
3288 3616 3573 3693 aequabili
3602 3632 3674 3675 ac

2007 3711 2344 3786 justissimo
2389 3710 2595 3768 animo
2625 3709 2701 3766 de
2739 3709 3055 3766 contrariis
3095 3707 3345 3780 judicet,
3380 3713 3509 3765 tum
3549 3707 3670 3764 vir-

2009 3803 2116 3861 tuti
2147 3801 2591 3868 obsecundare,
2621 3805 2752 3857 tum
2780 3799 2985 3856 vitium
3017 3798 3671 3857 condemnare.Exem-

2008 3893 2096 3968 pli
2110 3890 2612 3961 causa,scortatio
2641 3895 2699 3948 et
2718 3888 3010 3964 pudicitia
3030 3889 3196 3963 apud
3224 3893 3281 3945 te
3296 3888 3665 3961 judicantur,

2009 3988 2068 4041 et
2091 3982 2330 4040 excelsa
2372 3985 2476 4038 tua
2521 3996 2697 4038 mens
2745 3979 3048 4053 ejusmodi
3089 3978 3320 4053 judicio
3351 3978 3465 4035 sibi
3495 3994 3666 4036 com-

2007 4073 2199 4130 misso
2228 4071 2545 4146 praesidet;
2604 4075 2786 4144 atque
2831 4068 3137 4143 voluptate
3180 4068 3529 4127 scortationi
3579 4068 3668 4125 fa-

2006 4162 2389 4233 vente,timor
2416 4160 2516 4218 Dei
2545 4159 2859 4234 suppetias
2889 4161 3054 4216 venit
3077 4158 3468 4217 castimoniae.
3495 4158 3669 4226 Quod

2009 4255 2060 4311 si
2097 4254 2388 4311 damnato
2417 4256 2693 4326 peccato,
2722 4250 3040 4307 victoriam
3076 4249 3379 4324 pudicitiae
3406 4248 3665 4319 dederis,

2006 4343 2083 4401 de
2103 4359 2167 4400 re
2193 4342 2554 4399 sententiam
2578 4343 2804 4396 rectam
2835 4339 3017 4396 tulisti
3042 4358 3056 4397 :
3099 4339 3193 4395 sin
3232 4344 3435 4397 autem
3460 4337 3541 4397 ad
3569 4353 3668 4396 vo-

295 4422 388 4478 τὴν
425 4418 707 4494 ἁμαρτίαν,
750 4420 956 4474 σκολιόν
995 4420 1226 4481 ἐποιήσω
1283 4426 1342 4477 τὸ
1394 4433 1578 4501 κρῖμα,
1621 4428 1892 4501 ὑπόδικος,

2031 4437 2300 4508 uptatem
2326 4430 2645 4501 inclinans,
2675 4428 3125 4504 praeferendum
3177 4446 3311 4488 esse
3347 4434 3669 4505 peccatum

292 4510 562 4584 γενόμενος
615 4517 679 4584 τῇ
736 4508 840 4584 ὄιρᾴ
893 4517 986 4564 τοῦ
1042 4510 1274 4576 εἰπόντος
1301 4533 1315 4549 ·
1375 4515 1512 4570 Οὐαὶ
1564 4518 1613 4572 οἱ
1667 4519 1895 4594 λέγοντες

2004 4522 2382 4599 pronunties,
2413 4520 2733 4594 obliquum
2774 4519 2963 4577 fecisti
2990 4519 3312 4593 judicium,
3361 4519 3666 4579 obnoxius

288 4728 289 4733 η
364 4661 413 4697 ³ο
440 4663 510 4718 ΠΙ
533 4661 679 4733 Reg.
704 4679 787 4732 ιιι,
819 4666 887 4720 25
928 4679 1099 4739 seqq.
1177 4665 1223 4702 ²¹
1252 4666 1613 4741 Ριθογζκῐιν,
1639 4673 1730 4729 23.
1807 4677 1858 4713 ²²
1885 4676 1915 4733 F

2032 4719 2044 4732 .
2076 4690 2214 4744 ινιτ,
2245 4676 2319 4730 2.’
2355 4673 2443 4746 ,πμ
2457 4660 2635 4729 Prov.
2665 4686 2767 4742 xx,
2798 4671 2884 4727 10.

366 4814 841 4905 ςὲξοέιξμψξ
870 4831 982 4902 Pro
1026 4818 1298 4905 γνφρίςειν
1328 4819 1558 4905 legitur.
1599 4822 1889 4905 αἰδεῖσθαι,

294 4891 557 4960 revereri
578 4902 902 4960 personam
924 4891 1238 4960 injudicio
1259 4907 1380 4949 non
1397 4891 1495 4951 ’est
1536 4895 1775 4956 bonum.
1794 4891 1901 4956 Eo-

295 4955 638 5038 demusen'su
657 4958 811 5015 alius
829 4955 1122 5038 interpres
1143 4964 1383 5038 scripsit
1402 4955 1898 5038 αἰσχύνεσθαιζὸοᾶ

301 5027 541 5115 Aquila,
560 5029 960 5115 Symmachus
985 5027 1390 5115 ctIheodotio
1410 5027 1638 5098 habent
1662 5027 1900 5115 emas;

305 5116 464 5192 insitio,
487 5110 998 5192 cognoscereetc.
1050 5104 1214 5162 Colb.
1262 5106 1469 5165 tertius
1496 5104 1767 5192 γνωρίζειῦ
1795 5118 1896 5192 ’γὰρ

301 5187 1126 5249 προσωπῖᾳηριᾳηιᾼεορηοεεονε
1151 5193 1463 5249 personas,
1491 5187 1601 5239 etc.

506 5243 696 5325 Ῑςάίῐὶρ
740 5243 928 5325 Paris.
970 5251 1104 5302 κατά
1146 5243 1457 5325 πρόκλησιν,
1491 5254 1672 5313 male.
1702 5255 1900 5315 Editio

296 5312 468 5405 Basil.
497 5318 557 5405 et
581 5315 775 5405 codex
788 5318 955 5405 ‘pliv.
971 5335 1108 5405 cum
1132 5312 1265 5405 aliis
1289 5312 1552 5405 quatuor
1579 5312 1900 5405 magis;

296 5384 500 5466 κλησιν,
529 5388 870 5466 non_multo
895 5391 1276 5466 melius.Reg.
1309 5384 1542 5466 primus
1564 5414 1705 5455 cum
1727 5384 1900 5458 sacro

296 5458 459 5534 textu
487 5459 824 5534 πρόσκλισιν,
856 5462 1103 5534 optime.
1137 5458 1329 5522 Notat'
1353 5466 1440 5522 vir
1460 5468 1902 5528 eruditissimus

296 5529 568 5601 Ductaus,
604 5529 997 5595 emendatum
1022 5533 1204 5592 fuisse
1231 5536 1505 5595 codicem
1534 5541 1682 5599 Oliv.
1709 5542 1773 5601 in
1802 5559 1903 5601 eo-

294 5599 719 5685 quemad-ditam
758 5603 942 5685 fuisse
971 5620 1178 5685 vocem
1210 5608 1542 5685 πρόσκλισιν.

367 5671 479 5743 (25)
509 5675 650 5746 Reg.
678 5676 987 5735 secundus
1015 5677 1229 5755 κρίνετε.

2073 4831 2186 4904 (26)
2220 4825 2956 4907 βάὶιλίομξᾳτίεηστάθμιον
3005 4830 3140 4907 μέγα
3186 4834 3282 4907 καί
3328 4834 3535 4907 μικρὸν,
3576 4850 3669 4888 και

2007 4896 2178 4979 μέτρα
2208 4899 2401 4970 δισσὰ,
2426 4896 2690 4973 βδελυκτὰ
2713 4896 2859 4979 παρᾶ
2889 4896 3088 4979 μυρίῳ,
3378 4896 3669 4979 (flagtium

2007 4972 2061 5032 et
2078 4972 2730 5047 ῥανυιιηιβίηιεῃεαηίε
2753 4972 3671 5047 dupliceat}bominqabitia'apud

2006 5041 2377 5119 Dominum}
2409 5041 2703 5119 sedillud,
2735 5048 2826 5119 καὶ
2862 5047 3026 5119 μέτρα
3048 5041 3237 5115 δισσά,
3266 5045 3433 5119 deest
3456 5048 3517 5105 in
3540 5041 3669 5107 edi-

2007 5118 2169 5175 tione
2201 5115 2379 5174 Basil.
2413 5119 2470 5172 et
2507 5115 2590 5189 in_
2618 5115 2844 5189 nostris
2864 5115 3177 5189 quinque
3203 5118 3514 5176 codicibus
3543 5137 3557 5189 ;
3589 5120 3670 5178 ob

2006 5189 2194 5271 idque
2217 5190 2532 5271 has‘yoces
2556 5185 2923 5271 delevimusi
2935 5185 3335 5271 Pro‘pdduxfré
3354 5185 3670 5271 apudixx

2006 5259 2537 5335 legiturc’cm'eaprg,
2569 5259 2885 5335 immunda
2911 5259 3101 5335 sunt:
3125 5261 3233 5335 sed
3255 5259 3497 5320 lectioni
3517 5266 3672 5322 Basi-

2006 5329 2184 5389 lianis
2211 5331 2373 5389 favet
2401 5329 2674 5400 Vulgata,
2704 5330 2766 5387 in
2794 5346 2920 5403 qua
2944 5329 3027 5387 sic
3048 5330 3594 5401 legimus,Pondus
3614 5344 3673 5396 et

2006 5405 2261 5477 pondus,
2290 5418 2575 5477 mensura
2602 5409 2656 5461 et
2686 5417 2990 5473 mensura,
3022 5407 3349 5477 utrumque
3366 5406 3673 5467 abomina-

2013 5476 2129 5532 bilc
2158 5476 2328 5546 apud
2350 5477 2562 5546 Deum.

2080 5544 2548 5624 (27)'(_‘.olbertini
2575 5545 2701 5624 duo
2724 5544 2965 5624 codices
3008 5550 3364 5624 τῆςῇακίαςε
3408 5552 3673 5624 quorum

2011 5613 2515 5699 unus'aliquanto
2548 5622 2689 5699 post
2724 5617 2909 5675 habet
2958 5613 3327 5696 καταδικὰσης
3368 5613 3463 5686 τῆξ
3505 5621 3672 5699 ἁμαρ.

2012 5693 2152 5763 τίας,
2191 5689 2341 5749 alter
2364 5695 2458 5751 τὴν
2479 5689 2760 5765 ἁμαρτίαν.
