4098 6386
419 353 423 357 ι
448 312 555 370 407
1826 315 1885 374 8.
1925 315 2090 371 BASI]

2210 315 2431 374 MAGNI
3714 334 3822 389 408

446 436 846 494 exsecrationi
875 436 1027 510 ejus.
1076 438 1183 511 qui
1212 439 1400 498 dixit:
1443 441 1537 497 Vae
1582 441 1692 514 qui
1712 441 1911 497 dicitis
1941 454 2090 497 ama-

2211 442 2270 492 τὸ
2300 446 2487 519 πικρὸν
2514 444 2701 517 γλυκύ,
2733 451 2823 501 καὶ
2860 450 2920 501 τὸ
2949 447 3113 520 γλυκυ
3142 454 3328 526 πικρόν
3353 471 3366 486 ·
3409 453 3459 506 οἱ
3494 452 3720 529 λέγοντες
3757 460 3816 515 τὸ

447 543 582 583 rum
614 527 811 597 dulce,
855 533 911 584 et
958 528 1138 585 dulce
1183 544 1459 588 amarum
1494 548 1507 586 :
1541 533 1647 604 qui
1673 531 1872 588 dicitis
1915 531 2105 588 lucem

446 617 741 687 tenebras,
771 622 826 673 et
848 618 1120 676 tenebras
1148 621 1338 678 lucem
1358 623 1428 677 “.

522 708 609 763 10.
644 706 944 772 Quoniam
973 708 1173 778 igitur,
1218 711 1394 782 juxta
1447 711 1648 784 ipsum
1699 712 2106 782 Salomonem,

452 797 856 866 Cogitationes
868 799 1178 867 justorum
1195 801 1435 870 judicia
1452 807 1594 857 sunt
1615 804 1683 865 ³⁵,
1708 818 1895 874 opera
1916 806 2004 858 est
2024 817 2110 858 se-

434 884 596 941 ~dulo
621 884 849 954 danda,
881 893 947 943 ut
988 889 1148 944 intus
1168 889 1230 944 in
1260 889 1466 947 abdito
1512 892 1947 962 cogitationum
1976 891 2109 948 foro

448 978 611 1031 recta
664 974 740 1031 de
794 974 978 1031 rebus
1024 977 1255 1048 judicia
1305 978 1592 1047 feramus,
1650 980 2108 1052 habeamusque

448 1067 716 1119 mentem
740 1064 975 1120 trutinas
1007 1065 1284 1134 similem,
1317 1084 1451 1136 quae
1480 1068 1627 1124 citra
1654 1068 2106 1125 inclinationem

448 1153 635 1209 ullam
664 1153 906 1225 agenda
926 1172 1184 1229 quaeque
1214 1159 1812 1230 appendat.Quando
1842 1159 2103 1231 quodvis

446 1242 808 1299 mandatum
831 1249 887 1300 et
910 1246 1259 1316 oppositum
1277 1247 1330 1303 ei
1351 1248 1562 1304 vitium
1581 1247 1813 1319 judicio
1840 1252 1943 1304 tuo
1973 1262 2104 1319 per-

444 1331 715 1400 mittitur,
756 1332 837 1388 da
879 1333 1189 1390 victoriam
1220 1335 1337 1406 legi
1384 1338 1483 1393 Dei
1509 1342 1718 1393 contra
1759 1342 2097 1410 peccatum.

442 1420 717 1477 Habendi
746 1423 1092 1494 appetentia
1114 1424 1310 1495 major
1331 1430 1389 1482 et
1425 1427 1676 1500 aequitas
1710 1427 2101 1497 judicantur?

439 1512 766 1566 Pronuntia
804 1512 1102 1568 adversus
1160 1514 1498 1572 alienorum
1552 1516 1965 1589 cupiditatem,
2018 1516 2100 1574 da

438 1598 735 1655 calculum
775 1601 1075 1672 potiorem
1108 1604 1331 1660 virtuti.
1364 1606 1664 1662 Dissident
1690 1606 1844 1663 inter
1873 1623 1937 1662 se
1958 1621 2096 1663 con-

432 1687 653 1744 vicium
709 1694 766 1744 et
816 1689 1077 1748 lenitas?
1122 1697 1418 1750 Pudorem
1460 1695 1659 1752 incute
1707 1696 1997 1763 convicio,
2039 1699 2096 1753 et

2215 538 2316 605 φῶς
2347 538 2548 602 σκότος,
2571 540 2663 589 καὶ
2689 540 2748 592 τό
2782 542 2966 600 σκότος
3006 546 3126 614 φῶς.

2287 715 2373 770 10.
2415 715 2555 769 Ἐπεὶ
2606 724 2714 789 οῦν,
2773 719 2890 772 κατ’
2928 719 3086 773 αὐτόν
3144 724 3235 775 τόν
3290 722 3612 798 Σολομῶντα,
3652 732 3817 802 Λογι·

2217 810 2343 877 σμοὶ
2411 803 2632 859 δικαίων
2688 814 2939 882 κρίματα,
2999 806 3145 864 ἔνδον
3221 810 3269 864 ἐν
3342 823 3415 886 τῷ
3481 824 3813 893 κεκρυμμένῳ

2212 902 2313 946 τῶν
2343 895 2608 970 λογισμῶν
2646 904 2900 974 κριτηρίῳ
2942 897 3264 962 σπουδάζειν
3296 908 3408 979 χρὴ
3450 909 3539 967 τὰς
3566 913 3685 981 περὶ
3721 918 3814 962 τοῦ

2212 986 2518 1057 πφάγματος
2592 991 2787 1060 κρίσεις
2862 987 3311 1066 ἀπαρατρέπτους.
3350 998 3654 1064 ποιεῖσθαι,
3725 1004 3817 1052 καὶ

2211 1077 2298 1125 τὸν
2345 1083 2462 1127 νοῦν
2519 1080 2745 1151 τρυτάνῃ
2814 1082 2957 1151 ἔχειν
3004 1088 3372 1154 προσεοικότα,
3427 1084 3642 1148 ἀκλινῶς
3693 1089 3815 1143 ἔκα-

2214 1182 2334 1216 στον
2375 1165 2486 1235 (28)
2526 1176 2625 1218 τῶν
2675 1173 2942 1244 πρακτέων
2992 1171 3437 1243 ζυγοστατοῦντα.
3478 1175 3640 1229 ’Ὁταν
3688 1177 3812 1231 ἐκά-

2212 1273 2309 1313 στη
2371 1254 2544 1315 ἐντολὴ
2603 1260 2746 1333 παρὰ
2786 1263 2870 1312 σοὶ
2930 1264 3064 1335 πρὸς
3116 1267 3209 1321 τὴν
3267 1262 3621 1339 ἀντικειμένην
3676 1267 3809 1341 αύτῇ

2207 1349 2395 1398 κακίαν
2435 1343 2841 1416 διαδικάζηται,
2885 1346 2975 1411 δὸς
3028 1371 3101 1423 τῳ
3157 1356 3295 1426 νόμῳ
3341 1361 3433 1406 τοῦ
3491 1362 3625 1409 Θεοῦ
3675 1359 3813 1411 κατὰ

2206 1444 2302 1498 τῆς
2359 1436 2617 1511 ἁμαρτίας
2666 1440 2733 1491 τά
2786 1445 3085 1515 νικητήρια,
3130 1442 3456 1517 Πλεονασμὸς
3494 1451 3583 1498 καὶ
3632 1446 3809 1509 ἰσότης

2205 1531 2509 1601 κρίνονται;
2570 1526 2800 1601 ἀπόφηνε
2854 1534 2989 1584 κατά
3051 1540 3143 1592 τῆς
3198 1540 3299 1585 τῶν
3355 1532 3634 1608 ἀλλοτρίων
3691 1535 3810 1589 ἐπι-

2208 1618 2414 1691 θυμίας,
2466 1616 2557 1680 δὸς
2601 1624 2696 1678 τὴν
2748 1619 2987 1693 βελτίονα
3041 1622 3213 1695 ψῆφον
3341 1622 3520 1698 ἀρετῇ.
3553 1624 3811 1702 Λοιδορία

2203 1712 2292 1760 καὶ
2358 1711 2696 1783 μακροθυμία
2757 1704 3002 1772 ἀλλήλαις
3063 1711 3566 1784 ἀντικαθίστανται;
3627 1723 3810 1770 καταί-

432 1782 570 1833 ante
581 1794 738 1849 pone
766 1778 1323 1839 lenitatem.0dium
1344 1784 1397 1840 ei
1426 1784 1663 1841 dilectio
1685 1785 2090 1842 contendunt?

2203 1817 2400 1869 σχυνον
2439 1802 2532 1857 τὴν
2587 1796 2876 1876 λοιδορίαν,
2926 1806 3016 1854 καὶ
3071 1808 3398 1878 προτίμησον
3437 1809 3496 1857 τὸ
3534 1808 3808 1881 μακροθυ-

431 1864 582 1922 Illud
606 1866 943 1937 ignominia
976 1870 1282 1939 aﬁ‘ectum,
1314 1889 1503 1946 quam
1549 1874 1901 1946 longissime
1930 1875 2094 1932 able-

430 1960 593 2025 gato,
624 1957 1007 2015 dilectionem
1030 1977 1176 2017 vero
1202 1963 1433 2019 honore
1460 1964 1953 2031 decoratam,tibi
1974 1965 2094 2039 ipsi

428 2044 607 2101 facito
625 2045 1326 2109 familiarem.Simulatio
1342 2057 1401 2109 et
1428 2055 2092 2129 simplicitas,fortitudo

428 2139 488 2191 et
514 2135 823 2206 timiditas,
849 2139 1171 2211 prudentia
1213 2148 1271 2198 et
1312 2143 1578 2209 stultitia,
1606 2147 1834 2217 justitia
1859 2155 1916 2206 et
1943 2150 2095 2222 inju-

429 2224 608 2291 stitia,
644 2226 936 2298 pudicitia
966 2234 1024 2285 et
1051 2229 1447 2305 impudicitia,
1474 2239 1550 2301 et,
1584 2241 1648 2292 ut
1672 2236 1839 2294 brevi
1865 2238 2087 2314 dicam,

427 2313 615 2372 virtus
644 2316 928 2388 quaelibet
948 2335 1088 2375 cum
1108 2321 1381 2393 quolibet
1408 2324 1562 2382 vicio
1581 2327 1878 2397 judicium
1905 2313 2094 2390 subit?

427 2406 590 2461 Tunc
628 2406 811 2477 igitur
849 2408 1219 2479 judiciorum
1250 2415 1670 2474 rectitudinem
1702 2421 2001 2479 ostendito
2031 2423 2093 2480 in

430 2493 667 2551 occulto
699 2496 919 2553 animae
954 2501 1067 2554 tua;
1110 2499 1362 2571 judicio,
1393 2513 1885 2583 praeceptumque
1913 2514 2093 2585 quasi

431 2600 801 2641 assessorem
857 2587 1158 2646 adhibens
1205 2592 1337 2661 tibi,
1383 2595 1605 2652 odium-
1643 2598 1707 2655 in
1757 2603 2093 2674 nequitiam

428 2679 604 2731 tuum
659 2684 1153 2750 commonstrato,
1201 2698 1490 2741 aversaris
1542 2694 1813 2761 peccata,
1844 2693 2093 2751 virtutes

430 2764 778 2836 praeferens.
816 2766 873 2823 Si
903 2769 1063 2824 enim
1094 2769 1243 2828 facis
1273 2778 1338 2829 ut
1368 2774 1431 2830 in
1468 2776 1721 2848 singulis
1751 2781 2091 2840 actionibus

428 2853 676 2911 vincant
720 2856 884 2929 apud
933 2862 989 2914 te
1039 2860 1309 2935 meliora,
1342 2862 1557 2922 beatus
1588 2868 1704 2924 eris
1734 2871 1804 2926 In
1834 2871 1933 2928 die
1956 2873 2088 2943 illa,

431 2958 565 2999 cum
582 2944 890 3015 judicabit
919 2949 1209 3006 Dominus
1254 2955 1493 3011 occulta
1541 2957 1851 3016 hominum
1881 2976 2089 3019 secun-

430 3032 573 3089 dum
604 3034 1009 3107 Evangelium
1039 3046 1338 3113 nostrum,
1368 3046 1833 3115 cogitationibus
1855 3052 2015 3108 inter
2032 3067 2095 3110 se

2200 1907 2316 1960 μον.
2358 1887 2572 1964 Ἐχθρα
2626 1894 2716 1942 καὶ
2764 1889 2986 1963 ἀγάπη;
3045 1897 3139 1951 τὴν
3186 1897 3275 1966 μὲν
3332 1895 3518 1967 ἄτιμον
3558 1901 3805 1969 ποιήσας,

2201 1977 2510 2054 ύπερόρισον
2550 1982 2615 2039 ὡς
2647 1979 2963 2055 πορρωτάτω
2992 2003 3005 2015 ·
3046 1986 3141 2041 τὴν
3183 1980 3242 2036 δε
3281 1982 3490 2055 ἀγάπην
3532 1988 3802 2058 σεμνύνας,

2202 2067 2390 2120 οἰκείαν
2448 2073 2671 2127 ποίησον
2710 2073 2819 2139 (29)
2876 2080 3096 2143 σεαυτῷ.
3157 2072 3459 2147 ’Υπόκρισις
3504 2079 3595 2127 καὶ
3644 2074 3806 2128 ἁπλό-

2199 2177 2311 2225 της,
2391 2155 2585 2234 ἀνδρία
2649 2163 2739 2211 καὶ
2796 2157 2989 2229 δειλία,
3048 2167 3297 2237 φρόνησις
3355 2169 3445 2217 καὶ
3512 2162 3801 2239 ἀφροσύνη,

2202 2244 2516 2308 δικαιοσύνη
2580 2253 2669 2302 καὶ
2727 2246 2932 2318 ἀδικία,
3005 2256 3315 2328 σωφροσύνη
3376 2258 3466 2307 καὶ
3523 2252 3800 2323 ἀκολασία,

2198 2343 2289 2390 καὶ
2336 2339 2596 2391 συνελόντι
2653 2348 2819 2413 φῆσαι
2867 2343 3004 2411 (30),
3051 2348 3201 2395 πᾶσα
3256 2342 3410 2419 ἀρετὴ
3460 2348 3587 2419 πρὸς
3628 2351 3802 2399 πᾶσαν

2199 2432 2387 2480 κακίαν
2437 2426 2826 2498 δαδικάζεται;
2867 2436 2994 2485 Τότε
3038 2428 3105 2491 δὴ
3158 2433 3245 2485 οὖν
3284 2430 3543 2497 ἐπίδειξαι
3581 2438 3675 2493 τὴν
3725 2434 3804 2488 εύ-

2202 2518 2404 2577 θύτητα
2448 2528 2548 2570 τῶν
2596 2523 2881 2595 χριμάτων,
2934 2521 2984 2573 ἐν
3036 2530 3110 2593 τῷ
3155 2532 3370 2598 κρυπτῷ
3416 2543 3509 2577 σου
3556 2533 3647 2585 τῆς
3699 2525 3801 2596 ψυ-

2199 2616 2308 2680 χῆς
2338 2615 2615 2685 κριτηρίῳ,
2649 2615 2739 2663 καὶ
2778 2614 2930 2664 οἱονεὶ
2982 2610 3242 2688 πάρεδρον
3294 2623 3496 2686 σεαυτῷ
3538 2619 3633 2673 τὴν
3667 2614 3802 2668 ἐντο-

2199 2696 2293 2756 λὴν
2330 2702 2699 2773 ποιησάμενος,
2743 2698 2911 2764 δεῖξον
2953 2705 3012 2755 τό
3050 2707 3441 2779 μισοπόνηρον·
3486 2702 3805 2779 ἀποστρεφό-

2201 2808 2345 2862 μενος
2377 2792 2489 2863 ’μὲν
2536 2793 2626 2851 τὰς
2666 2791 2938 2865 ἁμαρτίας,
2989 2794 3283 2868 ὑπερτιμων
3343 2789 3403 2847 δὲ
3456 2796 3547 2855 τὰς
3595 2792 3801 2870 ἀρετάς.

2202 2877 2320 2933 Ἐὰν
2367 2882 2470 2954 γὰρ
2521 2878 2595 2952 ἐφ’
2635 2880 2857 2943 ἑκάστης
2901 2882 3136 2959 πράξεως
3184 2889 3331 2954 νικᾷν
3386 2889 3617 2957 ποιήσῃς
3665 2886 3809 2959 παρὰ

2203 2973 2289 3022 σοὶ
2346 2971 2414 3022 τὰ
2462 2969 2725 3044 βελτίονα,
2783 2975 3038 3048 μακάριος
3095 2976 3189 3047 ἴση
3244 2975 3323 3027 Ἐν
3377 2982 3442 3048 τῇ
3476 2976 3647 3051 ἡμέρᾳ
3685 2972 3810 3027 ἐκεί-

2200 3078 2288 3132 νῃ,
2346 3062 2429 3113 ὅτε
2492 3068 2657 3135 κρινεί
2719 3062 2744 3113 ὁ
2812 3065 2938 3123 Θεὸς
2994 3065 3062 3115 τὰ
3114 3066 3323 3138 κρυπτὰ
3370 3072 3470 3115 τῶν
3528 3062 3809 3138 ἀνθρώπων

431 3128 487 3179 et
510 3126 954 3191 accusantibus,
990 3134 1099 3184 aut
1132 3137 1187 3186 et
1231 3132 1689 3202 defendentibus
1703 3139 1772 3204 ³⁸,
1805 3153 1918 3196 nec
1959 3140 2090 3199 abi-

2200 3151 2338 3202 κατὰ
2400 3153 2459 3202 τὸ
2485 3214 2493 3221 ,
2522 3150 2834 3224 Εὐαγγέλιον
2895 3154 3062 3225 ἡμῶν,
3145 3157 3236 3205 καὶ
3305 3152 3500 3227 μεταξὺ
3580 3152 3808 3211 ἀλλήλων

430 3211 527 3267 bis
548 3213 993 3272 condemnatus
1012 3217 1094 3274 ob
1116 3219 1302 3277 ullam
1327 3222 1408 3278 ad
1431 3225 1595 3281 mala
1613 3226 2088 3288 inclinationem:

432 3301 541 3357 sed
566 3302 808 3373 justitia;
835 3307 1075 3363 coronis
1110 3308 1492 3369 honorabere
1530 3316 1696 3389 107
1728 3317 1951 3390 quibus
1979 3321 2095 3378 vir-

432 3394 621 3447 tutem
650 3407 758 3465 per
785 3410 1030 3452 omnem
1065 3401 1229 3455 tuam
1259 3400 1446 3458 vitam
1497 3407 1905 3464 coronaveris.
1938 3411 2096 3476 Quot

432 3478 599 3537 bona
628 3483 972 3543 conciliabit
1001 3487 1108 3544 tibi
1133 3487 1597 3550 Proverbiorum
1616 3494 1899 3571 liber,qui
1917 3498 2095 3558 docet

433 3573 492 3627 et
509 3586 714 3629 veram
740 3573 934 3633 colere
951 3576 1269 3649 justitiam,
1299 3584 1358 3638 et
1377 3581 1679 3653 judicium
1703 3585 1959 3660 dirigere
1979 3590 2008 3646 ?

506 3862 592 3915 11.
623 3861 855 3934 Ecquid
902 3863 1084 3934 igitur
1128 3865 1222 3923 his
1253 3868 1557 3941 amplius?
1589 3872 1663 3928 Ut
1717 3872 1835 3943 det,
1875 3873 2093 3948 inquit,

430 3950 850 4009 innocentibus
875 3956 1261 4024 astutiam,ac
1277 3974 1464 4028 puero
1474 3963 1695 4031 juveni
1711 3968 1765 4019 et
1783 3980 2017 4021 sensum
2040 3972 2096 4024 et

432 4039 900 4111 intelligentiam
922 4045 992 4099 ³⁷.
1028 4045 1350 4118 Dupliciter
1388 4048 1775 4122 intelligimus
1803 4053 2094 4112 innocen-

431 4127 597 4184 tiam.
622 4132 735 4186 Aut
753 4132 913 4188 enim
945 4135 1280 4206 quamdam
1304 4152 1340 4193 a
1364 4146 1610 4211 peccato
1642 4141 2093 4214 alienationem,

432 4232 570 4289 quas
597 4219 828 4276 ratione
858 4220 944 4290 ﬁt,
988 4223 1439 4295 excogitamus;
1469 4229 1716 4303 vitiiquc
1739 4231 1901 4289 velut
1944 4251 2093 4308 qua-

432 4304 580 4362 dam
604 4306 809 4366 radice
836 4326 944 4384 per
966 4310 1215 4384 longam
1243 4317 1634 4376 attentionem
1662 4304 2091 4399 bonorum—que

2201 3248 2303 3293 τῶν
2362 3240 2628 3314 λογισμῶν
2694 3244 3124 3316 κατηγορούντων
3201 3243 3231 3302 ἣ
3301 3246 3391 3295 καί
3458 3240 3810 3315 ἀπολογουμέ-

2201 3352 2319 3395 νων,
2380 3332 2474 3383 ούκ
2531 3330 2740 3407 ἀπέρχῃ
2807 3329 3322 3406 καταδεδικασμένος
3382 3329 3477 3385 διὰ
3525 3336 3621 3391 τὴν
3681 3335 3808 3405 πρὸς

2201 3423 2269 3474 τὰ
2298 3421 2468 3495 φαῦλα
2493 3423 2679 3498 ῥοπὴν,
2710 3420 2837 3474 ἀλλά
2877 3430 2984 3484 τοῖς
3025 3431 3118 3484 τῆς
3148 3418 3496 3483 δικαιοσύνης
3529 3423 3803 3495 τιμηθήση

2204 3514 2488 3585 στεφάνοις,
2538 3513 2613 3573 οἷς
2663 3515 2808 3587 παρά
2852 3515 3025 3565 πάντα
3082 3514 3190 3585 (3i)
3239 3531 3334 3566 σου
3390 3516 3478 3565 τὸν
3528 3510 3645 3585 βίον
3709 3514 3805 3571 τὴν

2203 3602 2388 3678 ἀρετήν
2446 3600 2824 3675 ἐστεφάνωσας.
2866 3602 3108 3662 Πηλίκων
3164 3621 3250 3655 σοι
3309 3601 3548 3676 πρόξενος
3595 3600 3804 3672 ἀγαθῶν

2198 3697 2475 3765 γενήσεται
2519 3692 2550 3751 ἠ
2599 3690 2777 3764 βίϐλος
2823 3701 2923 3745 τῶν
2972 3699 3292 3766 Παροιμιῶν,
3331 3686 3673 3744 διδάσκουσα
3708 3693 3804 3748 τήν

2200 3802 2256 3836 τε
2295 3781 2462 3856 ἀλῆθῇ
2492 3779 2835 3840 δικαιοσύνην
2865 3786 2954 3834 καὶ
2978 3788 3143 3856 κρῖμα
3170 3781 3534 3848 κατευθύνειν;

2274 3873 2362 3928 ii.
2394 3878 2457 3925 Τὶ
2496 3871 2584 3924 οὖν
2624 3875 2752 3947 πρὸς
2789 3864 2989 3932 τούτοις
3037 3872 3149 3938 in;
3180 3868 3292 3924 Ἵνα
3322 3871 3429 3942 (32)
3471 3867 3569 3942 δῷ,
3622 3874 3804 3944 φησὶν,

2203 3961 2416 4023 ἀκάκοις
2475 3967 2837 4037 πανουργίαν,
2903 3957 3062 4016 παιδὶ
3130 3957 3191 4015 δὲ
3263 3966 3357 4034 νέῳ
3438 3963 3690 4020 αἴσθησίν
3748 3979 3805 4014 τε

2201 4053 2314 4126 xui]
2339 4055 2550 4106 ἔννοιαν.
2588 4056 2804 4123 ςΔιττῶς
2857 4060 3071 4126 νοοῦμεν
3126 4057 3221 4113 τὴν
3275 4051 3515 4129 ἀκακίαν.
3573 4050 3642 4104 Ἠ
3699 4052 3801 4125 γὰρ

2200 4148 2295 4203 τὴν
2349 4141 2449 4195 ἀπὸ
2504 4152 2594 4204 τῆς
2646 4142 2898 4218 ἁμαρτίας
2942 4141 3280 4220 ἀλλοτρίωσιν
3327 4143 3566 4217 λογισμῷ
3617 4160 3804 4216 κατορ-

2203 4235 2473 4307 θουμένην,
2504 4239 2595 4287 καὶ
2635 4230 2729 4287 διὰ
2757 4240 2957 4311 μακρᾶς
3008 4242 3284 4310 προσοχῆς
3320 4239 3411 4288 καὶ
3457 4234 3667 4307 μελέτης
3701 4242 3801 4287 τῶν

2201 4323 2408 4398 ἀγαθῶν
2456 4326 2562 4377 οἷόν
2597 4325 2707 4397 (33)
2756 4344 2872 4377 τινα
2925 4325 3078 4399 ῥίζαν
3118 4332 3209 4386 τῆς
3247 4328 3430 4386 κακίας
3486 4323 3796 4398 ἐκτεμόντες,

432 4395 885 4455 meditationem
898 4402 1204 4471 excisa,ob
1216 4404 1513 4478 integram
1529 4409 1578 4481 ej
1590 4427 1658 4465 us
1669 4394 2088 4485 privationem,

2200 4420 2334 4470 κατά
2383 4420 2630 4492 στέρησιν
2670 4415 2830 4479 αὐτῆς
2871 4415 3093 4474 παντελῆ
3142 4419 3238 4474 τὴν
3275 4422 3367 4468 τοῦ
3407 4413 3605 4467 ἀκάκου
3635 4432 3798 4488 προσ-

429 4483 785 4545 ἱηηοοεηῑὶω
806 4491 1279 4565 appellationem
1296 4497 1629 4572 accipimus
1645 4518 1658 4556 :
1673 4483 1788 4559 aut
1807 4504 1866 4560 in
1876 4520 2090 4563 nocen-

429 4575 513 4633 tia
530 4576 769 4649 dicitur,
792 4595 931 4637 cum
952 4583 1094 4639 mali
1115 4584 1392 4643 nondum
1422 4591 1916 4663 estexperientia,
1947 4611 2087 4654 cum

427 4665 547 4759 sint
564 4668 669 4741 qui
691 4685 855 4743 saepe
875 4671 955 4727 ob
972 4673 1266 4745 puerilem
1287 4681 1525 4735 aetatem
1548 4685 1652 4737 aut
1670 4681 1802 4738 vitae
1828 4683 2086 4759 alicujus

420 4753 766 4815 institutum
784 4759 933 4817 vitia
949 4762 1237 4834 quaedam
1259 4782 1381 4823 non
1404 4753 2085 4850 experiantur.Exempli

420 4846 631 4917 gratia,
665 4863 819 4920 puer
844 4865 970 4906 non
996 4852 1165 4909 novit
1190 4856 1562 4927 superbiam,
1603 4875 1729 4918 non
1772 4865 1938 4922 novit
1979 4846 2084 4924 do-

414 4933 543 4990 lum
574 4940 632 4993 et
656 4935 976 4995 fallaciam.
1011 4942 1240 4998 Rursus
1271 4948 1414 5002 sunt
1454 4946 1559 5019 qui
1604 4950 1729 5006 ruri
1768 4952 2076 5026 degentes,

411 5038 537 5082 non
565 5026 762 5084 sciunt
790 5027 967 5086 dolos
998 5037 1428 5105 mercatorum,
1455 5051 1654 5110 neque
1691 5039 1962 5099 forenses
2001 5044 2076 5101 si-

408 5113 711 5173 multates.
732 5118 843 5185 Qui
863 5119 1013 5177 tales
1033 5125 1193 5191 sunt,
1219 5138 1319 5180 eos
1351 5124 1702 5186 innocentes
1731 5146 2026 5191 vocamus
2052 5153 2066 5205 ;

845 5314 857 5327 .
936 5274 984 5311 ²⁵
1007 5277 1179 5333 Prov.
1212 5292 1308 5348 xu,
1338 5281 1389 5334 5.
1468 5281 1519 5319 ²⁶
1548 5283 1720 5340 Rom.
1754 5300 1815 5352 ιι,
1853 5289 1938 5359 16,
1977 5291 2066 5344 15.

468 5394 575 5471 (2__8)
609 5394 773 5453 Colb.
816 5398 1069 5471 primus.
1102 5402 1318 5459 ἕκαστά.
1364 5406 1495 5464 Mox
1541 5406 1668 5467 duo
1700 5427 1848 5468 mss.
1876 5417 2064 5467 κακίαν

393 5460 429 5517 δ
434 5460 558 5526 ικάζ
560 5460 591 5526 η
598 5486 706 5522 ται.

607 5539 849 5613 Antiqui
870 5547 993 5599 duo
1021 5542 1160 5602 libri
1189 5547 1383 5601 οἰκείαν
1414 5557 1658 5611 ποίησαι.

764 5612 1002 5692 primus
1033 5617 1289 5692 συνελόντι
1324 5623 1499 5692 φάναι.

456 5680 575 5755 (3t)
604 5680 806 5742 Codei
823 5684 989 5744 idem
1025 5690 1150 5765 παρ’
1182 5680 1407 5750 ἅπαντα.
1431 5697 1565 5754 Mox
1591 5696 1656 5755 in
1686 5696 1851 5757 Colb.
1886 5698 2056 5759 tertio

2197 4512 2415 4583 ηγορίαν
2475 4502 2745 4579 δεχόμεθα
2779 4526 2791 4539 ·
2857 4505 2887 4564 ἢ
2954 4502 3149 4556 ἀκακία
3195 4502 3337 4556 ἐστὶν
3393 4505 3425 4562 ἠ
3492 4508 3652 4575 μήπω
3702 4508 3796 4556 τοῦ

2194 4604 2358 4650 κακοῦ
2407 4594 2666 4671 ἐμπειρία,
2715 4591 2808 4648 διὰ
2853 4597 3070 4651 νεότητα
3120 4592 3369 4654 πολλάκις
3414 4593 3444 4652 ἣ
3497 4591 3616 4665 βίου
3656 4595 3796 4654 τινὸς

2194 4684 2533 4745 ἐπιτήδευσιν
2584 4683 2806 4761 ἀπείρως
2854 4691 3004 4737 τινῶν
3050 4686 3178 4756 πρός
3238 4702 3378 4744 τινας
3434 4687 3614 4743 κακίας
3668 4678 3794 4736 δια-

2191 4781 2454 4851 κειμένων.
2507 4776 2630 4829 Οἷον
2698 4778 2724 4829 ὁ
2779 4784 2901 4837 παῖς
2952 4774 3046 4829 ούκ
3103 4770 3243 4829 οἶδεν
3280 4776 3650 4850 ὑπερηφανίαν,
3701 4771 3795 4825 ούκ

2189 4864 2303 4919 οἶδε
2333 4863 2485 4919 δόλον
2531 4870 2623 4918 καὶ
2664 4863 3033 4941 ῥᾳδιουργίαν.
3070 4866 3231 4919 Πάλιν
3270 4865 3376 4920 εἰσι
3402 4885 3532 4926 τινες
3568 4874 3669 4918 τῶν
3697 4869 3792 4924 τὴν
3866 4920 3873 4925 ,

2189 4956 2463 5033 ἀγροικίαν
2512 4956 2812 5025 οἰκούντων,
2865 4956 2959 5010 ούκ
3007 4954 3200 5018 εἰδότες
3237 4960 3328 5019 τὰς
3365 4956 3650 5034 ἐμπορικὰς
3691 4975 3792 5008 κα-

2184 5051 2451 5119 κουργίας,
2504 5042 2629 5098 οὐδὲ
2686 5048 2776 5107 τὰς
2823 5044 2871 5097 ἐν
2913 5043 3247 5122 δικαστηρίῳ
3297 5043 3603 5108 διαπλοκάς.
3663 5049 3793 5107 Τοὺς

2181 5139 2447 5196 τοιούτους
2506 5132 2729 5199 ἀκάκους
2783 5136 3014 5212 λέγομεν,
3085 5137 3259 5210 ούχὼς
3323 5136 3379 5192 ἐκ
3445 5140 3792 5214 προαιρέσεως

2142 5291 2188 5327 ’⁷
2223 5293 2396 5348 Prov.
2429 5306 2471 5361 1,
2504 5293 2556 5347 4.

2174 5431 2288 5488 pro
2312 5416 2497 5492 ἀρετήν
2529 5416 2822 5489 scriptum
2850 5416 3193 5492 invenimus
3229 5417 3431 5490 ψυχήν.
3457 5414 3784 5490 Aliquanto

2170 5493 2315 5561 post
2344 5488 2488 5544 ἱεόὶῐί
2511 5488 2659 5561 γεννή
2671 5508 2748 5541 σεει
2762 5510 2835 5544 αι.
2862 5493 2937 5545 At
2955 5489 3076 5561 duo
3099 5488 3571 5561 mss._7svizo'erui.

2243 5562 2361 5628 (32}
2394 5559 2534 5631 Reg.
2568 5561 2778 5617 tertius
2810 5564 3011 5621 τούτοις
3038 5560 3218 5631 ἐστίν,
3248 5559 3377 5617 Ἵνα.

2243 5634 2359 5705 (33)
2387 5631 2631 5690 Veteres
2656 5632 2778 5691 duo
2799 5632 2937 5690 libri
2962 5634 3137 5688 οἱονεί.
