4098 6384
271 321 374 378 409

1234 318 1524 376 HOMILIA
1560 318 1627 372 IN
1666 314 2070 373 PRINCIPIUM
2105 319 2676 378 PROVERBIORUM.

3537 325 3646 382 410

273 453 368 507 τῆς
396 448 588 505 κακίας
637 446 1081 518 κεχωρισμένους,
1117 441 1222 496 ἀλλ’
1256 447 1325 505 ὡς
1368 447 1526 516 μήπω
1574 441 1641 505 εἰς
1692 449 1873 516 πεῖραν

1992 457 2111 498 non
2133 443 2300 516 quod
2322 444 2629 502 voluntate
2651 462 2687 503 a
2707 445 2938 503 malitia
2960 448 3334 521 secesserint,
3349 448 3451 507 sed
3475 449 3645 523 quod

275 543 368 597 τῆς
409 539 643 608 πονηρᾶς
689 533 838 597 ἕξεως
889 532 1219 606 ἀφιγμένους·
1268 532 1498 595 Ἀκακος
1546 530 1605 585 δὲ
1660 538 1872 607 κυρίως,

276 627 450 686 ὁποῖος
509 620 569 682 ἧν
624 619 812 690 Δαϐὶδ,
874 623 1068 695 λέγων·
1120 623 1249 696 Ἐγὼ
1308 619 1367 676 δὲ
1422 621 1468 674 ἐν
1527 621 1721 696 ἀκακίᾳ
1776 642 1876 696 μου

277 715 593 787 ἐπορεύθην·
645 712 670 765 ὁ
717 715 892 766 πάσαν
945 717 1200 785 πονηρίαν
1251 709 1345 765 διὰ
1391 721 1486 774 τῆς
1534 713 1650 765 κατ’
1691 712 1876 786 ἀρετὴν

278 804 550 867 ἀσκήσεως
601 812 696 866 τῆς
741 803 928 856 ἑαυτοῦ
975 802 1164 875 ψυχῆς
1205 801 1537 869 ἀποστήσας,
1570 803 1625 866 ὃς
1654 807 1743 856 καὶ
1782 811 1878 865 τῆς

277 895 622 968 κληρονομίας
665 901 765 945 τῶν
822 891 1028 964 ἀγαθῶν
1075 891 1332 956 ἀξιοῦται.
1383 898 1524 946 Διότι
1582 895 1769 967 Κύριος
1817 891 1875 945 οὗ

282 990 523 1059 στερήσει
593 985 660 1036 τὰ
728 981 901 1054 ἀγαθά
977 986 1098 1046 τοὺς
1170 987 1542 1058 πορευομένους
1608 982 1657 1035 ἐν
1743 981 1875 1036 ἀκα-

281 1080 370 1148 κίᾳ
396 1076 526 1144 (34).
554 1073 609 1126 Ὀ
640 1081 875 1136 τοιοῦτος
904 1075 1164 1135 πεποιθὼς
1194 1073 1296 1146 ἐρεῖ
1317 1095 1328 1107 ·
1366 1079 1547 1147 Κρῐνόν
1578 1093 1658 1147 με,
1695 1076 1871 1149 Κύριε,

283 1167 360 1218 ὅτι
407 1162 500 1235 ἐγὼ
548 1161 595 1214 ἐν
645 1162 842 1236 ἀκακία
870 1183 970 1236 μου
1004 1163 1284 1239 ἐπορεύθην
1310 1186 1321 1197 ·
1355 1169 1446 1217 καὶ
1475 1164 1628 1217 πάλιν
1649 1185 1660 1197 ο
1695 1166 1875 1238 Κρίνὸν

279 1274 339 1326 με
366 1255 480 1323 (33)
508 1256 642 1305 κατά
671 1258 763 1312 τὴν
797 1249 1139 1312 δικαιοσύνην
1169 1274 1268 1327 μου
1312 1258 1402 1306 καὶ
1439 1255 1574 1306 κατά
1615 1258 1708 1313 τὴν
1741 1252 1875 1306 ἀκα-

276 1348 388 1396 κίαν
417 1362 518 1414 μου
546 1341 622 1394 ἐπ’
642 1341 774 1414 ἐμοί.
811 1343 1209 1418 Χαρακτηρίζει
1241 1341 1299 1397 δὲ
1320 1347 1406 1396 τὸν
1432 1346 1624 1396 ἄκακον
1655 1345 1684 1402 ἡ
1722 1342 1876 1397 ἀπλὸ·

273 1453 365 1494 της
411 1440 504 1484 τοῦ
553 1434 732 1499 ἤθους,
781 1435 838 1485 τὸ
886 1441 1138 1505 γενναῖον,
1173 1437 1230 1486 τὸ
1264 1433 1638 1486 ἀκατάσκευον.
1669 1432 1876 1494 Ὀπνῐος

274 1519 331 1581 ἦν
385 1521 607 1576 Ἰακωϐο
661 1521 997 1591 Ἀπλαστος,
1056 1528 1213 1595 φησὶν
1255 1524 1402 1596 (36),
1459 1525 1613 1576 οἰκῶν
1667 1523 1872 1577 οἰκίανο

271 1615 532 1679 τουτέστι,
557 1620 618 1684 τῇ
655 1611 709 1664 ἐκ
735 1621 830 1685 τῇς
852 1615 1051 1684 φύσεως
1078 1612 1332 1672 ἁπλότητι
1357 1617 1698 1689 κεχρημένος,
1724 1610 1874 1666 cudi»

270 1700 318 1754 ἐν
374 1705 571 1773 τέχνης
619 1700 934 1754 ἐπίπλαστον
996 1711 1187 1776 σχῆμα
1233 1704 1338 1756 οἷον
1381 1711 1725 1779 προσωπεῖον,
1761 1703 1877 1756 ἑαυ-

269 1799 342 1861 τῷ
381 1795 514 1863 πρὸς
569 1795 662 1850 τὴν
704 1800 802 1843 τῶν
844 1790 1262 1863 ἐντυγχανόντων
1321 1792 1523 1852 ἀπάτην
1571 1795 1870 1869 περιτιθείς.

271 1880 529 1934 Ἐνταῦθα
575 1885 751 1953 μέντοι
809 1882 1002 1933 ἄκακον
1055 1885 1186 1935 ἔοικε
1242 1882 1403 1955 λέγειν
1461 1887 1546 1936 τὸν
1601 1883 1875 1958 ἀπειρόκα-

267 1990 376 2037 κον,
412 1970 466 2021 όν
509 1975 599 2022 καὶ
635 1975 821 2044 χρείαν
857 1973 998 2042 ἔχειν
1031 1977 1160 2044 φησί
1202 1980 1298 2034 τῆς
1337 1972 1605 2036 ἐπαινετῆς
1642 1993 1872 2047 πανουρ-

266 2065 405 2132 γίας,
455 2061 538 2111 ἱνα
585 2064 715 2135 πρὸς
761 2069 822 2134 τῇ
876 2059 930 2112 ἐκ
970 2063 1171 2133 φύσεως
1216 2060 1548 2136 ἀκεραιότητι
1598 2069 1688 2116 καὶ
1731 2067 1788 2116 τὸ
1822 2060 1874 2126 ἐξ

269 2150 540 2223 ἐμπειρίας
591 2153 798 2202 συνετὸν
854 2149 1224 2219 ἐπικτήσηται,
1275 2157 1364 2205 καί
1421 2155 1524 2206 οἷον
1578 2153 1716 2226 ὁπλῳ
1772 2161 1874 2209 τινὶ

265 2247 329 2312 τῇ
379 2239 508 2312 καλῇ
563 2244 857 2314 πανουργίᾳ
904 2246 1276 2314 πεφραγμένος,
1329 2239 1632 2306 δυσάλωτος
1760 2253 1875 2308 ταῖς

267 2327 574 2391 ἐπιϐουλαῖς
621 2338 720 2382 τῶν
770 2331 1102 2382 ὑπεναντίωνο
1137 2339 1220 2384 Δεῖ
1266 2334 1389 2405 γὰρ,
1437 2331 1603 2406 οἶμαι,
1653 2337 1740 2386 τὸν
1787 2339 1874 2388 τέ-

265 2419 400 2471 λειον
433 2423 676 2493 φρόνιμον
721 2422 812 2492 μὲν
845 2416 973 2471 εἶναι
1022 2425 1153 2494 πρὸς
1182 2424 1239 2473 τὸ
1286 2420 1500 2493 ἀγαθὸν,
1531 2421 1768 2497 ἀκέραιον
1817 2421 1876 2478 δὲ

267 2513 400 2584 πρὸς
447 2512 505 2562 τό
555 2514 733 2563 κακον.
767 2507 1022 2562 Ἐντεῦθεν
1071 2512 1244 2584 ὧσπερ
1277 2512 1391 2582 (37)
1421 2511 1476 2564 ἐκ
1523 2522 1701 2586 πηγῆς
1739 2534 1876 2576 τινος

269 2598 613 2674 ἀρυέσθωσαν
672 2601 720 2651 οἱ
781 2601 972 2652 οῖκακοι
1029 2605 1144 2659 τὴν.
1193 2601 1466 2662 σώζουσαν
1532 2610 1872 2680 πανουργίαν.

270 2689 428 2764 Ἀνὴρ
487 2690 587 2764 γὰρ
647 2696 938 2762 πανοῦργος
1000 2691 1177 2764 θρόνος
1235 2691 1572 2755 αἰσθήσεως·
1629 2698 1718 2747 καὶ
1772 2701 1877 2748 Πα-

264 2786 482 2854 νοῦργος
550 2775 647 2845 δὲ,
704 2787 875 2830 κακῶν
936 2777 1329 2854 ἐπερχομένων,
1400 2779 1704 2855 ἀπεκρύϐη·
1760 2789 1872 2855 καὶ,

280 2876 324 2920 Ο
369 2864 427 2920 δὲ
460 2869 575 2938 (38)
607 2867 886 2940 φυλάσσων
926 2867 1194 2941 ἐλέγχους,
1227 2876 1656 2946 πανουργότερος.
1693 2863 1874 2927 Ἔστιν

275 2957 365 3008 οὖν
417 2959 445 3015 ἡ
503 2963 797 3032 πανουργία
853 2956 1079 3031 ἐνέργεια
1136 2960 1340 3012 πάντων
1399 2960 1511 3014 κατ’
1577 2961 1874 3022 ἐπιτηευσιν

275 3051 560 3119 τεχνικήνο
619 3049 791 3123 ὥσπερ
852 3050 881 3106 ἡ
941 3053 1236 3124 κακουργία
1293 3051 1323 3109 ἠ
1383 3055 1542 3125 μόνου
1609 3050 1718 3105 ἐστὶ
1783 3060 1874 3106 τοῦ

264 3144 432 3189 κακοῦ
490 3136 730 3210 ἐργασία.
787 3136 927 3190 Ἐπεὶ
992 3134 1078 3192 οὖν
1147 3145 1320 3192 πᾶσαν
1389 3139 1637 3214 ἐργασίαν
1698 3163 1875 3219 παρα-

262 3223 488 3297 δέχεται
530 3228 555 3278 ὁ
600 3235 910 3302 πανοῦργος,
945 3228 994 3280 ἐν
1043 3235 1155 3291 τοῖς
1194 3235 1328 3282 πᾶσι
1374 3227 1435 3283 δέ
1475 3237 1564 3284 καὶ
1603 3235 1667 3285 τά
1709 3233 1877 3305 φαῦλά

264 3314 405 3383 ἐστι,
465 3313 562 3369 δύο
618 3322 862 3389 σημαίνει
918 3319 948 3375 ἡ
1011 3325 1102 3370 τοῦ
1166 3321 1464 3394 πανούργου
1521 3327 1873 3398 προσηγορία.

263 3408 372 3458 Καὶ
425 3404 452 3456 ὁ
505 3407 595 3477 μὲν
654 3404 738 3456 ἐπὶ
793 3403 963 3477 βλάϐη
1024 3405 1203 3480 ἐτέρων
1251 3415 1314 3479 τῇ
1367 3407 1566 3481 ἐπινοίᾳ
1606 3417 1877 3485 χρώμενος

258 3502 368 3547 τῶν
417 3495 620 3567 ἔργων,
676 3498 937 3568 πονηρός·
997 3496 1022 3546 ὁ
1074 3491 1133 3547 δὲ
1186 3494 1449 3559 ἐπαινετὸς
1507 3519 1794 3573 πανουργος
1849 3502 1876 3554 ὀ

263 3583 427 3646 ὀξέως
477 3586 567 3634 καὶ
619 3591 841 3645 συνετῶς
870 3586 928 3634 τὸ
977 3582 1163 3635 οἰκεῖον
1197 3582 1394 3656 ἀγαθὸν
1425 3585 1754 3662 ἐξευρίσκων,
1787 3593 1878 3642 καὶ

263 3675 368 3735 τάς
408 3668 596 3733 δολίως
636 3676 726 3725 καὶ
774 3670 1056 3735 ἐπιϐούλως
1101 3673 1224 3748 παρ’
1265 3673 1445 3748 ἐτέρων
1496 3676 1636 3749 αὐτῷ
1676 3677 1877 3751 βλάϐας

268 3764 698 3836 σκευωρουμένας
753 3757 1186 3836 ἀποδιδράσκων.
1221 3769 1461 3837 Πρόσεχε
1513 3763 1600 3818 οὖν
1648 3765 1879 3844 ἀκριϐῶς

264 3859 343 3922 τῷ
391 3859 488 3914 τῆς
532 3855 854 3924 πανουργίας
907 3851 1123 3924 ὀνόματι
1152 3873 1164 3886 ο
1197 3857 1288 3906 καὶ
1332 3859 1577 3925 γίνωσκε,
1611 3857 1693 3909 ὁτι
1739 3861 1873 3930 μέση

263 3959 350 4002 τις
386 3940 488 4003 ἕξις
530 3943 664 4007 ἔστί,
697 3939 814 3992 καθ’
850 3938 908 3998 ἢν
941 3941 964 3992 ὀ
995 3943 1086 4014 μὲν
1135 3939 1182 3993 ἐν
1233 3943 1527 4017 προθέσεως
1553 3945 1668 4016 (39)
1698 3947 1876 4018 ὑγιοῦς

265 4029 348 4084 ἐπ’
384 4029 596 4102 ὠφελείᾳ
635 4029 817 4082 ἑαυτοῦ
848 4033 938 4081 καί
978 4039 1078 4082 τῶν
1125 4029 1348 4089 πλησίον
1379 4032 1510 4107 αὐτῇ
1550 4039 1878 4110 κεχρημένος

266 4116 578 4187 ἀποδεκτὸς,
603 4121 628 4171 ὁ
661 4116 719 4172 δὲ
747 4118 828 4172 ἐπὶ
851 4118 1022 4195 βλάϐῃ
1060 4128 1161 4172 τῶν
1191 4121 1351 4184 πέλας
1380 4125 1878 4200 μεταχειριζόμενος

267 4209 432 4269 αὐτὴν
475 4213 915 4282 κατεγνωσμένος,
950 4208 1155 4286 ἀφορμῇ
1202 4210 1328 4288 πρὸς
1369 4209 1623 4266 ἀπώλειαν
1667 4223 1739 4287 τῷ
1768 4214 1877 4268 ἐτι-

267 4318 332 4358 τη
342 4294 565 4372 ὃεύματι
594 4303 839 4374 χρώμενο
851 4319 888 4362 ς.

1985 533 2262 590 nondum
2283 534 2561 592 habitum
2583 536 2814 596 malum
2834 536 3055 593 fuerint
3075 539 3325 612 experti.
3349 543 3644 597 lnnocens

1986 628 2188 680 autem
2223 626 2462 698 praprie
2494 632 2606 696 est,
2637 626 2835 699 qualis
2880 633 3009 683 erat
3041 629 3250 696 David,
3287 630 3458 700 cujus
3513 630 3645 688 haec

1987 716 2162 768 sunt:
2194 714 2325 784 Ego
2356 721 2554 772 autem
2587 718 2646 772 in
2678 717 3022 772 innocentia
3062 732 3193 774 mea
3224 718 3600 774 ambulavi"8
3626 737 3640 776 :

1985 803 2090 875 qui
2119 803 2397 860 videlicet
2424 821 2672 862 omnem
2718 805 3053 879 nequitiam
3085 822 3192 879 per
3221 806 3452 862 virtutis
3483 823 3648 865 exer-

1985 892 2332 951 citationem
2359 895 2440 951 ab
2465 897 2671 952 anima
2701 912 2814 952 sua
2843 902 3183 963 amoverat,
3207 897 3310 969 qui
3353 901 3411 953 et
3451 897 3646 953 bono-

1983 997 2119 1038 rum
2137 983 2548 1041 htereditatem
2567 987 2977 1059 consequitur.
2993 988 3282 1042 Dominus
3301 987 3462 1042 enim
3479 987 3645 1042 bonis

1984 1087 2106 1128 non
2143 1074 2411 1142 privabit
2444 1091 2558 1144 eos,
2601 1078 2708 1147 qui
2749 1076 3067 1132 ambulant
3117 1077 3180 1132 in
3219 1077 3566 1133 innocentia
3595 1078 3642 1114 ³9

1986 1161 2269 1235 Quisquis
2321 1165 2628 1236 ejusmodi
2674 1165 2872 1234 fuerit,
2918 1165 3174 1221 ﬁdenter
3211 1165 3479 1221 dicturus
3507 1169 3641 1222 est:

1982 1251 2205 1308 Judica
2250 1269 2360 1321 me,
2395 1255 2662 1322 Domine,
2697 1255 2978 1326 quoniam
3027 1271 3133 1326 ego
3182 1257 3246 1311 in
3294 1255 3646 1311 innocentia

1983 1356 2113 1397 mea
2140 1343 2452 1400 ambulavi
2466 1345 2532 1397 ³ο.
2564 1349 2645 1400 Ac
2677 1344 2894 1400 iterum
2919 1362 2931 1400 :
2955 1345 3177 1401 Judica
3206 1359 3297 1400 me
3315 1344 3644 1400 secundum

1974 1432 2282 1500 justitiam
2313 1449 2526 1504 meam,
2558 1441 2612 1490 et
2652 1435 2982 1492 secundum
3015 1435 3422 1491 innocentiam
3453 1448 3643 1489 meam

1983 1537 2164 1592 super
2182 1524 2353 1580 me“.
2377 1527 2604 1581 Morum
2627 1530 2830 1580 autem
2852 1524 3233 1596 simplicitas,
3250 1522 3644 1595 generositas,

1985 1627 2198 1668 carens
2229 1613 2481 1670 artiﬁcio
2509 1614 2767 1684 indoles,
2793 1615 3106 1670 character
3137 1618 3278 1669 sunt
3307 1611 3644 1668 innocentis

1985 1711 2167 1778 atque
2189 1705 2445 1775 insigne.
2471 1705 2824 1776 Cujusmodi
2849 1709 2976 1761 erat
2994 1703 3205 1760 Jacob:
3227 1705 3388 1760 Fuco
3409 1717 3642 1770 carens,

1913 1810 1954 1864 Β
1983 1796 2196 1869 inquit,
2232 1795 2514 1852 habitans
2535 1796 2867 1851 domum”:
2897 1795 3013 1851 hoc
3039 1800 3150 1862 est,
3184 1799 3358 1849 utens
3383 1791 3646 1848 naturali

1986 1886 2395 1959 simplicitate,
2440 1885 2795 1958 nullamque
2844 1885 3108 1957 speciem
3154 1883 3234 1940 ab
3281 1887 3408 1938 arte
3455 1880 3641 1937 eonﬁ-

1985 1982 2164 2042 ctam,
2189 1975 2367 2048 quasi
2393 1975 2731 2048 quamdam
2759 1975 3011 2046 larvam,
3045 1974 3126 2032 ad
3165 1972 3381 2030 obvios
3422 1970 3646 2045 quosli-

1983 2066 2087 2123 bet
2108 2064 2501 2138 decipiendos
2525 2065 2636 2121 sibi
2658 2065 2772 2137 ipsi
2793 2065 3279 2136 circumponens.
3310 2063 3410 2118 llic
3440 2066 3645 2118 tamen

1981 2156 2370 2212 innocentem
2392 2154 2590 2211 dicere
2611 2155 2848 2211 videtur
2875 2154 3184 2211 hominem
3205 2152 3353 2208 mali
3370 2154 3644 2224 inexper-

1986 2247 2151 2298 tum:
2189 2241 2286 2298 cui
2313 2241 2491 2297 etiam
2526 2240 2819 2297 laudabili
2852 2240 3070 2297 astutia
3099 2255 3254 2312 opus
3285 2253 3419 2293 esse
3449 2236 3552 2302 ait,
3580 2238 3645 2292 ut

1984 2336 2200 2404 praeter
2225 2330 2563 2388 naturalem
2592 2329 3034 2402 simplicitatem
3055 2331 3370 2400 comparet
3398 2340 3644 2399 quoque

1985 2421 2372 2495 prudentiam
2398 2420 2458 2476 in
2486 2419 2902 2493 experimento
2935 2419 3134 2485 sitam,
3166 2417 3454 2489 bonaque
3485 2419 3645 2470 astu-

1987 2513 2068 2568 tia
2096 2510 2272 2584 quasi
2296 2509 2567 2582 quodam
2596 2509 2711 2566 telo
2733 2509 3165 2573 communitus,
3198 2507 3294 2562 vix
3321 2505 3517 2578 possit
3538 2503 3648 2559 ini-

1985 2601 2285 2658 micorum
2305 2599 2536 2656 insidiis
2555 2598 2996 2655 circumveniri.
3014 2599 3258 2670 Oportet
3276 2595 3457 2663 enim,
3474 2598 3642 2667 puto,

1985 2692 2317 2765 perfectum
2350 2690 2566 2752 virum,
2593 2689 2957 2762 prudentem
2990 2687 3240 2759 quidem
3269 2701 3402 2742 esse
3433 2683 3512 2740 ad
3539 2683 3646 2738 bo-

1986 2797 2155 2846 num,
2186 2779 2524 2852 simplicem
2573 2795 2714 2834 vero
2747 2777 2824 2834 ad
2877 2776 3130 2834 malum.
3176 2775 3320 2831 Hinc
3365 2773 3525 2829 velut
3572 2787 3646 2828 ex

1985 2869 2146 2927 fonte
2167 2869 2440 2942 quodam
2460 2869 2744 2925 hauriant
2762 2867 3116 2923 innocentes
3139 2865 3467 2921 salutarem
3487 2865 3647 2919 astu-

1987 2962 2154 3018 tiam.
2199 2961 2301 3016 Vir
2335 2960 2499 3016 enim
2543 2965 2782 3015 astutus
2813 2959 3068 3014 thronus
3098 2962 3183 3013 est
3212 2971 3416 3013 sensus
3438 2955 3506 3010 ³³.
3557 2955 3644 3022 Et,

1985 3053 2262 3118 Astutus,
2295 3050 2473 3106 matis
2521 3047 3101 3118 supervenientibus,
3143 3045 3455 3102 abscondit
3493 3059 3554 3101 se
3573 3043 3644 3108 ³⁸,

1917 3171 1957 3228 c
1990 3144 2077 3208 Et,
2104 3141 2220 3208 Qui
2239 3141 2437 3196 autem
2461 3143 2630 3196 cavet
2653 3137 3164 3207 reprehensiones,
3186 3135 3446 3191 astutior
3475 3133 3643 3189 est”.

1988 3234 2088 3288 Est
2113 3229 2290 3301 igitur
2324 3228 2551 3284 astutia
2572 3227 2636 3284 id
2664 3243 2786 3300 quo
2817 3231 3080 3296 aguntur
3095 3224 3302 3281 omnia
3331 3237 3438 3295 per
3463 3221 3646 3278 artiﬁ-

1988 3320 2217 3377 ciosam
2286 3317 2622 3392 quamdam
2681 3316 3064 3385 industriam,
3120 3311 3647 3387 quemadmodum

1987 3409 2471 3466 maleﬁcium"est
2501 3407 2566 3463 id
2603 3423 2725 3480 quo
2755 3405 2989 3462 malum
3016 3405 3214 3462 solum
3245 3405 3642 3476 perpetratur.

1989 3499 2284 3564 Quoniam
2304 3497 2484 3567 igitur
2504 3496 2659 3552 actio
2678 3495 2876 3551 omnis
2894 3494 2957 3550 in
2978 3498 3244 3551 astutum
3269 3493 3442 3564 108
3465 3489 3648 3563 cadit,

1986 3588 2248 3659 itemque
2279 3587 2364 3642 ita
2389 3584 2677 3641 omnibus
2707 3583 2871 3640 mala
2899 3587 3244 3650 occurrunt,
3275 3581 3398 3637 duo
3425 3579 3648 3650 signiti-

1988 3681 2084 3733 cat
2114 3674 2296 3732 astuti
2331 3689 2576 3729 nomen.
2603 3676 2668 3728 Et
2688 3673 2793 3745 qui
2813 3671 3064 3744 quidem
3082 3671 3146 3726 in
3173 3670 3428 3726 aliorum
3448 3668 3646 3741 perni-

1988 3766 2141 3822 ciem
2163 3763 2404 3820 solertia
2425 3767 2480 3819 et
2502 3761 2752 3819 artiﬁcio
2783 3760 2988 3828 utitur,
3010 3758 3208 3816 malus
3234 3763 3351 3827 est;
3377 3757 3483 3831 qui
3506 3772 3647 3814 vero

1987 3859 2257 3912 actutum
2285 3869 2356 3910 ac
2384 3851 2718 3926 prudenter
2747 3866 2927 3906 suum
2951 3849 3143 3922 ipsius
3172 3848 3406 3905 bonum
3432 3847 3648 3919 depre-

1986 3946 2282 4010 hendens,
2326 3958 2520 3999 noxas
2565 3940 2775 3997 dolose
2817 3955 2888 3997 ac
2927 3939 3212 3995 insidiose
3246 3937 3362 3994 sibi
3405 3935 3484 3993 ab
3516 3935 3648 3992 aliis

1987 4037 2362 4108 praeparatas
2383 4032 2584 4103 evitat,
2609 4034 2699 4086 est
2719 4033 2956 4086 astutus
2977 4027 3154 4084 laude
3175 4027 3416 4098 dignus.
3443 4029 3648 4098 itaque

1989 4124 2068 4182 ad
2094 4139 2309 4180 vocem
2331 4121 2566 4178 astutiae
2598 4119 2874 4175 animum
2903 4117 3216 4186 diligenter
3243 4115 3517 4181 attende;
3539 4130 3647 4170 no-

1987 4213 2265 4286 verisque
2312 4209 2584 4267 medium
2627 4207 2964 4281 quemdam
3012 4223 3142 4263 esse
3187 4205 3486 4271 habitum,
3527 4219 3649 4277 quo

1989 4305 2137 4362 alter
2166 4301 2415 4376 quidem
2448 4300 2670 4358 astutia
2699 4314 2773 4356 ex
2805 4313 2958 4354 sano
2980 4297 3230 4354 consilio
3252 4312 3400 4352 usus
3429 4295 3492 4351 in
3519 4310 3650 4350 rem

269 4404 470 4458 suam,
502 4393 561 4445 et
589 4387 848 4461 proximi
893 4405 1061 4460 usus,
1090 4388 1442 4446 laudandus
1470 4395 1559 4449 est
1583 4410 1595 4449 :
1632 4393 1783 4450 alter
1808 4411 1950 4452 vero
1979 4394 2182 4467 ipsam
2213 4393 2291 4450 ad
2319 4391 2579 4465 proximi
2607 4389 2938 4464 perniciem
2975 4388 3298 4455 adhibens,
3323 4386 3651 4460 reprehen-

272 4478 431 4535 sioni
460 4478 526 4535 ﬁt
554 4477 880 4549 obnoxius,
911 4482 975 4535 ut
999 4478 1105 4552 qui
1133 4479 1434 4538 industria
1459 4499 1569 4540 sua
1596 4499 1707 4541 ceu
1730 4484 2003 4558 quadam
2031 4483 2326 4557 perdendi
2347 4481 2666 4538 occasione
2700 4483 2924 4536 utatur.

349 4607 434 4660 12.
477 4603 692 4680 Πλήρης
722 4599 780 4657 δε
817 4605 848 4662 ἡ
885 4605 1090 4677 ἱστορία
1132 4611 1228 4668 τῆς
1273 4602 1346 4677 ἐφ’
1379 4604 1598 4680 ἑκάτερα
1635 4612 1885 4682 χρήσεως
1923 4611 1967 4665 Ι)

342 4767 390 4803 ει
417 4767 765 4840 ipsalixxv,
802 4769 888 4824 ll.
965 4768 1012 4802 '9
1056 4766 1210 4822 Psal.
1239 4749 1462 4840 Lxxxm,
1510 4770 1592 4824 13.
1671 4768 1720 4804 ³ο
1761 4768 1912 4828 Psal.
1951 4785 2081 4840 xxv,
2118 4775 2166 4827 1.

273 4855 368 4909 xu,
404 4839 496 4895 23.
577 4839 625 4873 ³⁸
664 4841 834 4895 Prov.
878 4854 1049 4905 xxvu,
1100 4843 1180 4894 l2.
1260 4839 1307 4874 ³³
1348 4841 1514 4896 Prov.
1558 4855 1646 4910 xv,
1694 4843 1746 4896 5.

351 4988 464 5070 (3‘4)
503 4988 694 5070 gditio
724 4991 980 5061 utraque
1005 4993 1063 5070 et
1091 4988 1256 5070 Colb.
1276 4987 1604 5070 primuson
1629 4995 1882 5070 στερήσει

278 5061 348 5110 τὰ
395 5057 564 5134 ἀγαθὰ
606 5069 713 5122 τοῖς
762 5057 1126 5134 πορευομένοις
1170 5061 1220 5114 ἐν
1266 5057 1482 5132 ἀκακίᾳ.
1514 5066 1586 5117 At
1629 5057 1770 5130 Reg.
1801 5078 1888 5119 se-

282 5129 518 5207 eundus
569 5136 625 5207 et
683 5129 848 5189 Colb'.
910 5129 1118 5189 tertius
1183 5148 1295 5207 prq
1362 5129 1472 5195 τοῖς
1527 5129 1890 5207 πορευομένοις

279 5200 511 5284 habent
540 5206 661 5284 τοὺς
705 5209 1099 5284 πορευομένους,
1126 5200 1292 5284 quod
1327 5220 1544 5284 sanum
1577 5200 1632 5260 et
1672 5200 1888 5284 verum

270 5272 500 5345 judico.
534 5272 921 5332 Gramm'atic'i
951 5277 1112 5332 enim
1145 5272 1372 5332 docent
1400 5275 1555 5330 duos
1593 5277 1890 5333 accusati-

274 5361 383 5400 vos
411 5361 552 5419 cum
579 5345 778 5402 verbis
803 5347 1081 5419 privandi
1110 5363 1237 5419 non
1257 5363 1392 5403 raro
1423 5347 1691 5418 reperiri.
1719 5348 1885 5404 Colb.

274 5417 587 5494 secundus
629 5419 736 5490 οὐχ
781 5417 1061 5494 ὕστερήσει
1102 5421 1169 5494 τά
1217 5417 1391 5490 ἀγαθά
1442 5417 1556 5494 τοῖς
1597 5425 1884 5494 πορευομέ-

273 5508 402 5556 νοις,
436 5493 570 5544 etc..
606 5489 728 5546 non
757 5489 1099 5558 prohibebit
1140 5489 1294 5546 bona
1329 5489 1797 5546 ambulantibus
1821 5493 1885 5548 in

273 5561 627 5633 innocentia
649 5576 672 5630 ;
700 5577 810 5616 nec
837 5561 1006 5618 aliter
1033 5561 1250 5632 legitur
1274 5561 1449 5633 apud,
1474 5563 1618 5633 LXX.

344 5634 459 5703 (55)
503 5632 656 5688 Editi
688 5637 872 5706 Κρῖνόν
915 5653 997 5706 με,
1033 5631 1208 5709 Κύριε.
1241 5631 1366 5690 νώ(
1394 5631 1608 5690 ultima
1641 5633 1705 5690 in
1734 5649 1883 5692 mss.

2075 4610 2163 4668 t2.
2204 4611 2381 4664 Porro
2433 4606 2688 4678 hujusce
2741 4601 3114 4660 dexteritatis
3159 4617 3278 4658 usu
3325 4600 3508 4674 plena
3562 4601 3653 4656 est

3381 4763 3430 4798 ³³
3471 4762 3648 4818 Prov.

2243 4770 2289 4807 ³³
2332 4766 2488 4826 Psal.
2525 4784 2622 4838 vu,
2656 4771 2708 4824 9.
2787 4767 2834 4804 ³³
2875 4768 3016 4824 Gen.
3057 4779 3184 4832 xxv,
3212 4767 3306 4822 27.

1991 5007 2117 5049 non
2145 4993 2475 5053 invenitur.

2070 5068 2186 5133 (36)
2227 5065 2396 5121 Colb.
2425 5063 2634 5122 tertius
2667 5062 2934 5133 ὈῘΙακὼϐ
2962 5061 3230 5123 ἄπλαστος
3256 5057 3339 5133 ἦν,
3373 5061 3522 5133 φησί.

2221 5136 2371 5193 Editi
2417 5136 2672 5210 Ἐντεῦθεν
2702 5132 2789 5188 οὖν
2830 5137 3024 5210 ὥσπερ.
3057 5133 3208 5210 illud
3241 5128 3344 5210 _oz'{v
3379 5128 3454 5210 in
3493 5128 3652 5187 anti-

1995 5202 2132 5279 quis
2157 5202 2346 5276 deest,
2365 5208 2887 5280 idcircoque‘eam
2916 5202 3197 5261 Voculam
3222 5202 3578 5280 delevimus.

2067 5279 2182 5347 (38)
2227 5275 2374 5336 Editi
2401 5286 2490 5333 καὶ
2514 5283 2572 5332 τό
2603 5275 2676 5331 τό
2709 5275 2786 5334 δέ.
2820 5283 2892 5334 At
2915 5294 3064 5333 mss.
3097 5275 3290 5332 nostri
3319 5290 3533 5331 omnes
3561 5278 3653 5327 καὶ

1995 5351 2031 5423 ὀί
2053 5348 2134 5405 δέ.
2167 5351 2268 5406 Hic
2303 5353 2426 5407 LXX
2457 5349 2848 5423 ριόνέλέγχους
2885 5349 3070 5405 habet
3093 5347 3304 5423 ἐντολάς
3325 5347 3431 5418 qui
3459 5351 3654 5402 custo-

1992 5422 2081 5479 dit
2115 5424 2431 5480 mandata.
2459 5419 2722 5479 Basilius
2740 5419 2985 5478 secutus
3013 5427 3105 5476 est
3135 5419 3436 5492 Aquilam.

2063 5496 2179 5569 (39)
2218 5494 2369 5550 Editi
2416 5494 2472 5569 ἐκ
2513 5498 2883 5569 προαιρέσεως.
2923 5487 3340 5569 rAthuin'que
3392 5505 3537 5569 1138s:
3597 5487 3653 5540 ἐκ

1991 5559 2563 5639 προθέρεωςπεοόβῴ
2589 5559 2770 5639 plane
2802 5559 3119 5639 sententia.
3155 5559 3382 5639 ibidem
3415 5559 3653 5617 Colber—

1991 5633 2099 5694 tibi
2128 5636 2251 5695 duo
2273 5637 2412 5696 libri
2436 5633 2653 5713 ὠφελείᾳ
2681 5635 2892 5697 ἑαυτοῦ.
2932 5634 3086 5694 Editi
3109 5633 3291 5692 αὐτοῦ.
