4098 6384
416 330 515 392 tu
1824 322 1883 381 s.
1922 316 2173 377 BASlLll
2210 318 2430 375 MAGNI
2800 363 2810 372 .
3682 304 3789 373 sui

416 455 674 515 historia
707 453 773 511 in
810 455 1136 525 utramque
1165 451 1424 524 partem.
1451 446 1712 506 Pulchra
1740 449 1827 504 est
1855 443 2078 502 astutia

2199 449 2282 496 τοῦ
2333 437 2766 516 ἐπιτηδεύματος.
2824 440 2966 502 Καλή
3032 443 3329 515 πανουργία
3380 446 3481 493 τῶν
3539 436 3788 515 Ἐϐραίων

418 545 831 615 Hebresorum,
876 542 1004 616 qui,
1061 540 1328 615 deceptis
1358 539 1670 612 Egyptiis,
1732 540 1800 594 ut
1834 535 2079 593 urbium

417 636 805 694 conditarum
827 630 1173 690 mercedem
1202 634 1561 704 receperunt
1582 630 1652 697 ³⁸,
1684 628 1766 685 ita
1794 625 2080 684 materias

419 724 501 784 ad
552 721 1016 782 tabernaculum
1073 719 1553 778 construendum
1608 717 1717 774 sibi
1767 729 2083 789 compara-

417 816 581 874 r‘unt.
611 812 1019 870 Laudabiliter
1048 810 1273 868 astutia
1299 826 1427 866 usae
1457 811 1599 866 sunt
1626 807 1914 876 nutrices,
1944 816 2082 879 quas

420 919 623 963 mares
657 903 1049 960 Hebraeorum
1084 916 1398 957 servavere
1420 901 1488 955 ³⁷.
1521 898 1779 955 Pulchra
1808 901 1898 954 est
1925 898 2082 952 astu-

421 992 503 1052 tia
550 993 859 1064 Rebeccae,
908 1008 1048 1065 quae
1092 989 1579 1050 benedictionem
1623 1002 1916 1057 magnam
1958 983 2082 1041 filio

421 1082 762 1141 conciliavit
779 1083 850 1138 ³⁸.
874 1080 1086 1138 Rahab
1110 1079 1360 1153 pulchre
1381 1078 1490 1136 fuit
1514 1081 1715 1136 astuta
1730 1078 1809 1133 3°:
1832 1073 2084 1149 pulchre

419 1172 633 1231 itidem
664 1171 886 1230 Rachel
903 1172 970 1227 ιθ.
999 1170 1124 1243 llla,
1152 1169 1320 1243 quod
1349 1167 1759 1242 exploratores
1790 1163 2079 1221 servavit:

420 1261 552 1319 hinc
577 1261 745 1336 quod
779 1265 1015 1334 patrem
1041 1259 1290 1332 decepit,
1313 1261 1371 1315 et
1396 1258 1475 1314 ab
1504 1255 1844 1314 idololatria
1869 1253 2084 1311 libera-

421 1352 526 1410 vit.
560 1355 634 1409 At
670 1366 815 1408 vero
859 1349 1206 1407 Gabaonitas
1236 1349 1530 1405 adversus
1569 1346 1863 1404 Israelitas
1900 1358 2084 1417 prave

423 1441 608 1499 astuti
636 1439 913 1497 exstitere
931 1441 1000 1495 ιι.
1034 1438 1186 1496 Mala
1210 1438 1322 1495 fuit
1351 1437 1575 1494 astutia
1604 1433 1948 1504 Absalonis,
1978 1432 2086 1507 qui

424 1529 806 1587 simulatione
847 1527 1146 1604 aequitatis
1192 1527 1436 1601 pellexit
1479 1525 1776 1596 subditos,
1808 1539 1880 1581 ac
1926 1521 2086 1597 patri

421 1618 816 1676 insidiaturus
845 1632 1141 1687 magnam
1169 1616 1485 1673 rebellium
1517 1616 1756 1688 copiam
1798 1613 2082 1685 coegit".

422 1708 969 1783 Repreheuduntur
992 1707 1177 1764 etiam
1208 1706 1459 1780 aliquid,
1487 1706 1657 1780 quod
1683 1703 1926 1761 inierint
1946 1717 2087 1759 con-

2191 536 2688 609 κατασοφισαμίνων
2735 535 2856 597 τοὺς
2921 536 3255 606 Αἰγυπτίους,
3312 534 3404 583 καὶ
3454 532 3541 582 τόν
3592 548 3647 582 τε
3707 549 3792 602 μι-

2193 624 2317 676 σθὸν
2383 629 2480 685 τῆς
2540 622 2790 697 ἐργασίας
2853 630 2954 676 τῶν
3014 621 3205 675 πολεων
3237 622 3352 693 (40)
3405 617 3788 685 ἀπολάϐόντων,

2190 715 2281 765 καὶ
2322 710 2447 777 ὔλας
2501 712 2706 777 ἑαυτοῖς
2731 716 2860 789 πρὸς
2904 717 2999 773 τὴν
3050 716 3246 771 σκηνὴν
3296 712 3790 784 συμπορισαμένων.

2192 801 2496 865 Ἐπαινετῶς
2571 802 3045 881 ἕπανουργεύσαντο
3124 805 3180 855 αἱ
3256 808 3412 876 μαῖαι
3483 800 3791 875 περιποιού-

2191 911 2342 967 μεναι
2405 896 2474 947 τὰ
2546 893 2737 972 οἴῤῥενα
2799 902 2899 948 τῶν
2953 893 3220 969 Ἐϐραίων.
3289 891 3429 950 Καλὴ
3497 893 3794 963 πανουργία

2190 980 2458 1045 Ῥεϐέκκας
2510 988 2605 1043 τὴν
2657 984 2885 1058 μεγάλην
2935 984 3166 1058 εὐλογίαν
3224 990 3296 1054 τῷ
3352 982 3449 1052 υἱῷ
3510 979 3792 1055 προξενούε-

2195 1091 2294 1136 σης
2340 1074 2477 1145 (41).
2556 1074 2737 1139 Καλῶς
2810 1072 3296 1150 ἕπανοφυργιύσατο
3359 1068 3517 1125 Ῥαάϐ
3545 1089 3558 1105 ·
3623 1067 3793 1133 καλῶς

2192 1161 2414 1235 Ραχὴλο
2464 1164 2495 1221 ἡ
2554 1166 2644 1236 μὲν
2696 1166 2814 1226 τοὺς
2868 1167 3236 1226 κατασκόπους
3290 1164 3713 1238 περισωσαμίνη,
3758 1160 3790 1218 ἧ

2194 1248 2253 1306 δὲ
2304 1255 2392 1306 τὸν
2448 1257 2650 1328 πατέρα
2694 1257 3181 1327 κατασοφισαμένη,
3229 1256 3321 1305 καὶ
3372 1259 3467 1313 τῆς
3525 1246 3797 1303 εἰδωλολα-

2192 1345 2367 1417 τρείας
2428 1341 2841 1417 ἐλευθερώσασα.
2911 1349 3157 1418 Πονηρῶς
3216 1340 3795 1415 κατιπανουργεύσαντο
3902 1370 3913 1379 -

2192 1435 2311 1494 τοὺς
2355 1431 2687 1507 Ἰσραηλίτας
2739 1436 2788 1487 οἱ
2835 1433 3178 1489 Γαϐαωνῖται.
3237 1432 3448 1507 Πονηρά
3502 1433 3799 1503 πανουργία

2193 1529 2287 1576 τοῦ
2359 1521 2702 1596 ’Λϐεσσαλὼμ
2773 1521 2821 1577 ἰν
2888 1528 3135 1597 σχήματι
3200 1521 3472 1583 ἕπιεικείκς
3532 1522 3800 1593 ὑπαγομέ-

2193 1631 2282 1666 νου
2304 1614 2415 1685 (42)
2444 1616 2563 1674 τοὺς
2610 1614 2893 1681 ὑπηκόους,
2934 1618 3025 1666 καὶ
3067 1612 3260 1674 πλῆθος
3309 1610 3616 1665 ἀποστατῶν
3680 1628 3802 1663 συν-

2196 1705 2536 1779 αθροίσαντος
2585 1701 2652 1764 εἰς
2704 1701 2981 1762 ἐπιϐουλὴν
3010 1709 3104 1755 τοῦ
3160 1705 3378 1776 πατρός.
3431 1698 3801 1772 Ἐγκαλοῦνται

424 1797 627 1857 silium
668 1802 935 1855 astutum
983 1803 1041 1856 et
1077 1797 1415 1869 malignum
1450 1796 1513 1854 in
1550 1795 1848 1870 populum
1889 1793 1989 1849 Dei
2014 1795 2083 1851 ⁸³.

2199 1789 2258 1846 δέ
2294 1812 2447 1860 τινες,
2477 1794 2542 1854 ὡς
2582 1796 2676 1845 καί
2718 1792 2806 1845 ἰπὶ
2861 1795 2950 1845 τὸν
2978 1791 3099 1845 λαὸν
3129 1798 3221 1844 τοῦ
3270 1798 3403 1845 Θεοῦ
3441 1807 3800 1862 καταπανουρ-

425 1890 720 1945 Caeterum
758 1888 874 1944 hoc
915 1887 1052 1945 loco
1083 1887 1391 1954 astutiam,
1422 1901 1559 1959 quae
1593 1884 1810 1941 utiliter
1838 1883 2088 1941 adhibe-

423 1980 544 2048 tur,
576 1977 882 2050 Scriptura
909 1977 1148 2051 probat,
1180 1992 1320 2033 cum
1348 1976 1423 2032 sit
1450 1975 1629 2048 quasi
1667 1978 1978 2031 armatura
2007 1972 2087 2029 ad

425 2066 565 2124 vitae
604 2066 871 2138 negotia,
912 2070 1093 2139 atque
1137 2080 1244 2139 per
1285 2065 1548 2138 seipsam
1591 2064 1832 2121 animas
1857 2062 2090 2136 simpli-

429 2155 660 2212 ciorum
710 2155 1105 2212 communiat.
1147 2157 1300 2214 Nam
1345 2155 1506 2212 hanc
1554 2153 1836 2210 astutiam
1884 2152 1935 2208 si
1980 2152 2089 2209 ha-

427 2240 660 2302 buisset
719 2247 864 2318 Eva,
910 2244 1204 2318 serpentis
1263 2243 1417 2301 dolis
1472 2243 1684 2300 seduci
1737 2257 1860 2299 non
1915 2242 2089 2299 facile

425 2333 739 2408 potuisset.
789 2337 1182 2390 lnnocentem
1232 2332 1437 2404 igitur,
1485 2332 1613 2408 qui,
1659 2331 1829 2405 quod
1885 2330 2092 2389 credat

430 2424 700 2481 sermoni
742 2422 915 2480 facile
947 2426 1149 2480 mente
1180 2422 1606 2496 corrumpitur,
1629 2420 1904 2478 doctrina
1931 2421 2090 2492 ejus—

428 2511 602 2570 modi
627 2512 821 2569 munit
849 2516 907 2569 et
950 2512 1343 2570 corroborat:
1374 2511 1675 2584 siquidem
1717 2510 1952 2568 astutiae
1980 2509 2093 2567 uti-

428 2601 658 2661 litatem
690 2618 800 2659 ceu
829 2602 1148 2676 quoddam
1179 2603 1258 2661 ad
1303 2603 1443 2661 vitae
1484 2603 1727 2675 negotia
1769 2602 2090 2677 adjumen-

429 2697 561 2753 tum
589 2694 645 2752 ei
672 2693 958 2768 impertit.

506 2886 594 2941 t3.
636 2884 1029 2957 Consequens
1056 2884 1145 2940 est
1185 2885 1252 2940 ut
1292 2882 1748 2941 consideremus
1777 2879 2091 2957 quomodo

431 2987 624 3047 puero
648 2972 859 3045 juveni
891 2972 993 3030 det
1021 2988 1271 3030 sensum
1300 2976 1359 3030 et
1393 2972 1854 3044 intelligentiam
1875 2974 1944 3030 δ”.
1972 2973 2092 3027 Du-

429 3060 572 3136 plex
602 3077 742 3119 cum
772 3061 846 3119 sit
871 3061 1079 3135 homo,
1110 3065 1176 3118 ut
1206 3063 1287 3119 ait
1311 3061 1632 3133 Apostolus
1654 3063 1722 3131 ⁸⁵,
1753 3078 1914 3119 unus
1934 3064 2095 3119 exte-

430 3150 575 3221 ri’or,
622 3150 870 3208 interior
922 3151 1109 3221 alter;
1158 3166 1409 3208 necesse
1453 3149 1632 3208 nobis
1691 3155 1797 3224 est,
1854 3155 2091 3208 aetatem
2131 3170 2173 3228 ο

431 3240 634 3313 etiam,
664 3244 792 3297 tam
815 3241 1155 3298 secundum
1185 3257 1327 3298 eum
1357 3242 1464 3314 qui
1489 3241 1877 3314 conspicitur,
1902 3256 2093 3314 quam

432 3330 772 3387 secundum
812 3345 952 3387 eum
982 3332 1087 3404 qui
1114 3330 1177 3387 in
1207 3330 1445 3388 occulto
1474 3331 1841 3403 intelligitur,
1870 3330 2094 3404 pariter

432 3419 496 3477 in
522 3425 777 3494 utroque
807 3422 1102 3495 accipere.
1128 3420 1331 3478 Dicere
1361 3425 1564 3479 autem
1596 3437 1854 3496 puerum
1883 3435 2095 3478 recens

432 3513 649 3567 natum
669 3510 1046 3583 corporalem
1074 3526 1319 3567 sensum
1336 3511 1624 3585 recipere,
1644 3511 2095 3585 propemodum

434 3601 627 3657 risum
647 3605 868 3658 movet.
895 3602 1083 3667 Quem
1110 3602 1273 3658 enim
1294 3618 1544 3659 sensum
1563 3601 1768 3673 largiri
1786 3606 1984 3676 potest
2001 3601 2096 3659 hic

432 3686 606 3760 liber,
639 3703 781 3745 cum
807 3693 865 3747 et
893 3688 1089 3762 visus,
1121 3693 1179 3747 et
1208 3689 1469 3757 auditus,
1501 3693 1560 3747 et
1597 3689 1877 3758 olfactus,
1899 3694 1957 3747 et
1986 3705 2096 3761 gu-

435 3780 586 3848 stus,
613 3782 669 3835 et
698 3782 893 3836 tactus
922 3779 1127 3837 statim
1151 3780 1479 3837 nobiscum
1499 3778 1777 3843 edantur,
1797 3794 1910 3835 nec
1930 3793 2098 3835 acce-

433 3864 583 3923 dant
604 3881 678 3923 ex
695 3866 992 3937 doctrina,
1017 3868 1122 3925 sed
1145 3884 1252 3941 per
1270 3869 1383 3925 hos
1406 3872 1624 3925 natura
1644 3867 1872 3924 animal
1893 3866 2096 3924 absol-

432 3956 584 4019 vat?
614 3957 815 4029 Neque
841 3957 1023 4027 igitur
1049 3974 1204 4031 puer
1240 3957 1631 4030 corporaliter
1667 3955 2097 4028 intelligendus

434 4048 548 4125 est,
577 4060 775 4118 neque
804 4045 963 4102 ullus
992 4062 1208 4103 sensus
1234 4063 1308 4104 ex
1337 4049 1743 4105 enumeratis:
1770 4048 1875 4105 sed
1905 4046 1981 4103 de
2010 4046 2097 4103 in-

435 4134 652 4190 teriore
674 4133 924 4191 homine
946 4136 1316 4209 accipiendae
1347 4141 1551 4194 aetates
1578 4141 1737 4194 sunt.
1769 4135 2095 4193 Didicimus

436 4220 600 4279 enim
642 4222 706 4279 in
736 4223 938 4280 multis
970 4226 1285 4300 Scriptura;
1315 4225 1481 4299 locis,
1510 4227 1843 4300 quemdam
1875 4227 2095 4283 animae

436 4315 664 4369 statum
684 4312 976 4386 puerilem
997 4331 1148 4384 esse,
1164 4315 1347 4372 alium
1367 4331 1496 4373 esse
1518 4316 1795 4388 ejusdem
1819 4316 2090 4390 vigentis,

436 4401 625 4460 alium
651 4403 783 4475 jam
815 4403 997 4461 senis.
1032 4403 1206 4462 Verbi
1231 4421 1440 4476 causa,
1472 4407 1558 4463 uti
1589 4422 1626 4464 a
1655 4407 1838 4463 Paulo
1868 4407 2093 4463 fuimus

2194 1884 2507 1955 γευσάμενοι
2547 1887 2778 1956 γνώμην.
2810 1880 3063 1937 Ἐνταῦθα
3108 1886 3283 1955 μέντοι
3337 1884 3431 1939 τὴν
3461 1878 3538 1933 ἔπ’
3587 1878 3801 1952 ὠφελείᾳ

2194 1970 2730 2049 παραλαμϐανομένην
2814 1976 3135 2046 πανουργίαν
3202 1972 3227 2024 ό
3312 1969 3460 2042 λόγος
3536 1967 3796 2043 ἐγκρίνει,

2196 2066 2349 2117 οἱονεὶ
2386 2062 2540 2115 ὅπλον
2582 2059 2743 2115 οὖσαν
2780 2066 2911 2137 πρὸς
2949 2064 3017 2115 τὰ
3060 2068 3151 2115 τοῦ
3201 2060 3323 2136 βίου
3369 2061 3677 2136 πράγματα,
3708 2060 3800 2109 καὶ

2197 2151 2501 2228 ὀχυροῦσαν
2547 2148 2618 2205 δι’
2665 2152 2849 2214 ἑαυτῆς
2900 2154 2994 2216 τὰς
3040 2151 3222 2225 ψυχὰς
3268 2158 3367 2204 τῶν
3415 2148 3799 2221 ἁπλουστέρων.

2197 2242 2258 2297 Εἰ
2293 2245 2395 2318 γὰρ
2445 2238 2558 2315 εἶχε
2604 2245 2698 2302 τήν
2748 2246 3069 2319 πανουργίαν
3114 2244 3309 2299 ταύτην
3360 2241 3391 2299 ἠ
3442 2241 3568 2307 Εὕα,
3610 2236 3704 2290 οὐκ
3741 2234 3801 2288 ἂν

2200 2332 2448 2395 εὐάλωτος
2495 2333 2722 2408 ἐγεγόνει
2762 2340 2876 2395 ταῖς
2924 2330 3151 2394 ἀπάταις
3195 2337 3288 2385 τοῦ
3342 2333 3518 2403 ὄφεως.
3564 2330 3664 2381 Τὸν
3715 2322 3803 2379 οὖν

2199 2423 2413 2491 ἄκακον,
2447 2426 2534 2476 τὸν
2577 2419 2673 2476 διὰ
2717 2424 2777 2475 τὸ
2814 2423 3077 2476 πιστεύειν
3123 2424 3280 2474 παντὶ
3325 2418 3460 2491 λόγῳ
3503 2415 3708 2470 εὔκολον
3738 2414 3804 2477 εἰς
3909 2473 3919 2480 ,

2200 2517 2259 2566 τὸ
2301 2515 2561 2589 φθαρῆναι
2607 2515 2674 2566 τὰ
2718 2517 2975 2586 νοήματα,
3018 2511 3211 2586 ὀχυροί
3255 2511 3287 2569 ἠ
3342 2511 3651 2583 προκειμένη
3713 2502 3805 2560 δι-

2202 2599 2486 2671 δασκαλία,
2531 2604 2637 2656 οἷον
2695 2606 3013 2675 συμμαχίαν
3062 2601 3203 2672 αύτῷ
3244 2602 3374 2675 πρὸς
3417 2601 3485 2651 τὰ
3534 2603 3626 2651 τοῦ
3680 2595 3803 2670 βίου

2198 2694 2490 2767 πράγματα
2535 2696 2628 2752 τὴν
2678 2690 2733 2745 ἐκ
2776 2698 2871 2755 τῆς
2917 2694 3239 2765 πανουργίας
3286 2687 3527 2762 ὠφέλειαν
3574 2703 3805 2762 παρεχο-

2199 2785 2325 2856 μίνη
2336 2825 2349 2839 .

2276 2877 2361 2930 13.
2401 2871 2547 2936 Ἑξῆς
2572 2870 2712 2926 ἐστιν
2743 2869 3151 2944 ἕπισκέψασθαι,
3183 2876 3290 2932 πῶς
3317 2863 3477 2923 παιδὶ
3513 2870 3607 2940 νέῳ
3630 2861 3802 2920 δίδω-

2203 2983 2287 3017 σιν
2336 2965 2588 3022 αἴσθησιν
2618 2966 2707 3015 καὶ
2736 2964 2954 3018 ἔννοιαν.
2979 2956 3190 3021 Ἐπειδὴ
3233 2957 3448 3020 διπλοῦς
3477 2958 3504 3011 ὁ
3533 2958 3804 3034 ἄνθρωπος

2201 3054 2271 3117 ὥς
2314 3073 2472 3127 φησιν
2506 3053 2533 3105 ὁ
2570 3051 2917 3114 Ἀπόστολος·
2967 3052 2993 3105 ό
3039 3053 3129 3125 μέν
3175 3068 3253 3112 τις
3299 3049 3477 3113 ἔξωθεν
3534 3048 3622 3115 ὢν,
3669 3048 3695 3100 ὃ
3745 3042 3805 3099 δὲ

2201 3138 2427 3211 ἔνδοθεν,
2460 3143 2595 3196 κατά
2632 3160 2688 3196 τε
2732 3144 2818 3195 τὸν
2864 3142 3137 3218 ὁρώμενον,
3166 3142 3258 3193 καί
3299 3139 3435 3191 κατὰ
3453 3138 3591 3209 (42')
3625 3138 3712 3189 τὸν
3752 3134 3803 3188 ἕν

2200 3241 2274 3305 τῷ
2323 3239 2539 3309 κρυπτῷ
2587 3235 2879 3306 νοούμενον,
2913 3230 3113 3304 ἀνάγκη
3155 3231 3295 3304 ἡμᾶς
3323 3231 3414 3281 καὶ
3460 3230 3529 3281 τὰ
3567 3233 3665 3289 τῆς
3693 3225 3806 3284 ἧλι-

2202 3326 2320 3386 κίας
2373 3321 2447 3396 ἐφ’
2499 3321 2748 3398 ἑκατέρων
2800 3320 3184 3396 παραπλησίως
3237 3316 3534 3392 λαμϐάνειν.
3588 3319 3658 3371 Τὸ
3715 3317 3804 3389 μὶν

2203 3408 2292 3467 οὖν
2342 3411 2507 3485 λέγειν
2553 3414 2641 3465 τὸν
2695 3409 2936 3485 ἀρτιγενῆ
2996 3406 3170 3464 παῖδα
3225 3409 3476 3467 αἴσθησιν
3528 3403 3806 3479 λαμϐάνειν

2206 3507 2511 3576 σωματικὴν
2556 3501 2616 3554 ού
2662 3499 2839 3577 πὸρῥω
2892 3498 3006 3554 ἐστὶ
3052 3506 3144 3553 τοῦ
3201 3498 3421 3572 γελοίου.
3478 3499 3648 3550 Ποίακ
3705 3496 3804 3571 γὰρ

2202 3600 2303 3646 τῶν
2356 3592 2656 3651 αἰσθήσεων
2709 3594 2740 3650 ἠ
2797 3589 2975 3664 βίϐλος
3030 3590 3369 3665 χαρίσασθαι
3425 3582 3668 3655 δύναται,
3717 3589 3808 3638 καὶ

2204 3681 2385 3754 ὄψεως,
2435 3685 2526 3734 καὶ
2564 3679 2746 3747 ἀκοῆς,
2792 3683 2882 3732 καὶ
2926 3678 3251 3754 ὀσφρήσεως,
3290 3679 3382 3729 καὶ
3431 3678 3678 3748 γεύσεως,
3718 3678 3809 3729 καὶ

2204 3771 2343 3843 ἁφῆς
2409 3771 2562 3831 εὐθὺς
2631 3771 3155 3841 συναπογεννωμένων
3216 3769 3382 3840 ἡμῖν,
3438 3769 3529 3818 καὶ
3592 3766 3688 3818 οὐκ
3752 3764 3807 3819 ἐκ

2206 3856 2561 3920 διδασκαλίας
2615 3861 3072 3932 προσγινομένων,
3127 3855 3255 3909 ἀλλὰ
3306 3864 3396 3918 τῆς
3463 3858 3663 3930 φύσεως
3713 3852 3810 3909 διὰ

2203 3951 2399 4004 τούτων
2445 3946 2845 4021 ἀπαρτιζούσης
2873 3949 2932 4000 τὸ
2986 3946 3151 4015 Cauno;
3185 3949 3319 4000 Οὔτε
3357 3944 3444 3999 οὖν
3490 3943 3664 3999 παῖδα
3707 3964 3807 3999 σω-

2203 4046 2434 4113 ματικῶς
2497 4041 2742 4106 νοητέον,
2780 4040 2895 4089 οὔτε
2952 4038 3202 4095 αἴσθησιν
3262 4040 3387 4110 μίαν
3447 4038 3641 4090 τούτων
3703 4042 3805 4087 τῶν

2204 4129 2677 4204 ἀπηριθμημένων,
2742 4126 2849 4181 ἀλλ’
2911 4126 2997 4181 ἐπὶ
3060 4131 3148 4181 τὸν
3206 4130 3308 4182 ἔσω
3374 4129 3644 4203 ἄνθρωπον
3711 4129 3804 4190 τὰς

2202 4219 2407 4281 ἡλικίας
2472 4217 2841 4292 μεταληπτέον.
2907 4212 3302 4291 Ἐδιδάχθημεν
3367 4219 3468 4291 γὰρ
3533 4215 3804 4289 πολλαχοῦ

2201 4318 2294 4374 τῆς
2348 4316 2553 4387 Γραφῆς
2604 4312 2694 4362 καὶ
2744 4304 3001 4367 παιδικὴν
3054 4310 3379 4361 κατάστασιν
3430 4315 3522 4369 τῆς
3576 4306 3801 4381 ψυχῆς·

2202 4405 2293 4454 καὶ
2343 4398 2500 4458 ἄλλην
2549 4395 2919 4472 ἀκμαστικήν·
2965 4401 3055 4450 καὶ
3115 4396 3272 4456 ἄλλην
3329 4393 3437 4457 ἤδη
3487 4395 3803 4475 πρεσϐύτου.

438 4491 726 4562 edocti“,
763 4493 937 4567 pueri
975 4499 1147 4552 erant
1188 4494 1494 4568 Corinthii,
1541 4495 1889 4570 idcircoque
1938 4495 2086 4553 lacte

2204 4490 2349 4557 Οἷον,
2401 4491 2470 4551 ὡς
2517 4489 2661 4565 παρά
2706 4486 2913 4541 Παύλου
2960 4488 3347 4562 μεμαθήκαμεν,
3375 4489 3426 4540 οἱ
3473 4486 3520 4540 ἐν
3576 4490 3806 4563 Κορίνθῳ

436 4582 640 4641 adhuc
686 4584 772 4641 eis
814 4599 968 4657 opus
1005 4590 1153 4655 erat,
1181 4585 1473 4658 primaria
1516 4586 1736 4643 scilicet
1774 4590 1833 4644 et
1860 4586 2093 4661 simpli-

437 4672 596 4730 ciore
624 4672 930 4744 Evangelii
950 4673 1248 4745 doctrina,
1276 4690 1415 4731 cum
1447 4674 1703 4731 solidam
1735 4676 2093 4746 dogmatum

436 4774 647 4819 escam
694 4762 973 4819 nondum
1004 4762 1276 4834 digerere
1304 4769 1575 4837 possent.
1620 4764 1967 4821 Alolescens
1993 4776 2098 4822 au-

437 4857 560 4911 tem
582 4852 789 4910 animo
810 4857 915 4925 est,
936 4853 1043 4927 qui
1074 4870 1324 4927 prorsus
1346 4855 1632 4911 omnibus
1653 4855 1888 4911 virtutis
1926 4857 2098 4928 109

434 4941 712 5016 partibus
754 4941 1072 4999 absolutus
1102 4947 1215 5010 est,
1258 4942 1367 5017 qui
1407 4943 1624 5016 spiritu
1653 4943 1857 5011 fervet,
1885 4934 1990 5017 qui
2020 4944 2098 5002 ad

2203 4585 2389 4639 κήπιοι
2431 4575 2603 4639 ἦσαν·
2651 4574 2833 4652 διόπερ
2878 4585 2969 4632 καὶ
3018 4579 3273 4652 γάλακτος
3315 4578 3387 4633 ἔτι
3437 4573 3658 4647 ἐδέοντο,
3713 4587 3810 4642 τῆς

2206 4670 2553 4742 εἰσαγωγικῆς
2600 4672 2691 4722 καὶ
2731 4668 3086 4746 ἁπλουστέρας
3130 4676 3222 4722 τοῦ
3270 4669 3588 4743 Εὐαγγελίου
3643 4665 3808 4724 διδα-

2172 4759 2454 4828 -σκοιλίας,
2504 4764 2663 4833 μήπω
2722 4757 3001 4834 δυνάμενοι
3056 4766 3383 4837 περικρατεῖν
3442 4767 3646 4836 στερωῖς
3697 4776 3812 4835 τρο-

2209 4859 2308 4925 φῆς
2334 4852 2446 4923 (43)
2488 4859 2579 4911 τῆς
2610 4848 2657 4903 ἐν
2691 4846 2946 4924 δόγμασι.
2988 4855 3274 4914 Νεανὶσκος
3336 4847 3396 4904 δε
3444 4855 3580 4905 κατά
3624 4850 3809 4924 ψυχήν

2210 4942 2352 4996 ἐστιν
2392 4942 2417 4993 ὁ
2465 4946 2600 4993 πᾶσι
2646 4947 2757 5004 τοῖς
2804 4944 2986 5014 μέρεσι
3036 4949 3132 5003 τῆς
3175 4939 3359 5016 ἀρετῆς
3399 4944 3813 5017 κατηρτισμένος

508 5051 557 5086 ³⁸
596 5050 762 5108 Exod
803 5066 899 5114 xu,
942 5054 1030 5107 35.
1110 5052 1156 5087 ³⁷
1199 5051 1383 5108 Exod.
1428 5067 1468 5108 ι.
1515 5055 1599 5109 17.
1678 5052 1726 5088 ³⁸
1767 5054 1977 5109 Genes.
2018 5068 2086 5108 xx

2236 5056 2323 5123 l5.
2401 5050 2448 5085 3°
2489 5051 2613 5106 Jos.
2652 5065 2714 5115 ιι,
2752 5052 2787 5105 4
2826 5065 2961 5122 sqq.
3037 5050 3085 5087 ³ο
3124 5051 3335 5106 Genes.
3375 5066 3524 5117 xxxx,
3567 5053 3634 5107 34
3676 5062 3811 5123 sqq.

438 5122 482 5159 ιθ
535 5123 656 5178 Jos.
699 5138 773 5191 ιχ,
814 5125 848 5178 4
889 5128 1060 5195 seqq.

440 5195 489 5231 ⁴⁶
530 5196 549 5249 1
590 5196 721 5250 Cor.
761 5208 843 5262 tu,
888 5198 940 5261 ι,
978 5198 1034 5250 2.

434 5368 445 5374 ς
490 5305 627 5378 Δ(46)
668 5305 733 5359 In
779 5300 943 5358 Colb.
979 5302 1151 5360 tertio
1184 5316 1296 5377 pro
1324 5302 1516 5358 πόλεων
1548 5303 1840 5378 scriptum
1886 5303 2049 5360 inve-

439 5374 653 5432 nimus
684 5379 851 5427 πόνων

514 5444 840 5521 (41)(2011),
906 5448 1139 5519 primus
1194 5448 1613 5521 npoEAsvna'éaj‘ag.
1676 5446 2053 5521 Colbertinus

441 5518 650 5574 tertius
695 5517 1099 5593 πρρξενισάσης.
1145 5517 1277 5593 Mox
1317 5519 1423 5593 _hic
1470 5519 1634 5576 idem
1688 5518 1880 5593 codex
1938 5517 2054 5572 δια-

444 5590 745 5667 cessarem.
769 5590 1032 5667 Basilius
1077 5591 1163 5649 ita
1189 5590 1401 5667 laudat
1429 5595 1745 5667 πανουργίαν
1776 5590 1958 5667 καλῂν,
1972 5594 2058 5667 ειμι

439 5660 633 5720 videri
661 5663 862 5737 posSit
882 5668 939 5720 et
959 5663 1112 5737 ipse,
1135 5673 1307 5721 m’ore
1334 5660 1697 5736 Graecorum,
1720 5661 2056 5720 mendaciis

1164 5124 1211 5160 ⁴²
1259 5127 1307 5180 ll
1343 5125 1491 5196 Reg.
1539 5139 1632 5190 xv,
1673 5126 1707 5180 4
1746 5140 1919 5198 seqq.

2023 5124 2071 5160 ‘3
2117 5122 2274 5182 Psal.
2314 5137 2516 5190 Lxxxn,
2557 5124 2611 5177 4.

2710 5122 2757 5157 tt
2798 5124 2966 5178 Prov.
3008 5138 3050 5190 1,
3089 5124 3142 5179 4.
3248 5123 3294 5159 ¹ο³
3344 5125 3390 5178 ll
3432 5125 3563 5180 Cor.
3602 5138 3679 5191 ιν,
3725 5122 3809 5178 t6.

2162 5300 2446 5360 ofﬁciosis
2476 5300 2680 5358 favere

2236 5376 2351 5447 (42)
2392 5374 2545 5431 Edili
2591 5373 2931 5446 ἐπαγομένου·
2981 5374 3055 5429 At
3092 5371 3361 5447 quinque
3415 5389 3563 5430 mss.
3622 5373 3818 5444 ὑπαγο-

2164 5451 2338 5521 μένου.

2236 5520 2377 5587 (42”)
2416 5519 2634 5573 Vocem
2666 5518 2800 5569 κατά
2830 5516 3120 5573 extribus
3154 5533 3301 5574 mss.
3334 5515 3712 5575 addidimus.

2204 5592 2352 5671 .(43)
2392 5588 2557 5649 Colb.
2591 5588 2798 5652 tertius
2832 5594 3164 5667 στερεωτέρας
3194 5595 3354 5666 τροφῆ
3367 5608 3407 5650 ς.
