4098 6376
460 305 568 360 415

1749 300 1811 362 S.
1866 300 2022 359 BASl
2032 301 2118 356 LII
2154 298 2394 357 MAGNI.

3712 310 3827 365 416

460 426 754 486 Dominus
768 426 839 482 ⁸⁵.
873 426 973 482 Est
1000 426 1206 483 autem
1240 427 1299 483 et
1332 427 1532 483 tactus
1580 410 1834 501 quidam
1875 424 2119 494 anima,

2246 425 2498 480 Γεύσασθε
2547 431 2637 481 καὶ
2688 423 2850 495 ἴδετε,
2898 429 2979 482 ὅτι
3030 429 3273 505 χρηστός
3319 430 3345 483 6
3404 431 3616 504 Κύριος.
3674 430 3828 487 Ἐστι

462 532 586 590 quo
616 514 913 589 sapientia
940 530 1076 571 eam
1101 514 1360 587 attingit,
1393 520 1730 574 amatorem
1751 532 1932 572 suum
1962 512 2125 570 velut

462 605 859 678 amplectens.
889 604 1049 662 Ama
1075 603 1262 671 enim,
1290 604 1508 678 inquit,
1548 606 1762 676 ipsam,
1800 610 1867 661 ut
1909 609 1964 659 te
2006 617 2126 659 am-

456 694 827 766 plexetur“.
857 696 924 749 Et
944 709 1156 750 rursus
1180 694 1586 762 Ecclesiastes,
1612 696 1863 766 Tempus
1888 697 1975 749 est
2002 706 2127 748 am-

460 783 770 855 plectendi
782 787 838 839 et
855 788 1086 853 tempus
1110 783 1288 854 longe
1306 784 1652 841 discedendi
1659 784 1735 841 ab
1748 782 2037 853 amplexu
2053 781 2122 837 ⁸⁸.

468 875 732 945 Corpora
754 872 1005 946 quidem
1032 872 1417 945 amplexibus
1440 874 1695 947 impuris
1729 872 2128 945 coinquinan-

465 965 590 1019 tur:
634 962 841 1018 anima
871 978 1015 1019 vero
1040 962 1350 1035 sapientia
1380 962 1670 1037 amplexu
1690 965 1812 1019 tota
1836 978 1907 1017 ex
1929 965 2051 1017 toto
2073 957 2127 1015 ei

467 1052 788 1123 conjuncti
805 1094 819 1119 ,
838 1052 1247 1108 sanctimonia
1269 1052 1605 1126 completur
1622 1069 1690 1110 ac
1712 1052 1991 1125 puritate.
2033 1049 2126 1107 Sic

466 1141 650 1212 igitur
672 1157 861 1214 puero
886 1141 1216 1213 juvenculo
1273 1157 1525 1199 sensum
1548 1142 1774 1198 tribuit.
1808 1138 2127 1207 Quomodo

477 1232 520 1301 ι
540 1232 801 1302 lavero
814 1229 1272 1301 intelligentiam
1287 1231 1479 1286 indit?
1495 1230 1785 1288 Nimirum
1800 1246 1938 1286 cum
1953 1227 2123 1284 dicit:

468 1320 603 1375 Non
618 1319 959 1389 proderunt
968 1320 1301 1390 facultates
1314 1321 1375 1376 in
1393 1321 1489 1377 die
1503 1321 1669 1377 mala
1686 1318 2129 1392 ".Iujicitenim

471 1408 639 1465 cordi
664 1413 770 1465 tuo
797 1408 1226 1479 cogitationem
1257 1408 1333 1466 de
1363 1409 1460 1465 die
1489 1409 1609 1475 illa,
1661 1409 1723 1465 in
1749 1425 1872 1483 qua
1898 1407 2002 1464 tibi
2031 1421 2131 1482 pe-

470 1498 789 1554 cuniarum
817 1498 993 1571 copia
1012 1498 1368 1570 adjumento
1396 1513 1520 1555 non
1542 1499 1670 1567 erit,
1694 1514 1892 1571 neque
1909 1496 2132 1555 eximet

470 1591 527 1645 te
552 1591 778 1643 aterna
804 1603 1010 1660 pana.
1043 1591 1161 1645 Aut
1180 1604 1321 1644 cum
1344 1588 1520 1644 dicit:
1559 1590 1907 1644 Innocentes
1931 1593 2130 1644 autem

472 1676 916 1733 hareditabunt
938 1683 1166 1734 terram
1184 1678 1261 1733 ⁶³;
1287 1682 1510 1734 terram
1533 1676 1807 1733 videlicet
1826 1675 2015 1741 illam,
2032 1690 2132 1731 cu-
2171 1673 2212 1728 Β

465 1766 568 1838 jus
592 1766 775 1823 etiam
811 1767 988 1824 mites
1023 1771 1164 1823 sunt
1187 1767 1480 1835 haredes,
1522 1773 1652 1823 tum
1679 1767 1854 1838 juxta
1889 1764 2136 1821 Psalmi-

471 1861 632 1912 stam
643 1855 963 1912 dicentem:
981 1858 1137 1914 Mites
1150 1863 1345 1914 autem
1364 1856 1809 1914 hareditabunt
1823 1861 2048 1913 terram
2061 1856 2131 1922 ⁵⁵,

471 1950 603 2003 tum
641 1946 816 2018 juxta
851 1946 1241 2019 pradicatam
1283 1963 1320 2004 a
1365 1948 1623 2005 Domino
1670 1945 2134 2014 beatitudinem,

474 2037 656 2093 Beati
672 2036 1571 2110 enim,inquit,mites,quoniam
1597 2038 1715 2108 ipsi
1745 2036 2137 2107 possidebunt

478 2127 782 2185 terram“.
807 2128 875 2183 Et
893 2141 1103 2183 rursus
1129 2143 1142 2183 :
1195 2128 1466 2184 Gloriam
1496 2128 1795 2197 sapientes
1816 2125 2139 2182 haeredita-

478 2216 630 2273 bunt
654 2218 720 2268 “.
769 2220 853 2273 lta
883 2218 961 2272 ad
992 2217 1160 2274 bona
1184 2233 1321 2290 qua
1370 2216 1677 2290 promissa
1724 2220 1866 2273 sunt
1909 2213 2141 2272 deside-

473 2306 669 2364 randa
723 2306 1069 2364 exstimulat
1118 2308 1413 2364 animam.
1454 2308 1623 2364 Hanc
1678 2305 2137 2378 intelligentiam

475 2411 665 2469 puero
682 2411 843 2451 novo
861 2395 986 2466 dat,
1003 2401 1232 2453 metum
1254 2396 1502 2470 quidem
1516 2398 1825 2453 minarum
1847 2411 1986 2469 qua
2001 2408 2141 2467 pec-

474 2485 779 2543 catoribus
805 2486 1534 2556 intentatur,desiderium
1555 2503 1701 2544 vero
1741 2502 1957 2543 eorum
1999 2502 2137 2559 qua

469 2575 647 2648 justis
681 2580 821 2632 sunt
850 2581 1079 2648 parata.
1123 2577 1264 2633 Haec
1293 2578 1452 2635 enim
1480 2578 1734 2634 audiens
1761 2578 2026 2646 sapiens,
2047 2590 2139 2631 sa-

472 2665 876 2736 pientiorerit
902 2667 970 2722 ⁸⁷.
1032 2668 1311 2737 Magnam
1336 2665 1460 2722 vim
1508 2665 1844 2723 Proverbiis
1895 2663 2140 2721 ascribit

478 2754 805 2828 Scriptura,
838 2754 1113 2812 videlicet
1140 2754 1308 2828 quod
1337 2759 1631 2827 superant
1659 2754 2004 2827 sapientum
2046 2768 2139 2810 sa-

478 2844 793 2917 pientiam,
819 2850 875 2902 et
900 2845 1066 2918 quod
1086 2845 1457 2902 documenta
1480 2846 1543 2902 in
1566 2844 1684 2902 hoc
1709 2844 1866 2901 libro
1895 2843 2137 2915 tradita,

481 2935 717 3008 majora
727 2939 1065 3009 suntquam
1078 2950 1213 3009 qua
1226 2935 1394 3010 apud
1406 2936 1711 3009 sapientes
1733 2933 2135 3008 reperiuntur.
2176 2922 2218 2977 ο

482 3026 677 3091 Quare
707 3023 965 3080 aliorum
996 3023 1247 3098 quidem
1274 3025 1709 3097 magistrorum
1736 3022 2017 3097 discipuli
2045 3022 2137 3079 in-

480 3112 717 3170 numeri
744 3113 1040 3170 exsistunt
1059 3130 1072 3170 :
1096 3114 1227 3186 ejus
1256 3130 1393 3170 vero
1412 3113 1548 3171 libri
1565 3113 1890 3186 auditores,
1904 3112 2141 3187 sapien-

481 3206 572 3260 tes
601 3207 759 3258 sunt.
812 3203 1113 3270 Quoniam
1143 3208 1346 3259 autem
1378 3202 1737 3274 ambiguum
1775 3206 1863 3258 est
1898 3202 2138 3275 sapien-

482 3295 611 3346 tum
633 3306 856 3347 nomen
878 3291 1209 3364 (sapientes
1235 3291 1397 3347 enim
1413 3291 1700 3348 dicuntur
1718 3292 1901 3349 etiam
1926 3290 2141 3347 mundi

482 3379 588 3451 huj
599 3395 668 3434 us
679 3379 1052 3452 sapientes“,
1066 3380 1333 3455 itemque
1346 3380 1649 3455 sapientes
1662 3378 2142 3453 vocantur",qui

483 3468 841 3542 sapientiam
872 3484 1076 3526 veram
1104 3470 1427 3527 Dominum
1451 3474 1731 3528 nostrum
1750 3472 1778 3529 ,Ι
1784 3486 1960 3527 esum
1981 3469 2143 3526 Chri-

486 3564 650 3617 stum
680 3575 789 3633 per
816 3558 1004 3616 ﬁdem
1033 3560 1095 3617 in
1126 3561 1330 3634 ipsum
1361 3563 1765 3634 receperunt),
1810 3577 1915 3618 eos
1958 3561 2064 3634 qui
2103 3575 2142 3618 a

484 3649 762 3707 doctrina
789 3655 998 3709 nostra
1028 3650 1208 3709 alieni
1238 3656 1397 3721 sunt,
1429 3651 1536 3710 ubi
1565 3651 1647 3709 ad
1684 3667 1900 3709 sanam
1946 3652 2141 3709 Para-

484 3739 750 3797 miarum
780 3740 1119 3798 doctrinam
1152 3740 1539 3809 accesserint,
1587 3741 1983 3815 sapientiores
2013 3740 2142 3797 fore

485 3830 794 3903 Scriptura
818 3830 1155 3904 pollicetur,
1187 3830 1271 3886 sic
1298 3835 1364 3887 ut
1390 3847 1596 3887 rerum
1631 3830 1909 3887 inanium
1939 3832 2144 3901 spreta

484 3919 1318 3990 cognitione,admirationem
1342 3936 1522 3976 suam
1541 3919 1607 3976 in
1625 3919 1931 3975 veritatem
1950 3923 2141 3974 trans-

485 4006 700 4063 ferant.
727 4010 841 4062 Aut
870 4006 1165 4080 quoniam
1194 4006 1399 4063 multis
1427 4006 1629 4063 modis
1658 4006 1903 4079 sapiens
1927 4005 2145 4061 dicitur

488 4095 735 4169 (etenim
779 4101 839 4152 et
866 4097 970 4170 qui
994 4096 1304 4168 sapientia
1335 4095 1634 4153 desiderio
1666 4100 1925 4160 tenetur,
1952 4100 2010 4151 et
2037 4094 2145 4168 qui

480 4185 611 4258 jam
632 4185 868 4258 proﬁcit
885 4186 948 4241 in
960 4184 1272 4258 sapientia
1291 4185 1997 4258 contemplatione,etqui
2010 4185 2143 4256 jam

486 4274 552 4330 in
582 4290 655 4331 eo
692 4273 905 4331 habitu
934 4273 1233 4348 perfectus
1258 4280 1372 4344 est,
1403 4275 1619 4332 eodem
1647 4275 1894 4331 nomine
1932 4274 2144 4349 appel-

485 4363 728 4431 lantur),
759 4364 888 4420 hac
912 4363 1020 4420 ubi
1038 4363 1297 4421 audierit
1324 4364 1587 4438 sapiens,
1619 4366 1743 4421 sive
1770 4364 1877 4438 qui
1905 4364 2143 4438 sapien-

489 4455 586 4512 tia
610 4454 788 4512 fuerit
805 4458 1065 4523 amator,
1112 4454 1239 4512 sive
1264 4454 1371 4528 qui
1390 4455 1521 4527 jam
1548 4455 1612 4511 in
1641 4454 1775 4528 ipsa
1803 4454 2142 4528 profecerit,

487 4543 672 4601 futuri
692 4548 834 4601 sunt
858 4544 1273 4617 sapientiores.
1296 4547 1365 4601 Et
1391 4560 1535 4601 vero
1564 4548 1630 4601 ut
1653 4543 1845 4601 multa
1867 4545 1944 4601 de
1962 4545 2144 4602 rebus

488 4633 711 4690 divinis
739 4633 1032 4706 dogmata
1067 4633 1321 4705 discent,
1375 4634 1459 4690 ita
1496 4634 1690 4692 multa
1735 4634 1810 4691 de
1853 4635 2143 4692 humanis

487 4723 1009 4791 docebuntur,boc
1021 4723 1156 4797 ipso
1174 4723 1332 4780 libro
1346 4723 1512 4780 varie
1527 4724 1739 4781 vitium
1758 4725 2143 4798 proﬂigante,

488 4817 546 4870 et
574 4828 783 4871 rursus
824 4813 1031 4869 multis
1058 4811 1261 4869 modis
1297 4811 1579 4869 virtutem
1622 4814 1970 4871 inducente.
2015 4814 2149 4871 Lin-

489 4919 674 4976 guam
692 4902 970 4977 iniquam
989 4901 1457 4972 frenat,oculum
1478 4901 1676 4959 erudit
1692 4919 1879 4977 prava
1904 4903 2147 4962 intuen-

2232 510 2292 566 δε
2339 534 2419 578 τις
2465 520 2555 570 καὶ
2593 517 2695 591 ἁφὴ
2741 527 2838 580 τῆς
2882 518 3089 593 ψυχῆς,
3130 521 3251 573 καθ’
3297 521 3358 580 ἣν
3408 520 3686 594 ἐφάπτεται
3728 522 3829 575 αύ-

2230 612 2329 667 τῆς
2356 606 2386 664 ἡ
2419 611 2595 678 σοφία,
2640 610 2792 662 οἱονεὶ
2833 613 3288 685 περιπτυσσομένη
3337 615 3431 669 τὴν
3479 610 3671 675 ἑαυτῆς
3710 610 3829 690 ἁρε-

2231 698 2346 753 τήν.
2401 695 2686 771 Ἐράσθητι
2737 700 2859 772 γὰρ,
2921 704 3100 771 φησὶν,
3159 700 3343 767 αὐτῆς,
3401 701 3484 752 ἶνα
3553 720 3610 753 σε
3688 720 3831 777 περι-

2232 782 2363 858 λάϐῃ
2392 805 2404 818 -
2455 789 2544 837 καὶ
2573 786 2727 839 πάλιν
2770 789 2796 838 6
2850 787 3287 858 Ἐκκλ.ησιαστὴς,
3348 793 3542 868 Καιρὸς
3594 797 3687 843 τοῦ
3744 810 3831 844 πε-

2232 873 2480 948 ριλαϐεῖν,
2549 880 2640 929 καὶ
2699 881 2881 953 καιρὸς
2932 886 3023 931 τοῦ
3080 881 3442 955 μακρυνθῆναι
3509 878 3611 933 ἀπὸ
3689 900 3831 956 περι-

2232 962 2457 1035 λήψεως.
2522 971 2744 1039 Σὼματα
2799 968 2910 1039 (47)
2984 971 3075 1042 μὲν
3137 971 3237 1045 γὰρ
3315 969 3653 1044 περιπλοκαῖς
3700 968 3832 1022 ἀκα-

2237 1053 2449 1127 θάρτοις
2503 1060 2941 1129 καταμίαίνεται·
3001 1057 3157 1130 ψυχὴ
3220 1054 3297 1126 δὲ,
3356 1067 3418 1132 τῇ
3478 1067 3574 1132 τῇς
3646 1063 3834 1132 σοφίας

2235 1142 2518 1218 περιπλοκῇ
2549 1144 2637 1203 ὅλη
2673 1141 2746 1198 δι’
2786 1145 2907 1208 ὅλης
2954 1149 3086 1222 πρὸς
3138 1147 3300 1206 αὐτὴν
3363 1147 3629 1216 ἐνωθεῖσα,
3687 1148 3836 1220 ἁγια-

2240 1240 2374 1306 σμοῦ
2426 1233 2719 1307 πληροῦται
2769 1240 2859 1288 καὶ
2925 1237 3301 1310 καθαρότητος.
3367 1238 3519 1289 Οὕτω
3587 1240 3679 1312 μὶν
3746 1233 3835 1289 οὖν

2239 1324 2489 1382 αἴσθησιν
2563 1321 2720 1378 παιδὶ
2788 1326 3074 1401 χαρίζεται
3136 1330 3249 1398 νέῳ.
3324 1325 3554 1379 Ἐννοιαν
3612 1322 3672 1379 δὲ
3727 1334 3837 1389 πῶς

2239 1411 2476 1487 iunoni;
2542 1420 2701 1467 Ὅταν
2748 1414 2867 1489 λέγῃ
2903 1436 2915 1448 ·
2967 1415 3078 1468 Ούκ
3122 1415 3374 1488 ὠφελήσει
3431 1417 3742 1489 ὑπάρχοντα
3789 1413 3837 1467 ἓν

2240 1505 2411 1579 ἡμέρᾳ
2464 1513 2599 1578 κακῇ
2627 1505 2784 1575 (47⁹).
2849 1504 3121 1577 Ἐμϐάλλει
3173 1507 3272 1581 γὰρ
3327 1503 3562 1578 ἐνθύμιον
3610 1513 3672 1578 τῇ
3723 1502 3838 1578 καρ⁹

2243 1590 2337 1666 δία
2367 1613 2461 1647 σου
2492 1598 2610 1668 περὶ
2639 1602 2734 1655 τῆς
2763 1595 2961 1670 ἡμέρας
2982 1593 3196 1660 ἐκείνης,
3232 1592 3279 1646 ἓν
3404 1613 3489 1646 σοι
3541 1596 3599 1647 τὸ
3643 1593 3840 1657 πλῆθος

2241 1691 2341 1734 τῶν
2396 1685 2689 1757 χρημάτων
2742 1682 2835 1735 οὐκ
2874 1681 3165 1757 ἐπαρκέσει,
3221 1679 3345 1735 ούδὶ
3403 1681 3735 1758 ἐξαιρήσει-αἰ
3786 1702 3843 1737 σε

2241 1782 2337 1836 τῆς
2378 1774 2583 1826 αἰωνίου
2623 1773 2903 1836 κολάσεως.
2963 1772 3033 1825 Ἧ
3090 1774 3212 1825 όταν
3266 1771 3391 1847 λέγῃ
3427 1793 3439 1805 ·
3505 1771 3731 1825 Ἀκακοι
3784 1767 3844 1826 δε

2241 1861 2705 1938 κληρονομήσουσι
2760 1870 2856 1935 γῆν
2888 1865 3002 1934 (48)
3038 1884 3051 1896 ·
3119 1870 3218 1936 γῆν
3272 1860 3485 1929 ἐκείνην,
3531 1858 3594 1935 ᾖς
3649 1865 3739 1913 καὶ
3795 1862 3845 1914 οἱ

2241 1960 2427 2027 πραεῖς
2479 1952 2581 2005 εἰσι
2636 1951 2969 2025 κληρονόμοι,
3019 1954 3154 2003 κατά
3203 1970 3258 2004 τε
3295 1955 3381 2003 τόν
3427 1947 3717 2024 Ψαλμῳδόν
3756 1954 3843 2003 τὸν

2242 2042 2495 2114 λέγονταο
2561 2044 2627 2093 Οἱ
2672 2037 2731 2094 δὲ
2773 2048 2957 2115 πραεῖς
3016 2040 3477 2116 κληρονομήσουσι
3539 2044 3634 2098 τὴν
3698 2047 3842 2113 γῆν·

2244 2136 2335 2184 καὶ
2401 2133 2535 2183 κατὰ
2603 2134 2689 2183 τὸν
2759 2133 3096 2207 μακαρισμὸν
3153 2138 3244 2184 τοῦ
3304 2135 3521 2206 Κυρίου,
3580 2131 3848 2205 Μακάριοι

2245 2224 2368 2295 γὰρ,
2425 2223 2602 2293 φησὶν,
2658 2221 2707 2272 οἱ
2758 2226 2958 2296 πραεῖς,
3020 2220 3099 2272 ὅτι
3171 2218 3320 2271 αὐτοὶ
3393 2219 3848 2294 κληρονομήσουσι

2246 2314 2341 2369 τὴν
2392 2318 2528 2382 γῆν·
2610 2312 2701 2361 καὶ
2783 2309 2977 2362 πάλινο
3063 2308 3222 2372 Δόξαν
3294 2313 3444 2381 σοφοὶ
3511 2307 3849 2382 πληρονομή-

2250 2419 2425 2454 σουσι.
2511 2402 2651 2474 Πρὸς
2712 2402 2802 2458 τὴν
2872 2397 3150 2472 ἐπιθυμίαν
3223 2405 3322 2450 τῶν
3398 2396 3446 2449 ἓν
3521 2395 3851 2469 ἐπαγγελίαις

2249 2488 2454 2562 ἀγαθῶν
2502 2494 2598 2548 τὴν
2652 2488 2840 2561 ψυχὴν
2895 2484 3229 2547 διανίστησι.
3287 2487 3494 2545 Ταύτην
3540 2482 3740 2539 δίδωσι
3776 2493 3849 2559 τῷ

2246 2576 2405 2632 παιδὶ
2456 2587 2528 2649 τῷ
2575 2582 2671 2651 νέῳ
2716 2583 2811 2637 τὴν
2860 2580 3073 2645 ἔννοιαν,
3118 2577 3270 2651 φόϐον
3299 2580 3389 2651 μὲν
3416 2583 3517 2629 τῶν
3546 2582 3656 2637 τοῖς
3686 2575 3852 2651 ἁμαρ-

2248 2667 2433 2730 τωλοῑς
2463 2666 2857 2735 ἀπειληθέντων,
2902 2665 3178 2739 ἐπιθυμίαν
3210 2662 3270 2719 δε
3314 2674 3414 2717 τῶν
3457 2672 3568 2726 τοῖς
3622 2660 3851 2728 δικαίοις

2249 2758 2665 2830 ἡτοιμασμένων.
2724 2752 2901 2809 Τώνδε
2971 2756 3073 2829 γὰρ
3146 2753 3377 2817 ἀκούσας
3446 2757 3603 2827 σοφὸς
3676 2759 3851 2827 σοφῶ-

2247 2865 2391 2921 τερος
2438 2849 2608 2901 ἔσται.
2674 2845 2917 2917 Μεγάλην
2963 2851 3220 2920 μαρτυρεῖ
3271 2840 3495 2916 δύναμιν
3542 2850 3655 2906 ταῖς
3703 2850 3851 2917 Παρ-

2248 2942 2448 3012 οιμίαις
2504 2937 2530 2990 6
2581 2935 2752 3009 λόγος,
2818 2937 2898 2988 ὅτι
2972 2934 3269 3009 ύπερϐαιίνει
3338 2942 3440 2986 τῶν
3514 2943 3684 3008 σοφῶν
3755 2937 3850 2991 την

2250 3033 2456 3100 σοφίαν,
2507 3030 2597 3079 καὶ
2653 3033 2753 3078 τῶν
2806 3024 3205 3098 ἐναποκειμένων
3252 3023 3432 3086 αύτοῖς
3478 3020 3851 3103 παιδευμάτων

2247 3118 2463 3191 μείζονά
2493 3115 2606 3169 ἐστι
2634 3117 2701 3169 τὰ
2730 3113 2784 3168 ἔκ
2814 3123 2910 3178 τῆς
2941 3113 3126 3189 βίϐλου
3175 3115 3372 3175 ταύτης
3423 3109 3848 3188 παραδιδόμενα.

2245 3214 2406 3260 Ὥστε
2460 3214 2560 3259 τῶν
2621 3207 2712 3279 μὶν
2765 3203 2932 3257 ἄλλων
2981 3200 3322 3258 διδασκάλων
3372 3203 3421 3257 οἱ
3472 3204 3679 3278 ἄπειροί
3749 3201 3852 3253 εἰσι

2247 3297 2521 3370 μαθηταιο
2578 3301 2673 3357 τῆς
2717 3290 2777 3347 δι
2831 3292 3018 3367 βίϐλου
3077 3295 3271 3354 ταύτης
3309 3291 3565 3368 ἀκροαταί
3612 3289 3744 3343 εἰσιν
3803 3290 3852 3341 οἱ

2252 3389 2422 3459 σοφοί.
2458 3380 2669 3443 Ἐπειδὴ
2714 3380 2773 3437 δε
2802 3384 3073 3456 ὁμώνυμόν
3106 3382 3239 3454 (48“)
3288 3380 3402 3435 ἔστι
3442 3383 3502 3433 τὸ
3540 3387 3650 3432 τῶν
3680 3387 3851 3454 σοφῶν

2250 3479 2411 3548 ὄνομα
2439 3473 2616 3547 (σοφοὶ
2641 3475 2743 3550 γὰρ
2783 3478 2875 3526 καὶ
2902 3475 2951 3525 οἱ
2980 3479 3071 3525 τοῦ
3106 3476 3309 3545 κόσμου
3357 3473 3543 3524 τούτου
3589 3469 3847 3543 λέγονται,

2252 3570 2403 3638 σοφοὶ
2444 3568 2535 3617 καὶ
2581 3566 2630 3617 οἱ
2658 3568 2753 3623 τὴν
2802 3560 3050 3622 ἀληθινήν
3096 3566 3275 3635 σοφίαν
3321 3564 3408 3613 τόν
3454 3562 3644 3636 Κύριον
3702 3559 3849 3632 ἡμῶν

2254 3656 2458 3713 Ἰησοῦν
2489 3655 2705 3727 κριστὸν
2737 3650 2792 3705 ἔκ
2830 3659 2927 3713 τῆς
2969 3650 3042 3713 εἰς
3103 3650 3260 3702 αὐτὸν
3311 3654 3538 3710 πίστεως
3581 3644 3846 3711 ὑποδεξά-

2251 3744 2434 3817 μενοι),
2476 3745 2599 3803 τούς
2637 3740 2816 3804 ἔξωθεν
2860 3744 3008 3801 ὄντας
3053 3745 3146 3791 τοῦ
3188 3737 3306 3792 καθ’
3344 3739 3479 3811 ἡμᾶς
3519 3736 3696 3810 λόγου,
3739 3734 3848 3790 ἕπει

2254 3826 2351 3885 δαν
2380 3830 2711 3907 προσέλθωσι
2739 3836 2802 3902 τῇ
2845 3830 3157 3901 ὑγιαινούσῃ
3201 3835 3301 3880 τῶν
3351 3834 3650 3904 Παροιμιῶν
3694 3822 3851 3880 διδα-

2255 3919 2469 3994 σκαλίᾳ,
2522 3922 2844 3993 σοφωτέρους
2899 3919 3113 3971 ἔσεσθαι
3187 3918 3213 3969 6
3280 3916 3431 3990 λόγος
3504 3915 3850 3988 κατεπαγγέλ-

2251 4009 2430 4063 λεται·
2479 4007 2831 4082 ἀτιμάζοντας
2877 4008 2968 4081 μὶν
3014 4010 3110 4067 τὴν
3169 4014 3269 4059 τῶν
3330 4011 3564 4081 ματαίων
3637 4014 3851 4079 γνῶσιν,

2252 4100 2621 4174 μετατιθέντας
2674 4093 2733 4150 δε
2780 4100 2840 4150 τὸ
2892 4098 3067 4170 θαῦμα
3117 4098 3248 4171 πρὸς
3294 4100 3389 4155 τὴν
3444 4094 3705 4155 ἀληθειαν.
3785 4094 3854 4149 Ἥ

2253 4184 2433 4248 ἕπειδὴ
2466 4186 2748 4260 πολλαχῶς
2768 4185 2974 4260 λέγεται
2999 4186 3025 4238 ὁ
3054 4188 3212 4259 σοφός
3258 4186 3304 4246 (6
3349 4204 3404 4238 τε
3448 4187 3550 4261 γὰρ
3591 4183 3854 4259 ἐπιθυμῶν

2254 4281 2461 4351 σοφίας,
2521 4282 2612 4330 καὶ
2669 4277 2694 4328 6
2752 4273 2800 4328 ἓν
2866 4282 3103 4350 προκοπῇ
3162 4269 3270 4333 ἤδη
3310 4273 3378 4325 ὢν
3425 4281 3524 4326 τῶν
3550 4282 3642 4334 τῆς
3673 4277 3856 4346 σοφίας

2255 4369 2623 4442 θεωρημάτων,
2692 4370 2783 4418 καὶ
2831 4365 2857 4418 6
2903 4363 3280 4437 τετελειωμένος
3339 4364 3475 4416 κατὰ
3564 4367 3659 4422 τὴν
3729 4361 3850 4431 ἕξιν,

2254 4459 2444 4531 ὁμοίως
2491 4457 2971 4531 προσαγορεύονται
3026 4453 3185 4526 [49]),
3250 4455 3447 4505 τούτων
3524 4450 3751 4514 ἀκούσας
3827 4452 3854 4504 ό

2257 4550 2431 4620 σοφὸς,
2479 4549 2578 4599 εἴτε
2621 4547 2646 4598 ὁ
2701 4544 2928 4619 ἐραστὴς
2982 4551 3077 4606 τῆς
3122 4546 3323 4616 σοφίας,
3380 4545 3479 4596 εἶτε
3516 4548 3607 4596 καὶ
3664 4544 3690 4596 ό
3743 4538 3851 4601 ἤδη

2256 4633 2585 4699 διαϐεϐηκὼς
2629 4634 2677 4687 ἐν
2725 4635 2881 4707 αὐτῇ,
2944 4637 3227 4707 σοφώτεροι
3278 4633 3504 4697 ἔσονται,
3562 4631 3726 4685 πολλὰ
3763 4634 3854 4705 μὶν

2252 4732 2372 4801 περὶ
2400 4734 2501 4779 τῶν
2530 4727 2675 4779 θείων
2703 4720 3066 4782 παιδευθέντες
3105 4717 3405 4793 δογμάτων,
3454 4719 3616 4773 πολλὰ
3660 4716 3720 4774 δ⁴ε
3765 4725 3855 4774 καὶ

2254 4821 2374 4892 περὶ
2426 4824 2525 4867 τῶν
2575 4813 2906 4889 ἀνθρωπίνων
2953 4806 3412 4882 ἐκδιδασκόμενοι,
3471 4809 3718 4873 ποικίλως
3763 4812 3854 4884 μὲν

2256 4909 2350 4965 τὴν
2389 4909 2576 4958 κακίαν
2621 4902 2957 4980 ἐξοριζούσης
3011 4906 3107 4961 τῆς
3158 4896 3366 4971 βίϐλου,
3419 4898 3752 4977 πολυτρόπως
3796 4896 3857 4957 δε

562 5031 611 5068 δ’
642 5029 800 5087 Psal.
833 5045 1040 5099 xxxm,
1067 5034 1122 5088 9.
1198 5029 1247 5066 ⁶⁰
1276 5031 1451 5086 Prov.
1474 5044 1555 5095 ιγ,
1589 5032 1642 5099 6,
1676 5031 1729 5085 8.
1805 5030 1849 5066 ⁶¹
1886 5029 2075 5088 Eccle.
2106 5047 2138 5088 Il

2246 5040 2272 5087 ι.
2349 5032 2396 5068 ⁸³
2429 5033 2601 5087 Prov.
2633 5045 2711 5100 XI,
2741 5030 2795 5086 4.
2871 5029 2920 5065 ⁸³
2950 5031 3120 5086 Prov.
3147 5043 3206 5101 ιι,
3239 5031 3333 5085 2t.
3407 5027 3455 5064 “
3489 5024 3639 5084 Psal.
3663 5042 3855 5099 xxxvr,

495 5119 587 5175 11.
671 5121 719 5156 ⁸⁵
748 5120 947 5178 Matth.
972 5135 1029 5187 ν,
1058 5122 1114 5176 4.

564 5244 872 5337 ςὲῖὶκίξεξιὲλ
896 5244 1137 5337 Prima.
1159 5253 1332 5337 ῖῖῖιεξαο

1190 5120 1238 5156 “
1260 5121 1433 5176 Prov.
1465 5123 1547 5187 1'11,
1570 5122 1660 5175 35.
1737 5119 1782 5155 ⁸⁷
1811 5122 1984 5178 Prov.
2016 5137 2056 5191 ι,
2084 5126 2142 5179 5.

566 5312 702 5391 (ἵζ’)
731 5312 956 5391 ΙΙΙει,ούκ
978 5316 1141 5391 ὠφελή
1152 5312 1632 5391 σείύπάρχονταίν
1659 5316 1830 5391 ἡμέρᾳ
1848 5323 2005 5391 κακῇ,
2031 5331 2153 5391 non

1382 5387 1434 5445 ie
1460 5388 1649 5457 mata,
1680 5387 1903 5444 desunt
1937 5387 2003 5444 in
2031 5387 2153 5444 edi-

488 5387 831 5459 proderunt
856 5387 1211 5459 facultates,
1243 5389 1307 5444 in

495 5458 659 5515 tione
680 5458 972 5516 Romana.
1002 5462 1153 5529 Lege
1170 5459 1392 5529 Nobilii
1410 5466 1586 5516 notas
1608 5465 1665 5515 et
1687 5460 1981 5529 Hexapta.

570 5532 681 5601 (48)
723 5528 895 5605 illud,
934 5528 1123 5605 ἄκακοι
1137 5528 1212 5605 -δὶ
1236 5530 1694 5605 κληρονομήσουσι
1721 5528 2159 5605 γῆςι,ίὶηηοσεη-

500 5605 585 5660 tes
605 5605 807 5660 autem
837 5602 1278 5661 haereditabunt
1316 5601 1563 5675 terram,
1612 5601 1871 5677 reperire
1908 5617 2034 5659 non
2070 5605 2160 5660 est

2226 5122 2274 5159 ⁸⁸
2300 5124 2322 5177 1
2348 5121 2481 5178 Cor.
2512 5135 2554 5189 ι,
2587 5123 2681 5176 20.

2766 5119 2813 5154 θ’
2847 5117 2893 5173 ll
2927 5120 3062 5176 Cor.
3090 5133 3174 5188 xi,
3207 5122 3297 5175 l9.

2263 5243 2431 5317 apud
2454 5245 2598 5325 LXX,
2640 5241 2747 5316 qui
2770 5241 2855 5325 ita
2878 5241 3148 5325 haben_t,_
3176 5242 3258 5325 ὅτι
3287 5239 3472 5325 ,εῇθεῖς
3511 5241 3859 5325 κατασκηνὼ-

2265 5312 2565 5397 ganges,
2601 5312 2912 5397 quoniam.
2935 5315 3090 5397 recti
3109 5312 3558 5397 inhabitabant
3598 5315 3822 5397 terram
3837 5353 3850 5367 .

2263 5381 2921 5477 pasi-lius‘cret‘lipo‘trest
2940 5385 3380 5458 Symmachum
3391 5386 3633 5439 secutus
3648 5381 3857 5440 fuisse.

2265 5460 2416 5529 Lege
2442 5463 2619 5514 notas
2644 5457 2878 5514 Nobilii.
2984 5457 2991 5458 “

2335 5531 2475 5601 (48’)
2503 5527 2669 5601 Colb.
2704 5530 2909 5601 tertius
2938 5525 3121 5601 ἐπειδὴ
3156 5524 3190 5581 δ
3193 5530 3215 5580 ξ
3244 5524 3529 5601 ἐπώνυμον.

2338 5599 2801 5675 (49)(101ὺθῐῐὶῑιὶ
2827 5600 2953 5659 duo
2979 5599 3119 5658 libri
3146 5600 3609 5675 προσαγορεύεται.
