4098 6384
285 350 390 407 417

1236 337 1533 400 HOMILIA
1571 341 1642 395 IN
1682 323 2087 393 PRINCIPIUM
2125 320 2679 397 PROVERBlORUM

3540 334 3651 402 418

285 473 438 527 παλιν
505 469 918 542 ἀντεισαγούσης
968 471 1063 527 τήν
1128 465 1334 542 ἀρετὴν·
1390 465 1639 518 Γλῶσσαν
1697 457 1883 514 ἄδικον

2019 475 2135 528 em,
2179 478 2399 519 manus
2435 463 2730 520 violentas
2752 464 3060 522 neminem
3095 465 3234 523 sinit
3268 468 3532 540 priorem
3563 470 3650 526 in-

287 563 516 637 χαλινοῖ,
560 560 819 633 ὀφθαλμὸν
858 555 1098 613 παιδεύει
1139 558 1342 632 πονηρά
1373 555 1648 628 βλέποντα,
1691 559 1884 626 χειρῶν

290 650 485 706 ἀδίκων
543 652 728 725 ἄρχειν
795 649 888 702 ούκ
954 647 1232 722 ἐπιτρέπει·
1313 644 1499 720 ἀργίαν
1575 639 1883 707 ἀποδιώκει,

290 741 568 814 ἐπιθυμίας
617 738 844 801 ἀτόπους
893 738 1121 804 κολάζει,
1184 732 1433 788 διδάσκει
1482 737 1750 808 φρόνησιν,
1808 727 1889 782 δι-

291 828 482 885 δάσκει
548 826 784 904 ἀνδρίαν,
853 829 1189 902 σωφροσύνην
1247 824 1608 899 ἀποσεμνύνει.
1675 821 1734 874 Ὀ
1801 815 1888 871 οὖν

289 928 460 974 ταῦτα
497 916 816 985 παιδευθεὶς,
864 921 954 970 καὶ
999 921 1093 976 τὴν
1132 937 1185 970 τε
1227 919 1360 991 πρὸς
1401 917 1467 967 τά
1517 917 1736 986 χείρονα
1775 906 1890 962 δια-

293 1009 447 1070 ϐολήν
490 1009 718 1083 ἰσχυρὰν
747 1009 882 1080 ἔχων
913 1005 1036 1082 παρ’
1078 1006 1263 1079 ἐαυτῷ,
1297 1009 1386 1058 καὶ
1414 1008 1508 1064 τὴν
1552 1009 1645 1055 τοῦ
1693 1000 1890 1073 ἀγαθοῦ

292 1105 462 1175 ἔφεσιν
490 1101 689 1173 μείζονι
735 1105 796 1171 τῇ
849 1099 1006 1172 ὁρμῇ,
1058 1096 1162 1150 οἷον
1197 1093 1290 1149 διά
1319 1114 1459 1156 τινος
1489 1095 1888 1166 ὑποφωνήσεως,

292 1191 772 1268 προσκτησάμενος,
798 1192 958 1261 σοφός
977 1187 1044 1239 ὢν
1071 1183 1167 1239 διὰ
1185 1189 1279 1244 τὴν
1299 1186 1492 1238 οἰκείαν
1514 1185 1698 1257 ὁρμὴν,
1727 1184 1894 1253 σοφώ-

290 1300 434 1357 τερος
457 1284 633 1353 γέγονε
665 1276 760 1332 διὰ
782 1283 876 1338 τὴν
903 1277 958 1331 ἐκ
988 1285 1083 1340 τῆς
1114 1273 1471 1336 διδασκαλίας
1500 1273 1782 1327 τελείωσιν.

363 1376 448 1427 15.
496 1369 554 1422 Ὀ
605 1366 665 1422 δὲ
710 1373 914 1441 νοήμων
961 1366 1271 1442 κυϐέρνησιν
1319 1370 1592 1424 κτήσεται.
1638 1366 1753 1438 Χρὴ
1805 1362 1891 1413 τόν

287 1461 538 1536 μέλλοντα
603 1462 877 1534 προσιέναι
941 1462 1136 1531 τέχνης
1192 1459 1331 1519 τινὸς
1388 1454 1642 1526 ἀναλήψει
1696 1455 1790 1514 τὰς
1837 1449 1893 1504 ἐκ

285 1560 384 1612 τῆς
450 1553 651 1624 φύσεως
716 1545 1152 1610 ἕπιτηδειότητας
1236 1546 1652 1621 ηύτρεπισμένας
1726 1545 1887 1613 ἔχειν·

287 1644 377 1692 τὸν
415 1639 711 1697 παλαιστὴν
760 1643 855 1696 τὴν
898 1645 989 1690 τοῦ
1045 1642 1287 1710 σώματος
1335 1632 1622 1688 διάπλασιν
1669 1636 1759 1684 καὶ
1798 1635 1892 1690 τὴν

294 1729 475 1802 ἰσχύν·
532 1733 618 1781 τόν
681 1723 933 1800 δρομικόν
997 1730 1092 1784 τὴν
1157 1725 1508 1799 εὐαρμοστίαν
1574 1730 1673 1775 τῶν
1729 1720 1892 1795 μελῶν

1992 549 2350 618 ferre,0tium
2373 553 2579 623 abigit,
2602 552 2903 609 desideria
2925 555 3122 626 turpia
3158 557 3448 628 reprimit,
3478 559 3655 617 docet

1995 641 2402 712 prudentiam,
2465 643 2640 699 docet
2685 642 3120 712 fortitudinem,
3160 649 3654 718 -temperantiam

1997 729 2274 788 adornat.
2305 734 2500 798 Quare
2529 732 2660 788 haec
2688 731 2792 805 qui
2823 732 3074 789 edoctus
3111 733 3307 803 fuerit,
3337 735 3654 810 oderitque

1997 817 2226 875 fortiter
2247 819 2311 876 in
2340 820 2662 893 semetipso
2693 820 3008 890 deteriora,
3041 826 3099 878 et
3121 822 3267 879 boni
3287 823 3656 880 desiderium

1997 907 2229 982 impetu
2249 910 2481 981 majore
2511 910 2673 966 velut
2699 911 3136 968 acclamatione
3183 912 3457 985 quadam
3482 913 3660 970 fuerit

2000 1003 2281 1070 adeptus,
2298 999 2541 1072 sapiens
2563 1015 2702 1056 cum
2725 1000 2926 1057 sitsuo
2953 1001 3146 1074 ipsius
3169 1001 3424 1075 impetu,
3453 1006 3658 1059 tamen

1999 1103 2108 1162 per
2132 1089 2563 1161 perfectionem
2600 1105 2674 1147 ex
2703 1089 2974 1149 doctrina
3001 1085 3391 1151 accede'ntem
3421 1093 3660 1167 sapien-

2001 1179 2114 1236 tior
2135 1178 2408 1236 efﬁcitur.

2077 1363 2160 1416 15.
2180 1361 2422 1431 Intellig
2434 1376 2536 1418 ens
2557 1367 2757 1418 autem
2772 1361 3268 1432 gubernationem
3286 1361 3570 1421 obtinebit
3586 1360 3658 1419 7°.

2003 1449 2113 1516 Qui
2127 1452 2202 1507 ad
2226 1457 2419 1508 artem
2441 1451 2713 1524 aliquam
2729 1453 3164 1509 assumendam
3179 1470 3536 1511 accessurus
3551 1459 3660 1524 est,

2002 1556 2142 1597 eum
2161 1545 2396 1614 oportet
2412 1545 2618 1614 aptam
2632 1542 3099 1615 expeditamque
3119 1547 3401 1601 naturam
3423 1544 3504 1601 ad
3523 1560 3662 1600 eam

2002 1629 2406 1685 exercendam
2461 1629 2686 1686 habere
2731 1648 2745 1698 ;
2797 1629 3176 1696 luctatorem,
3235 1648 3456 1705 corpus
3509 1633 3665 1688 bene

2003 1718 2402 1775 constitutum
2431 1722 2488 1775 et
2528 1718 2848 1775 robustum
2880 1737 2894 1788 ;
2924 1736 3254 1789 cursorem,
3298 1721 3666 1779 concinnita-

291 1818 382 1873 καὶ
435 1823 529 1878 τήν
581 1823 899 1890 κουφότητα·
953 1816 1088 1869 οὕτω
1145 1819 1234 1868 καὶ
1304 1819 1391 1868 τὸν
1458 1813 1777 1889 κυϐερνήτην
1835 1813 1892 1863 τὸ

2019 1824 2125 1866 :em
2150 1807 2566 1864 membrorum
2584 1811 2764 1881 atque
2783 1808 3114 1866 levitatem:
3139 1810 3220 1866 ad
3259 1810 3665 1884 eumdemque

292 1920 390 1974 τῆς
438 1906 674 1970 διανοίας
721 1907 811 1970 ὀξύ
860 1909 951 1959 καὶ
1006 1905 1543 1981 εὐπαρακολούθητον,
1601 1905 1697 1956 Διά
1742 1908 1895 1954 τοῦτο

295 2001 355 2053 ού
403 2003 490 2052 τόν
536 2002 774 2071 τυχόντα
810 1996 957 2049 καλεί
993 1999 1124 2069 πρὸς
1162 1999 1256 2054 τὴν
1302 1993 1612 2068 κυϐέρνησιν
1657 1994 1682 2046 ό
1722 1991 1894 2065 λόγος,

297 2088 427 2143 ἀλλᾶ
489 2090 578 2140 τόν
633 2089 880 2160 νοήμονα.
949 2091 1013 2138 Τι
1065 2081 1125 2137 δέ
1185 2082 1324 2137 ἐστιν
1372 2085 1402 2143 ἠ
1471 2082 1804 2158 κυϐέρνησις,
1864 2081 1893 2140 ᾖ

295 2181 502 2240 πάντως
554 2176 817 2248 ἐπιστήμη
871 2174 1060 2248 ψυχῆς
1114 2178 1234 2248 περὶ
1300 2179 1394 2232 τὴν
1451 2174 1678 2225 ἄστατον
1745 2173 1899 2245 φύσιν

296 2278 397 2323 τῶν
463 2268 796 2342 ἀνθρωπίνων
861 2265 1206 2340 πραγμάτων,
1276 2265 1415 2326 ὅπως
1481 2262 1644 2321 αὐτὴν
1709 2258 1899 2314 διαπε-

298 2359 584 2435 ραιούσθαι
610 2360 869 2431 προσήκει
896 2371 910 2422 ;
945 2353 1223 2425 Πολλαχοῡ
1248 2373 1350 2427 γαρ
1381 2349 1556 2405 ὕδατα
1592 2354 1681 2404 καὶ
1711 2351 1902 2404 Θάλασ-

302 2469 398 2502 σαν
431 2451 520 2500 τὸν
548 2445 666 2520 βίον
697 2452 879 2498 τοῦτον
925 2445 1233 2518 εὑρίσκομεν
1277 2445 1377 2496 ὑπὸ
1407 2451 1505 2504 τῆς
1534 2448 1744 2516 Γραφῆς
1772 2440 1902 2492 ὠνο-

301 2541 584 2613 μασμένον,
668 2537 738 2596 ὡς
813 2533 863 2586 ἐν
939 2541 1012 2605 τῷ
1095 2531 1305 2606 ψαλμῷ·
1391 2529 1771 2595 Ἐξαπέστειλεν
1852 2527 1905 2592 ἐξ

301 2627 489 2700 ὕψους,
547 2629 638 2678 καὶ
686 2623 835 2677 ἔλαϐέ
902 2641 984 2696 με·
1054 2620 1402 2696 προσελάϐετό
1468 2640 1531 2694 με
1587 2618 1641 2684 ἐξ
1697 2616 1908 2672 ὑδάτων

303 2718 520 2773 πολλῶν.
564 2710 836 2789 Πρόδηλον
874 2715 998 2788 γὰρ,
1053 2714 1133 2765 ὅτι
1188 2717 1283 2770 τὴν
1335 2715 1580 2787 ταραχὴν
1627 2716 1718 2762 τοῦ
1759 2707 1904 2782 βίου,

306 2805 482 2862 ὕδατα
521 2803 860 2878 λέγει.”οὗτε
896 2805 997 2878 γὰρ
1037 2804 1104 2854 τά
1147 2797 1298 2864 δεξιά
1333 2805 1423 2853 καὶ
1469 2795 1912 2875 περισπούδαστα

307 2906 418 2960 τοῖς
459 2895 666 2958 πολλοῖς
691 2897 752 2947 τὸ
784 2893 945 2956 ἑστὼς
981 2895 1072 2944 καὶ
1101 2895 1316 2965 μόνιμον
1348 2893 1480 2964 ἔχει,
1524 2893 1639 2942 οὔτε
1663 2890 1731 2941 τά
1757 2906 1910 2961 περι-

317 2988 540 3041 στατικά
588 2993 688 3037 τῶν
740 2983 1065 3058 πραγμάτων
1107 2986 1199 3033 καὶ
1245 2985 1452 3053 κατηφῆ
1499 2983 1704 3052 παγίως
1735 2974 1911 3051 ἡδρα-

320 3096 458 3130 σταιο
487 3074 615 3128 ἀλλὰ
642 3075 812 3127 πάντα
851 3071 992 3143 σάλῳ
1029 3073 1130 3123 τινὶ
1172 3075 1262 3123 καὶ
1294 3070 1456 3142 κλόνῳ
1483 3074 1574 3122 καὶ
1603 3065 1916 3142 μεταϐολαῖς

2005 1897 2262 1954 modum
2276 1897 2767 1968 gubernatorem,
2783 1914 3036 1955 acumen
3054 1900 3272 1955 mentis
3285 1917 3356 1956 ac
3374 1901 3666 1970 sagacita-

2005 1991 2148 2044 tem.
2165 1989 2208 2053 Q
2219 1986 2575 2043 uamobrem
2588 2003 2711 2044 non
2723 1987 3056 2060 quemlibet
3069 1989 3148 2044 ad
3166 1989 3666 2061 gubernationem

2006 2080 2182 2133 vocat
2199 2075 2524 2149 Scriptura,
2548 2075 3124 2146 sedintelligentem.
3163 2077 3318 2143 Quid
3345 2083 3548 2136 autem
3577 2081 3670 2134 est

2009 2164 2390 2238 gubernatio,
2413 2166 2456 2234 ι
2475 2167 2517 2234 1
2537 2166 2580 2234 ι
2609 2164 2725 2220 nisi
2745 2164 2996 2221 omnino
3012 2165 3197 2222 animi
3217 2167 3468 2224 scientia
3487 2171 3669 2240 atque

2011 2271 2134 2321 ars,
2165 2255 2324 2310 circa
2345 2269 2550 2311 rerum
2570 2254 2982 2310 humanarum
3012 2254 3491 2326 instabilitatem,
3522 2272 3671 2328 quo-

2009 2345 2197 2403 modo
2224 2360 2336 2418 par
2356 2345 2430 2400 sit
2449 2359 2587 2401 eam
2607 2344 2920 2416 trajicere?
2941 2348 3092 2402 Nam
3111 2346 3262 2403 locis
3284 2347 3488 2403 multis
3507 2347 3671 2403 inve-

2011 2435 2216 2492 nimus
2251 2433 2442 2490 vitam
2482 2433 2642 2490 hanc
2671 2449 2865 2506 aquas
2887 2437 2946 2490 et
2973 2450 3140 2490 mare
3162 2451 3200 2492 a
3230 2437 3536 2509 Scriptura
3567 2453 3673 2510 ap-

2011 2525 2328 2600 pellatam,
2350 2527 2414 2580 ut
2444 2522 2506 2578 in
2532 2522 2774 2579 Psalmo
2806 2539 2820 2577 :
2852 2524 3018 2579 Misit
3049 2525 3124 2581 de
3147 2541 3399 2595 summo,
3423 2535 3479 2584 et
3507 2545 3672 2588 acce-

2013 2616 2101 2687 pit
2118 2613 2575 2683 me:assumpsit
2588 2613 2763 2670 mede
2775 2614 2946 2684 aquis
2966 2615 3259 2684 multis“.
3281 2618 3513 2675 Etenim
3532 2621 3671 2678 vitze

2015 2704 2344 2765 tumultum
2375 2720 2570 2777 aquas
2593 2708 2800 2776 aperte
2825 2708 3024 2760 vocat.
3046 2708 3246 2778 Neque
3268 2708 3430 2763 enim
3455 2725 3552 2766 res
3584 2727 3676 2768 se-

2018 2795 2253 2868 cundm,
2281 2799 2339 2850 et
2356 2810 2621 2867 quarum
2645 2793 2846 2850 studio
2875 2793 3145 2868 plerique
3171 2799 3468 2869 tenentur,
3491 2800 3674 2857 stabi-

2016 2885 2244 2942 litatem
2264 2900 2335 2940 ac
2350 2881 2808 2939 diuturnitatem
2828 2882 3075 2951 habent,
3088 2899 3284 2958 neque
3297 2902 3390 2942 res
3404 2888 3676 2946 adversa:

2021 2991 2093 3032 ac
2129 2975 2328 3030 tristes
2359 2975 2709 3030 constanter
2733 2978 3159 3044 perseverant:
3201 2974 3308 3030 sed
3363 2978 3677 3047 agitationi

2022 3063 2267 3120 cuidam
2288 3062 2603 3134 motuique
2633 3065 2691 3117 et
2731 3061 3058 3134 inopinatis
3095 3063 3536 3122 mutationibus
3567 3069 3676 3126 ob-

317 3163 600 3228 ἀδοκήτοις
632 3165 923 3218 ὑπόκειται.
962 3161 1163 3235 Ὠσπερ
1215 3156 1302 3213 οὖν
1337 3159 1604 3213 θάλασσαν
1637 3156 1908 3231 ἀμήχανον

2021 3153 2210 3210 noxia
2235 3157 2376 3208 sunt
2401 3151 2627 3207 omnia.
2653 3150 3184 3216 Quemadmodum
3203 3151 3386 3223 igitur
3403 3154 3532 3212 ﬁeri
3553 3173 3679 3215 non

315 3261 410 3316 τὴν
458 3255 620 3314 αὐτὴν
674 3253 757 3307 ἐπὶ
810 3253 940 3306 πολὺ
981 3249 1265 3327 διαρκέσαι
1307 3252 1425 3322 (τήν
1479 3251 1579 3324 γὰρ
1633 3256 1721 3301 νῦν
1777 3247 1914 3300 λείαν

314 3349 404 3398 καὶ
435 3345 689 3419 σταθερὰν
736 3344 922 3415 μικρὸν
961 3341 1177 3414 ὕστερον
1223 3339 1325 3412 ὄψῃ
1522 3336 1670 3411 βίαις
1719 3334 1915 3409 ἀνέμων

314 3437 730 3511 τραχυνομένην,
781 3434 871 3482 καὶ
907 3433 1084 3503 μέντοι
1112 3432 1203 3481 καὶ
1244 3432 1340 3487 τὴν
1390 3426 1786 3498 ἀγριαίνουσαν,
1828 3426 1917 3476 καὶ

316 3510 690 3599 βρασσομένην
729 3526 801 3590 τῷ
839 3515 1089 3586 κλύδωνι,
1135 3517 1327 3590 βαθεῖα
1367 3510 1564 3588 γαλήνη
1613 3518 1754 3588 ταχύ
1785 3532 1917 3566 κατ-

315 3613 628 3688 εστόρεσεν)’
679 3610 814 3662 οὕτω
855 3612 947 3660 καὶ
995 3609 1060 3660 τὰ
1107 3602 1199 3659 τοῦ
1233 3605 1354 3680 βίου
1396 3606 1683 3679 πράγματα
1716 3599 1920 3679 ῥᾳδίως

311 3701 565 3777 λαμϐάνει
619 3702 714 3762 τὰς
776 3698 1130 3772 περιπροφάς
1195 3695 1266 3768 ἐφ’
1321 3694 1558 3769 ἑκάτερα.
1617 3695 1712 3747 Διά
1765 3699 1919 3745 τοῦτο

316 3791 635 3866 κυϐερνήτου
665 3792 845 3862 χρεία,
897 3788 981 3839 ἵνα
1021 3790 1111 3838 καὶ
1150 3783 1198 3837 ἐν
1227 3784 1428 3858 γαλήνῃ
1475 3790 1567 3837 τοῦ
1618 3782 1741 3856 βίου
1784 3783 1920 3836 πάν-

316 3902 417 3935 των
466 3884 607 3951 αύτῷ
653 3879 788 3931 κατά
825 3877 950 3953 ῥοῦν
985 3876 1100 3948 (51)
1145 3878 1450 3950 προϊόντων,
1500 3871 1594 3934 τάς
1632 3870 1922 3945 μεταϐολὰς

319 3968 633 4045 ἐκδέχηται,
682 3971 772 4020 καὶ
818 3971 889 4040 μὴ
933 3968 1002 4028 ὡς
1041 3963 1320 4025 ἀθανάτοις
1367 3961 1766 4020 ἐπαναπαύηται
1807 3967 1923 4023 τοῖς

318 4070 570 4139 παροῦσι,
607 4063 698 4112 καὶ
750 4056 799 4109 ἓν
857 4063 919 4128 τῇ
983 4056 1390 4130 σκυθρωποτέρᾳ
1454 4053 1780 4105 καταστάσει
1845 4053 1918 4123 μή

321 4153 578 4225 ἀπελπίζη
627 4149 828 4215 ἑαυτὸν,
871 4141 1010 4220 μηδέ
1039 4153 1101 4218 τῇ
1148 4147 1498 4220 περισσοτέρᾳ
1547 4141 1682 4215 λύπῃ
1746 4159 1918 4193 κατα-

319 4245 496 4305 ποθεὶς
524 4235 852 4314 ὑποϐρύχιος
881 4239 1120 4309 φέρηται.
1152 4237 1288 4287 Οὔτε
1339 4235 1440 4307 γὰρ
1486 4234 1602 4304 (52)
1631 4233 1783 4304 ύγεία
1821 4234 1923 4283 σώ-

2022 3247 2238 3318 potest,
2261 3247 2328 3300 ut
2353 3257 2523 3299 mare
2569 3240 2675 3297 diu
2699 3241 2864 3297 idem
2909 3247 3268 3314 permaneat
3292 3244 3485 3316 (quod
3514 3247 3678 3305 enim

2023 3331 2604 3406 nunctranquillum
2633 3347 2707 3387 ac
2727 3329 2942 3388 stabile
2964 3332 3154 3400 vides,
3179 3333 3364 3405 paulo
3384 3341 3523 3408 post
3542 3353 3683 3394 con-

2023 3423 2242 3497 spicies
2274 3427 2586 3479 ventorum
2615 3421 2674 3477 vi
2694 3426 3122 3494 exasperatum
3150 3439 3163 3476 :
3187 3424 3354 3496 quod
3374 3442 3519 3483 vero
3545 3427 3683 3485 effe-

2023 3517 2226 3570 ratum
2256 3516 2368 3582 est,
2402 3516 2460 3568 et
2484 3515 2637 3567 aestu
2666 3509 3084 3583 effervescens,
3109 3528 3250 3570 mox
3273 3517 3682 3588 tranquillitas

2026 3601 2148 3659 alta
2169 3599 2408 3670 sedat):
2445 3599 2530 3656 sic
2561 3599 2744 3655 etiam
2773 3615 2870 3655 res
2902 3599 3232 3656 mundanas
3271 3602 3332 3657 in
3359 3608 3682 3678 utramque

2025 3694 2263 3766 partem
2278 3687 2454 3746 facile
2474 3690 3082 3744 convertuntur.Eam
3097 3689 3176 3744 ob
3190 3705 3442 3747 causam
3461 3693 3684 3764 guber-

2025 3785 2238 3838 natore
2275 3794 2433 3851 opus
2461 3783 2575 3847 est,
2607 3781 2670 3834 ut
2692 3782 2750 3834 et
2779 3777 2842 3833 in
2863 3777 2995 3833 vita:
3024 3778 3454 3852 tranquillitate
3483 3783 3682 3841 omni-

2025 3871 2145 3927 bus
2173 3886 2246 3926 ex
2267 3867 2456 3926 animi
2478 3866 2778 3923 sententia
2797 3867 3283 3942 procedentibus,
3318 3872 3685 3929 mutationes

2027 3958 2428 4034 prrestoletur,
2457 3972 2569 4013 nec
2598 3955 2662 4011 in
2687 3954 3090 4028 praesentibus
3115 3961 3412 4030 tanquam
3445 3977 3688 4035 semper

2026 4047 2444 4124 permansuris
2465 4045 2875 4118 conquiescat,
2903 4061 3101 4118 neque
3129 4045 3204 4102 de
3227 4063 3290 4104 se
3316 4048 3596 4122 desperet
3623 4051 3687 4108 in

2031 4143 2192 4197 statu
2209 4136 2535 4206 maestiore,
2552 4150 2752 4208 neque
2767 4134 3211 4192 abundantiore
3229 4137 3468 4195 tristitia
3481 4139 3690 4197 absor-

2029 4230 2223 4304 ptus“
2241 4226 2905 4297 submergatur.Neque
2917 4223 3079 4280 enim
3093 4226 3363 4299 corporis
3375 4227 3688 4300 valetudo,

319 4351 504 4409 ματος,
551 4332 671 4397 οὔτε,
707 4331 948 4386 νεότητος
990 4326 1164 4392 ἄνθος,
1217 4322 1312 4376 ούκ
1355 4322 1570 4381 εύθηνία
1615 4327 1783 4388 οἴκου,
1817 4319 1908 4392 οὐχ

2031 4331 2229 4390 neque
2244 4313 2576 4387 juventutis
2596 4312 2729 4376 ﬂos,
2743 4327 2944 4384 neque
2961 4311 3182 4368 domus
3200 4313 3474 4384 felicitas,
3489 4333 3690 4391 neque

321 4408 536 4485 ἦλοιπὴ
569 4428 661 4473 τοῦ
708 4417 830 4492 βίου
861 4417 1111 4490 εύημερία
1155 4411 1372 4467 ἐπιπολὺ
1425 4409 1678 4485 διαμένειο
1721 4409 1827 4463 ἀλλ’
1873 4408 1922 4461 ἓν

319 4523 383 4588 τῇ
431 4509 585 4584 εὐδίᾳ
611 4512 776 4582 ταύτῃ
818 4513 910 4560 τοῦ
943 4505 1065 4579 βίου
1114 4504 1201 4570 ὥν,
1235 4499 1461 4575 ἐκδέχου
1499 4504 1624 4554 ποτὶ
1666 4504 1758 4553 καὶ
1810 4519 1925 4572 χει-

321 4613 468 4679 μῶνα
514 4601 859 4676 πραγμάτων.
889 4595 1033 4659 Ἥξει
1070 4597 1172 4668 γὰρ
1220 4597 1394 4660 νόσος,
1454 4595 1544 4644 καὶ
1593 4589 1704 4653 ἣξει
1749 4593 1918 4679 πενίας

321 4676 414 4746 οὐκ
446 4691 526 4746 ἀεὶ
568 4691 706 4743 κατὰ
728 4690 966 4762 πρύμναν
1007 4686 1284 4757 ἱσταμένου
1314 4688 1406 4735 τοῦ
1449 4687 1760 4753 πνεῦματος·
1795 4676 1924 4730 ἀλλά

321 4789 413 4838 καὶ
452 4782 541 4836 τόν
578 4777 914 4856 περίϐλεπτον
967 4773 1015 4827 ἐν
1067 4779 1203 4827 πᾶσι
1259 4775 1350 4825 καὶ
1389 4769 1622 4833 ζηλωτὸν
1665 4764 1924 4827 ἀδόκητοι

322 4873 571 4934 πολλάκις
623 4866 841 4932 ἀδοξίαι
893 4863 1376 4938 καταλαμϐάνουσι·
1435 4864 1527 4914 καὶ
1591 4865 1767 4913 πᾶσαν
1827 4862 1924 4917 τὴν

326 4964 600 5036 εὐημερίαν
626 4967 720 5014 τοῦ
762 4956 907 5032 βίου,
948 4952 1054 5008 οἷον
1100 4948 1354 5013 σπιλάδες
1394 4953 1546 5022 τινες,
1587 4949 1926 5023 περιστάσεις

331 5050 608 5110 ἀϐούλητοι
657 5045 1027 5122 συνετάραξαν.
1075 5048 1178 5099 Καὶ
1223 5043 1254 5102 ἡ
1309 5044 1558 5114 συνέχεια
1602 5047 1703 5092 τῶν
1749 5045 1925 5092 κακῶν

399 5179 448 5214 ⁷ο
485 5179 654 5234 Prov.
682 5193 722 5243 ι,
761 5179 815 5231 5.

396 5304 508 5376 (50)
531 5301 682 5359 Editi
701 5305 758 5376 et
777 5295 1166 5357 Colb.tertius
1187 5293 1324 5376 eam),
1343 5291 1455 5376 Alii
1475 5291 1599 5376 duo
1618 5307 1765 5376 mss.
1789 5288 1926 5376 ὸξξιειζ

322 5361 453 5447 Mox
478 5361 618 5445 Reg.
645 5373 960 5447 primuset
975 5361 1283 5447 secundus
1297 5361 1494 5447 ῥᾳδίας
1520 5362 1792 5436 λαμϐάνει.
1813 5361 1931 5420 Sed

324 5384 453 5458 Mog:
479 5384 618 5445 Reg.
645 5388 878 5447 primus
901 5384 960 5426 et
975 5384 1280 5450 secundus
1289 5384 1398 5490 ἔξω
1412 5385 1494 5428 ιας
1523 5384 1792 5436 Λαμοανει.
1813 5384 1868 5420 δε

324 5445 424 5505 alii
450 5448 574 5503 duo
603 5461 750 5502 mss.
771 5442 936 5521 Colb.
965 5446 1024 5497 et
1048 5441 1197 5521 editi.
1216 5457 1286 5512 ρᾳ
1329 5457 1453 5521 ιωςὶ
1726 5511 1738 5521 Α
1829 5506 1868 5521 Η

393 5525 504 5590 (51)
529 5521 766 5590 Veteres
787 5519 1050 5590 quatuor
1064 5510 1200 5576 libri
1217 5510 1352 5562 Statra:
1365 5516 1505 5590 γοῦν,
1521 5510 1930 5590 ραῖιεεηεεηίὶα.

321 5580 590 5664 Utraque
621 5580 958 5664 editio-sarit
985 5583 1130 5659 ῥοῦν,
1153 5581 1412 5664 εεςιιηιζο
1431 5580 1700 5664 ﬂumine.
1732 5580 1932 5664 Quan-

321 5649 515 5739 quam
543 5662 640 5719 bes
669 5660 806 5718 dua:
825 5649 1124 5716 lectiones
1144 5653 1344 5728 prima
1362 5649 1558 5710 frente
1582 5649 1775 5708 videri
1793 5663 1929 5722 pos-

889 5172 939 5210 τι
971 5169 1131 5228 Psal.
1160 5184 1300 5239 xvu,
1337 5169 1422 5224 l7.
1496 5167 1546 5202 ’⁸³
1588 5164 1634 5219 II
1665 5167 1799 5224 Cor.
1825 5180 1887 5234 ir,
1919 5167 1975 5221 7.

2031 4405 2265 4478 reliqua
2291 4403 2429 4458 vitae
2455 4400 2856 4475 prosperitas,
2887 4399 2996 4456 diu
3017 4400 3236 4459 durat:
3271 4403 3378 4460 sed
3408 4405 3459 4461 si
3482 4405 3545 4461 in
3574 4407 3691 4464 hac

2029 4497 2169 4554 vitae
2187 4491 2505 4550 serenitate
2527 4488 2807 4557 versaris,
2821 4491 3028 4545 tamen
3044 4505 3248 4547 rerum
3266 4493 3597 4564 procellam
3618 4511 3692 4552 ac

2029 4587 2452 4659 tempestatem
2466 4579 2798 4654 aliquando
2816 4583 3120 4652 exspecta,
3133 4581 3338 4638 Veniet
3352 4582 3514 4639 enim
3530 4600 3693 4642 mor-

2029 4677 2171 4745 bus,
2209 4672 2411 4731 veniet
2460 4675 2518 4727 et
2564 4673 2915 4742 paupertas,
2965 4673 3148 4725 vento
3201 4685 3328 4726 non
3367 4687 3607 4744 semper
3653 4666 3692 4732 ε

2030 4764 2228 4841 puppi
2257 4762 2560 4835 surgente.
2589 4757 2704 4815 Sed
2733 4761 2791 4814 et
2809 4757 3009 4814 virum
3037 4757 3101 4814 in
3131 4758 3418 4817 omnibus
3449 4765 3695 4835 specta-

2031 4857 2218 4916 bilem
2250 4868 2322 4910 ac
2347 4847 2766 4908 aemulandum
2795 4847 3098 4906 invadunt
3123 4849 3538 4924 inexspectata
3563 4851 3693 4926 ple-

2031 4958 2293 5016 rumque
2305 4939 2628 5007 dedecora,
2643 4941 2826 5010 atque
2839 4935 3155 5010 improvisi
3173 4954 3351 4995 casus
3371 4940 3548 5012 quasi
3563 4941 3694 5014 qui-

2034 5033 2181 5091 dam
2205 5029 2482 5088 turbines
2501 5040 2751 5084 omnem
2771 5023 2906 5082 vitae
2926 5023 3270 5083 felicitatem
3289 5025 3695 5090 interturbant

2038 5286 2158 5343 sint
2211 5281 2471 5340 multum
2519 5294 2583 5359 a_
2621 5292 2687 5334 se
2741 5270 3002 5359 differre,
3064 5279 3300 5359 constat
3353 5282 3559 5359 tamen
3610 5277 3696 5341 eis

2039 5373 2232 5414 unam
2292 5359 2351 5410 et
2406 5349 2690 5427 eamdem
2744 5349 3060 5412 notionem
3132 5349 3472 5422 subjectam
3542 5370 3694 5427 esse,

2039 5429 2382 5499 eodemque
2411 5423 2624 5499 redire.

2111 5501 2223 5573 (52)
2255 5491 2515 5574 Utraque
2541 5491 2724 5574 editio
2741 5495 2856 5546 οὔτε
2875 5494 3000 5568 γὰρ.
3024 5491 3246 5552 Vocula
3275 5497 3376 5571 γάρ
3397 5495 3462 5552 in
3481 5498 3700 5564 nostris

2038 5569 2188 5630 mss.
2208 5569 2211 5570 ⁷
2230 5585 2355 5628 non
2381 5569 2698 5626 invenitur.
