4098 6392
415 349 516 425 4m

1788 336 2400 412 S.BASHJIMACNi

3666 347 3771 420 em

417 492 545 548 lmo
573 488 756 546 etiam
784 485 1036 542 assidua
1083 481 1247 538 mala
1279 484 1421 538 sunt
1450 481 1557 538 tibi
1587 480 1883 536 ﬂuctuum
1915 479 2067 544 loco,

2183 480 2356 554 ὥσπερ
2401 481 2612 554 κύματά
2653 484 2737 533 σοί
2784 479 2944 550 ἐστιν,
3003 480 3134 534 ἄλλα
3197 480 3277 534 ἐπ’
3338 474 3511 549 ἄλλοις
3578 485 3778 560 ἐπεγει-

417 596 679 655 quorum
693 577 791 634 alii
805 575 935 632 aliis
958 573 1350 629 succedentes
1367 571 1556 628 vitam
1572 570 1677 627 tibi
1691 573 2071 643 exasperant,

419 686 490 727 ac
526 665 894 725 horrendam
915 663 1047 720 vitae
1071 666 1488 735 tempestatem
1513 661 1615 717 tibi
1640 659 1955 716 inducunt.
1978 657 2074 713 Vi-

418 758 590 816 debis
622 753 953 828 aliquando
977 757 1033 809 et
1071 753 1200 807 haec
1231 749 1643 824 prmterlapsa,
1676 749 1990 821 vitamque
2012 747 2074 802 in

417 846 780 904 hilaritatem
830 847 887 900 et
925 843 984 898 in
1023 857 1161 896 vere
1194 840 1532 912 jucundam
1583 836 2073 910 tranquillitatem

419 938 907 992 transmutatam.
951 931 1055 986 Hic
1087 929 1269 1001 igitur
1295 934 1384 985 est
1411 928 1750 999 intelligens
1777 925 2074 998 guberna-

416 1031 510 1084 tor
538 1027 645 1098 qui
686 1023 974 1094 subjectae
1017 1025 1249 1076 naturae
1294 1018 1504 1075 habita
1546 1018 1801 1084 ratione,
1836 1032 1908 1071 ea
1934 1031 2073 1087 quas

419 1114 722 1182 accidunt,
753 1115 992 1178 tractat,
1025 1108 1251 1183 quique
1279 1107 1396 1164 sibi
1435 1107 1563 1180 ipse
1596 1105 1805 1162 similis
1833 1119 2076 1177 semper

417 1218 806 1279 permanens,
843 1214 1040 1273 neque
1087 1197 1270 1254 rebus
1297 1196 1447 1252 lastis
1486 1195 1750 1265 effertur,
1777 1211 1974 1267 neque
2011 1194 2075 1249 in

419 1292 705 1350 aerumnis
731 1291 937 1347 animo
959 1286 1245 1344 concidit.
1265 1289 1492 1342 Rursus
1514 1285 1697 1342 etiam
1726 1283 1807 1340 ad
1833 1284 1952 1339 alia
1971 1299 2076 1340 no-

416 1383 511 1441 bis
539 1382 678 1438 utile
710 1384 802 1437 est
831 1375 1288 1450 gubernationis
1305 1373 1698 1431 beneficium.
1734 1373 1880 1430 Novi
1909 1372 2073 1429 enim

417 1478 478 1531 et
502 1471 649 1529 alios
674 1470 912 1530 ﬂuctus,
943 1472 1000 1522 et
1019 1464 1388 1522 horrendam
1411 1467 1831 1537 tempestatem
1858 1462 2073 1520 adver-

416 1579 519 1618 sus
551 1560 822 1617 animam
849 1556 1289 1626 insurgentem,
1321 1558 1744 1626 tempestatem
1773 1551 2070 1621 videlicet,

415 1669 550 1727 quin
579 1668 652 1708 ex
679 1648 908 1706 vitiosis
947 1645 1150 1703 carnis
1180 1643 1497 1702 affectibus
1526 1644 1734 1700 oritur.
1765 1645 1915 1699 Nam
1944 1642 2068 1711 irae,

414 1747 474 1802 et
501 1744 768 1813 timores,
812 1743 871 1796 et
918 1737 1281 1809 voluptates,
1321 1738 1380 1792 et
1414 1733 1704 1791 molestiae
1753 1749 1826 1789 ex
1872 1731 2070 1788 carnis

2181 574 2390 644 ρόμενα,
2437 573 2768 644 τραχὺνοντά
2817 591 2902 624 σοι
2943 574 3030 623 τόν
3089 570 3226 644 βίον,
3281 578 3371 626 καὶ
3429 584 3784 650 περιϊστῶντα

2183 657 2394 733 φοϐερόν
2432 668 2528 722 τῆς
2572 661 2711 722 ζωῆς
2753 679 2835 713 σοι
2881 663 2969 713 τόν
3006 661 3118 734 (53)
3158 659 3420 717 κλύδωνα.
3463 664 3622 737 ’Ὁψει
3658 670 3783 720 ποτε

2181 752 2272 800 καὶ
2327 757 2496 801 ταῦτα
2545 745 2982 825 πάραδραμόντα,
3029 755 3119 804 καὶ
3177 754 3308 828 πρὸς
3363 754 3646 827 ἱλαρότητα
3692 761 3782 808 καὶ

2180 837 2365 898 λευκὴν
2416 842 2573 902 ὅντως
2617 840 2849 912 γαλήνην
2906 844 2992 894 τόν
3053 839 3169 914 βίον
3218 843 3624 916 μεταϐληθέντα.
3679 847 3779 900 Οὖ-

2180 949 2270 992 τος
2311 925 2398 981 οὖν
2446 929 2585 982 ἐστιν
2643 931 2668 982 ό
2711 935 2914 1004 νοήμων
2971 930 3311 1005 κυϐερνήτης,
3376 937 3402 987 ό
3452 933 3780 1010 ἐστοχασμέ-

2180 1039 2279 1081 νως
2342 1029 2439 1082 τῆς
2503 1021 2842 1094 ὑποκειμένης
2909 1023 3110 1093 φύσεως
3165 1025 3662 1099 μεταχειριζόμενος
3714 1027 3781 1079 τὰ

2183 1114 2552 1182 συμπίπτοντα
2585 1109 2720 1182 (54),
2761 1115 2850 1163 καὶ
2903 1111 3080 1184 ὅμοιος
3125 1109 3204 1164 ἀεὶ
3243 1113 3400 1177 αύτός
3449 1114 3617 1187 ἐαυτῷ
3663 1110 3782 1170 δια·

2180 1203 2362 1273 μένων,
2423 1205 2554 1274 μήτε
2619 1200 2952 1276 ἐπαιρόμενος
3008 1201 3056 1254 ἐν
3117 1209 3234 1266 ταῖς
3299 1204 3593 1278 εὐθυμίαις,
3653 1211 3781 1279 μήτε

2181 1295 2520 1343 καταπίπτων
2563 1289 2612 1343 ἐν
2652 1298 2768 1354 ταῖς
2801 1297 3112 1367 συμφοραῖς.
3156 1293 3315 1346 Πάλιν
3345 1300 3436 1348 καὶ
3473 1298 3604 1372 πρὸς
3631 1297 3781 1371 ἔτερα

2179 1385 2453 1453 χρήσιμον
2503 1382 2627 1454 ἡμῖν
2677 1379 2791 1434 ἐστι
2832 1383 2890 1433 τό
2941 1379 2995 1432 ἐκ
3024 1389 3122 1443 τῆς
3166 1382 3524 1457 κυϐερνήσεως
3561 1384 3775 1458 ἀγαθόν,

2182 1466 2324 1523 Οἶδα
2351 1473 2453 1545 γὰρ
2483 1476 2573 1524 καὶ
2603 1469 2735 1524 ἄλλα
2762 1473 2974 1544 κύματα
2996 1479 3088 1527 καὶ
3116 1469 3359 1526 κλύδωνα
3387 1473 3598 1550 φοϐερόν
3629 1473 3782 1528 ἐπαν-

2183 1560 2457 1632 ιστάμενον
2498 1567 2560 1634 τῇ
2607 1559 2786 1634 ψυχῇ,
2835 1564 2923 1614 τὸν
2959 1561 3014 1615 ἐκ
3054 1570 3153 1616 τῶν
3197 1564 3375 1616 παθῶν
3413 1573 3509 1626 τῆς
3563 1567 3778 1638 σαρκός.

2181 1654 2351 1722 Θυμοὶ
2387 1653 2485 1725 γὰρ
2527 1655 2616 1702 καὶ
2646 1650 2816 1724 φόϐοι,
2849 1657 2939 1705 καὶ
2969 1649 3159 1712 ἡδοναὶ
3188 1653 3304 1724 (55)
3331 1657 3421 1706 καὶ
3457 1652 3638 1722 λύπαι,
3673 1655 3779 1706 οἷον

2178 1739 2234 1790 ἔκ
2286 1759 2422 1802 τινος
2472 1739 2636 1802 ζάλης
2681 1738 2864 1813 βιαίας
2910 1748 3003 1794 τοῦ
3055 1750 3152 1804 τῆς
3195 1745 3393 1817 σαρκὸς
3449 1747 3778 1816 φρονήματος

415 1851 599 1893 sensu
626 1831 791 1890 velut
819 1845 892 1886 ex
911 1826 1176 1884 violento
1195 1823 1468 1898 quodam
1490 1823 1725 1880 turbine
1748 1836 2067 1894 erumpen-

2177 1833 2583 1904 προσπεσόντες,
2632 1829 2880 1892 πολλάκις
2916 1835 3010 1890 τὴν
3051 1829 3398 1906 ἀκυϐέρνητον
3436 1831 3623 1906 ψυχὴν
3653 1852 3776 1885 κατ-

413 1929 525 1988 tes,
564 1931 983 1994 saepenumero
1014 1915 1287 1971 animam
1325 1913 1732 1984 gubernatore
1760 1914 2067 1968 carentem

413 2013 893 2072 submerserunt.
909 2009 1151 2078 Oportet
1171 2004 1351 2074 igitur
1370 2007 1634 2059 mentem
1656 2001 1836 2076 quasi
1860 2017 2069 2074 quem-

413 2107 560 2163 dam
591 2101 1060 2173 gubernatorem
1103 2093 1419 2150 afiectibus
1449 2092 1901 2166 przesidentem,
1939 2106 2068 2148 car-

411 2207 676 2266 nemque
724 2185 949 2259 navigii
986 2185 1175 2241 instar
1222 2183 1392 2253 112
1437 2181 1968 2249 conscendentem,
2011 2184 2069 2238 et

411 2283 806 2356 cogitationes
836 2275 1014 2352 quasi
1039 2275 1243 2331 clavos
1263 2273 1449 2346 perite
1481 2273 2063 2344 circumvertentem,

411 2377 631 2434 ﬂuctus
672 2376 912 2428 strenue
943 2363 1302 2423 conculcare
1327 2380 1339 2418 :
1369 2362 1637 2436 itemque
1665 2362 1726 2419 in
1752 2361 2065 2419 altitudine

411 2465 894 2541 permanentem,
911 2460 966 2514 et
987 2454 1304 2512 affectibus
1334 2469 1525 2526 prope
1545 2452 1944 2521 inaccessam,
1967 2467 2067 2509 ne-

411 2570 726 2631 quaquam
747 2565 954 2608 eorum
975 2544 1374 2604 amaritudine
1397 2543 1572 2599 veluti
1593 2541 1897 2616 salsugine
1919 2558 2068 2616 qua-

410 2649 558 2707 dam
579 2640 890 2715 compleri,
908 2636 1017 2694 sed
1039 2649 1278 2707 semper
1297 2637 1575 2689 orantem
1597 2632 1795 2688 dicere
1821 2649 1834 2688 :
1857 2633 2068 2690 Eruar

411 2739 488 2798 ab
519 2738 589 2792 iis
620 2734 727 2806 qui
752 2731 1010 2787 oderunt
1041 2740 1154 2796 me,
1185 2730 1238 2780 et
1278 2723 1352 2780 de
1376 2722 1708 2795 profundis
1739 2737 2062 2794 aquarum.

409 2831 549 2888 Non
578 2841 670 2882 me
693 2823 1001 2890 demerget
1043 2820 1361 2886 tempestas
1397 2829 1610 2885 aquae:
1639 2828 1829 2884 neque
1852 2813 2063 2870 absor-

413 2921 547 2977 beat
575 2931 667 2983 me
699 2908 1077 2984 profundum
1098 2907 1169 2961 ⁷⁸.

484 3013 570 3066 16.
603 3005 701 3061 Vis
734 3014 1010 3059 enarrem
1040 2994 1148 3053 tibi
1177 2997 1236 3050 et
1261 2991 1445 3050 aliam
1473 2991 1950 3062 navigationem,
1983 2991 2063 3049 ad

407 3112 595 3174 quam
608 3089 1015 3152 necessarium
1030 3088 1118 3141 est
1133 3083 1313 3140 nobis
1327 3081 1787 3153 gubernationis
1802 3081 2063 3139 donum?

2177 1921 2471 1972 επόντισαν.
2515 1923 2602 1971 Δεῖ
2636 1923 2807 1972 τοίνυν
2849 1921 2937 1972 τόν
2975 1926 3093 1972 νοῦν
3138 1921 3314 1995 ὥσπερ
3362 1923 3483 1973 τινὰ
3519 1919 3775 1996 κυϐερνή-

2174 2027 2270 2065 την
2300 2009 2404 2059 ὁίνω
2441 2009 2731 2081 καθήμενον
2779 2017 2880 2061 τῶν
2910 2011 3088 2063 παθῶν
3119 2009 3254 2082 (56),
3295 2013 3385 2062 καὶ
3415 2011 3568 2064 οἱονεὶ
3592 2010 3774 2064 πλοίου

2175 2105 2272 2160 τῆς
2321 2099 2514 2170 σαρκὸς
2553 2095 2820 2166 ἐπιϐάντα,
2879 2103 2970 2152 καὶ
3019 2097 3272 2175 ἐμπείρως
3319 2103 3441 2161 τούς
3490 2098 3777 2173 λογισμούς

2176 2183 2282 2240 οἷον
2312 2190 2493 2249 οἴακας
2535 2191 2965 2261 περιστρέφοντα,
3030 2195 3347 2242 καταπατεῖν
3391 2191 3482 2262 μὶν
3533 2194 3776 2262 γενναίως

2174 2278 2242 2330 τὰ
2282 2279 2512 2350 κύματα,
2557 2276 2754 2348 ὑψηλόν
2805 2274 2864 2330 δὲ
2904 2274 3234 2350 διαμένοντα,
3275 2281 3366 2330 καὶ
3415 2275 3773 2352 δυσπρόσιτον

2177 2369 2299 2419 ὄντα
2336 2372 2446 2428 τοῖς
2491 2368 2707 2434 πάθεσι,
2756 2363 3019 2440 μηδαμῶς
3061 2375 3158 2428 τῆς
3200 2365 3291 2420 ἀπ’
3338 2376 3505 2420 αυτῶν
3558 2372 3777 2442 πικρίας

2177 2456 2351 2532 ὥσπερ
2402 2455 2573 2529 ἅλμης
2617 2458 2759 2519 τινός
2799 2455 3256 2530 ἀναπίμπλασθαι,
3309 2455 3420 2510 ἀλλ’
3450 2455 3530 2510 ἀεὶ
3557 2477 3778 2531 προσευ-

2175 2549 2398 2619 χόμενον
2471 2545 2651 2618 λέγειν’
2718 2544 2990 2605 Ῥυσθείην
3050 2544 3106 2599 ἐκ
3182 2554 3282 2598 τῶν
3339 2549 3631 2621 μισούντων
3686 2565 3772 2620 με,

2175 2639 2265 2687 καὶ
2312 2633 2368 2686 ἐκ
2414 2642 2516 2687 τῶν
2569 2633 2772 2708 βαθέων
2828 2631 3057 2690 ὑδάτων.
3125 2640 3212 2703 Μή
3272 2653 3338 2709 με
3379 2639 3772 2692 καταποντισά-

2173 2741 2247 2777 τω
2275 2727 2514 2796 καταιγὶς
2541 2719 2758 2794 ὕδατος,
2785 2720 2925 2798 μηδὲ
2952 2724 3255 2780 καταπιέτο
3276 2741 3345 2800 με
3365 2722 3554 2801 βυθός.

2247 2998 2331 3052 16.
2365 2992 2541 3048 Βούλει
2589 3013 2678 3048 σοι.
2716 2997 2807 3047 καὶ
2835 2994 3001 3070 ἕτερον
3029 2993 3188 3049 πλοῦν
3233 2991 3602 3071 διηγήσωμαι,
3641 2999 3773 3074 πρὸς

2170 3083 2225 3137 ὃν
2257 3082 2532 3156 ἀναγκαῖον
2573 3086 2695 3157 ἡμῖν
2735 3083 2848 3137 ἐστι
2877 3087 2937 3137 τό
2971 3073 3138 3160 δῶρον
3163 3093 3224 3145 τῆ
3236 3106 3257 3148 ς
3285 3085 3641 3160 κυϐερνήσεως
3663 3073 3691 3157 ;ν
3711 3088 3772 3142 Ἥ

404 3169 674 3260 Regnum
705 3181 995 3238 caelorum
1019 3173 1208 3231 simile
1228 3177 1313 3228 est
1345 3169 1576 3260 homini
1601 3171 1968 3260 negotiatori
1986 3171 2056 3227 τι.

2177 3171 2521 3247 βασιλείατῶν
2587 3173 2816 3248 ούρανῶν
2891 3176 3049 3248 ὁμοία
3103 3174 3244 3228 ἐστὶν
3320 3173 3476 3252 ἀνδρὶ
3541 3174 3768 3250 ἐμπόρῳ.

409 3257 713 3346 Quotquot
762 3267 944 3338 igitur
989 3260 1406 3332 evangelicam
1452 3259 1616 3315 viam
1649 3257 2060 3329 ambulamus,

406 3369 772 3425 mercatores
791 3371 1022 3425 sumus,
1055 3347 1455 3409 observandis
1479 3348 1793 3421 praeceptis
1817 3364 2062 3421 compa-

405 3459 610 3515 rantes
634 3449 812 3508 nobis
835 3443 1167 3503 caelestium
1192 3439 1664 3513 possessionem.
1696 3441 1939 3510 Oportet
1958 3437 2064 3508 igi-

407 3550 507 3605 tur
546 3559 660 3600 nos
712 3537 933 3596 multas
981 3537 1038 3589 et
1074 3531 1277 3588 varias
1314 3528 1554 3585 divitias
1585 3527 1855 3610 cmlestes
1898 3526 2062 3584 colli-

410 3651 572 3708 gere,
594 3631 645 3688 si
671 3628 938 3687 nolimus
961 3620 1120 3680 afﬁci
1147 3619 1379 3694 pudore
1400 3619 1463 3675 in
1491 3617 1660 3674 lucro
1692 3616 2060 3708 exhibendo,

407 3706 659 3800 perinde
690 3723 872 3792 atque
900 3713 941 3771 ii
969 3711 1074 3786 qui
1103 3709 1329 3767 talenta
1359 3712 1738 3800 acceperant,
1771 3706 2063 3800 nolimus-

409 3796 527 3889 que
565 3810 776 3870 audire
809 3825 823 3863 :
854 3805 1039 3861 Serve
1067 3800 1226 3857 male
1246 3804 1300 3856 et
1323 3800 1500 3869 piger
1531 3799 1577 3832 ⁷⁵
1613 3814 1626 3853 :
1679 3797 1946 3870 itemque
1972 3796 2060 3853 ni-

405 3887 683 3971 tendum,
713 3902 782 3954 ut
809 3890 1110 3964 impositis
1153 3887 1454 3944 mercibus
1501 3887 1662 3943 hanc
1703 3887 1894 3944 vitam
1933 3891 2061 3944 tuto

405 3987 972 4051 transeamus.Nam
993 3977 1165 4035 multi
1185 3975 1374 4033 multa
1394 3992 1430 4032 a
1441 3975 1755 4047 juventute
1777 3975 2062 4047 colligen-

406 4086 519 4150 tes,
546 4079 653 4134 ubi
695 4073 776 4132 ad
804 4068 1071 4128 mediam
1107 4067 1230 4122 fere
1259 4069 1496 4122 aetatem
1540 4065 1848 4138 progressi
1899 4069 2058 4130 sunt,

405 4166 692 4242 nequitia:
715 4159 1021 4237 spiritibus
1051 4157 1343 4213 adversus
1373 4171 1476 4212 eos
1513 4155 1873 4212 tentationes
1906 4155 2062 4211 exci-

405 4258 699 4328 tantibus,
738 4248 1111 4324 tempestatis
1149 4263 1324 4310 onus.
1369 4249 1578 4318 utpote
1619 4245 2059 4317 gubernatione

406 4345 697 4413 destituti,
737 4357 862 4399 non
892 4337 1304 4395 sustinuerunt
1328 4354 1342 4405 ;
1365 4333 1475 4392 sed
1504 4334 1782 4391 omnium
1814 4333 2059 4391 illarum

405 4453 612 4498 rerum
628 4424 1340 4507 jacturamfecere.Unde
1361 4423 1462 4481 alii
1493 4424 1672 4482 Circa
1699 4424 1878 4493 ﬁdem
1907 4439 2059 4481 nau-

2172 3265 2362 3325 Πάντες
2392 3260 2480 3316 οὖν
2523 3264 2572 3316 οἱ
2619 3268 2712 3323 τὴν
2759 3263 3098 3337 εύαγγελικὴν
3143 3262 3266 3319 όδὸν
3303 3270 3636 3342 πορευόμενοι
3675 3269 3772 3339 ἔμ-

2170 3358 2324 3428 ποροί
2355 3352 2526 3426 ἐσμεν,
2561 3350 2656 3407 διὰ
2684 3363 2781 3416 τῆς
2823 3353 3073 3428 ἐργασίας
3101 3353 3201 3408 τ’ῶν
3249 3354 3458 3409 ἐντολῶν
3510 3361 3600 3415 τὴν
3638 3364 3773 3416 κτῆ-

2174 3463 2257 3495 σιν
2318 3442 2521 3505 ἑαυτοῖς
2567 3451 2667 3496 τῶν
2708 3443 2960 3519 οὐρανίων
3002 3450 3508 3521 πραγματευόμενοι·
3551 3453 3637 3500 Δεῖ
3687 3447 3774 3500 οὖν

2171 3534 2311 3606 ἡμᾶς
2356 3532 2517 3585 πόλὺν
2569 3536 2660 3586 καὶ
2701 3533 2935 3587 ποικίλον
2969 3538 3057 3587 τόν
3099 3535 3335 3609 οὐράνιον
3382 3531 3603 3589 πλοῦτον
3655 3556 3776 3589 συν-

2171 3628 2405 3695 αγαγεῖν,
2439 3622 2584 3696 εἰμὴ
2635 3622 2903 3697 μέλλοιμεν
2942 3627 3402 3696 καταισχύνεσθαι
3445 3624 3496 3677 ἐν
3543 3633 3606 3698 τῇ
3657 3624 3775 3678 ἑπι-

2173 3708 2331 3776 δείξει
2360 3720 2455 3774 τῆς
2494 3709 2761 3786 ἐργασίας,
2805 3715 2872 3774 ὡς
2911 3715 2960 3764 οἱ
2995 3711 3232 3773 λαϐόντες
3268 3715 3333 3765 τὰ
3362 3712 3607 3782 τάλαντα,
3636 3709 3777 3786 μηδὶ

2172 3799 2395 3866 ἀκούειν,
2447 3799 2601 3853 Δοῦλε
2641 3803 2832 3876 πονηρέ
2871 3805 2959 3852 καὶ
3003 3800 3206 3875 ὀκνηρέ·
3253 3800 3546 3876 ἐνθεμένους
3604 3799 3663 3856 δὲ
3709 3805 3778 3856 τὰ

2172 3889 2436 3962 ἀγώγιμα,
2486 3887 2730 3962 ἀσφαλῶς
2769 3891 3053 3965 πειρᾶσθαι
3095 3895 3188 3949 τὴν
3229 3891 3368 3952 ζωὴν
3429 3895 3625 3952 ταύτην
3657 3889 3776 3946 δια-

2169 3986 2350 4055 περᾲν.
2386 3977 2571 4032 Πολλοὶ
2619 3981 2720 4054 γὰρ
2760 3977 2926 4032 πολλὰ
2964 3981 3400 4054 συναθροίσαντες
3430 3981 3485 4034 ἐκ
3513 3986 3768 4052 νεότητος,

2168 4074 2288 4143 περὶ
2316 4071 2383 4121 τὰ
2406 4071 2544 4141 μέσα
2573 4076 2664 4121 τοῦ
2699 4066 2822 4141 βίου
2853 4073 3135 4143 γενόμενοι,
3169 4069 3567 4125 ἐπαναστάντων
3595 4073 3769 4136 αὐτοῖς

2169 4161 2473 4234 πειρασμῶν
2522 4156 2577 4210 ἐκ
2639 4165 2741 4210 τῶν
2814 4162 3119 4234 πνευμάτων
3178 4170 3276 4224 τῆς
3337 4167 3608 4239 πονηρίας,
3679 4162 3773 4216 ούκ

2170 4251 2389 4320 ἤνεγκαν
2437 4254 2531 4300 τοῦ
2566 4256 2830 4322 χειμῶνος
2859 4252 2917 4302 τὸ
2949 4247 3136 4325 βάρος,
3167 4247 3261 4304 διὰ
3289 4254 3350 4304 τὸ
3387 4257 3483 4312 τὴν
3513 4252 3772 4328 κυϐέρνη-

2173 4355 2258 4389 σιν
2307 4336 2488 4400 αὐτοῖς
2527 4341 2600 4411 μὴ
2660 4345 2922 4412 παρεῖναι,
2975 4337 3103 4392 ἀλλὰ
3157 4341 3362 4394 πάντων
3425 4341 3628 4396 ἐκείνων
3680 4349 3774 4405 τὴν

2177 4427 2372 4500 ζημίαν
2417 4428 2710 4500 ὑπέμειναν·
2748 4427 2900 4482 Ὃθεν
2939 4434 3029 4482 καὶ
3068 4431 3118 4482 οἱ
3160 4433 3250 4504 μὲν
3293 4437 3421 4508 Περὶ
3461 4438 3555 4492 την
3596 4440 3775 4489 πίστιν

405 4527 818 4599 fragaverunt
844 4521 917 4590 ⁷⁵,
948 4517 1067 4586 alii,
1099 4531 1296 4590 prava
1332 4514 1640 4586 voluptate
1682 4513 1745 4568 in
1802 4513 2058 4570 modum

2177 4514 2525 4589 ἐναυάγησαν
2586 4517 2729 4571 άλλοι
2796 4514 2855 4572 δὲ
2932 4525 3292 4596 σωφροσύνην,
3361 4527 3422 4582 ἧν
3482 4531 3779 4598 συνήγαγον

400 4617 829 4690 inexspectatus
839 4608 934 4680 cuj
946 4607 1162 4664 usdam
1174 4603 1802 4679 procellaeingruente,
1819 4617 2062 4676 compa-

2179 4605 2234 4659 έκ
2281 4612 2535 4678 νεότητος,
2587 4612 2761 4684 ῶσπερ
2810 4607 3126 4683 καταιγίδος
3169 4614 3309 4676 τινός
3353 4609 3619 4674 ἀδοκήτου
3665 4616 3779 4690 (57)

477 4744 528 4780 ⁷³
556 4738 931 4800 Psal.1.xvm.
968 4733 1056 4802 15,
1094 4735 1180 4788 t6.
1258 4730 1308 4765 ⁷⁸
1339 4727 1540 4800 Matth.
1566 4742 1690 4798 xm,
1719 4731 1810 4786 45.
1887 4729 1936 4765 ’⁸⁵
1968 4731 2067 4789 Mat

2200 4746 2336 4802 xxv,
2365 4737 2456 4791 26.
2532 4734 2582 4770 ’³⁸
2612 4737 2634 4792 ι
2665 4733 2814 4792 Tim.
2847 4750 2887 4804 ι,
2917 4738 3001 4792 19.

479 4869 592 4946 (53)
622 4869 777 4946 ᾖσε..
791 4860 1028 4946 primus
1058 4857 1325 4944 ζωῆςνσου
1351 4856 1461 4946 τόν.

633 4925 815 5004 illud:
848 4935 874 4986 ὁ
913 4931 1319 5016 ἐστοχασμένῳς
1355 4934 1453 4988 τῆς
1496 4925 1832 5016 ὑποκειμένης
1872 4928 2068 5016 φύσεως

449 4999 904 5085 εξαλαριζόμενος
975 4999 1073 5054 ταί
1107 4999 1492 5085 συμπίπτοντα,
1561 4999 1724 5085 male
1791 4999 2073 5085 lyerterat

390 5063 838 5141 'Vola'tei'ranus
868 5063 1959 5148 ;'qua1causafuit,_curCombefisius
1987 5071 2072 5128 ita

405 5157 832 5227 interpretatus
871 5142 951 5227 sit
975 5164 987 5201 :
1012 5145 1128 5227 Alia;
1150 5158 1282 5227 quae
1321 5142 1602 5227 subjectae
1631 5148 1873 5223 natura
1899 5142 2072 5227 obve.

406 5213 605 5289 niani,
619 5223 832 5281 mentis
844 5218 1092 5294 solertia
1109 5213 1536 5294 trfuctans._Sed
1551 5229 1674 5268 non
1688 5213 2070 5294 animadver-

407 5303 474 5358 tit
502 5286 600 5355 vir'
630 5291 1040 5360 doctissimus,
1068 5303 1132 5342 se
1157 5287 1240 5343 ita
1264 5286 1535 5360 vertisse,
1569 5286 1745 5356 quasi
1773 5291 2072 5360 scriptum

407 5356 584 5438 ésset,
635 5370 660 5420 6
710 5356 1113 5438 ἐστοχασμένως
1156 5356 1674 5438 ,μεταχειριζόμενος
1739 5359 1808 5409 τὰ
1876 5356 2071 5438 συμπί-

406 5428 603 5498 πτοντᾶ
650 5441 713 5506 τῇ
755 5428 1062 5506 οπδςιειμένῃ
1107 5428 1279 5504 φύσει,
1311 5428 1479 5484 cum
1532 5433 1739 5506 tamen
1768 5428 2073 5506 scriptum

407 5489 526 5584 sit:
660 5489 1017 5584 Ῠύποκειμέύης
1042 5489 1304 5584 fabam,
1329 5516 1403 5556 ex
1449 5514 1572 5584 qu_o
1619 5498 1688 5584 βε
1718 5503 1781 5555 ut
1807 5489 2073 5584 dubitari

404 5574 530 5644 non
556 5582 766 5657 possit,
799 5574 948 5652 quin
995 5574 1096 5657 hic
1125 5574 1448 5657 genitivus,
1481 5578 1578 5630 τῆς
1609 5574 1951 5657 ὑποκειμένης
1981 5574 2072 5644 ac.

409 5643 842 5731 egw;,'regatur
876 5661 1028 5707 voce
1077 5643 1506 5716 ίστοχασμένως,
1545 5643 1931 5701 considerata
1959 5643 2072 5701 na-

2179 4863 2322 4916 tura
2346 4874 2495 4942 quc_e_
2511 4858 2872 4942 subjicitur:
2885 4860 3002 4918 hoc
3022 4862 3385 4942 e_s_t«,r_at_zfone
3408 4865 3628 4942 ΔΙιίιόίια
3654 4870 3784 4942 ejus

2177 4945 2310 5014 qua;
2356 4931 2686 5013 subjicitur
2731 4934 3137 5014 naturae.__Sic
3176 4935 3355 5014 igitur
3403 4931 3784 5014 interpretari

2175 5003 2331 5083 licet,
2359 5005 2462 5074 qui
2486 5018 2618 5074 qua:
2639 5003 2948 5083 accidunt,
2975 5005 3070 5074 ita.
3094 5003 3429 5078 tractat,__ut
3453 5003 3784 5083 subiectam

2179 5081 2471 5130 naturam
2492 5074 2855 5131 consideret.

2254 5145 2361 5216 (55)
2390 5145 2640 5202 Codices
2657 5145 3088 5206 Combeﬁsiani
3101 5155 3192 5204 καὶ
3212 5147 3423 5211 ἡδοναί.
3439 5157 3676 5214 ·νοοιιιει
3697 5161 3787 5210 καί

2180 5232 2218 5272 n
2257 5217 2515 5286 vulgatis
2557 5216 2789 5276 aberat.

2255 5292 2371 5370 (.56)
2416 5287 2588 5368 llltld,
2642 5289 2747 5370 ὁζνω
2793 5291 3106 5370 καθήμενον
3150 5302 3251 5346 τῶν
3293 5299 3491 5366 παθῶν,
3547 5315 3785 5370 omnes,

2181 5359 2421 5442 opinor,
2424 5359 2682 5442 Asicacci
2691 5359 2982 5442 piendum
3007 5365 3235 5436 vident,
3263 5371 3442 5439 quasi
3459 5359 3536 5427 ex
3554 5374 3680 5428 alto
3703 5359 3788 5429 υίί

2185 5431 3134 5512 tios-isagecIibus’prwsigentem
3158 5431 3230 5512 ac
3259 5431 3678 5512 imperantem.

2399 5504 2502 5576 iSiQ
2529 5509 2675 5576 _tres_
2701 5519 2850 5561 mss.
2881 5506 3226 5567 Colbertini.
3277 5504 3404 5570 de
3435 5511 3700 5576 ἀδοκήτου
3728 5517 3791 5574 in

2184 5573 2359 5631 editis
2378 5573 2861 5634 desiderabatur.
