4098 6382
299 295 397 366 4éi

1241 290 1534 368 iiOiiILIA
1572 312 1640 367 IN
1685 289 2092 368 pith'CIPiiiu
2132 293 2709 376 PROVEBBIORUM.

3555 335 3669 391 422

300 443 393 497 τῆς
439 440 670 512 πονηρᾶς
716 431 912 499 ἡδονῆς
970 434 1388 510 ἐπιδραμούσης,
1441 434 1730 490 ἀπώλεσαν.
1769 435 1894 490 Ἐλε-

2012 441 2207 511 ratam
2251 438 2330 496 ab
2361 441 2613 512 juventa
2652 437 2990 502 castitatem
3039 450 3398 510 amiserunt.
3433 456 3671 515 Misera-

299 531 554 580 εινότατον
595 529 760 600 θέαμα
805 530 936 600 μετὰ
985 532 1246 594 νηστείαν,
1301 529 1432 600 μετὰ
1473 527 1894 601 σκληραγωγίαν,

297 619 429 690 μετὰ
470 622 777 690 προσευχὴν
816 616 1010 685 ἐκτενῆ,
1052 621 1182 689 μετὰ
1227 614 1454 693 δάκρυον
1500 614 1738 688 δαψιλὲς,
1770 617 1901 688 μετὰ

299 704 599 780 ἐγκράτειαν
649 706 770 759 ἑτῶν
799 710 962 760 εἴκοσί
992 727 1091 759 που
1123 707 1151 766 ἡ
1205 712 1294 760 καὶ
1332 710 1611 781 τριάκοντα
1643 708 1777 778 (58),
1826 701 1860 759 δ
1867 704 1899 756 ι’

299 794 611 871 ἀπροσεξίαν
676 797 862 870 ψυχῆς
936 802 1026 850 καὶ
1097 796 1330 871 ἀμέλείαν
1409 801 1601 872 γυμνὸν
1661 796 1898 850 ἁπάντων

301 883 710 959 ἀποδειχθῆναι,
742 893 831 940 καὶ
859 887 1224 962 παραπλήσιον
1279 890 1520 960 γενέσθαι
1567 891 1654 941 τὸν
1813 886 1898 962 ἑρ-

299 981 466 1049 γασίᾳ
509 985 608 1028 τῶν
636 981 748 1047 (59)
814 976 1025 1029 ἐντολῶν
1093 977 1460 1050 εὖθηνούμενον
1528 975 1733 1051 ἐμπόρῳ
1794 979 1898 1028 τινὶ

301 1065 718 1138 μεγαλοπλούτῳ,
776 1065 831 1127 ὃς
878 1075 950 1138 τῷ
1006 1065 1191 1125 πλήθει
1242 1073 1342 1118 τῶν
1396 1065 1674 1139 ἀγωγίμων
1732 1064 1898 1137 ἐπαγ-

300 1156 608 1230 γελλόμενος,
661 1156 716 1218 ἐξ
762 1156 944 1229 ούρίας
990 1157 1130 1228 αύτῷ
1181 1164 1278 1218 τῆς
1322 1161 1443 1218 νεὼς
1493 1160 1792 1232 φερομένης,
1832 1157 1900 1208 τὰ

301 1245 488 1321 φοϐερά
525 1246 720 1318 πελάγη
782 1242 1114 1322 διαδραμὼν,
1158 1249 1291 1320 πρὸς
1342 1245 1520 1308 αὐτοῖς
1561 1253 1672 1308 τοίς
1723 1245 1898 1319 λιμέσι

297 1332 668 1411 διαρῥαγέντος
732 1344 823 1389 τοῦ
906 1335 1108 1404 πλοίου,
1179 1337 1383 1405 πάντων
1454 1334 1653 1410 ἀθρόως
1709 1337 1898 1409 ἔρημος

293 1423 614 1498 ἀπεδείχθη·
647 1426 731 1478 ἐὰν
761 1430 850 1479 καὶ
876 1426 1024 1488 οὗτος
1050 1429 1115 1478 τὰ
1139 1429 1346 1500 μυρίοις
1376 1429 1550 1488 πόνοις
1580 1430 1670 1478 καὶ
1703 1422 1900 1499 ἱδρῶσι

291 1517 548 1574 κτηθέντα
599 1523 697 1590 μιᾷ
747 1515 1012 1591 προσϐολῇ
1089 1512 1336 1589 δαίμονος
1410 1515 1660 1589 ἀπολέσῃ,
1721 1517 1892 1592 ὥσπερ

289 1610 392 1658 τινὶ
424 1603 582 1680 ἀγρίᾳ
609 1605 842 1674 λαίλαπι,
875 1613 936 1678 τῇ
981 1603 1214 1678 ἁμαρτίᾳ
1261 1604 1555 1678 βυθισθείς.
1591 1609 1896 1680 ’Πρέπουσα

291 1698 426 1767 φωνὴ
456 1702 529 1765 τῷ
575 1701 748 1747 πᾶσαν
779 1698 890 1766 (60)
942 1696 1070 1768 ὁμοῦ
1122 1698 1216 1754 τὴν
1270 1693 1455 1769 ἀρετὴν
1511 1699 1889 1773 ναυαγήσαντι·

2010 523 2129 618 bile
2160 531 2621 600 spectaculum:
2666 532 2931 606 aliquem
2986 543 3126 609 post
3163 523 3483 611 jejunium,
3535 550 3673 618 post

2011 614 2233 707 durum
2282 620 2414 676 vitae
2472 637 2688 691 genus,
2740 629 2873 693 post
2922 626 3189 698 prolixas
3246 647 3476 702 preces,
3531 614 3672 707 post

2012 706 2316 780 lacrymas
2341 709 2506 781 large
2535 712 2840 784 profusas,
2863 720 3005 787 post
3028 718 3461 778 continentiam
3483 706 3670 781 anno-

2011 811 2148 852 rum
2177 798 2404 870 viginti,
2439 805 2542 857 aut
2588 801 2738 857 forte
2795 803 3036 873 triginta
3084 807 3289 878 etiam,
3331 825 3440 882 per
3482 812 3672 869 animi

2010 887 2584 946 inconsiderantiam
2604 908 2674 946 ac
2694 892 3252 962 incuriam,nudum
3270 905 3325 956 et
3342 901 3669 974 spoliatum

2011 976 2296 1033 omnibus
2325 978 2656 1036 inveniri".
2701 985 2867 1050 Item,
2902 1000 3062 1048 eum,
3086 987 3192 1059 qui
3226 995 3668 1063 praeceptorum

2009 1072 2243 1139 quaestu
2287 1069 2611 1142 opulentus
2649 1076 2760 1139 est,
2802 1075 3179 1134 consimilem
3205 1079 3335 1136 ﬁeri
3377 1082 3672 1154 pmdiviti

2009 1156 2273 1246 cuipiam
2303 1160 2640 1228 mercatori,
2659 1161 2766 1234 qui
2786 1161 2866 1219 ob
2896 1165 3138 1237 copiam
3159 1169 3454 1226 mercium
3473 1171 3668 1246 laetus,

2010 1245 2280 1303 secundo
2323 1253 2501 1305 vento
2533 1251 2861 1322 navigante
2908 1269 3090 1324 nave,
3139 1256 3448 1317 horrenda
3473 1245 3672 1321 maria

2009 1351 2320 1404 emensus,
2350 1337 2626 1396 diffracto
2655 1340 2734 1396 ad
2759 1341 2924 1415 ipsos
2952 1348 3164 1416 portus
3204 1347 3464 1418 navigio,
3501 1351 3671 1410 dere-

2009 1431 2188 1498 pente
2214 1427 2422 1484 fuisset
2467 1429 2734 1486 nudatus
2763 1433 3088 1489 omnibus:
3143 1437 3446 1510 siquidem
3473 1446 3531 1497 et
3558 1442 3668 1502 iste

2005 1514 2321 1572 laboribus
2342 1534 2412 1574 ac
2435 1519 2763 1576 sudoribus
2786 1526 2961 1594 parta
2980 1523 3146 1582 bona
3172 1527 3352 1584 unico
3373 1529 3666 1588 daemonis

2007 1607 2238 1664 assultu
2249 1608 2783 1682 perdidit,peccato
2804 1615 3100 1686 tanquam
3121 1614 3377 1674 immani
3395 1620 3666 1694 quadam

2007 1697 2272 1769 procella
2297 1697 3031 1758 immersus.Conveniens
3060 1719 3175 1760 vox
3205 1705 3259 1762 ei
3288 1708 3393 1780 qui
3418 1724 3666 1769 omnem

288 1782 477 1838 ἿΙλθον
510 1783 579 1846 εἰς
609 1786 676 1836 τὰ
704 1782 846 1858 βάθη
878 1793 970 1846 τῆς
1020 1784 1310 1853 θαλάσσης,
1338 1790 1428 1837 καὶ
1456 1790 1701 1859 καταιγὶς
1745 1805 1893 1840 κατε-

2009 1784 2191 1842 simul
2220 1786 2525 1854 virtutem,
2541 1788 2862 1862 naufragio
2894 1791 3129 1849 amisit:
3191 1795 3338 1852 Veni
3364 1797 3429 1854 in
3454 1800 3666 1856 altitu-

288 1876 502 1926 πόντισέ
529 1894 610 1947 με.

364 1965 448 2022 17.
481 1964 614 2038 Ἐχε
643 1961 731 2018 οὖν
776 1963 1019 2040 ἀσφαλῶς
1063 1974 1159 2029 τῆς
1204 1965 1342 2029 ζωῆς
1386 1967 1453 2019 τὰ
1497 1961 1755 2025 πηδάλια·
1804 1985 1896 2019 κυ-

290 2054 443 2129 ϐέρνα
489 2057 574 2107 τόν
621 2054 881 2129 ὀφθαλμόν
934 2075 1050 2121 σου,
1105 2060 1307 2129 μήποτέ
1361 2075 1445 2108 σοι
1499 2052 1572 2109 δι’
1621 2055 1894 2130 ὀφθαλμῶν

287 2143 474 2220 λάϐρον
501 2143 699 2219 ἐμπέσῃ
748 2155 841 2208 τῆς
899 2144 1181 2219 ἐπιθυμίας
1230 2149 1286 2198 τὸ
1344 2154 1508 2220 κῦμα·
1566 2151 1661 2205 τὴν
1715 2144 1891 2216 ἀκοὴν,

286 2238 380 2294 τὴν
405 2235 673 2308 γλῶσσαν,
697 2239 768 2309 μὴ
798 2232 1068 2310 παραδέξῃ
1102 2255 1155 2288 τι
1185 2235 1460 2312 βλαϐερόν,
1510 2233 1650 2310 μηδὲ
1699 2235 1889 2310 φθέγξῃ

285 2332 461 2380 τιτῶν
518 2323 966 2400 ἀπηγορευμένων.
1020 2329 1106 2386 Μή
1160 2345 1218 2378 σε
1269 2324 1530 2399 ἀνατρέψῃ
1581 2331 1671 2378 τοῦ
1728 2326 1893 2396 θυμοῦ

286 2415 316 2473 ἡ
348 2415 501 2475 ζάλῃ·
548 2420 619 2488 μή
670 2417 770 2468 πού
819 2435 876 2468 σε
924 2413 1247 2468 ἓπικλύσωσι
1292 2423 1393 2467 τῶν
1441 2413 1608 2488 φόϐων
1658 2415 1896 2467 αῐκατα-

284 2503 658 2594 πλήξεις’(61),
691 2510 763 2578 μή
815 2525 872 2558 σε
899 2504 1266 2579 καταϐαπτίσῃ
1318 2513 1412 2568 τῆς
1458 2504 1622 2566 λύπης
1675 2507 1734 2558 τὸ
1787 2502 1894 2577 βά-

285 2614 394 2670 ρος,
447 2596 669 2668 Κύματά
708 2594 824 2650 ἐστι
870 2597 936 2648 τὰ
983 2597 1149 2662 πάθη,
1197 2596 1264 2646 ὧν
1314 2594 1629 2668 ὑψηλότερον
1679 2597 1894 2648 σεαυτὸν

287 2683 507 2758 ἀνέχων,
561 2683 794 2758 ἀσφαλὴς
845 2687 935 2759 ἔσῃ
997 2685 1310 2760 κυϐερνήτης
1357 2691 1448 2738 τοῦ
1499 2683 1643 2758 βίου.
1686 2683 1802 2738 Ἐὰν
1835 2681 1894 2738 δὲ

285 2779 358 2848 μὴ
419 2773 778 2847 ἐπιστημόνως
833 2779 923 2828 καὶ
977 2774 1243 2838 εὐσταθῶς
1297 2775 1514 2828 ἕκαστον
1559 2776 1749 2828 τούτων
1803 2770 1893 2826 ἔκ-

286 2865 478 2938 κλίνῃς,
533 2866 706 2938 ὥσπερ
764 2885 816 2920 τι
861 2864 1038 2918 πλοῖον
1097 2864 1470 2941 ἀνερμάτιστον
1517 2866 1620 2918 ὑπὸ
1662 2871 1764 2917 τῶν
1814 2861 1893 2917 ἀεὶ

289 2957 712 3028 προσπιπτόντων
763 2959 1180 3031 περιφερόμενος,
1239 2954 1629 3029 ἐναφανισθὴσῃ
1675 2960 1748 3026 τῷ
1795 2972 1892 3007 πε-

288 3042 430 3116 λάγει
458 3051 551 3106 τῆς
583 3044 858 3119 ἁμαρτίας.
901 3043 1093 3100 ’Ἄκουε
1136 3048 1306 3098 τοίνυν
1353 3053 1462 3108 πῶς
1500 3045 1561 3096 ἄν
1606 3063 1691 3098 σοι
1738 3047 1828 3096 καὶ
1857 3046 1888 3103 ἡ

2006 1875 2205 1934 dinem
2235 1879 2444 1949 maris,
2468 1883 2525 1934 et
2555 1883 2870 1949 tempestas
2898 1881 3178 1939 demersit
3207 1900 3299 1941 me
3325 1885 3395 1941 ⁷⁸.

2081 1972 2166 2022 t7.
2197 1968 2350 2023 Tene
2379 1967 2560 2037 igitur
2588 1984 2770 2042 quam
2820 1968 3137 2044 diligenter
3183 1973 3320 2030 vitae
3365 1979 3664 2047 guberna-

2005 2055 2162 2124 cula;
2185 2057 2458 2128 guberna
2485 2057 2728 2115 oculum
2751 2065 2944 2130 tuum,
2971 2077 3047 2118 ne
3073 2065 3324 2136 quando
3346 2065 3450 2123 tibi
3476 2067 3668 2144 impe-

2002 2149 2216 2202 tuosus
2258 2145 2526 2202 libidinis
2555 2147 2778 2204 ﬂuctus
2819 2165 2928 2223 per
2956 2151 3167 2208 oculos
3209 2144 3526 2226 illabaturi
3562 2174 3666 2218 au-

2001 2251 2152 2304 rem,
2174 2235 2470 2306 linguam.
2503 2252 2578 2293 ne
2606 2237 2755 2310 quid
2787 2239 3047 2313 excipiat
3065 2242 3251 2316 noxii,
3278 2260 3356 2300 ne
3386 2246 3538 2319 quid
3568 2263 3666 2305 eo-

2003 2341 2141 2382 rum
2171 2342 2307 2399 quae
2337 2325 2519 2382 vetita
2548 2332 2688 2384 sunt
2714 2327 3020 2402 loquatur.
3047 2333 3203 2390 Cave
3233 2339 3464 2392 evertat
3487 2340 3541 2393 te
3561 2336 3664 2394 iraa

2003 2419 2226 2485 aestus;
2259 2431 2406 2472 cave
2453 2415 2716 2474 obruant
2759 2422 2814 2474 te
2861 2417 3016 2475 ictus
3045 2420 3480 2495 formidinum;
3521 2441 3666 2484 cave

2001 2503 2326 2576 immergat
2345 2508 2400 2561 te
2420 2520 2575 2560 onus
2597 2505 2860 2563 tristitiae.
2883 2507 3118 2565 Fluctus
3145 2509 3499 2570 affectiones
3527 2519 3668 2574 sunt

2003 2593 2212 2664 animi,
2240 2593 2464 2673 quibus
2503 2593 2777 2653 altiorem
2806 2600 2863 2653 te
2885 2597 2936 2654 si
2963 2599 3317 2672 constituas,
3350 2603 3466 2659 eris
3497 2620 3666 2662 secu-

2001 2699 2106 2741 rus
2134 2683 2269 2740 vitae
2296 2684 2690 2756 gubernator.
2724 2687 2860 2754 Sed,
2891 2688 2939 2744 si
2966 2705 3094 2746 non
3118 2690 3263 2748 scite
3289 2707 3360 2749 ac
3382 2699 3664 2752 constan-

2003 2778 2091 2832 ter
2114 2774 2334 2830 horum
2365 2773 2680 2848 quodlibet
2708 2775 3126 2848 declinaveris,
3158 2779 3323 2838 velut
3347 2783 3664 2854 navigium

2001 2861 2318 2936 quoddam
2345 2878 2470 2920 non
2502 2863 3234 2936 saburratum,continuis
3264 2869 3399 2927 vita:
3420 2871 3666 2930 casibus

2002 2950 2433 3023 circumactus,
2459 2951 2520 3008 in
2551 2952 2788 3025 peccati
2816 2953 3038 3026 pelago
3069 2957 3480 3029 submergere.
3509 2959 3666 3018 Audi

2001 3040 2181 3114 igitur
2208 3040 2314 3114 qui
2339 3040 2468 3097 ﬁeri
2498 3043 2708 3115 possit,
2736 3041 2839 3099 tibi
2888 3048 2954 3100 ut
2998 3046 3249 3102 accedat
3279 3047 3666 3118 gubernandi

286 3140 379 3195 τῆς
430 3133 789 3209 κυϐερνήσεως
842 3133 1108 3209 ἐπιστήμη
1162 3138 1515 3208 προσγένηται
1546 3133 1679 3208 (62).
1736 3132 1894 3196 Ἔθος

2009 3130 2236 3204 peritia.
2269 3133 2390 3188 Mos
2412 3135 2500 3186 est
2527 3130 2960 3202 navigantibus
2988 3132 3050 3189 in
3081 3133 3302 3192 coelum
3334 3137 3662 3210 suspicere.

282 3231 390 3296 τοῖς
431 3225 840 3298 ναυτιλλομένοις
893 3230 1022 3299 πρὸς
1079 3224 1295 3301 οὐρανὸν
1349 3223 1668 3294 ἀναϐλέπειν,
1710 3222 1892 3278 κάκεῖ-

285 3317 365 3369 θεν
389 3315 666 3390 λαμϐάνειν
703 3321 800 3374 τὴν
852 3312 1078 3388 ὀδηγίαν
1133 3324 1226 3370 τοῦ
1278 3315 1428 3384 πλοῦ,
1479 3315 1528 3368 ἐν
1580 3318 1752 3390 ἡμέρᾳ
1802 3319 1891 3390 μὲν

282 3404 384 3459 ἀπὸ
417 3414 507 3459 τοῦ
539 3406 709 3473 ἡλίου,
744 3405 793 3460 ἐν
825 3409 973 3458 νυκτὶ
1019 3402 1077 3459 δὲ
1107 3403 1208 3459 ἀπὸ
1238 3413 1342 3465 τῆσ
1370 3405 1618 3480 Ἄρκτου,
1673 3409 1703 3465 ἣ
1754 3424 1892 3468 τινος

279 3495 439 3549 ἄλλον
495 3486 595 3547 τῶν
649 3493 902 3568 ἀειφανῶν
960 3491 1210 3571 ἀστέρων·
1279 3498 1370 3547 καὶ¹
1427 3497 1632 3556 τούτοις
1685 3491 1764 3548 ἀεὶ
1814 3513 1894 3547 τε·

278 3587 602 3660 κμαίρεσθαι
646 3589 736 3643 τὴν
768 3584 1044 3642 εὐθύτητα.
1102 3588 1202 3640 Καὶ
1252 3587 1317 3636 σὺ
1361 3588 1534 3637 τοίνυν
1561 3586 1694 3660 πρὸς
1740 3585 1894 3660 ούρα.

281 3680 368 3730 νόν
425 3677 516 3748 ἔχε
561 3677 619 3726 τὸ
678 3678 822 3748 ὄμμα
877 3675 989 3746 (63)
1046 3676 1183 3728 κατὰ
1234 3677 1319 3729 τὸν
1376 3674 1602 3727 εἰπόντα·
1666 3676 1803 3747 Πρὸς
1836 3675 1894 3726 σε

286 3763 392 3841 ἦρα
437 3769 554 3826 τοὺς
605 3763 904 3837 ὀφθαλμούς
962 3784 1085 3838 μου,
1151 3766 1238 3818 τὸν
1299 3772 1642 3819 κατοικοῦντα
1706 3763 1754 3816 έν
1820 3772 1892 3836 τῷ

286 3856 507 3930 οὐρανῷ.
561 3853 841 3908 Ἀπόϐλεπε
882 3858 1014 3929 πρὸς
1059 3857 1145 3908 τὸν
1195 3855 1337 3915 ἣλιον
1381 3864 1474 3917 τῆν
1524 3852 1890 3917 δικαιοσύνης·

286 3951 376 4000 καὶ
404 3947 510 4016 οἷόν
556 3965 696 3998 τισιν
750 3946 968 4020 ἄστροις
1020 3949 1324 4021 περιφανέσι
1354 3944 1465 4018 (64)
1508 3953 1621 4007 ταῖς
1668 3943 1895 4006 ἐντολαῖς

286 4043 375 4089 τοῦ
417 4039 612 4111 Κυρίου
665 4037 1119 4109 κατευθυνόμενος,
1163 4033 1447 4110 ἀκοίμητον
1499 4038 1591 4110 ἔχε
1627 4038 1684 4089 τό
1728 4039 1893 4110 ὄμμα,

288 4131 359 4200 μὴ
392 4122 580 4187 διδούς
609 4125 765 4179 ύπνον
804 4133 910 4188 τοῖς
960 4125 1244 4200 ὀφθαλμοῖς
1291 4146 1406 4194 σου,
1453 4123 1595 4202 μῃδέ
1641 4133 1748 4188 τοῖς
1779 4125 1895 4200 βλεο

290 4217 467 4291 φάροις
507 4235 602 4269 σου
649 4218 968 4290 νυσταγμόν,
1023 4217 1084 4269 ἶν’
1138 4218 1266 4290 ἔχῃς
1324 4213 1517 4293 διαρκῆ
1566 4221 1662 4276 τὴν
1709 4215 1767 4270 ἐκ
1795 4225 1895 4270 τῶν

289 4303 498 4358 ἐντολῶν
537 4302 784 4378 όδηγίαν.
834 4307 1044 4379 Λύχνος
1088 4307 1213 4381 γὰρ,
1264 4309 1414 4378 φησὶ,
1462 4314 1570 4367 τοῖς
1619 4310 1748 4361 ποσί
1793 4325 1894 4379 μου

290 4395 498 4468 ὀνόμος
549 4415 664 4463 σου,
719 4399 811 4448 καὶ
878 4403 984 4469 φῶς
1039 4403 1155 4459 ταῖς
1206 4394 1408 4471 τρίϐοις
1455 4416 1577 4470 μου.
1621 4396 1736 4450 Ἐὰν
1792 4398 1894 4470 γὰρ

2001 3221 2265 3294 indeque
2310 3221 2711 3292 navigationis
2742 3238 2987 3280 cursum
3036 3225 3367 3302 instituere,
3398 3227 3664 3286 interdiu

2001 3312 2251 3387 quidem
2277 3327 2392 3385 ope
2419 3312 2584 3386 solis,
2615 3318 2798 3370 noctu
2827 3331 2968 3371 vero
3003 3317 3045 3386 ι
3065 3316 3173 3388 13
3206 3332 3322 3390 ope
3355 3314 3533 3386 Ursae,
3560 3323 3664 3378 aut

2001 3401 2249 3459 alterius
2274 3402 2545 3474 cujusvis
2577 3418 2649 3458 ex
2677 3402 2748 3459 iis
2777 3420 2916 3476 quae
2950 3421 3194 3477 semper
3222 3405 3425 3464 lucent
3454 3397 3662 3477 stellis,

2001 3490 2346 3564 horumque
2370 3491 2558 3547 ductu
2587 3507 2827 3564 semper
2850 3498 3083 3550 rectum
3109 3496 3468 3568 conjectare.
3502 3499 3569 3554 Et
3595 3503 3664 3556 tu

2000 3579 2480 3652 igiturjoculosin
2513 3580 2730 3637 coelum
2757 3583 2980 3653 attolle,
2999 3582 3171 3655 juxta
3201 3601 3341 3642 eum
3363 3587 3471 3660 qui
3491 3571 3659 3645 dixit:

2002 3670 2102 3726 Ad
2129 3674 2184 3728 te
2224 3670 2424 3726 levavi
2455 3670 2660 3726 oculos
2692 3686 2863 3738 meos,
2895 3673 3004 3744 qui
3030 3672 3270 3730 habitas
3296 3675 3359 3730 in
3390 3677 3652 3734 caelis".

2003 3759 2253 3833 ReSpice
2272 3759 2352 3815 ad
2378 3758 2567 3815 solem
2591 3759 2858 3830 justitiae,
2873 3764 3051 3834 teque
3072 3762 3308 3818 Domini
3333 3763 3661 3836 mandatis,

2003 3850 2193 3906 instar
2219 3847 2862 3922 splendidissimorum
2893 3850 3307 3922 quorumdam
3337 3856 3661 3924 astrorum,

2004 3937 2429 4009 dirigentibus,
2458 3935 2617 3993 habe
2653 3936 2901 3993 oculum
2941 3937 3309 4010 insomnem,
3338 3940 3527 3998 oculis
3551 3942 3665 3999 tuis

2003 4045 2128 4088 non
2148 4029 2428 4104 praebens
2446 4043 2730 4084 somnum
2741 4043 2957 4102 ,neque
2977 4029 3286 4101 palpebris
3305 4031 3421 4087 tuis
3441 4031 3664 4089 dormi-

2003 4121 2295 4178 tationem
2319 4119 2390 4192 ⁸ο,
2433 4121 2500 4174 ut
2541 4121 2596 4174 te
2650 4123 2944 4190 perpetuo
2993 4117 3302 4176 deducant
3335 4122 3660 4197 .mandata.

2004 4214 2284 4270 Lucerna
2309 4209 2493 4277 enim,
2516 4207 2733 4281 inquit,
2750 4209 3004 4278 pedibus
3033 4210 3176 4266 meis
3199 4210 3300 4267 lea:
3321 4216 3448 4275 tua.
3479 4217 3536 4268 et
3567 4213 3664 4270 tu-

2005 4319 2141 4361 men
2170 4300 2393 4359 semitis
2417 4299 2560 4355 meis
2578 4298 2646 4351 εί.
2681 4297 2934 4370 Etenim,
2963 4298 3012 4354 si
3033 4298 3206 4356 clavo
3232 4315 3552 4374 nunquam
3577 4301 3666 4378 in-

2005 4390 2346 4459 dormieris,
2378 4388 2527 4445 dum
2555 4387 2618 4443 in
2649 4387 2764 4444 hac
2792 4387 2913 4444 vita
2939 4389 3280 4460 versabere,
3309 4388 3370 4445 in
3397 4389 3667 4448 instabili

288 4483 554 4559 μηδέποτε
584 4485 934 4560 ἐπινυστάξῃς
976 4492 1086 4558 τοῖς
1123 4485 1308 4554 οἳαξιν,
1368 4487 1460 4548 ἕως
1499 4483 1549 4540 εἶ
1587 4485 1634 4539 έν
1681 4496 1751 4559 τῷ
1792 4486 1894 4560 βίῳ

2009 4483 2232 4540 scilicet
2252 4495 2456 4537 rerum
2497 4475 2952 4534 mundanarum
2983 4481 3168 4552 statu,
3199 4476 3451 4550 Spiritus
3480 4494 3663 4553 opem

288 4577 476 4647 τούτῳ,
510 4572 558 4626 ἐν
586 4583 648 4649 τῇ
684 4573 892 4648 ἁστάτῳ
923 4577 1075 4648 φύσει
1113 4581 1213 4628 τῶν
1263 4581 1356 4628 τοῦ
1402 4579 1604 4648 κόσμου
1647 4577 1897 4651 πραγμά-

287 4685 411 4738 των,
465 4670 556 4719 καὶ
603 4670 698 4726 τὴν
747 4669 892 4743 παρὰ
937 4673 1030 4720 τοῦ
1081 4669 1376 4740 Πνεύματος
1434 4672 1732 4742 συνέργειαν
1782 4668 1894 4742 (65)

2004 4587 2400 4646 consequere,
2430 4568 2537 4642 qui
2555 4572 2614 4624 te
2636 4565 2884 4640 ulterius
2904 4565 3186 4631 deducet,
3217 4571 3274 4622 et
3295 4564 3534 4623 lenibus
3558 4585 3664 4627 au-

2001 4665 2085 4723 ris
2105 4668 2286 4738 atque
2305 4659 2577 4736 paciﬁcis
2597 4661 2725 4716 tuto
2745 4657 3113 4726 transvehet,
3127 4655 3323 4716 donec
3339 4657 3663 4727 incolumis

361 4794 408 4831 ’ττ
433 4794 482 4850 il
509 4792 644 4849 Cor.
673 4808 730 4861 v,
761 4796 814 4850 3.
845 4793 897 4829 ἰδ
926 4792 1080 4850 Psal.
1102 4810 1298 4858 vam,
1331 4797 1387 4851 3.
1417 4795 1467 4833 τ’
1494 4793 1652 4851 Psal.
1684 4809 1852 4858 cxxu,
1890 4818 1894 4848 τ

2009 4790 2202 4849 JPsal.
2233 4803 2427 4859 cxxxr,
2458 4787 2513 4843 4.
2539 4785 2586 4822 ⁸1
2617 4783 2773 4841 Psal.
2801 4797 2998 4854 cxvm,
3025 4784 3146 4840 {05.

365 4922 474 4990 (58)
685 4922 715 4977 ἧ
744 4920 1044 4994 τριάκοντα.
1079 4924 1150 4994 ﬁt
1189 4936 1336 4977 mss.
1380 4924 1502 4994 tres
1531 4920 1561 4979 ἢ
1596 4923 1686 4972 καὶ
1716 4921 1889 4994 τριάκ.

369 4994 478 5067 (ξω
510 4990 828 5067 Colbertini
849 4990 969 5067 duo
992 4991 1228 5067 codices
1248 5000 1342 5056 τῆς
1373 4992 1644 5067 ἐργασίας.
1669 4990 1787 5049 Nec
1813 4991 1896 5048 ita

297 5063 486 5120 multo
518 5067 651 5132 post
674 5062 818 5119 editi
837 5069 895 5120 et
921 5063 1294 5120 Colbertinus
1309 5062 1613 5122 secundus
1633 5073 1727 5126 τῆς
1747 5067 1889 5125 νηός.

299 5134 461 5193 Colb.
508 5133 709 5190 tertius
754 5139 911 5198 νηώς.
960 5138 1100 5208 Reg.
1148 5137 1458 5194 secundus
1510 5139 1654 5205 νεώς,
1701 5135 1892 5192 Attico

293 5223 491 5352 ωῗέίῗί
529 5278 765 5352 Legitur
791 5281 1070 5352 corrupte
1097 5279 1162 5336 in
1187 5279 1449 5352 vulgatis
1477 5287 1577 5333 τῶν
1606 5285 1800 5348 πᾶσαν,
1834 5281 1896 5337 at

289 5351 636 5423 incorrupte
665 5351 727 5407 in
757 5368 914 5407 mss.
952 5359 1024 5423 τῷ
1049 5358 1235 5407 ram.

367 5425 478 5494 (61)
503 5422 604 5482 Hic
633 5423 697 5480 in
723 5423 985 5494 vulgatis
1007 5422 1226 5494 legitur
1241 5422 1629 5487 καταιπλὴξιις.
1650 5425 1724 5482 At
1745 5440 1890 5494 mss.

289 5491 469 5553 multi
492 5494 724 5570 habent
741 5491 1513 5570 κατριπλὴξςιξβοωὺθίὶεὶυε
1533 5495 1677 5554 velit
1694 5491 1894 5570 potius

289 5565 925 5651 καταιγίὸεςφνορεὶίκί
945 5567 1046 5623 sed
1070 5569 1230 5626 hanc
1251 5569 1662 5650 conjecturam
1683 5565 1895 5650 Quam;

287 5640 436 5696 libet
462 5639 715 5698 bonam.
741 5639 908 5698 quod
937 5637 1105 5696 nullo
1135 5645 1405 5696 veterum
1422 5640 1720 5698 librorum
1744 5643 1897 5698 testi.

290 5656 436 5696 llDBI
462 5656 715 5710 nonam,
741 5656 908 5713 quoa
937 5656 1105 5696 nuuo
1135 5656 1356 5696 veterui

290 5712 500 5770 monio
527 5709 672 5770 nixa
699 5711 797 5783 sit,
827 5711 998 5786 sequi
1024 5710 1356 5770 noluimus.

2075 4915 2188 4992 (62)
2203 4990 2223 4992 Α
2235 4912 2416 4992 Regii
2430 4911 2568 4992 duo
2584 4925 2758 4992 “mss.
2809 4912 3172 4992 προσγένοιτο,
3187 4981 3202 4992 ς
3213 4905 3486 4992 ξιῲίοάο
3534 4908 3661 4992 duo

2001 4978 2154 5046 mss.
2171 4978 2510 5044 'Colb'ertini
2541 4978 2765 5054 ὁὸηγίαν
2788 4978 2882 5034 τοῦ
2902 4978 3104 5038 πλοίου.
3137 4981 3248 5040 Alii
3272 4981 3396 5040 duo
3425 4999 3574 5043 mss.
3605 4989 3662 5042 et

2001 5061 2143 5118 editi
2171 5067 2264 5112 τοῦ
2293 5057 2445 5124 πλοῦ,
2485 5058 2663 5111 recte.

2071 5159 2190 5229 (63)
2222 5156 2315 5229 Sic
2344 5155 2466 5212 duo
2512 5151 2834 5229 (:olbertini
2875 5153 3104 5229 et_Reg.
3146 5152 3475 5229 secundus.
3504 5152 3661 5214 Editi

2003 5223 2139 5306 εχῶν
2169 5223 2227 5283 τὸ
2257 5228 2484 5302 βλέμμα.
2513 5224 2681 5282 Colb.
2710 5223 2912 5280 tertius
2942 5225 3079 5295 ἔχων
3103 5226 3162 5277 τὸ
3191 5228 3354 5298 ὄμμα.

2073 5329 2186 5403 (64)
2230 5327 2386 5385 Editi
2429 5327 2736 5402 προφανέσι.
2796 5321 3034 5380 Veteres
3080 5322 3314 5396 aliquot
3360 5323 3499 5383 libri
3517 5344 3660 5404 περι·

2003 5405 2205 5563 φαέθῗόῖ
2244 5493 2391 5562 Reg.
2439 5485 2684 5563 primus
2723 5485 2877 5563 παρὰΔ
2922 5490 3014 5536 τοῦ
3066 5489 3306 5563 Σωτῆρος
3359 5491 3656 5563 συνεργίαν,

2002 5555 2185 5637 ορὲηί
2207 5555 2568 5637 Saluatoris.
2599 5555 2922 5630 Aliquanto
2963 5561 3104 5628 post
3145 5555 3312 5637 idem
3344 5555 3658 5637 cogentis»;

2001 5629 2083 5692 ἄν.
2115 5636 2241 5708 Ἶρι
2285 5631 2673 5708 ἀτελευτήτους,
2704 5642 2842 5702 quae
2872 5643 3018 5708 mo;
3063 5629 3353 5702 sequitur,
3395 5629 3658 5708 deestrin

2002 5707 2308 5783 aliquibus
2336 5700 2668 5762 codicibus.
2723 5700 2744 5702 “
3148 5700 3170 5702 ν
3563 5700 3576 5708 ν
3632 5701 3638 5710 ι
