4098 6384
451 301 557 370 1-23

1832 292 1889 366 ε.
1932 295 2182 366 BASILII
2218 310 2432 369 MAGN]

3715 312 3822 379 4‘24

451 437 678 495 evadas
706 434 786 492 ad
817 431 1209 506 tranquillum
1239 431 1408 489 illum
1456 449 1528 489 ac
1559 449 1842 491 serenum
1871 439 2095 508 portun

2223 435 2388 509 λήψῃ,
2439 441 2833 513 προπέμποντος
2888 440 2960 503 εἰς
3003 443 3062 493 τὸ
3107 443 3417 516 ἔμπροσθεν,
3449 448 3539 498 καὶ
3585 451 3828 521 πραείαις

447 525 775 584 voluntatis
821 524 944 590 Dei,
978 523 1073 579 cui
1105 523 1294 594 gloria
1337 526 1395 578 et
1424 523 1746 596 imperium
1776 525 1837 581 in
1891 531 2116 583 aeterna

452 616 678 674 smcula
702 615 1084 671 seculorum.
1117 618 1327 670 Amen.

2223 527 2407 599 ὀίῦραις
2463 532 2552 580 καὶ
2605 529 2888 604 εἰρηνικαῖς
2967 529 3209 604 ἀσφαλῶς
3286 553 3344 586 σε
3402 530 3824 608 διακομίζοντος,

2223 617 2310 676 ἕως
2373 614 2649 691 ἀποσωθῇς
2715 623 2846 695 πρὸς
2897 624 2986 673 τὸν
3053 620 3288 695 ἀκύμονα
3350 621 3536 676 ἐκεῖνον
3597 630 3687 678 καὶ
3751 630 3828 679 εὖ·

453 704 566 760 διον
595 705 778 778 λιμένα
801 713 894 758 τοῦ
928 704 1211 778 θελήματος
1240 711 1332 757 τοῦ
1365 711 1518 758 Θεοῦ·
1616 706 1645 764 ἠ
1673 701 1805 769 δόξα
1831 710 1920 759 καὶ
1945 709 2003 759 τό
2033 707 2222 781 κράτος
2253 707 2321 768 εἰς
2346 711 2466 770 τοὺς
2497 706 2861 771 ἀτελευτήτους
2887 718 3078 774 αἰῶνας
3097 720 3197 764 τῶν
3223 712 3418 765 αἰώνων
3449 713 3634 787 ’Λμὴν.

490 892 3809 916 mm

1035 1015 1328 1077 HOMILIA
1377 1021 1517 1077 XIII.

662 1147 1102 1206 Exhortatoria
1141 1147 1224 1204 ad
1261 1151 1538 1204 sanctum
1572 1147 1889 1217 baptisma.

522 1279 572 1335 I.
608 1277 858 1350 Sapiens
886 1273 983 1331 iIIe
1017 1275 1322 1343 Salomon,
1353 1291 1556 1331 rerum
1578 1275 1639 1332 in
1668 1276 1792 1334 vita
1819 1277 2110 1348 gerenda-

444 1387 581 1428 rum
613 1374 887 1440 tempora
933 1365 1331 1435 distinguens,
1382 1370 1440 1422 et
1488 1366 1741 1438 singulis
1787 1385 1925 1440 quae
1955 1368 2110 1424 ﬁunt

444 1455 732 1515 idoneum
760 1455 1104 1524 assignans,
1133 1455 1217 1509 ait
1249 1472 1262 1510 :
1329 1455 1616 1511 Omnibus
1639 1462 1870 1526 tempus
1898 1462 2004 1527 est,
2053 1463 2107 1514 et

446 1550 675 1616 tempus
707 1545 872 1600 omni
898 1545 990 1599 rei
1011 1549 1096 1599 est
1126 1561 1140 1599 :
1197 1550 1427 1613 tempus
1452 1545 1759 1614 pariendi,
1792 1552 1845 1601 et
1876 1552 2107 1615 tempus

440 1635 740 1693 moriendi
749 1635 953 1702 ".Ego
972 1648 1116 1688 vero
1136 1633 1458 1688 immutata
1481 1633 1794 1704 paululum
1819 1635 2106 1707 sapientis

441 1725 758 1787 sententia,
795 1721 1050 1778 dixerim
1087 1721 1260 1777 vobis
1299 1721 1455 1777 inter
1482 1723 1974 1779 annuntiandum
2016 1739 2107 1780 sa-

439 1815 632 1873 lutare
662 1813 1056 1888 praeconium,
1090 1817 1328 1884 tempus
1357 1812 1657 1868 moriendi
1688 1829 1840 1884 esse,
1873 1817 1932 1870 et
1959 1820 2106 1871 terr.-

440 1923 556 1980 pus
583 1903 901 1961 nascendi.
935 1904 1235 1967 Quorsum
1264 1901 1361 1956 hic
1393 1918 1591 1957 sermo
1621 1903 1929 1959 mutatus?
1955 1902 2106 1968 Quia

439 1994 536 2052 ille
566 1993 816 2068 quidem
847 1991 921 2048 de
953 1996 1089 2048 ortu
1135 1990 1496 2063 interituque
1525 1991 1855 2061 disserens,
1883 2008 2104 2065 corpo-

437 2101 609 2142 ream
655 2089 935 2139 naturam
978 2085 1242 2148 secutus,
1291 2085 1492 2136 ortum
1549 2083 1724 2137 morti
1771 2081 2105 2154 praeposuit

439 2175 594 2249 (ﬁeri
621 2173 780 2230 enim
810 2188 936 2229 non
964 2175 1179 2244 potest,
1226 2175 1294 2227 ut
1338 2175 1596 2227 mortem
1627 2171 1971 2244 experiatur
1998 2173 2105 2245 qui

436 2264 606 2338 prius
633 2269 812 2319 natus
837 2278 961 2318 non
987 2261 1083 2329 sit)
1111 2278 1123 2316 :
1157 2275 1270 2330 ego
1295 2277 1438 2316 vero
1465 2260 1539 2316 de
1569 2261 1958 2331 generatione
1990 2261 2104 2333 spi-

436 2354 634 2411 rituali
662 2353 851 2410 verba
881 2352 1168 2422 facturus,
1185 2355 1442 2406 mortem
1464 2351 1599 2407 vitae
1629 2355 2101 2424 pruepono.Cum

436 2445 599 2501 enim
643 2459 823 2500 carne
871 2441 1188 2506 morimur,
1230 2439 1522 2510 contingit
1566 2440 1748 2496 nobis
1783 2446 1848 2497 ut
1887 2442 2102 2514 spiritu

435 2548 786 2601 nascamur,
819 2531 1048 2603 utiipse
1071 2546 1317 2602 quoque
1341 2529 1630 2586 Dominus
1664 2530 1772 2586 ait:
1803 2531 1930 2600 Ego
1952 2531 2102 2588 occi-

437 2623 664 2688 dam,et
693 2624 892 2678 vivere
915 2620 1146 2690 faciam
1169 2620 1238 2673 ⁸³.
1273 2618 1594 2675 Moriamur
1625 2619 1824 2690 igitur,
1853 2621 2099 2678 utviva-

434 2729 597 2769 mus.
627 2710 1000 2767 Perimamus
1021 2707 1308 2764 affectum
1334 2708 1668 2780 carnis,qui
1690 2707 1789 2763 Dei
1811 2708 1926 2777 legi
1952 2709 2098 2765 sub-

430 2800 536 2872 jici
573 2816 700 2856 non
734 2802 932 2871 potest
960 2797 1027 2868 3*,
1088 2799 1154 2851 ut
1199 2795 1405 2852 valida
1447 2796 1692 2868 spiritus
1743 2796 1979 2853 affectio
2036 2798 2100 2854 in

434 2890 614 2946 nobis
655 2888 955 2959 gignatur,
991 2885 1151 2942 unde
1203 2884 1320 2941 vita
1348 2901 1592 2958 paxque
1625 2885 1775 2942 solet
1806 2886 1968 2942 oriri.
2005 2887 2100 2944 Se-

431 2979 732 3054 peliamur
765 2995 885 3034 una
917 2994 1057 3032 cum
1081 2976 1336 3038 Christo,
1359 2978 1462 3050 qui
1486 2993 1594 3049 pro
1616 2977 1793 3033 nobis
1819 2981 2098 3034 mortuus

2825 1030 3072 1081 ΟΜῙΛῙΑ
3103 1023 3197 1082 II".

2486 1154 2846 1225 Προτρεπτική
2882 1151 2952 1214 εἰς
2976 1155 3034 1205 τὸ
3060 1152 3212 1225 ἅγιον
3252 1151 3555 1228 βάπτισμα.

2293 1278 2341 1330 1.
2372 1272 2432 1326 Ὀ
2469 1277 2561 1347 μὲν
2594 1277 2746 1348 σοφὸς
2792 1275 3044 1350 Σολομὼν,
3077 1285 3183 1330 τῶνε
3220 1278 3354 1331 κατὰ
3395 1281 3481 1331 τόν
3525 1277 3642 1352 βίον
3679 1298 3821 1354 πρα-

2215 1365 2425 1436 γμάτων
2453 1367 2572 1428 τοὺς
2613 1370 2830 1441 καιροὺς
2870 1363 3110 1441 διαιρῶν,
3164 1372 3253 1422 καὶ
3299 1368 3497 1441 ἑκάστῳ
3543 1377 3640 1422 τῶν
3683 1391 3821 1442 γινο-

2215 1458 2376 1526 μένων
2429 1457 2516 1506 τόν
2575 1452 2870 1514 ἐπιτήδειον
2929 1454 3228 1532 ἀφορίζων,
3289 1460 3404 1530 ἔφη·
3480 1465 3601 1520 Τοῖς
3660 1465 3821 1512 πᾶσιν

2215 1543 2241 1593 ὀ
2288 1547 2501 1618 χρόνος,
2570 1549 2659 1596 καὶ
2715 1547 2900 1618 καιρὸς
2962 1553 3033 1616 τῷ
3093 1551 3248 1600 παντὶ
3295 1549 3584 1621 πράγματι·
3643 1552 3824 1625 καιρὸς

2212 1639 2302 1684 τοῦ
2353 1640 2534 1701 τεκεῖν,
2583 1637 2670 1686 καὶ
2721 1638 2901 1708 καιρὸς
2959 1641 3050 1687 τοῦ
3105 1633 3398 1688 ἀποθανεῖν·
3454 1636 3553 1709 ἐγὼ
3603 1634 3679 1709 δὲ,
3741 1658 3826 1711 μι-

2211 1724 2336 1796 κρὸν
2377 1730 2468 1775 τοῦ
2519 1731 2682 1796 σοφοῦ
2727 1728 2822 1782 τὴν
2871 1722 3136 1797 ἀπόφασιν
3184 1724 3499 1792 ὑπαλλάξας,
3535 1729 3732 1799 εἴποιμι
3763 1727 3822 1779 ἂν

2212 1814 2493 1885 κηρύσσων
2523 1815 2645 1886 ὑμῖν
2687 1815 2747 1866 τό
2803 1819 3057 1887 σωτήριον
3095 1819 3361 1890 κήρυγμα,
3413 1817 3494 1868 ὅτι
3521 1819 3701 1890 καιρός
3731 1824 3823 1869 τοῦ

2144 1882 2184 1936 Β
2214 1899 2507 1970 ἀποθανεῖν,
2548 1907 2639 1954 καὶ
2686 1906 2863 1974 καιρὸς
2905 1911 2998 1956 τοῦ
3050 1906 3380 1974 γεννηθῆναι.
3426 1909 3513 1966 Τίς
3571 1903 3630 1958 δὲ
3678 1907 3702 1957 ὁ
3744 1905 3824 1958 λό-

2211 2010 2306 2063 γος
2336 1993 2450 2062 (66)
2478 1999 2574 2054 τῆς
2604 1991 2881 2064 ἐναλλαγῆς
2906 2012 2920 2061 ;
2973 1992 3095 2047 Ὀτι
3142 1995 3167 2047 ὁ
3222 1998 3311 2067 μὲν
3361 2000 3479 2070 περὶ
3528 2003 3627 2048 τῶν
3657 1995 3708 2048 ἐν
3737 2016 3821 2069 75-

2212 2084 2346 2132 νέσει
2375 2084 2465 2133 καὶ
2523 2083 2691 2155 φθορᾷ
2743 2079 3129 2156 διαλεγόμενος,
3187 2091 3250 2156 τῇ
3310 2093 3584 2158 σωματικῇ
3643 2085 3824 2158 ἑπόμε-

2211 2189 2297 2231 νος
2327 2173 2497 2242 φύσει,
2537 2175 2631 2229 τὴν
2680 2175 2879 2244 γένεσιν
2922 2173 3172 2248 προέταξε
3207 2181 3298 2226 τοῦ
3346 2176 3569 2227 θανάτου
3607 2172 3824 2247 (ἀδύναο

2210 2277 2295 2311 τον
2315 2261 2415 2334 γὰρ
2450 2262 2672 2313 θανάτου
2713 2269 2893 2334 πεῖραν
2949 2262 3121 2315 λαϐεῖν
3165 2265 3253 2315 τὸν
3300 2267 3374 2336 μὴ
3416 2269 3663 2339 πρότερον
3701 2284 3820 2336 γεν-

2209 2350 2471 2421 νηθέντα)
2521 2348 2619 2421 ἐγὼ
2653 2346 2729 2418 δὲ,
2763 2356 2881 2423 περὶ
2911 2360 3006 2414 τῆς
3054 2361 3408 2426 πνευματικῆς
3437 2351 3822 2425 ἆναγεννήσεως

2209 2442 2296 2491 τόν
2343 2437 2494 2512 λόγον
2552 2442 2820 2493 ποιεῖσθαι
2872 2441 3086 2514 μέλλων,
3147 2447 3234 2494 τόν
3278 2442 3490 2496 θάνατον
3530 2446 3820 2518 προτίθημι

2207 2535 2305 2589 τῆς
2330 2529 2486 2589 ζωῆς.
2537 2532 2630 2582 Διά
2659 2531 2760 2604 γὰρ
2791 2537 2883 2582 τοῦ
2912 2527 3185 2584 ἀποθανεῖν
3215 2539 3276 2591 τῆ
3314 2535 3471 2606 σαρκὶ
3502 2537 3816 2606 περιγίνεται

2207 2617 2333 2688 ἡμῖν
2374 2620 2430 2668 τὸ
2473 2618 2782 2688 γεννηθῆναι
2823 2625 2894 2688 τῷ
2950 2622 3224 2691 πνεύματι,
3289 2621 3426 2672 καθά
3475 2639 3606 2692 φησι
3651 2625 3742 2674 καὶ
3793 2621 3819 2672 ὁ

2210 2708 2415 2780 Κύριος·
2445 2705 2576 2777 Ἐγώ
2625 2704 2909 2772 ἀποκτενῶ,
2956 2712 3047 2760 καὶ
3101 2709 3196 2780 ζῇν
3255 2713 3482 2766 ποιήσω.
3529 2708 3820 2762 Ἀποθάνω-

2208 2813 2297 2866 μεν
2335 2795 2443 2861 οὖν,
2480 2796 2565 2848 ἵνα
2603 2796 2866 2869 ζήσωμεν.
2902 2796 3311 2870 Ἀποκτείνωμεν
3340 2801 3399 2850 1'6
3433 2802 3674 2873 φρόνημα
3701 2800 3817 2871 (67)

2206 2891 2304 2946 τῆς
2353 2887 2564 2958 σαρκός,
2617 2888 2674 2937 1'6
2723 2890 2793 2958 μὴ
2848 2882 3131 2958 δυνάμενον
3184 2889 3513 2959 ὑποταγῆναι
3564 2896 3637 2959 τῷ
3679 2891 3820 2961 νόμῳ

2205 2981 2299 3026 τοῦ
2349 2982 2504 3043 Θεοῦ,
2556 2975 2640 3027 ἶνα
2688 2980 2748 3028 τὸ
2807 2980 3046 3050 φρόνημα
3092 2985 3211 3049 τοῦ,
3241 2981 3530 3049 πνευματος
3596 2978 3819 3052 ἰσχυρόν

433 3075 544 3140 est,
576 3075 642 3126 ut
670 3068 850 3126 etiam
887 3083 1010 3123 una
1043 3083 1179 3122 cum
1215 3066 1467 3135 Christo,
1503 3068 1607 3139 qui
1633 3067 1812 3123 nobis
1837 3083 2095 3123 resurre-

2208 3063 2333 3135 ἡμῖν
2363 3065 2474 3135 (68)
2498 3063 2788 3136 ἐγγένηται,
2825 3062 2898 3117 δι’
2927 3066 2986 3118 οὗ
3011 3069 3114 3138 ζμὴ
3143 3071 3232 3118 καὶ
3264 3066 3438 3140 εἰρήνη
3462 3069 3821 3141 περιγίνεσθαι

430 3160 643 3217 ctionis
669 3163 880 3215 auctor
903 3156 1032 3222 fuit,
1054 3170 1466 3224 resurgamus.
1489 3157 1749 3227 Tempus
1780 3155 1946 3211 aliud
1966 3155 2097 3211 aliis

428 3248 678 3321 quidem
703 3246 888 3303 rebus
914 3245 1201 3300 idoneum
1223 3249 1335 3299 est:
1367 3243 1684 3315 proprium
1720 3246 1943 3316 somni,
1966 3260 2101 3316 pro-

427 3338 631 3411 prium
659 3334 1024 3407 vigiliarum,
1041 3333 1358 3406 proprium
1383 3333 1542 3400 belli,
1559 3333 1872 3406 proprium
1893 3335 2095 3407 pacis:

429 3425 539 3483 sed
566 3423 951 3498 baptismatis
977 3427 1216 3494 tempus
1238 3426 1362 3478 tota
1381 3421 1696 3478 hominum
1731 3423 1852 3480 vita
1880 3427 2099 3481 est.Ne-

427 3531 546 3591 que
574 3514 734 3572 enim
766 3528 985 3586 corpus
1011 3512 1177 3586 quod
1205 3528 1327 3568 non
1351 3512 1627 3585 respirat,
1657 3513 1873 3580 vivere,
1897 3530 2097 3587 neque

427 3604 634 3662 anima
658 3619 793 3677 quate
825 3601 1206 3659 Conditorem
1235 3617 1358 3658 non
1399 3602 1730 3672 cognoscit,
1773 3603 2097 3659 consistere

425 3686 640 3768 potest.
672 3694 775 3750 Dei
809 3691 970 3750 enim
1018 3692 1318 3764 ignoratio
1347 3692 1566 3748 animae
1609 3709 1774 3748 mors
1823 3697 1931 3749 est.
1979 3693 2095 3758 Qui

423 3790 630 3842 autem
653 3801 774 3841 non
795 3782 1162 3855 baptizatus,
1186 3782 1284 3838 ille
1306 3797 1416 3838 nec
1433 3781 1811 3837 illuminatus
1831 3787 1937 3838 est.
1952 3785 2096 3838 Rur-

424 3891 528 3930 sus
559 3873 687 3929 sine
717 3872 871 3939 luce,
904 3888 1013 3928 nec
1035 3871 1244 3927 oculus
1274 3887 1412 3944 quae
1440 3887 1552 3926 sua
1583 3875 1724 3926 sunt
1750 3870 1957 3938 cernit,
1981 3886 2094 3927 nec

423 3963 631 4018 anima
672 3964 863 4018 Deum
895 3959 1290 4033 contemplari
1331 3965 1551 4032 potest.
1605 3963 1810 4033 Itaque
1851 3965 2092 4032 temptIs

422 4068 605 4107 omne
635 4051 714 4107 ad
745 4049 1002 4106 salutem
1024 4065 1132 4122 per
1155 4048 1465 4121 baptisma
1495 4048 1958 4120 adipiscendam
1986 4065 2092 4122 op-

421 4145 758 4214 portunum
807 4145 946 4196 est:
1008 4139 1131 4194 sive
1189 4137 1362 4210 114
1428 4144 1672 4195 noctem
1720 4139 1908 4205 dicas,
1964 4140 2090 4195 sive

421 4231 606 4300 diem,
653 4231 777 4286 sive
815 4226 1052 4299 horam,
1112 4228 1239 4284 sive
1288 4227 1578 4300 temporis
1621 4227 2088 4301 punctum,sive

419 4318 664 4392 quidvis
697 4317 1196 4374 minutissimum.
1231 4320 1481 4374 Credere
1509 4321 1711 4374 tamen
1741 4333 1853 4390 par
1882 4323 1990 4387 est,
2023 4317 2087 4374 id

2207 3158 2417 3225 πέφυκε.
2453 3161 2788 3228 Συνταφῶμεν
2837 3162 2910 3225 τῷ
2959 3161 3177 3228 Χριστῷ
3221 3165 3292 3227 τῷ
3341 3158 3466 3231 ὑπὲρ
3512 3158 3658 3229 ἡμῶν
3697 3155 3820 3208 ἀπο-

2211 3245 2433 3309 θανόντι,
2467 3244 2550 3295 ἷνα
2581 3249 2671 3296 καὶ
2705 3252 3106 3317 συναναστῶμεν
3155 3253 3227 3316 τῷ
3258 3247 3383 3318 ἡμῖν
3414 3250 3501 3304 τὴν
3533 3243 3818 3298 ἀνάστασιν

2206 3333 2604 3406 προξενήσαντα
2639 3335 2834 3406 Καιρὸς
2860 3329 2949 3406 μὶν
2982 3333 3068 3386 οὖν
3099 3333 3274 3396 ἄλλοις
3302 3333 3452 3396 ἄλλος
3497 3332 3814 3396 ἐπιτήδειος·

2206 3419 2347 3484 ἴδιος
2384 3421 2568 3490 ὕπνου,
2619 3428 2709 3475 καὶ
2755 3419 2896 3484 ἴδιος
2944 3421 3325 3498 ἐγρηγόρσεως*
3380 3421 3523 3485 ἴδιος
3567 3424 3814 3496 πολέμου,

2205 3516 2296 3564 καὶ
2347 3509 2489 3573 ἴδιος
2542 3511 2763 3586 εἰρήνης·
2835 3517 3016 3588 καιρός
3073 3509 3131 3566 δὲ
3175 3511 3544 3588 βαπτίσματος
3598 3515 3736 3577 ἄπας
3787 3515 3813 3566 ὁ

2202 3611 2301 3656 τῶν
2322 3601 2603 3680 ἀνθρώπων
2635 3603 2774 3677 βίος·
2831 3607 2965 3657 Οὔτε
3012 3606 3113 3680 γὰρ
3177 3611 3382 3678 σώματι
3441 3607 3537 3678 ζῇν
3589 3610 3659 3678 μὴ
3701 3604 3816 3659 ἁνα-

2204 3695 2409 3746 πνέοντι
2440 3689 2683 3760 δυνατόν,
2731 3696 2848 3746 οὕτε
2889 3693 3044 3766 ψυχῇ
3111 3696 3442 3762 συνεστάναι,
3499 3700 3570 3767 μὴ
3630 3715 3791 3770 γνωρι

2205 3783 2372 3855 ζούσῃ
2430 3786 2518 3835 τόν
2573 3787 2847 3837 κτίσαντα.
2896 3789 3029 3836 Θεοῦ
3059 3785 3160 3858 γὰρ
3210 3784 3398 3856 ἄγνοια
3445 3787 3663 3848 θάνατός
3703 3784 3816 3838 ἐστι

2201 3871 2410 3943 ψυχῆς.
2454 3871 2512 3923 Ὀ
2547 3867 2605 3923 δέ
2634 3877 2705 3944 μή
2771 3871 3087 3944 βαπτισθεὶς
3147 3873 3207 3924 οὐ
3256 3880 3601 3946 πεφωτισται.
3659 3873 3813 3926 Ἀνευ
3859 3940 3862 3944 Ι

2204 3957 2264 4013 δὲ
2295 3964 2463 4032 φωτὸς
2492 3964 2608 4013 οὔτε
2635 3959 2898 4034 ὀφθαλμὸς
2928 3963 2995 4013 τὰ
3025 3960 3206 4014 ἑαυτοῦ
3237 3965 3457 4038 καθορᾷ,
3516 3967 3629 4016 οὔτε
3657 3963 3811 4035 ψυχὴ

2203 4057 2338 4103 Θεοῦ
2372 4046 2629 4112 δέξασθαι
2659 4047 2882 4102 δύναται
2916 4053 3150 4126 θεωρίαν.
3206 4058 3314 4114 Πᾶς
3363 4057 3454 4126 μὲν
3494 4050 3582 4105 οὖν
3622 4057 3813 4126 χρόνος

2202 4139 2461 4214 εὐκαιρίαν
2493 4142 2607 4212 ἔχει
2635 4143 2764 4214 πρὸς
2808 4144 2902 4199 τὴν
2935 4137 3028 4194 διὰ
3079 4148 3168 4194 τοῦ
3219 4140 3591 4214 βαπτίσματος
3646 4161 3817 4200 σωτη-

2197 4234 2336 4303 ρίαν·
2370 4229 2465 4281 κᾶν
2512 4232 2676 4283 νύκτα
2727 4233 2894 4305 εἴπῃς,
2950 4230 3045 4283 κᾶν
3097 4234 3313 4307 ἡμέραν,
3371 4231 3466 4283 κᾶν
3519 4235 3675 4305 ὤραν,
3718 4231 3812 4284 κᾶν

2203 4323 2430 4392 στιγμὴν
2465 4324 2681 4393 χρόνον,
2722 4322 2818 4372 κᾶν
2848 4341 2900 4373 τι
2931 4322 3046 4392 (69)
3100 4319 3460 4394 βραχύτατον.
3519 4321 3696 4391 Πολλῷ
3753 4318 3813 4374 δὲ

393 4405 659 4482 'tempus
694 4411 1096 4481 opportunius
1141 4424 1294 4473 esse,
1320 4398 1486 4480 qu'od
1515 4407 1691 4464 fuerit
1722 4408 1916 4479 magis
1951 4424 2085 4481 pro-

2203 4404 2376 4467 δήπου
2445 4409 2579 4471 εἰκός
2619 4406 3034 4484 ἐπιτηδειότερον
3079 4406 3208 4462 εἶναι
3258 4413 3344 4462 τόν
3394 4410 3715 4486 οἰκειότερον.
3747 4414 3812 4464 Τί

417 4499 619 4571 prium
649 4499 965 4571 magisque
996 4494 1198 4555 aﬂine.
1241 4494 1396 4563 Quid
1427 4502 1632 4553 autem
1662 4495 1956 4568 majorem
1982 4497 2084 4555 ha-

415 4585 558 4646 bere
569 4593 916 4661 potestcum
929 4587 1294 4660 baptismate
1305 4587 1944 4660 cognationem,quam
1959 4587 2086 4645 dies

415 4674 762 4736 Paschatis?
783 4678 915 4734 Haec
936 4676 1100 4734 enim
1124 4676 1255 4733 dies
1276 4680 1747 4734 monumentum
1769 4681 1857 4734 est
1885 4691 2084 4734 resur-

414 4768 734 4827 rectionis:
767 4767 1080 4841 baptisma
1108 4781 1254 4824 vero
1280 4766 1371 4824 vis
1401 4770 1493 4824 est
1512 4771 1694 4840 atque
1714 4766 1970 4826 facultas
1986 4783 2084 4826 re-

2199 4495 2251 4551 6"
2281 4497 2343 4550 ἂν
2380 4502 2577 4570 γένοιτο
2629 4509 2720 4562 τῆς
2769 4502 2968 4574 ἡμέρας
3019 4507 3109 4553 τοῦ
3159 4501 3364 4572 Πάσχα
3407 4505 3806 4574 συγγενέστερον

2195 4590 2328 4662 πρὸς
2370 4590 2428 4641 1'6
2461 4587 2781 4663 βάπτισμα;
2839 4588 2897 4641 Ἠ
2947 4591 3039 4662 μὲν
3090 4591 3191 4663 γὰρ
3247 4591 3418 4663 ἡμέρα
3473 4594 3806 4662 μνημόσυνόν

2194 4677 2338 4732 ἐστιν
2366 4675 2722 4742 ἀναστάσεως·
2771 4681 2828 4732 τὸ
2862 4675 2921 4731 δὲ
2953 4677 3236 4752 βάπτισμα
3276 4676 3502 4752 δύναμίς
3534 4678 3646 4733 ἐστι
3674 4683 3805 4755 πρὸς

2192 4772 2288 4829 τὴν
2329 4767 2637 4824 ἀνάστασιν.
2673 4767 2755 4824 Ἐν
2784 4771 2958 4822 τοίνυν
3006 4775 3072 4842 τῇ
3125 4766 3471 4843 ἀναστασίμῳ
3510 4771 3682 4846 ἡμέρᾳ
3709 4776 3806 4832 τῆς

489 4945 536 4986 ⁸³
557 4947 746 5020 Eccle,
775 4962 859 5020 ιιι,
896 4950 947 5017 1,
979 4951 1034 5002 2.
1066 4944 1115 4982 ⁸³
1146 4948 1508 5015 Deut.xxxu,
1532 4950 1621 5004 39.
1647 4946 1694 4984 εδ
1721 4948 1892 5005 Rom.
1923 4963 2050 5022 vin,
2073 4952 2128 5006 7.

485 5127 600 5195 (66)
629 5127 879 5185 Codices
903 5125 1159 5200 quidam
1191 5125 1618 5200 Combeﬁsiani
1643 5142 1757 5200 pro
1788 5127 1943 5200 λόγος
1970 5127 2078 5185 ha-

411 5193 562 5255 bent
584 5193 798 5272 τρόπος.
834 5193 1076 5268 Legitur
1100 5198 1365 5272 quidem
1383 5203 1440 5254 et
1463 5198 1525 5254 in
1552 5193 1763 5272 nostro
1795 5193 2078 5272 Rég.pri-ﬁ

411 5287 516 5326 mo
545 5268 644 5394 et;
669 5268 728 5323 δὲ
757 5273 783 5323 ό
822 5275 1036 5344 τρόπος,
1081 5268 1188 5326 sed
1227 5270 1504 5326 additum
1543 5270 1655 5328 fuit
1682 5271 1743 5326 in
1791 5268 1901 5327 ora
1940 5268 2079 5328 libri

411 5361 500 5394 νο·
535 5362 560 5394 ο
624 5361 768 5394 ονοε.

489 5364 500 5376 ·
535 5362 560 5394 0
594 5361 768 5404 Λόγος.

489 5364 500 5376 ·
535 5362 560 5394 ο
594 5361 649 5394 ΛΟ
691 5362 715 5395 ο
755 5383 768 5396 .

411 5361 595 5493 γρ(6,)
647 5361 824 5487 hac],
877 5420 1250 5502 ἀποκτείνωμεν
1298 5425 1357 5474 τό
1403 5426 1658 5549 ςέςόνημα,
1695 5426 1832 5487 etc.,
1879 5417 1964 5478 sic
2010 5423 2073 5479 in

411 5491 665 5549 Vulgata
704 5508 1064 5549 conversum
1090 5494 1370 5549 legimus.
1466 5497 1773 5549 ccidamus
1811 5496 2073 5549 pruden-

410 5491 665 5563 Vulgata
704 5508 1064 5549 conversum
1090 5491 1370 5562 legimus.
1409 5491 1773 5550 Occidamus
1806 5496 2075 5564 pruden-

411 5567 559 5636 tiam
581 5565 881 5626 carnis,ut
907 5567 1238 5634 prudentia
1266 5567 1517 5635 spiritus
1545 5567 1941 5636 genereturin
1972 5583 2074 5623 no-

415 5635 535 5697 bis:
563 5651 753 5710 quam
783 5636 1346 5711 interpretationem
1369 5635 1786 5711 ascripsimus,
1818 5643 1884 5696 ut
1903 5639 2070 5712 quis-

2190 5143 2310 5202 que
2332 5126 2581 5202 seligere
2592 5125 2789 5202 possit
2801 5123 2969 5202 quod
2984 5125 3097 5184 sibi
3111 5127 3308 5202 magis
3319 5125 3686 5202 placiturum
3700 5124 3796 5189 sit.

2263 5203 2372 5271 (68)
2407 5198 2575 5275 C_Olb.
2596 5198 2845 5275 _prim_us
2874 5199 3102 5275 καθαρόν
3135 5198 3359 5275 ἐνΑήμῖν.
3388 5202 3539 5258 Editi
3572 5203 3796 5275 ἰσχυρόν

2190 5269 2240 5345 ἓν
2268 5269 2392 5344 ἡμῖν
2425 5269 2719 5345 ἐγγένηται.
2754 5273 2896 5345 Reg.
2923 5269 3138 5345 tertius
3179 5271 3227 5324 ἐν
3249 5269 3384 5345 ⁷ἡμῖν
3421 5269 3797 5344 γένηταιξᾹΙὶί

2187 5341 2314 5399 dud
2333 5341 2737 5416 ωεεξίσχυρόν
2764 5344 2889 5414 ἡμῖν
2916 5341 3208 5414 ἐγγένηται.

2259 5425 2370 5496 (69)
2395 5422 2544 5478 Editi
2576 5425 2672 5474 κᾶν
2701 5442 2793 5496 τι,Δ
2825 5423 3063 5496 Veteres
3106 5423 3378 5496 quinque
3408 5421 3545 5496 libri
3586 5425 3682 5478 κᾶν
3711 5431 3790 5484 τό.

2181 5494 2505 5572 Aliquanto
2517 5498 2654 5572 post
2669 5493 3081 5572 Colb.primu‘s
3105 5493 3363 5572 eteditio
3389 5495 3645 5572 Parim-ﬁ
3671 5498 3790 5551 ἀνα-

2184 5565 2430 5640 στασίμῳ
2459 5565 2649 5640 ἡμέρᾳ.
2669 5569 2792 5640 Vox
2811 5565 3024 5640 ultima
3043 5565 3263 5640 in_aliis
3290 5571 3552 5640 quatuor
3578 5565 3790 5632 mss.et

2180 5639 2241 5695 in
2269 5637 2530 5697 editione
2561 5637 2739 5696 Basil.
2771 5653 2897 5696 non
2923 5638 3250 5696 invenitur.
