4098 6378
253 259 357 321 425
1353 251 1648 315 HOMILIA
1688 251 1755 309 IN
1794 238 2120 309 SANCTUM
2158 247 2501 312 BAPTISMA
3510 259 3616 316 426

256 387 596 450 ἀναστάσεως
621 389 714 446 τὴν
752 385 915 461 χάριν
958 379 1349 457 ύποδεξώμεθα.
1397 385 1492 436 Διά
1527 389 1681 434 τοῦτο
1724 377 1856 454 πόρ-

2001 376 2275 446 urgendi.
2301 378 2510 452 Itaque
2532 379 2595 435 in
2614 377 3068 437 resurrectionis
3090 378 3185 438 (lic
3207 381 3617 457 suscipiamus

254 479 413 553 ῥωθεν
463 478 492 535 ἡ
549 475 837 534 Ἐκκλησία
899 478 1022 536 τούς
1089 472 1279 534 ἑαυτῆς
1324 477 1609 547 τροφίμους
1673 467 1858 540 ὑψηλῷ

1998 465 2417 523 esurrectionis
2464 468 2746 538 gratiam.
2787 471 3168 543 Quapropter
3206 487 3237 527 e
3282 473 3616 547 longinquo

253 568 557 641 κηρύγματι
607 563 876 636 συγκαλεῖ,
910 563 971 616 ἵν’
1015 564 1104 623 οὓς
1144 562 1307 615 πάλαι
1349 558 1692 629 ὤδινεν“(70),
1722 556 1856 610 ἀπο-

2002 553 2226 612 icclesia
2250 555 2532 613 alumnos
2563 574 2707 614 suos
2732 559 3037 631 praeconio
3067 560 3187 617 alto
3215 568 3530 631 convocat,
3554 567 3620 620 ut

255 659 429 729 κυήση
480 658 619 715 τότε,
645 657 735 706 καὶ
782 651 1256 725 ἀπογαλακτίσασα
1304 650 1498 712 αὐτούς
1545 656 1645 701 τῶν
1692 652 1855 718 Λόγων

2001 659 2119 716 uos
2142 645 2380 718 pridem
2405 648 2700 733 parturiit,
2730 653 2857 705 tum
2887 648 3137 706 demum
3166 651 3381 724 pariat,
3409 652 3619 725 eisque

257 752 353 806 τῆς
396 747 769 816 κατηχήσεως,
819 744 981 815 γεύσῃ
1034 749 1130 804 τῆς
1180 746 1390 816 στερεάς
1430 747 1531 791 τῶν
1576 734 1855 810 δογμάτων

2019 734 2233 807 primae
2253 736 2646 794 institutionis
2660 737 2936 795 doctrina
2951 743 3240 813 tanquam
3258 740 3462 797 alactc
3483 742 3622 798 sub-

256 841 473 908 τροφῆς.
521 835 759 894 Ἰωάννης
806 829 1067 906 ἐκήρυσσε
1113 829 1396 903 βάπτισμα
1442 832 1734 902 μετανοίας,
1767 830 1858 878 καὶ

2004 824 2147 881 lotis
2161 825 2420 883 solidam
2432 827 2791 898 dogmatum
2804 844 3005 885 escam
3018 830 3287 903 prtrbeat
3298 829 3622 901 degustan-

258 921 582 996 ἐξεπορεύετο
639 925 771 996 πρὸς
822 921 978 973 αὐτὸν
1033 926 1183 973 πᾶσα
1243 922 1273 978 ἠ
1337 914 1591 972 Ἰουδαία·
1667 919 1857 991 Κύριος

2009 929 2130 970 am.
2152 916 2416 972 Joannes
2439 917 3131 991 praedicabatbaptisma
3148 919 3623 992 poenitentite,ad

256 1015 519 1087 κηρύσσει
560 1010 842 1085 βάπτισμα
888 1012 1171 1072 υἱοθεσίας·
1216 1013 1307 1062 καὶ
1345 1013 1426 1071 τίς
1455 1016 1554 1060 τῶν
1594 1006 1662 1069 εἰς
1703 1006 1857 1058 αὐτὸν

2003 1004 2150 1077 ique
2172 1006 2593 1075 egrediebatur
2605 1008 2815 1066 Iudaea
2836 1014 2958 1066 tota
2982 1028 2994 1066 :
3021 1010 3310 1083 praedicat
3329 1012 3621 1069 Dominus

258 1100 550 1160 ἠλπικὸτων
614 1101 720 1173 οὐχ
790 1102 1184 1166 {munda-stat;
1249 1099 1439 1152 Ἐκεῖνο
1515 1097 1858 1168 εἰσαγωγικὸν

2011 1095 2272 1168 aptisma
2291 1096 2637 1170 adoptionis
2656 1098 2949 1168 ﬁliorum;
2972 1099 3180 1173 ecquis
3202 1117 3415 1159 eorum
3437 1104 3542 1175 qui
3560 1103 3624 1159 in

260 1193 320 1242 τὸ
373 1189 673 1263 βάπτισμα·
734 1197 888 1242 τοῦτο
944 1188 1285 1243 τελειωτικόν.
1348 1186 1539 1240 Ἐκεῖνο
1597 1185 1860 1259 ἁμαρτίας

2011 1200 2101 1241 )so
2122 1201 2293 1258 spem
2312 1201 2657 1259 reposuere,
2681 1204 2916 1245 morem
2937 1205 3061 1246 non
3092 1190 3301 1261 geret?
3321 1192 3629 1265 Baptisma

259 1277 621 1355 ἀναχώρησις·
677 1287 830 1332 τοῦτο
880 1279 1141 1341 οἰκείωσις
1195 1279 1328 1352 πρὸς
1384 1281 1532 1331 Θεὸν,
1577 1274 1718 1337 Ἐνδς
1767 1272 1859 1326 ἀν..

2006 1271 2118 1329 ιΙιιά,
2142 1273 2266 1329 vim
2290 1273 2560 1333 habebat
2585 1275 3046 1334 introducendi:
3081 1279 3220 1349 hoc,
3250 1280 3624 1352 perﬁciendi.

256 1363 383 1443 δρὸς
421 1366 484 1427 ἧν
513 1368 752 1423 Ἰωάννου
796 1371 854 1420 τὸ
884 1373 1156 1441 κήρυγμα,
1195 1371 1285 1419 καὶ
1329 1368 1527 1426 πάντας
1574 1364 1704 1418 είλκε
1733 1367 1863 1437 πρὸς

2007 1362 2124 1418 llud
2149 1367 2277 1420 erat
2303 1380 2577 1421 secessus
2607 1382 2644 1422 a
2672 1370 2923 1439 peccato
2952 1384 2965 1423 :
3015 1368 3132 1425 hoc
3161 1369 3295 1441 conj
3307 1370 3509 1428 unctio
3538 1377 3625 1429 est

252 1461 348 1516 τὴν
401 1459 699 1531 μετάνοιαν·
735 1460 801 1510 σὺ
852 1453 929 1525 δὲ,
988 1452 1083 1509 διὰ
1123 1463 1399 1529 προφητῶν
1454 1450 1858 1527 διδασκόμενος

2011 1468 2111 1509 um
2143 1455 2285 1510 Deo.
2320 1455 2505 1511 Unius
2550 1455 2659 1512 viri
2707 1460 2835 1512 erat
2876 1457 3226 1530 praedicatio
3269 1462 3538 1531 Joannis,
3570 1464 3629 1519 ct

254 1551 558 1615 Λούσασθε,
604 1549 826 1622 καθαροὶ
882 1547 1106 1619 γίνεσθε·
1168 1541 1262 1597 διὰ
1323 1543 1541 1616 ψαλμῶν
1588 1545 1862 1597 νουθετού-

2014 1558 2186 1599 mnes
2206 1543 2285 1601 ad
2308 1544 2724 1617 pcnnitentiam
2741 1547 2917 1604 traxit
2940 1566 2952 1603 :
2976 1552 3042 1604 tu
3061 1564 3225 1617 vero,
3242 1549 3347 1622 qui
3367 1566 3474 1623 per
3492 1567 3627 1624 pro-

254 1656 427 1711 μενος.
486 1637 803 1711 Προσέλθετε
859 1638 990 1710 πρὸς
1047 1634 1221 1703 αὐτὸν,
1279 1639 1371 1687 καὶ
1418 1634 1733 1707 φωτίσθητε·
1791 1629 1864 1686 δι’

2011 1631 2189 1688 betas
2205 1632 2471 1690 doceris:
2497 1637 3069 1706 Lavamini,mundi
3086 1644 3268 1696 estote
3289 1640 3367 1695 εει
3395 1640 3501 1712 qui
3522 1656 3629 1713 per

255 1725 555 1780 ἀποστόλων
601 1725 1092 1799 εὐαγγελιζόμενος·
1148 1729 1536 1792 Μετανοήσατε,
1574 1728 1666 1777 καὶ
1716 1722 1863 1796 βαπ-

2012 1720 2251 1778 88111105
2278 1723 2649 1793 admoneris,
2666 1725 2949 1783 Accedite
2967 1727 3049 1783 ad
3068 1743 3223 1798 eum,
3246 1734 3301 1785 et
3321 1730 3630 1787 illumina-

253 1817 490 1874 τισθήτω
543 1815 764 1876 ἕκαστος
816 1815 957 1888 ὐμῶν
1006 1813 1091 1867 ἐπὶ
1138 1823 1209 1887 τῷ
1256 1814 1475 1887 ὀνόματι
1522 1821 1615 1866 τοῦ
1667 1817 1863 1888 Κυρίου

2012 1812 2124 1867 iini
2142 1812 2189 1847 ⁸⁸
2214 1828 2228 1867 :
2251 1812 2357 1885 qui
2379 1813 2818 1886 penapostolos
2846 1815 3117 1872 faustum
3146 1817 3316 1874 illum
3342 1819 3630 1876 nuntium

255 1905 433 1964 Ἰησοῦ
509 1905 619 1977 (7i)
681 1904 917 1980 Χριστοῦ
990 1904 1061 1966 εἰς
1142 1905 1325 1977 ἄφεσιν
1397 1903 1685 1977 ἁμαρτιῶν,

2012 1902 2182 1959 udis:
2205 1904 2384 1975 Agite
2407 1907 2845 1976 pwnitentiam,
2873 1913 2927 1964 et
2956 1906 3630 1984 baptiseturunusquis-

250 1994 484 2067 λήψεσθε
537 2000 632 2054 τὴν
691 1993 1000 2068 ἐπαγγελίαν
1057 2002 1151 2047 τοῦ
1203 1994 1357 2066 ἁγίου
1406 1996 1725 2067 Πνεύματος·
1773 1981 1862 2044 ὑπ’

2012 2008 2085 2050 ue
2110 1983 2374 2070 vestrum
2409 1995 2472 2051 in
2493 1996 2732 2052 nomine
2752 1996 2996 2053 Domini
3021 1998 3164 2055 Jesu
3193 1999 3424 2056 Christi
3450 1981 3513 2057 in
3535 2018 3628 2059 re-

253 2085 413 2138 αύτοῦ
442 2092 535 2137 τοῦ
586 2088 782 2158 Κυρίου
826 2082 1369 2158 προσλαμϐανόμενος,
1412 2081 1663 2155 λέγοντος·
1711 2088 1863 2134 Δεῦτε

2007 2083 2306 2141 ιίεείοηεηι
2329 2089 2738 2155 peccatorum,
2763 2090 2817 2142 et
2839 2087 3146 2157 accipietis
3171 2090 3625 2158 promissionem

250 2177 379 2250 πρὸς
425 2176 508 2248 με,
562 2176 749 2236 πάντες
813 2175 864 2226 οἱ
938 2181 1216 2236 κοπιῶντες
1292 2177 1383 2225 καὶ
1434 2175 1855 2246 πεφορτισμένοι,

2009 2172 2234 2243 'piritus
2252 2174 2454 2230 sancti
2465 2174 2510 2208 ⁸⁷
2540 2192 2552 2229 :
2576 2172 2681 2247 qui
2702 2173 2780 2231 ab
2800 2174 2934 2247 ipso
2957 2175 3212 2232 Domino
3232 2177 3522 2250 invitaris,
3541 2179 3627 2236 di-

251 2262 401 2336 κάγώ
456 2262 746 2315 ἀναπαύσω
804 2263 935 2336 ὑμᾶς
986 2268 1178 2324 (ταῦτα
1245 2264 1345 2337 γὰρ
1397 2263 1569 2315 πάντα
1634 2265 1859 2335 σήμερον

2012 2266 2172 2319 ante:
2207 2263 2410 2320 Venite
2429 2264 2512 2320 ad
2531 2278 2644 2332 me,
2663 2279 2864 2322 omnes
2886 2266 2991 2338 qui
3010 2267 3300 2324 laboratis
3321 2274 3375 2325 et
3391 2271 3630 2327 onerati

253 2348 548 2426 συνέδραμε
595 2353 728 2425 πρὸς
763 2355 858 2410 τὴν
907 2350 1242 2423 ἀνάγνωσιν)·
1285 2351 1451 2412 ὀκνεῖς
1497 2354 1585 2402 καὶ
1632 2347 1855 2423 βουλεύῃ

2007 2352 2129 2419 stis,
2157 2357 2214 2409 et
2232 2367 2339 2424 ego
2358 2354 2624 2423 reﬁciam
2648 2370 2749 2411 vos
2771 2355 2818 2391 ⁸³
2839 2355 2991 2427 (haec
3014 2355 3176 2412 enim
3209 2358 3418 2414 omnia
3443 2358 3625 2417 hodie

249 2446 341 2495 καὶ
383 2437 419 2494 δ
425 2440 716 2514 ιαμέλλειςς
751 2441 838 2494 Ἐκ
886 2459 1073 2499 νηπίου
1112 2442 1200 2492 τὸν
1240 2439 1391 2512 λόγον
1438 2441 1855 2512 κατηχούμενος,

2005 2452 2030 2493 1
2050 2435 2305 2493 lectione
2323 2440 2810 2511 concurrerunt);
2831 2438 3037 2496 differs
3054 2444 3179 2497 tam
3199 2441 3623 2517 deliberasque

251 2532 396 2586 οὔπω
476 2533 693 2585 συνέθου
766 2539 829 2604 τῇ
916 2529 1187 2604 ἀληθείας
1261 2533 1490 2584 Πάντοτε
1563 2532 1852 2604 μανθάνων,

2004 2531 2026 2582 ι
2054 2527 2358 2583 cunctaris
2378 2527 2406 2583 ?
2429 2529 2514 2583 Tu
2534 2528 2697 2600 quia
2726 2544 2915 2601 puero
2948 2528 3093 2585 ﬁdei
3120 2530 3478 2589 rudimentis
3511 2533 3622 2590 im-

251 2618 459 2675 ούδέπω
509 2618 662 2683 ἦλθες
703 2625 836 2697 πρὸς
881 2626 974 2681 τὴν
1039 2620 1360 2693 ὶπίγνωσιν;
1410 2622 1708 2695 Πειραστης
1765 2615 1860 2672 διὰ

2003 2619 2150 2672 ιιιῑιιε
2173 2631 2258 2684 es,
2282 2615 2562 2673 nondum
2587 2617 2899 2675 assensisti
2927 2619 3210 2676 veritati?
3233 2624 3318 2678 Tu
3342 2622 3447 2695 qui
3469 2639 3621 2681 sem-

252 2708 397 2785 βίου,
448 2711 781 2771 κατάσκοπος
820 2714 987 2786 μέχρι
1031 2714 1222 2785 γήρως,
1271 2713 1397 2763 πότε
1450 2713 1645 2782 γενήσῃ
1692 2716 1859 2784 Χρισ-

2002 2720 2072 2762 ιθτ
2096 2705 2339 2775 ediscis,
2370 2707 2649 2763 nondum
2680 2708 3005 2780 pervenisti
3035 2709 3115 2766 ad
3162 2712 3572 2783 cognitionem
3593 2714 3620 2770 ?

249 2803 462 2868 τιανὸςς
493 2804 620 2854 ποτε
646 2805 968 2875 γνωρίσομέν
1011 2819 1069 2853 σε
1112 2802 1183 2862 ὡς
1224 2801 1509 2873 ἡμέτερον;
1543 2802 1742 2873 Πέρυσι
1770 2800 1857 2851 τὸν

2002 2806 2073 2851 ἐτ
2092 2810 2340 2852 omnem
2368 2796 2556 2852 vitam
2587 2797 3065 2870 experimentum
3104 2799 3294 2873 capis,
3330 2801 3410 2858 ad
3453 2818 3620 2859 sene-

249 2895 486 2965 παρόντα
545 2895 727 2965 καιρὸν
790 2887 1056 2963 ἐξεδέχου,
1097 2897 1185 2941 νῦν
1241 2887 1397 2942 πάλιν
1450 2887 1715 2962 ἀναμένεις
1769 2891 1858 2941 τὸν

2001 2887 2188 2942 tutem
2214 2901 2408 2959 usque
2431 2884 2714 2959 exploras
2739 2904 2754 2957 ;
2785 2889 3036 2961 quando
3060 2890 3307 2947 tandem
3327 2890 3436 2948 ﬁes
3456 2893 3619 2950 Chri-

255 2978 480 3034 ἐπιόντα.
509 2978 647 3055 Ὅρα
694 2983 767 3052 μὴ
815 2980 1024 3056 εὑρεθῇς
1071 2982 1400 3054 μακροτέρας
1436 2985 1532 3039 τῆς
1577 2977 1719 3039 ζωῆς
1762 2979 1857 3039 τὰς

1999 2975 2243 3047 tianusi?
2262 2975 2513 3048 quando
2536 2991 2942 3047 agnoscemus
2961 2982 3018 3035 te
3034 2983 3100 3035 ut
3116 2982 3428 3038 nostrum?
3443 2984 3617 3039 Anno

251 3068 569 3141 ύποσχεσεις
633 3070 959 3142 ποιούμενος.
1037 3070 1148 3121 Ούκ
1224 3064 1378 3130 οἶδας
1454 3071 1507 3119 τί
1569 3066 1769 3130 τέξεται
1819 3067 1849 3124 ἠ

1999 3065 2274 3140 uperiore
2301 3066 2420 3122 hoc
2449 3070 2689 3140 tempus
2709 3069 3166 3140 praestolabare,
3200 3087 3365 3129 nunc
3407 3090 3616 3131 rursus

251 3155 494 3212 ἐπιοῦσα·
544 3162 617 3232 μὴ
679 3157 995 3231 ἐπαγγέλλου
1051 3159 1118 3210 τὰ
1163 3162 1233 3231 μὴ
1298 3158 1385 3212 σά.
1449 3157 1563 3210 Ἐπὶ
1617 3156 1756 3217 ζωήν
1797 3174 1854 3208 σε

2000 3159 2280 3228 xspectas
2294 3159 2612 3212 venturum
2624 3198 2637 3212 .
2653 3158 2809 3214 Cave
2823 3156 3299 3231 deprehendaris
3315 3161 3618 3234 promissa

249 3245 527 3320 καλοῦμεν,
589 3248 846 3323 ἄνθρωπε·
930 3252 985 3300 τί
1061 3245 1369 3319 ἀποφεύγεις
1438 3250 1532 3305 τὴν
1614 3245 1849 3313 κλῆσιν;

1995 3260 2158 3302 acere
2209 3244 2334 3301 vita
2377 3243 2678 3316 longiora.
2710 3249 2961 3317 Ignoras
2999 3248 3149 3322 quid
3196 3265 3459 3323 sequens
3486 3251 3613 3309 dies

246 3336 358 3390 Ἐπ’
396 3336 606 3410 ἀγαθῶν
652 3332 953 3410 μετουσιαν·
1004 3341 1060 3389 τί
1100 3335 1425 3411 ὑπερϐαίνεις
1469 3340 1564 3395 τὴν
1613 3331 1848 3411 δωρεάν;

1993 3338 2249 3391 ιοτῐιιτυε
2280 3333 2391 3404 sit;
2431 3349 2508 3391 ne
2547 3334 2653 3391 tibi
2679 3337 2961 3408 promitte
2982 3353 3120 3411 quae
3150 3342 3254 3396 tua
3276 3356 3402 3397 non
3451 3346 3611 3399 sunt.

241 3424 495 3479 Βασιλεία
544 3425 772 3500 οὐρανῶν
848 3428 1106 3484 ἣνοικται·
1176 3426 1202 3476 ὁ
1253 3423 1422 3476 καλῶν
1499 3420 1758 3494 ἀψευδής·
1816 3425 1847 3483 ἡ

1994 3424 2050 3481 τά
2076 3425 2267 3481 vitam
2294 3428 2373 3492 te,
2395 3424 2601 3494 homo,
2627 3440 2915 3483 vocamus
2939 3445 2953 3498 ;
2986 3427 3136 3501 quid
3164 3428 3324 3501 fugis
3348 3432 3612 3488 vocatio-

240 3510 373 3576 ὁδὸς
445 3510 634 3589 ῥᾳδία,
694 3514 753 3566 οὐ
826 3517 1045 3590 χρόνον,
1096 3513 1155 3566 οὐ
1227 3509 1486 3579 δαπάνης,
1547 3511 1606 3564 οὐ
1675 3531 1851 3588 πραγ-

1994 3529 2099 3571 .em
2117 3511 2145 3566 ?
2172 3512 2261 3569 Ad
2281 3512 2587 3570 bonorum
2612 3514 3139 3588 participationem
3164 3536 3179 3588 ;
3210 3518 3358 3592 quid
3380 3519 3612 3578 donum

240 3608 464 3679 ματείας
529 3607 709 3678 χρεία·
779 3606 832 3656 τὶ
893 3596 1131 3677 μέλλεις
1184 3605 1238 3656 τί
1296 3598 1543 3674 insorduit;
1604 3605 1656 3653 τί
1716 3600 1848 3675 φοϐῇ

1997 3602 2360 3659 ιτωῑθτωὶιῑὶε
2380 3604 2409 3658 ?
2438 3605 2726 3675 Apertum
2759 3609 2849 3659 est
2873 3604 3166 3662 caelorum
3187 3622 3446 3677 regnum
3471 3626 3485 3666 :
3518 3627 3615 3667 ve-

235 3696 328 3747 τὸν
361 3693 540 3765 ζυγόν,
569 3694 742 3766 ὥσπερ
787 3689 1014 3765 δάμαλίς
1061 3712 1142 3756 τις
1184 3690 1560 3768 ἀπειρὸξυγος;
1604 3694 1853 3766 Χρηστός

1993 3707 2071 3748 ax
2099 3694 2189 3747 est
2207 3688 2310 3763 qui
2335 3694 2556 3747 vocat:
2600 3690 2700 3748 via
2724 3691 2953 3760 facilis;
2994 3709 3119 3750 non
3160 3698 3452 3767 tempore,
3485 3714 3611 3755 non

238 3781 405 3852 ἔστιν,
461 3780 678 3857 ἐλαφρός
728 3780 890 3835 ἐστιν·
942 3782 1002 3835 οὐ
1058 3781 1225 3858 τριϐει
1293 3784 1382 3834 τὸν
1439 3780 1663 3852 αὐχένα,
1723 3778 1852 3832 ἀλλά

1994 3784 2233 3853 umptu,
2264 3794 2390 3836 non
2418 3778 2628 3837 labore
2658 3796 2812 3853 opus
2833 3784 2957 3851 est;
3003 3781 3151 3855 quid
3181 3783 3388 3841 differs
3407 3786 3435 3842 ‘I
3463 3787 3611 3860 quid

240 3868 480 3936 δοξάζει.
538 3870 616 3925 Οὐ
664 3873 766 3947 γὰρ
836 3868 1112 3945 δεσμεῇαι
1185 3873 1214 3931 ἡ
1298 3870 1487 3942 ζεύγλη
1564 3874 1683 3945 περὶ
1760 3872 1848 3922 τὸν

1994 3869 2371 3941 ergiversaris
2393 3869 2421 3924 ?
2441 3868 2591 3942 quid
2614 3869 2835 3941 jugum
2863 3871 3294 3946 perhorrescis,
3328 3875 3489 3932 velut
3518 3876 3612 3948 ju-

238 3961 529 4037 τράχηλον,
558 3961 895 4025 αὐτεξούσιον
927 3960 1166 4023 ἐπιζητεῖ
1194 3963 1282 4014 τὸν
1320 3952 1623 4033 ύφέλκοντα.
1668 3957 1846 4033 Ὁρᾷς,

1997 3974 2149 4016 enca
2184 3957 2473 4032 quaedam
2511 3958 2732 4030 jugum
2773 3960 3051 4017 nondum
3081 3964 3379 4034 experta?
3412 3966 3613 4045 Suave

241 4054 325 4106 ὅτι
388 4058 762 4127 κατηγορεῖται
836 4050 1061 4125 Ἐφραῗμ
1117 4051 1254 4123 (72),
1327 4052 1396 4111 ὡς
1468 4057 1848 4125 παροιστρῶσα

1994 4054 2060 4119 st,
2098 4050 2222 4106 leve
2253 4054 2339 4106 est
2360 4048 2407 4085 ⁸³
2437 4064 2451 4104 :
2478 4047 2703 4105 collum
2744 4064 2869 4105 non
2898 4049 3136 4120 obterit,
3166 4051 3274 4108 sed
3317 4055 3612 4112 condeco-

243 4138 494 4216 δάμαλις,
550 4143 632 4195 ὅτι
680 4142 885 4194 ἄτακτα
930 4139 1309 4216 περιπλανᾶται
1364 4141 1452 4192 τὸν
1532 4146 1624 4192 τοῦ
1688 4141 1846 4212 νόμου

1994 4141 2068 4196 at.
2100 4140 2304 4212 Neque
2334 4136 2498 4194 enim
2545 4136 2782 4209 lignum
2825 4138 2974 4196 illud
3003 4141 3171 4214 quod
3198 4158 3234 4199 a
3276 4142 3428 4215 jugo
3473 4161 3612 4219 pro-

242 4231 406 4304 ζυγὸν
430 4231 739 4305 ἀτιμάζων;
775 4230 989 4293 Ὑπόθες
1019 4248 1115 4282 σου
1159 4232 1245 4281 τὸν
1279 4224 1592 4302 ἁδάμαστον
1624 4226 1843 4301 αὐχένα·

1998 4226 2198 4293 endet,
2214 4227 2377 4284 circa
2393 4225 2613 4283 collum
2634 4225 2871 4298 ligatur,
2895 4228 3004 4285 sed
3025 4229 3182 4287 ultro
3202 4247 3274 4288 ac
3293 4231 3479 4289 libere
3499 4238 3612 4292 tra-

241 4329 393 4394 γενοῦ
437 4322 725 4394 ὑποζύγιον
766 4327 859 4373 τοῦ
904 4326 1162 4394 Χριστοῦ,
1188 4320 1271 4371 ἵνα
1317 4321 1413 4391 μὴ,
1443 4317 1705 4391 ἀφειμένος
1752 4327 1848 4379 τῆς

1995 4319 2196 4372 entem
2224 4313 2442 4388 poscit.
2475 4314 2653 4371 Vides
2683 4314 2950 4372 incusari
2979 4317 3266 4389 Ephraim
3314 4324 3613 4394 tanquam

246 4410 485 4483 ζεύγλης,
518 4407 659 4485 μηδὲ
706 4409 1070 4485 ἐλευθεριάζων
1095 4416 1168 4480 τῷ
1213 4405 1337 4482 βίῳ,
1366 4398 1759 4482 εὐεπιχείρητος
1789 4405 1848 4481 ᾖς

1994 4405 2209 4462 itulam
2220 4404 2392 4477 asylo
2407 4404 2699 4477 percitam
2709 4420 2810 4477 ,qu
2818 4405 2899 4462 od
2912 4404 3063 4497 legis
3075 4412 3427 4482 contempto
3438 4410 3460 4482 j
3470 4427 3503 4466 υ
3510 4428 3612 4486 go,

242 4507 350 4563 τοῖς
376 4503 597 4575 θηρίοις.

1998 4494 2295 4552 10rdinate
2326 4493 2566 4551 oberret
2585 4495 2634 4530 ³ο
2650 4495 2678 4551 ?
2699 4494 2901 4551 Subde
2930 4495 3291 4554 indomitam
3318 4500 3616 4558 cervicem

1957 4589 2160 4650 tuam;
2187 4583 2405 4661 Christi
2423 4583 2537 4641 ﬁas
2553 4583 2924 4655 jumentum,
2948 4588 3013 4640 ut
3032 4600 3108 4641 ne
3125 4586 3276 4658 jugo
3298 4587 3532 4645 solutus
3550 4590 3607 4647 li-

722 4738 729 4743 ,
1955 4674 2295 4748 beramque
2311 4672 2500 4730 vitam
2520 4672 2913 4747 degens,capi
2930 4672 3188 4731 abestiis
3207 4675 3381 4732 facile
3394 4679 3615 4749 possis.

314 4780 369 4833 2.
431 4773 698 4831 Γεύσασθε
752 4778 843 4827 καὶ
896 4768 1054 4839 ἰδετε,
1106 4773 1188 4824 ὅτι
1241 4772 1484 4846 χρηστὸς
1549 4770 1575 4823 ὁ
1634 4773 1842 4845 Κύριος.

2015 4768 2068 4822 2.
2086 4766 2334 4823 Gustate
2347 4762 2906 4835 etvidetequoniam
2923 4764 3126 4820 suavis
3139 4770 3222 4821 est
3236 4767 3528 4824 Dominus
3546 4771 3613 4827 9’.

249 4866 552 4925 Γλυκύτητα
596 4864 798 4939 μέλιτος
839 4870 951 4925 πῶς
1013 4860 1299 4934 ἀναγγείλω
1351 4861 1469 4932 (73)
1517 4866 1627 4921 τοῖς
1689 4858 1848 4931 ἀγνο-

2000 4855 2071 4918 ειιί
2097 4854 2229 4913 ﬁeri
2272 4852 2508 4927 poterit,
2543 4856 2611 4909 ut
2631 4852 2829 4909 mellis
2869 4852 3255 4911 dulcedinem
3296 4855 3618 4916 exhibeam

251 4965 420 5022 οῦσι;
473 4958 738 5010 Γεύσασθε
792 4959 883 5007 καὶ
937 4948 1093 5006 ἴδετε.
1168 4953 1433 5014 Αἴσθησις
1505 4950 1662 5023 λόγου
1724 4971 1845 5006 παν.

2000 4943 2381 5018 morantibus
2401 4943 2430 4999 ?
2461 4943 2710 5000 Gustata
2729 4948 2783 4999 et
2816 4943 3030 5001 videte.
3063 4945 3106 5015 1
3125 4946 3167 5015 1
3184 4945 3235 5018 5
3273 4946 3496 5003 Sensus
3522 4963 3618 5007 ra-

325 5099 374 5135 35
414 5101 531 5157 Isa.
575 5116 611 5169 ι,
672 5102 756 5156 16.
835 5098 882 5135 ⁸⁸
923 5095 1078 5154 Psal.
1141 5111 1341 5162 xxxm,
1393 5098 1447 5152 6.
1525 5092 1570 5130 ⁸⁷
1612 5095 1740 5152 Act.
1788 5112 1849 5171 ιι,

256 5171 301 5207 ’ί
340 5169 493 5227 Psal.
540 5186 744 5228 xxxx".
776 5174 830 5228 9.

2049 5090 2097 5129 ⁸⁸
2136 5087 2340 5149 Matth.
2395 5102 2476 5159 x1,
2520 5090 2609 5145 28.
2689 5087 2736 5124 '9
2776 5086 2951 5145 ibid.‘
2984 5092 3072 5146 30.
3151 5089 3200 5126 9°
3241 5093 3373 5149 Ose.
3422 5108 3495 5161 Iv,
3534 5096 3619 5160 16,

384 5186 493 5227 sai.
540 5186 744 5241 xxxm,
776 5186 830 5228 ν.

319 5296 431 5369 (70)
472 5295 623 5353 Editi
653 5298 713 5354 et
757 5297 902 5366 Reg.
930 5294 1137 5351 tertius
1178 5287 1382 5349 ὤδινεν.
1410 5291 1523 5349 Alii
1552 5295 1671 5348 tres
1698 5306 1849 5350 mss.
1958 5302 2142 5369 voces
2179 5283 2706 5369 indiscriminatim
2749 5283 3174 5369 adhibeantur,
3189 5302 3333 5369 cum
3370 5293 3627 5369 utraque

251 5354 444 5423 ωδῖνεὶ.
842 5354 875 5366 “’
1960 5377 2073 5435 pro
2093 5360 2306 5435 decem
2321 5354 2608 5435 tribubus
2639 5356 2797 5435 sumi
2820 5356 3032 5435 soleat.
3058 5357 3160 5435 llic
3185 5358 3314 5431 ipse
3330 5354 3631 5433 propheta

318 5441 432 5512 (71)
472 5440 635 5511 Regii
656 5439 779 5495 duo
808 5453 959 5494 mss.
990 5446 1083 5491 τοῦ
1112 5441 1306 5513 Κυρίου
1338 5438 1485 5513 ἡμῶν
1508 5435 1705 5513 Ἰησοῦ.
1743 5506 1775 5513 .-

1960 5431 2112 5489 voce
2143 5431 2368 5504 Ἐφραῖμ
2400 5444 2547 5513 usus
2579 5432 2778 5513 δεῖρε,
2816 5432 2899 5513 μ.
2936 5431 3085 5513 Lege
3117 5431 3420 5513 Ducaeum.

319 5497 443 5585 (72'),
477 5497 659 5585 Apvud
716 5514 935 5585 Oscam
963 5525 1054 5585 _Iv,
1094 5497 1199 5585 _46,'
1231 5526 1346 5585 pro
1369 5497 1617 5585 _"E?pu_ip_n
1639 5506 1857 5585 legitur
2037 5504 2155 5576 (75)
2196 5497 2360 5558 Unus
2388 5498 2578 5555 codex
2613 5499 2777 5556 Colb.
2812 5497 3095 5573 aer/.7795,
3124 5503 3522 5560 annunliubo.

249 5579 484 5660 Ἰσραῆλ.
521 5579 638 5642 Sed
667 5583 891 5639 mirum
918 5579 1110 5638 videri
1134 5579 1259 5637 non
1289 5579 1496 5650 debet,
1519 5579 1689 5635 sibe:
1720 5580 1856 5635 dum
3344 5596 3404 5648 14

540 5676 778 5731 PATROL.
820 5674 918 5730 Gn.
945 5674 1100 5729 XXX]
1111 5712 1123 5726 .
