4098 6408
265 337 368 394 429

1352 328 1640 387 HOMIIJA
1677 327 1746 384 IN
1787 325 2109 382 SANCTUM
2149 324 2531 382 BAPTISMA.

3532 325 3639 382 430

269 469 461 525 στικῶς
502 464 561 514 τὸ
609 457 753 533 ὕδωρ
795 463 967 534 τρίτον
1016 462 1132 511 τότε
1182 465 1273 510 τοῦ
1335 455 1518 529 βωμοῦ
1573 453 1868 524 κατεχύθη,

1988 448 2145 519 ignis
2165 450 2385 505 exstitit
2405 450 2593 519 origo,
2626 452 2805 521 atque
2824 448 2887 504 in
2911 448 3165 504 modum
3185 449 3295 505 olei
3328 449 3641 506 ﬂammam

268 551 410 627 ἀρχὴ
454 550 648 623 ἐγένετο
688 558 759 620 τῷ
805 552 956 623 πυρὶ,
1001 552 1093 600 καὶ
1143 546 1301 617 ἐξῆψε
1341 550 1435 603 τὴν
1480 544 1644 617 φλόγα
1698 541 1871 613 ὥσπερ

267 640 455 694 ΰιαιον.
517 636 716 692 Λάϐετέ
771 655 880 710 μοι,
940 640 1119 708 φησιν,
1202 632 1411 707 ὑδρίας,
1496 637 1585 685 καὶ
1640 631 1876 703 ἐπιχέετε

269 729 354 782 ἐπὶ
409 731 468 782 τὸ
524 728 865 799 ὁλοκαύτωμα
933 730 1022 778 καὶ
1102 723 1186 777 ἐπὶ
1262 726 1358 786 τὰς
1419 719 1712 795 σχίδακας.
1776 723 1877 772 Καὶ

272 822 398 874 εἶπε·
460 823 835 894 Δευτερώσατε,
894 821 984 869 καὶ
1065 812 1437 890 ἐδευτέρωσαν·
1507 818 1875 889 Τρισσώσατε,

269 915 358 964 καὶ
427 907 753 985 ἐτρίσσωσαν
802 908 932 977 (79)*
1005 902 1301 967 δεικνύντος
1373 912 1465 957 τοῦ
1544 903 1722 975 λόγου,
1797 902 1879 954 ὅτι

276 996 372 1053 διὰ
416 1007 508 1052 τοῦ
562 996 929 1071 βαπτίσματος
985 1004 1057 1066 τῷ
1116 1003 1231 1067 Θεῷ
1288 995 1572 1048 οἰκειοῦται
1631 993 1657 1044 6
1712 1008 1875 1065 προσ-

275 1093 538 1162 ἀγόμενος,
566 1091 655 1141 καὶ
693 1086 774 1139 ὃτι
816 1093 917 1159 φῶς
965 1087 1193 1158 καθαρὸν
1231 1089 1322 1137 καὶ
1379 1083 1616 1158 οὐράνιον
1663 1080 1712 1133 ἐν
1761 1079 1877 1144 (80)

274 1185 391 1240 ταῖς
430 1185 530 1230 τών
577 1180 897 1250 προσιόντων
943 1174 1152 1246 ψυχαῖς
1198 1170 1293 1226 διὰ
1319 1182 1415 1235 τῆς
1447 1173 1518 1233 εἰς
1546 1175 1641 1229 τήν
1671 1166 1879 1244 Τριάδα

274 1270 498 1329 πίστεως
552 1263 863 1338 ἀναλάμπει.
924 1269 985 1318 Ei.
1031 1266 1238 1338 χρυσὸν
1304 1270 1367 1335 τῇ
1429 1259 1683 1331 ἐκκλησίᾳ
1724 1255 1881 1311 διένε-

273 1374 386 1428 μον,
443 1354 538 1407 ούκ
595 1355 657 1407 οἷν
708 1373 800 1427 μοι
852 1351 1008 1414 εἶπες·
1063 1356 1252 1428 Αὔριον
1285 1352 1413 1419 ἢξω,
1446 1356 1535 1404 καὶ
1566 1354 1747 1425 αὔριον
1780 1346 1881 1401 δώ-

276 1462 404 1504 σεις·
460 1442 565 1497 ἀλλ’
628 1443 848 1516 ἀπῄτεις
898 1442 958 1494 ἆν
1012 1439 1120 1502 ἤδη
1174 1444 1269 1502 τήν
1329 1438 1585 1514 διανομήν
1642 1442 1880 1492 κατεπεί-

271 1551 397 1605 γων,
466 1536 559 1585 καὶ
608 1528 918 1606 ἐδυσφόρεις
965 1534 1097 1606 πρὸς
1142 1535 1236 1590 τὴν
1266 1532 1562 1605 ὑπέρθεσιν·
1596 1524 1778 1586 ἐπειδὴ
1822 1523 1882 1579 δὲ

273 1621 381 1693 οὐχ
434 1622 562 1683 ὕλης
608 1623 877 1695 εὔχροιαν,
921 1618 1050 1673 ἀλλά
1092 1619 1280 1692 ψυχῆς
1301 1621 1640 1693 καθαρότητα
1668 1622 1881 1692 προτεί-

272 1715 413 1765 νεταί
462 1729 547 1764 σοι
593 1715 621 1763 ὁ
664 1707 1048 1785 μεγαλόδωρος,
1115 1710 1404 1782 προφάσεις
1441 1708 1643 1780 πλάττῃ
1687 1711 1779 1759 καὶ
1805 1705 1882 1758 αἰ-

1989 539 2280 596 accendit.
2297 540 2567 609 Accipite
2578 540 2748 610 mihi,
2763 538 2977 611 inquit,
2995 538 3326 609 Itydrz'as,et
3339 541 3645 611 infundite

1986 645 2167 700 super
2188 630 2628 699 holocaustum,
2652 634 2707 698 et
2723 633 3213 700 supersegmenta
3235 629 3646 699 lignorum.Et

1987 719 2182 776 dixit:
2224 719 2499 777 Secundo
2523 719 2715 789 facite
2734 722 2787 775 et
2808 718 3069 774 secundo
3097 719 3376 788 fecerunt
3410 734 3423 772 :
3449 719 3645 775 Tertio

1982 809 2193 878 facite,
2217 815 2268 865 et
2293 811 2470 866 tertio
2488 810 2768 880 fecerunt
2790 810 2832 864 δ.
2859 808 3089 874 Quibus
3122 807 3418 880 scriptura
3447 812 3648 865 osten-

1987 899 2075 955 dit
2118 915 2226 972 per
2267 899 2576 972 baptisma
2617 900 2737 955 Deo
2779 897 3067 970 conjungi
3116 914 3187 954 ac
3217 897 3523 955 conciliari
3543 898 3650 972 qui

1986 990 2236 1058 venerit,
2268 1004 2606 1062 puramque
2632 1005 2705 1045 ac
2735 988 3039 1045 caelestem
3059 987 3259 1045 lucem
3277 988 3340 1044 in
3362 988 3652 1045 acceden-

1988 1079 2140 1135 tium
2184 1078 2402 1135 animis
2450 1094 2559 1151 per
2593 1078 2778 1135 fidem
2829 1078 2893 1134 in
2937 1076 3282 1134 Trinitatem
3330 1076 3651 1148 refulgere.

1998 1170 2040 1238 ι
2060 1169 2171 1239 16
2209 1168 2382 1235 Quod
2430 1168 2479 1223 si
2523 1176 2741 1225 aurum
2762 1166 3025 1224 ecclesiae
3047 1166 3494 1236 distribuerem,
3527 1182 3653 1223 non

1990 1258 2197 1329 utique
2238 1272 2399 1314 esses
2450 1255 2600 1313 mihi
2647 1256 2952 1313 dicturus:
2980 1259 3123 1313 Cras
3151 1257 3655 1323 veniam,etcras

1990 1347 2167 1404 dabis
2198 1365 2211 1402 :
2246 1347 2353 1403 sed
2369 1346 2497 1418 jam
2520 1345 3650 1420 exposceres,urgensdistributionem,

1991 1442 2049 1493 et
2077 1436 2429 1493 dilationem
2453 1436 2658 1493 animo
2677 1436 2888 1509 iniquo
2918 1436 3128 1492 ferres.
3160 1438 3461 1503 Quoniam
3509 1453 3655 1495 vero

1948 1584 1951 1587 .
1990 1528 2087 1584 hic
2110 1527 2207 1584 ille
2232 1543 2589 1599 magnorum
2607 1527 2909 1583 donorum
2925 1526 3174 1597 largitor
3191 1542 3317 1583 non
3337 1528 3657 1585 materiam

1992 1617 2241 1690 pulchre
2263 1616 2621 1683 coloratam,
2652 1616 2759 1673 sed
2784 1616 3003 1673 anima;
3021 1616 3344 1688 puritatem
3358 1616 3464 1674 tibi
3483 1615 3658 1676 offert

1992 1706 2465 1764 comminisceris
2494 1706 2916 1764 excusationes
2948 1724 2962 1775 ;
2996 1710 3180 1779 atque
3199 1707 3654 1773 causas,etim-

274 1805 391 1863 τίας
410 1798 706 1874 ἀπαριθμῇ,
742 1796 857 1852 δέον
888 1797 1204 1874 ἐπιτρέχειν,
1227 1805 1300 1868 τῷ
1333 1795 1506 1873 δώρῳ,
1541 1795 1612 1849 ’Ὠ
1639 1804 1730 1849 τοῦ
1760 1798 1876 1849 θαύ-

1990 1797 2340 1870 pedimenta
2354 1811 2652 1866 recenses,
2675 1812 2815 1852 cum
2836 1795 2917 1852 ad
2934 1795 3167 1852 donum
3186 1796 3438 1852 deberes
3451 1813 3656 1854 accur-

273 1907 433 1963 ματος
495 1893 507 1942 1
565 1887 899 1962 ἀνακαινίζῃ,
958 1892 1031 1962 μή
1104 1890 1474 1960 χωνευόμενος·
1556 1885 1877 1959 ἀναπλάττῃ,

275 1984 345 2053 μὴ
417 1977 834 2053 συντριϐόμενος·
913 1979 1190 2052 θεραπεύῃ,
1248 1981 1323 2050 μὴ
1394 1973 1732 2050 ὀδυνώμενος,
1790 1979 1882 2027 καὶ

275 2070 334 2124 οὗ
364 2068 547 2143 λογίζῃ
582 2072 676 2128 τὴν
705 2069 887 2142 χάριν.
920 2067 982 2121 Εἰ
1010 2063 1198 2130 δοῦλος
1241 2065 1524 2142 ἀνθρώπων
1555 2068 1718 2139 ᾖσθα,
1746 2082 1879 2140 προ-

277 2161 472 2232 εγράφη
507 2154 567 2211 δε
598 2154 805 2220 δούλοις
834 2156 1114 2231 ἐλευθερία,
1148 2156 1239 2209 οὐκ
1293 2158 1355 2208 ἄν
1413 2155 1496 2210 ἐπὶ
1543 2159 1638 2215 τὴν
1694 2158 1879 2230 κυρίαν

276 2245 604 2316 ἀπήντησάς,
677 2252 1001 2323 συνηγόρους
1042 2248 1402 2319 μισθούμενος,
1464 2248 1554 2298 καὶ
1620 2240 1880 2306 δικαστὰς

275 2336 589 2413 παρακαλῶν
675 2338 809 2389 ὥστε
878 2338 1025 2409 πάσῃ
1109 2343 1327 2408 μηχανῇ
1404 2337 1536 2409 πρὸς
1592 2331 1878 2407 ἐλευθερίαν

276 2424 746 2504 ἐξαιρεθῆναιςἭ
803 2445 904 2480 που
962 2429 1053 2478 καὶ
1108 2426 1371 2500 ῥάπισμα,
1430 2428 1526 2483 τὴν
1582 2423 1878 2476 τελευταίαν

275 2525 376 2571 τῶν
427 2512 626 2570 δούλων
671 2515 898 2588 πληγήν,
946 2516 1073 2590 ὑπὲρ
1120 2524 1218 2577 τῆς
1245 2516 1377 2587 μετά
1403 2521 1586 2582 ξταῦτα
1613 2521 1713 2566 τῶν
1744 2513 1879 2565 αἰκι-

279 2614 424 2681 σμῶν
474 2605 776 2678 ἀπαλλαγῆς
827 2600 1142 2678 κατεδέχου.
1189 2600 1403 2663 Ἐπειδὴ
1438 2600 1497 2657 δὲ
1538 2600 1723 2656 δοῦλον
1755 2607 1878 2657 ὄντα

279 2715 357 2768 σε,
411 2695 508 2750 ούκ
554 2694 854 2770 ἀνθρώπων,
908 2692 1035 2747 ἀλλά
1085 2702 1181 2757 τῆς
1227 2696 1508 2770 αμάρτίας,
1559 2692 1702 2746 καλεῖ
1747 2695 1876 2767 πρὸς

274 2784 561 2861 ἐλευθερίαν
618 2786 645 2838 6
700 2783 887 2859 κῆρυξ,
936 2786 1019 2837 ἵνα
1058 2782 1193 2857 λύσῃ
1236 2787 1325 2857 μέν
1379 2801 1437 2836 σε
1463 2790 1559 2845 τῆς
1591 2781 1872 2855 αἰχμαλω-

274 2881 409 2943 σίας,
467 2874 766 2933 ἰσοπολίτην
833 2870 893 2928 δὲ
949 2879 1059 2936 τοῖς
1094 2874 1210 2947 (81)
1259 2871 1494 2945 ἀγγέλοις
1524 2876 1750 2945 ποιήσῃ,
1782 2877 1872 2925 καὶ

273 2967 385 3019 υἱὸν
417 2968 505 3038 μεν
532 2960 784 3037 ἀποδείξῃ
811 2969 904 3017 τοῦ
937 2970 1069 3017 Θεοῦ
1115 2962 1481 3020 εἰσ-ποιηθέντα
1510 2957 1605 3015 διὰ
1632 2969 1732 3023 τῆς
1756 2958 1871 3034 ’χά-

271 3073 434 3130 ριτος,
489 3054 803 3131 κληρονόμον
831 3049 891 3106 δὲ
928 3061 1029 3106 τῶν
1076 3051 1282 3125 ἀγαθῶν
1311 3059 1404 3106 τοῦ
1434 3058 1692 3127 Χριστοῦ·
1724 3051 1868 3104 οὔπω

1991 1902 2136 1944 rere.
2163 1888 2206 1944 0
2233 1903 2363 1943 rem
2386 1886 2596 1943 miram
2633 1887 2645 1942 ι
2677 1888 3014 1957 renovaris,
3045 1902 3159 1945 nec
3189 1886 3478 1944 conﬂaris
3511 1905 3525 1956 ;
3556 1903 3655 1946 re-

1989 1977 2295 2046 formaris,
2328 1993 2439 2033 nec
2470 1975 2796 2033 contereris
2826 1994 2839 2046 ;
2872 1975 3123 2040 curaris,
3144 1991 3257 2034 nec
3279 1977 3467 2033 sentis
3488 1976 3656 2035 dolo-

1988 2082 2139 2131 rem,
2191 2072 2250 2123 et
2303 2072 2507 2123 tamen
2562 2066 2625 2123 id
2681 2065 2963 2123 beneﬁcii
2989 2069 3189 2123 tecum
3213 2081 3340 2123 non
3384 2070 3650 2139 reputas.

1992 2158 2211 2213 Servus
2234 2156 2551 2213 hominum
2574 2155 2626 2213 si
2655 2172 2845 2225 esses,
2877 2154 3186 2229 servisque
3205 2155 3414 2214 fuisset
3432 2171 3655 2229 propo-

1989 2245 2382 2313 sitalibertas,
2416 2261 2621 2303 nonne
2651 2244 3019 2302 occurrisses
3063 2244 3144 2302 ad
3185 2248 3405 2303 statam
3463 2244 3649 2318 diem,

1988 2334 2340 2392 conducens
2358 2341 2669 2408 patronos,
2700 2334 3059 2407 judicesque
3088 2349 3337 2405 rogans,
3372 2338 3438 2392 ut
3482 2337 3653 2393 omni

1988 2440 2175 2499 opera
2222 2425 2506 2481 assereris
2554 2425 2617 2480 in
2653 2424 2993 2482 libertatem
3022 2425 3050 2482 ?
3076 2423 3229 2489 Quin
3281 2428 3339 2482 et
3377 2424 3643 2498 alapam,

1986 2518 2361 2589 postremam
2374 2528 2687 2571 servorum
2708 2530 2950 2588 plenam
2968 2514 3280 2587 perferres,
3296 2519 3361 2572 ut
3374 2515 3434 2571 in
3451 2520 3649 2589 poste-

1983 2620 2122 2661 rum
2138 2621 2176 2662 a
2206 2604 2558 2662 verberibus
2584 2603 2737 2661 liber
2757 2603 2929 2661 ﬁeres
2950 2607 3007 2661 et
3024 2603 3331 2661 immunis.
3348 2605 3645 2670 Quoniam

1985 2699 2189 2752 autem
2214 2700 2268 2752 te
2294 2710 2559 2766 servum,
2581 2710 2704 2750 non
2722 2693 3063 2765 hominum,
3078 2694 3186 2750 sed
3205 2694 3454 2766 peccati,
3480 2695 3561 2752 ad
3578 2695 3647 2754 li-

1980 2783 2276 2842 bertatem
2306 2800 2505 2858 praeco
2528 2789 2724 2855 vocat,
2747 2788 2811 2844 ut
2834 2790 2885 2842 te
2907 2784 3244 2857 captivitate
3279 2784 3545 2842 solutum
3568 2801 3642 2843 ex

1982 2890 2162 2947 aequo
2191 2890 2332 2930 cum
2351 2874 2581 2944 angelis
2596 2873 2836 2930 civitate
2865 2872 3072 2944 donet,
3099 2879 3278 2947 teque
3298 2873 3515 2932 efﬁciat
3534 2891 3641 2949 per

1979 2963 2325 3036 adoptionis
2358 2963 2616 3035 gratiam
2645 2962 2837 3019 tilium
2867 2962 2990 3031 Dei,
3015 2966 3073 3020 et
3093 2962 3398 3020 bonorum
3425 2964 3640 3022 Christi

1978 3052 2283 3110 haeredem
2313 3069 2327 3109 :
2352 3052 2629 3109 nondum
2659 3058 2900 3124 tempus
2929 3068 3060 3109 esse
3109 3052 3240 3109 haec
3278 3053 3445 3110 dona
3482 3054 3638 3111 exci-

268 3144 430 3218 λενγεις
472 3141 601 3198 εἶναί
652 3162 737 3198 σοι
783 3145 966 3218 καιρὸν
1000 3138 1257 3207 δέξασθαι
1281 3144 1349 3195 τὰ
1369 3139 1404 3195 δ
1409 3138 1645 3215 ιδόμενα.
1669 3139 1739 3205 Ὠ
1765 3148 1866 3193 τῶν

1986 3143 2182 3217 piendi
2221 3142 2394 3199 dicis.
2425 3145 2468 3200 0
2499 3142 2938 3215 impedimenta
2979 3158 3169 3215 prava
3194 3142 3206 3199 l
3232 3145 3275 3200 0
3307 3147 3547 3217 turpem
3577 3150 3637 3203 et

264 3242 501 3311 πονηρῶν
558 3230 821 3309 ἔμποδίων
868 3232 881 3288 l
924 3231 965 3286 ὣ
1010 3240 1102 3294 τῆς
1158 3233 1396 3307 αἰσχρᾶς
1446 3236 1538 3285 καὶ
1590 3229 1865 3285 ἀτελέσι-ου

265 3322 524 3396 ἀσχολίας
558 3322 570 3377 !
606 3321 741 3386 Ἕως
769 3326 895 3376 πότε
922 3319 1150 3393 ﬁdo-mi;
1183 3322 1278 3384 ἕως
1322 3324 1448 3375 πότε
1494 3319 1817 3380 ήδυπάθειαι
1847 3338 1863 3391 ;

262 3413 431 3469 Πολὺν
487 3412 741 3486 ἐζήσαμεν
792 3416 983 3487 χρόνον
1024 3408 1098 3482 τῷ
1140 3416 1345 3484 κόσμῳ,
1390 3411 1632 3484 ζήσωμεν
1686 3409 1867 3464 λοιπὸν

259 3507 354 3558 καὶ
398 3502 621 3563 ἑαυτοῖς.
681 3504 745 3554 Τί
797 3499 982 3572 ψυχῆς
1030 3498 1266 3563 ἀντάξιον
1297 3502 1396 3566 ;Τί
1436 3500 1742 3554 ἰσοστάσιον
1770 3508 1865 3562 τῆς

263 3590 545 3666 βασιλείας
570 3595 672 3642 τῶν
699 3588 926 3666 οὐρανῶν
960 3606 974 3659 ;
1005 3593 1097 3653 Τίς
1127 3588 1558 3664 ἀξιοπιστότερός
1602 3607 1687 3643 σοι
1725 3588 1866 3663 σύμ-

264 3679 448 3742 ϐουλος
485 3685 579 3733 τοῦ
631 3685 767 3733 Θεοῦ
800 3695 814 3748 ;
846 3681 939 3741 Τίς
968 3684 1348 3754 φρονιμώτερος
1371 3686 1464 3732 τοῦ
1498 3686 1660 3752 σοφοῦ
1685 3696 1700 3748 ;
1728 3679 1759 3739 ἦ
1792 3681 1868 3740 τίς

264 3766 654 3844 ὠφελιμώτερος
698 3773 791 3821 τοῦ
839 3764 1039 3839 ἀγαθοῦ
1078 3782 1093 3837 ;
1136 3771 1225 3828 Τίς
1284 3774 1378 3821 τοῦ
1434 3767 1553 3839 (82)
1595 3771 1867 3830 κτίσαντος

264 3857 577 3933 οἰκειότερος
625 3874 639 3926 ;
692 3851 834 3910 Οὐδὲ
874 3862 938 3930 τῇ
994 3855 1104 3930 Εὕα
1147 3859 1429 3929 συνήνεγκε
1478 3864 1541 3930 τῇ
1574 3863 1665 3910 τοῦ
1714 3860 1869 3930 ὄφεως

267 3946 537 4021 συμϐουλῇ
587 3947 868 4006 πεισθῆναι
905 3945 1096 4020 μᾶλλον
1161 3948 1192 4006 ἣ
1245 3953 1308 4020 τῇ
1350 3953 1442 4000 τοῦ
1491 3950 1776 4001 Δεσπότου.
1802 3945 1872 3998 Ὦ.

266 4044 362 4100 τῆς
415 4034 631 4098 ἀτοπίας
685 4042 786 4088 τῶν
833 4035 998 4108 λόγων
1028 4034 1041 4090 ῑ
1066 4035 1179 4089 Οὐκ
1225 4035 1340 4109 ἄγω
1384 4034 1588 4109 σχολὴν
1633 4037 1865 4108 ύγιᾶναιο

265 4130 427 4201 μήπω
481 4145 573 4199 μοι
616 4122 791 4200 δείξῃς
822 4128 882 4178 τὸ
913 4132 1033 4198 φῶς·
1066 4129 1224 4199 μήπω
1255 4124 1493 4199 συνήψῃς
1534 4133 1607 4198 τῷ
1636 4124 1866 4181 Βασιλεῖ.

266 4213 345 4267 Οὐ
366 4218 536 4268 ταῦτα
561 4213 728 4286 λέγεις
756 4214 999 4289 ἄντικρυς
1038 4229 1054 4283 ;
1078 4212 1282 4267 Μᾶλλον
1310 4209 1370 4267 δ⁵ε
1399 4216 1467 4267 τὰ
1506 4216 1703 4267 τούτων
1757 4212 1871 4268 ἀλο-

263 4307 569 4381 γιστότερα.
614 4306 682 4357 Σὺ
742 4299 820 4372 δι,
880 4302 926 4357 εἰ
961 4303 1052 4376 μεν
1094 4299 1157 4366 ἦς
1186 4301 1600 4380 ἐγγεγραμμένος
1627 4310 1733 4365 τοῖς
1776 4299 1873 4364 δή·

1974 3233 2415 3290 interminatam
2432 3232 2895 3305 occupationem
2913 3232 2926 3289 l
2942 3233 3633 3306 Quousquetandemvo-

1971 3318 2235 3396 luptates
2253 3321 2281 3377 ?
2294 3337 2616 3398 usquequo
2636 3320 2865 3378 deliciae
2881 3325 2909 3371 ?
2921 3321 3188 3378 Viximus
3205 3321 3465 3380 multum
3486 3327 3633 3381 tem-

1974 3426 2092 3485 pus
2126 3410 2378 3483 mundo,
2406 3410 2705 3483 reliquum
2732 3411 3008 3467 vivamus
3029 3416 3086 3468 et
3108 3410 3289 3469 nobis
3310 3412 3480 3485 ipsis.
3522 3415 3628 3470 Εσ-

1974 3499 2127 3573 quid
2156 3500 2376 3558 animae
2405 3499 2841 3573 aequiperabile
2870 3500 2897 3556 ?
2927 3501 3081 3567 Quid
3109 3517 3298 3572 regno
3337 3502 3632 3561 caelorum

1975 3587 2464 3662 comparandum
2494 3588 2521 3643 ἰ’
2540 3587 2683 3654 Quis
2713 3587 2821 3644 tibi
2848 3589 3225 3646 consiliarius
3249 3590 3370 3647 ﬁde
3390 3590 3633 3662 dignior

1975 3693 2165 3752 quam
2186 3680 2366 3734 Deus.
2392 3676 2534 3742 Quis
2556 3676 2911 3750 prudentior
2927 3678 3220 3751 sapiente,
3244 3685 3347 3736 aut
3367 3679 3504 3752 quis
3523 3680 3634 3738 uti-

1974 3766 2089 3824 lior
2109 3766 2275 3823 bono
2299 3766 2327 3822 ?
2374 3765 2517 3831 Quis
2542 3765 2851 3822 conditore
2892 3766 3271 3838 eonjunctior
3293 3768 3320 3824 ?
3346 3771 3462 3824 Nec
3498 3771 3632 3825 Evae

1977 3856 2272 3931 serpentis
2303 3856 2556 3913 consilio
2586 3856 2913 3913 credidisse
2937 3857 3133 3928 magis
3158 3873 3347 3931 quam
3394 3858 3635 3916 Domini

1976 3946 2218 4021 profuit.
2239 3948 2282 4003 Ο
2302 3946 2510 4017 inepta
2532 3946 2721 4003 verba
2744 3947 2757 4003 ξ
2781 3950 2910 4003 Non
2929 3952 3107 4005 vacat
3127 3947 3333 4004 sanari
3353 3948 3634 4006 nondum

1976 4035 2264 4097 ostendas
2290 4035 2439 4091 mihi
2460 4035 2681 4105 lucem,
2704 4035 2982 4093 nondum
2995 4035 3332 4109 conjungas
3349 4053 3446 4094 me
3466 4038 3634 4110 Regi.

1978 4126 2345 4185 Nonnehaac
2375 4131 2578 4200 aperte
2597 4124 2860 4200 loqueris
2889 4128 2917 4184 ?
2939 4128 3066 4184 Imo
3086 4128 3267 4185 etiam
3292 4128 3387 4186 his
3424 4128 3639 4188 absur-

1978 4217 2173 4275 diora.
2204 4219 2288 4273 Tu
2316 4216 2479 4274 enim
2504 4216 2556 4272 si
2580 4232 2744 4273 esses
2767 4217 3004 4273 tributis
3036 4217 3294 4290 publicis
3314 4218 3639 4288 obnoxius,

1979 4306 2475 4380 nuntiaretnrque
2492 4305 2802 4364 undelibet
2816 4306 3192 4365 debitoribus
3205 4309 3483 4367 rescissio
3503 4310 3639 4367 aeris

267 4396 479 4467 μοσίοις
524 4391 812 4466 ὀφλήμασι,
851 4399 1024 4467 χρεῶν
1073 4388 1134 4446 δὲ
1189 4390 1453 4447 ἀποκοπαὶ
1508 4398 1614 4455 τοῖς
1674 4394 1870 4447 cmes-

1986 4397 2159 4455 alieni
2191 4412 2204 4451 :
2234 4396 2452 4453 deinde
2474 4401 2634 4454 esset
2648 4396 2752 4470 qui
2768 4412 2876 4471 per
2891 4397 3177 4470 injuriam
3193 4399 3434 4472 privare
3450 4405 3506 4457 te
3524 4401 3641 4459 hac

267 4502 378 4547 νοις
431 4481 907 4559 περιηγγίλθησαν,
958 4476 1071 4535 εἶτά
1113 4499 1191 4543 τις
1244 4478 1306 4542 ἦν
1350 4483 1378 4535 ὁ
1433 4486 1561 4556 πρὸς
1628 4482 1906 4558 ἐπήρειαν,

271 4573 491 4650 ἄμοιρόν
533 4591 591 4626 σε
617 4580 841 4633 ποιῆσαι
867 4579 966 4633 τῆς
1006 4575 1401 4646 συγχωρήσεως
1430 4573 1624 4634 ταύτης
1675 4571 1874 4645 ἐπιχει-

271 4669 397 4740 ρῶνο
445 4662 754 4735 ἠγανάκτεις
795 4659 857 4714 ἂν
903 4665 994 4715 καὶ
1040 4658 1206 4731 ἕϐὀας,
1266 4662 1331 4725 ὡς
1382 4664 1441 4716 1'6
1489 4660 1758 4715 ἐπιϐάλλον
1792 4682 1878 4716 σοι

273 4754 430 4828 μέρος
482 4758 576 4814 τῆς
629 4758 810 4815 κοινῆς
853 4752 1076 4828 χάριτος
1127 4749 1522 4826 ἀφαιρούμενος.
1558 4744 1770 4811 Ἐπειδὴ
1819 4748 1878 4806 δε

274 4840 336 4895 οὐ
382 4844 536 4914 μόνον
591 4840 778 4915 ἄφεσις
820 4847 922 4894 τῶν
976 4839 1351 4917 παρελθόντων,
1402 4838 1533 4894 ἀλλά
1569 4845 1659 4894 καὶ
1686 4837 1880 4916 δωρεαὶ

275 4936 377 4982 τῶν
414 4928 697 5004 μελλόντων
742 4931 1247 5006 προεκηρύχθησαν,
1306 4930 1465 4996 αὐτὸς
1507 4933 1724 4986 σεαυτὸν
1764 4928 1881 4985 ἀδι-

277 5025 404 5086 κῶν,
450 5018 488 5072 ἃ
534 5015 660 5093 μηδ’
702 5019 765 5074 ἃν
791 5029 894 5076 τῶν
918 5018 1125 5097 ἐχθρῶν
1157 5024 1244 5077 σοί
1273 5040 1351 5084 τις
1382 5019 1709 5097 ἐπηρεάσατο
1741 5021 1878 5098 (83),

354 5159 377 5195 ⁵
399 5161 472 5217 ΠΙ
496 5161 635 5234 Reg.
660 5178 823 5235 xvm,
853 5165 942 5222 34.

349 5302 463 5437 (79)
484 5304 1255 5394 ΟοάσξΜθάίοωιιεΤρεσσεύ
1263 5325 1410 5390 σατε,
1422 5311 1513 5361 καὶ
1524 5290 1888 5391 ἰτρίσσευσαν.

375 5376 465 5437 80)
494 5377 717 5435 Addita
742 5382 834 5436 est
858 5377 1081 5436 vocula
1112 5398 1162 5432 εν
1187 5394 1263 5435 ex
1276 5378 1449 5435 libris
1471 5385 1755 5437 antiquis.
1780 5382 1888 5437 lbi-

272 5444 281 5449 ,
350 5376 465 5444 (80)
494 5376 717 5435 Addita
742 5382 834 5436 est
858 5376 1081 5436 vocula
1112 5379 1162 5432 ἐν
1187 5394 1263 5435 ex
1276 5376 1449 5435 libris
1471 5376 1755 5453 antiquis.
1780 5381 1890 5437 lbi-

273 5446 418 5504 dem
449 5449 617 5505 Colb.
652 5450 861 5507 tertius
879 5458 997 5512 ταῖς
1015 5453 1045 5512 ἡ
1053 5458 1162 5512 μῶν
1183 5456 1526 5512 προσιόντων.

348 5471 418 5503 ιω
449 5471 617 5505 Low.
652 5471 861 5507 tertius
879 5471 997 5512 ταις
1015 5471 1045 5512 η
1053 5471 1162 5524 μων
1183 5471 1526 5525 προσιοντων.

348 5520 659 5603 (8.1)βρὶι).¹
679 5523 922 5603 primus
935 5521 1236 5603 ίςοπολίτην
1257 5519 1316 5576 δέ
1334 5542 1392 5576 σε
1411 5531 1538 5585 τοῖς.
1552 5522 1892 5595 Aliquanto

275 5595 418 5664 post
441 5591 620 5664 Colb.
646 5591 857 5650 tertius
889 5591 1145 5657 δέξασθαί
1173 5613 1248 5649 σε.

350 5665 468 5735 (82)
501 5662 669 5721 Colb.
698 5665 936 5738 primus
964 5666 994 5726 ἡ
1028 5670 1109 5727 τίς
1130 5673 1243 5722 τοῦ.
1280 5665 1490 5725 Statim
1518 5683 1673 5724 mss.
1737 5683 1893 5726 non-

1984 4485 2432 4545 condonatione
2452 4491 2773 4544 conaretur
2797 4505 2810 4557 ;
2831 4503 3218 4545 succenseres
3232 4490 3438 4562 utique
3450 4493 3508 4547 et
3526 4490 3644 4549 cla-

1984 4591 2208 4647 mares,
2228 4581 2295 4632 ut
2315 4575 2422 4649 qui
2451 4592 2526 4634 ea
2544 4578 2888 4634 communis
2900 4577 3177 4635 beneﬁcii
3193 4579 3493 4650 portione,
3506 4594 3644 4650 quae

1987 4666 2068 4724 ad
2124 4670 2182 4723 te
2231 4665 2525 4730 attineret,
2584 4666 2951 4739 spoliareris.
2997 4669 3328 4740 Postquam
3359 4683 3499 4725 vero
3521 4683 3647 4725 non

1988 4757 2434 4829 praeteritorum
2488 4756 2672 4813 modo
2721 4755 3107 4829 condonatio,
3167 4756 3276 4812 sed
3300 4755 3649 4814 futurorum

1989 4845 2172 4902 etiam
2199 4844 2546 4917 largitiones
2571 4846 2986 4919 przenuntiatae
3000 4850 3141 4903 sunt
3164 4865 3177 4916 ;
3202 4850 3255 4903 te
3276 4846 3403 4920 ipse
3427 4846 3652 4918 injuria

1992 4933 2284 5005 afﬁciens,
2316 4939 2619 5008 quantum
2649 4948 2725 4992 ne
2760 4935 2915 4992 ullus
2947 4935 3195 5009 quidem
3227 4935 3511 4992 inimicus
3544 4934 3653 4992 tibi

1992 5023 2322 5091 nocuisset,
2340 5029 2600 5098 putasne
2620 5030 2673 5082 te
2685 5025 2791 5083 tibi
2809 5026 3235 5084 convenienter
3251 5022 3648 5094 consuluisse,

1999 5308 2150 5387 nulli
2196 5319 2258 5386 τῇ
2314 5318 2407 5387 τοῦ
2456 5316 2625 5387 ὄφεως
2672 5312 3003 5387 caecoque,
3032 5316 3148 5370 Nec
3168 5312 3250 5370 ita
3280 5312 3473 5373 multo
3498 5313 3660 5373 infra

2003 5385 2172 5458 Colb.,
2202 5384 2408 5458 tértius
2439 5384 2550 5458 pt‘o
2581 5384 2751 5458 λόγων
2785 5384 2968 5458 habet
2994 5385 3275 5458 λογισμῶν.

2074 5457 2182 5531 (8.3)
2238 5456 2482 5528 Antiqui
2527 5456 2653 5512 tres
2690 5457 2840 5531 lil)ri_
2882 5456 3207 5531 ἐπηράσατο.
3251 5456 3381 5512 Edit
3418 5460 3658 5531 ctReg.

2003 5528 2209 5584 tertius
2236 5532 2586 5604 ἐπηρεάσατο,
2617 5536 2795 5604 recte.
2823 5528 3052 5583 Ibidem
3084 5533 3340 5599 utraque
3362 5528 3540 5585 editio
3568 5528 3664 5582 οἴει

2001 5601 2519 5672 προσηκόντώςρΑι
2569 5601 2753 5657 nostri
2778 5616 2880 5655 sex
2914 5616 3060 5656 mss.
3094 5604 3446 5672 προσήκοντα,
3480 5617 3665 5657 sensu

2003 5671 2129 5729 non
2156 5671 2458 5729 dissimili.
