4098 6398
490 309 591 370 431

1865 308 1922 375 S.
1965 304 2212 372 BASlLll
2249 313 2468 372 MAGNI

3756 325 3864 383 432

488 438 829 513 utiliterque
885 439 1242 514 providisse,
1291 442 1398 518 qui
1441 443 1665 502 scilicet
1701 458 1825 502 non
1856 440 2123 499 admitte:

2256 441 2352 492 οῖει
2381 447 2752 516 προσηκόντως
2781 444 3179 520 βεϐουλεῦσθαι,
3233 450 3324 500 καὶ
3387 444 3670 510 λυσιτελῶς
3719 447 3860 503 ἐντε-

488 527 1022 598 condonationem,
1076 533 1182 588 sed
1232 533 1295 589 in
1333 549 1450 590 aere
1479 530 2070 591 alieno'immoriaris
2113 528 2140 584 ?

487 619 754 676 maxime
785 636 923 677 cum
955 621 1133 690 scias,
1163 623 1332 696 quod
1357 623 1555 682 decies
1584 623 1753 680 mille
1774 621 2142 680 talentorum

485 707 723 766 debitor
758 716 1121 768 consecutus
1168 712 1379 770 fuisset
1433 713 1970 780 condonationem,
2026 707 2142 765 nisi

484 797 619 870 ipse
643 813 752 872 per
779 816 957 856 suam
985 801 1046 857 in
1076 816 1432 859 conservum
1481 801 1989 860 inhumanitatem
2033 813 2140 854 ex-

484 887 786 946 actionem
819 891 881 946 in
913 907 978 948 se
1003 897 1357 950 renovasset
1384 895 1428 949 5.
1463 893 1638 960 Quod
1665 908 1742 949 ne
1771 890 1950 948 nobis
1981 903 2138 963 quo-

483 993 601 1049 que
622 980 858 1037 accidat
885 986 1028 1054 post
1046 987 1364 1056 acceptum
1383 983 1500 1040 hoc
1523 999 1765 1051 munus,
1790 981 1840 1038 si
1859 977 2142 1038 debitori-

481 1065 601 1122 bus
623 1069 840 1126 nostris
859 1087 986 1128 non
1007 1071 1406 1140 dimittamus,
1429 1073 1792 1143 cavendum,
1817 1075 1884 1127 ut
1907 1069 2140 1126 donum

481 1155 728 1216 ﬁrmum
758 1159 818 1216 in
849 1160 1026 1217 nobis
1056 1177 1127 1218 ac
1157 1161 1370 1218 stabile
1407 1166 1781 1234 permaneat.

551 1252 604 1304 4.
650 1249 970 1320 Ingredere
1016 1250 1079 1306 in
1132 1250 1421 1308 conclave
1461 1251 1681 1308 animas
1715 1255 1852 1322 tuae,
1898 1247 2139 1306 revolvo

479 1342 1050 1410 gestorumtuorum
1071 1341 1452 1396 memoriam.
1490 1340 1548 1397 Si
1577 1339 1770 1396 multa
1808 1341 1948 1395 sunt
1990 1353 2139 1412 pec-

478 1431 613 1484 cata
635 1431 756 1494 tua,
798 1442 874 1482 ne
903 1427 1191 1500 desperes
1213 1427 1292 1484 ob
1318 1427 1790 1486 multitudinem.
1825 1428 1938 1485 Ubi
1979 1429 2137 1484 enim

476 1517 810 1573 abundavit
857 1517 1166 1588 delictum,
1209 1518 1732 1588 superabundavit
1761 1519 1967 1590 gratia
1988 1519 2010 1553 ⁶
2039 1530 2140 1589 ;εί

471 1606 658 1663 modo
697 1606 956 1677 gratiam
1005 1606 1322 1680 suscipias.
1375 1608 1623 1665 Multum
1675 1607 1838 1666 enim
1866 1607 2134 1676 debenti,

480 1698 645 1768 117
675 1696 934 1754 multum
963 1697 1319 1768 remittetur,
1355 1702 1421 1754 ut
1457 1699 1725 1772 amplius
1754 1698 1965 1769 diligat
1995 1715 2010 1754 :
2041 1697 2136 1754 sin

2255 530 2526 602 θυμῆσοαι
2554 539 2672 608 περὶ
2705 545 2945 604 σεαυτοῦ,
2979 538 3031 600 ὃς
3059 555 3120 608 γε
3173 536 3234 589 οὗ
3289 532 3426 610 δέχῃ
3493 541 3587 596 τὴν
3651 539 3856 610 ἄφεσιν,

2251 615 2359 670 ἀλλ’
2426 619 2820 686 ἐναποθνήσκεις
2861 633 2972 688 τοῖς
3000 625 3308 699 domitam;
3341 629 3431 678 καί
3474 634 3642 679 ταῦτα
3681 625 3854 696 εἰδὼς,

2249 707 2331 761 ὅτι
2387 711 2412 762 ό
2463 719 2564 764 τῶν
2619 718 2818 787 μυρίων
2858 714 3118 768 ταλάντων
3165 715 3548 790 χρεωφειλέτης
3579 719 3766 788 ἔτυχεν
3795 717 3856 770 ἂν

2248 805 2344 860 τῆς
2395 797 2642 872 ἀφέσεως,
2698 803 2742 856 εἰ
2795 809 2868 878 μὴ
2926 804 3085 868 αὐτὸς
3136 805 3302 876 ἐαυτῷ
3348 808 3438 864 τὴν
3496 806 3768 880 εἴσπραξιν
3798 807 3854 860 ἐκ

2245 895 2345 949 τῆς
2399 893 2530 965 πρὸς
2584 895 2673 944 τόν
2738 889 3022 966 ὁμόδουλον
3080 892 3458 969 ἀπανθρωπίας
3513 893 3847 952 ἀνενεώσατο.

2246 974 2312 1029 Ὀ
2365 983 2454 1030 καὶ
2502 981 2627 1053 ἡμῖν
2656 981 2935 1054 φυλακτέον
2964 988 3036 1056 μὴ
3069 986 3332 1057 πάθωμεν,
3365 981 3575 1038 ἐπειδὰν
3606 994 3703 1048 τῆς
3737 988 3848 1058 χὰ-

2245 1085 2388 1140 ριτος
2458 1073 2720 1143 τύχωμεν,
2787 1077 2859 1146 μὴ
2921 1071 3150 1146 ἀφιέντες
3215 1077 3329 1142 (84)
3395 1081 3508 1136 τοῖς
3568 1073 3851 1148 ὀφειλέταις

2251 1159 2415 1230 ἡμῶν,
2449 1161 2530 1211 ἱνα
2557 1158 2768 1232 βέϐαιον
2794 1164 2920 1235 ἡμῖν
2949 1167 3238 1236 παραμείνῃ
3279 1167 3336 1216 τό
3371 1159 3560 1238 δῶρον.

2319 1249 2370 1302 4.
2397 1247 2606 1302 Εἱσελθε
2631 1249 2702 1312 εἰς
2724 1253 2782 1304 τὸ
2804 1257 3036 1324 ταμιεῖόν
3056 1271 3150 1304 σου
3176 1259 3272 1314 τῆς
3300 1251 3509 1324 ψυχῆς,
3537 1250 3848 1311 ἀνακίνησὸν

2249 1356 2345 1390 σου
2384 1347 2484 1391 τῶν
2541 1343 2911 1414 πεπραγμένων
2971 1345 3066 1400 τὴν
3119 1362 3350 1415 μνημην.
3415 1341 3476 1395 Εἰ
3531 1343 3620 1414 μὲν
3685 1343 3848 1396 πολλά

2250 1431 2344 1480 σού
2402 1426 2514 1482 ἐστι
2564 1432 2631 1482 τα
2685 1430 3059 1506 ἁμαρτήματα,
3115 1435 3184 1505 μὴ
3234 1430 3616 1505 ἀθυμὴσῃςτῲ
3644 1431 3845 1492 πλήοιιο

2244 1523 2412 1570 Ὅπου
2466 1521 2568 1593 γὰρ
2637 1517 2934 1572 ἐπλεόνασεν
2995 1522 3025 1578 ἡ
3087 1521 3338 1595 ἁμαρτία,
3407 1523 3846 1596 ὑπερεπερίσσευ-

2247 1626 2332 1661 σεν
2371 1609 2400 1666 ἡ
2460 1610 2646 1684 χάρις,
2705 1607 2789 1661 ἐὰν
2821 1606 2960 1682 δέχῃ
3003 1614 3096 1668 τήν
3125 1613 3310 1685 χάρινο
3350 1619 3422 1682 τῷ
3459 1613 3562 1686 γὰρ
3594 1609 3848 1684 ὁςοεῦωντι

2244 1697 2374 1750 πολὺ
2402 1697 2532 1750 πολὺ
2558 1702 2648 1750 καὶ
2678 1696 3011 1771 ἀφεθήσεται,
3047 1700 3130 1751 ἵνα
3157 1705 3526 1775 περισσότερον
3565 1697 3741 1771 ἁγαπὴ
3753 1719 3842 1773 σῃ.

473 1790 676 1843 autem
728 1801 919 1859 parva
969 1802 1041 1842 ac
1083 1786 1262 1857 levia,
1312 1802 1424 1844 nec
1464 1788 1544 1844 ad
1583 1789 1880 1844 mortem"
1915 1785 2123 1843 iuerint

2247 1786 2306 1838 Εἰ
2355 1784 2413 1840 δὲ
2468 1790 2633 1860 μικρὰ
2683 1791 2772 1840 καὶ
2801 1787 2998 1856 εὐτελῆ,
3031 1792 3120 1841 καὶ
3158 1787 3218 1841 οὐ
3256 1791 3386 1862 πρός
3418 1790 3635 1841 Θάνατόν
3659 1807 3754 1842 σου
3779 1790 3845 1840 τὰ

472 1879 725 1948 peccata
748 1879 851 1930 tua
881 1893 895 1944 ;
925 1891 1032 1930 cur
1052 1876 1272 1932 anxius
1303 1891 1369 1932 es
1413 1877 1490 1932 de
1532 1876 1755 1945 futuro,
1809 1875 1916 1949 qui
1966 1873 2134 1931 haud

471 1964 692 2034 ignave
722 1965 1024 2036 prmterita
1042 1964 1358 2037 pertuleris
1393 1984 1406 2033 ;
1439 1965 1644 2039 idque,
1690 1982 1832 2022 cum
1869 1963 2134 2021 necdum

473 2068 640 2110 esses
666 2053 799 2124 lege
823 2053 1150 2110 instructus
1179 2055 1207 2111 ?
1236 2057 1405 2111 Nunc
1433 2059 1583 2129 puta
1604 2055 1771 2112 velut
1815 2055 1878 2111 in
1909 2055 2134 2112 trutina

473 2142 745 2200 animam
772 2152 939 2200 tuam
962 2143 1251 2216 appendi,
1269 2143 1410 2200 hinc
1431 2144 1772 2214 abangelis,
1796 2145 1936 2200 hinc
1957 2161 1995 2202 a
2013 2144 2134 2200 dae-

472 2231 760 2289 monibus
800 2237 1140 2290 attractam.
1192 2234 1368 2300 Utris,
1427 2250 1658 2308 quaeso,
1717 2233 1896 2291 dabis
1935 2233 2133 2291 cordis

471 2326 854 2380 momentum
877 2325 906 2380 ?
929 2323 1080 2388 Quid
1111 2322 1279 2397 apud
1308 2328 1364 2380 te
1410 2325 1610 2380 vincet
1645 2324 1672 2380 ‘t
1703 2324 1986 2398 voluptas
2007 2339 2132 2380 car-

472 2413 593 2476 nis,
625 2429 703 2469 an
731 2412 950 2468 animas
978 2413 1389 2470 sanctimonia
1407 2414 1840 2488 ?prtcsentium
1869 2413 2132 2471 oblecta-

474 2501 580 2573 tio,
627 2517 709 2558 an
759 2501 1100 2559 futurorum
1152 2502 1882 2575 desiderium?Angeline
1911 2507 1966 2560 te
1996 2519 2130 2560 sus-

475 2590 717 2665 cipient,
748 2607 827 2648 an
852 2591 1210 2649 detinebunt
1235 2592 1338 2665 qui
1367 2593 1492 2665 jam
1512 2596 1716 2650 tenent
1741 2594 1768 2650 ?
1785 2597 1850 2650 In
1871 2593 1999 2650 acie
2015 2592 2131 2649 du-

475 2697 577 2738 ces
607 2686 899 2738 tesseram
927 2680 1203 2737 tribuunt
1225 2681 1342 2737 sub
1372 2697 1434 2737 se
1480 2681 1901 2750 militantibus,
1959 2686 2026 2740 ut
2073 2686 2131 2740 et

475 2769 654 2827 amici
679 2769 853 2826 facile
883 2785 947 2826 se
985 2769 1243 2826 invicem
1265 2769 1614 2839 inclamcnt,
1645 2776 1701 2827 et
1731 2771 1780 2827 si
1807 2771 1870 2827 in
1915 2770 2130 2828 conﬂi-

476 2863 578 2916 ctu
623 2858 843 2916 fuerint
885 2874 1024 2916 cum
1071 2858 1348 2916 hostibus
1377 2859 1700 2930 commisti,
1727 2863 1955 2933 queant
1981 2861 2131 2916 citra

475 2947 895 3006 confusionem
925 2947 1178 3020 sejungi.
1206 2947 1504 3019 Agnoscct
1532 2953 1587 3004 te
1617 2964 1820 3017 nemo,
1846 2952 2129 3005 nosterne

475 3037 580 3106 sis,
613 3052 691 3094 an
713 3037 1002 3105 hostium,
1028 3035 1144 3092 nisi
1171 3036 1442 3110 mysticis
1491 3037 1680 3108 signis
1729 3036 2128 3095 necessitudi-

2243 1877 2616 1951 ἁμαρτήματα,
2683 1881 2733 1930 τὶ
2779 1878 3003 1950 ἀγωνιᾷς
3063 1881 3122 1931 τό
3165 1877 3364 1952 μέλλον,
3399 1879 3452 1940 ὃς
3480 1897 3540 1950 γε
3577 1877 3671 1930 οὐκ
3702 1875 3843 1950 ἆγεν-

2241 1975 2342 2029 νῶς
2395 1968 2462 2019 τὰ
2512 1965 2832 2039 παρελθόντα
2887 1963 3186 2038 διήνεγκας,
3236 1971 3327 2020 καὶ
3376 1975 3544 2020 ταῦτα
3600 1973 3743 2019 οῡπω
3768 1962 3842 2038 τῷ

2240 2059 2380 2128 νόμῳ
2427 2051 2925 2127 παιὸάγωγούμενος
2985 2071 3000 2122 ;
3048 2062 3156 2108 Νῦν
3211 2055 3386 2128 ὥσπερ
3444 2053 3530 2107 ἐπὶ
3584 2056 3841 2129 τρυτάνης

2243 2145 2455 2198 ἑστάναι
2505 2145 2685 2214 νόμιζέ
2739 2163 2834 2197 σου
2899 2148 2989 2202 τὴν
3044 2143 3251 2216 ψυχὴν,
3305 2147 3440 2197 ἔνθεν
3467 2141 3553 2196 ὐπ’
3589 2142 3835 2216 its/70.0w,

2241 2233 2474 2288 κάκεῖθεν
2499 2235 2599 2286 ὑπό
2623 2230 2883 2307 δαιμόνων
2923 2230 3272 2307 διελκομένην.
3303 2238 3454 2287 Τίσιν
3502 2235 3606 2309 ἆρα
3649 2230 3838 2294 δώσεις

2241 2329 2335 2382 τὴν
2379 2324 2540 2398 ῥοπὴν
2582 2327 2669 2382 τὴν
2696 2319 2922 2398 καρδίας
2957 2327 3056 2392 ;Τί
3087 2324 3232 2398 παρὰ
3272 2327 3355 2376 σοὶ
3383 2327 3590 2380 νικήσει
3621 2339 3634 2390 ;
3668 2319 3833 2380 ἠδονή

2244 2417 2455 2489 σαρκὸς,
2491 2416 2520 2470 ἦ
2548 2412 2814 2486 ἁγιασμὸς
2850 2413 3075 2484 ψυχῆςς
3109 2411 3398 2472 ἀπόλαυσις
3427 2419 3529 2464 τῶν
3572 2415 3838 2484 παρόντων

2240 2502 2271 2562 ᾖ
2312 2511 2411 2554 τῶν
2451 2501 2734 2572 μελλόντων
2785 2501 3039 2575 ἐπιθυμία
3071 2519 3086 2570 ;
3117 2500 3363 2574 Ἃγγελοί
3414 2519 3472 2554 σε
3499 2499 3838 2575 παραλήψον.

2239 2609 2348 2660 ται,
2402 2595 2432 2650 ἤ
2484 2591 2792 2654 καθέξουσιν
2833 2593 2882 2644 οἱ
2937 2595 3248 2663 κατέχοντες
3293 2606 3306 2657 ;
3357 2589 3474 2644 Ἐπὶ
3501 2588 3837 2664 παρατάξεως

2239 2683 2288 2734 οἱ
2320 2685 2608 2755 στρατηγοὶ
2664 2683 2722 2732 τὸ
2780 2681 3022 2752 σύνθημα
3052 2685 3160 2740 τοῖς
3189 2679 3277 2730 ὑπ’
3308 2679 3498 2740 αὐτοὺς
3529 2679 3637 2749 (85)
3669 2674 3837 2730 διανέ-

2239 2789 2448 2843 μουσιν,
2483 2772 2565 2822 ἱνα
2589 2773 2680 2822 καὶ
2710 2769 2760 2820 οἰ
2785 2768 2922 2841 φίλοι
2950 2764 3152 2843 ῥαδίως
3182 2765 3435 2827 ἀλλήλους
3464 2765 3831 2833 ἔνακαλῶνται,

2237 2865 2327 2914 καὶ
2355 2864 2486 2936 πρός
2514 2864 2634 2923 τοὺς
2665 2859 2944 2924 ἐναντιους,
2977 2858 3063 2911 ἐὰν
3092 2857 3141 2910 ἐν
3168 2865 3284 2920 ταῖς
3331 2855 3659 2931 συμπλοκαῖς
3705 2854 3833 2910 ἁνα-

2237 2951 2529 3023 μιχθὼσιν,
2585 2949 2825 3024 εὐκρινής
2874 2946 3097 3007 δύνηται
3147 2949 3408 3022 ὑπάρχειν
3464 2947 3490 2999 ὁ
3533 2950 3830 3021 χωρισμός.

2239 3036 2428 3100 Οὐδεὶς
2474 3037 2817 3110 ἐπιγνώσει-αἰ
2871 3057 2947 3104 σε,
3006 3037 3049 3090 εἰ
3095 3039 3344 3110 ἡμέτερος
3391 3031 3452 3102 εἶ,
3505 3039 3535 3095 ἣ
3595 3043 3696 3088 τῶν
3739 3036 3834 3088 ὐπ-

472 3141 615 3185 nem
643 3125 1120 3200 aiﬁnitatemque
1145 3126 1499 3200 ostenderis,
1547 3126 1663 3183 nisi
1703 3127 2011 3198 signatum
2055 3127 2123 3184 sit

2237 3132 2493 3196 εναντίων,
2549 3126 2632 3180 ἐὰν
2679 3131 2750 3200 μὴ
2801 3134 2914 3189 τοῖς
2941 3132 3222 3200 μυστικοῖς
3260 3123 3544 3197 συμϐόλοις
3569 3125 3830 3198 παράσχῃ

475 3232 660 3290 super
687 3219 744 3272 te
773 3213 977 3272 lumen
1003 3215 1202 3272 vultus
1248 3216 1486 3272 Domini
1512 3217 1555 3272 ⁸.
1589 3215 1908 3283 Quomodo
1934 3215 2127 3272 vindi-

473 3306 633 3364 cabit
656 3310 711 3363 te
726 3305 978 3376 angelus
996 3306 1024 3362 ‘t
1045 3305 1354 3378 quomodo
1375 3306 1586 3380 eripiet
1603 3323 1676 3386 ex
1687 3305 1980 3378 hostibus,
2010 3305 2127 3363 nisi

474 3394 787 3467 agnoverit
804 3394 1182 3466 signaculum
1215 3395 1243 3451 ?
1274 3396 1590 3462 Quomodo
1616 3396 1886 3454 dicturus
1925 3413 1989 3453 es
2037 3399 2122 3467 tu,

471 3485 576 3543 Dei
605 3500 763 3554 sum,
794 3484 844 3540 si
873 3487 1049 3541 notas
1083 3499 1154 3541 ac
1179 3483 1440 3556 insignia
1473 3501 1598 3543 non
1655 3486 1946 3544 exhibeas
1975 3487 2004 3544 ἵ
2033 3490 2124 3542 An

468 3573 733 3646 ignoras,
765 3573 1289 3630 exterminatorem
1319 3573 1539 3632 domos
1568 3574 1837 3648 signatas
1881 3581 2124 3649 praeter-

465 3665 626 3738 iisse,
654 3664 717 3722 in
739 3664 834 3722 his
858 3651 1002 3722 vero
1031 3681 1170 3738 quas
1201 3665 1455 3736 signatae
1479 3681 1605 3724 non
1644 3671 1836 3738 erant,
1887 3667 2120 3740 primo-

467 3755 670 3829 genita
688 3754 982 3812 occidisse
1001 3757 1022 3790 9
1049 3755 1078 3811 ?
1115 3755 1464 3812 Thesaurus
1494 3771 1620 3812 non
1641 3755 1999 3828 obsignatus
2023 3758 2118 3814 di-

463 3845 575 3918 ripi
603 3861 641 3903 a
663 3844 902 3902 furibus
923 3843 1096 3901 facile
1125 3847 1327 3917 potest
1355 3861 1370 3900 :
1398 3844 1500 3901 ovi
1529 3845 1706 3916 signo
1735 3845 1966 3902 carenti
1993 3849 2118 3902 tuto

465 3937 778 3991 struuntur
803 3932 1057 3989 insidias.

539 4027 591 4080 5.
621 4022 870 4080 Iuvenis
928 4037 994 4078 es
1022 4022 1050 4078 ?
1072 4022 1276 4078 Retine
1319 4021 1695 4094 juventutem
1733 4023 2120 4098 baptismatis

464 4111 658 4170 freno.
683 4109 940 4168 Transiit
967 4110 1082 4166 ﬂos
1103 4110 1295 4166 aetatis
1317 4111 1346 4165 ‘I
1371 4112 1524 4168 Cave
1563 4113 1774 4169 feceris
1801 4113 1997 4171 viatici
2019 4115 2119 4186 ja-

465 4206 721 4264 cturam,
755 4215 902 4258 cave
925 4199 1205 4256 amiseris
1221 4200 1684 4270 munimentum,
1718 4218 1865 4260 cave
1894 4204 2118 4275 cogites

464 4291 541 4348 de
579 4291 901 4348 undecima
921 4289 1074 4346 hora
1106 4287 1266 4346 velut
1295 4289 1370 4346 de
1399 4289 1599 4362 prima
1623 4292 1668 4328 ²⁰
1699 4309 1712 4348 :
1738 4293 2120 4367 quandoqui-

2232 3222 2327 3276 τὴν
2357 3216 2670 3285 οἰκειότητα,
2721 3214 2808 3269 ἐὰν
2855 3219 2927 3289 μὴ
2986 3215 3252 3288 σημειωοῇ
3301 3212 3388 3266 ἐπὶ
3421 3215 3478 3265 σὶ
3507 3215 3566 3266 τὸ
3606 3220 3712 3284 φῶς
3741 3219 3831 3264 τοῦ

2231 3315 2516 3382 προσώπου
2567 3310 2786 3382 Κυρίου.
2837 3313 2956 3368 Πῶς
3008 3303 3316 3375 ἀντιποιηθῇ
3382 3321 3476 3355 σου
3517 3299 3829 3374 ὀοῖγγελοςς

2231 3406 2343 3460 πῶς
2398 3393 2457 3450 δὲ
2514 3396 2765 3470 ἀφέληται
2821 3403 2920 3449 τῶν
2978 3394 3208 3469 ἐχθρῶν,
3257 3390 3342 3445 ἐὰν
3398 3396 3469 3465 μὴ
3503 3390 3697 3464 ἐπιγνῷ
3736 3394 3831 3449 τήν

2235 3484 2507 3564 σφραγῖδα
2551 3503 2564 3554 ;
2611 3494 2732 3550 Ile”);
2781 3483 2840 3538 δὲ
2885 3488 2951 3538 σὺ
2983 3484 3135 3560 ἐρεῖς,
3161 3489 3265 3536 Τοῦ
3299 3487 3432 3536 Θεοῦ
3459 3481 3584 3554 εἰμι,
3607 3485 3680 3555 μὴ
3713 3479 3831 3533 ἐπι·-

2232 3584 2503 3653 φερόμενος
2577 3579 2644 3630 τὰ
2710 3579 3056 3650 γνωρίσματα
3109 3590 3124 3642 ;
3179 3571 3250 3626 Ἵῐ
3318 3570 3538 3643 ἀγνοεῖς,
3607 3570 3689 3622 ὅτι
3735 3570 3832 3632 τὰς

2229 3668 2644 3745 ἐσφραγισμένας
2699 3667 2868 3727 οἰκίας
2933 3665 2958 3716 ὁ
3015 3663 3328 3737 ὀλοθρευτὴς
3376 3659 3720 3733 ὑπερέϐαινεν,
3777 3657 3828 3710 ἕν

2229 3755 2288 3810 δὴ
2342 3765 2458 3819 ταῖς
2511 3755 2893 3829 ἀσφραγίστοις
2947 3755 3248 3823 κατεφόνευε
3323 3750 3389 3801 τὰ
3439 3751 3748 3824 πρωτότοκα
3809 3762 3824 3816 ;

2241 3848 2612 3920 Ασφράγιστος
2707 3843 2970 3916 θησαυρός
3059 3839 3458 3914 εὐεπιχείρητος
3543 3837 3823 3898 κλέπταιςο

2227 3935 2485 4011 πρόϐατον
2507 3933 2833 4006 ἀσημείωτον
2866 3925 3154 3992 ἀκινδύνοις
3184 3927 3585 3982 ἐπιϐουλεύεται.

2375 4027 2502 4086 Νέος
2532 4019 2579 4074 εἶ
2604 4040 2617 4090 ;
2659 4021 2950 4094 ἀσφάλισαι
2977 4023 3071 4077 τὴν
3108 4023 3325 4077 νεότητα
3353 4024 3426 4088 τῷ
3483 4023 3576 4069 τοῦ
3623 4014 3824 4089 βαπτί-

2230 4134 2428 4190 σματος
2473 4112 2692 4186 χαλινῷ.
2748 4108 3096 4184 Παράὸραμεν
3151 4111 3180 4166 ἡ
3217 4107 3354 4180 ἀκμή
3395 4111 3511 4180 ςμὴ
3547 4106 3825 4180 ζημιωθῇς

2228 4210 2292 4260 τα
2323 4202 2449 4279 ἐς)όὸ
2455 4225 2526 4271 ια,
2556 4208 2626 4276 μὴ
2663 4201 2922 4274 ἀπολέσῃς
2949 4204 3006 4253 τό
3039 4197 3387 4273 φυλακτήριον
3416 4198 3552 4265 (86),
3585 4200 3656 4268 μὴ
3709 4198 3826 4270 περὶ

2225 4305 2320 4360 τῆς
2367 4293 2646 4356 ἑνδεκάτης
2697 4301 2834 4367 ὠρας
2882 4294 2950 4351 ὡς
2993 4293 3111 4364 περὶ
3154 4293 3366 4362 πρώτης
3422 4283 3657 4339 ὃιανοοῠο
3691 4285 3821 4337 ὅπου

464 4391 605 4439 dem
659 4385 717 4438 et
767 4397 906 4438 eum
951 4379 1058 4454 qui
1099 4380 1226 4452 jam
1282 4380 1550 4452 primum
1578 4382 1772 4439 editur
1801 4383 1863 4439 in
1892 4383 2113 4454 lucem,

2233 4405 2283 4460 γε
2325 4388 2580 4460 προσήκει
2616 4385 2704 4433 καὶ
2759 4383 2845 4432 τόν
2897 4377 3184 4450 ἀρχόμενον
3226 4395 3318 4428 του
3361 4373 3483 4448 βίου
3528 4371 3578 4424 ἐν
3634 4370 3822 4444 ὀφθαλ-

462 4474 722 4528 mortem
743 4469 823 4527 ob
853 4469 1060 4527 oculos
1082 4469 1308 4526 habere
1329 4470 1628 4527 convenit.
1665 4472 1722 4528 Si
1751 4473 1888 4546 quis
1928 4474 2114 4532 medi-

461 4576 569 4618 cus
599 4559 970 4635 promitteret
991 4559 1121 4630 tibi,
1143 4575 1206 4615 se
1232 4560 1465 4616 artibus
1483 4560 1854 4633 quibusdam
1899 4579 1970 4620 ac
2017 4565 2113 4622 in—

532 4687 554 4722 ⁶
594 4685 796 4742 Matth.
823 4701 978 4753 XVIII,
1011 4686 1079 4741 24
1105 4699 1243 4758 sqq.
1319 4687 1341 4722 ⁸
1375 4687 1548 4742 Rom.
1597 4703 1654 4745 v.
1713 4691 1803 4744 20.

457 4775 553 4826 xx,
587 4759 674 4814 l2.

526 4887 618 4959 (84-
639 4882 812 4959 Illud,
841 4881 984 4959 astuti
1016 4881 1138 4956 ἡμῖν
1165 4881 1443 4959 φυλακτέον
1472 4887 1544 4956 μὴ
1578 4885 1840 4959 “damna,
1863 4957 1869 4959 Δ
1894 4882 2103 4941 ἐπειδὰν

575 4958 800 5031 χάριτος
829 4955 1093 5031 τρχωριεν,
1121 4959 1190 5026 μὴ
1221 4955 1448 5031 άφιὲντες
1466 4955 1600 5031 δια,
1621 4957 1705 5012 sic
1727 4955 1899 5031 verti!
1925 4959 2104 5016 inter-

452 5025 814 5101 pres'v'elut:
845 5025 1013 5101 Quod
1033 5041 1107 5101 ne
1123 5025 1454 5101 patiantur,
1475 5027 1702 5095 fratres
1727 5029 2104 5088 dilectissimi

451 5097 813 5170 inagnopere
858 5097 1460 5170 animadvertendum
1503 5105 1891 5170 posteaquam
1941 5103 2102 5160 hanc

451 5169 712 5240 gratiam
735 5171 940 5239 adepti
956 5184 1180 5236 smnus,
1203 5169 1306 5224 sed
1333 5169 1702 5226 debitoribus
1723 5169 1964 5228 ’nostris
2008 5189 2099 5230 re-

450 5244 878 5316 ῖηίιίαηιιιελιιε
905 5242 1150 5308 firmum
1171 5244 1282 5316 c_tc_.
1315 5243 1394 5296 lta
1419 5245 1620 5316 autem
1668 5243 2096 5316 interpretandi

449 5313 580 5370 hth
605 5312 678 5378 ei,
707 5310 942 5384 opinor,
976 5327 1164 5384 causa
1184 5310 1310 5384 fuit,
1339 5311 1506 5384 quod
1561 5311 1678 5368 hoc
1726 5310 1860 5372 loco
1913 5333 2096 5372 vocu-

445 5393 567 5457 lam
609 5390 679 5456 μή
733 5383 1054 5457 commode
1105 5383 1441 5453 exprimere
1481 5399 1605 5439 non
1653 5391 1874 5457 posset.

445 5455 569 5510 duo
597 5455 743 5510 mss.
773 5455 896 5525 ἡμῖν
927 5459 1218 5526 παραμένῃ.

516 5530 627 5602 (83;)
657 5513 844 5602 Etlitio
875 5513 1182 5602 [fai'is.'07_:‘
1211 5529 1417 5602 αὐτοῖςἒ
1441 5529 1512 5581 At
1537 5527 1806 5602 quinque
1835 5531 2090 5602 mss_{m’

445 5595 644 5674 αςᾶῥοός.
678 5596 849 5674 Quod
879 5596 1105 5674 ibidem
1126 5595 1368 5674 legitur,
1400 5599 1483 5674 ἵνα
1509 5595 1664 5674 κάὶοὶ
1705 5595 1840 5673 ξοίλοι
1890 5599 2089 5674 ῥαδίως

443 5670 692 5734 άλλὴλους
717 5667 1095 5735 άνακαλῶνται,
1125 5665 1184 5723 id
1225 5669 1308 5725 ita
1335 5670 1508 5728 vertit
1539 5665 1812 5741 Ducaius,
1856 5665 2092 5732 Billium

1956 5389 2095 5444 Mox

1881 4690 1902 4724 ⁷
1936 4693 1974 4747 ῐ.
2006 4693 2176 4762 toan,
2210 4708 2275 4750 v.
2313 4695 2396 4750 t7.

2223 4485 2342 4551 μοῖς
2380 4478 2520 4547 ἔχειν
2567 4476 2660 4531 τὴν
2712 4469 2971 4527 τελευτήν.
3024 4470 3086 4519 Εἰ
3122 4485 3203 4528 τις
3231 4465 3417 4540 ἰατρῶν
3478 4460 3818 4534 ἐπηγγέλλετό

2226 4549 2310 4620 σοι
2366 4569 2636 4639 μηχαναῖς
2686 4579 2801 4614 τισι
2846 4561 2933 4610 κάὶ
2964 4555 3215 4617 ἐπινοίαις
3241 4557 3350 4607 νέον
3387 4556 3626 4611 ποιήσειν
3653 4549 3709 4603 ἐκ
3737 4554 3820 4622 γέ-

2475 4690 2496 4724 δ
2528 4685 2678 4745 Psal.
2721 4701 2798 4751 Iv,
2825 4689 2878 4740 7.
2955 4685 2976 4718 9
3009 4680 3198 4739 Exod.
3236 4695 3341 4746 xu,
3369 4685 3461 4740 ‘23.
3541 4678 3558 4713 ¹
3584 4675 3814 4732 °Matth.

2211 4892 2474 4955 secutus,
2510 4891 2573 4943 ut
2597 4891 2650 4943 et
2671 4883 2854 4942 amici
2869 4897 2990 4955 sese
3010 4881 3264 4955 invicem
3281 4879 3468 4951 facile
3501 4889 3768 4940 revocent
3797 4899 3810 4938 :

2209 4973 2410 5034 quam
2432 4952 2701 5034 virorum
2717 4953 3222 5034 doctissimorum
3251 4952 3813 5034 interpretationem

2210 5025 2305 5088 Hic
2337 5029 2684 5088 addendam
2707 5025 3143 5099 indicavimus,
3165 5027 3230 5079 ut
3254 5025 3302 5079 si
3323 5025 3589 5096 cuipiam
3615 5026 3813 5098 magis

2207 5104 2586 5177 probaretur,
2615 5117 2686 5177 ea
2715 5098 3041 5177 utiliceret.
3081 5171 3090 5177 ‘
3283 5171 3292 5177 ι
3347 5166 3380 5177 η

2275 5176 2388 5245 (86)
2419 5171 2840 5245 Combelisius,
2875 5168 3425 5245 cuiinterpretatio
3477 5170 3647 5245 vetus
3685 5184 3811 5245 non

2205 5238 2450 5327 placuit,
2480 5243 2609 5300 haec
2635 5238 2840 5327 verba,
2866 5245 2936 5314 μή
2961 5238 3216 5327 εἰπολὲσῃς
3236 5243 3294 5291 τό
3317 5238 3685 5321 φυλακτήριον,
3727 5241 3812 5300 ita

2203 5284 2623 5373 Fei‘é‘éét'éiué
2647 5284 2752 5380 ὲέι,
2777 5284 3102 5369 Νέεέιιιιιίε
3121 5284 3346 5382 pignus
3371 5284 3806 5382 amise‘i‘iszqu;

2201 5381 2637 5462 interpretandi
2655 5379 2804 5441 ratio
2827 5379 3227 5462 vitleripotes't
3244 5379 3529 5462 quaedam
3551 5379 3811 5442 esse—de-

2203 5451 2449 5515 clara’tio
2472 5457 2794 5512 verborum
2827 5451 3052 5522 Basilii,
3103 5469 3225 5509 non
3263 5451 3529 5522 simplex
3570 5468 3807 5512 eorum-

2201 5531 2340 5586 (lem
2393 5529 2844 5601 interpretat_io_._
2875 5527 3045 5582 Haud
3101 5525 3280 5594 longe
3303 5539 3516 5579 vocem
3563 5527 3701 5598 ὧρας
3733 5544 3806 5586 ex

2201 5602 2366 5658 Coll).
2399 5599 2600 5676 primo
2640 5599 3015 5657 addidimus.
