4098 6426
314 343 421 403 433

1398 331 1694 396 HOMILIA
1737 332 1804 388 IN
1845 324 2171 387 SANCTUM
2223 332 2584 394 BAPTISMA.

3577 340 3687 402 434

318 488 515 547 ροντος,
548 467 641 523 οῦκ
693 465 753 520 ἂν
812 465 1140 541 ἐπεθύμησας
1188 464 1345 519 ἐλθεῖν
1400 463 1591 520 ἐκείνην
1642 462 1733 518 τὴν
1781 458 1914 530 ἠμέ-

2029 455 2262 516 dustria
2284 461 2572 533 juvenem
2602 467 2657 520 te
2686 477 2762 521 ex
2792 478 2934 522 sene
2962 464 3263 524 facturum
3295 484 3446 542 esse,
3482 486 3686 530 nonne

315 580 434 638 ραν,
496 558 544 611 ἐν
681 561 893 611 σεαυτὸν
951 560 1074 633 ὀρᾷν
1134 556 1324 630 ἔμελλες
1379 558 1505 630 πρὸς
1563 550 1731 624 ἀκμὴν
1786 550 1917 600 ὑπο-

321 652 602 725 στρέφοντα
630 649 782 719 (87);
826 645 1038 707 Ἐπειδὴ
1095 644 1154 699 δὲ
1200 651 1294 705 τὴν
1337 644 1523 717 ψυχήν
1575 661 1668 694 σου
1721 637 1919 690 ἀναθα-

316 738 497 798 λήσειν
523 737 890 810 ἐπαγγέλλεταί
924 757 1007 789 σοι
1030 739 1086 789 τὸ
1126 734 1426 810 βαπτίσμα,
1460 735 1521 793 ἦν
1563 734 1629 784 σὺ
1660 727 1920 782 ἐπαλαίω-

321 847 433 897 σας,
494 832 583 881 καὶ
643 828 810 903 ῥυσήν
874 826 1033 885 αὖτήν
1091 826 1203 897 (88)
1254 825 1309 877 ἐκ
1364 831 1465 877 τῶν
1527 820 1769 893 ἀνομιῶν,
1832 820 1922 869 καὶ

319 915 671 993 ἆσπιλωμένην
734 912 1024 983 ἀπέδειξας,
1082 920 1413 990 καταφρονεῖς
1477 918 1570 966 τοῦ
1638 910 1919 984 εὐεργέτου,

318 1012 411 1061 καὶ
459 1007 517 1061 οὐ
569 1010 907 1083 προστρέχεις
954 1014 1026 1078 τῷ
1080 1004 1453 1079 ἐπαγγᾶματι.
1505 1002 1614 1055 Οὐκ
1662 999 1923 1070 ἐπιθυμεῖς

325 1093 455 1150 ἰδεῖν
510 1101 560 1150 τί
593 1117 650 1149 το
688 1100 824 1170 μέγα
877 1098 1054 1169 θαῦμα
1103 1103 1194 1156 τῆς
1245 1096 1622 1166 ὑποσχέσεως
1662 1097 1768 1149 πῶς
1806 1088 1923 1139 ἄνευ

320 1189 517 1263 μητρὸς
566 1185 899 1258 ἀναγεννάται
951 1187 1240 1258 ἄνθρωπος,
1291 1191 1404 1244 πῶς
1471 1184 1497 1234 ὁ
1548 1179 1925 1250 παλαιούμενος

319 1280 409 1328 καὶ
478 1277 801 1349 φθειρόμενος
864 1278 998 1329 κατά
1060 1277 1154 1337 τὰς
1221 1273 1497 1345 ἐπιθυμίας
1571 1278 1663 1329 τῆς
1725 1266 1926 1326 ἀπάτης

321 1370 520 1439 σφριγᾷ
560 1364 734 1434 πάλιν,
775 1371 865 1418 καὶ
905 1363 1091 1435 ἀνηϐᾷ,
1140 1368 1231 1415 καὶ
1284 1363 1349 1423 εἰς
1395 1364 1450 1414 τὸ
1499 1359 1738 1418 ἀληθινὸν
1777 1357 1925 1415 ἄνθος

316 1460 415 1517 τῆς
482 1458 717 1516 νεότητος
791 1453 1175 1529 ἐπανέρχεται;
1239 1454 1518 1524 Βάπτισμα
1574 1446 1925 1521 αἰχμαλώτοις

314 1540 523 1619 λύτρον,
556 1542 864 1616 ὀφλῃαάτων
896 1544 1100 1616 ἄφεσις,
1151 1542 1369 1603 θάνατος
1420 1540 1696 1613 ἁμαρτίας,
1728 1535 1923 1606 παλιγ-

316 1635 530 1704 γενεσία
583 1633 788 1704 ψυχῆς,
855 1629 1057 1705 ἔνδυμα
1119 1632 1380 1704 φωτεινὸν,
1449 1631 1672 1703 σφραγὶς
1742 1624 1923 1679 ἀνεπι-

317 1725 582 1795 χείρητος,
628 1724 814 1794 ὄχήμα
866 1724 997 1795 πρὸς
1045 1720 1279 1795 οὐρανὸν,
1334 1717 1609 1792 βασιλείας
1659 1714 1922 1791 πρόξενον,

319 1811 583 1871 υἱοθεσίας
617 1812 886 1886 χάρισμα.
943 1812 1217 1863 Τοσούτων
1264 1807 1474 1880 ἀγαθῶν
1532 1811 1621 1859 καὶ
1674 1802 1922 1864 τηλικού-

318 1918 441 1965 των,
500 1899 666 1968 οῖθλιε,
720 1903 1096 1976 προτιμοτέραν
1155 1900 1295 1970 ἄγεις
1355 1901 1449 1957 τὴν
1505 1893 1748 1962 ndomita;
1806 1901 1924 1945 Νοῶ

317 1990 420 2062 γάρ
480 2006 576 2041 σου
643 1991 732 2047 τὴν
795 1989 1090 2063 ὑπέρθεσιν,
1150 1986 1244 2040 κᾶν
1294 1985 1594 2063 περιστέλλῃ
1650 1984 1766 2056 (89)
1817 1988 1925 2044 τοῖς

316 2079 552 2153 ῥήμασιν
581 2098 594 2112 ·
654 2078 790 2130 αὐτὰ
843 2076 950 2151 βοᾷ
996 2081 1063 2131 τά
1113 2081 1424 2153 πράγματα,
1487 2074 1582 2128 κάν
1644 2081 1708 2147 τῇ
1780 2090 1918 2146 φωνῃ

321 2173 545 2238 σιωπᾷς.
596 2166 809 2236 ”Ἐασον,
880 2165 1277 2243 ἀποχρὴσωμαι
1324 2174 1388 2240 τῇ
1453 2169 1611 2236 σαρκὶ
1662 2166 1787 2238 πρὸς
1830 2165 1921 2220 τὴν

318 2254 611 2311 ἀπόλαυσιν
671 2265 772 2310 τῶν
839 2256 1119 2333 αἰσχρῶν,
1189 2255 1483 2329 ἑγκυλισθῶ
1537 2258 1612 2326 τῷ
1683 2251 1923 2328 βορϐόρῳ

316 2354 419 2400 τῶν
474 2342 697 2412 ἡδονῶν,
752 2346 958 2420 αἱμάξω
1007 2349 1102 2408 τὰς
1149 2353 1354 2421 χεῖρας,
1402 2344 1667 2418 ἀφέλωμαι
1718 2345 1784 2396 τά
1837 2340 1924 2394 ἀλ-

316 2435 536 2512 λότρια,
602 2433 793 2500 δολίως
864 2438 1138 2511 πορευθῶ,
1207 2435 1526 2512 ἐπιορκήσω,
1595 2433 1919 2506 ψεύσωμαι·

317 2531 407 2580 καὶ
455 2530 571 2579 τότε
620 2528 677 2579 τὸ
723 2525 1023 2600 βάπτισμα,
1058 2527 1174 2580 ὅταν
1221 2524 1363 2590 λήξω
1414 2527 1538 2578 ποτε
1579 2532 1680 2577 τῶν
1727 2529 1918 2589 κακῶν,

319 2612 649 2690 ὑποδέξομαι
690 2616 827 2687 (90).
877 2615 937 2671 Εἰ
986 2619 1077 2690 μὲν
1120 2612 1208 2669 οὖν
1255 2615 1409 2668 καλὸν
1460 2616 1491 2674 ἠ
1543 2613 1794 2689 ἁμαρτία,
1828 2614 1923 2685 φύ-

317 2703 484 2759 λασσε
512 2708 706 2769 ταύτης
737 2704 808 2768 εἰς
836 2705 1014 2769 τέλος⁸
1066 2706 1111 2760 εἰ
1161 2702 1220 2759 δὲ
1266 2704 1501 2779 βλαϐερὰ
1544 2711 1617 2774 τῷ
1665 2709 1920 2767 ποιοῦντι,

318 2801 368 2849 τί
430 2794 683 2870 ἑπιμένεις
729 2803 835 2857 τοῖς
897 2794 1194 2870 ὀλεθρίοις,
1255 2791 1466 2861 Οὐδεὶςς
1514 2793 1683 2866 χολὴν
1740 2790 1923 2864 ἐμέσαι

172 2928 175 2929 ν
239 2938 245 2943 ,
322 2886 512 2954 ζητῶν,
564 2884 619 2938 ἐκ
661 2892 895 2961 πονηρᾶς
922 2890 1012 2938 καὶ
1053 2884 1346 2938 ἀκολάστου
1407 2880 1617 2945 διαίτης
1661 2880 1925 2935 πολυπλα-

326 2979 474 3028 σίονα
508 2977 703 3034 ταύτην
758 2974 923 3047 ἐαυτῷ
975 2976 1331 3049 συναθροίζει.
1367 2974 1642 3045 Καθαίρειν
1690 2978 1924 3045 προσῆκε

321 3072 421 3117 τῶν
470 3064 766 3117 λυπούντων
821 3068 881 3117 τὸ
943 3071 1116 3138 σῶμα,
1178 3064 1239 3118 οὐ
1286 3069 1461 3137 μέντοι
1513 3060 1922 3120 κατασκευάζειν

2027 547 2401 608 desiderares
2428 553 2595 611 illam
2623 553 2835 612 adesse
2862 554 3043 624 diem,
3075 557 3138 612 in
3167 574 3290 630 qua
3320 560 3579 633 teipsum
3605 562 3690 618 vi-

2030 654 2207 695 surus
2230 656 2392 697 esses
2405 643 2483 699 ad
2506 644 2695 700 aetatis
2717 643 2980 714 vigorem
3026 649 3366 704 reversum?
3404 640 3519 706 Sed
3548 668 3689 709 cum

2028 727 2370 801 baptismus
2421 731 2723 790 facturum
2771 749 2834 790 se
2867 735 3127 809 spondet
3156 752 3226 793 ac
3254 738 3583 811 pollicetur,
3627 743 3692 796 ut

2032 818 2237 876 anima
2267 824 2365 878 tua
2392 837 2581 895 quam
2600 826 2893 880 vetustate
2921 824 3246 898 confecisti,
3267 844 3338 883 ac
3366 828 3692 901 iniquitati-

2030 907 2149 964 bus
2174 925 2464 980 rugosam
2492 912 2988 987 maculosamque
3016 916 3350 985 reddidisti,
3384 918 3462 973 ad
3493 918 3693 991 pristi-

2032 1013 2183 1055 num
2232 999 2445 1058 ﬂorem
2498 1002 2738 1060 redeat:
2801 1006 3146 1078 aspernaris
3193 1006 3693 1080 benefacientem,

2032 1104 2145 1145 nec
2174 1091 2436 1147 aeeurris
2475 1093 2555 1149 ad
2601 1093 3094 1166 promissionem.
3155 1099 3319 1153 Itane
3371 1114 3513 1155 vero
3563 1116 3695 1155 ma-

2034 1194 2224 1251 gnum
2251 1180 2700 1254 pollicitationis
2731 1183 3090 1241 miraculum
3111 1185 3315 1243 videre
3346 1202 3470 1244 non
3491 1190 3698 1262 cupis?

2033 1270 2344 1342 quomodo
2365 1272 2494 1328 sine
2524 1276 2714 1330 matre
2733 1278 3119 1345 regeneretur
3144 1275 3362 1333 homo?
3382 1278 3697 1350 quomodo

2032 1359 2397 1419 inveteratus
2448 1365 2507 1418 et
2551 1363 2769 1420 erroris
2822 1363 3197 1420 desideriis“
3234 1371 3574 1440 corruptus,
3607 1368 3698 1424 vi-

2034 1453 2171 1520 geat
2186 1453 2954 1527 rursus,‘:repubeseatque,
2986 1457 3043 1510 et
3070 1453 3149 1511 ad
3169 1472 3380 1512 verum
3404 1457 3698 1528 juventu-

2032 1540 2109 1595 tis
2140 1539 2353 1598 ﬂorem
2394 1547 2729 1599 revertatur
2749 1542 2776 1598 ?
2828 1543 3167 1617 Baptismus
3198 1545 3448 1617 captivis
3479 1551 3573 1603 est
3600 1562 3697 1603 re-

2033 1630 2402 1704 demptionis
2440 1631 2723 1705 pretium,
2750 1632 3093 1690 debitorum
3123 1634 3513 1706 eondonatio,
3532 1651 3699 1693 mors

2033 1720 2285 1793 peccati,
2308 1723 2683 1793 regeneratio
2713 1722 3385 1791 animmjndumentum
3405 1723 3695 1793 lucidum,

1963 1814 2007 1870 Β
2035 1808 2299 1880 sigillum
2320 1809 2491 1882 quod
2518 1815 2742 1868 conatu
2784 1810 2952 1868 nullo
2990 1810 3188 1884 frangi
3212 1816 3427 1885 potest,
3462 1814 3700 1870 vehicu-

2030 1899 2161 1957 lum
2205 1899 2285 1957 ad
2314 1899 2553 1973 ecelum,
2582 1900 2754 1971 regni
2782 1900 3152 1970 conciliator,
3199 1902 3549 1975 adoptionis
3587 1902 3699 1960 do-

2033 2004 2205 2046 num.
2233 1991 2339 2046 Tot
2366 2005 2437 2046 ae
2460 1989 2641 2045 tantis
2660 1989 2860 2059 bonis,
2885 2005 2921 2045 o
2949 1989 3159 2058 miser,
3189 1990 3563 2064 voluptatem
3592 1992 3702 2048 du-

2032 2077 2118 2134 cis
2143 2077 2443 2150 potiorem
2459 2077 2488 2133 ?
2509 2077 2657 2134 Novi
2679 2077 2841 2133 enim
2866 2078 3477 2150 procrastinationem
3506 2083 3697 2148 tuam,

2031 2182 2390 2241 quanquam
2411 2181 2548 2223 eam
2564 2166 2763 2224 verbis
2788 2167 3060 2239 contegis
3085 2167 3387 2226 :elamant
3406 2185 3502 2226 res
3526 2170 3698 2243 ipse,

2031 2257 2270 2316 tametsi
2293 2273 2443 2314 voce
2478 2260 2666 2314 taces.
2723 2257 2881 2327 Sine,
2932 2261 3068 2315 utar
3101 2273 3356 2331 corpore
3386 2259 3465 2316 ad
3495 2259 3701 2315 fruen-

2031 2348 2147 2405 das
2177 2350 2383 2421 turpes
2411 2346 2717 2419 libidines,
2743 2347 2976 2404 voluter
2997 2348 3055 2404 in
3087 2364 3259 2405 coeno
3288 2348 3695 2420 voluptatum,

2032 2441 2339 2495 eruentem
2368 2438 2624 2507 Emanus,
2675 2436 2960 2509 diripiam
3010 2436 3230 2506 aliena,
3267 2438 3441 2509 118
3489 2438 3699 2494 dolose

2032 2527 2360 2599 ambulem,
2384 2527 2671 2600 pejerem,
2696 2527 2977 2594 mentiar;
2999 2531 3056 2583 et
3078 2532 3221 2584 tunc
3267 2542 3408 2583 eum
3452 2527 3700 2584 tandem

2031 2617 2366 2690 aliquando
2396 2633 2433 2673 a
2462 2616 2641 2673 malis
2671 2616 2976 2686 destitero,
3009 2616 3340 2689 suscipiam
3365 2616 3697 2690 baptisma.

2034 2706 2211 2774 Quod
2241 2707 2292 2764 si
2320 2711 2640 2780 peccatum
2670 2705 2907 2763 bonum
2937 2711 3026 2762 est
3059 2709 3119 2763 et
3162 2704 3509 2777 honestum,
3545 2705 3700 2762 illud

2032 2796 2113 2855 ad
2140 2795 2326 2854 ﬁnem
2370 2811 2565 2868 usque
2597 2810 2809 2852 serva:
2853 2795 2946 2851 sin
2974 2794 3225 2851 noxium
3274 2800 3365 2852 est
3410 2794 3695 2868 patranti,

2032 2885 2182 2959 quid
2205 2886 2268 2941 in
2298 2884 2565 2941 exitiosis
2584 2883 2930 2941 immoraris
2947 2885 2976 2942 7
2995 2888 3180 2942 Nemo
3201 2884 3387 2941 bilem
3418 2897 3697 2941 evomere

2033 2991 2174 3032 eum
2203 2973 2348 3044 vult,
2395 2974 2560 3031 mala
2605 2973 3158 3047 intemperantique
3189 2973 3371 3030 diaeta
3398 2988 3536 3030 eam
3580 2971 3699 3028 sibi

2034 3064 2224 3122 multo
2255 3062 2767 3121 abundantiorem
2813 3062 3100 3135 congerit.
3150 3067 3263 3119 Par
3309 3062 3474 3119 enim
3521 3061 3699 3121 fuerit

315 3159 410 3215 τὴν
472 3159 622 3209 νόσον
671 3154 888 3228 μείζονα
932 3162 1024 3216 τῆς
1076 3152 1365 3228 δυνάμεως.
1422 3156 1659 3207 Φαίνεται
1721 3152 1750 3208 ἠ
1801 3156 1916 3205 ναῦς

2033 3169 2256 3228 corpus
2279 3170 2316 3211 a
2334 3153 2531 3210 noxiis
2555 3168 2834 3226 purgare,
2851 3168 2975 3209 non
2994 3153 3280 3210 morbum
3308 3153 3540 3211 viribus
3568 3170 3696 3211 ma-

316 3247 480 3319 μέχρι
538 3249 673 3306 τίνος
744 3246 803 3297 τὸ
873 3243 1033 3318 βάρος
1095 3252 1194 3297 τῶν
1272 3242 1549 3316 ἀγωγίμων
1616 3244 1919 3315 ὑφίσταται,

316 3338 375 3387 τό
408 3331 467 3388 δὲ
497 3335 624 3408 ὑπὲρ
655 3341 809 3388 τοῦτο
859 3333 1260 3394 καταϐαπτίξει.
1314 3332 1580 3391 ψοϐἡθῃτι
1608 3334 1678 3405 μὴ
1729 3335 1820 3382 καὶ
1852 3331 1919 3381 σὺ

314 3426 385 3477 τὰ
447 3422 797 3501 παραπλήσια
858 3426 1048 3497 πάθῃς,
1117 3428 1207 3476 καὶ
1264 3423 1479 3495 μείζονα
1533 3429 1626 3481 τῆς
1692 3419 1919 3492 ἀφέσεως

314 3519 549 3574 ποιήσας
604 3515 673 3566 τά
718 3512 1076 3586 ἁμαρτήματα
1122 3513 1251 3584 (91),
1282 3516 1384 3586 πρὸ
1430 3519 1531 3564 τῶν
1579 3509 1916 3563 ἐλπισθέντων

315 3605 533 3679 λιμένων
591 3604 827 3677 ὑποστῇς
881 3607 941 3656 τὸ
1001 3604 1272 3675 ναυάγιον.
1327 3604 1403 3655 Οὐ
1454 3600 1632 3674 βλέπει
1677 3602 1805 3662 Θεὸς
1852 3600 1919 3651 τά

311 3698 593 3768 γινόμενα;
626 3694 655 3753 ἦ
699 3692 759 3746 οὐ
810 3701 915 3747 νοεῖ
966 3713 1062 3747 σου
1109 3697 1177 3747 τά
1232 3692 1603 3766 ἐνθυμήματα;
1650 3691 1679 3749 ᾖ
1740 3707 1915 3769 συνερτ

234 3842 245 3847 ,
308 3784 531 3859 γάζεταί
580 3803 665 3837 σοι
709 3784 803 3846 τὰς
851 3781 1107 3856 ἀνομίας;
1137 3781 1408 3844 ’Υπέλαϐες
1446 3780 1686 3853 ἀνομίαν,
1733 3783 1912 3852 φησὶν,

310 3874 392 3928 ὅτι
434 3876 622 3948 ἔσομαί
670 3892 755 3926 σοι
805 3874 984 3946 ὅμοιος
1031 3872 1164 3943 (92).
1212 3876 1280 3924 Σὺ
1326 3868 1406 3941 δὲ,
1456 3867 1647 3944 ἀνδρὸς
1675 3871 1764 3942 μὲν
1798 3869 1917 3925 θνη-

308 3971 403 4018 τοῦ
466 3963 640 4037 φιλίαν
695 3966 1202 4039 πραγματευόμενος,
1260 3957 1333 4014 δι’
1393 3960 1692 4033 εὐεργεσίας
1758 3957 1913 4010 αὐτὸν

308 4054 575 4130 προσάγῃ,
604 4052 773 4106 ἐκεῖνα
816 4052 977 4125 λέγων
1023 4056 1113 4105 καὶ
1155 4051 1395 4124 πράττων
1443 4050 1625 4124 οἷσπερ
1662 4047 1722 4101 ἆν
1749 4048 1910 4120 αἴσθῃ

308 4147 568 4218 χαίροντα
592 4163 605 4176 ο
640 4149 753 4213 Θεῷ
806 4139 865 4194 δὲ
894 4144 1400 4216 προσοικειούμενος,
1441 4143 1533 4192 καὶ
1560 4139 1631 4200 εἰς
1680 4142 1767 4197 τὴν
1796 4140 1913 4190 υἱοῦ

307 4233 453 4297 τάξιν
502 4231 723 4293 ἐλπίζων
750 4227 1312 4307 ’παραδεχθὴσεσθαα
1343 4232 1411 4283 τά
1460 4228 1633 4303 ἐχθρὰ
1673 4234 1746 4299 τῷ
1797 4235 1912 4299 Θεῷ

380 4350 423 4387 ιι
452 4348 669 4423 Ephes.
692 4363 773 4417 1v,
802 4351 892 4403 22.

378 4466 684 4589 (gDMReg.
729 4464 964 4538 primus
1013 4462 1404 4540 ἐπιστρέφοντα.
1437 4465 1568 4520 Mox
1597 4478 1756 4520 unus
1791 4478 1908 4520 ms.

378 4557 405 4589 α
444 4558 475 4589 α
541 4557 631 4589 ειν.

308 4537 631 4592 ἀναϐάλλειν.

379 4611 491 4681 (88)
522 4607 712 4681 Editio
751 4606 934 4663 Paris.
984 4611 1075 4659 καὶ
1121 4607 1336 4681 ῥύσσειν
1372 4606 1569 4681 αὐτὴν,
1603 4610 1904 4681 corrupte.

308 4678 502 4736 Editio
531 4679 770 4752 Basil.et
793 4683 1052 4752 mss.aut
1075 4678 1216 4734 eum
1241 4678 1469 4752 duplici
1488 4696 1539 4745 σ,
1563 4696 1652 4730 και
1676 4678 1904 4752 pse-mimi,

309 4757 577 4824 autcum
608 4751 808 4824 unico,
838 4754 928 4824 καὶ
964 4750 1152 4824 patrii»,
1189 4750 1508 4824 emendate
1530 4764 1542 4802 :
1569 4750 1710 4824 nam
1752 4754 1908 4805 utra-

309 4822 751 4946 qﬁiégfgribendi
771 4819 1004 4878 ratione
1023 4821 1115 4877 nti
1145 4820 1578 4878 solent.Statim
1609 4819 1731 4876 duo
1753 4836 1903 4877 mss.

464 4914 594 4946 ιηαε.

312 4912 594 4956 επεσειςας.

381 4967 494 5034 (89)
522 4965 688 5021 Colb.
716 4964 923 5021 tertius
945 4963 1299 5037 περιστέλλῃς.

382 5038 498 5109 (90)
528 5036 691 5109 Golb.
719 5037 925 5109 tertius
953 5034 1192 5109 δέξομαι.

385 5107 501 5189 _(9i)_
526 5108 696 5189 Miror
723 5105 1199 5189 V’olaterranum,
1223 5106 1329 5180 qui
1354 5105 1678 5189 ξηρά-,Φοϐδῆ
1690 5108 1809 5189 Ofe-:1.
1824 5112 1901 5189 μὴ

312 5182 400 5229 καὶ
445 5182 509 5230 σὺ
555 5181 622 5231 τά
662 5178 1010 5253 παραπλήσια
1055 5178 1263 5252 πάθῃς,⁷
1294 5183 1385 5231 καὶ
1424 5179 1639 5252 μείζονα
1674 5188 1765 5239 τῆς
1814 5178 1907 5251 ἀφ-

309 5253 461 5325 έσεως
488 5256 720 5325 ποιήσας
739 5250 1218 5325 τάξὰμαρτήματα,
1248 5251 1332 5325 ita
1363 5250 1568 5307 Latine
1592 5250 1901 5306 reddidit:

320 5321 460 5378 Vide
484 5317 645 5379 ne'et
681 5329 745 5378 tu
787 5317 1014 5379 siniii'ia
1043 5317 1325 5392 patiaris,
1356 5326 1594 5391 majora
1621 5325 1904 5378 continuo

306 5392 706 5466 admittenda,
739 5408 919 5465 quam
969 5409 1038 5450 ea
1087 5409 1220 5466 qua
1264 5395 1627 5466 remittenda
1658 5394 1770 5450 tibi
1797 5410 1907 5462 per

307 5463 664 5533 baptismum
686 5463 1219 5535 promittebantur.
1278 5465 1393 5521 Sed
1428 5465 1545 5521 hoc
1594 5481 1715 5520 non
1765 5466 1909 5522 dicit

308 5536 585 5607 Basilius,
611 5552 720 5591 nec
747 5536 943 5611 dicere
971 5537 1164 5609 potuit
1188 5555 1201 5601 ;
1232 5536 1638 5611 cum_null_um
1671 5537 1744 5592 sit
1762 5554 1905 5611 pee-

307 5611 508 5680 eatum
532 5608 927 5680 quantumvis
957 5607 1351 5680 grave,iquod
1380 5608 1745 5680 baptismate
1763 5607 1905 5666 'non

305 5678 827 5741 deleatuiJlorum
846 5684 1045 5740 autem
1063 5678 1640 5749 verborum,uimihi
1657 5682 1908 5754 quidem

973 4348 1019 4384 ¹²
1049 4346 1207 4414 Psal,
1234 4363 1391 4414 XLIX,
1424 4349 1514 4402 2t.

2026 3244 2227 3317 jorem
2263 3242 2517 3300 efﬁcere.
2550 3245 2755 3299 Exstat
2780 3242 2957 3299 navis
2985 3241 3224 3298 interim
3267 3242 3418 3299 dum
3447 3242 3695 3316 imposi.

2028 3339 2232 3391 tarum
2256 3333 2552 3390 mercium
2577 3348 2737 3389 onus
2774 3335 3106 3403 sustentat;
3139 3331 3186 3388 si
3218 3332 3367 3407 quid
3414 3331 3570 3390 ultra
3597 3348 3694 3390 ae-

2030 3424 2295 3493 cesserit,
2344 3424 2581 3495 mergit.
2608 3422 2773 3480 Time
2815 3437 2894 3478 ne
2941 3423 3050 3479 tibi
3097 3422 3281 3481 etiam
3319 3423 3495 3497 paria
3530 3424 3692 3480 acci-

2028 3514 2220 3584 dant;
2266 3529 2420 3571 neve
2457 3514 2508 3569 si
2549 3518 2798 3585 peeeata
2825 3513 3168 3570 committas
3209 3513 3387 3572 venia
3430 3514 3689 3586 majora,

2028 3609 2167 3660 ante
2192 3606 2399 3677 portus
2427 3607 2702 3674 speratos
2721 3600 3109 3674 naufragium
3139 3601 3346 3659 facias.
3378 3605 3510 3659 Non
3527 3601 3692 3659 videt

2025 3694 2185 3749 Deus
2230 3708 2366 3765 quae
2403 3691 2607 3748 ﬁunt?
2626 3706 2750 3748 non
2776 3691 3049 3762 agnoscit
3078 3695 3210 3748 tuas
3241 3690 3636 3762 cogitationes
3659 3692 3688 3748 ?

2024 3797 2104 3839 an
2122 3781 2469 3855 iniquitates
2486 3784 2620 3837 tuas
2635 3781 2849 3852 juvat?
2865 3780 3221 3850 Suspicatus
3238 3779 3687 3851 est,inquit,ini-

2021 3872 2335 3944 quitatem,
2355 3871 2516 3943 quod
2535 3886 2636 3928 ero
2660 3870 2770 3926 tibi
2786 3871 3003 3927 similis
3022 3873 3089 3927 ¹².
3107 3871 3257 3927 Tute
3276 3869 3549 3927 mortalis
3576 3868 3686 3925 viri

2021 3961 2351 4019 amicitiam
2371 3976 2512 4017 eum
2534 3958 3071 4030 ambis,beneticiis
3096 3974 3237 4017 eum
3267 3958 3480 4027 allicis,
3507 3958 3679 4015 dicis-

2018 4066 2138 4123 que
2159 4066 2230 4107 ac
2256 4049 2429 4119 facis,
2459 4048 2682 4122 quibus
2713 4048 3068 4119 gavisurum
3107 4048 3313 4122 ipsum
3352 4047 3631 4119 intelligis
3664 4063 3679 4102 :

2019 4140 2124 4197 sed
2153 4143 2273 4197 Deo
2304 4138 2594 4212 conjungi
2620 4139 2851 4208 volens,
2882 4142 2941 4195 et
2966 4139 3028 4195 in
3057 4137 3165 4195 ﬁlii
3205 4138 3410 4196 locum
3441 4143 3495 4196 te
3524 4154 3682 4194 rece-

2016 4233 2191 4304 ptum
2209 4228 2282 4286 iri
2304 4243 2578 4302 sperans,
2594 4228 2643 4285 si
2665 4227 2890 4286 interea
2908 4231 3111 4286 tamen
3133 4244 3271 4302 quae
3299 4230 3420 4285 Deo
3434 4226 3682 4285 inimica

2015 4465 2274 4537 videtur,
2304 4464 2603 4537 sententia
2632 4464 2762 4522 haec
2801 4466 2890 4537 est
2920 4478 2936 4519 :
2983 4465 3140 4537 cave
3182 4464 3434 4537 peccata
3462 4461 3678 4537 admit-

1938 4526 1983 4580 D
2017 4541 2127 4603 tas,
2151 4526 2289 4610 quas
2317 4536 2638 4610 indignum
2666 4535 2930 4610 tevenia
2953 4526 3231 4610 reddaui,
3278 4534 3366 4610 sic
3408 4540 3474 4591 ut
3508 4533 3673 4610 justo

2017 4610 2118 4665 Dei
2140 4604 2372 4681 judicio
2417 4604 2554 4681 ante
2592 4608 2895 4677 moriaris,
2922 4622 3111 4681 quam
3154 4604 3672 4681 baptismasusci-

2014 4675 2166 4753 pias'.
2199 4679 2600 4738 Combetisius
2630 4675 3031 4753 posteaquam
3053 4677 3216 4731 hunc
3244 4675 3441 4732 Basilii
3465 4675 3672 4731 locum

2013 4751 2099 4809 sic
2141 4752 2588 4828 interpretatus
2616 4751 2726 4828 est,
2758 4751 2995 4828 majora
3036 4762 3296 4828 peccans
3339 4763 3520 4828 quam
3553 4760 3670 4828 pro

2012 4824 2200 4898 venia;
2228 4818 2484 4898 ratione,
2513 4818 2718 4888 addit,
2743 4822 2815 4878 ob
2853 4818 2993 4898 ςᾳιια
3025 4821 3215 4876 silicet
3244 4818 3592 4898 exciudari‘s
3630 4832 3671 4898 α

2016 4896 2299 4968 baptismi
2319 4889 2560 4965 gratia:
2598 4908 2785 4966 quam
2812 4889 2921 4948 viri
2941 4891 3322 4968 cieteroquiu
3337 4889 3670 4968 doctissimi

2012 4960 2481 5024 declarationem
2514 4960 2638 5021 noxi
2667 4970 2815 5036 puto
2861 4964 3149 5036 cuiquam
3178 4960 3522 5036 'probatum
3574 4960 3667 5036 iri,

2012 4981 2481 5024 declarationem
2514 4982 2638 5021 non
2714 4981 2815 5023 uto
2861 4981 3149 5036 cuiquam
3195 4981 3522 5036 pl‘ODatum
3574 4981 3667 5022 ιω.

2011 5054 2155 5095 eum
2204 5053 2387 5110 nemo
2433 4981 2771 5110 quamlibet
2824 5036 3110 5110 scelestus
3155 5049 3450 5110 unquam,
3499 5030 3670 5105 quod

2015 5110 2227 5178 sciam,
2261 5127 2296 5165 a
2316 5107 2817 5181 bapt'ismigratia
2846 5107 3128 5181 exclusus
3154 5107 3246 5181 sit.

2086 5185 2191 5241 (92)
2212 5176 2482 5252 Utraque
2525 5179 2756 5236 editio:
2805 5178 3317 5252 ’Υπέλαϐεςμᾶνομα
3359 5179 3539 5252 φησὶν,
3586 5176 3669 5252 ὅτι

2013 5256 2199 5326 ἔσομαί
2232 5272 2315 5305 σοι
2346 5246 2538 5324 ὅμοιος,
2562 5253 2942 5326 ϐφὶεῑίηιᾳειξ,
2973 5268 3005 5306 0
3026 5246 3489 5326 inique-lineam
3509 5246 3672 5316 QUOd

2013 5319 2114 5383 ero
2145 5326 2237 5380 tui
2256 5319 2491 5381 similis.
2522 5327 2585 5378 Et
2604 5323 2687 5395 ita
2710 5323 3020 5395 scripsisse
3035 5319 3366 5395 quemdam
3385 5319 3672 5389 interpre-

2013 5402 2242 5462 tem,ex
2272 5396 2568 5465 Hexapiis
2598 5393 2909 5450 discimus.
2936 5398 3008 5450 At
3027 5393 3220 5449 nostri
3240 5408 3344 5448 sex
3372 5407 3519 5465 mss.
3548 5404 3672 5465 nia-

2016 5484 2137 5537 gno
2166 5468 2319 5524 inter
2363 5484 2426 5524 se
2445 5461 2667 5524 sensu.
2695 5464 2957 5529 ὑπέλαϐες,
2984 5466 3223 5537 ἀνομίαν,
3253 5467 3365 5537 etc,
3395 5461 3672 5537 διωρίσα-

2016 5533 2111 5596 ius
2135 5555 2215 5603 es,
2241 5539 2456 5611 inquit,
2479 5537 3046 5611 iniq_uitatem,quod
3074 5533 3174 5595 ero
3206 5533 3672 5599 tuisimitismec

2017 5611 2186 5671 aliter
2208 5609 2425 5689 legitur
2455 5609 2625 5689 apud
2641 5612 2791 5670 LXX.
