4098 6408
417 314 521 371 435

1794 310 1849 366 S.
1893 309 2143 368 BASILII
2180 309 2401 368 MAGNI

3671 317 3775 373 436

417 438 556 494 sunt
582 437 983 509 perpetres,et
1008 450 1112 506 per
1135 434 1284 505 legis
1303 434 1689 493 violationem
1718 449 1857 489 eum
1889 431 2067 489 dede-

2182 436 2440 507 πράττων,
2491 438 2581 489 καὶ
2630 432 2723 489 διὰ
2763 443 2854 493 τοῦ
2901 439 3058 511 νόμου
3117 435 3460 512 παραϐάσεως
3508 436 3777 512 ἀτιμάζων

415 542 606 594 cores,
639 525 801 581 unde
849 525 1113 581 maxime
1159 524 1330 582 illum
1383 524 1662 594 offendis,
1708 523 1927 581 indene
1976 522 2069 594 ip-

416 615 543 672 sius
562 614 1026 671 familiaritatem
1050 614 1675 686 necessitudinemque
1698 612 1801 670 tibi
1833 611 2071 685 pollice~

413 704 539 765 ris?
572 703 711 760 Vide
739 719 815 760 ne
846 703 1218 760 liberationis
1248 720 1374 776 spe,
1408 703 1457 759 si
1476 702 1583 759 tibi
1610 702 1739 774 ipse
1768 700 2072 759 malorum

415 794 656 867 copiam
687 792 1084 864 congesseris,
1106 796 1425 865 peccatum
1450 790 1699 864 quidem
1729 806 2069 857 coacerves,

412 885 591 942 venia
609 900 748 940 vero
765 883 1200 955 priveris.Deus
1223 900 1342 939 non
1366 883 1730 939 irridetur”.
1750 883 1903 938 Cave
1927 879 2073 938 abu-

412 975 556 1034 taris
586 973 779 1045 gratia
799 973 878 1030 ad
899 979 1218 1046 qumstum.
1242 976 1318 1029 Ne
1344 972 1594 1029 dixeris:
1626 971 1793 1029 Bona
1822 974 1911 1027 est
1942 969 2070 1044 qui-

412 1064 556 1123 dem
592 1064 711 1129 lex,
739 1063 844 1120 sed
865 1063 1196 1135 jucundius
1224 1067 1561 1136 peccatum.
1594 1060 1823 1119 Diaboli
1848 1060 2069 1118 hamus

407 1152 692 1226 voluptas
720 1157 833 1219 est,
858 1152 1102 1211 trahens
1132 1151 1211 1209 ad
1241 1150 1589 1224 perniciem.
1623 1149 2071 1222 Voluptasma-

408 1247 497 1301 ter
525 1248 612 1300 est
641 1242 917 1315 peccati:
964 1245 1283 1314 peccatum
1332 1257 1473 1299 vero
1527 1239 1807 1297 stimulus
1857 1240 2068 1298 mortis

409 1334 588 1391 est“.
619 1330 908 1404 Voluptas
959 1329 1159 1388 nutrix
1212 1334 1300 1387 est
1348 1329 1553 1386 materni
1610 1330 1873 1386 vermis:
1928 1346 2067 1403 qua;

403 1421 705 1479 fruentem
735 1436 798 1476 se
828 1418 909 1485 ad
937 1423 1176 1491 tempus
1202 1419 1454 1492 quidem
1478 1418 1817 1479 demulcet:
1845 1418 2066 1477 deinde

403 1527 547 1568 vero
571 1510 849 1580 germina
873 1508 1007 1566 felle
1049 1509 1354 1566 amariora
1393 1509 1688 1582 producit.
1721 1509 1877 1566 Nihil
1899 1508 2064 1569 aliud

400 1599 625 1659 clamat
645 1598 1113 1673 procrastinatio
1138 1597 1373 1655 nisiilla
1405 1616 1419 1656 :
1454 1601 1678 1670 Regnet
1704 1599 1767 1655 in
1805 1614 1903 1656 me
1940 1600 2064 1672 pri-

398 1706 570 1749 mum
598 1693 938 1762 peccatum,
980 1692 1192 1761 postea
1216 1686 1494 1758 regnabit
1520 1687 1851 1762 aliquando
1881 1688 2063 1747 etiam

2184 523 2357 590 αὐτόν,
2406 523 2460 588 ἐξ
2506 526 2573 577 ὧν
2620 525 2853 599 μάλιστα
2899 529 3264 603 προσκρούεις,
3297 526 3354 580 ἕκ
3406 530 3598 581 τούτων
3631 526 3777 581 ἐλπί-

2183 612 2286 674 ζεις
2332 619 2425 672 τήν
2479 614 2811 683 οἰκειότητα;
2842 614 2979 689 Ὀρα
3006 619 3078 689 μή
3129 615 3207 670 ἐπ’
3266 613 3443 672 ἐλπίδι
3494 625 3592 682 τῆς
3643 615 3778 671 ἀπο-

2180 700 2502 777 λυτρώσεως,
2555 704 2751 769 πλῆθος
2786 714 2961 759 κακῶν
3016 714 3217 777 σεαυτῷ
3259 705 3650 779 συλλεξάμενος,
3682 710 3778 768 τήν

2180 793 2270 863 μὲν
2296 791 2554 867 ἁμαρτίαν
2600 795 2951 868 συναθροίσης
2983 794 3113 865 (93),
3159 802 3256 856 τῆς
3287 792 3345 848 δε
3379 800 3778 870 συγχωρήσεως

2180 881 2478 955 ἀποτύχης.
2515 886 2645 946 Θεὸς
2670 883 2727 935 ού
2771 885 3173 958 μυκτηρίζεται.
3206 888 3291 944 Μή
3342 883 3627 959 ἐμπορεύου
3658 885 3773 956 (94)

2178 975 2272 1031 τήν
2318 974 2500 1045 χάριν.
2533 977 2619 1031 Μή
2654 976 2801 1046 εἴπης
2827 993 2841 1008 ο
2878 973 3043 1037 Καλὸς
3077 975 3167 1048 μὶν
3215 976 3241 1027 ὁ
3266 979 3442 1048 νόμος,
3471 973 3577 1028 ἀλλ’
3607 971 3774 1036 ἡδίων

2178 1063 2209 1120 ὴ
2243 1061 2494 1136 ἁμαρτία.
2519 1058 2708 1121 Ἡδονή
2760 1065 3046 1138 οἶγκιστρόν
3080 1062 3193 1118 ἐστι
3230 1072 3323 1119 τοῦ
3365 1062 3613 1120 διαϐόλου
3644 1068 3777 1141 πρὸς

2179 1149 2433 1205 ἀπώλειαν
2489 1150 2652 1207 ἂκον.
2697 1148 2887 1212 Ἡδονή
2936 1159 3108 1229 μήτηρ
3162 1163 3254 1215 τῆς
3311 1154 3571 1231 ἁμαρτίας
3614 1158 3730 1227 (95)
3760 1177 3772 1190 ·

2177 1246 2207 1302 ἤ
2261 1238 2319 1297 δὲ
2365 1242 2597 1317 ἁμαρτία
2637 1246 2695 1297 τό
2751 1247 2957 1317 κέντρον
3009 1242 3123 1297 ἐστὶ
3170 1252 3262 1298 τοῦ
3313 1246 3556 1301 θανάτου.
3587 1241 3775 1307 ἰἰδενή

2176 1336 2364 1407 τροφός
2415 1340 2506 1389 τοῦ
2563 1332 2772 1386 αἰωνίου
2829 1333 3118 1401 σκώληκος,
3181 1333 3211 1393 ἢ
3268 1337 3400 1409 πρὸς
3451 1338 3632 1410 καιρὸν
3681 1340 3773 1409 μὲν

2175 1422 2494 1479 καταλεαίνει
2554 1421 2642 1476 τὸν
2696 1421 3042 1491 ἀπολαύοντα,
3099 1423 3312 1496 ὕστερον
3362 1421 3421 1479 δὲ
3462 1428 3776 1501 πικροτέρας

2173 1512 2343 1585 χολῆς
2365 1520 2592 1567 ποιεῖται
2621 1512 2736 1579 (96)
2764 1515 2859 1574 τὰς
2902 1510 3193 1575 ἀναδόσεις.
3228 1509 3395 1568 Ούδεν
3426 1513 3548 1569 ἄλλο
3599 1512 3704 1586 βοᾷ
3741 1516 3771 1574 ἡ

2174 1604 2451 1676 ὑπέρθεσις
2496 1603 2525 1662 ἦ
2577 1608 2780 1658 ταῦτα·
2816 1601 3187 1674 βασιλευσάτω
3236 1601 3283 1655 ἐν
3332 1602 3446 1678 ἐμοὶ
3494 1611 3699 1679 πρῶτον
3741 1605 3769 1663 ἠ

2175 1690 2418 1767 ἁμαρτία,
2454 1693 2563 1745 εἶτα
2595 1690 2898 1764 βασιλεύσει
2945 1695 3069 1747 ποτε
3113 1698 3205 1747 καὶ
3251 1694 3277 1746 ό
3332 1695 3541 1768 Κύριος.
3590 1699 3774 1769 Παρα-

397 1779 709 1838 Dominus.
742 1777 1052 1837 Exhibebo
1081 1793 1220 1837 mea
1253 1778 1533 1837 membra
1560 1794 1732 1837 arma
1759 1777 2062 1850 injustitias

2181 1787 2360 1841 στήσω
2411 1801 2511 1854 μου
2559 1784 2627 1835 τά
2676 1781 2802 1855 μέλη
2849 1781 2982 1835 ὅπλα
3029 1778 3239 1849 ἀδικίας
3276 1791 3338 1856 τῇ
3402 1780 3626 1856 ἀνομίᾳ·
3661 1779 3775 1837 εἰτά

394 1868 695 1942 iniquitati
719 1870 762 1905 ‘5
791 1884 804 1923 :
836 1867 1384 1927 deindeexhibebo
1409 1884 1480 1925 ea
1509 1868 1840 1942 aliquando
1881 1869 2062 1927 etiam

396 1973 572 2017 arma
605 1956 848 2029 justitiae
880 1959 1023 2015 Deo.
1049 1956 1141 2016 Sic
1171 1962 1229 2015 et
1258 1956 1403 2015 Cain
1428 1956 1719 2017 offerebat
1745 1958 2060 2029 sacriﬁcia,

342 2120 353 2135 ι
396 2048 598 2124 prima
651 2047 715 2105 in
753 2063 936 2104 usum
992 2047 1508 2120 commodumque
1552 2064 1753 2119 suum,
1795 2049 2064 2110 secunda

398 2137 694 2196 conditori
723 2141 781 2194 et
805 2136 1080 2208 largitori
1110 2139 1410 2197 Deo.Cum
1425 2138 1683 2196 idoneus
1707 2154 1771 2196 es
1796 2139 1904 2212 qui
1924 2156 2063 2212 ope-

395 2226 569 2298 reris,
591 2226 947 2284 absumisiu
977 2226 1243 2300 peccatis
1270 2227 1651 2299 juventutem
1673 2232 1862 2287 tuam.
1894 2232 2061 2286 Post-

391 2332 582 2390 quam
606 2315 1010 2387 elanguerunt
1037 2320 1443 2387 organa,tunc
1464 2332 1536 2374 ea
1566 2320 1682 2375 Deo
1704 2317 1906 2390 offers,
1921 2334 2062 2381 cum

391 2421 518 2467 non
538 2404 801 2480 amplius
818 2408 991 2477 potes
1015 2404 1112 2462 his
1135 2404 1215 2462 ad
1241 2403 1429 2463 ullam
1447 2420 1577 2463 rem
1600 2406 1704 2474 uti,
1735 2406 1843 2465 sed
1864 2423 1936 2464 ea
1959 2423 2061 2465 ne-

393 2510 561 2553 cesse
590 2498 680 2551 est
708 2497 942 2567 torpere
972 2492 1052 2551 ob
1083 2493 1382 2551 diutinam
1402 2494 1629 2557 tabem.
1647 2494 1854 2566 vigore
1883 2500 1941 2553 et
1968 2512 2061 2553 ro-

390 2584 541 2645 bore
559 2582 852 2641 resoluto.
882 2583 1259 2642 Continentia
1280 2584 1345 2641 in
1373 2589 1674 2642 senectute
1696 2586 2065 2645 continentia

393 2689 521 2734 non
547 2677 637 2730 est
668 2691 682 2732 :
717 2673 823 2730 sed
850 2673 1091 2731 animus
1139 2674 1220 2731 ad
1264 2674 1705 2733 lasciviendum
1734 2676 2059 2733 invalidus.

396 2766 663 2825 Mortuus
691 2778 816 2819 non
856 2766 1215 2820 coronatur:
1248 2778 1429 2821 nemo
1467 2763 1606 2823 ideo
1639 2765 1863 2836 justus,
1895 2766 2066 2839 quod

395 2853 451 2913 ei
501 2853 646 2911 mali
697 2851 961 2909 faciendi
1011 2852 1265 2910 facultas
1311 2869 1435 2913 non
1475 2854 1568 2913 sit.
1612 2855 1783 2913 Vires
1829 2871 1901 2915 ac
1951 2871 2066 2929 po-

397 2943 586 3001 tentia
611 2942 760 2998 dum
785 2941 893 2999 tibi
922 2946 1270 3016 suppetunt,
1298 2942 1392 3000 fac
1416 2943 1619 3001 vincas
1649 2944 1881 3003 ratione
1931 2961 2068 3019 pec-

397 3036 629 3091 catum.
667 3031 789 3088 Hoc
823 3031 985 3088 enim
1025 3032 1215 3089 virtus
1246 3037 1355 3104 est,
1386 3032 1690 3093 declinare
1722 3050 1759 3091 a
1791 3033 1976 3099 malo,
2013 3051 2074 3109 et

2170 1877 2501 1946 παραστήσω
2538 1872 2663 1927 ποτὲ
2700 1875 2793 1925 καὶ
2843 1870 2976 1925 ὅπλα
3003 1867 3346 1935 δικαιοσύνης
3374 1872 3510 1927 αύτά
3532 1879 3605 1945 τῷ
3633 1879 3768 1943 Θεῷ.

2172 1963 2326 2017 Οὕτω
2346 1965 2436 2016 καὶ
2491 1964 2619 2017 Κάίν
2651 1964 2767 2030 (97)
2798 1965 3082 2035 προσέφερε
3109 1964 3203 2025 τὰς
3233 1964 3419 2027 θυσίας
3445 1983 3457 1995 °
3499 1963 3568 2016 τὰ
3590 1969 3774 2037 πρῶτα

2172 2060 2233 2125 τῇ
2291 2051 2576 2106 ἀπολαύσει
2623 2059 2685 2125 τῇ
2744 2051 2951 2120 ἑαυτοῦ,
3001 2054 3069 2105 τὰ
3131 2048 3346 2125 δεύτερα
3399 2059 3471 2123 τῷ
3534 2056 3773 2111 κτίσαντι

2171 2145 2262 2195 καὶ
2294 2138 2652 2218 δωρησαμένῴ
2707 2149 2840 2213 Θεῳ.
2873 2140 2995 2196 Ὀτι
3040 2138 3263 2205 δυνατὸς
3299 2138 3346 2195 εἶ
3371 2141 3420 2196 ἐν
3458 2145 3652 2217 ἔργοις,
3683 2146 3771 2200 τήν

2170 2235 2387 2290 νεότητά
2455 2251 2550 2285 σου
2624 2239 2739 2294 ταῖς
2819 2230 3101 2308 ἁμαρτίαις
3148 2232 3609 2307 προσανάλίσκεις.
3648 2230 3774 2287 Ὀτι

2172 2320 2417 2395 ἀποκάμη
2469 2324 2537 2377 τά
2584 2326 2799 2397 ὄργανα,
2854 2326 2968 2376 τότε
3017 2323 3300 2396 προσάγεις
3340 2322 3474 2375 αύτά
3510 2329 3583 2393 τῷ
3632 2328 3770 2392 Θεῷ,

2172 2414 2253 2466 ὅτε
2307 2411 2373 2474 εἰς
2425 2408 2576 2465 ούὸεν
2635 2412 2810 2474 αὐτοῖς
2856 2414 2971 2466 ἔστι
3027 2413 3363 2487 χρήσασθαι,
3413 2410 3518 2464 ἀλλ’
3566 2408 3766 2483 ἀνάγκη

2171 2504 2379 2559 κεῖσθαι
2433 2499 2526 2556 διὰ
2582 2505 2669 2556 τὸν
2714 2502 2769 2556 ἐκ
2814 2511 2905 2557 τοῦ
2961 2508 3159 2577 χρόνου
3211 2506 3493 2577 μαρασμὸν
3542 2502 3773 2578 παραλυ-

2176 2594 2342 2653 θέντος
2384 2593 2501 2663 (98)
2545 2590 2637 2645 τοῦ
2677 2596 2848 2649 τόνου.
2874 2592 2933 2647 Ἠ
2982 2593 3030 2646 ἐν
3057 2598 3197 2667 γήρᾳ
3228 2595 3534 2668 σωφροσύνη
3578 2592 3637 2646 ού
3669 2610 3772 2645 σω-

2175 2684 2427 2755 φροσύνη,
2479 2680 2585 2734 ἀλλ’
2618 2680 2903 2747 ἀκολασίας
2957 2679 3241 2754 ἀδυναμίαι.
3301 2686 3497 2757 Νεκρὸς
3544 2683 3603 2735 ού
3653 2700 3774 2735 στε-

2176 2778 2466 2843 φανοῦται”
2508 2767 2684 2834 οὐδεὶς
2727 2767 2932 2834 δίκαιος
2979 2767 3050 2825 δι’
3085 2768 3379 2846 ἀδυναμίαν
3428 2778 3611 2825 κακοῦ·
3644 2769 3777 2833 Ἕως

2179 2862 2293 2916 ἔστι
2344 2880 2427 2914 σοι
2481 2856 2722 2933 δύναμις,
2756 2860 2890 2932 λόγῳ
2935 2863 3114 2936 κράτει
3164 2870 3260 2926 τῆς
3305 2860 3581 2937 ἁμαρτίας.
3612 2867 3776 2915 Τοῦτο

2178 2951 2280 3023 γάρ
2332 2949 2467 3003 ἐστιν
2518 2950 2671 3024 ἀρετή
2701 2971 2713 2984 ο
2764 2949 2995 3016 ἔκκλισις
3042 2948 3142 3005 ἀπὸ
3187 2959 3370 3022 κακοῦ,
3422 2951 3514 3004 καί
3565 2954 3779 3015 ποίησις

2184 3037 2401 3111 ἀγαθοῦ.
2433 3038 2491 3092 ’Π
2538 3035 2597 3093 δε
2640 3038 2800 3115 ἀργία
2836 3047 2927 3101 τῆς
2965 3043 3215 3114 πονηρίας
3253 3045 3369 3095 οὔτε
3399 3038 3617 3094 ἐπαίνων
3646 3040 3776 3099 αὐτή

397 3123 633 3182 efﬁcere
648 3122 882 3181 bonum
900 3124 1124 3182 ".Nam
1144 3139 1386 3183 cessare
1404 3140 1441 3182 a
1461 3125 1647 3196 malo,
1674 3141 1873 3199 neque
1898 3129 1940 3201 1
1960 3128 2071 3198 19

2184 3128 2300 3183 καθ’
2351 3128 2557 3197 ἑαυτὴν,
2598 3132 2716 3183 οὔτε
2763 3128 3019 3184 κολάσεων
3074 3128 3331 3192 ἀξιοῦται.
3370 3130 3487 3183 Ἐἀν
3546 3126 3620 3183 δι’
3672 3128 3783 3187 ἠλιο

396 3213 603 3279 laude,
628 3228 830 3286 neque
862 3213 1257 3284 castigatione
1283 3229 1358 3273 ex
1400 3230 1465 3270 se
1508 3214 1765 3286 dignum
1797 3220 1905 3274 est.
1939 3219 2074 3273 Pec-

399 3320 536 3363 care
581 3304 632 3362 si
679 3303 930 3362 desieris
979 3303 1058 3361 ob
1117 3308 1381 3376 aetatem,
1415 3304 1773 3365 beneﬁcium
1799 3312 1889 3367 est
1914 3305 2073 3365 inﬁr-

400 3393 1013 3455 mitatis.Laudamus
1040 3398 1245 3453 autem
1275 3410 1382 3452 eos
1410 3394 1516 3468 qui
1541 3395 1730 3452 animi
1759 3396 2073 3469 proposito

400 3483 547 3543 boni
578 3485 737 3551 sunt,
778 3498 904 3539 non
952 3497 1075 3551 eos,
1105 3483 1211 3557 qui
1235 3484 1590 3542 necessitate
1622 3485 1827 3559 aliqua
1848 3502 1885 3543 a
1913 3487 2075 3547 malo

404 3577 704 3632 arcentur.
755 3573 1048 3633 Caeterum
1078 3574 1217 3649 quis
1260 3575 1366 3633 tibi
1413 3575 1548 3635 vitae
1598 3574 1854 3635 limitem
1884 3578 2076 3651 praeﬁ-

402 3663 535 3722 xit?
564 3662 702 3737 quis
735 3667 964 3720 certum
1002 3664 1327 3723 senectutis
1360 3664 1685 3723 terminum
1718 3664 1824 3722 tibi
1866 3666 2076 3730 deﬁni-

407 3753 533 3811 vit?
553 3752 691 3827 quis
718 3768 980 3827 sponsor
1004 3752 1349 3810 futurorum
1376 3753 1541 3827 apud
1565 3758 1617 3811 te
1648 3753 1801 3811 adeo
1831 3754 1950 3813 ﬁde
1980 3755 2073 3815 di-

409 3858 568 3914 gnus
588 3843 617 3901 ?
646 3844 740 3900 An
756 3857 881 3899 non
909 3841 1080 3901 vides
1105 3842 1367 3901 infantes
1391 3842 1717 3916 abreptos?
1746 3860 1823 3902 an
1844 3861 1968 3903 non
1988 3845 2073 3903 vi-

410 3933 519 3990 des
544 3948 650 3989 eos
678 3931 784 4005 qui
814 3934 989 3989 aetate
1011 3931 1240 4002 vigent,
1266 3932 1511 3999 abduci.
1543 3937 1721 4007 atque
1769 3933 1845 3991 de
1871 3934 2076 3995 medio

410 4021 575 4079 tolli?
607 4020 848 4078 Nullum
873 4019 1236 4093 praeﬁnitum
1266 4026 1505 4095 tempus
1538 4022 1664 4081 vita
1690 4022 1893 4080 habet.
1924 4023 2080 4091 Quid

416 4113 753 4183 exspectas,
786 4114 853 4167 ut
880 4109 1173 4167 beneﬁcio
1209 4110 1392 4167 febris
1422 4115 1478 4169 et
1502 4128 1753 4170 munere
1773 4113 2081 4185 baptisma

416 4198 683 4271 accipias
701 4197 729 4255 ?
753 4197 1005 4271 quando
1055 4213 1255 4271 neque
1285 4199 1573 4257 salutaria
1600 4200 1788 4257 verba
1813 4201 2081 4273 proferre

416 4287 663 4361 poteris,
682 4303 880 4360 neque
904 4287 1051 4344 forte
1078 4287 1182 4344 tibi
1204 4289 1363 4346 clare
1386 4290 1594 4346 audire
1620 4290 1840 4357 licebit,
1865 4291 2081 4347 morbo

420 4381 605 4450 caput
632 4377 830 4450 ipsum
860 4382 1229 4450 occupante:
1263 4396 1387 4436 non
1418 4396 1636 4436 manus
1657 4381 1735 4437 ad
1757 4380 1975 4436 caelum
2001 4385 2083 4437 at-

419 4468 646 4540 tollere,
674 4483 797 4524 non
836 4466 898 4523 in
950 4467 1136 4541 pedes
1186 4469 1352 4541 erigi,
1386 4485 1511 4525 non
1552 4485 1709 4541 genu
1736 4470 1974 4527 ﬂectere
2003 4472 2082 4529 ad

422 4557 830 4626 adorandum,
853 4572 980 4614 non
1003 4559 1322 4616 commode
1355 4558 1580 4631 doceri,
1614 4575 1737 4617 non
1768 4559 2084 4631 diligenter

421 4647 844 4717 conﬁteri,non
873 4647 1103 4720 p’acisci
1121 4663 1261 4707 cum
1294 4651 1433 4717 Deo,
1449 4665 1573 4706 non
1603 4648 1848 4707 inimico
1864 4665 2085 4708 renun-

495 4760 543 4797 ¹⁸
574 4756 759 4817 Galat.
792 4773 871 4825 vn,
903 4760 957 4813 7.
1038 4758 1083 4794 ¹⁴
1115 4759 1136 4812 Ι
1166 4759 1297 4815 Cor.
1329 4774 1428 4828 xv,
1453 4762 1543 4815 56.

494 4877 609 4947 (93)
627 4872 874 4949 ἀπιεὶς]μὶ
893 4872 1018 4949 duo
1045 4872 1181 4949 libri
1212 4876 1471 4949 ἁμαρτίαν
1503 4873 1777 4949 ἀθρρίσης.

495 4944 611 5014 (94)
643 4944 901 5017 Basilius
920 4945 1037 5017 hoc
1053 4944 1221 5001 dicit:
1247 4944 1387 5001 'No1i
1406 4944 1578 5001 dono'
1597 4944 1979 5017 baptismatis
1999 4949 2082 5006 ita

422 5020 528 5083 uti,
561 5021 630 5073 ut
654 5016 885 5090 deliciis
919 5015 1139 5090 fruare,
1169 5018 1470 5090 genioque
1516 5015 1854 5089 indulgeas,
1888 5026 1945 5077 et
1982 5021 2082 5078 de-

423 5092 537 5147 das
568 5095 622 5144 te
643 5087 1083 5159 voluptatibus.

495 5162 607 5230 (95)
633 5159 801 5232 Colb.
822 5159 1055 5232 primus
1081 5163 1257 5232 μήτηρ
1291 5159 1425 5232 ἐστί.

496 5229 1055 5306 (96)_Co_lb._tertiu_s
1082 5229 1253 5306 ποιεῖ.
1313 5231 1543 5306 ibidem
1589 5233 1652 5306 in
1698 5235 1840 5303 Reg.
1883 5235 2081 5306 primo

469 5298 547 5377 ro,
590 5298 867 5377 ἀναδόσεις
921 5302 1137 5371 legitur
1188 5299 1504 5377 ἀντιθόσεις,
1561 5298 1904 5377 Aliquanto-
1942 5312 2084 5377 post

469 5321 536 5361 ro
593 5321 867 5363 ανασοσεις
921 5321 1137 5371 tegitur
1188 5321 1504 5364 αντιοοσεις.
1561 5321 1884 5377 Aliquanto
1942 5321 2077 5377 pOSI

424 5321 593 5432 Eolb.
625 5373 847 5452 tertius
870 5389 977 5444 pro
997 5383 1069 5452 τῷ
1094 5382 1211 5452 Θεῷ
1234 5373 1416 5452 habet
1452 5384 1751 5452 ἴθι-μυρίῳ,
1786 5379 2077 5435 Domino:

426 5464 563 5522 quae
606 5445 787 5525 verba
811 5445 895 5501 ita
922 5445 1412 5525 scripta_s_unt‘in
1445 5446 1609 5525 Colb,
1636 5445 1872 5521 'primo,
1904 5453 2079 5525 sape:-

429 5514 610 5578 σῖτήσω
654 5518 958 5593 αύτά-ποτε
999 5514 1089 5572 καὶ
1138 5517 1271 5571 ὅπλα
1311 5514 1749 5592 δικαιοσύνης-τῷ
1791 5514 1926 5593 Θεῷ,
1961 5514 2079 5580 ﬁlio

427 5593 659 5655 ordine,
681 5594 740 5646 et
768 5589 1005 5646 clarius.

498 5665 613 5743 (97)
640 5664 786 5738 Reg.
824 5661 1059 5749 primus
1089 5662 1115 5717 ό
1153 5665 1300 5721 Κάῑν.
1334 5663 1457 5722 Hoc
1485 5664 1623 5749 ipso
1659 5666 1722 5725 in
1756 5665 1891 5728 loco
1912 5666 2079 5741 idem

1625 4760 1670 4795 ⁸³
1702 4759 1882 4815 Rom.
1919 4776 1993 4830 v1,
2030 4764 2117 4819 l3.

2184 3223 2301 3272 κίαν
2348 3221 2529 3292 παύσῃ
2585 3227 2681 3279 τῆς
2728 3218 3009 3293 ἁμαρτίας,
3053 3226 3148 3283 τῆς
3197 3218 3465 3281 ἀσθενείας
3513 3219 3543 3276 ἠ
3598 3220 3779 3293 χάρις.

2186 3307 2519 3383 Ἐπαινοῦμεν
2569 3304 2630 3364 δι
2689 3307 2807 3369 τούς
2862 3309 2999 3361 κατὰ
3054 3311 3359 3383 προαίρεσιν
3419 3307 3663 3379 ἀγαθούς,
3722 3306 3782 3361 ού

2184 3400 2300 3459 τοὺς
2348 3398 2450 3452 ἀπό
2510 3415 2649 3460 τινος
2710 3396 2942 3468 ἀνάγκης
3000 3396 3398 3470 ἐξειργόμενους.
3440 3400 3530 3460 Τίς
3590 3391 3649 3449 δέ
3699 3414 3783 3449 σοι

2184 3490 2384 3541 καὶτὸν
2417 3488 2533 3560 ὅρον
2574 3493 2670 3558 τῇς
2714 3486 2856 3548 ζωῆς
2881 3487 3073 3555 ἕπηξε;
3105 3492 3185 3551 τίς
3219 3505 3304 3540 σοι
3343 3490 3435 3546 τήν
3457 3488 3783 3561 προθεσμίαν

2184 3584 2275 3631 τοῦ
2329 3582 2505 3652 γήρως
2563 3578 2757 3650 alipta-3;
2813 3580 2890 3639 τίς
2940 3577 3096 3638 οὕτως
3154 3575 3460 3640 ἀξιόπιστος
3510 3578 3657 3651 παρά
3700 3578 3783 3630 σοὶ

2184 3675 2285 3721 τῶν
2335 3666 2615 3730 μελλόντων
2657 3666 2956 3740 ἐγγυητής;
2991 3668 3114 3739 Οὐχ
3169 3668 3294 3739 όρᾴς
3345 3670 3508 3724 νήπια
3555 3665 3785 3740 ἁρπαζό-

2185 3776 2313 3831 μενα
2363 3755 2498 3827 (99),
2544 3757 2662 3816 τοὺς
2715 3755 2762 3809 ἐν
2810 3755 2991 3829 ἡλικίᾳ
3042 3755 3437 3828 ἀπαγομένουςς
3499 3754 3609 3809 Οὐκ
3671 3757 3784 3828 ἔχει

2186 3851 2309 3920 μίαν
2360 3846 2681 3921 προθεσμίαν
2731 3846 2757 3897 ό
2810 3843 2948 3917 βίος.
2990 3848 3054 3898 Τί
3099 3844 3358 3917 ἀναμένεις
3414 3852 3638 3920 πυρετοῦ
3700 3862 3785 3898 σοι

2188 3934 2355 4011 δῶρον
2402 3935 2643 4006 γενέσθαι
2688 3936 2746 3987 τὸ
2803 3932 3122 4008 βάπτισμα,
3178 3936 3261 3989 ὅτε
3290 3931 3414 3988 οὐδὲ
3463 3934 3787 4008 φθέγξασθαι

2191 4023 2397 4097 δυνσήῃ
2447 4025 2514 4077 τὰ
2568 4027 2803 4098 σωτήρια
2841 4024 3072 4098 ῥήματα,
3103 4027 3251 4097 τάχα
3300 4020 3358 4079 δε
3407 4021 3531 4078 οὐδὲ
3562 4023 3789 4078 ἀκοῦσαι

2188 4116 2425 4189 καθαρῶς
2483 4111 2841 4187 ἐπιτραπήσῃ,
2910 4112 3036 4186 αὐτῇ
3105 4121 3167 4186 τῇ
3240 4112 3431 4188 κεφαλῇ
3492 4112 3789 4174 ἑνοικούσης

2189 4213 2284 4266 τῆς
2313 4206 2469 4256 νόσου
2495 4222 2508 4236 ο
2552 4201 2610 4255 ού
2639 4209 2823 4278 χεῖρας
2864 4196 2988 4277 ἆραι
3020 4203 3086 4265 εἰς
3115 4203 3350 4279 οὐρανὸν,
3384 4201 3478 4256 οὐκ
3504 4201 3588 4257 ἐπὶ
3626 4198 3791 4264 πόδας

2194 4289 2562 4359 διαναστῆναι,
2622 4292 2680 4345 ού
2743 4291 2911 4344 κλῖναι
2967 4296 3089 4365 γόνυ
3150 4292 3216 4355 εἰς
3263 4296 3354 4351 τήν
3405 4294 3787 4367 προσκύνησιν,

2194 4383 2253 4434 ού
2302 4378 2637 4453 διδαχθῆναι
2666 4386 2967 4455 χρησίμως,
3020 4383 3126 4454 οὐχ
3174 4382 3500 4455 ὁμολογῆσαι
3530 4380 3788 4454 ἀσφαλῶς,

2197 4472 2325 4544 οὐχὶ
2374 4473 2656 4525 συνθέσθαι
2712 4479 2848 4541 Θεῷ,
2908 4472 3002 4526 οὐκ
3047 4472 3413 4534 ἀποτάξασθαι
3467 4479 3537 4541 τῷ
3588 4471 3789 4545 ἐχθρῷ,

2197 4565 2345 4635 τάχα
2393 4558 2451 4616 δέ
2497 4558 2620 4615 οὐδε
2670 4568 2889 4624 συνετῶς
2936 4560 3359 4621 ἐπακολουθῆσαι
3411 4563 3793 4635 μυσταγωγοῦ-

2199 4672 2366 4727 μενος,
2417 4650 2700 4725 ἀμφίϐολος
2751 4651 2818 4704 ὧν
2866 4658 2972 4714 τοῖς
3019 4658 3298 4727 παροῦσιν,
3351 4643 3454 4726 ἆρα
3502 4652 3577 4722 (1)
3622 4652 3790 4725 ᾔσθου

2196 4762 2242 4798 ιθ
2274 4761 2296 4817 Ι
2330 4762 2480 4817 Petr.
2510 4776 2590 4829 ιιι,
2621 4764 2705 4816 ll.

2191 4878 2382 4935 codex
2407 4885 2590 4952 πρῶτα
2619 4879 2775 4949 μὲν...
2802 4872 3131 4952 δεύτερα-δέ.

2262 4953 2369 5022 (98)
2403 4947 2638 5005 Veteres
2680 4947 3121 5022 quatuor'libri
3167 4947 3548 5022 sapaluos’vra,
3605 4948 3793 5005 Editio

2190 5019 2552 5095 utraqueet
2598 5019 2737 5095 Reg.
2793 5020 2997 5095 tertius
3019 5019 3446 5095 Δπαραλυθέντος.
3476 5020 3796 5094 Aliquanto

2190 5088 2536 5166 post-Coll).
2570 5088 2777 5166 tertius
2803 5088 2974 5166 οὐδεὶς
3006 5088 3330 5166 δικαιοῦται.

2262 5168 2374 5235 (99)
2405 5164 2572 5222 C011).
2605 5165 2835 5233 primus
2861 5162 3283 5236 ἀναρπαζόμενοι.

2261 5229 2782 5309 (1)Ἐι]ἰιὶοΡαιιὶε.
2798 5229 2992 5309 -ήΑᾶργα,
3026 5229 3256 5309 Vocula
3302 5238 3332 5293 ἦ
3381 5235 3443 5291 in
3490 5251 3640 5309 mss.
3668 5249 3792 5309 non

2187 5308 2421 5378 legitur.
2453 5308 2683 5363 Ibidem
2714 5305 3111 5364 editio'Paris.
3141 5309 3567 5379 ᾔει-θεουηὲχεις.
3594 5305 3792 5379 Editio

2192 5377 2365 5437 Basil.
2391 5386 2449 5435 et
2473 5397 2576 5434 sex
2603 5396 2747 5434 mss.
2777 5380 3041 5451 ᾔσθετο...
3068 5377 3250 5451 ἔχει...
3283 5377 3448 5435 Colb.
3477 5377 3682 5433 tertius
3705 5393 3798 5435 τε·

2189 5453 2343 5508 centi
2376 5452 2711 5509 admodum
2740 5466 2928 5506 manu
2949 5450 3132 5523 habet
3159 5452 3575 5523 ᾔσθου...ἕχειςε
3605 5465 3792 5523 quam

2187 5523 2700 5587 emendationem,
2732 5538 2875 5577 cum
2902 5522 3050 5579 nihil
3073 5521 3289 5583 melius
3316 5521 3660 5589 occurrerit,
3700 5538 3791 5579 se-

2187 5595 2293 5671 qui
2320 5611 2446 5661 non
2465 5593 2906 5667 dubitavimus,
3356 5601 3373 5609 ‘
