4098 6380
253 347 358 400 437

260 476 355 529 τῆς
385 470 630 542 χάριτος,
656 469 683 528 ἦ
719 468 1046 538 ἀναισθήτως
1072 476 1213 546 ἔχεις
1240 481 1340 527 τῶν
1369 475 1663 544 γινομένων.
1688 467 1852 521 Ὅταν
1884 470 1928 522 Α

254 553 314 610 δε
369 563 460 611 καὶ
514 557 874 634 ἐπιστημόνως
929 569 1024 622 τήν
1071 566 1232 638 χάριν
1291 559 1411 636 δέξῃ
1471 566 1583 616 τότε
1637 562 1697 614 τὸ
1762 560 1852 632 μεν

252 646 499 702 τάλαντον
521 650 683 722 ἔχεις,
711 654 806 710 τὴν
847 649 906 707 δὲ
944 651 1192 730 ἐργασίαν
1217 653 1312 707 οὐκ
1342 651 1573 726 ἐπιφέρῃ.

325 919 377 974 6.
419 921 666 990 Μίμησαι
711 920 798 974 τὸν
846 921 1135 994 εὐνοῦχον.
1157 922 1316 999 Εὗρεν
1364 919 1552 983 ἐκεῖνος
1599 921 1685 974 τὸν
1733 937 1853 972 κατ-

255 1014 514 1080 ηχοῦντα,
556 1013 640 1063 καὶ
685 1009 778 1062 οὐκ
828 1009 1072 1086 ὑπορεῖδε
1109 1016 1204 1074 τὴν
1243 1012 1497 1086 μάθησιν,
1527 1008 1635 1064 ἀλλ’
1674 1008 1758 1063 ἐπὶ
1795 1011 1854 1062 τὸ

256 1097 401 1174 ἅρμα
447 1096 789 1153 ἀνεϐιϐάσατο
831 1103 918 1156 τὸν
964 1104 1162 1162 πένητα
1211 1101 1237 1155 ὀ
1278 1100 1548 1167 πλούσιος,
1579 1103 1666 1153 τόν
1714 1095 1858 1153 ἰδιώ-

253 1205 347 1246 την
391 1191 478 1242 καὶ
522 1188 964 1264 εὐκαταφρόνητον
1023 1194 1049 1245 6
1113 1190 1338 1268 σοϐαρὸς
1387 1194 1476 1244 καὶ
1532 1192 1852 1266 ὑπέρογκος·

253 1279 342 1330 καὶ
373 1273 654 1350 διδαχθεὶς
699 1283 758 1335 τὸ
808 1281 1118 1356 Εὐαγγέλιον
1160 1291 1260 1346 τῆς
1313 1279 1607 1354 βασιλείας,
1650 1276 1858 1344 ἐδέξατο

252 1367 344 1438 μὲν
395 1374 456 1439 τῇ
524 1365 722 1442 καρδίᾳ
770 1375 865 1433 τὴν
912 1376 1113 1440 πίστιν,
1171 1371 1265 1424 οὐκ
1335 1369 1603 1423 ἀνεϐάλετο
1661 1366 1720 1422 δὲ
1766 1370 1860 1428 τήν

257 1452 531 1528 σφραγῖδα
571 1465 664 1511 τοῦ
700 1462 1018 1534 Πνεύματος.
1043 1457 1258 1522 Ἐπειδὴ
1293 1462 1394 1534 γὰρ
1439 1457 1745 1520 ἀπήντησαν
1783 1458 1861 1530 (2)

251 1540 435 1630 ὓδατι,
473 1543 631 1616 Ἰδοὺ,
666 1553 846 1630 φησὶν,
879 1547 1045 1624 ὕδωρ,
1084 1551 1169 1604 Ἐκ
1212 1553 1555 1624 περιχαρείας
1600 1550 1625 1600 6
1673 1548 1820 1622 λόγος
1844 1567 1858 1583 ο

253 1629 396 1694 Ἰδοὺ
458 1638 516 1687 τὸ
569 1629 901 1711 ζητούμενον,
955 1643 1019 1693 Ti
1084 1639 1269 1692 κωλύει
1327 1658 1390 1712 με
1458 1637 1857 1711 βαπτισθῆναι;

251 1719 422 1774 Ὅπου
472 1729 777 1798 προαίρεσις
830 1725 1034 1800 ἑτοίμη,
1086 1730 1145 1779 τὸ
1194 1725 1388 1783 κωλύον
1437 1723 1610 1782 οὐδέν.
1663 1726 1722 1779 Ὀ
1760 1729 1859 1802 γὰρ

253 1810 420 1863 καλῶν
483 1811 875 1888 φιλάνθρωπος,
941 1815 967 1866 6
1035 1811 1277 1879 διάκονος
1352 1815 1599 1891 εὐτρεπὴς
1660 1816 1757 1887 (3),
1827 1817 1857 1876 ἡ
1894 1834 1932 1887 Β

252 1903 417 1977 χάρις
473 1903 724 1977 ἄφθονοςο
778 1907 807 1964 ἡ
881 1907 1151 1982 προθυμία
1217 1906 1578 1983 ἐνυπαρχέτω,
1647 1910 1737 1959 καί
1801 1910 1860 1962 τὸ

253 1988 538 2065 ἐμποδίζον
583 1994 676 2048 οὐκ
720 1996 890 2050 ἔσται.
919 1997 1006 2060 Εἷς
1053 1995 1194 2050 ἐστιν
1235 1996 1260 2050 6
1296 1996 1525 2066 κωλύων,
1559 1998 1585 2048 6
1631 1995 1864 2072 ἐμφράσ-

255 2099 358 2132 σων
407 2084 531 2162 ἡμῖν
582 2086 678 2146 τὰς
724 2084 798 2147 εἰς
845 2088 1108 2159 σωτηρίαν
1148 2082 1326 2155 ὁδοὺς,
1360 2085 1414 2139 ὃν
1453 2091 1745 2160 νικήσωμεν
1794 2094 1857 2161 τῇ

255 2174 476 2228 συνέσει.
511 2173 734 2237 Ἐκεῖνος
763 2176 850 2227 τὸν
898 2177 1042 2229 ὄκνον
1085 2177 1210 2250 ἡμῖν
1264 2174 1506 2250 ἐμποιεῖ·
1539 2177 1689 2251 ἡμεῖς
1735 2172 1860 2228 δια-

251 2269 516 2336 ναστῶμεν
567 2267 696 2338 πρὸς
743 2262 1017 2340 ἐργασίαν.
1067 2265 1291 2330 Ἐκεῖνος
1339 2263 1602 2329 διακένοις
1648 2263 1862 2340 ἐπαγγε-

251 2348 387 2412 λίαις
433 2352 528 2413 τὰς
573 2347 797 2428 καρδίας
849 2355 992 2426 ἡμῶν
1047 2351 1314 2427 ἐξαπατᾷ·
1370 2356 1521 2428 ἡμεῖς
1578 2354 1739 2408 αὐτοῦ
1790 2357 1860 2430 μή

251 2437 587 2514 ἀγνοήσωμεν
616 2443 684 2496 τὰ
711 2446 969 2515 νοήματα.
987 2441 1054 2497 Ἦ
1075 2445 1176 2518 γὰρ
1208 2443 1337 2516 οὐχὶ
1362 2447 1456 2502 τὴν
1485 2445 1575 2517 μὲν
1601 2442 1861 2518 ἁμαρτίαν

254 2533 480 2603 σήμερον
509 2538 672 2584 ποιεῖν
702 2530 1004 2605 ὑποϐάλλει,
1032 2551 1128 2608 τῃν
1173 2529 1232 2585 δὲ
1282 2529 1624 2591 δικαιοσύνην
1656 2533 1729 2594 εἰς
1764 2539 1858 2592 τήν

253 2621 430 2691 αὔριον
467 2621 632 2673 πείθει
670 2621 812 2692 ἡμᾶς
857 2623 1231 2694 ταμιεύεσθαι;
1280 2625 1374 2675 Διά
1412 2629 1566 2676 τοῦτο
1592 2623 1617 2675 6
1646 2624 1856 2698 Κύριος,

247 2706 478 2762 ἀναλύων
530 2709 691 2763 αὐτοῦ
742 2712 838 2774 τὰς
901 2714 1133 2786 πονηρὰς
1201 2711 1544 2784 συμϐουλίας,
1604 2715 1852 2787 Σήμερον,

249 2801 429 2871 φησὶν,
484 2797 568 2852 ἐὰν
622 2808 717 2862 τῆς
774 2810 944 2874 φωνῆς
999 2820 1093 2876 μον
1163 2799 1443 2860 ἀκούσητε.
1504 2803 1723 2864 Ἐκεῖνος
1774 2801 1856 2854 λέα

246 2907 366 2958 γει·
416 2893 520 2948 Τὴν
570 2893 795 2966 σήμερον
849 2890 982 2964 ἐμοὶ,
1041 2895 1130 2945 καὶ
1181 2895 1275 2951 τήν
1343 2894 1521 2966 αὔριον
1585 2899 1658 2962 τῷ
1723 2898 1854 2963 Οεῷ.

247 2974 307 3030 Ὀ
357 2980 544 3052 Κύριος
591 2977 840 3052 ἀντιϐοᾷ·
902 2983 1128 3055 Σήμερον
1175 2989 1272 3044 τῆς
1310 2980 1436 3054 ἐμῆς
1490 2988 1660 3053 φωνῆς
1707 2979 1859 3034 ἀκού-

251 3084 375 3120 σατε
404 3068 498 3139 (4).
530 3072 738 3126 Νόησον
785 3072 874 3123 τὸν
904 3069 1098 3146 ἐχθρόν
1122 3091 1135 3105 ·
1169 3070 1229 3124 οὐ
1265 3071 1436 3143 τολμᾷ
1466 3069 1858 3144 συμϐουλεῦσαι

243 3155 464 3210 καθόλου
513 3156 808 3218 ἀποστῆναι
841 3167 975 3213 Θεοῦ
1005 3157 1188 3232 (οἶδεν,
1223 3162 1304 3214 ὅτι
1353 3159 1494 3236 βαρὺ
1524 3166 1678 3213 τοῦτο
1705 3159 1858 3213 ἀκοῦ-

245 3264 335 3300 σαι
383 3243 766 3320 Χριπιανοῖς),
816 3247 946 3302 ἀλλὰ
989 3253 1205 3321 τέχναις
1248 3249 1543 3312 ἀπατηλαῖς
1584 3246 1856 3322 μεθοδεύει

240 3339 334 3395 τήν
363 3334 724 3411 ἐπιχείρησιν.
758 3342 918 3410 Σοφός
958 3337 1072 3391 ἐστι
1103 3345 1196 3392 τοῦ
1225 3347 1602 3400 κακοποιῆσαι.
1636 3345 1851 3414 Συνορᾷ,

239 3429 320 3481 ὅτι
363 3430 501 3481 κατὰ
553 3430 614 3481 τὸ
673 3431 838 3503 παρὸν
891 3429 1057 3502 ζῶμεν
1111 3431 1160 3482 οἱ
1212 3430 1499 3506 ἄνθρωποι,
1559 3434 1650 3483 καὶ
1705 3436 1856 3484 πᾶσα

238 3517 432 3594 πρᾶξις
474 3518 611 3569 κατὰ
658 3519 716 3568 τὸ
747 3517 964 3581 ἐνεστὼς
1012 3517 1310 3592 ἐνεργεῖται.
1339 3523 1446 3578 Τήν
1491 3514 1579 3571 οὖν
1629 3520 1856 3592 σήμερον

239 3607 472 3660 κλέπτων
530 3607 676 3678 ἡμῶν
726 3602 820 3660 διὰ
874 3615 970 3670 τῆς
1035 3604 1335 3680 μεθοδείας,
1396 3615 1494 3670 τῆς
1542 3611 1720 3683 αὔριον
1776 3610 1850 3680 (5)

239 3699 369 3770 ἡμῖν
397 3697 491 3759 τὰς
521 3692 738 3758 ἐλπίδας
781 3701 1142 3770 περιαφίησιν.
1171 3694 1318 3764 Εἶτα,
1353 3693 1564 3751 ἒπειδαν
1593 3699 1624 3757 ἡ
1673 3699 1853 3773 αὔριον

240 3786 386 3860 ἔλθῃ,
453 3784 607 3839 πάλιν
665 3787 880 3862 ἔρχεται
949 3788 975 3838 6
1029 3788 1190 3850 κακὸς
1250 3792 1613 3862 συμμεριστὴς
1680 3789 1847 3860 ἡμῶν,

243 3875 400 3939 ἀξιῶν
429 3879 524 3934 τὴν
573 3878 798 3949 σήμερον
829 3875 1015 3948 ἑαυτῷ,
1049 3880 1138 3936 τὴν
1185 3872 1245 3930 δὲ
1293 3879 1473 3951 αὔριον
1520 3885 1593 3950 τῷ
1635 3883 1848 3953 Κυρίῳ·

239 3969 332 4021 καὶ
361 3965 527 4028 οὕτως
555 3963 632 4018 ἀεὶ
672 3967 732 4019 τὸ
781 3967 871 4039 μὲν
899 3967 1067 4039 παρὸν
1098 3963 1156 4019 δι
1179 3966 1190 3987 ’
1227 3962 1425 4028 ἡδονῆς
1453 3969 1848 4042 ὑφαιρούμενος,

235 4058 300 4110 τὸ
332 4051 392 4108 δε
438 4053 617 4128 μέλλον
645 4061 762 4118 ταῖς
809 4053 1012 4108 ἐλπίσιν
1060 4057 1210 4130 ἡμων
1247 4060 1578 4130 προσαφιεὶς,
1611 4056 1850 4112 λανθάνει

239 4146 386 4219 ἡμᾶς
415 4143 778 4200 ἀποϐουκολῶν
809 4153 906 4208 τῆς
935 4145 1096 4208 ζωῆς.

312 4328 362 4379 7.
405 4327 670 4383 Ταιαύτην
708 4319 849 4379 εἶδον
879 4323 980 4396 ἐγώ
1021 4343 1147 4378 ποτε
1183 4328 1508 4402 πανουργίαν
1537 4327 1742 4401 ὄρνιθος
1768 4325 1850 4398 (ϐ)

239 4412 567 4487 εὐμηχάνου.
609 4413 897 4485 Εὐαγὼτων
937 4417 1041 4488 γὰρ
1092 4413 1223 4487 αὐτῇ
1274 4422 1374 4468 τῶν
1419 4423 1634 4469 νεοττῶν
1681 4417 1847 4489 ὑπαρ-

240 4509 445 4577 χόντων
514 4501 601 4558 δι’
669 4503 1007 4569 ἁπαλότητα,
1076 4502 1266 4564 ἑαυτὴν
1326 4504 1712 4578 προϐαλλομένη
1776 4507 1845 4569 ὡς

243 4594 446 4666 ἕτοιμον
506 4595 739 4670 θήραμα,
801 4597 892 4646 καὶ
951 4598 1066 4656 ταῖς
1131 4598 1292 4667 χερσὶ
1356 4601 1456 4646 τῶν
1527 4593 1846 4667 ἀγρευόντων

245 4683 640 4760 ἔνο-τρεφομένη,
682 4685 800 4737 οὔτε
864 4681 1130 4756 ἁλώσιμος
1195 4679 1255 4742 ἦν
1312 4681 1368 4736 ἔκ
1412 4690 1504 4737 τοῦ
1555 4687 1848 4758 προχείρου

246 4781 355 4839 τοῖς
405 4777 682 4850 θηρευταῖς
738 4773 839 4846 (7),
900 4775 1017 4828 οὔτε
1075 4771 1368 4846 ἀπόγνωσιν
1417 4773 1595 4836 αὐτοῖς
1643 4772 1854 4828 ἐνεποίει

323 4901 365 4938 ¹⁷
399 4902 524 4957 Act.
555 4915 682 4971 vni,
718 4903 786 4954 27
819 4914 954 4972 sqq.
1034 4899 1079 4935 ¹⁸
1111 4897 1265 4955 Psal.
1298 4913 1454 4968 xcrv,
1485 4897 1544 4955 8.
1632 4899 1677 4934 ¹⁹
1709 4899 1926 4956 Jerem.

329 5027 402 5093 (21
436 5024 602 5081 Colb.

259 5112 414 5161 mas,
447 5096 666 5168 quibus
694 5099 946 5154 Ducaaus
977 5101 1167 5156 totam
1210 5097 1372 5154 hanc
1417 5097 1753 5155 orationem
1791 5097 1856 5156 il-

255 5167 484 5240 lustrat,
517 5167 684 5240 legas
709 5169 962 5225 suadeo.

326 5241 403 5311 (3)
434 5239 499 5323 In
530 5241 700 5323 5301b.
729 5241 926 5323 primo
954 5243 1012 5323 et
1035 5240 1098 5298 in
1128 5243 1268 5312 Reg.
1301 5240 1507 5302 itidem
1528 5242 1725 5315 primo
1748 5257 1858 5316 pro

254 5313 468 5388 εὐτρεπῤ
482 5333 520 5388 ς-
530 5313 751 5388 legitur
772 5313 998 5388 ερπρεπή
1007 5332 1050 5388 ς.

326 5383 401 5456 (⁷4)
430 5384 635 5456 ᾉΕᾱὶιὶο
679 5383 1172 5456 Ροτὶεξὰκούσητε.
1208 5383 1398 5456 Editio
1436 5384 1615 5442 Basil.
1650 5389 1707 5442 et
1753 5401 1860 5442 sex

252 5454 404 5515 mss.
419 5454 885 5522 ἀκούσατε,οαοά
902 5456 983 5512 ait
999 5454 1412 5526 Combeﬁsius,
1430 5472 1493 5512 se
1511 5457 1629 5513 hoc
1649 5458 1780 5514 loco
1799 5457 1862 5515 in

253 5529 385 5602 suis
405 5526 726 5586 codicibus
747 5528 965 5602 legisse
982 5531 1051 5602 σή
1061 5545 1211 5602 napo}
1235 5525 1338 5602 ἐάν,
1363 5529 1422 5584 in
1445 5544 1523 5602 eo
1535 5529 1746 5602 lapsus
1773 5528 1862 5586 vi-

252 5601 387 5673 deri
405 5604 624 5673 potest.
649 5605 798 5658 Nam
814 5597 1139 5673 verisimile
1163 5599 1249 5673 ﬁt,
1273 5600 1475 5673 virum,
1489 5597 1735 5664 doctum
1756 5617 1864 5660 vo-

256 5669 464 5732 culain
495 5669 601 5743 ἐάν,
630 5688 770 5750 quae
796 5671 978 5754 paulo
1016 5675 1154 5732 ante
1192 5669 1432 5749 legitur,
1462 5672 1702 5734 incaute
1744 5673 1866 5739 huc

648 5025 880 5099 primus
930 5026 1256 5099 ὑπήντησαν.
1300 5027 1480 5083 Notas
1520 5025 1859 5099 eruditissi-

1351 346 1635 403 HOMIIJA
1683 345 1746 399 IN
1790 339 2127 398 SANCTUM
2168 341 2533 398 BAPTISMA.

3515 334 3618 389 438

1968 465 2133 531 tiare,
2167 480 2365 538 neque
2397 465 2544 520 forte
2575 464 2636 520 in
2684 460 3040 534 recipiendis
3075 457 3463 516 initiamentis
3491 473 3620 514 rem

1967 555 2219 611 scienter
2240 554 2524 628 prosequi
2550 571 2563 620 ;
2589 570 2728 610 cum
2750 549 3025 608 dubitent
3045 551 3148 624 qui
3171 548 3622 616 adsunt,utrum

1965 645 2226 701 senseris
2252 643 2532 714 gratiam,
2561 659 2639 700 an
2661 642 2787 697 sine
2820 656 2998 696 sensu
3029 655 3166 712 quae
3190 641 3451 708 aguntur
3471 636 3623 693 acci-

1963 735 2250 806 pias.lmo
2274 734 2455 790 etiam
2477 733 2587 788 etsi
2609 731 2803 788 sciens
2829 728 3087 799 gratiam
3109 727 3466 798 susciperes,
3482 731 3624 782 tunc

1963 824 2211 898 quidem
2242 823 2533 880 talentum
2563 821 2780 888 habes,
2815 819 2922 874 sed
2942 817 3177 874 lucrum
3208 831 3334 872 non
3363 814 3569 871 refers.

2037 919 2089 970 ϐ.
2129 913 2366 970 Imitare
2411 912 2759 968 eunuchum
2784 911 2851 964 ιτ.
2887 907 2986 964 llle
3032 906 3260 964 invenit
3291 907 3396 979 qui
3424 904 3626 978 ipsum

1967 1004 2163 1076 prima
2207 1003 2348 1060 fidei
2380 1002 2675 1060 elementa
2715 1000 2978 1064 doceret,
3010 1013 3123 1054 nec
3170 996 3511 1054 doctrinam
3554 1011 3628 1052 ac

1967 1094 2335 1152 documenta
2365 1095 2728 1166 aspernatus
2759 1093 2884 1146 est:
2935 1088 3043 1144 sed
3074 1087 3135 1144 in
3167 1101 3415 1144 currum
3439 1084 3632 1142 evexit

1967 1198 2300 1256 pauperem
2331 1181 2521 1251 dives,
2553 1179 2807 1238 idiotam
2838 1183 2893 1236 et
2921 1175 3368 1250 aspernabilem
3399 1173 3633 1245 magni-

1968 1273 2121 1330 ﬁcus
2175 1276 2233 1330 et
2283 1276 2719 1345 sumptuosus;
2781 1274 2961 1343 atque
3010 1267 3181 1339 regni
3238 1265 3632 1337 Evangelium

1970 1361 2239 1432 edoctus,
2265 1361 2528 1434 suscepit
2557 1360 2737 1416 corde
2768 1358 2974 1428 fidem,
3008 1372 3133 1414 non
3160 1357 3422 1428 sigillum
3455 1353 3633 1428 Spiri-

1972 1456 2065 1508 tus
2097 1451 2346 1508 distulit.
2382 1453 2529 1508 Cum
2579 1449 2763 1507 etiam
2792 1447 3213 1521 pervenissent
3262 1445 3340 1502 ad
3381 1460 3631 1520 aquam,

1970 1541 2142 1607 Ecce,
2196 1540 2415 1614 inquit,
2459 1554 2640 1612 aqua.
2693 1539 2823 1594 Vox
2866 1535 3126 1607 ingentis
3185 1534 3428 1606 gaudii:
3487 1537 3635 1591 Ecce

1973 1631 2139 1706 quod
2170 1630 2478 1703 quaeritur,
2509 1629 2667 1698 Quid
2694 1628 2973 1700 prohibet
3018 1641 3109 1683 me
3147 1625 3495 1696 baptizari?
3527 1623 3638 1682 Ubi

1973 1723 2260 1793 prompta
2307 1719 2589 1775 voluntas
2642 1721 2750 1787 est,
2783 1716 2951 1790 quod
2993 1714 3293 1788 impediat
3336 1713 3487 1771 nihil
3525 1717 3636 1772 est.

1973 1809 2255 1882 Namﬁqui
2280 1812 2478 1877 vocat,
2510 1807 2816 1877 benignus
2848 1809 2976 1863 est:
3026 1803 3345 1878 expeditus
3393 1807 3484 1866 est
3524 1805 3640 1861 mia

1970 1897 2172 1970 nister,
2200 1897 2510 1956 uberrima
2535 1897 2748 1967 gratia.
2779 1894 3056 1951 Studium
3077 1893 3220 1951 insit
3242 1896 3298 1950 et
3330 1893 3637 1959 alacritas,

1971 1992 2223 2062 tumque
2254 1987 2492 2045 nullum
2519 1986 2629 2042 erit
2657 1984 3186 2059 impedimentum.
3224 1984 3386 2040 Unus
3419 1987 3508 2040 est
3535 1982 3641 2056 qui

1970 2076 2272 2150 prohibet,
2306 2077 2401 2133 ille
2432 2075 2728 2142 videlicet,
2763 2074 2867 2148 qui
2897 2073 3074 2132 nobis
3099 2073 3228 2131 vias
3275 2072 3354 2130 ad
3381 2072 3640 2132 salutem

1972 2166 2248 2234 obstruit,
2276 2182 2458 2240 quem
2481 2163 2804 2240 prudentia
2823 2164 3165 2222 vincamus.
3189 2161 3290 2219 Ille
3314 2161 3642 2220 cunctatio-

1971 2256 2064 2314 nis
2095 2272 2165 2312 ac
2195 2271 2381 2312 morae
2407 2255 2584 2314 nobis
2611 2258 2823 2312 auctor
2844 2258 2968 2322 est;
3001 2268 3117 2309 nos
3141 2252 3220 2310 ad
3241 2268 3397 2325 opus
3417 2250 3642 2309 facien-

1971 2345 2120 2406 dum
2149 2346 2566 2417 insurgamus.
2600 2345 2701 2400 Ille
2743 2343 3032 2402 inanibus
3080 2341 3404 2415 promissis
3451 2341 3641 2402 corda.

1971 2439 2181 2498 nostra
2223 2435 2477 2510 decipit:
2529 2450 2642 2492 nos
2689 2434 2819 2506 ejus
2851 2432 3113 2502 cogitata.
3139 2446 3218 2488 ne
3263 2431 3637 2502 ignoremus.

1971 2528 2181 2586 Nonne
2211 2525 2480 2596 suggerit
2526 2530 2590 2582 ut
2636 2523 2817 2582 hodie
2847 2527 3266 2597 perpetremus
3295 2527 3637 2598 peccatum,

1972 2615 2188 2674 suadet
2215 2631 2246 2672 e
2275 2614 2537 2686 diverso,
2571 2619 2637 2671 ut
2661 2613 2957 2688 justitiam
2983 2612 3045 2668 in
3077 2612 3412 2670 crastinum
3440 2627 3639 2670 reser-

1971 2721 2183 2766 vemus
2203 2712 2226 2759 ?
2270 2707 2650 2779 Quapropter
2677 2705 2968 2762 Dominus
2997 2719 3185 2778 prava
3219 2703 3351 2776 ejus
3383 2703 3639 2763 consilia

1971 2801 2266 2865 evertens,
2301 2796 2420 2854 ait:
2459 2796 2670 2863 EHodie
2696 2797 2749 2852 si
2778 2810 2976 2854 vocem
3004 2809 3196 2852 meam
3224 2794 3543 2852 audieritis
3566 2794 3636 2851 ³⁸.

1969 2886 2069 2944 Ille
2099 2885 2274 2943 dicit:
2307 2885 2677 2944 Hodiernum
2707 2883 2876 2952 mihi,
2903 2883 3240 2940 crastinum
3271 2885 3408 2941 Deo.
3440 2882 3636 2940 Domi-

1975 2991 2088 3034 nus
2110 2979 2321 3034 contra
2349 2975 2710 3032 vociferatur
2735 2991 2748 3030 :
2783 2973 2969 3030 Hodie
2999 2989 3212 3030 vocem
3243 2988 3448 3030 meam
3468 2973 3640 3030 audi-

1968 3069 2043 3123 te.
2079 3065 2412 3124 Considera
2453 3063 2802 3129 inimicum;
2852 3062 3108 3120 suadere
3152 3078 3276 3120 non
3333 3062 3539 3134 audet,
3572 3065 3638 3120 ut

1966 3155 2218 3214 omnino
2246 3171 2282 3213 a
2308 3158 2428 3212 Deo
2460 3153 2708 3211 secedas
2734 3152 2925 3226 (novit
2950 3152 3014 3209 id
3041 3152 3252 3209 auditu
3282 3152 3634 3210 Christianis

1966 3262 2149 3317 grave
2166 3246 2338 3315 esse),
2362 3245 2470 3302 sed
2494 3243 2892 3300 fraudulentis
2918 3242 3148 3302 artibus
3179 3247 3358 3316 atque
3387 3241 3632 3300 insidio-

1967 3337 2049 3394 sis
2078 3335 2445 3406 aggreditur.
2482 3334 2732 3407 Sapiens
2780 3335 2868 3390 est
2911 3333 2992 3389 ad
3024 3331 3533 3390 malefaciendum
3560 3333 3630 3391 ".

1965 3425 2239 3496 Intelligit
2268 3440 2382 3482 nos
2414 3423 2695 3480 homines
2723 3423 2785 3478 in
2816 3423 3104 3496 praesenti
3131 3421 3330 3480 solum
3359 3425 3631 3495 tempore

1961 3514 2632 3586 vivere,§aotionemque
2663 3528 2911 3570 omnem
2936 3511 2998 3569 in
3037 3512 3322 3585 praesenti
3351 3517 3626 3586 tempore

1961 3604 2110 3660 ﬁeri.
2145 3602 2558 3670 Quamobrem
2585 3602 2883 3660 hodierna
2913 3601 3009 3658 die
3057 3601 3237 3658 nobis
3278 3601 3626 3660 fraudulen-

1961 3697 2049 3750 ter
2078 3697 2378 3765 surrepta,
2411 3691 2588 3749 nobis
2614 3707 2787 3764 spem
2818 3690 3098 3748 crastinas
3122 3690 3425 3764 relinquit.
3454 3691 3630 3750 Dein.

1959 3784 2036 3842 de
2076 3800 2216 3842 cum
2242 3783 2371 3842 dies
2403 3782 2672 3840 crastina
2713 3781 2897 3848 venit,
2928 3797 3140 3840 rursus
3170 3779 3403 3840 accedit
3429 3781 3630 3840 malus

1959 3876 2163 3933 noster
2181 3871 2446 3943 ,divisor,
2479 3871 2718 3944 sibique
2761 3869 3144 3940 hodiernum,
3185 3869 3440 3928 Domino
3479 3886 3626 3930 vero

1959 3961 2295 4024 crastinum
2316 3961 2529 4034 poscit,
2559 3966 2742 4034 atque
2772 3959 2857 4018 sic
2885 3975 3127 4032 semper
3165 3961 3337 4032 120
3358 3975 3625 4034 praasens

1957 4053 2203 4126 quidem
2235 4068 2344 4126 per
2372 4051 2742 4126 voluptatem
2771 4051 3158 4122 subtrahens,
3182 4051 3454 4110 futurum
3481 4067 3624 4112 vero

1957 4143 2087 4216 spei
2113 4147 2332 4202 nostra:
2353 4157 2726 4216 proponens,
2748 4140 3170 4215 imprudentes
3195 4156 3309 4202 nos
3331 4144 3390 4207 et,
3415 4141 3625 4204 incau.

1955 4238 2049 4292 tos
2074 4236 2133 4292 et
2158 4233 2283 4291 vita
2312 4231 2619 4293 subducit.

2027 4329 2088 4382 7.
2138 4323 2266 4383 Vidi
2297 4337 2410 4393 ego
2445 4321 2778 4396 aliquando
2816 4321 3000 4380 talem
3035 4321 3267 4382 callidas
3295 4322 3620 4395 cujusdam

1959 4413 2089 4471 avis
2110 4411 2720 4472 astutiam.Nimirum
2743 4427 2882 4474 cum
2903 4411 3052 4484 pulli
3071 4412 3203 4484 ejus
3214 4415 3420 4470 essent
3437 4417 3619 4487 captu

1960 4504 2164 4561 faciles
2187 4503 2266 4560 ob
2283 4503 2839 4571 teneritudinem,se
2856 4502 2994 4572 ipsa
3013 4501 3340 4572 objiciebat
3359 4506 3426 4558 ut
3444 4519 3620 4574 para-

1960 4592 2581 4667 tam’praadam,atque
2593 4595 2732 4648 ante
2744 4591 3092 4648 venantium
3107 4607 3330 4649 manus
3343 4607 3616 4664 versans,

1957 4699 2154 4756 neque
2174 4682 2347 4741 facile
2367 4686 2600 4755 poterat
2619 4699 2656 4740 a
2667 4681 3055 4740 venatoribus
3072 4680 3430 4754 capi,neque
3443 4697 3617 4755 spem

1964 4772 2275 4846 capiendae
2309 4772 2532 4847 praedae
2574 4772 2658 4833 eis
2698 4770 3150 4834 adimebaLSed
3189 4771 3422 4832 interea
3465 4770 3616 4832 dum

1957 4913 2037 4966 iv,
2063 4901 2152 4952 22.

1968 5025 2363 5114 ιτερβιιιὲίεεθ·
2397 5023 2636 5114 Νεεξεδ,
2653 5022 2860 5114 Amr.th
2882 5020 3063 5114 iam}
3082 5020 3320 5114 221?»!
3351 5017 3464 5109 “is
3490 5040 3614 5114 ’καθ’

2039 5103 2114 5166 (5)
2161 5097 2253 5154 Sic
2281 5113 2432 5152 mss.
2464 5111 2700 5152 omnes.
2735 5097 2992 5168 Utraque
3037 5094 3222 5168 editio
3272 5093 3340 5158 εἰς
3389 5093 3616 5156 τήνάις-

1966 5189 2108 5245 ριον,
2129 5185 2288 5245 spem
2311 5168 2480 5225 nobis
2506 5169 2573 5245 in
2605 5167 2950 5245 crastinum
2970 5167 3241 5245 remittit.

2045 5243 2118 5311 (6)
2145 5242 2421 5302 Ducaeus.
2454 5243 2519 5297 ut
2564 5238 2708 5311 alibi
2750 5237 2826 5311 de
2857 5237 2986 5294 aliis
3012 5237 3215 5311 rebus,
3237 5237 3321 5311 ita
3342 5237 3459 5294 hoc
3484 5239 3621 5296 loco

1968 5308 2174 5370 de'illa
2204 5328 2315 5368 ave
2346 5311 2518 5366 docte
2545 5310 2807 5366 disserit.
2843 5311 2967 5366 Hoc
3008 5309 3144 5370 ipso
3189 5309 3248 5365 in
3289 5308 3423 5366 loco
3455 5311 3624 5368 Colb.

1969 5385 2204 5512 primus
2251 5383 2412 5447 αὐτῆς
2454 5391 2574 5438 τῶν.
2624 5381 2892 5440 Subinde
2933 5381 3100 5438 Colb.
3134 5381 3340 5438 tertius
3366 5382 3630 5458 προσϐαλ·

2004 5477 2192 5512 ομηνη.

2004 5477 2192 5516 ομηνη.

2031 5507 2393 5600 λωίᾳυὶ
2440 5525 2588 5600 duo,
2612 5523 2928 5600 ΙίῘΠἹ--τοῖςΔ
2963 5526 3232 5600 θηραταῖς.
3263 5528 3419 5600 -ΜᾹΟΧ

1970 5595 2207 5676 primus
2254 5595 2329 5676 τῇ
2365 5602 2485 5676 περὶ
2530 5597 2711 5676 αοτήν.
2746 5597 2864 5654 Nec
2915 5596 2997 5655 ita
3031 5595 3230 5659 multo
3258 5597 3418 5663 infra
3468 5598 3635 5664 Colb.

1973 5657 2181 5743 tertius.
2210 5657 2477 5742 Φοϐήθηὲι
2501 5675 2593 5732 καὶ
2624 5672 2712 5730 σὺ.
