4098 6374
455 342 560 403 439

1828 349 1885 405 S.
1927 344 2175 406 BASlLll
2213 346 2454 405 MAGNI.

3705 346 3815 407 440

447 470 617 546 ipsos
646 487 751 545 spe
782 471 944 530 varie
992 470 1302 542 detineret,
1335 489 1404 531 ac
1436 474 1592 533 circa
1640 490 1704 532 se
1749 477 2095 546 occuparet,

2213 482 2308 534 τῆς
2336 474 2502 548 ἄγρας
2529 495 2541 508 ·
2592 473 2719 529 ἀλλά
2760 481 2870 539 ταῖς
2918 473 3120 529 ἐλπίσιν
3173 473 3361 537 αύτούς
3409 470 3655 537 ποικίλως
3703 492 3813 527 πα-

449 561 718 633 fugiendi
745 563 982 636 copiam
1015 578 1084 618 ac
1117 564 1496 621 securitatem
1524 564 1703 638 pullis
1730 565 1853 621 suis
1875 563 2102 620 submi-

446 652 745 722 nistravit,
777 669 846 709 ac
870 656 1177 725 postremo
1197 654 1335 727 ipsa
1351 671 1599 728 quoque
1620 654 1798 711 simul
1818 653 2098 711 avolavit.

404 756 409 765 ‘
447 742 609 799 Time
632 759 707 800 ne
735 747 789 800 et
819 742 924 799 tibi
945 742 1164 799 similia
1193 743 1491 813 accidant,
1524 745 1628 818 qui
1660 750 1820 802 certa
1848 744 2099 800 incerto-

445 847 578 888 rum
612 848 721 904 spe
750 831 1160 905 derelinquas.
1188 835 1309 889 Huc
1351 834 1531 904 igitur
1577 834 1722 890 ades
1752 833 1899 889 dum
1930 832 2098 902 mihi,

445 919 706 994 teipsum
739 924 926 976 totum
957 919 1037 975 ad
1069 920 1391 977 Dominum
1432 921 1725 987 transfer;
1771 922 1850 978 da
1874 936 2098 977 nomen

443 1012 615 1065 tuum
642 1028 654 1078 ;
689 1008 959 1065 Ecclesiae
991 1008 1312 1066 ascribere.
1342 1009 1501 1067 Miles
1537 1015 1882 1067 recensetur
1913 1010 1973 1065 in
2005 1024 2100 1065 ca-

442 1098 644 1168 talogo
674 1116 686 1154 :
717 1098 941 1155 athleta
981 1098 1309 1171 inscriptus
1340 1097 1642 1157 decertat:
1680 1099 1825 1156 civis
1864 1098 2099 1156 civitate

440 1184 703 1244 donatus
731 1188 884 1243 inter
912 1187 1156 1244 tribules
1188 1193 1645 1245 annumeratur.
1680 1188 1973 1245 Omnibus
2005 1186 2097 1244 his

439 1276 740 1333 obnoxius
761 1293 847 1348 es,
877 1281 940 1333 ut
965 1275 1135 1333 miles
1158 1276 1389 1344 Christi,
1413 1282 1479 1334 ut
1503 1277 1729 1336 athleta
1748 1278 2011 1350 pietatis,
2034 1280 2098 1334 ut

437 1365 571 1422 coeli
629 1365 965 1439 municeps.
1020 1366 1407 1423 Conscribere
1464 1367 1526 1423 in
1590 1367 1708 1424 hoc
1780 1366 1958 1437 libro,
2033 1370 2098 1423 ut

434 1455 496 1511 in
524 1455 748 1511 cmlesti
772 1454 1210 1513 transcribaris.
1240 1456 1430 1527 Disce,
1458 1456 1769 1514 edocearis
1799 1454 2100 1527 evangeli-

433 1560 569 1601 cam
607 1543 1016 1616 disciplinam,
1041 1548 1317 1602 exactam
1347 1544 1664 1602 oculorum
1693 1545 2096 1617 vigilantiam,

428 1633 653 1704 linguae
693 1634 1150 1700 continentiam,
1184 1636 1461 1708 corporis
1502 1635 1879 1703 servitutem,
1911 1635 2097 1692 animi

428 1722 853 1791 humilitatem,
880 1723 1099 1780 mentis
1119 1725 1469 1796 puritatem,
1490 1724 1591 1796 irae
1613 1723 2092 1781 exstinctionem.

428 1812 520 1869 Ad
540 1812 856 1885 quidpiam
878 1812 926 1868 si
948 1812 1233 1883 adigeris,
1257 1813 1653 1886 superadde"
1677 1831 1691 1870 :
1726 1814 1775 1870 si
1798 1813 2094 1888 spoliaris,
2127 1818 2168 1873 Β
2208 1839 2233 1891 δ

430 1901 731 1973 nelitiga’I
759 1920 772 1958 :
798 1901 847 1958 si
866 1902 1108 1983 haberis
1131 1902 1293 1972 odio,
1324 1902 1556 1975 dilige”
1579 1920 1592 1960 :
1616 1903 2097 1976 persecutionem

431 1991 483 2046 si
512 1990 780 2062 patiaris,
816 1992 1135 2062 sustine”;
1172 1992 1460 2049 conviciis
1504 1993 1555 2049 si
1586 1992 1887 2061 aﬂiciaris,
1921 1992 2098 2049 obse-

431 2097 553 2138 cra.
587 2083 700 2139 Fac
723 2082 1000 2138 moriaris
1028 2084 1363 2154 peccato“:
1390 2083 1745 2153 crucifigare
1771 2099 1909 2140 cum
1933 2082 2099 2139 Chri-

431 2174 558 2227 sto:
594 2169 978 2227 dilectionem
1022 2175 1214 2228 totam
1263 2172 1325 2228 in
1366 2172 1691 2229 Dominum
1720 2175 2096 2231 transmove.

431 2259 546 2318 Sed
571 2258 840 2316 difﬁcilia
867 2260 1161 2317 sunthaec
1190 2263 1247 2317 et
1278 2261 1512 2331 gravia.
1545 2260 1718 2329 Quid,
1747 2276 1976 2334 quaeso,
2007 2276 2098 2317 re-

427 2364 564 2405 rum
590 2348 893 2406 bonarum
914 2348 1086 2405 facile
1116 2349 1257 2406 est?
1286 2349 1430 2416 Quis
1457 2348 1768 2407 dormiens
1798 2353 2095 2422 tropaeum

431 2439 657 2497 statuit.
681 2440 825 2505 Quis
851 2439 1005 2496 inter
1025 2438 1274 2496 delicias
1302 2443 1360 2496 et
1389 2438 1672 2496 tibiarum
1696 2439 1982 2497 modulos
2001 2456 2097 2498 co-

428 2528 595 2584 ronis
624 2525 993 2584 fortitudinis
1016 2531 1340 2584 exornatus
1361 2528 1497 2584 est?
1527 2530 1712 2584 Nemo
1736 2526 1852 2584 nisi
1879 2544 2096 2586 cucur-

428 2616 590 2683 rerit,
626 2614 868 2672 sustulit
892 2614 1200 2672 bravium.
1235 2614 1496 2673 Gloriam
1545 2615 1790 2688 pariunt
1829 2615 2095 2686 labores,

431 2710 866 2778 comparantur
905 2719 1144 2761 coronas
1193 2703 1646 2775 defatigatione.
1703 2706 1828 2762 Per
1868 2707 2097 2764 multas

433 2794 854 2851 tribulationes
875 2800 1106 2865 oportet
1127 2808 1236 2850 nos
1277 2795 1512 2851 intrare
1544 2795 1607 2850 in
1638 2809 1892 2866 regnum
1917 2797 2095 2853 caelo-

431 2885 642 2947 rum",
675 2883 810 2940 dico
841 2887 899 2940 et
928 2898 1082 2955 ego:
1125 2883 1235 2940 sed
1262 2883 1377 2941 has
1408 2882 1825 2940 tribulationes
1856 2900 1928 2941 ea
1958 2901 2097 2960 quin

430 2974 493 3031 in
521 2988 709 3044 regno
759 2973 1052 3030 ccelorum
1096 2972 1353 3031 fruenda
1398 2977 1487 3030 est
1510 2972 1824 3030 beatitudo
1856 2974 2094 3048 excipit,

430 3063 662 3138 peccati
680 3078 827 3120 vero
853 3061 1100 3118 labores
1126 3061 1303 3120 dolor
1331 3061 1625 3133 gehennze
1650 3066 1834 3135 atque
1860 3062 2097 3121 tristitia

431 3155 888 3226 exspectatJmo
901 3151 1081 3209 etiam
1099 3151 1148 3208 si
1163 3151 1300 3224 quis
1319 3149 1635 3222 diligenter
1646 3151 2094 3224 animadvertit,
2125 3172 2168 3225 ο

430 3257 506 3298 ne
525 3242 662 3314 ipsa
680 3239 931 3314 quidem
956 3238 1185 3296 diaboli
1205 3254 1393 3312 opera
1418 3238 1499 3296 ab
1526 3239 1865 3319 iniquitatis
1884 3256 2099 3313 opera-

431 3330 535 3387 riis
562 3329 691 3385 sine
711 3328 919 3385 labore
939 3332 1279 3401 patrantur.
1304 3329 1416 3395 Qui
1433 3332 1575 3385 sunt
1593 3328 1881 3386 castitatis
1904 3329 2097 3387 sudo-

432 3434 528 3476 res
547 3417 575 3474 ?
605 3422 676 3474 At
705 3417 927 3475 sudore
968 3417 1175 3475 madet
1204 3422 1522 3488 scortator,
1549 3417 1909 3474 absumente
1927 3416 2098 3476 illum

431 3505 760 3580 voluptate.
790 3505 836 3560 N
844 3522 945 3563 um
969 3506 1341 3564 continentia
1368 3510 1604 3565 tantum
1624 3506 1813 3565 demit
1837 3507 2095 3581 corpori,

433 3600 731 3670 quantum
752 3595 1138 3653 exsecrabilis
1160 3611 1231 3654 ac
1247 3596 1493 3653 rabiosa
1514 3596 1953 3654 incontinentia
1973 3610 2100 3652 cor-

430 3687 688 3760 rumpit?
708 3689 916 3743 Noctes
932 3686 1181 3760 quidem
1203 3687 1515 3743 insomnes
1537 3693 1836 3759 peragunt
1854 3685 2103 3760 quiper-

431 3777 682 3832 noctant
698 3775 761 3831 in
782 3774 1232 3848 precationibus
1257 3792 1271 3831 :
1294 3774 1399 3831 sed
1420 3775 1527 3848 qui
1554 3774 1869 3846 invigilant
1887 3773 2102 3846 iniqui-

431 3863 669 3930 tati,eas
688 3862 870 3933 longe
889 3862 1203 3920 molestius
1220 3863 1721 3920 traducunt.Nam
1740 3868 1796 3919 et
1812 3862 2010 3932 timor,
2024 3875 2103 3917 ne

434 3952 914 4025 deprehendare,
962 3957 1019 4010 et
1065 3953 1444 4026 voluptatum
1506 3951 1792 4009 stimulus
1854 3965 2104 4008 omnem

435 4057 688 4115 prorsus
708 4041 982 4114 requiem
1004 4041 1421 4113 fugant.Quod
1433 4041 1725 4099 siitineris
1745 4041 1827 4098 ad
1845 4039 2104 4097 salutem

435 4130 791 4186 deducentis
836 4132 1151 4202 angustias
1187 4130 1450 4202 fugiens,
1476 4130 1665 4188 latam
1707 4128 2104 4203 amplamque

437 4219 670 4293 peccati
690 4218 850 4275 viam
877 4235 1266 4294 persequare;
1286 4236 1496 4278 vereor
1511 4235 1587 4276 ne
1604 4218 1794 4277 latam
1819 4217 1898 4274 ad
1917 4217 2103 4274 ﬁnem

437 4323 633 4382 usque
661 4313 927 4380 secutus,
955 4316 1442 4368 consentaneum
1470 4309 1670 4366 itineri
1701 4307 2103 4366 diversorium

436 4399 723 4472 reperias.
745 4399 859 4455 Sed
880 4405 1126 4457 servatu
1145 4399 1411 4457 difﬁcilis
1426 4396 2103 4468 estthesaurus.lnvigi-

437 4488 740 4563 laitaque,
762 4488 962 4546 frater.
990 4489 1210 4559 Habes,
1243 4489 1297 4546 si
1330 4488 1500 4556 velis,
1532 4488 1863 4560 adjutores,
1889 4503 2102 4562 preca-

438 4578 665 4636 tionem
686 4579 765 4635 ad
789 4580 981 4636 noctis
1011 4578 1379 4644 custodiam,
1410 4580 1576 4650 121
1608 4578 1907 4651 jejunium
1934 4576 2104 4651 quod

439 4667 695 4726 domum
717 4668 1296 4739 custodiat,eantum
1318 4668 1851 4742 psalmorum,quo
1871 4681 2106 4725 recree-

440 4763 537 4816 tur
563 4759 829 4815 animus.
863 4759 1004 4815 Haec
1025 4758 1130 4816 tibi
1151 4759 1317 4816 socia
1339 4758 1439 4830 adj
1451 4774 1628 4830 unge.
1655 4761 1789 4814 Haec
1808 4762 2011 4814 tecum
2034 4757 2110 4813 si-

440 4849 567 4906 mul
586 4848 1034 4924 pernoctentad
1047 4864 1141 4904 res
1153 4848 1455 4922 pretiosas
1469 4845 2107 4917 custodiendas.Quid,

443 4939 540 4996 dic
553 4940 932 5009 mihi,nonne
946 4938 1164 4995 melius
1181 4944 1272 4995 est
1288 4938 1649 4996 ditescentes
1661 4954 1774 4995 nos
1785 4952 1897 5011 pro
1912 4936 2110 5010 supel-

441 5028 652 5085 lectilis
674 5029 973 5103 praatiosze
986 5027 1264 5084 custodia
1281 5026 1746 5084 sollicitudinem
1766 5026 2108 5100 pati,quam

516 5118 567 5154 ³ο
594 5119 799 5176 Matth.
822 5135 882 5177 v.
909 5121 1006 5176 41.
1088 5118 1134 5154 ²¹
1167 5116 1325 5175 ibid.
1365 5119 1453 5175 40.

444 5314 796 5392 residem;

516 5382 597 5459 (9)
631 5382 784 5459 Editi
831 5393 931 5438 τῶν
975 5384 1023 5438 ἐν
1069 5390 1259 5459 κὸσμῳᾼ
1293 5383 1528 5459 ἀγαθῶν.
1552 5382 1757 5459 Ἰῌξιά,
1904 5387 2107 5459 κόσμῳ,

443 5457 505 5515 in
519 5441 886 5516 ‘nositrisiiscx
918 5474 1062 5514 mss.
1096 5441 1232 5513 no'n'
1245 5441 1481 5528 legitur,
1510 5455 1590 5512 ob
1618 5441 1802 5528 idque
1827 5455 1939 5512 has
1956 5441 2112 5528 duas

443 5546 625 5588 voces
653 5529 1012 5587 delevimus.
1043 5532 1159 5586 Nec
1189 5529 1272 5587 ita
1311 5528 1504 5585 multo
1536 5533 1678 5602 post
1702 5527 1842 5598 Reg.
1875 5527 2112 5600 primus

442 5603 607 5656 ανεῖλε
635 5606 714 5656 τό.

514 5675 630 5749 (10)
666 5671 840 5733 Illud.
895 5678 996 5727 τῶν
1025 5671 1274 5750 ούρανῶν,
1325 5686 1401 5731 ex
1449 5670 1699 5732 duobus
1755 5668 2112 5731 Colbertinis

1530 5118 1579 5153 ιι
1608 5116 1764 5174 ibid.
1804 5119 1896 5174 44.
1971 5116 2227 5175 ειιοοιι.
2265 5121 2460 5189 1v,t2,
2496 5120 2583 5174 l3.

517 5243 701 5328 (8.).In
751 5242 994 5300 duobus
1045 5240 1358 5300 codicibus
1411 5241 1704 5316 scriptum
1750 5240 1948 5314 reperi
1992 5239 2120 5294 ἀπο-

2209 567 2603 637 ρακατέχουσα,
2636 574 2699 638 τῇ
2738 572 2856 640 περὶ
2902 565 3089 624 ἑαυτὴν
3134 562 3387 637 ἀσχολίᾳ,
3421 570 3532 625 τοῖς
3575 570 3813 627 νεοσσοῖς

2208 657 2303 712 τὴν
2345 649 2528 706 ἄδειαν
2578 663 2673 718 τῆς
2723 663 2890 729 φυγῆς
2935 654 3291 730 προεξένησεν,
3354 651 3466 707 εἶτα
3524 657 3584 708 τὸ
3635 652 3813 707 τελευ-

2207 749 2350 795 ταῖον
2399 748 2487 797 καὶ
2533 743 2663 804 αὕτη
2708 749 3031 804 συναπέπτη.
3074 744 3334 804 Φοϐήθητε
3381 748 3453 817 μὴ
3505 748 3593 797 καὶ
3637 747 3702 797 σύ
3748 746 3815 798 τά

2206 832 2555 905 παραπλήσια
2602 836 2795 907 πάθῃς,
2830 836 2878 887 ἐν
2926 843 3038 896 ταῖς
3084 838 3202 910 περὶ
3242 843 3343 888 τῶν
3385 830 3594 892 ἀδήλων
3640 832 3814 889 ἐλπίσι

2206 931 2272 982 τὰ
2314 933 2506 1005 φανερὰ
2547 936 2867 1005 προιέμενος.
2896 939 3053 1007 Δεῦρο
3103 930 3170 993 δὴ
3208 930 3294 986 οὖν
3338 952 3448 1006 μοι,
3499 931 3613 985 ὅλον
3662 951 3816 985 σεαυ-

2205 1023 2293 1072 τὸν
2357 1023 2573 1094 μετάθες
2623 1020 2707 1075 ἐπὶ
2762 1026 2848 1076 τὸν
2910 1027 3124 1097 Κύριον·
3195 1020 3379 1086 ἐπίδος
3446 1030 3668 1076 σεαυτοῦ
3717 1026 3813 1082 τὴν

2206 1108 2523 1182 ὀνομασίαν·
2572 1115 2943 1186 καταγράφηθι
2999 1115 3131 1187 μετά
3194 1122 3292 1176 τῆς
3355 1111 3688 1175 Ἐκκλησίαςσ
3754 1118 3813 1166 ὀ

2208 1207 2536 1273 στρατιώτης
2589 1202 2902 1275 καταλόγοις
2947 1202 3302 1277 έναριθμεῖται
3331 1224 3343 1238 υ
3395 1205 3422 1256 ὁ
3468 1202 3699 1266 ἀθλητὴς
3727 1203 3811 1257 έν-

2205 1289 2643 1364 απογραψάμενος
2690 1294 2767 1363 (8)
2818 1291 3164 1365 ἀγωνίζεταεο
3226 1295 3253 1346 ὁ
3316 1289 3556 1367 δημότης
3606 1286 3855 1347 πολιτο-’

2203 1390 2491 1463 γραφηθεὶς
2542 1396 2647 1452 τοῖς
2697 1390 2938 1464 φυλέταις
2985 1390 3357 1467 ἔναριθμείται.
3410 1397 3553 1445 Πᾶσι
3601 1394 3807 1454 τούτοις

2205 1479 2489 1542 ὑπεύθυνος
2543 1476 2607 1547 εἷ,
2655 1482 2725 1543 ὡς
2780 1485 3108 1555 στρατιώτης
3154 1488 3412 1556 Χριστοῦ,
3462 1484 3533 1544 ὡς
3581 1480 3811 1544 ἀθλητὴς

2206 1565 2482 1634 εὐσεϐείας,
2533 1569 2603 1630 ὡς
2645 1570 2704 1621 τὸ
2743 1568 3031 1642 πολίτευμα
3076 1572 3216 1642 ἔχων
3259 1567 3308 1621 ἓν
3354 1568 3611 1643 οὐρανοῖς.
3648 1569 3809 1624 Ἀπο-

2203 1657 2436 1731 γράφηθι
2488 1656 2538 1709 έν
2597 1660 2759 1732 ταύτῃ
2815 1666 2878 1731 τῇ
2939 1656 3127 1731 βίϐλῳ,
3199 1660 3281 1711 ἶνα
3344 1664 3682 1732 μετηραφῇς
3738 1658 3811 1722 εἰς

2205 1756 2300 1810 τὴν
2357 1753 2482 1807 οἰνω.
2548 1755 2715 1821 Μάθε,
2772 1749 3075 1827 διδάχθητι
3122 1753 3463 1827 εύαγγελικήν
3526 1754 3806 1824 πολιτείαν,

2237 1839 2481 1914 φθαλμῶν
2548 1840 2838 1915 ἀκρίϐειαν,
2892 1843 3138 1916 γλώσσης
3190 1843 3510 1919 ἐγκράτειαν,
3568 1849 3811 1917 σώματος

2208 1925 2596 2002 δουλαγωγίαν,
2648 1936 2888 2006 φρόνημα
2923 1936 3183 2001 ταπεινὸν,
3217 1930 3411 1995 ἐννοίας
3451 1935 3806 2009 καθαρότητα,

2208 2017 2367 2092 ὀργῆς
2428 2017 2741 2094 ἀφανισμόν.
2805 2021 3239 2097 ’Λγγαρευόμενος
3300 2025 3613 2099 προστίθευ
3683 2020 3810 2077 ἀπο-

2208 2119 2550 2191 στερούμενος
2600 2123 2672 2191 μὴ
2733 2115 2993 2181 δικάζουο
3051 2123 3367 2195 μισούμενος
3424 2120 3643 2199 ἀγάπα·
3709 2118 3813 2175 διω

2205 2210 2419 2279 πιόμενος
2478 2205 2671 2281 ἀνέχου
2697 2229 2710 2242 ·
2779 2207 3252 2283 βλασφημούμενος
3333 2209 3642 2284 παρακάλει.
3709 2217 3809 2265 Νε-

2204 2297 2441 2369 κρώθητι
2495 2304 2558 2369 τῇ
2621 2295 2890 2372 ἁμαρτίᾳ·
2951 2301 3361 2374 συσταυρὼθητι
3421 2307 3495 2371 τῷ
3550 2307 3806 2374 Χριστῷ·

2208 2384 2329 2443 ὅλην
2374 2388 2469 2443 τὴν
2518 2384 2724 2458 ἀγάπην
2770 2388 2989 2460 μετάθες
3017 2387 3101 2442 ἐπὶ
3129 2391 3217 2441 τὸν
3268 2391 3484 2462 Κύριον.
3515 2388 3671 2444 Ἀλλὰ
3697 2410 3810 2462 χα-

2203 2474 2333 2527 λεπά
2379 2482 2566 2531 ταῦτα.
2592 2481 2653 2530 Τί
2695 2473 2756 2530 δὲ
2792 2485 2891 2531 τῶν
2930 2475 3138 2551 ἀγαθῶν
3174 2480 3250 2551 (9)
3281 2476 3523 2547 εύκολον;
3556 2483 3648 2543 Τίς
3676 2481 3810 2533 καθ-

2205 2569 2368 2625 εύδων
2416 2577 2664 2649 τρόπαιον
2713 2577 2942 2644 ἔστ-ηας
2995 2580 3087 2640 Τίς
3137 2584 3342 2651 τρυφῶν
3379 2581 3470 2631 καὶ
3515 2576 3810 2632 καταυλού-

2206 2681 2356 2735 μενος
2418 2671 2530 2726 τοῑς
2594 2670 2688 2728 τῆς
2746 2667 3023 2741 καρτερίας
3077 2668 3348 2739 στεφάνοις
3396 2668 3807 2742 κατεκοσμήθης

2208 2747 2401 2813 Οὐδεὶς
2447 2756 2518 2824 μὴ
2571 2748 2787 2829 δραμὼν
2817 2753 3040 2808 ἀνείλετο
3088 2757 3147 2808 τὸ
3200 2753 3465 2832 βραϐεῖον.
3499 2760 3656 2811 Πόνοι
3700 2776 3811 2830 γεν-

2205 2849 2335 2894 νῶσι
2393 2837 2581 2909 δόξαν,
2636 2845 2904 2917 κάματοιο
2972 2843 3281 2919 προξενοῡσι
3350 2847 3658 2919 στεφάνους.
3718 2848 3812 2901 Διὰ

2203 2929 2403 2983 πολλῶν
2467 2930 2689 3003 θλίψεων
2755 2929 2843 2987 δεῖ
2915 2935 3056 3007 ἡμᾶς
3116 2934 3359 2989 εἰσελθεῖν
3423 2934 3496 2998 εἰς
3553 2939 3648 2996 τὴν
3712 2934 3814 3010 βα·

2209 3027 2403 3081 σιλείαν
2454 3036 2554 3081 τῶν
2612 3027 2840 3103 οὐρανῶν
2893 3031 3026 3101 (10),
3076 3036 3212 3104 φημὶ
3268 3029 3450 3104 κάγώ·
3500 3029 3632 3085 ἀλλά
3685 3034 3812 3087 ταύο

2204 3135 2301 3180 τας
2345 3120 2436 3189 μεν
2482 3120 2578 3180 τὰς
2626 3116 2825 3189 θλίψεις
2865 3121 2895 3178 ἡ
2944 3118 2994 3172 ἐν
3040 3128 3102 3193 τῇ
3148 3118 3397 3192 βασιλείᾳ
3436 3127 3537 3174 τῶν
3581 3119 3811 3195 οὐρανῶν

2204 3211 2533 3282 μακαριότης
2573 3203 2887 3279 έκδέχεταιο
2937 3211 3058 3272 τοὺς
3101 3205 3162 3263 δὲ
3212 3217 3310 3271 τῆς
3339 3209 3601 3285 ἁμαρτίας
3642 3212 3811 3283 καμά-

2205 3313 2329 3358 τους
2384 3299 2443 3349 τὸ
2492 3304 2588 3358 τῆς
2627 3300 2834 3368 γεέννης
2886 3295 3125 3352 έπίπονον
3178 3301 3264 3351 καὶ
3320 3300 3630 3375 σκυθρωπὸν
3692 3297 3811 3353 ἀναο

2206 3394 2364 3464 μένει.
2411 3390 2565 3445 Ἀλλὰ
2612 3395 2713 3469 γὰρ
2778 3391 3010 3470 ἀκριϐῶς
3058 3401 3363 3464 σκοποῦντι,
3421 3392 3547 3449 οὐδὲ
3601 3397 3670 3449 τὰ
3716 3401 3812 3449 τοῦ

2209 3477 2458 3535 διαϐόλου
2515 3483 2642 3557 ἔργα
2687 3490 2801 3545 τοῖς
2858 3481 3103 3559 ἐργάταις
3168 3492 3264 3548 τῆς
3331 3483 3546 3559 ἀνομίας
3610 3483 3809 3560 ἀκμητὶ

2206 3574 2572 3646 παραγίνεται.
2605 3577 2758 3626 Ποῖοι
2801 3569 3019 3647 ἱδρῶτες
3072 3580 3171 3638 τῆς
3213 3576 3593 3650 σωφροσύνης;
3640 3574 3700 3628 Ὀ
3753 3571 3814 3630 δέ

2208 3658 2758 3735 πορνεύων-καθίδρως
2802 3661 2934 3730 ἐστὶ,
2964 3670 3058 3725 τῆς
3110 3660 3306 3727 ἡδονῆς
3353 3662 3511 3718 αὑτὸν
3558 3662 3814 3726 ἓκτηκού-

2213 3780 2333 3824 σης.
2362 3764 2428 3815 Τί
2454 3768 2704 3815 τοσοῦτον
2734 3762 2942 3835 ὑφαιρεῖ
2969 3760 3081 3832 (il)
3128 3768 3221 3815 τοῦ
3262 3766 3507 3836 σώματος
3553 3766 3583 3823 ἠ
3617 3762 3815 3839 ἐγκρά-

2210 3869 2344 3918 τεια,
2390 3851 2512 3903 ὅσον
2557 3852 2589 3908 ἡ
2642 3847 2878 3925 βδελυρὰ
2906 3855 2994 3904 καὶ
3048 3848 3334 3915 λυσσώδης
3387 3851 3646 3909 ἀκολασία
3700 3851 3818 3909 δια-

2213 3940 2443 4013 φθείρει;
2486 3940 2690 4001 Νύκτες
2740 3936 2799 3992 δὲ
2851 3940 3040 3995 ἄϋπνοι
3082 3948 3183 3993 τῶν
3228 3937 3726 4017 διανυκτερευόντων
3766 3941 3816 3996 έν

2210 4035 2566 4112 προσευχαῖς⁹
2623 4034 2752 4090 ἀλλά
2791 4036 2962 4110 πολλῷ
3008 4038 3374 4114 χαλεπώτεραι
3427 4047 3529 4093 τῶν
3593 4038 3819 4118 ἕπαγρυ·

2212 4128 2472 4179 πνούντων
2497 4134 2614 4188 ταῖς
2640 4123 2896 4190 ἀδικιοιις.
2930 4127 2995 4181 ’⁷0
3047 4148 3102 4181 τε
3142 4132 3242 4205 γὰρ
3297 4128 3454 4202 φόϐος
3499 4137 3595 4183 τοῦ
3644 4149 3819 4206 φωρα-

2217 4216 2493 4284 θήσεσθαι,
2526 4220 2616 4269 καὶ
2646 4217 2672 4269 ὁ
2702 4216 2784 4270 ἐπὶ
2829 4223 2943 4279 ταῖς
2981 4213 3199 4281 ἡδοναῖς
3224 4215 3434 4293 οἶστρος
3480 4224 3655 4272 πᾶσαν
3699 4219 3820 4271 ανά-

2212 4323 2408 4358 παυσιν
2437 4304 2697 4368 παντελῶς
2744 4303 3034 4362 ἀπελαύνει.
3063 4306 3124 4361 Ei
3172 4303 3251 4375 δὲ,
3293 4310 3493 4381 φεύγων
3533 4308 3594 4361 τὸ
3642 4311 3819 4361 στενὸν

2213 4409 2310 4465 τῆς
2357 4402 2442 4456 ἐπὶ
2485 4408 2748 4477 σωτηρίαν
2790 4406 3047 4480 φερούσης
3075 4404 3212 4478 (12),
3242 4407 3304 4459 τὸ
3347 4405 3651 4482 εὐρύχωρον
3690 4402 3821 4459 διώ-

2214 4510 2320 4555 κεις
2366 4500 2465 4555 τῆς
2504 4491 2790 4567 ἁμαρτίας,
2849 4493 3108 4568 φοϐοῦμαι
3154 4499 3250 4568 μὴ,
3290 4497 3456 4569 μέχρι
3501 4494 3678 4557 τέλους
3724 4497 3819 4554 τὴν

2214 4580 2453 4635 πλατεῖον
2500 4579 2741 4652 ὁδεύσας,
2776 4583 3057 4637 ἀκόλουθον
3101 4583 3252 4659 εὕρῃς
3298 4591 3362 4656 τῇ
3408 4580 3518 4654 ὸδῴ
3560 4587 3620 4638 τὸ
3658 4584 3820 4639 κατά-

2214 4667 2376 4743 λυμα.
2435 4669 2573 4725 Λλλὰ
2620 4669 2989 4746 δυσφύλακτος
3030 4672 3057 4724 ὁ
3110 4674 3397 4747 θησαυρὸς.
3448 4677 3548 4726 Καὶ
3593 4673 3820 4749 ἐπαγρυ-

2215 4777 2442 4825 πνησαν,
2470 4756 2678 4834 ἀδελφέ.
2724 4760 2908 4833 Ἔχεις
2956 4763 3256 4835 συνεργοὺς,
3298 4760 3383 4814 ἐὰν
3432 4760 3602 4835 θέλῃς,
3650 4780 3819 4835 προσ-

2218 4852 2385 4922 ευχὴν
2425 4849 2936 4923 νυκτοφυλακούσαν,
2982 4854 3227 4909 νηστείαν
3279 4849 3641 4926 οἰκουροῦσαν,
3686 4850 3820 4924 ψαλο

2216 4933 2423 5011 μῳδίαν
2491 4937 2947 5012 ψυχαγωγοῦσαν.
3017 4941 3221 5003 Ταύτας
3290 4939 3683 5016 συμπαράλαϐε.
3727 4940 3821 4993 Αὖ-

2217 5044 2307 5080 ται
2379 5027 2902 5102 συναγραυλείτωσάν
2973 5049 3057 5083 σοι
3122 5028 3205 5082 ἐπὶ
3268 5030 3362 5092 τὰς
3429 5029 3659 5103 φυλακὰς
3719 5037 3820 5083 τῶν

2658 5119 2707 5154 ²⁵
2734 5120 2909 5177 Rom.
2937 5134 3017 5191 vr,
3045 5123 3101 5175 2.
3177 5119 3226 5155 ³⁵
3257 5123 3385 5178 Act.
3413 5130 3531 5189 Iuv,
3558 5123 3648 5177 2t.

2227 5244 2541 5314 sumptum
2567 5243 2675 5314 est,
2699 5245 2756 5299 et
2783 5242 2926 5300 huic
2947 5241 3195 5300 editioni
3221 5242 3519 5301 additum.

2293 5312 2404 5390 (tt)
2445 5314 2584 5390 Reg.
2618 5312 2852 5390 primus
2881 5313 3106 5390 ἀφαιρεῖ.

2222 5388 2412 5466 “(12)
2453 5384 2640 5466 ld‘em'
2668 5384 2875 5466 codex
2924 5384 3211 5466 ἐὥτηρίαν
3242 5384 3520 5466 ’ἀγούσῃ-ς.
3583 5384 3821 5466 _l_1ur_sus

2217 5454 2382 5511 idem
2409 5455 2684 5513 codexet
2710 5457 2858 5515 alter
2918 5457 3040 5512 οϐοῡ
3061 5454 3214 5514 :'sed
3237 5454 3431 5514 in'ora
3454 5456 3617 5528 Regii
3640 5459 3818 5531 primi

2222 5526 2515 5584 scriptum
2546 5526 2655 5584 fuit
2681 5548 2769 5584 νο.
2802 5479 3079 5584 «paganum.
3105 5528 3371 5584 Subinde
3401 5528 3567 5584 Colb.
3589 5531 3818 5584 primus

2222 5526 2515 5660 ξὲΐὶἓὲῗρ]
2546 5526 2655 5584 fuit
2681 5548 2769 5605 γρ.
2802 5526 3079 5604 φοϐοῦμαι.
3105 5528 3371 5588 Subinde
3401 5526 3567 5587 Colb'.
3589 5526 3821 5608 primus

2292 5618 2315 5660 ς
2446 5619 2497 5653 υ.

2219 5617 2315 5662 της
2345 5617 2497 5653 οσον.
