4098 6390
287 348 390 409 441

1383 342 1680 404 HOMILIA
1717 343 1784 399 IN
1822 341 2145 401 SANCTUM
2187 345 2561 407 BAPTISMA.

3551 353 3666 412 442

288 478 517 551 τιμιίων.
568 477 633 529 Τί
677 471 898 549 βέλτιον,
929 471 1037 527 εἰπέ
1066 492 1175 547 μοι,
1206 470 1556 531 πλουτοῦντας
1587 469 1722 540 ἡμᾶς
1764 466 1890 539 ὑπὲρ

2008 482 2079 523 ne
2108 467 2335 527 habere
2355 470 2606 543 quidem
2625 469 2793 528 initio
2820 472 3161 546 quidquam
3179 476 3349 550 quod
3368 478 3670 536 custodia-

286 574 376 628 τῆς
441 564 666 639 φυλακῆς
729 574 827 618 τῶν
891 569 1076 638 τιμίων
1140 562 1390 639 ἀγωνιᾴν,
1453 562 1482 620 ἦ
1553 554 1691 632 μηδὲ
1750 559 1890 627 ἔχειν

288 660 380 715 τὴν
427 654 602 731 ἀρχὴν
659 654 685 707 ὃ
733 654 1066 728 φυλάξωμεν;
1122 636 1311 714 ὀύὸεὶς
1356 649 1494 725 φόϐῳ
1551 656 1652 701 τῶν
1699 650 1892 720 στερή-

292 764 419 798 σεων
444 747 511 798 τὰ
557 743 731 817 ἀγαθά
769 743 1073 798 ἀπωθεῖται.
1116 742 1267 796 Οὕτω
1313 743 1414 817 γὰρ
1480 737 1540 792 ἀν
1589 733 1740 790 οὐδὲν
1792 743 1892 787 τῶν

290 831 616 908 ἀνθρωπίνων
667 837 915 905 συνέστη,
967 832 1011 885 εἰ
1056 830 1130 905 ἐφ’
1192 830 1396 902 ἑκάστῳ
1457 836 1555 881 τῶν
1584 821 1892 889 σπουδαζο-

288 927 448 997 μένων
500 926 589 984 τὰς
644 922 938 995 ἀποτυχίας
999 920 1356 993 ἐλογιζόμεθα.
1419 919 1741 992 Παράκειται
1787 916 1889 988 γάρ

288 1021 351 1086 τῇ
397 1017 625 1087 γεωργίᾳ
684 1016 773 1085 μὲν
833 1014 863 1070 ἠ
924 1009 1135 1086 ἀφορία,
1195 1016 1310 1071 ταῖς
1372 1007 1646 1082 ἐμπορίαις
1705 1001 1764 1056 de
1824 1004 1892 1055 τά

287 1103 532 1175 ναυάγια,
588 1109 694 1162 τοῖς
755 1102 950 1174 γάμοις
1012 1100 1068 1152 αἱ
1131 1104 1369 1174 χηρείαι,
1426 1102 1542 1157 ταῖς
1597 1088 1890 1166 παιδοτρο-

290 1196 428 1265 φίαις
488 1193 541 1244 αἰ
608 1188 931 1251 ἀτεκνώσεις.
992 1187 1128 1243 Ἀλλ’
1193 1189 1329 1260 ὅμως
1393 1184 1732 1257 ἐγχειροῦμεν
1787 1187 1891 1241 τοῖς

288 1283 492 1356 ἔργοις,
553 1288 669 1343 ταῖς
734 1283 1125 1355 χρηστοτέραις
1188 1276 1391 1330 ἐλπίσιν
1458 1269 1841 1348 ἐπερειδόμενοι
1873 1291 1887 1304 ο

283 1373 376 1429 τὴν
427 1366 487 1423 δὲ
540 1376 639 1423 τῶν
679 1368 1020 1422 ἐλπισθέντων
1069 1365 1281 1420 ἔκϐασιν
1340 1363 1649 1422 ἀνατιθέντες
1704 1368 1777 1431 τῷ
1824 1361 1892 1411 τὰ

283 1458 513 1534 ἡμέτερα
567 1459 921 1530 οἰκονομοῦντι
980 1463 1115 1527 Θεῷ.
1175 1458 1259 1527 Σὺ,
1294 1450 1380 1506 ηὸὶ
1436 1451 1705 1523 λόγῳίμὲν
1755 1447 1889 1502 ἀπο-

288 1550 549 1622 σεμνύνεις
602 1550 691 1600 τὸν
753 1546 1018 1619 ἁγιασμόν
1043 1566 1055 1578 ·
1118 1547 1250 1620 ἔργω
1308 1538 1367 1594 6“:
1420 1542 1531 1613 (13)
1583 1546 1689 1599 τοῖς
1744 1556 1890 1591 κατε-

280 1641 599 1709 γνωσμίνοις
642 1632 1001 1710 ὲνδιατρίϐεις.
1028 1633 1167 1709 Ὅρα
1213 1636 1284 1705 μή
1326 1634 1451 1684 ποτέ
1500 1647 1585 1682 σοι
1636 1646 1889 1701 μεταιμε-

282 1723 422 1796 λήση
473 1732 575 1775 τῶν
635 1730 808 1775 κακῶν
867 1720 1258 1795 βουλευμάτων,
1314 1720 1397 1771 ὅτε
1445 1716 1620 1790 ὄφελός
1669 1735 1754 1768 σοι
1798 1724 1891 1776 τῆς

281 1810 614 1885 μεταμελείας
659 1805 831 1867 οὐδέν.
892 1808 1267 1881 Σωγφονισάτω
1337 1825 1395 1859 σε
1440 1808 1498 1858 τὸ
1553 1812 1653 1857 τῶν
1700 1804 1891 1879 παρθέ-

282 1921 379 1953 νων
436 1897 759 1972 ύπόδειγμα.
814 1896 1033 1952 Ἐκείναι
1087 1900 1144 1950 τὸ
1195 1897 1362 1950 ἔλαιον
1407 1894 1454 1947 ἐν
1498 1901 1604 1956 τοῖς
1667 1891 1891 1965 ἀγγείοις

282 1994 355 2063 μὴ
387 1991 634 2063 ἔχουσαι,
676 1992 757 2042 ὅτε
788 1986 1133 2041 συνεισελθεῖν
1179 1985 1344 2048 αύτάς
1369 1983 1534 2060 ἐχρῆν
1560 1991 1634 2055 τῷ
1661 1986 1889 2055 νυμφίῳ,

283 2083 396 2134 τότε
424 2075 604 2141 ἐνδεῶς
650 2081 879 2150 ἔχουσαι
931 2086 1031 2131 τῶν
1084 2074 1378 2148 ἀναγκαίων
1431 2074 1745 2147 ᾐσθάνοντο.
1802 2073 1890 2123 Διό

281 2174 373 2224 καὶ
422 2172 597 2246 μωρὰς
643 2169 801 2231 αύτάς
847 2170 874 2222 6
920 2168 1068 2240 λόγος
1122 2166 1453 2233 ἀπεκάλεσεν,
1497 2166 1598 2232 ὅτι,
1631 2166 1719 2216 τὸν
1767 2182 1892 2214 και-

281 2262 374 2336 ρόν
443 2268 535 2320 τῆς
591 2265 684 2311 τοῦ
742 2257 914 2312 ἐλαίου
980 2262 1230 2330 χρήσεως
1287 2256 1355 2317 εἰς
1402 2257 1460 2307 τὸ
1527 2256 1742 2325 πεμέναι
1803 2255 1893 2303 καὶ

287 2347 635 2423 συμπορίζειν
712 2345 1186 2423 παραναλώσασαι,
1262 2344 1441 2398 ἔλαθον
1507 2342 1690 2402 ἑαυτὰς
1758 2338 1892 2392 ἀπο-

283 2438 557 2493 κλείσασαι
608 2445 700 2499 τῆς
756 2434 1106 2513 φαιδρότητος
1165 2442 1258 2489 τοῦ
1323 2442 1609 2508 νυμφῶνος.
1681 2436 1894 2490 Μήποτε

283 2532 375 2582 καὶ
413 2530 503 2597 σὺ,
551 2525 785 2580 ἐνιαυτὸν
825 2526 880 2589 ἐξ
914 2524 1175 2594 ἓνιαυτοῦ,
1225 2529 1317 2577 καὶ
1369 2532 1538 2596 μῆνας
1590 2521 1645 2574 ἐκ
1694 2528 1889 2594 μηνῶν,

284 2623 374 2672 καὶ
420 2620 619 2692 ἡμέραν
674 2615 728 2680 ἐξ
773 2618 967 2691 ἡμέρας
1016 2616 1451 2690 ὑπερτιθέμενος·
1503 2616 1594 2665 καὶ
1636 2615 1707 2689 μὴ
1754 2609 1892 2682 λαμ-

287 2707 451 2763 ϐάνων
514 2710 572 2761 τό
629 2705 796 2760 ἔλαιον
851 2710 944 2764 τὴν
1001 2709 1194 2781 τροφὴν
1260 2711 1352 2757 τοῦ
1412 2705 1597 2775 φωτός,
1665 2699 1893 2773 ἐμπέσης

285 2799 407 2851 ποτε
453 2794 522 2857 εἰς
570 2793 630 2853 ἢν
689 2794 749 2847 ού
795 2790 1098 2870 προσδοκᾷς
1135 2793 1351 2868 ἡμέραν,
1395 2792 1554 2849 ἡνίκα
1588 2787 1651 2841 ἀν
1700 2787 1892 2842 ἐπιλεί-

286 2891 432 2941 πωσί
457 2888 574 2958 (14)
616 2904 673 2939 σε
716 2884 896 2938 λοιπὸν
936 2886 991 2937 αἱ
1026 2890 1118 2938 τοῦ
1169 2883 1264 2955 ζῇν
1296 2880 1568 2957 ἀφορμαί·
1611 2877 1805 2952 ἀπορία
1835 2874 1894 2931 δὲ

292 2972 323 3049 ᾖ
380 2977 623 3030 πάντοθεν
671 2979 762 3027 καὶ
821 2973 995 3046 θλίψις
1056 2971 1487 3047 ἀπαραμύθητος,
1541 2967 1893 3043 ἀπειρηκότων

288 3067 381 3140 μὶν
421 3065 622 3141 ἰατρῶν,
674 3063 1027 3138 ἀπειρηκότων
1086 3058 1146 3115 6":
1191 3070 1293 3114 τῶν
1333 3060 1535 3114 οἰκείων
1560 3080 1573 3093 ο
1608 3060 1691 3112 ὅτε
1714 3064 1895 3129 πυκνῷ

2003 560 2182 614 mus?
2208 561 2394 616 Nemo
2427 559 2804 632 spoliationis
2833 568 2999 620 metu
3026 565 3305 636 repudiat
3331 566 3522 624 bona.
3582 571 3670 625 Ita

2004 647 2165 704 enim
2181 648 2330 705 nihil
2356 664 2560 706 rerum
2579 649 2993 708 humanarum
3014 654 3449 721 consisteret,si
3465 657 3528 713 in
3551 657 3671 714 sin-

2003 737 2158 811 gulis
2186 754 2450 811 quorum
2481 739 2684 797 studio
2715 745 3010 813 tenemur,
3039 743 3326 800 adversos
3361 759 3541 802 casus
3579 750 3670 804 at-

2001 827 2563 886 tenderemus.Nam
2581 829 2861 887 sterilitas
2885 831 3671 905 agriculturam,naufragia

2002 919 2675 991 mercaturam,nuptias
2695 918 2978 990 viduitas,
3003 920 3336 978 liberorum
3366 922 3668 981 educatio-

2000 1021 2143 1062 nem
2170 1006 2400 1064 orbitas
2429 1007 3054 1066 comitatur.Attamen
3078 1010 3468 1081 aggredimur
3483 1027 3671 1084 opera

1998 1096 2155 1169 ipsa,
2179 1096 2413 1153 meliori
2453 1113 2560 1169 spe
2597 1097 2823 1154 innixi:
2871 1115 3074 1155 rerum
3104 1116 3248 1157 vero
3279 1101 3505 1157 exitum
3543 1104 3665 1158 Deo

2000 1190 2210 1242 nostra
2228 1184 2571 1242 moderanti
2591 1187 3191 1246 committimus.Tute
3201 1189 3402 1246 verbis
3421 1190 3671 1262 quidem

2001 1273 2703 1346 sanctimoniamzmagni
2732 1275 2879 1332 facis
2900 1295 2924 1339 ,ε
2957 1293 3021 1333 re
3046 1293 3187 1335 vero
3206 1278 3344 1351 ipsa
3369 1278 3435 1335 in
3463 1278 3672 1351 deplo-

1997 1367 2270 1421 ratorum
2297 1365 2797 1438 perditorumque
2830 1382 3086 1423 numero
3113 1368 3392 1424 versaris.
3415 1367 3558 1425 Vide
3586 1384 3666 1425 ne

2000 1454 2249 1526 quando
2270 1458 2327 1511 te
2346 1455 2637 1526 paeniteat
2664 1454 2970 1512 malorum
2998 1455 3412 1525 consiliorum,
3428 1473 3570 1514 cum
3598 1472 3673 1515 ex

2000 1542 2355 1615 poenitentia
2368 1542 2516 1599 nihil
2532 1544 2734 1617 capies
2750 1543 3042 1602 utilitatis.
3060 1545 3424 1603 Prudentem
3448 1550 3505 1603 te
3529 1546 3670 1603 red-

2000 1630 2107 1688 dat
2126 1630 2431 1703 virginum
2451 1632 2801 1705 exemplum
2812 1635 2882 1686 2⁵.
2915 1632 3031 1689 illas
3054 1633 3255 1691 oleum
3275 1634 3337 1691 in
3356 1635 3518 1691 vasis
3538 1650 3667 1692 non

1999 1714 2311 1790 habentes,
2329 1736 2469 1777 cum
2493 1720 2729 1792 ingredi
2757 1720 2891 1779 illas
2920 1726 3044 1780 un‘a
3069 1739 3210 1780 cum
3242 1738 3471 1796 sponso
3490 1739 3668 1797 opor'

1932 1822 1974 1876 Β
2002 1811 2170 1876 teret,
2194 1813 2324 1866 tum
2348 1810 2706 1867 necessariis
2725 1810 2908 1868 rebus
2929 1812 3172 1870 destitui
3197 1828 3260 1868 se
3289 1813 3673 1871 animadver-

2000 1900 2609 1972 terunt.Quapropter
2623 1900 2927 1973 Scriptura
2942 1900 3143 1959 fatuas
3160 1901 3343 1960 etiam
3359 1919 3462 1960 eas
3471 1906 3670 1972 vocat,

2001 1986 2169 2059 quod
2189 1986 2254 2043 id
2274 1991 2515 2061 tempus
2535 2004 2658 2062 quo
2690 1989 2987 2047 utendum
3017 1989 3152 2048 oleo
3173 1995 3320 2061 erat,
3334 1990 3396 2048 in
3417 1990 3675 2049 circum-

2002 2076 2208 2134 eundo
2235 2080 2293 2135 et
2313 2078 2733 2150 comparando
2756 2078 3154 2151 insumentes,
3175 2080 3594 2154 imprudenter
3616 2085 3675 2139 et
3756 2126 3771 2140 .

1999 2164 2238 2223 incaute
2263 2182 2300 2223 a
2325 2165 2576 2225 thalami
2628 2168 2856 2237 gaudio
2881 2169 3238 2243 semetipsas
3262 2169 3667 2228 excluserunt.

2002 2254 2150 2312 Vide
2167 2270 2245 2313 ne
2266 2260 2331 2312 tu
2349 2271 2597 2329 quoque
2617 2271 2852 2315 annum
2872 2257 2949 2314 de
2965 2272 3148 2329 anno,
3161 2272 3398 2315 menses
3417 2258 3493 2314 de
3507 2273 3675 2315 men-

2002 2343 2361 2416 sibus,diem
2381 2344 2459 2402 de
2487 2344 2585 2402 die
2606 2344 3040 2431 differensmec
3060 2345 3264 2404 oleum
3282 2345 3531 2403 luminis
3561 2346 3671 2404 ali-

2000 2437 2274 2491 mentum
2300 2434 2713 2506 assumens,in
2725 2433 2888 2491 diem
2904 2434 3385 2507 inexspectatam
3398 2434 3672 2508 aliquan-

2000 2522 2081 2580 do
2120 2521 2377 2590 incidas,
2419 2538 2559 2579 cum
2584 2523 2714 2595 jam
2740 2522 2980 2581 deﬁciet
3024 2527 3080 2581 te
3117 2522 3361 2589 vivendi
3391 2522 3673 2594 facultas,

2001 2610 2529 2684 eritque,undique
2555 2610 2859 2684 angustia,
2890 2615 2947 2669 et
2983 2611 3227 2669 afﬂictio
3248 2612 3671 2685 cujuscunque

1997 2701 2326 2760 levamenti
2341 2701 3050 2775 expers,desperantibus
3064 2701 3673 2775 medicis,desperan~

2000 2789 2160 2848 tibus
2190 2795 2248 2847 et
2274 2790 2655 2864 propinquis,
2698 2806 2841 2848 cum
2869 2790 3083 2848 crebro
3113 2795 3172 2848 et
3212 2791 3374 2848 sicco
3403 2789 3674 2848 anhelitu

2000 2894 2293 2952 pressus;
2321 2879 2665 2937 vehementi
2687 2879 2855 2937 febre
2884 2880 3156 2937 internas
3190 2883 3394 2953 partes
3436 2878 3677 2936 inﬂam-

2003 2970 2210 3025 mante
2232 2972 2415 3041 atque
2440 2966 3245 3038 succendente;ingemisces
3275 2968 3525 3041 quidem
3541 2982 3679 3041 pec-

2004 3059 2133 3114 tore
2169 3056 2316 3124 imo,
2348 3056 2457 3113 sed
2477 3056 2583 3130 qui
2609 3056 2932 3115 condoleat
2957 3057 3220 3131 reperies
3238 3056 3569 3114 neminem.
3592 3060 3677 3113 Ac

287 3155 523 3227 ἄσθματι
568 3158 659 3207 καὶ
704 3153 846 3227 ξηρῷ
879 3154 1242 3225 συνεχόμενος,
1286 3156 1513 3225 πυρετοῦ
1541 3147 1735 3218 λάϐρον
1767 3143 1894 3200 δια-

2008 3146 2252 3219 loquere
2296 3145 2544 3218 quidem
2594 3149 2776 3203 tenue
2812 3146 3043 3219 aliquid
3083 3150 3141 3202 et
3168 3145 3493 3203 remissum
3522 3161 3535 3200 :
3567 3144 3678 3201 sed

285 3249 519 3305 καίοντος
572 3246 638 3297 τὰ
689 3239 835 3295 ἔνδον
894 3246 984 3295 καὶ
1031 3241 1456 3313 ύποσμύχοντος,
1499 3236 1757 3300 στενάξεις
1805 3239 1895 3308 μὲν

287 3331 390 3388 ἀπό
437 3336 607 3407 μέσης
653 3327 900 3406 καρδίας,
946 3333 1036 3384 τὸν
1084 3326 1144 3382 δὲ
1194 3327 1608 3400 συλλυπούμενον
1656 3326 1762 3399 οὐχ
1809 3326 1896 3378 εύτ

283 3427 479 3498 ρήσεις.
523 3425 625 3476 Καὶ
654 3419 846 3493 φθέγξῃ
894 3423 984 3492 μέν
1019 3438 1073 3472 τι
1100 3417 1284 3471 λεπτόν
1331 3422 1422 3470 καὶ
1467 3413 1707 3491 ἀδρανὶς,
1757 3415 1784 3466 ὁ
1837 3410 1897 3468 ὃὶ

285 3511 491 3565 ἀκούων
538 3509 634 3564 οῦκ
672 3511 820 3562 ἔσται
851 3512 959 3577 (15)
987 3529 1000 3541 ·
1041 3513 1144 3561 πᾶν
1183 3503 1244 3560 δὲ
1292 3509 1350 3560 τὸ
1404 3505 1711 3577 λαλούμενον
1754 3506 1899 3579 παρά

292 3605 391 3654 σοῦ
455 3600 524 3661 ὡς
576 3599 956 3673 παραφροσύνη
1005 3601 1434 3670 καταφρονεῖται.
1491 3598 1580 3654 Τίς
1630 3588 1796 3645 δώσει
1838 3594 1897 3644 τὸ

292 3688 583 3763 βάπτισμα
658 3690 816 3755 τότε;
883 3691 972 3747 Τίς
1037 3687 1330 3758 ὑπομνήσει
1402 3685 1755 3759 κεκαρωμένον
1827 3688 1898 3752 τῷ

290 3779 483 3846 πάθει;
514 3777 580 3831 Οἰ
625 3782 971 3852 προσήκοντες
1000 3773 1312 3848 ἀθυμοῦσιν,
1347 3774 1397 3826 οἰ
1449 3773 1543 3835 ἔξω
1572 3779 1665 3824 τοῦ
1701 3772 1899 3831 πάθους

290 3873 727 3941 καταφρονοῦσιν,
771 3866 797 3918 6
845 3864 986 3938 φίλος
1056 3863 1192 3918 ὀκνεῖ
1237 3867 1331 3922 τήν
1363 3864 1658 3920 ὑπόμνησιν
1697 3864 1762 3922 ὡς
1799 3879 1898 3913 τα-

292 3962 471 4033 ραχὴν
515 3955 855 4030 ἐμποιοῦσαν,
905 3959 937 4013 ἦ
986 3973 1088 4008 που
1144 3957 1234 4006 καὶ
1294 3955 1469 4026 ἰατρὸς
1527 3950 1780 4021 ἐξαπατᾷ,
1806 3954 1899 4003 καὶ

298 4049 514 4101 σεαυτὸν
570 4045 665 4100 οῦκ
723 4043 1097 4117 ἀπογινώσκεις
1154 4038 1250 4095 δ’ιά
1295 4046 1353 4095 τὸ
1412 4043 1566 4115 φύσει
1613 4040 1891 4113 φιλόζωον.

294 4135 408 4200 Νὺξ
462 4140 552 4189 καὶ
581 4134 775 4211 ἐρημία
819 4142 920 4185 τῶν
975 4130 1309 4204 βοηθούντων
1337 4151 1351 4165 ο
1401 4132 1427 4183 6
1468 4129 1742 4204 βαπτίζων
1785 4130 1900 4202 (16)

296 4226 356 4280 ού
406 4227 686 4303 πάρεστιν.
724 4224 783 4276 Ὀ
836 4224 1053 4284 θάνατος
1104 4226 1428 4298 παρέστηκεν
1457 4249 1470 4260 ~
1522 4222 1571 4273 οἱ
1619 4218 1902 4292 ἀπάγοντες

295 4320 683 4388 κατεπείγουσι.
730 4317 819 4375 Τίς
867 4314 893 4366 ὁ
945 4312 1344 4388 ἐξαιρούμενος;
1387 4312 1532 4377 Θεὸς,
1579 4310 1605 4364 ὁ
1644 4327 1900 4383 καταφρο-

2002 3251 2129 3293 non
2156 3235 2267 3292 erit
2292 3234 2396 3308 qui
2425 3233 2669 3305 audiat;
2702 3234 3005 3309 quidquid
3024 3239 3230 3292 autem
3257 3233 3551 3308 proferes,
3575 3248 3677 3289 ve-

2001 3324 2092 3383 lut
2110 3323 2582 3382 deliramentum
2604 3329 3044 3383 contemnatur.
3067 3325 3209 3391 Quis
3247 3330 3378 3382 tum
3408 3322 3677 3381 conferet

2002 3413 2354 3486 baptisma?
2385 3412 2528 3480 Quis
2549 3413 2822 3471 monebit
2844 3419 2921 3481 te,
2943 3430 3162 3488 sopore
3193 3414 3312 3471 alto
3336 3418 3395 3470 et
3410 3413 3582 3484 gravi
3601 3428 3678 3469 ex

2004 3501 2223 3559 morbo
2271 3502 2665 3573 correptum?
2709 3505 2954 3560 Maerent
3007 3502 3359 3576 propinqui,
3391 3501 3677 3559 morbum

2005 3590 2188 3650 alieni
2220 3594 2656 3649 contemnunt:
2698 3593 2932 3649 monita
2951 3593 3131 3665 quasi
3156 3590 3677 3665 perturbationem

2007 3682 2320 3740 aﬂ'erentia
2348 3682 2599 3753 negligit
2621 3683 2881 3751 amicus,
2898 3688 3002 3740 aut
3018 3683 3170 3740 forte
3190 3683 3374 3740 etiam
3401 3681 3677 3739 medicus

2007 3771 2245 3844 decipit,
2278 3788 2391 3828 nec
2413 3772 2489 3829 de
2512 3773 2708 3845 teipso
2738 3772 3029 3846 desperas
3055 3771 3137 3829 ob
3172 3760 3515 3828 naturalem
3541 3770 3680 3827 vitm

2005 3877 2301 3919 amorem.
2333 3864 2462 3918 Nox
2486 3865 2599 3929 est,
2644 3877 2758 3918 nec
2800 3865 2942 3918 sunt
2989 3859 3292 3918 auxiliarii
3350 3858 3503 3916 ulli:
3554 3874 3682 3916 non

2007 3951 2178 4008 adest
2206 3951 2310 4024 qui
2329 3950 2613 4023 baptizet.
2647 3955 2815 4008 Astat
2833 3966 3021 4018 mors,
3051 3953 3301 4021 urgente
3331 3949 3439 4022 qui
3480 3947 3682 4006 abdu-

2009 4043 2170 4121 cant.
2191 4039 2410 4113 Ecquis
2442 4045 2496 4096 te
2525 4038 2781 4112 eripiet?
2812 4039 3109 4111 Deus,qui
3132 4042 3521 4111 contemptus
3543 4037 3678 4093 est?

2008 4133 2085 4187 Te
2109 4129 2335 4187 scilicet
2357 4134 2485 4186 tum
2514 4128 2817 4197 exaudiet,
2852 4133 2916 4185 tu
2936 4129 3101 4185 enim
3127 4144 3268 4183 eum
3292 4143 3457 4184 nunc
3479 4126 3682 4185 audis.

2009 4221 2268 4292 Tempus
2297 4218 2664 4292 praefinitum
2693 4217 3086 4292 prorogabit?
3107 4216 3340 4275 Scilicet
3363 4215 3509 4274 dato
3541 4220 3684 4273 tem-

2013 4324 2162 4383 pore
2182 4310 2376 4382 probe
2406 4324 2556 4365 usus
2586 4323 2671 4363 es.

296 4408 504 4474 νηθείς;
533 4404 666 4460 Ἀλλ’
699 4403 1067 4459 εἰσακούσεται
1111 4405 1224 4456 τότε
1252 4423 1264 4436 ·
1300 4404 1366 4454 σὺ
1415 4402 1518 4476 γὰρ
1546 4397 1709 4456 αὐτοῦ
1761 4407 1849 4455 νῦν
1903 4400 2190 4462 εἰσακούεις
2219 4400 2357 4471 (17).
2392 4400 2724 4473 Προθεσμίαν
2774 4393 2965 4467 ddum;
2998 4396 3174 4460 Καλῶς
3202 4399 3303 4474 γάρ
3347 4396 3569 4474 ίχρήσω
3614 4407 3681 4473 τῇ

300 4493 579 4570 δεδομένη.

370 4588 424 4642 8.
456 4580 658 4645 Μηδεὶς
698 4601 755 4636 σε
802 4580 1111 4647 ἐξαπαυάτω
1156 4586 1321 4641 κενοῖς
1362 4578 1549 4650 λόγοις.
1584 4578 1903 4638 Ἐπιστὴσε-
1938 4581 1984 4636 D

296 4695 384 4730 ται
402 4675 505 4748 γάρ
539 4694 624 4727 σοι
649 4669 906 4746 αἰφνίδιος
926 4670 1244 4744 ὅλεθροῆκαὶ
1270 4669 1300 4727 ὴ
1340 4672 1680 4742 καταστροφή
1713 4670 1905 4741 ὁμοίως

298 4760 578 4836 καταιγίῶ
640 4767 926 4840 παρέσται.
1001 4758 1150 4822 Ἥξει
1210 4757 1422 4831 ἄγγελος
1482 4760 1741 4830 κατηφὴς,
1809 4755 1906 4810 ἀπ-

369 4864 417 4899 ²⁶
457 4859 659 4920 Matth.
688 4876 828 4932 xxv,
868 4865 913 4918 l.
955 4874 1091 4932 sqq.
1170 4859 1215 4894 ’7
1250 4857 1465 4931 Ephes.
1491 4874 1554 4914 γ.
1589 4861 1642 4913 6.

380 4980 491 5054 (13)
511 4978 681 5045 Illud,
706 4980 840 5054 ἔργῳ
867 4974 947 5047 δέ,
971 4980 1112 5044 etc.,
1132 4974 1215 5031 ita
1245 4973 1438 5054 accipi
1455 4973 1669 5054 debet:
1696 4971 1914 5054 sedfe

349 5064 413 5103 ro
445 5045 738 5107 damnato'
758 5045 821 5106 es
845 5064 918 5105 ac
934 5045 1068 5118 'pro
1088 5062 1210 5103 reo.
1235 5046 1317 5101 Es
1337 5045 1403 5103 2'2“:
1427 5045 1905 5118 deploratis.,V_o-

332 5123 641 5177 aterranus
680 5121 766 5177 sic
812 5116 1109 5177 verterat:
1145 5118 1336 5188 Opere
1373 5133 1511 5174 vero
1540 5133 1676 5175 cum
1700 5116 1914 5188 profa—

306 5192 401 5248 nis
430 5206 505 5249 ac
532 5193 863 5262 deploratis
891 5191 1313 5262 commercium
1342 5188 1547 5262 (tabes.

377 5264 492 5333 (14)
522 5259 764 5337 Veteres
784 5263 1054 5337 quinque
1068 5260 1221 5337 libri
1263 5259 1584 5337 ἐπιλείπουσι.
1617 5259 1768 5337 ξεᾲἱζὶ
1795 5259 1910 5312 ίπι-

301 5327 518 5391 λίπωσί.
551 5327 1040 5408 Αιῇᾳιιξιῑῐῑοᾷρρει
1061 5332 1226 5408 Cplb.
1254 5331 1489 5408 primus
1519 5333 1587 5408 τὰ
1614 5327 1835 5408 είδοθεν.

376 5407 491 5479 (15)
506 5410 572 5463 In
599 5401 844 5463 duobus
862 5401 1215 5479 Cblbertinis
1231 5401 1342 5475 pro
1368 5404 1519 5455 ἔσται
1532 5401 1749 5472 legitur
1764 5405 1906 5479 εστι.

305 5474 440 5535 de
462 5474 624 5535 unus
650 5495 762 5534 ms.
789 5481 854 5539 ὡς
880 5474 1259 5550 παραφροσύνη
1280 5481 1687 5550 καταφανεῖται,
1702 5478 1774 5550 αξ
1802 5474 1909 5550 de-

304 5552 696 5607 liramentum
725 5545 1072 5620 apparebit,
1086 5546 1263 5602 lectio
1291 5545 1435 5601 non
1459 5545 1643 5604 mala.
1670 5545 1821 5604 Editi
1854 5550 1912 5602 et

305 5621 408 5695 alii
430 5621 563 5695 (lth
576 5638 727 5695 mss.
750 5625 1169 5695 καταφρονεῖται,
1197 5620 1625 5695 σθαι-επινιξιαν,

378 5692 498 5767 (16)
525 5692 695 5753 Colb.
726 5686 959 5768 primus
986 5690 1032 5745 εἰ
1068 5690 1095 5744 6
1135 5686 1429 5764 βαπτίζων.
1462 5688 1575 5747 Alii
1593 5687 1716 5752 duo
1743 5704 1899 5748 mss.

2089 4578 2355 4635 8.Nemo
2390 4580 2448 4634 te
2484 4577 2733 4635 seducat
2773 4576 3060 4634 inanibus
3107 4576 3301 4633 verbis
3322 4577 3390 4630 υ.
3415 4576 3568 4632 Nam
3597 4587 3688 4630 re"

2015 4667 2301 4741 pentinus
2322 4666 2429 4724 tibi
2457 4665 2799 4723 imminebit
2826 4665 3096 4723 interitus
3111 4665 3254 4733 ",et
3273 4663 3521 4721 exitium
3552 4678 3689 4735 pro-

2018 4756 2183 4814 cellae
2209 4756 2402 4815 simile
2421 4756 2852 4816 aderit.Veniet
2881 4754 3136 4826 angelus
3167 4752 3688 4825 tristis,abducens

1721 4857 1770 4893 ³⁸
1797 4859 1818 4914 I
1847 4855 2052 4913 Thess.
2083 4874 2142 4914 v.
2171 4862 2224 4915 3.

2022 4974 2053 5033 ἢ
2085 4972 2438 5050 δβαπῗίξίὲν·
2470 4973 2729 5050 Ulraque
2770 4969 2991 5050 10.0918
3040 4970 3083 5050 ei
3113 4973 3219 5050 ιεεῆ
3245 4969 3422 5050 ,ἀδεεῖ
3456 4966 3688 5050 ΨΜ-

2015 5040 2171 5117 gati's
2192 5049 2250 5101 et
2268 5045 2331 5101 in
2360 5047 2502 5114 Reg.
2536 5040 2754 5117 primo.
2779 5043 3010 5099 Ibidem
3041 5041 3211 5100 Colb.
3239 5040 3446 5097 tertius
3470 5040 3689 5102 θάνατος

2021 5119 2295 5192 πάρεστιν.
2351 5186 2390 5192 __
2532 5185 2564 5192 Α
2678 5185 2692 5192 _
2764 5187 2789 5192 η
2836 5186 2846 5192 _
2940 5185 2950 5192 -
2995 5154 3029 5192 ..

2090 5182 2214 5261 (l7)
2248 5186 2495 5261 Codices
2526 5185 2955 5261 Combeiisiani
2985 5184 3222 5261 ᾀκούεις.
3243 5182 3359 5261 Alii
3390 5187 3509 5261 tres
3539 5198 3688 5261 mss.

2021 5254 2266 5316 et'edili
2314 5258 2623 5320 εἰσακούεις.
2659 5258 2827 5313 Colb.
2882 5259 3090 5313 tertius
3146 5254 3253 5308 ἀλλ’
3305 5255 3398 5308 οῦκ
3441 5254 3690 5308 εἰσακού-

2023 5350 2171 5384 σεται
2213 5334 2348 5397 τότε,
2400 5330 2459 5383 ού
2504 5334 2603 5405 γὰρ
2668 5329 2829 5382 αὐτοῦ
2883 5336 2972 5405 νῦν
3039 5327 3352 5395 εἰσακούεις,
3404 5326 3508 5405 sed
3558 5342 3685 5405 (ιῇοῃ

2020 5402 2304 5460 exaudiet
2336 5396 2665 5467 rtunc,'n'on
2711 5402 2865 5457 enim
2893 5401 3073 5456 illum
3123 5414 3287 5455 nunc
3319 5399 3519 5455 audis.
3571 5396 3691 5453 Sed

2019 5475 2169 5530 mihi
2196 5488 2321 5530 non
2349 5472 2607 5529 dubium
2636 5479 2728 5529 est
2747 5471 2895 5544 quin
2925 5471 3142 5544 vocula
3169 5471 3229 5524 ού
3257 5469 3481 5544 ειίίιίὶῑιεΔ
3504 5467 3582 5544 sit
3607 5467 3688 5523 ab

2019 5546 2247 5622 aliquo,
2268 5546 2374 5617 qui
2399 5560 2537 5622 cum
2564 5559 2687 5601 non
2716 5537 3221 5622 animadverteret
3266 5541 3396 5622 haec
3425 5537 3543 5622 dici
3580 5554 3690 5622 per

2015 5608 2633 5683 ironiamInegantem
2661 5613 3025 5683 particulam
3048 5610 3463 5683 necessariam
3488 5608 3685 5667 duxit.

2018 5691 2141 5748 Hoc
2157 5677 2295 5763 ipso
2317 5677 2544 5747 in'loco
2574 5677 2743 5748 Colb.
2772 5686 3007 5760 primus
3025 5685 3351 5759 προθεσμίαν
3379 5677 3459 5737 δέ.
