4098 6380
421 335 525 390 443

1809 323 1864 378 s.
1907 318 2165 377 BASILIl
2202 323 2426 383 MAGNI
2532 299 2555 317 “

3680 334 3789 389 444

419 455 726 525 violenter,
750 454 1116 525 trahensque
1163 453 1433 509 animam
1460 457 1631 508 tuam
1660 448 1922 523 peccatis
1950 447 2074 503 vin-

2190 448 2328 518 άγων
2361 446 2548 521 βιαίως
2586 456 2676 504 καὶ
2726 453 2895 526 σύρων
2934 450 3048 519 (18)
3083 468 3178 504 σου
3226 455 3321 512 τὴν
3358 452 3545 527 ψυχὴν
3577 452 3790 530 δεδεμέ-

419 550 601 613 ctam,
632 544 844 601 crebro
871 542 976 599 sed
1001 542 1082 599 ad
1112 542 1398 615 quaslibet
1418 540 1740 615 praesentia
1759 539 2076 595 obverten-

420 640 639 706 tem,ac
655 633 783 689 sine
799 648 948 689 voce
964 630 1577 702 gementem,occluso
1593 631 1721 701 jam
1744 627 2076 698 gemituum

421 740 492 781 ac
519 723 928 780 lamentorum
949 737 1199 792 organo.
1215 724 1258 778 Ο
1280 736 1470 793 quam
1495 718 1819 777 dilaniabis
1838 721 1895 774 te
1913 715 2069 790 ipse!

419 816 722 886 quantum
751 810 1142 882 ingemisces!
1177 810 1293 866 Sed
1323 815 1376 866 te
1413 811 1583 880 122
1611 813 1856 865 tuorum
1881 804 2076 862 consi-

416 903 636 960 liorum
659 901 881 957 frustra
908 898 1238 973 paenitebit,
1271 914 1409 955 cum
1440 898 1671 954 videbis
1694 896 1835 953 hinc
1870 894 2073 952 hilari-

417 995 605 1048 tatem
627 990 932 1061 justorum
952 988 1027 1045 de
1058 988 1300 1059 egregia
1320 987 1624 1044 donorum
1653 984 2073 1043 distributione

415 1080 772 1145 laetantium,
804 1078 964 1134 illinc
992 1092 1312 1134 maerorem
1342 1080 1732 1149 peccatorum
1769 1075 1873 1148 qui
1898 1074 1959 1130 in
1984 1072 2072 1130 al-

417 1168 665 1225 tissimis
680 1166 939 1224 tenebris
954 1166 1263 1238 jacebunt.
1297 1168 1440 1232 Quas
1465 1170 1607 1221 tunc
1636 1164 1907 1220 dicturus
1926 1178 1989 1220 es
2008 1162 2072 1220 in

417 1257 626 1316 dolore
651 1256 851 1314 cordis
867 1255 987 1313 tui?
1003 1256 1105 1312 Hei
1125 1254 1294 1323 mihi,
1308 1256 1424 1311 hoc
1444 1269 1628 1325 grave
1648 1253 1877 1327 peccati
1892 1268 2069 1319 onus,

417 1363 557 1405 cum
581 1346 644 1403 id
669 1362 889 1404 exuere
915 1346 999 1402 ita
1028 1344 1202 1402 facile
1224 1348 1399 1413 esset,
1429 1359 1555 1400 non
1578 1343 1805 1415 abjecil
1836 1343 1946 1400 sed
1973 1343 2072 1399 ho-

416 1453 553 1495 rum
579 1436 880 1494 malorum
904 1451 1191 1492 acervum
1212 1434 1497 1491 traxi.Hei
1516 1433 1686 1502 mihi,
1709 1432 1981 1490 maculas
2000 1448 2073 1490 ac

416 1526 623 1583 sordes
640 1540 763 1582 non
779 1524 974 1582 ablui!
999 1523 1111 1580 sed
1130 1540 1266 1580 sum
1286 1523 1550 1596 peccatis
1569 1522 2069 1579 commaculatus.

415 1618 584 1673 Nuno
597 1630 792 1671 essem
808 1630 949 1671 cum
964 1612 1194 1684 angelis
1209 1632 1222 1669 :
1237 1628 1399 1669 nunc
1416 1611 1753 1669 cmlestium
1769 1611 2074 1669 bonorum

414 1703 643 1762 deliciis
661 1702 909 1761 fruerer.
933 1705 976 1761 0
996 1718 1190 1775 prava
1211 1701 1461 1759 consilia
1490 1702 1503 1759 !
1533 1701 1613 1758 ob
1642 1701 2074 1774 temporariam

2186 555 2276 595 νην
2343 546 2460 600 ταῖς
2520 540 2820 615 ἁμαρτίαις,
2887 542 3059 593 πυκνά
3116 549 3596 618 μεταστρεφομένην
3663 551 3791 622 πρός

2183 629 2251 679 τὰ
2298 623 2423 695 ὦδε,
2475 634 2565 682 καὶ
2622 627 2945 705 ὀδυρομένην
3006 631 3126 683 ἄνευ
3180 639 3369 703 φωνῆς,
3420 642 3515 687 τοῦ
3565 634 3787 711 ὀργάνου

2182 713 2360 769 λοιπόν
2419 725 2518 770 τῶν
2587 720 2784 794 θρήνων
2851 717 3294 782 ἀποκλεισθέντος.
3330 721 3401 776 Ὢ.
3454 727 3599 777 πόσα
3646 743 3788 779 σπα-

2182 804 2357 877 ράξεις
2402 807 2652 862 σεαυτόν]
2699 812 2844 862 πόσα
2897 808 3191 873 στενάξειςί
3240 812 3484 886 ἄπρακτα
3527 823 3787 887 μετανοῶν

2183 892 2265 946 ἐπὶ
2294 902 2405 957 τοῖς
2430 895 2809 969 βουλευθεῖσιν,
2852 899 2973 951 ὅταν
3020 895 3147 973 ῖδῇς
3183 904 3273 960 τὴν
3304 899 3635 978 φαιδρότητα
3685 912 3787 957 τῶν

2183 978 2402 1036 δικαίων
2449 983 2500 1040 ἕν
2537 994 2601 1059 τῇ
2651 985 2867 1063 λαμπρᾷ
2904 984 3129 1061 διανομῇ
3171 996 3269 1042 τῶν
3320 986 3524 1066 δώρῶν,
3563 996 3654 1045 καὶ
3692 997 3787 1054 τήν

2181 1078 2461 1146 κατήφειαν
2513 1082 2614 1127 τῶν
2667 1075 2982 1152 ἁμαρτωλῶν
3039 1076 3089 1130 ἄν
3128 1086 3201 1149 τῷ
3259 1083 3436 1134 σκότει
3487 1088 3560 1151 τῷ
3609 1080 3788 1155 βαθυ-

2180 1164 2337 1234 τάτῳ·
2377 1165 2481 1217 Οἷα
2522 1163 2654 1240 ἐρεῖς
2697 1163 2745 1217 ἐν
2789 1174 2852 1239 τῇ
2895 1162 3057 1240 ὀδύνη
3106 1174 3198 1229 τῆς
3236 1164 3463 1241 καρδίας
3504 1188 3600 1224 σου
3629 1175 3782 1240 τότε;

2182 1250 2246 1305 A2
2301 1254 2383 1324 με,
2438 1258 2511 1325 μὴ
2567 1251 2858 1330 ἀπορρίψω
2915 1256 2978 1308 τὸ
3035 1253 3176 1329 βαρὺ
3240 1264 3395 1311 τοῦτο
3443 1263 3653 1335 φορτίον
3689 1267 3786 1333 τῆς

2182 1340 2460 1417 ἁμαρτίας,
2510 1343 2645 1396 οὕτω
2698 1340 2887 1418 ῥᾳδίας
2929 1346 3089 1406 οὔσης
3126 1353 3220 1407 τῆς
3278 1345 3600 1419 ἀποθέσεως,
3656 1347 3788 1405 ἀλλά

2177 1434 2263 1484 τὸν
2318 1435 2485 1508 σωρόν
2514 1441 2614 1487 τῶν
2640 1440 2811 1486 κακῶν
2840 1436 3031 1487 τούτων
3079 1432 3407 1507 ἔφελκεσθαι.
3448 1437 3513 1491 Al
3564 1442 3647 1513 μὶ,
3695 1442 3789 1502 τὰς

2179 1517 2405 1583 κηλῖδας
2459 1526 2531 1595 μὴ
2599 1521 3032 1596 ἀποπλύνασθαι,
3101 1523 3230 1579 ἀλλὰ
3287 1525 3590 1601 ἐστιγμένον
3656 1525 3786 1584 εἶναι

2178 1616 2290 1671 ταῖς
2350 1610 2647 1685 ἁμαρτίαις.
2702 1619 2810 1665 Νῦν
2858 1611 2919 1664 ἄν
2976 1616 3117 1685 ἤμην
3174 1616 3305 1687 μετά
3356 1624 3457 1669 τῶν
3511 1615 3741 1689 ἀγγελῶν
3768 1637 3784 1655 ο

2181 1706 2269 1751 νῦν
2331 1698 2392 1752 ἂν
2451 1708 2561 1764 τοῖς
2619 1700 2881 1776 οὐρανίοις
2944 1699 3159 1774 ἀγαθοῖς
3219 1702 3519 1779 ἐνετρύφων.
3569 1705 3637 1758 Ὢ
3683 1714 3785 1761 τῶν

414 1793 649 1867 peccati
677 1792 1142 1849 delectationem
1175 1796 1468 1847 aeternum
1493 1790 1827 1847 excrucior:
1850 1790 1930 1846 ob
1956 1805 2075 1846 car-

2183 1798 2420 1864 πονηρῶν
2496 1788 2863 1863 βουλευμάτων
2906 1789 2919 1844 ι
2989 1787 3084 1844 διὰ
3146 1797 3467 1868 πρόσκαιρον
3530 1793 3785 1872 ἁμαρτίας

415 1883 511 1940 nis
539 1882 913 1955 voluptatem
942 1880 1069 1952 igni
1099 1880 1325 1937 trador.
1373 1882 1609 1937 Justum
1652 1884 1743 1935 est
1778 1879 2075 1951 judicium

417 1971 519 2028 Dei
547 1988 562 2028 :
585 1970 874 2039 vocabar,
902 1975 958 2027 et
982 1986 1107 2027 non
1134 1970 1503 2028 obediebam
1527 1987 1541 2026 :
1569 1968 1853 2039 docebar,
1877 1974 1936 2026 et
1953 1970 2078 2027 ani-

317 2097 339 2116 .
414 2076 586 2117 mum
614 2076 739 2117 non
777 2059 1166 2117 attendebam
1199 2076 1213 2115 :
1243 2059 1707 2117 obtestabantur
1725 2073 1844 2127 me,
1876 2064 1933 2115 et
1959 2074 2077 2130 ego

415 2149 790 2207 deridebam.
824 2150 965 2206 Haec
983 2155 1041 2206 et
1065 2149 1184 2206 alia
1215 2148 1489 2220 ejusdem
1520 2148 1758 2219 generis
1785 2148 2073 2220 proferes,

411 2239 642 2297 deﬂens
660 2239 1124 2313 temetipsum,si
1152 2239 1294 2295 hinc
1319 2242 1458 2295 ante
1485 2238 1796 2311 baptisma
1818 2238 2078 2311 abripia-

413 2329 521 2386 ris.
562 2328 605 2384 Ο
631 2330 837 2396 homo,
873 2334 978 2386 aut
1016 2329 1358 2399 gehennam
1390 2332 1612 2393 metue,
1639 2331 1744 2384 aut
1766 2328 1987 2384 enitere
2012 2330 2079 2385 ut

413 2433 671 2488 regnum
700 2418 1058 2491 adipiscare.
1092 2418 1483 2474 Vocationem
1526 2432 1605 2473 ne
1653 2432 1889 2489 sperne.
1919 2418 2079 2474 Cave

421 2506 643 2564 dixeris
675 2523 690 2563 :
721 2507 894 2565 Habe
912 2522 1005 2563 me
1032 2513 1389 2564 excusatum
1410 2508 1482 2575 ³³,
1519 2505 1600 2561 ob
1636 2505 1796 2562 hanc
1826 2510 1884 2563 et
1909 2506 2076 2563 illam

417 2596 734 2653 rationem.
774 2596 973 2652 Causa
1013 2595 1184 2653 nulla
1221 2609 1508 2651 excusare
1545 2599 1763 2666 potest.
1788 2595 1923 2651 Mihi
1946 2595 2075 2668 qui-

415 2684 556 2741 dem
577 2683 738 2743 subit
754 2683 1247 2756 lacrymari,cum
1266 2685 1382 2740 hoc
1405 2698 1648 2739 mecum
1668 2682 2077 2756 reputo,quod

415 2774 803 2848 turpitudinis
819 2790 1007 2848 opera
1023 2775 1254 2845 ingenti
1277 2774 1378 2831 Dei
1398 2774 1600 2845 glorias
1613 2773 2077 2847 praafers,quod-

415 2880 536 2938 que
557 2871 811 2938 peccato
829 2865 1174 2926 ﬁrmissime
1192 2864 1493 2920 inhrerens
1522 2863 1603 2920 ob
1623 2864 1891 2923 libidinis
1919 2863 2076 2921 dele-

416 2956 738 3013 ctationem
766 2971 802 3013 a
826 2954 1141 3028 promissis
1166 2955 1342 3011 bonis
1386 2958 1444 3011 te
1485 2954 1618 3026 ipse
1663 2954 1953 3023 excludis,
1987 2954 2074 3011 sic

415 3050 480 3102 ut
507 3044 613 3101 tibi
634 3044 893 3103 cmlestis
914 3043 1071 3100 illius
1090 3044 1420 3101 Jerusalem
1461 3044 1625 3101 bona
1644 3044 1850 3101 videre
1872 3045 1921 3085 ³ο
1948 3059 2073 3101 non

2186 1876 2475 1931 ἀπόλαυσιν
2503 1877 2736 1932 ἀθάνατα
2785 1878 3149 1954 βασανίζομαι
3181 1902 3194 1917 ο
3239 1879 3314 1936 δι’
3352 1879 3548 1943 ἡδονὴν
3591 1887 3787 1957 σαρκός

2183 1975 2254 2039 τῷ
2306 1973 2436 2044 πυρὶ
2481 1966 2873 2043 παραδίδομαι.
2926 1976 3115 2024 Δικαια
3161 1974 3193 2031 ἡ
3243 1977 3422 2049 κρίσις
3470 1981 3562 2027 τοῦ
3610 1978 3737 2033 Θεοῦ
3771 1994 3784 2017 θ

2185 2054 2493 2131 ἔκαλούμην,
2538 2064 2628 2111 καὶ
2666 2058 2772 2132 οὐχ
2819 2061 3082 2118 ὑπήκουον
3115 2081 3129 2097 ·
3170 2057 3557 2136 ἐδιδασκόμην,
3600 2068 3692 2116 καὶ
3727 2063 3787 2116 οὐ

2184 2155 2472 2224 προσεῖχον
2502 2169 2514 2183 ο
2567 2145 2982 2225 διεμαρτύραντό
3036 2168 3146 2223 μοι,
3202 2150 3302 2224 όγὼ
3360 2149 3421 2206 δὲ
3471 2153 3778 2225 κατεγέλων.

2183 2244 2363 2292 Ταῦτα
2391 2241 2482 2291 καὶ
2522 2240 2590 2291 τὰ
2634 2245 2855 2292 τοιαῦτα
2898 2238 3043 2314 ἐρεῖς,
3095 2238 3498 2315 ἀποκλαιόμενος
3549 2245 3785 2313 σεαυτόν,

2186 2324 2269 2380 ἐὰν
2323 2329 2774 2402 προαναρπασθῇς
2817 2335 2908 2382 τοῦ
2966 2327 3361 2403 βαπτίσματος.
3405 2330 3697 2405 Ἄνθρωπε,
3752 2331 3782 2390 ἦ

2183 2421 2279 2475 τὴν
2306 2421 2509 2488 γέενναν
2554 2416 2836 2490 φοϐηθητι,
2874 2418 2905 2477 ᾖ
2949 2426 3040 2480 τῆς
3090 2417 3365 2492 βασιλείας
3395 2418 3783 2479 ἀντιποιήθητε.

2183 2508 2270 2565 Μὴ
2312 2504 2581 2579 ἀτιμάσῃς
2629 2510 2723 2565 τὴν
2766 2506 2972 2565 κλῆσιν.
3022 2512 3110 2567 Μὴ
3163 2511 3329 2582 εἴπῃς,
3361 2509 3495 2582 Ἔχε
3536 2530 3600 2584 με
3644 2529 3787 2584 παρ-

2184 2599 2449 2677 ῃτημένον.
2492 2593 2587 2648 διὰ
2639 2598 2699 2650 τὸ
2748 2601 2838 2651 καὶ
2883 2600 2961 2651 τό.
3017 2594 3257 2671 Οὐδεμία
3311 2604 3572 2673 πρόφασις
3631 2602 3782 2660 ἱκανὴ

2180 2688 2307 2759 πρὸς
2372 2689 2715 2759 παραίτησιν.
2772 2685 2921 2759 Ἐμοὶ
2982 2682 3229 2763 δακρύειν
3303 2688 3604 2763 ἇπέρχεται,
3665 2692 3784 2743 ὅταν

2181 2772 2479 2847 ἐνθυμηθῶῑ
2517 2776 2598 2827 ὅτι
2650 2776 2715 2829 τὰ
2758 2774 2888 2850 ἇργα
2937 2782 3030 2839 τῆς
3081 2776 3349 2849 αἰσχύνης
3383 2783 3641 2852 προτιμᾷς
3690 2786 3785 2840 τῆς

2181 2863 2407 2937 μεγάλης
2446 2861 2614 2936 δόξης
2651 2870 2745 2918 τοῦ
2801 2872 2957 2934 Θεοῦ,
2988 2870 3080 2920 καὶ
3125 2863 3221 2919 διά
3261 2869 3322 2920 τὸ
3366 2874 3458 2928 τῆς
3501 2865 3784 2929 ἀκολασίας

2180 2950 2288 3011 ἡδύ
2347 2950 2808 3017 δυσαποσπάστως
2874 2957 3011 3027 ἔχων
3085 2962 3177 3018 τῆς
3244 2955 3520 3029 ἁμαρτίας,
3579 2965 3677 3011 τῶν
3735 2955 3786 3011 ἓν

2181 3041 2510 3115 ἐπαγγελίαις
2585 3042 2795 3116 ἀγαθῶν
2877 3046 3096 3098 σεαυτὸν
3171 3043 3457 3107 ἀποκλείεις
3480 3089 3496 3115 ,
3563 3049 3629 3108 ὡς
3710 3050 3782 3119 μὴ

412 3134 606 3191 liceat.
640 3134 762 3190 Illic
786 3134 1107 3190 innumera
1127 3133 1483 3203 angelorum
1501 3132 2074 3206 multitudo,primo-

2184 3128 2315 3185 ἰδεῖν
2377 3134 2443 3185 τὰ
2499 3131 2675 3204 ἀγαθά
2737 3140 2829 3193 τῆς
2892 3132 3233 3208 Ἰερουσαλὴμ
3291 3142 3386 3197 τῆς
3452 3133 3783 3211 ἐπουρανίου.

417 3223 754 3296 genitorum
793 3227 1001 3290 cintus,
1035 3222 1453 3295 apostolorum
1493 3222 1714 3285 throni,
1748 3224 2074 3295 propheta-

416 3312 1263 3385 rumrsedes,patriarcbarum
1291 3316 1887 3384 sceptra,martyrum
1910 3328 2079 3369 coro-

416 3420 529 3470 nae,
559 3404 863 3474 justorum
895 3401 1131 3459 laudes.
1162 3405 1391 3474 Exopta
1421 3406 1486 3457 ut
1509 3417 1648 3457 cum
1679 3401 1772 3458 his
1792 3418 2077 3461 numere-

417 3493 521 3563 ris,
544 3496 944 3565 posteaquam
965 3491 1181 3549 Christi
1206 3491 1365 3548 dono
1390 3490 1630 3548 ablutus
1659 3491 1842 3548 fueris
1866 3497 1923 3549 et
1942 3508 2078 3551 san-

419 3582 872 3655 ctiﬁcatus.lpsi
897 3581 1087 3653 gloria
1118 3585 1174 3639 et
1198 3580 1524 3654 imperium
1549 3580 1611 3637 in
1644 3582 1867 3639 saecula
1896 3599 2078 3640 seacu-

423 3671 882 3743 lorumrAmen.

997 4105 1295 4164 HOMILIA
1350 4106 1486 4161 XIV.

1051 4230 1123 4285 In
1154 4230 1411 4286 ebriosos
1424 4272 1437 4286 .

496 4362 543 4415 l.
575 4358 805 4417 Movent
833 4355 1082 4429 quidem
1130 4371 1227 4415 me
1258 4354 1335 4411 ad
1367 4353 1695 4411 dicendum
1738 4354 2081 4427 vespertina

2184 3222 2321 3275 Ἐκεῖ
2373 3219 2601 3293 ἀγγέλων
2668 3218 2922 3295 μυριάδες
2945 3265 2961 3292 ,
3036 3226 3379 3298 πρωτοτόκων
3432 3226 3782 3298 πανηγύρεις,

2181 3308 2480 3369 ἀποστόλων
2558 3312 2750 3385 θρόνοι,
2810 3319 3085 3387 προφητῶν
3158 3308 3462 3386 προεδρίαι,
3543 3321 3788 3383 σκῆπτρα

2179 3408 2547 3477 πατριαρχῶν,
2606 3402 2882 3476 μαρτύρων
2960 3405 3222 3474 στέφανοι,
3284 3398 3503 3455 δικαίων
3564 3405 3786 3457 ἔπαινον

2185 3493 2426 3554 Ἐκείνοις
2486 3494 2700 3544 σεαυτὸν
2758 3489 3084 3564 ἐπιθύμησον
3143 3493 3601 3565 συναριθμηθῆναι
3654 3493 3785 3565 (19),

2183 3580 2602 3653 ἀπολουσάμενος
2653 3584 2743 3633 καὶ
2796 3580 3069 3654 ἀγιασθεὶς
3114 3600 3252 3634 κατα
3300 3586 3397 3642 τὴν
3441 3578 3639 3658 δωρεὰν
3695 3588 3790 3636 τοῦ

2182 3677 2455 3747 Χριστοῦ·
2507 3671 2590 3723 ὅτι
2636 3669 2779 3739 αὐτῷ
2804 3672 2835 3729 ἡ
2893 3667 3026 3734 δόξα
3070 3674 3162 3723 καὶ
3212 3672 3273 3723 τὸ
3316 3671 3508 3746 κράτος
3554 3672 3626 3735 εἰς
3668 3675 3790 3737 τοὺς

2183 3762 2375 3822 αἰῶνας
2404 3759 2621 3815 αἰώνων.
2646 3758 2832 3833 ’Δμήν.

2792 4111 3039 4163 OMIAIA
3095 4112 3190 4164 IA‘.

2725 4233 2871 4286 Κατὰ
2940 4234 3252 4307 μεθυόντων.

2261 4360 2314 4418 1.
2352 4362 2498 4413 Κινεῖ
2530 4362 2621 4431 μέν
2668 4377 2730 4432 με
2777 4360 2908 4432 πρὸς
2953 4362 3041 4412 τὸν
3088 4358 3237 4432 λόγον
3267 4360 3333 4413 τὰ
3386 4358 3634 4436 ἑσπερινὰ.
3671 4361 3793 4415 θεά-

421 4444 791 4519 spectacula:
817 4444 923 4500 sed
944 4460 1017 4500 ex
1042 4444 1229 4501 altera
1248 4448 1419 4518 parte
1440 4444 1736 4515 impetum
1755 4459 1959 4500 meum
1982 4460 2076 4500 co-

2189 4468 2329 4521 ματα
2357 4469 2369 4481 ο
2403 4451 2615 4521 κατέχει
2665 4445 2725 4502 δέ
2766 4468 2866 4522 μου
2906 4449 3058 4502 πάλιν
3098 4453 3191 4507 τὴν
3241 4450 3425 4523 ὁρμήν,
3480 4454 3573 4504 καὶ
3622 4450 3794 4526 ἀπαμ-

417 4536 606 4606 hibet,
635 4534 1131 4608 alacritatemque
1170 4533 1434 4592 retundit
1480 4532 1754 4607 priorum
1795 4532 2076 4590 laborum

415 4624 725 4682 inutilitas.
756 4626 907 4681 Nam
935 4627 992 4680 et
1022 4623 1287 4695 agricola
1335 4623 1384 4679 si
1417 4622 1618 4697 priora
1644 4622 1879 4680 semina
1901 4628 2079 4680 enata

418 4731 543 4773 non
587 4715 725 4782 sint,
758 4714 839 4771 ad
882 4713 1048 4771 aliud
1088 4728 1294 4770 semen
1323 4713 1385 4770 in
1416 4712 1633 4770 iisdem
1660 4713 1819 4770 arvis
1865 4728 2077 4771 rursus

418 4803 830 4878 spargendum
863 4803 1109 4871 segnior
1136 4806 1229 4857 est
1253 4807 1307 4857 et
1345 4801 1595 4859 tardior.
1636 4803 1867 4858 Etenim
1907 4802 1955 4857 si
2005 4818 2079 4858 ex

417 4898 504 4952 tot
533 4891 1071 4960 exhortationibus,
1102 4890 1165 4946 in
1195 4891 1419 4962 quibus
1440 4896 1570 4947 tum
1600 4891 1898 4965 praeterito
1936 4896 2078 4947 tem-

417 4997 562 5055 pore
591 4997 699 5038 vos
723 4979 1131 5036 indesinenter
1156 4979 1457 5037 adhortati
1482 4985 1847 5049 sumus,tum
1869 4985 2081 5055 postea.

420 5087 527 5145 per
549 5070 661 5127 has
693 5075 926 5142 septem
956 5069 1326 5141 jejuniorum
1357 5069 1777 5127 hebdomadas
1805 5076 1977 5128 nocte
2008 5085 2080 5128 ac

424 5160 519 5216 die
548 5160 929 5230 evangelium
957 5161 1163 5229 gratiae
1186 5159 1287 5215 Dei
1310 5160 1437 5216 sine
1466 5159 1592 5215 ulla
1636 5160 2081 5218 intermissione

492 5304 540 5340 ³ο
575 5305 846 5371 Luc.x1v,
877 5306 962 5359 18.
1041 5302 1088 5338 ³ο
1111 5301 1265 5361 Psal.
1290 5318 1501 5373 cxxvu,
1531 5308 1585 5361 5.

499 5448 609 5520 (18)
642 5445 793 5522 Εᾱὶιί
842 5450 1171 5522 καταέσύρ-ων.
1208 5449 1293 5522 _A_t
1321 5464 1494 5522 ωδε.
1540 5452 1629 5500 καὶ
1674 5450 1865 5522 σύρων.
1892 5447 2088 5522 ῨΗᾶῌά

2192 4537 2358 4592 ϐλύνει
2413 4542 2505 4596 τὴν
2573 4540 2868 4614 προθυμίαν
2933 4547 3033 4592 τῶν
3090 4537 3451 4613 προλαϐόντων
3508 4543 3675 4595 πόνων
3735 4544 3792 4595 τό

2189 4630 2442 4702 ἄκαρπον.
2493 4626 2634 4681 Ἐπεὶ
2709 4632 2798 4681 καὶ
2870 4630 3122 4704 γεωργός,
3197 4636 3296 4681 τῶν
3352 4629 3593 4703 ,πρώτων
3652 4629 3792 4703 αὐτῷ

2192 4719 2499 4793 σπερμάτων
2575 4721 2648 4791 μὴ
2723 4718 3025 4793 ἐκφυέντων,
3087 4716 3422 4793 ὀκνηρότερός
3486 4718 3601 4773 ἐστι
3664 4722 3795 4796 πρὸς

2187 4810 2245 4860 τὸ
2302 4803 2538 4884 δεύτερον
2587 4815 2698 4869 ταῖς
2751 4806 2935 4868 αὑταῖς
2990 4806 3238 4885 ἀρούραις
3297 4808 3447 4863 πάλιν
3473 4808 3791 4883 ἕγκαταϐάλ-

2188 4896 2290 4950 λειν
2341 4898 2468 4969 (20).
2517 4897 2577 4949 Εἰ
2624 4897 2725 4972 γὰρ
2771 4894 2853 4949 ἐπὶ
2897 4898 3183 4961 τοσαύταις
3219 4902 3608 4972 παραινέσεσιν,
3649 4899 3706 4962 ἃς
3745 4902 3794 4953 ἓν

2191 5005 2245 5039 τε
2302 4993 2373 5057 τῷ
2440 4985 2754 5062 προλαϐόντι
2811 4990 2995 5060 χρόνῳ
3056 4987 3471 5063 παρακαλοῦντες
3539 4992 3670 5065 ὑμᾶς
3737 4988 3795 5044 ού

2194 5072 2509 5149 διελίπομεν,
2568 5082 2658 5129 καὶ
2724 5075 2896 5150 ἐφεξῆς
2950 5085 3048 5129 τῶν
3109 5077 3237 5133 ἐπτά
3298 5081 3493 5132 τούτων
3555 5087 3651 5143 τῆς
3700 5100 3797 5143 νη·
3879 5076 3886 5083 ’

2201 5169 2372 5226 στείας
2426 5161 2738 5239 ἑϐδομάδων
2795 5169 2977 5227 νυκτὸς
3028 5171 3117 5221 καὶ
3183 5170 3377 5246 ἡμέρας
3435 5166 3799 5247 διαμαρτυρό-

2271 5456 2372 5530 (19)
2417 5450 2583 5508 Colb.
2636 5452 2841 5530 tertius
2889 5452 3325 5530 ἐναριθμηθῆναι.
3373 5454 3583 5511 Statim
3632 5453 3798 5512 Colb.

421 5500 606 5599 longe
638 5500 935 5599 duomss_.
965 5500 1510 5599 Uolbertinirb;6ea
1548 5500 1823 5599 στενάξέις.
1859 5500 2076 5599 voc—uls

2197 5525 2714 5599 Pl‘imuSXPmeiz
2745 5525 2786 5596 ᾧ
2815 5500 3027 5599 ἠδόξοῗο

423 5596 463 5643 ὤ
506 5604 707 5661 neque
736 5589 797 5645 in
828 5588 959 5646 aliis
1011 5606 1160 5645 mss.
1200 5605 1275 5645 ne
1326 5606 1398 5646 ue
1444 5591 1505 5647 in
1553 5591 1729 5649 editis
1775 5592 2087 5668 reperitur.

423 5668 564 5735 Reg.
596 5661 834 5735 primus
869 5664 1013 5719 πόσα
1045 5658 1106 5717 δε
1127 5606 1407 5735 amotam.

421 5668 564 5738 Reg.
596 5658 834 5739 primus
869 5664 1013 5719 πόσα
1045 5658 1106 5717 δε
1127 5658 1407 5735 στενάξας.

2274 5597 2382 5673 (20)
2415 5596 2661 5676 Antiqui
2682 5597 2811 5655 duo
2835 5597 2972 5657 libri
2998 5596 3382 5674 ἐγκαταϐαλείν.
