4098 6378
246 342 352 405 445

1528 330 1817 389 HOMILIA
1857 328 1925 385 IN
1966 328 2329 392 EBRIOSOS.

3501 338 3607 399 446

246 484 386 539 μενοι
417 465 538 537 ὑμῖν
564 463 679 535 (21)
707 465 764 516 τὸ
813 461 1121 535 Εὐαγγέλιον
1168 470 1261 525 τῆς
1300 462 1523 535 χάριτος
1569 464 1659 511 τοῦ
1706 458 1839 508 Θεοῦ

1954 454 2128 511 vobis
2148 456 2654 534 denuntiavimus,
2670 463 2897 523 fructus
2920 463 3121 521 nullus
3144 466 3431 540 nullaque
3456 436 3610 524 utili-

247 554 339 608 οὐκ
391 553 733 625 ἐπαυσάμεθα
749 596 765 622 ,
816 549 965 607 οὐδὲν
1017 556 1217 624 γέγονεν
1277 550 1452 625 ὄφελος
1480 570 1492 583 ο
1534 546 1617 602 ἐπὶ
1668 550 1844 608 ποίαις

248 642 421 699 ἰλπίσι
470 640 833 716 διαλεχθῶμεν
882 647 1145 716 dumpar;
1178 641 1246 695 Ὠ.
1284 644 1454 706 πόσας
1501 640 1690 699 νύκτας
1728 635 1838 696 εἰκῆ

248 731 663 809 ἠγρυπνήσατεί
730 737 898 797 πόσας
954 734 1149 807 ἡμέρας
1203 731 1313 791 εἰκῆ
1376 722 1838 802 συνηθροίσθητεῑ

248 824 294 877 εἰ
338 841 398 896 γε
444 827 535 877 καὶ
581 821 716 883 εἰκῆ·
747 820 805 874 Ὀ
848 823 950 897 γὰρ
981 819 1030 875 ἐν
1058 828 1295 896 προκοπῇ
1337 823 1605 892 γενόμενος
1634 815 1843 888 ἀγαθῶν

248 915 429 990 ἔργων,
473 908 584 965 εἶτα
622 907 1057 987 παλινδρομήσας
1103 914 1233 985 πρὸς
1288 914 1383 970 τὴν
1431 907 1666 983 ἀρχαίαν
1714 923 1841 957 συν-

248 1002 449 1066 ήθειαν,
481 1001 540 1055 ού
578 1004 732 1076 μόνον
778 1004 866 1054 τὸν
909 998 995 1054 ἐπὶ
1040 1007 1150 1064 τοῖς
1188 1001 1559 1072 πεπονημένοις
1598 996 1706 1068 (22)
1746 1012 1842 1067 μι-

252 1092 376 1145 σθὸν
434 1090 736 1163 ἐζημιώθη,
780 1088 913 1143 ἀλλά
957 1092 1047 1143 καὶ
1099 1087 1392 1164 βαρυτέρας
1448 1087 1686 1152 ἀξιοῦται
1747 1089 1844 1146 τῆς

249 1185 641 1254 κατακρίσεωςο
695 1181 813 1246 ὅτι,
870 1181 1189 1253 γευσάμενος
1245 1178 1400 1233 καλὸν
1458 1183 1593 1232 Θεοῦ
1655 1176 1838 1250 ῥῆμα,

247 1273 340 1323 καὶ
388 1273 624 1343 γνώσεως
685 1271 992 1343 μυστηρίων
1050 1267 1325 1336 ἀξιωθεὶς,
1376 1268 1549 1322 πάντα
1602 1261 1843 1340 προέδω-

243 1376 328 1413 κεν
368 1359 514 1430 (23),
574 1355 740 1432 ἡδονῇ
800 1358 1039 1432 βραχείᾳ
1095 1354 1414 1422 δελεασθεὶς.
1471 1356 1529 1409 ’0
1594 1357 1684 1429 μὶν
1739 1358 1841 1430 γὰρ

242 1444 528 1521 ἐλάχιστος
595 1450 933 1521 συγγνωστός
991 1446 1131 1502 ἔστιν
1186 1446 1356 1512 ἐλέους
1380 1466 1394 1482 ο
1463 1442 1680 1500 δυνατοί
1746 1441 1840 1511 δὲ,

240 1540 414 1609 φησὶ,
485 1534 732 1602 δυηατῶς
807 1537 1206 1597 ἑτασθήσονται.
1282 1540 1393 1591 Μία
1454 1536 1687 1611 ἑσπέρα,
1753 1537 1843 1588 καὶ

239 1629 342 1700 μία
400 1626 667 1701 προσϐολή
719 1627 835 1699 (24)
901 1634 994 1680 τοῦ
1051 1624 1249 1702 ἐχθροῦ
1304 1627 1476 1680 πάντα
1537 1626 1626 1678 τὸν
1689 1628 1843 1679 πόνον

240 1714 430 1771 ἐκεῖνον
499 1712 709 1771 διέλυσε
773 1719 863 1770 καὶ
929 1716 1167 1789 ἠφάνισε.
1234 1719 1365 1770 Ποία
1426 1711 1516 1769 οὖν
1574 1715 1844 1790 προθυμία

1953 548 2045 601 tas
2067 550 2335 616 emersit;
2358 568 2483 624 qua
2504 568 2612 625 spe
2635 570 2980 611 sermonem
3002 555 3181 612 hodie
3200 556 3606 617 habebimus?

1956 636 1999 691 Ο
2030 642 2176 709 quot
2207 644 2412 697 noctes
2456 641 2677 699 frustra
2706 642 3026 714 vigilastis!
3059 648 3205 717 quot
3232 644 3363 701 dies
3386 645 3610 703 frustra

1955 727 2353 786 convenistis!
2388 731 2439 788 si
2469 736 2672 789 tamen
2709 733 2949 793 frustra.
2980 733 3132 791 Nam
3179 733 3282 807 qui
3322 734 3385 790 in
3428 734 3608 792 bonis

1954 817 2239 889 operibus
2265 835 2654 892 progressum
2677 822 2829 891 fecit,
2853 822 3073 880 deinde
3092 838 3234 881 vero
3256 822 3336 880 ad
3355 839 3610 882 consue-

1953 906 2225 965 tudinem
2254 910 2564 983 antiquam
2613 912 2947 983 revertitur,
2994 929 3119 971 non
3157 908 3609 986 insumptorum

1953 997 2138 1054 modo
2173 997 2456 1057 laborum
2499 1002 2842 1061 mercedem
2892 1003 3138 1075 amittit,
3172 1003 3280 1060 sed
3322 1003 3391 1061 ﬁt
3426 1005 3608 1065 etiam

1955 1101 2150 1163 poenae
2179 1090 2441 1158 graviori
2470 1091 2808 1162 obnoxius;
2842 1092 3011 1166 quod
3049 1109 3191 1151 cum
3220 1093 3322 1151 Dei
3352 1093 3610 1153 verbum
3646 1086 3659 1095 ’

1952 1175 2186 1235 bonum
2216 1177 2642 1250 degustaverit,
2675 1181 3220 1256 mysteriorumque
3267 1182 3609 1253 cognitione

1953 1262 2237 1334 dignatus
2268 1267 2364 1335 sit,
2396 1267 2657 1340 perdidit
2700 1270 2930 1338 omnia,
2957 1269 3128 1328 brevi
3165 1270 3474 1343 voluptate
3510 1270 3607 1327 in-

1953 1357 2384 1415 escatus.Nam
2406 1358 2688 1417 minimus
2707 1359 2945 1432 quidem
2968 1361 3142 1418 venia
3162 1362 3204 1432 1
3219 1361 3332 1433 23
3348 1376 3422 1418 ac
3439 1361 3609 1419 mise-

1951 1445 2219 1503 ricordia
2248 1447 2468 1517 dignus
2489 1454 2612 1505 est:
2626 1454 2896 1518 potentes
2923 1464 3084 1520 vero,
3099 1448 3313 1523 inquit,
3331 1455 3611 1521 potenter

1952 1535 2396 1607 torquebantur
2415 1538 2485 1597 3’.
2530 1539 2790 1611 Vespera
2812 1554 2958 1610 una,
2980 1542 3037 1597 et
3062 1554 3222 1596 unus
3247 1537 3476 1597 inimici
3503 1554 3610 1597 as-

1953 1624 2147 1685 sultus
2186 1642 2434 1685 omnem
2463 1628 2633 1685 illum
2669 1628 2944 1688 laborem
2987 1628 3261 1687 dissolvit
3288 1633 3347 1687 et
3372 1629 3606 1693 evertit.

1953 1716 2096 1781 Quae
2118 1730 2262 1785 ergo
2283 1716 2428 1777 mibi
2448 1717 2726 1779 alacritas
2745 1734 2909 1779 nunc
2929 1719 3007 1777 ad
3024 1718 3390 1777 dicendum?
3411 1720 3608 1785 Quare

239 1812 334 1861 τοῦ
379 1812 467 1858 νῦν
523 1804 722 1878 λόγου;
777 1803 940 1860 Ὠστε
988 1804 1085 1858 κάν
1144 1803 1443 1872 ἐσιώπησα,
1493 1802 1547 1858 εὖ
1604 1806 1737 1869 ἴστε,
1798 1801 1840 1856 εἰ

1952 1804 2134 1860 etiam
2185 1806 2532 1876 tacuissem,
2579 1806 2730 1864 mihi
2783 1807 3028 1872 credite,
3073 1807 3190 1864 nisi
3235 1807 3505 1865 Jeremise
3544 1806 3609 1864 ti-

240 1897 310 1968 μὴ
349 1893 639 1968 ἐφοϐούμην
685 1896 746 1948 τὸ
788 1890 1088 1968 ὑπόδειγμα
1130 1902 1225 1948 τοῦ
1269 1894 1538 1969 Ἱερεμίου,
1588 1894 1658 1961 ὃς,
1718 1895 1842 1967 πρὸς

241 1983 427 2044 ἀπειθῆ
473 1983 595 2038 λαὸν
635 1984 954 2058 φθέγγεσθαι
990 1988 1063 2058 μὴ
1107 1982 1437 2059 βουλόμενος,
1468 1984 1649 2039 ἔπαθεν
1674 1981 1844 2039 ἐκεῖνα

238 2073 368 2151 άπερ
451 2072 610 2139 αὐτὸς
675 2069 979 2146 διηγήσατο
1013 2093 1026 2107 ε
1097 2074 1177 2128 ὅτι
1240 2073 1436 2146 ἐγένετο
1515 2072 1657 2145 αὐτῷ
1734 2078 1839 2146 πῦρ

239 2162 292 2219 ἐν
345 2168 455 2227 τοῖς
506 2161 786 2236 ὶγκάτοις,
844 2166 935 2217 καὶ
982 2170 1200 2239 παρεῖτο
1250 2165 1537 2233 πάντοθεν,
1600 2162 1692 2217 καὶ
1748 2163 1840 2217 οὐκ

239 2249 469 2314 ἠδύνατο
535 2257 719 2328 φέρειν.
785 2258 1027 2318 Γυναῖκες
1085 2253 1407 2324 ἀκόλαστοι,
1474 2253 1841 2327 ἐπιλαϐόμεναι

237 2350 331 2399 τοῦ
370 2342 530 2417 φόϐου
575 2351 667 2407 τοῦ
717 2351 891 2413 Θεοῦ,
936 2352 1030 2398 τοῦ
1072 2348 1263 2420 πυρόςξ
1280 2352 1372 2399 τοῦ
1415 2345 1626 2400 αἰωνίου
1673 2364 1840 2397 καταη

240 2438 592 2511 φρονήσασαι,
622 2433 673 2488 ἄν
712 2436 884 2511 ἡμέρᾳ
926 2437 1165 2511 τοιαύτη,
1211 2437 1295 2490 ὅτε
1337 2436 1501 2499 αὐτὰς
1538 2433 1703 2510 ἐχρῆν
1748 2430 1842 2487 διὰ

238 2527 332 2585 τὴν
396 2520 687 2597 ἀνάμνησιν
743 2532 841 2588 τῆς
905 2521 1239 2589 ἀναστάσεως
1298 2526 1568 2588 καθῆσθαι
1622 2522 1671 2577 ἐν
1735 2528 1841 2585 τοῖς

239 2615 437 2681 οἴκοις,
490 2617 581 2666 καὶ
632 2613 825 2667 ἔννοιαν
872 2611 1150 2686 λαμϐάνειν
1204 2621 1296 2676 τῆς
1353 2614 1550 2689 ἡμέρας
1603 2611 1838 2680 ἐκείνης,

239 2702 357 2758 καθ’
413 2701 474 2762 ἢν
530 2701 902 2775 ἀνοιγήσονται
955 2706 1046 2779 μὲν
1104 2704 1154 2756 οἱ
1198 2703 1430 2777 οὐρανοὶ,
1471 2701 1842 2775 ἐπιφανήσεται

242 2789 301 2847 δὲ
341 2794 469 2865 ἡμῖν
507 2792 533 2846 ὁ
582 2795 762 2866 κριτὴς
810 2791 866 2858 ἐξ
905 2792 1153 2868 οὐρανῶν,
1203 2795 1295 2847 καὶ
1342 2792 1625 2865 σάλπιγγες
1683 2797 1836 2858 Θεοῦ,

239 2887 333 2937 καὶ
385 2880 668 2945 ἀνάστασις
718 2889 929 2957 νεκρῶν,
961 2887 1053 2936 καὶ
1094 2887 1271 2958 κρίσις
1320 2879 1524 2949 δικαία,
1565 2886 1654 2935 καὶ
1694 2879 1843 2935 ἀντι-

244 2967 398 3035 ὃοσις
444 2972 548 3045 (25)
598 2970 803 3045 ἑκάστῳ
848 2973 984 3027 κατά
1026 2974 1085 3026 τὸ
1134 2975 1281 3048 ἔργον
1330 2971 1528 3026 αὐτοῦ·
1583 2971 1694 3027 ἀντὶ
1748 2978 1840 3026 τοῦ

242 3068 410 3115 ταῦτα
454 3063 595 3134 ἔχειν
641 3060 690 3116 ἐν
731 3067 845 3125 τοῖς
888 3059 1278 3136 διαλογισμοῖς,
1306 3066 1397 3116 καὶ
1442 3063 1710 3138 καθαίρειν
1748 3063 1839 3136 μὲν

1951 1894 2243 1951 muissem
2269 1896 2609 1968 exemplum
2637 1914 2650 1953 :
2680 1896 2789 1970 qui
2818 1913 2957 1957 cum
2978 1897 3059 1961 ad
3082 1897 3374 1971 populum
3395 1900 3606 1955 contu.

1952 1999 2188 2041 macem
2218 1984 2406 2041 verba
2434 1985 2630 2044 facere
2674 1986 2880 2055 nollet,
2912 2002 3133 2060 passus
3180 1992 3271 2045 est
3308 2002 3445 2060 quas
3473 1987 3606 2058 ipse

1950 2079 2248 2133 recenset:
2273 2076 2438 2149 quod
2464 2076 2658 2135 factus
2688 2082 2779 2135 est
2814 2078 2972 2148 ignis
3002 2083 3067 2136 ut
3095 2079 3226 2151 ejus
3250 2077 3605 2154 visceribus,

1951 2180 2022 2222 ac
2042 2164 2312 2236 undique
2333 2166 2799 2237 dissolvebatur,
2822 2183 2933 2227 nec
2959 2167 3111 2227 ferre
3132 2171 3367 2241 poterat
3385 2168 3459 2224 ³³.
3480 2167 3607 2225 Mu-

1949 2252 2122 2311 lieres
2150 2254 2412 2323 lascivae,
2445 2256 2675 2314 timoris
2701 2257 2805 2314 Dei
2834 2257 3055 2325 oblitae,
3079 2262 3375 2317 aeternum
3396 2257 3604 2327 ignem

1951 2349 2313 2417 aspernatae,
2343 2345 2403 2403 in
2432 2345 2538 2409 illa
2561 2346 2698 2419 ipsa
2726 2347 2823 2405 die
2871 2364 3012 2404 cum
3042 2346 3123 2404 ob
3150 2344 3605 2407 resurrectionis

1949 2434 2308 2492 memoriam
2338 2440 2690 2508 oportuerat
2716 2453 2819 2495 eas
2856 2437 2919 2497 in
2949 2436 3235 2494 domibus
3271 2436 3500 2503 sedere,
3532 2451 3605 2497 ao

1948 2524 2257 2585 recordari
2276 2525 2416 2593 diei,
2440 2525 2618 2595 illius,
2642 2526 2704 2583 in
2725 2542 2852 2600 qua
2879 2527 3224 2600 aperientur
3244 2527 3401 2597 cceli,
3423 2530 3481 2584 et
3499 2541 3606 2599 ap-

1947 2613 2186 2686 parebit
2210 2613 2387 2671 nobis
2407 2614 2598 2685 judex
2628 2631 2660 2672 e
2687 2616 2877 2683 caelis,
2904 2621 2962 2675 et
2986 2616 3146 2675 tuba:
3172 2615 3295 2685 Dei,
3327 2619 3382 2673 et
3409 2630 3606 2674 resur-

1946 2703 2132 2769 rectio
2157 2708 2562 2774 mortuorum,
2592 2705 2963 2777 etjudicium
2987 2706 3243 2777 justum,
3265 2710 3323 2762 et
3349 2704 3603 2787 redditio

1948 2793 2277 2868 unicuique
2297 2794 2472 2866 juxta
2498 2810 2653 2869 opus
2687 2813 2868 2854 suum
2892 2815 2906 2865 ;
2939 2812 3082 2853 cum
3109 2795 3186 2852 de
3212 2795 3309 2852 his
3339 2795 3604 2866 cogitare

1948 2882 2320 2952 debuissent,
2355 2900 2590 2957 suaque
2621 2885 2805 2943 corda
2845 2884 3106 2958 apravis
3143 2884 3604 2958 cogitationibus

1948 2986 2232 3045 purgare,
2264 2977 2324 3029 et
2348 2973 2554 3044 priora
2582 2978 2831 3045 peccata
2857 2973 3145 3046 lacrymis
3175 2974 3393 3043 delere,
3421 2979 3603 3046 atque

1948 3061 2030 3119 ad
2050 3061 2261 3118 Christi
2289 3077 2615 3123 occursum
2642 3078 2754 3135 pro
2774 3078 3000 3133 magno
3023 3062 3126 3120 illo
3155 3063 3254 3120 die
3282 3062 3606 3136 apparitio-

240 3149 434 3205 ἑαυτῶν
488 3152 581 3215 τὰς
635 3147 862 3227 καρδίας
916 3150 1016 3207 ἀπό
1070 3160 1309 3225 πονηρῶν
1366 3150 1711 3226 ἐνθυμήσεων,
1753 3151 1840 3216 ἐξ·

1949 3151 2042 3208 nis
2063 3151 2195 3223 ejus
2229 3166 2361 3209 sese
2386 3167 2753 3225 praeparare,
2775 3151 3076 3213 servitutis
3106 3152 3318 3215 Christi
3346 3167 3602 3213 excusso

237 3240 458 3313 ἀλείφειν
504 3237 563 3294 δὲ
603 3247 716 3303 τοῖς
760 3237 992 3316 δάκρυσι
1026 3243 1095 3295 τὰ
1135 3245 1600 3317 προημαρτημένα,
1623 3240 1839 3316 ἕτοιμά-

239 3331 426 3392 ξεσθαι
475 3327 536 3383 εξ
592 3333 725 3406 πρὸς
769 3334 858 3388 τὴν
912 3328 1205 3399 ἀπάντησιν
1260 3338 1352 3384 τοῦ
1409 3338 1648 3404 Χριστοῦ
1705 3333 1841 3385 κατὰ

235 3423 333 3478 τὴν
376 3418 608 3492 μεγάλην
665 3421 862 3494 ἡμέραν
905 3428 997 3481 τῆς
1046 3418 1341 3493 ἐπιφανείας
1383 3420 1575 3490 αὐτοῦ,
1621 3418 1840 3474 ἀποσει-

239 3510 465 3582 σάμεναι
498 3509 586 3561 τὸν
626 3509 784 3580 ζυγὸν
826 3516 923 3570 τῆς
962 3504 1202 3569 δουλεὶας
1244 3515 1336 3562 τοῦ
1389 3516 1642 3585 Χριστοῦ,
1672 3509 1841 3586 ῥίψα-

238 3616 334 3652 σαι
384 3596 486 3651 ὰπό
523 3604 622 3650 τῶν
668 3596 899 3670 κεφαλῶν
940 3598 1006 3651 τὰ
1047 3605 1142 3663 τῆς
1191 3596 1598 3670 εὐσχημοσύνης
1646 3598 1842 3671 καλύμ-

238 3707 416 3762 ματα,
463 3691 930 3760 καταφρονήσασαι
985 3694 1076 3741 τοῦ
1140 3694 1273 3741 Θεοῦ
1298 3728 1311 3755 ,
1371 3693 1842 3762 καταφρονήσασαι

236 3784 337 3830 τῶν
376 3774 600 3848 ἀγγέλων
648 3774 839 3843 αὐτοῦ,
876 3779 1483 3848 καταναισχυντήσασαι
1524 3777 1698 3837 πάσης
1739 3776 1841 3852 ἄῤ-

236 3866 378 3941 ῥενος
444 3864 652 3936 ὄψεως,
693 3864 949 3919 σοϐοῦσαι
1001 3867 1092 3927 τὰς
1143 3869 1341 3939 κόμας,
1399 3867 1660 3940 σύρουσαι
1720 3868 1841 3931 τοὺς

224 3962 504 4029 χιτῶνας,
548 3959 637 4007 καὶ
684 3962 789 4018 τοῖς
838 3958 996 4009 ποσίν
1042 3956 1156 4027 ἅμα
1204 3955 1533 4022 παίζουσαι,
1595 3954 1840 4028 ὀφθαλμῷ

237 4042 487 4117 ἀσελγεῖ,
550 4044 738 4117 γέλωτι
818 4043 1149 4118 ἐκκεχυμένῳ
1215 4045 1330 4117 (26)
1401 4046 1529 4117 πρὸς
1609 4047 1838 4118 ὀρχησιν

233 4133 572 4207 ἐκμανεῖσαι,
599 4140 775 4188 πᾶσαν
814 4137 935 4187 νέων
982 4132 1271 4188 ἀκολασίαν
1319 4132 1395 4207 ἐφ’
1439 4132 1624 4195 ἑαυτὰς
1664 4152 1839 4209 προσ·-

233 4221 550 4298 καλούμεναι
579 4265 593 4293 ,
645 4222 696 4278 ἐν
750 4230 862 4286 τοῖς
906 4225 1007 4297 πρὸ
1066 4225 1181 4296 (27)
1238 4231 1328 4285 τῆς
1384 4221 1574 4284 πόλεως
1631 4242 1838 4298 μαρτυ-

233 4318 366 4391 ρίοις
428 4316 627 4388 χοροὺς
695 4315 1126 4386 συστησάμεναι,
1185 4311 1533 4388 ἐργαστήριον
1599 4321 1693 4378 τῆς
1755 4312 1837 4367 οἰ-

234 4408 379 4466 κείας
429 4402 600 4457 ἀύτῶν
650 4402 1036 4476 ἀσχημοσύνης
1085 4404 1203 4465 τούς
1250 4402 1601 4476 ἠγιασμένους
1649 4405 1837 4465 τόπους

237 4496 564 4554 πεποίηνται.
654 4492 897 4565 Ἐμίαναν
950 4494 1041 4565 μὲν
1088 4494 1177 4545 τὸν
1244 4489 1372 4567 ἀέρα
1447 4498 1554 4555 τοῖς
1630 4493 1839 4565 ᾄσμασι

238 4588 671 4659 τοῖςιπορνικοῖς,
725 4581 933 4656 ἐμίαναν
979 4578 1038 4636 δὲ
1082 4585 1176 4641 τὴν
1228 4589 1327 4655 γῆν
1370 4589 1474 4644 τοῖς
1527 4579 1842 4656 ἀκαθάρτοις

312 4727 358 4762 ³¹
401 4728 544 4800 Sap.
576 4741 652 4797 vi,
685 4731 741 4786 7.
818 4727 866 4763 ³³
903 4727 1119 4784 Jerem.
1150 4741 1240 4790 xx,
1274 4727 1329 4782 9.
1404 4726 1453 4760 ³³
1492 4728 1608 4783 lsa.
1636 4740 1715 4782 ιιι.
1756 4730 1840 4783 16.

308 4870 424 4942 (21)
460 4867 652 4946 Editio
707 4868 887 4928 Paris.
941 4866 1415 4946 διαμαρτυρόμενοι
1468 4870 1620 4943 ἡμῖν.
1687 4868 1844 4935 Libri

240 4946 474 5014 veteres
502 4942 645 5014 ὑμῖν.

468 5011 636 5069 Coll).
669 5013 886 5091 tertius
917 5016 1405 5090 προπεπονημένοις.
1441 5011 1559 5072 Alii
1608 5028 1752 5070 mss.
1787 5016 1847 5077 et

247 5080 395 5157 editi
414 5080 611 5157 πεπονη
614 5088 803 5157 μένοις.
956 5080 966 5090 ’
1005 5153 1019 5157 _
1219 5080 1229 5088 ’
1551 5155 1561 5157 _
1750 5092 1753 5095 λ

319 5153 430 5231 (23)
471 5153 835 5231 lllud',_7ratvra
862 5153 1176 5231 προέδωκεν,
1200 5156 1303 5227 ita,
1331 5157 1381 5214 si
1408 5155 1621 5225 mavis,
1646 5160 1838 5221 verte;

244 5200 444 5283 οηὶῖιὲἕι
471 5200 769 5298 ﬁatfiat}:

470 5297 635 5376 golb.
669 5300 876 5376 tertius
899 5305 998 5376 μία
1020 5298 1270 5376 προϐολή.

315 5368 427 5440 (25)
471 5372 636 5443 unus
687 5368 1179 5443 codex'Reg.'mt
1226 5368 1592 5443 ἀνταπόδοσις,
1627 5371 1713 5443 sit}
1758 5375 1846 5430 ta-

239 5455 417 5518 men._
436 5445 501 5518 ut
524 5441 587 5518 in
615 5458 722 5498 ora
745 5442 890 5518 libri
910 5440 1203 5514 scriptum
1226 5444 1301 5501 sit
1327 5463 1414 5518 γρ.
1440 5447 1529 5498 καὶ
1547 5440 1841 5518 ἀντίδοσις.

313 5512 849 5588 (26))Colb._tertius
871 5512 1402 5588 nglegentiam
1421 5515 1623 5573 Basilii
1644 5515 1846 5573 locum

242 5584 334 5640 sic
372 5586 666 5658 expressit
694 5584 1181 5646 Ambrosius'libi
1212 5588 1298 5644 De
1326 5588 1468 5645 Elia
1507 5592 1561 5645 et
1580 5589 1843 5659 jejunio,

241 5671 380 5733 cap.
414 5659 499 5729 t8,
530 5672 702 5731 num,
735 5664 803 5731 66
834 5662 893 5733 et
938 5662 1043 5731 67;
1075 5659 1212 5722 Illae
1249 5660 1315 5719 in
1352 5660 1577 5732 plateis
1617 5661 1846 5732 inverg-

1942 3240 2114 3312 jugo,
2150 3238 2503 3297 velamentis
2529 3240 2862 3298 honestatis
2891 3257 2927 3298 a
2956 3241 3151 3314 capite
3178 3241 3435 3313 rejectis,
3462 3256 3604 3298 con-

1948 3333 2175 3402 tempto
2199 3331 2339 3400 Deo,
2363 3330 2581 3402 spretis
2607 3330 2799 3403 ipsius
2829 3330 3085 3402 angelis,
3107 3330 3335 3388 virilem
3356 3345 3603 3389 omnem

1948 3422 2267 3491 aspectum
2296 3419 2445 3476 citra
2473 3419 2771 3491 pudorem
2809 3420 3086 3489 ferentes,
3115 3437 3339 3495 comas.
3375 3420 3605 3491 agitan-

1950 3508 2385 3578 tes,trahenms
2414 3509 2668 3580 tunicas,
2704 3525 2775 3567 ac
2826 3511 3275 3583 pedibussimul
3302 3510 3603 3580 ludentes,

1944 3595 2283 3659 lascivienti
2320 3597 2516 3667 oculo,
2550 3597 2742 3655 effuso
2766 3600 2916 3668 risu,
2944 3600 3024 3657 ad
3052 3599 3399 3661 saltandum
3429 3600 3607 3673 quasi

1945 3686 2220 3760 quodam
2241 3686 2441 3743 furore
2460 3688 2709 3745 concitm
2724 3689 2793 3759 ³³,
2816 3704 3061 3746 omnem
3086 3690 3383 3759 juvenum
3412 3688 3606 3751 libidi-

1946 3791 2087 3850 nem
2117 3775 2178 3833 in
2204 3776 2435 3848 seipsas
2455 3781 2878 3850 provocantes,
2897 3777 2958 3835 in
2980 3783 3318 3850 martyrum
3338 3777 3606 3839 basilicis

1946 3879 2055 3939 pro
2100 3864 2405 3922 moenibus
2433 3865 2690 3927 civitatis
2722 3867 2940 3923 choros
2988 3867 3440 3936 constituentes,
3469 3866 3606 3927 loca

1947 3957 2159 4011 sancta
2179 3953 2489 4010 ofﬁcinam
2511 3954 2898 4013 obscenitatis
2919 3972 3041 4012 suae
3064 3956 3333 4013 effecere.
3358 3955 3608 4014 Cantile-

1943 4043 2041 4101 nis
2059 4044 2411 4105 meretriciis
2440 4049 2503 4102 ut
2530 4061 2734 4103 aerem
2757 4050 3261 4120 conspurcarunt,
3276 4048 3362 4106 ita
3386 4053 3607 4106 terram
3704 4096 3709 4099 λ

1947 4133 2226 4208 tripudiis
2253 4134 2562 4208 pulsatam
2590 4135 2853 4208 pedibus
2896 4135 3232 4197 immundis
3261 4134 3605 4205 foedarunt;

1947 4224 2366 4298 spectaculum
2410 4225 2522 4289 sibi
2552 4224 2702 4299 ipsis
2725 4227 3023 4298 juvenum
3055 4226 3297 4289 turbam
3336 4227 3609 4300 undique

1947 4318 2298 4385 statuentes,
2345 4314 2529 4387 plane
2577 4315 3024 4385 inverecundis,
3058 4331 3432 4389 prorsusque
3469 4316 3608 4377 insi.-

1946 4405 2198 4477 pientes,
2231 4403 2466 4462 nullum
2498 4405 2750 4463 insaniae
2779 4407 3036 4465 modum
3076 4406 3439 4466 omittentes.
3472 4408 3608 4467 Hinc

1873 4523 1921 4582 Ι)
1947 4494 2260 4566 quomodo
2309 4497 2521 4552 tacebo
2542 4495 2569 4550 ?
2595 4495 2929 4568 quomodo,
2963 4498 3030 4555 ut
3057 4509 3170 4567 par
3197 4499 3304 4563 est,
3334 4494 3559 4566 lugebo
3578 4496 3607 4555 ‘t

1898 4588 1901 4591 '
1947 4583 2165 4640 Vinum
2203 4582 2626 4642 nobis-harum
2657 4583 3003 4641 animarum
3049 4583 3351 4643 damnum
3380 4582 3601 4645 intulit.

1948 4868 2174 4927 candos
2190 4869 2369 4926 etiam
2390 4870 2537 4929 viris
2549 4868 2661 4926 sub
2677 4874 2998 4941 conspectu
3018 4868 3357 4929 adolescent
3364 4868 3607 4924 ulorum

1948 4941 2480 5010 intemperantiam
2510 4941 2717 4998 choros
2747 4941 2998 5004 ducunt,
3014 4943 3323 5011 jactantes
3351 4955 3604 5008 comam,

1951 5012 2259 5069 trahentes
2286 5012 2620 5070 tunicas....
2652 5014 2947 5070 saltantes
2976 5013 3249 5082 pedibus,
3277 5026 3610 5080 personan-

1951 5088 2034 5140 tes
2055 5085 2319 5152 vocibus,
2340 5086 2657 5142 irritantes
2677 5085 2741 5141 in
2763 5100 2824 5141 se
2833 5086 3130 5154 juvenum
3153 5082 3423 5139 libidinis
3443 5089 3611 5139 motu

1952 5156 2325 5223 histrionico,
2360 5158 2671 5224 petulanti
2696 5157 2890 5224 oculo,
2931 5155 3293 5212 dedecoroso
3319 5154 3604 5210 ludibrio.

1948 5228 2195 5296 Spectat
2244 5242 2469 5284 corona
2524 5228 2990 5293 adolescentum,
3033 5232 3086 5282 et
3138 5226 3207 5295 ﬁt
3262 5225 3610 5282 miserabile

1952 5297 2349 5354 theatrum...
2370 5299 2584 5355 etelum
2607 5300 2844 5369 impuro
2866 5298 3321 5354 contaminatur
3339 5303 3604 5368 aspectu,

1951 5376 2119 5451 terra
2149 5371 2669 5451 turpisaltatione
2690 5370 3014 5451 polluitur,
3028 5383 3168 5451 quae
3194 5369 3461 5451 obscenis
3489 5369 3610 5450 sal-

1953 5443 2178 5499 tatibus
2206 5441 2581 5498 verberatur.
2610 5441 2909 5511 Quomodo
2932 5439 3237 5509 patienter
3257 5441 3495 5512 loquar,
3512 5439 3609 5512 pie

1949 5520 2323 5584 praeteream,
2371 5515 2793 5571 convenienter
2837 5512 3134 5582 deﬂeam?
3175 5510 3389 5569 Vinum
3438 5510 3608 5568 nobis

1954 5590 2265 5644 tantarum
2295 5586 2641 5644 animarum
2665 5585 2892 5645 damna
2921 5584 3154 5640 intulit.

2024 5660 2139 5732 ('27)
2183 5659 2334 5741 Lege
2361 5660 2648 5725 Ducteum
2676 5657 2739 5725 in
2763 5654 2933 5728 illud,
2964 5653 3012 5717 iv
3044 5662 3150 5719 τοῖς
3177 5659 3301 5731 πρό,
3323 5657 3436 5721 etc.
