4098 6384
451 342 554 403 447

1805 340 1864 400 S.
1917 341 2167 399 BASILll
2222 340 2463 401 MAGNI.

3708 340 3817 405 448

450 471 693 543 Vinum,
716 468 818 526 Dei
846 468 1076 525 donum
1100 467 1177 525 ad
1198 467 1563 525 inﬁrmitatis
1590 467 1867 524 levamen
1892 465 2108 522 sobriis

2234 472 2409 535 τοσίν,
2451 467 2511 527 ἢν
2558 467 2610 522 ἐν
2655 476 2766 532 ταῖς
2815 469 3079 547 ὀρχήσεσι
3130 474 3552 547 κατεκρότησαν,
3611 474 3817 548 θέατρον

452 561 688 631 datum,
738 575 902 616 nunc
941 559 1200 616 lascivias
1250 558 1477 616 factum
1520 563 1607 616 est
1644 558 2109 617 instrumentum

451 650 999 722 intemperantibus
1013 693 1027 708 .

2222 556 2425 619 ἑαυταῖς
2497 564 2774 614 νεανίσκων
2851 560 3008 633 ὄχλον
3073 564 3559 635 περιστησάμεναι,
3595 559 3819 624 σοϐάδες

2220 649 2370 708 ὅντως
2411 652 2501 700 καὶ
2546 652 2840 724 παράφοροι
2886 648 3137 711 παντελῶς
3182 651 3318 722 (28),
3365 656 3549 724 μανίας
3569 648 3819 726 οὐδεμίαν

454 739 739 815 ὑπερϐολήν
786 739 1185 795 ἀπολείπουσαι.
1236 746 1416 793 Ταῦτα
1461 746 1570 802 πῶς
1615 741 1703 812 μὲν
1768 741 2067 803 σιωπήσω;
2117 742 2223 796 πῶς
2266 730 2326 787 δὲ
2367 736 2484 789 κατ’
2533 735 2681 801 ἀξίαν
2737 735 3048 814 ὀδύρωμαι;
3096 737 3242 801 Οἶνος
3297 741 3423 814 ἡμῖν
3474 748 3573 793 τῶν
3628 740 3820 813 ψυχῶν

454 832 646 883 τούτων
671 835 762 890 τήν
792 831 989 904 ζημίαν
1020 828 1260 888 ἐποίησεν
1293 851 1305 865 ·
1338 826 1568 897 οἶνος,τό
1593 831 1737 902 παρὰ
1768 834 1900 883 Θεοῦ
1928 824 2097 901 δῶρον
2123 824 2193 888 εἰς
2222 827 2557 899 παραμυθίαν
2586 836 2678 888 τῆς
2709 826 2971 892 ἀσθενείας
3001 825 3278 903 δεδομένον
3301 837 3408 893 τοῖς
3432 837 3784 908 σωφρονοῦσιν
3804 852 3816 866 ο

457 920 615 973 ὅπλου
644 916 703 972 δὲ
733 927 819 972 νῦν
847 924 1114 993 ’γενόμενον
1141 918 1424 979 ἀκολασίας
1451 925 1556 979 τοῖς
1587 918 2002 990 ἀσελγαίνουσιν.

529 1014 587 1065 2.
625 1008 913 1075 Ebrietas,
928 1008 1303 1066 voluntarius
1321 1009 1418 1064 ille
1438 1007 1702 1075 daemon,
1720 1023 1829 1080 per
1846 1004 2120 1078 volupta-

457 1101 583 1154 tem
603 1101 665 1155 in
688 1098 925 1155 animas
953 1098 1245 1166 insiliens,
1269 1098 1546 1165 ebrietas,
1570 1096 1849 1169 nequitiae
1873 1109 2117 1167 parens,

459 1203 682 1261 resque
710 1188 908 1244 virtuti
936 1187 1202 1258 inimica,
1225 1187 1440 1245 fortem
1465 1186 1660 1243 virum
1680 1186 1972 1256 ignavum
1992 1182 2120 1240 red-

457 1276 572 1335 dit:
594 1278 886 1333 Pudicum
902 1277 1301 1349 impudicum;
1315 1277 1614 1348 justitiam
1634 1291 1758 1332 non
1777 1272 2121 1339 novit,tollit

456 1367 866 1440 prudentiam.
897 1366 1429 1434 Quemadmodum
1448 1367 1613 1423 enim
1652 1381 1817 1439 aqua
1847 1365 2002 1436 ignis
2030 1366 2119 1419 est

459 1456 756 1513 adversa:
791 1456 878 1512 sic
916 1455 1316 1513 immodicum
1344 1457 1557 1514 vinum
1594 1457 1892 1514 rationem
1934 1453 2119 1510 extin-

458 1544 604 1614 guit.
631 1547 1011 1619 Quapropter
1030 1545 1319 1617 pigrabar
1345 1546 1685 1619 quidquam
1706 1548 1916 1601 contra
1936 1542 2120 1599 ebrie-

456 1638 644 1691 tatem
670 1635 891 1702 dicere,
919 1651 1043 1693 non
1081 1636 1248 1708 quod
1280 1636 1512 1693 malum
1540 1634 1857 1707 quoddam
1882 1632 1974 1704 sitj
2001 1632 2119 1689 exi-

460 1738 672 1794 guum,
697 1728 804 1781 aut
822 1726 1361 1792 contemnendum,
1384 1724 1492 1781 sed
1511 1723 1677 1798 quod
1699 1738 1897 1779 sermo
1917 1725 2120 1778 noster

2295 1003 2350 1058 2.
2393 1007 2563 1075 Μέθη,
2597 1008 2622 1059 ό
2655 1007 2956 1082 αὐθαίρετος
2999 1006 3222 1083 δαίμων,
3257 1009 3311 1074 ἐξ
3338 1006 3531 1073 ἡδονῆς
3558 1019 3672 1072 ταῖς
3712 1010 3822 1081 ψυ-

2225 1099 2354 1163 χαῖς
2410 1093 2813 1169 ἐμϐαλλόμενος,
2875 1101 3045 1173 μέθη,
3104 1105 3291 1164 κακίας
3367 1104 3579 1177 μήτηρ,
3641 1098 3824 1177 ἀρετῆς

2226 1179 2519 1246 ἐναντίωσις
2541 1225 2555 1251 ,
2612 1190 2698 1240 τόν
2767 1185 3002 1263 ἀνδρεῖον
3069 1184 3238 1243 δειλὸν
3305 1186 3648 1244 ἀποδείκνυσι
3673 1232 3687 1258 ,
3739 1193 3824 1244 τὸν

2229 1277 2470 1349 σώφρονα
2523 1273 2717 1348 ἀσελγῆ
2746 1297 2758 1311 ·
2812 1274 3157 1338 δικαιοσύνην
3217 1279 3311 1333 οὐκ
3377 1276 3509 1347 οἶδε,
3577 1274 3825 1353 φροντίσιν

2226 1357 2442 1437 ἀναιρεῖ.
2487 1362 2688 1440 Ὠσπερ
2742 1369 2846 1440 γὰρ
2896 1364 3041 1443 ὕδωρ
3089 1368 3333 1443 πολέμιόν
3376 1373 3489 1422 εστι
3533 1374 3681 1443 πυρί,
3732 1369 3825 1422 οῦ-

2222 1469 2323 1514 τως
2372 1451 2589 1527 ἀμετρία
2638 1455 2777 1509 οἴνου
2823 1457 3066 1531 λογιςμόν
3110 1457 3492 1512 κατασϐέννυσι
3521 1460 3658 1531 (29).
3706 1462 3827 1512 Διὸ-

2224 1560 2319 1615 περ
2368 1547 2561 1596 ὤκνουν
2603 1564 2656 1598 τι
2697 1546 2860 1619 λέγειν
2908 1551 3043 1601 κατά
3091 1552 3267 1623 μέθης,
3296 1550 3403 1622 οὐχ
3449 1552 3515 1611 ὡς
3564 1554 3684 1624 περὶ
3734 1570 3828 1623 μι-

2225 1638 2355 1704 κροῦ
2400 1650 2538 1693 τινος
2583 1642 2749 1687 κακοῦ
2778 1636 2808 1696 ἦ
2840 1639 3172 1711 παροφθῆναι
3212 1636 3379 1707 ἀξίου,
3413 1637 3518 1690 ἀλλ’
3568 1640 3634 1699 ὣς
3678 1635 3829 1691 οὐδὲν

2229 1720 2398 1792 ὄφελος
2452 1729 2816 1799 παρεχομένου
2881 1733 2972 1780 τοῦ
3041 1726 3219 1799 λόγου.
3280 1727 3340 1782 Εἰ
3393 1730 3493 1801 γὰρ
3551 1728 3577 1781 6
3627 1729 3830 1801 μεθύων

458 1812 608 1869 nihil
655 1817 811 1869 esset
853 1814 1222 1886 profuturus.
1251 1814 1481 1870 Etenim
1506 1814 1558 1870 si
1576 1812 1778 1909 ebrius
1802 1810 2040 1884 desipit,
2063 1813 2121 1866 et

2234 1822 2545 1886 παραφρονεί
2588 1820 2680 1868 καὶ
2723 1815 3028 1884 ἐσκότωται,
3081 1816 3190 1876 εἰκῆ
3245 1814 3486 1892 ῥαψῳδεί
3519 1817 3545 1870 6
3573 1814 3828 1874 ἐπιπλήτ-

458 1901 754 1971 vertigine
770 1901 1037 1969 laborat;
1060 1903 1278 1960 frustra
1295 1902 1563 1976 loquitur
1581 1902 1685 1975 qui
1700 1898 1976 1973 increpat
1994 1913 2118 1955 non

461 1990 829 2048 audientem.
860 1994 1022 2057 Quos
1043 1993 1226 2062 igitur
1248 1992 1665 2066 alloquemur?
1685 1990 1987 2065 siquidem
2012 1988 2119 2063 qui

470 2079 644 2153 124
665 2080 1079 2138 admonitione
1107 2081 1355 2152 indiget,
1377 2097 1451 2138 ea
1494 2098 1629 2155 quae
1658 2080 1961 2143 dicuntur,
1991 2091 2117 2134 non

462 2169 792 2226 auscultat:
822 2171 1180 2244 temperanti
1205 2186 1350 2227 vero
1371 2174 1428 2228 et
1449 2171 1654 2228 sobrio
1690 2185 1847 2243 opus
1874 2184 2000 2226 non
2030 2171 2120 2224 est

461 2258 759 2315 sermonis
804 2259 1050 2327 auxilio,
1078 2276 1220 2317 cum
1259 2260 1339 2317 ab
1381 2260 1499 2317 hoc
1539 2260 1684 2317 vitio
1726 2275 1918 2332 purus
1960 2258 2038 2314 sit
2061 2260 2121 2314 et

461 2348 777 2408 immunis.
810 2349 966 2416 Quid
995 2350 1176 2420 igitur
1201 2350 1439 2423 capiam
1478 2350 1713 2407 consilii
1746 2350 1809 2406 in
1837 2346 2119 2422 praesenti

462 2451 667 2494 rerum
687 2443 866 2507 statu,
899 2440 948 2496 si
973 2444 1032 2497 et
1061 2456 1264 2497 sermo
1292 2440 1521 2496 inutilis
1549 2441 1646 2507 sit,
1674 2455 1788 2497 nec
1816 2438 2121 2496 silentium

466 2530 662 2584 tutum
685 2527 714 2583 ?
746 2527 1127 2599 Negligemus
1173 2529 1547 2586 curationem
1566 2530 1594 2586 ‘I
1624 2529 1741 2586 Sed
1782 2527 2125 2601 periculosa

467 2619 559 2672 est
602 2616 991 2688 negligentia.
1022 2617 1307 2676 Dicamne
1358 2621 1573 2676 contra
1615 2617 1863 2675 ebrios?
1902 2617 2018 2674 Sed
2062 2615 2124 2672 in

468 2711 778 2765 emortuus
799 2725 977 2765 aures
995 2709 1442 2767 insonabimus.
1462 2709 1752 2767 Fortassis
1773 2708 1957 2780 igitur
1975 2708 2129 2764 sicut

466 2796 531 2853 in
568 2797 991 2870 pestilentibus
1037 2798 1268 2857 morbis
1308 2815 1632 2872 corporum
1677 2802 1984 2855 curatores
2021 2812 2127 2854 eos

467 2884 717 2958 quidem
754 2886 861 2959 qui
899 2888 1030 2944 sani
1062 2894 1220 2958 sunt,
1252 2888 1533 2946 remediis
1574 2886 1947 2963 quibusdam
1971 2898 2131 2942 mor-

463 2975 616 3032 bum
659 2977 1172 3049 prtevenientibus
1211 2978 1675 3045 communiunt;
1721 2979 1793 3034 iis
1830 2991 1975 3033 vero
2023 2974 2130 3049 qui

464 3065 683 3122 morbo
698 3066 830 3138 jam
851 3068 1111 3141 correpti
1132 3072 1292 3136 sunt,
1313 3084 1536 3126 manus
1554 3083 1679 3125 non
1701 3067 2021 3125 adhibent:
2046 3065 2131 3122 sic

406 3166 410 3171 '
466 3154 650 3211 etiam
689 3155 867 3213 nobis
905 3156 1112 3214 media
1151 3172 1224 3213 ex
1253 3161 1426 3231 parte
1457 3152 1615 3214 utilis
1645 3161 1743 3215 est
1773 3171 1996 3227 sermo,
2026 3155 2133 3229 qui

462 3243 878 3317 impertiturus
899 3248 975 3303 sit
993 3246 1245 3303 tutelam
1268 3251 1327 3304 et
1343 3247 1686 3304 antidotum
1709 3248 1875 3303 sanis
1902 3251 1960 3303 et
1985 3247 2134 3302 inte-

464 3332 611 3403 gris,
633 3348 759 3390 non
777 3334 1197 3392 liberationem
1219 3340 1324 3393 aut
1343 3336 1647 3393 medelam
1666 3336 2128 3407 aagrotantibus.

536 3425 590 3478 3.
635 3422 791 3488 Quid
821 3423 1048 3492 diﬂ‘ers,
1073 3442 1111 3481 o
1138 3424 1346 3496 homo,
1379 3441 1416 3481 a
1441 3425 1639 3482 brutis
1670 3424 2083 3482 animantibus
2101 3425 2132 3481 ?

466 3514 676 3569 Nonne
704 3513 957 3571 rationis
977 3515 1162 3583 dono,
1187 3531 1313 3588 qua
1335 3531 1372 3572 a
1393 3520 1497 3573 tuo
1516 3516 1828 3573 conditore
1857 3519 2128 3587 accepta,

467 3606 758 3659 creaturae
789 3604 1116 3675 cujuslibet
1139 3605 1423 3679 princeps
1464 3606 1712 3663 effectus
1760 3622 1824 3663 es
1856 3609 1915 3662 et
1941 3603 2132 3662 domi-

465 3693 631 3749 nus?
662 3692 944 3767 Quisquis
972 3694 1156 3766 igitur
1201 3711 1266 3752 se
1294 3695 1430 3769 ipse
1475 3695 1870 3766 intelligentia
1916 3711 1988 3752 ac
2033 3710 2130 3752 co-

465 3780 733 3851 gnitione
780 3783 979 3856 privat
1022 3799 1133 3857 per
1181 3784 1558 3854 ebrietatem,
1606 3786 2007 3855 Comparatus
2044 3789 2131 3843 est

457 3873 754 3941 jumentis
786 3873 1232 3943 insipientibus,
1266 3880 1318 3930 et
1351 3874 1563 3930 similis
1587 3874 1791 3943 factus
1815 3879 1899 3930 est
1919 3873 2129 3932 illis“.

468 3963 596 4016 lmo
626 3961 809 4017 etiam
837 3961 1092 4018 dixerim
1125 3979 1239 4033 ego
1265 3962 1628 4018 temulentos
1656 3961 1906 4018 rationis
1934 3962 2132 4032 magis

468 4063 603 4105 esse
629 4052 908 4122 expertes
939 4066 1130 4123 quam
1158 4050 1294 4124 ipsa
1340 4056 1598 4123 pecora:
1631 4050 1932 4123 siquidem
1983 4066 2131 4123 qua-

467 4136 768 4210 drupedia
796 4139 1005 4195 omnia
1030 4143 1086 4195 et
1109 4139 1339 4208 bestias,
1364 4143 1559 4196 certos
1589 4156 1659 4197 ac
1680 4144 2030 4196 constantes
2050 4139 2130 4196 ad

469 4226 694 4282 coitum
726 4231 928 4283 motus
960 4228 1349 4301 impetusque
1392 4227 1658 4287 habent:
1690 4244 1956 4301 quorum
1984 4245 2128 4287 vero

469 4314 743 4373 animum
762 4316 1111 4374 temulentis
1130 4321 1409 4391 occupat,
1426 4321 1483 4375 et
1500 4334 1766 4391 quorum
1786 4333 2010 4391 corpus
2029 4334 2128 4376 ca-

468 4403 560 4462 lor
589 4408 807 4477 preeter
824 4409 1109 4463 naturam
1139 4407 1436 4463 accedens
1454 4405 1683 4480 implet,
1704 4406 1768 4463 hi
1789 4407 1956 4464 omni
1977 4411 2125 4464 tem-

469 4486 617 4567 pore
633 4497 691 4550 et
705 4494 871 4550 omni
883 4494 1034 4552 hora
1046 4495 1122 4552 ad
1138 4497 1414 4568 impuros
1428 4500 1761 4571 turpesque
1772 4496 2127 4570 complexus

2226 1918 2324 1950 των
2371 1909 2442 1973 τῷ
2489 1909 2562 1976 μή
2614 1903 2874 1959 ἀκούοντι.
2924 1909 3077 1960 Τίσιν
3121 1902 3209 1959 οὖν
3263 1903 3663 1979 διαλεχθῶμεν;
3691 1909 3828 1981 εἴπερ

2229 1988 2255 2040 6
2281 1992 2373 2061 μὲν
2412 1994 2638 2067 χρῄζων
2678 2002 2767 2056 τῆς
2805 1998 3155 2071 παραινέσεως
3202 1996 3297 2048 οὐκ
3322 1994 3496 2049 ἀκούει
3541 2004 3640 2049 τῶν
3680 1993 3831 2066 λεγο-

2227 2082 2390 2150 μένων
2416 2101 2429 2115 ο
2472 2084 2498 2134 6
2544 2079 2604 2136 δε
2654 2092 2927 2158 σωφρονῶν
2972 2090 3063 2137 καὶ
3091 2089 3263 2158 νήφων
3310 2085 3370 2139 οὐ
3420 2082 3588 2139 δεῖται
3605 2085 3721 2156 (30)
3749 2091 3838 2144 τῆς

2226 2165 2283 2220 ἐκ
2328 2178 2420 2223 τοῦ
2468 2171 2622 2245 λόγου
2680 2173 2951 2247 βοηθείας,
2996 2176 3295 2249 καθαρεύων
3345 2177 3450 2248 ίτοῦ
3505 2176 3726 2237 πάθους.
3773 2166 3838 2227 Τί

2228 2256 2318 2313 οὖν
2360 2266 2641 2336 χρήσομαι
2688 2271 2795 2327 τοῖς
2842 2272 3121 2340 παροῦσιν,
3150 2264 3195 2318 εἰ
3240 2265 3332 2318 καί
3384 2266 3411 2317 6
3457 2264 3607 2338 λόγος
3653 2266 3836 2339 ἄχρη-

2233 2369 2367 2418 στος,
2413 2357 2503 2406 καὶ
2551 2355 2582 2411 ή
2644 2358 2815 2413 σιωπή
2872 2355 3102 2430 ἄποροςς
3151 2351 3463 2431 Παρίδωμεν
3516 2358 3611 2413 τήν
3655 2353 3835 2427 ἐπιμί-

2229 2438 2406 2505 λειανς
2460 2441 2594 2494 Ἀλλ’
2643 2440 2967 2505 ἐπικίνδυνος
3017 2445 3048 2503 ἡ
3111 2443 3340 2517 ἀμέλεια.
3402 2442 3558 2497 Ἀλλά
3621 2443 3837 2517 φθέγξοο

2233 2534 2329 2601 μαί
2368 2549 2421 2583 τι
2466 2533 2603 2584 κατά
2640 2541 2738 2585 τῶν
2781 2535 3107 2606 μεθυόντωνς
3150 2532 3285 2587 Ἀλλ’
3333 2532 3405 2596 εἰς
3449 2534 3633 2607 νεκρὰς
3684 2531 3839 2593 ἀκοὰς

2234 2616 2547 2692 ἐνηχοῦμεν.
2590 2626 2804 2680 Μήποτε
2850 2618 2960 2688 οὖν,
3011 2624 3075 2683 ὡς
3118 2621 3328 2676 ἐπὶτῶν
3371 2621 3619 2695 λοιμικῶν
3674 2642 3837 2682 νοση-

2236 2709 2410 2779 μάτων
2451 2710 2500 2761 οὶ
2545 2716 2642 2762 τῶν
2692 2712 2946 2783 σωμάτων
2988 2712 3300 2786 θεραπευταὶ
3341 2713 3462 2772 τοὺς
3509 2713 3600 2783 μεν
3657 2710 3839 2781 ὑγιαί-

2236 2815 2410 2858 νοντας
2479 2805 2587 2861 τοῖς
2651 2799 3090 2876 προφυλακτικοίς
3157 2799 3499 2873 βοηθήμασιν
3531 2798 3841 2871 ἀσφαλίζον-

2241 2904 2360 2954 ται,
2423 2895 2527 2950 τοῖς
2598 2885 2658 2942 δὲ
2723 2894 3121 2964 κεκρατημένοις
3177 2890 3279 2943 ὑπὸ
3336 2895 3428 2943 τοῦ
3482 2890 3683 2951 πάθους
3746 2888 3841 2942 οὐκ

2240 2973 2613 3051 ἐγχειροῦσιν*
2657 2977 2793 3033 οὑτω
2821 2983 2911 3032 καὶ
2964 2980 3086 3053 ὑμῖν
3135 2977 3188 3043 ἐξ
3230 2980 3474 3052 ἡμισείας
3517 2980 3630 3052 ἔχει
3657 2978 3776 3049 (3i)
3816 2979 3841 3029 6

2239 3065 2390 3139 λόγος
2435 3069 2495 3119 τὸ
2546 3072 2856 3143 χρήσιμον·
2902 3068 3136 3141 φυλακήν
3181 3063 3489 3129 ὑποδεικνὺς
3547 3074 3658 3129 τοῖς
3711 3065 3843 3119 ἀπα-

2244 3155 2405 3222 θέσιν,
2437 3154 2533 3208 οὐκ
2580 3154 2882 3230 ἀπαλλαγήν
2926 3161 3015 3210 καί
3052 3159 3195 3211 ’ίασιν
3229 3162 3336 3218 τοῖς
3376 3157 3477 3210 ὑπὸ
3515 3162 3605 3210 τοῦ
3647 3157 3843 3219 πάθους

2241 3249 2659 3321 κεκρατημένοις.

2312 3428 2365 3481 3.
2405 3429 2519 3479 Τίνι
2560 3423 2871 3501 διενήνοχας
2912 3436 3012 3482 τῶν
3044 3427 3262 3502 ἀλόγων,
3294 3427 3335 3482 ὦ
3363 3430 3638 3506 ἄνθρωπες
3672 3428 3748 3482 Οὐ
3776 3436 3837 3503 τῇ

2243 3510 2415 3589 δωρεᾷ
2454 3523 2546 3569 τοῦ
2588 3515 2766 3589 λόγου,
2802 3517 2862 3576 ἣν
2908 3517 3078 3571 λαϐὼν
3125 3521 3271 3596 παρά
3310 3526 3404 3573 τοῦ
3446 3521 3722 3582 κτίσαντὸς
3761 3537 3837 3585 σε,

2240 3604 2422 3679 ἅρχων
2491 3610 2580 3659 καὶ
2648 3610 2826 3682 κύριος
2875 3605 3047 3679 ἐγένου
3104 3612 3277 3669 πάσης
3331 3615 3428 3670 τῆς
3479 3613 3726 3676 κτίσεως;
3781 3606 3840 3660 Ὀ

2237 3699 2406 3745 τοίνυν
2454 3692 2751 3767 ἀφελόμενος
2795 3693 2978 3749 ἑαυτοῦ
3024 3700 3120 3755 τήν
3173 3700 3423 3770 φρόνησιν
3472 3692 3567 3749 διὰ
3608 3704 3703 3759 τῆς
3742 3699 3839 3768 μὲ-

2242 3784 2356 3843 θης.
2427 3782 2877 3858 Παρασυρεϐλήθη
2944 3791 3051 3845 τοῖς
3113 3789 3324 3843 κτήνεσι
3389 3792 3501 3848 τοῖς
3575 3784 3836 3858 ἀνοήτοις,

2238 3875 2328 3925 καὶ
2372 3872 2615 3944 ὡμοιώθη
2667 3872 2864 3935 αὐτοῖς.
2913 3872 3117 3927 Μᾶλλον
3171 3870 3231 3928 δὲ
3276 3878 3368 3927 καί
3412 3882 3512 3928 τῶν
3566 3874 3842 3948 βοσκημά-

2236 3980 2335 4015 των
2389 3964 2545 4032 φαίην
2598 3960 2659 4012 ἂν
2709 3964 2873 4034 ἔγωγε
2921 3961 3266 4038 ἀλογωτέρους
3318 3961 3449 4017 εἶναι
3503 3968 3624 4027 τοὺς
3675 3964 3726 4018 ἐν
3776 3972 3838 4038 τῇ

2239 4053 2367 4124 μέθη
2397 4071 2411 4084 ·
2463 4054 2600 4125 εἴπερ
2649 4055 2716 4105 τὰ
2766 4057 2856 4126 μὲν
2902 4051 3198 4129 τετράποδα
3237 4057 3409 4108 πάντα
3452 4059 3542 4109 καὶ
3578 4058 3647 4109 τὰ
3685 4057 3846 4131 θηρία

2234 4144 2544 4213 τεταγμένας
2597 4144 2709 4214 ἔχει
2762 4145 2855 4206 τὰς
2903 4145 3032 4217 πρὸς
3083 4148 3178 4202 τήν
3228 4145 3370 4217 μίξιν
3425 4146 3621 4220 ὁρμὰς,
3678 4146 3728 4198 οἱ
3784 4142 3844 4198 δὲ

2237 4232 2339 4283 ὑπὸ
2380 4239 2473 4292 τῆς
2519 4234 2682 4304 μέθης
2722 4237 2815 4292 τὴν
2856 4233 3040 4306 ψυχήν
3087 4238 3448 4308 κατεχόμενοι,
3480 4240 3571 4288 καὶ
3598 4238 3658 4289 τὸ
3691 4244 3844 4309 σῶμα

2235 4328 2328 4381 τῆς
2366 4322 2510 4395 παρά
2540 4323 2696 4394 φύσιν
2751 4324 3061 4397 θερμότητος
3089 4322 3482 4387 ἀναπλήσαντες
3510 4325 3647 4397 (32),
3675 4326 3843 4379 πάντα

2239 4412 2419 4484 καιρὸν
2465 4415 2556 4463 καὶ
2611 4415 2788 4465 πᾶσαν
2844 4414 2980 4488 ὤραν
3031 4416 3163 4488 πρὸς
3226 4414 3323 4476 τὰς
3372 4411 3700 4487 ἀκαθάρτους
3751 4419 3842 4468 καὶ

2240 4518 2557 4573 ασχήμονας
2618 4501 2918 4574 συμπλοκὰς
2973 4507 3063 4555 καὶ
3144 4498 3336 4563 ἡδονὰς
3423 4503 3836 4558 συνελαύνονται.

471 4561 869 4652 concitantur,
897 4589 1079 4659 atque
1111 4586 1191 4643 ad
1228 4561 1593 4660 soluptate-s.
1621 4561 1737 4644 Nec
1780 4587 1899 4644 hoc
1914 4561 2122 4646 -modo

2242 4594 2341 4645 Καὶ
2403 4590 2462 4644 οὐ
2512 4598 2665 4646 τοῦτο
2730 4596 2883 4667 μόνον
2938 4596 3034 4651 τήν
3090 4590 3302 4663 ἀλογίαν
3369 4591 3539 4656 οὖτοῖς
3603 4591 3834 4667 ἐμποιεῖ,

542 4728 591 4764 ³⁸
628 4726 784 4787 Psal.
826 4744 1018 4797 vam,
1064 4733 1151 4789 t3.

541 4874 652 4944 (28)
696 4871 862 4929 Colb.
912 4872 1145 4945 primus
1189 4889 1302 4947 pro
1357 4872 1615 4937 παντελῶς
1660 4874 1847 4932 habet
1899 4873 2124 4944 ἀληθῶς,

471 4961 624 5003 vere.

543 5017 653 5092 (2Q)
695 5015 859 5072 Colb.
888 5017 1111 5092 tertius
1138 5016 1390 5091 λογισμόν
1433 5018 1812 5071 κατασϐέννυσι
1867 5023 2125 5092 σώφρονα,

469 5088 825 5160 prudentem
859 5088 1637 5160 cogitationemextinguit.

544 5160 654 5229 (30)
694 5158 1012 5215 Colbertini
1041 5160 1166 5216 duo
1195 5177 1343 5219 mss.
1375 5158 1525 5214 οὐὸἓν
1558 5159 1745 5217 δεῖται.

543 5232 679 5307 (31).
699 5230 850 5307 Editi
880 5233 1002 5307 ἔχῃ.
1044 5233 1278 5307 Veteres
1326 5248 1427 5289 sex
1455 5232 1593 5289 libri
1641 5236 1773 5306 ἔχει.
1806 5232 2128 5307 Aliquanto

469 5304 628 5380 post
642 5300 810 5380 Cglb.
844 5300 1077 5372 prii-Ilus
1106 5306 1300 5380 πάθους
1337 5300 1723 5380 κρατουμένοις.

544 5373 660 5440 (32)
700 5373 866 5448 Un_us_
911 5390 1023 5448 ms.
1089 5391 1199 5448 pro
1249 5373 1632 5448 ἀναπλήσαντες
1685 5376 1868 5433 habet
1899 5374 2128 5448 ἀναπλη-

473 5447 750 5515 ρὼσαντες.
769 5442 992 5523 Etinde
1009 5442 1255 5523 quoque
1273 5447 1623 5523 Ambrosius
1642 5448 1900 5523 sumpsit
1914 5447 2127 5523 multa,

472 5528 618 5592 quas.
649 5517 915 5592 reperias
961 5517 1275 5592 capite—16.
1308 5521 1401 5575 Sic
1449 5520 1607 5575 enim
1653 5517 1953 5592 loquitur:
1986 5520 2131 5575 ch

474 5584 778 5662 (ebrietati)
813 5601 1017 5662 sensus
1036 5584 1357 5662 'hominum
1401 5598 1597 5647 mutat
1641 5598 1694 5647 et
1733 5584 1992 5660 'formas.
2022 5606 2133 5662 per

474 5657 635 5715 hanc
652 5657 810 5727 ﬁunt
837 5672 913 5719 ex
948 5659 1288 5719 hominibus
1309 5663 1447 5735 equi
1467 5657 1921 5721 adhinnientes.‘
1937 5657 2132 5735 Sibui-

2236 4877 2368 4935 dem
2412 4879 2697 4935 naturali
2721 4892 2943 4948 vapore
2982 4878 3248 4948 corporis
3296 4878 3485 4934 calidi
3511 4884 3567 4935 et
3617 4886 3842 4950 praeter

2235 4956 2525 5006 naturam
2556 4950 2685 5007 vini
2712 4951 2915 5006 calore
2940 4950 3258 5019 ﬂammati,
3301 4951 3578 5008 cohibere
3619 4967 3681 5009 se
3716 4967 3839 5009 non

2239 5027 2484 5092 queunt,
2513 5028 2569 5078 et
2619 5022 2685 5077 in
2736 5022 3007 5078 bestiales
3040 5021 3315 5077 libidines
3373 5024 3742 5092 excitantur,
3773 5030 3840 5079 ut

2237 5093 2477 5166 nullum
2507 5098 2737 5163 tempus
2754 5094 3176 5166 prazscriptum
3200 5094 3483 5166 habeant,
3498 5111 3612 5166 quo
3634 5096 3840 5152 deceat

2236 5163 2554 5233 indulgere
2611 5163 3048 5221 concubitui...
3103 5165 3356 5222 Umbras
3413 5163 3568 5235 saepe
3622 5167 3842 5222 transi-

2241 5236 2401 5292 liunt
2428 5237 2583 5291 sicut
2626 5237 2857 5306 foveas,
2906 5242 3085 5292 nutat
3127 5236 3218 5292 his
3261 5252 3395 5293 cum
3441 5238 3604 5305 facie
3651 5242 3838 5301 terra,

2237 5309 2433 5390 subito
2463 5308 2618 5390 erigi
2655 5314 2709 5364 et
2740 5308 3841 5390 inclinari‘videtur“._..concurrenti-

2243 5378 2349 5433 bus
2378 5378 2679 5435 montibus
2708 5379 2823 5435 sibi
2851 5380 3134 5436 videntur
3171 5379 3424 5435 includi.
3456 5379 3738 5434 Murmur
3775 5380 3841 5434 in

2240 5451 2492 5507 auribus
2524 5458 2814 5522 tanquam
2840 5455 3025 5507 maris
3054 5451 3411 5521 ﬂuctuantis
3428 5450 3714 5521 fragor...
3750 5452 3842 5522 Vi-

2239 5523 2503 5592 gilantes
2532 5521 2855 5587 somniant,
2884 5522 3243 5579 dormientes
3276 5522 3541 5592 litigant.
3584 5523 3720 5579 Vita
3750 5521 3841 5579 his

2239 5584 2556 5667 seminium
2611 5599 2741 5667 est._
2773 5584 2943 5660 Illud,
2987 5584 3704 5667 quodumoxfsequitur,
3754 5598 3842 5646 καὶ
3924 5584 3941 5597 ’

2240 5661 2453 5735 ἡδονάς,
2484 5680 2558 5724 ex
2601 5663 2842 5723 duobus
2887 5661 3038 5725 mss'.
3068 5663 3425 5723 Colbertinis
3470 5661 3842 5755 addidimus.
