4098 6384
473 288 574 345 451

1848 282 1902 339 S.
1948 280 2195 337 BASlLll
2232 280 2471 336 MAGNI.

3735 287 3841 344 452

474 407 941 478 sintomnigenis
964 406 1244 462 masculis
1255 407 2111 480 compuncti,przetereaipsan

2246 405 2501 478 ὑπερϐολῇ
2574 414 2672 458 τῶν
2747 404 2949 465 ἡδονῶν
3023 406 3400 480 έξοιστρουσών
3453 407 3538 461 ἐπὶ
3602 409 3843 482 λαγνείας

474 515 720 573 quoque
743 497 1012 570 corporis
1033 496 1448 552 habitudinem
1473 502 1886 568 corrumpunt.
1907 495 2131 551 Etenim

475 604 601 645 non
630 588 710 644 ob
736 586 1097 643 immodicas
1129 585 1324 641 solum
1357 588 1695 659 voluptates
1726 586 1948 659 quibus
1973 584 2134 640 velut

473 677 675 735 furore
703 675 977 750 quodam
1006 676 1084 732 ad
1112 674 1485 733 salacitatem
1507 678 1906 741 concitantur,
1932 679 2132 731 conla-

476 767 735 824 bescunt
763 782 835 823 ac
863 766 1184 822 difﬂuunt:
1228 765 1333 822 sed
1364 765 1444 823 ob
1471 767 1673 839 ipsam
1701 766 1879 822 etiam
1907 764 2130 820 molem

478 874 550 914 ac
602 862 929 924 tumorem,
986 870 1206 929 corpus
1282 856 1471 912 nimio
1522 857 1775 912 humore
1834 854 2130 927 repletum

473 947 803 1019 laxumque
857 950 914 1002 et
936 945 1102 1002 vitali
1132 946 1337 1015 vigore
1383 945 1644 1001 solutum
1679 944 2125 1001 circumferunt.

473 1038 701 1093 Horum
723 1034 889 1091 lividi
918 1039 1057 1090 sunt
1084 1035 1262 1102 oculi,
1286 1034 1630 1107 subpallida
1654 1032 2001 1105 superﬁcies
2025 1046 2132 1088 cu-

473 1126 572 1194 tis,
606 1125 847 1199 spiritus
898 1124 1223 1197 impeditus
1261 1139 1332 1181 ac
1382 1127 1864 1194 coagmentatus.
1920 1121 2131 1191 lingua

471 1214 757 1282 resoluta,
784 1214 1013 1270 clamor
1039 1213 1440 1281 indistinctus,
1469 1212 1794 1269 titubantes
1821 1211 2007 1285 pedes
2033 1225 2132 1266 ve-

468 1304 914 1378 lutpuerorum,
934 1308 1281 1375 spontaneis
1298 1302 1779 1375 superﬂuitatum
1792 1301 2129 1373 egestiones

473 1395 649 1466 quasi
679 1393 758 1450 ab
788 1392 1135 1449 inanimatis
1167 1394 1554 1465 proﬂuentes.
1592 1392 1681 1452 Ob
1707 1392 1923 1448 luxum
1952 1391 2130 1447 mise-

466 1483 711 1553 rabiles,
745 1481 1213 1538 miserabiliores
1259 1498 1448 1555 quam
1493 1482 1597 1555 qui
1625 1481 1686 1538 in
1725 1482 1880 1537 mari
1904 1486 2129 1555 tempe-

468 1575 618 1628 state
641 1571 966 1642 jactantur,
997 1585 1154 1643 quos
1184 1570 1403 1627 ﬂuctus
1424 1571 1521 1627 alii
1546 1570 1679 1627 aliis
1712 1569 2127 1641 succedentes,

470 1675 541 1719 ac
571 1660 1013 1730 demergentes,
1046 1675 1117 1716 ex
1152 1659 1332 1716 undis
1379 1674 1685 1731 emergere
1729 1675 1854 1716 non
1898 1660 2123 1716 sinunt.

2243 492 2573 555 ἐκτετηκότες
2636 500 2727 548 καὶ
2793 492 3137 571 διαρρέοντες,
3208 494 3334 548 ἀλλὰ
3406 503 3497 550 καὶ
3562 499 3705 571 αὐτῷ
3769 510 3841 572 τῷ

2241 586 2377 655 ὄγκῳ
2402 581 2740 647 πεπλαδηκὸς
2778 590 2867 639 καὶ
2901 583 3142 660 βρυῶδες
3166 592 3255 638 καὶ
3292 595 3384 639 τοῦ
3421 591 3643 651 ζωτικοῦ
3690 595 3840 644 τόνου

2237 671 2503 746 λελυμένον
2559 679 2617 727 τὸ
2687 684 2840 748 σῶμα
2905 679 3156 748 φέροντες.
3221 679 3427 729 Τούτων
3492 675 3727 732 πελιδνοὶ
3793 682 3843 734 οἱ

2240 761 2515 836 ὀφθαλμοί·
2572 765 2822 838 ύπωχρος
2875 762 2934 818 δὲ
2975 767 3006 823 ἡ
3069 764 3357 839 έπιφοξνειαο
3414 776 3616 841 πνεῦμα
3666 787 3841 843 προσ-

2240 857 2460 915 εστηκός
2504 856 2636 924 (36)·
2681 853 2903 925 γλῶσσα
2951 860 3256 930 παρημένη,
3308 859 3399 909 καὶ
3443 862 3650 931 κραυγὴ
3696 861 3840 918 ἄση-

2239 960 2353 1013 μος·
2397 941 2740 1015 ἀκροσφαλεῖς
2774 947 2824 997 oi
2870 941 3029 1007 πόδες
3076 947 3310 1020 καθάπερ
3359 947 3407 998 οἱ
3453 956 3555 999 τῶν
3611 946 3836 1002 παίδων·

2240 1029 2499 1106 ἐκκρίσεις
2556 1029 2616 1086 δὲ
2679 1041 2779 1085 τῶν
2840 1037 3243 1109 περιττωμάτων
3312 1035 3600 1109 αὐτόματοι
3665 1040 3838 1114 ὥσπερ

2240 1118 2340 1173 ἀπὸ
2378 1119 2602 1193 ἀψύχων
2648 1123 2884 1197 ῥέουσαι.
2918 1124 3150 1178 Ἐλεεινοὶ
3206 1132 3302 1187 τῆς
3356 1135 3577 1199 τρυφῆς,
3628 1126 3839 1182 ἐλεεινό-

2239 1227 2374 1284 τεροι
2417 1218 2516 1262 τῶν
2555 1210 2603 1263 ἄν
2645 1211 2855 1285 πελάγει
2898 1213 3313 1287 χειμαζομένων,
3355 1214 3443 1277 οὓς
3485 1215 3615 1268 ἀλλα
3655 1215 3709 1279 ἐξ
3754 1219 3841 1270 οἳλ-

2238 1298 2336 1351 λων
2384 1296 2746 1373 διαδεχόμενοι
2801 1306 2889 1355 καὶ
2934 1301 3344 1365 ἔπιϐαπτίζοντοι
3394 1307 3604 1378 κύματα
3660 1306 3840 1380 ἀναφέ-

2236 1405 2342 1463 ρειν
2372 1389 2467 1442 οὐκ
2505 1388 2765 1464 ἐπιτρέπει
2794 1400 2887 1445 τοῦ
2925 1389 3208 1454 κλύδωνος.
3261 1393 3410 1447 Οὕτω
3470 1391 3537 1453 δὴ
3592 1401 3680 1465 ταὶ
3721 1399 3840 1451 τού·-

2236 1494 2337 1531 των
2367 1481 2422 1531 αἱ
2448 1478 2629 1551 ψυχαὶ
2676 1479 2999 1555 ὑποϐρύχιοι
3042 1486 3279 1557 φέρονται
3329 1482 3740 1559 βεϐαπτισμέναι
3766 1495 3839 1558 τῷ

2237 1570 2377 1641 οἴνῳ.
2433 1573 2618 1643 Διόπερ
2674 1574 2744 1631 ὡς
2807 1573 2875 1625 τὰ
2942 1573 3305 1646 χειμαζόμενοι
3371 1573 3557 1642 πλοῖα,
3626 1573 3839 1631 ἐπειδὰν

2237 1658 2530 1733 ύπέραντλα
2582 1662 2816 1732 γένηται,
2875 1661 3169 1734 ἀναγκαίως
3218 1671 3282 1736 τῇ
3335 1662 3517 1738 ἐκϐολῇ
3575 1674 3669 1719 τοῦ
3718 1672 3838 1742 φόρ-

466 1752 636 1807 Hunc
663 1748 743 1805 ad
764 1748 1020 1805 modum
1044 1748 1264 1805 horum
1286 1764 1532 1822 quoque
1579 1750 1797 1807 anima;
1834 1750 1973 1805 vino
2000 1764 2111 1805 ma-

2236 1767 2327 1801 του
2382 1751 2705 1823 κουφίζεται·
2767 1752 2901 1805 οὕτω
2963 1759 3052 1807 καὶ
3116 1757 3322 1817 τούτοις
3388 1753 3670 1829 ἀναγκαῖαι
3735 1766 3835 1811 τῶν

464 1839 677 1896 dentes
693 1838 1575 1911 submerguntur.Quapropter
1588 1843 1653 1894 ut
1659 1836 1887 1910 jactata
1902 1842 2126 1911 tempe-

468 1933 619 1987 state
657 1928 903 1998 navigia
951 1943 1092 1984 cum
1148 1928 1289 2001 plus
1327 1942 1505 2000 aequo
1551 1932 1904 1994 onerantur,
1939 1943 2123 1985 onere

466 2019 655 2092 ejecto
684 2032 932 2074 necesse
966 2021 1057 2073 est
1082 2016 1359 2073 allevari:
1392 2018 1475 2075 ita
1502 2022 1559 2074 et
1583 2017 1645 2074 hi
1675 2033 1748 2075 ea
1787 2033 1927 2091 qua:
1955 2019 2122 2091 ipsos

465 2111 744 2178 gravant,
775 2105 1115 2163 necessario
1136 2111 1410 2176 egerunt.
1458 2106 1564 2162 Vix
1605 2106 1768 2163 enim
1810 2107 2041 2163 vomitu
2064 2110 2122 2163 et

461 2195 795 2268 dejectione
814 2194 893 2251 ab
903 2209 1086 2251 onere
1103 2194 1452 2263 liberantur,
1469 2198 1635 2252 tanto
1651 2194 2118 2253 miserabiliores

460 2286 770 2345 infeliciter
798 2284 1250 2357 navigantibus,
1277 2290 1574 2358 quantum
1601 2285 1664 2342 hi
1702 2285 1949 2359 quidem
1975 2300 2118 2342 ven-

458 2383 553 2436 tos
594 2383 653 2435 et
697 2392 864 2435 mare
893 2380 951 2432 et
995 2381 1241 2433 externa
1268 2376 1702 2448 impedimenta
1747 2381 2115 2434 causentur:

456 2465 554 2523 ille
582 2480 723 2523 vero
759 2464 1064 2523 ebrietatis
1105 2468 1527 2537 tempestatem
1570 2464 1686 2521 sibi
1713 2465 1861 2538 ipsis
1901 2468 2116 2538 sponte

457 2555 781 2613 asciscunt.
810 2554 923 2620 Qui
960 2569 997 2610 a
1042 2553 1321 2610 daemone
1359 2553 1694 2624 obsidetur,
1726 2553 2115 2611 miseratione

456 2644 680 2715 dignus
725 2647 860 2700 est:
916 2642 1117 2699 ebrius
1166 2657 1311 2699 vero
1354 2643 1569 2699 eadem
1625 2642 1987 2716 perpetiens,
2035 2658 2112 2699 ne

454 2733 678 2803 dignus
706 2731 957 2806 quidem
977 2735 1072 2788 est
1090 2732 1264 2802 cujus
1288 2730 1708 2801 misereamur,
1730 2730 2113 2805 quandoqui-

455 2822 596 2880 dem
625 2837 767 2879 cum
794 2821 1135 2878 voluntario
1158 2820 1437 2878 daemone
1467 2820 1841 2878 colluctatur.
1873 2821 1942 2877 Hi
1961 2835 2113 2894 pras-

451 2916 619 2970 terea
656 2912 941 2985 quaedam
988 2911 1288 2969 ebrietatis
1334 2911 1669 2984 pharmaca
1714 2915 2109 2985 componunt,

452 3017 703 3073 operam
730 3001 1218 3074 industriamque
1246 3000 1308 3057 in
1338 3014 1410 3057 eo
1432 3005 1749 3074 ponentes,
1780 3015 1905 3057 non
1945 3005 2007 3057 ut
2033 3015 2110 3057 ne

461 3092 634 3165 126
664 3091 813 3165 quid
844 3090 988 3147 mali
1012 3105 1049 3148 a
1076 3090 1219 3146 vino
1248 3091 1577 3163 patiantur,
1608 3089 1714 3147 sed
1741 3094 1806 3147 ut
1832 3090 2109 3163 ipsorum

451 3181 712 3238 ebrietas
723 3180 885 3252 jugis
905 3180 1048 3236 sitet
1064 3179 1334 3236 assidua.
1351 3178 1519 3235 Enim
1540 3194 1699 3249 vero,
1714 3178 1925 3236 saltem
1943 3178 2107 3253 quod

452 3269 532 3327 ad
557 3269 807 3343 potandi
828 3274 1067 3341 tempus
1089 3269 1317 3335 attinet,
1334 3269 1555 3339 exigua
1574 3269 1662 3324 eis
1685 3274 1778 3325 est
1798 3269 1947 3335 dies,
1973 3270 2107 3327 bre-

448 3359 543 3416 vis
562 3358 767 3416 itidem
784 3373 907 3415 nox
925 3356 1017 3413 vel
1031 3357 1305 3414 hiberna.
1322 3358 1587 3429 Denique
1604 3358 1784 3428 hujus
1806 3357 1950 3414 mali
1970 3359 2107 3415 ﬁnis

450 3447 653 3504 nullus
689 3451 797 3504 est.
842 3450 992 3503 Nam
1039 3446 1239 3519 ipsum
1285 3461 1347 3502 se
1386 3461 1621 3502 merum
1662 3452 1976 3519 promovet
2026 3449 2106 3506 ad

450 3535 732 3610 amplius.
766 3539 915 3593 Nam
938 3535 1099 3593 enim
1127 3535 1287 3591 levat
1305 3535 1765 3592 necessitatem:
1807 3536 1914 3593 sed
1952 3536 2103 3595 alte-

446 3626 571 3683 rius
646 3628 824 3699 potus
897 3625 1315 3682 necessitatem
1381 3624 1789 3681 inevitabilem
1850 3626 2101 3697 inducit,

446 3730 704 3773 exurens
759 3714 1111 3782 inebriatos,
1162 3728 1522 3787 semperque
1562 3713 1928 3771 desiderium
1961 3716 2100 3789 plus

443 3804 695 3863 bibendi
717 3818 1078 3878 provocans.
1107 3803 1223 3861 Sed
1243 3802 1389 3859 dum
1408 3802 1830 3876 inexplebilem
1852 3804 2105 3861 bibendi

446 3893 605 3951 sitim
633 3894 750 3950 sibi
775 3907 1133 3966 comparare
1153 3892 1438 3963 cogitant,
1463 3898 1672 3950 contra
1693 3896 1873 3965 atque
1894 3893 2101 3951 animo

446 3983 826 4040 destinarunt
854 3982 1092 4039 accidit.
1126 3982 1275 4039 Nam
1306 3980 1552 4039 assiduo
1590 3980 1945 4039 deliciarum
1987 3999 2101 4040 usu

446 4088 589 4130 suos
626 4088 839 4129 sensus
858 4070 1182 4144 languidos
1223 4071 1486 4128 reddunt
1527 4086 1599 4129 ac
1646 4076 1903 4129 retusos.
1941 4073 2102 4130 Sicut

445 4162 609 4220 enim
636 4162 860 4219 nimius
885 4160 1084 4232 fulgor
1110 4161 1311 4217 visum
1338 4160 1605 4229 hebetat,
1629 4165 1688 4218 et
1713 4161 1869 4218 sicut
1892 4161 1999 4234 qui
2018 4161 2098 4219 ab

442 4250 675 4321 ingenti
702 4265 854 4308 sono
883 4266 954 4308 ac
980 4249 1219 4321 fragore
1248 4249 1689 4320 obtunduntur,
1712 4249 1792 4307 ob
1821 4249 2101 4307 immodi-

444 4319 587 4396 cum
639 4347 997 4412 percussum
1048 4319 1119 4396 eo
1167 4338 1516 4407 deveniunt,
1566 4342 1632 4396 ut
1671 4319 1821 4395 nihil
1849 4338 2098 4396 omnino
2133 4319 2176 4375 Ῐ)

443 4428 733 4486 audiant:
765 4428 849 4485 sic
875 4427 1057 4485 etiam
1081 4427 1145 4484 hi
1173 4442 1296 4501 pm
1324 4427 1515 4484 nimio
1538 4426 1869 4500 voluptatis
1900 4429 2099 4485 studio

440 4517 853 4592 imprudentes
896 4521 954 4575 et
992 4518 1218 4575 incauti
1261 4515 1638 4590 voluptatem
1670 4518 1967 4576 amittunt.
2010 4517 2100 4575 Vi-

438 4621 588 4664 num
614 4620 903 4681 namque,
934 4608 1043 4664 etsi
1068 4622 1326 4675 merum,
1357 4605 1501 4679 ipsis
1536 4610 1625 4663 est
1661 4606 1996 4679 insipidum
2042 4611 2100 4663 et

436 4712 613 4770 aquae
654 4697 882 4755 simile:
933 4712 1075 4754 cum
1115 4712 1259 4753 vero
1306 4695 1517 4752 vinum
1558 4710 1769 4752 recens
1816 4697 2095 4763 sumitur,

433 4786 673 4845 videtur
713 4786 1019 4860 tepidum;
1066 4785 1129 4843 id
1158 4785 1268 4842 etsi
1298 4786 1783 4842 recentissimum
1826 4790 1937 4853 est,
1988 4787 2096 4844 etsi

436 4876 541 4933 nix
562 4876 720 4949 ipsa,
744 4880 947 4933 tamen
973 4876 1290 4932 ﬂammam
1321 4889 1395 4931 ex
1415 4873 1743 4931 immodico
1764 4874 1906 4931 vino
1932 4874 2095 4932 intus

435 4965 498 5022 in
536 4965 688 5038 ipsis
736 4980 1062 5022 accensam
1099 4964 1479 5034 exstinguere
1534 4978 1660 5020 non
1714 4967 1929 5035 potest.
1981 4964 2096 5022 Cui

436 5067 523 5109 vae
546 5056 576 5109 ?
614 5054 713 5110 cui
741 5054 1087 5111 tumultus?
1124 5052 1227 5110 cui
1250 5051 1493 5123 judicia
1514 5054 1543 5107 ?
1579 5052 1679 5109 cui
1706 5052 1997 5111 molestiae
2032 5059 2092 5112 et

507 5229 619 5303 (36)
650 5230 886 5301 Legitur
911 5234 1301 5306 προστεστηκός
1338 5229 1401 5286 in
1444 5226 1708 5306 editione
1745 5229 1928 5306 Paris.
1951 5305 1956 5306 ί
1979 5247 2089 5306 pro

433 5300 813 5386 προσεστηκός,
846 5303 932 5358 uti
952 5300 1726 5386 'habe-ntvete'reanuatuor
1755 5300 1909 5386 libri.
1943 5300 2084 5377 R‘eg.

432 5371 1296 5463 térEiRS'zmpoaramxég.‘Editio
1328 5371 1504 5429 Basili
1525 5378 1870 5445 παρεστηκός.

506 5446 616 5516 (37)
644 5443 807 5501 Unus
840 5461 951 5501 ms.
988 5443 1266 5499 διαλιπεῖν.

505 5520 614 5589 (37)
648 5519 771 5590 ῌεε
799 5517 1032 5589 primus
1062 5520 1340 5590 προσάγει.

502 5586 618 5659 (39)
649 5586 820 5645 (301ὺῖ
863 5590 1072 5646 tertius
1103 5586 1215 5651 ’τῆς
1247 5586 1384 5659 ’ἄγαν
1415 5586 1681 5659 φιλοινίας,
1718 5602 1845 5659 pra:
1878 5590 2083 5648 immo-

2236 1837 2565 1913 βαρυνόντων
2600 1843 2654 1893 αἱ
2685 1840 2980 1906 ἀποθέσεις.
3013 1843 3285 1916 Ἐμοῦντες
3334 1848 3433 1918 γὰρ
3481 1851 3571 1899 καὶ
3601 1845 3835 1899 ἀποϐλύ-

2234 1929 2426 1997 ζοντες,
2482 1929 2634 2003 μόλις
2694 1930 3077 2007 ἐλευθεροῦνται
3137 1942 3232 1987 τοῦ
3305 1933 3523 2009 βάρους·
3590 1944 3835 1991 τοσοῦτον

2229 2026 2329 2071 τῶν
2379 2015 2779 2073 δυσπλοούντων
2831 2020 3173 2097 ἐλεεινότεροι,
3223 2024 3345 2077 ὅσον
3390 2027 3439 2078 οἱ
3485 2027 3575 2098 μὶν
3620 2023 3838 2099 ἀνέμους

2230 2112 2319 2161 καὶ
2352 2108 2621 2162 θάλασσαν
2667 2115 2758 2163 καὶ
2804 2113 2900 2173 τὰς
2949 2112 3131 2174 ἔξωθεν
3190 2111 3422 2186 ἀνάγκας
3480 2113 3832 2169 ἐπαιτιῶνταιο

2202 2199 2279 2277 οἱ
2309 2194 2369 2251 δέ
2401 2198 2703 2274 αὐθαίρετον
2738 2198 3061 2254 ἐπισπῶνται
3114 2204 3203 2255 τόν
3258 2201 3313 2256 έκ
3368 2212 3466 2267 τῆς
3506 2207 3670 2278 μέθης
3709 2223 3834 2278 χει-

2227 2293 2392 2358 μῶνα.
2445 2286 2504 2340 Ὀ
2551 2285 2811 2362 δαιμονῶν
2859 2288 3087 2354 ἐλεεινόςν
3134 2292 3161 2343 ὁ
3210 2288 3270 2346 δε
3306 2293 3531 2366 μεθύων,
3583 2296 3652 2347 τὰ
3700 2294 3834 2349 αύτὰ

2226 2377 2473 2448 πάσχων,
2502 2374 2625 2431 οὐδε
2675 2386 2769 2431 τοῦ
2804 2377 3055 2433 ἐλεεῖσθαι
3084 2380 3251 2453 ἄξιος,
3296 2382 3587 2457 αὐθαιρέτῳ
3619 2380 3832 2458 δαίμονι

2224 2464 2615 2539 προσπαλαίων.
2685 2466 2751 2520 Οῖ
2815 2474 2904 2521 καὶ
2960 2471 3124 2541 μέθης
3190 2474 3495 2525 συντιθέασι
3559 2474 3825 2547 φάρμακα,

2225 2552 2355 2625 ούχὶ
2383 2557 2443 2607 τὸ
2472 2558 2544 2627 μὴ
2574 2558 2758 2609 παθεῖν
2784 2576 2835 2610 τι
2863 2553 3031 2611 δεινόν
3062 2557 3163 2613 ἀπὸ
3194 2568 3285 2614 τοῦ
3315 2564 3475 2628 οἴνου,
3511 2559 3639 2616 ἀλλά
3662 2566 3720 2616 τὸ
3751 2566 3824 2636 μὴ

2225 2637 2509 2695 διαλείπειν
2537 2645 2653 2716 (37)
2700 2647 2973 2717 μεθύοντες
3039 2653 3433 2723 μηχανώμενοι.
3499 2650 3683 2723 Ὀλίγη
3734 2655 3824 2725 μὲν

2220 2733 2322 2804 γὰρ
2372 2733 2549 2793 αὐτοῖς
2599 2734 2630 2790 ἠ
2681 2735 2870 2810 ἡμέρα·
2909 2738 3075 2810 μικρά
3122 2734 3181 2790 δε
3217 2740 3249 2795 ἠ
3293 2737 3387 2802 νύξ
3432 2741 3523 2791 καὶ
3564 2741 3595 2798 ἡ
3645 2743 3826 2813 χειμέο

2220 2837 2351 2894 ριος,
2414 2825 2544 2896 πρός
2583 2839 2644 2894 γε
2687 2827 2773 2876 τόν
2829 2832 2922 2878 τοῦ
2973 2829 3135 2879 πότου
3180 2830 3393 2901 χρόνον.
3440 2826 3595 2890 Τέλος
3633 2824 3693 2881 δε
3730 2828 3822 2881 οὐκ

2221 2911 2338 2962 ἔστι
2384 2918 2476 2964 τοῦ
2528 2920 2713 2969 κακοῦ.
2770 2914 2938 2977 Αὐτὸς
2984 2917 3086 2991 γὰρ
3139 2913 3321 2969 ἑαυτὸν
3374 2917 3401 2968 ό
3448 2912 3580 2978 οἶνος
3632 2914 3718 2970 ἐπί
3764 2920 3821 2970 τό

2222 2996 2395 3051 πλεῖον
2433 3004 2654 3074 προάγει
2680 3003 2815 3074 (38).
2863 3002 2939 3056 Ού
2977 3004 3080 3077 γὰρ
3123 3008 3219 3063 τὴν
3267 3007 3453 3078 χρείαν
3500 3007 3822 3081 παραμυθεῖο

2222 3104 2329 3155 ται,
2363 3086 2470 3141 ἀλλ’
2520 3088 2693 3166 ἐτέρου
2745 3096 2907 3145 πότου
2962 3096 3149 3167 χρείαν
3197 3091 3554 3167 ἀπαραίτητον
3596 3093 3815 3168 ίμποιεῖ,

2220 3173 2437 3230 ἐκκαίων
2478 3182 2602 3240 τοὺς
2633 3181 2945 3253 μεθύοντας,
2986 3186 3077 3234 καὶ
3106 3180 3184 3234 ἀεὶ
3212 3184 3343 3255 πρὸς
3370 3187 3465 3242 την
3510 3189 3603 3236 τοῦ
3649 3182 3818 3237 πλείο-

2217 3281 2302 3328 νος
2354 3269 2524 3339 ἔφεσιν
2575 3255 3011 3344 προκαλούμενος.
3064 3268 3400 3344 Ἀπλήρωτον
3463 3266 3522 3325 δὲ
3573 3279 3665 3325 τοῦ
3718 3275 3811 3325 πί-

2210 3374 2311 3410 νειν
2335 3359 2430 3416 τὴν
2461 3355 2625 3430 ὄρεξιν
2656 3361 2797 3430 ἔχειν
2844 3358 3178 3426 ἐπινοοῦντες,
3210 3362 3269 3414 τό
3319 3360 3541 3414 έναντίον
3569 3361 3814 3435 πάσχου-

2215 3463 2297 3498 σιν
2346 3445 2375 3504 ἧ
2420 3451 2766 3520 προῄρηνται.
2813 3453 2896 3519 Τῷ
2939 3451 3041 3523 γὰρ
3093 3457 3307 3522 συνεχεῖ
3343 3458 3441 3512 τῆς
3479 3459 3680 3524 τρυφῆς
3718 3454 3812 3516 τὰς

2212 3534 2490 3596 αἰσθήσεις
2516 3534 2990 3611 ἀπομαραίνουσιν.
3039 3537 3129 3601 Ὠς
3154 3541 3256 3614 γὰρ
3296 3543 3355 3593 τό
3398 3540 3528 3612 οἶγαν
3574 3540 3810 3615 λαμπρόν

2213 3622 2444 3697 ἀμαυροῖ
2479 3627 2567 3685 τὰς
2614 3624 2778 3696 ὄψεις,
2820 3631 2911 3680 καὶ
2955 3628 3130 3701 ὥσπερ
3179 3630 3227 3681 οἱ
3265 3636 3377 3692 τοῖς
3421 3629 3666 3703 μεγάλοις
3702 3629 3807 3703 ψό-

2211 3731 2325 3787 φοις
2361 3719 2806 3789 κατακρουόμονοι
2853 3724 2917 3790 τῇ
2970 3715 3192 3792 ἀμετρίᾳ
3237 3725 3334 3780 τῆς
3370 3718 3579 3791 πληγῆς
3625 3719 3700 3783 εἰς
3747 3721 3807 3773 τὸ

2208 3800 2347 3875 μηδὲ
2378 3802 2582 3855 ἀκούειν
2625 3804 2887 3867 παντελῶς
2932 3808 3289 3880 περιάγονταιο
3342 3809 3476 3862 οὕτω
3522 3813 3613 3863 καὶ
3658 3809 3801 3863 οὗτοι

2207 3890 2482 3949 λελήθασιν
2521 3892 2735 3956 ἑαυτοὺς
2780 3896 2881 3948 ὑπὸ
2923 3902 3020 3957 τῆς
3047 3895 3182 3968 οἴγαν
3221 3891 3523 3969 φιληδονίας
3554 3899 3666 3967 (39)
3711 3903 3804 3958 τὴν

2207 3976 2404 4039 ἡδονὴν
2458 3979 2813 4044 ἀπολέσαντες.
2872 3982 3091 4047 "Amm;
3154 3988 3245 4059 μὲν
3309 3988 3411 4061 γὰρ
3471 3987 3652 4049 αὐτοῖς
3715 3992 3806 4041 καὶ

2207 4065 2491 4133 ὑδατώδης
2516 4072 2542 4122 ό
2571 4072 2721 4139 οἶνος,
2749 4071 2845 4125 κᾶν
2875 4074 3104 4148 οἶκρατος
3195 4074 3396 4150 χλιαρὰ
3446 4071 3507 4129 δε
3550 4083 3643 4129 τοῦ
3685 4064 3805 4131 νεα-

2206 4165 2302 4231 ροῦ
2334 4160 2364 4219 ἡ
2399 4156 2695 4231 ἀντίληψις,
2728 4161 2823 4214 κᾶν
2851 4164 2911 4215 τὸ
2959 4160 3401 4237 ἀκραιφνέστατον
3432 4160 3486 4237 ᾖ,
3534 4163 3628 4217 κᾶν
3672 4165 3802 4225 αὕτη

2204 4253 2362 4322 χιὼν,
2421 4249 2749 4303 κατασϐέσαι
2793 4256 2888 4312 τὴν
2938 4249 3082 4306 ἔνδον
3139 4252 3190 4306 ἐν
3244 4254 3424 4316 αὐτοῖς
3452 4255 3566 4326 (49)
3610 4254 3664 4307 ἐκ
3711 4263 3808 4319 τῆς

2208 4338 2457 4413 ἀμετρίας
2513 4347 2603 4393 τοῦ
2660 4342 2799 4394 οἴνου
2856 4345 3133 4416 καιομένην
3178 4343 3344 4417 φλόγα
3389 4349 3461 4418 μὴ
3520 4340 3803 4419 δυναμένη.

2205 4432 2318 4483 Τίνι
2356 4429 2475 4482 ούαί
2506 4443 2521 4496 ;
2577 4434 2679 4483 τίνι
2720 4430 2978 4505 θόρυϐος;
3038 4437 3141 4485 τίνι
3179 4436 3380 4509 κρίσεις
3412 4448 3427 4502 ;
3476 4437 3579 4487 τίνι
3618 4432 3807 4494 ἀηδίαι

2205 4522 2293 4571 καὶ
2363 4518 2605 4592 λέσχαι;
2681 4524 2787 4575 τίνι
2854 4527 3223 4598 συντρίμματα
3298 4521 3589 4593 διακενῆς;
3667 4531 3806 4590 τίνος

2204 4603 2439 4663 πελιδνοὶ
2498 4611 2547 4663 οἱ
2612 4609 2915 4684 ὀφθαλμοί;
2975 4611 3052 4665 Ού
3118 4620 3219 4664 τῶν
3281 4612 3692 4688 έγχρονιζόντων
3753 4614 3802 4667 ἓν

2203 4700 2342 4770 οἴνῳ,
2432 4703 2523 4752 καὶ
2579 4702 3052 4754 κατασκοπούντων
3134 4710 3226 4755 τοῦ
3292 4708 3444 4756 πότοι
3524 4708 3799 4775 γίνονται;

2200 4789 2271 4839 Τό
2335 4786 2454 4840 οὐαὶ
2536 4784 2797 4862 θρηνῶδίς
2872 4788 2986 4843 ἐστι
3060 4789 3371 4865 ἐπίφθεγμα.
3448 4797 3656 4866 Θρὴνου
3743 4789 3802 4847 δὲ

2200 4875 2340 4940 οἶξιοι
2394 4878 2445 4929 οἰ
2499 4880 2791 4950 μεθύοντες,
2853 4874 2994 4933 διότι
3050 4882 3287 4934 Μέθυσοι
3353 4879 3626 4954 βασιλείαν
3666 4889 3800 4937 Θεοῦ

2199 4965 2259 5017 ού
2325 4965 2808 5040 κληρονομήσουσι.
2867 4968 3104 5041 Θὸρυϐος
3165 4966 3224 5023 δὲ
3291 4966 3387 5024 διὰ
3443 4975 3537 5031 τὴν
3596 4971 3653 5025 ἐκ
3708 4979 3801 5026 τοῦ

2198 5056 2337 5109 οἴνου
2405 5060 2652 5131 ταραχὴν
2726 5057 3059 5132 ἐγγενομένην
3136 5066 3251 5123 τοῖς
3314 5059 3589 5135 λογισμοῖς
3616 5103 3631 5120 .
3700 5066 3800 5117 Καὶ

2196 5232 2480 5326 άίςρλιμηί
2504 5247 2730 5326 umore:
2757 5233 3016 5326 Aliitres
3044 5252 3206 5326 mss.”
3225 5239 3282 5326 εδ
3305 5236 3448 5326 editi
3473 5234 3794 5326 φιληδονίας.

2267 5307 2380 5390 (ῳ)
2412 5306 2660 5390 éntigui
2677 5307 2805 5390 duo
2847 5306 2985 5390 libri
3033 5314 3127 5368 τὴν
3180 5306 3382 5390 ἔνδοθεν
3427 5306 3622 5390 αύτοῖς.
3653 5311 3799 5390 _Mox

2195 5376 2380 5453 editio
2414 5376 2588 5453 Basili
2635 5382 2693 5435 et
2729 5382 3005 5453 quatuor
3034 5396 3177 5437 mss.
3211 5385 3282 5453 μὴ
3326 5376 3605 5453 δυναμένη.
3653 5384 3794 5451 Reg.

2194 5448 2510 5522 primus‘ojﬁ
2545 5446 2828 5522 δυναμένη.
2858 5450 3051 5508 Editio
3078 5446 3258 5509 Paris.
3293 5451 3351 5502 ού
3375 5446 3613 5508 δειλαται.
3641 5446 3796 5509 Sub-

2192 5520 2333 5577 inde
2361 5520 2525 5578 Colb.
2559 5520 2792 5594 primus
2824 5527 2915 5576 καὶ
2942 5531 3039 5577 τῶν
3069 5528 3591 5595 κατασκοπουμένων.
