4098 6414
254 307 367 366 453

257 428 442 490 ἁηδίαι
500 427 595 484 διὰ
651 430 740 490 τὰς
785 428 972 503 πικρὰς
997 425 1052 479 ἐκ
1071 434 1159 487 τῆς
1187 433 1277 479 τοῦ
1306 430 1470 479 πίνειν
1500 423 1692 487 ἡδονῆς
1724 425 1852 478 ἁνα-
1884 426 1933 481 Α

257 517 451 580 δόσεις.
496 522 699 573 Τούτων
755 519 856 591 γὰρ
918 514 1234 590 δεσμοῦνται
1286 519 1375 589 μὲν
1424 518 1473 568 οἱ
1522 513 1698 583 πόδες,
1764 512 1855 567 δε-

260 617 513 683 σμοῡνται
582 605 642 661 δὲ
714 615 886 683 χεῖρες
933 605 989 659 ἐκ
1046 613 1144 659 τῶν
1211 603 1633 679 ἐπιπεμπομένων
1687 605 1858 665 αὐτοῖς

256 699 400 773 παρὰ
448 704 539 758 τῆς
595 695 710 767 (41)
746 697 916 768 μέθης
943 695 1229 769 ῥευμάτων.
1265 699 1450 747 Καίτοι
1492 698 1583 747 καί
1610 696 1711 769 πρὸ
1734 696 1859 746 τού-

255 807 351 841 των
401 795 500 840 τῶν
548 787 746 852 παθῶν,
804 784 927 860 παρ’
986 782 1137 836 αὐτόν
1192 786 1278 837 τόν
1307 786 1489 860 καιρόν
1535 790 1627 837 τοῦ
1674 788 1858 853 πίνειν,

255 879 320 930 τὰ
374 884 475 929 τῶν
524 881 824 951 φρενιτικῶν
883 873 1056 934 αὐτοῖς
1110 877 1397 946 συμπίπτει
1474 875 1640 932 πάθη.
1699 871 1860 926 Ὅταν

255 967 358 1039 γὰρ
408 964 619 1039 πλήρεις
668 968 722 1015 αί
771 966 1019 1035 μήνιγγες
1061 967 1309 1034 γένωνται
1354 969 1445 1023 τῆς
1484 961 1741 1031 ξαίθάλης,
1799 962 1862 1022 ἣν

259 1054 285 1108 ό
335 1051 466 1116 οἶνος
524 1051 916 1126 ἐξατμιζόμενος
968 1046 1226 1127 ἇναφέρει,
1298 1050 1543 1125 βάλλεται
1598 1054 1688 1125 μὲν
1728 1047 1862 1104 ὀδύ-

258 1162 369 1205 ναις
426 1141 691 1218 ἀφορήτοις
746 1143 777 1200 ἡ
856 1141 1070 1215 κεφαλήε
1127 1145 1291 1215 μένειν
1331 1138 1391 1195 δὲ
1443 1141 1571 1217 ὀρθὴ
1632 1140 1716 1194 ἐπὶ
1764 1148 1864 1193 τῶν

263 1235 413 1305 ὤμων
442 1235 513 1305 μὴ
570 1228 855 1305 δυναμένη,
889 1230 1067 1284 ἄλλοτε
1118 1229 1195 1284 ἔπ’
1224 1230 1356 1284 ἀλλα
1385 1231 1503 1303 (42)
1531 1232 1860 1296 καταπίπτει,

258 1326 361 1381 τοῖς
409 1316 719 1381 σπονδύλοις
764 1319 1213 1375 ἐνολισθαίνουσα.
1270 1324 1493 1391 Λέσχην
1526 1315 1586 1373 δὶ
1610 1318 1746 1391 λέγει
1769 1322 1862 1377 τὴν

256 1410 475 1484 ἄμετρον
522 1408 571 1463 ἒν
617 1416 723 1470 τοῖς
776 1413 1090 1483 συμποσίοις
1121 1413 1211 1463 καὶ
1239 1406 1584 1482 ἐμφιλόνεικον
1634 1408 1859 1481 ὁμιλίαν.

259 1503 362 1553 Καὶ
419 1503 784 1576 συντρίμματα
858 1495 1101 1560 διακενῆς
1173 1502 1372 1571 γίνεται
1438 1504 1544 1559 τοῖς
1621 1497 1862 1569 οἰνόφλυ-

256 1586 336 1650 ξιν
384 1589 519 1660 (43),
573 1587 633 1641 ού
691 1586 993 1661 δυναμένοις
1048 1586 1338 1663 ὀρθοῦσθαι
1388 1587 1491 1640 ὑπὸ
1548 1594 1637 1647 τῆς
1680 1587 1857 1659 μέθης.

259 1676 660 1752 Ἀνατρέπονται
704 1678 807 1751 γὰρ
863 1677 930 1738 εἰς
968 1685 1192 1731 παντοῖα
1245 1677 1531 1750 πτωμάτων
1581 1678 1859 1749 σχήματα,

1536 298 1831 359 HOMILIA
1869 301 1936 356 ΙΝ
1976 296 2340 359 EBRIOSOS.

3506 306 3620 364 454

1970 425 2136 481 tricas
2164 425 2304 481 ?cui
2345 427 2734 484 contritiones
2779 441 3172 496 supervacare
3194 429 3222 484 ‘I
3244 432 3422 500 cujus
3455 431 3632 487 lividi

1967 515 2370 571 acumNomte
2388 516 2837 572 immorantium
2852 517 2913 571 in
2930 517 3089 586 vino,
3104 522 3158 573 et
3174 520 3627 587 explorantium

1970 604 2074 660 ubi
2097 608 2564 674 compotationes
2580 608 2738 676 [iant
2760 606 2848 661 35?
2875 607 3002 676 Vae,
3029 607 3482 665 lamentationis
3510 625 3629 666 vox

1971 698 2079 750 est.
2121 696 2566 753 Lamentatione
2611 696 2860 769 quidem
2891 695 3061 767 digni
3094 700 3234 753 sunt
3261 697 3435 767 ebrii,
3463 700 3632 771 quod

1969 784 2192 857 ebriosi
2245 801 2503 856 regnum
2550 786 2651 842 Dei
2690 785 3073 842 consecuturi
3118 801 3243 842 non
3275 786 3396 843 sint
3424 787 3630 843 3°.Tu-

1969 874 2196 933 multus
2242 891 2387 932 vero
2451 875 2518 933 fit
2565 876 2646 932 ob
2697 875 3104 932 turbationem
3145 891 3218 931 ex
3237 875 3382 932 vino
3411 875 3632 933 rationi

1971 963 2385 1022 accedentem.
2426 966 2666 1036 Etiinde
2702 964 3013 1034 molestiae,
3044 964 3213 1037 quod
3239 980 3445 1021 amare
3471 965 3632 1036 dige-

1980 1052 2203 1109 stiones
2229 1068 2303 1110 ex
2331 1053 2455 1110 vini
2472 1053 2780 1127 voluptate
2822 1052 2943 1109 huc
2982 1053 3123 1109 illuc
3151 1058 3382 1127 repant.
3406 1056 3630 1111 Horum
3727 1048 3730 1050 ⁷

1970 1156 2239 1214 namque
2267 1142 2532 1213 ligantur
2560 1143 3044 1217 pedes,1igantur
3071 1159 3292 1200 manus
3322 1160 3430 1217 per
3456 1145 3633 1201 susci.

1974 1234 2125 1288 tatas
2164 1231 2277 1287 sibi
2322 1232 2402 1289 ab
2449 1232 2731 1290 ebrietate
2775 1233 3094 1290 ﬂuxiones.
3147 1233 3276 1289 Imo
3305 1233 3467 1290 enim
3492 1238 3632 1291 ante

1969 1320 2102 1377 haec
2121 1321 2469 1392 infortunia,
2489 1322 2623 1395 ipso
2647 1321 2898 1379 bibendi
2928 1327 3219 1394 tempore,
3261 1322 3425 1379 idem
3463 1324 3632 1397 quod

1971 1410 2765 1484 phreneticﬁperpetiuntur.
2796 1412 3126 1484 Postquam
3154 1411 3316 1468 enim
3362 1412 3631 1483 fuligine,

1971 1513 2161 1571 quam
2213 1499 2424 1557 vinum
2482 1500 2773 1559 exhalans
2827 1516 3069 1557 sursum
3108 1502 3337 1570 emittit,
3390 1501 3633 1574 repletas

1973 1592 2117 1645 sunt
2135 1588 2363 1646 cerebri
2382 1589 2778 1660 membranae,
2814 1594 2997 1663 caput
3035 1594 3102 1647 ut
3150 1589 3633 1647 intolerabilibus

1970 1677 2284 1734 doloribus
2325 1680 2668 1752 corripitur,
2716 1680 2800 1737 ita
2852 1695 3035 1752 super
3061 1679 3351 1737 humeros
3398 1684 3631 1737 rectum

258 1766 392 1820 ὥστε
445 1765 726 1840 ἀναγκαῖον
772 1767 954 1829 αύτούς
1001 1766 1088 1821 ἐπὶ
1140 1774 1232 1821 τοῦ
1287 1775 1526 1841 σώματος
1606 1770 1862 1840 συντρίμ-

1980 1781 2218 1825 manere
2249 1784 2371 1825 non
2402 1769 2637 1837 valens,
2658 1771 2777 1826 huc
2814 1769 2957 1826 illuc
2986 1784 3168 1842 super
3190 1769 3502 1827 vertebrae
3523 1786 3634 1827 nu-

255 1875 398 1930 ματα
422 1858 563 1928 ἔχειν
591 1852 625 1909 δ
630 1864 854 1919 ιακενῆς.

1971 1859 2126 1928 tans,
2162 1857 2446 1929 jactatur.
2470 1859 2670 1915 Tricas
2712 1861 2916 1915 autem
2968 1857 3112 1915 dicit
3163 1858 3630 1917 immoderatam

255 1945 321 2003 in
348 1945 637 2003 conviviis
667 1962 739 2003 ac
778 1945 1222 2004 contentiosam
1273 1945 1710 2019 garrulitatem.
1756 1943 2025 2018 Denique
2064 1946 2453 2004 contritiones
2498 1947 2758 2005 inaniter
2798 1947 2956 2004 ﬁunt
2993 1947 3194 2017 ebriis,
3224 1963 3364 2005 cum
3405 1949 3632 2019 erigere

261 2050 327 2091 se
365 2051 490 2108 prie
537 2034 820 2093 ebrietate
869 2051 995 2093 non
1040 2040 1284 2109 queant.
1328 2038 1481 2093 Nam
1533 2036 1907 2104 evertuntur,
1955 2037 2138 2108 atque
2178 2036 2362 2093 variis
2391 2036 2593 2094 modis
2624 2036 2864 2106 cedunt,
2894 2035 3057 2093 unde
3085 2036 3233 2109 ipsis
3262 2052 3514 2097 necesse
3543 2041 3634 2097 est

259 2124 525 2193 inaniter
551 2124 945 2182 contritiones
973 2125 1036 2181 in
1057 2140 1313 2198 corpore
1337 2124 1585 2183 habere.

333 2218 383 2270 ὅ.
411 2212 565 2267 Ἀλλὰ
589 2218 665 2275 τίς
694 2214 809 2286 (44)
839 2216 955 2288 εἴπῃ
995 2222 1159 2267 ταῦτα
1185 2220 1289 2276 τοῖς
1335 2214 1688 2277 οἰνοπλήκτοις
1714 2229 1728 2282 ;
1764 2219 1867 2267 Κα-

258 2302 561 2380 ρηϐαροῦσι
609 2304 712 2377 γὰρ
756 2302 813 2356 ἐκ
858 2311 950 2364 τῆς
994 2304 1305 2379 κραιπάλης,
1351 2306 1695 2373 νυστάζουσι,
1753 2309 1880 2376 χα-’

266 2401 533 2467 σμῶνται,
579 2390 747 2466 ἀχλὺν
803 2392 1084 2466 βλέπουσι,
1140 2403 1412 2449 ναυτιῶσι.
1468 2398 1563 2449 Διὰ
1600 2400 1747 2447 τοῦτο
1773 2392 1867 2446 οὐκ

262 2479 520 2537 ἀκούουσι
558 2489 656 2535 τῶν
729 2478 1069 2536 διδασκάλων
1118 2483 1442 2557 πολλαχόθεν
1490 2480 1661 2545 αὗτοῖς
1706 2481 1866 2556 ἔμϐο-

264 2576 453 2625 ὡντων·
513 2575 600 2631 Μὴ
656 2573 983 2645 μεθύσκεσθε
1037 2573 1177 2646 οἴνῳ,
1232 2571 1280 2626 ἓν
1340 2574 1381 2645 ᾧ
1433 2571 1570 2627 ἔστιν
1641 2571 1861 2627 ἀσωτία·

263 2666 354 2716 καὶ
398 2662 574 2716 πάλιν·
633 2661 945 2716 Ἀκόλαστον
994 2669 1144 2735 οἰνος,
1205 2666 1295 2716 καὶ
1348 2662 1648 2736 ὑϐριστικόν
1707 2665 1862 2736 μέθη.

266 2752 361 2807 Ὧν
428 2755 825 2827 παρακούοντες,
869 2751 1079 2806 αὐτόθεν
1145 2754 1338 2826 ἔχουσι
1398 2754 1488 2815 τὰς
1557 2751 1865 2828 ἐπικαρπίας

263 2851 355 2905 τῆς
404 2845 583 2916 μέθης.
630 2838 870 2896 Οἰδαίνει
926 2844 1017 2917 μὲν
1066 2844 1183 2918 γὰρ
1246 2844 1274 2895 ό
1355 2846 1530 2916 ὄγκος,
1610 2842 1866 2917 ὀφθαλμοὶ

268 2928 502 3007 δίυγροι,
573 2936 744 3006 στόμα
793 2931 948 3007 ξηρόν
996 2936 1087 2985 καὶ
1140 2928 1369 2993 διακαές.
1418 2931 1618 3009 Ὠσπερ
1662 2935 1765 3008 γὰρ
1811 2934 1866 2986 αἱ

273 3017 568 3098 χαράδραι,
628 3024 716 3083 ἕως
772 3024 864 3095 μεν
911 3020 972 3073 ἂν
1003 3020 1180 3082 αὐταῖς
1205 3021 1509 3097 ίπιρῥίωσιν
1535 3022 1648 3095 (45)
1672 3023 1720 3075 οἱ
1756 3024 1863 3095 χεί-

267 3109 480 3186 μαρῥοι,
540 3111 751 3186 πλήρεις
806 3108 936 3165 εἶναι
994 3108 1236 3193 δοκοῦσι,
1273 3112 1632 3189 παρελθούσης
1676 3109 1736 3166 δε
1777 3119 1867 3174 τῆς
1896 3121 1936 3175 0

265 3199 602 3276 πλημμύρας,
672 3200 829 3276 ξηραὶ
883 3200 1376 3274 καταλιμπάνονταιο
1440 3201 1573 3256 οὕτω
1620 3205 1711 3254 καὶ
1762 3207 1866 3263 τοῖς

214 3316 229 3340 ι
267 3287 528 3362 οἰνόφλυξι
564 3291 623 3343 τό
664 3293 834 3362 στόμα
886 3290 1024 3362 (46),
1066 3288 1454 3363 ἐλλιμνάζοντος
1504 3294 1596 3365 μὲν
1650 3298 1742 3346 τοῦ
1795 3294 1869 3345 οἶ-

267 3398 378 3447 νου,
424 3378 616 3454 πλῆρές
673 3378 786 3433 ἔστί
831 3399 943 3441 πως
978 3382 1070 3431 καὶ
1100 3376 1338 3455 δίυγρον,
1376 3383 1564 3455 μικρὸν
1590 3377 1649 3434 δὲ
1700 3400 1868 3455 παρα-

267 3465 580 3543 δραμόντος,
636 3467 792 3541 ξηρόν
835 3472 925 3519 καὶ
963 3468 1179 3540 ἄνικμον
1224 3466 1586 3540 ἀπελέγχεται.
1622 3475 1870 3545 Παρασυ-

263 3561 480 3634 ρόμενον
526 3553 586 3611 δὲ
637 3554 716 3610 ἀεὶ
768 3561 857 3609 καὶ
902 3556 1347 3630 κατακλυζόμενον
1392 3565 1454 3630 τῇ
1504 3556 1726 3633 ἀμετρίᾳ
1778 3566 1869 3612 τοῦ

267 3648 432 3713 οἴνου,
464 3649 555 3697 καὶ
574 3647 665 3703 τὴν
715 3644 943 3706 ζωτικὴν
998 3640 1202 3718 ἰκμάδα
1244 3643 1682 3720 προσαποϐάλλει.
1737 3649 1870 3700 Ποία

264 3736 370 3809 γὰρ
426 3737 726 3792 κατασκευὴ
789 3731 1062 3810 ἀνθρώπου
1117 3734 1279 3796 οὕτως
1331 3731 1556 3809 ἰσχυρὰ,
1588 3735 1720 3788 ὥστε
1758 3741 1871 3799 τοῖς

265 3823 325 3877 ἐκ
376 3831 475 3886 τῆς
510 3824 669 3896 μέθης
722 3828 904 3886 κακοῖς
959 3822 1233 3895 ἁντισχέῖν
1262 3840 1278 3892 ;
1307 3828 1402 3886 Τίς
1428 3827 1530 3898 γὰρ
1561 3829 1779 3897 μηχανὴ
1811 3828 1869 3878 τό

267 3909 348 3966 ἀεὶ
393 3913 784 3987 θερμιανόμενον
838 3917 930 3966 καὶ
981 3910 1059 3966 ἀεὶ
1125 3909 1417 3989 διάϐροχον
1454 3920 1526 3984 τῷ
1575 3914 1694 3985 οϊνῳ
1723 3918 1869 3986 ⁶γινό-

265 4020 418 4076 μενον
465 4006 579 4075 (4⁵7)
630 4008 783 4076 σῶμα
834 4006 906 4076 μὴ
962 4001 1090 4075 οὐχὶ
1120 4002 1368 4055 ἔκπλυτον
1401 4007 1492 4056 καὶ
1518 4002 1748 4067 ἐξίτηλον
1778 3990 1870 4055 καί

267 4087 573 4167 διερῥυηκός
618 4092 860 4163 γενέσθαι
928 4107 942 4159 ;
1006 4091 1261 4145 Ἐντεῦθεν
1320 4093 1368 4143 οἱ
1427 4095 1617 4169 τρόμοι
1668 4095 1758 4145 καὶ
1813 4094 1869 4146 αἱ

266 4178 550 4234 ἀσθένειαι·
619 4183 933 4253 κοπτομένου
981 4181 1083 4256 γὰρ
1137 4179 1311 4241 αὐτοῖς
1330 4187 1422 4233 τοῦ
1453 4180 1737 4254 πνεύματος
1768 4180 1868 4234 ὖπό

265 4277 360 4330 τῆς
409 4267 657 4343 ἀμετρίας
703 4276 793 4322 τοῦ
851 4270 1012 4340 οἴνου,
1071 4267 1162 4321 καί
1208 4276 1307 4321 τῶν
1354 4270 1543 4344 νεύρων
1612 4269 1868 4343 λυομένων

2048 2216 2102 2271 5.
2127 2212 2244 2271 Sed
2272 2214 2411 2288 quis
2433 2214 2565 2271 haec
2592 2214 2809 2272 dixerit
2834 2215 2979 2273 vino
3005 2214 3234 2272 obrutis
3261 2217 3291 2273 ‘2
3314 2218 3464 2274 Nam
3494 2230 3628 2288 gra—
3656 2282 3663 2287 λ

1980 2308 2196 2361 vantur
2211 2305 2406 2377 capite
2426 2320 2501 2361 ex
2520 2304 2790 2378 crapula,
2815 2304 3163 2373 dormitant,
3179 2305 3459 2377 oscitant,
3480 2306 3630 2363 offu-

1975 2408 2109 2450 sam
2120 2392 2309 2451 oculis
2322 2393 2641 2465 caliginem
2651 2393 2900 2463 habent,
2912 2399 3230 2452 nauseant.
3255 2397 3632 2469 Quapropter

1974 2497 2100 2539 non
2130 2482 2387 2540 audiunt
2412 2484 2751 2555 magistros,
2771 2484 2876 2558 qui
2899 2484 3052 2557 ipsis
3099 2484 3408 2543 undelibet
3448 2484 3630 2544 incla-

1979 2575 2145 2628 mant
2176 2588 2189 2627 :
2218 2573 2422 2630 Nolite
2438 2573 2738 2630 inebriari
2752 2575 2912 2643 vino,
2935 2574 2999 2630 in
3024 2588 3143 2646 quo
3169 2578 3255 2630 est
3283 2572 3534 2632 luxuria
3558 2577 3631 2635 ⁸⁷.

1973 2663 2057 2716 Ac
2099 2676 2308 2717 rursus
2344 2678 2358 2718 :
2401 2663 2812 2719 Luxuriosum
2839 2664 3069 2732 vinum,
3099 2669 3157 2720 et
3196 2664 3629 2722 contumeliosa

1975 2749 2231 2807 ebrietas
2269 2751 2340 2808 ³⁸.
2391 2751 2623 2817 Quibus
2691 2751 3071 2826 contemptis,
3122 2752 3319 2810 statim
3366 2752 3631 2810 fructum

1975 2835 2240 2892 referunt
2267 2835 2590 2894 ebrietatis.
2634 2841 2785 2895 Nam
2814 2836 3159 2894 intumescit
3197 2838 3465 2910 corporis
3507 2853 3634 2896 mo-

1974 2924 2080 2993 les,
2111 2924 2347 2981 humidi
2379 2928 2523 2982 sunt
2540 2925 2718 2996 oculi,
2747 2942 2815 2982 os
2838 2927 3070 2983 siccum
3094 2931 3187 2982 est
3215 2930 3274 2983 et
3295 2931 3629 2999 perustum.

1979 3016 2049 3073 Ut
2076 3015 2237 3071 enim
2259 3031 2432 3084 cava,
2459 3014 2607 3071 dum
2626 3016 2689 3071 in
2707 3030 2770 3072 se
2792 3020 3084 3072 torrentes
3109 3014 3633 3090 conﬂuunt,plena

1976 3120 2106 3162 esse
2135 3103 2418 3162 videntur
2449 3120 2463 3161 :
2488 3103 2596 3161 sed
2614 3104 2720 3162 ubi
2750 3104 3075 3162 exundatio
3123 3105 3427 3178 praeteriit,
3474 3107 3634 3164 sicca

1977 3194 2270 3268 aridaque
2299 3193 2720 3268 relinquuntur
2750 3195 2872 3261 ;ita
2891 3200 2949 3251 et
2975 3194 3356 3251 ebriosorum
3392 3210 3482 3265 os,
3515 3212 3636 3252 res-

1976 3289 2260 3356 tagnante
2290 3283 2456 3353 vino,
2485 3283 2734 3357 plenum
2762 3283 3034 3357 quodam
3057 3283 3243 3341 modo
3268 3289 3377 3354 est,
3410 3289 3467 3342 et
3504 3302 3633 3345 ma-

1976 3373 2212 3445 didum,
2244 3372 2366 3445 "sed
2415 3372 2595 3429 simul
2646 3380 2715 3429 ut
2759 3373 3080 3446 paululum
3125 3372 3371 3443 efﬂuxit,
3404 3374 3634 3432 siccum

1978 3467 2036 3520 et
2053 3462 2327 3519 humoris
2346 3477 2560 3535 expers
2582 3460 3074 3535 deprehenditur.
3098 3464 3224 3519 imo
3237 3477 3375 3518 cum
3397 3478 3638 3536 semper

1977 3550 2233 3617 vitietur,
2256 3554 2315 3607 et
2340 3549 2672 3606 immodico
2697 3550 2843 3607 vino
2872 3548 3186 3619 obruatur,
3214 3550 3399 3608 etiam
3420 3550 3637 3609 humo-

1977 3656 2107 3699 rem
2125 3639 2373 3698 vitalem
2395 3638 2630 3696 amittit.
2656 3640 2800 3704 Quae
2820 3638 2982 3696 enim
3002 3639 3266 3695 hominis
3286 3640 3634 3699 constitutio

1978 3736 2104 3790 tam
2140 3728 2364 3799 valida,
2390 3732 2457 3785 ut
2485 3728 2845 3785 temulentite
2876 3727 3051 3786 malis
3077 3726 3332 3784 obsistat
3360 3727 3388 3783 ?
3406 3730 3637 3796 Quibus

1979 3820 2141 3878 enim
2171 3818 2401 3876 artibus
2432 3817 2565 3875 fieri
2590 3816 2800 3890 possit,
2833 3820 2899 3873 ut
2927 3832 3149 3890 corpus
3181 3832 3423 3890 semper
3461 3818 3633 3876 inca-

1976 3911 2232 3977 lescens,
2254 3910 2297 3978 1
2311 3907 2420 3978 27
2440 3921 2804 3979 semperque
2826 3906 2964 3963 vino
2979 3904 3254 3969 madens,
3278 3922 3402 3963 non
3415 3907 3634 3964 efficia-

1978 4005 2075 4058 tur
2101 3996 2451 4064 evanidum,
2484 3994 2905 4068 exoletumque
2926 4000 2984 4052 et
3010 3994 3246 4051 ﬂuxum
3265 3996 3294 4052 ‘I
3334 3997 3480 4053 Hinc
3523 4002 3636 4054 tre-

1978 4104 2180 4147 mores
2245 4084 2644 4158 debilitasque
2696 4101 2709 4140 :
2772 4085 3076 4157 siquidem
3128 4100 3250 4157 prae
3300 4085 3633 4144 immodico

1978 4179 2121 4236 vino
2142 4176 2357 4249 spiritu
2382 4174 2446 4231 in
2474 4173 2559 4230 eis
2588 4173 2841 4247 praeciso
2887 4179 3068 4246 atque
3096 4174 3453 4247 interrupto,
3505 4191 3638 4234 ner-

1977 4280 2319 4339 vorumque
2349 4264 2621 4320 exsoluto
2641 4263 2881 4335 robore,
2913 4263 3158 4335 agitatio
3190 4279 3261 4320 ac
3291 4268 3513 4322 tremor
3534 4267 3640 4323 toti

266 4367 358 4420 τῆς
431 4361 717 4426 συντονίας,
773 4357 799 4410 ό
846 4357 1019 4418 κλόνος
1066 4365 1139 4428 τῷ
1184 4359 1447 4431 σύμπαντί
1493 4362 1629 4430 ὄγκῳ
1656 4366 1747 4412 τοῦ
1771 4364 1868 4412 σώ-

1980 4356 2255 4428 corporis
2279 4352 2423 4411 moli
2451 4351 2699 4411 accedit.
2734 4352 2888 4414 Quid
2925 4352 3016 4408 vis
3060 4351 3227 4410 Caini
3268 4352 3637 4412 maledictio-

270 4467 431 4523 ματος
486 4447 793 4520 ἐπιγίνεται.
846 4450 909 4521 Τὶ
960 4450 1054 4505 τὴν
1102 4447 1331 4521 κατάραν
1381 4454 1471 4500 τοῦ
1496 4453 1625 4502 Καῑν
1655 4446 1870 4522 ἔφ’ἐαυ⁴

1979 4460 2122 4504 nem
2157 4443 2266 4502 tibi
2303 4443 2433 4516 ipse
2474 4434 2792 4509 asciscer‘e,
2822 4447 3090 4499 tremens
3121 4457 3194 4499 ac
3224 4443 3635 4515 vagabundus

344 4626 393 4663 ³⁸
415 4629 583 4686 Prov.
612 4642 776 4696 xxm,
803 4626 895 4698 29,
935 4626 1025 4684 30.
1103 4624 1151 4663 ⁸⁸
1184 4623 1228 4697 Ι,
1258 4626 1394 4685 Cor.
1421 4641 1505 4699 v1,
1541 4629 1628 4683 to.
1701 4624 1746 4664 ⁸⁷
1776 4625 1868 4701 Ερέ

1980 4640 2080 4696 ,v,
2115 4624 2202 4681 18.
2281 4622 2329 4658 ⁸⁸
2359 4623 2533 4679 Prov.
2568 4636 2663 4688 xx,
2697 4624 2747 4676 t.

348 4805 464 4878 (41)
507 4805 672 4864 Colb.
714 4806 949 4879 primus
971 4803 1073 4858 ἀπὸ
1099 4810 1212 4867 τῆς.
1246 4806 1365 4863 Nec
1392 4803 1476 4863 ita
1495 4803 1685 4863 multo
1711 4803 1871 4863 infra

273 4874 398 4933 duo
425 4874 573 4935 mss.
608 4874 971 4931 a’uvitontmst
998 4878 1163 4937 πάθη.

341 4949 458 5019 (42)
486 4948 659 5016 Illud,
693 4947 770 5002 ἔπ’
800 4948 948 5016 ἄλλα,
979 4948 1251 5005 additum
1277 4946 1388 5005 fuit
1414 4962 1489 5005 ex
1514 4946 1693 5019 libris
1720 4946 1872 5019 anti-

275 5015 450 5093 quis!
467 5020 588 5076 Hoc
607 5015 751 5093 ipso
769 5020 831 5078 in
850 5020 985 5093 loco
1006 5034 1164 5093 unus
1193 5034 1348 5093 mss.
1370 5026 1483 5084 τοῖς
1535 5015 1865 5093 σφονδύλοις.

278 5089 350 5166 -ῖτ-
370 5089 519 5161 Mox,
568 5089 679 5162 ριῖο
732 5090 1083 5166 ἒμφιλόνεικα,
1115 5091 1459 5166 ἕμφιλόνεικον
1474 5089 1870 5166 reposuimus

283 5160 489 5237 sicque
506 5160 849 5237 porrexerat
874 5160 1217 5237 Thesaurus
1237 5163 1440 5237 Steph.
1471 5160 1628 5223 Ευῐτ.

695 5238 1032 5321 ῑΘΓΐίιΙΞτοῖς
1061 5231 1403 5321 οἰνοτύλαξῖνι.

369 5302 458 5375 44)
493 5304 825 5362 Verborum
874 5305 1115 5362 illorum
1169 5302 1299 5360 ἀλλὰ
1336 5310 1438 5374 τίς,
1466 5307 1580 5362 etc.
1617 5304 1749 5363 haec
1777 5306 1872 5361 est

276 5376 609 5458 sententia“:
639 5377 792 5458 Quis
811 5376 1333 5458 diqeqdqefﬁcere
1362 5376 1599 5458 poterit,
1625 5381 1695 5458 ut
1719 5375 1871 5458 ebrii

275 5444 405 5522 hac
416 5447 753 5522 intelligant
764 5449 792 5503 ‘I
807 5479 876 5489 —
895 5444 1555 5522 lniralocumEpistolae
1566 5444 1867 5522 adEphes.

269 5516 444 5589 juxta
475 5516 750 5576 Graecum
773 5523 999 5577 textum
1021 5520 1165 5575 Novi
1217 5516 1580 5577 Testamenti
1614 5516 1873 5576 correxi

272 5602 430 5659 mus,
452 5590 776 5648 scribendo
796 5592 1136 5664 μεθύσκεσθε,
1158 5590 1293 5649 loco
1318 5591 1527 5650 formae
1555 5590 1763 5649 activae
1790 5604 1875 5664 με·

2246 4816 2405 4875 qute,
2431 4872 2443 4875 Α
2465 4802 2846 4875 repugnante
2876 4812 3079 4875 sensu,
3106 4796 3445 4875 legebatur.
3495 4802 3635 4875 Emr

2048 4869 2448 4947 (tsi’Aﬁtiqui
2471 4869 2601 4947 duo
2625 4869 2763 4927 libri
2788 4869 3132 4947 ἐπιρρέουσιν.
3164 4872 3314 4928 Mox.
3347 4872 3495 4942 Reg.
3526 4872 3632 4945 pri

1974 4941 2115 5002 mus
2147 4941 2311 5018 ’ξηραὶ
2334 4941 2755 5018 καταλείπονται.

2049 5018 2165 5090 (46)
2199 5011 2270 5070 Τὸ
2313 5019 2501 5090 στόμα.
2555 5012 2901 5090 Legendum
2942 5019 3114 5087 σῶμα,
3147 5014 3214 5090 ut
3236 5015 3404 5087 patet
3432 5026 3506 5070 ex
3533 5011 3631 5071 his

1974 5084 2114 5162 qum
2147 5084 2504 5162 praecedunt
2533 5088 2602 5162 _et
2637 5084 3336 5162 _sequuntur,_'preecipue
3372 5100 3529 5162 _vero
3560 5101 3635 5144 ex

1976 5153 2416 5216 commentario
2435 5160 2501 5215 in
2522 5153 2766 5225 Isaiani,
2797 5153 3116 5227 num.153,
3153 5153 3256 5212 ubi
3276 5155 3494 5214 eadem
3533 5172 3635 5215 oc-

1975 5231 2163 5289 currit
2190 5230 2505 5287 sententia.
2537 5229 2766 5287 Μέλων.

2049 5303 2157 5376 (li-7)
2204 5300 2628 5376 Regi.__pr‘imus
2673 5298 2831 5376 οἴνῳ-
2859 5300 3149 5376 γενόμενον.
3176 5296 3427 5376 __Sta_tim
3494 5296 3636 5376 editi

1979 5366 2474 5450 διῄὀρύκόςξμίὗςὶ
2525 5366 2772 5450 veteres'
2798 5366 3124 5450 διὲῤῥυηκόςε
3174 5372 3289 5425 Nec
3319 5370 3403 5450 ita
3442 5366 3634 5450 multo

1976 5440 2133 5524 intra
2187 5444 2368 5524 editio
2422 5443 2606 5524 Paris.
2669 5440 2986 5524 κ-οπτομὲνου
3051 5442 3154 5524 γάρ
3217 5457 3229 5496 :
3284 5442 3390 5521 sed
3422 5440 3636 5497 vocula

1976 5462 2133 5502 lnIt‘a
2187 5462 2368 5502 como
2422 5462 2606 5501 raris.
2669 5462 2986 5570 κοπτόμενον
3051 5462 3154 5524 γαρ
3217 5462 3229 5496 :
3284 5462 3390 5521 seu
3422 5462 3631 5497 vocula

1976 5519 2078 5600 γάρ
2100 5530 2299 5600 neque
2319 5517 2387 5600 in
2411 5515 2674 5600 editione
2693 5516 2828 5569 BaSl
2859 5555 2870 5568 .
2900 5527 3179 5600 nequem
3198 5526 3631 5600 gul-nque‘m’ss.

1975 5580 2295 5663 invenitur.
2349 5586 2578 5644 Ibidem
2633 5587 2777 5655 Reg.
2829 5580 3062 5657 primus
3116 5580 3336 5644 ἀπδτῆς
3367 5580 3630 5656 ἆμετρίας.

1978 4805 2040 4858 θύ
2048 4821 2211 4871 σκετε,
