4098 6382
468 304 578 359 459

1845 296 1902 353 8.
1943 295 2200 353 BASILII
2235 295 2469 354 MAGNI

3733 299 3844 357 460

468 425 618 483 cisti.
647 427 908 482 Iuvenes
934 421 1100 495 ejicis
1128 421 1344 479 ductos
1370 437 1561 479 manu
1589 423 1887 494 tanquam
1908 420 2121 478 vulne-

2236 421 2383 485 ταξιν
2425 420 2679 487 ἐποίησας
2722 423 2789 475 16
2834 424 3150 496 συμπόσιον.
3191 420 3484 485 Ἐκϐάλλεις
3519 426 3639 485 τοὺς
3665 429 3840 479 νεανί-

465 519 632 573 ratos
665 532 695 571 e
721 513 949 587 praelia,
974 512 1309 583 juventutis
1338 512 1552 569 ﬂorem
1571 512 1711 569 vino
1734 511 2016 568 enecasti.
2045 514 2128 567 Ac

466 620 656 663 vocas
677 603 926 677 quidem
948 602 1129 658 veluti
1154 601 1421 658 amicum
1444 601 1523 661 ad
1549 618 1809 666 coenam,
1832 600 1999 672 ejicis
2022 615 2128 657 au-

466 698 591 751 tem
617 698 946 759 mortuum,
972 691 1264 749 exstincta
1289 708 1326 749 a
1346 692 1488 748 vino
1509 691 1668 747 illius
1695 691 1836 747 vita.
1857 693 2004 747 Cum
2025 706 2128 746 au-

466 776 593 840 tem
618 783 760 841 vino
785 782 1058 839 exsatiati
1089 798 1223 837 esse
1255 786 1567 854 putantur,
1600 787 1725 839 tum
1755 780 1961 838 bibere
1982 780 2128 837 inci-

466 874 661 948 piunt,
675 878 730 930 et
745 874 1047 946 pecudum
1066 889 1233 929 more
1248 872 1469 929 bibunt
1489 872 1661 944 quasi
1681 888 1717 928 a
1732 871 1898 927 fonte
1915 874 2127 943 sponte

467 970 780 1032 manante,
797 968 855 1020 et
876 962 1186 1020 scatebras
1209 977 1463 1018 numero
1483 960 1747 1034 aequales
1767 960 2130 1017 accumben-

464 1052 626 1117 tibus
656 1052 1056 1109 ministrante.
1099 1055 1249 1108 Nam
1276 1050 1637 1124 procedente
1672 1050 1802 1121 jam
1828 1048 2126 1120 convivio,

463 1141 818 1199 adolescens
856 1142 1092 1199 habens
1143 1142 1418 1211 egregios
1473 1141 1788 1209 humeros,
1847 1139 2126 1196 nondum

465 1231 688 1300 ebrius,
714 1231 1137 1305 praegrandem
1165 1231 1287 1287 vini
1315 1229 1647 1299 refrigerati
1672 1229 1943 1301 phialam
1975 1228 2125 1285 affe-

463 1336 624 1394 rens,
643 1322 763 1377 huc
784 1322 1152 1392 ingreditur:
1176 1320 1281 1393 qui
1302 1319 1560 1392 depulso
1577 1319 1857 1392 ipsorum
1878 1318 2124 1392 pocilla-

463 1416 613 1483 tore,
627 1417 793 1468 stans
808 1411 867 1467 in
883 1412 1228 1484 medio,per
1239 1411 1526 1485 obliquos
1548 1411 1726 1468 tubos
1739 1426 1951 1483 parem
1965 1426 2128 1467 com-

460 1502 778 1574 potoribus
809 1500 1114 1559 distribuit
1153 1501 1526 1558 ebrietatem.
1559 1503 1762 1557 Novus
1786 1501 1884 1557 hic
1923 1505 2014 1558 est
2038 1500 2127 1557 rei

462 1590 721 1647 modum
743 1590 981 1647 nullum
1002 1590 1283 1648 habentis
1305 1590 1553 1658 modus,
1580 1596 1647 1647 ut
1670 1591 1812 1647 data
1832 1590 1965 1664 pari
1987 1606 2125 1664 por-

460 1680 622 1737 tione
650 1680 807 1736 inter
854 1697 918 1737 se
968 1685 1183 1741 mutuo
1211 1680 1539 1752 luxurient,
1581 1695 1695 1736 nec
1741 1682 1933 1753 possit
1975 1679 2127 1736 alter

2238 531 2398 572 σκους
2443 515 2980 586 χειραγωγουμένους,
3035 513 3101 574 ὡς
3140 516 3464 586 τραυματίας
3530 512 3632 566 ἀπὸ
3682 514 3840 568 πολέ-

2237 621 2357 675 μου·
2410 600 2692 677 ἐνέκρωσας
2740 606 2832 661 τήν
2882 600 3055 675 ἀκμὴν
3098 611 3193 664 τῆς
3230 607 3468 664 νεότητος
3518 600 3621 656 ἀπὸ
3675 608 3835 659 οἴνου·

2236 696 2327 745 καὶ
2378 691 2544 752 καλεῖς
2590 694 2680 764 μὲν
2736 695 2802 753 ὡς
2858 692 2997 765 φίλον
3045 689 3130 746 ἐπὶ
3179 694 3237 745 τὸ
3292 689 3519 758 δεῖπνον,
3580 693 3840 759 ἐκϐάλλεις

2237 777 2298 834 δὲ
2343 785 2538 855 νεκρὸν,
2581 783 2700 853 οἴνῳ
2745 786 2841 841 τὴν
2895 782 3034 843 ζωὴν
3077 782 3236 835 αὐτοῦ
3275 781 3629 845 κατασϐέσεις.
3674 784 3837 839 Ὀταν

2238 867 2298 922 δὲ
2323 873 2615 943 νομισθῶσι
2647 867 2907 947 διακορεῖς
2949 876 3063 939 (59)
3104 870 3233 924 εἶναι
3265 880 3357 925 τοῦ
3388 876 3547 941 οἴνου,
3594 878 3708 928 τότε
3744 883 3837 930 τοῦ

2235 963 2399 1013 πίνειν
2446 962 2726 1036 ἄρχονται,
2769 967 2860 1014 καὶ
2915 966 3131 1014 πίνουσι
3173 965 3262 1014 τὸν
3316 971 3418 1015 τῶν
3465 972 3667 1021 κτηνῶν
3710 969 3837 1041 τρό-

2235 1069 2351 1118 πον,
2416 1053 2485 1112 ὡς
2533 1048 2634 1104 ἀπὸ
2683 1056 2879 1126 κρήνης
2935 1048 3313 1124 αὐτοσχεδίου,
3369 1052 3684 1129 ἰσαρίθμους
3732 1062 3838 1118 τοῖς

2237 1137 2583 1213 ἀνακειμένοις
2628 1144 2747 1204 τοὺς
2800 1146 3043 1217 κρουνοὺς
3091 1139 3352 1214 ἀφιείσης.
3413 1147 3687 1217 Προϊόντος
3733 1147 3836 1221 γὰρ

2236 1226 2343 1289 ἤδη
2411 1238 2503 1284 τοῦ
2559 1235 2742 1299 πότου,
2818 1230 3180 1307 ἐπεισέρχεταί
3246 1251 3322 1293 τις
3387 1233 3562 1294 αὐτοῖς
3616 1240 3835 1303 νεανίας,

2233 1326 2465 1392 γενναῖος
2515 1322 2634 1382 τοὺς
2685 1324 2873 1393 ὤμους,
2926 1324 3069 1373 οὔπω
3130 1323 3352 1395 μεθύων,
3423 1322 3609 1397 φιάλην
3675 1328 3837 1400 φέρων

2235 1409 2481 1483 εὐμεγέθη
2523 1413 2662 1463 οἴνου
2694 1410 3108 1483 κατεψυγμένουο
3160 1411 3234 1478 ὃς,
3274 1415 3361 1464 τὸν
3400 1412 3637 1485 οἰνοχόον
3670 1414 3838 1468 αὐτῶν

2233 1504 2627 1574 παρωσάμενος,
2674 1503 2939 1563 καταστὰς
3140 1501 3206 1563 εἰς
3250 1505 3310 1554 τὸ
3351 1506 3529 1575 μέσον,
3572 1501 3668 1557 διὰ
3707 1525 3836 1558 σκο-

2232 1588 2353 1642 λιῶν
2392 1590 2633 1649 σωλήνων
2674 1594 2800 1651 ἴσην
2838 1597 2950 1654 τοῖς
2988 1595 3279 1665 συμπόταις
3322 1588 3554 1666 διανέμει
3593 1599 3687 1653 τήν
3738 1600 3835 1669 μέ-

2237 1681 2352 1738 θην.
2412 1683 2600 1734 Καινὸν
2664 1688 2815 1735 τοῦτο
2868 1681 2965 1742 τῆς
3038 1679 3284 1757 ἀμετρίας
3345 1684 3404 1735 τὸ
3478 1687 3681 1760 μέτρον,
3753 1686 3837 1738 ἵνα

459 1770 789 1844 quisquam
815 1769 1072 1828 alterum
1100 1770 1371 1833 bibendo
1394 1785 1703 1843 superare.
1746 1774 1897 1826 Nam
1928 1769 2123 1825 distri-

2236 1776 2345 1822 κατ’
2407 1770 2704 1844 ἰσομοιρίαν
2775 1769 3014 1834 ἀλλήλοις
3093 1770 3561 1844 συναπλγαίνωσι,
3630 1770 3836 1848 μηδένα

459 1859 625 1916 butis
644 1860 800 1916 inter
821 1877 883 1916 se
916 1860 1097 1930 tubis,
1126 1865 1185 1917 et
1231 1861 1347 1917 sibi
1377 1860 1636 1933 quisque
1676 1860 2002 1917 obversum
2033 1864 2125 1916 tu-

458 1951 611 2025 bum
635 1950 1052 2024 suscipientes,
1076 1957 1370 2024 tanquam
1397 1967 1469 2008 ex
1497 1953 1539 2022 1
1554 1953 1671 2023 29
1690 1952 1967 2025 quodam
1985 1951 2125 2007 lacu

458 2057 630 2099 more
650 2040 838 2098 boum
860 2057 985 2097 uno
1016 2040 1226 2115 spiritu
1246 2040 1486 2109 bibunt,
1518 2046 1751 2098 tantum
1773 2045 2013 2111 gutture
2038 2044 2125 2099 at-

459 2132 697 2189 trahere
727 2132 1104 2202 festinantes,
1133 2135 1435 2204 quantum
1473 2130 1590 2187 sibi
1610 2130 1875 2204 desuper
1896 2147 2005 2188 vas
2031 2146 2124 2187 re-

458 2221 905 2292 frigeratorium
936 2237 1044 2294 per
1070 2226 1392 2292 argenteas
1429 2220 1665 2278 ﬁstulas
1702 2220 1981 2278 demittit.
2015 2220 2125 2277 Re-

459 2313 623 2386 spice
641 2312 717 2369 ad
738 2316 910 2368 tuum
931 2311 1223 2372 miserum
1240 2317 1509 2369 ventrem
1525 2328 1539 2367 :
1554 2311 1719 2368 disce
1742 2311 2124 2385 suscipientis

456 2402 618 2460 vasis
648 2401 1154 2473 magnitudinem,
1195 2401 1471 2458 videlicet
1500 2400 1670 2474 quod
1695 2401 1907 2474 cotylae
1941 2401 2125 2458 unius

458 2508 607 2554 cavo
629 2491 1173 2553 circumscribatur.
1189 2490 1279 2547 Ad
1300 2490 1541 2548 trullam
1561 2507 1637 2547 ne
1652 2491 1963 2564 respicias,
1984 2507 2123 2548 eam

461 2581 894 2651 e_xhausturus,
939 2581 1048 2638 sed
1085 2582 1164 2639 ad
1189 2585 1361 2638 tuum
1400 2581 1590 2654 ipsius
1623 2588 1918 2653 ventrem,
1955 2582 2123 2655 quod

450 2669 822 2742 jamdudum
854 2671 1130 2744 expletus
1161 2671 1257 2729 sit.
1291 2674 1694 2744 Quapropter,
1737 2673 1835 2730 Va:
1857 2674 1964 2742 qui
1990 2687 2123 2728 sur-

454 2767 612 2832 gunt
640 2777 840 2830 mane,
873 2768 930 2818 et
953 2762 1209 2819 siceram
1235 2767 1708 2834 persequuntur,
1742 2763 1846 2834 qui
1883 2777 2118 2832 exspec-

457 2856 593 2909 tant
619 2867 927 2923 vesperam
968 2853 1034 2924 ⁸³,
1069 2856 1127 2910 et
1155 2852 1318 2908 diem
1340 2851 1404 2908 in
1432 2851 1721 2909 ebrietate
1753 2853 2118 2923 transigunt,

457 2939 543 2998 sic
577 2945 642 2999 ut
665 2941 901 2998 nullum
933 2941 1050 2998 sibi
1079 2942 1225 2999 dent
1253 2944 1494 3014 tempus
1542 2941 1623 2998 ad
1647 2957 1837 3014 opera
1887 2942 2122 2998 Domini

453 3029 855 3104 inspicienda,
886 3047 1084 3105 neque
1109 3030 1189 3088 ad
1220 3046 1407 3104 opera
1435 3047 1735 3087 manuum
1773 3031 1904 3103 ejus
1924 3031 2121 3088 consi-

456 3120 753 3179 deranda.
790 3122 1007 3178 Vinum
1035 3122 1190 3178 enim
1228 3136 1323 3178 eos
1353 3121 1678 3189 comburat,
1709 3122 1780 3193 ιδ,
1809 3122 1980 3194 quod
2004 3120 2121 3176 vini

456 3210 623 3269 calor
683 3211 854 3269 carni
896 3211 1216 3279 accedens,
1271 3211 1575 3282 igniculus
1623 3211 1735 3268 ﬁat
1789 3211 2120 3282 ignitorum

455 3299 685 3357 inimici
699 3300 1065 3373 jaculorum.
1082 3299 1307 3356 Vinum
1329 3301 1492 3357 enim
1508 3300 1807 3357 rationem
1827 3300 2123 3372 demergit

458 3394 825 3448 etmentem:
849 3390 1098 3447 vitiosos
1122 3406 1260 3447 vero
1281 3389 1533 3448 affectus
1554 3406 1625 3447 ac
1644 3389 1926 3448 libidines
1945 3389 2124 3464 quasi

457 3479 777 3554 quoddam
817 3496 1005 3554 apum
1053 3496 1313 3538 examen
1372 3481 1716 3538 exsuscitat.
1768 3481 1908 3547 Quis
1959 3480 2124 3537 enim

461 3585 696 3639 currus,
733 3569 812 3626 ab
841 3568 1115 3645 equuleis
1144 3574 1394 3640 tractus,
1440 3570 1597 3627 adeo
1646 3576 1867 3628 temere
1915 3569 2122 3638 fertur,

459 3658 673 3732 auriga
692 3675 942 3717 excusso
967 3659 997 3717 ‘2
1043 3660 1365 3728 Quodnam
1385 3659 1697 3732 navigium
1720 3661 2125 3732 gubernatore

459 3748 837 3821 destitutum,
868 3765 906 3807 a
927 3748 1213 3807 ﬂuctibus
1237 3750 1359 3808 huc
1386 3749 1530 3808 illuc
1566 3751 1963 3822 exagitatum,
1997 3764 2126 3807 non

456 3839 644 3898 tutius
661 3844 752 3897 est
777 3839 1108 3897 temulento
1133 3840 1162 3897 ‘I

534 4025 588 4079 8.
637 4023 746 4078 Pcr
793 4019 1100 4092 ejusmodi
1141 4018 1327 4088 mala,
1375 4019 1488 4076 viri
1527 4016 1710 4076 simul
1747 4023 1807 4076 et
1842 4016 2129 4075 mulieres

467 4110 811 4170 constitutis
841 4109 1042 4166 choris
1067 4108 1524 4177 communibus,
1558 4109 2010 4183 animabusque
2044 4108 2131 4165 vi-

463 4216 617 4259 noso
637 4198 903 4254 daemoni
924 4197 1181 4270 traditis,
1211 4214 1276 4255 se
1306 4202 1520 4255 mutuo
1539 4197 1863 4256 libidinum
1885 4198 2131 4273 spiculis

466 4287 955 4347 consauciarunt.
978 4286 1148 4343 Risus
1170 4289 1476 4356 utrinque,
1491 4286 1805 4348 cantilena
1826 4288 2129 4357 obscenae,

467 4375 789 4436 meretricii
811 4381 1016 4448 gestus
1041 4376 1121 4434 ad
1139 4375 1456 4434 libidinem
1476 4383 1898 4449 provocantes.
1924 4377 2127 4450 Rides,

469 4468 569 4526 dic
596 4467 767 4537 mihi,
790 4483 860 4524 ac
878 4467 1111 4538 gaudes
1132 4466 1428 4538 gaudium
1452 4466 1857 4541 impudicum,
1885 4483 2026 4524 cum
2046 4467 2136 4524 la-

2234 1859 2566 1935 ύπερϐάλλειν
2606 1860 2655 1913 ἐν
2698 1869 2772 1932 τῷ
2813 1864 2979 1914 πίνειν
3025 1864 3111 1915 τὸν
3163 1868 3351 1937 ἕτερον.
3401 1862 3688 1936 Διελόμωοι
3728 1868 3830 1941 γὰρ

2232 1952 2325 2011 τὰς
2354 1946 2666 2024 ὑδρορρόας,
2714 1953 2803 2003 καὶ
2843 1952 2940 2008 τὴν
2968 1953 3097 2026 πρὸς
3141 1949 3324 2004 ἑαυτὸν
3363 1952 3582 2013 ἕκαστος
3604 1972 3833 2028 τετραμ-

2232 2042 2389 2112 μένην
2459 2034 2854 2111 ὑποδεξάμενοι,
2937 2040 3110 2115 ὥσπερ
3180 2039 3281 2093 ἀπό
3345 2060 3484 2104 τινος
3550 2038 3836 2116 δεξαμενῆς

2233 2127 2487 2182 ἀπνευστὶ
2532 2133 2774 2182 πίνουσιν
2814 2132 2878 2191 ὡς
2921 2131 2970 2182 οἱ
3009 2129 3147 2203 βόες,
3177 2139 3420 2185 τοσοῦτον
3463 2132 3694 2205 ὑφέλκειν
3725 2133 3838 2205 (61)

2233 2217 2551 2292 ἐπειγόμενοι
2621 2225 2730 2281 τοῖς
2792 2218 3015 2292 λαιμοῑς,
3093 2221 3214 2273 ὅσον
3299 2221 3471 2283 αὐτοῖς
3550 2223 3741 2276 ἄνωθεν
3805 2224 3832 2275 6

2230 2308 2441 2383 ψυκτήρ
2492 2305 2587 2361 διὰ
2632 2318 2733 2362 τῶν
2781 2307 3043 2384 ἀργυρέων
3099 2310 3294 2383 ὀχετῶν
3346 2309 3620 2385 ἕπαφίησι.
3670 2302 3836 2367 Kurd;

2231 2397 2399 2468 κυψόν
2441 2418 2536 2451 σου
2584 2400 2714 2473 πρὸς
2757 2404 2853 2457 τήν
2903 2398 3085 2452 ἀθλίαν
3127 2403 3378 2475 γαστέρα·
3420 2405 3689 2476 κατάμαθε
3742 2410 3835 2456 τοῦ

2232 2484 2628 2561 ὑποδεχομένου
2683 2487 2896 2561 ἀγγείου
2956 2493 3015 2542 τό
3071 2492 3307 2562 μέγεθος·
3363 2493 3444 2544 ὅτι
3509 2498 3632 2565 μιᾶς
3686 2494 3837 2546 κοτύ-

2230 2576 2321 2639 λης
2345 2580 2457 2649 (62)
2481 2580 2595 2649 ἔχει
2634 2577 2932 2637 κοιλότητα.
2964 2583 3052 2637 Μὴ
3083 2581 3211 2652 πρὸς
3240 2584 3335 2637 τήν
3365 2580 3613 2653 οἰνοχόην
3645 2580 3832 2657 ἄφορα,

2229 2672 2356 2722 πότε
2407 2686 2659 2741 κενωσῃς,
2710 2666 2839 2720 ἀλλὰ
2892 2670 3018 2741 πρὸς
3059 2671 3152 2726 τήν
3212 2677 3434 2721 σεαυτοῦ
3491 2670 3711 2739 κοιλίαν,
3757 2673 3836 2725 ὄτι

2230 2758 2393 2811 πάλαι
2436 2757 2795 2833 πεπλήρωται.
2856 2758 2953 2810 Διὰ
3001 2763 3173 2824 τοῦτο,
3230 2756 3366 2811 Οὐαὶ
3421 2759 3471 2810 οἱ
3523 2756 3835 2833 ἔγειρόμενοι

2228 2851 2288 2901 τό
2338 2850 2478 2924 πρωὶ
2531 2850 2622 2899 καὶ
2676 2849 2736 2900 1'6
2801 2851 2984 2922 σίκερα
3040 2842 3330 2915 διώκοντες,
3390 2847 3439 2899 οἰ
3483 2851 3714 2921 μένοντες
3772 2853 3831 2903 τὸ

2233 2937 2347 3009 ὀψε,
2398 2941 2485 2990 καὶ
2525 2933 2911 3010 διημερεύοντες
2953 2934 3002 2988 ἕν
3047 2943 3112 3010 τῇ
3163 2938 3319 3010 μέθῃο
3360 2939 3429 2998 ὡς
3470 2934 3676 3011 μηδένα
3720 2958 3834 2992 και-

2230 3030 2321 3101 ρόν
2378 3027 2578 3087 ἑαυτοῖς
2612 3029 2867 3100 παρέχειν
2920 3025 2992 3089 εἰς
3034 3029 3095 3078 1'6
3132 3027 3200 3078 τὰ
3238 3028 3367 3102 ἔργα
3419 3031 3614 3103 Κυρίου
3663 3026 3836 3102 ἐμϐλέ-

2230 3133 2364 3169 πειν.
2414 3119 2505 3168 καὶ
2546 3119 2610 3173 τὴ
2663 3117 2788 3191 ἔργα
2832 3123 2931 3168 τῶν
2978 3122 3173 3191 χειρῶν
3220 3115 3379 3169 αὐτοῦ
3435 3124 3721 3173 κατανοεῖν.
3777 3118 3836 3172 ὀ

2230 3207 2330 3279 γὰρ
2368 3200 2503 3266 οἶνος
2546 3204 2738 3267 αὐτοὺς
2783 3208 3099 3278 συγκαύσει.
3158 3201 3302 3259 διότι
3344 3208 3403 3259 τὸ
3453 3204 3509 3259 ἐκ
3556 3214 3649 3259 τοῦ
3697 3208 3836 3261 οἴνου

2237 3296 2444 3369 θερμὸν,
2493 3292 2822 3368 ἐγγινόμενον
2873 3303 2937 3369 τῇ
2997 3300 3175 3369 σαρκὶ,
3232 3295 3441 3369 ἔξαμμα
3491 3301 3689 3369 γίνεται
3739 3304 3838 3351 τῶν

2231 3389 2609 3459 πεπυρωμένων
2668 3382 2830 3459 βελῶν
2880 3392 2973 3439 τοῦ
3039 3384 3258 3462 ἕχθροῦ.
3311 3390 3413 3440 Τὸν
3472 3388 3565 3460 μὲν
3612 3388 3715 3460 γὰρ
3758 3386 3841 3440 λο-

2231 3478 2427 3549 γισμόν
2481 3480 2572 3529 καί
2626 3478 2713 3529 τὸν
2755 3482 2875 3529 νοῦν
2940 3477 2966 3529 6
3022 3473 3158 3537 οἶνος
3218 3474 3622 3538 καταϐαπτίζει·
3670 3480 3737 3529 τὰ
3779 3473 3839 3530 δε

2234 3568 2377 3627 πάθη
2432 3570 2526 3620 καὶ
2574 3568 2667 3628 τὰς
2722 3562 2922 3629 ἡδονὰς
2978 3570 3155 3641 ὥσπερ
3209 3585 3262 3620 τι
3330 3575 3524 3639 σμῆνος
3577 3566 3838 3641 μελισσῶν

2236 3654 2507 3731 ἐπεγείρει.
2569 3662 2726 3710 Ποῖον
2777 3657 2880 3729 γὰρ
2936 3655 3085 3731 ἅρμα
3139 3655 3322 3708 πώλων
3388 3655 3554 3719 οὕτως
3610 3655 3841 3719 ἀτάκτως

2238 3749 2463 3820 φέρεται,
2508 3743 2767 3797 ἁποϐαλὸν
2802 3745 2914 3816 (63)
2946 3747 3036 3797 τόν
3081 3745 3298 3817 ἡνίοχον
3330 3760 3347 3814 ;
3380 3750 3534 3799 Ποῖον
3566 3742 3625 3800 δὲ
3662 3746 3839 3800 πλοῖον

2239 3834 2603 3909 ἀκυϐέρνητον,
2646 3835 2746 3887 ὑπὸ
2792 3841 2895 3886 τῶν
2941 3835 3207 3908 κυμάτων,
3255 3837 3325 3899 ὡς
3374 3833 3436 3888 ἂν
3476 3838 3646 3912 τύχῃ,
3697 3842 3844 3913 φερό-

2238 3944 2407 3999 μενον,
2441 3922 2535 3977 ούκ
2560 3920 2944 3999 ἀσφαλέστερόν
2969 3922 3086 3978 ἔστι
3112 3924 3202 3978 τού
3227 3923 3536 3999 μεθύοντοςς

2310 4015 2364 4069 8.
2401 4013 2529 4067 Ἀπὸ
2557 4015 2808 4067 τοιούτων
2839 4022 3032 4083 κακῶν,
3072 4011 3264 4090 ἂνδρες
3291 4019 3421 4089 ὄμοῦ
3449 4020 3541 4069 καὶ
3568 4036 3838 4091 γμναικες,

2240 4108 2445 4166 κοινοὺς
2493 4103 2888 4179 συστησάμενοι
2942 4109 3158 4181 χοροὺς,
3237 4102 3452 4181 δαίμονι
3512 4107 3702 4183 οἰνηρῷ
3749 4110 3845 4172 τὰς

2240 4191 2425 4267 ψυχὰς
2479 4190 2819 4270 παραδόντες,
2872 4193 3117 4256 ἀλλήλους
3156 4202 3270 4258 ταῖς
3322 4193 3473 4250 ἀκίσι
3516 4205 3617 4252 τῶν
3662 4200 3843 4253 παθῶν

2243 4281 2665 4361 ἀντετίτρωσκον.
2730 4283 2950 4349 Γέλωτες
3014 4286 3140 4339 παα⁹
3215 4287 3539 4362 ἀμφοτέρων,
3626 4289 3847 4362 ᾅσματα

2244 4374 2471 4451 αἰσχρὰ,
2529 4380 2789 4449 σχήματα
2841 4378 3082 4450 πορνικὰ.
3143 4374 3442 4452 ἔρεθῖζοντα
3504 4380 3638 4452 πρὸς
3695 4376 3848 4432 ἀσέλ-

2242 4484 2407 4539 γειαν.
2455 4464 2631 4537 Γελᾷς,
2673 4464 2783 4519 εἰπέ
2827 4485 2939 4540 μοι,
2975 4471 3066 4519 καὶ
3103 4469 3265 4540 τέρπῃ
3311 4466 3492 4543 τέρψιν
3532 4465 3842 4540 ἀκόλαστον,

471 4558 735 4633 crymari
751 4531 834 4614 ob
855 4531 1645 4631 prasteritaetingemiscere
1668 4531 2009 4633 oporteret?
2031 4559 2126 4615 Ca-

2245 4531 2491 4634 δακρύειν
2536 4531 2653 4610 δέον
2690 4531 2953 4629 (ϐω-καὶ
2998 4531 3189 4611 στένειν
3233 4531 3320 4610 ἐπὶ
3364 4531 3474 4620 τοῖς
3524 4531 3843 4630 φθάσασενξ

470 4650 565 4708 nis
585 4647 953 4706 meretricias
975 4647 1330 4716 cantilenas,
1351 4647 1604 4721 psalmis
1622 4653 1679 4705 et
1692 4646 1961 4721 hymnis,
1975 4665 2134 4722 quos

472 4738 757 4809 didicisti,
775 4737 1094 4809 ablegatis.
1115 4740 1312 4796 Moves
1330 4738 1544 4812 pedes,
1566 4742 1624 4795 et
1645 4754 1814 4796 more
1833 4737 2136 4796 insanien-

473 4830 625 4889 tium
648 4828 873 4903 exsilis,
902 4828 1199 4902 ducisque
1233 4844 1390 4903 quas
1411 4844 1538 4886 non
1569 4827 1824 4887 deberes
1854 4827 2129 4901 choreas,

1030 4956 1079 4991 “
1104 4954 1256 5012 ibid.

548 5082 665 5156 (59)
694 5085 758 5138 In
788 5084 931 5153 Reg.
962 5081 1135 5157 tertio
1162 5098 1193 5139 e
1222 5080 1471 5157 regione
1499 5079 1667 5139 vocis
1694 5075 2137 5157 διακορεῖς-1081·-

479 5157 977 5229 ωιιίκικορεσμένοι,
1022 5155 1107 5210 sic
1138 5158 1203 5211 ut
1226 5155 1521 5228 posterior
1548 5170 1670 5211 vox
1696 5155 1915 5228 prioris
1945 5155 2137 5211 decla-

478 5228 634 5284 ratio
666 5228 759 5283 sit.

512 5299 660 5369 '(60)
703 5299 794 5355 Sic
837 5314 989 5371 mss.
1031 5298 1224 5355 multi.
1266 5296 1423 5371 Editi
1469 5302 1526 5355 et
1573 5296 1740 5371 Col_b.
1786 5298 2136 5371 primusxat

479 5366 792 5452 στᾶςξΜΟΧ
823 5370 989 5452 Colb.
1019 5372 1252 5452 primus
1280 5366 1512 5452 διανέμει
1540 5374 1624 5422 τὸν
1648 5366 1810 5451 οἶνονξ
1833 5368 2135 5452 distribuit

474 5443 685 5516 vinum
719 5458 731 5495 :
772 5444 935 5516 quod
969 5442 1267 5516 optimum
1304 5442 1667 5515 judicarem,
1698 5442 1815 5516 nisi
1844 5458 1958 5516 vox
1987 5444 2130 5510 ἳσην,

473 5529 610 5586 quae
632 5514 1184 5586 inkomnibus'mss.
1216 5514 1452 5586 legitur,
1480 5514 1823 5574 necessario
1847 5514 2132 5572 substan-

470 5582 661 5659 tivum
693 5582 1053 5659 femininum
1075 5582 1430 5659 postularet.

543 5658 653 5730 (61)
687 5657 849 5715 Coll).
884 5657 1095 5715 tertius
1115 5658 1353 5732 ἐφέλκςιν.

506 5022 519 5031 ἡ
549 4957 597 4993 ⁸³
622 4958 745 5015 Isa.
773 4972 833 5025 ν,
866 4955 952 5013 it.

2242 4647 2494 4723 ’ᾼσματα
2536 4651 2727 4725 πόρνης
2765 4649 2987 4720 φθέγγῃ,
3033 4645 3255 4700 ἕκϐολὼν
3302 4648 3425 4708 τοὺς
3469 4645 3706 4720 ψαλμοὺς
3752 4653 3847 4703 καὶ

2241 4743 2360 4801 τοὺς
2384 4737 2597 4813 ὕμνους,
2628 4736 2721 4799 οὓς
2749 4733 3069 4808 ἰδιδάχθης.
3118 4741 3288 4795 Κινεῖς
3316 4731 3504 4802 πόδας,
3543 4740 3632 4812 κρὶ
3661 4736 3841 4813 ἕξάλλῃ

2243 4827 2481 4904 ἔμμανῶς
2525 4827 2660 4901 (65),
2688 4829 2778 4880 καὶ
2817 4826 3056 4903 χορεύεις
3085 4823 3368 4902 ἀχόρευτα,
3412 4820 3529 4879 δέον
3555 4826 3623 4880 τὰ
3651 4832 3849 4900 γόνατα

2317 5080 2433 5151 (62)
2468 5079 2615 5138 Sunt
2635 5076 2742 5151 qui
2762 5075 3108 5136 existiment
3129 5094 3351 5137 novem
3380 5078 3612 5139 circiter
3633 5079 3847 5140 uncias

2242 5150 2493 5233 liquoris
2521 5152 2605 5233 in__
2633 5150 2836 5233 cotyla
2879 5151 3215 5233 contineri;
3256 5160 3560 5233 quantum
3586 5151 3709 5210 fere
3746 5155 3849 5233 be-

2243 5223 2413 5281 mina
2450 5223 2755 5297 continere
2779 5223 3000 5280 dicitur
3026 5240 3062 5280 a
3091 5223 3462 5297 quibusdam
3497 5240 3655 5297 ;nec
3683 5224 3847 5281 enim

2245 5311 2316 5353 ea
2338 5297 2413 5353 de
2444 5312 2507 5352 re
2538 5295 2681 5352 satis
2721 5295 2871 5352 inter
2888 5312 2951 5351 se
2983 5295 3347 5354 conireniunt
3373 5296 3613 5355 eruditi.

2313 5371 2431 5440 (63)
2454 5367 2853 5441 Antiquiiduo
2873 5368 3009 5441 libri
3033 5365 3347 5441 ἀποϐάλλον.

2317 5437 2429 5511 (64)
2458 5437 2860 5515 Reg—primus
2885 5437 3139 5515 daxpuaw
3172 5437 3272 5495 δεῖ.

2284 5512 2424 5599 "(65)
2453 5510 2855 5599 Colbtitertius
2876 5510 3128 5587 ίκμάνῶς.
3156 5515 3289 5572 Mox
3310 5511 3475 5570 idem
3499 5510 3690 5572 codex
3715 5515 3847 5590 πρὸς

2238 5590 2330 5647 τὰς
2358 5590 2623 5646 ποοσκυνή
2634 5602 2758 5648 σεις.
