4098 6386
243 292 347 351 461

1520 295 1808 351 HOMILIA
1845 291 1916 349 IN
1957 293 2321 351 EBRIOSOS.

3525 299 3630 353 462

243 421 498 492 κάμπτειν
556 417 624 480 εἰς
682 422 776 479 τήν
844 417 1250 492 προσκνύησιν;
1303 422 1460 480 Τίνας
1524 415 1848 494 ὃδύρωμαις

1972 433 2103 473 cum
2127 433 2326 488 genua
2350 417 2509 474 ﬂexa
2531 418 2896 491 oportuisset
2916 417 2994 474 ad
3015 418 3432 478 adorandum?
3452 423 3626 478 Utras

243 512 334 571 τὰς
401 513 556 584 κόρας
608 511 699 570 τὰς
752 507 1191 583 ἀπειρογοξμους;
1256 508 1286 567 ἦ
1339 510 1430 569 τὰς
1477 506 1525 560 ἐν
1581 515 1654 578 τῷ
1707 508 1852 580 ζυγῷ

244 607 337 652 τοῦ
366 602 540 673 γάμου
585 604 974 672 κατεχομένας;
1027 601 1091 651 Αἱ
1130 601 1220 672 μὲν
1263 600 1364 674 γὰρ
1412 597 1716 666 ἐπανῆλθον,
1757 602 1853 656 τὴν

244 691 527 763 παρθενίαν
576 689 672 742 ούκ
720 692 968 762 ἔχουσαι·
1022 691 1076 742 αἱ
1126 685 1186 741 δὲ
1231 692 1324 747 τὴν
1376 689 1718 762 σωφροσύνην
1749 693 1856 749 τοῖς

250 776 507 854 ἀνδράσιν
539 779 633 831 ούκ
681 777 1029 851 ἐπανήγαγον.
1073 777 1136 832 Εἰ
1181 780 1284 852 γὰρ
1333 781 1434 832 πού
1474 798 1603 839 τινες
1641 782 1730 831 καὶ
1782 785 1855 849 τῷ

253 872 460 940 σώματι
483 873 578 927 τὴν
619 867 877 943 ἁμαρτίαν
928 865 1191 942 διέφυγον,
1228 867 1356 921 ἀλλὰ
1402 870 1606 931 πάντως
1635 887 1695 941 γε
1740 875 1856 929 ταῖς

249 957 456 1030 ψυχαῖς
483 963 576 1017 τὴν
621 960 811 1032 φθορὰν
869 955 1204 1021 ὑπεδέξαντο.
1246 959 1424 1012 Ταῦτα
1467 977 1556 1030 μοι
1604 962 1694 1010 καὶ
1737 960 1856 1034 περὶ

249 1057 350 1101 τῶν
398 1047 617 1124 ἆρῥένων
662 1050 910 1124 εἰρήσθω.
959 1045 1084 1103 Εἷδε
1130 1058 1318 1115 κακῶς,
1375 1047 1559 1106 ἐθεάθη
1610 1048 1721 1120 (66)
1767 1067 1859 1100 κα-

251 1147 370 1199 κῶς.
428 1139 486 1190 Ὀ
530 1137 786 1211 ἐμϐλέψας
833 1143 1040 1211 γυναικὶ
1087 1142 1214 1213 πρὸς
1265 1142 1325 1191 τὸ
1369 1137 1698 1211 ἐπιθυμῆσαι
1745 1134 1853 1198 ἤδη

253 1225 593 1300 ἐμοίχευσεν.
649 1227 710 1282 Εἰ
759 1229 817 1281 αἰ
872 1226 974 1280 ἀπὸ
1027 1230 1358 1302 ταυτομάτου
1405 1230 1692 1302 συντυχίαι
1747 1234 1856 1290 τοῖς

152 1362 165 1376 ,
245 1320 532 1390 περιέργως
587 1324 992 1371 κατασκοποῦσι
1037 1325 1285 1370 τοσοῦτον
1352 1319 1542 1390 ἔχουσι
1591 1313 1852 1385 κίνδυνον,

244 1407 301 1457 αἱ
327 1406 445 1458 κατ’
475 1404 813 1465 ἐπιτήδευσιν
851 1406 1195 1474 ἀπαντήσεις,
1238 1408 1373 1460 ὥστε
1433 1403 1561 1459 ἰδεῖν
1608 1413 1855 1478 γυναῖκας

245 1491 670 1569 ἀσχημονούσας
717 1499 817 1550 ὑπὸ
865 1505 956 1558 τῆς
1000 1499 1178 1571 μέθης,
1225 1500 1314 1549 καὶ
1371 1497 1854 1570 κατασχηματιζο-

238 1589 398 1658 μένας
437 1589 565 1660 πρὸς
615 1586 842 1654 ἔκλυσιν,
873 1590 980 1639 -καὶ
1043 1586 1170 1659 μέλη
1217 1587 1545 1661 τεθρυμμένα
1597 1583 1850 1659 ᾀδούσας,

233 1670 507 1749 δυνάμενα
549 1681 640 1728 καὶ
693 1681 846 1750 μόνον
896 1675 1220 1730 ἁκουσθέντα
1255 1679 1427 1730 πάντα
1465 1674 1671 1753 οἶστρον
1717 1675 1852 1736 ἡδο-

239 1773 333 1826 νῆς
366 1763 655 1838 ἐμποιῆσαι
680 1775 790 1829 τοῖς
831 1765 1164 1833 ἀκολαστοις,
1190 1771 1244 1819 τί
1287 1765 1514 1843 ἐροῦσιν,
1543 1769 1572 1828 ᾖ
1618 1771 1670 1820 τί
1720 1766 1854 1821 ἀπο·-

239 1855 582 1928 λογήσονται,
650 1854 707 1908 ἐκ
762 1859 1013 1910 τοιούτων
1093 1859 1360 1931 θεαμάτων
1427 1861 1629 1932 μυρίων
1696 1857 1855 1932 ἐσμὸν

247 1954 349 1998 τῶν
375 1955 546 1998 κακῶν
575 1945 979 2020 συλλεξάμενοι;
1027 1947 1170 2020 Οὐχ,
1217 1949 1286 2010 ὡς
1335 1944 1431 2000 διὰ
1474 1956 1627 2001 τοῦτο
1675 1947 1861 2022 ἐμϐλέο

250 2035 460 2107 ψαντες,
520 2037 602 2088 ἵνα
658 2038 752 2099 τὰς
809 2035 1086 2110 ἓπιθυμίας
1137 2036 1599 2112 ἐγείρωσιν(67);
1657 2037 1861 2090 Οὐκοῦν

253 2121 505 2179 ύπὸδικοί
551 2125 676 2193 εἰσι,
721 2128 856 2180 κατὰ
897 2131 991 2186 τὴν
1041 2125 1398 2202 ἀπαραίτητον
1455 2125 1720 2200 ἀπόφασιν
1767 2135 1863 2181 τοῦ

255 2217 474 2290 Κυρίου,
506 2223 576 2289 τῷ
607 2219 823 2290 κρίιιατι
865 2225 960 2279 τῆς
1011 2221 1274 2289 μοιχείας.
1304 2223 1417 2278 Πῶς
1443 2218 1578 2290 ὑμᾶς
1607 2221 1637 2277 ἧ
1675 2225 1864 2278 Πεντηη

253 2309 422 2364 κοστὴ
471 2302 801 2374 ὑποδέξεται,
844 2304 980 2358 οὕτω
1019 2315 1110 2359 τοῦ
1149 2308 1352 2380 Πάσχα
1388 2306 1861 2381 καθυϐρισθέντοςε

250 2402 312 2450 Ἦ
359 2400 690 2454 Πεντηκοστὴ
743 2403 834 2449 τοῦ
888 2397 1183 2469 Πνεύματος
1243 2399 1374 2468 ἔσχε
1425 2405 1519 2450 τοῦ
1569 2396 1721 2470 ἁγίου
1769 2401 1865 2456 τὴν

254 2484 444 2560 ἐναργῆ
494 2489 584 2539 καὶ
636 2491 771 2539 πᾶσι
818 2489 1085 2561 γνωρίμην
1115 2481 1420 2560 ἐπιδημίαν·
1484 2489 1551 2540 σὺ
1605 2483 1685 2554 δε,
1742 2505 1869 2562 προ-

252 2573 444 2645 λαϐὼν,
482 2578 694 2629 σεαυτὸν
743 2576 1042 2651 οἰκητήριον
1075 2584 1168 2630 τοῦ
1217 2576 1568 2650 ἀντικειμένου
1612 2577 1867 2639 ,ἐποίησας

253 2669 561 2740 πνεύματος,
606 2671 698 2721 καὶ
734 2666 908 2740 ἐγένου
952 2671 1075 2732 ναὸς
1122 2664 1367 2736 εἰδώλων,
1428 2666 1543 2722 ἀντὶ
1588 2675 1680 2721 τοῦ
1727 2672 1866 2742 γενέ·

259 2758 386 2809 σθαι
413 2760 536 2820 ναὸς
567 2764 698 2810 Θεοῦ
731 2753 824 2810 διὰ
852 2766 950 2821 τῆς
978 2756 1288 2820 ἐνοικήσεως
1325 2764 1416 2812 τοῦ
1448 2760 1744 2831 Πνεύματος
1771 2763 1866 2813 τοῦ

257 2844 435 2918 ἁγίου.
466 2844 776 2900 Ἐπεσπάσω
814 2850 908 2907 τήν
953 2845 1084 2921 ἀρὰν
1109 2854 1201 2900 τοῦ
1251 2851 1520 2922 προφήτου
1549 2850 1779 2910 εἰπόντος
1812 2846 1868 2900 ἐκ

258 2939 544 3007 προσώπου
589 2942 682 2988 τοῦ
732 2943 887 3003 Θεοῦ,
933 2937 1014 2990 ὅτι
1078 2935 1290 3012 Στρέψω
1335 2939 1432 2999 τὰς
1475 2936 1654 3013 ἑορτὰς
1698 2936 1868 2989 αὐτῶν

264 3022 338 3086 εἰς
374 3025 566 3086 πένθος.
603 3032 718 3088 Πῶς
764 3033 868 3078 τῶν
913 3027 1124 3078 οἰκετῶν
1164 3025 1344 3102 ἄρξετε
1369 3028 1505 3096 (68),
1554 3026 1704 3079 αύτοὶ
1736 3022 1868 3079 ὅου-

1962 507 2217 578 lugebo?
2230 509 2544 581 puellasne
2564 510 2916 582 nuptiarum
2935 510 3386 582 inexpertas,an
3405 527 3630 569 connu-

1962 596 2047 653 bii
2070 598 2220 669 jugo
2252 599 2525 655 subditas
2544 599 2572 655 ?
2617 599 2734 654 Illae
2766 599 3016 672 quidem
3039 600 3266 656 amissa
3287 601 3628 671 virginitate

1963 703 2218 745 reversae
2247 693 2414 758 sunt;
2438 689 2530 745 htB
2557 704 2696 745 vero
2717 689 3072 762 pudicitiam
3103 689 3334 746 maritis
3352 690 3520 746 haud
3540 689 3629 746 re-

1963 779 2246 835 tulerunt.
2272 783 2422 837 Nam
2453 780 2504 836 si
2532 797 2669 854 quae
2699 781 2850 836 forte
2880 785 3198 853 peccatum
3217 780 3484 836 vitarunt
3503 796 3629 838 cor-

1962 885 2129 942 pore,
2148 870 2400 926 omnino
2416 875 2622 926 tamen
2642 871 2702 926 in
2722 871 2939 938 animis
2963 871 3412 944 corruptionem
3427 885 3629 926 susce-

1963 962 2202 1030 perunt.
2227 961 2358 1014 Haec
2381 963 2437 1015 et
2466 959 2540 1014 de
2561 959 2704 1015 viris
2735 975 2770 1015 a
2795 975 2893 1015 me
2917 959 3076 1016 dicta
3099 959 3234 1015 sint.
3258 959 3502 1031 Aspexit
3522 974 3627 1014 ne-

1964 1047 2179 1119 quiter,
2212 1048 2485 1120 nequiter
2506 1053 2866 1121 conspectus
2889 1053 2998 1104 est.
3035 1049 3150 1116 Qui
3177 1051 3479 1118 aspexerit
3503 1065 3631 1104 mu-

1967 1139 2169 1194 lierem
2193 1139 2274 1194 ad
2301 1139 2865 1209 concupiscendum,
2877 1141 3010 1209 jam
3032 1140 3364 1196 moechatus
3387 1140 3552 1194 est“.
3572 1139 3630 1196 Si

1964 1227 2044 1283 ob
2062 1227 2336 1285 fortuitos
2361 1244 2539 1284 casus
2560 1233 2797 1284 tantum
2820 1227 3154 1300 periculum
3171 1228 3483 1303 impendet
3501 1227 3629 1285 obi-

1962 1322 2052 1374 ter
2072 1318 2908 1392 conspicientibus,quantum
2930 1318 3200 1374 futurum
3221 1324 3310 1375 est
3325 1317 3404 1374 ob
3424 1334 3630 1373 occur-

1964 1425 2066 1463 sus
2089 1408 2195 1481 qui
2217 1409 2291 1464 de
2317 1408 2618 1465 industria
2637 1409 2810 1478 ﬁunt,
2835 1413 2898 1463 ut
2920 1407 3167 1465 videant
3195 1409 3483 1466 mulieres
3504 1425 3628 1482 prae

1963 1497 2253 1553 ebrietate
2311 1514 2374 1553 se
2425 1497 2708 1554 indecore
2763 1501 3057 1566 gerentes,
3109 1513 3374 1570 suosque
3425 1502 3630 1568 gestus

1965 1592 2396 1660 componentes
2427 1588 2505 1644 ad
2526 1587 2923 1658 lasciviam,et
2944 1587 3274 1644 cantilenas
3296 1588 3507 1646 molles
3529 1604 3629 1644 ca-

1908 1716 1910 1720 τ
1963 1682 2194 1746 nentes,
2239 1694 2377 1750 quae
2420 1677 2517 1733 vel
2565 1677 2784 1734 auditae
2827 1677 3047 1746 solum,
3074 1694 3256 1734 omne
3303 1677 3631 1750 voluptatis

1897 1783 1937 1838 Β
1968 1773 2219 1824 castrum
2249 1767 2705 1823 lascivientibus
2727 1768 2999 1838 ingerere
3021 1769 3324 1840 possunt?
3357 1768 3513 1834 Quid
3543 1769 3633 1825 di-

1969 1863 2124 1928 cent,
2157 1863 2263 1914 aut
2286 1858 2436 1931 quid
2458 1857 2898 1928 causabuntur,
2931 1859 3034 1930 qui
3070 1875 3142 1914 ex
3173 1858 3475 1930 ejusmodi
3503 1875 3633 1932 spe-

1970 1948 2218 2006 ctaculis
2260 1949 2476 2019 ingens
2527 1948 2830 2005 malorum
2862 1963 3116 2005 examen
3147 1948 3262 2004 sibi
3293 1939 3584 2019 collegere
3605 1951 3635 2007 ?

1969 2042 2178 2096 Nonne
2199 2054 2260 2094 se
2277 2039 2412 2094 ideo
2439 2039 2774 2111 aspexisse,
2807 2042 2874 2094 ut
2899 2038 3451 2110 concupiscentiam
3476 2039 3635 2095 exci-

1972 2131 2195 2185 tarent?
2222 2128 2476 2185 Obnoxii
2496 2128 2676 2198 igitur
2696 2133 2837 2184 sunt
2861 2127 3092 2200 judicio
3123 2127 3401 2184 adulterii
3421 2144 3636 2185 secun-

1973 2218 2120 2275 dum
2134 2217 2540 2274 inevitabilem
2559 2217 2795 2273 Domini
2813 2215 3518 2282 sententiam.thmodo
3530 2233 3637 2274 vos

1974 2311 2316 2364 Pentecoste
2347 2307 2623 2379 excipiet,
2663 2306 2768 2379 qui
2797 2307 2858 2362 in
2890 2307 3122 2362 Pascha
3165 2306 3358 2362 fuistis
3385 2306 3468 2362 ita
3496 2323 3638 2362 con-

1975 2397 2306 2455 tumeliosi?
2330 2401 2392 2453 ln
2432 2398 2779 2453 Pentecoste
2823 2396 3074 2469 Spiritus
3108 2395 3301 2452 sancti
3341 2396 3639 2453 adventus

1975 2487 2336 2545 manifestus
2362 2486 2535 2558 13o
2557 2486 2668 2542 fuit
2688 2491 2744 2541 et
2762 2492 2942 2542 notus
2970 2485 3259 2542 omnibus
3284 2503 3299 2541 :
3322 2490 3386 2542 tu
3416 2503 3559 2543 vero
3577 2487 3640 2544 in

1977 2582 2355 2635 antecessum
2385 2581 2570 2632 temet
2596 2575 2928 2632 adversarii
2959 2575 3203 2648 spiritus
3223 2575 3641 2633 habitaculum

1976 2667 2244 2733 effecisti,
2273 2671 2330 2723 et
2373 2666 2668 2739 templum
2704 2665 2896 2722 factus
2928 2681 2991 2721 es
3034 2665 3358 2732 idolorum,
3382 2683 3521 2722 cum
3543 2667 3643 2723 de-

1974 2757 2217 2814 buisses
2248 2757 2543 2829 templum
2576 2755 2678 2813 Dei
2704 2755 2833 2812 ﬁeri
2859 2772 2967 2829 per
2990 2755 3240 2828 Spiritus
3263 2757 3452 2812 sancti
3473 2757 3644 2813 inha-

1975 2846 2331 2903 bitationem
2345 2848 2415 2901 ‘6.
2429 2845 2804 2901 Accersivisti
2818 2845 3291 2902 exsecrationem
3307 2846 3642 2918 prophetae,

1975 2936 2038 2992 in
2064 2935 2168 2992 Dei
2197 2951 2461 3008 persona
2493 2934 2748 2990 dicentis
2774 2951 2786 2990 :
2840 2935 3203 2990 Convertam
3239 2935 3644 2991 solemnitates

1977 3041 2180 3082 eorum
2211 3027 2274 3080 in
2308 3026 2538 3080 luctum
2560 3025 2627 3078 π.
2678 3023 2995 3084 Quomodo
3025 3023 3214 3079 servis
3243 3024 3640 3096 imperabitis,

259 3109 489 3172 λεύοντες
567 3111 868 3187 ἐπιθυμίαις
955 3112 1196 3177 ἀνοήτοις
1278 3119 1369 3168 καὶ
1454 3113 1734 3189 βλαϐεραῖς
1799 3117 1863 3176 ὡς

1978 3132 2115 3172 cum
2143 3131 2253 3170 vos
2276 3113 2457 3187 quasi
2487 3112 2793 3185 mancipia
2823 3111 3056 3168 stolidis
3089 3129 3161 3169 ac
3190 3113 3445 3169 exitiosis
3477 3115 3642 3186 cupi-

261 3196 624 3276 ἆνδραποὸα;
677 3210 795 3266 Πῶς
840 3207 959 3265 τοὺς
1005 3200 1202 3265 παῖδας
1243 3205 1602 3270 νουθετήσετε,
1663 3203 1870 3259 ἀνουθέ-

257 3307 413 3348 τητον
473 3291 613 3352 ζωὴν
669 3296 760 3345 καὶ
815 3289 1138 3346 ἁδιάτακτον
1197 3293 1433 3361 ζῶντες;
1485 3298 1550 3347 Τί
1598 3291 1726 3363 οὖν;
1786 3294 1868 3348 Ἐν

255 3381 461 3442 τούτοις
509 3382 642 3452 ὑμᾶς
692 3380 1031 3449 καταλείπω;
1097 3381 1252 3436 Ἀλλὰ
1303 3382 1581 3456 φοϐοῦμαι,
1632 3388 1704 3456 μή
1762 3403 1869 3447 πως

251 3470 279 3522 ὁ
348 3473 441 3543 μὲν
501 3468 852 3534 ἆνυπότακτος
921 3476 1270 3547 στραγὸτερος
1338 3477 1552 3544 γένηται
1617 3475 1754 3544 (69),
1840 3476 1868 3528 ὁ

250 3564 697 3632 κατανενυγμένος
768 3567 830 3634 τῇ
908 3564 1262 3637 περισσοτέρᾳ
1334 3561 1471 3635 λύπη
1549 3565 1822 3637 καταποθῇ
1851 3606 1864 3621 .

250 3649 418 3724 Ἶαμα
471 3651 595 3723 γὰρ,
658 3654 810 3723 φησὶ,
883 3654 1215 3705 καταπαύσει
1285 3651 1550 3727 ἁμαρτίας
1617 3653 1864 3725 μεγάλας.

255 3739 324 3794 Ἦ
380 3742 600 3798 νηστεία
663 3742 759 3798 τὴν
819 3741 986 3813 μέθην
1042 3742 1433 3818 θεραπευσάτω·
1501 3740 1712 3814 ψαλμός
1771 3747 1868 3803 τὴν

255 3828 492 3903 αἰσχρὰν
557 3825 840 3901 μελῳδίαν·
922 3825 1152 3904 δάκρυον
1227 3831 1454 3902 γενέσθω
1515 3837 1609 3883 τοῦ
1651 3830 1868 3902 γέλωτος

252 3922 408 3992 ἴαμα·
467 3916 583 3973 ἀντὶ
627 3927 720 3982 τῆς
772 3918 1074 3995 ὀρχήσεως,
1103 3922 1162 3976 τὸ
1227 3925 1350 3993 γόνυ
1411 3919 1682 3974 κλινέσθω·
1754 3920 1868 3976 ἀντὶ

253 4017 348 4063 τοῦ
392 4013 581 4084 κρότου
626 4017 728 4062 τῶν
785 4019 979 4086 χειρῶν
1035 4013 1095 4064 τὸ
1156 4012 1349 4074 στῆθος
1405 4013 1700 4065 τυπτέσθω·
1752 4009 1867 4066 ἀντὶ

252 4107 348 4153 τοῦ
397 4103 598 4173 κόσμου
654 4107 746 4161 τῆς
792 4098 1014 4163 ἐσθῆτος
1064 4101 1095 4160 ἡ
1152 4104 1494 4163 παπείνωσις.
1547 4101 1664 4157 Ἐπὶ
1704 4107 1866 4156 πᾶσιν

254 4190 285 4250 ἠ
347 4187 665 4263 ἐλεημοσύνη
727 4188 1086 4266 ἐξαγοραζέτω
1147 4209 1204 4242 σε
1262 4188 1362 4244 ἀπὸ
1429 4199 1526 4252 τῆς
1587 4189 1864 4266 ἁμαρτίας.

253 4281 458 4354 Λύτρον
509 4281 613 4354 γὰρ
676 4276 865 4356 ἀνδρὸς
916 4282 942 4332 ὁ
996 4277 1136 4342 ἴδιος
1203 4279 1363 4334 αὐτοῦ
1420 4280 1674 4343 πλοῦτος.
1738 4281 1867 4337 Πολ-

249 4368 376 4432 λοὺς
427 4368 737 4444 ἐργάτευσον
795 4378 895 4423 τῶν
957 4368 1264 4443 θλιϐομένων
1326 4370 1398 4433 εἰς
1447 4376 1540 4431 τὴν
1595 4376 1866 4428 κοινωνίαν

250 4465 344 4533 τῇς
371 4468 700 4534 προσευχῆς,
743 4459 786 4512 εἰ
824 4461 929 4536 ἄρα
977 4479 1062 4514 σοι
1111 4459 1426 4532 ἀφεθήσεται
1457 4463 1488 4519 ἡ
1532 4459 1734 4519 ἐπίνοια
1769 4470 1866 4523 τῆς

251 4551 457 4609 κακίας.
507 4554 628 4601 Ὅτε
676 4546 913 4601 ἐκάθισεν
947 4550 971 4600 ὁ
1001 4548 1124 4610 λαὸς
1175 4556 1373 4621 φαγεῖν,
1431 4554 1520 4602 καὶ
1567 4559 1723 4621 πιεῖν,
1773 4557 1863 4605 καὶ
1900 4587 1945 4642 D

254 4635 550 4697 ἀνέστησαν
607 4639 836 4700 παίζειν·
891 4639 946 4701 (ἡ
1006 4635 1065 4692 δὲ
1120 4635 1317 4692 παιδιὰ
1362 4639 1529 4692 αὐτῶν
1592 4638 1866 4694 εἰδωλολα-

250 4733 399 4803 τρεία
424 4726 527 4801 ἧνο)
578 4734 690 4784 τότε
741 4731 791 4783 οἱ
845 4735 1084 4803 Λευῖται,
1131 4731 1270 4784 κατὰ
1315 4739 1415 4783 τῶν
1465 4728 1698 4805 ἀδελφῶν
1749 4731 1868 4786 ἑαυ-

249 4823 370 4880 τούς
409 4818 784 4889 ἐξοπλίσαντες,
845 4819 916 4882 εἰς
971 4822 1256 4895 ἱερωσύνην
1293 4823 1388 4883 τὰς
1442 4828 1625 4896 χεῖρας
1675 4822 1866 4876 ἑαυτῶν

327 4944 375 4979 ⁸⁵
405 4945 606 5002 Matth.
632 4961 694 5017 v,
725 4949 815 5002 28.

257 5033 305 5068 ⁸¹
347 5035 518 5088 Prov.
547 5050 670 5104 xui,
699 5038 750 5092 8.

895 4946 942 4981 ‘°
969 4947 1139 5003 Rom.
1168 4961 1292 5016 vm,
1327 4949 1410 5003 11.

830 5037 878 5073 ³³
910 5036 1098 5094 Exod.
1130 5052 1308 5104 Χιωιιι,
1341 5041 1393 5093 6.

333 5156 445 5236 (66)
489 5157 650 5216 Colb.
693 5161 928 5236 primus
979 5178 1088 5234 pro
1142 5159 1325 5236 ἐθεαθη
1376 5162 1562 5220 habet
1614 5161 1859 5236 ἔθέλχθη,

256 5230 514 5309 illigatus
543 5238 649 5300 est,
691 5230 817 5290 non
851 5235 934 5290 ita
959 5230 1140 5292 recte.
1190 5233 1423 5291 Ibidem
1454 5238 1595 5308 Reg.
1629 5230 1864 5309 primus

255 5300 512 5375 ἐμϐλέψας
545 5312 787 5375 γυναῖκα.

322 5376 436 5454 (67)
485 5375 650 5454 C_olb.
695 5377 927 5454 primus
965 5375 1239 5454 ἐγείρωσι,
1277 5383 1360 5431 ναὶ
1401 5375 1495 5454 διὰ
1535 5387 1688 5434 τοῦτο
1737 5398 1863 5454 προ-

475 5441 845 5527 οὗκοῡν,’88(1
879 5441 1269 5527 ὶοῐιίαίῇιιιᾶ,
1316 5456 1401 5505 ναὶ
1433 5448 1525 5505 διὰ
1554 5461 1716 5527 τοῦτο
1739 5441 1864 5527 πρῶ

251 5512 393 5576 δήλω
403 5521 988 5600 aperegrinumesse
1004 5527 1059 5600 et
1074 5512 1607 5600 absonummemo,
1623 5512 1860 5600 opinor,

248 5590 529 5664 negabit.
547 5592 780 5660 Statim,
807 5593 909 5650 ubi
939 5599 994 5649 et
1015 5593 1076 5648 in
1103 5594 1276 5649 editis
1302 5603 1359 5650 et
1381 5595 1441 5650 in
1469 5590 1614 5651 mss.
1646 5590 1865 5664 legitur

251 5659 462 5739 ἄναργῆ,
489 5663 618 5722 sine
656 5665 844 5723 dubio
868 5666 1162 5738 interpres
1202 5671 1376 5723 vetus
1402 5667 1629 5739 legerat
1658 5659 1860 5742 ἐνξογῆ,

1491 4946 1534 4982 ‘7
1565 4954 1752 5004 Amos
1780 4963 1900 5020 vui,
1937 4952 2023 5006 to.

1976 3205 2264 3264 ditatibus
2281 3204 2650 3261 inserviatis?
2669 3204 2986 3270 Quomodo
3005 3203 3378 3274 castigabitis
3394 3204 3638 3275 liberos,

1977 3312 2118 3353 cum
2149 3311 2254 3351 vos
2282 3293 2708 3364 incastigatam
2739 3293 2924 3349 vitam
2957 3297 3140 3366 atque
3171 3293 3641 3366 incompositam

1974 3383 2611 3455 vivatis?Quidigitur?
2629 3387 2783 3440 Num
2805 3400 2912 3440 vos
2934 3383 2995 3439 in
3017 3383 3111 3438 his
3132 3383 3504 3456 relinquam?
3526 3385 3642 3441 Sed

1975 3490 2206 3546 vereor,
2228 3490 2304 3530 ne
2325 3474 2474 3530 forte
2505 3473 2610 3546 qui
2639 3473 2989 3543 immoriger
3018 3478 3127 3544 est,
3154 3474 3261 3528 ﬁat
3289 3474 3429 3529 inde
3449 3474 3644 3547 impu-

1976 3563 2234 3633 dentior;
2254 3564 2360 3636 qui
2375 3579 2520 3618 vero
2538 3568 2936 3636 compunctus
2953 3563 3304 3624 est,tristitia
3325 3564 3643 3620 abundan-

1974 3651 2126 3710 tiore
2163 3651 2651 3709 absorbeatur”.
2687 3652 2863 3720 Nam,
2897 3651 3110 3723 inquit,
3133 3651 3371 3708 Medela
3409 3653 3641 3710 sedabit

1969 3749 2225 3815 peccata
2254 3756 2478 3813 magna
2497 3743 2566 3800 ‘9.
2609 3741 2846 3812 Jejunio
2875 3746 3116 3796 curetur
3145 3740 3401 3797 ebrietas
3426 3759 3438 3806 ;
3480 3741 3643 3813 psal-

1976 3849 2100 3900 mo,
2123 3832 2424 3889 cantilena
2452 3831 2756 3899 obscena;
2803 3830 3090 3902 lacrymte
3117 3830 3235 3886 sint
3272 3830 3428 3886 risus
3454 3847 3643 3888 reme-

1977 3924 2170 3992 dium;
2193 3939 2303 3996 pro
2330 3922 2646 3978 saltatione
2679 3937 2840 3991 genu
2866 3920 3172 3989 ﬂectatur;
3203 3936 3311 3993 pro
3343 3937 3642 3978 manuum

1975 4013 2194 4087 plausu
2225 4016 2434 4085 pectus
2461 4012 2855 4085 percutiatur;
2895 4027 3001 4083 pro
3030 4010 3280 4067 vestitus
3305 4015 3521 4067 ornatu
3543 4029 3642 4068 os-

1975 4104 2260 4160 tendatur
2278 4102 2610 4158 humilitas.
2640 4103 2702 4156 ln
2731 4100 2944 4174 primis
2968 4100 3229 4157 redimat
3259 4106 3310 4157 te
3337 4117 3371 4157 a
3393 4107 3642 4173 peccato

1976 4193 2365 4265 eleemosyna
2377 4194 2496 4248 ⁵⁰.Ν
2505 4208 2604 4248 am
2626 4193 2896 4248 Pretium
2919 4191 3341 4261 redemptionis
3359 4193 3644 4262 viri,sunt

1975 4299 2100 4340 sua
2122 4285 2304 4355 ipsius
2322 4282 2630 4338 divitiae“.
2658 4282 2860 4337 Plures
2882 4297 3116 4348 eorum,
3142 4283 3246 4354 qui
3268 4281 3328 4336 in
3351 4282 3640 4338 mrumnis

1975 4377 2314 4443 versantur,
2345 4372 2442 4428 fac
2477 4372 2709 4428 habeas
2740 4371 2936 4428 socios
2979 4372 3361 4444 precationis,
3397 4372 3445 4428 si
3491 4372 3643 4430 forte

1975 4463 2258 4527 nequitiae
2285 4461 2605 4518 consilium
2637 4461 2741 4517 tibi
2771 4462 3130 4517 remittatur.
3181 4462 3440 4526 Quando
3491 4461 3645 4518 sedit

1975 4553 2240 4629 populus
2273 4552 2352 4609 ad
2380 4553 2687 4608 edendum
2719 4556 2774 4608 et
2803 4550 3161 4618 bibendum,
3195 4556 3250 4606 et
3282 4557 3646 4608 surexerunt

1977 4643 2056 4700 ad
2084 4642 2420 4698 ludendum
2445 4643 2493 4677 ⁵³
2539 4641 2740 4709 (ludus
2773 4646 2974 4696 autem
3006 4640 3269 4712 ipsorum
3299 4639 3642 4698 idololatria.

1978 4735 2155 4805 erat):
2192 4737 2336 4789 tunc
2369 4731 2582 4788 Levitae
2611 4732 2672 4787 in
2713 4747 2859 4787 suos
2893 4729 3106 4786 fratres
3148 4729 3389 4796 armati,
3420 4745 3640 4786 manus

1978 4839 2118 4880 suas
2140 4822 2202 4879 in
2234 4821 2638 4879 sacerdotium
2672 4823 3126 4879 consecrarunt.
3157 4819 3364 4893 Itaque
3393 4823 3450 4875 et
3471 4819 3642 4876 vobis

2102 4948 2147 4986 ⁸⁸
2179 4951 2225 5006 ll
2258 4950 2388 5008 Cor.
2417 4962 2480 5015 ιι,
2503 4951 2559 5003 7.
2636 4947 2682 4984 ‘9
2723 4944 2912 5004 Eccle.
2946 4963 2999 5013 Χ,
3028 4948 3082 5004 4.
3177 4946 3225 4982 ⁵ο
3265 4947 3394 5002 Dan
3425 4961 3500 5013 1v,
3533 4945 3628 5002 24.

1973 5180 2114 5222 cum
2152 5162 2237 5220 sic
2277 5167 2484 5233 vertat,
2517 5165 2842 5222 adventum
2872 5164 3175 5233 efﬁcacem
3206 5161 3404 5218 habet.

2043 5238 2157 5308 (68)
2197 5237 2439 5310 Antiqui
2470 5243 2587 5310 tres
2618 5237 2752 5293 libri
2784 5235 2974 5310 ἂρξητε
3003 5235 3372 5291 νουθετησητε.

2195 5306 2453 5384 Utraque
2497 5309 2680 5366 editio
2725 5306 3080 5384 ῥᾳθυμότερος
3126 5309 3356 5384 γένηται,
3401 5306 3509 5373 ﬁat
3543 5316 3639 5384 se:

1970 5383 2177 5457 gm’or.
2198 5455 2211 5457 _
2233 5387 2303 5436 At
2333 5378 2625 5457 quinque
2673 5378 2818 5457 mss.
2865 5378 3222 5457 0190761590;
3278 5380 3492 5457 ﬁmjm
3525 5378 3638 5457 (id?

1971 5447 2432 5522 imprudentiam.
2467 5447 2806 5509 Notandum
2839 5447 3042 5507 tamen
3072 5447 3144 5505 in"
3163 5465 3270 5505 ora
3314 5447 3639 5522 tgolbertini

1973 5517 2152 5596 primi
2182 5525 2475 5595 scriptum
2503 5525 2762 5581 inveniri
2801 5525 3174 5599 ῥᾳθυμότερος.
3227 5519 3428 5578 Codex
3453 5517 3632 5575 Coisl.

1975 5615 2407 5670 στρατηγοτερος.
