4098 6402
442 273 546 328 463

1826 265 1884 321 S.
1925 263 2175 320 BASILII
2212 263 2434 320 MAGNI

3712 269 3820 324 464

444 395 550 469 qui
580 389 904 450 Dominum
935 388 1174 457 timetis,
1195 391 1494 463 quotquot
1511 403 1675 446 nunc
1699 387 1774 443 de
1795 387 2103 444 actionum

2218 385 2533 444 ἔτελείωσαν.
2598 389 2700 439 Καὶ
2766 386 2886 459 ύμῖν
2944 389 3115 439 τοίνυν
3167 395 3272 449 τοῖς
3339 387 3669 464 φοϐουμένοις
3729 398 3818 446 τόν

441 482 926 558 improbatarum
946 478 1319 552 turpitudine
1345 479 1641 548 doluistis,
1663 476 1811 533 illud
1836 476 2104 549 praecipi-

441 591 617 630 mus:
659 573 716 628 Si
746 570 1012 626 videritis
1043 586 1198 642 quos
1225 569 1486 625 stultitiae
1518 573 1823 639 gestorum
1854 582 2102 622 suorum

440 663 750 737 poeniteat,
781 676 991 717 eorum
1018 659 1426 715 misereamini
1446 663 1741 731 tanquam
1761 661 2101 712 vestrorum

441 752 863 810 membrorum
901 749 1364 821 aagrotantium:
1412 749 1504 804 sin
1530 747 1870 821 pervicaces
1910 762 1979 801 ac
2004 761 2104 800 ve-

443 846 633 899 stram
670 857 780 914 pro
811 839 964 913 ipsis
1004 840 1350 895 maestitiam
1399 842 1774 912 spernentes,
1823 837 2004 893 Exite
2031 835 2104 891 de

441 932 637 989 medio
659 946 886 1000 eorum,
910 936 967 986 et
988 930 1372 999 separamim‘,
1397 933 1452 985 et
1477 927 1846 983 immundum
1877 941 1952 982 ne
1972 931 2101 981 lan-

442 1019 706 1090 gatis”:
757 1023 824 1075 ut
854 1019 938 1074 sic
985 1018 1070 1075 illi
1119 1018 1367 1091 quidem
1412 1016 1645 1090 pudore
1677 1017 1892 1083 affecti,
1928 1032 2102 1072 suam

439 1108 716 1181 ipsorum
744 1107 1108 1181 pravitatem
1138 1111 1540 1178 cognoscant:
1574 1122 1683 1162 vos
1713 1123 1854 1162 vero
1881 1122 2102 1162 merce-

441 1196 584 1254 dem
602 1197 1004 1254 aemulationis
1024 1197 1273 1253 Phinees
1293 1195 1674 1269 recipiatis“,
1692 1196 1857 1267 justo
1873 1195 2103 1267 judicio

441 1285 543 1342 Dei
575 1302 646 1342 ac
674 1285 1000 1342 Salvatoris
1029 1286 1216 1342 nostri
1247 1288 1386 1340 Jesu
1426 1284 1662 1354 Christi,
1695 1285 1791 1340 cui
1830 1284 2022 1355 gloria
2047 1288 2104 1341 et

439 1374 766 1447 imperium
793 1375 855 1430 in
887 1374 1111 1431 saecula
1142 1373 1526 1432 saeculorum.
1557 1379 1768 1430 Amen.

439 1470 531 1517 καὶ
560 1467 618 1518 τὸ
648 1460 839 1538 κράτος
869 1465 936 1526 εἰς
965 1467 1090 1528 τούς
1119 1465 1306 1527 αἰῶνας
1335 1473 1436 1517 τῶν
1463 1463 1679 1520 αἰώνων.
1706 1463 1893 1537 Ἀμήν.

1040 1674 1334 1731 HOMILIA
1393 1673 1501 1730 XV.

1139 1763 1228 1818 De
1265 1763 1405 1832 ﬁde.

515 1857 565 1908 1.
601 1849 705 1910 Dei
733 1849 984 1925 quidem
1004 1851 1226 1922 jugiter
1252 1850 1623 1917 meminisse,
1653 1867 1750 1908 res
1781 1851 1884 1924 pia
1912 1853 2023 1919 est,
2053 1852 2110 1907 et

439 1958 565 2016 qua
594 1941 696 1998 Dei
719 1956 933 1998 amans
960 1939 1200 1997 animus
1226 1956 1545 2013 nunquam
1577 1940 1935 1996 exsatiatur:
1971 1955 2107 2012 quae

440 2049 619 2089 verso
655 2036 796 2088 sunt
820 2031 942 2102 Dei,
976 2047 1257 2087 sermone
1281 2031 1572 2104 prosequi
1610 2030 1814 2087 audax
1839 2036 2107 2102 cceptum

439 2122 657 2192 fuerit;
690 2137 828 2178 cum
860 2137 1036 2176 mens
1066 2125 1271 2176 nostra
1294 2120 1478 2192 longo
1504 2120 1822 2176 intervallo
1848 2135 2107 2176 arerum

438 2203 728 2284 dignitate
759 2210 939 2276 absit,
985 2226 1322 2282 rursusque
1357 2226 1557 2266 sermo
1589 2209 1845 2266 obscure
1885 2226 1956 2266 ac
1994 2209 2106 2264 im-

437 2302 694 2376 perfecte
725 2299 1027 2357 intellecta
1057 2300 1376 2372 exprimat.
1422 2300 1629 2372 Itaque
1677 2299 1728 2356 si
1774 2298 2107 2368 intelligen-

438 2392 585 2449 tiam
631 2394 908 2448 nostram
954 2390 1134 2461 longe
1184 2394 1426 2463 superet
1469 2405 1672 2446 rerum
1718 2387 2104 2459 magnitudo,

439 2497 640 2538 sermo
671 2484 875 2538 autem
900 2480 979 2539 ab
1004 2480 1138 2552 ipsa
1167 2478 1558 2550 intelligentia
1586 2484 1918 2551 superetur,
1951 2494 2104 2550 quo-

437 2572 627 2629 modo
654 2571 824 2628 silere
858 2586 1104 2628 necesse
1129 2586 1253 2627 non
1275 2569 1474 2637 fuerit,
1503 2586 1579 2627 ne
1604 2570 1756 2626 forte
1789 2569 2104 2639 theologia:

439 2662 704 2733 dignitas
730 2677 804 2717 ex
833 2661 1161 2717 verborum
1212 2661 1498 2717 tenuitate
1537 2659 1858 2733 periclitari
1902 2659 2104 2723 videa-

438 2753 581 2809 tur?
624 2751 724 2807 Dei
751 2750 998 2824 quidem
1032 2750 1222 2821 gloria
1265 2749 1567 2806 afﬁciendi
1612 2749 1834 2822 cupido
1860 2750 2106 2822 quibus-

436 2843 534 2901 vis
565 2842 800 2899 ratione
827 2841 1097 2914 praeditis
1134 2840 1312 2897 insita
1342 2844 1400 2896 et
1442 2845 1693 2896 natura:
1747 2840 1853 2896 sed
1883 2839 1966 2896 rei
1996 2855 2106 2911 pro

441 2932 735 3003 dignitate
764 2931 1093 2988 tractandae
1115 2931 1382 3002 impares
1410 2934 1641 2986 suntex
1666 2945 1842 3003 sequo
1865 2945 2103 2986 omnes.

2219 477 2427 550 Κύριον,
2479 478 2594 528 ὅσοι
2632 484 2720 528 νῦν
2751 475 3164 549 ἐπεστυγνάσατε
3215 476 3299 532 ἐπὶ
3345 486 3407 551 τῇ
3456 477 3815 556 ἀσχημοσύνῃ

2211 572 2309 617 τῶν
2376 567 2879 638 καταγνωσθέντων,
2964 565 3121 620 ἐκεῖνο
3189 563 3642 642 διαστελλόμεθαο
3700 572 3816 626 Έὰν

2211 657 2302 728 μὲν
2331 651 2484 714 ἴδητε
2537 663 2910 730 μετανοοῦντας
2962 655 3045 710 ἐπὶ
3096 664 3157 730 τῇ
3216 655 3405 732 ἀτοπίᾳ
3454 668 3553 712 τῶν
3609 681 3816 738 πεπρα-

2210 748 2428 818 γμένων,
2492 748 2877 819 συμπαθήσατε
2941 749 3006 807 ὡς
3066 746 3272 809 οἰκείοις
3343 749 3522 822 μέλεσι
3595 770 3816 812 νενοση-

2211 839 2380 887 κόσιν·
2438 836 2523 888 ἐὰν
2570 832 2628 888 δὲ
2685 833 3240 910 ἀπαυθαδιαξομένους
3285 843 3375 891 καὶ
3431 850 3817 917 καπαφρονοῦν-

2209 944 2296 986 τας
2324 934 2414 986 τῆς
2462 925 2706 1002 ὑμετέρας
2763 925 2837 979 ἐπ’
2887 927 3058 988 αὐτοῖς
3093 927 3278 996 λύπης,
3333 929 3581 993 Ἐξέλθετε
3611 933 3724 1005 (70)
3761 932 3817 986 ἐκ

2210 1018 2373 1088 μέσου
2431 1014 2621 1084 αὐτῶν,
2679 1019 2770 1068 καὶ
2828 1014 3166 1091 ἀφορίσθητε,
3229 1022 3320 1071 καὶ
3382 1017 3681 1095 ἀκαθάρτου
3739 1027 3812 1096 μὴ

2211 1104 2454 1156 ἅπτεσθε·
2490 1106 2573 1156 ἵνα
2624 1105 2780 1166 οὕτως
2823 1107 2872 1158 οἱ
2913 1108 3002 1179 μὲν
3051 1105 3372 1180 ἐντραπέντες
3425 1109 3491 1170 εἰς
3539 1109 3820 1182 ἐπίγνωσιν

2211 1191 2400 1247 ἔλθωσι
2422 1201 2512 1254 τῆς
2533 1193 2721 1254 οἰκείας
2741 1197 2948 1258 κακΐαςο
2974 1197 3114 1268 ὑμεῖς
3148 1193 3207 1249 δι
3235 1205 3326 1249 τοῦ
3349 1197 3508 1258 ζήλου
3539 1207 3627 1252 τοῦ
3659 1204 3823 1262 Φινεὲς

2211 1285 2300 1334 τόν
2349 1284 2540 1356 μισθὸν
2594 1280 2942 1354 ύποδέξησθε,
3001 1282 3096 1337 διὰ
3139 1294 3228 1347 τῆς
3287 1283 3677 1364 δικαιοκρισίας
3726 1296 3818 1342 τοῦ

2213 1379 2346 1426 Θεοῦ
2377 1377 2466 1426 καὶ
2505 1380 2739 1450 Σωτῆρος
2786 1376 2932 1448 ἡμῶν
2985 1371 3162 1435 Ἰησοῦ
3209 1384 3464 1450 Χριστοῦ,
3611 1381 3642 1438 ἡ
3691 1375 3824 1444 δόξα

2839 1678 3081 1728 OMIAIA
3139 1671 3235 1730 IE’.

2743 1765 2870 1836 Περὶ
2906 1767 3127 1824 πίστεως
3157 1765 3296 1837 (71).

2289 1856 2338 1907 1.
2374 1858 2507 1905 Θεοῦ
2537 1854 2838 1925 μεμνῆσθαι
2875 1856 2964 1928 μὲν
2997 1850 3264 1927 διηνεκῶς,
3300 1854 3500 1918 εὐσεϐὲς
3540 1861 3629 1911 καὶ
3664 1861 3817 1932 κόρον

2214 1939 2309 1993 οὐκ
2351 1943 2474 2013 ἔχον
2521 1949 2583 2014 τῇ
2641 1940 2857 2014 φιλοθέῳ
2913 1942 3090 2016 ψυχῇ·
3153 1943 3289 2016 λόγῳ
3348 1942 3408 1998 δὲ
3452 1942 3698 2010 διεξιέναι
3752 1951 3820 2002 τὰ

2213 2034 2332 2105 περὶ
2389 2037 2544 2099 Θεοῦ,
2589 2029 2868 2105 τολμηρόν·
2940 2040 3029 2093 τῆς
3085 2035 3175 2106 μεν
3234 2029 3466 2097 διανοίας
3521 2035 3690 2108 πολλῷ
3744 2046 3818 2109 τῷ

2214 2125 2381 2195 μέτρῳ
2447 2127 2538 2180 τῆς
2611 2119 2760 2183 ἀξίας
2821 2130 2922 2173 τῶν
2987 2124 3306 2196 παργμάτων
3373 2123 3772 2188 ἀποπιπτούσης
3798 2169 3813 2196 ,

2213 2209 2365 2263 πάλιν
2415 2206 2473 2263 δὲ
2518 2217 2612 2263 τοῦ
2667 2209 2822 2282 λόγου
2874 2208 3122 2287 ἀμυδρῶς
3183 2222 3538 2288 παριστῶντος
3587 2218 3655 2269 τὰ
3703 2236 3821 2275 νοη-

2217 2301 2383 2354 θέντα.
2435 2300 2498 2352 Εἰ
2549 2300 2638 2352 οὖν
2679 2301 2709 2359 ἠ
2771 2303 2860 2374 μεν
2908 2298 3117 2354 διάνοια
3168 2304 3316 2376 ἡμῶν
3372 2308 3517 2382 παρά
3569 2305 3698 2360 πολὺ
3728 2314 3820 2360 τοῦ

2213 2391 2459 2462 μεγέθους,
2509 2398 2611 2442 τῶν
2669 2392 2991 2464 πραγμάτων
3042 2390 3473 2465 ἀπολιμπάνεται,
3519 2397 3546 2448 ὁ
3587 2393 3647 2449 δὲ
3674 2395 3822 2469 λόγος

2213 2479 2434 2532 ἐλάττων
2479 2478 2594 2533 ἐστὶ
2642 2484 2731 2533 καὶ
2782 2481 2943 2542 αὐτῆς
2977 2490 3068 2543 τῆς
3119 2479 3352 2545 διανοίας
3378 2486 3532 2556 (71⁵)·
3571 2495 3678 2548 πῶς
3728 2486 3822 2539 οὐκ

2215 2567 2476 2642 ἀναγκαία
2537 2571 2568 2628 ἡ
2637 2574 2809 2629 σιωπὴ
2837 2612 2851 2638 ,
2921 2574 3122 2643 μήποτε
3189 2571 3238 2624 ἐν
3295 2581 3358 2646 τῇ
3418 2583 3518 2626 τῶν
3568 2575 3820 2650 ῥημάτων

2215 2659 2440 2731 εὐτελείᾳ
2488 2655 2616 2732 δόξῃ
2663 2656 2981 2712 κινδυνεύειν
3023 2669 3115 2720 τῆς
3177 2661 3438 2732 θεολογίας
3483 2667 3543 2715 τό
3604 2667 3816 2738 θαῦμα;

2211 2748 2270 2802 Ἦ
2302 2751 2392 2822 μὲν
2437 2749 2525 2800 οὖν
2569 2756 2661 2800 τοῦ
2706 2745 2949 2812 δοξάζειν
2979 2753 3066 2802 τὸν
3116 2753 3243 2804 Θεὸν
3274 2749 3528 2824 ἕπιθυμία
3550 2760 3687 2806 πᾶσι
3713 2763 3819 2817 τοῖς

2212 2837 2438 2910 λογικοῖς
2468 2839 2578 2910 (72)
2645 2840 2782 2891 κατά
2835 2841 2990 2912 φύσιν
3048 2837 3380 2914 ἇνέσπαρται·
3436 2849 3529 2894 τοῦ
3589 2839 3649 2896 δὲ
3690 2847 3819 2919 πρός

2215 2924 2364 2990 ἀξιαν
2414 2926 2572 2979 εἰπεῖν
2623 2928 2804 2988 πάντες
2855 2929 3043 3000 ὁμοίως
3101 2926 3562 3002 ἀπολιμπάνονται.
3621 2937 3696 3003 Τῇ
3758 2928 3819 2985 δὲ

444 3025 809 3096 Quanquam
837 3025 1038 3077 autem
1059 3020 1295 3092 pietatis
1319 3019 1516 3076 studio
1548 3019 1698 3076 alter
1723 3019 1891 3076 alteri
1922 3036 2106 3092 praes-

2218 3021 2333 3093 περὶ
2378 3020 2473 3075 τὴν
2530 3016 2791 3070 εὐσέϐειαν
2838 3020 3109 3092 προθυμία
3162 3019 3326 3092 ἔτερος
3382 3019 3551 3094 ἐτέρου
3594 3016 3821 3080 διενηνό-

440 3120 673 3170 tamus:
697 3127 877 3169 nemo
907 3114 1110 3167 tamen
1131 3110 1216 3166 ita
1245 3110 1498 3176 ceecutit,
1528 3126 1714 3181 seque
1741 3110 1823 3167 ita
1852 3109 2104 3176 seducit,

451 3205 496 3275 ι
509 3203 561 3274 3
577 3204 620 3273 ι
644 3205 710 3258 ut
725 3201 804 3258 ad
821 3216 1130 3257 summum
1151 3199 1710 3272 comprehensionis
1733 3200 1963 3273 apicem
1977 3216 2130 3273 per-O

443 3292 686 3349 venisse
714 3307 780 3346 se
811 3291 1134 3358 existimet;
1167 3291 1290 3346 imo
1321 3294 1551 3362 quanto
1581 3289 1778 3361 magis
1810 3290 2111 3347 videbitur

447 3381 791 3452 cognitione
807 3397 877 3437 ac
895 3380 1146 3437 scientia
1157 3379 1643 3452 proiicere,tar.to
1661 3380 1923 3452 amplius
1937 3397 2109 3437 suam

449 3471 924 3530 imbecillitatem
970 3471 1202 3527 sentiet.
1249 3469 1403 3526 Talis
1449 3475 1578 3526 erat
1607 3470 1936 3539 Abraham,
1980 3470 2111 3528 talis

452 3566 578 3619 erat
598 3564 861 3633 Moyses:
884 3560 1108 3633 quibus
1130 3577 1270 3616 cum
1292 3559 1457 3616 licuit
1479 3563 1664 3616 Deum
1686 3561 1910 3631 videre,
1926 3577 2115 3633 quan-

451 3656 585 3710 tum
615 3651 818 3708 videre
847 3650 1082 3707 homini
1127 3649 1218 3706 fas
1249 3654 1357 3720 est,
1399 3654 1540 3706 tunc
1570 3650 1834 3706 maxime
1864 3656 2115 3724 uterque

453 3741 746 3800 humilem
779 3757 844 3798 se
875 3739 1166 3814 praestitit.
1210 3739 1522 3796 Abraham
1558 3739 1806 3812 quidem
1844 3742 2120 3798 nominat

457 3836 647 3890 semet
685 3835 903 3888 terram
943 3847 1013 3886 ac
1053 3830 1316 3884 cinerem
1340 3830 1417 3884 πε
1451 3831 1682 3901 Moyses
1707 3845 1851 3886 vero
1882 3846 1946 3884 se
1976 3828 2119 3885 dicit

456 3921 767 3978 hominem
809 3935 958 3976 voce
999 3918 1206 3990 gracili
1235 3922 1292 3974 et
1320 3917 1531 3988 lingua
1559 3917 1735 3974 tarda
1753 3919 1822 3970 εδ.
1869 3917 2121 3974 Videbat

459 4010 623 4068 enim
651 4025 789 4065 eam
818 4023 948 4064 esse
972 4007 1196 4079 linguae
1227 4007 1622 4077 debilitatem,
1647 4023 1784 4080 quae
1810 4023 2007 4063 rerum
2032 4007 2120 4062 in-

458 4099 834 4157 tellectarum
866 4097 1270 4168 magnitudini
1297 4097 1652 4154 enarrandas
1681 4097 1968 4153 inservire
1992 4112 2118 4154 non

460 4193 692 4264 posset.
729 4188 845 4244 Sed
873 4189 1017 4261 quia
1048 4189 1213 4245 auris
1242 4189 1442 4245 omnis
1480 4203 1644 4244 nunc
1672 4191 1882 4259 aperta
1910 4195 1999 4244 est
2040 4186 2119 4245 ad

463 4278 832 4350 theologiam
853 4279 1244 4348 audiendam,
1272 4295 1384 4334 nec
1407 4277 1670 4334 Ecclesia
1692 4277 1942 4334 satiatur
1963 4278 2013 4350 ej
2025 4295 2118 4334 us-

462 4368 634 4428 modi
649 4367 1463 4440 auditionibus,conﬁrmans
1483 4367 1649 4440 quod
1672 4367 1751 4424 ab
1768 4367 2118 4426 Ecclesiaste

462 4459 692 4518 dictum
712 4463 830 4516 est:
853 4459 991 4517 Non
1011 4459 1362 4530 imptebitur
1379 4459 1548 4517 auris
1580 4458 1797 4516 auditu
1821 4460 1887 4530 ⁵⁷,
1921 4459 2118 4518 dicere

533 4613 584 4651 ⁸³
618 4612 731 4671 Isa.
759 4630 854 4683 LII,
890 4618 950 4670 11
980 4631 994 4682 ;
1037 4615 1168 4671 Cor.
1193 4629 1275 4682 v1,
1308 4617 1396 4671 l7.
1472 4613 1520 4648 ⁵⁸
1550 4615 1724 4669 Num.
1757 4629 1895 4684 xxv,
1931 4618 2021 4671 11.

532 4742 646 4815 (70)
678 4741 844 4815 Colb.
878 4740 1083 4797 tertius
1128 4746 1222 4801 τῆς
1266 4741 1614 4815 ᾑμετέρας....
1647 4741 1926 4808 αἴσθησθε,
1973 4739 2113 4804 ἐξέλ-

463 4812 608 4871 θατε.
629 4812 759 4870 Ἀιὶἱ
789 4814 913 4870 duo
943 4829 1092 4868 mss.
1126 4818 1181 4868 et
1212 4812 1354 4867 editi
1385 4812 1449 4868 ut
1474 4812 1534 4867 in
1566 4818 1867 4870 contextu.

532 4892 643 4958 (7i)
676 4887 824 4943 Vide
854 4884 1010 4958 infra
1041 4884 1593 4958 interpretationem
1627 4882 2029 4958 Ruﬁni._Enir.

528 4953 670 5030 (ἹΓ)
696 4958 846 5014 Illud
890 4959 916 5009 ὁ
967 4954 1025 5030 δὲ
1061 4953 1220 5030 λόγος,
1251 4953 1470 5030 ἐλάττων
1524 4953 1634 5008 ἐστὶ
1675 4959 1764 5030 καί
1806 4956 1971 5019 αὐτῆς
2023 4965 2119 5019 τῆς

459 5027 717 5110 διανοίας,
750 5031 855 5100 sic,
886 5028 1064 5110 velim
1097 5027 1400 5110 accipias:
1446 5031 1679 5110 'Rursus
1719 5029 1768 5110 si
1808 5044 2004 5110 sermo
2043 5046 2118 5085 ne

457 5103 792 5176 exprimere
813 5101 1061 5174 quidem
1078 5100 1422 5173 possitquae
1442 5101 1789 5172 imperfecte
1815 5100 2119 5159 intellectu

456 5175 764 5234 consecuti
794 5189 1027 5229 sumus.

529 5250 644 5318 (72)
691 5245 881 5301 Editio
928 5244 1110 5300 Paris.
1136 5248 1210 5318 et
1257 5242 1422 5301 Colb.
1468 5243 1702 5317 primus
1748 5242 1981 5318 λογικοῖς
2026 5247 2115 5299 καὶ

455 5317 682 5392 ἀλόγοις,
715 5320 950 5392 ratione
974 5317 1266 5392 primitiis,
1299 5322 1355 5372 et
1374 5317 1998 5392 Δ(ξιιιιειηκιίῑιξιξεηιίίριιε.
2046 5322 2118 5374 At

450 5387 623 5459 illud,
655 5394 745 5442 καὶ
776 5388 1000 5461 ἀλόγοις,
1035 5389 1205 5445 deest
1228 5390 1290 5444 in
1321 5387 1580 5462 editione
1607 5388 1780 5462 Basil.
1806 5389 1941 5446 etin
1962 5405 2114 5462 qua-

451 5467 590 5524 tuor
616 5461 783 5518 libris
813 5459 1146 5533 veteribus:
1173 5459 1341 5533 quod
1367 5459 1585 5516 melius
1613 5459 1808 5516 visum
1834 5467 1941 5516 est.

523 5535 660 5605 (η’)
684 5532 1151 5606 Utraqueeditio
1167 5531 1487 5606 τετύφλωται
1516 5536 1629 5602 καί,
1657 5535 1795 5601 etc.,
1816 5534 2115 5606 itarcaecu.

449 5608 545 5668 tit.
577 5604 782 5667 Cedex
808 5604 982 5664 Coisl.
1015 5608 1072 5661 et
1101 5604 1201 5662 alii
1231 5604 1347 5662 tres
1373 5607 1681 5677 τετύφωται,
1712 5609 1848 5673 etc.,
1897 5605 1985 5663 ita
2014 5620 2114 5662 su-

2107 4614 2154 4651 ⁵⁵
2187 4617 2329 4673 Gen.
2361 4632 2518 4689 xvui,
2545 4620 2634 4674 27.

2215 3126 2408 3180 χαμεν·
2456 3103 2626 3168 οὐδεὶς
2666 3103 2726 3159 δὲ
2773 3110 2933 3168 οὕτως
2983 3106 3321 3180 τετυφλωται,
3378 3115 3468 3161 καὶ
3508 3111 3644 3182 (72")
3697 3131 3821 3187 φρε-

2215 3201 2423 3267 ναπατᾷ
2453 3195 2656 3265 ἑαυτόν,
2702 3197 2837 3249 ὥστε
2883 3199 3086 3250 οἴεσθαι
3139 3196 3221 3250 ἐπὶ
3269 3201 3328 3250 τό
3379 3197 3662 3274 ἀκρότατον
3703 3199 3823 3254 ἀνα-

2219 3285 2492 3344 ϐεϐηκέναι
2540 3296 2632 3349 τῆς
2702 3286 3060 3358 καταλήψεως·
3125 3286 3232 3341 ἀλλ’
3300 3293 3502 3364 ὅσῳπερ
3568 3289 3629 3342 ἂν
3693 3288 3820 3365 δόξῃ

2217 3380 2527 3453 προκόπτειν
2577 3375 2662 3430 ἐπὶ
2709 3381 2802 3436 τὴν
2847 3387 3064 3449 γνῶσιν,
3122 3381 3354 3451 τοσούτῳ
3396 3379 3544 3433 πλέον
3574 3384 3690 3452 ('73)
3730 3381 3824 3434 ού·-

2218 3475 2308 3520 τοῦ
2338 3475 2429 3528 τῆς
2484 3465 2748 3528 ἀσθενείας
2792 3467 3129 3525 αἰσθήσεται.
3162 3475 3404 3530 Τοιοῦτος
3455 3467 3517 3529 ἦν
3564 3469 3825 3546 Ἀϐραὰμ,

2221 3565 2452 3620 τοιοῦτος
2509 3554 2571 3616 ἧν
2626 3565 2875 3619 Μωῦσῆςο
2938 3560 3022 3612 ὅτε
3085 3555 3214 3612 ἰδεῖν
3267 3563 3396 3614 Θεὸν
3453 3557 3822 3630 ἠδυνήθησαν,

2225 3651 2288 3709 ὡς
2321 3645 2449 3702 ἰδεῖν
2487 3644 2708 3700 δυνατόν
2747 3646 3021 3723 ἀνθρώπῳ,
3053 3652 3168 3700 τότε
3210 3648 3444 3702 πάλιστα
3473 3649 3652 3704 ἑαυτὸν
3699 3652 3825 3706 ἐκά-

2223 3758 2362 3814 τερος
2419 3737 2757 3800 ἐξηυτέλιζεν·
2818 3739 2844 3788 ὁ
2891 3739 2983 3810 μεν
3037 3736 3277 3812 Ἀϐραὰμ
3331 3747 3429 3811 γῆν
3478 3745 3568 3794 καὶ
3627 3740 3825 3796 σποδόν

2223 3829 2362 3900 (73‘)
2425 3827 2604 3880 ἑαυτὸν
2657 3827 2945 3900 ὀνομάζων,
3015 3828 3041 3879 ὁ
3105 3825 3164 3881 δι
3216 3836 3444 3891 Μωῦσῆς
3503 3830 3825 3905 ἰσχνόφωνον

2225 3918 2384 3990 λέγων
2437 3922 2526 3970 καὶ
2585 3913 3029 3991 βραδύγλωσσον.
3079 3917 3244 3991 Ἐώρα
3288 3921 3390 3994 γὰρ
3438 3930 3534 3984 τῆς
3579 3921 3828 3994 γλώσσης

2227 4008 2386 4062 αὐτοῦ
2434 4010 2492 4060 τό
2535 4005 2760 4074 ἀσθενὲς,
2801 4007 3072 4082 ὑπηρετεῖν
3117 4016 3188 4078 τῷ
3238 4011 3438 4082 μεγέθει
3486 4019 3582 4063 τῶν
3624 4016 3828 4073 νοηθέν-

2225 4118 2323 4153 των
2381 4101 2451 4172 μή
2509 4095 2819 4171 δυναμένης.
2882 4098 3022 4158 Πλὴν
3077 4097 3182 4151 ἀλλ’
3243 4097 3425 4160 ἐπειδὴ
3482 4107 3633 4155 πᾶσα
3695 4103 3824 4164 ἀκοὴ

2228 4194 2468 4249 ἤνοικται
2527 4196 2614 4241 νῦν
2683 4192 2810 4264 πρὸς
2879 4189 3148 4262 θεολογίας
3200 4189 3475 4267 ἀκρόασιν,
3543 4198 3633 4248 καὶ
3680 4199 3830 4269 κόρος

2228 4279 2322 4332 ούκ
2379 4282 2492 4332 ἔστι
2542 4287 2605 4352 τῇ
2662 4278 2948 4352 Ἐκκλησία
2999 4288 3101 4332 τῶν
3156 4283 3403 4334 τοιούτων
3462 4280 3826 4357 ἀκροαμάτων,

2230 4369 2519 4445 βεϐαιούσῃ
2553 4372 2640 4423 τόν
2671 4377 2764 4424 τοῦ
2797 4367 3212 4429 Ἐκκλησιαστοῦ
3259 4371 3429 4446 λόγον,
3463 4375 3542 4427 ὅτι
3571 4373 3646 4427 Οὐ
3689 4374 3829 4436 πλη-

2226 4463 2522 4537 ρωθὴσεται
2596 4458 2682 4524 οὖς
2770 4460 2872 4516 ἀπὸ
2948 4460 3286 4540 ἀκροάσεως,
3361 4462 3642 4538 ἀναγκαῖον
3715 4465 3770 4520 λέ
3797 4496 3829 4509 -

2713 4617 2760 4654 ’⁵⁸
2793 4615 2980 4674 Exod.
3013 4632 3093 4680 1v,
3129 4620 3214 4674 10.
3293 4617 3337 4654 ⁸⁷
3368 4615 3563 4678 Eccle.
3591 4634 3630 4686 ι,
3665 4619 3717 4674 8.

2215 4743 2603 4824 ρϐνθίίηΒθς.
2633 4742 2937 4824 secundus
2979 4741 3294 4824 τετύφλωται
3324 4745 3470 4824 έόστε
3501 4748 3826 4824 φρωαπατᾷν

2228 4815 2410 4868 ἑαυτὸν
2437 4819 2526 4888 ᾡς,
2553 4815 2609 4870 et
2636 4817 2986 4888 ilaquoque
3005 4815 3220 4888 legitur
3239 4815 3299 4871 in
3323 4815 3692 4888 Reg.primo,
3720 4817 3829 4872 sed

2229 4887 2508 4943 secundis
2534 4888 2690 4943 curis
2716 4886 3028 4960 duntaxat.
3056 4886 3496 4960 Colb.77primus_
3510 4888 3829 4960 τετύφλωται

2227 4960 2362 5032 ὥστε
2406 4966 2731 5032 φρεναπατᾷν
2776 4958 2977 5032 ἑαυτὸν,
3011 4959 3164 5032 ὥστε.
3222 4958 3472 5016 Difﬁcile
3511 4958 3675 5016 dictu
3717 4966 3804 5018 est

2227 5004 2608 5103 scripsréritne
2664 5012 2916 5087 Basilius
2964 5004 3307 5104 ττετύφλωταί,
3365 5004 3472 5088 θην

2227 5103 2337 5158 sed
2382 5103 2512 5158 sine
2543 5102 2812 5158 periculo
2858 5103 3385 5158 indiscriminatim
3427 5104 3544 5158 hoc
3587 5109 3693 5158 aut
3727 5104 3827 5158 illo

2227 5103 2337 5158 sed
2382 5103 2512 5158 sine
2543 5103 2812 5176 periculo
2858 5103 3385 5161 indiscriminatim
3427 5104 3544 5162 hoc
3587 5103 3693 5162 aut
3727 5104 3829 5162 illo

2224 5174 2794 5257 moﬁelssirotest-
3036 5249 3046 5257 .
3402 5249 3439 5257 _.
3473 5248 3526 5257 ..
3666 5249 3698 5257 -
3742 5245 3780 5257 ..

2297 5248 2410 5322 (73)
2441 5245 2605 5322 C015.
2638 5247 2872 5320 primus
2893 5249 3128 5322 τοσούτῳ
3157 5249 3365 5322 μᾶλλον.
3400 5248 3633 5306 Ibidem
3659 5245 3825 5305 Colb.

2224 5319 2429 5375 tertius
2463 5319 2667 5376 ἑαυτοῦ.

2296 5391 2432 5458 (73“)
2461 5392 2739 5464 Editio/iv
2778 5391 2958 5446 ἑαυτὸν
2987 5397 3077 5446 καὶ
3112 5387 3328 5450 σποδόν.
3362 5394 3437 5448 At
3478 5407 3628 5464 mss.
3652 5393 3719 5449 ut
3763 5389 3828 5450 in

2223 5467 2530 5548 contentu,
2567 5463 2691 5547 alio
2721 5465 2952 5522 ordine.
2985 5465 3303 5540 Aliquanto
3332 5469 3471 5540 post
3509 5463 3673 5522 Colb.
3707 5464 3830 5538 pri-

2221 5550 2361 5592 mus
2394 5540 2522 5595 ἀκοὴ
2557 5540 2825 5610 ἀνέῳκται.
