4098 6384
235 360 342 418 465

235 503 346 557 γειν
377 481 490 555 (74)
521 479 588 542 εἰς
637 476 880 553 δύναμιν.
912 478 1156 554 Ἐροῦμεν
1205 475 1282 549 δὲ,
1319 480 1424 555 οὐχ
1469 482 1591 541 ὅσος
1639 483 1779 532 ἐστὶν
1811 480 1836 531 ό
1866 479 1913 533 Α

239 575 386 640 Θεὸς,
415 569 535 624 ἀλλ’
567 572 687 623 ὅσον
735 572 861 642 ἡμῖν
904 569 1127 642 ἐφικτόν.
1178 567 1318 625 Ούδε
1367 574 1488 646 φὰρ,
1522 566 1705 629 ἐπειδὴ
1751 573 1838 622 τὸν

239 662 430 737 μεταξὺ
487 659 706 734 ούρανοῦ
753 664 842 712 καὶ
893 668 990 732 γῆς
1041 664 1196 712 τόπον
1246 657 1498 720 διαϐῆναι
1552 660 1664 713 ὅλον
1730 666 1840 720 τοῖς

240 752 524 826 ὀφθαλμοῖς
589 747 965 822 ἀδυνατοῦμεν,
1027 746 1134 810 ἤδη
1221 755 1310 804 καὶ
1385 754 1504 804 ὅσον
1572 747 1843 824 δυνάμεθα

239 843 465 918 καθορᾷν
521 841 949 914 παραιτούμεθα·
1010 837 1145 891 οὓτω
1195 843 1284 893 καὶ
1340 846 1428 892 νῦν
1483 836 1576 893 διὰ
1640 847 1841 915 μικρῶν

235 932 484 1008 ῥημάτων
571 932 664 988 τὴν
739 926 1000 981 εὐσέϐειαν
1069 927 1570 1004 ἀποπληρώσωμεν,
1635 937 1709 1001 τῷ
1781 925 1842 981 δε

239 1020 493 1094 μεγαλείῳ
560 1027 652 1080 τῆς
715 1020 912 1091 φύσεως
989 1024 1425 1094 συγχωρήσωμεν
1493 1021 1631 1092 ἔχειν
1705 1019 1841 1071 κατὰ

237 1112 428 1170 παντὸς
455 1110 610 1181 λόγου
653 1110 720 1161 τὰ
764 1112 1066 1184 νικητήρια.
1103 1106 1244 1162 Οὐδὲ
1286 1111 1388 1182 γὰρ
1443 1111 1496 1162 αἱ
1539 1117 1638 1161 τῶν
1693 1106 1842 1180 ἀγγέ-

241 1199 341 1252 λων
391 1198 628 1270 γλῶσσαι
670 1199 807 1270 (75),
853 1199 1040 1258 αἵτινές
1087 1200 1212 1250 ποτέ
1263 1198 1412 1265 εἰσιν,
1465 1194 1588 1250 οὐδὲ
1636 1200 1690 1250 αἱ
1740 1205 1840 1250 τῶν

240 1286 602 1362 ἀρχαγγέλων,
649 1289 780 1360 μετὰ
830 1289 1011 1349 πάσης
1054 1289 1185 1361 ὁμοῦ
1237 1297 1332 1351 τῆς
1384 1287 1596 1360 λογικῆς
1644 1289 1842 1360 φύσεως

242 1379 596 1450 συναχθεῖσαι
656 1377 945 1430 πολλοστοῦ
1009 1381 1193 1454 μέρους
1249 1377 1516 1451 ἓφικέσται
1577 1375 1840 1436 δυνήσον-

235 1487 348 1533 ται,
399 1471 471 1540 μή
522 1469 602 1520 ὅτι
648 1474 719 1538 τῷ
771 1471 926 1520 παντὶ
982 1467 1171 1530 ἑαυτὰς
1224 1467 1496 1531 ἐξισῶσαι.
1554 1472 1619 1520 Σὺ
1670 1465 1747 1536 δὲ,
1799 1467 1842 1520 εἰ

237 1555 418 1630 βούλει
463 1561 581 1630 περὶ
627 1563 760 1610 Θεοῦ
801 1556 965 1630 λέγειν
1010 1577 1059 1610 τι
1108 1559 1137 1616 ἣ
1188 1556 1412 1626 ἀκούειν,
1445 1560 1567 1630 ἄφες
1595 1561 1654 1610 τὸ
1688 1565 1843 1631 σῶμα

238 1653 482 1714 σεαυτοῦ,
533 1648 659 1719 ἄφες
708 1649 802 1710 τὰς
874 1649 1173 1720 σωματικὰς
1230 1647 1522 1716 αἱσθὴσεις,
1564 1647 1841 1701 κατάλειπε

233 1740 330 1796 τὴν
373 1744 492 1808 γῆν,
539 1735 814 1789 κατάλειπε
863 1736 971 1809 (76)
996 1742 1090 1796 τὴν
1141 1738 1430 1806 θάλασσαν,
1486 1739 1628 1791 κάτω
1680 1757 1838 1792 σεαυ-

234 1826 326 1880 τού
388 1829 610 1883 ποίησον
673 1829 761 1878 τὸν
811 1824 956 1903 ἀέρα,
1027 1823 1345 1902 παράδραμε
1429 1830 1581 1904 ὥρας,
1645 1836 1911 1904 καιρῶνΒ

235 1915 512 1982 εὐταξίας,
566 1916 656 1977 τὰς
720 1920 840 1990 περὶ
915 1925 1015 1989 γῆν
1091 1913 1508 1990 διακοσμήσεις·
1568 1918 1694 1990 ὑπὲρ
1752 1920 1838 1970 τὸν

235 2006 420 2082 αἰθέρα
448 2012 633 2078 γενοῦ·
669 2001 890 2065 διάϐηθι
933 2009 1052 2068 τοὺς
1101 2005 1343 2082 ἀστέρας,
1376 2009 1443 2060 τὰ
1484 2011 1602 2083 περὶ
1651 2007 1840 2071 αύτούς
1891 2014 1899 2022 ⁸

236 2098 517 2169 θαύματα,
579 2099 676 2155 τὴν
747 2096 1030 2170 εὐκοσμίαν
1085 2097 1290 2166 αὐτῶν,
1349 2100 1415 2150 τὰ
1470 2099 1697 2171 μεγέθη,
1753 2100 1842 2158 τὰς

234 2191 419 2261 χρείας
449 2187 579 2250 ὅσας
626 2191 952 2261 παρέχονται
995 2195 1068 2259 τῷ
1106 2192 1281 2256 παντὶ,
1314 2193 1406 2247 τὴν
1439 2187 1714 2259 εὐταξίαν,
1748 2192 1842 2248 τὴν

234 2276 610 2352 λαμπρότητα,
667 2281 762 2336 τὴν
837 2279 1012 2346 θέσιν,
1069 2281 1163 2337 τὴν
1219 2281 1464 2336 κίνησινο
1525 2279 1659 2340 ὅπως
1715 2281 1844 2354 πρὸς

235 2365 486 2428 ἀλλήλους
531 2368 824 2440 σχέσεωςῆ
875 2366 1214 2431 ἀποστάσεως
1263 2371 1474 2441 ἔχουσι.
1509 2371 1687 2422 Ηάντα
1731 2366 1846 2422 δια-

236 2456 329 2520 ϐὰς
370 2464 442 2529 τῷ
493 2456 652 2530 λόγῳ,
700 2461 788 2510 τὸν
837 2457 1054 2533 ούρανὸν
1101 2458 1423 2534 ὑπερκύψας,
1473 2463 1562 2512 καὶ
1611 2460 1846 2535 ὑπεράνω

233 2549 426 2616 ⁴τούτου
477 2550 760 2620 γενόμενος,
816 2548 944 2621 μόνῃ
1007 2543 1215 2621 διανοίᾳ
1271 2547 1578 2623 περίϐλεψαι
1624 2550 1692 2600 τὰ
1744 2547 1848 2601 ἐκεῖ

234 2637 419 2706 κάλλη,
468 2640 716 2712 στρατιὰς
763 2637 1118 2712 ἐπουρανίους,
1173 2644 1540 2712 χοροστασίαις
1591 2638 1844 2712 ἀγγέλων,

233 2730 322 2789 τὰς
364 2736 464 2781 τῶν
508 2726 849 2802 ἁρχαγγέλων
894 2727 1220 2798 ἐπιστασίας,
1260 2731 1354 2791 τὰς
1404 2725 1558 2792 δόξας
1599 2737 1700 2781 τῶν
1744 2749 1844 2781 κυ-

233 2823 510 2894 ριοτήτων,
561 2821 650 2880 τὰς
691 2815 974 2894 προεδρίας
1015 2827 1114 2872 τῶν
1169 2821 1383 2896 θρόνων,
1433 2822 1523 2881 τὰς
1571 2816 1841 2892 δυνάμεις,

233 2908 332 2969 τὰς
389 2907 576 2981 ἀρχὰς,
629 2909 726 2971 τὰς
772 2907 1030 2971 ἐξουσίας.
1075 2905 1390 2984 Διαδραμών
1433 2910 1498 2960 τὰ
1541 2911 1838 2981 σύμπαντα,

238 3000 331 3049 καὶ
361 2997 486 3073 ὑπὲρ
515 3003 686 3052 πᾶσαν
716 3001 810 3057 τὴν
858 3003 1030 3052 κτίσιν
1081 2997 1363 3060 ἁνανεύσας
1406 3005 1514 3061 τοῖς
1545 2997 1837 3071 λογισμοῖς,
1879 3027 1884 3031 -

233 3090 326 3139 καὶ
373 3085 604 3140 ἐπέκεινα
648 3093 762 3156 (77)
794 3090 986 3142 τούτων
1034 3091 1122 3142 τὸν
1168 3097 1286 3141 νοῦν
1336 3087 1639 3160 ἂνυψώσας,
1674 3087 1842 3147 ἐννόη-

235 3195 325 3230 σον
366 3181 462 3236 τήν
509 3179 649 3231 θείαν
697 3180 854 3251 φύσιν
879 3199 893 3213 ο
946 3177 1203 3246 ἑστῶσαν,
1238 3180 1513 3255 ἄτρεπτον,
1567 3177 1840 3231 ἐιναλλοίω-
1871 3212 1910 3268 C

230 3285 352 3337 τον,
431 3266 640 3336 ἀπαθῆ,
697 3268 897 3337 ἁπλῆν,
969 3267 1280 3340 ἀσύνθετον,
1354 3266 1682 3343 ἀδιαίρετον,
1740 3266 1841 3342 φῶς

230 3355 518 3431 ἀπρόσιτον
568 3359 700 3428 (78),
752 3354 975 3430 δύναμιν
1027 3361 1241 3431 ἄφατον,
1293 3361 1504 3432 μέγεθος
1569 3358 1839 3434 ἀπεριόρι-

231 3466 391 3514 στον,
453 3444 612 3510 δόξαν
665 3447 1236 3522 ύπεραστράπτουσαν,
1300 3447 1605 3520 ἀγαθότητα
1662 3449 1839 3500 ἐπιθυ-

227 3540 426 3611 μητὴν,
480 3534 661 3596 κάλλος
712 3533 1010 3608 ἀμήχανον,
1065 3535 1305 3612 σφοδρῶς
1361 3541 1452 3610 μὲν
1499 3547 1596 3598 τῆς
1641 3556 1837 3612 τετρω-

229 3631 386 3701 μένης
411 3624 600 3698 ψυχῆς
645 3626 1057 3699 καθαπτόμενον,
1089 3627 1226 3701 λόγῳ
1257 3623 1316 3680 δὲ
1339 3623 1838 3702 ’,δηλωθῆναιηηπρὸς

231 3714 383 3780 ἀξίαν
413 3711 689 3770 ἀδύνατον,

297 3988 351 4041 2.
394 3983 534 4038 Ἐκεῖ
585 3988 766 4061 Πατὴρ
828 3987 918 4038 καὶ
983 3985 1106 4046 Υἱὸς
1156 3987 1247 4037 καὶ
1303 3983 1452 4057 ἅγιον
1510 3989 1740 4057 Πνεῦμα,
1800 3984 1830 4042 ἡ

221 4075 469 4136 ἄκτιστος
520 4077 695 4148 φύσις,
753 4077 812 4128 τὸ
882 4070 1196 4127 δεσποτικὸν
1256 4071 1482 4148 ἀξίωμα,
1541 4075 1571 4132 ἡ
1634 4077 1830 4147 φυσικὴ

219 4163 500 4237 ἀγαθὸτης.
556 4169 774 4242 Πατήρ*
833 4165 864 4224 ἡ
939 4166 1141 4218 πάντων
1216 4162 1384 4238 ἁρχὴ,
1441 4165 1471 4222 ἡ
1536 4162 1682 4216 αἰτία
1741 4170 1832 4216 τοῦ

217 4253 348 4309 εἶναι
398 4262 509 4317 τοῖς
560 4251 729 4324 οὖσιν,
763 4256 793 4314 ἡ
839 4255 968 4330 ῥίζα
1015 4262 1117 4307 τῶν
1153 4255 1380 4316 ζώντων.
1412 4253 1566 4307 Ὅθεν
1605 4253 1834 4329 προῆλθε

220 4346 250 4405 ἡ
298 4349 444 4417 πηγὴ
496 4352 588 4407 τῆς
643 4346 802 4415 ζωῆς,
857 4347 887 4404 ἡ
941 4349 1119 4416 σοφία,
1153 4345 1184 4402 ἡ
1239 4341 1481 4418 δύναμις,
1531 4346 1561 4402 ἡ
1611 4343 1758 4397 εἰκὼν
1797 4345 1828 4402 ἡ

223 4433 616 4511 ἀπαράλλακτος
666 4442 760 4488 τοῦ
819 4433 1044 4508 ἀοράτου
1099 4440 1254 4500 Θεοῦ,
1301 4436 1326 4485 ὁ
1377 4433 1433 4486 ἐκ
1483 4441 1576 4487 τοῦ
1625 4436 1833 4508 Πατρός

225 4526 481 4598 γεννηθεὶς
533 4526 721 4596 Υἱὸς,ὁ
771 4525 873 4585 ζῶν
927 4527 1107 4597 Δόγος,
1166 4524 1192 4575 ό
1252 4526 1377 4585 Θεὸς
1421 4524 1509 4591 ὢν,
1559 4527 1649 4576 καὶ
1700 4526 1829 4599 πρὸς

228 4617 318 4668 τὸν
377 4617 505 4670 Θεὸν
555 4619 622 4667 ὥν
653 4635 665 4649 ο
725 4613 856 4687 οὐχὶ
911 4616 1317 4688 προσγενόμενος
1381 4613 1524 4685 (79)°
1575 4615 1830 4689 ὑπάρχων

228 4708 330 4780 πρὸ
376 4714 475 4759 τῶν
528 4705 747 4776 αἰώνων,
806 4704 935 4778 ούχὶ
989 4706 1334 4781 προσκτηθεὶς
1390 4703 1644 4780 ὕστερον·
1685 4708 1830 4773 Υἱός,

743 4798 1002 4865 ποιητὴς,
1081 4794 1212 4869 ούχὶ
1284 4799 1527 4869 ποίημα·
1594 4798 1838 4863 κτίστης,

1862 4589 1904 4644 D

230 4794 362 4870 οὐχὶ
442 4804 623 4870 κτῆμα
644 4817 658 4830 ο

308 4991 358 5028 ⁸⁸
388 4993 409 5047 1
437 4990 588 5048 Tim.
615 5008 699 5066 v1,
737 4995 829 5052 i6.
914 4992 962 5029 ‘9
994 4990 1234 5050 Coloss.
1265 5007 1305 5062 ι,
1340 4995 1425 5048 l5.

910 5157 950 5182 θ

309 5197 424 5273 (74)
465 5200 696 5273 Veteres
747 5199 977 5273 aliquot
1019 5198 1156 5256 libri
1206 5197 1406 5272 ἀνάγκη
1444 5196 1647 5272 λλέγειν.
1707 5200 1839 5256 Mox

234 5269 406 5344 Colb.
429 5271 635 5344 tertius
665 5273 772 5344 οὐχ
803 5269 949 5344 ὅσον,

307 5343 416 5413 (75)
445 5343 611 5416 Coll).
644 5343 880 5416 primus
914 5343 1143 5416 ᾇγγέλων
1174 5362 1356 5416 φωναι.

303 5417 419 5488 (76)
458 5414 703 5488 Antiqui
735 5421 870 5488 tres
921 5414 1058 5471 libri
1086 5414 1382 5488 “nam;
1438 5417 1625 5475 τῆνα..
1670 5415 1838 5467 κατά-

229 5486 390 5544 λειπε.
406 5486 411 5488 ’
427 5486 578 5542 Editi
599 5486 868 5542 κατάλιπε.
879 5531 892 5542 .
904 5530 916 5542 .
949 5486 1201 5540 κατάλιπε
1213 5530 1225 5542 .

302 5559 420 5628 (77)
449 5558 601 5615 Editi
633 5565 723 5613 καὶ
752 5561 819 5612 τὰ
848 5558 1099 5612 ἐπέκέινα.
1127 5557 1348 5615 Vocula
1372 5561 1437 5612 τά
1465 5559 1524 5615 in
1554 5557 1841 5616 omnibus

231 5647 381 5688 mss.
415 5630 606 5686 deest.

305 5703 424 5778 (78)
450 5705 597 5776 Reg.
626 5703 863 5777 primus
891 5705 950 5762 et
977 5703 1102 5764 duo
1141 5701 1470 5763 Colbertini
1507 5709 1634 5779 φῶς,
1663 5701 1838 5774 οἰκῶν,

1591 353 1880 411 HOMILIA
1929 352 2016 408 DE
2055 353 2240 410 FIDE.

1502 4992 1552 5029 ⁶⁰
1589 4991 1766 5048 Joan.
1795 5006 1837 5063 ι,
1867 4995 1923 5050 2.

3501 362 3606 420 466

1950 492 2060 550 pro
2085 477 2242 534 virili
2271 492 2518 535 necesse
2546 481 2655 538 est.
2689 480 2966 537 Dicemus
2995 485 3224 553 autem,
3251 498 3376 542 non
3411 500 3606 560 quan-

1949 571 2046 623 tus
2069 571 2157 623 est
2185 569 2355 636 Deus,
2389 568 2494 624 sed
2515 573 2816 643 quantum
2846 586 3177 644 possumus
3197 589 3309 629 nos
3340 575 3603 648 assequi.

1949 659 2064 713 Nec
2095 656 2255 712 enim
2287 658 2578 730 quoniam
2616 661 2888 717 medium
2932 662 3093 718 hunc
3124 663 3278 719 inter
3308 663 3525 720 coelum
3552 668 3610 722 et

1949 749 2172 803 terram
2191 747 2393 804 locum
2419 749 2608 805 oculis
2639 754 2830 806 totum
2860 751 3210 809 collustrare
3239 767 3364 809 non
3393 769 3609 826 possu-

1950 854 2107 908 mus,
2142 838 2451 910 continuo,
2477 844 2630 897 certe
2661 841 2869 914 quoad
2897 843 3028 914 ejus
3061 842 3191 899 ﬁeri
3223 848 3441 916 potest,
3464 859 3608 900 con-

1951 928 2178 1001 spicere
2217 928 2539 986 nolumus:
2597 931 2682 987 sic
2739 931 2918 988 etiam
2965 949 3128 988 nunc
3170 934 3380 1006 paucis
3410 933 3610 990 verbis

1947 1019 2153 1093 pietati
2182 1019 2478 1076 faciamus
2508 1021 2676 1091 satis,
2710 1023 2817 1079 sed
2847 1023 2905 1079 in
2940 1028 3066 1080 toto
3117 1040 3400 1080 sermone
3426 1025 3610 1081 victo-

1947 1109 2102 1166 riam
2131 1109 2406 1182 dignitati
2432 1115 2663 1168 naturee
2686 1117 2867 1186 atque
2898 1113 3281 1186 amplitudini
3316 1114 3610 1171 conceda-

1949 1215 2108 1255 mus.
2142 1202 2342 1273 Neque
2372 1201 2534 1256 enim
2563 1201 2785 1272 linguae
2815 1202 3194 1272 angelorum,
3227 1219 3610 1278 quaecunque

1948 1289 2064 1345 illae
2091 1294 2248 1357 sunt,
2284 1307 2480 1360 neque
2529 1293 3052 1365 archangelorum,
3085 1310 3294 1366 eaeque
3319 1311 3460 1351 cum
3493 1299 3611 1352 tota

1950 1378 2126 1434 sivnul
2152 1381 2435 1438 rationali
2480 1385 2700 1438 natura
2730 1387 2972 1454 coactae,
3003 1383 3081 1438 ad
3111 1384 3432 1440 minimam
3462 1400 3609 1457 par-

1949 1473 2068 1525 tem
2115 1471 2450 1542 pertingere
2487 1477 2790 1544 poterunt,
2822 1473 3050 1528 nedum
3096 1473 3201 1530 toti
3235 1473 3608 1546 explicandae

1948 1575 2126 1632 pares
2158 1559 2301 1617 sint.
2339 1563 2422 1617 Tu
2469 1577 2610 1618 vero
2644 1562 2694 1618 si
2737 1562 2886 1634 quid
2923 1563 3080 1618 voles
3110 1563 3185 1618 de
3225 1565 3346 1619 Deo
3386 1563 3605 1632 dicere,

1950 1651 2056 1704 aut
2084 1647 2326 1717 audire;
2380 1648 2610 1706 dimitte
2655 1666 2878 1722 corpus
2910 1654 3102 1716 tuum,
3136 1650 3367 1707 dimitte
3398 1667 3609 1724 corpo-

1949 1752 2084 1793 reos
2125 1753 2358 1806 sensus,
2386 1737 2660 1812 relinque
2709 1745 2954 1810 terram,
2982 1740 3256 1813 relinque
3290 1756 3478 1809 mare,
3507 1756 3609 1797 ae-

1946 1842 2076 1883 rem
2108 1826 2263 1882 infra
2309 1828 2575 1900 teipsum
2606 1827 2854 1896 colloca,
2887 1829 3353 1902 praetergredere
3381 1833 3607 1900 (states,

1947 1923 2292 1990 temporum
2322 1919 2681 1976 constitutos
2711 1919 2978 1988 ordines,
3006 1925 3178 1976 terrae
3212 1925 3606 1977 ornamenta:

1951 2023 2138 2080 supra
2183 2007 2407 2064 aethera
2453 2009 2682 2079 tollere,
2728 2009 3089 2066 transcende
3133 2009 3356 2080 stellas,
3405 2009 3614 2067 omnia

1951 2113 2332 2171 quaecunque
2371 2099 2430 2155 in
2462 2099 2547 2155 eis
2587 2099 2975 2156 admirationi
3005 2104 3166 2171 sunt,
3195 2116 3408 2156 earum
3437 2115 3614 2158 orna-

1951 2191 2104 2256 tum,
2137 2187 2644 2257 magnitudinem,
2669 2188 2967 2262 quidquid
2992 2205 3063 2245 ex
3085 2189 3170 2245 eis
3195 2189 3359 2246 orbis
3381 2189 3616 2246 univer-

1956 2292 2059 2331 sus
2098 2275 2256 2349 capit
2285 2276 2576 2343 utilitatis,
2606 2284 2841 2333 rectum
2867 2279 3166 2346 ordinem,
3201 2279 3612 2352 splendorem,

1958 2365 2160 2434 situm,
2194 2371 2448 2436 motum,
2484 2367 2798 2440 quomodo
2844 2368 2998 2426 inter
3035 2386 3098 2425 se
3141 2369 3613 2441 conjungantur,

1957 2464 2062 2512 aut
2093 2457 2491 2528 sejungantur
2522 2473 2558 2513 a
2586 2473 2649 2513 se
2669 2457 3182 2515 invicem.0mnia
3208 2462 3408 2515 mente
3428 2475 3500 2514 ac
3516 2473 3615 2514 ra-

1957 2547 2119 2603 tione
2153 2551 2650 2620 praetergressus,
2684 2547 3074 2605 transvolans
3120 2547 3364 2616 caelum,
3393 2547 3618 2620 illoque

1957 2635 2203 2691 effectus
2247 2635 2557 2708 excelsior,
2610 2636 2972 2706 cogitatione
3026 2635 3154 2693 sola
3206 2635 3622 2708 pulcherrima

1955 2742 2218 2799 quaeque
2249 2725 2685 2799 ;‘circumspice,
2721 2725 3017 2782 exercitus
3067 2725 3364 2798 caelestes,
3397 2725 3618 2782 choros

1956 2817 2338 2889 angelorum,
2389 2815 2897 2889 archangelorum
2955 2817 3299 2889 dignitates,
3363 2815 3619 2887 gloriam

1953 2906 2462 2977 dominationum,
2497 2905 2855 2962 thronorum
2887 2905 3372 2974 sedes,virtutes,
3400 2905 3620 2980 princi-

1952 3001 2151 3067 patus,
2171 2999 2518 3067 potestates.
2546 2995 2969 3051 Praetermissis
2987 2995 3294 3066 omnibus,
3309 3010 3620 3066 emergen-

1951 3089 2008 3142 te
2033 3085 2265 3141 ratione
2297 3100 2484 3157 supra
2513 3100 2755 3140 omnem
2782 3088 3142 3155 creaturam,
3163 3088 3432 3139 mentem
3456 3084 3618 3141 ultra

1949 3175 2080 3231 haec
2113 3179 2332 3244 erecta,
2364 3173 2776 3247 contemplare
2803 3173 3070 3229 divinam
3100 3177 3418 3230 naturam:
3453 3177 3617 3228 stan-

1948 3266 2091 3333 tem,
2124 3259 2590 3328 immutabilem,
2624 3259 2934 3315 varietatis
2981 3263 3312 3332 expertem,
3352 3256 3616 3316 affectio-

1947 3369 2095 3409 num
2117 3367 2399 3420 vacuam,
2429 3349 2788 3423 simplicem,
2816 3346 3614 3422 compositioninulliobno-

1945 3439 2586 3508 xiam,indivisibilem,
2599 3439 2799 3494 lucem
2816 3437 3613 3511 inaccessam",potentiam

1944 3530 2338 3596 ineffabilem,
2362 3528 2849 3601 magnitudinem
2881 3528 3108 3585 ﬁnibus
3133 3527 3316 3584 nullis
3349 3527 3612 3584 circum-

1947 3621 2254 3694 scriptam,
2273 3620 2528 3690 gloriam
2549 3618 3086 3691 supermicantem,
3101 3618 3432 3674 bonitatem
3447 3617 3612 3674 desi-

1945 3708 2818 3782 derabilem,pulchritudinem
2832 3708 3192 3779 singularem
3202 3723 3348 3780 ,qua
3359 3705 3613 3779 quidem

1947 3801 2187 3858 animus
2209 3799 2512 3856 sauciatus
2532 3799 2918 3855 vehementer
2939 3797 3322 3872 percellatur,
3345 3795 3453 3854 sed
3472 3811 3610 3870 quae

1945 3907 2056 3964 pro
2087 3889 2380 3959 dignitate
2404 3888 2607 3945 verbis
2638 3887 2927 3961 explicari
2956 3903 3080 3945 non
3109 3886 3321 3960 possit.

2019 3985 2072 4037 2.
2115 3979 2237 4036 lllic
2285 3981 2454 4036 Pater
2483 3981 2540 4035 et
2596 3979 2774 4035 Filius
2821 3982 2878 4034 et
2921 3977 3176 4051 Spiritus
3220 3979 3488 4047 sanctus,
3511 3975 3608 4033 in-

1945 4075 2145 4130 creata
2174 4076 2412 4135 natura,
2448 4069 2760 4126 Dominica
2784 4069 3097 4141 majestas,
3121 4067 3415 4127 naturalis
3437 4065 3609 4124 boni-

1943 4165 2056 4219 tas.
2089 4165 2258 4218 Pater
2283 4159 2560 4216 omnium
2599 4158 2988 4232 principium,
3016 4174 3229 4216 eorum
3268 4175 3406 4232 quae
3444 4156 3605 4214 exsi-

1943 4256 2109 4310 stunt
2154 4267 2361 4322 causa,
2393 4249 2569 4306 radix
2611 4249 2966 4306 viventium.
3003 4249 3171 4306 Unde
3213 4248 3434 4323 prodiit
3467 4248 3604 4306 vita

1942 4343 2101 4412 fons,
2135 4340 2452 4414 sapientia,
2481 4341 2693 4405 virtus,
2723 4340 2826 4396 Dei
2863 4338 3184 4396 invisibilis
3225 4339 3288 4396 in
3318 4337 3605 4397 omnibus

1944 4431 2249 4488 simillima
2278 4429 2482 4502 imago
2505 4431 2576 4498 5°,
2603 4429 2778 4486 Filius
2810 4446 2881 4485 ex
2911 4433 3080 4486 Patre
3105 4429 3369 4502 genitus,
3397 4427 3604 4484 vivens

1945 4523 2228 4591 Verbum,
2261 4522 2416 4578 Deus
2463 4521 2746 4584 existens,
2776 4526 2833 4578 et
2869 4521 3169 4578 exsistens
3217 4519 3386 4591 132
3435 4517 3605 4590 apud

1947 4615 2136 4670 Deum
2157 4615 2242 4668 σοι
2300 4611 2607 4682 exsistens,
2674 4627 2802 4668 non
2859 4609 3263 4668 adventitius:
3311 4607 3603 4664 exsistens

1945 4706 2084 4760 ante
2134 4701 2376 4773 saecula,
2405 4717 2528 4758 non
2570 4704 2785 4774 postea
2823 4698 3192 4773 acquisitus;
3240 4696 3446 4766 Filius,
3474 4709 3603 4754 non

1949 4791 2290 4867 possessio;
2309 4791 2662 4867 opifex,non
2677 4791 3012 4866 opiﬁcium;
3036 4793 3420 4859 creator,non
3439 4800 3603 4846 crea-

1946 5197 2236 5256 Vitiosum
2275 5202 2477 5256 autem
2516 5198 2578 5256 id
2609 5213 2742 5256 esse
2765 5213 2905 5254 cum
2927 5195 3200 5253 viderent
3229 5193 3599 5321 tgpographi

1946 5271 2330 5321 Parisienses-
2351 5271 2452 5321 nni
2481 5271 2662 5321 Regio
2692 5270 2891 5321 primo
2920 5268 3126 5321 codice
3153 5271 3252 5321 uie
3303 5271 3501 5321 antur.
3522 5265 3599 5321 de

1945 5271 2330 5354 Parisienses,
2351 5271 2455 5354 qui
2481 5271 2662 5342 Regio
2692 5270 2902 5354 primo.
2920 5268 3126 5354 codice
3153 5265 3600 5353 utebanturide

1950 5359 2084 5412 suo,
2117 5344 2469 5417 opinor,i_ta_
2508 5344 2943 5417 emendarunt;
2991 5348 3096 5417 φξις
3142 5344 3390 5417 οἰκοῦσαν
3431 5344 3600 5417 expc-7

1951 5409 2114 5492 σιτον.
2152 5409 2217 5492 Iit
2244 5417 2305 5471 in
2335 5409 2803 5492 editioneBasil.
2845 5417 2904 5492 et
2925 5409 3214 5492 in'Regiis
3246 5409 3513 5492 secundo
3544 5413 3602 5490 et

1947 5487 2138 5560 tertio,
2171 5487 2354 5560 inque
2395 5487 2560 5544 Colb.
2593 5488 2763 5544 tertio
2785 5484 2981 5543 verius
3024 5489 3082 5540 et
3107 5482 3437 5556 simplicius
3462 5482 3604 5538 scri-

1946 5558 2121 5634 bitur
2139 5558 2576 5634 φῶςξᾲπρόσιτον.

2017 5625 2593 5704 (79)'Colb.'primus
2635 5631 3026 5704 προγενόμενος,
3065 5625 3233 5686 haud
3261 5629 3439 5685 recte.
3469 5627 3601 5684 Mox

1949 5701 2254 5762 un'us'ms.
2283 5701 2414 5778 οὐχὶ
2445 5701 2505 5758 δὲ
2532 5701 2753 5776 κτίσμαζ
