4098 6412
433 351 535 405 467

1797 339 1854 395 S.
1897 336 2150 392 BASILll
2187 337 2433 397 MAGNI.

3708 347 3821 403 £68

434 479 606 530 tura:
653 469 862 527 omnia
889 467 1209 533 exsistens,
1243 479 1624 537 quaecunque
1664 465 1754 520 est
1782 463 1973 529 Pater,
2000 461 2092 516 Fi-
2123 510 2125 514 Α

2230 462 2338 534 ιὺχὶ
2398 467 2600 536 κτίσμα
2625 485 2636 497 ·
2671 483 2844 518 παντα
2894 465 2962 516 ὢν
3013 464 3116 517 ὅσα
3163 463 3309 518 ἐστὶν
3341 467 3367 518 ό
3406 472 3590 543 Πατήρ
3618 488 3631 503 ·
3674 471 3817 535 Υἱὸς⁹

433 565 574 632 lius,
604 562 878 634 inquam,
911 563 968 615 et
997 561 1185 613 Pater.
1221 556 1491 612 Observa
1515 555 1664 610 mihi
1693 555 1804 610 has
1830 553 2098 627 proprie-

436 658 611 711 tates.
643 655 885 709 Manens
926 648 1108 719 igitur
1137 647 1199 702 in
1229 662 1300 702 eo
1332 645 1498 719 quod
1531 650 1622 701 est
1647 644 1851 712 Filius,
1894 641 2101 699 omnia

439 748 532 800 est
555 745 746 810 Pater,
781 739 1119 796 secundum
1145 736 1337 810 ipsius
1379 735 1615 792 Domini
1639 751 1874 802 vocem,
1903 733 2103 788 dicen-

443 833 555 890 tis:
592 831 807 888 Omnia
837 842 1211 902 quaecunque
1261 827 1434 883 habet
1475 827 1686 895 Pater,
1713 839 1841 880 mea
1871 830 2012 879 sunt
2034 823 2101 878 ⁶¹.

440 926 668 980 Revera
693 920 854 976 enim
885 919 1094 975 omnia
1119 933 1253 990 quae
1276 917 1605 988 archetypo
1637 913 1968 986 exemplari
1997 912 2105 969 ad-

443 1016 604 1081 sunt,
636 1009 920 1081 imaginis
948 1012 1107 1064 sunt.
1141 1009 1406 1064 Vidimus
1425 1007 1608 1073 enim,
1632 1005 1825 1078 inquit
1853 1019 2108 1075 evange-

441 1102 600 1168 lista,
628 1101 890 1173 gloriam
921 1102 1071 1169 ejus,
1094 1098 1351 1169 gloriam
1387 1097 1561 1168 quasi
1598 1095 1907 1166 Unigeniti
1930 1111 1966 1150 a
1993 1096 2109 1151 Pa-

445 1194 608 1250 tre“:
628 1191 744 1247 hoc
772 1194 879 1255 est,
903 1205 1028 1244 non
1051 1204 1124 1244 ex
1146 1187 1310 1242 dono
1346 1191 1402 1241 et
1437 1201 1688 1241 munere
1720 1185 1865 1240 data
1897 1184 1948 1238 ei
1971 1189 2112 1240 sunt

445 1279 761 1344 miracula,
784 1277 888 1335 sed
914 1295 987 1335 ex
1006 1282 1239 1333 naturae
1261 1275 1696 1331 communione
1720 1274 1896 1331 Filius
1927 1273 2113 1330 habet

445 1376 709 1446 paternae
733 1368 1059 1425 divinitatis
1076 1366 1524 1438 majestatem.N
1533 1381 1632 1420 am
1650 1365 2110 1438 accipere,com-

447 1477 631 1518 mune
663 1463 750 1516 est
793 1463 847 1514 et
887 1462 1214 1514 creaturae:
1265 1455 1488 1512 habere
1518 1460 1721 1512 autem
1761 1471 1833 1510 ex
1871 1459 2109 1524 natura,

446 1551 764 1624 proprium
813 1552 904 1604 est
934 1546 1143 1618 geniti.
1187 1549 1395 1618 Itaque
1436 1550 1500 1601 ut
1529 1546 1730 1613 Filius,
1762 1544 2115 1602 naturaliter

447 1640 718 1716 possidet
746 1655 881 1712 quae
906 1642 1046 1694 sunt
1074 1636 1259 1694 Patris
1284 1653 1298 1693 :
1332 1640 1397 1692 ut
1426 1636 1794 1708 Unigenitus,
1820 1635 2027 1693 omnia
2050 1635 2114 1692 in

450 1732 648 1806 seipso
693 1726 1176 1801 comprehendit,
1213 1742 1350 1782 cum
1391 1725 1541 1781 nihil
1582 1725 1924 1799 quidquam
1972 1741 2114 1782 cum

2209 549 2368 620 εἷπον,
2425 558 2514 606 καὶ
2588 556 2768 630 Πατὴρ
2820 558 2958 622 (80).
3024 554 3264 609 Φύλασσέ
3319 577 3411 630 μοι
3481 562 3679 623 ταύτας
3729 565 3820 625 τὰς

2212 641 2499 705 ἰδιότητας.
2547 650 2720 699 Μένων
2757 645 2866 714 (81)
2915 642 3002 698 οὖν
3056 644 3104 698 ἐν
3151 655 3224 717 τῷ
3282 644 3411 700 εἶναι
3462 653 3598 718 Υίὸς,
3648 654 3822 708 πάντα

2210 733 2354 788 ἐστὶν
2385 737 2484 788 ὅσα
2515 734 2655 787 ἐστὶν
2695 737 2719 787 ὁ
2771 740 2974 810 Πατὴρ,
3004 738 3139 788 κατὰ
3167 741 3262 795 τὴν
3312 743 3482 810 φωνὴν
3533 740 3694 794 αὐτοῦ
3725 750 3819 798 τοῦ

2212 829 2408 900 Κυρίου
2464 825 2735 888 εἰπόντος’
2797 827 2974 879 Πάντα
3030 827 3131 878 ὅσα
3207 829 3321 899 ἔχει
3377 831 3406 881 6
3463 835 3666 906 Πατὴρ,
3719 832 3821 907 ἒμά

2213 914 2346 970 ἐστι.
2374 922 2457 987 Τῷ
2503 918 2608 968 ὄντι
2649 918 2752 989 γὰρ
2797 924 2888 977 τῆς
2919 916 3107 977 εἰκόνος
3155 915 3270 970 ἐστὶ
3293 920 3484 986 πάντα,
3515 922 3617 974 ὅσα
3657 927 3820 999 πρόσ-

2214 1024 2328 1058 εστι
2419 1013 2482 1078 τῇ
2568 1008 2891 1081 πρωτοτύπῳ
2971 1014 3166 1083 μορφῇ.
3259 1008 3619 1084 Ἐθεασάμεθα
3691 1017 3817 1088 γὰρ,

2215 1095 2426 1168 φησὶνὸ
2479 1094 2872 1168 εὖαγγελιστὴς,
2930 1101 3024 1155 τὴν
3093 1094 3252 1161 δόξαν
3306 1098 3487 1168 αὐτοῦ,
3541 1097 3698 1165 δόξαν
3755 1105 3821 1167 ὡς

2215 1192 2532 1258 Μονογενοῦς
2603 1188 2748 1262 παρὰ
2813 1190 3050 1262 Πατρός·
3102 1192 3393 1252 τουτέστιν,
3454 1191 3549 1243 οὐκ
3597 1191 3653 1244 ἐκ
3708 1190 3820 1247 δω-

2215 1282 2330 1350 ρεᾶς
2379 1275 2468 1328 καί
2504 1277 2728 1349 χάριτος
2777 1273 3030 1330 δοθέντων
3061 1276 3200 1350 αὐτῷ
3226 1298 3327 1350 τῳν
3375 1281 3672 1354 θαυμάτων,
3703 1281 3821 1336 ἀλλ’

2217 1364 2273 1418 ἐκ
2319 1373 2410 1426 τῆς
2461 1367 2597 1418 κατὰ
2643 1368 2798 1438 φύσιν
2851 1371 3122 1430 κοινωνίας
3173 1370 3384 1440 ἔχοντος
3429 1377 3523 1422 τοῦ
3566 1372 3691 1424 Υἰοῦ
3729 1379 3824 1433 τῆς

2217 1464 2481 1530 πατρικῆς
2535 1458 2771 1518 θεότητος
2825 1459 2886 1509 τὸ
2946 1456 3168 1531 ἀξίωμα.
3223 1461 3292 1512 Τὸ
3347 1461 3437 1531 μὲν
3492 1462 3594 1536 γὰρ
3650 1460 3822 1514 λαϐεῖν

2218 1549 2388 1599 κοινὸν
2439 1550 2699 1622 καὶζπρὸς
2741 1551 2836 1606 τὴν
2877 1552 3085 1600 κτίσιν·
3114 1551 3172 1602 τὸ
3222 1545 3282 1602 δί
3329 1551 3470 1621 ἔχειν
3513 1548 3569 1603 ἐκ
3625 1554 3823 1624 φύσεως
3880 1580 3888 1587 ~

2219 1633 2359 1690 ῖδιον
2407 1644 2500 1690 τοῦ
2555 1639 2902 1710 γεννηθέντος.
2932 1708 2934 1710 ν
2962 1637 3046 1700 Ὠς
3092 1641 3182 1712 μεν
3259 1636 3348 1694 οὖν
3399 1642 3535 1708 Υἱὸς,
3592 1651 3822 1714 φυσικῶς

2219 1728 2470 1785 κέκτηται
2512 1727 2579 1779 τά
2623 1734 2716 1779 τοῦ
2763 1729 2998 1802 Πατρός·
3033 1729 3102 1789 ὡς
3146 1724 3205 1780 δὲ
3252 1733 3558 1801 Μονογενὴς,
3588 1729 3680 1783 ὅλα
3708 1733 3823 1803 ἔχει

451 1822 637 1880 altero
667 1819 994 1876 dividatur.
1032 1821 1114 1874 Ex
1142 1817 1277 1890 ipsa
1322 1816 1505 1886 igitur
1547 1816 1670 1872 Filii
1707 1816 2114 1889 appellatione

2230 1813 2270 1868 ἓν
2325 1815 2492 1887 ἐαυτῷ
2545 1815 2832 1884 συλλαϐὼν,
2895 1814 3101 1878 οὐδενὸς
3166 1820 3640 1894 καταμεριζομένου
3697 1823 3826 1896 πρὸς

453 1906 744 1963 discimus
781 1911 1011 1963 naturae
1039 1922 1172 1961 esse
1201 1910 1564 1973 consortem,
1592 1920 1714 1960 non
1739 1905 1920 1976 jussu
1947 1921 2114 1962 crea-

453 2001 606 2063 tum,
639 1996 746 2052 sed
784 1996 912 2052 sine
943 1996 1067 2051 ullo
1106 1995 1422 2052 intervallo
1456 2012 1524 2051 ex
1556 1995 1896 2051 substantia
1922 1995 2118 2068 splen-

455 2085 720 2154 dentem,
749 2085 874 2140 sine
906 2084 1027 2140 ullo
1057 2087 1350 2155 temporis
1381 2085 1577 2156 spatio
1609 2101 1747 2140 cum
1780 2087 1950 2140 Patre
1977 2099 2116 2140 con-

450 2178 752 2250 junctum,
777 2175 1074 2249 aequalem
1119 2175 1180 2231 in
1210 2175 1502 2242 bonitate,
1535 2174 1834 2248 aqualem
1860 2175 1922 2232 in
1955 2180 2118 2247 pote-

457 2273 631 2337 state,
665 2271 1008 2322 consortem
1031 2265 1389 2336 majestatis.
1423 2265 1649 2338 Ecquid
1683 2266 1865 2332 enim,
1897 2265 2014 2321 nisi
2041 2266 2118 2321 si-

455 2358 666 2430 gillum
698 2362 754 2414 et
781 2357 1006 2428 imago,
1038 2355 1369 2412 ostendens
1400 2355 1460 2410 in
1507 2372 1568 2412 se
1615 2359 1845 2411 Patrem
1875 2361 2070 2412 totum
2091 2355 2119 2412 ?

457 2452 840 2522 Quaecunque
861 2453 1059 2504 autem
1080 2446 1632 2520 postea,hominum
1651 2447 2014 2519 dispensans
2028 2463 2120 2503 sa-

455 2538 664 2607 lutem,
683 2552 870 2609 quam
891 2535 1070 2590 nobis
1095 2551 1200 2608 per
1221 2551 1467 2590 carnem
1482 2535 1851 2608 conspicuus
1875 2535 2120 2591 effectus

460 2626 752 2695 exhibuit,
786 2626 867 2681 ita
899 2625 1003 2681 tibi
1034 2641 1106 2680 ex
1138 2625 1408 2696 corporis
1435 2625 1860 2681 constitutione
1901 2627 2120 2684 edisse-

457 2717 631 2786 rit,ut
649 2716 812 2772 dicat
840 2715 1096 2770 missum
1119 2731 1180 2770 se
1207 2730 1357 2782 esse,
1393 2719 1448 2770 et
1472 2714 1617 2770 nihil
1649 2731 1686 2771 a
1706 2716 1904 2789 seipso
1923 2716 2120 2774 facere

459 2823 667 2881 posse,
691 2810 748 2862 et
777 2804 1083 2877 accepisse
1113 2820 1173 2860 se
1200 2804 1562 2860 mandatum
1584 2809 1641 2860 et
1669 2805 1786 2861 alia
1815 2806 1876 2862 id
1903 2821 2118 2879 genus,

462 2912 538 2952 ne
568 2895 758 2951 ullam
787 2894 894 2950 tibi
922 2894 1306 2950 occasionem
1329 2895 1736 2968 praebeantad
1759 2896 2120 2954 imminuen-

465 2986 610 3042 dam
658 2983 954 3054 Unigeniti
1001 2983 1398 3040 divinitatem.
1432 2987 1580 3041 Nam
1612 2983 1859 3041 humilis
1897 2986 1992 3042 ille
2041 2988 2123 3044 ad

464 3079 635 3133 tuam
681 3074 1095 3131 inﬁrmitatem
1135 3089 1441 3145 accessus,
1472 3075 1830 3145 dignitatem
1861 3078 2124 3150 potentis

2221 1906 2410 1981 ἕτερον.
2442 1907 2528 1970 Ἐξ
2577 1906 2741 1969 αὐτῆς
2789 1912 2960 1960 τοίνυν
3007 1915 3099 1969 τῆς
3150 1913 3275 1962 Υίοῦ
3321 1911 3433 1981 (82)
3466 1915 3826 1986 προσηγορίας

2223 1993 2611 2071 διδασκόμεθα,
2640 1998 2719 2050 ὅτι
2748 2005 2842 2060 τῆς
2892 2001 3088 2070 φύσεώς
3118 1997 3231 2052 ἔστι
3269 2005 3506 2062 κοινωνός
3529 2022 3542 2036 ·
3577 2000 3636 2054 οὐ
3665 2020 3829 2076 προσο

2220 2089 2450 2160 τάγματι
2525 2088 2772 2153 κτισθεὶς,
2849 2086 2958 2139 ἀλλ’
3008 2085 3062 2139 ἔκ
3128 2096 3224 2150 τῆς
3307 2089 3492 2153 οὐσίας
3556 2089 3828 2163 ἐκλάμψας

2225 2173 2574 2242 ἁδιαστάτως,
2631 2175 2866 2251 ἀχρόνως
2926 2183 2999 2247 τῷ
3077 2182 3245 2254 Πατρὶ
3315 2184 3656 2253 συνημμένος,
3715 2183 3827 2242 ῖσος

2225 2267 2276 2320 ἐν
2323 2265 2633 2338 ἀγαθότητι,
2665 2269 2799 2332 ἶσος,
2832 2266 2880 2320 ἐν
2935 2263 3175 2340 δυνάμει,
3223 2273 3459 2330 κοινωνὸς
3509 2279 3602 2332 τῆς
3647 2267 3822 2334 δόξης.

2227 2356 2331 2410 Καὶ
2377 2362 2430 2409 τί
2472 2357 2592 2431 γὰρ,
2627 2355 2734 2409 ἀλλ’
2763 2355 2794 2414 ἢ
2830 2360 3054 2431 σφραγὶς
3084 2362 3174 2409 καὶ
3222 2360 3388 2425 εἰκὼν,
3420 2359 3532 2412 ὅλον
3580 2359 3627 2413 ἑν
3659 2360 3826 2432 ἐαυτῷ

2229 2444 2434 2510 δεικνὺς
2482 2450 2566 2500 τὸν
2621 2449 2866 2520 Πατέρα;
2915 2445 3056 2500 Ὀσα
3103 2444 3162 2502 δὲ
3212 2468 3296 2501 σοι
3339 2451 3470 2522 μετὰ
3514 2458 3683 2503 ταῦτα
3726 2449 3826 2503 ἀπὸ

2226 2545 2324 2600 τῆς
2397 2545 2704 2610 σωματικῆς
2778 2546 3104 2598 κατασκευῆς
3176 2534 3474 2612 διαλέγεται
3537 2543 3668 2608 (83),
3733 2545 3828 2598 τὴν

2227 2627 2342 2680 τῶν¹
2370 2625 2650 2703 ἀνθρώπων
2683 2631 2970 2702 ..σωτηρίαν
3021 2627 3321 2700 οἰκονομῶν,
3373 2630 3435 2688 ἦν
3481 2626 3576 2682 διὰ
3629 2633 3824 2706 σαρκὸς

2228 2717 2484 2790 ἐπιφανεὶς
2563 2719 2688 2790 ἡμῖν
2768 2713 3084 2784 ἐπεδείξατο,
3168 2715 3598 2790 ἀποστελλόμενον
3663 2718 3823 2790 λέγων

2229 2807 2429 2875 ἑαυτὸν,
2462 2810 2552 2859 καὶ
2603 2801 2770 2879 μηδὲν
2821 2802 3104 2878 δυνάμενον
3151 2805 3236 2879 ἀφ’
3265 2806 3449 2860 ἑαυτοῦ
3495 2815 3679 2875 ποιεῖν,
3731 2811 3822 2860 καὶ

2230 2896 2433 2956 ἐντολὴν
2480 2895 2724 2964 λαϐόντα,
2757 2900 2847 2949 καὶ
2895 2897 2998 2948 ὅσα
3024 2903 3262 2964 τοιαῦτα,
3295 2901 3365 2969 μή
3416 2916 3496 2950 σοι
3551 2901 3827 2972 παρεχέτω

2233 2987 2467 3061 ἀφορμὰς
2503 2989 2630 3061 πρὸς
2676 2989 2735 3038 16
2779 2987 3219 3061 κατασμικρύνειν
3270 2994 3363 3039 τοῦ
3393 2994 3709 3059 Μονογενοῦς
3737 2989 3832 3045 τὴν

2235 3078 2472 3134 θεότητα.
2507 3075 2583 3128 Οὐ
2629 3076 2730 3148 γὰρ
2784 3076 2813 3133 ἠ
2865 3077 2996 3150 πρὸς
3042 3077 3101 3126 1'6
3157 3077 3246 3126 σὸν
3304 3072 3510 3136 ἀσθενὲς
3570 3076 3836 3146 συγκατά-

465 3165 739 3223 minuere
779 3180 903 3221 non
935 3163 1150 3220 debet:
1205 3164 1314 3220 sed
1362 3169 1642 3221 naturam
1677 3165 1939 3236 intellige
1983 3184 2125 3223 con-

2234 3167 2384 3229 ϐασις
2428 3167 2713 3227 ἐλάττωσις
2765 3164 2953 3238 ὀφείλει
2994 3167 3236 3238 γίνεσθαι
3285 3173 3377 3226 τῆς
3409 3163 3558 3228 ἀξίας
3599 3185 3690 3218 τον
3743 3161 3836 3218 δυ-

467 3260 748 3326 gruenter
780 3256 899 3310 Deo
941 3253 1512 3327 convenienterque,
1543 3255 1730 3311 verba
1761 3272 1902 3312 vero
1932 3256 2126 3314 humi-

463 3345 618 3402 liora
655 3345 730 3400 de
765 3343 1180 3400 incarnatione
1210 3343 1438 3414 accipe.
1473 3347 1552 3399 De
1587 3344 1808 3417 quibus
1859 3346 1909 3402 si
1953 3347 2126 3403 velle-

468 3451 608 3491 mus
656 3449 820 3490 nunc
873 3437 1155 3489 accurate
1200 3437 1478 3504 tractare,
1511 3433 1735 3490 incauti
1780 3451 1851 3491 ac
1907 3436 2129 3509 impru-

471 3525 682 3581 dentes
711 3523 990 3589 multam,
1022 3524 1144 3579 imo
1183 3523 1484 3579 infinitam
1514 3524 1839 3581 verborum
1886 3527 2129 3601 copiam

474 3615 553 3672 ad
580 3618 934 3687 susceptum
962 3619 1391 3684 argumentum
1424 3629 1876 3686 aggereremus.

543 3709 596 3762 3.
640 3705 756 3763 Sed
786 3705 864 3761 ad
905 3703 1286 3779 propositum
1316 3709 1709 3762 revertamur.
1737 3709 1896 3764 Mens
1926 3724 2061 3781 quae
2092 3723 2130 3766 a

471 3795 720 3853 terrenis
731 3793 1150 3852 affectionibus
1166 3809 1316 3866 pura
1329 3810 1461 3851 esse
1473 3797 2129 3872 potuerit,omnemque

472 3885 906 3956 intelligibilem
929 3890 1273 3940 creaturam
1292 3885 1650 3958 relinquere,
1673 3893 1728 3944 et
1754 3889 1929 3960 quasi
1951 3889 2131 3961 piscis

474 3977 690 4049 aliquis
717 3992 747 4031 e
787 3973 1094 4048 profundo
1120 3974 1200 4029 ad
1240 3991 1547 4032 summam
1577 3977 1956 4048 superﬁciem
1985 3994 2132 4034 ena-

474 4070 621 4134 tare,
643 4067 772 4138 jam
797 4065 857 4121 in
883 4064 1200 4120 creationis
1239 4065 1498 4137 puritate
1529 4067 1872 4138 constituta,
1905 4068 2026 4124 illic
2053 4069 2121 4124 vi-

475 4156 642 4214 debit
669 4155 954 4228 Spiritum
980 4159 1283 4226 sanctum,
1319 4155 1423 4211 ubi
1463 4156 1646 4212 Filius
1669 4162 1782 4226 est,
1810 4163 1866 4213 et
1898 4157 2000 4213 ubi
2029 4161 2135 4215 Pa-

2233 3267 2428 3313 νατοῦ·
2481 3257 2608 3310 ἀλλά
2655 3261 2751 3316 τὴν
2805 3259 2896 3330 μὲν
2951 3259 3106 3328 φύσιν
3161 3259 3266 3308 νόει
3323 3258 3628 3330 θεοπρεπῶς,
3673 3258 3740 3308 τὰ
3777 3252 3841 3308 δὲ

2233 3353 2571 3423 ταπεινότερα
2617 3355 2716 3398 τῶν
2776 3345 3025 3421 ῥημάτων
3075 3342 3242 3417 δέχου
3300 3345 3653 3418 οἰκονομικῶς.
3710 3349 3838 3420 Περὶ

2235 3441 2302 3491 ὧν
2351 3439 2393 3494 εἰ
2449 3437 2829 3511 βουληθείημεν
2878 3436 2924 3490 ἐν
2977 3444 3049 3506 τῷ
3116 3439 3333 3509 παρόντι
3384 3439 3516 3509 πρὸς
3568 3433 3835 3510 ἀκρίϐειαν

2237 3526 2562 3600 διηγεῖσθαι,
2612 3527 2856 3600 λάθοιμεν
2904 3525 2964 3578 ἆν
3018 3526 3227 3586 ἑαυτοὺς
3281 3525 3410 3578 πολύ
3463 3545 3516 3578 τι
3568 3529 3657 3577 καὶ
3706 3523 3837 3578 ἀπέ-

2234 3639 2418 3695 ραντον
2449 3618 2642 3679 πλῆθος
2670 3617 2836 3689 λόγων
2867 3616 3222 3688 ἐπεισάγοντες
3248 3622 3310 3688 τῇ
3345 3615 3610 3670 ὑποθέσει.

2309 3713 2363 3766 3.
2405 3707 2538 3763 Ἀλλ’
2580 3708 2663 3761 ἐπὶ
2718 3711 2777 3761 τό
2831 3711 3160 3780 προκείμενον
3206 3705 3509 3779 ἐπανίωμεν.
3553 3711 3672 3757 Ὀτι
3721 3699 3840 3757 διά-

2235 3820 2352 3852 νοια
2392 3801 2422 3858 ἡ
2486 3794 2775 3856 δυνηθεῖσα
2823 3804 2919 3849 τῶν
2958 3814 3011 3848 τε
3036 3795 3223 3846 ὑλικῶν
3271 3796 3596 3869 καθαρεῦσαι
3637 3795 3836 3860 παθῶν,

2237 3896 2329 3945 καὶ
2375 3894 2469 3948 τήν
2516 3891 2706 3946 νοητὴν
2761 3890 2936 3938 κτίσιν
2993 3888 3102 3954 (84)
3159 3891 3332 3938 πᾶσαν
3385 3883 3706 3950 καταλιπεῖν,
3751 3888 3842 3935 καὶ

2240 3981 2344 4033 οἷόν
2375 3998 2452 4039 τις
2482 3977 2635 4049 ἰχθὺς
2689 3973 2789 4027 ἀπὸ
2835 3982 2924 4027 τοῦ
2975 3973 3142 4046 βυθοῦ
3186 3976 3312 4049 πρὸς
3359 3977 3453 4032 τὴν
3497 3974 3601 4025 οἶνω
3651 3971 3842 4045 ἐπιφά-

2239 4089 2375 4122 νειαν
2421 4066 2792 4134 ἀνανηξασθαι,
2823 4065 2870 4118 ἐν
2921 4073 2992 4136 τῷ
3040 4072 3249 4139 καταρῷ
3298 4072 3389 4125 τῆς
3432 4067 3656 4125 κτίσεως
3695 4081 3844 4134 γενο-

2245 4163 2391 4233 μένη,
2431 4157 2535 4210 ἐκεῖ
2582 4155 2767 4227 ὄψεται
2818 4157 2876 4208 16
2927 4162 3137 4228 Πνεῦμα
3187 4157 3245 4207 τὸ
3304 4153 3474 4225 ἅγιον,
3521 4155 3650 4205 ὅπου
3706 4154 3844 4219 Υἱὸς,

475 4251 596 4304 ter:
631 4246 736 4318 qui
776 4250 832 4301 et
873 4244 1000 4318 ipse
1045 4246 1253 4303 omnia
1293 4247 1764 4303 coessentialiter
1793 4247 2134 4305 secundum

475 4340 762 4393 naturam
786 4335 990 4406 habet,
1014 4335 1367 4405 bonitatem,
1391 4337 1790 4409 rectudinem,
1813 4338 2136 4394 sanctimo-
2167 4375 2210 4429 Β

481 4425 671 4495 niam,
693 4425 900 4482 vitam.
934 4428 1105 4495 Nam,
1126 4425 1344 4500 inquit,
1376 4428 1641 4498 Spiritus
1680 4433 1817 4485 tuus
1851 4429 2039 4485 bonus
2065 4431 2132 4488 ⁸³.

1143 4554 1190 4589 ⁶²
1221 4554 1395 4609 Joan.
1428 4569 1464 4621 ι,
1502 4556 1587 4609 14.

2247 4254 2336 4302 καὶ
2365 4249 2493 4301 ὅπου
2540 4250 2720 4322 Πατὴρ
2746 4246 2882 4316 (85),
2909 4247 3078 4300 πάντα
3109 4248 3231 4318 ἔχον
3256 4249 3345 4296 καὶ
3389 4244 3517 4297 αὐτό
3551 4261 3852 4296 συνουσιω-

2251 4343 2407 4414 μένως
2437 4338 2553 4408 (86)
2597 4338 2732 4389 κατὰ
2778 4339 2872 4394 τὴν
2923 4338 3097 4408 φύσιν,
3131 4339 3219 4393 τὴν
3269 4333 3590 4406 ἀγαθότητα,
3619 4336 3713 4392 τὴν
3761 4331 3853 4385 εὐ-

2253 4431 2472 4497 θύτητα,
2521 4430 2608 4480 τόν
2661 4426 2946 4500 ἁγιασμόν,
3003 4429 3098 4486 τὴν
3152 4424 3311 4487 ζωὴν.
3364 4427 3434 4478 T6
3484 4430 3692 4497 Πνεῦμα
3746 4423 3848 4498 γὰρ

549 4553 595 4588 δι
627 4551 801 4609 Joan.
828 4567 944 4616 xvr,
982 4557 1064 4608 t5.
1143 4554 1190 4589 ⁶²
1221 4554 1395 4609 Joan.
1428 4569 1464 4621 ι,
1502 4556 1587 4609 14.
1667 4554 1716 4588 ⁸³
1745 4553 1898 4610 Psal.
1933 4570 2104 4626 CXLII,
2138 4559 2222 4612 to.

551 4678 662 4751 (80)
693 4681 837 4749 Reg.
879 4677 1114 4751 primus
1133 4682 1244 4752 “et,
1273 4677 1446 4752 Colb.
1481 4678 1690 4735 itidem
1739 4679 1972 4752 primus
2020 4683 2139 4734 Υἰόν

483 4748 1048 4826 εἴπον’καὶ“Πᾱιτέρα,
1118 4750 1348 4806 Filium
1407 4751 1542 4826 dixi
1587 4756 1641 4807 et
1694 4748 1970 4826 Patrem.
2029 4753 2140 4808 Alii

481 4827 747 4896 quatuor
793 4821 1048 4879 mss.'et
1100 4827 1357 4894 utraque
1406 4822 1586 4879 editio
1643 4825 1776 4895 Υἱὸς,
1834 4821 1993 4892 εἶπον,
2049 4829 2140 4878 καὶ

485 4901 683 4952 Πατήρ.

554 4947 840 5040 (Sillteg.
891 4965 1099 5040 tertius
1147 4969 1204 5040 et
1257 4965 1421 5040 Colb.
1456 4966 1691 5040 primus
1741 4963 2050 5028 ἰδιότητας·
2085 4965 2140 5019 ἐκ

637 5036 948 5110 πολυλογίας
989 5037 1083 5089 οὐκ
1109 5110 1114 5112 Δ
1142 5036 1720 5112 ἐκφεύξεται-ἁμαρτία
1767 5043 1947 5110 μένων,
1998 5055 2136 5095 nam

484 5110 872 5182 multiloquio
902 5125 1022 5165 non
1056 5110 1350 5165 vitabitur
1375 5110 1708 5180 peccatum.
1745 5112 1918 5165 Prov.
1953 5127 2011 5176 Χ,
2053 5116 2138 5166 19.

488 5181 946 5253 Utraqueeditio
971 5181 1322 5253 simpliciter
1345 5189 1408 5237 ut
1430 5184 1488 5236 in
1516 5186 1819 5238 contextu.
1846 5185 1958 5238 Nec
1978 5183 2137 5238 enim

491 5197 746 5253 Utraque
766 5197 946 5238 como
971 5197 1322 5308 Sim‘pncuer
1345 5197 1408 5237 ut
1430 5198 1488 5236 ιη
1516 5197 1819 5238 contextu.
1846 5197 1958 5238 Nec
1978 5198 2137 5238 enim

486 5253 822 5327 quidquam
858 5259 1064 5308 mutan
1114 5271 1217 5309 um
1245 5254 1611 5327 censuimus,
1641 5254 1762 5327 rati
1791 5255 1953 5327 hunc
1990 5253 2141 5327 Scri-

485 5325 679 5398 pturae
705 5326 907 5398 locum
941 5327 1203 5397 primum
1243 5326 1306 5381 in
1337 5343 1444 5381 ora
1472 5325 1607 5380 libri
1637 5325 1898 5398 positum
1930 5325 2138 5392 fuisse,

488 5397 543 5470 et
575 5397 796 5452 deinde
833 5397 967 5454 loco
1016 5413 1126 5452 suo
1170 5398 1370 5470 inepte
1401 5404 1658 5465 motum,
1694 5397 1757 5452 in
1793 5402 2140 5453 contextum

487 5469 809 5525 insiluisse.

561 5544 675 5613 (S2)
707 5541 907 5599 Codex
950 5540 1124 5597 Coisl.
1161 5546 1216 5598 et
1250 5540 1412 5598 Colb.
1449 5540 1753 5597 secundus
1799 5557 1938 5597 cum
1976 5545 2140 5597 utra-

487 5629 608 5687 que
636 5614 898 5671 editione
928 5624 1019 5675 τῆς
1062 5616 1206 5670 Tim).
1240 5613 1349 5687 Alii
1378 5614 1648 5687 quinque
1697 5630 1843 5687 mss.
1871 5621 1960 5687 τῆς
1985 5616 2101 5674 Υἱός
2125 5633 2138 5646 ο

491 5685 573 5742 sic
601 5691 669 5744 ut
712 5703 833 5744 vox
862 5688 995 5759 Υἱός,
1029 5687 1196 5759 quod
1229 5685 1420 5758 aiunt,
1451 5685 1568 5744 hoc
1605 5685 1742 5744 loco
1781 5685 2057 5746 absolute
2087 5689 2144 5742 et

2244 4679 2750 4738 indeclinabiliter
2782 4678 3080 4733 sumatur.

2317 4753 2429 4823 (83)
2465 4753 2616 4808 Editi
2643 4747 2972 4823 διαλέγηται,
3007 4752 3078 4823 At
3103 4741 3739 4823 mSSLSBX-éittllé'yﬂqz.

2316 4815 2431 4896 (84)
2466 4823 2716 4894 Conjicit
2758 4815 3201 4896 eruditissimus
3249 4821 3395 4875 Dan.
3428 4815 3846 4896 Wyttenbach.

2244 4889 2756 4967 legen'dumtresse
2808 4889 3172 4967 11)v__i<v6‘q10v
3215 4896 3408 4945 κτίσιν.
3443 4891 3665 4967 Videtis
3715 4890 3847 4961 ejus

2247 4963 2453 5024 annot.
2480 4967 2556 5022 ad
2589 4964 2852 5020 Platonis
2886 4963 3268 5035 Phaedonem.
3294 4978 3438 5035 pag.
3475 4966 3598 5017 302.
3630 4965 3784 5018 Emr.

2320 5043 2433 5108 (85)
2463 5037 2651 5093 Editio
2677 5041 2930 5107 utraque
2957 5039 3012 5089 et
3043 5034 3207 5108 Colb.
3247 5034 3589 5108 tertiusﬁrro;
3615 5037 3734 5095 Υἱός
3757 5036 3847 5086 καὶ

2249 5105 2375 5164 ὅπου
2402 5115 2604 5184 Πατήρ.
2633 5108 2740 5184 Alii
2771 5105 2892 5184 duo
2924 5123 3067 5184 ipss.
3085 5107 3336 5184 inverso
3361 5105 3571 5184 ordine
3593 5108 3720 5184 61101:
3746 5113 3850 5158 Πα-

2247 5188 2346 5258 τὴρ
2376 5187 2466 5258 καὶ
2497 5177 2624 5258 ότξου
2648 5183 2786 5258 Υἱός.
2819 5180 2880 5258 In
2908 5177 3038 5258 aliis
3059 5177 3300 5233 duobus
3327 5195 3470 5233 mss.
3496 5177 3738 5233 additur
3759 5193 3850 5233 ar-

2249 5252 2467 5328 ticulus
2500 5253 2876 5328 6_t1a17r‘ip...._6
2905 5252 3037 5310 Υἱός.
3177 5325 3184 5328 _
3537 5323 3545 5328 Δ
3657 5323 3695 5328 _
3722 5319 3758 5328 υ

2319 5327 2433 5393 (86)
2467 5323 2658 5380 Editio
2705 5319 2893 5391 Paris,
2946 5325 3264 5395 συνημμένος
3307 5323 3607 5395 corrupte.
3657 5319 3849 5395 Epditio

2252 5397 2428 5454 Basil.
2464 5403 2518 5452 et
2561 5395 2729 5453 Colb.
2782 5396 3019 5466 primus
3065 5393 3127 5448 et
3167 5397 3304 5463 Reg.
3333 5393 3565 5466 itidem
3616 5393 3849 5466 primus

2253 5473 2614 5542 συνημμένως,
2647 5465 3041 5538 conjunctim,
3070 5482 3190 5542 non
3226 5465 3400 5542 male.
3431 5465 3540 5521 Alii
3566 5465 3848 5542 quinque

2250 5538 2396 5597 mss;
2428 5538 2852 5613 συνουσιωμένως
2895 5538 3385 5613 coessentialiter,
3417 5554 3526 5595 seu
3551 5540 3612 5592 in
3638 5553 3766 5595 una
3793 5542 3849 5594 et

2248 5614 2451 5671 eadem
2481 5611 2758 5684 essentia,
2791 5611 3256 5684 signiﬁcantius.
