4098 6422
269 330 378 387 469

1680 318 1975 380 HOMILIA
2013 322 2105 379 DE
2144 322 2185 380 F
2191 325 2303 381 [DE

3542 330 3649 389 476

272 472 393 524 σου,
450 456 634 526 φησὶν,
681 455 741 506 τὸ
792 449 1005 525 ἀγαθόν,
1036 472 1050 487 ο
1108 454 1200 505 καὶ
1241 448 1415 518 πάλιν,
1450 455 1660 504 Πνεῦπα
1684 446 1863 509 εύθιὲς⁴

1984 448 2068 504 Αο
2092 463 2327 516 rursus,
2352 450 2653 520 Spiritum
2678 453 2909 508 rectum
2922 450 2993 507 ⁸³.
3043 452 3416 526 Rursusque,
3451 453 3649 524 Spiri-

271 548 362 596 καὶ
415 542 592 612 πάλιν,
644 546 714 597 Τό
763 550 978 618 Πνεῦμα
1030 544 1089 595 τὸ
1146 541 1315 614 ἅγιον.
1386 544 1487 594 Καὶ
1539 540 1566 592 ὁ
1622 537 1876 592 Ἀπόστο-

269 630 358 697 λος
387 633 507 707 (87)
536 654 552 667 ·
614 631 674 686 Ὀ
711 637 868 707 νόμος
908 639 1000 686 τοῦ
1049 633 1348 705 Πνεύματος
1391 639 1488 692 τῆς
1536 629 1697 691 ζωῆς.
1747 627 1875 680 Τού-

271 742 372 778 των
424 719 574 776 οὐδὲν
632 721 906 782 ἐπίκτητον
955 722 1116 794 αύτῷ,
1176 717 1301 775 οὐδὲ
1354 720 1569 794 ὕστερον
1648 717 1876 790 ἐπιγενό-

271 832 420 888 μενον
447 816 728 889 πρόσεστιν
758 833 771 847 ·
812 811 920 865 ἀλλ’
960 813 1133 888 ὥσπερ
1179 810 1480 885 ἀχώριστον
1526 815 1600 880 τῷ
1645 811 1773 884 πυρὶ
1814 809 1875 860 τὸ

274 905 584 979 θερμαίνειν,
634 908 723 957 καὶ
771 912 842 975 τῷ
891 906 1022 976 φωτὶ
1068 905 1127 955 τὸ
1174 901 1392 975 λάμπειν
1420 922 1435 935 ο
1481 900 1616 953 οὕτω
1663 902 1753 952 καὶ
1800 906 1873 970 τῷ

271 997 539 1068 Πνεύματι
587 996 645 1046 τὸ
693 992 947 1067 ἀγιάζειν,
978 995 1037 1046 τὸ
1087 992 1376 1060 ζωοποιεῖν,
1426 992 1457 1049 ἡ
1505 988 1787 1062 ἀγαθότης,
1838 988 1870 1048 ἡ

273 1084 517 1146 εὐθύτης.
566 1082 703 1138 Ἐκεῖ
743 1088 914 1137 τοίνυν
963 1083 1151 1142 ἕστηκε
1188 1085 1246 1135 τὸ
1292 1088 1519 1154 Πνεῦμα,
1576 1077 1697 1145 ἐκεῖ,
1727 1077 1775 1131 ἐν
1804 1084 1868 1150 τῇ

273 1178 510 1247 μακαρίᾳ
545 1176 715 1246 φύσει,
748 1173 807 1226 ού
853 1174 985 1247 μετὰ
1033 1172 1265 1233 πλήθους
1317 1169 1713 1244 ἀριθμούμενον,
1762 1165 1870 1219 ἀλλ’

272 1262 327 1315 ἓν
380 1270 443 1336 τῇ
497 1260 692 1338 Τριάδι
743 1265 1124 1338 θεωρούμενον·
1165 1257 1464 1335 μοναδικῶς
1503 1258 1871 1332 ἐξαγγελλόμε-

266 1370 372 1420 νον,
419 1351 513 1405 οὐκ
564 1352 1052 1428 ἐμπεριειλημμένον
1083 1358 1192 1414 τοῖς
1227 1355 1584 1423 συστήμασιν.
1632 1346 1722 1411 Ὠς
1766 1350 1867 1423 γὰρ

267 1446 453 1518 Πατὴρ
495 1444 587 1508 εἷς,
631 1447 722 1495 καὶ
774 1445 896 1504 Υίὸς
952 1442 1023 1504 εἷς
1080 1461 1093 1476 ο
1153 1441 1317 1504 οὕτως
1364 1438 1412 1493 ἓν
1464 1443 1554 1513 agi.
1609 1442 1667 1491 τὸ
1720 1438 1868 1509 ἅγιον

267 1537 499 1606 Πνεῦμα.
558 1534 637 1587 Τὰ
677 1529 736 1586 δε
771 1531 1105 1608 λειτουργικὰ
1167 1532 1438 1604 πνεύματα
1487 1528 1604 1582 καθ’
1649 1529 1868 1581 ἕκαστον

262 1624 449 1695 τάγμα
505 1621 705 1685 πλῆθος
753 1624 880 1695 ἡμῖν
931 1622 1200 1693 ὑποφαίνει
1257 1616 1728 1696 δυσεξαριθμητον.
1782 1622 1867 1677 Μὴ

262 1716 440 1764 τοίνυν
491 1712 637 1773 ζήτει
683 1710 732 1764 ἐν
786 1719 850 1784 τῇ
900 1714 1072 1763 κτίσει
1109 1713 1168 1762 τὸ
1211 1711 1339 1786 ὑπὲρ
1381 1714 1471 1768 τὴν
1518 1712 1693 1761 κτίσιν
1723 1728 1735 1742 ·
1791 1710 1863 1780 μὴ

262 1803 573 1875 καταγάγῃς
611 1803 669 1853 τό
701 1800 921 1873 ἁγιάζον
950 1803 1082 1874 μετὰ
1118 1809 1218 1854 τῶν
1272 1800 1649 1873 ἁγιαζόμίνων.
1702 1804 1868 1850 Τοῦτο

260 1890 460 1966 πληροῖ
481 1890 752 1963 ἀγγέλους,
800 1891 992 1967 πληροῖ
1035 1889 1414 1967 ἀρχαγγέλους,
1467 1888 1673 1962 ἁγιάζει
1712 1884 1870 1940 δυνά-

261 2001 400 2056 μεις,
444 1983 782 2043 ζωοποιεῖτά
808 1985 1106 2056 σύμπαντα.
1165 1990 1329 2035 Τοῦτο
1373 1981 1445 2045 εἰς
1489 1987 1664 2034 πᾶσαν
1693 1983 1867 2032 κτίσιν

261 2076 621 2147 μεριζόμενον,
662 2078 752 2126 καὶ
781 2072 949 2136 ἄλλως
985 2072 1073 2126 ὑπ’
1112 2072 1268 2126 ἄλλον
1299 2076 1664 2146 μετεχόμενον,
1717 2066 1868 2124 οὐδὲν

262 2162 573 2216 ἐλαττοῦται
620 2165 765 2239 παρὰ
828 2172 928 2215 τῶν
984 2167 1329 2236 μετεχόντων.
1410 2168 1552 2215 Πᾶσι
1621 2163 1711 2235 μὲν
1772 2164 1866 2220 τὴν

260 2252 392 2326 παρ’
440 2251 622 2305 ἑαυτοῦ
668 2255 832 2328 χάριν
878 2248 1142 2307 δίδωσιν·
1194 2251 1290 2305 οὐκ
1335 2249 1672 2305 ἀναλίσκεται
1712 2246 1771 2304 δὲ
1795 2251 1870 2314 εἰς

261 2346 390 2405 τοὺς
454 2345 771 2416 μετέχοντας
800 2364 813 2377 ·
884 2341 1014 2396 ἀλλά
1062 2344 1154 2395 καὶ
1211 2343 1260 2394 οἱ
1322 2340 1560 2403 λαϐόντες
1616 2340 1869 2414 πληροῦν-

263 2452 357 2487 ται
387 2433 522 2505 (88),
555 2437 645 2487 καὶ
676 2432 803 2486 αύτὸ
835 2431 975 2486 ἐστιν
1006 2428 1255 2495 ἀνενδεᾶ.
1290 2435 1393 2485 Καὶ
1436 2433 1609 2506 ὥσπερ
1660 2432 1685 2483 ὀ
1725 2430 1871 2494 ἣλιος

264 2522 571 2597 ἓπιλάμπων
647 2531 761 2586 τοῖς
828 2528 1061 2596 σώμασι,
1119 2526 1208 2574 καὶ
1252 2521 1502 2583 ποικίλως
1553 2521 1639 2574 ὑπ’
1698 2520 1866 2573 αὐτῶν

263 2619 634 2687 μετεχόμενος,
662 2609 813 2667 οὐδὲν
842 2612 1146 2666 ἐλαττοῦται
1173 2614 1318 2687 ποιρά
1345 2620 1445 2663 τῶν
1492 2614 1815 2684 μετεχόντων
1848 2631 1862 2645 ·

261 2703 400 2756 οὕτω
447 2707 538 2756 καὶ
580 2704 638 2755 τό
682 2709 894 2775 Πνεῦμα
938 2708 1073 2756 πᾶσι
1118 2705 1212 2760 τὴν
1267 2700 1391 2775 παρ’
1447 2700 1635 2753 ἑαυτοῦ
1699 2702 1864 2774 χάριν

259 2797 518 2868 παρέχον,
591 2791 841 2867 ἀμείωτον
916 2795 1054 2865 μένει
1118 2795 1210 2843 καὶ
1282 2787 1601 2864 ἀδιαίρετον.
1659 2792 1864 2853 Πάντας

261 2886 477 2956 φωτίζει
511 2885 643 2957 πρός
684 2887 779 2941 τὴν
821 2889 913 2934 τοῦ
961 2889 1093 2935 Θεοῦ
1141 2885 1479 2947 κατανόησιν,
1522 2879 1704 2954 ἔμπνεῖ
1750 2888 1861 2943 τοῖς

1986 544 2113 595 tum
2143 546 2416 598 sanctum
2429 542 2500 597 ⁸⁵.
2546 541 2701 608 Quin
2730 545 2787 597 et
2816 541 3143 615 Apostolus
3170 559 3184 598 :
3225 544 3354 600 Lex
3377 546 3647 614 Spiritus

1985 633 2201 688 vitae“.
2252 632 2478 689 Horum
2505 632 2654 689 nihil
2684 630 3008 689 ascititium
3040 633 3113 703 ei,
3146 648 3259 688 nec
3301 635 3649 711 quidquam

1982 727 2194 796 postea
2213 723 2612 781 adventitium
2642 722 2842 793 adest;
2872 724 2978 780 sed
2999 724 3522 797 quemadmodum
3545 742 3647 784 ca-

1981 811 2217 869 lefactio
2237 814 2504 887 separari
2520 813 2599 870 ab
2624 814 2762 884 igne
2783 828 2908 869 non
2929 817 3146 886 potest,
3170 829 3283 870 nec
3303 814 3592 887 splendor
3611 831 3649 874 a

1980 901 2117 959 luce
2142 920 2156 959 :
2189 902 2274 959 sic
2294 918 2407 960 nec
2425 918 2467 961 a
2487 903 2707 976 Spiritu
2728 903 3150 975 sanctiﬁcatio,
3173 903 3518 969 vivxﬁcatio,
3540 904 3648 962 bo-

1981 992 2162 1061 nitas,
2189 993 2506 1050 rectitudo.
2533 992 2654 1050 Illic
2683 994 2853 1066 133
2869 993 3053 1063 igitur
3076 994 3330 1068 Spiritus
3351 996 3646 1063 consistit,

1980 1080 2100 1138 illic
2129 1081 2191 1138 in
2214 1081 2394 1139 beata
2424 1086 2672 1151 natura;
2700 1098 2824 1138 non
2856 1099 2994 1138 cum
3024 1083 3408 1140 multitudine
3431 1099 3647 1140 nume-

1980 1175 2168 1238 ratur,
2192 1171 2300 1227 sed
2329 1171 2390 1227 in
2418 1170 2697 1227 Trinitate
2729 1172 3118 1245 conspicitur,
3156 1170 3419 1229 solitaria
3454 1187 3647 1229 enun-

1980 1260 2181 1330 tiatur,
2214 1277 2338 1317 non
2368 1261 2430 1318 in
2461 1261 2676 1317 turmis
2698 1277 2769 1318 ac
2800 1262 3059 1318 coetibus
3091 1262 3647 1336 comprehenditur.

1981 1353 2052 1408 Ut
2081 1351 2242 1408 enim
2275 1354 2447 1424 pater
2472 1367 2631 1408 unus
2661 1357 2771 1422 est,
2812 1355 2870 1408 et
2912 1352 3091 1408 Filius
3120 1368 3281 1408 unus
3317 1371 3330 1409 :
3376 1354 3462 1410 sic
3486 1369 3647 1411 unus

1979 1443 2161 1499 etiam
2191 1443 2439 1515 Spiritus
2471 1446 2738 1499 sanctus.
2768 1446 2842 1499 At
2861 1458 3005 1498 vero
3037 1442 3378 1499 administri
3403 1443 3648 1515 spiritus

1976 1532 2039 1588 in
2064 1533 2320 1604 singulis
2335 1532 2654 1589 ordinibus
2675 1532 3290 1606 multitudinemque:
3318 1533 3416 1589 vix
3437 1550 3649 1591 nume-

1976 1623 2097 1678 rari
2118 1626 2335 1696 potest,
2351 1622 2531 1678 nobis
2553 1621 2861 1679 exhibent.
2880 1621 3054 1689 Quod
3074 1622 3258 1693 igitur
3277 1637 3466 1696 supra
3486 1638 3649 1681 crea-

1979 1715 2176 1768 turam
2206 1717 2314 1779 est,
2344 1711 2406 1767 id
2430 1712 2493 1768 in
2523 1716 2797 1768 creatura
2819 1727 2892 1767 ne
2918 1726 3159 1785 quaeras
3187 1728 3200 1766 :
3233 1726 3311 1767 ne
3337 1726 3479 1767 cum
3512 1727 3648 1769 san-

1978 1800 2251 1857 ctiﬁcatis
2275 1801 2582 1874 deprimas
2609 1799 2781 1873 quod
2812 1800 3170 1859 sanctificat.
3200 1799 3301 1856 Ille
3328 1800 3518 1874 replet
3545 1816 3649 1858 an-

1977 1891 2362 1963 gelos,replet
2381 1890 2799 1961 archangelos,
2821 1890 3162 1947 sanctiﬁcat
3180 1894 3531 1963 potestates,
3564 1890 3650 1947 vi-

1974 1982 2181 2039 viﬁcat
2192 1981 2418 2039 omnia.
2441 1981 2537 2039 Ille
2558 1981 2620 2038 in
2632 1996 2879 2038 omnem
2892 1985 3232 2039 creaturam
3247 1980 3648 2050 divisus,cum

1977 2070 2148 2128 aliter
2178 2071 2334 2128 alius
2362 2070 2670 2144 particeps
2701 2072 2832 2143 ejus
2863 2070 2988 2134 ﬁat,
3017 2069 3169 2127 nihil
3186 2075 3392 2127 tamen
3415 2072 3649 2143 aparti-

1977 2161 2318 2235 cipantibus
2375 2162 2687 2218 minuitur.
2745 2159 3040 2217 Omnibus
3092 2159 3343 2233 quidem
3384 2152 3647 2233 gratiam

1978 2268 2149 2309 suam
2160 2252 2563 2323 largitur,non
2574 2254 2775 2309 tamen
2787 2249 3180 2307 insumiturin
3191 2249 3645 2323 participantes,

1978 2342 2089 2399 sed
2119 2346 2177 2399 et
2205 2342 2313 2415 qui
2337 2345 2722 2415 acceperunt,
2744 2340 3146 2412 replentur,et
3164 2339 3445 2413 ipsinibil
3466 2340 3646 2413 quid-

1977 2448 2164 2506 quam
2181 2429 2980 2504 deest.thuemadmodum
3007 2429 3100 2486 sol
3119 2445 3259 2486 cum
3290 2446 3549 2502 corpora
3575 2429 3646 2487 i1-

1976 2523 2275 2593 lustrat,et
2292 2521 2371 2579 ab
2388 2521 2473 2577 eis
2492 2521 2656 2577 varie
2683 2520 3104 2593 participatur,
3126 2518 3275 2576 nihil
3292 2519 3584 2577 minuitur
3607 2535 3646 2579 a

1975 2611 2515 2686 participantibus:
2569 2611 2653 2667 ita
2696 2610 2880 2667 etiam
2911 2609 3163 2683 Spiritus
3185 2610 3444 2680 gratiam
3463 2626 3644 2667 suam

1976 2703 2262 2761 omnibus
2291 2700 2665 2775 impertiens,
2706 2696 2941 2770 integer
2979 2704 3187 2757 manet
3226 2704 3281 2756 et
3316 2698 3639 2757 indivisus.

1976 2792 2271 2850 Omnibus
2290 2792 2497 2847 lumen
2517 2789 2623 2848 dat
2643 2790 2721 2848 ad
2741 2788 3193 2862 assequendam
3215 2788 3316 2844 Dei
3336 2787 3638 2857 notitiam,

1972 2882 2144 2941 efﬂat
2167 2879 2909 2955 prophetas,legislatores
2934 2878 3300 2951 sapientiam
3320 2878 3517 2948 docet,
3539 2894 3639 2935 sa-

259 2977 570 3047 προφήταις,
629 2974 911 3046 νομοθέτας
973 2972 1197 3045 σοφίζει,
1278 2973 1442 3047 ἱερέας
1505 2970 1707 3037 τελειοῖ,
1777 2969 1860 3022 ἐν-

1976 2972 2244 3031 cerdotes
2274 2974 2610 3037 consecrat,
2642 2969 3211 3040 corroboratreges.
3234 2968 3431 3040 justos
3463 2967 3641 3041 perﬁ-

260 3065 445 3134 ισχύει
491 3061 751 3135 βασιλεῖς,
783 3066 1088 3136 καταρτίζει
1146 3059 1408 3130 δικαίους,
1467 3063 1701 3135 σεμνύνει
1750 3066 1859 3114 σώ-

253 3171 462 3226 φρονας,
509 3151 701 3228 ἐνεργεῖ
760 3158 1080 3227 χαρίσματα
1133 3151 1384 3226 ἰαμάτων,
1432 3152 1677 3212 ζωοποιεῖ
1737 3154 1859 3211 τούς

248 3246 483 3317 νεκρούς,
514 3243 625 3297 λύει
653 3247 777 3305 τοὺς
810 3240 1220 3316 πεπεδημένους,
1272 3243 1495 3295 υἰοθετεῖ
1536 3242 1656 3306 τούς
1700 3242 1858 3301 ἠλλοι-

249 3337 586 3408 τριωμένους.
645 3340 824 3387 Ταῦτα
869 3330 964 3386 διὰ
1004 3340 1101 3396 τῆς
1147 3333 1337 3386 ἄνωθεν
1380 3336 1667 3406 γεννήσεως
1716 3332 1856 3410 ἐνερ-

247 3429 352 3493 γεῖ.
416 3422 535 3475 Ἐὰν
586 3421 805 3482 τελώνην
861 3420 991 3494 λάϐῃ
1064 3423 1402 3489 πιστεύοντα,
1480 3421 1857 3495 εὐαγγελιστὴν

248 3507 663 3564 ἀποδείκνυσιν-
719 3512 803 3566 ἐὰν
851 3512 901 3568 ἓν
958 3514 1093 3569 ἁλιεῖ
1136 3517 1371 3583 γίνηται,
1433 3513 1663 3586 θεολόγον
1730 3511 1858 3566 ἀπο-

247 3600 423 3654 τελεῖ·
493 3600 577 3653 ἐὰν
654 3598 882 3663 διώκτην
954 3606 1079 3682 εὕρῃ
1146 3613 1511 3681 μετανοοῦντα,
1569 3601 1855 3657 ἀπόστολον

250 3688 409 3744 ἐθνῶν
458 3689 809 3765 ἀπεργάζεται
868 3697 1008 3766 (89),
1089 3702 1298 3772 κήρυκα
1351 3701 1596 3761 πίστεως,
1674 3700 1857 3755 σκεῦος

252 3778 491 3854 ἓκλογῆς.
524 3781 600 3835 Δι’
644 3783 804 3837 αὐτοῦ
851 3787 902 3839 οἱ
946 3784 1179 3849 ἀσθενεῖς
1229 3787 1485 3861 ἰσχυροίο
1545 3786 1595 3838 οἱ
1649 3786 1857 3855 πτωχοὶ

250 3871 627 3934 πλουτίζουσιν
652 3895 666 3908 ο
725 3878 776 3927 οἱ
835 3872 1047 3930 ἰδιῶται
1102 3885 1176 3949 τῷ
1225 3876 1360 3949 λόγῳ
1419 3879 1700 3949 σοφώτεροι
1752 3872 1857 3926 εἰσι

249 3969 351 4014 τῶν
412 3971 605 4037 σοφῶν.
650 3963 854 4028 Παῦλος
901 3964 1145 4034 ἀσθενὴς,
1191 3965 1321 4020 ἀλλὰ
1377 3963 1473 4020 διὰ
1517 3969 1612 4025 τὴν
1650 3984 1854 4040 παρου-

251 4056 368 4106 σίαν
397 4061 490 4106 τοῦ
544 4057 841 4127 Πνεύματος
877 4058 943 4109 τὰ
992 4053 1258 4131 σουδάρια
1308 4064 1399 4110 τοῦ
1430 4059 1643 4130 χρωτὸς
1691 4055 1853 4108 αὐτοῦ

249 4141 391 4196 ἴασιν
432 4152 657 4219 παρεῖχε
693 4152 805 4208 τοῖς
849 4143 1284 4220 ὑποδεχομένοις.
1338 4150 1527 4221 Πέτρος
1564 4151 1655 4199 καὶ
1697 4146 1853 4208 αὐτὸς

1970 3065 2067 3131 cit,
2091 3062 2419 3137 prudentes
2448 3060 2828 3128 cohonestet,
2868 3064 3155 3131 operatur
3181 3058 3347 3115 dona
3376 3058 3639 3115 sanatio-

1966 3169 2138 3225 nugn,
2166 3151 2430 3209 viviﬁcat
2454 3155 2749 3212 mortuos,
2780 3148 2959 3205 solvit
2979 3147 3380 3220 compeditos,
3403 3146 3636 3203 alienos

1967 3246 2220 3318 adoptat
2240 3243 2300 3299 in
2314 3241 2494 3299 ﬁlios.
2518 3243 2652 3296 Haec
2668 3243 2954 3312 operatur
2971 3254 3078 3311 per
3103 3252 3434 3310 supernam
3449 3252 3636 3310 gene-

1965 3335 2285 3392 rationem.
2312 3332 2370 3390 Si
2390 3329 2787 3404 publicanum
2819 3329 3167 3393 credentem
3197 3332 3413 3384 nactus
3431 3327 3632 3397 fuerit,

1964 3424 2164 3483 reddit
2182 3421 2615 3495 evangelistam
2627 3422 2706 3490 6‘1;
2763 3419 2814 3475 si
2839 3418 3117 3476 inciderit
3142 3418 3205 3475 in
3243 3418 3631 3492 piscatorem,

1967 3514 2316 3585 theologum
2361 3512 2602 3580 facit“;
2658 3510 2712 3566 si
2762 3514 3211 3583 persecutorem
3239 3507 3632 3582 pcenitentem

1967 3602 2305 3673 offenderit,
2334 3601 2514 3658 efficit
2559 3599 2907 3673 apostolum
2945 3599 3241 3671 gentium,
3284 3613 3632 3672 praeconem

1966 3693 2130 3761 ﬁdei,
2160 3709 2274 3750 vas
2299 3690 2606 3748 electionis
2623 3692 2693 3745 ϐο.
2742 3692 2851 3745 Per
2877 3688 3083 3761 ipsum
3109 3688 3339 3745 debiles
3364 3687 3635 3744 evadunt

1966 3784 2173 3848 fortes,
2204 3798 2507 3857 pauperes
2538 3781 2864 3846 ditescant,
2898 3778 3098 3835 idiotas
3130 3782 3186 3835 et
3215 3777 3512 3842 sermonis
3530 3793 3630 3833 ru-

1966 3874 2076 3931 des
2089 3873 2383 3946 sapientia
2395 3871 2772 3944 sapientibus
2786 3868 3316 3943 praestant.Paulus
3330 3867 3629 3936 inﬁrmus;

1966 3971 2024 4022 et
2054 3970 2258 4021 tamen
2282 3963 2364 4018 ob
2398 3962 2650 4035 Spiritus
2693 3959 3106 4032 praesentiam,
3145 3956 3414 4031 corporis
3438 3956 3631 4029 ipsius

1969 4055 2220 4113 sudaria
2251 4053 2569 4110 sanitatem
2596 4051 2930 4109 efferebant
2950 4047 3419 4122 suscipientibus
3438 4047 3629 4104 7°.Pe-

1966 4150 2094 4203 trus
2120 4148 2247 4200 erat
2266 4142 2471 4215 etipse
2488 4156 2742 4214 corpore
2770 4139 3014 4195 inﬁrmo
3044 4136 3493 4195 circumdatus:
3520 4136 3630 4193 sed

255 4239 405 4306 σῶμα
496 4239 843 4309 περικείμενος
918 4235 1186 4298 ἀσθενείας
1226 4238 1362 4310 (90),
1422 4236 1550 4290 ἀλλὰ
1616 4234 1710 4297 διὰ
1764 4242 1855 4297 τὴν

1976 4252 2075 4310 per
2105 4233 2550 4291 inhabitantem
2581 4231 2838 4304 Spiritus
2870 4228 3154 4299 gratiam,
3185 4226 3407 4285 umbra
3434 4243 3467 4284 e
3496 4242 3630 4284 cor-

254 4319 551 4377 ἐνοικοῦσαν
580 4327 744 4400 χάριν
786 4333 880 4379 τοῦ
933 4329 1231 4401 Πνεύματος
1281 4329 1312 4387 ἡ
1372 4326 1702 4381 ἐκπίπτουσα
1760 4333 1853 4381 τοῦ

258 4419 500 4488 σώματος
549 4417 676 4469 σκιά
707 4413 969 4471 ἀπεδίωκε
1013 4419 1108 4480 τὰς
1152 4422 1339 4481 νόσους
1388 4427 1489 4471 τῶν
1536 4438 1856 4472 καταπονου-

260 4508 436 4577 μένων.
484 4509 711 4578 Πτωχὸς
758 4510 952 4582 Πέτρος
987 4512 1087 4560 κωὶ
1135 4507 1374 4571 Ἰωάννης
1404 4529 1416 4542 ο
1473 4509 1532 4560 ού
1556 4510 1658 4584 γὰρ
1711 4507 1855 4581 εἶχον

259 4592 525 4670 ἀργύριον,
551 4593 676 4649 ούδε
705 4601 933 4672 χρυσίον
960 4598 1081 4670 (91)
1106 4619 1119 4632 ·
1179 4595 1290 4651 ἀλλ’
1327 4596 1637 4671 ἐχαρίζοντο
1658 4600 1856 4670 ὑγίειαν

261 4686 453 4740 πολλῶν
500 4692 744 4762 χρυσίων
773 4692 1106 4765 τιμιωτέραν.
1157 4691 1310 4764 Παρὰ
1362 4689 1558 4743 πολλῶν
1603 4691 1707 4764 γὰρ
1760 4689 1858 4743 λα·-

329 4813 376 4849 ⁶⁵
406 4813 558 4872 Psal.
584 4832 637 4882 ι,
665 4818 751 4871 t2.
829 4816 877 4852 ⁸⁸
905 4814 1054 4872 ibid.
1091 4816 1177 4873 13.
1256 4816 1507 4890 δθίΒοω.
1531 4832 1656 4887 vm,
1677 4819 1735 4876 2.

261 4915 384 4967 xu.
416 4908 503 4964 l2.
577 4907 624 4942 τί
657 4909 867 4974 Act.v,
896 4909 986 4962 t5.
1061 4907 1112 4943 ⁷³
1138 4909 1264 4963 Act.
1296 4922 1381 4978 ιη,
1414 4910 1470 4963 6.

336 5026 449 5105 (8'71
472 5031 703 5105 Veteres
733 5030 967 5105 aliquot
983 5031 1120 5088 libri
1147 5033 1287 5105 xaté
1317 5031 1518 5094 Παῦλός
1543 5051 1702 5105 φησιν
1727 5053 1740 5067 ο
1768 5031 1851 5105 ῗο.

268 5097 392 5187 {to}
418 5102 557 5187 βεδε.
590 5097 1201 5187 ρι’ἰῑηυεξέπςγινὸμενόν
1233 5104 1394 5187 ἐστιν.
1437 5097 1857 5187 Colb._tertius

265 5165 699 5248 habetquoque
725 5175 887 5231 ἐστίν.
922 5165 1189 5233 Subinde
1221 5177 1344 5233 duo
1389 5194 1537 5233 mss.
1589 5177 1724 5230 οὕτω
1765 5179 1856 5230 καὶ

262 5244 722 5319 τῷτ-Ῡοόιιλξίκαί
749 5248 960 5305 aberat
981 5265 1016 5304 a
1048 5248 1322 5319 vulgatis.

320 5316 618 5387 (88)Colb.
643 5320 855 5376 tertius
884 5325 941 5376 et
964 5322 1104 5391 Reg.
1134 5316 1367 5391 primus
1391 5319 1632 5383 λαϐόντες
1671 5319 1860 5379 πεπλή-

258 5401 461 5469 ρωνται.
497 5390 1026 5469 ‘Aliquanto‘post
1060 5390 1261 5449 iidem
1317 5410 1466 5450 mss.
1524 5408 1667 5448 cum
1718 5395 1856 5463 Reg.

258 5463 429 5539 tertio
451 5466 547 5539 τῂν
557 5534 569 5539 _
577 5463 773 5539 εαυτῶν
786 5463 956 5539 ’χάριν
965 5506 978 5519 .

327 5532 436 5601 (89)
467 5534 639 5611 Colb:
668 5532 884 5611 tertius'
897 5535 1193 5611 ἐργάζεται.
1219 5537 1429 5595 Statim
1449 5540 1569 5611 tres
1592 5539 1696 5611 aut
1712 5551 1861 5611 qua-

256 5607 390 5660 tuor
413 5622 566 5665 mss.
608 5604 704 5663 διὰ
739 5604 928 5662 τούτου
952 5604 1002 5662 οἱ
1025 5608 1276 5674 ἀσθενεῖς.
1310 5613 1427 5667 Nec
1453 5608 1537 5665 ita
1556 5604 1753 5665 multo
1774 5608 1863 5665 in-

1812 4817 1856 4854 "
1876 4816 2080 4875 Matth.
2106 4832 2185 4886 xx,
2214 4817 2266 4871 9.

1964 4343 2113 4400 pore
2132 4325 2424 4399 prolapsa
2438 4321 2690 4380 morbos
2707 4326 2976 4391 aegrotan
2986 4319 3133 4376 tium
3152 4318 3633 4389 fugabat“.Pau-

1965 4432 2140 4491 peres
2169 4419 2374 4471 Petrus
2400 4416 2458 4469 et
2481 4415 2744 4469 Joannes
2769 4411 2915 4482 (non
2941 4409 3105 4466 enim
3136 4408 3222 4465 eis
3269 4412 3398 4465 erat
3418 4422 3632 4478 argen-

1964 4512 2322 4578 tum,neque
2344 4503 2641 4573 aurum”)
2670 4520 2683 4558 :
2718 4501 2827 4557 sed
2859 4504 3062 4557 tamen
3087 4498 3506 4568 largiebantur
3535 4513 3629 4554 sa-

1964 4598 2213 4654 nitatem
2232 4594 2435 4652 multis
2456 4592 2726 4649 nummis
2746 4590 2945 4647 aureis
2966 4588 3629 4662 praestantiorem.Nam

1967 4687 2221 4746 claudus
2245 4684 2341 4743 ille
2356 4701 2394 4742 a
2407 4683 2609 4741 multis
2634 4686 2885 4754 accepto
2910 4695 3080 4749 auro,
3099 4682 3230 4735 erat
3243 4678 3445 4735 adhuc
3459 4692 3628 4734 men-

2345 4813 2392 4849 δε
2419 4809 2619 4869 Matth.
2646 4825 2723 4879 ιν,
2757 4807 2844 4864 19.
2922 4807 2969 4842 οε
2993 4807 3118 4862 Act.
3140 4821 3220 4875 1x,
3248 4807 3332 4889 ιδ,
3409 4805 3458 4840 ῖο
3480 4805 3615 4862 Act.

1960 5030 2054 5108 fra
2078 5032 2222 5108 Reg.
2255 5027 2490 5108 primus
2516 5024 3141 5108 uraixoijﬂnpritovmt.

2038 5103 2144 5175 (90)
2167 5095 2424 5175 'A_n_'tiqui
2455 5101 2577 5157 duo
2616 5095 2755 5167 libri
2788 5104 3029 5175 σώματος
3072 5095 3422 5175 περικείμενος
3474 5095 3627 5175 ἀσθέ-

1964 5165 2139 5230 νειξκνί
2164 5172 2276 5229 Alii
2305 5165 2568 5246 quatuor
2610 5165 2756 5227 mSS.
2808 5165 2891 5227 ita
2930 5173 2994 5224 ut
3036 5165 3343 5224 edendum
3391 5165 3627 5223 curavi-

1965 5264 2125 5304 mus.
3336 5298 3344 5306 _

2040 5323 2155 5390 (91)
2186 5322 2250 5374 In
2272 5316 2516 5390 duobus
2534 5332 2716 5390 mss”
2744 5329 2856 5386 pro
2902 5307 3026 5390 οῦδέ
3054 5313 3281 5390 χρυσίον
3319 5308 3619 5390 legitur]:

1969 5381 2222 5466 χρρσίδηε
2250 5393 2379 5448 Mox
2407 5388 2547 5444 editi
2584 5381 2770 5466 πολλῇ
2786 5381 3063 5466 χρυσίου(
3084 5381 3335 5466 Antiqui
3377 5386 3497 5438 tres
3527 5382 3622 5466 ,Ιὶδ

2013 5453 2061 5519 l‘i
2113 5461 2308 5537 πολλῶν
2343 5466 2607 5537 χρυσίων.
2650 5453 2842 5537 CAG-1b.:
2866 5456 3099 5529 primus
3131 5453 3320 5537 πολλοῦ
3364 5458 3643 5528 χρυσίουο,

1969 5534 2139 5594 Haud
2164 5531 2352 5606 longe
2365 5531 2504 5591 editi
2520 5535 2746 5608 χρυσόν.
2779 5534 2851 5586 At
2875 5544 3023 5585 mss.
3049 5531 3300 5603 χρυσίον.
