4098 6434
402 308 500 365 471

1788 311 1846 368 S.
1888 309 2139 368 BASlLll
2178 310 2396 370 MAGNI

3667 327 3774 382 472

402 432 611 492 dicus:
645 430 752 488 sed
771 435 1012 505 recepto
1043 448 1078 490 a
1109 435 1279 491 Petro
1299 432 1620 506 beneﬁcio,
1645 433 1865 490 saliens
1887 435 2064 507 quasi

2176 435 2272 487 ϐων
2302 441 2528 510 χρυσίον
2574 440 2598 491 ὁ
2638 440 2832 512 χωλὸς,
2887 445 2961 494 ἔτι
3011 445 3309 516 προσαίτης
3357 441 3456 502 ἦν’
3520 448 3666 521 παρὰ
3715 445 3774 502 δὲ

402 535 638 594 cervus,
664 524 978 595 Deumque
1005 522 1284 596 laudans,
1319 527 1668 582 mendicare
1700 525 1892 581 desiit.
1935 529 2064 581 Non

387 617 656 672 noverat
682 615 946 672 Joannes
967 614 1182 670 mundi
1205 615 1802 688 sapientiam,tamen
1825 632 1929 688 per
1940 615 2065 688 Spi-

400 702 552 768 ritus
581 703 917 776 potentiam
941 704 1186 776 protulit
1205 705 1411 777 verba,
1431 723 1566 778 quas
1593 704 2064 778 sapientianulla

404 796 607 868 potest
632 793 922 850 contueri.
949 793 1046 850 [lle
1075 798 1134 850 et
1155 794 1218 850 in
1248 795 1398 851 caelo
1423 795 1720 865 consistit,
1748 800 1803 852 et
1840 799 2064 851 terram

404 881 690 954 replet,et
709 881 937 955 ubique
958 883 1148 952 adest,
1163 900 1275 940 nec
1296 901 1562 958 usquam
1584 885 1936 941 continetur.
1957 887 2065 940 To-

406 975 504 1028 tus
522 971 586 1027 in
608 986 981 1046 unoquoque
1001 973 1321 1044 inhabitat,
1343 979 1581 1031 ettotus
1613 991 1752 1030 cum
1797 978 1916 1030 Deo
1954 977 2064 1030 est.

409 1061 581 1118 Dona
606 1061 907 1118 ministrat
931 1078 1057 1119 non
1079 1064 1556 1120 ministrimore:
1610 1063 1716 1120 sed
1747 1080 1856 1120 sua
1874 1064 2067 1136 ipsius

410 1150 764 1210 auctoritate
795 1153 1052 1223 partitur
1079 1169 1353 1210 munera.
1395 1153 1616 1210 Dividit
1638 1153 1820 1223 enim,
1848 1154 2063 1226 inquit,

406 1242 803 1312 peculiariter
814 1244 1483 1314 unicuique,proutvult
1497 1244 1807 1302 ".Mittitur
1819 1244 2068 1316 quidem

410 1330 475 1389 in
504 1331 943 1405 dispensatoris
957 1334 1330 1390 etneconomi
1353 1333 1637 1394 modum:
1669 1334 1777 1390 sed
1798 1335 2068 1406 agitpro-

409 1421 544 1496 pria
568 1426 882 1495 potestate.
925 1426 1243 1480 Precemur
1287 1424 1480 1493 illum,
1508 1429 1574 1482 ut
1597 1425 1816 1481 animis
1843 1424 2070 1482 nostris

411 1512 587 1574 adsit,
615 1528 727 1568 nec
757 1512 878 1569 ullo
910 1519 1181 1587 tempore
1210 1531 1323 1571 nos
1359 1515 1623 1582 deserat,
1664 1531 1773 1587 per
1810 1515 2069 1585 gratiam

409 1601 650 1658 Domini
665 1602 1001 1660 nostrilesu
1024 1604 1271 1660 Christi:
1316 1604 1412 1660 cui
1442 1605 1634 1676 gloria
1664 1609 1721 1661 et
1743 1605 2069 1678 imperium

409 1689 474 1751 in
499 1690 724 1749 smcula
749 1691 1134 1751 seculorum.
1162 1694 1380 1753 Amen.

908 2026 1082 2102 135.
1114 2029 1405 2087 HOMlLlA
1443 2030 1576 2086 xvr.

552 2147 629 2203 In
656 2146 840 2213 illud,
883 2169 911 2200 ‹‹
930 2148 1004 2205 In
1028 2148 1332 2218 principio
1358 2154 1488 2206 erat
1531 2147 1779 2205 Verbvm
1802 2169 1830 2197 υ
1852 2148 1923 2202 ⁷⁸.

485 2269 534 2320 1.
571 2265 778 2321 Omnis
797 2265 1048 2338 quidem
1071 2265 1538 2336 Evangeliorum
1559 2281 1677 2322 vox
1692 2265 1939 2338 reliquis
1958 2264 2068 2321 do-

410 2354 706 2410 cumentis
738 2371 774 2411 a
801 2355 1021 2428 Spiritu
1068 2355 1301 2411 traditis
1344 2355 1834 2426 magnificentior
1883 2359 1972 2410 est
2014 2358 2072 2411 et

407 2443 982 2517 praestantior,quod
1004 2445 1063 2501 in
1087 2445 1180 2501 his
1200 2461 1308 2518 per
1333 2462 1537 2501 servos
1558 2445 1889 2518 prophetas
1908 2445 2069 2500 locu-

409 2535 508 2588 tus
529 2533 607 2588 sit
628 2533 704 2588 ad
727 2535 927 2603 nos,in
945 2535 1281 2605 Evangeliis
1308 2548 1450 2592 vero
1481 2535 1768 2591 Dominus
1789 2535 1919 2608 ipse
1962 2550 2072 2608 per

411 2637 474 2678 se
497 2635 608 2679 nos
634 2622 932 2679 allocutus
956 2624 1049 2681 sit.
1067 2625 1181 2681 Sed
1201 2626 1306 2698 qui
1327 2627 1480 2681 inter
1499 2626 1665 2698 ipsos
1687 2624 2068 2695 evangelicos

409 2729 722 2786 praecones
753 2715 1173 2772 vocalissimus
1212 2721 1320 2787 est,
1367 2717 1594 2789 quique
1644 2716 1854 2772 auditu
1899 2716 2068 2772 omni

410 2803 671 2874 majora,
705 2809 762 2860 et
790 2804 1181 2878 intelligentia
1221 2807 1388 2862 omni
1421 2806 1634 2862 altiora
1680 2807 1918 2862 locutus
1957 2811 2066 2870 est,

405 2895 668 2950 Joannes
680 2894 893 2964 est,ille
905 2895 1150 2951 tonitrui
1165 2895 1528 2966 ﬁlius,cujus
1543 2896 1890 2952 audivimus
1902 2913 2068 2952 exor-

407 2981 772 3056 dium,quod
789 2999 861 3039 ex
875 2984 1184 3054 Evangelii
1197 2985 1417 3040 librole
1427 2992 1584 3041 ctum
1603 2990 1718 3041 est:
1742 2987 1813 3041 In
1831 2987 2064 3055 princi-

2172 529 2368 601 Πέτρου
2415 525 2690 602 δεξάμενος
2733 536 2825 589 τὴν
2887 533 3068 605 χάριν,
3127 532 3394 586 ἐπαύσατο
3446 545 3770 609 προσαιτῶν,

2171 615 2442 689 ἁλλόμενος
2484 622 2656 694 ὥσπερ
2693 619 2895 692 ἔλαφος,
2943 626 3032 673 καὶ
3089 622 3240 674 αἰνῶν
3296 628 3384 676 τὸν
3433 629 3582 680 Θεὸν.
3663 628 3776 680 Οὐκ

2170 700 2291 777 ᾔδει
2319 709 2557 769 Ἰωάννης
2581 713 2674 766 τὴν
2705 717 2796 761 τοῦ
2835 714 3038 783 κόσμου
3090 717 3295 784 σοφίαν,
3342 711 3448 765 ἀλλ’
3495 713 3774 786 ἐφθέγξατο

2168 794 2384 868 ῥήματα
2415 806 2476 871 τῇ
2521 794 2742 871 δυνάμει
2771 807 2862 852 τοῦ
2909 803 3207 873 Πνεῦματος
3238 805 3369 869 (92),
3427 805 3504 866 οἷς
3551 802 3776 878 οὐδεμία

2173 889 2333 956 σοφία
2385 885 2716 959 προσϐλέψαι
2789 885 3030 944 δύναται.
3081 897 3246 943 Τοῦτο
3301 897 3390 945 καὶ
3460 891 3508 945 ἐν
3574 893 3773 968 οὐρανῷ

2170 975 2377 1042 ἔστηκε,
2411 981 2500 1030 καὶ
2527 981 2620 1036 τὴν
2655 987 2754 1050 γῆν
2800 980 3124 1054 πεπλήρωκε,
3175 986 3266 1034 καὶ
3321 991 3596 1055 πανταχοῦ
3643 987 3775 1060 πάρ-

2173 1083 2306 1135 εστι,
2333 1070 2423 1120 καὶ
2449 1063 2686 1140 οὐδαμοῦ
2724 1073 3047 1142 περιέχεται.
3095 1069 3248 1124 Ὀλον
3311 1071 3512 1145 ἑκάστῳ
3570 1072 3772 1141 ἐνοικεῖ,

2171 1159 2261 1207 καὶ
2287 1154 2400 1208 ὤιον
2430 1154 2542 1209 ἐστὶ
2573 1159 2703 1230 μετὰ
2757 1167 2848 1212 τοῦ
2894 1167 3048 1214 Θεοῦ.
3100 1161 3175 1214 Ou‘
3222 1161 3590 1236 λειτουργικῶς
3648 1160 3776 1217 δια-

2172 1253 2309 1298 κονεί
2347 1247 2440 1307 τὰς
2485 1243 2706 1322 δωρεὰς,
2753 1247 2857 1300 ἀλλ’
2898 1250 3207 1314 αῦθεντικῶς
3263 1248 3460 1326 διαιρεῖ
3508 1255 3575 1307 τὰ
3607 1259 3775 1329 χαρί-

2177 1354 2374 1407 σματα·
2465 1343 2663 1412 Διαιρεῐ
2719 1341 2842 1414 γὰρ,
2921 1344 3100 1412 φησιν,
3161 1338 3279 1414 ἰδίᾳ
3330 1342 3552 1414 ἑκάστῳ,
3603 1346 3776 1406 καθὼς

2178 1422 2442 1496 βούλεται.
2525 1426 2919 1481 Ἀποστέλλεται
2999 1433 3089 1502 μὲν
3165 1431 3524 1504 οἰκονομικῶς,
3592 1431 3778 1508 ἐνεργεῖ

2178 1512 2238 1568 δὲ
2296 1515 2662 1579 αὐτεξουσίως.
2704 1525 2868 1572 Τοῦτο
2923 1528 3163 1594 παρεῖναι
3213 1529 3330 1584 ταῖς
3385 1521 3594 1593 ψυχαῖς
3631 1524 3774 1596 ἡμῶν

2178 1605 2459 1677 εὐξώμεθα,
2511 1611 2599 1658 καὶ
2637 1604 2843 1680 μηδένα
2887 1613 3067 1683 καιρὸν
3111 1612 3246 1682 ἡμᾶς
3297 1608 3666 1683 ἀπολιμπάνειν
3723 1611 3774 1664 ἐν

2175 1697 2366 1770 χάριτι
2394 1703 2486 1748 τοῦ
2519 1701 2712 1770 Κυρίου
2753 1699 3108 1770 ημώνΊησοῦ
3153 1707 3387 1772 Χριστοῦ
3417 1721 3432 1734 ·
3489 1701 3528 1772 ᾧ
3571 1703 3601 1761 ἡ
3641 1697 3776 1764 δόξα

2109 1785 2150 1838 Β
2177 1788 2266 1838 καὶ
2295 1788 2353 1838 τὸ
2378 1788 2565 1859 κράτος
2597 1787 2667 1849 εἰς
2695 1791 2817 1852 τοὺς
2839 1789 3024 1850 αἰῶνας
3052 1797 3152 1842 τῶν
3183 1789 3398 1846 αἰώνων.
3442 1790 3627 1864 Ἀμην.

2784 2037 3030 2086 ΟΜῙΑΙΑ
3073 2031 3166 2098 Ις·’.

2401 2147 2486 2208 Εἰς
2511 2150 2592 2214 τὸ,
2642 2170 2671 2198 κ
2697 2147 2775 2202 Ἐν
2805 2147 2948 2223 ἀρχῇ
2984 2147 3044 2208 ἦν
3079 2151 3104 2202 ὁ
3134 2153 3301 2222 Λόγος
3324 2171 3353 2200 ››
3399 2150 3540 2223 (93).

2251 2269 2302 2323 1,
2343 2270 2499 2318 Πᾶσα
2535 2268 2624 2339 μὲν
2678 2268 2707 2324 ἡ
2750 2274 2851 2318 τῶν
2898 2267 3224 2340 Εὐαγγελίων
3273 2272 3409 2341 φωνὴ
3466 2268 3776 2342 μεγαλοφυε-

2179 2358 2337 2429 στέρα
2374 2365 2474 2407 τῶν
2525 2355 2716 2408 λοιπῶν
2768 2366 2860 2408 τοῦ
2902 2361 3198 2431 Πνεῦματος
3251 2355 3616 2432 διδαγμάτων,
3659 2359 3775 2413 καθ’

2177 2444 2253 2496 ὃτι
2283 2443 2330 2497 ἐν
2362 2444 2570 2508 ἐκείνοις
2600 2448 2691 2518 μὲν
2731 2442 2824 2499 διὰ
2851 2455 2950 2499 τῶν
3003 2445 3198 2500 δούλων
3245 2449 3369 2521 ἡμῖν
3418 2448 3634 2507 ἐλάλησα
3676 2457 3776 2502 τῶν

2175 2544 2470 2609 προφητῶν,
2523 2534 2570 2587 ἐν
2638 2532 2697 2588 δὲ
2765 2544 2872 2597 τοῖς
2945 2537 3280 2610 Εὐαγγελίοις
3356 2539 3778 2614 αῦτοπροσώπως

2177 2619 2425 2695 διελέχθη
2459 2626 2583 2697 ἡμῖν
2611 2624 2636 2675 ὁ
2675 2630 2957 2688 Δεσπότης.
3015 2627 3183 2678 Αὐτοῦ
3239 2647 3294 2698 γε
3334 2631 3436 2699 μὴν
3484 2635 3574 2679 τοῦ
3631 2629 3779 2700 εὐαγ-

2173 2713 2378 2785 γελικοῦ
2431 2718 2769 2788 κηρύγματος
2818 2719 2842 2768 ὀ
2887 2716 3392 2789 μεγαλοφωνότατος,
3443 2721 3534 2769 καὶ
3599 2721 3777 2781 πάσης

2173 2807 2263 2877 μὲν
2318 2803 2478 2868 ἀκοῆς
2525 2808 2759 2879 μείζονα,
2819 2809 2995 2868 πάσης
3042 2804 3100 2859 δὲ
3169 2803 3410 2868 διανοίας
3480 2807 3776 2882 ὑψηλότερα

2175 2895 2541 2968 φθεγξάμενος,
2599 2895 2841 2958 Ἰωάννης
2889 2895 3048 2964 ἐστὶν,
3103 2915 3127 2947 ο
3185 2899 3298 2957 υίὸς
3349 2903 3443 2958 τῆς
3501 2895 3722 2970 βροντῆς
3758 2919 3772 2932 ο

2174 2985 2234 3038 οὗ
2297 2989 2356 3038 τὸ
2409 2991 2680 3061 προοίμιον
2736 2994 2830 3047 τῆς
2880 2985 3216 3057 εὖαγγελικῆς
3291 2995 3602 3058 συγγραφῆς
3654 2989 3775 3061 ἄρτι

398 3072 506 3143 pio
535 3083 665 3130 erat
699 3075 967 3141 Verbum,
1001 3080 1055 3131 et
1097 3075 1349 3132 Verbum
1383 3082 1515 3132 erat
1547 3077 1714 3145 apud
1751 3082 1954 3144 Deum,
2008 3082 2062 3133 et

2176 3072 2498 3146 ἁναγνωσθὲν
2545 3077 2880 3147 ἠκούσαμεν·
2941 3074 3021 3128 Ἐν
3070 3073 3212 3148 ἀρχῇ
3263 3072 3324 3133 ἦν
3372 3076 3398 3127 ὁ
3448 3079 3634 3148 Λόγος,
3685 3081 3775 3130 καὶ

404 3164 565 3219 Deus
584 3168 717 3220 erat
747 3165 1081 3221 Verbum".
1137 3165 1282 3222 Novi
1312 3166 1536 3222 multos
1568 3181 1639 3222 ex
1669 3167 1740 3222 iis
1757 3167 1936 3223 etiam
1958 3169 2064 3239 qui

407 3269 445 3310 a
464 3253 730 3310 veritatis
758 3255 1035 3311 doctrina
1065 3255 1242 3312 alieni
1275 3262 1434 3322 sunt,
1463 3257 1690 3329 quique
1715 3257 1789 3313 de
1820 3259 2064 3330 sapien-

407 3342 490 3398 tia
511 3343 827 3400 mundana
859 3343 1213 3415 gloriantur,
1241 3346 1370 3401 haec
1397 3350 1453 3402 et
1472 3346 1804 3403 admiratos
1835 3364 1987 3418 esse,
2006 3352 2065 3405 et

408 3432 644 3505 scriptis
685 3433 806 3488 suis
836 3434 1100 3490 inserere
1131 3451 1316 3492 ausos
1347 3436 1550 3493 fuisse.
1606 3440 1718 3493 Fur
1761 3443 1848 3494 est
1897 3439 2062 3494 enim

408 3521 693 3578 diabolus
712 3534 738 3594 ;
782 3539 852 3579 ac
873 3529 1100 3591 nostra,
1133 3541 1269 3580 cum
1291 3525 1640 3583 fabularum
1671 3532 1945 3585 narrator
1966 3530 2060 3598 sit,

409 3611 489 3667 ad
515 3628 656 3668 suos
685 3617 855 3670 vates
877 3613 1250 3680 eﬂ'ert.Quod
1272 3615 1323 3671 si
1345 3617 1604 3674 carnalis
1621 3618 1917 3691 sapientia
1937 3635 2066 3674 ver-

405 3701 629 3758 borum
658 3703 779 3758 vim
804 3708 1114 3776 tantopere
1144 3710 1234 3761 est
1270 3705 1593 3774 admirata,
1625 3709 1774 3780 quid
1803 3725 1914 3764 nos
1935 3708 2064 3781 Spi-

407 3792 557 3849 ritus
583 3793 862 3866 discipuli
892 3795 1231 3871 faciemus?
1272 3797 1550 3854 Obiterne
1609 3799 1950 3868 audiemus,
2009 3805 2067 3856 et

408 3881 690 3952 exiguam
719 3883 1058 3955 quamdam
1084 3885 1203 3940 vim
1232 3885 1293 3940 in
1341 3886 1426 3942 eis
1474 3887 1670 3942 inesse
1704 3889 2069 3944 existimabi-

409 3973 589 4028 mus?
619 3973 834 4044 Ecquis
855 3973 934 4028 ita
957 3975 1234 4046 stupidus
1249 3975 1557 4048 fuerit,qui
1581 3981 1809 4033 tantam
1835 3983 2070 4034 senten-

408 4060 504 4116 tia:
542 4060 1058 4132 pulchritudinem
1093 4068 1340 4137 tamque
1393 4065 2070 4139 incomprehensibilem

411 4149 769 4220 dogmatum
786 4151 1160 4210 altitudinem
1176 4170 1296 4210 non
1313 4155 1589 4226 miretur;
1623 4172 1735 4214 nec
1747 4175 1955 4213 veram
1975 4175 2072 4213 eo-

410 4254 548 4295 rum
570 4241 1176 4312 comprehensionem
1188 4245 1579 4317 concupiscat
1590 4246 1618 4301 ‘I
1629 4247 1870 4303 Atenim
1885 4246 2075 4302 admi-

410 4329 530 4386 rari
549 4330 804 4401 pulchra
821 4331 1062 4388 difﬁcile
1080 4349 1201 4389 non
1225 4340 1342 4390 est:
1368 4336 1471 4390 sed
1499 4351 1571 4391 ea
1600 4347 1736 4408 quae
1763 4336 2072 4393 admirati-

2173 3166 2200 3216 6
2249 3169 2416 3235 Λόγος
2449 3161 2509 3221 ἦν
2569 3167 2691 3236 πρὸς
2745 3165 2833 3215 τὸν
2891 3166 3037 3229 Θεὸν,
3075 3167 3162 3215 καὶ
3210 3166 3336 3226 Θεὸς
3391 3161 3452 3221 ἧν
3509 3166 3534 3216 ὁ
3583 3170 3774 3237 Λόγος.

2172 3260 2350 3308 Ταῦτα
2370 3250 2492 3306 οἶδα
2521 3252 2742 3314 πολλοὺς
2778 3258 2868 3305 καὶ
2899 3261 2998 3306 τῶν
3039 3253 3131 3316 ἔξω
3183 3261 3277 3306 τοῦ
3314 3254 3468 3325 λόγου
3513 3263 3609 3326 τῇς
3656 3253 3778 3311 ἀλη-

2175 3346 2313 3405 θείας
2342 3347 2477 3415 μέγα
2528 3346 2844 3416 φρονούντων
2894 3341 2976 3396 ἐπὶ
3028 3348 3184 3416 σοφίᾳ
3231 3352 3460 3416 κοσμικῇ
3508 3349 3598 3396 καὶ
3659 3346 3781 3397 θαυ-

2171 3435 2461 3505 μάσαντας,
2526 3437 2617 3484 καὶ
2673 3440 2783 3493 τοῖς
2850 3432 3042 3484 ἑαυτῶν
3130 3436 3493 3506 συντάγμασιν
3563 3432 3782 3504 ἐγκατα-

2173 3523 2324 3595 μίξαι
2373 3523 2488 3595 (94)
2545 3523 2926 3596 τολμήσαντας.
2990 3523 3223 3585 κλέπτης
3279 3526 3379 3596 γὰρ
3439 3523 3464 3574 ὁ
3515 3519 3776 3589 διάϐολος,

2175 3617 2264 3665 καὶ
2311 3615 2377 3666 τὰ
2424 3615 2648 3687 ἡμέτερα
2694 3612 3050 3686 ἑκφερομυθῶν
3093 3616 3222 3687 πρὸς
3267 3616 3391 3672 τοὺς
3437 3612 3623 3665 ἑαυτοῦ
3655 3616 3782 3666 ὑπο-

2177 3708 2362 3776 φήτας.
2423 3703 2484 3756 Εἰ
2534 3700 2622 3756 οὖν
2675 3705 2704 3762 ἡ
2760 3707 2979 3775 σαρκίνη
3015 3706 3174 3774 σοφία
3219 3709 3467 3753 τοσοῦτον
3521 3701 3783 3775 ἐθαύμασε

2175 3789 2276 3844 τῶν
2328 3794 2575 3867 ῥημάτων
2622 3797 2716 3850 τὴν
2761 3789 3004 3863 δύναμιν,
3053 3795 3100 3842 τί
3139 3791 3585 3863 ποιήσωμεν
3635 3795 3784 3864 ἡμεῖς

2178 3884 2227 3933 οἱ
2256 3883 2490 3954 μαθηταὶ
2520 3888 2612 3934 τοῦ
2662 3883 2978 3953 Πνεῦματος,
3026 3878 3110 3932 ἐὰν
3157 3884 3428 3953 παρέργως
3481 3878 3782 3953 ἀκούσωμεν

2179 3976 2270 4024 καὶ
2318 3972 2509 4046 μικρὰν
2563 3990 2682 4023 τινα
2723 3975 2816 4028 τὴν
2871 3969 3271 4043 ἐνυπάρχουσαν
3325 3970 3504 4032 αὐτοῖς
3561 3966 3783 4042 δύναμιν

2183 4058 2310 4114 εἶναι
2339 4061 2671 4134 λογισώμεθα
2698 4077 2712 4127 ;
2774 4064 2876 4113 Καὶ
2903 4063 2979 4120 τίς
3010 4060 3169 4120 οὕτως
3199 4057 3549 4118 ἀναισθησίαν
3597 4068 3780 4127 νοσῶν,

2183 4153 2317 4203 ὥστε
2341 4157 2574 4202 τοιοῦτον
2597 4151 2712 4222 (96)
2760 4149 2943 4211 κάλλος
2992 4148 3183 4210 ἐννοίας
3223 4153 3311 4201 καὶ
3361 4148 3527 4221 βάθος
3575 4146 3785 4222 δογμά-

2181 4260 2283 4294 των
2331 4241 2492 4302 οὖτως
2547 4238 2810 4312 ἀνέφικτον
2869 4244 2940 4312 μὴ
3008 4239 3136 4310 οὐχὶ
3201 4237 3618 4310 καταπλαγῆναι,
3696 4242 3787 4290 καὶ

2183 4330 2511 4403 ἐπιθυμῆσαι
2562 4330 2729 4382 αὐτῶν
2769 4338 2864 4392 τῆς
2917 4328 3142 4390 ἀληθοῦς
3193 4327 3570 4398 καταλήψεως;
3631 4327 3786 4380 Ἀλλὰ

412 4420 514 4476 oni
535 4419 700 4477 fuere
719 4421 979 4494 perfecte
998 4423 1344 4494 intelligere,
1359 4425 1475 4481 hoc
1497 4426 1760 4482 arduum
1783 4430 1873 4481 est
1890 4431 2069 4499 atque

2182 4421 2292 4495 γὰρ
2311 4422 2439 4493 οὐχὶ
2476 4423 2535 4473 τὸ
2573 4421 2844 4494 θαυμάσαι
2881 4423 2948 4472 τὰ
2975 4419 3108 4471 καλὰ
3149 4415 3426 4484 δύσκολον,
3465 4417 3594 4470 ἀλλὰ
3629 4421 3688 4469 τὸ
3739 4415 3788 4469 ἐν

412 4509 784 4584 perdifﬁcile.
825 4515 976 4571 Nam
999 4519 1053 4570 et
1074 4514 1262 4570 solem
1286 4516 1450 4572 hanc
1489 4516 1840 4573 sensibilem
1889 4532 2072 4573 nemo

413 4601 631 4674 estqui
651 4618 776 4659 non
794 4602 1028 4661 laudet:
1070 4605 1573 4679 quandoquidem
1594 4607 1726 4678 ejus
1773 4607 2072 4677 magnitu-

415 4692 556 4749 dine
594 4696 654 4750 et
697 4694 1122 4766 puchritudine
1171 4701 1228 4753 et
1273 4696 1588 4753 radiorum
1627 4695 1969 4770 aequalitate
2015 4701 2074 4756 et

487 4839 584 4894 ’⁸³1
617 4840 749 4897 Cor.
779 4855 883 4911 xu,
919 4844 1005 4898 11.
1081 4843 1320 4899 7"Joan.
1354 4861 1395 4912 1,
1433 4847 1480 4897 t.
1557 4842 1607 4877 ⁷⁸
1637 4841 1786 4898 ibid.

491 4988 606 5051 (92)
637 4984 1064 5060 Reg._primus
1119 4990 1176 5043 et
1219 4985 1385 5044 Colb.
1437 4986 1643 5042 itidem
1687 4985 1794 5038 ἀλλ’
1844 4983 1962 5060 ᾔδει
2008 4989 2075 5040 τὰ

416 5056 628 5141 ῥήματα
641 5053 750 5141 ,τῆξ
763 5053 1151 5141 ξυνάμεωςτοῦ
1173 5060 1607 5141 Πνεῦματος,18ί³ά
1625 5053 1876 5141 novere}
1897 5060 2075 5116 verba

417 5131 704 5204 potentia:
751 5131 1268 5204 Spiritus,_quam
1307 5131 1682 5204 scripturam
1723 5131 2073 5204 judicamus

419 5199 667 5272 quidem
690 5201 939 5275 bonam,
968 5202 1072 5258 sed
1102 5199 1303 5258 famen
1344 5219 1415 5259 ea
1441 5199 1574 5258 ’non
1614 5199 1858 5275 utimur,
1909 5203 2076 5275 quod

419 5287 608 5348 causa
635 5273 805 5328 nulla
831 5274 903 5330 sit
921 5273 2077 5348 curvulgatamutetur,prtesertimcum

419 5345 617 5416 ipsam
643 5360 787 5401 mss.
811 5345 981 5402 multi
1003 5352 1300 5402 tueantur.

494 5415 602 5487 (93)
635 5416 727 5472 Sic
751 5434 894 5473 mss.
929 5418 1224 5474 nonnulli.
1259 5418 1369 5474 Alii
1390 5416 1514 5474 duo
1556 5417 1626 5479 εἰς
1656 5421 1713 5471 τὸ
1745 5420 1879 5470 κατά
1909 5419 2080 5472 Ἰωάν-

418 5506 511 5563 νην
550 5487 880 5560 asas/ymo»,
904 5490 967 5544 in
997 5491 1383 5562 Evangelium
1413 5491 1688 5559 Joannis,
1735 5491 1840 5563 qui
1879 5491 2080 5546 titulus

416 5557 598 5636 longe
629 5557 1065 5636 commentario
1087 5557 1430 5636 conveniret
1456 5557 1681 5634 magis,
1699 5557 2080 5636 quambrevi

420 5632 704 5692 orationi.
738 5634 927 5690 Editio
959 5636 1145 5692 Paris.
1177 5634 1248 5698 εἰς
1277 5639 1370 5695 τὴν
1396 5632 1693 5709 ἀρχὴνίτοῦ
1717 5632 1860 5688 κατὰ
1898 5635 2077 5689 Ἰωάν-

2184 4510 2388 4585 ἀκριϐεἰ
2452 4516 2764 4569 κατανοήσει
2834 4511 3074 4582 γενέσθαι
3175 4517 3275 4562 τῶν
3363 4509 3783 4580 θαυμασθέντων,

2182 4609 2334 4654 τοῦτο
2379 4600 2608 4673 χαλεπὸν
2657 4604 2747 4652 καὶ
2799 4596 3134 4671 δυσέφικτον.
3189 4597 3331 4651 Ἐπεὶ
3386 4601 3477 4649 καὶ
3523 4600 3612 4650 τὸν
3645 4596 3786 4656 ἣλιον

2181 4699 2356 4746 τοῦτον
2413 4695 2498 4744 τὸν
2544 4690 2796 4750 αἰσθητὸν
2826 4685 3002 4751 οὐδεὶς
3061 4691 3151 4762 μέν
3203 4686 3344 4741 ἔστιν
3391 4687 3441 4750 ὃς
3481 4687 3586 4760 οὐχ
3637 4688 3788 4760 ὑπερ-

2185 5009 2276 5047 νην
2305 4986 2637 5060 Εὖαγγελίου,
2661 4987 2724 5042 in
2736 4985 3107 5056 principium
3122 4983 3446 5055 Evangelii
3459 4983 3786 5040 secundum

2186 5062 2534 5138 Joannem
2633 5130 2690 5138 ._
2946 5126 3010 5138 ..
3237 5127 3279 5138 .-
3579 5125 3591 5138 .

2261 5135 2372 5201 (94)
2401 5130 2645 5197 Antiqui
2676 5134 2795 5184 tres
2823 5127 2958 5184 libri
2991 5126 3362 5201 ἐγκαταμίξαι.
3394 5127 3553 5201 Alius
3572 5126 3788 5201 ἔγκατα-

2188 5196 2637 5276 τάξαιξωιήίιφιρ
2652 5201 2832 5256 editio
2853 5206 2908 5254 et
2924 5196 3402 5276 Colb.secuudus
3424 5196 3784 5276 ἐγκαταλέξαιε

2189 5292 2452 5350 quarum
2475 5272 2799 5330 lectionum
2824 5272 3329 5350 omniurn-eadem
3353 5278 3444 5325 est
3464 5272 3778 5350 sententia.

2263 5351 2378 5417 (95)
2400 5347 2491 5403 Sic
2526 5363 2673 5401 mss.
2707 5351 2986 5417 quatuor.
3018 5343 3160 5417 Editi
3192 5342 3788 5417 nocﬁoopav.._._&xoﬁao-

2191 5410 2977 5493 pes...loyce-cinsﬁaflbidem
3010 5416 3278 5493 quinque
3318 5410 3460 5493 mss.
3516 5410 3598 5464 ἐὰν
3656 5429 3790 5483 παρ-

2191 5487 2346 5566 ργως.
2382 5487 2710 5566 voculas-Eois
2737 5489 2796 5542 in
2829 5487 3502 5566 vulgatisdesideratur.

2265 5567 2376 5634 (97)
2417 5561 2564 5617 Εάίίὶ
2591 5563 2657 5623 ὡς
2689 5555 2962 5614 τοιοῦτονῇ
3000 5558 3240 5630 Antiqui
3263 5573 3364 5612 sex
3393 5555 3528 5612 libri
3551 5557 3708 5611 ὥστε.
