4098 6380
274 343 378 400 473

1029 341 1326 399 HOMILIA
1356 341 1425 397 IN
1459 335 1688 405 lLLUD,
1718 333 1812 391 IN
1837 330 2260 391 PRINCIPIO
2283 335 2511 394 ERAT
2545 337 2889 394 VERBUM

3537 337 3638 394 474

274 473 486 536 επαινεῖ,
537 471 596 522 τό
639 469 855 541 μέθγεος
902 467 1061 520 αὐτοῦ
1113 472 1205 520 καὶ
1262 471 1322 520 τὸ
1370 465 1574 532 κᾶλλος,
1633 467 1723 516 καὶ
1769 469 1858 514 τῶς.

1985 460 2302 533 splendida
2318 462 2448 519 luce
2471 477 2841 534 magnopere
2854 461 3202 520 delectatur.
3221 466 3496 522 Attamen
3515 463 3641 521 siin

272 557 488 612 ἀκτίνων
536 562 632 618 τὴν
681 562 1025 631 συμμετρίαν,
1081 562 1172 610 καὶ
1224 561 1283 610 τὸ
1336 554 1652 609 ἀποστίλϐον
1713 552 1870 604 αὐτοῦ

272 657 374 722 φῶς
436 648 900 720 κατασπαζόμενος
978 649 1104 715 (97)·
1188 647 1271 700 ἐὰν
1347 651 1521 720 μέντοι
1579 644 1872 717 βιαιότερον

273 738 602 812 φιλονεικήση
659 746 733 810 τῷ
790 738 961 810 κύκλῳ
1019 735 1307 810 ἀντεξάγειν
1375 736 1558 789 ἑαυτοῦ
1611 736 1706 794 τὰς
1772 740 1871 784 τῶν

271 825 516 900 ὀμμάτων
575 827 755 900 βολὰς,
810 827 869 881 οὐ
900 832 1052 901 μόνον
1081 827 1138 880 οὐ
1170 827 1458 898 κατόψεται
1485 827 1552 879 τὰ
1579 825 1871 896 περισπού-

272 913 468 987 δαστα,
552 915 678 969 ἀλλὰ
741 921 831 970 καὶ
895 921 989 976 τὴν
1049 916 1304 993 ἐκρίϐειαν
1341 925 1438 978 τῆς
1488 913 1651 986 ὅψεως
1697 931 1870 989 προσ-

272 1002 580 1081 διαφθείρας
627 1006 942 1080 οἰχήσεται..
975 1012 1220 1061 Τοιοῦτόν
1249 1012 1302 1060 τί
1331 1027 1421 1081 μοι
1452 1003 1591 1059 δοκῶ
1616 1009 1709 1063 τὴν
1743 1001 1870 1057 διά-

268 1115 410 1148 νοιαν
460 1097 708 1169 πάσχειν,
767 1102 862 1156 τήν
918 1097 1304 1170 φιλονείκοῦσαν
1362 1095 1551 1170 ἀκριϐῆ
1602 1096 1869 1148 ποιεῖσθαι

268 1193 370 1236 τῶν
422 1190 766 1258 προκειμένων
821 1188 1068 1262 ῥημάτων
1124 1191 1218 1247 τὴν
1270 1186 1522 1250 ἐξέτασιν.
1585 1183 1864 1258 Ἐνξὰρχῇ

268 1269 328 1345 ᾖν
353 1275 378 1326 ό
405 1278 593 1346 Λόγος.
664 1281 757 1339 Τίς
807 1275 1034 1336 ἐννοήσει
1074 1274 1234 1340 ἀξίως
1263 1279 1329 1329 τὰ
1357 1282 1474 1350 περὶ
1517 1284 1612 1338 τῆς
1642 1271 1818 1350 ἂρχῆς
1851 1301 1865 1354 ;

262 1367 397 1415 Ποία
445 1363 694 1437 ῥημάτων
749 1362 971 1438 δύναμις
1030 1367 1210 1439 εὑρεθῇ
1285 1366 1546 1439 ὄμοτίμως
1605 1362 1864 1439 δυναμένη

259 1460 608 1524 παραστῆσαι
659 1456 720 1506 τὸ
749 1456 928 1513 νοηθέν
963 1471 976 1521 ;
1010 1455 1217 1509 Μέλλων
1248 1451 1608 1529 παραδιδόναι
1638 1457 1762 1528 ἡμῖν
1801 1459 1868 1509 τὰ

259 1545 380 1615 περὶ
436 1548 534 1604 τῆς
579 1543 843 1615 θεολογίας
888 1551 980 1596 τοῦ
1033 1549 1157 1598 Υίοῦ
1188 1551 1278 1597 τοῦ
1300 1551 1455 1610 Θεοῦ,
1489 1541 1734 1618 οὐδεμίαν
1766 1543 1865 1620 ἀρ-

259 1633 369 1701 χὴν
430 1630 588 1690 ἄλλην
647 1640 717 1704 τῷ
774 1633 909 1705 λόγῳ
960 1633 989 1692 ἢ
1040 1637 1135 1692 τὴν
1165 1633 1342 1708 ἀρχὴν
1366 1642 1465 1687 τῶν
1495 1633 1622 1687 ὃλων
1653 1630 1861 1690 ἔδωκεν.

259 1717 416 1790 ’ᾘδει
448 1723 563 1788 (98)
591 1725 713 1784 τοὺς
745 1721 1114 1796 ἐπιφυομένους
1137 1731 1200 1798 τῇ
1236 1721 1364 1798 δόξῃ
1397 1732 1491 1778 τοῦ
1548 1732 1866 1798 Μονογενοῦς

256 1811 316 1861 τὸ
375 1815 585 1883 Πνεῦμα
637 1813 696 1864 τὸ
753 1813 918 1885 ἅγιονσ
973 1811 1199 1887 πρόήδει
1253 1818 1374 1878 τοὺς
1419 1814 1694 1888 μέλλοντας
1738 1817 1864 1889 ἡμῖν

255 1901 529 1974 προφέρειν
575 1901 641 1954 τὰ
695 1903 1018 1976 σοφίσματα,
1073 1906 1141 1956 τὰ
1205 1902 1290 1957 ἐπὶ
1343 1914 1680 1981 καταστροφῇ
1763 1914 1863 1959 τῶν

259 1985 552 2042 ἀκουόντων
619 1991 798 2054 αὐτοῖς
874 1997 1294 2067 μεμηχανημένα
1369 1995 1506 2067 (99).
1572 1995 1712 2064 Ὅτι,
1805 1998 1864 2050 Εἰ

255 2074 523 2149 ἐγεννήθη,
587 2079 681 2133 οὐκ
738 2079 820 2142 ἧν-
869 2088 978 2152 καί,
1030 2087 1139 2158 Πρό
1167 2091 1260 2138 τοῦ
1288 2087 1617 2156 γεννηθῆναιο
1645 2085 1739 2138 οὐκ
1779 2083 1862 2145 ἧνο

252 2171 360 2235 καὶ,
415 2167 501 2232 Ἐξ
557 2169 650 2222 οὐκ
718 2175 874 2226 ὄντων
903 2177 993 2233 τὴν
1031 2175 1324 2227 ὑπόστασιν
1345 2173 1511 2230 ἔλάϐε.
1543 2176 1774 2229 Τοιαῦτα
1804 2173 1864 2231 δὲ

253 2259 568 2330 φθέγγονται
636 2260 878 2333 γλῶσσαι
957 2265 1270 2337 ἠκονημέναι
1327 2261 1422 2318 διὰ
1491 2266 1862 2338 πιθανολογίας

251 2347 382 2423 ὑπὲρ
426 2355 602 2402 πᾶσαν
659 2353 934 2426 μάχαιραν
983 2351 1256 2427 δίστομον.
1302 2353 1414 2410 Ἵνα
1457 2359 1629 2408 τοίνυν
1672 2353 1862 2430 μηδενὶ

249 2434 418 2509 λέγειν
471 2439 557 2512 ἐξῇ
617 2444 681 2493 τὰ
733 2451 972 2512 τοιαῦτα,
1018 2444 1278 2518 προλαϐόν
1303 2449 1360 2498 τό
1394 2453 1603 2520 Πνεῦμα
1626 2451 1684 2500 τὸ
1711 2448 1860 2520 ἅγιον

252 2522 347 2579 διὰ
373 2536 466 2581 τοῦ
496 2529 831 2603 Εὗαγγελίου,
867 2533 946 2587 Ἐν
1000 2533 1167 2609 ἀρχῇ,
1217 2540 1394 2608 φησὶν,
1454 2533 1516 2596 ἦν
1582 2538 1608 2590 ό
1666 2541 1856 2610 Λόγος.

255 2614 376 2669 Ἐὰν
438 2628 637 2693 κρατῇς
684 2624 880 2681 ταύτην
927 2628 1023 2682 τὴν
1077 2629 1266 2697 φωνὴν,
1309 2622 1462 2678 οὐδὲν
1491 2626 1550 2678 οὗ
1581 2631 1652 2700 μή
1685 2630 1860 2702 πάθης

257 2702 426 2760 δεινὸν
483 2713 629 2784 παρὰ
677 2719 778 2764 τῶν
830 2718 1179 2786 κακοτέχνων.
1214 2714 1330 2768 Ἐὰν
1358 2718 1459 2792 γὰρ
1491 2715 1615 2790 λέγῃ
1648 2716 1855 2785 ἐκεῖνος,

249 2796 311 2849 Εἰ
353 2796 622 2869 ἐγεννήθη,
671 2800 764 2854 οὐκ
829 2798 910 2861 ἦν’
969 2807 1034 2856 σὺ
1089 2804 1214 2876 εἰπὲ,
1251 2804 1331 2858 Ἐν
1362 2805 1504 2879 ἀρχῇ
1549 2808 1630 2866 ὴν.
1680 2806 1855 2876 Ἀλλὰ,

256 2891 406 2957 φησὶ,
462 2892 584 2961 πρὶν
641 2890 671 2948 ἦ
726 2895 1037 2963 γεννηθῆναι
1086 2896 1161 2965 (1)
1213 2902 1324 2958 πῶς
1355 2893 1415 2954 ἧν
1459 2900 1567 2964 ;Σὺ
1619 2901 1690 2970 μὴ
1724 2896 1862 2971 ἀφῇς

256 2977 337 3040 τὸ,
396 2974 510 3029 Ἢν·
579 2983 650 3051 μή
723 2981 1016 3056 καταλίπῃς
1067 2986 1147 3050 τὸ,
1211 2985 1292 3037 Ἐν
1346 2983 1515 3060 ἀρχῇ.
1575 2987 1779 3062 Ἀρχῆς
1825 2989 1855 3046 ἠ

1980 549 2170 622 ipsius
2183 550 2391 607 orbem
2414 552 2729 608 oculorum
2752 552 2998 608 obtutus
3021 552 3205 622 ﬁgere
3223 554 3640 613 vehementius

1982 640 2378 710 contenderit,
2411 657 2533 697 non
2567 641 2762 696 solum
2796 645 3076 714 excptata
3104 642 3343 697 visurus
3364 658 3486 698 non
3511 647 3636 708 est;

1981 729 2088 785 sed
2099 730 2264 786 visus
2279 731 2457 787 etiam
2469 731 2871 801 integritatem
2885 736 3254 804 corrumpet.
3265 731 3400 788 Tale
3412 732 3642 806 aliquid

1979 819 2236 876 arbitror
2261 821 2532 876 accidere
2563 821 2747 876 menti
2769 820 2842 892 ei,
2893 836 3030 894 quae
3088 821 3426 878 accuratius
3473 837 3640 877 scru-

1979 910 2090 964 tari
2107 915 2360 967 conatur
2377 910 2508 966 haec
2524 911 2709 966 verba
2737 928 2750 966 :
2775 913 2849 967 In
2871 911 3172 982 principio
3193 917 3325 968 erat
3361 911 3637 968 Verbum.

1979 1000 2120 1065 Quis
2149 1017 2286 1073 quae
2315 1001 2393 1058 ad
2423 1001 2789 1074 principium
2821 1006 3117 1075 spectant,
3141 1006 3206 1058 ut
3225 1017 3337 1075 par
3358 1007 3450 1058 est
3471 1001 3640 1059 intel-
3701 1069 3712 1081 .

1973 1089 2158 1159 liget?
2185 1092 2478 1156 Quaenam
2507 1091 2835 1148 verborum
2862 1092 2949 1147 vis
2975 1091 3334 1164 inveniatur,
3359 1108 3498 1165 quae
3527 1107 3637 1164 pro

1975 1181 2058 1235 rei
2088 1179 2376 1249 dignitate
2406 1181 2596 1253 possit
2609 1181 2870 1251 cogitata
2891 1182 3226 1254 exprimere
3245 1182 3272 1238 ?
3289 1181 3638 1238 Traditurus

1974 1268 2150 1324 nobis
2162 1270 2427 1326 Joannes
2455 1285 2591 1342 qum
2609 1271 2685 1326 ad
2713 1270 3080 1340 theologiam
3100 1270 3222 1327 Filii
3246 1271 3345 1327 Dei
3365 1270 3637 1337 attinent,

1973 1357 2207 1415 nullum
2239 1358 2404 1416 aliud
2427 1359 2716 1416 orationis
2745 1359 3062 1418 exordium
3104 1360 3220 1416 nisi
3270 1359 3638 1432 principium

1972 1447 2396 1504 universorum
2414 1450 2696 1522 praetulit.
2724 1449 2976 1522 Spiritus
2996 1455 3244 1506 sanctus
3259 1454 3511 1506 noverat
3529 1448 3638 1522 qui

1972 1541 2174 1593 essent
2202 1537 2471 1594 adorturi
2503 1539 2800 1609 Unigeniti
2821 1538 3076 1609 gloriam
3101 1555 3113 1593 :
3141 1538 3505 1611 praeviderat
3531 1538 3638 1611 qui

1973 1631 2178 1682 essent
2224 1627 2400 1683 nobis
2456 1628 2749 1699 objecturi
2799 1628 3196 1700 sophismata,
3243 1643 3380 1701 qua:
3408 1627 3525 1700 ipsi
3557 1626 3638 1684 ad

1896 1715 1938 1770 Β
1973 1716 2415 1774 subvertendos
2439 1717 2748 1774 auditores
2771 1718 3230 1789 excogitassent.
3253 1716 3638 1786 Nimirum,Si

1971 1805 2211 1876 genitus
2251 1811 2360 1873 est,
2391 1822 2516 1862 non
2545 1810 2676 1863 erat
2705 1823 2718 1862 :
2754 1810 2829 1874 et,
2881 1811 3223 1880 Antequam
3272 1807 3632 1878 gigneretur,

1971 1909 2096 1950 non
2124 1899 2256 1952 erat
2277 1911 2290 1950 :
2314 1895 2477 1963 item,
2503 1898 2585 1952 Ex
2614 1911 2740 1952 non
2769 1896 3160 1952 existentibus
3183 1895 3634 1952 subsistentiam

1972 1985 2220 2057 accepit.
2253 1985 2498 2055 Linguae
2522 1986 2682 2041 enim
2715 2001 2823 2058 per
2849 1985 3039 2041 verba
3067 1985 3342 2041 suasoria
3367 1987 3634 2042 exacutee

1970 2075 2167 2145 magis
2187 2091 2374 2147 quam
2393 2090 2617 2148 anceps
2629 2075 2829 2148 quivis
2849 2075 3109 2145 gladius,
3123 2074 3457 2147 loquuntur
3467 2073 3632 2131 talia.

1972 2163 2242 2234 Neigitur
2254 2165 2472 2221 similia
2499 2165 2787 2237 cuiquam
2800 2164 2998 2221 dicere
3014 2164 3210 2230 liceat,
3225 2164 3476 2236 Spiritus
3497 2179 3636 2220 san-

1970 2258 2103 2309 ctus
2116 2254 2244 2309 haec
2255 2255 2316 2311 in
2339 2257 2498 2310 Evan
2507 2253 2662 2324 gelio
2685 2270 2996 2326 occupans
3012 2254 3188 2309 dixit:
3205 2256 3248 2324 ι
3261 2255 3313 2326 3
3327 2253 3456 2326 51η
3466 2255 3634 2322 prin-

1970 2345 2148 2414 cipio,
2168 2344 2382 2417 inquit,
2402 2351 2534 2401 erat
2559 2345 2835 2401 Verbum.
2852 2347 3016 2400 Hanc
3035 2360 3244 2400 vocem
3268 2343 3318 2399 si
3349 2343 3630 2413 tenueris,

1968 2433 2118 2489 nihil
2155 2450 2191 2490 a
2221 2431 2508 2490 meleticis
2540 2433 2659 2490 illis
2709 2434 2954 2507 patieris
2974 2433 3140 2490 mali.
3164 2433 3314 2490 Nam
3342 2433 3391 2488 si
3417 2432 3515 2489 ille
3540 2433 3631 2490 di-

1967 2523 2137 2589 xerit,
2169 2523 2226 2580 Si
2249 2523 2486 2594 genitus
2511 2529 2622 2596 est,
2655 2540 2778 2580 non
2805 2528 2970 2580 erat:
3001 2527 3062 2579 tu
3095 2523 3296 2586 dicito,
3346 2523 3420 2578 In
3456 2523 3630 2592 prin-

1969 2614 2123 2682 cipio
2154 2619 2301 2671 erat.
2328 2613 2462 2679 Sed,
2495 2613 2709 2686 inquit,
2749 2613 3111 2686 priusquam
3150 2613 3390 2683 genitus
3447 2616 3628 2683 esset,

1968 2702 2280 2776 quomodo
2305 2703 2482 2758 erat?
2502 2705 2586 2758 Tu
2613 2719 2691 2758 ne
2721 2703 2986 2759 dimittas
3006 2702 3173 2770 illud,
3199 2703 3393 2759 Erat:
3417 2717 3492 2758 ne
3522 2701 3631 2759 de-

1967 2792 2280 2866 reliqueris
2321 2792 2491 2861 illud,
2537 2793 2611 2848 In
2641 2794 2963 2864 principio.
3004 2791 3282 2864 Principii
3311 2791 3631 2848 summitas

1968 2897 2093 2937 non
2105 2881 2582 2954 apprehenditur
2603 2898 2618 2937 :
2640 2882 2809 2955 quod
2829 2887 2996 2938 extra
3008 2887 3065 2939 et
3086 2881 3243 2938 ultra
3260 2881 3629 2954 principium

1970 2970 2064 3038 sit,
2106 2986 2228 3026 non
2265 2971 2590 3027 invenitur.
2629 2975 2708 3027 Ne
2737 2973 2873 3043 quis
2907 2975 2963 3027 te
2985 2971 3246 3044 decipiat
3274 2971 3443 3027 varia
3461 2971 3629 3027 vocis

257 3069 453 3139 κορυφὴ
503 3067 560 3120 οὐ
608 3070 1080 3144 καταλαμϐανεται·
1113 3074 1288 3148 ἀρχῆς
1349 3079 1406 3128 τὸ
1462 3060 1704 3152 ἐξώτερον
1755 3077 1858 3150 οὐχ

1970 3060 2426 3130 signiﬁcatione.
2471 3063 2624 3116 Nam
2662 3077 2867 3117 rerum
2898 3060 3222 3117 multarum
3256 3061 3450 3118 multa
3490 3063 3630 3118 sunt

253 3153 567 3228 εὑρίσκεται.
617 3165 704 3219 Μὴ
745 3162 1172 3236 παραλογίσηταί
1224 3168 1282 3217 σέ
1326 3184 1409 3228 τις
1457 3174 1530 3238 τῷ
1574 3166 1858 3240 πολυσήμῳ

248 3252 349 3306 τῆς
383 3244 579 3310 λέξεως.
624 3250 814 3303 Πολλαὶ
879 3254 977 3327 γὰρ
1039 3252 1206 3327 ἀρχαὶ
1265 3253 1463 3307 πολλῶν
1536 3258 1858 3332 πραγμάτων

247 3337 387 3387 κατὰ
432 3339 520 3388 τόν
580 3337 698 3411 βίον
754 3347 953 3393 τοῦτον
1009 3341 1136 3395 ἀλλὰ
1200 3347 1298 3415 μία
1348 3343 1494 3416 ἀρχὴ
1528 3343 1611 3398 ἐπὶ
1649 3347 1856 3399 πάντων

245 3423 275 3480 ἡ
336 3422 570 3477 ἐπέκεινα
620 3429 718 3498 (2).
778 3428 948 3503 Ἀρχὴ
1007 3434 1109 3506 γὰρ
1170 3429 1298 3484 ὀδοῦ
1344 3431 1564 3504 ἀγαθῆς,
1627 3433 1763 3488 εἶπεν
1819 3438 1851 3496 ἡ

244 3517 537 3586 Παροιμία.
586 3514 724 3569 Ἀλλ’
767 3514 894 3570 όδοῡ
942 3522 1033 3591 μὲν
1096 3519 1240 3594 ἀρχή
1300 3523 1330 3580 ἡ
1385 3527 1566 3597 πρώτη
1622 3529 1852 3592 κίνησις,

241 3602 360 3654 ὅθεν
406 3603 686 3677 ἀρχόμεθα
741 3615 836 3670 τῆς
879 3613 1111 3683 πορείας,
1144 3612 1207 3673 ἧς
1254 3613 1313 3663 τὸ
1378 3616 1599 3665 κατόπιν
1631 3609 1854 3666 δυνατόν

242 3687 390 3743 ἐστιν
464 3694 645 3766 εὑρεῖν.
715 3701 835 3764 Καὶ,
925 3697 1096 3771 Ἀρχὴ
1166 3704 1354 3772 σοφίας
1425 3700 1580 3772 φόϐος
1630 3707 1851 3778 Κυρίου.

242 3777 402 3834 Ἐστι
458 3788 548 3835 καὶ
591 3787 788 3846 ταύτης
841 3795 937 3848 τῆς
979 3785 1156 3860 ἀρχῆς
1216 3789 1386 3864 ἕτερὸν
1415 3809 1467 3843 τι
1495 3795 1849 3865 προκείμενον·

242 3877 344 3931 τῆς
407 3875 507 3947 γὰρ
556 3882 658 3927 τῶν
700 3884 897 3948 τεχνῶν
955 3876 1257 3949 ἀναλήψεως
1287 3878 1432 3952 ἀρχή
1469 3879 1609 3933 ἐστιν
1635 3883 1666 3940 ἡ
1703 3901 1851 3935 στοι-

244 3967 489 4035 χείωσις.
523 3971 789 4036 Στοιχεῖον
817 3963 907 4019 οὖν
936 3966 1050 4020 ἐστι
1069 3977 1164 4030 τῆς
1199 3973 1381 4043 σοφίας
1413 3971 1438 4022 ὁ
1469 3969 1624 4043 φόϐος
1649 3971 1742 4024 τοῦ
1773 3973 1852 4044 (3)

250 4059 465 4129 Κυρίου⁶
524 4051 652 4106 ἀλλὰ
697 4057 895 4117 ταύτης
951 4065 1045 4120 τῆς
1095 4056 1272 4131 ἀρχῆς
1315 4057 1430 4112 ἐστί
1457 4078 1510 4112 τι
1559 4059 1851 4135 πρεσϐύτε-

245 4162 356 4218 ρον,
409 4145 438 4202 ἡ
484 4145 814 4208 κατάστασις
842 4154 939 4208 τῆς
977 4146 1131 4219 ψυχή
1144 4169 1184 4212 ς,
1207 4156 1300 4200 τοῦ
1325 4153 1485 4222 μήπω
1517 4152 1854 4222 σοφισθέντος

246 4237 336 4285 καὶ
373 4235 462 4285 τόν
505 4232 659 4306 φόϐον
709 4242 802 4288 τοῦ
861 4243 994 4289 Θεοῦ
1041 4235 1390 4310 ἀνειληφότος.
1428 4238 1624 4312 Ἀρχαὶ
1655 4240 1736 4310 (4)
1775 4239 1853 4293 λέ-

247 4341 429 4394 γονται
448 4329 538 4377 καὶ
568 4327 622 4377 αἱ
650 4324 919 4380 πολιτικαὶ
967 4324 1294 4396 δυναστεῖαι,
1364 4331 1421 4381 αἱ
1473 4339 1575 4381 τῶν
1623 4328 1855 4404 ἀξίωμά-

1969 3150 2266 3222 principia
2303 3149 2365 3205 in
2416 3150 2534 3206 hac
2583 3149 2741 3206 vita:
2767 3150 2872 3206 sed
2909 3166 3103 3206 unum
3138 3154 3228 3204 est
3262 3149 3627 3222 principium

1969 3255 2153 3313 supra
2201 3239 2425 3307 omnia,
2471 3239 2640 3312 quod
2691 3239 2848 3296 ultra
2886 3239 3405 3312 est.Nam,inquit
3433 3240 3629 3295 Parae-

1965 3331 2110 3400 mia,
2129 3331 2512 3400 Principium
2527 3332 2638 3387 vix
2657 3330 2908 3387 bona".
2953 3330 3068 3387 Sed
3109 3329 3216 3386 vim
3257 3329 3624 3401 principium

1965 3425 2054 3476 est
2079 3420 2310 3492 primus
2343 3425 2569 3490 motus,
2592 3419 3194 3489 undeiterordimur,
3241 3420 3418 3491 cujus
3461 3419 3626 3492 prior

1963 3523 2106 3580 pars
2122 3509 2596 3581 potestreperiri.
2612 3512 2700 3577 Et,
2717 3510 3096 3579 Principium
3116 3510 3429 3578 sapientiae
3447 3511 3628 3566 timor

1963 3596 2207 3651 Domini
2219 3597 2289 3650 ⁷⁷.
2318 3596 2602 3668 Praajacet
2630 3603 2833 3652 autem
2863 3602 2922 3653 et
2951 3596 3091 3653 huic
3129 3597 3427 3669 principio
3455 3595 3624 3653 aliud

1963 3686 2298 3759 quoddam,
2331 3703 2472 3743 cum
2497 3687 2904 3760 perceptionis
2921 3687 3140 3743 artium
3163 3687 3521 3759 principium
3547 3686 3626 3742 sit

1961 3777 2159 3850 prima
2179 3775 2618 3833 elementorum
2644 3777 2956 3833 institutio.
3013 3777 3393 3834 Elementum
3441 3776 3624 3847 igitur

1962 3867 2272 3945 sapientiae
2303 3867 2481 3922 timor
2510 3866 2749 3922 Domini
2775 3871 2866 3922 est
2893 3883 2906 3921 :
2939 3865 3048 3922 sed
3073 3867 3188 3922 hoc
3211 3865 3512 3939 principio
3533 3869 3624 3922 est

1962 3955 2211 4029 aliquod
2239 3956 2566 4028 antiquius,
2599 3956 2822 4012 animas
2855 3956 3078 4012 scilicet
3107 3961 3313 4024 status,
3338 3955 3492 4026 ejus,
3514 3955 3622 4028 qui

1960 4045 2237 4103 nondum
2259 4045 2620 4118 sapientiam
2645 4045 2896 4102 edoctus
2923 4050 3033 4114 est,
3055 4060 3166 4100 nec
3189 4045 3312 4112 Dei,
3344 4045 3621 4101 timorem

1961 4137 2244 4208 adeptus.
2267 4135 2566 4208 Principia
2591 4136 2875 4192 dicuntur
2905 4135 3086 4192 etiam
3119 4135 3321 4191 civiles
3348 4139 3624 4207 potenta-

1963 4231 2080 4290 tus,
2121 4225 2398 4282 videlicet
2424 4225 2724 4298 praecelsa:
2753 4226 3078 4296 dignitates
3109 4242 3123 4281 :
3157 4225 3263 4282 sed
3299 4239 3427 4294 gaac
3459 4223 3625 4297 prin-

1962 4315 2140 4388 cipia,
2172 4315 2514 4388 aliquorum
2545 4320 2687 4372 sunt
2709 4315 3025 4390 principia,
3049 4320 3108 4372 et
3131 4314 3621 4388 unumquodque

248 4433 346 4465 των
411 4416 692 4488 ὑπεροχαί.
753 4415 890 4469 Ἀλλ’
941 4417 1098 4471 αὗται
1154 4420 1210 4471 αἱ
1281 4417 1470 4493 ἁρχαὶ,
1524 4429 1676 4473 τινῶν
1720 4422 1852 4474 εἰσιν

1968 4419 2172 4460 eorum
2204 4404 2409 4478 aliquo
2429 4404 2700 4461 refertur.
2756 4405 2988 4462 Etenim
3034 4404 3210 4461 lineae
3250 4403 3620 4477 principium

250 4500 437 4578 ἀρχαὶ,
485 4509 578 4558 καὶ
623 4508 754 4579 πρὸς
787 4525 840 4558 τι
887 4505 1102 4567 ἑκάστη.
1138 4508 1308 4583 Ἀρχὴ
1337 4511 1437 4585 γὰρ
1469 4518 1565 4575 τῆς
1599 4519 1850 4587 γραμμῆς

321 4702 368 4738 ’⁸⁸
397 4705 575 4761 Prov.
611 4717 726 4774 xw,
761 4707 812 4761 5.
888 4703 935 4739 ⁷⁷
969 4702 1129 4762 Psal.
1152 4719 1244 4776 cx,
1271 4707 1355 4763 10.

322 4902 432 4977 (9'7)
466 4900 642 4977 -Editi
685 4903 745 4977 et
793 4917 943 4977 m_ss_.
974 4901 1467 4977 κατασπαζόμενος·
1504 4919 1642 4977 quae
1666 4920 1784 4962 vox
1815 4921 1852 4963 a

251 4970 436 5045 verbo
459 4970 793 5045 ἀσπάζεσθαι
821 4974 1160 5039 deducitur,
1199 4970 1405 5032 am'ore
1445 4970 1853 5045 terieri,delec-

259 5042 398 5095 tari.
454 5044 514 5097 ld
560 5060 695 5101 cum
742 5062 864 5103 non
886 5047 1396 5103 animadverteret
1427 5042 1847 5114 Combeﬁsius,

259 5125 513 5193 cumque
529 5115 635 5171 sibi
663 5118 827 5174 visus
849 5125 1004 5193 esset
1033 5118 1252 5193 legere,
1275 5120 1750 5193 κατασκεψάμενος,
1767 5122 1850 5178 sic

255 5189 670 5263 interpretatus
697 5194 823 5245 est:
858 5191 1230 5258 splendorem
1269 5189 1615 5260 suspiciens.
1673 5195 1850 5248 Vetus

251 5259 540 5330 interpres
573 5265 848 5327 verterat,
872 5263 1250 5330 splendorem
1277 5259 1635 5320 admiratus.

297 5328 426 5407 "(98)
452 5332 710 5403 Utraque
737 5328 918 5407 editio
943 5349 1267 5404 operarum
1292 5333 1524 5392 incuria
1544 5333 1845 5406 inimjam.

249 5397 660 5478 Libriveteres
693 5402 833 5478 ᾔδει,
862 5397 1130 5474 noverat,
1176 5407 1428 5478 optime.

317 5473 425 5542 (99)
476 5473 629 5531 Editi
684 5473 741 5531 et
759 5475 894 5553 duo
925 5493 1073 5532 mss.
1099 5473 1557 5553 μεμῆχανευμένα.
1600 5479 1709 5536 Alii
1730 5482 1849 5536 tres

242 5558 387 5620 mss.
411 5551 850 5620 μεμηχανημένα.

413 5617 666 5695 ίρἶιῐὶᾳυὶ
697 5617 987 5695 duolibri
1013 5624 1136 5695 πρὶν
1157 5623 1492 5695 γεννηθῆναι.

312 5689 388 5761 (2)
420 5689 681 5764 Utraque
702 5691 886 5750 editio
907 5697 966 5750 et
988 5689 1108 5750 tres
1138 5689 1292 5750 mss.
1338 5692 1483 5767 ἁρχὴ
1516 5696 1547 5755 ἡ
1585 5693 1669 5750 ἐπὶ
1714 5696 1850 5750 πάν..

1960 4499 2257 4568 punctum
2304 4499 2414 4564 est,
2459 4500 2518 4552 et
2567 4495 2905 4568 superﬁciei
2953 4493 3319 4567 principium
3347 4493 3528 4562 linea,
3560 4497 3620 4550 et

1958 4927 2060 4998 των
2091 4907 2340 4962 ἐπέκεινα.
2375 4907 2489 4965 Alii
2525 4911 2808 4982 quatuor.
2839 4921 2992 4963 mss.
3023 4904 3167 4982 ἁρχὴ
3211 4903 3293 4959 ἐπὶ
3321 4905 3525 4959 πάντων
3576 4905 3608 4965 ἡ

1961 5000 2426 5126 “aviumque
2477 5051 2660 5108 editio
2721 5055 2904 5125 σοφίας
2933 5014 3109 5125 ’φόϐος
3139 5053 3166 5104 ό
3196 5056 3313 5107 τοῦ.
3361 5052 3435 5106 At
3462 5064 3608 5106 mss.

1960 5125 2234 5198 quinque
2263 5124 2417 5198 utin
2441 5128 2745 5180 contextu.

2031 5197 2109 5267 (4)
2135 5193 2277 5275 Ejus
2305 5195 2420 5251 loci
2443 5194 2900 5275 consonentiam
2917 5195 3123 5275 videre
3163 5193 3209 5250 si
3423 5193 3609 5275 cupit,

1959 5266 2012 5322 ei
2035 5265 2242 5323 auctOr
2268 5283 2424 5331 sum,
2454 5271 2519 5322 ut
2548 5269 2750 5323 Graeca
2774 5267 2954 5336 legat.
2983 5269 3126 5332 Quae
3157 5265 3318 5322 enim
3347 5266 3444 5322 hic
3471 5265 3612 5320 scri-

1958 5337 2203 5411 buntur,
2222 5339 2448 5411 optime
2469 5339 2719 5411 quidem
2733 5339 2849 5393 dici
2870 5340 3356 5411 possuntGrzece,
3370 5343 3440 5411 _ut
3459 5336 3611 5411 mul-

1958 5410 2218 5492 tiplicem
2249 5408 3223 5494 intelligentiam‘vocisupzri,quaa
3246 5409 3434 5492 modo
3446 5409 3612 5494 prin-

1957 5482 2203 5554 cipium,
2221 5482 2405 5537 modo
2425 5482 2829 5554 principatum
2851 5481 3262 5553 ditiOnemque
3283 5481 3602 5551 signiﬁcat:

1957 5553 2068 5609 sed
2093 5554 2249 5608 male
2281 5554 2568 5625 sonantsi
2592 5553 3007 5625 exprimantur
3036 5554 3256 5625 Latine,
3279 5551 3610 5625 quodvoci

1957 5569 2068 5609 sea
2093 5569 2249 5608 male
2281 5569 2500 5608 sonant
2521 5571 2568 5607 Sl
2592 5569 3007 5625 exprimantur
3037 5569 3256 5621 Laune,
3279 5569 3446 5625 quon
3477 5569 3609 5607 VOCl

1947 5626 2321 5754 principium
2347 5624 2659 5700 multiplex
2687 5624 2855 5682 notio
2881 5625 3049 5701 apud
3075 5624 3314 5682 Latinos
3335 5623 3609 5699 subjecta

1955 5712 2083 5754 non
2115 5713 2166 5754 ει
2196 5739 2209 5754 .

1955 5712 2083 5755 non
2115 5712 2209 5754 81L
