4098 6384
321 352 423 408 477

1041 343 1337 402 ΗΟΜΙΙΛΑ
1373 346 1442 400 IN
1480 345 1709 417 ILLUD,
1752 343 1850 400 IN
1877 344 2292 404 PRINCIPIO
2327 347 2547 404 ERAT
2589 349 2940 407 VERBUM.

3577 355 3683 410 478

321 474 588 548 γλῶσσαν,
651 471 839 526 εἰπών·
903 469 1020 526 Ἐἀν
1075 477 1187 536 ταῖς
1246 469 1514 542 γλώσσαις
1572 477 1671 522 τῶν
1734 466 1918 543 ἀνθρώ-

2043 486 2182 526 cum
2201 472 2302 530 ait:
2319 474 2616 545 Sz'lz'nguis
2635 475 2942 531 hominum
2959 475 3174 546 loquar
3185 482 3238 534 et
3253 478 3688 548 angelorum”.

321 586 430 620 πων
490 565 630 618 λαλῶ
696 568 786 617 καὶ
843 570 944 616 τῶν
1009 560 1259 633 ἀγγέλων.
1327 560 1481 615 Ἀλλά
1527 565 1617 613 καὶ
1673 568 1764 613 τοῦ
1817 563 1929 632 ('11)

319 655 477 728 λόγου
534 652 694 713 διπλῆ
749 657 825 714 τίς
868 651 1009 706 ἐστιν
1063 653 1250 705 ἔννοια.
1281 649 1340 703 Ὀ
1385 653 1475 724 μὲν
1521 652 1623 726 γάρ
1667 653 1744 711 τίς
1792 649 1930 702 ἐστιν

321 745 349 800 6
407 741 502 798 διὰ
573 752 666 804 τῆς
724 751 890 816 φωνῆς
949 744 1343 816 προφερόμενος,
1398 740 1545 803 οὗτος
1607 741 1632 792 6
1689 741 1819 813 μετά
1873 742 1932 792 τό

319 836 702 910 προενεχθῆναι
730 840 802 903 τῷ
849 831 961 907 ἀέρι
1009 830 1450 904 ἐναπολλύμενος·
1502 830 1530 882 6
1562 827 1621 884 δέ
1668 833 1745 892 τίς
1793 828 1933 882 ἐστιν

320 927 346 979 6
378 922 692 991 ἐνδιάθετος,
733 923 1045 999 ἐννπάρχων
1089 925 1234 996 ἡμῶν
1288 930 1407 985 ταῖς
1451 918 1738 998 καρδίαις·
1786 922 1812 974 6
1862 918 1937 973 ἐν..

319 1019 653 1089 νοηματικός.
698 1020 798 1068 Καὶ
845 1014 1020 1084 ἀλλος,
1074 1014 1102 1066 6
1147 1016 1387 1086 τεχνικὸς
1437 1013 1610 1085 λόγος.
1650 1010 1789 1088 Ὀρα
1833 1016 1936 1085 μή·

319 1110 445 1159 ποτέ
494 1124 551 1159 σε
587 1106 1030 1181 παρακρούσηται
1061 1107 1175 1172 (12)
1207 1107 1266 1156 τὸ
1313 1105 1582 1176 ὁμώνυμον
1611 1111 1708 1164 τῆς
1738 1110 1874 1176 φωνῆ
1888 1123 1927 1166 ς.

321 1202 436 1258 Πῶς
459 1197 559 1269 γὰρ
609 1203 670 1268 ᾖν
715 1194 764 1246 ἐν
809 1194 953 1270 ἀρχῇ
990 1195 1014 1246 6
1051 1192 1374 1270 ἀνθρώπινος
1400 1193 1576 1266 λόγος,
1610 1200 1704 1246 τοῦ
1734 1191 1930 1268 ἀνθρώ-

317 1301 415 1336 που
475 1286 619 1337 κάτω
673 1303 775 1338 που
823 1283 1076 1346 λαϐόντος
1125 1286 1219 1342 τὴν
1269 1281 1444 1356 ἀρχὴν
1495 1291 1592 1344 τῆς
1643 1284 1925 1354 γενέσεως;

316 1374 425 1448 Πρὸ
471 1371 744 1448 ἀνθρώπου
797 1375 994 1448 θηρία·
1042 1375 1144 1447 πρὸ
1192 1370 1466 1448 ἀνθρώπου
1515 1377 1698 1440 κτήνη,
1741 1374 1808 1424 τὰ
1837 1370 1924 1446 ἑρ-

313 1464 445 1536 μετά
493 1464 704 1515 πάντα·
753 1463 856 1516 ὅσα
902 1469 1153 1538 χερσαῖα,
1186 1466 1276 1515 καὶ
1321 1464 1422 1514 ὅσα
1473 1457 1684 1537 ἔνυδρα,
1718 1463 1923 1516 πετεινά

313 1559 408 1605 τοῦ
455 1551 699 1627 οὐρανοῦ,
751 1551 984 1628 ἀστέρες,
1039 1551 1197 1618 ἣλιος,
1234 1551 1442 1618 σελήνη,
1486 1550 1729 1625 βοτάναι,
1766 1555 1922 1627 σπέρο

315 1661 479 1714 ματα,
511 1650 602 1714 γῆ,
638 1641 886 1709 θάλαττα,
922 1641 1157 1716 οὐρανός.
1193 1640 1268 1694 06
1311 1646 1482 1694 τοίνυν
1523 1641 1572 1694 ἐν
1613 1639 1755 1717 ἀρχῇ
1801 1638 1861 1714 ᾖν
1893 1643 1918 1694 6

313 1728 630 1804 ἀνθρώπινος
683 1729 849 1802 λόγος,
911 1729 1015 1783 ἀλλ’
1060 1727 1185 1784 οὐδε
1238 1732 1264 1782 6
1311 1739 1410 1783 τῶν
1460 1729 1706 1804 ἀγγέλων.
1763 1738 1919 1786 Πᾶσα

2037 561 2170 616 Jam
2202 577 2342 616 vero
2371 562 2537 619 verbi
2564 560 2786 635 duplex
2835 568 2923 619 est
2959 564 3384 636 intelligentia:
3435 566 3692 622 alterum

2040 650 2199 706 enim
2232 667 2374 708 voce
2406 652 2724 725 profertur,
2756 653 2922 726 quod
2954 659 3359 726 posteaquam
3389 655 3692 726 prolatum

2041 743 2147 806 est,
2188 739 2252 796 in
2307 757 2442 798 aere
2500 743 2681 816 perit:
2745 743 2996 798 alterum
3050 759 3192 798 vero
3235 743 3537 799 internum
3583 751 3692 809 est,

2038 827 2225 902 inque
2245 831 2465 888 animis
2483 833 2702 888 nostris
2721 833 2990 898 insitum,
3007 833 3258 889 verbum
3287 833 3512 889 scilicet
3530 848 3696 890 men-

2041 921 2133 978 tis.
2168 923 2268 978 Est
2295 925 2353 979 et
2383 922 2546 980 aliud
2576 923 2848 994 verbum,
2877 924 3066 980 oratio
3089 923 3599 980 artiﬁciosa.Vide
3617 938 3694 980 ne

2039 1014 2095 1066 te
2125 1011 2385 1083 decipiat
2423 1028 2543 1069 vox
2571 1013 2882 1083 ambigua.
2917 1013 3234 1079 Quomodo
3283 1013 3444 1069 enim
3477 1019 3606 1070 erat
3632 1011 3694 1068 in

2039 1102 2334 1175 principio
2350 1102 2600 1160 verbum
2612 1100 3120 1174 humanum,cum
3142 1104 3326 1159 homo
3338 1096 3694 1176 principium

2035 1197 2202 1249 ortus
2244 1198 2425 1266 atque
2467 1194 2764 1264 originem
2807 1195 3102 1268 posterius
3145 1193 3488 1266 acceperit?
3540 1197 3692 1248 Ante

2032 1282 2344 1340 hominem
2385 1284 2617 1354 bestiae,
2642 1289 2782 1341 ante
2825 1285 3140 1341 hominem
3171 1300 3416 1357 pecora,
3457 1281 3694 1356 reptilia

2031 1374 2239 1430 omnia
2287 1379 2414 1430 tum
2488 1375 2786 1431 terrestria
2854 1379 2982 1430 tum
3049 1374 3351 1446 aquatica,
3420 1372 3693 1428 volucres

2030 1463 2184 1528 cceli,
2260 1464 2465 1531 stellae,
2522 1465 2632 1532 sol,
2691 1464 2858 1535 luna,
2911 1463 3136 1532 herbae,
3194 1462 3451 1530 semina,
3509 1467 3688 1528 terra,

2028 1555 2475 1622 mare,caalum.
2501 1558 2627 1612 Non
2656 1555 2838 1625 igitur
2859 1554 2920 1610 in
2954 1553 3251 1626 principio
3283 1557 3412 1607 erat
3435 1551 3690 1607 verbum

2025 1645 2503 1714 humanum,sed
2519 1662 2595 1701 ne
2608 1646 2962 1715 angelorum
2977 1643 3398 1716 quidem.Nam
3416 1646 3689 1698 creatura

2026 1736 2225 1792 omnis
2271 1736 2572 1808 posterior
2601 1735 2837 1791 saeculis
2878 1740 2987 1802 est,
3017 1738 3263 1806 accepto
3305 1749 3342 1789 a
3381 1730 3690 1787 conditore

309 1821 412 1894 γὰρ
463 1820 494 1879 ἡ
546 1824 721 1882 κτίσις
774 1825 1042 1896 κατωτέρα
1082 1828 1183 1874 τῶν
1225 1820 1420 1874 αἰώνων
1452 1820 1584 1890 ἐστὶ,
1620 1826 1714 1881 τὴν
1741 1820 1915 1897 ἀρχὴν

2028 1826 2349 1882 exsistendi
2379 1827 2700 1898 principio.
2728 1825 2994 1880 Verbum
3021 1829 3223 1879 autem
3255 1820 3687 1894 quodinsitum

310 1915 404 1963 τοῦ
435 1907 565 1962 εἶναι
595 1909 835 1962 λαϐοῦσα
880 1912 1024 1986 παρὰ
1075 1917 1166 1963 τοῦ
1197 1916 1492 1973 κτίσαντος.
1524 1910 1582 1963 Ὀ
1623 1909 1683 1964 δὲ
1714 1911 1761 1964 ἐν
1792 1931 1917 1985 καρι-

312 1994 407 2071 δίᾳ
460 1997 632 2070 λόγος,
688 2004 777 2052 καὶ
824 1999 979 2062 αὐτὸς
1027 2000 1249 2053 ἑκάστου
1301 2009 1402 2053 τῶν
1467 2003 1748 2060 νοηθέντων
1799 2000 1911 2055 ἐστὶ

309 2094 577 2162 νεώτερος.
626 2087 756 2144 Ἀλλ’
818 2092 975 2144 ἄκουε
1029 2097 1122 2145 τοῦ
1188 2089 1342 2167 λόρου
1413 2094 1721 2168 θεοπρεπῶς.
1791 2097 1919 2167 Περὶ

308 2180 408 2251 γὰρ
459 2186 551 2232 τοῦ
599 2186 917 2253 Μονογενοῦς
962 2177 1330 2256 διαλεγόμενός
1381 2201 1484 2250 σοι,
1543 2187 1715 2256 Λόγον
1780 2178 1916 2236 εἶπεν

311 2268 487 2326 αὐτόν.
542 2267 742 2346 Ὠσπερ
801 2267 889 2324 οὖν
954 2277 1044 2325 καὶ
1089 2282 1193 2346 φῶς
1245 2273 1354 2347 μετ’
1412 2273 1584 2346 όλιγον
1651 2273 1771 2348 ἐρεῖ,
1828 2280 1920 2329 καὶ

311 2358 471 2427 ζωὴν,
525 2364 617 2412 καὶ
666 2359 974 2430 ἀνάστασιν,
1006 2367 1098 2416 καὶ
1143 2364 1257 2417 οὔτε
1303 2373 1404 2438 φῶς
1444 2363 1695 2429 ἀκούσας,
1729 2364 1812 2418 ἐπὶ
1859 2369 1918 2418 τὸ

311 2448 568 2508 αἰσθητὸν
614 2457 768 2504 τοῦτο
816 2456 906 2504 καὶ
955 2451 1233 2530 ὀφθαλμοῖς
1272 2455 1456 2529 ὁρατὸν
1487 2459 1772 2531 καταφέρῃ,
1801 2458 1919 2518 οὔτε

313 2537 452 2600 ζωὴν
503 2537 755 2608 ἀκούσας,
797 2545 891 2600 τὴν
938 2547 1114 2600 κοινὴν
1165 2545 1362 2601 ταύτην
1409 2551 1559 2610 νοεῖς,
1610 2545 1671 2604 ἣν
1719 2548 1808 2596 καὶ
1854 2546 1920 2597 τά

311 2627 478 2701 ἄλογα
508 2630 572 2704 ζῇ
601 2651 614 2662 ·
675 2629 950 2690 οὕτωκαὶ
998 2637 1156 2704 Δόγον
1197 2632 1416 2701 ἀκούων,
1451 2633 1673 2706 φύλαξαι
1717 2637 1920 2706 μὴποτε

310 2724 373 2789 τῇ
411 2727 475 2778 σῆ
511 2717 752 2792 ἀσθενείᾳ
800 2729 895 2783 τῆς
945 2717 1184 2784 διανοίας
1233 2726 1365 2796 πρὸς
1417 2723 1791 2797 χαμαιζήλους
1831 2729 1920 2778 καὶ

313 2810 559 2870 ταπεινὰς
607 2805 845 2874 διανοίας
896 2813 1208 2886 ὑπενεχθῇς.
1253 2813 1389 2868 Ἀλλ’
1432 2813 1609 2888 ἐρεύνα
1659 2817 1752 2873 τὴν
1805 2811 1922 2867 διοί-

309 2916 450 2949 νοιαν
498 2907 588 2952 τοῦ
639 2900 896 2975 ῥήματος,
929 2905 1024 2955 Διά
1078 2908 1132 2956 τί
1177 2907 1386 2975 Λόγος;
1434 2903 1546 2958 Ἵνα
1589 2900 1806 2976 δειχθῇ,
1841 2905 1922 2956 ὅτι

313 2984 368 3038 ἐκ
417 2995 508 3039 τοῦ
553 2997 639 3042 νοῦ
696 2990 942 3066 προῆλθε.
991 2994 1086 3045 Διά
1125 2997 1204 3046 τί
1261 2998 1472 3066 Λόγος,
1531 2993 1652 3048 Ὅτι
1711 2994 1922 3057 ἀπαθῶς

309 3074 572 3146 ἐγεννήθη.
606 3081 703 3133 Διά
731 3084 782 3133 τί
821 3086 1018 3154 Λόγος;
1072 3081 1193 3136 Ὀτι
1237 3082 1384 3136 εἰκὼν
1434 3091 1525 3138 τοῦ
1555 3088 1916 3156 γεννήσαντος,

2024 1915 2084 1970 in
2130 1916 2334 1971 animo
2389 1920 2497 1978 est,
2530 1921 2587 1970 et
2631 1915 2836 1987 ipsum
2893 1913 3147 1984 singulis
3204 1928 3343 1985 quae
3393 1909 3691 1965 intellecta

2025 2008 2186 2067 sunt,
2212 2003 2510 2060 recentius
2542 2007 2654 2061 est.
2689 2002 2804 2061 Sed
2835 2003 3087 2060 verbum
3114 2006 3295 2074 prout
3325 2003 3444 2056 Deo
3475 2012 3690 2054 conve-

2023 2094 2111 2150 nit
2135 2095 2546 2166 interpretare.
2578 2096 2726 2149 Nam
2770 2110 2910 2150 cum
2942 2093 3016 2148 de
3066 2090 3382 2161 Unigenito
3410 2087 3491 2144 ad
3522 2092 3574 2142 te
3606 2085 3691 2142 lo-

2023 2190 2327 2256 queretur,
2383 2182 2640 2240 Verbum
2686 2184 2888 2256 ipsum
2933 2181 3103 2237 dixit.
3152 2177 3688 2246 Quemadmodum

2023 2273 2204 2344 igitur
2233 2279 2288 2329 et
2315 2273 2515 2330 lucem
2559 2273 2741 2345 paulo
2789 2277 2924 2345 post
2969 2271 3144 2341 dicet,
3180 2275 3236 2324 et
3265 2269 3470 2328 vitam,
3505 2270 3562 2322 et
3591 2281 3680 2320 re-

2027 2365 2490 2431 surrectionem;
2515 2379 2714 2438 neque
2744 2368 2967 2426 tamen,
2999 2377 3138 2416 cum
3164 2358 3338 2415 audis
3364 2357 3580 2426 lucem,
3607 2353 3689 2410 ad

2027 2453 2372 2510 sensibilem
2391 2455 2550 2510 hanc
2573 2459 2627 2508 et
2648 2453 2838 2508 oculis
2853 2451 3148 2508 visibilem
3169 2450 3368 2505 lucem
3387 2446 3645 2502 recurris
3671 2462 3685 2514 ;

2026 2559 2224 2616 neque
2252 2560 2391 2599 cum
2419 2547 2606 2599 vitam
2647 2543 2846 2608 audis,
2872 2556 3261 2597 communem
3292 2538 3450 2593 hanc
3481 2533 3690 2590 intelli-

2030 2632 2141 2703 gis,
2173 2649 2360 2706 quam
2392 2633 2569 2688 bruta
2591 2633 2772 2688 etiam
2805 2631 3098 2687 animalia
3125 2630 3340 2685 vivunt
3369 2644 3380 2680 :
3432 2626 3515 2681 ita
3542 2640 3689 2697 quo-

2030 2739 2146 2794 que
2179 2739 2316 2779 cum
2329 2722 2590 2779 Verbum
2617 2722 2811 2787 audis,
2836 2738 2982 2777 cave
3004 2720 3237 2776 incidas
3255 2716 3472 2773 mentis
3501 2713 3688 2770 imbe-

2032 2812 2248 2870 cilitate
2291 2813 2352 2868 in
2403 2818 2665 2868 terrenas
2697 2811 3079 2883 humilesque
3125 2807 3541 2878 cogitationes,
3577 2800 3687 2858 sed

2031 2902 2196 2958 vocis
2228 2901 2732 2972 signiﬁcationem
2762 2905 3208 2973 perscrutare...
3235 2900 3349 2954 Cur
3375 2894 3639 2950 Verbum
3661 2892 3688 2948 ?

2033 2994 2104 3048 Ut
2131 2991 2522 3064 perspicuum
2554 2993 2628 3047 sit
2652 2990 3025 3064 processisse
3047 3005 3119 3044 ex
3151 2992 3370 3043 mente.
3404 2986 3520 3038 Cur
3538 2985 3684 3037 Ver-

2029 3082 2223 3139 bum?
2256 3083 2405 3148 Quia
2425 3085 2572 3138 citra
2601 3083 2949 3154 passionem
2980 3079 3250 3149 genitum
3277 3081 3383 3131 est.
3410 3077 3524 3131 Cur
3556 3074 3689 3127 Ver-

308 3160 422 3214 ὅλον
471 3163 521 3216 ἐν
575 3163 740 3236 ἐαυτῷ
797 3163 1004 3229 δεικνὺς
1060 3170 1147 3220 τόν
1209 3174 1531 3241 γεννήσαντα
1588 3171 1722 3241 (13),
1769 3166 1918 3228 οὐδὲν

2030 3171 2227 3228 bum?
2259 3171 2409 3237 Quia
2439 3171 2642 3240 imago
2683 3173 2769 3225 est
2817 3167 3122 3237 genitoris,
3157 3170 3348 3222 totum
3377 3163 3440 3218 in
3487 3160 3686 3232 seipso

307 3249 496 3305 ἐκεῖθεν
549 3252 892 3331 ἀπομερίσας,
941 3262 1032 3310 καὶ
1082 3257 1267 3320 τελειος
1314 3261 1570 3335 ὑπάρχων
1619 3258 1735 3312 καθ’
1797 3259 1919 3313 ἑαυ-

307 3345 394 3394 τόν
420 3363 433 3375 ·
467 3344 532 3403 ὡς
561 3348 650 3395 καὶ
680 3346 705 3396 6
753 3347 1002 3421 ἡμέτερος
1038 3346 1192 3419 λόγος
1239 3348 1358 3407 ὅλην
1406 3350 1552 3421 ἡμῶν
1603 3347 1918 3411 ἀπεικονίζει

306 3433 404 3489 τὴν
448 3432 662 3487 ἔννοιαν.
691 3439 756 3486 Ἀ
785 3436 887 3508 γὰρ
929 3437 1064 3487 κατά
1104 3433 1328 3512 καρδίαν
1361 3437 1717 3512 ἐνενοήσαμεν,
1751 3448 1920 3494 ταῦτα

308 3527 383 3590 τῷ
413 3521 613 3595 ῥήματι
657 3527 1069 3598 προηνέγκαμεν,
1101 3530 1191 3580 καὶ
1221 3530 1335 3580 ἔστι
1376 3536 1468 3582 τοῦ
1517 3528 1565 3581 ἐν
1604 3537 1666 3602 τῇ
1718 3528 1919 3606 καρδίᾳ

309 3610 964 3687 νοήματοςάπεικόνισμα
1018 3618 1076 3667 τό
1130 3615 1454 3690 λαλούμενον.
1512 3618 1600 3673 Ἐκ
1664 3623 1766 3693 γὰρ
1823 3629 1916 3674 τοῦ

309 3703 724 3774 περισσεύματος
769 3711 864 3766 τῆς
912 3701 1138 3779 καρδίας
1187 3707 1213 3759 6
1261 3706 1414 3780 λόγος
1441 3712 1912 3785 προφέρεταιμιίι).

311 3795 412 3844 Καὶ
452 3793 592 3844 ἔστιν
637 3794 667 3852 ἠ
720 3796 810 3866 μὲν
856 3792 1057 3868 καρδία
1102 3798 1248 3870 ἡμῶν
1297 3794 1402 3850 οἷον
1450 3805 1594 3872 πηγή
1644 3820 1744 3868 τις,
1778 3803 1804 3854 6
1854 3799 1914 3856 δὲ

306 3885 683 3956 προφερόμενος
747 3882 898 3956 λόγος
944 3881 1049 3938 οἷον
1117 3885 1265 3948 όλκός
1321 3907 1396 3949 τις
1457 3888 1512 3941 ἐκ
1577 3897 1674 3952 τῆς
1737 3901 1912 3963 πηγῆς

307 3972 501 4032 ταύτης
553 3972 702 4046 ῥέων.
762 3979 1024 4028 Τοσοῦτον
1086 3972 1174 4028 οὖν
1226 3980 1284 4030 τό
1344 3976 1611 4054 ἀπορρέον,
1671 3982 1790 4034 ὅσον
1852 3985 1910 4033 τό

305 4066 520 4134 πρώτως
568 4059 936 4137 ἀναφερόμενον
964 4066 1074 4137 (15)
1102 4088 1114 4100 ο
1160 4073 1252 4120 καὶ
1281 4069 1386 4121 οἷον
1424 4073 1483 4122 τό
1539 4076 1907 4146 κεκρυμμένον,

305 4159 554 4206 τοσοῦτον
597 4156 770 4206 καὶτὸ
816 4160 1136 4228 φαινόμενον.
1172 4161 1340 4230 Λόγον
1369 4155 1458 4212 οὖν
1499 4158 1653 4226 εἶπεν,
1690 4164 1772 4215 ἵνα
1817 4167 1910 4222 τὴν

308 4239 483 4302 ἀπαθῆ
520 4262 604 4295 σοι
632 4247 873 4315 γέννησιν
916 4253 1009 4299 τοῦ
1060 4253 1267 4324 Πατρός
1307 4257 1654 4326 παραστήσῃ,
1688 4260 1778 4307 καὶ
1817 4259 1910 4314 τὴν

305 4331 499 4385 τελείαν
565 4332 785 4408 ὕπαρξιν
854 4355 937 4390 σοι
994 4345 1087 4392 τοῦ
1152 4342 1275 4392 Υὶοῦ
1335 4341 1620 4416 θεολογήση
1657 4348 1788 4414 (16),
1821 4351 1912 4400 καὶ

306 4425 401 4481 τὴν
453 4423 680 4498 ἄχρονον
740 4427 1017 4499 συνάφειαν
1065 4435 1156 4481 τοῦ
1201 4431 1324 4482 Υὶοῦ
1380 4435 1508 4504 πρὸς
1560 4437 1769 4509 Πατέρα
1817 4432 1910 4488 διὰ

2032 3262 2362 3332 genitorem
2406 3260 2749 3328 ostendens,
2780 3258 2926 3314 nihil
2954 3259 3094 3315 inde
3136 3270 3443 3327 separans,
3476 3255 3534 3306 et
3579 3263 3687 3321 per

2029 3368 2092 3406 se
2135 3352 2826 3425 perfectum‘exsistens:
2878 3345 3400 3422 quemadmodum
3459 3345 3516 3398 et
3557 3354 3685 3395 ver-

2027 3443 2175 3498 bum
2231 3447 2507 3498 nostrum
2557 3442 2741 3497 totius
2798 3446 3017 3496 nostrae
3075 3434 3454 3509 cogitationis
3504 3431 3684 3489 refert

2025 3532 2376 3603 imaginem.
2409 3531 2640 3588 Etenim
2672 3548 2808 3603 qum
2858 3531 2920 3586 in
2947 3529 3128 3586 corde
3158 3525 3581 3597 cogitavimus,
3611 3537 3684 3577 ea

2025 3623 2211 3679 verbo
2241 3622 2623 3694 proferimus,
2647 3621 2831 3692 idque
2853 3619 3020 3692 quod
3042 3609 3683 3690 loquimur,reconditi

2021 3714 2084 3770 in
2105 3713 2284 3770 corde
2307 3717 2635 3783 conceptus
2664 3711 2869 3780 imago
2899 3713 2988 3764 est
3013 3713 3070 3763 et
3100 3703 3682 3762 simulacrum.Nam

2022 3820 2095 3860 ex
2121 3803 2320 3860 cordis
2354 3801 2733 3858 abundantia
2759 3800 3057 3873 promitur
3074 3797 3351 3854 verbum.
3388 3799 3467 3848 Ac
3506 3793 3672 3864 137

2021 3894 2269 3966 quidem
2301 3907 2404 3948 cor
2434 3897 2705 3948 nostrum
2736 3897 2825 3946 est
2854 3889 3032 3945 veluti
3055 3890 3189 3944 fons
3220 3885 3510 3958 quidam:
3548 3897 3684 3954 pro-

2018 3986 2209 4042 latum
2237 4000 2377 4040 vero
2407 3983 2684 4054 verbum,
2709 3988 2800 4038 est
2835 3980 3018 4037 veluti
3047 3977 3276 4034 rivulus
3305 3974 3547 4048 aliquis,
3577 3973 3683 4046 qui

2020 4092 2090 4133 ex
2122 4076 2240 4132 hoc
2281 4074 2442 4130 fonte
2472 4076 2737 4129 emanat.
2771 4074 3028 4128 Tantum
3077 4068 3258 4138 igitur
3295 4070 3384 4121 est
3420 4064 3482 4119 id
3512 4061 3679 4135 quod

2019 4165 2284 4240 proﬂuit,
2325 4169 2624 4236 quantum
2660 4162 2721 4217 id
2765 4162 2932 4233 quod
2977 4159 3246 4232 primum
3288 4154 3572 4223 emergit;
3623 4155 3682 4208 et

2017 4257 2194 4330 quale
2238 4260 2327 4312 est
2379 4255 2438 4310 id
2488 4254 2654 4327 quod
2699 4252 3006 4309 occultum
3051 4254 3160 4315 est,
3193 4247 3309 4304 tale
3335 4251 3394 4303 et
3431 4259 3680 4318 quoque

2019 4351 2187 4420 quod
2213 4331 2490 4418 apparet.
2503 4345 2764 4401 Verbum
2793 4343 2974 4412 igitur
2999 4340 3164 4411 dixit,
3181 4338 3289 4396 tibi
3317 4342 3381 4393 ut
3400 4334 3682 4392 ostendat

2020 4436 2209 4493 Patris
2244 4435 2694 4506 generationem
2731 4431 3025 4505 passioni,
3057 4446 3182 4486 non
3227 4426 3464 4498 subjici,
3501 4431 3678 4498 teque

306 4514 502 4565 τούτων
545 4510 859 4578 ἐνδείξηται·
925 4521 1024 4570 Καὶ
1070 4521 1172 4594 γάρ
1230 4520 1258 4572 6
1313 4515 1562 4596 ἡμέτερος
1613 4523 1765 4597 λόγος
1815 4533 1908 4579 τοῦ

2028 4526 2234 4584 doceat
2258 4525 2530 4582 divinam
2564 4524 2685 4581 Filii
2712 4521 3116 4579 substantiam
3164 4517 3490 4591 perfectam
3519 4530 3676 4579 esse,

307 4610 396 4657 νοῦ
448 4605 700 4678 γέννημα,
756 4604 968 4671 ἀπαθῶς
1017 4613 1361 4683 γεννώμενοςο
1416 4614 1534 4666 οὔτε
1583 4615 1686 4688 γὰρ
1738 4619 1909 4690 τέμνε-

380 4751 431 4788 ⁷⁸
458 4754 479 4808 Ι
509 4753 644 4810 Cor.
677 4767 798 4821 xm,
829 4756 886 4809 ί.

383 4893 496 4976 (ll)
528 4894 694 4976 Colb.
725 4895 1117 4976 primusama
1144 4900 1246 4976 γάρ
1277 4905 1390 4955 τοῦ.
1419 4899 1740 4976 Aliquanto
1771 4907 1909 4976 post

314 4963 546 5059 editi'et
591 4963 916 5059 duo-mss.
952 4963 1462 5059 alipta-16676619369
1493 4963 1604 5030 Alii
1650 4963 1914 5059 quatuor

497 5037 910 5116 ἐναπολλυμένος.
954 5037 1221 5120 Subinde
1259 5037 1404 5100 editi
1442 5050 1579 5120 Ὅρα
1624 5037 1739 5104 οὖν.
1789 5050 1913 5104 VOX

316 5106 525 5163 ultima
555 5108 612 5164 in
641 5106 790 5169 mss.
822 5129 946 5170 non
977 5115 1298 5171 invenitur.

383 5184 498 5262 (122
527 5180 702 5262 Colh,
715 5185 970 5262 primus
995 5191 1363 5262 παρακρούσῃ.
1389 5186 1560 5262 Haud
1587 5188 1768 5262 longe
1807 5205 1910 5248 vo-

312 5267 438 5310 cem
471 5257 572 5307 ὁσα
591 5273 665 5314 ex
688 5257 853 5313 libris
889 5257 1130 5314 duobus
1157 5257 1511 5317 Colbertinis
1536 5257 1908 5320 addidimus.

313 5325 578 5402 Subinde
609 5346 769 5386 unus
801 5346 912 5384 ms.
941 5328 1165 5402 βοτάνη.

378 5401 495 5474 (i3)
523 5400 690 5474 Colb.
721 5400 952 5474 primus
1002 5405 1088 5454 τόν
1117 5405 1442 5474 γεννηθέντα,
1474 5403 1653 5462 male.
1682 5408 1799 5463 Nec
1827 5405 1911 5463 ita

308 5470 498 5552 multo
529 5472 688 5552 intra
709 5470 874 5552 εφη).
889 5474 1106 5552 _tertius
1124 5470 1278 5552 τουτο
1306 5484 1377 5548 τῷ
1399 5477 1620 5552 ῥήματι.

378 5543 492 5625 (lli)
523 5545 849 5625 Colbertini
869 5545 992 5625 duo
1016 5563 1159 5625 mss.
1195 5543 1355 5620 λόγος’
1372 5543 1703 5625 προφέρεται.
1723 5549 1832 5606 Alii
1853 5554 1912 5607 et

308 5613 705 5706 editi'iyéprraz.
723 5620 854 5678 MOI
881 5617 1065 5676 iidem
1095 5617 1221 5678 duo
1249 5613 1594 5685 maxim-1;
1621 5631 1796 5701 πηγῆς
1815 5629 1909 5677 τοῦ

306 5705 396 5741 νου
419 5705 573 5768 ρεων.

2021 4616 2285 4690 denique
2311 4619 2376 4672 ut
2399 4629 2507 4689 per
2530 4614 2660 4670 haec
2685 4617 2973 4669 aeternam
2997 4607 3124 4664 Filii
3165 4622 3306 4663 eum
3336 4609 3504 4662 Patre
3540 4618 3680 4660 con-

2089 4904 2201 4974 (16)
2224 4902 2617 4978 Antiquiﬂtres
2642 4901 2775 4958 libri
2793 4905 3023 4978 apes-:9);
3043 4901 3333 4975 φερόμενον.
3358 4896 3497 4953 Mox
3525 4911 3672 4952 mss.

2021 4973 2300 5033 nonnulli
2324 4973 2413 5027 καὶ
2440 4976 2544 5051 οἷον
2574 4979 2633 5027 1'6
2664 4973 3068 5051 κεκαλυμμένον.
3104 4973 3110 4975 ἡ
3137 5043 3147 5051 _
3175 5043 3190 5051 _
3361 5041 3370 5051 _
3627 5039 3638 5051 ,

2092 5049 2208 5118 (16)
2249 5049 2314 5104 ln
2363 5046 2545 5103 verbo
2593 5047 2716 5113 illo,
2753 5041 3330 5118 Gszoé/éargvidetur
3357 5041 3557 5097 inesse
3583 5041 3675 5096 vis

2019 5117 2222 5192 aliqua
2248 5121 2514 5192 propria,
2530 5118 2997 5192 quasiqBasilius
3018 5117 3186 5192 dicat
3207 5133 3219 5170 :
3243 5117 3508 5192 Joannes
3533 5129 3676 5192 apo:

2019 5186 2208 5248 stolus
2239 5186 2646 5249 substantiam
2681 5190 2801 5246 Filii
2849 5196 2974 5245 tam
3007 5189 3274 5244 divinam
3318 5186 3576 5250 exhibet,
3610 5188 3676 5240 ut

2017 5265 2288 5337 caecutith
2313 5279 2557 5337 necesse
2605 5264 2698 5337 sit,
2730 5261 2832 5337 qui
2863 5278 2984 5316 non
3004 5261 3167 5316 videt
3191 5276 3329 5337 eam
3363 5274 3502 5337 cum
3534 5272 3676 5337 per-

2017 5334 2173 5410 fecta
2212 5335 2522 5410 divinitate
2544 5329 2942 5410 conjunctam
2972 5348 3123 5399 esse,
3158 5333 3243 5410 sic
3271 5339 3341 5410 ut
3365 5329 3488 5385 Filii
3515 5329 3674 5410 divi-

2017 5406 2186 5482 nitas
2213 5409 2404 5482 Patris
2437 5401 2870 5482 divinitatipar
2898 5406 2989 5466 sit,
3014 5405 3266 5482 omnino
3293 5409 3375 5482 et
3397 5401 3671 5482 aequalis,

2019 5479 2193 5544 Quod
2223 5480 2513 5551 sequitur,
2547 5477 2594 5531 ἐν
2639 5487 2700 5551 τῇ
2738 5476 2852 5550 ἰδίᾳ
2882 5477 3252 5542 συστάσειβὶο
3295 5476 3676 5551 interpretari

2015 5551 2171 5621 licet,
2199 5552 2262 5607 in
2292 5547 2403 5608 sua
2422 5547 2782 5615 substantia,
2803 5547 2996 5606 autin
3025 5563 3134 5604 sua
3162 5547 3439 5604 naturali
3460 5547 3675 5605 σοηειὶ-

2019 5624 2266 5694 tutione,
2299 5629 2404 5682 aut
2433 5625 2496 5682 in
2533 5639 2646 5684 sua
2665 5628 2914 5692 natura,
2943 5622 3060 5678 hoc
3093 5626 3185 5678 est
3212 5621 3276 5676 in
3304 5634 3385 5684 se.
