4098 6384
417 360 524 418 479

1773 361 1832 420 S.
1878 359 2129 416 BASILII
2171 357 2411 414 MAGNI.

3676 346 3786 408 480

414 486 787 559 junctionem
807 489 1416 544 commonstret.Nam
1433 485 1753 543 etverbum
1774 488 2068 549 nostrum,

2183 501 2292 551 ται,
2338 483 2454 534 οὔτε
2505 479 2792 556 μερίζεται,
2842 480 2959 532 οὔτε
3004 478 3146 554 ῥέειο
3207 475 3336 530 ἀλλὰ
3391 477 3552 550 μένων
3595 475 3706 538 ὅλος
3757 477 3783 530 ὁ

418 577 637 634 mentis
676 577 855 641 fetus,
883 576 1031 632 citra
1069 578 1419 650 passionem
1461 582 1823 648 generatur;
1877 589 2074 648 neque

418 667 582 725 enim
633 669 892 734 secatur,
923 681 1123 739 neque
1171 666 1477 738 dividitur,
1529 682 1727 740 neque
1766 664 1918 736 ﬂuit,
1968 662 2076 718 sed

417 772 592 813 mens
621 760 746 812 tota
775 756 838 812 in
883 772 994 813 sua
1018 760 1236 812 natura
1271 773 1662 830 permanens,
1692 755 1948 812 verbum
1989 758 2075 809 to-

417 849 548 902 tum
576 848 633 902 et
661 844 1013 901 absolutum
1031 846 1332 918 producit,
1356 853 1536 920 atque
1561 847 1620 903 in
1638 845 1891 902 verbum
1908 842 2076 917 quod

417 934 710 1007 procedit,
732 950 982 991 omnem
1003 937 1221 992 mentis
1244 937 1584 1006 generantis
1613 935 1892 993 virtutem
1924 933 1987 989 in
2009 948 2074 990 se

418 1023 854 1096 complectitur.
875 1027 1204 1098 Postquam
1217 1026 1397 1095 igitur
1416 1029 1651 1082 tantum
1670 1024 1749 1082 ad
1780 1021 2076 1092 Unigeniti

417 1113 784 1183 theologiam
813 1130 887 1170 ex
923 1115 1091 1171 verbi
1125 1131 1271 1171 voce
1315 1115 1748 1188 desumpseris,
1776 1116 2073 1188 quantum

417 1203 590 1275 pium
623 1203 820 1270 fuerit,
843 1209 972 1260 tum
995 1204 1293 1277 quidquid
1317 1205 1581 1262 alienum
1604 1221 1732 1260 esse
1755 1220 1824 1260 ac
1846 1203 2073 1259 dissen-

417 1294 668 1348 taneum
693 1294 1007 1364 repereris,
1038 1293 1102 1349 id
1132 1294 1658 1367 devita,omnique
1687 1293 1889 1351 studio
1919 1307 2073 1366 pra:-

417 1381 777 1452 tergredere.
803 1384 876 1439 In
913 1384 1221 1454 principio
1252 1391 1382 1441 erat
1429 1385 1694 1442 Verbum.
1727 1382 1954 1450 Quodsi
1981 1382 2074 1438 di-

415 1471 634 1528 xisset:
692 1476 754 1528 ln
789 1473 1086 1546 principio
1132 1479 1260 1531 erat
1308 1475 1506 1547 Filius,
1543 1475 1646 1532 tibi
1697 1475 1759 1531 in
1806 1477 2074 1530 mentem

415 1575 540 1617 una
570 1577 709 1618 cum
739 1562 866 1618 Filii
897 1563 1303 1637 appellatione
1334 1565 1599 1622 venisset
1625 1565 1913 1640 quaedam
1941 1579 2076 1638 pas-

414 1649 600 1706 sionis
630 1651 935 1722 cogitatio.
969 1655 1268 1721 Quoniam
1294 1655 1456 1714 enim
1481 1673 1619 1729 quae
1651 1655 1816 1729 apud
1836 1669 1946 1712 nos
1977 1668 2075 1724 ge-

413 1744 653 1807 nerant,
674 1745 946 1815 tempore
991 1750 1303 1815 generant,
1337 1749 1395 1803 et
1423 1762 1550 1802 cum
1582 1745 1860 1819 passione
1891 1759 2075 1815 gene-

2181 578 2296 632 νοῦς
2337 569 2388 624 ἐν
2436 578 2498 644 τῇ
2547 567 2661 643 ἰδίᾳ
2693 570 2970 636 συστάσει,
3005 569 3118 622 ὅλον
3149 569 3235 621 τὸν
3277 566 3427 640 λόγον
3476 569 3567 619 καὶ
3605 564 3783 643 ἀπηρ-

2181 666 2421 735 τισμένου
2489 663 2784 734 ὑφίστησι·
2839 663 2928 712 καὶ
2984 658 3242 735 προελθὼν
3290 659 3318 711 ό
3377 657 3544 730 λόγος,
3607 663 3783 711 πᾶσαν

2180 751 2272 804 τοῦ
2302 756 2642 825 γεννήσαντος
2689 757 2779 804 νοῦ
2817 754 2912 810 τήν
2959 747 3181 822 δύναμιν
3225 747 3276 802 ἓν
3311 748 3476 819 ἐαυτῷ
3525 766 3780 823 περιεχει.

2178 840 2341 895 Ὀσον
2372 839 2460 895 οὑν
2492 840 2711 909 εὐσεϐὲς,
2744 848 2993 894 τοσοῦτον
3040 838 3210 892 λαϐὼν
3257 841 3384 915 πρὸς
3426 841 3521 897 τὴν
3550 844 3642 892 τοῦ
3668 838 3782 912 (17)

2179 939 2496 1005 Μονογενοῦς
2563 931 2824 1004 θεολογίαν
2887 929 2945 983 ἐκ
3027 937 3120 991 τῆς
3183 935 3275 983 τοῦ
3353 927 3510 1001 λόγου
3577 936 3781 1002 φωνῆς·

2173 1022 2302 1099 ’ὅπερ
2361 1021 2422 1074 ἂν
2475 1022 2625 1097 εὕρῃς
2669 1019 2986 1094 ἆπεμφαίνον
3052 1022 3142 1072 καὶ
3202 1016 3533 1094 ἀνᾶρμοστον
3600 1021 3784 1090 φαινό-

2180 1132 2327 1187 μενον
2354 1152 2367 1176 ,
2433 1118 2586 1165 τοῦτο
2650 1114 3021 1186 παραίτησαι,
3088 1112 3179 1162 καὶ
3245 1107 3502 1184 ὑπέρϐηθι
3561 1117 3780 1182 μηχανῇ

2179 1206 2348 1277 πάσῃ.
2379 1203 2459 1257 Ἐν
2492 1201 2635 1278 ἀρχῆ
2670 1198 2731 1260 ἧν
2777 1203 2803 1254 ό
2853 1205 3044 1273 Λόγος.
3086 1200 3147 1253 Εἰ
3197 1195 3256 1252 δὲ
3298 1195 3470 1252 εἶπεν·
3526 1205 3591 1252 Ev
3637 1198 3781 1275 ἀρχῇ

2182 1286 2242 1348 ἧν
2292 1291 2319 1342 6
2356 1290 2492 1356 Υἱὸς,
2524 1295 2586 1360 τῇ
2636 1305 2972 1362 προσηγοριᾳ
3015 1292 3107 1338 τοῦ
3159 1286 3285 1338 Υἱοῦ
3342 1283 3677 1343 συνεισῆλθεν
3723 1285 3784 1337 ἄν

2184 1397 2270 1433 σοι
2298 1381 2328 1438 ἠ
2361 1383 2479 1454 περὶ
2524 1385 2616 1430 τοῦ
2657 1378 2860 1440 πάθους
2902 1378 3086 1430 ἔννοια.
3122 1370 3337 1433 Ἐπειδὴ
3369 1376 3472 1449 γὰρ
3506 1375 3620 1447 (18)
3651 1370 3784 1450 παρ’

2181 1472 2306 1542 ἡμῖν
2348 1470 2414 1522 τὰ
2459 1475 2717 1540 γεννῶντα
2761 1470 2938 1542 χρόνῳ
2979 1470 3148 1538 γεννᾷ,
3181 1468 3270 1517 καὶ
3319 1462 3560 1536 ἕμπαθῶς
3610 1471 3783 1537 γεννᾷ,

2183 1555 2277 1612 διὰ
2326 1565 2481 1612 τοῦτο
2535 1555 2826 1633 προλαϐὼν,
2887 1561 3059 1628 Λόγον
3125 1551 3253 1621 εἶπε,
3312 1550 3785 1628 προδιορθοὺμενος

2181 1651 2276 1712 τὰς
2321 1647 2562 1725 ἀπρεπεῖς
2609 1645 2912 1720 ὑπολήψεις,
2945 1646 3028 1698 ἳνα
3059 1663 3154 1699 σου
3204 1647 3298 1704 τὴν
3341 1642 3528 1716 ψυχὴν
3554 1645 3783 1718 ἄτρωτον

2184 1736 2545 1797 διασώσηται.

412 1834 571 1902 rant,
618 1831 844 1890 idcirco
895 1834 1027 1891 haec
1083 1840 1516 1908 occupaturus,
1584 1836 1838 1893 Verbum
1902 1833 2071 1904 dixit,
2112 1827 2488 1903 suspiciones
2522 1825 2791 1884 absonas
2833 1825 2896 1882 in
2938 1827 3323 1882 antecessum
3359 1823 3683 1896 corrigens,
3718 1827 3785 1883 ut

414 1919 685 1977 animam
721 1927 886 1979 tuam
917 1923 1170 1981 illaesam
1195 1931 1478 1983 servaret.

485 2011 542 2066 4.
571 2011 653 2066 Et
677 2013 929 2070 Verbum
948 2020 1079 2071 erat
1099 2015 1268 2085 apud
1287 2016 1496 2083 Deum,
1519 2017 1768 2085 Rursus,
1791 2013 1967 2082 Erat,
1991 2011 2072 2068 ob

414 2113 519 2154 eos
548 2099 652 2171 qui
680 2100 867 2174 impie
897 2103 1106 2160 dicunt
1125 2104 1294 2176 quod
1322 2120 1448 2161 non
1475 2107 1622 2161 erat.
1647 2103 1757 2160 Ubi
1777 2107 1903 2160 erat
1937 2102 2074 2158 Ver-

416 2187 601 2246 bum?
629 2192 754 2246 Non
797 2191 858 2248 in
905 2192 1078 2250 loco:
1127 2194 1630 2269 quandoquidem
1668 2194 1730 2250 in
1768 2193 1905 2250 loco
1946 2205 2072 2248 non

412 2277 795 2336 continentur
839 2297 977 2354 quae
1015 2283 1432 2340 circumscribi
1486 2299 1610 2340 non
1652 2287 1930 2357 possunt.
1955 2280 2072 2337 Sed

412 2367 519 2424 ubi
548 2374 674 2425 erat
693 2371 721 2426 ?
740 2372 926 2442 Apud
955 2375 1166 2431 Deum.
1195 2375 1400 2450 Neque
1419 2375 1664 2432 Paterin
1688 2374 1847 2441 loco,
1870 2387 2071 2446 neque

411 2455 594 2513 Filius
621 2459 685 2514 in
714 2461 946 2518 ambitu
990 2463 1131 2531 ullo,
1166 2471 1270 2522 aut
1307 2470 1470 2522 certa
1515 2463 2069 2535 circumscriptione

413 2549 980 2620 comprehenditur:
1017 2553 1122 2608 sed
1155 2554 1425 2611 inﬁnitus
1467 2558 1655 2622 Pater,
1687 2554 1956 2611 inﬁnitus
1981 2557 2072 2610 est

413 2634 618 2692 Filius.
659 2639 962 2714 Quidquid
992 2642 1364 2716 cogitaveris,
1390 2648 1446 2701 et
1469 2659 1830 2718 quocunque
1856 2643 2069 2716 spiritu

412 2727 516 2781 tuo
564 2729 919 2799 perrexeris,
952 2746 1134 2787 omne
1181 2732 1244 2788 id
1300 2734 1419 2789 Deo
1465 2733 1714 2806 plenum
1759 2733 2063 2789 invenies:

411 2813 638 2887 ubique
667 2817 939 2876 offendes
969 2821 1194 2893 pariter
1224 2828 1613 2880 coextensam
1634 2823 1757 2880 Filii
1776 2823 2066 2896 hyposta-

412 2903 548 2960 sim.
571 2906 653 2961 Et
685 2908 936 2965 Verbum
957 2917 1089 2967 erat
1105 2912 1272 2982 apud
1290 2914 1497 2970 Deum.
1523 2913 1836 2970 Admirare
1868 2913 2068 2984 cujus-

411 3008 651 3066 cunque
674 2997 835 3053 vocis
865 3005 1218 3057 accuratum
1249 3001 1571 3058 delectum.
1605 3005 1735 3059 Non
1781 3002 1964 3058 dixit:
2005 3004 2068 3059 In

412 3084 532 3139 Deo
551 3089 679 3142 erat
704 3086 985 3159 Verbum,
1009 3090 1116 3146 sed
1134 3091 1322 3161 Apud
1348 3093 1560 3158 Deum,
1588 3097 1652 3148 ut
1668 3093 2066 3165 hypostaseos

408 3175 835 3248 proprietatem
859 3178 1211 3238 declararet.
1241 3185 1370 3238 Non
1397 3182 1577 3239 dixit:
1613 3186 1676 3238 In
1729 3184 1868 3253 Deo,
1905 3187 1968 3238 ut
1990 3197 2068 3238 ne

2251 2013 2304 2067 4.
2349 2014 2450 2065 Καί
2479 2010 2505 2063 6
2535 2013 2695 2082 Δόγος
2745 2005 2807 2068 ἦν
2859 2009 2986 2084 πρὸς
3027 2010 3116 2060 τὸν
3170 2010 3318 2063 Θεόν.
3353 2006 3516 2061 Πάλιν
3557 2010 3637 2077 τό,
3683 2006 3781 2061 Ἦν

2179 2095 2273 2155 διὰ
2296 2103 2414 2162 τοὺς
2449 2099 2912 2174 βλασφημοῦντας,
2946 2099 3027 2152 ὅτι
3051 2096 3146 2150 οὑκ
3169 2094 3249 2157 ἧν.
3280 2103 3388 2152 Ποῦ
3417 2094 3480 2157 ἧν
3525 2098 3550 2150 ὀ
3581 2101 3738 2170 Δόγος
3764 2115 3777 2166 ;

2178 2189 2290 2244 Οὑκ
2341 2189 2391 2242 ἓν
2437 2194 2616 2262 τόπῳ*
2670 2189 2730 2242 οὑ
2786 2191 2887 2264 γὰρ
2939 2191 3242 2263 περιέχεται
3288 2191 3431 2260 τόπῳ
3481 2189 3549 2241 τὰ
3594 2185 3781 2264 ἀπερί-

2175 2299 2407 2354 γραπτα.
2467 2278 2622 2333 Ἀλλὰ
2675 2285 2777 2333 ποῦ
2834 2275 2933 2347 ἧν;
2988 2281 3127 2353 Πρὸς
3191 2279 3279 2330 τόν
3341 2281 3490 2333 Θεόν.
3559 2280 3694 2330 Οῦτε
3754 2278 3780 2330 6

2177 2374 2360 2446 Πατήρ
2413 2368 2464 2422 ἓν
2513 2373 2676 2442 τόπῳ,
2728 2371 2845 2422 οὔτε
2901 2369 2928 2421 6
2986 2370 3104 2429 Υἱὸς
3160 2366 3211 2420 ἓν
3263 2374 3490 2443 περιοχῇ
3541 2373 3646 2421 τινῖ
3689 2371 3781 2420 καὶ

2175 2467 2469 2536 περιγραφῇ
2526 2459 2909 2532 ὁμολογουμένῆ
2979 2456 3382 2530 κατ-εἰλημμένος
3405 2478 3418 2491 ’
3480 2456 3587 2510 ἀλλ’
3637 2458 3780 2510 ἄπει-

2174 2567 2261 2624 ρος
2309 2553 2400 2622 μὲν
2449 2551 2475 2601 ό
2525 2552 2729 2624 Πατὴρ,
2763 2549 2973 2620 ἄπειρος
3024 2543 3083 2599 δὲ
3130 2548 3155 2598 6
3190 2549 3325 2608 Υἱός.
3360 2552 3469 2600 Πᾶν
3509 2548 3630 2621 ὅπερ
3684 2545 3779 2598 ἆν-

2175 2643 2392 2712 νοὴσης,
2424 2643 2514 2692 καὶ
2563 2639 2788 2711 ὅπουπερ
2839 2635 2900 2688 ἂν
2947 2638 3207 2710 πορευθῇς
3253 2643 3326 2707 τῷ
3371 2638 3627 2708 πνεύματι
3659 2653 3776 2706 σου,

2175 2736 2268 2782 τοῦ
2316 2737 2448 2782 Θεοῦ
2507 2730 2750 2801 εὑρήσεις
2803 2725 3240 2800 πεπληρωμένον·
3299 2732 3578 2796 πανταχοῦ
3647 2744 3779 2798 συμ-

2175 2822 2636 2893 παρεκτεινομένην
2694 2818 2930 2894 εὑρήσεις
2974 2823 3070 2869 τοῦ
3117 2817 3242 2870 Υίοῦ
3302 2819 3398 2874 τήν
3446 2815 3768 2870 ὑπόστασιν.

2179 2915 2281 2965 Καὶ
2333 2911 2358 2962 6
2405 2913 2577 2983 Λόγος
2645 2905 2706 2967 ἧν
2757 2911 2889 2982 πρὸς
2958 2910 3046 2960 τόν
3123 2909 3271 2963 Θεὸν.
3339 2911 3622 2980 Θαυμασον
3683 2909 3778 2965 τήν

2177 2998 2443 3075 ἀκρίϐειαν
2493 3000 2720 3060 ἑκάστης
2772 3006 2977 3071 φωνῆς·
3032 2996 3127 3052 οὑκ
3184 2993 3342 3065 άῖπεν,
3397 2996 3478 3050 Ἐν
3530 3003 3603 3068 τῷ
3663 3003 3778 3067 Θεῷ

2178 3086 2240 3148 ἧν
2287 3091 2313 3142 6
2362 3093 2566 3161 Λόγος·
2619 3087 2765 3154 ἀλλὰ,
2813 3089 2950 3163 Πρὸς
2997 3091 3085 3140 τὸν
3126 3089 3282 3140 Θεόν·
3335 3087 3418 3139 ἶνα
3462 3088 3522 3139 τό
3572 3081 3782 3147 ἰδιάζον

2174 3186 2271 3240 τῆς
2336 3181 2672 3239 ὑποστάσεως
2755 3182 3104 3253 παραστήσῃ.
3168 3175 3280 3229 Οὑκ
3345 3171 3500 3243 εἶπεν,
3566 3173 3646 3228 Ἐν
3707 3182 3781 3246 τῷ

410 3263 854 3323 confundenda:
875 3268 1284 3341 hypostaseos
1305 3271 1475 3328 daret
1492 3271 1897 3329 occasionem.
1918 3275 2066 3328 Nam

2177 3276 2313 3340 Θεῷ,
2342 3269 2425 3320 ἶνα
2466 3272 2538 3342 μὴ
2584 3272 2847 3343 πρόφασιν
2891 3263 2968 3338 δῷ
3005 3274 3069 3340 τῇ
3120 3267 3388 3338 συγχύσει
3413 3271 3507 3337 τῇς
3537 3265 3778 3317 ὑποστά-

409 3367 602 3425 prava
629 3353 728 3411 illa
755 3363 847 3412 est
873 3356 1256 3430 blasphemia
1281 3377 1516 3431 eorum,
1536 3362 1642 3434 qui
1672 3363 2068 3418 commiscere

411 3443 620 3499 omnia
649 3450 983 3515 conantur;
1035 3446 1363 3523 dicuntque
1395 3453 1628 3507 Patrem
1672 3455 1729 3507 et
1774 3451 1982 3508 Filium
2012 3455 2069 3508 et

414 3531 700 3604 Spiritum
724 3539 1026 3603 sanctum,
1047 3553 1237 3594 unum
1260 3555 1388 3596 esse
1411 3539 1962 3614 subjectum,atque
1984 3541 2069 3598 rei

409 3620 516 3676 uni
546 3628 796 3680 nomina
816 3625 1056 3683 diversa
1082 3628 1322 3684 ascribi.
1346 3629 1626 3702 impietas
1653 3633 1940 3704 pessima,
1957 3647 2068 3687 nec

409 3711 611 3768 minus
630 3712 920 3784 fugienda
941 3733 1131 3790 quam
1149 3733 1358 3775 eorum
1379 3720 1483 3792 qui
1499 3736 1599 3776 ore
1614 3719 1973 3796 blasphemo
1987 3721 2072 3779 af-

405 3801 652 3860 ﬁrmant
668 3805 882 3862 Filium
906 3808 1007 3864 Dei
1036 3808 1155 3865 Deo
1176 3813 1233 3866 et
1261 3809 1416 3867 Patri
1437 3811 1772 3868 secundum
1793 3813 2071 3870 substan-

405 3891 551 3949 tiam
573 3893 932 3953 dissimilem
958 3914 1108 3956 esse.
1127 3900 1208 3955 Et
1239 3901 1492 3958 Verbum
1519 3907 1654 3958 erat
1673 3903 1837 3972 apud
1855 3904 2065 3960 Deum.

405 3981 632 4041 Deinde
661 3991 1063 4061 posteaquam
1091 3989 1264 4046 Verbi
1289 4007 1502 4048 vocem
1525 3992 1603 4048 ad
1625 3991 2067 4050 ostendendam

405 4074 812 4143 generationis
842 4078 1154 4150 apathiam
1185 4081 1482 4149 adhibuit;
1517 4082 1721 4138 statim
1752 4087 1810 4138 et
1839 4098 2068 4138 noxam

404 4177 542 4219 eam
568 4180 706 4236 quae
733 4181 805 4222 ex
825 4166 1004 4224 Verbi
1025 4170 1273 4226 nomine
1300 4172 1589 4228 accedere
1611 4175 1868 4244 poterat,
1892 4187 2067 4228 cura-

402 4251 503 4308 vit.
526 4257 716 4326 Atque
745 4263 934 4313 semet
952 4261 1126 4332 quasi
1156 4277 1227 4317 ex
1247 4261 1807 4335 blasphemantium
1829 4261 2066 4319 calum-

401 4341 506 4398 nia
528 4345 570 4414 ι
585 4345 702 4416 38
735 4347 1024 4416 eximens,
1041 4350 1216 4419 Quid,
1239 4350 1455 4424 inquit,
1475 4358 1564 4408 est
1589 4352 1888 4409 Verbum?
1910 4354 2070 4411 Deus

2181 3377 2327 3421 σεως.
2363 3359 2573 3435 Πονηρὰ
2617 3360 2719 3434 γὰρ
2768 3359 2978 3415 κάκείνη
3025 3359 3054 3415 ἡ
3109 3354 3425 3429 βλασφημία
3470 3361 3570 3406 τῶν
3602 3356 3780 3427 φύρειν

2175 3451 2242 3502 τὰ
2291 3452 2462 3504 πάντα
2507 3447 2930 3522 ἐπιχειρούντων,
2962 3449 3053 3498 καὶ
3103 3445 3151 3499 ἓν
3200 3447 3259 3498 τὸ
3301 3446 3633 3518 ὑποκείμενον
3661 3445 3752 3516 (l9

2177 3539 2445 3613 λεγόντων,
2481 3541 2688 3614 Πατέρα
2715 3541 2808 3590 καὶ
2860 3537 2982 3590 Υἱόν
3012 3539 3103 3589 καὶ
3151 3535 3300 3607 ἅγιον
3345 3541 3576 3607 Πνεῦμα,
3605 3552 3778 3608 προσ-

2178 3634 2395 3708 ηγορίας
2447 3625 2506 3682 δε
2563 3625 2918 3704 διαφερούσας
2957 3633 3032 3697 τῷ
3085 3625 3156 3679 ἐνὶ
3205 3625 3481 3698 πράγματι
3523 3623 3777 3698 ἐπιφημί-

2179 3722 2383 3784 ζεσται.
2418 3722 2628 3793 Πονηρὰ
2657 3721 2686 3776 ἠ
2723 3715 2956 3779 ἀσέϐεια,
2987 3715 3079 3768 καί
3118 3717 3309 3786 φευκτὴ
3343 3712 3438 3766 οὑκ
3475 3715 3630 3772 ἧττον
3677 3722 3777 3766 τῶν

2179 3811 2418 3886 ἀνόμοιον
2461 3806 2589 3864 εἶναι
2618 3807 2732 3861 κατ’
2758 3807 2944 3860 οὑσίαν
2985 3808 3073 3858 τὸν
3111 3807 3231 3858 Υἱὸν
3261 3811 3353 3857 τοῦ
3399 3811 3534 3858 Θεοῦ
3562 3811 3636 3876 τῷ
3665 3813 3779 3876 Θεῳ

2176 3907 2268 3956 καὶ
2319 3903 2488 3974 Πατρὶ
2548 3897 3019 3971 βλασφημούντων.
3076 3898 3177 3949 Καὶ
3225 3896 3253 3949 6
3305 3897 3479 3966 Λόγος
3534 3891 3596 3954 ἧν
3650 3897 3783 3971 πρός

2175 3996 2263 4046 τόν
2308 3994 2455 4045 Θεόν.
2496 3985 2627 4042 Εἶτα
2675 3983 3122 4062 συγχρησᾶμενος
3168 3991 3230 4058 τῇ
3285 3990 3378 4038 τοῦ
3428 3987 3594 4056 Δόγου
3637 3991 3776 4058 φωνῇ

2176 4084 2306 4157 πρὸς
2360 4083 2456 4138 τήν
2511 4079 2848 4152 παράστασιν
2890 4084 2987 4137 τῆς
3044 4077 3180 4127 κατὰ
3225 4077 3321 4134 τήν
3368 4077 3611 4146 γέννησιν
3663 4076 3779 4145 (20)

2177 4169 2449 4236 ἀπαθείας,
2482 4170 2624 4240 ταχὺ
2681 4169 2772 4218 καὶ
2827 4167 2887 4218 τὸ
2931 4163 2985 4217 ἐκ
3034 4171 3125 4217 τοῦ
3165 4166 3341 4236 Λόγου
3386 4161 3579 4236 βλάϐος
3631 4162 3780 4235 ἐγγι-

2173 4266 2380 4334 νόμενον
2433 4261 2560 4332 ἠμίν
2613 4256 3045 4331 παρεμυθήσατο.
3120 4258 3221 4308 Καὶ
3287 4254 3394 4306 οἷον
3458 4251 3780 4327 ἀφαρπάζων

2177 4350 2332 4404 αὑτὸν
2396 4357 2488 4409 τῆς
2557 4349 2903 4419 συκοφαντίας
2967 4351 3067 4397 τῶν
3142 4342 3623 4417 βλασφημούντων,
3691 4347 3777 4413 Τί,

403 4439 538 4490 erat
601 4435 865 4494 Verbum.
901 4441 981 4494 Ne
1023 4439 1172 4496 mihi
1228 4441 1551 4498 artiﬁciose
1601 4442 2066 4499 comminiscere

2177 4442 2355 4515 φησὶν,
2417 4437 2557 4492 ἐστὶν
2613 4438 2640 4490 6
2693 4441 2898 4509 Λόγος;
2954 4436 3083 4495 Θεὸς
3132 4430 3194 4493 ἧν
3247 4433 3273 4485 ὁ
3322 4437 3509 4505 Λόγος.
3559 4436 3646 4491 Μή
3687 4451 3780 4507 μοι

403 4524 704 4596 quasdam
720 4526 1048 4584 verborum
1069 4529 1663 4603 distinctiones,neve
1675 4531 1946 4602 maligno
1963 4537 2066 4589 tuo

403 4613 657 4671 artiﬁcio
679 4617 1023 4674 convicium
1045 4618 1238 4676 ullum
1259 4619 1550 4678 doctrinae
1579 4622 1832 4694 Spiritus
1854 4637 2065 4696 asper-

469 4758 579 4829 (17)
607 4757 852 4832 Antiqui
900 4759 1024 4816 duo
1072 4761 1207 4818 libri
1261 4766 1317 4818 et
1373 4761 1515 4820 editi
1560 4763 1633 4826 εἰς
1683 4767 1778 4821 τὴν
1804 4770 1915 4818 τοῦ.
1950 4761 2062 4819 Alii

400 4834 666 4907 quatuor
686 4847 831 4907 mss.
860 4835 998 4907 πρός.
1018 4837 1112 4892 τὴν
1142 4841 1255 4889 τοῦ.
1280 4834 1456 4907 Haud
1475 4835 1655 4907 longe
1687 4834 1830 4891 editi
1859 4839 1917 4892 et
1935 4835 2059 4892 duo

399 4901 860 4982 mssl‘brrc'pﬁpet.
892 4901 1004 4982 Alii
1028 4909 1146 4982 tres
1177 4905 1397 4982 ὑπέρϐα.

473 4980 490 5054 t
502 4973 586 5054 ξξ)
612 4973 829 5054 Addita
853 4981 941 5054 est
968 4973 1316 5054 voculayup
1342 4994 1415 5054 ex
1443 4977 1686 5035 duobus
1715 4977 2056 5054 codicibus.

473 5045 590 5124 (l9)
619 5046 771 5124 Libri
819 5047 1076 5124 vulgati,
1094 5045 1318 5124 quibus
1343 5049 1599 5106 fortasse
1649 5053 1790 5121 Reg.
1824 5051 2057 5124 primus

401 5114 548 5171 addi
571 5121 798 5204 potest,
831 5114 1002 5204 καὶνὲν
1113 5114 1478 5204 ὑποκείμενον,
1511 5139 1693 5204 unum
1726 5114 2054 5204 ἔαὺξίεςιᾳιῃ

401 5201 542 5273 esse;
568 5191 713 5273 Reg:
745 5191 952 5273 tertius
983 5197 1041 5247 et
1060 5191 1457 5273 (_Jolb._itidem
1479 5195 1685 5273 tertius
1711 5191 2060 5273 cum‘Coisl.

401 5263 491 5311 καὶ
518 5262 564 5310 ἓν
594 5269 666 5336 τῷ
692 5262 1030 5336 ὑποκειμένῳ,
1050 5265 1124 5336 in
1151 5265 1415 5335 subjecto
1445 5281 1566 5323 esse
1584 5281 1608 5324 .'
1630 5267 1732 5322 ubi
1753 5265 1823 5333 ἐν,
1847 5268 1936 5333 in,
1961 5266 2062 5321 de-

401 5335 654 5403 pravate
698 5333 1380 5458 positumvidetur'pro
1409 5339 1479 5407 ἓν,
1514 5355 1722 5401 unum,
1757 5338 1921 5395 Colb.
1947 5337 2063 5410 pri-

401 5417 540 5458 mus
567 5407 625 5458 et
662 5419 696 5458 a
722 5421 760 5458 ll
803 5405 924 5458 duo
968 5423 1118 5458 mss.
1151 5413 1240 5458 καὶ
1269 5429 1317 5458 εν
1368 5417 1441 5458 τῶ
1491 5411 1828 5458 ὑποκειμένω.
1859 5411 2060 5458 dicen-

400 5417 540 5484 mus
567 5407 636 5484 et
662 5405 760 5484 alii
803 5405 930 5484 duo
968 5423 1118 5484 mss.
1145 5413 1240 5484 _xai
1269 5405 1317 5461 ἓν
1368 5417 1441 5481 τῷ
1467 5405 1830 5484 ὑποκειμένῳ,
1859 5405 2060 5484 dic—en:

403 5475 554 5531 tium
586 5475 829 5552 Patrem
879 5483 934 5533 et
987 5480 1280 5552 Spiritum
1328 5475 1606 5539 sauctum
1657 5475 1790 5539 esse
1824 5480 2065 5552 aliquid

402 5561 588 5625 unum
619 5548 1121 5625 subjecto._li‘acile
1142 5553 1392 5625 quidem
1415 5554 1764 5625 intelligitur
1785 5548 2064 5625 voculam

405 5616 478 5687 ἐν,
509 5633 694 5700 quam
724 5616 826 5676 alii
871 5620 1042 5677 aliter
1072 5616 1457 5697 acceperunt,
1486 5616 1689 5681 loctfm
1737 5624 1834 5680 his
1884 5623 2064 5679 variis

403 5687 762 5748 lectionibus
807 5692 1088 5748 dedisse:
1153 5696 1262 5748 sed
1292 5697 1606 5748 auomodo
1657 5695 1777 5748 legi
1819 5695 2062 5748 debeat.

429 5690 762 5748 ectionibus
807 5692 1088 5751 dedisse:
1153 5690 1262 5752 se'd
1292 5690 1606 5770 quomodo
1657 5695 1777 5770 legi
1819 5695 2062 5762 debeat,

2175 4529 2471 4602 τεχνολόγει
2515 4524 2772 4604 διαφοράς
2823 4544 2967 4588 τινας
3019 4523 3130 4595 (21)
3178 4523 3365 4596 λόγων,
3406 4519 3546 4596 μηδε
3592 4522 3647 4576 ἐκ
3687 4530 3779 4584 τῆς

2176 4630 2272 4683 σῆς
2322 4623 2670 4693 κακοτεχνίας
2725 4614 3054 4692 ποοστρίψῇς
3117 4616 3235 4667 τινὰ
3300 4613 3642 4688 βλασφημίαν
3709 4620 3772 4687 τῇ

2168 4777 2294 4818 non
2317 4761 2401 4818 ita
2431 4760 2638 4833 liquet.
2663 4761 2810 4815 Puto
2833 4761 3035 4814 autem
3057 4771 3278 4829 parum
3308 4755 3549 4833 referre,
3572 4762 3774 4814 utrum

2168 4833 2422 4905 legatur,
2452 4829 2514 4885 ἓιῑ
2530 4836 2590 4886 τό
2615 4832 2968 4905 ὑποκείμενον,
3009 4845 3197 4886 unum
3218 4829 3578 4905 _subjectum
3633 4845 3772 4899 esse,

2170 4901 2259 4962 an
2279 4913 2351 4977 τῷ
2379 4903 2717 4978 ὑποκειμένῳ,
2745 4901 2934 4978 unum
2961 4901 3435 4978 μίεεες-ειιιήεεεο,Δ
3454 4917 3595 4958 cum
3613 4917 3777 4978 __sen-

2170 4994 2276 5033 sus
2303 4973 2521 5034 eodem
2547 4973 2787 5048 semper
2813 4973 3062 5030 recidat.
3079 4973 3379 5048 Hactenus
3400 4973 3476 5029 de
3509 4973 3776 5048 scriben-

2166 5049 2226 5105 di
2276 5049 2528 5105 ratione.
2566 5044 2741 5114 Qudd
2787 5051 2990 5102 autem
3034 5044 3116 5101 ad
3163 5046 3774 5117 ipsamsententiam

2168 5121 2394 5186 attinet,
2428 5119 2571 5175 mihi
2598 5118 2854 5175 dubium
2882 5132 3007 5190 non
3033 5121 3122 5172 est
3151 5116 3298 5190 quin
3328 5116 3425 5173 hic
3454 5117 3772 5190 confuten-

2170 5197 2268 5248 tur
2295 5190 2654 5249 Sabelliani:
2707 5190 2876 5262 "quod
2901 5188 3192 5262 in__ca_usa
3220 5193 3335 5262 est,
3362 5204 3467 5244 cur
3500 5189 3776 5262 suspicer

2169 5264 2267 5320 hic
2317 5262 2466 5319 v‘Oce'
2491 5259 2823 5334 ὑποκειμένου
2853 5259 3001 5315 nihil
3033 5259 3197 5315 aliud
3225 5260 3339 5316 nisi
3370 5259 3664 5312 ὑπόστασιν
3691 5259 3773 5334 s_i_-_

2173 5335 2469 5406 gniﬁcari,
2504 5335 2620 5406 hoc
2645 5330 2758 5406 est,
2797 5346 3138 5402 personam.
3173 5334 3303 5388 Mox
3333 5347 3477 5387 mss.
3501 5330 3774 5387 nonnulli

2171 5402 2536 5487 ῖτρρρηγρρίαε
2566 5403 2626 5487 iit
2666 5402 2970 5487 διαφερονς·
3018 5475 3094 5487 ..
3257 5473 3267 5484 .
3441 5474 3450 5484 -

2247 5475 2367 5550 (20)’
2398 5475 2461 5536 Ιίι
2493 5477 2665 5535 Colb.
2705 5475 2875 5534 tertio
2917 5475 3209 5550 scriptum
3252 5475 3595 5531 invenimus
3639 5478 3774 5530 κατὰ

2169 5569 2370 5751 γινῑὲῗῖ
2381 5594 2629 5693 Antiqui
2659 5625 2778 5677 tres
2798 5619 2936 5676 libri
2958 5616 3211 5694 διαφοράς
3240 5639 3409 5678 τινων.
3434 5619 3607 5678 Haud
3634 5635 3773 5695 pro-

2171 5709 2248 5751 cu
2301 5692 2470 5752 Colb.
2494 5691 2726 5766 primus
2748 5694 2893 5756 τινὰς
2924 5690 3290 5766 βλασφημίας.

2171 5708 2270 5751 σω
2301 5708 2470 5752 UOlD.
2494 5708 2726 5768 primus
2748 5712 2893 5756 τινας
2924 5708 3290 5767 βλασφημίας.
