4098 6378
257 293 356 350 481

259 504 559 576 ύποτάγηθι
604 509 676 573 τῷ
734 506 928 575 Κυριῳ.
981 500 1112 560 Θεὸς
1158 493 1220 556 ἧν
1268 498 1294 548 6
1335 498 1507 567 Λόγος
1537 514 1551 527 ·
1599 492 1751 554 οὗτος
1799 487 1861 550 ἧν

261 593 308 647 ἂν
366 591 510 669 ἀρχῇ
565 593 696 665 πρὸς
745 592 833 642 τὸν
886 593 1034 644 Θεόν.
1087 587 1248 641 Πάλιν
1302 583 1770 657 ἀνακεφαλαιοῦται
1812 578 1862 632 ἐν

262 683 455 756 ὀλίγοις
483 683 689 757 ῥήμασι
724 686 898 734 πᾶσαν
947 678 1132 732 ἑαυτοῦ
1180 681 1273 735 τὴν
1319 675 1601 748 θεολογίαν,
1643 673 1746 732 πῆν
1786 673 1863 744 ερὶ

261 782 354 828 τοῦ
429 777 747 843 Μονογενοῦς
797 769 932 842 ’ἡμῖν
997 770 1024 821 6
1091 766 1467 840 εύαγγελιστής
1539 759 1859 839 παρέδωκεν.

265 864 433 927 Οὗτος
460 867 543 925 τίς
572 861 683 933 (2‘2)
708 878 721 926 ;
764 854 956 926 Ὀῦτος,
985 859 1010 911 6
1055 862 1226 930 Λόγος
1255 858 1281 909 6
1313 860 1465 918 Θεός.
1492 849 1708 911 Ἐπειδὴ
1759 853 1862 926 γάρ

266 974 351 1009 σοι
383 951 682 1029 διήρθρωσε
723 953 817 1009 τὴν
864 953 982 1024 περὶ
1026 947 1186 1001 αὐτοῦ
1233 949 1445 1013 ἔννοιαν,
1493 945 1596 997 οἷον
1630 941 1864 995 ἐντυπώ-

267 1064 366 1108 σας
398 1063 491 1098 σου
512 1050 574 1115 τῇ
597 1040 751 1114 ψυχῇ
787 1036 881 1092 διὰ
909 1048 1004 1100 τῆς
1032 1033 1386 1103 διδασκαλίας
1414 1037 1481 1087 τὰ
1523 1032 1860 1106 ἀγνοούμενα,

263 1139 354 1188 καὶ
379 1133 635 1193 ἕνοικίσας
664 1134 751 1183 τὸν
779 1133 948 1202 Λόγον
979 1131 1208 1204 Χριστὸν
1231 1128 1342 1199 (23)
1365 1125 1414 1178 ἓν
1438 1133 1500 1198 τῇ
1525 1119 1724 1200 καρδίᾳ
1745 1141 1862 1190 σου,

265 1225 432 1286 Οὗτός
461 1242 610 1295 φησι.
641 1227 796 1281 Ποῐος
824 1219 1011 1285 οὗτος
1053 1221 1138 1275 Μὴ
1173 1217 1268 1280 ἔξω
1313 1213 1594 1287 διαϐλέψῃ,
1648 1209 1742 1266 διὰ
1769 1220 1868 1273 τῆς

263 1309 532 1374 δεικτικῆς
561 1319 734 1384 φωνῆς
774 1307 862 1362 τόν
910 1303 1342 1380 ύποδεικνύμενόν
1386 1324 1471 1357 σοι
1508 1310 1861 1380 περισκοπῶν,

261 1399 367 1454 ἀλλ’
399 1401 594 1454 εἴσελθε
649 1399 724 1462 εἰς
767 1400 835 1451 τὰ
862 1398 1070 1471 κρυπτά
1111 1404 1208 1460 τῆς
1260 1402 1481 1449 σεαυτοῦ
1510 1392 1718 1466 ψυχῆς,
1775 1395 1866 1444 καὶ

260 1493 315 1546 ὃν
345 1488 652 1564 ἐδιδάχθης
694 1491 823 1544 Θεὸν
866 1491 952 1541 τὸν
986 1486 1036 1540 ἐν
1083 1485 1226 1560 ἀρχῇ
1280 1489 1420 1552 ὄντα,
1461 1487 1548 1536 τὸν
1579 1486 1648 1546 ὡς
1696 1486 1866 1554 Λόγον

259 1581 596 1658 προελθόντα,
629 1581 716 1632 τὸν
763 1580 896 1654 πρὸς
920 1579 1006 1630 τὸν
1047 1579 1175 1631 Θεὸν
1207 1579 1346 1644 ὄντα,
1387 1582 1569 1627 τοῦτον
1603 1576 1867 1648 γνωρίσας

259 1676 352 1725 καὶ
403 1669 775 1741 καταπλαγεὶς,
825 1671 915 1720 καὶ
960 1669 1334 1744 προσκυνήσας
1363 1665 1472 1736 (24)
1507 1667 1594 1717 τὸν
1646 1669 1865 1716 σεαυτοῦ

983 281 1277 341 HOMILIA
1311 280 1383 338 ΙΝ
1421 275 1656 345 lLLUD,
1693 271 1788 333 IN
1819 269 2239 332 PRINCIPIO
2272 275 2498 334 ERAT
2537 276 2885 336 VERBUM.

260 411 588 486 διδασκαλίᾳ
642 417 734 464 τοῦ
787 410 1103 483 Πνεύματος.
1150 406 1336 480 ’Ἐχεις
1389 409 1483 464 τὴν
1547 401 1809 474 ἀπόφασιν
1843 419 1856 433 ·

1979 413 2106 470 gas.
2140 400 2332 457 Habes
2380 402 2735 459 sententiam
2778 420 2793 459 :

3525 287 3637 342 482

2846 403 3122 461 subditus
3171 410 3300 465 esto
3344 409 3625 469 Domino.

1970 489 2131 546 Deus
2175 495 2307 547 erat
2347 491 2651 548 Verbum:
2700 492 2807 548 hoc
2853 495 3079 550 eratin
3119 499 3426 568 principio
3468 501 3638 571 apud

1969 579 2158 636 Deum
2179 581 2250 636 τ’.
2281 583 2505 637 Rursus
2535 582 2905 651 evangelista
2931 600 3176 640 omnem
3210 603 3384 644 suam
3417 591 3637 648 theolo-

1971 668 2134 740 giam
2163 686 2350 743 quam
2377 671 2451 727 de
2471 671 2784 743 Unigenito
2805 673 2981 729 nobis
3002 673 3488 750 tradidit,paucis
3507 696 3636 737 ver-

1969 759 2120 816 bum
2145 760 2205 816 in
2237 777 2542 818 summam
2568 762 3134 834 redigit.Quodnam
3154 767 3289 823 Hoc
3305 767 3334 823 Ἰ
3350 769 3639 836 Hoc,Ver-

1969 847 2118 906 bum
2165 849 2340 908 Deus.
2371 855 2694 925 Postquam
2736 854 2898 910 enim
2942 855 3073 926 ejus
3119 856 3225 912 tibi
3278 863 3637 932 conceptum

1971 939 2244 998 distincte
2271 942 2580 1014 expressit,
2599 942 2659 998 in
2685 947 2908 1018 tuoque
2931 944 3137 1002 animo
3167 961 3276 1018 per
3295 947 3638 1006 doctrinam

1969 1030 2145 1103 quasi
2171 1029 2488 1104 insculpsit
2513 1048 2649 1106 quae
2680 1033 3029 1103 ignorabas,
3060 1051 3130 1092 ac
3160 1037 3419 1092 Verbum
3463 1037 3634 1094 Chri-

1971 1123 2130 1176 stum
2160 1120 2222 1176 in
2258 1127 2427 1178 tuum
2461 1137 2564 1179 cor
2606 1123 2770 1179 velut
2799 1123 2858 1179 in
2887 1124 3140 1181 domum
3174 1125 3527 1190 introduxit,
3557 1128 3642 1185 ita

1971 1206 2220 1265 demum
2251 1209 2409 1266 hanc
2429 1227 2642 1268 vocem
2673 1212 2916 1284 profert,
2942 1213 3091 1270 Hoc.
3115 1213 3301 1280 Quale
3327 1215 3502 1272 Hoc?
3532 1216 3640 1271 Fo-

1970 1314 2070 1356 ras
2091 1317 2164 1356 ne
2197 1301 2726 1376 respice,eum,qui
2748 1319 2855 1376 per
2883 1303 3406 1362 demonstrantem
3425 1322 3639 1364 vocem

1971 1392 2081 1450 tibi
2101 1393 2460 1460 ostenditur,
2494 1392 3046 1466 circumspecturus
3081 1410 3095 1449 :
3131 1395 3238 1450 sed
3268 1394 3328 1450 in
3370 1395 3638 1452 occultos

1971 1482 2190 1540 animae
2239 1486 2356 1538 tuae
2393 1498 2671 1538 recessus
2697 1482 3030 1553 ingredere,
3068 1487 3124 1540 et
3149 1499 3334 1556 quem
3373 1484 3639 1542 didicisti

1972 1574 2163 1628 Deum
2195 1571 2258 1629 in
2285 1571 2583 1645 principio
2614 1571 2918 1641 exsistere,
2953 1573 3280 1645 procedere
3311 1573 3474 1630 velut
3497 1574 3639 1630 Ver-

1970 1662 2142 1733 bum,
2175 1662 2341 1734 apud
2367 1665 2555 1718 Deum
2581 1662 2833 1731 versari,
2857 1662 3018 1719 hunc
3048 1678 3425 1734 cognoscens
3447 1663 3642 1721 admi-

261 1763 548 1823 Δεσπότην,
599 1760 686 1810 τόν
732 1774 817 1809 σοι
865 1752 961 1809 διὰ
1001 1765 1099 1818 τῆς
1125 1751 1481 1816 διδασκαλίας
1511 1749 1864 1829 ἒνὶδρυθέντα,

1979 1767 2263 1826 ransque,
2295 1757 2354 1808 et
2402 1757 2573 1808 tuum
2604 1752 2928 1809 Dominum
2957 1752 3020 1808 in
3070 1757 3124 1810 te
3163 1768 3271 1826 per
3300 1753 3640 1811 doctrinam

259 1848 506 1923 γνΔριζε,
535 1847 615 1900 ὅτι
655 1845 807 1908 οὗτος
836 1841 897 1904 ἧν
951 1842 1000 1897 ἕν
1050 1842 1194 1918 ἀρχῇ
1231 1865 1244 1878 ·
1295 1847 1585 1911 τουτέστιν,
1617 1841 1698 1896 ἀεὶ
1737 1844 1869 1917 πρὸς

260 1941 349 1992 τὸν
390 1940 519 1991 Θεὸν
545 1939 631 1989 τὸν
663 1935 850 1989 ἑαυτοῦ
899 1937 1126 2010 Πατέρα.
1153 1937 1360 1996 Ταύτας
1405 1953 1494 2008 μοι
1542 1935 1638 1996 τὰς
1689 1931 1870 2006 ὀλίγας

265 2029 436 2102 φωνὰς
472 2027 582 2098 (25)
615 2021 650 2078 δ
656 2029 938 2091 ιασὼσατε,
972 2025 1146 2099 ὥσπερ
1181 2019 1455 2098 σφραγῖδα
1496 2029 1612 2084 ταῖς
1636 2025 1869 2096 μνήμαις

263 2117 406 2191 ὑμῶν
473 2115 906 2188 ἐνσημηνάμενοι.
980 2111 1147 2167 Αὖται
1221 2110 1579 2188 ἁῤῥαγέστατν
1654 2113 1869 2164 ἔσυνται

262 2213 465 2281 τειχίον
520 2209 649 2282 πρὸς
699 2208 792 2267 τὰς
838 2212 938 2257 τῶν
997 2202 1426 2257 ἐπιϐουλευόντων
1482 2199 1865 2278 καταδρομάς’

262 2297 419 2352 αὗται
466 2296 817 2372 φυλακτήριόν
873 2294 978 2348 εἰσι
1032 2302 1133 2346 τῶν
1198 2293 1392 2368 ψυχῶν
1452 2297 1712 2366 σωτήριον
1759 2299 1871 2354 τοῖς

261 2387 696 2464 προϐαλλομένοις
752 2384 935 2446 αὐτάς.
987 2382 1082 2438 "Av
1147 2387 1230 2448 τίς
1292 2403 1377 2438 σοι
1427 2383 1726 2460 προσελθὼν
1781 2381 1870 2436 λέ-

259 2497 348 2552 γοι
376 2478 527 2551 (26)·
583 2476 694 2529 Ούκ
742 2474 831 2544 ὢν,
882 2473 1126 2547 ἐγεννήθη
1159 2495 1171 2508 ·
1206 2474 1250 2528 εἰ
1295 2477 1396 2551 γὰρ
1447 2470 1529 2542 ἦν,
1583 2481 1693 2536 πῶς
1738 2471 1868 2545 ἔγεν-

259 2569 429 2636 νήθη;
463 2568 533 2628 ὡς
575 2562 835 2639 δαιμόνων
885 2569 1054 2638 φωνὴν
1113 2560 1406 2638 ἀποτρέπου
1454 2567 1549 2622 τὴν
1596 2563 1734 2616 κατὰ
1772 2569 1870 2623 τῆς

264 2654 426 2722 δόξης
482 2664 574 2711 τοῦ
645 2661 965 2728 Μονογενοῦς
1017 2649 1379 2728 βλασφημίαν.
1436 2643 1602 2715 Αὐτὸς
1657 2648 1717 2706 δὲ
1775 2650 1870 2705 ἐπ-

265 2747 484 2803 ανελθὼν
541 2747 635 2806 ἧκε
679 2749 810 2822 πρὸς
841 2746 960 2807 στὰς
1009 2752 1110 2797 τῶν
1166 2743 1490 2817 Εύαγγελίων
1539 2743 1746 2817 φωνάς·
1789 2740 1870 2795 Ἐν

268 2837 412 2915 ἀρχῇ
466 2833 526 2897 ἧν
574 2838 600 2890 ό
650 2840 842 2908 Λόγος,
893 2839 984 2888 καὶ
1029 2836 1053 2887 ὁ
1101 2838 1275 2908 Λόγος
1323 2831 1383 2893 ἧν
1441 2837 1569 2910 πρὸς
1599 2836 1686 2886 τὸν
1719 2833 1869 2901 Θεὸν,

269 2933 363 2981 καὶ
413 2931 542 2990 Θεὸς
585 2927 648 2987 ἦν
693 2927 719 2979 ὁ
772 2930 964 2998 Λόγος.
1000 2924 1167 2987 Οὗτος
1214 2919 1276 2984 ἦν
1329 2922 1378 2976 ἓν
1410 2922 1554 2999 ἀρχῇ
1601 2925 1732 2999 πρὸς
1784 2923 1872 2975 τόν

275 3021 423 3073 Θεόν.
480 3020 731 3091 Τέταρτον
783 3016 892 3068 εἰπε
938 3017 1018 3084 τὸ,
1046 3013 1144 3068 Ἦν
1191 3014 1327 3086 (27),
1377 3018 1468 3067 καὶ
1518 3017 1874 3087 καταργήσας

1969 1842 2336 1900 residentem
2369 1841 2653 1906 adorans,
2679 1843 2828 1899 scito
2862 1843 3034 1916 quod
3061 1842 3159 1899 hic
3200 1843 3405 1900 eratin
3425 1843 3642 1918 princi-

1969 1932 2071 2007 pio
2102 1947 2114 1987 :
2148 1933 2264 1989 hoc
2302 1936 2409 2000 est,
2444 1947 2684 2005 semper
2731 1933 2897 2006 apud
2935 1935 3123 1989 Deum
3162 1935 3398 1990 Patrem
3431 1950 3634 1990 suum.

1971 2027 2087 2080 Has
2116 2021 2259 2078 mihi
2284 2038 2514 2096 paucas
2535 2039 2716 2078 voces
2739 2026 2993 2091 servate,
3018 2021 3151 2078 illas
3179 2023 3357 2095 quasi
3375 2023 3641 2094 sigillum

1967 2113 2032 2169 in
2056 2115 2258 2168 vestra
2285 2111 2580 2168 memoria
2617 2111 3057 2184 imprimentes.
3105 2111 3207 2167 Haa
3256 2111 3474 2168 futurae
3501 2116 3643 2170 sunt

1971 2218 2183 2260 murus
2198 2201 2582 2258 ﬁrmissimus
2596 2201 2885 2258 adversus
2901 2201 3320 2260 insidiantium
3337 2202 3638 2260 incursus:

1971 2291 2066 2349 hae
2096 2292 2443 2348 animarum
2474 2295 2616 2346 sunt
2645 2291 2906 2348 salutare
2934 2293 3404 2359 munimentum,
3425 2291 3518 2361 iis,
3537 2293 3643 2366 qui

1973 2382 2136 2456 ipsas
2158 2381 2535 2456 praetendent
2564 2397 2636 2438 ac
2664 2386 2999 2455 opponent.
3030 2382 3086 2439 Si
3115 2382 3252 2455 quis
3279 2386 3333 2438 te
3379 2381 3642 2438 adorsus

1973 2472 2191 2530 dixerit
2223 2487 2236 2526 :
2280 2471 2430 2529 Cum
2456 2487 2580 2528 non
2602 2477 2775 2540 esset,
2812 2473 3048 2544 genitus
3078 2477 3191 2544 est,
3225 2472 3273 2529 si
3301 2473 3462 2530 enim
3493 2476 3638 2538 erat,

1975 2578 2098 2636 quo
2108 2561 2289 2618 modo
2307 2561 2542 2632 genitus
2558 2563 2676 2618 est?
2690 2562 2849 2619 hanc
2866 2562 3042 2620 istam
3071 2561 3366 2620 adversus
3385 2561 3642 2634 gloriam

1981 2653 2274 2724 Unigeniti
2291 2651 2662 2709 calumniam
2680 2652 3030 2709 daemonum
3052 2652 3228 2725 quasi
3243 2669 3450 2710 vocem
3473 2667 3644 2709 aver-

1977 2758 2133 2800 sare.
2164 2745 2249 2799 Tu
2279 2746 2484 2799 autem
2514 2756 2796 2798 reversus
2828 2743 3140 2814 confugito
3168 2741 3249 2799 ad
3285 2742 3640 2813 Evangelio-

1976 2849 2115 2891 rum
2135 2848 2354 2889 voces:
2389 2833 2464 2888 In
2488 2833 2799 2904 principio
2816 2840 2943 2891 erat
2989 2834 3262 2902 Verbum,
3295 2839 3352 2891 et
3387 2833 3644 2890 Verbum

1980 2929 2106 2981 erat
2130 2922 2300 2992 apud
2319 2923 2530 2989 Deum,
2550 2924 2604 2978 et
2620 2923 2778 2979 Deus
2800 2928 2932 2979 erat
2964 2922 3240 2979 Verbum.
3266 2923 3400 2979 Hoc
3420 2927 3554 2980 erat
3578 2923 3643 2978 in

1969 3011 2278 3084 principio
2301 3011 2469 3082 apud
2485 3012 2696 3068 Deum.
2723 3011 2825 3067 Dic
2858 3011 3284 3084 quater,Erat,
3319 3015 3501 3084 atque
3528 3011 3646 3068 hoc

271 3107 438 3162 αὐτῶν
467 3111 546 3176 τὸ,
581 3107 691 3160 Ούκ
723 3102 804 3164 ἦν.
839 3100 1003 3159 Οὗτοι
1051 3105 1294 3158 ἆσειστοι
1329 3108 1621 3179 μενέτωσαν
1651 3106 1700 3158 οἱ
1733 3105 1869 3177 θεμε-

1982 3117 2194 3158 eorum
2223 3099 2588 3172 convicium,
2621 3102 2750 3157 Non
2798 3105 2945 3173 erat,
2979 3099 3162 3157 facies
3201 3100 3464 3158 irritum.
3512 3101 3646 3156 Haec

267 3196 371 3251 λιοι
431 3205 528 3260 τῆς
577 3201 824 3259 πίστεως.
881 3197 1101 3258 Τούτοις
1157 3191 1661 3268 ἐποικοδομήσομεν,
1740 3199 1874 3246 Θεοῦ

269 3283 534 3355 διδόντος,
585 3291 676 3339 καὶ
722 3287 790 3338 τὰ
833 3284 1127 3358 λειπόμενα⁹
1180 3285 1257 3338 Ού
1331 3288 1430 3359 γὰρ
1490 3284 1604 3338 ἐστι
1651 3280 1873 3337 δυνατὸν

265 3381 386 3454 περὶ
442 3378 646 3431 πάντων
699 3376 821 3448 ύμῖν
862 3375 930 3438 εἰς
965 3374 1106 3438 ἅπαξ
1144 3370 1515 3448 διαλεχθῆναι,
1565 3381 1766 3449 μήποτε
1807 3384 1870 3450 τῇ

265 3465 494 3541 ἀμετρίᾳ
560 3471 654 3517 τοῦ
704 3463 862 3536 λόγου
936 3465 1192 3538 ἄχρηστα
1265 3471 1565 3538 ποιήσωμεν
1635 3467 1758 3539 ύμῖν
1809 3467 1876 3518 τὰ

265 3554 556 3630 φιλοπόνως
631 3553 1012 3628 συνειλεγμένα.
1076 3553 1354 3608 Ἀτονοῦτα
1413 3558 1515 3629 γὰρ
1572 3555 1603 3614 ἡ
1666 3551 1877 3608 διάνοια

265 3647 474 3701 πάντων
528 3645 658 3717 ὁμοῦ
707 3639 1148 3718 περιδράξασθαι,
1205 3645 1381 3718 ὅμοιον
1428 3645 1632 3718 πάσχει
1682 3647 1877 3718 γαστρὶ

266 3742 332 3810 τῇ
387 3730 481 3788 διὰ
521 3738 616 3793 τὴν
666 3730 953 3807 ὑπερϐολὴν
992 3740 1084 3785 τοῦ
1131 3737 1289 3808 κόρου
1339 3733 1412 3796 εἰς
1457 3734 1613 3806 πέψιν
1663 3731 1874 3807 ἀγαγεῖν

268 3828 336 3880 τὰ
381 3824 823 3900 παραπεμφθέντα
863 3827 935 3896 μὴ
989 3819 1274 3897 δυναμένῃ.
1308 3825 1554 3897 Εῦχομαι
1603 3819 1689 3876 οὖν
1737 3825 1876 3897 ὑμᾶς

268 3914 621 3990 γλυκανθῆναι
649 3916 740 3987 μὲν
791 3920 853 3986 τῇ
904 3915 1101 3985 γεύσει,
1152 3912 1478 3987 ὠφεληθῆναι
1527 3908 1586 3968 δε
1633 3922 1696 3988 τῇ
1745 3912 1875 3968 ἀνα-

272 4003 441 4062 δόσει.
472 4004 640 4066 Αύτός
697 3999 756 4056 δὲ
798 4004 999 4062 ἕστηκα
1037 4003 1161 4078 ύμῖν
1208 4005 1413 4078 ἕτοιμος
1453 4005 1583 4078 πρὸς
1614 4009 1708 4064 τὴν
1748 4001 1875 4058 δια-

269 4098 445 4150 κονίαν
496 4101 597 4148 τῶν
634 4093 962 4168 λειπομένὼν,
1019 4091 1068 4147 ἓν
1121 4101 1338 4168 Χριστῷ
1371 4093 1547 4154 Ἰησοῦ
1595 4103 1668 4166 τῷ
1700 4099 1876 4171 Κυρίῳ

269 4185 436 4260 ἡμῶν,
539 4184 570 4243 ἡ
605 4179 738 4249 δόξα
765 4188 856 4239 καὶ
901 4187 960 4238 τὸ
1004 4185 1197 4260 κράτος
1244 4184 1316 4247 εἰς
1362 4188 1485 4247 τοὺς
1533 4184 1723 4250 αἰῶνας
1774 4191 1876 4238 τῶν

269 4275 487 4332 αἰώνων.
511 4273 698 4349 Ἀμὴν.

339 4420 389 4458 ⁷⁸
418 4422 591 4489 Joan,
615 4435 656 4490 1,
684 4423 731 4490 ι,
758 4422 814 4478 2.

1982 3190 2126 3248 ﬁdei
2146 3188 2537 3247 fundamenta
2566 3194 2856 3247 maneant
2883 3190 3475 3263 inconcussa.Super
3493 3189 3644 3260 haec,

1984 3283 2105 3337 Deo
2154 3281 2356 3348 dante,
2404 3279 2842 3336 mdiﬁcabimus
2879 3284 2937 3337 et
2965 3279 3217 3352 reliqua.
3251 3282 3454 3352 Neque
3484 3279 3647 3336 enim

1981 3385 2311 3442 possumus
2336 3369 2546 3426 omnia
2572 3368 2749 3426 nobis
2784 3369 2964 3425 simul
2999 3367 3325 3442 explanare
3350 3386 3364 3438 ;
3394 3384 3470 3425 ne
3496 3368 3648 3425 forte

1983 3475 2120 3533 quae
2146 3459 2462 3531 diligenter
2492 3475 2528 3516 a
2547 3458 2718 3516 vobis
2744 3459 2997 3517 collecta
3025 3463 3186 3530 sunt,
3218 3459 3489 3516 oratione
3514 3474 3650 3532 pro-

1981 3548 2191 3605 lixiore
2209 3549 2374 3605 irrita
2392 3549 2746 3605 reddamus.
2764 3551 2924 3606 Mens
2945 3548 3106 3605 enim
3137 3564 3276 3622 quae
3305 3549 3648 3622 apprehen-

1983 3636 2198 3694 dendis
2245 3637 2426 3694 simul
2466 3637 2750 3694 omnibus
2783 3638 2985 3711 impar
3012 3642 3121 3702 est,
3149 3637 3318 3694 haud
3364 3638 3534 3694 aliter
3584 3652 3649 3694 se

1982 3726 2167 3784 habet
2191 3743 2262 3785 ac
2297 3731 2526 3798 venter,
2557 3728 2664 3800 qui
2693 3727 2772 3785 ob
2805 3728 3060 3784 nimiam
3084 3727 3461 3784 saturitatem
3482 3743 3648 3783 sum-

1982 3821 2122 3890 ptos
2152 3817 2322 3874 cibos
2354 3833 2734 3892 concoquere
2765 3833 2889 3874 non
2916 3821 3133 3891 potest.
3168 3818 3320 3890 Opto
3366 3816 3548 3888 igitur
3590 3820 3652 3874 ut

1983 3906 2114 3964 haec
2144 3912 2200 3964 et
2231 3908 2538 3978 gustando
2568 3907 2943 3979 dulcescant,
2960 3912 3017 3964 et
3045 3905 3485 3980 concoquendo
3514 3922 3652 3980 pro-

1986 3998 2124 4054 sint.
2156 4000 2276 4069 Ego
2305 4002 2508 4055 autem
2533 3998 2710 4056 vobis
2757 4015 2830 4056 ea
2859 4015 2998 4072 quae
3031 4002 3378 4071 supersunt,
3400 4003 3652 4070 paratus

1987 4103 2124 4144 sum
2155 4088 2498 4146 ministrare
2534 4105 2546 4143 :
2589 4088 2652 4145 in
2685 4088 2919 4146 Christo
2947 4090 3086 4145 Jesu
3129 4087 3387 4152 Domino
3417 4091 3650 4156 nostro,

1987 4177 2086 4234 cui
2141 4177 2333 4249 gloria
2397 4182 2455 4237 et
2499 4178 2828 4252 imperium
2878 4177 2944 4238 in
2990 4178 3216 4236 saecula
3265 4177 3647 4237 saeculorum.

1985 4269 2202 4327 Amen.

338 4563 576 4693 (22gb
593 4563 688 4620 usi
703 4578 915 4622 sumus
928 4561 1568 4640 interpunctione,qute
1584 4563 1869 4641 reperitur

268 4636 332 4694 in
363 4640 442 4694 Co
513 4636 716 4693 ertinis
743 4637 1012 4694 secundo
1052 4643 1109 4694 et
1136 4637 1305 4694 tertio
1336 4654 1348 4694 :
1381 4638 1608 4694 auinne
1633 4640 1766 4694 visa
1789 4645 1869 4694 est

1987 4565 2152 4626 idem
2209 4556 2402 4620 codex
2449 4558 2722 4640 σφραγῖδα
2775 4568 2896 4624 ταῖς
2945 4564 3180 4634 γνώμαις
3216 4555 3380 4632 ὑμῶν.
3412 4559 3532 4615 Nec
3569 4556 3655 4614 ita

1989 4635 2178 4694 multo
2206 4635 2363 4692 infra
2405 4651 2566 4692 unus
2599 4651 2746 4691 mss.
2778 4636 2985 4687 ἔσονται
3014 4639 3215 4694 τεῖχος.
3245 4631 3476 4688 Ibidem
3507 4633 3648 4694 Reg,

513 4636 716 4712 ertinis
743 4637 1012 4694 secundo
1052 4636 1109 4712 et
1136 4637 1312 4712 tertio
1336 4654 1348 4694 :
1381 4636 1608 4712 quippe
1633 4636 1766 4697 visa
1789 4645 1878 4698 est

265 4708 881 4839 pobi;aptior,quam
900 4725 1037 4783 quea
1056 4708 1272 4781 legitur
1298 4709 1362 4767 in
1388 4708 1673 4769 alii—stum
1702 4712 1876 4770 editis

297 4797 400 4838 um
495 4798 576 4836 ss.
849 4835 854 4839 _

297 4797 400 4838 um
425 4795 576 4837 mss.
849 4835 855 4846 ,

342 4855 454 4928 (23)
489 4854 582 4911 Sic
607 4868 753 4928 ms_s_.
786 4867 912 4928 non
955 4852 1163 4928 pauci._
1187 4853 1313 4909 Vox
1350 4853 1880 4928 Xpmrbv‘ineditis

270 4923 668 5001 desideratur.
692 4924 836 5001 Mss.
861 4923 1040 5001 _Colb.
1075 4925 1308 4998 primus
1341 4923 1436 5001 ξξω
1462 4925 1769 5001 περιϐλέψῃ.

347 4995 810 5073 (24)(Σοὼεΐῐὶι1ἰ
840 4997 963 5073 duo
990 4995 1138 5073 ιιιειῖεξ
1171 4995 1535 5073 καταπλαγεὶς
1574 4995 1880 5073 προσκύνη-

280 5064 712 5138 cov.Aliquanto
731 5075 875 5150 post
900 5071 978 5125 Re
989 5069 1284 5194 g.primus
1309 5064 1470 5130 οὗτος
1489 5067 1550 5130 ἦν
1572 5064 1678 5122 ὀ’ἐν
1708 5070 1878 5146 ἀρχῇ,

351 5138 460 5194 (25)
486 5141 622 5194 R62.
656 5155 887 5194 Drlmus
925 5143 1022 5194 τὰς
1080 5143 1277 5194 .ονικάε
1303 5142 1487 5194 φωνάς.
1532 5141 1711 5194 male.
1752 5147 1878 5194 Mox

351 5138 460 5210 (25)
486 5141 622 5209 Reg.
656 5138 887 5214 primus
925 5138 1022 5206 τὰς
1051 5138 1277 5215 λογικάς
1303 5142 1487 5215 φωνάς,
1531 5141 1711 5201 male.
1742 5138 1884 5201 Mox

1989 4635 2178 4697 multo
2206 4635 2363 4692 infra
2405 4631 2566 4692 unus
2597 4631 2746 4691 mss.
2778 4631 2985 4705 ἔσονται
3014 4631 3215 4705 τεῖχος.
3245 4631 3476 4688 Ibidem
3507 4633 3648 4700 Reg,

1989 4708 2352 4786 primus-rabie
2379 4702 2868 4786 s’mﬁoblw‘v‘xarad
2869 4705 3056 4786 965621;.
3091 4702 3131 4705 Π
3243 4776 3282 4786 ﬁ
3496 4771 3508 4783 ο

2063 4781 2370 4853 (26)_Unus
2399 4779 2592 4836 codex
2627 4777 2774 4853 λέγῃ.
2811 4775 2987 4836 Haud
3013 4776 3196 4848 longe
3243 4776 3382 4845 Reg.
3417 4775 3652 4846 primus

2027 4850 2160 4910 ωνήν
2182 4850 2533 4924 ἀποστρέφου.
2691 4850 2696 4851 ⁷
2728 4850 2737 4853 ⁷
2814 4921 2825 4924 _
2948 4919 2970 4924 _
3128 4923 3134 4924 ί
3169 4923 3176 4924 7
3251 4917 3256 4920 _

2060 4926 2171 4995 ('27)
2205 4913 2734 4998 Editi'rs'racprovrb
2785 4921 2914 4998 εἰπε,
2948 4919 3068 4975 Ἦν.
3109 4923 3181 4976 At
3225 4917 3372 4998 r1153.
3405 4921 3536 4998 tres
3566 4913 3654 4971 uti

1988 4997 2052 5054 in
2068 4985 2380 5052 contextu.
2421 4985 2551 5052 Mo'x
2575 4994 2718 5051 editi
2757 4999 2815 5050 et
2851 4985 2974 5049 duo
3024 5009 3172 5049 mss.
3219 4985 3647 5062 ἕποικοδομήσο-

1990 5087 2100 5143 μεν.
2129 5067 2243 5124 Alii
2263 5072 2524 5141 quatuor
2552 5083 2705 5137 mss,
2729 5063 3250 5139 ἐποικοδομήσωμεν.
