4098 6386
248 335 355 396 485

1324 325 1618 389 HOMILIA
1655 326 1724 385 IN
1764 326 2101 383 BARLAAM
2139 327 2546 385 MARTYREM.

3515 334 3626 389 486

251 460 581 525 διδάσκαλος
615 463 751 535 (3'5),
803 459 858 512 ὃν
905 458 1039 512 εἷλκε
1085 459 1174 532 μὲν
1230 459 1479 532 τύραννος
1533 459 1601 517 ὡς
1659 452 1856 507 εὐάλω-

1998 452 2150 508 ιοᾱὶθ
2172 452 2427 508 invictus
2459 432 2747 522 magister
2773 451 3032 523 pietatis,
3055 468 3239 526 quem
3264 459 3326 512 ut
3353 457 3627 530 praedam

250 573 336 609 τον
387 555 618 628 θήραμα,
666 554 795 623 ἔγνω
845 547 903 603 δὲ
950 550 1081 622 μετὰ
1127 550 1220 606 τὴν
1272 554 1452 621 πεῖραν
1483 548 1597 615 (36)
1644 542 1858 600 ὁπλίτην

253 642 541 717 ἂχείρωτον
574 660 587 676 ·
652 640 709 693 ὂν
780 637 929 713 ἐγέλα
984 640 1073 711 μὶν
1138 639 1573 713 παρακεκομμένα
1638 635 1861 707 φθεγγό-

253 752 437 809 μενον,
496 730 666 806 ἔφριξε
726 726 786 784 δὲ
842 727 1091 801 ἆγγελικὰ
1147 730 1553 798 νεανιευόμενον.
1614 722 1690 777 Ού
1761 724 1860 797 γὰρ

258 820 692 895 συνεϐαρϐάριζεν
754 821 780 872 6
834 820 1027 894 τρόπος
1081 824 1154 888 τῷ
1203 825 1300 877 τῆς
1353 814 1589 887 γλώττης
1637 812 1859 887 ὀργάνῳ,

257 909 381 967 οὐδὲ
436 917 553 973 ταῖς
609 907 917 976 συλλαϐαῖς,
973 905 1321 980 συγχωλεύων
1371 906 1396 956 6
1449 904 1701 976 λογισμὸς
1766 899 1863 953 ἐω-

258 1007 385 1079 ρᾶτο
419 1042 433 1057 .
492 999 601 1053 ἀλλ’
652 995 714 1057 ἦν
773 995 1016 1073 δεύτερος
1066 995 1308 1062 Παῦλος,
1367 995 1498 1067 μετά
1556 999 1648 1045 τοῦ
1715 991 1864 1043 Παύ-

257 1091 350 1146 λου
397 1092 512 1161 (37)
566 1091 908 1163 φθεγγόμενος
939 1106 953 1121 ·
1004 1087 1066 1141 Εἰ
1124 1090 1215 1138 καὶ
1283 1079 1502 1143 ἰδιώτης
1560 1089 1633 1153 τῷ
1687 1079 1862 1153 λόγῳ,

261 1180 368 1235 ἀλλ’
429 1180 491 1233 ού
555 1186 619 1253 τῇ
686 1184 898 1252 γνώσει.
958 1175 1284 1248 Ἐνάρκησαν
1349 1172 1692 1246 μαστίξοντες
1760 1166 1866 1227 δὴ-

258 1289 390 1346 μιοι,
440 1267 550 1323 ἀλλ’
602 1267 946 1343 ὰκμαιότερος
993 1267 1019 1318 6
1058 1266 1262 1340 μάρτυς
1315 1264 1618 1338 εὑρίσκετο·
1666 1261 1720 1313 αἱ
1766 1266 1866 1311 τῶν

260 1360 471 1427 ξεόντων
525 1357 903 1433 ἒξενευρίζοντο
965 1361 1181 1429 χεῖρες,
1237 1351 1342 1404 ἀλλ’
1395 1348 1564 1404 ὀποῦ
1630 1348 1867 1422 ξεομένου

257 1450 510 1524 λογισμὸς
558 1448 653 1501 οὐκ
696 1444 1010 1520 ἰκάμπτετο.
1048 1447 1154 1506 Τὰς
1201 1450 1302 1495 τῶν
1339 1444 1530 1516 νεύρων
1580 1443 1636 1493 αἱ
1669 1441 1871 1513 μάστι-

256 1559 347 1614 γες
396 1539 649 1614 ἁρμονίας
693 1535 1029 1610 παρέλυσαν,
1073 1530 1181 1585 ἀλλ’
1221 1533 1249 1584 6
1296 1537 1397 1593 τῆς
1430 1534 1656 1591 πίστεως
1712 1528 1869 1601 ἀκρι-

261 1629 502 1703 ϐέστερον
565 1626 905 1698 ἓπεσφίγγετο
970 1627 1137 1684 τόνος.
1197 1624 1650 1693 Διασκαπτόμεναι
1710 1618 1869 1671 πλευ-

260 1724 352 1795 ραὶ
380 1719 496 1790 (38)
542 1712 928 1781 δεδαπάνηντο,
963 1709 1069 1765 ἀλλ’
1118 1713 1150 1770 ἡ
1207 1718 1302 1764 τοῦ
1351 1714 1680 1783 φρονήματος
1727 1709 1872 1766 ἤνθει

1971 547 2152 615 captu
2169 542 2404 598 facilem
2423 547 2721 614 tyrannus
2738 542 3033 607 trahebat,
3051 544 3153 597 sed
3172 552 3472 617 expertus,
3488 563 3628 604 eum

1972 634 2217 704 agnovit
2237 631 2605 704 armigerum
2638 631 3114 703 insuperabilem
3140 651 3152 688 :
3178 649 3362 706 quem
3394 635 3630 693 deride—

1971 722 2077 779 bat
2103 722 2326 778 rustice
2353 722 2724 794 loquentem,
2749 720 2852 777 sed
2888 722 3161 791 angelico
3186 723 3404 780 robore
3430 726 3632 795 vigen-

1969 817 2093 868 tem
2108 811 2541 868 reformidavit.
2558 814 2672 867 Nec
2690 811 2852 867 enim
2869 827 2993 867 una
3010 828 3147 867 cum
3164 812 3385 883 linguae
3402 830 3631 886 organo

1971 901 2274 958 barbarus
2325 904 2454 957 erat
2498 901 2758 971 animus,
2795 917 2996 974 neque
3039 917 3163 958 una
3211 920 3349 958 cum
3382 904 3634 977 syllabis

1972 1006 2147 1047 mens
2169 989 2513 1046 claudicare
2542 989 2892 1045 videbatur:
2919 991 3024 1046 sed
3061 991 3210 1047 alter
3232 1000 3359 1049 erat
3390 993 3630 1062 Paulus,

1975 1097 2115 1136 cum
2140 1079 2324 1136 Paulo
2344 1080 2585 1135 dicens:
2612 1080 2747 1135 Etsi
2760 1080 3070 1151 imperitus
3090 1097 3379 1151 sermone,
3395 1085 3499 1139 sed
3512 1100 3634 1142 non

1974 1172 2226 1228 scientia
2244 1170 2314 1225 ⁵⁸.
2344 1170 2795 1243 Obtorpuerunt
2820 1171 3133 1227 carniﬁces
3164 1172 3455 1230 caedendo
3481 1193 3495 1243 ;
3529 1173 3638 1232 sed

1975 1265 2209 1333 martyr
2227 1260 2648 1319 inveniebatur
2667 1260 2954 1331 vegetior.
2975 1261 3352 1319 Fatiscebant
3369 1254 3639 1322 laceran-

1976 1350 2127 1407 tium
2153 1349 2514 1417 manus,sed
2536 1350 2669 1421 ejus
2698 1350 2801 1422 qui
2831 1350 3215 1408 lacerabatur
3243 1355 3485 1410 animus
3513 1370 3639 1412 non

1974 1438 2367 1506 ﬂectebatur;
2399 1438 2590 1510 ﬂagra
2621 1455 2985 1513 compagem
3006 1441 3393 1499 exsolverunt
3422 1460 3639 1502 nervo-

1975 1546 2136 1599 rum,
2173 1528 2279 1585 sed
2319 1528 2460 1585 ﬁdei
2490 1529 2663 1599 vigor
2704 1529 2976 1585 tenacius
3006 1530 3472 1602 astringebatur.
3510 1536 3641 1591 Per-

1978 1618 2143 1675 fossa
2157 1618 2346 1674 latera
2363 1618 2872 1675 absumebantur:
2893 1619 2998 1675 sed
3018 1621 3237 1676 mentis
3255 1622 3644 1697 philosophia

1979 1708 2310 1765 eﬂlorebat.
2348 1710 2564 1764 Enecta
2590 1714 2717 1764 erat
2746 1710 2946 1765 carnis
2971 1709 3129 1781 illius
3152 1727 3297 1784 pars
3327 1714 3552 1784 major;
3582 1718 3645 1772 at

263 1786 565 1882 ιριλοσογία.
621 1810 731 1865 Τῆς
784 1805 981 1877 σαρκὸς
1036 1800 1197 1853 αὑτοῦ
1245 1804 1305 1853 τὸ
1371 1798 1520 1852 πλέον
1575 1801 1868 1872 νενέκρωτο,

1998 1799 2155 1873 ιιιδεί
2202 1799 2467 1855 necdum
2514 1800 2847 1856 certamina
2884 1816 3160 1873 exorsus,
3200 1801 3460 1872 vigebat.
3493 1806 3642 1861 Cum

263 1896 372 1951 ἀλλ’
437 1897 506 1958 ὡς
571 1897 731 1969 μήπω
801 1900 902 1946 τῶν
978 1890 1188 1964 ἀγώνων
1264 1888 1549 1966 ἀρξάμενος
1615 1886 1870 1961 ἤκμαζεν.

259 1986 423 2042 Ὅταν
469 1988 570 2061 γὰρ
628 1986 654 2037 6
702 1980 1117 2045 τῆςτεῦσεϐείας
1171 1982 1300 2055 ἔρως
1344 1984 1439 2038 τὴν
1494 1977 1683 2051 ψυχὴν
1738 1996 1874 2052 προ-

261 2078 515 2150 κατάσχῃ
543 2117 557 2143 ,
610 2073 747 2127 ἅπαν
802 2073 932 2146 αὐτῇ
988 2071 1222 2146 πολέμων
1283 2068 1670 2142 καταγέλαστον
1712 2064 1872 2138 εἶδος,

262 2172 354 2221 καὶ
394 2168 583 2227 πάντες
632 2164 793 2222 αὐτὴν
846 2162 974 2235 ὑπὲρ
1030 2168 1123 2214 τοῦ
1170 2161 1491 2233 ποθουμένου
1544 2157 1878 2223 καταξέοντες

264 2262 520 2334 τέρπουσι
575 2253 767 2329 μᾶλλον
818 2253 849 2313 ἢ
908 2250 1224 2310 πλήττουσι·
1292 2256 1562 2323 Μαρτυρεί
1622 2267 1713 2321 μοι
1776 2255 1877 2300 τῶν

269 2345 574 2402 ἀποστόλων
622 2344 649 2397 6
695 2345 895 2410 πόθος,
944 2342 1168 2416 τερπνὰς
1216 2339 1393 2400 αὐτοῖς
1439 2357 1565 2392 ποτε
1605 2340 1702 2401 τὰς
1736 2338 1881 2411 παρὰ

270 2432 546 2493 Ἰουδαίων
609 2432 956 2508 ἐργαζόμενος
1011 2432 1297 2505 μάστιγας.
1347 2429 1679 2502 Ἐπορεύοντο
1734 2428 1834 2501 γὰρ
1862 2467 1877 2495 ,

271 2529 441 2602 φησὶ,
510 2527 790 2598 χαίροντες
856 2519 995 2589 ἀπὸ,
1053 2524 1339 2595 προσώπου
1399 2524 1495 2571 τοῦ
1561 2513 1876 2592 συνεδρίου,

271 2619 353 2672 ὅτι
422 2616 550 2690 ὑπὲρ
625 2620 719 2667 τοῦ
781 2611 1033 2685 ὀνόματος
1089 2608 1248 2662 αὐτοῦ
1305 2607 1713 2671 κατηξιώθησαν
1768 2606 1883 2677 (39)

274 2706 654 2781 ἀτιμασθῆναι.
708 2708 955 2762 Τοιοῦτος
999 2703 1092 2753 καὶ
1138 2699 1165 2751 6
1216 2702 1440 2773 σήμερον
1492 2698 1618 2770 ἡμῖν
1666 2695 1881 2759 ὁπλίτης

274 2797 590 2871 ὑμνούμενος
621 2813 636 2829 ·
696 2782 1017 2865 εὐφροσύνην
1081 2790 1175 2852 τὰς
1240 2787 1481 2850 κολάσεις
1555 2787 1879 2860 ἡγούμενος,

275 2882 457 2964 ῥόδιος
501 2887 613 2937 τισὶ
664 2880 955 2956 βάλλεσθαι
1008 2879 1236 2953 νομίζων
1291 2884 1410 2940 ταῖς
1472 2875 1731 2949 μάστιξι·
1788 2877 1884 2937 τὰς

280 2963 380 3038 τῆς
421 2971 654 3035 ἀσεϐείας
705 2969 881 3032 αἰκίας
919 2968 1033 3041 (40)
1073 2965 1404 3044 δραπετεύων
1461 2968 1532 3029 ὡς
1580 2963 1728 3039 βελη,
1783 2984 1886 3018 κα-

279 3071 410 3120 πνοῦ
452 3065 602 3118 σκιὰν
657 3063 745 3115 τὸν
803 3056 1113 3113 δικαστικὸν
1164 3059 1325 3131 θυμόν
1362 3055 1703 3130 λογιζόμενας
1729 3075 1745 3090 ·
1784 3073 1885 3108 τας

274 3171 453 3227 γματα
526 3149 829 3228 δορυφόρων
894 3148 1271 3226 ἀπηγριωμένα
1349 3146 1507 3221 γελῶν
1549 3167 1564 3181 ·

278 3244 550 3317 στεφάνοις
587 3249 699 3305 τοῖς
743 3237 1007 3304 κινδύνοις
1054 3240 1327 3314 χορεύων·
1386 3243 1504 3300 ταῖς
1541 3236 1771 3310 πληγαῖς
1817 3237 1889 3299 ὡς

272 3339 457 3406 τιμαῖς
523 3331 954 3405 εὐφραινόμενος·
1003 3335 1122 3391 ταῖς
1175 3323 1557 3402 σφοδροτέραις
1609 3329 1890 3401 τιμωρίαις

272 3424 347 3485 ὡς
413 3418 683 3495 βραϐείοις
750 3417 1030 3493 ἕνσκιρλτῶν
1089 3415 1512 3491 λαμπροτέροις·
1580 3414 1702 3487 ξίφη
1773 3411 1891 3468 δια-

269 3512 452 3565 πτύων
488 3510 854 3582 γυμνούμενα·
900 3498 1092 3580 χεῖρας
1136 3502 1343 3578 δημίων
1391 3506 1462 3567 ὡς
1515 3510 1681 3577 κηροῦ
1728 3502 1892 3577 μαλα-

271 3603 509 3673 κωτέρας
549 3594 873 3670 δεχόμενος·
921 3594 1270 3668 κολαστήριον
1318 3591 1466 3657 ξύλον
1515 3594 1587 3655 ὡς
1634 3597 1891 3667 σωτήριον

276 3688 684 3761 ἀσπαζόμενος·
735 3685 1025 3759 κλείσμασι
1078 3681 1447 3758 δεσματηρίων
1487 3682 1604 3755 (41)
1651 3685 1721 3744 ὡς
1783 3681 1893 3735 λει-

276 3786 424 3854 μῶσι
496 3780 805 3852 τερπόμενος
839 3795 852 3810 ·
925 3772 1171 3848 βασάνων
1251 3771 1504 3835 ἐπινοίαις
1568 3774 1638 3836 ὡς
1703 3769 1893 3824 ἀνθέων

278 3866 571 3931 ποικιλίαις
645 3862 902 3939 ἡδόμενος
940 3879 956 3896 ⁸
1033 3865 1201 3938 πυρὸς
1284 3861 1623 3935 εὐτονωτέρων
1720 3856 1896 3924 δεξιὰν

279 3961 628 4033 κεκτημένος·
678 3953 705 4009 ὃ
753 3951 821 4015 δὴ
871 3951 1165 4008 τελευταῖον
1212 3951 1355 4025 αὐτῷ
1394 3954 1541 4028 παρὰ
1585 3958 1686 4005 τῶν
1740 3950 1897 4004 πολε-

284 4050 520 4124 μούντων
566 4052 839 4122 προσῆκτο
890 4044 1210 4117 μηχάνημα,
1256 4044 1435 4116 Βωμὸν
1480 4043 1582 4116 γὰρ
1623 4043 1755 4116 πρὸς
1802 4045 1899 4101 τὴν

284 4144 388 4192 τῶν
444 4132 707 4211 διαμόνων
767 4129 1003 4193 σπονδὴν
1061 4131 1449 4195 ἀνακαύσαντες
1471 4176 1486 4203 ,
1538 4133 1721 4185 ἱστᾶσι
1775 4129 1898 4205 παρ’

287 4227 430 4301 αύτῷ
465 4227 581 4302 (42)
627 4223 913 4299 ἀγαγόντες
974 4224 1063 4277 τὸν
1123 4223 1406 4299 μάρτυρα,
1463 4224 1556 4276 καὶ
1599 4229 1675 4295 τῷ
1736 4219 1901 4297 βωμῷ

360 4370 413 4410 ⁸⁵
448 4371 497 4429 ιι
534 4372 671 4432 Cor.
708 4384 788 4441 xl,
826 4372 882 4427 6.
957 4367 1008 4406 “
1052 4368 1181 4431 Act.
1222 4381 1280 4436 γ,
1318 4367 1409 4423 Li.

1980 1890 2142 1946 enim
2159 1889 2395 1961 pietatis
2413 1905 2586 1945 amor
2597 1889 2867 1946 animam
2884 1898 3162 1963 occupat,
3178 1884 3304 1948 tum
3319 1893 3449 1965 ipsa
3462 1908 3644 1952 omne

1978 1974 2332 2054 pugnarum
2378 1973 2570 2049 genus
2611 1977 2855 2048 irridet;
2889 1982 2945 2036 et
2974 1981 3325 2054 quicunque
3364 1982 3531 2040 illam
3558 1983 3647 2041 rei

1983 2070 2284 2126 adamatae
2332 2084 2520 2124 causa
2569 2067 2831 2138 caedunt,
2863 2068 3165 2127 delectant
3210 2072 3409 2141 magis
3455 2087 3645 2146 quam

1983 2158 2349 2216 excruciant.
2374 2157 2739 2214 Testimonio
2761 2158 2908 2215 mihi
2925 2163 3014 2215 est
3032 2158 3178 2215 illud
3205 2159 3379 2233 140
3401 2166 3650 2235 aposto-

1982 2249 2185 2306 lorum
2230 2246 2622 2318 desiderium,
2659 2263 2780 2320 quo
2818 2248 3171 2305 Judaeorum
3208 2249 3458 2307 verbera
3504 2250 3650 2309 olim

1988 2338 2205 2395 suavia
2228 2337 2379 2410 ipsis
2400 2342 2457 2392 et
2483 2342 2657 2408 grata
2678 2337 3111 2394 reddebantur.
3146 2340 3325 2396 Ibant
3353 2341 3537 2407 enim,
3561 2343 3651 2403 in_-

1987 2429 2138 2501 quit,
2164 2427 2497 2495 qaudentes
2522 2443 2560 2483 a
2606 2433 2927 2495 conspectu
2975 2430 3237 2497 concilii,
3273 2432 3434 2502 quod
3479 2432 3655 2504 digni

1990 2518 2185 2575 habiti
2203 2523 2392 2573 essent
2410 2519 2518 2589 qui
2523 2531 2640 2587 pro
2657 2518 2783 2587 ejus
2803 2519 3037 2574 nomine
3053 2522 3475 2577 contumeliam
3486 2528 3654 2592 pate-

1988 2615 2208 2665 rentur
2219 2607 2287 2663 ⁸⁸.
2304 2605 2458 2663 Talis
2480 2612 2568 2662 est
2589 2611 2646 2662 et
2666 2606 2761 2662 ille
2784 2607 2955 2663 miles
2976 2608 3080 2680 qui
3106 2609 3288 2666 hodie
3309 2611 3484 2667 nobis
3506 2613 3653 2669 cele-

1990 2698 2220 2756 bratur.
2250 2698 2353 2753 Hic
2398 2701 2700 2754 tormenta
2730 2713 2839 2770 pro
2889 2699 3114 2769 gaudio
3145 2700 3351 2758 duxit:
3374 2702 3471 2759 hic
3501 2702 3654 2762 dum

1992 2788 2342 2857 caederetur,
2366 2787 2518 2843 rosis
2549 2787 2672 2859 peti
2698 2803 2759 2843 se
2781 2787 3045 2845 rebatur.
3080 2791 3407 2864 lmpietatis
3428 2790 3659 2851 damna

1990 2883 2287 2951 tanquam
2321 2876 2437 2933 tela
2478 2874 2745 2945 fugiebat
2775 2893 2789 2944 ;
2815 2877 3039 2948 judicis
3068 2878 3222 2935 iram
3253 2880 3521 2938 habebat
3545 2866 3658 2956 pro

1994 2966 2145 3023 fumi
2164 2965 2405 3021 umbra.
2422 2964 2761 3022 Satellitum
2783 2967 3059 3022 efferatos
3081 2969 3326 3026 ordines
3346 2971 3656 3043 irridebat,

1994 3056 2099 3129 qui
2120 3054 2343 3111 scilicet
2366 3053 2447 3110 ob
2477 3053 2745 3126 pericula
2774 3054 2935 3112 velut
2969 3057 3050 3113 ob
3082 3073 3335 3116 coronas
3366 3061 3659 3134 tripudia-

1650 3148 1721 3210 ὡς
1802 3144 1887 3199 ἐπὶ
1928 3166 1968 3229 C
1996 3150 2106 3202 ret.
2134 3143 2329 3215 Plagis
2350 3141 2601 3200 affectus
2627 3144 2877 3216 perinde
2897 3144 3234 3217 laetabatur,
3257 3163 3328 3204 ac
3351 3150 3398 3204 si
3430 3150 3662 3208 honore

2000 3233 2360 3293 afﬁceretur.
2424 3232 2744 3307 Suppliciis
2792 3234 3127 3291 acrioribus
3178 3236 3264 3294 ita
3313 3236 3661 3311 exsultavit,

1998 3324 2178 3398 quasi
2195 3322 2449 3397 praemia
2463 3322 2802 3380 lautissima
2817 3328 3168 3398 accepisset.
3184 3328 3524 3401 Despuebat
3540 3329 3665 3399 gla-

1999 3413 2132 3470 dios
2171 3412 2393 3480 nudos,
2417 3428 2640 3469 manus
2670 3418 2965 3470 tortorum
2992 3415 3328 3474 sustinebat
3365 3424 3663 3493 tanquam

2001 3518 2140 3559 cera
2194 3501 2523 3568 molliores,
2574 3502 2856 3574 supplicii
2902 3502 3138 3574 lignum
3192 3505 3354 3562 velut
3402 3507 3666 3565 salutare

2001 3591 2415 3659 osculabatur,
2439 3590 2624 3664 septis
2648 3607 2961 3649 carcerum
2991 3610 3098 3649 ceu
3126 3596 3312 3667 pratis
3334 3597 3664 3669 gaudebat,

2002 3680 2354 3752 excogitatis
2377 3682 2692 3737 tormentis
2713 3681 2893 3739 veluti
2919 3684 3102 3740 variis
3124 3683 3379 3741 ﬂoribus
3405 3686 3667 3745 oblecta-

2001 3770 2202 3829 batur.
2221 3774 2538 3827 Dexteram
2557 3771 2771 3828 habuit
2785 3773 2919 3843 igne
2936 3774 3265 3832 ﬁrmiorem
3283 3792 3295 3831 :
3313 3777 3481 3849 quod
3503 3781 3668 3851 post-

2003 3876 2241 3919 remum
2270 3866 2639 3917 tormentum
2685 3863 2738 3919 ei
2764 3861 2843 3919 ab
2872 3863 3131 3920 inimicis
3187 3865 3508 3922 admotum
3555 3871 3665 3926 est.

2005 3951 2238 4007 Etenim
2289 3949 2559 4007 libamen
2597 3951 2982 4008 daemonibus
3031 3953 3248 4011 facturi
3297 3954 3502 4027 ignem
3549 3972 3670 4013 arte

2007 4055 2148 4097 cum
2184 4039 2977 4113 imposuissent,adductum
3006 4048 3333 4116 martyrem
3365 4050 3504 4102 ante
3533 4062 3672 4104 eam

2008 4129 2246 4197 sistunt,
2272 4134 2455 4202 atque
2486 4129 2765 4187 dextram
2796 4132 3079 4205 supinam
3112 4150 3295 4206 super
3323 4133 3509 4191 altare
3538 4151 3675 4208 pro-

2008 4219 2256 4278 tendere
2270 4218 2575 4293 jubeutes,
2594 4238 2784 4280 manu
2807 4221 2973 4281 velut
2996 4239 3153 4281 aerea
3172 4239 3280 4283 ara
3304 4224 3482 4283 abusi
3509 4230 3673 4299 sunt,

363 4514 476 4590 (3§)
513 4510 761 4590 Antiqui
804 4509 939 4590 duo
974 4508 1113 4590 libri
1151 4511 1220 4590 et
1254 4505 1397 4590 editi
1435 4504 1885 4590 ἡκᾶἠτῖητρςῇτῆη

2240 4505 2972 4590 Οῳβκρῄῠὶῃεηόνόματος
3016 4512 3254 4590 Χριστοῤ
3303 4508 3513 4590 κατηξ.,
3564 4484 3676 4590 μηδ

296 4577 560 4648 saeta,
589 4577 937 4650 διδασκαλία,
971 4580 1149 4638 male.
1172 4579 1431 4650 Codices
1476 4577 1908 4634 Combeﬁsiani

298 4658 325 4713 6
383 4647 645 4719 ἀήττητος
690 4662 787 4716 τῆς
845 4647 1109 4714 εὐσεϐείας
1157 4647 1506 4716 διδάσκαλος,
1558 4650 1732 4720 bene,
1794 4665 1907 4705 nec

297 4729 467 4788 aliter
507 4729 571 4786 in
598 4734 808 4785 nostro
848 4729 989 4797 Reg.
1025 4723 1298 4797 secundo
1326 4722 1562 4797 legitur,
1594 4721 1711 4797 nisi
1738 4720 1909 4794 quod

297 4800 586 4860 articulus
628 4803 769 4856 ante
813 4793 1030 4854 vocém
1073 4795 1335 4856 ἀήττητος
1376 4793 1543 4849 eoin
1590 4794 1745 4863 libro
1772 4793 1911 4848 non

297 4873 619 4931 invenitur.
663 4869 856 4927 Paulo
906 4874 1047 4943 post
1087 4867 1251 4924 idem
1296 4868 1440 4938 Reg.
1489 4865 1795 4922 secundus
1841 4866 1913 4927 ὡς

304 4944 643 5018 «tndem
674 4945 908 5018 θήραματ

377 5006 497 5087 (ει)
535 5006 1034 5090 Utraque'editio
1093 5014 1152 5068 et
1207 5012 1353 5090 Reg,
1378 5006 1600 5090 tertius
1816 5010 1912 5067 τὴν

311 5080 499 5162 θήραν,
535 5091 667 5156 post
693 5080 993 5162 praedam,
1025 5080 1432 5162 corrupte’.-At
1459 5080 1644 5162 Colb.
1677 5080 1913 5162 primus

309 5153 552 5230 01.368.
598 5153 905 5214 secundus
943 5158 1074 5229 μετὰ
1131 5153 1228 5215 τὴν
1263 5153 1467 5229 πεῖραν,
1491 5157 1632 5223 post
1672 5153 1914 5222 experi-

308 5230 995 5307 πιφιαηινὲροοωιρίθ-
1128 5305 1147 5307 _
1204 5303 1248 5307 Δ
1302 5297 1337 5307 ..
1510 5298 1521 5307 .
1580 5295 1615 5307 ..
1700 5294 1715 5307 .
1857 5293 1868 5306 .

378 5301 498 5385 (ᾷςῖ)
768 5294 1002 5385 primus
1054 5305 1149 5351 τοῦ
1204 5294 1797 5385 Παύλου.’“ᾼι’ῑὶοι1ξυξ
1852 5294 1916 5350 in

304 5364 905 5432 editis'desideratur.
939 5373 1063 5440 Mox
1096 5385 1253 5425 unus
1280 5385 1395 5425 ms.
1431 5364 1650 5429 ἰδιώτης
1681 5368 1807 5440 εἰμί.

374 5445 491 5518 (38)
529 5446 673 5518 Reg.
732 5444 969 5518 primus
1001 5513 1012 5518 _
1033 5439 1069 5494 δ
1075 5447 1446 5518 ιακοπτόμεναι
1477 5437 1737 5518 ’πλευραίζ
1800 5437 1916 5495 Ali-

374 5460 491 5518 (38)
530 5460 673 5518 neg.
732 5460 969 5575 Erimus
1033 5460 1446 5521 οιακοπτομεναι
1499 5460 1737 5513 πλευραι.
1800 5460 1916 5495 ΛΠ·

302 5522 538 5592 qunto
567 5519 708 5598 post
778 5515 901 5572 olb.
924 5513 1158 5598 primus
1189 5511 1399 5586 ἀγώνων
1425 5510 1709 5585 αψάμενος,
1732 5526 1920 5598 sensu

304 5603 432 5648 non
469 5586 769 5646 dissimili.
803 5584 1074 5645 Subinde
1110 5584 1174 5644 in
1212 5600 1341 5646 uno
1367 5600 1484 5644 ms.
1525 5599 1638 5656 pro
1683 5580 1918 5657 πολεμων

302 5658 529 5736 legitur
550 5659 832 5735 πολεμίων.

2012 4579 2254 4658 nomine
2285 4578 2534 4637 Christi.
2568 4580 2781 4637 Statim
2806 4578 2958 4654 Reg.
3007 4578 3314 4637 secundus
3340 4584 3366 4635 6
3398 4578 3679 4658 σημερινὸς

2024 4652 2037 4667 ο
2094 4659 2112 4668 ~

2015 4671 2161 4711 ημιν.

2052 4672 2198 4792 Fab)
2238 4720 2570 4795 Utramque
2597 4722 2777 4780 editio
2796 4727 2861 4795 et
2888 4722 3012 4780 duo
3053 4739 3201 4782 mss.
3234 4722 3470 4785 ἀσεϐείας
3502 4742 3679 4791 σκιας,

2014 4794 2343 4869 impietatis
2388 4794 2657 4869 umbras.
2710 4794 2875 4852 Colb.
2924 4797 3157 4869 primus
3216 4795 3451 4857 ἀσεϐείας
3504 4796 3681 4869 αἰκίας

2014 4866 2342 4934 impietatis
2409 4867 2659 4934 damna,
2702 4866 2962 4941 noxas}
3001 4874 3059 4924 et
3118 4868 3222 4937 ita,
3266 4869 3510 4941 opinor,
3558 4867 3682 4938 legi

2016 4943 2283 5019 prastat,
2312 4952 2391 5019 ne
2421 4954 2542 5019 vox
2582 4940 2708 5019 σκιά
2736 4939 2833 4995 bis
2859 4939 3237 4998 continenter
3258 4939 3518 5011 legatur.
3549 4942 3683 4998 Mox

2016 5007 2409 5083 idemcodex
2436 5011 2501 5070 ὡς
2525 5012 2784 5083 στεφάνῳ.

2091 5081 2207 5160 (ᾗ)
2245 5082 2473 5160 ξξιιεευε
2520 5077 2690 5160 idem
2722 5077 2924 5160 Codex
2970 5082 3251 5160 κλείσμασι
3281 5077 3679 5160 δεσμωτηρίοις,

2092 5153 2201 5228 (42)
2238 5151 2514 5228 Utraque
2553 5154 2735 5209 editio
2774 5154 2897 5228 παρ’
2925 5155 3085 5228 αύτῷ.
3119 5151 3686 5228 ληῐὶσιιὶἠθεἸὼεί

2019 5223 2143 5299 παρ’
2189 5222 2363 5299 atii-6v.
2414 5222 2543 5280 Mox
2599 5222 2859 5299 utraque
2916 5222 3100 5283 editio
3152 5234 3207 5285 et
3274 5222 3415 5299 Reg.
3475 5231 3684 5291 tertius

2021 5296 2207 5368 χαλκῷ
2232 5296 2951 5383 θυσιαστηρίῳῆαναὼνεα.
2983 5299 3130 5383 Coll)
3161 5296 3393 5383 primus
3431 5306 3489 5357 et
3532 5302 3678 5383 Reg.

2023 5366 2326 5443 secundus
2370 5366 2955 5443 xalx‘zb'euptarnptp,
3004 5366 3320 5428 thuribulo
3369 5389 3539 5430 areo.
3576 5366 3685 5430 Su-

2024 5439 2244 5514 spicari
2286 5437 2545 5514 fortasse
2570 5437 2877 5514 quispiam
2908 5437 3111 5513 possit
3139 5444 3255 5498 hoc
3294 5444 3426 5500 loco
3479 5445 3686 5514 legen-

2022 5510 2170 5585 dum
2197 5525 2331 5585 esse
2361 5510 2728 5585 θυμιατηρίῳξ
2749 5510 3062 5585 τνὴιινίῦιιιο
3082 5526 3104 5578 ,’
3130 5529 3242 5569 nec
3293 5510 3688 5573 difﬁtebimur

2022 5582 2213 5656 videri
2240 5580 2399 5637 hanc
2427 5580 2888 5656 ‘vocem'primo
2921 5590 3169 5656 aspectu
3217 5587 3413 5656 magis
3462 5601 3688 5643 conve-

2024 5654 2191 5713 nire:
2224 5658 2432 5714 tamen
2459 5670 2602 5712 cum
2625 5654 2746 5713 vox
2779 5654 3147 5730 θυσιαστηρίῳ
3173 5655 3238 5714 in
3286 5654 3687 5731 sequentibus
