4098 6398
460 311 567 366 487
1845 302 1902 359 S.
1945 296 2196 354 BASILII
2233 297 2452 353 MAGNI
3725 309 3834 374 433

459 431 707 488 ardente
739 430 912 487 thure
937 428 999 486 in
1039 444 1111 485 ea
1139 427 1406 498 maligne
1434 427 1743 502 imposito.
1778 424 2077 500 Sperabam

2231 425 2325 480 τήν
2410 418 2585 485 δεξιὰν
2669 425 2856 478 ὑπτίαν
2928 424 3256 500 ἔπαιωρῆσαι
3328 425 3694 498 κελεύσαντες,
3765 433 3835 494 ὡς

458 522 621 579 enim
663 521 816 588 fore,
842 523 906 576 ut
932 519 991 574 vi
1017 518 1174 590 ignis
1216 518 1450 574 devicta
1475 534 1662 574 manu
1693 519 1831 574 thus
1855 517 1916 571 in
1946 529 2076 570 arar

2227 511 2413 584 χαλκῷ
2464 514 2829 590 θυσιαστηρίῳ
2883 523 2944 589 τῇ
2992 521 3138 590 χειρὶ
3185 522 3624 590 κατεχρήσαντο,
3676 519 3832 573 λιϐα-

453 611 799 670 necessario
818 626 887 667 ac
907 608 1190 665 velociter
1204 612 1528 664 excuteret.
1545 607 1672 663 Heu
1687 608 1884 664 varias
1905 603 2071 676 impit

2225 605 2382 653 νωτὸν
2431 602 2561 676 αὐτῇ
2622 607 2928 677 κακούργως
2984 603 3203 668 ἐνθέντες
3264 606 3589 680 φλεγόμενον.
3643 609 3831 662 Ἦλπι-

451 717 592 760 rum
634 700 1004 774 praestigias!
1047 699 1368 766 Quoniam,
1413 697 1717 771 inquiunt,
1770 693 2069 752 vulneribu

2225 691 2314 752 ζον
2360 695 2462 767 γὰρ
2509 701 2571 766 τῇ
2605 702 2696 747 τοῦ
2734 699 2898 768 πυρός
2930 694 3027 769 βίᾳ
3063 701 3151 755 τήν
3191 703 3352 770 χεῖρα
3389 699 3831 755 καταπαλαισθεῖ-

453 790 790 848 innumeris
812 790 1085 847 animum
1112 788 1443 861 pervicacis
1469 787 1627 842 illius
1654 785 1965 843 luctatoris
1990 799 2068 838 no

2225 799 2358 849 σαν,
2403 780 2597 857 ἀνάγκη
2666 792 2738 854 τῷ
2803 783 2967 857 βωμῷ
3025 789 3230 856 ταχέως
3290 784 3570 838 λιϐανωτὸν
3632 787 3829 862 ἐπαφή-

453 880 758 947 ﬂeximus,
785 880 946 937 illius
969 884 1122 936 certe
1151 894 1404 935 manum
1434 894 1540 950 per
1568 877 1884 934 ﬂammam
1909 874 2071 930 ﬂecta

2223 889 2350 926 σειν.
2399 877 2494 925 Φεῦ
2547 880 2643 934 τῆς
2693 872 3020 926 πολυπλόκου
3069 883 3168 927 τῶν
3216 873 3414 928 ἀσεϐῶν
3461 879 3823 949 μαγγανείαςῙ

451 987 611 1029 mus.
641 971 943 1037 Quoniam
974 969 1208 1025 artibus
1237 967 1491 1024 diversis
1518 967 1792 1024 animum
1821 981 1945 1022 non
1975 979 2069 1020 cor

2225 957 2437 1020 Ἐπειδὴ
2479 968 2707 1036 μυρίοις,
2751 969 2901 1036 φησὶ,
2933 968 3026 1022 τὴν
3049 967 3165 1035 (43)
3195 971 3405 1038 γνώμην
3445 966 3539 1018 ούκ
3587 965 3824 1040 ἐκάμψα-

453 1063 778 1130 cussimus,
813 1066 968 1117 certe
1017 1060 1142 1130 igni
1172 1059 1484 1116 admotam
1533 1058 1842 1114 dexteram
1879 1055 2071 1128 quatit

2219 1070 2309 1124 μεν
2364 1054 2669 1124 τραύμασι,
2731 1051 3018 1126 κάμψωμεν
3071 1053 3118 1105 ἐν
3174 1053 3324 1126 φλογί
3376 1063 3467 1107 τοῦ
3535 1055 3822 1128 φιλονείκου

450 1167 612 1208 mus.
643 1151 760 1208 Sed
785 1166 861 1207 ne
891 1149 994 1206 illa
1023 1149 1270 1222 quidem
1299 1164 1438 1220 spes
1473 1147 1567 1203 his
1596 1147 1831 1203 miseris
1864 1144 2062 1219 profui

2216 1139 2510 1193 παλαιστοῦ
2562 1139 2657 1194 κᾶν
2701 1146 2794 1200 τὴν
2843 1151 3023 1216 χεῖρα.
3072 1140 3282 1202 Ἐπειδὴ
3325 1145 3588 1206 ποικίλαις
3643 1167 3825 1220 μηχα-

450 1241 683 1298 Etenim
712 1241 964 1297 ﬂamma
993 1238 1242 1312 quidem
1277 1236 1851 1308 manumperrosit:
1881 1235 1988 1292 sed
2028 1239 2068 1290 ta

2216 1238 2330 1293 ναῖς
2366 1236 2460 1290 τήν
2507 1231 2694 1304 ψυχὴν
2725 1232 2818 1284 ούκ
2849 1231 3140 1306 ἐσείσαμεν,
3174 1238 3268 1292 τήν
3301 1231 3475 1297 δεξιὰν
3519 1243 3645 1307 γοῦν
3693 1243 3822 1312 πυρὶ

447 1347 591 1388 men
635 1347 858 1387 manus
904 1328 1234 1402 permansit
1278 1328 1593 1383 ﬂammam
1624 1326 1803 1399 quasi
1844 1326 2065 1381 cinerei

2215 1326 2636 1395 προσαγαγόντες
2701 1320 3050 1394 σαλεύσωμεν.
3125 1321 3257 1376 Ἀλλ’
3319 1320 3444 1376 οῦδὲ
3508 1329 3708 1388 ταύτης
3773 1329 3821 1381 οἱ

446 1419 667 1476 ferens.
686 1423 815 1476 Non
840 1418 1004 1475 dedit
1025 1422 1258 1488 tergum
1285 1417 1552 1473 saevienti
1573 1417 1694 1487 igni
1718 1415 2064 1486 fugitivom:

2217 1407 2438 1464 δείλαιοι
2488 1419 2584 1473 τῆς
2639 1408 2849 1472 ἐλπίδος
2902 1409 3190 1465 ἀπώναντο.
3247 1411 3306 1466 Ἦ
3368 1416 3457 1486 μὲν
3523 1417 3625 1490 γὰρ
3697 1415 3821 1489 φλὸξ

444 1503 507 1561 in
554 1520 786 1560 morem
814 1545 827 1570 ,
868 1503 975 1559 sed
1015 1503 1270 1559 immota
1316 1502 1571 1575 perstitit
1611 1507 1822 1558 contra
1857 1500 2062 1556 ﬂamm

2215 1505 2309 1559 τήν
2355 1509 2516 1576 χεῖρα
2561 1497 2836 1575 διέτρωγεν
3067 1504 3206 1574 ἔμενε
3255 1498 3314 1554 δὲ
3363 1505 3392 1562 ἡ
3438 1509 3583 1578 χεὶρ,
3626 1508 3694 1568 ὡς
3742 1511 3819 1559 τέ-

447 1597 686 1650 strenue
717 1593 1036 1663 dimicans,
1069 1597 1250 1665 atque
1285 1591 1538 1664 martyri
1568 1590 1921 1647 facultatem
1952 1589 2065 1645 dan

2215 1611 2344 1666 φραν
2391 1595 2485 1650 τὴν
2535 1591 2696 1664 φλόγα
2744 1590 3116 1664 βαστάζουσα.
3169 1591 3280 1644 Ούκ
3329 1588 3492 1645 ἔδωκε
3553 1602 3625 1666 τῷ
3671 1595 3816 1649 πολε-

442 1683 755 1754 Prophetas
782 1681 970 1738 verba
1021 1681 1393 1754 proferendi:
1427 1681 1784 1738 Benedictus
1813 1680 2060 1736 Domini

2213 1688 2398 1752 μοῦντι
2461 1683 2588 1754 πυρὶ
2651 1684 2786 1733 κατὰ
2840 1685 2963 1744 τοὺς
3017 1678 3261 1755 φυγάδας
3325 1684 3390 1734 τά
3453 1692 3628 1751 νῶτα,
3688 1683 3816 1737 ἀλλά

441 1773 602 1829 Deus
631 1787 816 1842 meus,
849 1773 957 1844 qui
984 1771 1153 1827 docet
1180 1786 1398 1828 manus
1427 1786 1586 1828 meas
1611 1771 1693 1828 ad
1713 1771 2021 1840 pretium,
2049 1789 2059 1825 4

2213 1771 2468 1844 ἄτρεπτος
2523 1772 2750 1828 εἱστήκει
2814 1773 2950 1822 κατὰ
3013 1770 3198 1844 φλογὸς
3263 1767 3653 1845 ἀριστεύουσα,
3724 1777 3813 1826 καὶ

442 1862 661 1934 digitos
707 1877 862 1918 meos
915 1862 996 1917 ad
1027 1861 1247 1918 bellum
1269 1862 1339 1918 ⁸⁷.
1371 1861 1530 1932 Ignis
1558 1861 1718 1917 enim
1750 1877 1889 1916 cum
1914 1873 2059 1915 man

2210 1862 2306 1922 τὰς
2351 1868 2443 1913 τοῦ
2497 1865 2770 1934 Προφήτου
2826 1859 2989 1932 λέγειν
3037 1868 3108 1932 τῷ
3157 1861 3387 1934 μάρτυρι
3435 1857 3666 1914 διδοῦσα
3713 1883 3811 1935 φω-

443 1951 845 2021 conﬂigebat;
874 1950 982 2006 sed
1009 1950 1167 2020 ignis
1187 1949 1560 2006 vincebatur.
1592 1949 1926 2006 Flammam
1952 1949 2061 2005 inte

2209 1952 2339 2013 νάς·
2393 1949 2684 2022 Εὐλογητὸς
2741 1952 2932 2024 Κύριος
2999 1952 3024 2002 ὁ
3077 1954 3197 2014 Θεός
3251 1970 3393 2024 μου,
3453 1953 3478 2003 ὁ
3538 1947 3811 2004 διδάσκων

442 2045 499 2098 et
564 2040 880 2097 dexteram
940 2039 1225 2112 martyris
1288 2038 1697 2096 instruebatur
1748 2038 1945 2108 lucta;
1993 2055 2056 2094 se

2210 2042 2306 2101 τὰς
2364 2041 2551 2115 χεῖράς
2611 2059 2712 2113 μου
2776 2039 2846 2100 εἰς
2902 2038 3230 2114 παράταξιν,
3289 2060 3379 2092 και
3435 2044 3556 2102 τοὺς
3621 2037 3815 2093 δακτύ-

440 2129 689 2187 dextera
714 2146 940 2186 novam
969 2129 1309 2202 quamdam
1348 2129 1750 2186 luctaminum
1787 2128 2058 2185 victoria:

2207 2129 2330 2192 λους
2403 2149 2525 2203 μου·
2579 2129 2646 2190 εἰς
2709 2128 2949 2202 πόλεμον.
3009 2136 3121 2204 Πῦρ
3198 2131 3300 2204 γὰρ
3375 2133 3520 2204 χειρὶ
3577 2129 3813 2184 συνεπλέ-

437 2219 730 2276 habebat:
751 2218 1251 2292 quandoquidem
1273 2235 1380 2291 per
1394 2219 1662 2275 mediam
1678 2235 1931 2275 manum
1951 2223 2055 2274 tral

2207 2240 2345 2288 κετο,
2379 2226 2470 2273 καὶ
2511 2226 2602 2272 τοῦ
2646 2221 2812 2293 πυρὸς
2863 2221 2927 2272 τὰ
2970 2227 3065 2280 τῆς
3118 2221 3279 2280 ἣττης
3321 2221 3610 2294 εὑρίσκετο.
3653 2219 3809 2292 Φλογὶ

437 2313 650 2366 seunte
674 2309 946 2372 ﬂamma,
975 2324 1196 2364 manus
1228 2309 1430 2364 adhuc
1465 2307 1544 2365 ad
1574 2308 1803 2365 luctam
1829 2308 2055 2381 porrige

2206 2316 2298 2364 καὶ
2362 2313 2628 2386 μάρτυρος
2695 2306 2846 2380 δεξιᾴ
2910 2316 3265 2384 συνεκροτεῖτο
3324 2309 3504 2378 πάλη,
3575 2308 3680 2362 ἀλλ’
3748 2306 3808 2368 ἦν

435 2397 639 2456 batur.
671 2400 714 2456 Ο
760 2415 1015 2455 manum
1062 2399 1202 2470 igne
1242 2398 1745 2471 pertinaciorem!
1777 2415 1813 2455 ο
1842 2415 2053 2455 manu:

2205 2410 2304 2465 τῆς
2368 2398 2546 2464 δεξιᾶς
2609 2404 2759 2458 καινή
2821 2418 2902 2462 τις
2966 2407 3066 2452 τῶν
3127 2399 3504 2472 παλαισμάτων
3562 2401 3592 2458 ἡ
3648 2405 3803 2467 νίκη,

435 2489 517 2545 ab
547 2489 685 2559 igne
731 2487 890 2545 ﬂecti
941 2488 1254 2544 nesciam!
1289 2504 1324 2545 ο
1365 2489 1570 2560 ignem
1620 2505 1655 2546 a
1703 2505 1892 2545 manu
1936 2489 2053 2546 vim

2203 2500 2302 2554 τῆς
2341 2495 2433 2565 μέν
2481 2490 2664 2562 φλογὸς
2713 2485 2808 2542 διὰ
2857 2507 3020 2562 μεσου
3067 2497 3163 2550 τῆς
3208 2493 3392 2564 χειρὸς
3430 2487 3803 2558 ἐκπιπτούσης,

439 2577 772 2633 edoctum?
822 2577 886 2634 Vi
924 2577 1082 2648 ignis
1129 2577 1355 2634 ferrum
1398 2577 1731 2634 emollitum
1779 2579 1968 2636 cedit:
2011 2595 2057 2635 ae

2203 2589 2296 2643 τῆς
2352 2583 2536 2656 χειρὸς
2587 2576 2646 2632 δὲ
2701 2581 2775 2632 ἔτι
2819 2582 3097 2651 τεταμένης
3135 2579 3248 2649 (45)
3305 2582 3456 2653 πρὸς,
3503 2579 3690 2637 πάλην.
3739 2577 3808 2630 Ὢ.

434 2670 608 2740 paret
632 2665 787 2737 ignis
817 2666 1136 2740 potentiae;
1171 2667 1331 2723 vinci
1377 2667 1456 2724 ab
1494 2668 1709 2724 eodem
1735 2673 1792 2724 et
1816 2669 2052 2741 lapidur

2216 2675 2386 2747 χειρὸς
2433 2669 2840 2743 φιλονεικοτέρας
2882 2666 3081 2740 πυρόςὲ
3119 2667 3158 2718 ὢ
3207 2669 3424 2741 χειρὸς,
3473 2670 3834 2739 κάμπτεσθαι·

432 2755 683 2812 durities
705 2755 876 2814 solet.
899 2759 1068 2812 Nunc
1088 2772 1234 2812 vero
1259 2756 1417 2827 ignis
1437 2757 1820 2814 vehementia
1840 2775 1976 2831 quae
1999 2759 2050 2815 dt

2202 2767 2330 2836 πυρὶ
2367 2764 2439 2834 μὴ
2481 2757 2794 2833 μαθούσηςξ
2838 2757 2878 2809 ὦ
2915 2760 3100 2830 πυρὸς,
3143 2757 3405 2815 ἡττᾶσθαι
3449 2760 3596 2828 χειρὶ
3649 2753 3805 2809 διδα-

431 2850 562 2903 mat
597 2846 827 2915 omnia,
849 2845 1158 2902 dexteram
1187 2862 1444 2903 exurens
1481 2863 1873 2921 nequaquam
1904 2848 2044 2905 ﬂexi

2203 2849 2469 2925 χθέντοςῑ
2540 2845 2759 2922 Σίδηρος
2831 2853 2893 2919 τῇ
2961 2853 3052 2897 τοῦ
3114 2847 3279 2920 πυρὸς
3345 2847 3468 2897 εἴκει
3532 2841 3803 2920 τυραννίδι

429 2938 826 3009 χαυνούριενος⁸
872 2934 1077 3008 χαλκός
1116 2944 1180 3010 τῇ
1226 2943 1319 2988 τοῦ
1365 2940 1532 3010 πυρός
1576 2945 1893 3011 παραχωρεί
1939 2935 2224 3014 δυναστείᾳ
2253 2962 2266 2975 ·
2310 2937 2422 2993 οἶδε
2466 2941 2636 3010 τούτῳ
2675 2941 2764 2989 καὶ
2805 2934 2960 2988 λίθων
3002 2932 3277 2988 ἀντιτυπία
3307 2935 3576 2988 νικᾶσθαι.
3608 2932 3741 2988 Ἀλλ’
3778 2933 3804 2985 ὀ

427 3026 600 3080 πάντα
627 3031 719 3077 τοῦ
747 3028 912 3100 πυρὸς
941 3022 1254 3098 βιαζόμενος
1281 3029 1429 3088 τόνος
1457 3027 1720 3100 μάρτυρος
1747 3031 1840 3086 τὴν
1873 3023 2048 3091 δεξιὰν
2077 3035 2352 3105 τεταμένην
2379 3029 2472 3082 οὐκ
2503 3026 2703 3100 ἔκαμψε
2731 3029 3056 3081 κατακαίων,

499 3119 552 3173 3.
597 3114 684 3172 0b
704 3113 764 3170 id
783 3113 918 3185 jure
934 3115 1164 3186 optimo
1185 3119 1393 3187 posset
1411 3121 1643 3188 martyr
1662 3115 1742 3172 ad
1767 3117 2089 3176 Dominum

2274 3126 2326 3178 3.
2366 3120 2592 3179 Εἰκότως
2661 3115 2720 3168 ἂν
2787 3117 2812 3168 ό
2868 3117 3071 3189 μάρτυς
3137 3112 3221 3167 ἐπὶ
3284 3115 3453 3186 τούτῷ
3521 3116 3654 3187 πρὸς
3715 3116 3801 3167 τὸν

425 3202 688 3262 clamare
705 3221 719 3259 :
737 3205 1005 3261 Tenuisti
1019 3220 1263 3261 manum
1282 3205 1593 3263 dexteram
1612 3223 1824 3276 meam,
1847 3210 1888 3278 1
1902 3207 2012 3281 41
2033 3230 2043 3265 ι

2200 3214 2463 3268 Δεσπότην
2530 3206 2772 3282 βοήσειεν
2807 3226 2821 3238 ·
2893 3205 3222 3279 Ἐκράτησας
3289 3213 3386 3266 τῆς
3462 3207 3644 3277 χειρὸς
3706 3211 3803 3266 τῆς

424 3295 491 3352 in
512 3297 825 3352 voluntate
851 3301 957 3351 tua
972 3295 1283 3352 deduxisti
1301 3312 1413 3367 me,
1441 3303 1494 3354 et
1516 3313 1650 3354 cum
1680 3299 1883 3369 gloria
1903 3316 2042 3356 susc

2199 3298 2377 3364 δεξιᾶς
2433 3317 2563 3371 μου,
2619 3301 2708 3348 καὶ
2760 3293 2808 3347 ἐν
2866 3302 2927 3367 τῇ
2991 3291 3155 3367 βουλῇ
3215 3312 3308 3346 σου
3367 3289 3656 3365 ὡδήγησάς
3705 3312 3798 3365 με,

419 3386 570 3455 pisti
587 3385 758 3441 me“.
784 3386 1105 3451 Quomodo
1126 3389 1254 3455 te,o
1277 3391 1517 3443 strenue
1539 3388 1755 3445 Christi
1774 3389 2037 3465 miles,a]

2195 3395 2286 3443 καὶ
2329 3391 2460 3463 μετὰ
2498 3384 2661 3450 δόξης
2703 3381 3028 3458 προσελάϐου
3077 3402 3160 3456 με.
3187 3389 3251 3436 Τι
3292 3401 3368 3450 σε,
3401 3379 3440 3433 ὦ
3484 3389 3679 3454 γενναῖε
3706 3389 3798 3434 τοῦ

423 3473 709 3547 pellabo?
729 3473 974 3530 Vocabo
996 3477 1296 3532 statuam?
1318 3476 1433 3533 Sed
1446 3477 1706 3534 multum
1722 3479 2041 3537 imminuer

2194 3485 2428 3555 Χριστοῦ
2481 3483 2800 3552 στρατιῶτα,
2847 3477 3154 3548 προσείπω;
3207 3467 3519 3546 Ἀνδριάντα
3555 3470 3793 3540 καλέσω;

424 3568 593 3621 tuam
624 3563 1050 3620 constantiam.
1079 3565 1237 3636 Ignis
1261 3565 1425 3623 enim
1452 3572 1758 3640 receptam
1787 3569 1849 3626 in
1873 3586 1935 3627 se
1966 3575 2042 3628 sta

2195 3568 2332 3623 Πολύ
2396 3587 2452 3622 σε
2516 3575 2614 3629 τῆς
2681 3568 2956 3640 καρτερίας
3027 3561 3326 3622 ήλάττωσα.
3383 3564 3483 3614 Τὸν
3542 3564 3632 3633 μέν
3687 3562 3797 3632 (46)

423 3656 593 3711 tuam
622 3655 876 3712 emollit:
901 3654 1213 3712 dexteram
1240 3673 1384 3713 vero
1415 3662 1606 3727 tuam,
1628 3665 1692 3715 ut
1722 3659 1933 3717 saltem
1955 3678 2041 3718 mc

2192 3662 2294 3735 γὰρ
2356 3666 2460 3733 πῦρ
2520 3656 2770 3732 μαλάττει
2821 3651 3134 3726 δεξάμενον·
3194 3659 3288 3704 σοῦ
3347 3647 3406 3703 δὲ
3469 3654 3562 3708 τήν
3622 3646 3796 3713 δεξιὰν

422 3745 544 3800 veri
575 3743 897 3816 videretur,
923 3761 1046 3801 non
1074 3746 1296 3816 adegit.
1322 3749 1679 3804 Ferreumne
1703 3751 2034 3808 nominabo

2193 3749 2416 3821 ὀφθῆναι
2464 3752 2618 3820 μόνον
2661 3746 2966 3816 κινουμένην
3005 3741 3098 3794 οὐκ
3131 3742 3357 3796 ἔπεισεν.
3404 3737 3496 3793 Ἀν
3541 3736 3796 3814 σιδηροῦν

423 3832 540 3889 Sed
564 3833 719 3889 hanc
751 3831 1202 3890 similitudinem
1229 3833 1573 3892 fortitudine
1605 3840 1706 3894 tua
1733 3839 1963 3911 reperio
1993 3840 2041 3895 ir

2193 3837 2454 3910 ὀνομάσω,
2487 3840 2577 3887 καὶ
2625 3838 2718 3892 τὴν
2760 3833 3005 3888 τοιαύτην
3047 3837 3142 3892 τῆς
3177 3837 3275 3890 σῆς
3323 3824 3542 3902 ἀνδρίας
3571 3830 3795 3904 εύρίσκω

421 3920 722 3980 feriorem.
766 3924 918 3979 Nam
964 3927 1030 3978 tu
1077 3923 1243 3980 solus
1285 3923 1552 3982 ﬂammae
1598 3927 1859 3997 suasisti,
1899 3933 1966 3986 ut
2001 3944 2039 3985 n

2189 3927 2492 3999 λειπομένην
2541 3924 2728 3978 εἰκόνα.
2775 3925 2841 3974 Σὺ
2891 3923 2992 3994 γὰρ
3048 3923 3202 3993 μόνος
3253 3921 3460 3979 ἔπεισας
3515 3918 3683 3992 φλόγα
3718 3922 3790 3992 μή

419 4027 678 4069 manum
707 4013 1022 4069 domaret:
1055 4017 1119 4070 tu
1147 4014 1312 4070 solus
1332 4014 1598 4072 habuisti
1618 4016 1929 4074 dexteram
1961 4035 2037 4076 ar:

2191 4016 2478 4091 βιάζεσθαι
2541 4020 2704 4087 χεῖρα
2734 4032 2748 4046 ο
2808 4013 2873 4063 σὺ
2939 4014 3088 4082 μόνος
3145 4008 3349 4068 ἐκτήσω
3417 4011 3794 4084 θυσιαστήριον

417 4099 555 4176 loco
571 4121 586 4172 ;
604 4107 669 4159 tu
691 4101 853 4158 solus
875 4102 1122 4160 ardente
1145 4103 1356 4162 dextra
1376 4105 1723 4163 daemonum
1747 4108 1928 4164 facies
1948 4109 2035 4164 ala

2190 4103 2402 4168 δεξιάν·
2453 4107 2516 4156 σὺ
2565 4107 2714 4176 μόνος
2763 4097 2912 4171 δεξιᾷ
2961 4098 3238 4172 φλεγομένη
3283 4101 3350 4151 τὰ
3392 4106 3490 4150 τῶν
3532 4094 3793 4170 δαιμόνων

417 4190 516 4264 pis
538 4190 906 4264 percussisti,
924 4196 981 4248 et
1010 4195 1151 4248 tunc
1181 4191 1426 4265 quidem
1458 4194 1520 4249 in
1551 4211 1780 4267 prunas
1806 4213 2035 4253 commt

2187 4194 2475 4271 ὶρῥάπισας
2526 4196 2823 4268 πρόσωπα,
2881 4194 2970 4243 καὶ
3026 4193 3141 4242 τότε
3198 4190 3288 4261 μὲν
3345 4189 3789 4262 άπηνθρακωμένῃ

417 4284 545 4338 tata
567 4296 774 4352 manu,
794 4297 1006 4338 eorum
1027 4283 1227 4355 capita
1247 4282 1726 4356 colliquefecisti;
1748 4303 1911 4343 nunc
1929 4303 2034 4343 ver

2183 4289 2331 4359 χειρὶ
2397 4285 2490 4345 τὰς
2546 4281 2745 4335 ἐκείνων
2797 4279 3020 4353 κεφαλὰς
3083 4276 3643 4350 συγκατέτηξας(47)·
3701 4284 3793 4328 νῦν

418 4385 492 4428 ea
519 4369 582 4426 in
611 4369 840 4426 cineres
885 4371 1152 4436 redacta,
1184 4372 1460 4444 ipsorum
1498 4376 1796 4433 exercitus
1826 4375 2035 4432 calcan

2184 4371 2245 4427 δὲ
2299 4375 2618 4448 τεφρωθείσῃ
2678 4373 2841 4443 ταύτῃ
2905 4370 2996 4430 τὰς
3058 4368 3225 4421 αὐτῶν
3288 4369 3534 4440 στρατιὰς
3587 4365 3789 4420 ἀποτυ-

415 4475 710 4519 οκοεεοειε.
742 4459 898 4526 Quid
945 4465 1149 4518 autem
1197 4461 1413 4534 puerili
1457 4462 1731 4522 balbutie
1777 4465 2033 4523 victore:

2183 4463 2328 4539 φλοῖς
2389 4469 2723 4518 καταπατῶν.
2777 4459 2935 4514 Ἀλλά
2997 4463 3050 4511 τί
3113 4453 3386 4520 παιδικοῖς
3448 4455 3641 4510 ἐλαττῶ
3699 4458 3788 4510 τὸν

486 4624 532 4660 ⁸⁷
574 4621 730 4682 Psal.
770 4636 956 4695 CXLIII,
1002 4628 1052 4681 t.
1131 4625 1177 4662 ⁸³
1216 4623 1369 4682 Psal.
1409 4643 1580 4701 Lxxu,
1620 4630 1713 4685 24.

408 4789 738 4865 repetatur,
789 4800 902 4841 nec
955 4788 1097 4865 tunc
1146 4802 1293 4865 mss.
1332 4786 1422 4865 ab
1476 4789 1651 4865 editis
1710 4787 2026 4850 dissidean‘

2177 4789 2358 4865 Editio
2380 4785 2927 4865 aduri-saeuurrupog,
2951 4778 3130 4839 male.
3160 4784 3234 4865 At
3249 4797 3397 4865 mss.
3427 4784 3575 4865 πυρί,
3603 4781 3775 4865 bene.

408 4853 612 4932 potius
661 4858 1027 4930 θυσιαστηρίῳ
1075 4858 1193 4928 legi
1248 4859 1468 4916 debere
1515 4861 1903 4918 arbitramur.
1950 4868 2026 4921 Ne

2174 4867 2292 4922 Nec
2322 4864 2404 4919 ita
2433 4853 2624 4916 multo
2652 4853 2958 4932 infra'duo
2981 4871 3144 4932 mss.
3173 4861 3234 4932 τῇ
3270 4864 3359 4914 τῆς
3403 4853 3589 4926 φλογός
3632 4859 3775 4932 εἴκει,

407 4913 772 5006 ᾅιιᾶρςυειω
817 4913 1062 5006 meum
1105 4913 1225 4985 v‘ax
1260 4913 1903 4999 defatigasset
1945 4913 2066 4992 si;
2174 4913 2894 5006 ’τῑτέῑυῇεξίίιέχράμίο
2940 4929 2997 5006 τ.
3042 4913 3586 5006 mamma
3620 4933 3679 5006 ει
3718 4928 3782 5006 in

407 4995 659 5069 ihtelligi
693 5001 882 5073 possit
930 5016 1037 5073 ara
1062 5017 1301 5073 parva.
1336 4995 1473 5073 quae
1520 5020 1646 5060 non
1687 5006 1772 5062 ita
1805 5007 2064 5064 multum
2173 4995 2322 5063 mss.
2344 4995 2662 5061 emendate
2691 5000 2906 5073 legitur
2930 5001 3014 5050 τὸν
3036 4995 3145 5073 μεν,
3170 4995 3456 5073 ἀνδριάντα
3479 4998 3777 5073 videlicet.

409 5069 837 5151 magnitudine
861 5087 897 5151 a
917 5069 1222 5129 thuribulo
1249 5069 1551 5132 differret:
1576 5093 1700 5149 qua
1728 5077 1804 5134 de
1827 5095 1891 5135 re
1921 5079 2065 5138 alio-
2172 5079 2498 5151 Aliquanto
2545 5073 2703 5130 infra
2731 5071 2950 5151 _editio_
2976 5069 3157 5125 Paris.
3175 5069 3280 5151 Aet;
3298 5073 3442 5151 Reg.
3473 5069 3780 5151 secundus

403 5141 683 5222 runieri‘t
705 5142 1028 5222 judicium.
1162 5218 1170 5222 _
1260 5216 1295 5222 _7
1594 5141 1618 5149 “

2172 5141 2521 5222 ἂνᾼᾶίδηρον,
2570 5143 2871 5222 υοςαόοιιε
2911 5143 3201 5222 ferrum?
3240 5142 3432 5198 Editio
3484 5141 3659 5197 Basil.
3715 5141 3776 5193 an.

481 5216 594 5294 (43)
635 5211 799 5294 (ξσιι).
847 5213 1079 5294 primus
1120 5218 1188 5294 ct_
1220 5216 1376 5294 alter,
1409 5222 1619 5294 μυρίοις
1643 5224 1753 5294 τισὶ
1783 5225 1897 5281 τήν.
1940 5225 2061 5280 Hoc

1677 5224 1753 5294 ισὶ
1783 5225 1897 5281 τὴν.
1940 5225 2061 5280 Hoc
2173 5211 2772 5294 até‘npoaé,_uocab_ule
2798 5211 3090 5294 ferreum,
3119 5211 3295 5294 bene,

401 5283 548 5367 ipso.
567 5285 628 5367 in
648 5284 784 5367 loco
808 5283 954 5342 mss.
981 5293 1104 5367 tres
1134 5287 1228 5341 ούκ
1257 5283 1564 5363 ἐκλάᾰαμεν.
1590 5292 1780 5349 Editio
1805 5300 2019 5367 utraqu

2241 5283 2356 5363 (47)
2577 5295 2634 5367 et
2663 5283 2805 5356 Reg.
2833 5285 3042 5367 tertius
3061 5283 3467 5367 συγκατέτηξας,
3490 5284 3772 5367 collique-

403 5354 856 5437 oihcé‘adgpgyw,
888 5357 1100 5437 eodem
1129 5375 1350 5437 sensu._
1454 5354 1464 5363 ’
1957 5354 1978 5367 ⁵
2163 5354 2390 5437 fecisti,
2435 5361 2547 5437 _Al_ii
2591 5366 2708 5416 tres
2755 5354 3278 5437 mss._aut_etiam
3329 5355 3520 5437 tribus
3567 5354 3774 5435 plures

478 5378 499 5408 ιι
529 5377 744 5429 εκαμψα
789 5377 856 5424 εν,
888 5377 1100 5414 eoaem
1129 5377 1335 5419 sensu.

478 5377 1076 5512 (44)_‘Collf;..primus
1114 5439 1276 5512 χεῖρα
1320 5429 1613 5512 διέ-τρησεν,
1641 5451 2059 5512 manumper—

2163 5377 2390 5437 fectstz,
2435 5377 2547 5418 Am
2591 5377 2708 5416 tres
2757 5377 2903 5413 mss.
2945 5377 3050 5412 au:
3095 5377 3278 5411 cuiam
3330 5377 3520 5411 lI‘lDus
3569 5377 3770 5435 piures

2169 5433 2603 5512 συγκατέφλεξας,
2632 5425 3575 5512 combussistiz‘Poterit‘ad‘suum
3606 5443 3770 5499 quis-

397 5497 652 5583 foravit.
700 5497 893 5556 Lectio
925 5502 1068 5558 satis
1114 5497 1360 5562 idonea.
1393 5497 1625 5563 Ibidem
1654 5509 1798 5580 Reg.
1821 5497 2056 5583 primus
2165 5497 2284 5583 qu'e
2327 5497 2643 5583 arbitrium
2693 5503 2808 5559 hoc
2845 5505 2952 5583 aut
2994 5498 3098 5583 illo
3145 5497 3342 5580 modo.
3369 5497 3592 5583 legere,
3625 5497 3774 5556 cum

402 5569 585 5655 ἔμεινεἔ
625 5644 666 5655 _
893 5643 906 5655 θ
1098 5647 1119 5655 _
1467 5654 1471 5655 ν
1629 5653 1674 5655 __
1739 5569 1773 5580 “
1821 5569 1842 5583 ⁵
2164 5569 2424 5655 titraque
2449 5577 2748 5651 scriptura
2774 5573 2921 5635 satis
2951 5575 3098 5645 apta
3124 5585 3260 5628 esse
3287 5569 3586 5630 videatur.-

473 5643 587 5718 (45)
625 5644 771 5717 Reg.
813 5643 1049 5719 primus
1092 5647 1170 5703 ἔτι
1211 5654 1581 5726 τετραμμένης.
1628 5653 1760 5713 Mox
1799 5658 2055 5730 utraque
