4098 6376
222 222 330 278 489

1307 217 1597 277 HOMILIA
1636 220 1703 276 IN
1744 215 2062 275 GORDIUM
2097 218 2500 277 MABTYREM.

3474 235 3582 292 490

226 341 443 419 ἀριστέα
489 340 816 415 ψελλίσμασι
853 342 1013 413 (48);
1061 349 1184 404 Ταῖς
1225 342 1818 419 μεγαλοπρεπεστρέραις

1931 355 2222 413 magnum
2253 343 2571 417 deprimo?
2613 347 2835 404 Locum
2866 352 3152 425 martyris
3181 353 3476 416 laudandi
3496 375 3605 417 ce-.

221 438 392 486 τοίνυν
443 435 532 484 τὸν
591 431 663 493 εἰς
715 431 868 484 αὐτὸν
925 433 1081 506 ὕμνον
1131 439 1604 508 παραχωρησωμεν
1654 431 1818 503 γλώτ-

223 542 376 584 ταις·
433 524 527 583 τάς
596 520 1073 598 μεγαλοφωνοτὲρας
1155 530 1253 574 τῶν
1324 519 1663 576 διδασκάλων
1738 518 1813 573 ἐπ’

225 612 366 683 αὐτῷ
423 611 719 685 καλέσωμεν
776 611 1087 684 σάλπιγγας.
1149 611 1434 671 Ἀνάστητέ
1485 631 1576 685 μοι
1625 618 1734 677 νῦν,
1777 609 1816 660 ὦ

221 699 454 777 λαμπροὶ
528 709 627 753 τῶν
705 698 993 759 ἀθλητικῶν
1046 703 1459 777 κατορθωμάτων
1505 701 1812 776 ζωγράφοι·

222 794 318 849 την
359 797 449 843 τοῦ
501 797 768 866 σρατηγοῦ
825 788 1203 843 κολοϐωθεῑσαν
1255 791 1428 844 εἰκόνα
1482 797 1594 851 ταῖς
1632 792 1817 863 ὑμετέ-

221 898 343 954 ραις
398 880 714 953 μεγαλύνατε
767 884 995 952 τέχναις.
1061 879 1438 956 Ἀμαυρότερον
1495 878 1617 954 παρ’
1693 877 1817 952 ἐμοῦ

222 972 313 1021 τόν
366 972 669 1042 στεφανίτην
707 973 967 1045 γραφέντα
1016 977 1127 1031 τοῖς
1182 978 1276 1031 τῆς
1329 970 1578 1044 ὑμετέρας
1639 974 1819 1042 σοφίας

223 1057 584 1132 περιλάμψατε
631 1064 934 1132 χρώμασιν.
992 1057 1221 1113 Ἀπέλθω
1268 1066 1331 1131 τῇ
1395 1067 1496 1111 τῶν
1572 1060 1819 1132 ἀριστευ-

225 1151 403 1223 μοίτων
459 1156 548 1201 τοῦ
604 1150 869 1224 μάρτυρος
921 1147 1042 1223 παρ’
1083 1149 1224 1222 ὑμῶν
1252 1151 1577 1222 νενικημένος
1600 1156 1773 1223 γραφῇ
1801 1167 1815 1182 ’

196 1232 403 1312 Δχαίρω
454 1240 548 1295 την
596 1238 844 1294 τοιαύτην
873 1238 989 1308 (19)
1054 1244 1144 1297 τῆς
1186 1238 1431 1312 ὑμετέρας
1482 1237 1670 1310 ἰσχύος
1716 1240 1818 1295 ση-

220 1345 376 1402 μερον
423 1331 570 1385 νίκην
623 1328 931 1398 ἡττώμενος.
985 1322 1116 1379 Ἵδω
1171 1334 1266 1389 τῆς
1320 1328 1500 1401 χειρὸς
1552 1329 1683 1402 πρὸς
1756 1330 1818 1380 τὸ

219 1423 327 1490 πῦρ
374 1415 744 1491 ἀκριϐέστερον
798 1414 924 1491 παρ’
989 1416 1131 1488 ὑμῶν
1186 1419 1512 1489 γραφομένην
1577 1420 1672 1475 τὴν
1722 1417 1820 1469 πά-

216 1502 314 1564 λην
348 1526 361 1539 ·
430 1500 535 1557 ’ίδω
587 1500 926 1579 φαιδρότερον
983 1506 1068 1558 ἐπὶ
1125 1512 1221 1567 τῆς
1270 1506 1516 1579 ὑμετέρας
1570 1508 1659 1559 τὸν
1722 1526 1821 1560 πα-

215 1592 442 1653 λαιστὴν
507 1597 861 1667 γεγραμμένον
911 1593 1123 1656 εἰκόνος.
1186 1593 1576 1648 Κλαυσατωσαν
1625 1591 1819 1668 δαίμο-

1925 428 2148 485 damus
2176 430 2399 502 linguis
2431 435 3075 511 magniﬁcentioribus,
3121 448 3301 518 atque
3332 449 3588 507 vocalio-

1923 536 2021 576 res
2048 520 2368 581 doctorum
2407 524 2588 581 tubas
2618 526 2698 584 ad
2735 526 2794 584 id
2830 532 3207 601 praeconium
3234 535 3581 599 invitemus.

1926 611 2236 681 Exsurgite
2262 629 2426 671 nunc
2457 615 2630 686 mihi,
2663 632 2700 672 o
2725 617 3002 691 praeclari
3031 622 3447 684 athleticorum
3479 645 3586 700 ge—

1926 704 2158 757 storum
2187 702 2465 774 pictores.
2498 705 2824 764 Mutilatam
2846 708 3032 781 hujus
3056 711 3228 769 ducis
3257 714 3586 788 imaginem

1926 789 2157 847 artibus
2185 793 2398 849 vestris
2428 794 2740 853 adornate.
2774 800 3140 859 Coronatum
3173 804 3460 863 athletam
3483 807 3588 865 ob-

1927 879 2161 935 scurius
2202 897 2239 938 a
2278 898 2375 939 me
2396 883 2724 958 depictum,
2753 888 3007 946 solertiae
3036 898 3253 950 vestrae
3284 895 3590 954 coloribus

1925 967 2238 1026 illustrate.
2264 971 2447 1027 Velim
2475 973 2692 1031 abeam
2714 977 3591 1055 victusavobis,egregiamar-

1927 1058 2076 1131 tyris
2104 1059 2265 1117 facta
2289 1061 2524 1133 pictura
2552 1070 3105 1137 reprmsentaturis:
3152 1074 3454 1144 gaudeam
3487 1076 3590 1133 tali

1926 1146 2109 1204 hodie
2134 1164 2240 1221 per
2260 1155 2520 1210 vestram
2550 1153 2963 1214 dexteritatem
2982 1159 3232 1219 victoria
3245 1171 3589 1237 superatus.

1929 1236 2175 1294 Videam
2208 1255 2431 1296 manus
2453 1247 2513 1298 et
2539 1241 2866 1313 ignisinter
2891 1262 2954 1302 se
2981 1247 3208 1308 luctam
3233 1268 3269 1309 a
3296 1236 3471 1311 vobis
3495 1271 3592 1311 ac-

1928 1326 2194 1384 curatius
2223 1345 2608 1403 expressam:
2641 1332 2893 1393 videam.
2911 1335 3270 1398 luctatorem
3300 1342 3362 1399 in
3392 1348 3592 1403 vestra

1926 1417 2192 1489 imagine
2220 1419 2598 1492 splendidius
2629 1423 2961 1497 depictum.
2988 1428 3226 1488 Plorent
3253 1433 3588 1506 daemones,

1928 1507 2009 1567 ob
2038 1509 2324 1582 martyris
2354 1510 2651 1569 victorias.
2678 1529 2785 1587 per
2814 1532 2923 1572 vos
2953 1518 3257 1593 hodieque
3285 1526 3592 1595 prostrati.

1927 1598 2136 1654 Manus
2167 1598 2389 1656 ardens
2416 1605 2474 1657 et
2496 1601 2706 1659 victrix
2735 1604 2939 1663 denuo
2965 1607 3051 1664 eis
3080 1611 3454 1671 ostendatur.
3483 1618 3590 1672 De-

214 1702 316 1751 νες,
370 1688 460 1736 καὶ
511 1691 599 1735 νῦν
658 1690 773 1746 ταῖς
829 1691 921 1736 τοῦ
964 1685 1225 1758 μάρτυρος
1272 1683 1323 1736 ἐν
1374 1684 1491 1757 ὑμῖν
1531 1681 1818 1760 ἀριστείαις

1931 1686 2216 1760 pingatur
2239 1689 2301 1745 in
2331 1689 2554 1753 tabella
2576 1697 2632 1749 et
2659 1695 3059 1754 certaminum
3090 1700 3407 1772 praefectus
3433 1705 3595 1763 Chri-

210 1772 579 1845 πληττόμενοι.
613 1771 896 1845 Φλεγομένη
930 1770 1081 1825 πάλιν
1122 1772 1294 1834 αὐτοῖς
1343 1775 1373 1831 ἡ
1427 1777 1549 1850 χεὶρ
1597 1778 1688 1828 καὶ
1734 1795 1816 1827 νι-

1931 1782 2058 1847 tus;
2091 1777 2189 1835 cui
2218 1778 2493 1850 gloriain
2519 1783 2741 1841 saecula
2766 1786 3147 1846 saeculorum.
3180 1796 3392 1850 Amen.

216 1868 374 1913 κῶσα
421 1856 736 1929 δεικνύσθω.
795 1859 1160 1938 Ἐγγραφέσθω
1216 1869 1289 1933 τῷ
1342 1866 1525 1917 πίνακι
1572 1868 1662 1917 καὶ
1713 1864 1740 1917 6
1790 1872 1890 1942 τῶν
1951 1865 2331 1941 παλαισμάτων
2381 1866 2708 1943 ἀγωνοθέτης
2753 1879 2988 1948 Χριστός
3014 1897 3028 1912 ·
3220 1883 3251 1941 ἡ
3317 1879 3450 1948 δόξα
3521 1885 3594 1950 εἰς

211 1952 337 2012 τοὺς
362 1949 551 2014 αἰῶνας
581 1958 680 2003 τῶν
720 1950 939 2006 αἰώνων.
972 1950 1158 2025 Ἀμήν.

216 2083 3573 2122 MM

823 2182 1064 2232 ΟΜῙΛῙΔ
1102 2175 1206 2235 ΠΥ.

574 2283 665 2348 Εἰς
689 2279 907 2360 Γόρδιον
930 2288 1024 2339 ’τὸν
1052 2282 1298 2363 μάρτυρα
1326 2285 1460 2361 (50).

292 2396 344 2451 1.
380 2396 558 2467 Νόμος
614 2388 728 2446 ἐστὶ
781 2396 977 2467 φύσεως
1027 2401 1145 2457 ταῖς
1195 2394 1474 2468 μελίσσαις
1526 2399 1598 2470 μὴ
1656 2388 1819 2450 ἀπαί-

213 2502 324 2559 ρειν
380 2491 481 2536 τῶν
537 2482 767 2557 σίμϐλων
821 2489 943 2558 πρὶν
1000 2483 1062 2536 ἀν
1118 2485 1144 2537 6
1203 2483 1450 2558 βασιλεύς
1505 2485 1673 2538 αὐτῶν
1725 2495 1819 2549 τῆς

216 2578 458 2636 πτήσεως
489 2572 853 2646 ἀφηγήσηται.
888 2573 1029 2627 Ἐπεὶ
1059 2569 1147 2627 οὖν
1178 2579 1268 2627 καὶ
1318 2579 1405 2628 τόν
1447 2575 1570 2629 λαὸν
1623 2581 1818 2652 Κυρίου

219 2656 360 2715 εἶδον
418 2671 506 2715 νῦν
559 2671 765 2739 πρῶτον
814 2660 898 2716 ἐπὶ
948 2664 1016 2715 τά
1070 2662 1286 2739 οὐράνια
1331 2666 1482 2733 ἄνθη,
1533 2668 1654 2729 τοὺς
1691 2667 1823 2741 μάρ-

217 2770 397 2827 τυρας,
456 2751 676 2821 ἐξιόντα,
741 2752 885 2814 ζητῶ
943 2756 1031 2806 τὸν
1086 2755 1336 2828 ἡγεμόνα.
1390 2760 1480 2818 Τίς
1538 2756 1563 2808 6
1605 2762 1822 2831 κινήσας

2503 2188 2797 2247 HOMILIA
2835 2192 3019 2251 XVIII.

2360 2290 2435 2350 In
2478 2293 2769 2367 Gordium
2806 2306 3160 2374 martyrem.

2005 2402 2056 2458 l.
2079 2403 2316 2459 Naturae
2331 2402 2430 2462 lex
2446 2409 2536 2462 est
2555 2406 2885 2480 apibus,ab
2909 2410 3252 2473 alvearibus
3273 2431 3396 2475 non
3427 2420 3596 2494 prius

1929 2490 2120 2563 abire,
2141 2508 2329 2567 quam
2354 2510 2459 2551 rex
2492 2511 2702 2555 earum
2742 2499 2973 2559 volatui
2994 2504 3270 2577 punierit.
3298 2490 3595 2576 Quoniam

1928 2580 2112 2653 igitur
2139 2586 2197 2639 et
2224 2583 2459 2641 Domini
2489 2587 2788 2659 populum
2818 2590 2945 2648 vidi
2991 2609 3158 2650 nunc
3199 2597 3467 2669 primum
3515 2602 3597 2659 ad

1931 2670 2203 2728 ccelestes
2228 2672 2408 2731 ﬂores
2440 2681 2728 2750 martyres
2750 2686 3092 2753 exeuntem,
3125 2702 3334 2759 quaero
3350 2690 3593 2749 ducem.

1933 2761 2077 2828 Quis
2097 2762 2418 2822 concitavit
2435 2781 2735 2837 magnum
2752 2769 2869 2828 hoc
2894 2776 3196 2832 examen?
3224 2779 3361 2851 quis
3390 2780 3599 2840 hiber-

217 2844 308 2895 τόν
333 2841 492 2895 πολὺν
522 2848 704 2895 τοῦτον
752 2840 956 2915 ἓσμόνς
1014 2848 1092 2904 τίς
1139 2846 1164 2896 6
1211 2847 1307 2904 τὴν
1343 2850 1648 2921 χειμερινὴν
1699 2867 1818 2900 κατ-

1931 2864 2077 2908 nam
2095 2853 2447 2912 maestitiam
2467 2871 2656 2914 verna
2670 2857 2971 2918 hilaritate
2984 2839 3383 2925 commutavit
3396 2870 3424 2926 ?
3444 2874 3598 2928 Nam

220 2932 402 3003 ήφειαν
454 2930 522 2992 εἰς
586 2931 793 3004 ἐαρινὴν
869 2927 1202 3007 φαιδρότητα
1273 2938 1641 3007 μεταστήσαςς
1708 2942 1818 2990 Νῦν

221 3021 324 3093 γὰρ
375 3016 442 3079 δὴ
476 3028 675 3094 πρῶτον
733 3021 759 3072 6
815 3019 955 3089 λαός,
1012 3022 1165 3075 οἱονεὶ
1215 3022 1445 3096 σίμϐλων
1501 3032 1671 3093 τινῶν,
1727 3033 1818 3086 τῆς

217 3107 414 3172 πόλεως
450 3111 819 3186 προχυθέντες,
869 3113 958 3163 τὸν
1005 3110 1286 3203 προπόλεον
1344 3117 1541 3186 κόσμον
1572 3116 1707 3186 (51),
1759 3118 1816 3168 τὸ

220 3203 405 3273 σεμνὸν
442 3207 596 3252 τοῦτο
643 3202 735 3252 καὶ
780 3198 1056 3271 πάγκαλον
1096 3209 1196 3254 τῶν
1244 3204 1520 3277 μαρτύρων
1575 3200 1813 3275 στάδιον,

214 3285 484 3363 πανδημεὶ
539 3287 933 3361 κατειλήφασιν.
1002 3287 1144 3343 Ἐπεὶ
1215 3287 1302 3344 οὖν
1373 3297 1463 3346 καὶ
1512 3293 1650 3366 ἡμᾶς
1697 3292 1818 3347 ἀνα-

215 3387 423 3439 στῆσαν
477 3381 646 3450 ἤγαγε
696 3380 755 3429 τὸ
811 3379 987 3451 θαῦμα
1035 3387 1128 3431 τοῦ
1181 3382 1466 3456 μάρτυρος,
1546 3382 1819 3457 ἐκλαθομέ-

209 3487 335 3529 νους
382 3473 475 3527 τῆς
535 3462 824 3534 ἀσθενείας,
875 3463 1030 3541 δεῦρο
1080 3462 1148 3527 δὴ
1203 3474 1293 3521 καὶ
1339 3469 1491 3523 αὐτοὶ
1544 3480 1606 3544 τῇ
1682 3474 1818 3526 κατά

213 3553 445 3629 δύναμιν
471 3561 631 3628 φωνῇ,
662 3555 767 3608 οἷόν
805 3574 910 3608 τινι
961 3557 1104 3609 ἄνθει
1144 3566 1244 3610 τῶν
1291 3566 1382 3611 τοῦ
1428 3555 1616 3634 ἀνδρὸς
1658 3563 1815 3636 ξογων

208 3641 704 3722 περιϐομϐἡσωμεν,
784 3644 908 3697 ὅσιά
988 3661 1041 3699 τε
1090 3654 1351 3709 ποιοῦντες
1393 3652 1483 3701 καὶ
1524 3656 1630 3712 τοῖς
1673 3671 1815 3728 παρ-

210 3743 367 3790 οῦσιν
440 3735 554 3808 ἅμα
617 3737 980 3808 κεχαρισμένα
1030 3755 1045 3770 ·
1132 3735 1616 3812 Ἐγκωμιαζομένου
1710 3743 1814 3816 γὰρ

211 3819 451 3892 δικαίου,
510 3821 954 3898 εὐφρανθήσονται
1000 3822 1143 3896 -λαοὶ,
1213 3827 1238 3878 ὁ
1306 3831 1461 3901 σοφός
1514 3830 1639 3902 ἡμῖν
1715 3829 1815 3905 ἀρ-

211 3918 333 3976 τίως
392 3912 532 3985 ἔλεγε
596 3911 849 3986 Σολομῶν.
907 3917 1153 3987 Καίτοιγε
1203 3915 1431 3991 ἠπόρουν
1478 3917 1594 3971 κατ’
1661 3919 1817 3994 ἐμαυ-

213 4007 318 4071 τὸν,
375 4007 429 4055 τί
474 4021 598 4056 ποτε
627 4003 732 4078 ἄρα
784 4000 1031 4076 βούλεται
1079 4011 1153 4075 τῷ
1207 4015 1565 4081 παροιμιαστῇ
1620 4013 1679 4062 τό
1738 4013 1816 4064 αἵ-

210 4111 396 4167 νιγμα.
429 4090 589 4167 Ἀρα,
621 4092 720 4159 ὅτι,
751 4092 972 4168 ῥήτοράς
1002 4111 1136 4155 τινος
1182 4095 1211 4153 ἦ
1261 4093 1587 4171 λογογράφου
1642 4094 1814 4152 δεινοῦ

218 4184 490 4244 συνθέντος
537 4181 689 4254 λόγον
732 4185 859 4254 πρὸς
902 4186 998 4241 την
1049 4188 1150 4235 τῶν
1198 4181 1489 4238 ἀκουόντων
1550 4186 1810 4263 ἔκπληξιν,
1847 4200 1892 4257 ι)
1925 4195 2290 4254 movendam
2312 4214 2450 4257 com

221 4274 339 4344 ἤχῳ
391 4274 498 4324 τινὶ
555 4269 958 4345 κεκομψευμένῳ
1011 4281 1432 4327 κατακτνποῦντι
1486 4278 1577 4338 τὰς
1637 4276 1813 4350 ἀκοὰς,

222 4361 578 4436 εὐφραίνονται
625 4363 676 4413 οἱ
714 4360 851 4429 λαοί,
883 4364 978 4421 τήν
1014 4381 1068 4415 τε
1129 4362 1327 4437 εὕρεσιν
1373 4372 1475 4417 τῶν
1521 4370 1812 4442 νοημάτων,

220 4457 308 4505 καὶ
342 4456 439 4512 τὴν
480 4447 741 4521 διάθεσιν,
781 4454 968 4505 καὶτὸ
1024 4460 1117 4513 τῆς
1169 4450 1349 4517 λέξεως
1402 4460 1665 4529 πομπικόν
1725 4464 1816 4514 καὶ

299 4579 345 4616 ³ο
375 4580 550 4637 Prov.
579 4592 733 4647 xxxx,
763 4582 821 4638 2.

296 4706 415 4791 (48),
438 4705 606 4765 Colb.
634 4701 1061 4791 primush’lADu‘c
1086 4700 1826 4791 Tingatdzzo‘ig‘ﬂarra'iaaaz

228 4780 312 4831 τόν
341 4782 586 4856 μάρτυρα
624 4778 1102 4856 ἱγκωμιαζόμενον.
1146 4779 1377 4856 Ibidem
1424 4780 1589 4838 idem
1637 4778 1829 4841 codex

229 4851 350 4932 Ταξς
396 4851 971 4932 μεγαλοπρεπεστέραις
1018 4854 1213 4932 τοίνυν.
1293 4852 1535 4932 Aberat
1562 4859 1736 4932 τοίνυν
1792 4873 1830 4913 a.

229 4919 506 4991 vulgatis.
534 4919 761 4979 Rursus
788 4919 1021 4978 ibidem
1061 4919 1225 4978 idem
1256 4923 1444 4979 codex
1486 4930 1544 4982 et
1573 4925 1672 4983 alii
1701 4927 1828 4985 duo

230 4991 393 5070 Regii
416 4997 504 5045 τόν
530 4994 596 5070 είς
621 4994 774 5070 αιξτόν
801 4993 979 5070 τξμνον,
1027 4993 1379 5070 emendate.
1415 4995 1581 5070 Alius
1627 5014 1742 5055 ms.
1771 5004 1829 5056 et

240 5059 372 5117 editi
400 5072 499 5116 τῶν
530 5064 601 5127 εἰς
629 5065 782 5119 αὐτὸν
807 5059 998 5143 ὕμνων,
1027 5069 1469 5143 corrupte._Vox
1499 5069 1659 5141 αὐτῷ,
1688 5086 1826 5143 quae

238 5146 375 5216 mox
404 5138 691 5216 sequitur,
716 5136 850 5194 non
881 5136 1000 5193 alio
1048 5136 1237 5210 quam
1276 5138 1357 5194 ad
1398 5136 1618 5197 vocem‘
1646 5136 1824 5216 ὕμνον

233 5204 429 5264 referri
458 5204 659 5265 debet.

302 5277 410 5350 (49)
446 5282 709 5356 Utraque
732 5279 913 5337 editio
939 5283 997 5335 et
1021 5281 1163 5351 Reg.
1198 5282 1502 5339 secundus
1532 5291 1594 5356 τῇ
1638 5288 1824 5339 τοιαύ-

302 5297 410 5350 μνυ)
448 5297 586 5336 υιιιει
635 5297 709 5337 ue
732 5297 913 5337 θαιιιο
939 5297 997 5335 ει
1022 5297 1163 5351 ueg.
1198 5297 1502 5339 SCCUDOUS
1532 5297 1594 5356 τῇ
1638 5304 1663 5337 τ

232 5366 360 5423 τηυ-
389 5357 529 5411 νίκη.
559 5297 672 5409 ΑῚὶί
698 5358 817 5410 tres
846 5362 995 5407 is.
1026 5356 1120 5423 τὴν
1150 5356 1464 5413 τοιαύτην...
1495 5360 1663 5414 νίκην.

300 5424 407 5496 (50)
436 5427 581 5496 Reg.
614 5425 850 5498 primus
877 5428 980 5476 Τοῦ
1001 5422 1163 5477 αὐτοῦ
1189 5424 1442 5500 ἐγκώμιον
1470 5427 1537 5489 εὶς
1558 5431 1644 5480 τὸν
1673 5428 1823 5502 ἅγιον

554 5550 731 5608 Pun.
774 5550 873 5608 Gs.
914 5551 1090 5609 XXXI.

1928 2954 2094 2996 nunc
2118 2941 2387 3013 primum
2400 2944 2664 3017 populus
2685 2962 2758 3003 ex
2778 2950 2929 3007 urbe
2951 2956 3243 3026 tanquam
3265 2972 3339 3014 ex
3350 2958 3602 3019 alveari-

1926 3027 2045 3085 bus
2068 3031 2446 3103 quibusdam
2477 3034 2704 3091 effusus
2721 3036 2801 3093 ad
2827 3038 3249 3102 suburbanum
3267 3046 3473 3119 decus,
3495 3067 3598 3108 au-

1927 3123 2177 3189 gustum
2196 3119 2313 3177 hoc
2333 3125 2393 3178 et
2414 3124 2807 3196 perpulcrum
2826 3134 3164 3204 martyrum
3184 3135 3598 3208 stadium,fre-

1926 3208 2362 3281 quentissimus
2400 3214 2703 3271 convenit.
2745 3216 2957 3292 Itaque
2997 3235 3136 3278 cum
3187 3239 3301 3281 nos
3349 3244 3596 3303 quoque

1925 3296 2217 3355 excitatos
2249 3315 2320 3356 ac
2350 3300 2673 3360 debilitatis
2703 3305 2922 3364 oblitos
2954 3308 3276 3372 adduxerit
3305 3296 3595 3393 martyr-ris

1924 3386 2324 3460 miraculum;
2356 3405 2470 3462 age
2489 3408 2635 3450 sane
2656 3399 2713 3451 et
2730 3394 2871 3468 ipsi,
2895 3414 3043 3457 voce
3073 3417 3185 3475 pro
3215 3405 3445 3465 viribus
3466 3386 3596 3467 edi-

1925 3478 2008 3544 ta,
2036 3475 2447 3537 bombitemus
2467 3484 2649 3556 quasi
2671 3484 2899 3544 circum
2924 3489 3139 3549 ﬂorem
3161 3501 3471 3565 gestorum
3486 3501 3597 3558 viri

1923 3565 2105 3636 illius,
2136 3584 2391 3643 operam
2417 3576 2476 3629 et
2496 3574 2662 3648 piam
2680 3580 3088 3639 etastantibus
3108 3592 3343 3655 gratam
3372 3606 3597 3651 navan-

1926 3657 2034 3712 tes.
2056 3658 2217 3716 Dum
2246 3659 2408 3717 enim
2448 3662 2746 3722 laudatur
2779 3671 3010 3739 justus,
3064 3674 3443 3735 laetabuntur
3483 3698 3595 3752 po-

1918 3747 2142 3860 ξιιέἱὶθ,
2172 3748 2412 3808 dicebat
2439 3752 2619 3811 nobis
2655 3757 2842 3860 modo
2873 3747 3592 3860 sapiensilleSalomon;

1933 3836 1977 3905 l
1990 3834 2105 3908 42
2129 3853 2490 3934 quamquam
2516 3844 2683 3934 apud
2698 3848 2819 3904 mei
2826 3864 2934 3922 pse
2950 3850 3392 3916 addubitabam
3408 3834 3594 3934 quid:

1922 3938 2074 3981 nam
2100 3925 2218 3984 sibi
2245 3928 2384 3987 velit
2401 3930 2517 3989 hoc
2547 3933 2813 4007 aenigma
2840 3942 3271 4013 parmmiastte.
3312 3950 3406 4007 An
3426 3925 3598 4010 dicat

1922 4013 2224 4115 populum
2245 4015 2437 4076 laetari
2460 4020 2720 4096 alicujus
2749 4027 3007 4087 rhetoris
3039 4038 3148 4090 aut
3187 4040 3447 4096 oratoris
3491 4057 3597 4115 pe-

1923 4102 2042 4173 riti,
2085 4104 2190 4178 qui
2219 4112 2561 4168 orationem
2591 4113 2672 4170 ad
2706 4115 3172 4180 admirationem
3205 4102 3596 4190 audientibus

2454 4205 2745 4276 posuerit,
2778 4224 2932 4266 sono
2951 4213 3244 4287 quodam,
3266 4234 3462 4294 eoque
3485 4222 3601 4286 ele.

1927 4284 2113 4356 genti,
2136 4301 2441 4377 auresque
2462 4284 2989 4372 circumstrepenti
3001 4319 3014 4358 :
3039 4306 3208 4377 quod
3226 4284 3449 4369 scilicet
3469 4284 3597 4373 tum

1926 4375 2359 4436 sententiarum
2372 4379 2780 4444 inventionem
2796 4392 2976 4462 atque
2990 4375 3594 4472 dispositionem,tum

1925 4462 2205 4523 dictionis
2232 4483 2529 4545 pompam
2562 4480 2744 4549 atque
2773 4462 3199 4542 harmonicum
3230 4462 3596 4554 concentum

1936 4717 2183 4806 μάρτυρα
2202 4716 2743 4806 Γὸρδιον,ῌΕ]αειςτῃ
2769 4732 3181 4806 panegyricus
3229 4738 3292 4796 ιή
3323 4748 3596 4806 sanciam

1934 4796 2597 4891 martyrem'GorgiumJ,
2613 4796 2894 4860 Aliimss:
2933 4796 3046 4890 τήν
3079 4807 3238 4891 αὐτοῦ
3265 4796 3598 4891 εἰξῦὀρὸίιέῦ

1933 4863 2024 4913 τὸν
2073 4865 2340 4990 μάρτυρα,
2390 4863 2684 4940 Εμιειὶεηι
2725 4881 3138 4949 panegyricus
3180 4884 3245 4939 in
3270 4863 3599 4947 ﬁer—(itura

1933 4948 2071 4990 mar
2100 4952 2293 4990 uram.

1932 4948 2269 4994 martyrem
2278 4978 2293 4994 ο

2007 4953 2419 5101 ῗᾷἷῖρυθέιῖιείψιθ
2451 5012 2633 5101 editio
2677 5020 3330 5101 miraremihmuaéqyov.
3379 5033 3452 5087 At
3495 5049 3602 5091 sex

1935 5075 2148 5168 saltem
2168 5075 2651 5168 φεεῖπροπόᾏεον,
2676 5094 2733 5168 e_t
2756 5089 2837 5168 ita
2869 5075 3602 5168 edererlibui‘tjetsi-prob‘e

1935 5148 2059 5253 scio
2089 5149 2208 5253 Ιοξὶ
2228 5152 2293 5208 in
2319 5148 2582 5253 vulgatis
2602 5148 2813 5217 lexieis
2831 5179 2967 5253 γρου
2984 5148 3295 5242 ﬂante,

1934 5219 2299 5319 rrézuag.‘lleg.
2333 5219 2641 5319 secundus
2673 5232 3006 5319 προπόλεωνὲ
3038 5219 3606 5319 ‘quge’s’éiibiﬁléé’ii-

1932 5296 2027 5372 eet
2064 5292 2265 5361 falsaf
2292 5304 2565 5378 nostram
2609 5292 2813 5361 tanien
2862 5292 3185 5368 scribendi
3214 5292 3516 5378 τείῖῖὅῐῖἓίιῖ
3540 5292 3608 5377 ’ἐι

1935 5378 2072 5436 ipsa
2101 5381 2351 5441 quoque
2373 5374 2719 5432 conﬁrmat.

3148 5586 3214 5643 ιε
