4098 6390
482 237 582 298 491

1861 233 1920 290 S.
1959 230 2208 288 BASILII
2245 231 2474 292 MAG!“

3755 241 3862 302 L92

475 365 625 423 mire
654 357 916 437 probat?
939 358 1053 419 Sed
1079 360 1235 416 certe
1256 359 1371 415 hoc
1395 371 1714 432 nunquam
1737 355 1974 424 dixerit,
2002 371 2142 412 cum

2256 362 2378 433 πρὸς
2417 361 2666 436 ἁρμονίαν
2704 366 3075 440 κεκροτημένον
3116 361 3537 440 ἀποδεχόμενοι;
3602 367 3670 422 Ἦ
3723 376 3856 422 τοῦ-

473 469 783 528 nusquam
805 451 909 509 tali
929 445 1168 507 dicendi
1198 465 1415 520 genere
1437 464 1584 504 usus
1611 447 1711 505 sit:
1739 464 1847 504 nec
1868 463 1979 504 nos
2005 446 2143 502 hor-

473 549 634 602 tatus
655 546 765 611 est,
793 546 858 598 ut
886 538 1230 611 magniﬁcis
1268 537 1469 594 verbis
1490 541 1549 594 et
1570 536 1906 610 splendidis
1928 535 2144 593 laudes

474 633 798 690 beatorum
845 643 1330 703 prosequamur:
1386 627 1490 701 qui
1533 627 1755 684 scilicet
1801 626 2144 699 pedestrem

477 717 805 774 dictionem
830 715 1320 786 locutionemque
1345 717 1564 769 ornatu
1587 716 1888 768 carentem
1919 709 2147 782 ubique

478 806 826 881 praetulerit.
850 805 1003 872 Quid
1025 805 1206 876 igitur
1225 807 1318 860 est
1339 803 1506 876 quod
1528 803 1716 859 dicit?
1744 801 1916 867 Quod
1941 800 2149 856 laetan-

481 901 578 954 tur
604 896 818 970 populi
840 895 1045 952 laetitia
1077 892 1448 966 spirituali,si
1473 891 1671 948 solum
1698 891 1936 961 egregia
1953 891 2151 961 justo-

480 1001 620 1043 rum
639 986 913 1043 facinora
936 988 1222 1040 revocent
1249 983 1309 1039 in
1344 981 1735 1038 memoriam:
1769 978 2152 1054 quandoqui-

483 1077 626 1134 dem
667 1077 738 1133 iis
785 1092 923 1150 quae
966 1075 1241 1142 audiunt,
1280 1074 1359 1130 ad
1391 1073 1837 1130 temulationem
1867 1069 2152 1127 imitatio-

484 1182 747 1240 nemque
775 1166 1081 1222 bonorum
1119 1163 1518 1220 inducuntur.
1562 1164 1713 1218 Nam
1752 1161 2018 1218 virorum
2048 1159 2153 1234 qui

484 1257 641 1314 bene
660 1257 723 1312 in
747 1255 1061 1328 republica
1083 1253 1307 1310 versati
1326 1249 1927 1325 sunthistoria,quasi
1941 1267 2156 1324 quam-

487 1346 632 1403 dam
657 1346 854 1402 lucem
887 1344 1145 1401 salutem
1180 1341 1599 1400 eonsecuturis
1653 1341 1826 1398 affert
1873 1339 1951 1398 ad
1990 1341 2153 1398 viam

485 1437 619 1494 vitte
639 1436 744 1491 diri
755 1435 1040 1506 gendam.
1067 1435 1446 1507 Quapropter
1465 1431 1852 1505 simulatque,
1869 1437 2155 1489 narrante

483 1526 624 1600 ipso
648 1526 890 1599 Spiritu,
914 1525 1098 1582 vitam
1124 1524 1352 1598 Moysis
1383 1523 1752 1593 audivimus,
1795 1522 1998 1580 statim
2045 1523 2156 1580 fui-

488 1631 626 1672 mus
653 1614 920 1671 aamulati
949 1614 1231 1672 virtutem
1257 1614 1390 1683 viri,
1423 1611 1645 1685 illaque
1694 1627 1938 1669 morum
1982 1627 2154 1670 man-

2253 468 2311 501 το
2341 453 2431 523 μὲν
2463 452 2556 504 οὐκ
2586 452 2645 504 ἂν
2677 451 2784 507 εἶπέ
2811 472 2934 507 ποτε
2964 455 2989 506 ὁ
3029 449 3282 528 μηδαμοῦ
3328 463 3402 526 τῷ
3448 459 3669 530 τοιούτῳ
3730 455 3861 512 εῖδει

2254 548 2353 591 τῶν
2406 540 2570 614 λόγων
2634 545 2968 618 χρησάμενος
3001 564 3014 578 ·
3065 541 3182 596 οὐδ’
3236 543 3296 597 ἂν
3343 546 3654 621 προέτρεψεν
3713 549 3857 621 ἡμᾶς

2254 639 2620 706 πανηγυρικῶς
2673 632 3018 706 ἐμπομπεύειν
3068 634 3182 706 (52)
3256 643 3362 697 τοῖς
3418 635 3701 710 ἐγκωμίοις
3755 658 3859 690 των

2257 724 2524 793 μακαρίων
2569 723 2594 773 ὁ
2642 724 2700 774 τὸ
2731 723 2886 783 πεζὸν
2933 729 3023 784 τῆς
3073 723 3249 786 λέξεως
3295 729 3385 778 καὶ
3436 728 3494 778 τὸ
3544 733 3637 788 τῆς
3689 733 3865 800 φωνῆς

2259 807 2614 864 ἀκατάσκευον
2666 819 2943 884 πανταχοῦ
2977 819 3333 888 προτιμήσας.
3389 817 3454 868 Τί
3512 812 3599 868 οὖν
3642 814 3802 886 ἐστιν,
3835 817 3864 870 ὅ

2260 918 2456 972 φησιν;
2514 899 2634 954 Ὀτι
2687 901 3046 978 εὐφραίνονται
3097 903 3212 957 λαοὶ
3265 903 3586 978 εὐφροσύνην
3634 925 3863 980 πνευμα-

2257 993 2408 1048 τικήν
2439 989 2523 1043 ἐπὶ
2553 995 2680 1065 μόνη
2716 1001 2777 1065 τῇ
2812 993 3103 1066 ὑπομνήσει
3155 1002 3254 1046 τῶν
3297 1001 3408 1056 τοῖς
3459 991 3687 1057 δικαίοις
3739 1015 3865 1049 κατ-

2261 1080 2594 1154 ωρθωμένων,
2661 1081 2726 1141 εἰς
2785 1081 2940 1143 ζῆλον
3013 1088 3104 1135 καὶ
3172 1085 3400 1157 μίμησιν
3462 1093 3562 1138 τῶν
3630 1083 3858 1158 ἀγαθῶν,

2262 1165 2346 1241 ἀφ’
2395 1168 2462 1221 ὧν
2516 1167 2820 1236 ἁκούουσιν,
2851 1169 3168 1246 ὺαγὸμενοι.
3235 1171 3293 1226 Ἠ
3345 1175 3446 1250 γὰρ
3496 1182 3596 1227 τῶν
3665 1174 3864 1228 εὐπολι-

2261 1260 2451 1311 τεύτων
2509 1256 2718 1335 ἄρδρῶν
2780 1262 2988 1338 ἱστορία
3039 1265 3145 1315 οἶόν
3196 1282 3249 1315 τι
3293 1271 3394 1336 φῶς
3418 1272 3524 1326 τοῖς
3553 1266 3865 1339 σωζομένοις

2261 1351 2387 1426 πρὸς
2416 1351 2510 1409 τήν
2535 1359 2626 1404 τοῦ
2659 1349 2781 1424 βίου
2813 1347 2938 1404 ὁδὸν
2971 1350 3190 1426 ἐμποιεῖ.
3243 1357 3386 1406 Διότι
3437 1355 3567 1427 ὁμοῦ
3611 1373 3665 1409 τε
3711 1355 3867 1415 ἠκού-

2267 1457 2427 1513 σαμεν
2469 1435 2818 1515 διηγουμένου
2849 1450 2940 1495 τοῦ
2974 1445 3270 1516 Πνεύματος
3300 1447 3386 1496 τὸν
3425 1447 3690 1508 Μωῦσέως
3722 1445 3862 1520 βίον,

2263 1533 2352 1583 καὶ
2384 1529 2530 1592 εὐθὺς
2559 1531 2694 1604 ἡμᾶς
2725 1532 2877 1594 ζῆλος
2909 1531 3113 1592 εἰσῆλθε
3143 1541 3235 1595 τῆς
3275 1531 3458 1610 ἀρετῆς
3503 1543 3597 1589 τοῦ
3650 1533 3862 1612 ἀνδρὸς,

2263 1623 2354 1672 καὶ
2395 1622 2453 1672 τὸ
2497 1627 2660 1696 πρᾶον
2707 1628 2802 1674 τοῦ
2848 1626 3043 1696 τρόπου
3094 1621 3325 1684 ζηλωτὸν
3375 1623 3580 1698 ἑκάστῳ
3625 1630 3716 1680 καὶ
3766 1644 3866 1700 μα-

488 1705 809 1762 suetudo‘-’o
850 1704 1180 1778 unicuique
1209 1703 1486 1776 optanda
1517 1701 1649 1758 visa
1679 1706 1771 1759 est
1802 1706 1982 1776 atque
2028 1701 2145 1759 lau-

2264 1711 2516 1786 καριστόν
2565 1711 2843 1784 κατεφάνη.
2895 1717 3011 1773 Τοῖς
3063 1714 3153 1786 μεν
3195 1714 3296 1790 γὰρ
3350 1713 3520 1776 οἴλλοις
3577 1714 3865 1792 ἀνθρώποις

488 1796 714 1853 danda.
750 1798 818 1853 Et
841 1795 1091 1868 quidem
1114 1811 1186 1852 ei:
1208 1795 1536 1852 verborum
1563 1792 2035 1867 ampliﬁcatione
2059 1809 2155 1850 re-

485 1885 796 1959 liquorum
814 1884 1129 1942 hominum
1151 1883 1496 1940 conﬂantur
1517 1884 1742 1954 elogia:
1768 1883 1873 1940 sed
1895 1883 2062 1957 quod
2078 1883 2157 1940 ad

486 1975 684 2047 justos
700 1975 928 2042 attinet,
946 1979 1252 2045 gestarum
1273 1990 1308 2030 a
1329 1989 1391 2030 se
1411 1990 1614 2030 rerum
1636 1974 1853 2030 veritas
1875 1973 2014 2030 satis
2035 1974 2158 2031 fue-

490 2064 568 2120 rit
592 2063 671 2120 ad
700 2064 1009 2135 egregiam
1031 2079 1242 2120 eorum
1254 2063 1568 2120 veritatem
1587 2062 2153 2119 demonstrandam.

492 2155 687 2221 Quare
702 2170 842 2210 cum
856 2153 1005 2211 vitas
1022 2169 1236 2210 eorum
1257 2153 1360 2226 qui
1375 2151 1591 2225 pietate
1613 2151 2158 2208 claruerunt.enar-

487 2245 989 2318 ramus,primum
1010 2259 1119 2317 per
1131 2259 1337 2300 servos
1359 2242 1683 2299 Dominum
1703 2242 2009 2298 aflicimus
2035 2242 2158 2312 glo-

487 2333 604 2402 ria;
629 2333 848 2390 deinde
865 2335 1062 2405 justos
1078 2331 1422 2389 testimonio
1438 2348 1649 2388 eorum
1669 2347 1806 2404 quae
1819 2331 1994 2387 nobis
2011 2337 2155 2389 nota

487 2427 629 2480 sunt
646 2421 992 2495 laudamus,
1014 2426 1321 2495 postremo
1344 2421 1641 2496 populum
1663 2425 1822 2478 recte
1854 2419 2154 2478 factorum

487 2513 795 2570 auditione
816 2513 1246 2570 exhilaramus.
1277 2512 1557 2569 Estenim
1589 2513 2040 2569 hortamentum
2073 2509 2152 2568 ad

487 2604 824 2661 castitatem
850 2604 972 2660 vita
995 2602 1337 2677 Iosephi“:
1396 2602 1860 2659 incitamentum
1902 2617 2042 2658 vero
2073 2599 2152 2660 ad

482 2693 897 2750 fortitudinem
923 2693 1174 2750 historia
1208 2691 1562 2767 Sampsonis
1594 2698 1685 2750 est
1707 2691 1776 2748 θ’.

552 2787 607 2840 2.
643 2783 850 2840 Divina
887 2781 1067 2856 igitur
1098 2781 1308 2839 schola
1334 2782 1532 2853 legem
1562 2798 1686 2838 non
1717 2781 1886 2839 novit
1927 2793 2149 2856 prisco-

479 2872 756 2931 niorum:
813 2873 920 2930 sed
968 2879 1277 2944 gestorum
1323 2865 1735 2929 testiinonium
1760 2871 1896 2929 loco
1928 2887 2150 2944 praeco-

477 2964 719 3020 niorum
747 2963 961 3030 habet;
995 2963 1226 3036 quippe
1257 2961 1425 3037 quod
1455 2968 1512 3020 ct
1540 2962 1767 3018 sanctis
1799 2961 1876 3018 ad
1902 2961 2147 3020 laudem

2266 1797 2321 1853 ἔκ
2375 1807 2466 1861 τῆς
2515 1808 2613 1853 τῶν
2654 1799 2818 1873 λόγων
2860 1800 3123 1865 αὐξήσεως
3155 1807 3464 1858 συνίσταται
3492 1807 3556 1858 τὰ
3585 1801 3819 1880 ἓγκὼμια
3846 1823 3859 1840 ·

2265 1896 2370 1951 τοῖς
2398 1885 2650 1962 ςδικαίοις
2699 1887 2758 1944 δὲ
2814 1889 2966 1967 ἀρκεῖ
3012 1901 3110 1945 τῶν
3159 1898 3531 1970 πεπραγμένων
3597 1895 3770 1958 αὐτοῖς
3829 1893 3861 1955 ἦ

2267 1978 2484 2038 ἀλήθεια
2532 1984 2658 2055 πρὸς
2710 1984 2768 2034 τὸ
2822 1978 2994 2046 δεῖξαι
3062 1983 3231 2036 αὐτῶν
3289 1988 3347 2038 τὸ
3405 1983 3717 2061 ὑπερϐάλλον
3775 1992 3867 2046 τῆς

2267 2067 2466 2144 ἀρετῆς.
2499 2068 2677 2135 Ὠστε,
2723 2072 2840 2124 ὅταν
2872 2068 3182 2146 διηγώμεθα
3227 2077 3347 2137 τοὺς
3398 2073 3548 2148 βίους
3596 2083 3698 2128 τῶν
3751 2071 3868 2129 δια·

2265 2157 2568 2232 πρεψάντων
2623 2157 2670 2210 ἐν
2733 2159 2985 2234 εὐσεϐείᾳ,
3045 2158 3332 2236 δοξάζομεν
3393 2173 3596 2238 πρῶτον
3653 2167 3740 2217 τὸν
3783 2170 3866 2218 Δε-

2269 2251 2465 2306 σπότην
2520 2245 2554 2300 δ
2561 2251 2615 2301 ιὰ
2658 2258 2756 2302 τῶν
2807 2247 3005 2303 δούλων
3035 2272 3049 2286 ο
3119 2250 3509 2327 ἐγκωμιάζομεν
3541 2250 3600 2307 δε
3628 2259 3744 2315 τοὺς
3775 2250 3810 2307 δ
3815 2275 3864 2306 ι-

2263 2341 2442 2398 καίους
2493 2335 2586 2391 διὰ
2637 2348 2733 2400 τῆς
2784 2345 3074 2416 μαρτυρίας
3147 2342 3213 2394 ὧν
3288 2346 3459 2416 ἴσμεν,
3533 2342 3863 2418 εὐφραίνομεν

2265 2423 2324 2479 δὲ
2353 2431 2473 2489 τοὺς
2503 2427 2653 2490 λαοὺς
2685 2425 2779 2482 διὰ
2824 2438 2912 2491 τῆς
2961 2428 3121 2493 ἀκοῆς
3177 2441 3277 2485 τῶν
3330 2433 3518 2488 καλῶν.
3585 2437 3861 2509 Προτροπή

2260 2517 2363 2589 γὰρ
2415 2519 2541 2592 πρὸς
2613 2521 2953 2594 σωφροσύνην
3021 2521 3047 2572 ὁ
3126 2519 3242 2593 βίος
3323 2530 3414 2574 τοῦ
3492 2520 3705 2596 Ἰωσὴφ,
3775 2525 3865 2575 καὶ

2260 2607 2386 2682 πρὸς
2417 2602 2632 2682 ἀνδρίαν
2663 2607 2992 2682 παράκλησις
3018 2611 3082 2662 τὰ
3109 2618 3202 2663 τοῦ
3251 2609 3474 2684 Σαμψὼν
3525 2607 3856 2685 διηγήματα.

2331 2789 2383 2840 2.
2426 2786 2535 2839 Οὐκ
2566 2782 2703 2840 οἶδεν
2734 2783 2823 2841 οὖν
2855 2785 3122 2862 ἓγκωμίων
3150 2790 3304 2862 νόμον
3334 2793 3392 2842 τὸ
3427 2790 3558 2844 θεῖον
3592 2784 3857 2845 διδασκά-

2257 2871 2388 2928 λεῖον
2423 2878 2548 2949 (53),
2619 2875 2744 2930 ἀλλὰ
2799 2882 2893 2937 τήν
2951 2879 3242 2955 ματρυρίαν
3315 2887 3412 2933 τῶν
3484 2883 3856 2955 πεπραγμένων

2261 2962 2368 3017 ἀντ’
2427 2963 2694 3039 ἐγκωμίων
2749 2965 3034 3040 λογίζεται,
3099 2971 3163 3030 ὡς
3210 2971 3300 3023 καὶ
3343 2977 3452 3033 τοῖς
3497 2969 3664 3042 ἁγίοις
3707 2969 3860 3046 ἐξαρ-

475 3053 756 3123 sufﬁciat,
790 3059 846 3110 et
872 3052 1383 3110 contendentibus
1417 3051 1494 3109 ad
1526 3055 1808 3108 virtutem
1841 3051 1986 3108 satis
2038 3053 2145 3110 im-

2258 3062 2454 3107 κοῦσαν
2512 3059 2637 3130 πρὸς
2693 3057 2917 3124 ἔπαινον,
2985 3062 3075 3111 καὶ
3158 3066 3265 3120 τοῖς
3334 3062 3657 3134 ὡρμημένοις
3736 3061 3864 3134 πρὸς

472 3143 693 3214 pertiat
710 3142 998 3200 utilitatis.
1024 3141 1470 3198 Prasconiorum
1493 3157 1761 3215 namque
1787 3141 1880 3197 lex
1909 3145 2017 3211 est,
2046 3158 2150 3215 pa-

471 3231 654 3289 triam
680 3232 1066 3304 investigare,
1100 3247 1291 3302 genus
1333 3248 1404 3288 ex
1439 3230 1557 3288 alto
1589 3236 1876 3304 repetere,
1910 3237 1965 3288 et
2004 3231 2148 3288 edu-

473 3321 772 3378 cationem
817 3323 1068 3379 referre:
1117 3321 1224 3377 sed
1273 3322 1368 3378 lex
1393 3326 1622 3387 nostra,
1657 3321 2143 3394 propinquorum

473 3413 778 3484 praeterita
794 3411 1283 3480 mentione,exiis
1305 3428 1441 3486 quae
1465 3413 1682 3484 cuique
1705 3413 1952 3485 propria
1984 3417 2146 3481 sunt,

473 3501 739 3574 elogium
768 3519 837 3560 ac
867 3502 1281 3560 laudationem
1313 3500 1598 3574 complet.
1652 3501 1806 3569 Quid
1839 3503 2000 3559 enim
2033 3517 2146 3573 ego

470 3594 614 3652 inde
643 3593 1021 3666 splendidior
1046 3609 1182 3648 sum
1215 3596 1271 3649 et
1300 3591 1608 3661 illustrior,
1639 3591 1688 3648 si
1717 3592 1968 3664 quando
1999 3591 2147 3648 urbs

469 3685 677 3759 gravia
701 3700 1049 3758 magnaque
1079 3683 1418 3740 certamina
1440 3681 1742 3754 sustinuit,
1769 3697 1839 3740 ac
1870 3681 2021 3739 fusis
2043 3683 2148 3738 ho-

469 3777 662 3835 stibus
694 3779 925 3850 tropaaa
953 3773 1114 3832 clara
1144 3774 1330 3832 erexit
1355 3773 1384 3830 ?
1423 3771 1572 3847 quid
1603 3777 1755 3842 tum,
1788 3773 1836 3829 si
1858 3771 2042 3830 habet
2064 3771 2144 3830 si.»

467 3872 598 3925 tum
625 3867 709 3924 ita
737 3870 1174 3940 opportunum,
1203 3869 1269 3922 ut
1299 3869 1354 3922 et
1378 3865 1440 3922 in
1485 3863 1683 3921 hieme
1721 3868 1780 3922 et
1824 3861 1887 3922 in
1935 3866 2144 3922 testate

467 3956 794 4014 commoda
824 3955 944 4012 sit?
993 3953 1169 4022 Quod
1201 3955 1249 4012 si
1275 3953 1457 4011 etiam
1505 3953 1720 4012 eadem
1763 3957 1821 4011 et
1875 3952 2143 4011 virorum

465 4046 633 4104 ferax
663 4046 758 4114 sit,
791 4049 848 4102 et
891 4044 1122 4102 alendis
1168 4043 1490 4118 pecoribus
1539 4043 1781 4113 idonea,
1835 4041 1942 4116 qui
1995 4029 2144 4100 mihi

467 4152 541 4192 ex
569 4135 640 4193 iis
669 4135 1108 4193 emolumenti?
1143 4133 1259 4192 Sed
1289 4139 1345 4192 et
1371 4149 1670 4208 equorum
1702 4133 1988 4205 gregibus
2013 4148 2144 4190 om-

465 4241 574 4282 nes
603 4241 741 4298 quaa
772 4225 886 4282 sub
919 4225 1040 4281 sole
1069 4229 1208 4282 sunt
1236 4224 1514 4296 regiones
1539 4227 1806 4296 superat.
1831 4221 1988 4290 Quid
2009 4223 2137 4280 haec

467 4320 694 4373 tantem
722 4319 978 4389 possunt
1008 4331 1119 4373 nos
1151 4313 1230 4373 ad
1249 4315 1529 4372 virtutem
1550 4311 1903 4370 hominibus
1925 4329 2140 4371 conve-

2259 3144 2444 3220 ἀρετὴν
2505 3145 2740 3222 αὐτάρκη
2814 3148 2976 3200 οὖσαν
3057 3149 3129 3212 εἰς
3211 3149 3472 3223 ὠφέλειαν.
3561 3150 3862 3224 Ἐγκωμιων

2258 3240 2472 3312 μὲνγὰρ
2513 3239 2663 3311 νόμος
2704 3234 2942 3312 πατρίδα
2991 3234 3359 3313 διερευνᾶσθαι
3388 3242 3526 3314 (54),
3587 3245 3676 3294 καὶ
3717 3245 3862 3313 γένος

2259 3324 2552 3393 ἀναζητεῖν,
2609 3331 2699 3381 καὶ
2745 3325 2956 3400 ἀγωγήν
3016 3325 3366 3401 διηγεῖσθαι·
3427 3333 3452 3383 ὁ
3507 3327 3566 3385 δε
3617 3332 3862 3404 ἡμέτερος

2257 3421 2428 3491 νόμος,
2486 3421 2604 3480 τοὺς
2655 3426 2756 3470 τῶν
2805 3422 3048 3491 γειτόνων
3099 3418 3283 3492 λόγους
3331 3423 3713 3493 κατασιγάσας,
3758 3419 3858 3473 ὄιπό

2257 3515 2357 3559 τῶν
2409 3503 2557 3560 ἰδίων
2604 3507 2826 3561 ἑκάστου
2879 3513 2972 3568 τὴν
3023 3514 3316 3586 μαρτυρίαν
3386 3510 3595 3585 πληροῖ.
3658 3510 3722 3564 Τί
3758 3511 3857 3585 γὰρ

2259 3594 2354 3669 ἐγώ
2382 3599 2527 3672 παρά
2558 3605 2711 3651 τοῦτο
2757 3602 3076 3673 σεμνότερος,
3133 3599 3176 3652 εἰ
3228 3600 3258 3658 ἡ
3319 3599 3468 3663 πόλις
3517 3601 3641 3654 ποτε
3688 3599 3856 3674 χαλε-

2256 3691 2382 3748 ποὺς
2437 3691 2528 3740 καὶ
2601 3685 2858 3761 μεγάλους
2947 3687 3148 3760 ἀγῶνας
3204 3683 3565 3761 διενεγκοῦσα,
3642 3689 3858 3764 λαμπρὰ

2255 3779 2389 3829 κατὰ
2416 3785 2515 3829 τῶν
2542 3777 2795 3850 πολεμίων
2827 3775 3081 3837 ἀνέστησε
3106 3780 3216 3851 (55)
3249 3783 3476 3852 τρόπαια
3503 3795 3517 3848 ;
3575 3782 3628 3833 τί
3682 3776 3761 3849 δὲ,
3812 3779 3858 3834 εί

2258 3866 2441 3927 θέσεως
2494 3863 2727 3940 εὐκαίρος
2774 3869 2906 3939 ἔχει,
2965 3869 3032 3931 ὡς
3097 3871 3228 3945 πρὸς
3303 3871 3542 3943 χειμῶνά
3619 3889 3675 3924 τε
3727 3865 3858 3924 εἶναι

2253 3953 2342 4008 καί
2376 3955 2515 4029 θέρος
2542 3950 2881 4025 ἐπιτηδείαν;
2945 3956 3006 4011 Εἰ
3050 3953 3109 4010 δὲ
3157 3962 3246 4012 καὶ
3288 3959 3318 4018 ἡ
3372 3958 3503 4019 αὐτή
3549 3955 3752 4034 ἀνδρῶν
3799 3962 3859 4014 τέ

2254 4043 2394 4098 ἐστιν
2435 4046 2662 4119 εὔφορος,
2714 4050 2803 4100 καὶ
2863 4045 3184 4122 βοσκήματα
3229 4053 3429 4125 τρέφειν
3485 4049 3770 4126 αὐτάρκης,
3803 4051 3860 4102 τί

2252 4155 2342 4208 μοι
2394 4133 2447 4187 ἐκ
2504 4137 2698 4188 τούτων
2753 4135 2965 4208 ὄφελος;
3023 4135 3178 4191 Ἀλλὰ
3228 4145 3319 4192 και
3373 4147 3486 4201 ταῖς
3536 4147 3636 4192 τῶν
3686 4137 3857 4192 ἵππων

2252 4222 2458 4295 ἀγέλαις
2481 4233 2576 4286 τῆς
2621 4223 2704 4298 ὑφ’
2756 4224 2887 4299 ἡλίῳ
2943 4232 3144 4302 κρατεῖ·
3192 4231 3255 4281 Τί
3311 4225 3399 4282 οὖν
3444 4231 3578 4302 ἡμᾶς
3633 4224 3859 4283 δύναται

2249 4321 2419 4366 ταῦτα
2446 4317 2540 4372 τήν
2572 4312 2892 4390 ἀνθρωπείαν
2947 4313 3133 4392 ἀρετὴν
3182 4315 3424 4391 βελτίους
3468 4325 3735 4386 ποιήσαι;
3783 4317 3856 4372 Ἦ

465 4404 732 4462 nientem
763 4407 1174 4479 promovere?
1223 4409 1314 4460 An
1341 4419 1465 4461 non
1496 4403 1677 4461 etiam
1719 4403 1771 4460 si
1828 4403 1903 4460 de
1955 4401 2137 4461 vicini

2256 4423 2349 4457 που
2376 4408 2465 4456 καὶ
2491 4405 2585 4467 τὰς
2609 4412 2700 4457 τοῦ
2739 4408 2965 4478 γείτονος
3020 4409 3167 4482 (ἧοους
3219 4409 3450 4484 κορυφὰς
3489 4403 3852 4482 διηγούμενοι,

463 4495 810 4570 cujuspiam
841 4496 1064 4553 montis
1095 4493 1517 4552 cacuminibus
1555 4493 1935 4566 disserimus,
1981 4510 2136 4568 quo-

462 4586 647 4642 modo
695 4586 890 4643 nubes
921 4586 1374 4654 transcendant,
1426 4590 1484 4642 et
1553 4601 1742 4657 quam
1784 4583 2135 4656 longissime

459 4676 846 4748 porrigantur
873 4676 936 4733 in
969 4692 1193 4744 aerem,
1227 4691 1340 4732 nos
1376 4675 1543 4748 ipsos
1581 4674 1954 4748 decipiemus
1979 4681 2131 4744 tum,

462 4781 602 4822 cum
651 4782 721 4822 ex
770 4765 862 4822 his
899 4765 1113 4823 laudes
1166 4765 1308 4823 viris
1367 4763 1810 4823 tribuerimus?
1876 4766 2131 4822 Maxime

465 4853 636 4929 143
670 4857 947 4914 omnium
975 4854 1300 4912 ridiculum
1325 4859 1437 4924 est,
1471 4859 1673 4928 spreto
1708 4870 1744 4912 a
1767 4855 1951 4926 justis
1982 4855 2129 4913 orbe

457 4949 602 5017 toto,
633 4963 744 5002 nos
783 4963 856 5002 ex
902 4946 1115 5020 paucis
1165 4961 1375 5002 eorum
1423 4962 1560 5018 quae
1609 4950 2126 5018 contempserunt,

455 5032 669 5092 laudes
722 5051 934 5094 eorum
986 5035 1314 5094 celebrare.
1364 5033 1722 5093 Recordatio
1763 5034 1945 5107 igitur
1985 5037 2128 5095 satis

533 5195 582 5235 '°
606 5199 781 5257 Num.
811 5211 875 5271 ιι,
907 5202 960 5271 3,
1037 5199 1083 5236 ⁹¹
1118 5198 1329 5257 Genes.
1360 5215 1564 5266 xxxxx,
1594 5199 1651 5254 8.

525 5361 638 5443 (52)
680 5361 844 5418 Unus
897 5361 1505 5443 cod_ex_€xr_rop1rsuttv.
1550 5358 1782 5418 Ibidem
1830 5360 1894 5419 in
1949 5359 2116 5420 Colb.

453 5434 652 5509 primo
683 5450 796 5509 pro
816 5440 1082 5509 μακαρίων
1110 5434 1327 5509 legitur
1356 5434 1541 5509 ᾁγίων.

525 5507 638 5574 (53)
674 5503 840 5562 Colb.
884 5503 1095 5562 tertius
1121 5503 1492 5562 διδασκάλιον.

521 5579 638 5648 (54)
660 5581 801 5651 Reg.
822 5578 1054 5652 primus
1077 5574 1364 5656 διερευνᾷν.
1386 5577 1572 5638 Paulo
1584 5581 1722 5652 post
1740 5577 1904 5637 idem
1921 5577 2116 5640 codex

2249 4496 2319 4557 ὡς
2347 4497 2639 4570 ὑπερνεφεῖς
2664 4498 2719 4548 τέ
2749 4496 2852 4549 εἱσι
2899 4501 2989 4550 καὶ
3042 4496 3127 4552 ἐπὶ
3181 4496 3312 4551 πολὺ
3360 4505 3452 4551 τοῦ
3503 4496 3648 4572 ἀέρος
3697 4494 3853 4552 διαν-

2249 4589 2556 4654 εστήκασιν,
2591 4585 2809 4648 ἑαυτοὺς
2839 4583 3177 4660 ἀπατήσομεν
3200 4588 3318 4659 (56)
3356 4591 3421 4650 ὡς
3467 4594 3580 4650 τοῖς
3619 4585 3853 4663 ἀνδράσι

2247 4672 2341 4729 διὰ
2369 4678 2564 4729 τούτων
2604 4675 2974 4752 ἐκπληροῦντες
3026 4679 3112 4729 τὸν
3169 4679 3417 4748 ἔπαινον;
3477 4680 3685 4733 Πάντων
3734 4677 3850 4734 ἄστὶ

2242 4767 2782 4840 καταγελαστότατον,
2832 4767 2950 4820 ὀλου
3007 4775 3100 4820 τοῦ
3143 4773 3348 4844 κόσμου
3398 4772 3544 4846 παρὰ
3586 4777 3685 4823 τῶν
3753 4765 3846 4822 δι-

2239 4863 2401 4911 καίων
2477 4858 2864 4932 ὑπεροφθέντος,
2943 4858 3078 4930 ἡμᾶς
3131 4856 3185 4922 ἕξ
3261 4859 3444 4933 ὀλίγων
3508 4869 3610 4913 τῶν
3659 4857 3848 4935 ἀτιμα-

2242 4949 2463 5001 σθέντων
2515 4945 2744 5022 πληροῦν
2803 4944 2982 5009 αὐτοῖς
3029 4948 3096 5000 τὰ
3147 4946 3402 5024 ἐγκώμια,
3461 4948 3638 5028 Ἀρκεῖ
3673 4954 3846 5005 τοίνυν

2237 5039 2267 5098 ή
2301 5041 2479 5112 μνήμη
2513 5039 2638 5113 πρὸς
2665 5035 2905 5109 ὠφέλειαν
2937 5033 3176 5114 διηνεκῆ.
3220 5037 3296 5094 00’
3348 5042 3450 5115 γὰρ
3506 5037 3574 5102 δή
3635 5039 3847 5105 ἐκείνοις

1727 5199 1775 5235 ⁰²
1805 5196 1947 5257 Jud.
1980 5215 2099 5268 xxv,
2131 5204 2162 5257 5
2192 5215 2330 5275 sqq.

2232 5358 2627 5442 διηγήσασθαι.
2654 5360 2823 5442 Alius
2835 5377 2948 5442 ms.
2976 5377 3087 5442 pro
3110 5361 3318 5439 ἀγωγήν
3338 5363 3524 5424 habet
3543 5361 3840 5442 διαγωγήν.

2331 5434 2424 5496 55)
2450 5434 2620 5488 Unus
2653 5434 2805 5492 liber
2837 5434 3007 5492 vetus
3037 5434 3250 5496 ἔστησε.

2332 5504 2610 5589 ὅθλΕίιὶῐᾷ
2636 5512 2694 5562 et
2731 5522 2890 5564 unus
2909 5524 3023 5566 ms.
3058 5507 3228 5570 ἀποιτή
3241 5529 3414 5584 σομεν.
3440 5509 3554 5569 Alii
3573 5517 3842 5587 quatuor

2231 5592 2382 5635 mss.
2426 5583 2794 5653 ἀπατήσωμεν,
