4098 6392
333 277 435 337 403

1405 272 1699 329 HOMILIA
1741 269 1810 326 IN
1854 265 2178 326 GORDIUM
2216 269 2623 327 MARTYREM.

3587 275 3695 331 494

323 407 484 480 χρεία
528 404 837 479 προσθήκης
881 400 948 461 εἰς
1000 395 1366 472 εὐδοκίμησὶν,
1417 396 1522 449 ἀλλ’
1570 395 1694 470 ἡμῖν
1737 396 1840 456 τοῖς
1880 392 1916 446 ἐι

2037 392 2212 450 fuerit
2250 399 2557 467 perpetuae
2600 394 2865 451 utilitatis
2906 395 3328 469 percipiendae.
3377 397 3494 454 Nec
3529 401 3694 457 enim

333 504 405 566 τῷ
449 493 553 568 βίῳ
598 495 858 564 ἀναγκαία
893 493 924 549 ἡ
977 494 1152 564 μνήμη
1206 485 1300 540 διὰ
1326 492 1420 546 τὴν
1450 491 1696 560 μίμησιν.
1727 493 1925 560 Ὠσπερ

333 585 433 657 γὰρ
478 590 551 654 τῷ
591 587 720 656 πυρὶ
765 580 1064 653 αὐτομάτως
1112 579 1287 630 ἕπεται
1327 580 1386 628 τὸ
1422 576 1681 649 φωτίζειν,
1717 579 1806 626 καὶ
1853 582 1926 645 τῷ

328 677 477 748 μύρω
523 677 583 724 τό
632 666 862 724 εύωδεῖνο
915 669 1050 721 οὕτω
1097 673 1186 720 καὶ
1231 673 1343 727 ταῖς
1402 663 1621 737 ἀγαθαῖς
1674 663 1926 739 πράξεσιν

333 760 625 834 ἀναγκαίως
669 759 938 812 ἀκολουθεῖ
975 763 1032 811 τό
1065 757 1334 831 ὠφέλιμον.
1389 762 1573 809 Καίτοι
1619 751 1925 808 οὐδὲτοῦτο

326 857 533 928 μικρὸν,
604 849 828 924 ἀκριϐῶς
891 856 1074 922 τυχεῖν
1148 855 1240 908 τῆς
1307 845 1545 906 ἀληθείας
1619 853 1718 897 τῶν
1785 848 1919 898 τότε.

325 941 571 1020 Ἀμυδρά
605 944 707 1017 γὰρ
753 959 830 1002 τις
871 945 1016 1014 φήμη
1059 941 1170 1011 (57)
1205 940 1331 1014 πρὸς
1366 939 1498 1010 ἡμᾶ,
1551 933 1792 1004 διεδόθη,
1833 938 1923 996 τάς

324 1032 409 1087 ἰπὶ
447 1043 546 1086 τῶν
595 1031 804 1104 ἀγώνων
853 1027 1210 1104 ἀνδραγαθίας
1252 1035 1345 1081 τοῦ
1381 1023 1567 1100 ἀνδρὸς
1611 1023 1920 1086 διασώζου-

328 1142 414 1179 σα.
451 1129 549 1178 Καὶ
575 1143 681 1184 πως
721 1119 867 1175 δοκεί
909 1125 968 1173 τὸ
999 1120 1115 1173 καθ’
1146 1121 1282 1193 ἡμᾶς
1310 1127 1382 1189 τῷ
1415 1119 1528 1190 (58)
1561 1125 1660 1170 τῶν
1707 1117 1919 1191 ζωγρά-

326 1234 426 1288 φων
457 1216 836 1290 προσεοικέναι.
891 1215 992 1264 Καὶ
1029 1213 1131 1285 γὰρ
1175 1208 1379 1276 ἐκεῖνοι,
1420 1203 1630 1259 έπειδὰν
1679 1205 1732 1270 ἐξ
1779 1207 1918 1259 εἰκό-

319 1321 414 1356 νων
468 1304 845 1380 μεταγράφωσι
908 1303 998 1361 τὰς
1047 1299 1264 1369 εἰκόνας,
1325 1296 1588 1365 πλεῖστον,
1647 1299 1712 1356 ὡς
1763 1296 1916 1362 εἰκὸς,

316 1404 416 1448 τῶν
471 1393 784 1468 ἀρχετύπων
846 1391 1310 1464 ἀπολιμπάνονταυ
1383 1393 1472 1441 καὶ
1527 1390 1682 1461 ἡμᾶς,
1755 1384 1916 1450 αὐτῆς

314 1492 404 1546 τῆς
473 1487 586 1545 θέας
646 1491 746 1535 τῶν
810 1483 1129 1556 πραγμάτων
1197 1477 1608 1551 ἀπολειφθέντας,
1675 1474 1914 1538 κίνδυνος

316 1573 376 1628 ού
452 1577 634 1648 μικρὸς
700 1575 792 1631 τὴν
855 1569 1095 1629 ἀλήθειαν
1157 1569 1466 1628 ἐλαττῶσαι.
1532 1566 1665 1619 Ἀλλ’
1729 1563 1909 1625 ἐπειδὴ

319 1664 588 1722 ἐνέστηκεν
648 1664 679 1721 ἡ
748 1663 918 1735 ἡμέρα
979 1661 1274 1732 ὑπόμνησιν
1336 1662 1565 1733 φέρουσα
1629 1659 1910 1732 μάρτυρος,

2031 485 2161 555 jam
2191 500 2344 556 opus
2384 484 2497 540 illis
2529 491 2634 553 est,
2664 489 2730 540 ut
2759 485 3076 559 quidpiam
3105 487 3256 558 ipsis
3286 488 3366 544 ad
3389 505 3697 548 commen-

2037 573 2346 630 dationem
2380 574 2632 631 accedat
2660 592 2673 629 :
2699 574 2810 631 sed
2837 574 3015 631 nobis
3044 575 3106 631 in
3135 577 3251 632 hac
3275 578 3398 634 vita
3426 595 3698 637 commo-

2033 663 2308 720 rantibus
2347 664 2423 720 ad
2470 681 2573 721 eos
2611 664 2939 722 imitandos
2976 666 3317 723 necessaria
3358 669 3692 727 recordatio

2034 758 2143 810 est.
2173 754 2706 820 Quemadmodum
2732 755 2894 812 enim
2914 756 3116 826 ignem
3137 757 3490 814 naturaliter
3509 759 3692 815 comi-

2033 847 2193 901 tatur
2232 843 2572 913 illustratio,
2613 850 2670 902 et
2700 852 3078 916 unguentum
3122 846 3323 903 bonus
3353 847 3506 903 odor
3545 864 3560 904 :
3608 848 3692 906 ita

2031 951 2278 1008 quoque
2317 935 2480 994 bona
2523 951 2708 1010 opera
2747 937 2974 995 utilitas
3013 938 3358 995 necessario
3398 938 3688 1012 sequitur.

2032 1027 2397 1098 Quanquam
2420 1043 2494 1082 ne
2510 1026 2626 1084 hoc
2641 1026 2890 1100 quidem
2911 1028 3083 1102 parvi
3098 1028 3392 1084 momenti
3409 1034 3518 1097 est,
3540 1028 3692 1086 veri-

2028 1119 2212 1172 tatem
2241 1132 2450 1173 eoruin
2479 1134 2616 1190 qum
2648 1123 2788 1174 tunc
2815 1124 2986 1189 gesta
3010 1123 3148 1175 sunt
3171 1117 3489 1190 diligenter
3517 1134 3689 1176 asse-

2027 1205 2155 1278 qui.
2197 1209 2348 1262 Nam
2386 1209 2580 1263 tenuis
2607 1207 2892 1280 quaedam
2929 1207 3114 1274 fama,
3148 1225 3273 1282 qua
3301 1209 3412 1265 viri
3435 1208 3597 1266 illius
3624 1210 3689 1267 in

2029 1297 2463 1353 certaminibus
2492 1297 2784 1371 praeclara
2813 1297 3085 1356 facinora
3113 1304 3575 1365 conservantur,
3606 1299 3688 1356 ad

2027 1399 2139 1441 nos
2171 1402 2362 1456 usque
2394 1387 2683 1458 pervenit.
2712 1392 2906 1460 Atque
2927 1388 3390 1460 quodammodo
3411 1388 3689 1446 videmur

2024 1491 2138 1531 nos
2181 1476 2512 1548 pictoribus
2543 1477 2887 1534 consimiles
2927 1493 3079 1535 esse.
3121 1477 3206 1534 1111
3246 1479 3408 1535 enim
3439 1494 3582 1535 cum
3612 1493 3688 1536 ex

2021 1564 2394 1637 imaginibus
2409 1567 2709 1638 imagines
2727 1567 3082 1640 depingunt,
3099 1568 3452 1641 plurimum,
3467 1574 3532 1626 ut
3547 1584 3688 1627 con-

1981 1711 1990 1717 .
2024 1661 2160 1725 stat,
2198 1657 2550 1714 desciscunt
2586 1658 2664 1714 ab
2695 1658 3042 1731 archetypis
3074 1675 3086 1713 :
3132 1659 3218 1716 sic
3250 1663 3308 1716 et
3349 1657 3685 1732 periculum

315 1749 568 1825 ἕπιφανῶς
609 1759 716 1812 τοῖς
766 1750 892 1825 ὑπὲρ
947 1757 1184 1824 Χριστοῦ
1232 1753 1534 1824 μαρτυρίοις
1588 1747 1910 1806 ἐναθλήσαν-

2033 1761 2146 1802 non
2185 1747 2475 1816 exiguum
2505 1753 2614 1819 est,
2645 1763 2722 1804 ne
2750 1764 2886 1819 nos,
2919 1748 3024 1821 qui
3053 1764 3150 1805 res
3187 1749 3354 1822 ipsas
3382 1765 3509 1806 non
3537 1764 3684 1806 con-

314 1859 420 1911 τος,
476 1845 692 1914 εἴπωμεν
742 1840 844 1892 ὃσα
889 1836 1127 1912 οἴδαμεν.
1174 1839 1338 1900 Οὗτος
1390 1841 1480 1910 ἔφυ
1524 1841 1614 1911 μὲν
1669 1836 1770 1890 ἀπὸ
1819 1845 1911 1900 τῆς

313 1931 502 1992 πόλεως
554 1933 762 1998 ταύτης,
828 1930 938 1982 ὅθεν
995 1933 1086 1981 καὶ
1146 1928 1335 2002 μαλλον
1389 1928 1544 1980 αὐτὸν
1608 1923 1906 2002 ἀγαπῶμεν,

315 2021 456 2077 διότι
503 2021 687 2083 οἰκεῖος
735 2023 860 2094 ἡμῖν
905 2022 930 2072 ὁ
983 2025 1177 2093 κόσμος
1226 2017 1386 2076 ἔστιν.
1436 2017 1634 2094 Ὠσπερ
1689 2021 1790 2093 γὰρ
1846 2021 1912 2071 τὰ

314 2116 549 2188 εὔκαρποι
603 2121 700 2166 τῶν
751 2118 941 2184 φυτῶν,
998 2109 1083 2170 ούς
1139 2107 1200 2162 ἀν
1254 2109 1478 2184 ἐκθρέψῃ
1537 2113 1784 2185 καρποὺς,
1843 2115 1907 2182 τῇ

313 2203 480 2276 οἰκείᾳ
528 2210 596 2276 γῇ
654 2203 1020 2277 παρατίθεται·
1073 2199 1206 2252 οὕτω
1255 2204 1345 2252 καὶ
1389 2200 1534 2261 οὗτος
1582 2197 1636 2250 ἔκ
1678 2207 1777 2251 τῶν
1825 2198 1914 2250 λα-

309 2298 474 2367 γόνων
525 2300 619 2354 τῆς
666 2291 913 2366 ἡμετέρας
949 2286 1285 2364 ἀναδραμὼν,
1336 2295 1426 2342 καὶ
1478 2293 1605 2366 πρὸς
1652 2294 1912 2362 μήκιστον

313 2383 442 2456 ὕψος
491 2390 584 2443 τῆς
632 2379 792 2444 δόξης
843 2377 1152 2452 διαναστὰς,
1200 2388 1262 2453 τῇ
1318 2378 1596 2453 ἐνεγκούση
1652 2385 1741 2432 καὶ
1793 2381 1912 2455 θρε-

311 2474 516 2548 ψαμένῃ
564 2481 664 2525 τῶν
704 2471 913 2524 ὀἰκείων
956 2479 1044 2532 τῆς
1098 2469 1354 2531 εὐσεϐείας
1400 2478 1610 2543 καρπῶν
1653 2473 1746 2528 τὴν
1788 2467 1914 2522 ἀπό-

311 2564 498 2618 λαυσιν
530 2562 850 2638 ἐχαρίσατο.
900 2561 1059 2615 Καλοί
1089 2564 1178 2634 μὶν
1207 2563 1309 2634 γὰρ
1349 2565 1438 2613 καὶ
1468 2563 1516 2613 οἱ
1545 2559 1602 2612 ἐκ
1630 2568 1720 2622 τῆς
1750 2563 1912 2637 ὑπερ-

317 2657 460 2730 ορίας
497 2656 710 2727 καρποὶ,
752 2654 870 2705 ὅταν
911 2648 1056 2712 ἡδεῖς
1094 2669 1148 2704 τε
1195 2652 1309 2722 (59)
1356 2652 1458 2704 ὦσι
1505 2655 1595 2704 καὶ
1641 2655 1908 2726 τρόφιμον

315 2743 487 2815 πολλῷ
536 2746 711 2817 μέντοι
754 2738 939 2802 ἡδίους
986 2750 1086 2792 τῶν
1135 2737 1405 2799 ἐπηλύδων
1445 2742 1494 2794 οἱ
1524 2737 1791 2813 ἡμεδαποὶ
1822 2744 1913 2794 καὶ

315 2832 587 2910 ὴχὼριοι,
637 2834 764 2908 πρὸς
813 2838 876 2905 τῇ
905 2841 907 2843 ’
935 2829 1222 2884 ἀπολαύσει
1273 2831 1345 2884 ἔτι
1401 2834 1489 2883 καὶ
1545 2829 1912 2904 καλλωπισμόν

321 2943 438 2977 τινα
473 2925 596 2997 ἡμῖν
646 2919 742 2976 διὰ
785 2929 876 2983 τῆς
925 2921 1237 2982 οἰκειότητος
1284 2921 1648 2996 χαριζόμενοι.
1701 2919 1916 2993 Ἐγκατ-

325 3013 600 3087 ειλεγμένος
675 3009 734 3066 δὲ
791 3013 904 3084 (60)
974 3017 1217 3088 στρατείᾳ
1282 3010 1534 3085 ἐπιφανεῖ,
1600 3014 1668 3073 ὡς
1735 3011 1914 3064 ἑκατόν

2022 1837 2356 1909 speximus,
2367 1839 2808 1894 imminuamus
2819 1839 3152 1895 veritatem.
3166 1843 3238 1896 At
3249 1839 3499 1912 quando
3515 1840 3688 1897 adest

2018 1923 2149 1982 dies
2174 1926 2532 1984 memoriam
2554 1926 2818 1984 referens
2841 1928 3144 2000 martyris,
3166 1926 3272 2001 qui
3291 1926 3607 2000 splendide
3621 1927 3688 1985 in

2021 2017 2146 2072 suis
2174 2033 2285 2089 pro
2335 2017 2564 2074 Christo
2613 2017 2970 2074 testimoniis
3007 2017 3354 2083 decertavit,
3397 2017 3682 2075 dicamus

2020 2122 2403 2180 quaecunque
2433 2106 2736 2164 novimus.
2770 2107 2873 2164 Hic
2910 2112 3094 2164 natus
3123 2111 3217 2164 est
3245 2122 3319 2164 ex
3342 2107 3461 2164 hac
3489 2107 3638 2164 urbe
3668 2124 3683 2176 ;

2021 2195 2182 2252 unde
2227 2196 2410 2252 etiam
2454 2211 2526 2252 eo
2556 2197 2755 2266 magis
2784 2195 2956 2253 illum
2993 2195 3306 2267 diligimus
3351 2196 3519 2270 quod
3548 2212 3686 2268 pro-

2022 2286 2221 2360 prium
2233 2286 2411 2343 nobis
2424 2291 2851 2344 ornamentum
2865 2286 2961 2344 sit.
2976 2286 3508 2352 Quemadmodum
3521 2287 3687 2346 enim

2021 2376 2248 2434 feraces
2278 2377 2527 2434 arbores
2557 2393 2661 2434 eos
2683 2393 2836 2451 quos
2866 2376 3140 2434 nutriunt
3165 2377 3398 2433 fructus
3425 2377 3684 2450 proprim

2023 2473 2194 2525 terra:
2237 2467 2438 2524 ferunt
2475 2472 2760 2541 acceptos
2793 2485 2807 2524 :
2860 2467 2944 2524 sic
2990 2467 3173 2524 etiam
3221 2467 3319 2525 hic
3357 2483 3431 2524 ex
3459 2471 3687 2524 nostra:

2021 2562 2195 2615 terrm
2220 2559 2356 2615 sinu
2377 2574 2674 2629 egressus,
2698 2563 2753 2615 et
2775 2558 2855 2614 ad
2877 2575 3184 2616 summam
3205 2558 3411 2631 gloriae
3428 2558 3688 2616 altitudi-

2023 2665 2162 2724 nem
2185 2655 2452 2719 evectus,
2473 2649 2684 2721 patrias
2705 2666 2843 2722 quas
2874 2664 2936 2704 se
2962 2649 3249 2722 produxit
3276 2665 3348 2705 ac
3379 2647 3682 2717 educavit,

2023 2737 2300 2812 proprios
2325 2738 2570 2811 pietatis
2599 2739 2830 2795 fructus
2859 2738 3025 2795 dedit
3051 2738 3362 2796 fruendos.
3388 2738 3534 2795 Boni
3553 2738 3683 2811 qui-

2024 2829 2162 2884 dem
2206 2835 2346 2884 sunt
2381 2828 2611 2884 externi
2635 2828 2817 2885 etiam
2847 2827 3103 2898 fructus,
3135 2829 3186 2885 si
3222 2835 3281 2884 et
3306 2843 3524 2885 suaves
3553 2828 3686 2886 fue-

2023 2917 2161 2981 rint,
2195 2923 2252 2974 et
2273 2916 2560 2973 alimento
2589 2916 2976 2975 abundantes
3004 2939 3018 2985 ς
3052 2917 3153 2974 sed
3188 2921 3395 2974 tamen
3425 2917 3686 2975 externis

2024 3006 2214 3063 multo
2231 3007 2626 3078 jucundiores
2649 3013 2790 3064 sunt
2817 3011 3112 3064 nostrates
3137 3023 3208 3063 ac
3229 3007 3558 3076 vernaculi,
3577 3007 3688 3082 qui

323 3111 651 3177 στρατιωτῶν
680 3099 878 3182 ,ἀρχὴν
931 3103 1296 3170 πιστευθῆναι,
1347 3105 1438 3154 καὶ
1487 3105 1726 3175 σώματος
1761 3100 1909 3176 ῥώμῃ

2033 3097 2194 3171 quod
2215 3097 2295 3154 ad
2315 3111 2427 3153 nos
2451 3097 2764 3164 attineant,
2787 3102 3004 3170 praeter
3024 3097 3386 3154 suavitatem
3402 3097 3687 3156 videntur

316 3197 405 3246 καὶ
478 3192 664 3266 ψυχῆς
729 3187 921 3266 ἀνδρίᾳ
983 3198 1090 3254 τοῖς
1154 3199 1544 3267 στρατιωτικοῖς
1607 3189 1914 3264 καταλόγοις

315 3281 605 3358 έμπρέπων.
640 3281 781 3337 Ἐπεὶ
812 3277 870 3333 δε
899 3283 1014 3353 (61)
1045 3284 1072 3334 ό
1097 3286 1214 3336 τότε
1241 3284 1486 3359 τύραννος
1513 3284 1574 3335 τὸ
1611 3283 1797 3358 πικρὸν
1822 3285 1913 3335 καὶ

313 3370 568 3448 ἀνήμερον
614 3379 706 3433 τῆς
765 3370 949 3443 ψυχῆς
1005 3375 1170 3445 μέχρι
1223 3379 1316 3426 τοῦ
1376 3372 1601 3446 πολέμου
1657 3379 1750 3434 τῆς
1801 3372 1914 3426 Ἐκ·

311 3463 534 3523 κλησίας
576 3460 805 3530 ἐξέτεινε,
849 3463 940 3514 καὶ
983 3457 1076 3534 ἦρε
1128 3468 1288 3536 χεῖρα
1339 3464 1600 3535 θεομάχον
1652 3464 1788 3514 κατὰ
1823 3470 1914 3524 τῆς

313 3551 597 3620 εὐσεϐείας,
629 3553 945 3628 κηρύγματα
992 3547 1052 3603 δε
1096 3547 1157 3609 ἧν
1187 3559 1487 3624 πανταχοῦ,
1521 3555 1610 3605 καὶ
1641 3547 1912 3626 διαγράμ-

309 3661 454 3718 ματα
510 3641 717 3702 ἣπλωτο
772 3644 909 3694 κατά
952 3647 1128 3695 πᾶσαν
1178 3639 1372 3716 ἀγορὰν
1411 3646 1502 3695 καὶ
1545 3644 1712 3695 πάντα
1755 3646 1912 3695 τόπον

311 3733 594 3808 ἐπίσημον,
646 3735 719 3806 μὴ
751 3734 1166 3808 προσκυνεῖσθαι
1209 3735 1465 3806 Χριστόν,
1498 3733 1527 3792 ἦ
1583 3734 1798 3784 θάνατον
1837 3728 1913 3784 εἷ-

309 3843 397 3878 ναι
437 3826 532 3883 τήν
596 3822 792 3896 ζημίαν
852 3827 964 3885 τοῖς
1022 3828 1401 3897 προσκυνοῦσι·
1457 3825 1549 3875 καὶ
1594 3825 1915 3895 πρόσταγμα

313 3911 374 3974 ἧν
435 3914 749 3968 ύποκύπτειν
815 3909 1048 3975 εἰδώλοις
1121 3913 1370 3982 ἅπαντας,
1433 3917 1525 3966 καὶ
1587 3911 1759 3974 λίθους
1823 3915 1914 3967 καὶ

311 4003 442 4070 ξύλα
493 4005 811 4082 χαράγματι
873 4005 1069 4076 τέχνης
1131 4005 1509 4079 μεμορφωμένα
1566 4003 1709 4066 θεοὺς
1772 4003 1915 4076 ἡγεῖ-

315 4097 461 4161 σθαι,
529 4095 560 4154 ἢ
629 4097 752 4155 τοὺς
812 4096 885 4167 μὴ
941 4095 1275 4167 πειθομένους
1329 4094 1562 4165 πάσχειν
1628 4091 1909 4152 ἀνήκεσταο

314 4187 580 4259 σύγχυσις
626 4179 687 4238 δε
733 4178 795 4243 ἧν
833 4185 923 4237 καὶ
957 4186 1171 4260 ταραχὴ
1215 4179 1309 4237 διὰ
1348 4185 1528 4247 πάσης
1560 4189 1652 4246 τῆς
1701 4183 1910 4252 πόλεως,

311 4278 401 4328 καὶ
477 4272 756 4333 λεηλασίαι
823 4274 961 4328 κατὰ
1024 4281 1125 4327 τῶν
1187 4271 1534 4328 εὖσεϐούντῶν
1577 4292 1592 4308 ο
1655 4277 1915 4350 χρήματα

313 4359 660 4438 διηρπάζετο,
709 4359 941 4436 πληγαῖς
998 4363 1068 4416 τά
1128 4369 1230 4416 τῶν
1287 4361 1644 4436 φιλοχρίστων
1696 4368 1917 4438 σώματα

2025 3188 2228 3245 adhuc
2257 3186 2443 3243 decus
2473 3186 2790 3260 quoddam
2811 3186 2988 3243 nobis
3014 3191 3071 3243 et
3089 3192 3520 3245 ornamentum
3544 3203 3686 3246 con-

2025 3277 2198 3334 ferre.
2233 3277 2372 3334 Erat
2392 3281 2596 3333 autem
2621 3275 2849 3333 militias
2879 3276 3206 3350 ascriptus,
3237 3277 3300 3333 in
3329 3293 3455 3350 qua
3480 3277 3686 3336 locum

2023 3367 2323 3438 insignem
2345 3368 2561 3435 tenuit;
2585 3367 2669 3423 ita
2694 3371 2758 3424 ut
2777 3366 3068 3424 militibus
3089 3371 3331 3424 centum
3355 3371 3514 3425 esset
3536 3383 3686 3442 prmo

2025 3455 2235 3528 fectus,
2253 3457 2643 3530 corporisque
2664 3456 2880 3512 robore
2909 3461 2966 3513 et
2993 3457 3180 3514 animi
3207 3457 3554 3515 fortitudine
3590 3457 3686 3516 in-

2025 3551 2113 3603 ter
2150 3547 2438 3603 militares
2470 3547 2711 3602 ordines
2758 3547 3032 3604 clareret.
3069 3549 3222 3604 Cum
3263 3549 3446 3618 igitur
3481 3552 3687 3621 tyran-

2025 3653 2143 3694 nus
2171 3637 2276 3711 qui
2320 3643 2464 3694 tunc
2493 3637 2854 3710 imperabat,
2885 3638 3353 3696 amaritudinem
3384 3639 3575 3696 animi
3598 3645 3685 3698 at-

2024 3742 2144 3800 que
2160 3726 2575 3784 crudelitatem
2601 3743 2795 3800 usque
2821 3728 2901 3784 ad
2928 3727 3198 3784 Ecclesia:
3217 3728 3448 3785 bellum
3475 3733 3684 3787 exten-

2027 3818 2212 3886 deret,
2248 3817 2597 3890 tolleretque
2635 3819 2927 3874 adversus
2957 3819 3240 3891 pietatem
3270 3834 3528 3877 manum
3560 3819 3683 3877 Deo

2024 3907 2351 3976 infensam,
2383 3913 2442 3964 et
2468 3907 2925 3964 denuntiaretur
2962 3909 3192 3982 ubique
3239 3925 3310 3966 ac
3353 3909 3686 3968 ediceretur

2027 3999 2090 4056 in
2121 3999 2288 4056 omni
2309 3998 2440 4054 foro
2470 4003 2526 4055 et
2541 3998 2603 4054 in
2620 3999 2786 4054 omni
2809 3998 2944 4056 loco
2965 3997 3204 4071 insigni,
3223 4004 3287 4056 ut
3305 4014 3382 4056 ne
3402 3999 3684 4056 adorare-

2025 4095 2127 4148 tur
2148 4091 2439 4158 Christus,
2464 4089 2736 4163 alioquin
2755 4094 2948 4146 morte
2972 4092 3374 4148 multarentur
3393 4091 3682 4163 cultores;

2027 4196 2288 4254 cumque
2330 4185 2699 4253 praeceptum
2755 4184 2930 4244 esset,
2981 4186 3048 4236 ut
3093 4195 3305 4238 omnes
3362 4180 3687 4241 adorarent

2029 4271 2214 4338 idola,
2246 4270 2665 4343 haberentque
2695 4285 2806 4343 pro
2837 4270 2954 4326 diis
2981 4269 3214 4344 lapides
3253 4275 3310 4328 et
3344 4270 3514 4342 ligna
3539 4271 3686 4328 artis

2028 4361 2314 4419 caelatura
2340 4360 2738 4429 conformata,
2762 4359 3031 4433 alioquin
3058 4360 3108 4416 si
3129 4361 3411 4434 quidicto
3437 4361 3686 4418 audien-

311 4451 656 4523 κατεξαίνετο,
710 4459 952 4528 γυναῖκες
1002 4451 1225 4507 εἰλκοντο
1282 4448 1379 4506 διὰ
1432 4455 1596 4526 μέσης
1655 4460 1746 4514 τῆς
1800 4453 1916 4525 (62)

2033 4455 2118 4510 tes
2147 4467 2271 4508 non
2300 4454 2523 4520 essent,
2565 4449 2894 4524 perferrent
2922 4450 3320 4508 intolerabilia
3352 4469 3366 4520 ;
3407 4466 3547 4507 cum
3576 4452 3684 4508 de-

307 4542 518 4607 πόλεως·
560 4542 622 4599 οὐ
672 4547 849 4608 νεότης
911 4541 1120 4613 ἄλεεινὴ,
1177 4541 1238 4598 ού
1285 4549 1458 4620 γῆρας
1509 4538 1784 4618 αἰδέσιμον
1832 4539 1916 4602 ἦν’

2033 4543 2218 4616 nique
2257 4540 2724 4598 confunderetur
2760 4539 3226 4613 turbareturque
3254 4540 3462 4599 civitas
3506 4539 3683 4614 144

383 4721 702 4800 _I_llu_d,
730 4718 975 4800 Ἀμυδρά
1001 4723 1104 4800 γάρ
1134 4739 1212 4785 τις
1235 4725 1410 4800 φήμη,
1438 4725 1573 4790 elc.,
1606 4721 1688 4779 ita
1719 4720 1923 4800 Latine

313 4795 580 4854 reddidit
623 4795 918 4870 interpres
947 4795 1140 4863 vetus,
1171 4795 1320 4870 nam
1351 4795 1604 4852 obscura
1642 4796 1922 4870 quadarn

311 4871 489 4940 fama
517 4870 638 4926 viri
668 4867 852 4940 hujas
879 4870 1192 4939 praeclara
1223 4869 1400 4938 facta
1430 4883 1809 4940 conservans,
1839 4867 1920 4940 ad

314 4939 422 4996 nos
444 4955 629 5013 usque
661 4939 861 4998 venit:
882 4956 1021 5013 qua
1061 4939 1124 4998 in
1151 4939 1646 5013 interpretatione
1675 4955 1791 5013 vox
1822 4939 1918 4994 ob-

316 5009 614 5083 scuraz'ut
637 5027 849 5069 verum
870 5009 1085 5082 fatear,
1117 5011 1266 5068 mihi
1295 5009 1462 5067 nullo
1488 5009 1674 5067 modo
1700 5010 1914 5083 placet.

321 5083 470 5161 13am
490 5055 558 5136 fit
575 5097 696 5161 non
716 5055 874 5161 raro,
897 5090 962 5140 ut
981 5055 1149 5157 qubd
1169 5083 1466 5161 o_b_cu_ru_m
1487 5087 1593 5161 est,
1616 5055 1739 5138 hoc
1755 5083 1918 5161 idem

320 5151 575 5227 dubium
623 5156 698 5212 sit
726 5162 784 5213 et
821 5151 1137 5212 incertum.
1187 5155 1282 5211 Sic
1327 5154 1507 5226 igitur
1542 5154 1919 5227 interpretari

317 5224 544 5298 malim,
566 5243 709 5283 nam
735 5228 930 5284 tenuis
945 5228 1224 5298 quaedam
1247 5224 1442 5296 fania,
1469 5242 1590 5298 qua
1612 5224 1729 5282 υίνῖ
1751 5227 1919 5282 illius

313 5297 617 5370 incertam
627 5300 718 5355 ini
723 5301 827 5356 bus
834 5297 1144 5370 praeclara
1157 5300 1442 5370 facinora
1461 5297 1917 5370 conservantur,

314 5369 533 5444 adnos
577 5385 769 5444 usque,
791 5368 1081 5443 pervenit,
1116 5368 1181 5427 ut
1210 5369 1467 5444 Basilius
1492 5368 1607 5425 hoc
1633 5369 1814 5436 dicat,
1844 5385 1920 5444 ne

313 5440 578 5497 defuisse
628 5439 903 5516 quidém_
932 5447 1083 5516 tum,
1116 5441 1785 5516 cum__concionaret_ur,
1817 5439 1922 5513 qui

311 5527 449 5586 qum
471 5513 748 5571 narra—ret
767 5519 824 5571 et
848 5513 1143 5586 vidissent
1159 5513 1560 5586 audivissent:
1587 5513 1697 5586 sed
1714 5519 1922 5586 tamen

315 5584 660 5660 perpaucos
683 5586 1036 5660 superstites
1065 5585 1248 5642 fuisse
1269 5585 1349 5642 ob
1374 5585 1664 5660 temporis
1696 5584 1925 5660 diutur-

311 5656 589 5730 nitatem,
602 5673 741 5732 quae
760 5656 1058 5732 effecerat,
1072 5662 1138 5716 ut
1151 5672 1295 5731 pars
1313 5656 1585 5718 maxima
1604 5656 1772 5716 senio
1786 5671 1923 5715 con-

2030 4721 2172 4795 fecti
2213 4721 2343 4795 jam
2373 4720 2754 4795 interiissent.
2791 4719 2893 4777 Illa
2930 4718 3111 4790 igitur
3152 4718 3321 4795 fama
3365 4717 3684 4795 dicebatur

2030 4791 2267 4872 ἀμυδρά,
2298 4810 2424 4850 non
2461 4793 2625 4872 quod
2672 4793 2935 4872 obscura
2963 4797 3122 4872 esset
3151 4798 3254 4848 aut
3290 4792 3538 4872 incerta,
3571 4791 3682 4872 sed

2030 4864 2197 4938 quod
2235 4864 2574 4939 paucorum
2614 4866 2852 4923 testium
2909 4864 3288 4922 oculatorum
3338 4864 3681 4921 testimonio

2027 4939 2333 4996 niteretur.

2103 5013 2216 5080 (58)
2253 5010 2344 5066 Sic
2383 5025 2534 5065 mss.
2563 5006 2756 5066 multi.
2791 5007 2944 5064 Editi
2971 5024 3113 5065 vero
3144 5010 3208 5062 τὰ
3237 5005 3353 5061 καθ’
3385 5007 3526 5081 ἡμᾶς
3553 5011 3678 5070 τοῖς.

2030 5084 2391 5156 Statim_t_res
2419 5099 2584 5156 mss.
2611 5085 3024 5156 μεταγράφουσι.

2103 5157 2216 5224 (59)
2240 5154 2333 5209 Sic
2368 5170 2517 5208 mss.
2551 5151 2696 5209 duo.
2723 5151 2959 5225 _\'"oc'ula
2987 5172 3040 5205 τε
3069 5152 3273 5208 deerat
3300 5152 3362 5209 in
3396 5151 3681 5225 vulgatis.

2099 5222 2694 5352 (60)Ἐγκατειλεγμένος
2709 5222 2786 5280 δέ.
2805 5225 3218 5297 Supplendum
3234 5222 3686 5294 annotandum-

2099 5296 2188 5352 iei
2215 5296 2320 5352 lud
2345 5314 2476 5352 esse
2498 5298 2897 5352 redditionem
2923 5297 3104 5352 liuius
3136 5298 3490 5352 commatis:
3517 5297 3684 5352 Οὗτος

2032 5296 2151 5370 que
2171 5296 2320 5352 illud
2345 5314 2476 5370 esse
2498 5296 2898 5370 redditionem
2923 5297 3104 5367 hujus
3136 5298 3490 5370 commatis;
3517 5297 3684 5370 Οὗτος

2032 5368 2124 5496 ἓν
2173 5372 2354 5442 μένω,
2393 5369 2766 5426 intermediis
2796 5384 2903 5441 per
2939 5368 3332 5442 parenthesin
3371 5369 3684 5443 appositis.

2081 5457 2185 5496 mr.
2961 5457 2968 5462 -

2081 5457 2185 5496 Dl'l‘.
2961 5457 2968 5462 ’

2105 5509 2578 5585 (61)Ες1111ἒπειὸὴ
2601 5513 2824 5585 61111118
2845 5525 2960 5568 ms.
2976 5509 3084 5565 ἐπεὶ
3103 5507 3162 5564 δὲ
3184 5513 3229 5569 ό.
3246 5511 3406 5568 Alius
3423 5509 3530 5585 Errat
3549 5507 3618 5570 δη
3639 5511 3686 5568 ό.

2105 5581 2224 5658 (62)
2246 5584 2439 5641 Editio
2462 5585 2654 5642 Paris.
2688 5581 2782 5640 διὰ
2809 5586 2982 5645 πάσης
3011 5591 3121 5645 τῆς.
3154 5587 3390 5642 Veteres
3416 5583 3692 5658 quinque

2033 5653 2172 5714 libri
2195 5653 2290 5712 διὰ
2312 5661 2479 5730 μέσης
2507 5664 2621 5720 τῆς.
