4098 6384
396 279 501 332 495

1784 251 1844 306 S.
1873 243 2123 304 BASILII
2151 243 2369 301 MAGNI

3651 235 3755 297 496

395 402 542 464 tota,
584 393 789 468 piique
818 389 1022 445 essent
1054 381 1278 459 praedae
1310 377 1588 455 expositi,
1648 374 2052 447 diriperentur

2177 368 2262 420 ιλλ’
2311 368 2361 420 οἱ
2411 360 2576 440 μηδὲν
2616 359 2913 422 ἀδικοῦντες
2960 362 3026 413 τὰ
3066 367 3174 419 τῶη
3213 362 3517 435 κακούργων
3557 361 3755 434 ὑπέμε-

2316 455 2329 468 !
2631 455 2654 468 Ψ
2794 454 2804 468 ι
2874 448 2895 468 ἢ
3014 458 3034 468 ιν
3093 455 3104 467 ο
3279 453 3301 466 σο
3524 447 3545 464 τ’
3743 452 3754 464 α

396 462 913 564 pecunia—plagis
942 475 1378 532 dilaniarentur
1400 482 1658 542 corpora
1681 462 2050 521 Christiano-

396 554 557 645 rum,
589 554 967 632 traherentur
995 564 1277 621 mulieres
1301 576 1410 635 per
1424 557 1690 616 mediam
1713 554 2047 614 civitatem;

398 672 527 726 tum
544 665 831 738 juventus
851 674 974 715 non
996 653 1338 713 concitabat
1361 645 1862 711 misericordiam,
1884 640 2054 698 nulla

400 753 721 815 senectutis
750 746 1083 807 reverentia
1111 748 1260 808 erat,
1304 740 1410 797 sed
1453 738 1560 813 qui
1602 735 1754 793 nihil
1798 731 2056 790 admise—

398 851 539 906 rant
567 841 732 911 mali,
764 837 1178 897 maleﬁcorum
1199 831 1488 889 subibant
1511 824 1824 900 supplicia.
1856 824 2057 892 Angu-

405 937 481 993 sti
510 938 682 992 erant
700 943 991 996 carceres,
1013 926 1264 982 desertae
1295 923 1466 978 erant
1485 917 1708 974 domus
1731 911 2052 987 opulentae,

404 1024 759 1084 solitudines
795 1018 1025 1076 refcrtre
1072 1012 1365 1088 profugis.
1415 1008 1650 1065 Crimen
1691 1008 1892 1061 autem
1928 1000 2061 1057 haec

401 1113 788 1174 tolerantium
819 1112 942 1166 erat
970 1106 1183 1180 pietas.
1216 1105 1281 1157 Et
1310 1104 1481 1173 pater
1508 1094 1806 1170 prodebat
1845 1091 2060 1156 ﬁlium,

404 1210 461 1263 et
485 1208 721 1278 patrem
749 1199 909 1255 filius
936 1192 1249 1253 indicabat
1275 1207 1288 1245 :
1318 1189 1536 1245 fratres
1572 1185 1634 1240 in
1664 1184 1876 1241 fratres
1902 1180 2062 1236 fure-

402 1272 576 1362 bant,
609 1297 666 1348 et
689 1288 840 1347 servi
861 1288 920 1343 in
941 1283 1222 1341 dominos
1248 1294 1391 1335 suos
1419 1273 1838 1345 insurgebant.
1866 1272 2062 1341 Atque

404 1385 537 1440 dira
577 1379 864 1455 qusedam
894 1390 1017 1432 nox
1048 1387 1241 1443 genus
1270 1366 1590 1425 hominum
1620 1364 1701 1419 ita
1736 1361 2060 1426 invaserat,

405 1478 489 1541 ut,
522 1446 757 1537 omnes,
791 1463 1039 1546 diabolo
1071 1461 1151 1517 ad
1178 1456 1485 1515 insaniam
1504 1453 1806 1523 adigente,
1829 1465 1892 1506 se
1916 1446 2065 1505 invi-

403 1578 535 1619 cem
559 1539 929 1631 ignorarent.
954 1549 1354 1607 Diruebantur
1379 1545 1539 1602 aedes
1560 1538 1925 1615 precationis
1946 1552 2065 1593 ma-

401 1628 981 1720 nibus'impiorum,
1034 1638 1459 1697 evertebantur
1495 1631 1726 1702 altaria,
1783 1644 1896 1685 nec
1936 1628 2066 1683 erat

2154 479 2259 525 νον,
2310 455 2707 530 ἐπενοχωρεῖτο
2751 454 2818 505 τὰ
2861 448 3225 526 δεσμῶτὴρια,
3276 453 3464 526 ἔρημοι
3518 447 3653 509 ἦσαν
3708 452 3758 504 οἱ

2159 547 2520 619 εύθηνούμενοι
2564 550 2662 596 τῶν
2704 545 2878 610 οἴκων,
2923 542 2979 594 αί
3036 536 3096 594 δε
3152 538 3364 615 ἐρημίαι
3400 540 3617 618 πλήρεις
3656 550 3757 596 τῶν

2161 632 2610 711 φυγαδευομένων·
2663 631 2898 705 ἔγκλημα
2940 627 3000 684 δε
3048 626 3110 689 ἦν
3148 638 3254 691 τοίς
3296 638 3465 684 ταῦτα
3509 633 3757 705 πάσχου-

2164 745 2248 779 σιν
2299 726 2329 784 ἡ
2386 722 2642 795 εὐσέϐεια,
2688 724 2779 774 καὶ
2834 723 3007 795 πατὴρ
3065 714 3360 795 παρεδίδου
3417 718 3612 790 παῖδα,
3668 727 3760 777 καὶ

2162 818 2363 889 πατέρα
2404 816 2512 875 υίὸς
2550 814 2886 885 κατεμήνυεν,
2933 807 3148 883 ἀδελφοὶ
3181 809 3296 863 κατ’
3342 809 3571 870 ἀλλήλων
3614 811 3762 886 ἕμαί-

2163 924 2330 973 νοντο,
2396 908 2486 957 καὶ
2553 898 2734 955 δοῦλοι
2796 897 3078 960 δεσπόταις
3135 899 3329 954 ἑαυτῶν
3395 900 3757 958 ἐπανίσταντο·

2167 991 2310 1053 δεινὴ
2362 990 2423 1046 δέ
2468 1012 2548 1056 τις
2576 992 2669 1055 νύξ
2696 990 2988 1064 κατειλήφει
3029 992 3116 1043 τὸν
3162 989 3299 1063 βίον,
3344 994 3544 1046 πάντων
3579 992 3764 1067 ἀγνοη-

2171 1086 2368 1137 σάντων
2409 1081 2654 1143 ἀλλήλους
2706 1079 2761 1134 ἑκ
2797 1088 2887 1141 τῆς
2923 1087 3016 1133 τοῦ
3057 1077 3305 1135 διαϐόλου
3346 1081 3759 1158 φρενοϐλαϐείας·

2168 1171 2532 1226 κατεϐάλλοντο
2585 1173 2675 1244 μεν
2727 1170 2863 1223 οἶκοι
2907 1178 3215 1245 προσευχῆς
3271 1171 3371 1225 ὑπὸ
3418 1181 3613 1248 χειρῶν
3670 1171 3767 1227 ἀν-

2170 1268 2350 1327 οσίων,
2382 1261 2680 1337 ἀνετρέπετο
2730 1257 2789 1314 δὲ
2826 1262 3204 1337 θυσιαστήρια,
3244 1267 3335 1316 καὶ.
3373 1263 3468 1316 οὐκ
3512 1262 3575 1323 ἦν
3602 1284 3769 1339 προσ-

2171 1354 2304 1427 φορὰ
2348 1349 2472 1405 οὐδε
2519 1354 2777 1424 θυμίαμα,
2837 1349 2897 1403 ού
2950 1352 3067 1422 (63)
3107 1356 3264 1415 τόπος
3317 1362 3410 1407 τοῦ
3462 1364 3765 1431 καρπῶσαι,

2171 1440 2299 1495 ἀλλά
2333 1447 2591 1514 κατήφεια
2637 1437 2807 1508 δεινὴ,
2851 1441 3027 1514 ὥσπερ
3083 1461 3160 1503 τις
3216 1443 3417 1515 νεφέλη,
3474 1448 3542 1498 τὰ
3596 1447 3770 1499 πάντα

2170 1537 2433 1604 κατεῖχεν·
2495 1528 2812 1588 ἀπελήλαντο
3006 1533 3057 1583 οί
3106 1539 3199 1585 τοῦ
3241 1533 3380 1586 θείου
3436 1535 3765 1610 θεραπευταὶ,

2172 1616 2452 1679 διεπτόητο
2501 1616 2559 1672 δὲ
2597 1626 2695 1681 πᾶς
2738 1627 2800 1678 τῆ
2814 1640 2834 1682 ς
2872 1618 3135 1684 εὐσεϐείας
3184 1623 3385 1694 Θίασος,
3426 1619 3668 1698 δαίμονες
3711 1622 3771 1679 δί

402 1703 794 1803 oblatioulla,
815 1703 1020 1805 neque
1036 1728 1299 1797 sufﬂtus,
1318 1741 1445 1782 non
1464 1723 1634 1780 locus
1659 1715 2062 1787 sacriﬁcandi,

2177 1714 2538 1784 κατεχόρευον,
2594 1713 2836 1769 κνίσσαις
2882 1703 2973 1763 καὶ
3014 1712 3207 1783 αῖμασι
3263 1712 3331 1764 τὰ
3385 1714 3557 1766 πάντα
3610 1733 3771 1767 κατα-

404 1830 513 1887 sed
542 1827 774 1885 tristitia
803 1825 1018 1896 ingens
1052 1818 1219 1876 velut
1245 1814 1467 1873 nebula
1494 1811 1781 1886 quaedam
1809 1821 2066 1880 occupa-

402 1921 513 1979 bat
545 1917 776 1985 omnia,
826 1912 1203 1984 fugabantur
1251 1904 1526 1963 Numinis
1557 1901 1835 1970 cultores,
1866 1896 2066 1955 omnis

404 2011 628 2067 chorus
666 2004 904 2080 pietatis
952 2005 1081 2058 erat
1106 2000 1527 2055 consternatus
1560 2010 1574 2050 :
1621 1990 1732 2048 sed
1754 1989 2067 2046 daemones

405 2077 842 2173 tripudiabant,
874 2089 1196 2149 nidoribus
1225 2103 1299 2143 ac
1339 2083 1637 2156 sanguine
1666 2080 1876 2138 omnia
1903 2077 2068 2135 coin-

404 2189 751 2263 quinantes.
782 2186 947 2240 Tunc
987 2185 1268 2237 strenuus
1292 2175 1390 2231 ille
1419 2173 1529 2245 vir,
1563 2173 1946 2228 antevertens
1966 2167 2066 2239 ju-

402 2279 702 2335 diciorum
749 2270 1194 2337 necessitatem,
1245 2264 1480 2336 abjecto
1527 2259 1770 2332 cingulo
1812 2257 2067 2316 extorris

403 2372 547 2425 erat.
577 2368 787 2439 Spreto
816 2361 997 2432 igitur
1024 2356 1407 2428 magistratu,
1441 2357 1645 2425 spreta
1665 2349 1879 2423 gloria,
1904 2362 2070 2421 spre-

403 2458 479 2515 tis
518 2438 742 2512 divitiis
772 2450 969 2509 omnis
1000 2446 1255 2519 generis,
1287 2440 1671 2517 propinquis,
1715 2439 1952 2507 amicis,
1981 2438 2067 2494 fa-

404 2546 608 2612 mulis,
633 2542 862 2600 deliciis
883 2540 1036 2605 vitae,
1067 2535 1336 2608 reliquis,
1356 2547 1619 2606 quorum
1641 2529 1844 2586 studio
1870 2527 2066 2584 homi-

405 2653 515 2694 nes
546 2638 844 2698 tenentur,
871 2629 950 2684 ad
970 2622 1476 2701 profundissimas
1504 2637 1573 2678 ac
1592 2618 1944 2676 hominibus
1960 2616 2070 2673 im-

407 2725 647 2801 pervias
699 2718 1056 2778 solitudines
1095 2712 1386 2784 confugit,
1426 2715 1627 2767 actam
1673 2724 1815 2766 cum
1859 2706 2071 2764 bestiis

406 2796 599 2872 vitam
623 2811 909 2869 societate
946 2804 1403 2864 idololatrarum
1431 2800 1661 2857 ducens
1694 2796 2070 2855 mansuetio-

408 2919 560 2971 rem,
582 2900 850 2958 imitatus
869 2896 1120 2953 zelotem
1140 2893 1354 2961 Eliam,
1375 2889 1641 2964 quicum
1661 2885 2071 2944 idololatriam

2170 1803 2480 1873 μιαίνοντες·
2520 1801 2637 1851 τότε
2674 1799 2701 1850 ὁ
2738 1805 2966 1871 γενναῖος
3011 1802 3129 1870 (64)
3160 1800 3311 1863 οὗτος
3355 1801 3623 1877 προλαϐὼν
3672 1808 3767 1862 τὴν

2173 1888 2231 1942 ἐκ
2286 1897 2387 1942 τῶν
2445 1885 2806 1962 δικαστηρίων
2873 1886 3127 1960 ἀνάγκην,
3194 1890 3354 1964 ῥίψας
3412 1895 3507 1951 τὴν
3577 1893 3766 1963 ζώνην,

2172 1980 2440 2055 ὑπερόριος
2506 1975 2588 2047 ἦν,
2648 1975 2910 2054 ὑπεριδὼν
2973 1975 3304 2049 δυναστείας,
3369 1979 3631 2056 ὑπεριδὼν
3682 1980 3773 2037 δό-

2174 2069 2284 2138 ξης,
2332 2068 2558 2122 πλούτου
2606 2065 2967 2138 παντοδαποῦ,
3020 2074 3336 2142 συγγενείας,
3395 2072 3572 2145 φίλων,
3641 2073 3773 2127 οἰκε-

2172 2167 2296 2229 τῶν,
2346 2157 2683 2222 ἀπολαύσεως
2726 2156 2869 2232 βίον,
2918 2160 3123 2213 πάντων
3186 2161 3289 2214 ὅσα
3331 2159 3618 2237 ἀνθρώποις
3661 2163 3772 2219 ἐστὶ

2172 2245 2636 2326 περισπούδαστα,
2692 2251 2819 2324 πρὸς
2866 2250 2957 2311 τὰς
3002 2248 3301 2323 βαθυτάτας
3338 2256 3430 2305 καὶ
3486 2252 3775 2330 ἀνθρώποις

2176 2337 2395 2401 ἀϐάτους
2450 2337 2670 2414 ἐρημίας
2726 2335 3015 2413 ἀπέδραμε,
3078 2342 3166 2392 τὸν
3218 2343 3350 2414 μετά
3414 2351 3515 2395 τῶν
3580 2346 3774 2414 θηρίων

2177 2428 2295 2504 βίον
2339 2438 2429 2492 τῆς
2475 2433 2607 2506 πρὸς
2651 2433 2766 2491 τοὺς
2814 2426 3318 2507 εἰδωλολατροῦντας
3354 2440 3620 2497 κοινωνίας
3649 2398 3775 2511 ἦμε-

2174 2527 2394 2598 ρὼτερον
2447 2521 2794 2593 ἡγησάμενος,
2843 2521 2980 2573 κατά
3026 2524 3113 2573 τόν
3165 2521 3403 2582 ζηλωτὴν
3453 2524 3653 2579 Ἠλίαν·
3695 2527 3773 2591 ὃς,

2176 2613 2259 2664 ὅτε
2296 2606 2430 2663 εἶδεν
2478 2608 2861 2685 ἐπικρατοῦσαν
2897 2614 2992 2670 τὴν
3019 2607 3444 2687 εἰδωλολατρείαν
3479 2620 3575 2678 τὴς
3614 2614 3778 2670 Σιδω.

2174 2704 2308 2767 νίας,
2359 2698 2444 2752 ἐπὶ
2490 2703 2548 2752 τὸ
2602 2704 2719 2774 ὄρος
2770 2696 3035 2773 ἀνέδμαμε
3078 2704 3137 2753 τὸ
3185 2703 3409 2778 Χωρὴϐ,
3454 2711 3544 2759 καὶ
3602 2706 3651 2760 ἓν
3702 2717 3775 2760 τῶ

2179 2788 2419 2863 σπηλαίῳ
2469 2785 2675 2862 διῆγεν,
2732 2789 2961 2851 ἐκζητῶν
3017 2792 3105 2843 τὸν
3163 2795 3313 2861 Θεὸν,
3372 2796 3462 2856 ἕως
3537 2793 3644 2851 εἶδε
3687 2764 3774 2851 τάξ

2175 2882 2547 2956 περιπόθητον,
2574 2883 2639 2941 ὡς
2671 2876 2800 2933 ἰδεῖν
2832 2879 3084 2955 ἀνθρώπῳ
3107 2883 3236 2934 Θεὸν
3263 2878 3506 2941 δυνατόν.

407 2993 641 3086 videret
678 2986 951 3086 -Sidoniee
981 2982 1472 3050 invalescentem,
1512 2979 1575 3036 in
1613 2970 2171 3086 montemLChoreb:
2188 2970 2471 3044 profugit,
2512 2969 2896 3044 degebatque
2942 2971 3005 3027 in
3055 2972 3367 3045 spelunca,
3412 2976 3779 3051 conquirens

920 3076 930 3086 .
961 3075 1019 3086 .u.
1141 3076 1151 3086 ι
1204 3071 1238 3086 ,ο
1315 3070 1325 3081 ο
1465 3085 1493 3086 η
1562 3072 1845 3086 _-_-_.1__.4_
1935 3062 2115 3086 ,με-,ε
2171 3077 2233 3086 Α-
2263 3064 2347 3086 ..-ι
2375 3062 2559 3086 his“...
2591 3060 2792 3086 ηελλ..-
2813 3062 2861 3086 on

412 3085 624 3148 Deum,
657 3079 851 3136 donec
879 3075 1028 3131 vidit
1054 3070 1524 3146 optatissimum,
1553 3072 1855 3142 quantum
1884 3062 2122 3121 homini
2142 3061 2236 3121 fas
2261 3064 2350 3117 est
2374 3062 2563 3117 Deum
2591 3060 2795 3117 videre
2813 3062 2882 3117 ⁸³.
3550 3050 3567 3051 ”
3832 3050 3837 3055 ’

485 3178 541 3231 3.
580 3169 744 3227 Talis
769 3167 952 3239 igitur
979 3169 1108 3221 erat
1145 3166 1204 3219 et
1232 3159 1510 3227 Gordius,
1540 3159 1646 3230 qui
1675 3157 1829 3227 fugit
1858 3155 2073 3212 tumul—
2101 3151 2142 3208 C

412 3269 514 3323 tus
526 3256 997 3327 civiles,turbam
1011 3254 1335 3322 forensem,
1351 3249 1811 3319 magistratuum
1824 3244 2072 3313 fastum,

415 3349 767 3416 tribunalia,
797 3343 1290 3407 calumniatores,
1307 3338 1662 3405 vendentes,
1681 3340 1974 3405 ementes,
1982 3334 2078 3407 ju-

414 3447 643 3510 rantes,
673 3435 1052 3501 mentientes,
1079 3430 1404 3487 verborum
1423 3425 1885 3500 turpitudinem,
1915 3423 2077 3482 face-

416 3533 534 3590 tias
556 3534 613 3586 et
640 3526 873 3598 reliqua
895 3522 1121 3592 omnia,
1147 3536 1284 3593 quae
1316 3517 1630 3591 populosas
1654 3515 1837 3572 urbes
1868 3529 2078 3572 secum

417 3622 666 3680 trahunt
682 3617 765 3673 ita
783 3619 848 3671 ut
869 3612 1105 3686 cymbae
1126 3626 1163 3666 a
1188 3608 1430 3679 magnis
1454 3605 1711 3663 navibus
1733 3604 2076 3662 trahuntur.

419 3712 700 3780 Quicum
726 3708 1050 3779 purgasset
1089 3715 1290 3767 aures,
1331 3700 1650 3772 purgasset
1676 3694 1909 3767 oculos,
1947 3708 2079 3751 cor-

417 3818 535 3878 que
562 3803 699 3857 ante
725 3794 936 3854 omnia
964 3794 1308 3878 purgasset,
1333 3792 1398 3844 ut
1420 3790 1626 3861 posset
1642 3789 1831 3843 Deum
1849 3784 2078 3849 videre,

418 3871 491 3950 ac
516 3890 729 3947 beatus
754 3882 1091 3941 efﬁceretur
1122 3894 1136 3947 ;
1170 3877 1318 3935 vidit
1347 3892 1420 3933 ex
1448 3874 1831 3946 revelatione,
1871 3871 2083 3928 didicit

416 3977 732 4054 mysteria,
758 3988 883 4030 non
908 3970 984 4028 ab
1013 3967 1393 4038 hominibus,
1415 3982 1615 4049 neque
1640 3980 1746 4037 per
1775 3963 2076 4033 homines,

417 4040 528 4128 sed
547 4081 775 4137 magno
799 4079 948 4119 usus
969 4062 1338 4134 praeceptore
1356 4055 1577 4130 Spiritu
1596 4040 1886 4111 veritatis.
1913 4051 2081 4108 Unde

414 4174 558 4216 cum
609 4155 799 4212 vitam
839 4152 1207 4224 reputasset,
1254 4161 1438 4219 quam
1492 4143 1720 4200 inutilis
1765 4143 1858 4210 sit,
1890 4157 2081 4215 quam

412 4263 598 4316 vana,
638 4259 829 4319 quam
866 4239 1036 4298 omni
1059 4237 1298 4295 somnio
1330 4240 1388 4293 et
1418 4234 1640 4292 umbra
1667 4231 1956 4304 fragilior,
1983 4246 2082 4289 ex-

413 4337 766 4398 stimulatus
794 4336 885 4390 est
914 4327 1329 4387 vehementius
1350 4326 1433 4382 ad
1462 4340 1793 4399 supernam
1819 4322 2083 4380 vocatio-

412 4445 556 4487 nem
595 4419 1169 4497 concupiscendam.
1220 4422 1303 4473 Ac
1339 4415 1528 4487 veluti
1565 4414 1814 4480 athleta,
1855 4414 1986 4485 jam
2017 4428 2081 4469 se

2253 3154 2305 3207 3.
2346 3156 2588 3210 Τοιοῦτος
2633 3146 2722 3202 οὖν
2767 3146 2828 3209 ἧν
2858 3154 2951 3203 καὶ
2980 3151 3007 3203 ὀ
3039 3149 3281 3229 Γόρδιος,
3309 3152 3588 3228 ἀποφυγὼν
3629 3158 3781 3232 θορύ-

2182 3238 2299 3301 ϐους
2351 3238 2666 3307 πολιτικοὺς,
2730 3238 2890 3312 ὄχλον
2949 3238 3216 3315 ἀγοραῖον,
3283 3241 3629 3319 ἀρχοντικοὺς
3691 3248 3781 3298 τύ-

2183 3347 2325 3402 φους,
2385 3330 2453 3380 τά
2499 3325 2845 3404 δικαστήρια,
2900 3334 3018 3392 τοὺς
3087 3335 3430 3406 συκοφάντας,
3501 3339 3620 3397 τοὺς
3675 3355 3783 3388 πω.

2182 3418 2414 3487 λοῦντας,
2495 3421 2614 3479 τοὺς
2680 3419 3017 3492 ὠνουμένους,
3100 3424 3217 3483 τοὺς
3292 3424 3597 3495 ὀμνύοντας,
3665 3428 3783 3486 τοὺς

2182 3502 2555 3581 ψευδομένους,
2619 3511 2712 3566 τὴν
2788 3508 3191 3585 αἰσχρολογίαν,
3272 3517 3361 3570 τὴν
3427 3513 3780 3588 εὐτραπελίαν,

2182 3597 2346 3650 τᾶλλα
2401 3598 2522 3666 ὅσα,
2586 3598 2758 3674 ὥσπερ
2812 3596 3042 3671 ἐφόλκια,
3111 3602 3166 3653 αἱ
3230 3601 3628 3679 πολυάνθρωποι
3682 3611 3783 3657 τῶν

2183 3687 2376 3742 πόλεων
2420 3687 2781 3762 ίπισύρονται.
2834 3690 3145 3764 Καθαρεύων
3192 3692 3258 3742 τὰ
3309 3693 3437 3759 ῶτά,
3484 3695 3783 3764 καθαρεύων

2580 3744 2590 3762 ι
2983 3744 2994 3764 ε
3423 3744 3436 3759 ι
3565 3744 3599 3747 τν
3636 3744 3676 3746 ν-
3722 3744 3727 3745 ν

2185 3783 2306 3842 τούς
2358 3777 2669 3851 ὀφθαλμούς·
2737 3781 2828 3831 καὶ
2885 3783 2985 3853 πρό
3039 3799 3100 3852 γε
3149 3781 3354 3833 πάντων
3406 3786 3502 3842 τὴν
3558 3744 3783 3859 καρδίαν

2185 3870 2584 3943 κεκαθαρμένος,
2633 3868 2716 3920 ἵνα
2758 3870 2887 3922 Θεὸν
2930 3864 3060 3921 ἰδεῖν
3109 3865 3335 3945 δυνηθῇ,
3395 3877 3486 3926 καὶ
3531 3876 3784 3948 μακάριος

2184 3964 2415 4032 γένηται·
2456 3954 2563 4010 εἶδε
2612 3953 2687 4011 δι’
2733 3955 3124 4030 ἀποκαλύψεων,
3172 3956 3444 4034 ἐδιδάχθη
3486 3966 3552 4016 τὰ
3579 3967 3784 4037 μυστή-

2183 4068 2297 4124 ρια,
2346 4046 2440 4100 οὐκ
2513 4044 2906 4121 ἀπ’ἀνθρὼπων,
2976 4044 3101 4101 οὐδὲ
3159 4045 3232 4101 δι’
3301 4048 3604 4124 ἀνθρώπων,
3672 4051 3780 4104 ἀλλ’

2186 4141 2324 4210 ἔχων
2353 4139 2440 4190 τὸν
2470 4140 2632 4210 μέγαν
2665 4132 2990 4191 διδάσκαλον
3029 4142 3086 4191 τό
3138 4146 3349 4214 Πνεῦμα
3375 4149 3472 4203 τῆς
3514 4140 3780 4205 ἀληθείας.

2183 4225 2337 4280 Ὀθεν
2382 4224 2539 4278 ἐλθὼν
2582 4226 2649 4287 εἰς
2696 4228 2889 4279 ἔννοιαν
2937 4234 3031 4281 τοῦ
3078 4226 3222 4301 βίου,
3272 4233 3342 4292 ὡς
3389 4229 3659 4304 ἀνωφελὴς,
3714 4234 3785 4293 ὡς

2185 4318 2424 4391 μάταιος,
2476 4319 2541 4379 ὡς
2589 4317 2785 4393 ὀνείρου
2834 4322 3023 4393 παντὸς
3064 4323 3154 4372 καὶ
3205 4327 3359 4383 σκιᾶς
3388 4317 3785 4396 ἀδρανεστερος,

2185 4407 2440 4481 ἠρεθίσθη
2493 4403 2836 4482 σφοδρότερον
2893 4412 3020 4483 πρὸς
3067 4413 3162 4468 τὴν
3210 4407 3489 4483 ἐπιθυμίαν
3536 4418 3632 4472 τῆς
3678 4412 3787 4463 ἄνω

405 4517 679 4592 jejuniis,
707 4511 957 4585 vigiliis,
990 4505 1469 4582 precationibus,
1499 4504 1875 4576 assidueque
1905 4508 1963 4559 et
1986 4503 2070 4559 in-

2184 4497 2436 4559 κλήσεως.
2484 4502 2584 4550 Καὶ
2626 4499 2732 4550 οἷον
2775 4500 2915 4571 (64¹”)
2955 4496 3205 4568 ἀθλητὴς,
3249 4500 3553 4574 αἰσθόμενος
3599 4501 3788 4555 ἑαυτοῦ

412 4606 717 4666 desinenti
764 4599 1154 4660 oraculorum
1205 4594 1457 4668 Spiritus
1506 4592 1897 4650 meditatione
1928 4592 2079 4650 satis

410 4696 805 4756 exercitatum
833 4705 995 4758 esse,
1018 4691 1202 4760 atque
1229 4684 1311 4742 ad
1333 4687 1642 4741 certamen
1663 4688 1937 4751 unctum,
1953 4681 2081 4738 ani-

410 4787 824 4851 madvertens,
853 4779 1021 4841 illam
1048 4777 1249 4849 ipsam
1287 4773 1447 4830 diem
1485 4772 1549 4828 in
1588 4788 1715 4845 qua
1738 4775 1865 4827 tota
1901 4770 2080 4844 plene

409 4878 639 4945 civitas,
656 4868 955 4930 daemonis
968 4864 1197 4924 bellum
1219 4863 1481 4920 amantis
1502 4861 1665 4918 diem
1686 4861 1907 4917 festum
1928 4860 2079 4917 cele-

405 4966 1117 5038 bratura,certamenque
1129 4958 1403 5029 equestre
1415 4950 2074 5026 spectatura,theatrum

479 5148 532 5186 ’³
570 5142 643 5205 III
681 5144 825 5214 Reg.
855 5152 978 5211 xxx,
1027 5140 1049 5193 ί
1098 5148 1277 5208 seqq.

475 5324 665 5397 (33)[_n
690 5315 932 5397 duobus
952 5329 1100 5397 mss.
1126 5325 1235 5397 pro
1336 5306 1552 5397 legitur
1572 5300 1715 5364 οὐδὲ.
1732 5306 2058 5397 Aliquanto

403 5379 751 5475 po‘st:editio
772 5389 958 5475 l’aris.
992 5379 1156 5475 at"???
1189 5389 1347 5475 (ξέοιξ.
1376 5384 1450 5475 ξι
1478 5395 1765 5475 φειδ-Πλεξῖ
1790 5379 2058 5475 etled‘itio

405 5451 592 5529 E5511:
631 5468 680 5519 οἱ
703 5471 794 5517 τοῦ
827 5464 986 5515 θείου.
1040 5460 1158 5515 Hoc
1201 5455 1338 5528 ipso
1381 5452 1444 5509 in
1481 5453 1617 5509 loco
1644 5452 1811 5509 Colb.
1854 5451 2059 5508 tertius

400 5547 576 5602 πάσης
607 5535 885 5596 εὐσεϐείας.

471 5593 586 5686 (δὲ)
626 5612 753 5666 Τότε
799 5593 1123 5679 ὁγενναῖος.
1180 5595 1462 5658 Redditio
1511 5593 1742 5671 periodi
1801 5609 1938 5670 quae
1978 5593 2060 5653 ab
2098 5672 2101 5675 δ

2189 4590 2377 4648 ἱκανῶς
2439 4590 2823 4661 γυμνασθέντος
2906 4593 2996 4641 καὶ
3077 4588 3421 4664 ἀλειψαμένω
3500 4594 3629 4667 πρὸς
3701 4594 3787 4644 τὸν

2188 4686 2383 4751 ἀγῶνα,
2437 4685 2549 4739 ταῖς
2591 4683 2879 4746 νηστείαις,
2925 4686 3040 4740 ταῖς
3088 4677 3424 4755 ἀγρυπνίαις,
3473 4688 3588 4744 ταῖς
3626 4699 3788 4755 προσ-

2187 4776 2390 4842 ευχαῖς,
2449 4776 2511 4841 τῇ
2574 4764 2804 4826 διηνεκεῖ
2858 4773 2948 4821 καὶ
3002 4767 3258 4843 ἀπαύστῳ
3314 4771 3497 4845 μελέτη
3554 4781 3653 4824 τῶν
3706 4770 3789 4824 λου

2184 4863 2312 4930 γίων
2356 4865 2447 4910 τοῦ
2497 4861 2816 4931 Πνεύματος,
2870 4862 3107 4934 τηρήσας
3158 4863 3251 4918 τὴν
3308 4862 3506 4937 ἡμέραν
3567 4865 3786 4931 ταύτην,

2185 4946 2234 5000 ἓν
2362 4942 2626 5022 πανδημεὶ
2673 4954 2822 5002 πᾶσα
2859 4950 2889 5008 ὴ
2936 4948 3080 5010 πόλις
3111 4948 3290 5026 ἑορτὴν
3330 4952 3540 5023 ἄγουσα
3569 4952 3787 5025 φιλοπο-

2170 5305 2311 5362 Ἐπεὶ
2357 5300 2426 5387 δὲ.
2466 5306 2492 5359 ὁ
2540 5310 2653 5360 τότε
2684 5307 2930 5387 riparum;
2957 5307 3274 5387 incipiens,
3306 5325 3414 5383 per
3435 5309 3622 5381 varia,
3649 5326 3786 5387 quae

2170 5383 2530 5459 sequuntur,
2559 5380 3199 5459 commataevolvitur.
3236 5380 3390 5439 Ειῐιτ.

2241 5450 2378 5532 (ως)
2411 5452 2572 5538 Unus
2598 5450 2792 5538 codex
2822 5457 2880 5508 et
2917 5450 3059 5509 editi
3088 5460 3178 5506 καὶ
3215 5455 3342 5506 οἷον·
3376 5459 3449 5511 At
3474 5470 3630 5514 mss.
3657 5472 3786 5515 non

2171 5527 2352 5596 pauci
2380 5527 2470 5574 καὶ
2503 5527 2677 5577 οἱονεί.
