4098 6380
358 388 461 446 497

1442 376 1733 434 IlOMlLIA
1771 373 1838 429 ΙΝ
1879 366 2201 427 GORDIUM
2235 365 2635 423 MARTYREM.

3613 354 3722 410 498

361 513 498 586 λίμῳ
568 506 782 584 δαίμονι
850 505 1148 579 κατειλήφει
1224 506 1434 576 θέατρον
1464 501 1597 573 (65),
1657 496 1829 571 ἀγῶνα
1884 496 1958 548 ἰπ-

2070 512 2423 584 occuparat,
2444 503 2814 564 observavit.
2845 504 2993 560 Cum
3014 498 3195 572 igitur
3213 494 3498 553 collectus
3517 492 3731 549 fuisset

362 605 515 657 πικὸν
567 602 813 674 θεωμένη,
864 598 1007 651 Ἐπεὶ
1054 591 1143 649 οὖν
1193 600 1294 656 πᾶς
1342 595 1369 646 ό
1426 588 1594 665 δῆμος
1644 591 1748 642 ἄνω
1803 590 1964 640 συνεί-

361 692 528 759 λεκτο,
563 691 658 744 ούκ
687 685 946 751 Ἰουδαῖος
975 685 1130 753 ἀπῆν,
1163 684 1269 757 οὐχ
1286 682 1469 741 Ἕλλην
1498 701 1513 717 ο
1566 683 1658 734 καὶ
1696 687 1963 751 Χριστια-

362 792 458 836 νῶν
513 779 573 835 δε
610 781 809 842 πλῆθος
878 777 972 831 οὐκ
1025 775 1196 849 ὀλίγον
1244 774 1424 837 αὐτοῖς
1475 772 1867 843 συνανεφύρετο,
1914 766 1964 819 οἱ

366 872 672 947 ἀφυλάκτως
721 869 976 944 βιοῦντες,
1029 871 1122 920 καὶ
1172 866 1457 938 καθήμενοι
1654 860 1785 934 μετά
1833 876 1963 910 συν-

366 959 541 1037 εδρίου
594 963 959 1035 ματαιότητος,
1019 960 1091 1031 μὴ
1151 953 1464 1015 ἐκκλίνοντες
1530 947 1589 1004 δε
1666 948 1963 1023 συστροφὰς

363 1053 798 1128 πονηρευομένων,
845 1046 894 1102 οἳ
941 1051 1032 1101 καὶ
1078 1050 1195 1099 τότε
1240 1051 1487 1118 παρῆσαν
1542 1041 1721 1094 θεαταὶ
1745 1043 1837 1091 τοῦ
1861 1036 1961 1088 τά·

366 1161 497 1216 χους
541 1148 643 1195 τῶν
696 1141 887 1206 ἵππων,
935 1142 1027 1190 καὶ
1068 1144 1165 1199 τῆς
1226 1133 1496 1207 ἐμπειρίας
1541 1137 1641 1183 τῶν
1684 1129 1917 1199 ἡνιόχων
1944 1144 1958 1159 ·

362 1231 490 1286 ἀλλά
538 1234 630 1284 καὶ
678 1226 899 1291 δούλους
945 1225 1141 1286 ἀνῆκαν
1200 1221 1475 1289 δεσπόται,
1528 1224 1621 1273 καὶ
1666 1214 1854 1279 παῖδες
1906 1213 1962 1268 ἑκ

364 1318 749 1376 διδασκαλείων
778 1321 908 1393 πρὸς
937 1319 1032 1376 τὴν
1087 1317 1204 1369 θίαν
1257 1316 1470 1387 ἔτρεχον
1497 1312 1631 1382 (66),
1680 1314 1853 1384 παρῆν
1902 1301 1963 1359 δε

359 1415 451 1466 καὶ
489 1418 749 1486 γυναικῶν
789 1410 909 1462 ὅσον
950 1402 1195 1480 δημῶδες
1247 1408 1336 1457 καὶ
1387 1405 1614 1475 ἄσημον,
1667 1398 1860 1474 πλῆρες
1902 1392 1963 1449 δε

363 1499 426 1561 ἦν
454 1506 515 1555 τὸ
560 1496 797 1565 στάδιον,
849 1502 938 1552 καὶ
989 1498 1176 1558 πάντες
1224 1490 1332 1553 ἤδη
1381 1495 1513 1568 πρὸς
1553 1494 1648 1550 τήν
1698 1490 1814 1542 θέαν
1865 1495 1961 1549 τῆς

359 1601 460 1649 τῶν
510 1592 680 1645 ἵππων
735 1588 955 1662 ἁμίλλης
1001 1583 1137 1646 ἦσαν
1191 1586 1553 1655 συντεταμένοι
1575 1600 1589 1615 ο
1648 1583 1765 1633 τότε
1812 1574 1880 1637 δὴ
1933 1578 1961 1629 ὁ

358 1688 589 1756 ’γενναῖος
617 1680 734 1749 (67)
775 1676 962 1738 ἐκεῖνος
1017 1679 1108 1728 καὶ
1156 1676 1315 1747 μέγας
1359 1676 1455 1731 τὴν
1527 1669 1729 1743 ψυχὴν,
1797 1671 1960 1741 μέγας

358 1775 418 1824 τό
464 1773 720 1845 φρόνημα,
775 1767 968 1818 ἄνωθεν
1025 1763 1082 1818 ἔκ
1145 1771 1244 1817 τῶν
1302 1762 1457 1836 ὀρέων
1514 1756 1829 1818 ἑπικαταϐἀς
1881 1763 1955 1828 τῷ

2070 600 2133 658 in
2164 581 2536 658 eminentem
2564 596 2771 653 locum
2799 590 3067 666 populus
3091 587 3311 653 omnis,
3334 601 3461 641 non
3484 581 3731 639 Judmus

2072 691 2303 756 aberat,
2330 703 2453 745 non
2486 688 2765 746 Graecus:
2816 682 2941 756 imo
2979 694 3124 736 vero
3183 680 3325 756 erat_
3353 674 3441 756 eis
3468 671 3734 756 admista

2071 740 2404 820 multitude
2417 740 2645 830 magna
2676 755 3174 819 Christianorum,
3223 747 3331 822 qui
3374 748 3617 804 incaute
3644 740 3734 798 vi-

2069 856 2300 924 ventes,
2327 856 2389 909 et
2411 866 2534 907 una
2564 864 2703 906 cum
2728 843 2983 903 concilio
3010 840 3293 898 vanitatis
3312 836 3607 901 sedentes,
3622 846 3734 890 nec

2068 958 2431 1015 congressus
2448 939 2609 999 male
2627 937 2939 1009 agentium
2951 932 3348 994 declinantes,
3369 923 3735 983 celeritatem
3791 914 3796 918 ’

2069 1049 2370 1108 equorum
2399 1035 2456 1088 et
2485 1029 2838 1100 aurigarum
2862 1023 3143 1099 peritiam
3172 1026 3314 1078 tunc
3342 1017 3459 1093 ipsi
3485 1026 3736 1088 quoque

2070 1103 2447 1197 spectabant.
2509 1118 2625 1177 Sed
2676 1121 2735 1175 et
2798 1129 3006 1171 servos
3053 1110 3183 1169 heri
3233 1105 3622 1172 demiserant,
3678 1103 3738 1157 et

2069 1192 2243 1288 p-ueri
2271 1228 2303 1269 e
2330 1210 2628 1268 litterariis
2655 1206 2814 1264 ludis
2843 1201 3241 1262 accurrebant
3277 1200 3636 1288 spectatum,
3678 1192 3738 1248 et

2070 1284 2323 1361 aderant
2344 1300 2570 1374 pariter
2592 1297 2831 1355 feminae
2861 1295 3159 1368 quotquot
3185 1287 3436 1364 plebeiae
3477 1286 3649 1374 erant
3678 1284 3738 1337 et

2069 1373 2366 1451 obscurae.
2418 1389 2590 1463 15.5
2635 1387 2937 1447 Refertum
2985 1388 3190 1439 autem
3245 1381 3376 1437 erat
3439 1373 3730 1463 stadium,

2064 1485 2318 1556 jamque
2337 1460 2723 1553 adiequ—estre
2751 1480 3057 1535 certamen
3099 1464 3601 1541 conspiciendum
3637 1460 3731 1517 in-

2069 1549 2404 1631 tenti-erant
2431 1549 2668 1627 omnes.
2697 1569 2861 1623 Tunc
2904 1563 3085 1635 igitur
3132 1571 3460 1630 generosus
3505 1552 3602 1609 ille
3644 1549 3731 1608 vir

2066 1661 2399 1735 magnique
2425 1658 2613 1716 animi
2633 1662 2692 1714 et
2711 1670 2950 1726 magnas
2973 1647 3352 1717 constantia,
3371 1644 3637 1715 desuper
3656 1655 3729 1696 ex

2065 1729 2379 1811 montibus
2402 1751 2467 1807 in
2493 1750 2799 1806 theatrum
2847 1741 3246 1809 descendens,
3292 1750 3419 1794 non
3461 1729 3731 1790 extimuit

367 1819 413 1824 ’⁷
469 1819 573 1845 Ir"
608 1819 637 1842 Ἰ
694 1819 720 1836 ⁷1
1330 1819 1340 1836 ι
1924 1819 1934 1828 -

358 1862 575 1933 θεάτρῳ,
652 1856 711 1910 ού
783 1853 1082 1927 κατεπλάγη
1149 1855 1238 1907 τὸν
1291 1848 1480 1926 δῆμον,
1535 1849 1631 1903 οὐκ
1681 1847 1953 1921 ἐλογίσατο

2070 1841 2384 1918 populum,
2414 1854 2539 1896 non
2569 1835 2824 1895 attendit
2845 1837 2996 1906 quot
3020 1824 3505 1887 adversariorum
3529 1819 3727 1877 mani-

2340 1929 2418 1933 ---
2570 1932 2576 1933 ,
2748 1924 2807 1933 ..
2863 1928 2871 1933 .
2995 1920 3046 1933 .u
3250 1916 3293 1933 1,
3343 1918 3391 1933 ,ι
3428 1912 3570 1933 ,1-ι-
3602 1907 3696 1933 -..2

354 1953 548 2011 πόσαις
595 1949 757 2022 χερσὶ
807 1943 1078 2018 πολεμίαις
1126 1942 1307 1997 ἑαυτὸν
1357 1935 1732 2015 παραδίδωσιν
1765 1958 1779 1973 ν
1844 1935 1950 1991 ἀλλ’

357 2038 567 2113 ἀτρόμῳ
592 2044 653 2110 τῇ
687 2032 888 2111 καρδίᾳ
939 2038 1031 2087 καὶ
1080 2035 1261 2107 γαύρῳ
1308 2039 1381 2104 τῷ
1439 2034 1748 2105 φρονόματι,
1801 2029 1953 2082 οἱονεὶ

353 2133 545 2203 πέτρας
579 2132 840 2198 συνεχεῖς,
878 2124 909 2184 ἦ
962 2119 1159 2199 δένδρα
1207 2121 1387 2193 πολλὰ,
1442 2124 1565 2183 τοὺς
1619 2122 1679 2173 τὸ
1736 2115 1954 2173 στάδιον

355 2218 796 2296 περικαθημένους
850 2209 1237 2289 παραδραμὼν,
1312 2212 1384 2273 εἰς
1456 2213 1515 2264 τὸ
1592 2214 1749 2284 μέσον
1822 2228 1953 2262 κατ-

356 2312 504 2376 έστη,
535 2306 761 2382 βεϐαιῶν
811 2309 900 2358 τὸν
950 2304 1101 2376 λόγον
1133 2304 1267 2375 (68),
1328 2304 1411 2355 ὅτι
1462 2305 1666 2362 Δίκαιος
1712 2303 1781 2369 ὡς
1830 2301 1953 2355 λέων

354 2398 588 2453 πέποιθε.
624 2399 727 2452 Καὶ
754 2396 917 2458 οὕτως
966 2392 1229 2456 ἀπτόητος
1279 2388 1341 2451 ἧν
1388 2395 1483 2450 τὴν
1528 2389 1736 2464 ψυχὴν,
1797 2393 1950 2459 ὥστε,

356 2488 405 2542 ἐν
462 2492 731 2564 περιφανεῖ
790 2490 884 2538 τοῦ
943 2486 1158 2558 θέατρου
1222 2486 1509 2555 γενόμενος,
1589 2479 1824 2554 ἀτρέπτῳ
1887 2488 1950 2554 τῇ

356 2576 633 2656 παρρησίᾳ
688 2573 928 2640 ίξεϐόησε
976 2578 1072 2633 τὴν
1134 2575 1303 2646 φωνὴν
1381 2569 1597 2639 ἐκείνην,
1665 2572 1727 2634 ἧς
1791 2575 1956 2645 μέχρι

356 2675 451 2722 τοῦ
496 2675 586 2721 νῦν
627 2666 731 2720 εἰσί
774 2678 906 2727 τινες
957 2663 1008 2717 οἱ
1062 2660 1408 2723 ἀκούσαντες·
1460 2662 1688 2734 Εὑρέθην
1726 2667 1832 2723 τοῖς
1870 2660 1956 2734 ἐμὲ

359 2762 430 2835 μή
522 2757 775 2820 ζητοῦσιν
817 2775 833 2790 ο
901 2752 1131 2827 ἐμφανὴς
1212 2749 1460 2825 ἕγενόμην
1531 2758 1644 2813 τοῖς
1715 2748 1803 2824 ἔμε
1880 2755 1952 2824 μὴ

362 2854 689 2923 ίπερωτῶσι·
732 2842 905 2905 δηλῶν
936 2839 1030 2896 διὰ
1060 2843 1275 2909 τούτων,
1327 2842 1409 2894 ὅτι
1445 2839 1505 2893 ού
1554 2843 1682 2915 πρὸς
1724 2838 1957 2912 ἀνάγκην

360 2939 507 3010 ἢχθη
557 2939 690 3013 πρὸς
726 2938 849 2997 τούς
897 2928 1191 2998 κινδύνους,
1244 2928 1352 2983 ἀλλ’
1396 2928 1649 2992 ἑκουσίως
1700 2926 1957 2983 ἐπέδωκεν

362 3030 539 3083 ἑαυτὸν
566 3035 638 3081 τῶ
669 3023 832 3099 ἀγῶνι
859 3044 874 3059 ο
940 3023 1300 3097 μιμησάμενος
1346 3022 1437 3073 τὸν
1485 3021 1771 3087 Δεσπότην,
1821 3018 1875 3082 ὃς
1904 3019 1956 3072 ἐν

357 3124 430 3189 τῷ
472 3121 648 3170 σκότει
691 3122 790 3179 τῆς
836 3116 1022 3178 νυκτὸς
1097 3110 1436 3185 ἀγνοούμενος
1502 3116 1614 3172 τοῖς
1680 3104 1958 3170 Ἰουδαίοις

355 3208 538 3263 εαυτὸν
564 3209 939 3280 κατεμήνυσεν.

427 3301 480 3354 4.
521 3295 691 3358 Εύθύς
743 3296 834 3368 μεν
893 3289 982 3346 οὖν
1038 3289 1314 3367 ἐπέστρεφε
1366 3295 1427 3344 τό
1482 3292 1693 3367 θέατρον
1732 3296 1808 3360 τῷ
1857 3308 1958 3343 πα-

355 3384 566 3464 ραδόξῳ
634 3391 729 3446 τῆς
801 3384 937 3450 θέας,
1019 3380 1148 3454 ἀνὴρ
1208 3379 1598 3456 ἀπηγριωμένος
1661 3383 1756 3439 τὴν
1813 3377 1953 3449 ὄψιν,

358 3472 455 3529 διὰ
503 3478 599 3532 τὴν
649 3475 870 3547 χρονίαν
926 3469 975 3523 ἄν
1025 3475 1138 3532 τοῖς
1193 3473 1338 3544 ὄρεσι
1395 3465 1604 3523 δίαιταν
1668 3467 1957 3543 αὐχμηρὰν

359 3562 497 3637 ἔχων
537 3566 635 3622 τὴν
685 3559 934 3634 κεφαλὴν,
988 3556 1154 3633 βαθύς
1198 3562 1295 3617 τὴν
1350 3559 1572 3626 ὑπήνην,
1624 3560 1720 3616 τὴν
1758 3554 1959 3615 ἕσθῆτα

354 3661 553 3729 ρυπῶν,
607 3649 984 3729 κατεσκληκώς
1074 3648 1212 3702 ἅπαν
1284 3650 1343 3701 τό
1421 3655 1593 3720 σῶμα,
1661 3644 1957 3722 βακτηρίαν

357 3748 541 3818 φέρων,
598 3745 690 3794 καὶ
742 3744 916 3817 πήραν
973 3737 1249 3812 ἕνημμένος
1284 3758 1298 3773 υ
1365 3739 1438 3798 οἷς
1488 3742 1651 3790 πᾶσιν
1709 3733 1957 3810 ἐπίπρεπί

356 3835 475 3904 (69)
523 3851 606 3895 τις
657 3832 843 3906 χάρις,
896 3828 952 3883 ἑκ
1002 3836 1096 3883 τοῦ
1174 3826 1401 3901 ἀφανοῦς
1478 3826 1632 3880 αὐτὸν
1696 3824 1955 3900 περιλάμ-

353 3941 550 3978 πουσα.
582 3921 666 3984 Ὠς
697 3917 748 3975 δ’
795 3916 883 3973 οὖν
935 3918 1170 3991 ἐγνώσθη
1224 3919 1373 3980 ὅστις
1423 3914 1589 3984 ίστὶν,
1643 3915 1790 3976 εὐθὺς
1848 3913 1950 3988 βοὴ

355 4015 630 4087 συμμιγὴς
656 4011 802 4084 παρά
835 4010 1041 4062 πάντων
1084 4008 1220 4085 ἤρθη
1253 4027 1267 4042 ο
1324 4014 1424 4060 τῶν
1479 4007 1571 4079 μὶν
1610 4004 1811 4059 οἰκείων
1857 4012 1954 4068 τῆς

352 4108 580 4164 πίστεως
618 4101 731 4154 ’ὑπὸ
786 4101 1131 4174 περιχαρείας
1190 4098 1525 4172 κροτούντων,
1562 4103 1664 4149 τῶν
1695 4090 1755 4149 δε
1796 4094 1953 4148 πολε-

355 4195 587 4268 μσύντων
613 4198 676 4265 τῇ
710 4188 927 4262 ἀληθείᾳ
956 4188 1028 4250 εἰς
1056 4191 1145 4242 τὸν
1182 4187 1297 4241 κατ’
1329 4186 1490 4241 αὐτοῦ
1529 4190 1677 4260 φόνον
1723 4189 1810 4238 τόν
1862 4181 1952 4239 δι-

350 4287 556 4343 καστὴν
632 4285 1037 4356 παρορμώντων,
1113 4283 1205 4332 καὶ
1263 4273 1829 4353 προκαταδικαζόντων
1882 4275 1954 4338 εἰς

357 4374 594 4427 θάνατον.
621 4371 801 4424 Πάντα
831 4366 880 4423 δ’
912 4364 1000 4422 οὖν
1032 4366 1169 4442 βοῆς
1195 4372 1284 4422 καὶ
1328 4366 1551 4442 θορύϐου
1595 4365 1903 4440 πεπλήρωτο
1937 4386 1952 4401 ·

355 4463 714 4540 παρώφθησαν
751 4460 864 4530 (70)
921 4461 1012 4532 μὲν
1066 4458 1235 4525 ἵπποι,
1294 4458 1652 4531 παρώφθησαν
1704 4452 1766 4510 δε
1834 4457 1955 4514 ἠνί-

355 4572 482 4625 οχοι
504 4573 517 4585 ·
551 4553 582 4611 ἠ
626 4547 685 4604 δε
712 4557 812 4603 τῶν
845 4546 1090 4623 ἁρμάτων
1116 4543 1368 4611 ἐπίδειξις
1394 4545 1557 4619 ψόφος
1603 4548 1821 4619 μάταιος
1869 4543 1951 4606 ἧν.
1985 4584 2030 4638 D

359 4639 583 4703 Οὐδενὸς
627 4640 728 4715 γὰρ
772 4637 1060 4712 ἇσχόλαζεν
1101 4635 1360 4711 ὀφθαλμὸς
1415 4635 1538 4690 ἄλλο
1573 4655 1627 4688 τι
1666 4634 1872 4710 βλέπειν
1920 4637 1950 4697 ἦ

359 4727 596 4807 Γόρδιον,
623 4728 741 4784 οὒτε
782 4747 867 4790 τις
915 4725 1044 4787 ἀκοή
1099 4725 1222 4780 ἄλλο
1274 4745 1327 4781 τι
1378 4725 1614 4799 ἠνείχετο
1669 4724 1874 4780 ἀκούειν
1922 4730 1952 4786 ἣ

428 4885 480 4922 ’⁸
508 4886 681 4942 Prov.
706 4885 913 4951 IXYlll,
941 4882 989 4938 Ι.
1065 4880 1114 4917 ’⁵
1146 4882 1263 4938 lsa.
1293 4894 1430 4948 ειν,
1466 4882 1518 4937 1.

415 5035 553 5116 ,(βὸ)
572 5034 722 5116 ῌᾷὶιὶ
748 5038 808 5116 et
834 5033 985 5090 Oliv.
1007 5037 1066 5116 et
1083 5031 1318 5116 Anglic.
1341 5036 1397 5116 et
1417 5048 1519 5088 sex
1541 5029 1812 5116 aliirns‘s.
1835 5051 1958 5084 κατ-

372 5103 714 5179 ειλήφέιθέαν,
741 5105 1030 5179 ιοσαηιᾳίί
1065 5105 1480 5179 spectandum.
1533 5103 1605 5159 At
1643 5104 1960 5160 Medicaeus

368 5183 423 5234 et
442 5176 677 5259 codices
698 5176 1126 5259 Combeﬁsiani
1154 5178 1384 5259 θέαςρον,
1409 5176 1746 5259 theatrum:
1770 5191 1960 5249 quam

364 5251 725 5323 scripturam
740 5247 1426 5323 _veram_etemendatam
1440 5263 1569 5304 esse
1589 5247 1956 5318 iudicamus.

364 5318 686 5378 Amantem
738 5320 882 5378 belli
944 5319 1311 5393 daemonem,
1365 5318 1442 5375 de
1497 5334 1621 5393 quo
1661 5320 1957 5391 superius,

364 5397 609 5451 Martem
639 5409 778 5449 esse
805 5396 1032 5449 norunt
1057 5391 1156 5447 vel
1190 5391 1473 5447 infantes.

435 5466 550 5537 (66)
578 5464 744 5522 Colb.
798 5463 1011 5520 tertius
1069 5465 1584 5537 guvérprxov._Mox
1644 5460 1966 5537 Colbertini

366 5533 491 5620 (19:9
524 5533 944 5620 συντεταγμένοι,
970 5533 1183 5620 ρξῖςίίηε
1193 5533 1403 5620 ῄοεῑίίκ
1416 5534 1611 5590 Lectio
1630 5549 1753 5589 non
1779 5533 1961 5591 mala.

365 5607 480 5666 Alii
505 5608 631 5665 duo
660 5606 812 5665 mss.
844 5613 903 5665 Εἰ
931 5606 1072 5678 editi
1120 5609 1500 5678 συντεταμένοι²
1552 5607 1790 5678 intenti.

438 5655 1453 5754 zaraaaaanagaagpassa;
1469 5655 1923 5751 iniussum
1951 5694 1967 5737 :

1994 3216 2039 3275 C

2058 1907 2179 1991 bus
2207 1947 2272 1989 se
2297 1907 2582 2000 objiccret
2608 1946 2621 1984 :
2657 1925 2767 1983 sed
2791 1920 3093 1996 intrepido
3123 1916 3306 1975 corde
3334 1918 3394 1972 et
3420 1912 3575 1969 elato
3599 1907 3728 1966 ani-

2059 2040 2187 2091 mo,
2217 2020 2402 2079 veluti
2429 2034 2578 2077 saxa
2624 2016 2837 2074 crebra
2877 2017 2986 2071 aut
3030 2010 3280 2067 arbores
3323 2003 3567 2071 multas,
3621 2014 3726 2057 eos

2058 2087 2256 2187 quiin
2291 2109 2487 2169 stadio
2516 2106 2832 2176 sedebant,
2878 2105 3365 2177 praetergressus,
3417 2093 3481 2187 in
3522 2087 3727 2148 medio

2059 2184 2347 2264 constitit,
2372 2200 2745 2257 confirmans
2772 2194 2937 2252 illam
2966 2189 3362 2247 sententiam:
3421 2185 3632 2240 Justus
3658 2184 3726 2237 ut

2063 2296 2154 2352 leo
2178 2292 2425 2362 conﬁdit
2450 2291 2521 2344 ".
2547 2291 2741 2361 Atque
2761 2284 2966 2342 animo
2986 2284 3114 2338 erat
3137 2278 3293 2336 adeo
3310 2272 3723 2362 intrepido,ut,

2060 2384 2127 2444 in
2151 2360 2482 2455 conspicuo
2511 2360 2727 2435 theatri
2746 2376 2880 2432 loco
2909 2370 3286 2437 constitutus,
3314 2379 3531 2423 vocem
3557 2360 3726 2418 illam

2063 2489 2255 2548 quam
2270 2449 2525 2545 quidam
2553 2466 2890 2525 etiamnum
2912 2459 3256 2548 superstites
3273 2454 3616 2518 audierunt,
3630 2449 3726 2506 ﬂr-

2065 2544 2170 2621 ma
2197 2544 2336 2620 cum
2362 2557 2588 2617 ﬁducia
2643 2572 2715 2614 ac
2759 2553 3025 2611 clamore
3076 2546 3378 2607 emiserit:
3436 2544 3728 2601 Inventus

2064 2670 2196 2712 sum
2212 2668 2250 2711 a
2264 2667 2388 2709 non
2408 2646 2820 2723 quaerentibus
2836 2657 2962 2700 me:
2976 2641 3187 2712 palam
3201 2635 3469 2708 apparui
3489 2633 3603 2700 his,
3624 2629 3731 2704 qui

2065 2759 2160 2801 me
2170 2719 2765 2813 nonfinterrogabant
2787 2735 2858 2789 ³⁵.
2891 2730 3126 2798 Quibus
3143 2726 3344 2785 verbis
3368 2719 3733 2794 signiﬁcavit

2065 2848 2192 2892 non
2212 2809 2398 2890 fuisse
2428 2845 2492 2885 se
2521 2827 2584 2885 vi
2611 2826 2691 2885 ad
2719 2821 2990 2899 pericula
3018 2819 3375 2884 adductum,
3423 2811 3535 2870 sed
3572 2809 3733 2867 ultro

2065 2923 2358 2984 obtulisse
2392 2936 2457 2978 se
2504 2915 2844 2986 certamini,
2886 2911 3192 2971 imitatum
3232 2904 3579 2975 Dominum,
3624 2899 3735 2976 qui

2066 3031 2209 3072 cum
2234 3028 2342 3086 per
2369 3009 2564 3070 noctis
2593 3006 2875 3066 tenebras
2902 3020 2941 3062 a
2965 3001 3193 3059 Judaeis
3219 2997 3475 3059 minime
3501 3008 3732 3067 cogno-

2066 3109 2354 3175 sceretur,
2385 3101 2609 3175 seipse
2637 3094 2924 3175 prodidit.

2137 3289 2192 3344 4.
2225 3287 2358 3344 Mox
2386 3281 2568 3353 igitur
2605 3279 2907 3337 theatrum
2934 3275 3250 3349 inopinato
3278 3267 3624 3347 spectaculo
3667 3266 3734 3325 in

2067 3394 2132 3435 se
2168 3371 2602 3442 convertit,‘,vir
2628 3386 2770 3427 cum
2795 3371 2953 3424 esset
2986 3365 3293 3425 horrendo
3322 3366 3596 3439 aspectu,
3623 3381 3733 3424 cu-

2061 3467 2165 3540 jus
2191 3465 2274 3523 ob
2301 3464 2599 3521 diutinam
2623 3460 2687 3517 in
2711 3457 3025 3517 montibus
3043 3472 3283 3514 moram
3310 3460 3493 3530 caput
3511 3454 3736 3530 squali-

2066 3556 2217 3614 dum
2245 3557 2392 3623 erat,
2414 3550 2610 3609 barba
2630 3545 3213 3622 promissa,vestitus
3230 3546 3734 3615 sordidus,totum

2065 3660 2289 3718 corpus
2327 3641 2589 3707 aridum,
2635 3637 2743 3712 qui
2779 3635 3070 3694 baculum
3119 3635 3419 3707 gestabat,
3464 3651 3537 3693 ac
3585 3650 3736 3707 pera

2065 3739 2195 3794 erat
2211 3732 2499 3791 indutus:
2530 3730 2594 3788 in
2630 3726 2857 3802 quibus
2879 3720 3168 3783 omnibus
3199 3725 3393 3796 gratia
3422 3724 3732 3799 quaedam.

2064 3841 2190 3899 qua
2217 3824 2379 3881 intus
2406 3818 2848 3885 illustrabatur,
2879 3814 3173 3873 elucebat.
3223 3815 3337 3872 Sed
3367 3815 3734 3889 simulatque

2010 3928 2015 3933 '
2062 3914 2343 3987 cognitus
2371 3911 2483 3969 fuit
2510 3910 2650 3984 quis
2680 3913 2859 3976 esset,
2893 3906 3098 3963 statim
3126 3906 3450 3981 pergaistus
3478 3907 3734 3980 quidam

2063 4006 2294 4063 clamor
2317 4002 2608 4059 excitatus
2638 4005 2729 4056 est
2756 3998 2837 4055 ab
2879 3995 3189 4062 omnibus,
3226 3996 3573 4054 domesticis
3603 3999 3738 4071 qui-

2061 4094 2205 4151 dem
2229 4092 2372 4150 fidei
2399 4107 2525 4165 prae
2553 4087 2777 4160 gaudio
2800 4085 3622 4160 plaudentibus,adversariis
3639 4104 3737 4146 ve-

2060 4200 2132 4243 ro
2160 4181 2426 4241 veritatis
2452 4178 2720 4252 judicem
2746 4176 2828 4234 ad
2855 4192 2995 4232 eum
3023 4175 3102 4233 de
3149 4174 3352 4234 medio
3395 4175 3734 4236 tollendum

2062 4269 2557 4349 provocantibus,
2586 4267 2998 4340 eumdemque
3045 4266 3107 4322 in
3141 4270 3521 4325 antecessum
3554 4274 3735 4339 morti

2065 4361 2510 4423 addicentibus.
2544 4360 2751 4432 Itaque
2805 4356 3071 4414 clamore
3111 4372 3185 4415 ac
3230 4360 3496 4415 tumultu
3550 4357 3731 4431 plena

2063 4457 2239 4512 erant
2264 4450 2504 4519 omnia;
2532 4447 2792 4519 neglecti
2821 4451 2964 4504 sunt
2985 4446 3146 4520 equi,
3177 4446 3432 4518 neglecti
3478 4448 3730 4519 aurigas,

2063 4558 2356 4601 curruum
2380 4537 2699 4597 ostentatio
2737 4536 3020 4610 strepitus
3064 4535 3263 4593 inanis
3304 4540 3452 4594 erat.
3500 4536 3730 4595 Nullius
3797 4595 3806 4605 ,

2065 4635 2230 4692 enim
2256 4631 2469 4691 oculus
2494 4630 2575 4687 ad
2602 4627 2769 4686 aliud
2795 4626 2911 4683 nisi
2935 4626 3016 4683 ad
3056 4625 3391 4683 videndum
3437 4626 3727 4685 Gordium

2064 4728 2194 4784 erat
2222 4723 2512 4794 intentus,
2540 4735 2656 4778 nec
2692 4717 2855 4777 auris
2882 4715 3006 4776 ulla
3033 4714 3202 4774 aliud
3229 4715 3346 4773 nisi
3364 4714 3524 4774 illius
3542 4717 3728 4777 verba

2066 5031 2210 5087 Ἐπεὶ
2241 5026 2329 5085 οὖν
2358 5036 2461 5102 πᾶς
2491 5030 2516 5081 ὁ
2549 5022 2739 5102 δῆμος.
2773 5029 2928 5083 Εῡῐτ.

2139 5107 2249 5176 (68)
2280 5100 2431 5158 Editi
2459 5095 2639 5157 Paris;
2664 5100 2814 5179 λόγον
2835 5105 2927 5179 τού
2952 5102 3367 5179 ῌαροιμιαστοῇ
3427 5095 3535 5179 ξςά
3581 5112 3722 5154 cum

2065 5168 2244 5233 Voces
2285 5182 2377 5227 τοῦ
2427 5168 2827 5247 Παροιμιαστοῡ
2875 5176 2930 5226 et
2960 5168 3294 5247 in'editione
3325 5168 3513 5247 Basil._
3557 5173 3614 5247 9t
3659 5171 3723 5226 in

2066 5248 2288 5332 nostris
2313 5262 2414 5302 sex
2440 5239 2840 5313 mssfdesi'nt,
2899 5257 3000 5298 eas
3057 5240 3255 5297 delere
3301 5256 3428 5298 non
3479 5239 3723 5301 dubita-

2065 5336 2290 5377 Vlmlls.

2142 5393 2259 5481 (_69)7
2585 5386 2838 5481 fligi-1‘03
2875 5384 3131 5481 libri‘ft
3166 5381 3310 5471 editi
3366 5386 3570 5460 ἔπρεπε.
3654 5386 3728 5481 ξι

2072 5455 2214 5591 Reg.
2239 5455 2554 5543 secundus
2578 5464 2637 5516 et
2690 5455 2858 5515 Colb.
2898 5457 3134 5539 primus
3180 5455 3468 5532 ἐπέπρεπές
3536 5458 3726 5530 quod,

2073 5551 2137 5591 n1
2194 5533 2366 5591 allor.
2398 5532 2611 5590 melius
2642 5537 2731 5587 est
2758 5536 2815 5586 et
2841 5544 3068 5585 verius.

2073 5535 2137 5592 ni
2161 5529 2366 5600 fallor,
2398 5532 2611 5590 melius
2642 5537 2731 5587 est
2758 5536 2815 5586 et
2841 5529 3068 5600 verius.

2081 5596 2445 5737 ὧξέιῗιζξὶῐαά
2474 5604 2834 5680 παρώφθησαν
2900 5616 2975 5660 ex
3028 5598 3199 5659 libris
3245 5599 3515 5674 antiquis
3565 5596 3737 5658 addi—

2146 5695 2305 5737 mus.
