4098 6384
293 366 391 420 501

1357 359 1654 418 ΗΟΜΠᾸΑ
1700 359 1770 414 ΙΝ
1811 356 2129 420 GORDlUM
2167 357 2572 416 MARTYREM.

3536 357 3640 416 502

265 453 278 474 ε

279 489 407 548 Auri
466 493 566 544 τῶν
622 485 906 562 μωλώπων,
977 492 1078 540 τῶν
1145 483 1562 560 ἅπανισταμίνιον
1623 492 1696 556 τῷ
1768 487 1855 538 σώ-

1975 481 2295 551 vibicibus,
2312 482 2374 542 in
2394 497 2647 556 corpore
2667 479 3092 551 eminentibus,
3114 480 3179 538 in
3205 481 3640 544 resurrectione
3676 491 3678 493 ’

260 595 409 651 ματι,
443 579 686 650 φωτεινόν
726 571 926 650 ἔνδυμα
967 575 1092 650 ἡμῖν
1149 573 1197 634 ἄν
1249 583 1312 650 τῇ
1371 573 1656 631 ἀναστάσει
1707 571 1865 628 ἐπαν-

267 669 416 727 θήσει
449 687 464 701 ο
534 665 649 720 ἀντὶ
701 674 798 729 τῆς
845 663 1058 738 ἀτιμίας
1111 667 1371 738 στέφανοι,
1425 663 1537 720 ἀντὶ
1582 659 1864 738 δεσμωτη-

261 761 376 830 ρίου
397 757 515 828 (78)
555 752 904 831 παράδεισος,
954 753 1067 808 ἀντὶ
1105 763 1200 818 τῆς
1242 756 1374 830 μετὰ
1411 762 1510 808 τῶν
1561 757 1862 831 κακούργων

261 842 557 910 καταδίκης
608 847 638 906 ἠ
685 844 793 921 μετ’
839 843 1066 918 ἀγγέλων
1107 841 1378 918 διαγωγή.
1427 849 1673 918 Σπείρατε
1700 844 1863 900 πολλὰ

261 935 308 996 ἄν
339 935 452 1012 ἐμοὶ
480 937 577 990 -ἴνα
614 938 806 1010 θερίσω
843 935 1286 994 πολλαπλασίονα.
1343 935 1431 1000 Ὠς
1488 932 1548 995 δε
1606 943 1717 998 τοῖς
1764 955 1861 1008 φο-

261 1026 434 1102 ϐεροῖς
464 1027 588 1086 ἑλεῖν
609 1025 765 1086 αὐτὸν
805 1025 900 1082 οὐκ
924 1023 1185 1087 ἠδύναντο
1210 1026 1341 1099 (79),
1401 1029 1490 1082 καὶ
1533 1029 1593 1080 τὸ
1639 1031 1863 1099 πρᾶγμα

261 1115 536 1190 ἀμήχανον
588 1113 670 1188 ἧν,
721 1115 1105 1189 μεταϐαλόντες
1159 1115 1432 1174 ἐθώπευον.
1481 1118 1707 1174 Τοιαύτη
1757 1114 1858 1190 γὰρ

261 1209 290 1266 ἠ
330 1213 422 1262 τοῦ
478 1203 726 1262 διαϐόλου
785 1203 1036 1280 μεθοδεία
1057 1226 1071 1240 ’
1122 1204 1210 1260 τόν
1240 1201 1409 1262 δειλὸν
1439 1203 1744 1272 ἐκπλήσσει,
1771 1208 1859 1260 τὸν

255 1293 490 1370 ἀνδρείοδ
547 1295 828 1370 μαλάσσει.
887 1295 1078 1352 Ὀποία
1123 1292 1185 1355 ἦν
1251 1299 1338 1350 καὶ
1385 1297 1453 1350 τὰ
1493 1299 1610 1352 τότε
1655 1297 1854 1374 τεχνά-

252 1394 548 1461 σματα-τοῦ
577 1389 896 1460 κακούργου.
949 1381 1162 1446 Ἐπειδὴ
1216 1387 1316 1460 γὰρ
1368 1381 1502 1446 εἶδεν
1529 1386 1642 1457 (80)
1700 1385 1858 1440 αὐτὸν

251 1477 347 1534 οὐκ
394 1473 672 1532 ἐνδιδόντα
707 1483 826 1538 ταῖς
873 1474 1131 1543 ἀπειλαῖς,
1185 1473 1412 1538 ἀπάταις
1450 1475 1606 1532 αὐτὸν
1644 1478 1734 1530 καὶ
1776 1471 1857 1533 δε-

243 1565 516 1642 λεασμασι
581 1565 860 1641 περιελθεῖν
935 1564 1195 1640 ἐπειρᾶτο.
1280 1569 1382 1620 Καὶ
1459 1561 1658 1639 δωρεὰς
1731 1566 1858 1620 καθ-

247 1662 584 1730 υπισχνιῖτο,
633 1657 730 1718 τὰς
768 1651 828 1712 δε
865 1651 1074 1721 ἇδίδου,
1106 1659 1196 1712 καὶ
1220 1654 1379 1718 ἄλλας
1415 1658 1560 1731 παρὰ
1599 1654 1856 1728 βασιλέως

246 1745 390 1808 ᾖξειν
418 1741 450 1799 δ
486 1751 737 1817 ογγυᾶτο,
780 1749 874 1804 τὴν
905 1743 953 1799 ἕν
1005 1750 1255 1820 στρατείᾳ
1307 1747 1658 1823 περιφάνειαν,
1718 1765 1856 1820 χρη-

247 1835 425 1908 μάτων
455 1837 668 1907 πόρους,
701 1839 802 1888 πᾶν
828 1835 855 1886 ὃ
881 1852 934 1888 τι
963 1833 1023 1886 ἂν
1056 1832 1322 1907 βούλοιτο.

322 1926 379 1979 6.
440 1919 656 1981 ’λίπειδή
713 1919 772 1978 δε
827 1921 1162 1996 ἀπετύγχανε
1208 1933 1304 1986 τῆς
1353 1928 1536 2000 πείρας
1600 1922 1857 1995 (ἀκούσας

249 2013 354 2088 γὰρ
384 2020 485 2068 τῶ)
517 2013 860 2085 ὑποσχέσεων
908 2014 934 2068 ὀ
981 2016 1259 2087 μακάριος,
1301 2013 1640 2086 κατεγέλασεν
1695 2014 1855 2070 αὐτοῦ

251 2111 350 2164 τῆς
374 2100 570 2170 ἁνιίας,
613 2105 658 2158 εἴ
680 2103 798 2173 (81)
827 2122 880 2158 τι
908 2103 1116 2177 νομίζοι
1143 2103 1418 2176 βασιλείας
1447 2104 1675 2180 οὐρανῶν
1707 2103 1858 2160 ἀντοί-

253 2191 362 2258 ξιον
402 2188 636 2263 δύσειν),
691 2196 808 2248 τότε
861 2189 929 2252 δὴ
989 2191 1247 2269 ἀφόρητος
1301 2191 1362 2253 ἦν
1415 2203 1487 2265 τῷ
1541 2196 1708 2268 θυμῷ,
1767 2199 1858 2250 καὶ

253 2282 400 2356 ξίφος
445 2279 690 2355 ἐγύμνου,
745 2287 835 2340 καὶ
889 2285 977 2338 τὸν
1035 2280 1227 2358 δήμιον
1284 2289 1674 2360 παρεστήσατο,
1767 2289 1858 2340 καὶ

249 2375 398 2448 χειρὶ
426 2376 518 2428 καὶ
545 2371 764 2446 γλώσσῃ
815 2381 1098 2446 μιαιφονῶν
1157 2375 1360 2446 θανάτῳ
1408 2370 1724 2436 κατεδίκαζε
1769 2378 1856 2431 τὸν

251 2463 529 2537 μακάρων.
602 2461 882 2518 Μετέϐαινε
957 2459 1018 2518 δὲ
1086 2469 1188 2518 πᾶν
1245 2467 1303 2518 τὸ
1361 2466 1574 2538 θέατρον
1639 2464 1720 2520 ἰπὶ
1770 2468 1856 2519 τὸν

249 2556 407 2607 τόπον
437 2558 622 2608 τοῦτον
647 2572 659 2586 ο
702 2556 791 2608 καὶ
821 2554 942 2610 ὅσον
970 2551 1266 2628 λειπόμενον
1307 2550 1368 2613 ἦν
1398 2563 1498 2609 τῶν
1551 2555 1854 2630 οἰκητόρων,

249 2640 471 2716 ἕκχυθὶν
496 2662 508 2677 ο
542 2644 644 2716 πρὸ
682 2649 775 2695 τοῦ
805 2647 1041 2714 τείχους,
1075 2643 1210 2718 ἑώρα
1249 2647 1308 2698 τὸ
1365 2648 1502 2717 μίγα
1558 2643 1716 2704 ἐκεῖνο
1765 2650 1856 2700 καὶ

248 2730 520 2804 ἐναγώνιον
580 2733 764 2804 θέαμα,
824 2734 883 2786 τὸ
954 2733 1256 2806 θαυμαστὸν
1322 2738 1414 2788 καὶ
1475 2733 1711 2807 ἀγγέλοις
1766 2739 1857 2790 καὶ

249 2823 394 2895 πείσῃ
421 2823 536 2893 (82)
563 2829 624 2894 τῇ
657 2825 846 2892 κτίσει,
895 2817 1153 2898 ὀδῡνηρόν
1193 2831 1264 2895 τῷ
1319 2820 1569 2896 διαϐόλῳ,
1619 2829 1710 2880 καὶ
1760 2845 1857 2899 φο-

254 2910 402 2988 ϐερὸν
451 2908 718 2984 δαίμοσιν.
779 2911 1030 2972 Ἐκενώθη
1088 2921 1190 2968 τῶν
1246 2913 1531 2990 οἰκητόρων
1594 2917 1624 2974 ἠ
1684 2915 1852 2986 πόλις,

257 3003 430 3077 ὥσπερ
459 3005 595 3063 τινὸς
622 3001 895 3078 ῥεύματος,
950 3010 1044 3060 τοῦ
1090 3004 1324 3068 πλήθους
1372 3003 1573 3079 ἁθρόως
1630 3004 1714 3059 ἐπὶ
1768 3008 1856 3060 τὸν

253 3093 408 3144 τόπον
438 3099 616 3148 τοῦτον
648 3090 1039 3167 μεταρῥυέντος.
1101 3093 1178 3146 Οὐ
1220 3098 1351 3166 γυνή
1403 3091 1715 3159 κατεδέξατο
1743 3098 1858 3167 ys;

255 3180 508 3252 θέας(83)
558 3167 949 3254 ἀπολειφθῆναι,
1010 3181 1104 3236 οὐκ
1153 3181 1282 3258 ἀνὴρ
1333 3183 1532 3258 ἀφανὴς
1577 3185 1607 3246 ἣ
1664 3183 1856 3246 ἐπίση-

244 3289 362 3344 μος.
405 3270 688 3334 Ἐξίλειπον
712 3274 806 3336 τὰς
838 3272 1072 3344 φυλακὰς
1120 3282 1220 3326 τῶν
1279 3276 1434 3329 οἴκων
1491 3278 1541 3328 οἱ
1597 3275 1853 3349 φύλακες·

244 3358 496 3414 ἄκλειστα
545 3364 635 3432 μεν
687 3357 747 3419 ἦν
794 3370 897 3414 τῶν
927 3360 1166 3437 ἐμπόρων
1203 3365 1271 3416 τὰ
1301 3365 1629 3438 ἐργαστήρια
1660 3386 1674 3400 ο
1718 3363 1856 3441 διέρ-

236 3450 398 3527 ῥιπτο
437 3447 496 3503 δι
532 3452 669 3508 κατὰ
698 3453 793 3510 τήν
827 3449 1022 3524 ἀγορὰν
1065 3452 1131 3504 τὰ
1169 3455 1299 3505 ὤνια
1323 3473 1335 3490 ο
1400 3459 1498 3527 μία
1546 3451 1606 3508 δε
1648 3456 1853 3510 πάντων

239 3539 446 3613 φυλακὴ
481 3543 570 3591 καὶ
603 3536 880 3611 ἀσφάλεια,
935 3541 995 3593 τὸ
1052 3530 1493 3615 πάνταίὸμοίως
1542 3542 1850 3611 ὑπεξελθεῖν,

235 3631 332 3684 καὶ
375 3624 517 3700 μηδέ
557 3633 848 3700 κακοῦργον
897 3626 1226 3701 ἔναπομεῐναι
1275 3638 1336 3703 τῇ
1385 3630 1550 3687 πόλει.
1607 3631 1852 3686 Kartha-

235 3737 337 3772 πον
381 3713 562 3774 δοῦλοι
616 3713 885 3771 δεσποτῶν
919 3719 1189 3792 θεραπείας
1221 3740 1235 3756 ο
1294 3725 1386 3774 καὶ
1424 3723 1545 3776 ὅσον
1586 3721 1723 3785 ξένον
1759 3729 1853 3775 τοῦ

248 3803 447 3882 δήμου,
498 3811 602 3860 καὶ
656 3807 778 3860 ὅσον
851 3805 1134 3883 ἐγχώριον,
1184 3805 1289 3864 ὧδε
1345 3819 1518 3883 παρῆν
1553 3814 1701 3886 ⁵πρὸς
1764 3815 1852 3865 τὸν

241 3893 436 3972 ἄνδρα.
500 3900 629 3951 Τότε
679 3900 767 3954 καὶ
821 3898 1074 3972 παρθένος
1113 3897 1280 3970 ὅψεως
1324 3897 1544 3974 ἀρρένων
1592 3901 1851 3956 κατατολμ-

241 3991 484 4062 μήσασα,
511 3990 603 4041 καὶ
631 3985 934 4064 πρεσϐύτης
977 3991 1069 4041 καὶ
1121 3988 1393 4064 ἄρρωστος
1440 3995 1534 4050 τὴν
1583 3990 1852 4046 ἀσθένειαν

246 4075 582 4151 βιασάμενοι,
609 4076 706 4141 ἔξω
735 4084 829 4130 τοῦ
859 4080 1076 4150 τείχους
1117 4075 1272 4138 ἦσαν.
1315 4076 1458 4139 Ἤδη
1507 4076 1567 4134 δε
1615 4083 1854 4156 ὁρμῶντα

238 4171 372 4244 πρὸς
419 4172 516 4229 τὴν
565 4164 660 4222 διὰ
703 4175 797 4222 τοῦ
848 4169 1071 4222 θανάτου
1125 4169 1265 4231 ζωὴν
1313 4173 1404 4225 τὸν
1424 4173 1682 4248 μακάριον
1708 4192 1853 4249 περι-

247 4259 458 4321 στάντες
525 4259 574 4312 οἱ
621 4255 934 4327 ἐπιτήδειοι,
996 4262 1461 4334 περιεπτύσσοντο,
1512 4268 1852 4337 ποτνιώμενοι

233 4354 330 4404 καὶ
385 4347 454 4404 τα
509 4348 780 4404 τελευταῖα
827 4350 1288 4424 κατασπαζόμενοι
1343 4353 1457 4424 (84)
1507 4357 1616 4407 ’καὶ
1667 4355 1851 4428 θερμὸν

242 4439 321 4494 ἐπ’
347 4440 488 4510 αὐτῷ
536 4437 765 4516 δάκρυον
811 4439 1056 4514 ἀφιέντες,
1115 4443 1337 4494 ἱκέτευον
1385 4446 1457 4516 μὴ
1518 4440 1852 4519 παραδοῦναι

237 4529 423 4585 ἑαυτὸν
492 4538 566 4602 τῷ
612 4533 759 4604 πυρὶ,
823 4535 894 4604 μή
953 4529 1326 4604 παραναλῶσαι
1377 4531 1564 4586 ἑαυτοῦ
1605 4537 1700 4594 τὴν
1737 4539 1851 4590 νεό-

240 4639 395 4688 τητα,
419 4623 490 4694 μὴ
524 4619 827 4674 καταλιπεῖν
866 4623 954 4674 τὸν
983 4620 1178 4694 γλυκὺν
1227 4628 1410 4676 τοῦτον
1450 4621 1612 4683 ἣλιον,
1669 4623 1850 4681 ’Ἄλλοι

240 4708 302 4765 δε
359 4710 685 4786 συμϐουλαῖς
721 4713 965 4773 πιθαναῖς
1031 4709 1304 4786 ἐπειρῶντο
1356 4713 1845 4788 παραλογίζεσθαι·

237 4801 458 4882 Ῥήματι
509 4805 649 4876 μόνῳ
697 4802 804 4856 εἰπέ
851 4807 940 4861 τὴν
995 4803 1239 4880 ἄρνησιν,
1299 4801 1454 4877 ψυχῇ
1503 4801 1564 4858 δε
1614 4808 1707 4878 ἔχε
1752 4811 1846 4867 τὴν

240 4896 424 4946 πίστιν
449 4894 519 4954 ὡς
548 4891 608 4944 ἃν
639 4890 779 4966 ἐθέλῃ
793 4912 833 4954 ς.
869 4892 1077 4954 Πάντως
1111 4890 1239 4965 οὐχὶ
1285 4901 1348 4966 τῇ
1396 4893 1613 4970 γλώσσῃ
1673 4915 1845 4973 προσ-

321 5017 434 5089 (78)
463 5020 602 5098 Reg.
623 5017 867 5091 primus
897 5013 1292 5094 δεσμωτηρίων.
1339 5020 1494 5094 [Mox
1519 5020 1687 5080 Colb.
1716 5021 1843 5098 pri-

251 5103 389 5145 mus
420 5094 664 5146 σπείρετε.

321 5108 894 5302 ῗξ9ξ⁷ἒδέἷίεὲὃιξνατα
930 5166 1000 5219 At
1025 5178 1168 5220 mss.
1202 5161 1324 5219 duo
1356 5160 1608 5236 ἠδύνατο,
1663 5169 1846 5224 recte.

321 5234 408 5302 (80
463 5234 628 5292 Colb.
658 5251 892 5302 primus
923 5231 1102 5294 ίπείδὴ
1136 5237 1238 5302 γὰρ
1269 5231 1429 5291 οἶδεν.
1466 5237 1676 5294 Statim
1708 5238 1846 5295 editi

317 5231 443 5311 (§0_)_
463 5234 628 5311 Colb.
658 5234 892 5311 primus
921 5231 1102 5311 ίπείδὴ
1136 5237 1238 5311 γὰρ
1269 5231 1429 5311 οἶδεν.
1466 5231 1850 5311 Statimediti

244 5309 300 5364 et
325 5302 753 5384 Colb.prinius
782 5302 1105 5384 δελεασμασι
1130 5302 1396 5384 περιελεῖν.
1421 5311 1513 5384 fit
1541 5309 1704 5384 ngii
1735 5309 1851 5383 pri-

244 5383 471 5456 muset
497 5377 706 5456 tertius
734 5395 872 5435 cum
896 5377 1068 5456 Co'isl,
1093 5385 1152 5456 et
1174 5377 1316 5436 cum
1340 5379 1503 5456 Colb.
1530 5377 1852 5456 δελξάσμασι

238 5450 1326 5526 περωλθξίν,σίνεαίηιυβῃὶνεκζθςίρθνςε;
1357 5451 1518 5526 et__ita
1539 5450 1854 5526 scripsisse

240 5521 688 5598 putandusest
719 5521 996 5598 Basilius.
1029 5521 1491 5598 SubindeColb.
1526 5521 1760 5598 primus
1800 5529 1857 5582 et

241 5592 421 5668 Coisl.
432 5596 603 5668 ,παρὰ
628 5592 910 5668 βασιλέων,
933 5593 1008 5652 ab
1027 5592 1547 5668 imperatoribus.’
1566 5596 1675 5655 Alii
1704 5614 1853 5655 mss.

245 5669 301 5741 et
329 5666 476 5724 editi
496 5663 641 5741 πάρᾶ
668 5663 946 5740 βασιλέως,
967 5666 1051 5741 _a_d
1070 5663 1447 5741 imperatore.
1471 5668 1702 5741 Ibidem
1716 5669 1858 5730 editi

248 5733 832 5818 διηῃυᾶτοξΑἴωεε.
854 5733 1031 5810 multi
1049 5733 1178 5802 siné
1198 5745 1528 5821 augmento
1549 5737 1854 5820 διεγγυᾶτο.

1972 572 2200 633 amictu
2227 572 2433 630 lucido
2459 572 2818 630 induemur:
2858 586 2970 644 pro
2990 569 3344 641 ignominia,
3363 587 3636 630 coronae:

1973 677 2084 736 pro
2112 677 2374 732 carcere,
2403 662 2757 735 paradisus:
2784 660 2835 717 si
2857 659 3491 722 condemnamurcum
3510 676 3640 719 ma-

1970 750 2176 819 leﬁcis,
2204 751 2474 808 vivemus
2496 768 2637 808 cum
2667 750 2916 822 angelis.
2969 748 3150 806 Multa
3193 748 3254 804 in
3302 764 3402 806 me
3439 750 3636 818 serite,

1972 847 2037 900 ut
2063 846 2292 902 metam
2320 858 2583 902 messem
2615 840 3031 915 multiplicem.
3080 841 3229 898 Cum
3277 843 3482 896 autem
3512 855 3640 897 non

1967 938 2220 1008 possent
2238 950 2378 992 eum
2399 932 2728 992 terroribus
2749 945 3348 1005 expugnare,resque
3366 929 3497 988 ﬁeri
3511 945 3639 1016 non

1967 1029 2173 1098 posset
2197 1043 2210 1093 ;
2243 1027 2472 1082 mutato
2504 1023 2756 1086 consilio
2777 1020 3086 1079 blanditiis
3104 1019 3634 1091 aggrediebantur.

1968 1112 2102 1172 Tale
2133 1117 2222 1170 est
2249 1112 2413 1170 enim
2443 1111 2766 1172 artiﬁcium
2797 1108 3048 1181 diaboli,
3099 1107 3381 1167 timidum
3411 1111 3636 1182 perter-

1967 1202 2194 1270 refaoit,
2217 1202 2432 1262 fortem
2453 1199 2706 1258 emollit.
2745 1197 3062 1273 Ejusmodi
3089 1201 3262 1259 erant
3306 1200 3450 1256 tunc
3489 1212 3640 1272 quo-

1968 1307 2090 1366 que
2117 1290 2379 1350 maleﬁci
2409 1289 2684 1364 praesidis
2703 1288 3001 1346 versutia.
3034 1291 3204 1359 Nam,
3230 1291 3635 1361 posteaquam

1967 1381 2117 1440 vidit
2161 1396 2303 1438 eum
2349 1378 2531 1436 minis
2570 1377 2720 1436 nihil
2760 1378 2994 1446 cedere,
3033 1376 3191 1434 dolis
3220 1376 3424 1449 ipsum
3453 1381 3636 1451 atque

1965 1470 2262 1530 illecebris
2292 1469 2727 1528 circumvenire
2752 1471 3024 1526 conatur.
3074 1465 3474 1524 Pollicebatur
3497 1482 3634 1524 mu-

1962 1577 2130 1620 nera.
2159 1560 2284 1619 Alia
2302 1559 2512 1628 dabat,
2536 1558 2656 1618 alia
2679 1558 2758 1616 ab
2773 1558 3138 1632 imperatore
3162 1555 3484 1614 tribuenda
3501 1571 3635 1613 esse

1965 1651 2378 1726 promittebat,
2411 1650 2617 1708 locum
2644 1649 2707 1708 in
2752 1648 2967 1708 militia
3007 1647 3325 1719 illustrem,
3368 1645 3632 1719 largitio-

1964 1757 2105 1804 nem
2131 1742 2554 1817 pecuniarum,
2581 1738 2879 1814 quidquid
2908 1737 3069 1804 velit.

2038 1927 2090 1982 6.
2121 1922 2236 1982 Sed
2261 1937 2402 1980 cum
2427 1921 2650 1980 frustra
2679 1921 3006 1985 tentaretur
3042 1917 3286 1994 (auditis
3332 1917 3495 1976 enim
3539 1916 3635 1978 his

1965 2011 2521 2086 pollicitationibus,
2553 2011 2645 2068 vir
2670 2010 2890 2068 beatus
2941 2007 3218 2083 prmsidis
3263 2006 3635 2066 dementiam

1965 2101 2164 2172 irrisit,
2194 2101 2245 2160 si
2267 2100 2418 2174 quid
2445 2100 2614 2174 quod
2644 2115 2787 2158 cum
2815 2113 3006 2170 regno
3049 2096 3342 2163 caelorum
3390 2111 3636 2170 compa-

1964 2192 2086 2252 rari
2109 2191 2316 2264 possit,
2349 2191 2639 2251 daturum
2675 2205 2739 2246 se
2770 2188 3203 2257 arbitraretur),
3235 2191 3364 2246 tum
3388 2186 3492 2244 irae
3525 2186 3634 2244 im-

1967 2288 2184 2357 potens
2215 2286 2365 2352 erat,
2395 2286 2453 2340 et
2497 2281 2769 2352 gladium
2813 2277 3240 2350 distringebat,
3275 2281 3334 2336 et
3361 2277 3635 2340 lictorem

1967 2372 2240 2448 ponebat
2261 2372 2344 2431 ob
2365 2371 2600 2439 oculos,
2640 2375 2700 2429 et
2721 2385 2829 2443 per
2857 2385 3114 2432 manum
3143 2373 3201 2430 et
3228 2383 3332 2440 per
3359 2367 3636 2438 linguam

1967 2463 2130 2522 caede
2159 2479 2226 2521 se
2255 2461 2910 2528 contaminans,virum
2929 2460 3176 2522 beatum
3193 2459 3370 2518 morti
3381 2458 3635 2517 addixit.

1967 2557 2198 2612 Interea
2225 2554 2304 2611 ad
2323 2553 2489 2612 hunc
2508 2552 2713 2610 locum
2747 2550 3024 2612 transivit
3059 2549 3365 2610 theatrum
3401 2563 3585 2608 omne
3619 2565 3636 2616 ;

1968 2648 2026 2701 et
2053 2648 2351 2718 quotquot
2380 2642 2598 2716 reliqui
2619 2647 2792 2703 erant
2819 2641 3060 2709 incolas,
3092 2655 3204 2713 pro
3232 2638 3537 2700 moenibus
3557 2637 3637 2698 ef-

1966 2734 2106 2806 fusi,
2141 2749 2435 2804 magnum
2461 2732 2611 2792 illud
2659 2737 2718 2790 et
2762 2731 3173 2805 palaestricum
3219 2727 3639 2804 spectaculum

1966 2825 2327 2882 cernebant:
2361 2824 2532 2898 quod
2563 2829 2690 2884 erat
2717 2827 2776 2880 et
2803 2821 3038 2893 angelis
3067 2826 3124 2880 et
3153 2825 3440 2881 creaturis
3469 2819 3641 2880 omni

1967 2915 2422 2984 admirandum,
2453 2914 2800 2972 luctuosum
2819 2913 3087 2984 diabolo,
3114 2911 3498 2972 dmmonibus
3523 2910 3642 2970 for-

1967 3006 2352 3063 midandum.
2387 3005 2593 3062 Vacua
2621 3003 2851 3062 civibus
2873 3003 3084 3061 effecta
3113 3007 3204 3059 est
3231 3002 3464 3069 civitas,
3488 2999 3642 3060 mul-

1965 3095 2218 3153 titudine
2247 3093 2576 3152 acervatim
2605 3092 2874 3152 ﬂuminis
2904 3092 3093 3151 instar
3120 3091 3184 3151 in
3222 3091 3387 3150 hunc
3433 3091 3640 3149 locum

1895 3214 1936 3270 C
1966 3189 2433 3244 transcurrente.
2478 3186 2610 3241 Non
2641 3183 2754 3242 fuit
2779 3183 3016 3254 mulier,
3043 3198 3180 3257 quas
3206 3197 3243 3240 a
3289 3180 3455 3259 14³1
3507 3195 3638 3270 spe-

1965 3275 2197 3334 ctaculo
2229 3275 2446 3333 abesse
2468 3274 2884 3340 voluerit,non
2909 3273 2996 3332 vir
3016 3273 3337 3344 obscurus,
3381 3275 3485 3330 aut
3504 3269 3640 3330 illu-

1964 3366 2100 3422 stris
2128 3365 2339 3423 abfuit.
2371 3365 2686 3422 Custodias
2719 3364 3001 3422 custodes
3027 3363 3357 3420 domorum
3403 3361 3639 3421 desere-

1962 3455 2140 3524 bant;
2169 3459 2390 3528 apertas
2413 3459 2584 3512 erant
2605 3460 3012 3514 mercatorum
3034 3453 3300 3512 tabernae
3320 3471 3333 3522 ;
3351 3451 3640 3524 jacebant

1960 3545 2024 3602 in
2055 3544 2186 3601 foro
2212 3560 2308 3601 res
2334 3545 2612 3612 venales;
2655 3560 2780 3601 una
2807 3545 3084 3602 omnium
3106 3547 3233 3602 erat
3257 3541 3535 3600 custodia
3563 3555 3638 3600 ac

1962 3635 2276 3704 securitas,
2297 3634 2514 3691 exiisse
2545 3649 2757 3691 omnes
2773 3633 3106 3707 aequaliter,
3136 3638 3283 3690 etne
3300 3647 3490 3690 unum
3501 3630 3636 3704 qui-

1962 3725 2102 3782 dem
2133 3723 2482 3782 maleﬁcum
2508 3723 2572 3782 in
2597 3723 2746 3781 urbe
2775 3723 3160 3781 remansisse.
3193 3721 3636 3795 Relinquebant

1961 3815 2119 3872 servi
2131 3815 2520 3872 dominorum
2548 3813 2916 3882 ministeria;
2951 3818 3010 3872 et
3028 3812 3442 3886 quodcunque
3463 3825 3634 3884 pere-

1962 3906 2274 3978 grinorum
2297 3909 2400 3961 aut
2418 3903 2846 3974 indigenarum
2868 3907 3015 3972 erat,
3029 3901 3284 3960 omneid
3297 3899 3633 3959 hocinloco

1960 3996 2041 4053 ad
2112 3995 2310 4052 virum
2385 3993 2887 4067 conspiciendum
2947 3993 3205 4051 astabat.
3244 3994 3408 4048 Tunc
3448 3989 3632 4049 etiam

1957 4087 2130 4157 virgo
2159 4084 2426 4142 marium
2457 4085 2755 4142 sustinere
2777 4088 3092 4157 aspectum
3115 4097 3270 4140 ausa
3289 4085 3396 4150 est,
3421 4095 3631 4142 senex-

1959 4192 2079 4251 que
2105 4180 2163 4234 et
2209 4174 2504 4244 infirmus,
2564 4174 2730 4232 illata
2770 4174 2831 4231 vi
2877 4173 3192 4243 debilitati,
3235 4175 3411 4230 erant
3461 4175 3632 4231 extra

1961 4281 2189 4324 muros.
2219 4265 2353 4323 Jam
2379 4264 2560 4335 igitur
2586 4265 2788 4321 virum
2813 4263 3062 4322 beatum
3091 4266 3284 4321 morte
3327 4260 3406 4319 ad
3444 4261 3628 4320 vitam

1961 4359 2390 4430 properantem
2414 4353 2878 4412 circumstantes
2908 4352 3086 4411 amici
3115 4368 3254 4412 cum
3301 4350 3628 4423 gemitibus

1960 4444 2505 4520 amplectebantur,
2537 4459 2607 4501 ac
2633 4449 2970 4501 extremam
3015 4441 3274 4500 salutem
3320 4440 3627 4509 dicebant,

1961 4541 2142 4611 atque
2189 4534 2396 4593 effusis
2437 4534 2806 4592 ferventibus
2855 4532 3164 4606 lacrymis,
3217 4530 3628 4604 precabantur

1958 4642 2034 4684 ne
2057 4635 2250 4684 semet
2269 4624 2534 4682 traderet
2558 4624 2702 4697 igni,
2735 4639 2811 4681 ne
2832 4637 3008 4680 suam
3036 4621 3382 4679 absumeret
3405 4619 3623 4691 juven-

1957 4721 2166 4786 tutam,
2210 4731 2286 4774 ne
2325 4715 2672 4787 jucundum
2717 4715 2878 4771 hunc
2921 4711 3110 4770 solem
3156 4710 3621 4783 derelinqueret.

1956 4806 2068 4864 Alii
2095 4805 2358 4864 consiliis
2388 4805 2468 4865 ad
2503 4803 2996 4880 persuadendum
3031 4801 3270 4862 idoneis
3297 4816 3438 4860 eum
3466 4797 3625 4859 deci-

1958 4911 2099 4972 pere
2131 4895 2508 4953 nitebantur:
2545 4897 2706 4966 Nega
2729 4892 2916 4952 verbo
2947 4891 3079 4952 solo
3109 4903 3123 4962 ;
3156 4891 3219 4950 in
3249 4889 3454 4950 animo
3475 4903 3620 4952 vero

2024 5022 2138 5095 (81)
2169 5021 2335 5079 Colb.
2364 5021 2570 5095 tertius
2604 5018 2778 5086 ἀνοίας
2807 5019 2959 5076 εἰπὼν
2991 5019 3054 5076 εἰ.
3085 5021 3205 5078 Hoc
3233 5016 3366 5094 ipso
3395 5016 3458 5076 in
3485 5013 3620 5082 loco

1955 5093 2079 5151 dllo
2109 5093 2504 5168 mss,_vepiﬁj5t.

2029 5168 2146 5238 (82)
2178 5162 2409 5221 Εάὶῐῖτὸ
2453 5167 2754 5239 θαυμαστὸν
2793 5169 2883 5239 καὶ
2907 5162 3157 5239 ’ἀγγέλοις
3189 5163 3494 5239 θαυμαστὸν
3532 5167 3624 5239 καί

1957 5234 2103 5312 πάσῃ
2116 5234 2135 5293 ,⁷
2161 5239 2293 5294 Vox
2316 5234 2617 5312 θαυμαστὸν
2668 5237 2855 5294 semel
2888 5234 3184 5294 duntaxat
3210 5236 3272 5294 in
3292 5234 3451 5292 'mss.
3480 5234 3626 5306 legi-

1960 5315 2055 5368 tur
2079 5310 2091 5378 ξ
2120 5326 2230 5366 nec
2257 5327 2392 5366 eam
2419 5310 2609 5382 repeti
2635 5324 2887 5382 necesse
2907 5312 3014 5364 est.

2032 5376 2142 5450 (83)
2179 5383 2270 5440 Sic
2299 5382 2434 5442 libri
2459 5376 2709 5439 veteres.
2744 5379 2893 5438 Edili
2921 5395 3064 5437 vero
3087 5376 3398 5450 κατεδέξατο
3419 5382 3477 5434 τὸ
3511 5385 3628 5445 τῆς,

1963 5449 2317 5530 etc._Statim
2345 5470 2504 5530 unus
2535 5453 2727 5512 codex
2758 5452 2983 5518 ἐξέλιπον
3011 5456 3194 5522 τὰς....
3230 5449 3624 5530 διεῤῥίπτετο...

1961 5526 2232 5582 κατελιπον
2266 5523 2301 5580 δ
2304 5525 2464 5584 οὖλοι.

2037 5599 2142 5672 (84)
2175 5598 2341 5672 Colb.
2369 5597 2576 5672 tertius
2620 5597 2888 5672 τελευταῖα
2929 5593 3370 5672 σπουδ-αζόυενοι.
3417 5595 3630 5672 statim

1963 5668 2053 5746 οἱ
2094 5668 2870 5746 αηιὶᾳυιεῄιιυοιρυεμὶὶῥτὶε
2923 5668 3229 5746 edendum
3283 5668 3633 5746 curavimus

1965 5742 2152 5803 εαυτοῦ
2181 5741 2294 5827 ptio
2323 5744 2506 5803 αὐτοῦ.
2537 5741 2804 5804 Subinde
2833 5757 2994 5804 unus
3039 5757 3155 5802 ms.
3202 5743 3404 5827 ῥήματι
3439 5745 3624 5823 μόνον.
