4098 6384
488 356 589 412 ξ’)03

1862 356 1922 413 s.
1962 334 2211 432 nisu.“
2248 355 2471 413 mem

3749 362 3857 417 504

484 482 553 535 ut
600 477 790 547 voles,
833 493 1011 536 serva
1048 478 1259 537 ﬁdem.
1292 482 1507 555 Utique
1531 497 1656 539 non
1696 480 1951 539 attendit
1988 482 2143 536 Deus

2262 485 2366 553 ἔχει
2391 484 2541 551 Θεὸς,
2580 481 2709 536 ἀλλὰ
2749 490 2812 557 τῇ
2864 479 3074 556 διανοιᾳ
3129 490 3223 536 τοῦ
3271 485 3643 558 φθεγγομένου.
3700 484 3855 539 Οὕτω

483 568 778 638 linguam,
828 568 937 623 sed
987 568 1294 641 loquentis
1353 576 1639 629 mentem.
1690 575 1776 628 lta
1825 570 1988 627 enim
2039 568 2145 625 tibi

482 656 686 714 licebit
712 661 772 714 et
810 657 1081 729 judicem
1128 660 1425 733 mitigare,
1479 664 1537 719 et
1578 663 1770 718 Deum
1812 659 2144 734 propitium

486 746 759 803 reddere.

558 842 613 894 7.
642 842 714 895 At
739 837 836 894 ille
864 838 1210 897 inﬂexibilis
1239 844 1366 897 erat
1408 846 1467 898 et
1493 841 1849 909 indomitus,
1882 854 1994 896 nec
2019 837 2143 895 ullo

484 928 889 986 tentationum
919 929 1150 1003 impetu
1176 929 1474 987 vulnerari
1513 936 1775 1005 poterat.
1819 930 2148 1002 Compara-

481 1018 648 1074 -veris
672 1018 859 1074 animi
891 1019 1083 1091 ipsius
1129 1020 1447 1077 immotam
1488 1021 1892 1077 constantiam
1936 1018 2150 1075 domui

489 1107 802 1179 sapientis,
842 1125 1030 1181 quam
1059 1125 1256 1182 neque
1285 1115 1603 1167 ventorum
1634 1110 1720 1166 vis
1749 1108 2147 1176 intoleranda,

488 1211 688 1269 neque
718 1197 1255 1254 vehemensimber
1274 1214 1347 1254 ex
1368 1198 1634 1255 nubibus
1664 1213 2013 1271 erumpens,
2042 1211 2152 1252 ne-

492 1301 613 1358 que
640 1290 933 1342 torrentes
966 1285 1164 1342 diffusi
1194 1294 1426 1360 queunt
1455 1293 1794 1356 concutere,
1839 1288 1920 1343 ob
1967 1291 2152 1359 petras

490 1376 837 1433 ﬁrmitatem
855 1378 924 1432 9⁸.
960 1376 1270 1447 Ejusmodi
1326 1383 1455 1433 erat
1505 1378 1599 1434 vir
1648 1378 1766 1449 ille,
1826 1377 1971 1433 ﬁdei
2016 1390 2153 1448 quas

491 1467 552 1522 in
583 1466 879 1522 Christum
905 1471 994 1522 est
1022 1466 1442 1524 fulcimentum
1461 1468 1893 1524 inconcussum
1911 1480 2155 1523 conser-

491 1570 661 1612 vans.
697 1558 761 1612 Et
790 1571 932 1612 vero
983 1556 1398 1629 spiritualibus
1448 1559 1638 1615 oculis
1681 1560 2156 1615 circumcurren-

487 1648 613 1700 tem
632 1643 947 1700 diabolum
968 1660 1110 1701 cum
1134 1652 1421 1714 cerneret,
1441 1648 1846 1703 concitantem
1868 1646 2057 1702 alium
2078 1643 2157 1701 ad

490 1733 847 1805 lugendum,
882 1734 1279 1806 adjuvantem
1311 1736 1499 1793 alium
1529 1736 1608 1793 ad
1639 1736 2155 1809 persuadendum,

2251 573 2352 645 γὰρ
2392 572 2609 648 ὑπάρξει
2653 592 2738 627 σοι
2792 592 2885 627 και
2934 577 3024 626 τόν
3068 577 3254 650 κριτὴν
3296 571 3708 649 ἐκμειλίξασθαι,
3761 578 3856 633 καὶ

2253 664 2340 713 τόν
2379 664 2508 716 Θεὸν
2535 661 2910 727 ἑξιλεώσασθαι
2941 664 3073 736 (85).

2324 847 2378 898 7.
2419 841 2478 894 Ὀ
2508 838 2568 897 δὲ
2609 843 2885 917 ἄκαμπτος
2926 841 3010 912 ἧν,
3053 848 3146 898 καὶ
3194 840 3528 918 ἀδάμαστος,
3574 849 3665 898 καὶ
3706 846 3855 920 πάσῃ

2254 930 2519 1005 προσϐολῇ
2575 937 2925 1008 πειρατηρίων
2986 936 3234 1007 ἄτρωτος.
3279 935 3535 997 Εἰκάσαις
3585 932 3648 987 ἂν
3695 934 3859 989 αὐτοῦ

2257 1029 2355 1082 τῆς
2379 1018 2612 1083 διανοίας
2640 1026 2699 1075 τὸ
2738 1025 2982 1076 ἄσειστον
3024 1031 3088 1096 τῇ
3138 1023 3282 1098 οἰκίᾳ
3331 1032 3425 1077 τοῦ
3476 1028 3751 1099 φρονίμου,
3797 1026 3860 1085 ἣν

2258 1109 2375 1163 οὒτε
2419 1109 2615 1184 ἀνίμων
2669 1111 2920 1186 ἀφόρητοι
2979 1111 3118 1186 βίαι,
3179 1117 3297 1167 οὕτε
3349 1113 3538 1188 λάϐρον
3590 1111 3738 1190 ὕδωρ
3805 1113 3861 1169 ἐκ

2259 1209 2419 1273 νεφῶν
2470 1202 2977 1276 καταρρηγνύμενον,
3060 1206 3178 1257 οὔτε
3248 1199 3529 1279 χαράδραι
3602 1203 3861 1279 περιρρη-

2260 1292 2527 1363 γνύμεναι,
2562 1286 2656 1343 διὰ
2683 1296 2779 1350 τὴν
2831 1292 2886 1345 ἐκ
2941 1301 3035 1356 τῆς
3083 1296 3277 1369 πέτρας
3315 1292 3617 1367 ἀσφάλειαν,
3674 1290 3865 1347 διασα-

2262 1378 2445 1432 λεῡσαι
2471 1376 2741 1437 δύνανται.
2773 1387 3019 1445 Τοιοῦτος
3048 1380 3111 1441 ἦν
3155 1383 3181 1435 ὁ
3231 1381 3381 1458 ἀνὴρ,
3436 1380 3721 1436 ἀσάλευτον
3747 1384 3864 1455 (86)

2263 1472 2325 1522 τὸ
2378 1473 2646 1545 στερέωμα
2699 1478 2796 1533 τῆς
2870 1470 2936 1533 εἰς
2992 1476 3226 1546 Χριστόν
3281 1477 3511 1534 πίστεως
3558 1468 3861 1534 διασὼξων.

2267 1558 2468 1612 Βλέπων
2516 1567 2627 1621 τοῖς
2699 1569 3071 1634 πνευματικοῖς
3136 1561 3422 1635 ὀφθαλμοῖς
3487 1565 3869 1638 περιτρέχοντα

2263 1651 2350 1701 τὸν
2382 1645 2645 1716 διάϐολον,
2700 1654 2790 1702 καί
2845 1653 2933 1703 τόν
2985 1654 3075 1724 μὲν
3129 1659 3374 1705 κινοῦντα
3425 1652 3557 1727 πρὸς
3611 1648 3866 1729 δάκρυον,

2265 1746 2338 1809 τῷ
2399 1735 2459 1791 δι
2525 1747 2876 1814 συνεργοῦντα
2946 1744 3078 1817 πρὸς
3145 1743 3511 1800 πιθανότητα*
3593 1747 3704 1804 τοῖς

492 1823 877 1897 plorantibus
916 1824 1165 1897 quidem
1205 1824 1354 1882 illud
1397 1825 1637 1882 Domini
1679 1826 1938 1883 verbum
1984 1824 2151 1895 dixit,

2267 1827 2538 1881 κλαίουσιν
2597 1826 2703 1881 εἶπε
2754 1831 2815 1882 τὸ
2869 1836 2962 1882 τοῦ
3017 1834 3212 1904 Κυρίου
3267 1830 3453 1906 ῥῆμαο
3519 1833 3605 1889 Μὴ
3663 1828 3867 1885 κλαίετε

491 1914 695 1971 Nolite
730 1914 878 1984 ﬂere
918 1928 1101 1984 super
1142 1917 1340 1971 me":
1391 1915 1501 1971 sed
1537 1915 1676 1973 ﬂete
1725 1930 1910 1988 super
1953 1914 2157 1971 hostes

495 2001 617 2063 Dei.
647 2002 754 2075 qui
785 2002 848 2058 in
878 2002 1115 2074 pietatis
1145 2003 1403 2061 cultores
1450 2004 1594 2061 talia
1634 2004 1882 2076 audent,
1925 2003 2157 2077 quique

491 2107 602 2164 per
619 2092 779 2147 hanc
806 2092 1123 2148 ﬂammam
1144 2108 1333 2166 quam
1359 2093 1440 2150 ad
1459 2110 1572 2150 nos
1591 2093 2041 2152 comburendos
2063 2108 2159 2150 ac-

493 2180 777 2245 cendunt,
810 2181 1103 2250 gehennae
1134 2180 1337 2251 ignem
1364 2182 1608 2239 sibimet
1634 2188 1873 2255 parant.
1898 2181 2157 2239 Desinite

489 2268 655 2340 ﬂere,
686 2273 745 2326 et
771 2285 877 2326 cor
899 2285 1107 2328 meum
1132 2271 1416 2341 afﬂigere.
1473 2274 1596 2345 Ego
1627 2273 1788 2329 enim
1817 2287 1943 2329 non
1967 2271 2156 2329 semel

491 2359 689 2417 solum
718 2360 870 2418 mori
881 2366 1133 2434 paratus
1148 2378 1283 2417 sum
1304 2378 1417 2435 pro
1436 2363 1685 2420 nomine
1699 2362 1938 2425 Domini
1955 2364 2097 2420 Jesu
2111 2365 2153 2432 ί,

492 2450 600 2505 sed
625 2454 683 2505 et
706 2449 943 2517 millies,
976 2450 1041 2506 id
1087 2450 1139 2507 si
1178 2450 1307 2507 ﬁeri
1357 2456 1580 2524 posset.
1632 2451 1777 2507 Aliis
1826 2467 1972 2509 vero
2026 2450 2154 2524 qui,

490 2544 559 2596 ut
579 2539 789 2611 lingua
810 2545 1078 2611 negaret,
1104 2541 1471 2611 suadebant,
1509 2542 1842 2615 respondit,
1879 2541 2156 2612 linguam

493 2644 625 2701 quae
642 2644 679 2685 a
710 2629 939 2687 Christo
960 2635 1161 2687 creata
1182 2637 1330 2699 erat,
1345 2630 1685 2705 quidquam
1701 2632 1764 2687 in
1783 2631 2156 2688 conditorem

490 2718 660 2792 loqui
697 2734 822 2776 non
864 2734 1066 2792 posse.
1108 2719 1300 2777 Corde
1342 2721 1503 2777 enim
1549 2721 1855 2777 credimus
1876 2720 1959 2777 ad
1982 2719 2158 2792 justi-

490 2809 663 2878 tiam,
693 2824 799 2865 ore
826 2825 971 2866 vero
997 2809 1363 2867 conﬁtemur
1383 2811 1464 2867 ad
1492 2810 1810 2868 salutem'.
1865 2813 2019 2867 Num
2048 2809 2157 2866 mi-

467 2897 677 2955 litaris
700 2897 931 2955 ordinis
957 2899 1281 2972 desperata
1301 2899 1466 2956 salus
1517 2906 1610 2957 est
1630 2901 1657 2956 ‘I
1712 2899 1995 2957 nullusne
2019 2915 2158 2957 cen-

492 2987 649 3044 turio
674 2987 813 3061 pius
844 2988 872 3044 ‘I
912 2988 1214 3046 Recordor
1262 2990 1532 3062 primum
1588 2990 1956 3047 centurionis
2001 2990 2154 3061 ejus,

491 3077 599 3150 qui
650 3078 860 3135 Christi
918 3078 1080 3136 cruci
1139 3084 1370 3146 astans,
1437 3096 1511 3137 ex
1566 3080 1874 3137 miraculis
1914 3081 2158 3152 cognita

466 3167 624 3239 'ejus
656 3167 944 3240 potentia,
977 3168 1264 3261 fervente
1291 3168 1497 3227 adhuc
1525 3170 1877 3228 Judaeorum
1909 3169 2156 3261 scelere,
2194 3206 2235 3261 ο

493 3271 706 3315 eorum
730 3271 855 3314 non
874 3257 1145 3314 extimuit
1170 3258 1346 3325 iram,
1391 3274 1590 3332 neque
1629 3264 1797 3315 metu
1847 3258 2156 3316 veritatem

466 3346 765 3403 reticuit:
798 3345 910 3403 sed
935 3347 1253 3403 confessus
1284 3352 1394 3416 est,
1442 3364 1553 3405 nec
1580 3349 1824 3418 negavit
1851 3364 1991 3405 eum
2019 3363 2158 3405 vere

496 3450 631 3493 esse
662 3435 872 3493 Filium
905 3436 1059 3494 Deis.
1093 3438 1243 3496 Novi
1270 3443 1329 3495 et
1354 3438 1544 3497 alium
1573 3439 2011 3502 centurionem,
2051 3438 2159 3512 qui

498 3526 844 3595 Dominum,
897 3543 1040 3583 cum
1078 3528 1281 3585 adhuc
1323 3528 1388 3585 in
1433 3543 1616 3586 carne
1653 3534 2156 3599 commoraretur,

499 3616 785 3687 cognovit
797 3618 985 3674 Deum
1000 3634 1133 3674 esse
1148 3623 1640 3693 potestatumque
1660 3634 1887 3690 regem,
1904 3623 1964 3676 et
1981 3620 2159 3691 jussu

497 3704 630 3763 solo
653 3721 762 3779 per
788 3706 1182 3766 administros
1211 3709 1459 3781 spiritus
1488 3725 1671 3783 opem
1687 3709 2002 3781 egentibus
2017 3725 2161 3766 con-

470 3796 647 3853 terre
672 3812 883 3869 posse:
914 3812 1102 3870 quem
1129 3803 1188 3855 et
1215 3798 1335 3855 ﬁde
1367 3799 1648 3856 lsraelem
1676 3799 2028 3856 universum
2056 3815 2156 3856 su-

496 3898 741 3959 perasse
771 3886 1063 3943 Dominus
1083 3888 1550 3960 pronuntiavit‘.
1590 3890 1803 3946 Nonne
1847 3892 1905 3945 et
1943 3891 2159 3946 Corne-

493 3973 625 4045 lius,
660 3990 801 4030 cum
837 3975 1109 4033 centurio
1155 3983 1336 4043 esset,
1385 3978 1718 4051 promeruit
1767 3981 1827 4034 ut
1870 3978 2156 4049 angelum

505 4062 681 4135 15.8
715 4063 959 4130 videret,
988 4081 1059 4122 ac
1109 4071 1416 4139 postremo
1460 4083 1569 4140 per
1610 4070 1848 4124 Petrum
1897 4068 2157 4126 salutem

482 4152 931 4226 adipisceretur
948 4155 977 4212 ?
1020 4156 1252 4230 Quippe
1283 4157 1685 4230 eleemosynas
1712 4157 1842 4228 ejus
1867 4162 1926 4215 et
1947 4174 2157 4231 preces

494 4243 794 4301 exaudita:
811 4247 1130 4320 suntapud
1142 4250 1330 4305 Deum
1343 4250 1386 4304 ⁵.
1406 4248 1652 4307 Illorum
1673 4247 1811 4306 volo
1828 4265 1958 4306 esse
1976 4249 2155 4307 disci-

492 4333 1024 4406 pulus.0uomodo
1038 4337 1221 4407 igitur
1240 4339 1484 4409 negabo
1504 4340 1692 4397 Deum
1723 4355 1950 4407 meum,
1969 4355 2154 4413 quem

495 4438 533 4481 a
548 4439 736 4497 puero
746 4424 999 4483 adoravi
1017 4427 1276 4484 %.Nonne
1292 4429 1599 4485 horrescat
1612 4428 1835 4487 ncelum
1849 4428 2115 4503 desuper
2125 4429 2153 4486 ?

2267 1917 2344 1970 ἐπ’
2398 1917 2531 1991 ἐμοί.
2589 1916 2719 1971 ἀλλὰ
2772 1918 3035 1973 κλαύσατε
3085 1919 3171 1973 ἐπὶ
3229 1923 3354 1983 τοὺς
3402 1920 3490 1991 (87
3546 1921 3865 1993 θεομάχους,

2267 2010 2386 2070 τούς
2440 2010 2509 2061 τὰ
2558 2016 2778 2061 τοιαῦτα
2821 2009 3118 2083 τολμῶντας
3168 2012 3305 2063 κατὰ
3354 2018 3455 2063 τῶν
3499 2008 3865 2078 εὐσεϐούντων,

2264 2100 2383 2159 τοὺς
2405 2094 2498 2150 διὰ
2526 2107 2622 2161 τῆς
2653 2097 2838 2172 φλογός
2865 2102 3077 2171 ταύτης,
3134 2101 3196 2160 ἣν
3248 2100 3365 2153 καθ’
3410 2102 3557 2174 ἡμῶν
3603 2104 3864 2168 καίουσιν,

2267 2187 2472 2250 ἑαυτοῖς
2522 2196 2619 2250 τῆς
2669 2193 2875 2260 γεέννης
2923 2192 2982 2242 τὸ
3038 2197 3143 2265 πῦρ
3221 2190 3661 2265 θησαυρίζοντας.
3732 2190 3869 2243 Παύ-

2269 2278 2434 2330 σασθε
2484 2277 2764 2345 κλαίοντες,
2829 2283 2920 2332 καὶ
2978 2281 3385 2355 συνθρύπτοντές
3436 2299 3538 2353 μου
3593 2283 3689 2339 τήν
3743 2297 3869 2353 καρ-

2267 2362 2410 2421 δίαν.
2466 2366 2595 2438 Ἐγὼ
2646 2370 2749 2442 γὰρ
2807 2368 2868 2420 οὐ
2920 2372 3073 2441 μόνον
3126 2368 3267 2433 ἅπαξ
3324 2368 3599 2424 ἀποθανεῖν
3652 2369 3867 2442 ἑτοίμως

2266 2458 2377 2528 ἔχω
2407 2457 2535 2532 ὑπὲρ
2564 2465 2658 2510 τοῦ
2691 2457 2943 2530 ὀνόματος
2980 2466 3072 2511 τοῦ
3117 2463 3314 2534 Κυρίου
3363 2459 3562 2527 Ἰησοῦ,
3605 2457 3734 2511 ἀλλὰ
3777 2463 3869 2511 καὶ

2266 2547 2533 2621 μυριάκις,
2596 2546 2680 2599 ἐὰν
2730 2549 2835 2600 οἷόν
2882 2548 3069 2620 τι(88)
3111 2545 3169 2621 ᾖ.
3217 2555 3339 2611 Τοῖς
3378 2545 3437 2601 δὲ
3487 2553 3584 2608 τὴν
3637 2545 3734 2602 διὰ
3771 2556 3866 2612 τῆς

2264 2634 2512 2707 γλώσσης
2562 2636 2782 2710 ἄρνησιν
2843 2636 3263 2710 συμϐουλεύουσι
3340 2645 3590 2690 τοσοῦτον
3657 2636 3868 2713 ἀπεκρί-

2265 2743 2408 2791 νατο,
2463 2725 2545 2777 ὅτι
2602 2724 2696 2776 οὐκ
2754 2723 2998 2798 ἀνέχεται
3049 2727 3078 2784 ἠ
3127 2725 3349 2798 γλῶσσα
3394 2727 3674 2778 κτισθεῖσα
3722 2726 3868 2799 παρὰ

2265 2820 2504 2889 Χριστοῦ
2540 2813 2865 2887 φθέγξασθαί
2915 2835 2968 2868 τι
3018 2816 3155 2868 κατὰ
3191 2822 3280 2868 τοῦ
3308 2833 3602 2876 κτισαντος.
3656 2810 3868 2887 Καρδίᾳ

2264 2905 2366 2978 γὰρ
2416 2906 2727 2977 πιστεύομεν
2755 2903 2826 2967 εἰς
2880 2900 3244 2974 δικαιοσύνην,
3301 2907 3527 2977 στόματι
3583 2899 3645 2956 δι
3686 2901 3867 2975 ὁμολο-

2264 2999 2455 3065 γοῦμεν
2513 2992 2585 3055 εἰς
2643 2997 2929 3067 σωτηρίαν.
2983 2998 3068 3052 Μὴ
3118 2995 3219 3069 γὰρ
3283 2991 3678 3066 ἀπεγνωσμένον
3752 2990 3867 3045 ἐστὶ

2264 3085 2398 3157 πρὸς
2425 3086 2690 3158 σωτηρίαν
2719 3086 2778 3135 τὸ
2814 3085 3189 3163 στρατιωτικόν
3227 3084 3405 3155 τάγμα
3443 3099 3458 3151 ;
3516 3086 3588 3156 μη
3637 3082 3741 3157 γὰρ
3784 3080 3871 3134 ού-

2268 3168 2374 3233 δεὶς
2427 3171 2816 3248 ἑκατόνταρχος
2890 3171 3144 3240 εύσεϐἠςς
3221 3176 3505 3246 Μέμνημαι
3573 3178 3666 3225 τοῦ
3730 3174 3870 3244 πρώ-

2265 3280 2358 3314 του
2414 3262 2523 3333 (89)
2602 3262 3010 3335 ἑκατοντάρχου,
3088 3261 3163 3329 ὃς,
3216 3266 3487 3336 παρεστὼς
3536 3269 3610 3333 τῷ
3657 3269 3870 3335 σταυρῷ

2264 3358 2358 3404 τοῦ
2408 3358 2663 3425 Χριστοῦ,
2715 3350 2770 3404 ἐκ
2820 3358 2921 3403 τὼν
2980 3352 3259 3424 θαυμάτων
3310 3356 3407 3410 τὴν
3472 3347 3698 3424 δύναμιν
3763 3348 3870 3403 ἐπι·-

2265 3445 2438 3512 γνοὺς,
2497 3443 2574 3494 ἔτι
2633 3442 2824 3514 θερμοῦ
2875 3448 2968 3494 τοῦ
3015 3441 3353 3515 τολμήματος
3407 3441 3553 3503 ὄντος
3602 3447 3702 3493 τῶν
3741 3438 3871 3493 Ἰου-

2268 3528 2453 3603 δαίων,
2513 3529 2609 3583 οὐκ
2661 3529 2888 3603 ἐφοϐήθη
2939 3534 3028 3583 τὸν
3093 3532 3257 3603 θυμὸν
3309 3531 3500 3599 αὐτῶν,
3568 3525 3694 3583 οὐδὲ
3765 3532 3869 3602 μὴν

2267 3620 2531 3679 ὑπεστάλη
2583 3618 2887 3693 ἀναγγεῖλαι
2936 3625 3032 3679 τὴν
3067 3619 3330 3687 ἀλήθειαν,
3381 3618 3491 3671 ἀλλ’
3543 3618 3865 3693 ὡμολόγησε,

2264 3716 2356 3764 καὶ
2385 3711 2480 3764 ούκ
2509 3711 2798 3786 ἠρνήσατο,
2849 3712 2931 3763 ὅτι
2979 3708 3183 3772 ἀληθῶς
3234 3717 3369 3764 Θεοῦ
3421 3712 3538 3771 Υἱὸς
3589 3706 3671 3768 ἧν.
3727 3703 3870 3761 Οἶδα

2264 3806 2356 3854 καὶ
2413 3800 2563 3853 ἄλλον
2617 3798 3023 3875 ἑκατόνταρχον,
3080 3799 3130 3852 ἐν
3190 3804 3348 3873 σαρκὶ
3405 3801 3482 3852 ἔτι
3534 3802 3620 3853 τὸν
3679 3800 3869 3873 Κύριον

2267 3890 2559 3963 ἐπιγνόντα,
2592 3890 2673 3942 ὅτι
2703 3892 2835 3950 Θεὸς
2859 3888 2973 3941 ἐστι
3009 3892 3101 3940 καὶ
3128 3887 3381 3961 βασιλεὺς
3425 3897 3527 3941 τῶν
3574 3885 3865 3961 δυνάμεων,

2264 3984 2355 4034 καὶ
2409 3980 2785 4055 προστάγματι
2830 3982 2970 4051 μόνῳ
3026 3974 3121 4031 διὰ
3173 3985 3274 4031 τῶν
3314 3977 3678 4053 λειτουργικῶν
3711 3995 3869 4030 πνευ·

2264 4071 2441 4143 μάτων
2493 4070 2668 4128 ἱκανὸς
2705 4068 2821 4138 (90)
2873 4066 3263 4129 ἐξαποστελλειν
3313 4069 3408 4130 τὰς
3462 4065 3709 4139 βοηθείας
3757 4073 3870 4129 τοῖς

2266 4156 2554 4231 δεομένοις·
2587 4157 2649 4210 οὗ
2678 4161 2770 4209 καὶ
2798 4161 2892 4215 τὴν
2922 4161 3100 4210 πίστιν
3154 4158 3180 4210 ὀ
3240 4159 3431 4222 Κύριος
3472 4156 3688 4230 μείζονα
3739 4152 3871 4209 εἶναι

2262 4250 2452 4308 παντὸς
2513 4253 2603 4300 τοῦ
2654 4245 2870 4320 Ἰσραὴλ
2941 4243 3257 4318 ἀπεφήνατο.
3290 4246 3588 4322 ίΚορνήλιος
3630 4242 3691 4299 δι
3737 4245 3864 4319 οὐχ,

2262 4337 2645 4410 ἑκατόνταρχος
2701 4337 2791 4404 ὢν,
2846 4344 2944 4399 τῆς
2986 4335 3245 4399 ὀπτασίας
3297 4336 3497 4401 ἠξιώθη
3529 4343 3624 4397 τῆς
3651 4342 3744 4389 τοῦ

2262 4429 2430 4502 γέλου,
2483 4432 2574 4482 καὶ
2623 4430 2680 4482 τὸ
2723 4426 3011 4481 τελευταῖον
3062 4424 3157 4481 διὰ
3199 4435 3291 4481 τοῦ
3331 4432 3529 4503 Πέτρου
3577 4435 3669 4488 τῆς
3700 4446 3868 4487 σωτη-

488 4528 697 4571 nonne
706 4514 1342 4575 obscurabunturmea
1351 4533 1540 4576 causa
1549 4518 1748 4575 sidera
1763 4520 1790 4577 ?
1810 4534 1959 4576 num
1975 4518 2151 4576 tellus

2262 4524 2381 4594 ρίας
2409 4521 2634 4592 ἔτυχενς
2677 4520 2740 4570 Ai
2776 4519 2878 4590 γὰρ
2919 4517 3259 4591 ἐλεημοσύναι
3301 4518 3463 4571 αὐτοῦ
3500 4520 3592 4570 καὶ
3638 4519 3693 4571 αἱ
3745 4513 3867 4576 δεή-

490 4603 696 4677 aliquo
725 4605 909 4662 modo
934 4622 1033 4663 me
1055 4607 1421 4666 sustinebit?
1475 4608 1680 4666 Nolite
1706 4624 1915 4666 errare
1943 4625 1965 4666 .·
1995 4610 2152 4666 Deus

478 4709 615 4751 .non
668 4696 966 4753 irridetur
985 4699 1031 4753 ‘.
1095 4699 1179 4754 Ex
1220 4714 1326 4755 ore
1384 4703 1591 4756 nostro
1652 4714 1766 4756 nos
1817 4698 2147 4771 judicat7:

563 4820 613 4857 ⁸⁸
644 4820 843 4878 Matth.
872 4836 971 4893 γη,
998 4825 1089 4888 24,
1120 4827 1209 4879 25.
1289 4825 1337 4859 θ’
1368 4826 1506 4881 Luc.
1533 4839 1694 4893 xxm,
1727 4827 1817 4881 28.

1897 4826 1914 4860 ¹
1950 4828 2074 4880 Act.
2101 4840 2225 4891 xm,
2258 4829 2341 4882 l3.

2264 4628 2376 4671 σεις
2422 4609 2846 4667 εἰσηκούσθησαν
2901 4609 3045 4682 παρὰ
3092 4615 3165 4678 τῷ
3228 4615 3365 4679 Θεῷ.
3439 4608 3673 4663 Ἐκείνων
3733 4604 3864 4663 εἶναι

2264 4698 2523 4775 βούλομαι
2585 4700 2829 4771 μαθητής
2874 4718 2887 4732 -
2923 4704 3040 4760 Πῶς
3094 4692 3183 4749 οὖν
3240 4695 3538 4771 ἀρνήσομαι
3587 4701 3676 4751 τόν
3732 4700 3860 4752 Θεόν

2419 4826 2442 4862 ³
2473 4822 2647 4880 Rom.
2680 4839 2732 4895 x,
2771 4826 2856 4880 10.
2934 4823 2958 4858 ³
2983 4821 3183 4885 Matth.
3215 4837 3402 4887 nm,
3436 4826 3524 4880 54.
3602 4824 3625 4860 ⁸
3654 4823 3860 4881 Matth.

488 4925 611 4983 vni,
646 4914 804 4968 8-10.
878 4913 901 4948 ⁸
939 4916 1067 4969 Act.
1102 4929 1155 4985 ι,
1190 4918 1219 4970 3
1256 4930 1429 4988 seqq.
1504 4916 1526 4952 ⁶
1559 4914 1745 4973 Galat.
1776 4930 1858 4987 v1,
1889 4920 1942 4971 7.
2018 4915 2039 4950 τ
2076 4916 2215 4972 Luc.
2247 4930 2368 4982 xxx,
2392 4917 2483 4969 22.

562 5035 1353 5113 (85)‘Veteresaliquotlibri
1383 5043 1510 5094 Θεὸν
1530 5039 1859 5113 ,ἔχειννῖλεωκ
1894 5038 2003 5095 Alii
2023 5040 2152 5113 qui-

490 5106 636 5165 dam
658 5106 809 5164 ἱλεω.
849 5110 1001 5165 Editi
1032 5106 1089 5166 et
1118 5111 1284 5168 Colb.
1318 5106 1622 5170 secundus
1654 5106 2048 5176 ἑξιλεώσασθαιξ

562 5182 672 5321 E86)
707 5182 870 5236 Unus
902 5198 1013 5238 ms.
1050 5180 1333 5246 ἀσάλευτος

587 5254 675 5320 87)
707 5252 954 5309 Codices
987 5254 1333 5312 Combctisia

587 5254 675 5320 87)
707 5252 954 5309 Codices
987 5254 1413 5313 Combctisiani
1442 5254 1703 5310 κλαύσατε
1731 5258 1866 5318 τούς.
1891 5254 2001 5312 Alii
2025 5255 2150 5312 duo

487 5338 637 5380 mss.
669 5327 728 5378 et
754 5323 892 5379 editi
924 5324 1007 5377 ἐπὶ
1032 5328 1168 5388 τούς.

558 5395 673 5474 (ἓξ)
825 5396 1057 5474 antiqui
1082 5398 1205 5454 duo
1228 5397 1385 5456 libri.
1418 5397 1525 5474 Alii
1560 5396 1620 5459 ἧν
1648 5415 1766 5474 ρι’οέ
1788 5396 1841 5474 ᾖ.
1873 5400 2024 5474 Eutr.

559 5466 676 5545 (g9)
696 5465 1002 5545 _l_l_lud,__ro'3
1027 5475 1257 5545 πρώτον,
1278 5543 1287 5545 _
1306 5487 1431 5528 non
1470 5471 1552 5527 ita
1579 5465 2004 5545 accipiendum
2036 5473 2143 5545 est,

485 5542 553 5618 ut
580 5537 827 5618 Basilius
854 5538 1035 5608 dicat,
1063 5537 1666 5618 centurionemeum,
1699 5537 1803 5616 qui
1829 5545 1989 5618 cruci
2012 5543 2149 5618 asti-

483 5612 569 5687 tit,
602 5612 1049 5687 primumesse,
1081 5614 1254 5687 cujus
1282 5616 1345 5670 in
1371 5614 1690 5687 Scripturis
1717 5612 1970 5671 ~mentio
2016 5616 2140 5671 ﬁat.

482 5679 766 5757 Alioquin
792 5682 955 5741 enim
980 5679 1238 5744 Basilius
1268 5701 1474 5745 secum
1500 5679 1826 5763 pugnaret,
1853 5702 1992 5744 cum
2014 5687 2143 5762 ipse

2262 5038 2464 5097 statim
2482 5037 2753 5095 nominet
2779 5038 3194 5095 centurionem
3216 5037 3423 5108 alium,
3466 5040 3641 5110 cujus
3674 5038 3863 5096 ﬁdem

2262 5112 2529 5185 Christus
2553 5110 2999 5185 Dominusolim
3015 5115 3152 5166 ante
3164 5110 3465 5183 passionis
3482 5117 3721 5185 tempus
3738 5110 3866 5167 lau-

2259 5183 2537 5239 daverat:
2564 5182 2669 5238 sed
2688 5182 2853 5247 illud,
2878 5189 2969 5234 τοῦ
3002 5182 3235 5255 πρώτου,
3266 5198 3382 5255 per
3417 5182 3731 5255 quoddam
3763 5196 3862 5251 ge-

2257 5270 2374 5311 nus
2394 5256 2779 5311 attractiom's
2799 5255 2895 5310 hic
2906 5253 3173 5327 positum
3186 5253 3420 5309 videtur
3435 5253 3545 5325 pro
3563 5257 3619 5306 τό
3634 5261 3859 5327 πρῶτον,

2253 5330 2540 5397 primum.
2567 5327 2869 5383 Recordor
2883 5326 3148 5393 primum
3170 5326 3538 5381 centurionis
3559 5328 3707 5397 ejus,
3732 5326 3859 5397 qui,

2256 5396 2366 5454 etc.
2402 5401 2520 5455 Hoc
2562 5414 2700 5454 cum
2748 5413 2872 5453 non
2918 5397 3425 5454 animadverteret
3470 5401 3641 5451 vetus
3678 5396 3861 5453 inter-

2256 5486 2416 5543 pres,
2440 5470 2521 5527 ita
2551 5470 2750 5526 vertit:
2782 5470 3087 5527 Recordor
3102 5470 3289 5541 primi
3316 5469 3683 5525 centurionis
3732 5485 3859 5542 qui,

2256 5549 2368 5598 etc.

2324 5613 2438 5686 (90)
2473 5612 2743 5686 Sic_mss.
2778 5611 2971 5670 multi.
3014 5611 3167 5669 Editi
3208 5614 3408 5675 ἱκανῶς.
3455 5611 3687 5671 ibidem
3732 5612 3857 5673 duo

2252 5700 2401 5742 mss.
2422 5683 2525 5744 ’τὴν
2556 5683 2656 5759 βοή
2668 5686 2825 5740 θειαν.
