4098 6390
308 354 411 409 505

1392 352 1688 411 HOMILIA
1724 350 1798 408 IN
1837 346 2158 410 GORDIUM
2197 353 2582 416 MARTYREM

3568 360 3672 417 506

303 494 426 550 μου,
475 476 531 529 ὃν
572 477 628 531 ἐκ
674 475 871 543 παιδὸς
908 481 1315 555 προσεκύνησα;
1357 478 1504 550 Οὐχὶ
1552 473 1614 531 δὲ
1660 474 1831 551 φρίξει
1869 476 1896 528 ὁ

2023 491 2081 533 3x
2107 479 2308 538 verbis
2322 481 2636 553 justiﬁcat,
2662 498 2858 557 exque
2881 483 3084 541 verbis
3103 485 3477 543 condemnat
3491 487 3539 544 ⁸.
3556 489 3650 544 An

308 565 527 639 οὐρανὸς
581 568 772 623 ἄνωθεν
821 587 837 639 ;
890 571 950 625 ού
1015 571 1335 624 συσκοτάσει
1402 565 1463 622 δὲ
1513 566 1590 621 ἐπ’
1653 566 1771 639 ἐμοὶ
1834 566 1905 619 τὰ

309 655 501 730 ἄστρα,
550 658 581 717 ἡ
627 667 694 730 ’γῆ
746 656 808 713 δέ
850 680 915 735 με
961 662 1321 720 ὑποστήσεται
1363 658 1529 724 ὃλως;
1573 660 1660 716 Μὴ
1700 654 1906 710 πλανᾶ-

310 745 422 799 σθε·
471 749 603 811 Θεὸς
638 748 699 802 ού
744 751 1146 824 μυκτηρίζεται.
1191 756 1266 804 Εκ
1319 755 1412 802 τοῦ
1453 751 1714 820 στόματος
1762 746 1906 818 ἡμᾶς

2006 581 2133 623 non
2150 567 2380 640 legistis
2397 572 2774 630 tremendam
2786 574 2943 630 hanc
2962 573 3202 630 Domini
3215 590 3353 631 com
3364 576 3678 634 minitatio-

2007 670 2152 712 nem
2171 658 2200 716 ?
2222 658 2338 727 Qui
2363 662 2669 732 negaverit
2696 676 2786 719 me
2814 677 3019 720 coram
3049 662 3418 731 hominibus,
3443 665 3674 735 negabo

2010 749 2066 802 et
2093 760 2200 819 ego
2229 763 2361 806 eum
2388 765 2589 808 coram
2618 751 2813 809 Patre
2830 767 2977 816 meo,
3001 752 3105 824 qui
3124 753 3188 808 in
3211 753 3379 810 cretis
3410 758 3495 810 est
3522 755 3567 810 ο.

308 841 403 889 τοῦ
448 836 700 912 ἡμετέρου
747 843 929 915 κρίνει.
978 839 1034 893 ἐκ
1080 849 1182 894 τῶν
1227 839 1392 912 λόγων
1437 834 1658 902 δικαιοῖ,
1707 837 1798 888 καὶ
1847 831 1957 905 (91)
2018 832 2074 887 ἐκ
2118 844 2220 891 τῶν
2265 838 2449 915 λόγων,
2476 837 2844 902 καταδικάζει.
2897 841 3010 894 Οὐκ
3058 840 3309 913 ἀνέγνωτε
3365 846 3460 901 τήν
3515 841 3674 916 φοϐε-

309 925 405 998 ράν
433 922 646 986 ἀπειλήν
671 935 762 981 τοῦ
796 933 990 1004 Κυρίου
1015 945 1030 997 ;
1058 930 1140 983 ὅτι
1165 929 1262 993 Ὃς
1284 927 1347 981 ἂν
1372 925 1668 1003 ἀρνήσηταί
1696 943 1761 999 με
1788 922 2078 998 ἔμπροσθεν
2102 934 2203 980 τῶν
2230 926 2532 1005 ἀνθρώπων,
2568 928 2869 1005 ἀρνήσομαι
2898 929 3043 1004 κάγὼ
3076 931 3233 997 αὐτὸν
3266 933 3556 1007 ἔμπροσθεν
3584 939 3678 987 τοῦ

313 1019 517 1091 Πατρός
543 1035 666 1089 μου,
696 1025 791 1072 τοῦ
818 1017 869 1072 ἕν
897 1019 1136 1096 οὐρανοῖς
1161 1036 1176 1089 ;

385 1106 438 1161 8.
490 1105 630 1160 Ἀντὶ
670 1111 810 1172 τίνος
868 1105 930 1162 δε
972 1130 1035 1183 με
1072 1113 1162 1162 καὶ
1197 1115 1366 1163 ταῦτα
1411 1107 1727 1181 σοφίζεσθαι
1753 1102 1913 1176 ξολυμ-

318 1193 578 1251 ϐουλεύετε
617 1213 632 1265 ;
662 1203 771 1251 Ἵνα
807 1218 861 1252 τι
890 1198 1099 1273 ἐμαυτῷ
1141 1198 1199 1252 ἐκ
1227 1207 1324 1262 τῆς
1360 1200 1610 1258 τοιαύτης
1637 1193 1915 1269 καταπρά-

316 1284 484 1359 ξωμαι
529 1291 761 1359 τέχνης;
811 1289 894 1342 ἵνα
938 1291 1134 1365 μικρὰς
1176 1290 1377 1364 ἡμέρας
1422 1283 1721 1364 κερδήσω;
1775 1281 1910 1336 Ἀλλ’

314 1376 477 1430 αἰῶνα
524 1376 637 1430 ὂλον
693 1378 1127 1453 ζημιωθήσομαι.
1194 1377 1304 1433 Ἰνα
1350 1380 1495 1452 φύγω
1557 1385 1657 1440 τῆς
1719 1375 1916 1450 σαρκὸς

313 1469 382 1520 τά
437 1465 657 1520 ίπίπονα
700 1483 715 1534 ;
774 1467 911 1522 Ἀλλ’
952 1468 1047 1523 οὐκ
1096 1468 1293 1543 ὄψομαι
1339 1471 1407 1523 τά
1454 1466 1631 1539 ἀγαθὰ
1674 1473 1775 1519 τῶν
1832 1460 1915 1517 δι-

313 1560 497 1613 καίων.
545 1561 722 1610 Μανία
768 1562 941 1630 σαφής
981 1557 1115 1633 μετά
1149 1561 1341 1631 τέχνής
1386 1556 1733 1627 ἀπόλλυσθαι,
1782 1550 1917 1627 μετά

313 1650 631 1719 πανουργίας
683 1651 773 1700 καὶ
827 1644 983 1701 δόλου
1039 1653 1136 1708 τὴν
1193 1648 1407 1702 αἰωνιαν
1470 1647 1688 1701 κόλασιν
1746 1645 1914 1713 ἑαυτῷ

2095 1109 2148 1163 8.
2193 1107 2312 1164 Cur
2340 1112 2545 1166 autem
2593 1107 2724 1165 haec
2767 1107 3048 1166 simulem
3083 1109 3402 1168 suadetis?
3435 1111 3505 1166 Ut
3532 1108 3683 1168 mihi

2022 1194 2341 1268 quidpiam
2371 1212 2443 1253 ex
2473 1197 2577 1254 tali
2607 1202 2732 1254 arte
2770 1213 3122 1270 comparem
3147 1200 3171 1255 2
3202 1203 3266 1255 ut
3291 1214 3523 1273 paucos
3552 1197 3682 1255 dies

2021 1284 2519 1343 lucrifaciarn?At
2536 1287 2841 1358 jacturam
2865 1286 3086 1344 faciam
3108 1287 3289 1345 totius
3310 1287 3680 1347 aeternitatis.

2025 1376 2097 1431 Ut
2125 1374 2411 1445 effugiam
2451 1375 2649 1433 carnis
2677 1375 2918 1433 dolores
2939 1377 2968 1434 ?
3007 1377 3124 1434 Sed
3153 1393 3550 1450 nequaquam
3592 1376 3678 1434 vi-

2023 1465 2183 1522 debo
2210 1465 2376 1524 bona
2398 1468 2723 1538 justorum.
2756 1467 2954 1524 Perire
2980 1467 3248 1536 solerter,
3290 1473 3349 1525 et
3385 1472 3579 1527 astute
3608 1483 3682 1525 ac

2023 1556 2236 1614 dolose
2272 1562 2567 1614 mternum
2615 1557 2730 1614 sibi
2767 1558 3137 1631 supplicium
3176 1574 3503 1625 accersere,
3552 1574 3682 1616 ma-

2022 1646 2240 1704 nifesta
2275 1647 2455 1704 fuerit
2496 1648 2820 1706 dementia.
2876 1649 2991 1706 Sed
3035 1654 3093 1705 et
3135 1648 3313 1705 vobis
3350 1648 3430 1706 do
3485 1649 3685 1706 consi-

313 1736 797 1811 πραγματεύεσθαι.
866 1736 1021 1792 Ἀλλά
1086 1742 1176 1792 καὶ
1240 1740 1362 1811 ύμῖν
1427 1730 1784 1811 συμϐουλεύω.
1852 1733 1913 1788 Εἰ

2023 1735 2193 1793 lium.
2231 1736 2289 1795 Si
2313 1737 2472 1795 male
2502 1738 2754 1810 sentitis,
2796 1743 3034 1797 mutata
3066 1738 3360 1797 sententia
3394 1737 3682 1812 pietatem

312 1824 403 1896 μὲν
458 1832 634 1885 κακῶς
681 1833 928 1900 φρονεῖτε,
984 1829 1309 1901 μεταμάθετε
1361 1830 1457 1887 τήν
1514 1824 1797 1880 εὐσέϐειαν·
1868 1822 1914 1876 εἰ

314 1908 375 1967 δὲ
457 1914 901 1988 καθυποκρίνεσθε
975 1919 1065 1970 τὸν
1146 1919 1349 1992 καιρὸν,
1441 1917 1769 1989 Ἀποθέμενοι
1850 1915 1912 1967 τὸ

310 1999 528 2073 ψεῦδος,
610 2003 807 2059 λαλεῖτε
875 2003 1141 2075 ἀλήθειαν,
1228 2009 1444 2061 Εἴπατε·
1519 2004 1642 2059 Ὅτι
1720 2005 1912 2080 Κύριος

312 2091 521 2155 Ἰησοῦς
588 2097 821 2169 Χριστὸς
886 2095 959 2159 εἰς
1015 2093 1175 2160 δόξαν
1235 2104 1370 2152 Θεοῦ
1417 2099 1644 2171 Πατρός.
1703 2096 1913 2152 Ταύτην

310 2184 413 2258 γὰρ
456 2186 551 2242 τήν
599 2189 770 2257 φωνὴν
811 2191 960 2240 πᾶσα
1003 2184 1195 2260 ἀφήσει
1239 2186 1480 2259 γλῶσσα,
1530 2187 1654 2240 ὃταν
1707 2183 1788 2238 Ἐν
1839 2189 1913 2255 τῷ

313 2271 527 2348 ὀνόματι
614 2273 792 2333 Ἰησοῦ
877 2282 981 2329 πᾶν
1074 2280 1200 2349 γόνυ
1279 2275 1489 2351 κάμψῃ,
1574 2273 1912 2351 ἐπουρανίων,

313 2366 405 2416 καὶ
456 2362 744 2443 ’ἐπιγείωη
824 2370 916 2419 καὶ
991 2368 1371 2439 καταχθονίων.
1454 2369 1648 2425 Θνητοὶ
1727 2367 1918 2425 πάντες

314 2452 599 2528 ἄνθρωποι,
646 2457 908 2531 μάρτυρες
947 2452 1007 2511 δὲ
1053 2455 1240 2528 ὀλίγοι.
1290 2460 1376 2515 Μὴ
1427 2454 1776 2529 ἀναμείνωμεν
1821 2475 1916 2529 γε·

314 2543 496 2597 νέσθαι
544 2547 734 2619 νεκροὶ,
783 2542 892 2597 ἀλλ’
934 2542 1036 2599 ἀπὸ
1081 2546 1221 2608 ζωῆς
1271 2545 1344 2608 εἰς
1392 2545 1531 2607 ζωήν
1588 2545 1917 2620 μεταϐῶμεν.

315 2636 380 2686 Τί
433 2636 521 2687 τὸν
578 2634 872 2707 αὐτόματον
929 2631 1216 2707 ὶκδέχεσθε
1285 2637 1501 2689 θάνατον
1557 2652 1573 2704 ;
1641 2634 1917 2713 ’Λκαρπός

317 2719 477 2790 ἐστιν,
538 2718 782 2797 ἀκερδής,
833 2727 1001 2786 κοινὸς
1056 2733 1256 2784 κτηνῶν
1311 2728 1402 2779 καὶ
1455 2723 1758 2801 ἀνθρώπων.
1815 2727 1916 2780 Τὸν

315 2814 416 2888 γὰρ
472 2808 565 2866 διὰ
619 2816 863 2885 γενέσεως
918 2813 992 2877 εἰς
1040 2817 1130 2867 τόν
1189 2812 1306 2889 βίον
1362 2813 1576 2869 ἕλθόντα
1630 2816 1661 2876 ἢ
1722 2819 1917 2890 χρόνος

320 2900 595 2968 ἀνάλωσεν,
628 2902 659 2962 ἦ
692 2905 846 2966 νόσος
875 2899 1131 2970 διέλυσεν,
1173 2905 1204 2964 ή
1240 2903 1538 2978 βιαιόςτεραι
1567 2904 1740 2977 (92-2)
1773 2925 1917 2979 συμ-

320 2992 605 3064 πτωμάτων
647 2990 871 3065 ἀνάγκαι
910 2990 1232 3067 διέφθειραν.
1276 2995 1417 3048 Ἐπεὶ
1459 2989 1549 3048 οὖν
1589 2991 1675 3049 δεῖ
1709 2996 1916 3058 πάντως

320 3078 590 3135 ἀποθανεῖν
643 3086 734 3141 τήν
791 3083 931 3143 ζωήν
980 3082 1182 3147 ἑαυτοῖς
1230 3080 1327 3137 διὰ
1374 3092 1469 3137 τοῦ
1524 3085 1747 3139 θανάτου
1783 3103 1917 3160 πρα-

314 3172 751 3245 γματευσώμεθα.
813 3171 1082 3226 Ἐκούσιον
1138 3176 1400 3232 ποιήσατε
1462 3176 1522 3227 τὸ
1586 3193 1922 3247 κατηναγκα-

318 3266 522 3334 σμένον.
569 3264 655 3319 Μή
690 3257 935 3333 φείδεσθε
968 3261 1133 3329 ζωῆς,
1175 3263 1239 3326 ἧς
1279 3260 1541 3336 ἀναγκαία
1577 3265 1607 3322 ἡ
1645 3266 1920 3339 στέρησις·

317 3355 503 3405 Καίτοι
533 3350 577 3403 εἰ
606 3354 698 3402 καὶ
737 3353 797 3403 τὸ
829 3345 865 3402 δ
870 3352 1044 3424 ιαρκὶς
1084 3348 1260 3423 ὅμοιον
1292 3349 1406 3423 εἶχε
1435 3354 1503 3405 τὰ
1537 3356 1710 3424 γήϊνα,
1746 3372 1918 3407 σπου-

317 3436 499 3505 δᾴζειν
544 3434 709 3511 ἓχρῆν
749 3433 1040 3510 διαμείϐειν
1080 3437 1216 3491 αύτά
1260 3444 1393 3515 πρὸς
1437 3438 1504 3493 τά
1555 3440 1774 3515 οὐράνια
1825 3444 1920 3513 (3)⁶

317 3527 364 3581 εἰ
401 3523 461 3580 δε
508 3531 599 3580 καὶ
641 3526 1001 3600 ὀλιγοχρόνια,
1034 3530 1125 3580 καὶ
1152 3536 1213 3602 τῇ
1260 3527 1385 3601 ἀξίᾳ
1424 3536 1675 3583 τοσοῦτον
1707 3527 1922 3583 ἀπολει-

315 3621 535 3690 πόμενα,
603 3615 944 3691 παραπληξία
992 3612 1134 3675 δεινή
1190 3625 1252 3691 τῇ
1313 3622 1433 3692 περὶ
1475 3625 1642 3672 ταῦτα
1706 3615 1916 3693 σπουδῇ

317 3714 417 3761 τῶν
460 3705 511 3760 ἐν
568 3712 687 3768 ταῖς
729 3704 931 3758 ἐλπίσιν
982 3703 1330 3780 ἀποκειμένων
1380 3715 1731 3783 μακαρισμῶν
1771 3706 1922 3761 ἐκπί-

315 3815 460 3850 πτειν
508 3796 605 3867 (4).
660 3801 841 3849 Ταῦτα
897 3793 1071 3863 εἰπών,
1122 3799 1213 3849 καὶ
1257 3796 1423 3869 ἑαυτῷ
1470 3801 1558 3851 τὸν
1609 3800 1772 3852 τύπον
1827 3806 1922 3852 τοῦ

319 3894 549 3963 σταυροῦ
597 3884 948 3962 περιγράψας,
994 3884 1185 3961 ἐχώρει
1232 3890 1366 3963 πρὸς
1409 3890 1504 3946 τήν
1545 3886 1773 3960 πληγήν,
1825 3886 1922 3940 ού-

317 3973 405 4031 δεν
451 3975 793 4055 παρατρέψας
846 3983 939 4030 τοῦ
991 3983 1300 4052 χρώματος,
1362 3974 1481 4031 οὐδ’
1529 3977 1816 4041 ἀλλοιώσας
1867 4000 1921 4034 τι

314 4075 410 4130 τῆς
456 4074 549 4120 τοῦ
607 4071 891 4141 προσώπου
949 4062 1322 4143 φαιδρότήτος.
1378 4069 1603 4122 Διέκειτο
1653 4070 1756 4143 γὰρ
1811 4069 1920 4143 οὐχ

315 4159 385 4219 ὡς
447 4153 625 4231 δημίῳ
691 4154 1018 4220 ἐντεύξεσθαι
1082 4156 1298 4230 μέλλων,
1379 4155 1488 4210 ἀλλ’
1553 4159 1623 4220 ὡς
1687 4157 1918 4232 ἀγγέλων

313 4250 503 4322 χερσὶν
551 4246 732 4300 ἑαυτὸν
762 4295 765 4298 .
791 4247 1200 4320 παραϐήσεσθαι
1252 4246 1362 4314 οὓς,
1414 4247 1567 4308 εὐθὺς
1606 4247 1762 4301 αὑτὸν
1814 4269 1920 4302 νεο-

317 4344 489 4409 σφαγῆ
544 4334 940 4413 παραλαϐόντας
983 4336 1062 4408 (5)
1118 4339 1252 4411 πρὸς
1293 4341 1387 4395 τήν
1453 4342 1715 4412 μακαρίαν
1775 4337 1916 4399 ζωήν

2023 1826 2275 1883 discite:
2305 1829 2402 1883 sin
2428 1831 2633 1885 autem
2664 1828 2981 1899 simulatis,
3008 1828 3264 1902 tempori
3292 1833 3359 1885 ut
3385 1827 3681 1900 serviatis,

2020 1922 2387 1987 Deponentes
2407 1917 2804 1988 mendacium,
2832 1919 3153 1992 loquimini
3172 1918 3484 1976 veritatem
3508 1918 3572 1972 ιο.
3589 1917 3682 1975 Di-

2023 2006 2135 2064 cite
2149 2006 2319 2074 Quod
2344 2009 2636 2066 Dominus
2654 2012 2826 2065 Jesus
2859 2008 3139 2066 Christus
3158 2009 3225 2064 in
3244 2009 3450 2079 gloria
3469 2013 3551 2064 est
3571 2008 3684 2067 Dei

2021 2097 2230 2153 Patris
2263 2098 2330 2152 U.
2362 2100 2513 2155 Nam
2543 2097 2770 2156 emittet
2795 2098 2957 2155 hanc
2995 2113 3204 2155 vocem
3241 2097 3452 2168 lingua
3480 2097 3685 2154 omnis

2023 2190 2175 2255 tum,
2205 2202 2346 2245 cum
2360 2188 2434 2244 In
2454 2189 2695 2245 nomine
2712 2189 2855 2246 Jesu
2875 2203 3049 2246 omne
3069 2203 3229 2259 genu
3243 2188 3541 2258 ﬂectetur,
3569 2201 3683 2245 ca:-

2026 2277 2286 2347 lestium,
2299 2279 2814 2350 terrestriumque,
2833 2293 2907 2335 ac
2922 2279 3304 2348 infernarum
3326 2277 3390 2333 ¹².
3411 2274 3685 2333 Mortales

2026 2370 2173 2424 sunt
2211 2368 2490 2439 homines
2531 2384 2746 2425 omnes
2782 2385 2796 2424 :
2855 2367 2966 2424 sed
3011 2371 3311 2439 martyres
3353 2366 3551 2438 pauci.
3602 2367 3684 2422 Ne

2026 2462 2447 2530 exspectemus
2469 2462 2538 2515 ut
2572 2457 2798 2516 mortui
2825 2457 3048 2515 ﬁamus
3079 2474 3094 2513 :
3137 2456 3243 2512 sed
3270 2472 3302 2513 e
3322 2457 3445 2513 vita
3482 2454 3565 2512 ad
3593 2455 3684 2512 vi-

2025 2550 2154 2604 tam
2173 2553 2575 2606 transeamus.
2611 2547 2765 2614 Quid
2785 2546 3124 2605 naturalem
3150 2550 3408 2604 mortem
3433 2547 3683 2618 praesto-

2024 2634 2238 2693 lamini
2255 2638 2282 2694 ?
2313 2636 2692 2694 lnfructuosa
2711 2640 2819 2708 est,
2849 2640 3120 2709 quaestus
3142 2634 3390 2703 nullius,
3414 2649 3686 2691 commu-

2025 2723 3188 2798 nispecorumhominumque.0uisquis
3198 2723 3361 2781 enim
3374 2721 3684 2780 nascendo

2024 2814 2090 2871 in
2109 2815 2296 2872 vitam
2315 2814 2604 2883 introivit,
2622 2819 2727 2870 aut
2746 2814 2858 2872 fuit
2876 2819 3150 2887 tempore
3170 2813 3558 2886 absumptus,
3581 2815 3686 2868 aut

2025 2903 2245 2962 morbo
2262 2902 2616 2973 dissolutus,
2640 2908 2746 2960 aut
2762 2903 3025 2960 violento
3046 2902 3209 2976 quod
3218 2919 3319 2961 am
3340 2918 3410 2960 ac
3430 2900 3685 2958 inevita-

2025 2992 2133 3050 bili
2162 3010 2307 3051 casu
2333 2992 2643 3065 abreptus.
2673 2994 2821 3049 Cum
2844 2992 3027 3062 igitur
3055 2992 3211 3049 mori
3229 2991 3480 3049 omnino
3509 3005 3686 3063 Opor-

1946 3096 1992 3155 ο
2028 3087 2168 3156 teat,
2192 3083 2379 3140 vitam
2398 3083 2575 3139 nobis
2593 3098 2702 3156 per
2728 3087 2985 3139 mortem
3007 3097 3456 3154 comparemus.
3487 3082 3686 3153 Spon-

2027 3178 2277 3230 taneum
2306 3172 2483 3230 facite
2508 3171 2676 3246 quod
2701 3177 2792 3228 est
2818 3175 3119 3230 coactum.
3147 3170 3288 3227 Vitas
3319 3185 3397 3227 ne
3433 3168 3683 3244 parcite,

2029 3277 2155 3335 qua
2188 3278 2439 3320 necesse
2466 3268 2555 3318 est
2579 3261 2826 3335 privari.
2860 3263 3015 3319 Sane
3054 3260 3167 3318 etsi
3198 3266 3438 3317 terrena
3459 3258 3686 3332 pariter

2029 3355 2233 3410 essent
2285 3352 2349 3409 in
2407 3356 2772 3426 perpetuum
2815 3366 3240 3424 permansura,
3292 3347 3688 3406 nihilominus

2029 3442 2239 3499 danda
2253 3457 2442 3515 opera
2454 3445 2630 3506 esset,
2644 3445 2709 3497 ut
2724 3457 2795 3498 ea
2808 3439 3150 3497 ccelestibus
3166 3444 3684 3513 permutaremus.:

2031 3528 2143 3587 sed
2165 3530 2217 3586 si
2240 3530 2409 3587 brevi
2437 3535 2706 3602 tempore
2728 3530 2971 3597 durant,
3001 3534 3059 3586 et
3080 3529 3371 3599 dignitate
3392 3528 3474 3585 ita
3493 3528 3689 3603 impa-

2027 3620 2122 3676 ria
2156 3623 2298 3676 sunt
2317 3618 2533 3689 ingens
2571 3617 2811 3675 insania
2839 3618 3038 3685 fuerit,
3065 3618 3145 3674 ob
3169 3618 3391 3675 horum
3418 3616 3688 3673 studium

2026 3706 2431 3765 beatitudines
2452 3706 2514 3763 in
2536 3721 2644 3779 spe
2661 3706 2958 3779 repositas
2973 3705 3267 3762 amittere.
3290 3708 3424 3762 Haec
3443 3721 3584 3761 cum
3604 3705 3692 3762 di-

2027 3798 2235 3864 xisset,
2258 3796 2573 3869 crucisque
2585 3795 2763 3867 signo
2777 3812 2842 3851 se
2859 3794 3451 3868 circumscripsisset,
3464 3793 3592 3850 ibat
3610 3791 3691 3850 ad

2027 3888 2237 3953 ictum,
2269 3885 2421 3942 nihil
2448 3885 2769 3943 immutato
2795 3883 3014 3952 colore,
3054 3883 3204 3940 nihil
3233 3883 3491 3941 alterata
3514 3881 3690 3938 faciei

2030 3977 2356 4034 alacritate.
2382 3979 2534 4032 Nam
2559 3975 2643 4031 ita
2673 3975 2882 4031 animo
2912 3973 3164 4031 affectus
3185 3977 3333 4042 erat,
3361 3988 3486 4030 non
3510 3971 3692 4047 quasi

2027 4066 2385 4124 inventurus
2435 4064 2650 4121 fuisset
2693 4063 2986 4134 lictorem,
3035 4064 3143 4120 sed
3183 4063 3362 4137 quasi
3390 4062 3598 4119 fuisset
3628 4078 3691 4118 se

2030 4155 2316 4213 manibus
2337 4154 2694 4227 angelorum
2715 4142 3171 4210 concrediturus
3185 4152 3291 4226 qui
3314 4151 3520 4210 statim
3547 4167 3689 4208 eum

2026 4261 2241 4303 recens
2279 4243 2630 4316 jugulatum
2660 4246 3064 4310 assumentes,
3097 4242 3176 4299 ad
3215 4240 3457 4299 beatam
3504 4240 3692 4297 vitam

2027 4335 2194 4392 velut
2242 4336 2530 4390 Lazarum
2599 4331 3015 4389 transferrent.
3077 4330 3218 4394 Quis
3276 4330 3489 4405 populi
3526 4326 3688 4388 illius

312 4428 626 4499 μεταθήσειν
687 4428 860 4499 ὥσπερ
926 4427 1014 4477 τὸν
1083 4425 1348 4501 Λάζαρον.
1411 4432 1504 4488 Τίς
1564 4425 1757 4481 ἐκείνου
1824 4435 1914 4481 τοῦ

2028 4423 2702 4484 enarrabitclamorem?
2714 4422 3033 4484 Quodnam
3048 4422 3368 4479 tonitruum
3383 4420 3691 4491 fragorem

314 4513 489 4590 δήμου
537 4520 632 4576 τήν
678 4513 811 4589 βοὴν
850 4512 1205 4587 διηγήσεται;
1248 4519 1384 4569 Ποία
1424 4514 1618 4591 βροντὴ
1664 4526 1917 4572 τοσοῦτον

313 4604 371 4661 ἐκ
421 4614 578 4680 νεφῶν
620 4602 756 4679 ἦχον
821 4604 1052 4678 ἐπαφῆκε
1099 4613 1162 4678 τῇ
1214 4614 1306 4678 γῇ,
1358 4605 1481 4668 ὅσος
1524 4604 1580 4659 ἐκ
1623 4614 1724 4659 τῶν
1772 4610 1915 4662 κάτω

311 4702 428 4754 τότε
472 4701 607 4773 πρὸς
653 4696 868 4773 οὐρανὸν
913 4691 1134 4753 ἀνεδόθη
1171 4708 1186 4764 ;
1236 4698 1401 4749 Τοῦτό
1441 4693 1556 4750 ἔστι
1592 4697 1652 4748 τὸ
1694 4693 1913 4752 στάδιον

380 4840 402 4879 ⁸
431 4840 635 4900 Matth.
659 4855 769 4911 xu,
812 4842 903 4897 37.
979 4840 1002 4876 ⁸
1044 4837 1256 4898 Matth.
1289 4855 1348 4911 x,
1376 4842 1469 4896 33.

386 4984 499 5055 (91)
527 4984 817 5042 Voculam
841 4988 933 5038 καί
951 5000 1026 5040 ex
1054 4983 1270 5055 multis
1287 4999 1432 5040 mss.
1461 4982 1834 5041 addidimus.

383 5053 557 5133 (9242)
577 5056 895 5133 Colbertini
917 5057 1040 5113 duo
1061 5072 1214 5133 mss.
1240 5053 1569 5133 βιαιοτέρων.
1593 5058 1723 5113 Mox
1740 5055 1907 5114 Colb.

315 5128 544 5202 primus
574 5128 809 5183 ἑκούσιον
839 5130 1190 5202 ποιήσασθαι.

378 5200 454 5277 (3)
492 5200 585 5277 Sic
617 5217 767 5257 mss.
806 5199 1001 5257 multi.
1035 5198 1184 5257 Editi
1215 5198 1382 5277 ἔχρῆν
1420 5206 1590 5254 ταῦτα
1619 5196 1907 5274 διαμείϐειν

306 5275 437 5340 πρὸς
464 5274 548 5340 τοί,
575 5277 689 5328 etc.

344 5291 347 5300 ’
381 5292 406 5323 ο
464 5292 529 5325 τα
677 5315 689 5328 .

344 5290 453 5413 μά)
474 5290 719 5416 Antei:ch
739 5342 861 5400 duo
880 5341 1017 5398 libri
1037 5352 1386 5417 μακαρισμῶν
1418 5341 1750 5417 ἀποπίπτειν.
1780 5343 1905 5401 Sta-

300 5413 405 5472 tim
436 5416 578 5488 editi
610 5413 813 5488 έάυτοῡ.
841 5420 913 5488 At
933 5413 1196 5488 quatuor
1215 5413 1429 5472 saltem
1456 5430 1606 5470 mss.
1642 5414 1830 5486 ἑαυτῷ.

489 5487 681 5543 Editio
724 5487 925 5562 Paris..
951 5485 1041 5549 οὓς
1066 5486 1217 5562 εὐθὺς
1255 5487 1411 5562 αὐτόν
1441 5495 1702 5562 νεοσφαγῆ
1734 5485 1905 5562 παρα-

298 5556 631 5632 λαϐόντες...
673 5561 1001 5632 μετέθηκανε
1053 5558 1221 5632 quod
1247 5560 1428 5632 ‘quinq
1459 5556 1747 5632 vitiosum
1805 5556 1903 5629 sit,

299 5629 566 5704 dubitari
596 5628 719 5687 non
751 5635 971 5704 potest,
994 5628 1144 5704 cum
1175 5630 1223 5685 si
1247 5628 1465 5704 legeris
1497 5628 1899 5704 παραλαϐόντες,

295 5700 467 5775 legas
490 5700 858 5762 necesse—est
878 5700 928 5757 οἱ
957 5700 1125 5772 εὐθύς,
1154 5705 1264 5760 etc.
1298 5701 1491 5761 Editio
1512 5700 1688 5762 Basil.
1715 5706 1902 5760 etno-

1548 4839 1594 4876 ¹⁰
1627 4839 1846 4912 Ephes.
1880 4857 1937 4899 xv
1963 4844 2055 4900 25.

2026 4519 2264 4574 tantum
2281 4529 2355 4570 ex
2370 4510 2639 4569 nubibus
2657 4510 2720 4568 in
2741 4517 2963 4568 terram
2980 4509 3239 4571 demisit,
3257 4515 3525 4584 quantus
3547 4515 3691 4566 tunc

2027 4611 2239 4663 eterra
2266 4603 2329 4660 in
2357 4602 2577 4659 ccelum
2605 4600 2929 4661 ascendit?
2964 4602 3082 4656 Hoc
3109 4604 3199 4656 est
3219 4599 3485 4657 stadium
3516 4615 3691 4656 coro-

2022 4697 2150 4755 nati
2169 4694 2324 4753 illius
2345 4692 2599 4752 athletae.
2623 4695 2758 4753 Haec
2778 4686 2915 4748 dies
2931 4688 3370 4748 admirandum
3386 4687 3535 4747 illud
3558 4705 3692 4763 spe-

2134 4841 2178 4879 ¹¹
2212 4838 2468 4914 Philipp.
2501 4853 2560 4912 ιι,
2595 4836 2686 4896 lt.
2765 4838 2811 4874 ¹²
2842 4834 2990 4894 ibid.
3036 4837 3125 4895 10.

2018 4984 2124 5041 stri
2171 4987 2402 5057 septem
2445 4997 2608 5057 mss._
2642 4997 2870 5057 magno
2921 4994 3223 5057 consensu
3258 4977 3563 5057 οὒς-εὐθύς
3599 4978 3692 5057 ac.

2014 5060 2104 5109 τόν
2149 5053 2409 5128 νεοσφαγῆ
2448 5053 2940 5128 παραλαϐόντας...
2992 5054 3311 5128 μεταθήσειν.
3356 5053 3530 5128 ὥσπερ
3578 5054 3686 5117 τόν,

1996 5132 2148 5185 etc..
2180 5111 2318 5201 quae
2342 5111 2537 5182 verba
2551 5126 2598 5180 si
2621 5111 2919 5201 mendosa
2949 5111 3080 5201 esse
3104 5138 3226 5201 non
3257 5111 3606 5201 dixerimus,
3629 5111 3694 5180 at

2014 5206 2172 5256 certe
2198 5194 2423 5255 ’θοι-[ιω
2455 5198 2968 5254 constructionem
2999 5195 3123 5268 fieri
3155 5194 3253 5268 vix
3282 5194 3686 5268 possefatea-

2014 5287 2154 5327 mur
2185 5285 2431 5326 necesse
2459 5274 2569 5324 est.
2603 5269 2786 5325 Nobis
2816 5267 3141 5324 verisimile
3165 5267 3264 5338 itit,
3286 5265 3559 5338 fellipsim
3580 5266 3690 5338 hic

2013 5358 2145 5399 esse
2191 5347 2294 5398 aut
2330 5340 2498 5413 verbi
2531 5343 2826 5413 φαίνεσθαι,
2872 5349 2976 5413 aut
3020 5337 3419 5413 similisthoc’
3448 5337 3638 5413 modo
3672 5355 3686 5394 :

2015 5414 2105 5476 οὓς
2137 5413 2288 5475 εὐθὺς
2319 5412 2474 5464 αὐτὸν
2500 5408 2762 5485 νεοσφαγῆ
2795 5409 3212 5487 παραλαϐόντας,
3260 5408 3489 5482 ἐφαίνετο
3530 5411 3684 5487 πρὸς,

2013 5491 2150 5558 etc.,
2175 5500 2321 5557 quos
2351 5481 2668 5558 constabat
2700 5481 3032 5558 martyrem
3065 5482 3275 5558 statim
3292 5481 3683 5558 ’postAcwdem

2012 5552 2388 5626 assumptum
2410 5556 2823 5611 translaturos
2840 5552 2922 5610 ad
2945 5554 3178 5626 beatam
3199 5555 3408 5610 vitam.
3437 5552 3690 5607 Combe-

2009 5621 2387 5700 ﬁsiushotat
2422 5626 2667 5700 alicubi
2693 5626 2811 5695 legi
2852 5621 3253 5700 παραλαϐόντας
3302 5627 3684 5697 μεταστήσειν.

2010 5701 2142 5759 Mox
2165 5699 2291 5761 duo
2329 5714 2476 5759 mss.
2506 5712 2620 5778 pro
2646 5696 2841 5757 ἐκείνου
2871 5695 3099 5756 habent
3132 5695 3350 5757 ἂκείνην,
