4098 6382
413 355 516 413 807

1798 341 1859 399 ε.
1894 336 2143 396 BASILII
2170 335 2391 394 MAGNI

413 478 717 537 otaculum
752 473 1091 548 conspexit,
1139 471 1310 546 quod
1364 469 1539 544 149
1568 482 1697 526 non
1721 462 2067 526 obseuravit

2180 459 2372 516 ἔκιίνου
2425 463 2518 515 τοῦ
2574 463 2904 533 στιφανίτου.
2960 458 3106 519 Αὕτη
3155 454 3356 514 ἐπεῖδον
3411 461 3442 520 ἠ
3502 461 3676 538 ἡμέρα
3724 467 3786 531 ea

408 574 677 644 tempus,
700 581 827 624 non
847 563 1124 622 dissolvit
1142 560 1544 629 consuetudo,
1566 574 1693 616 non
1713 556 1857 614 vicit
1876 559 2072 629 poste-

411 659 645 717 riorum
703 660 1037 714 eventuum
1092 651 1478 723 magnitudo.
1536 645 2071 720 Quemadmodum

414 750 577 806 enim
597 749 786 806 solem
803 760 1040 820 semper
1054 744 1380 812 intuentes,
1399 756 1639 815 semper
1655 738 2037 797 admiramur
2054 751 2068 792 ι

413 841 501 896 ita
530 853 777 912 quoque
801 835 916 893 viri
935 834 1095 892 illius
1115 833 1476 890 memoriam
1508 845 1748 902 semper
1766 829 2070 885 recentem

411 928 731 985 habemus.
756 930 901 985 Nam
926 927 999 981 In
1045 924 1335 982 memoria
1373 927 1605 983 aeterna
1622 920 1742 978 erit
1765 921 1972 987 justus
1997 914 2069 988 ίδ,
2102 950 2107 955 -

415 1022 471 1099 et
501 1017 666 1090 apud
688 1016 919 1073 incolas
950 1019 1141 1085 terrae,
1172 1013 1323 1069 dum
1354 1016 1508 1068 terra
1539 1009 1669 1077 erit,
1694 1012 1752 1065 et
1788 1008 1851 1064 in
1881 1004 2065 1077 ccelis,

410 1094 469 1165 et
498 1106 665 1180 apud
693 1105 970 1162 Judicem
991 1106 1226 1176 justum
1262 1117 1276 1169 ;
1308 1101 1406 1157 cui
1435 1098 1629 1171 gloria
1656 1100 1716 1154 et
1742 1094 2069 1170 imperium

408 1197 474 1256 in
500 1195 724 1254 saecula
752 1193 1138 1252 saeculorum.
1172 1197 1384 1249 Amen.

2181 552 2484 624 θαυμαστὸν
2526 548 2685 605 ἐκεῖνο
2736 552 2923 624 θέαμα,
2957 548 2983 604 ὃ
3030 548 3126 605 οὐκ
3168 549 3480 626 ἠμαύρωσεν
3518 552 3546 604 ό
3574 556 3784 629 χρόνος,

2178 636 2304 695 οὐδὲ
2350 639 2581 704 ἐξέλυσεν
2621 639 2705 712 (6)
2750 641 2780 700 ἡ
2837 641 3111 700 συνήθειαι·
3175 639 3271 694 οὐκ
3326 638 3559 701 irinum
3612 643 3643 701 ἡ
3684 650 3786 698 τῶν

2178 728 2543 804 ἐπιγινομένων
2594 727 2877 803 ὑπερϐολή.
2943 735 3145 805 Ὥσπερ
3199 729 3300 806 γὰρ
3354 732 3440 785 τὸν
3494 730 3641 790 ἣλιον
3703 730 3785 789 ἀεὶ

2179 822 2516 894 καθορῶντες,
2569 817 2649 873 ἀεὶ
2708 819 3063 893 θαυμάζομινο
3113 819 3249 875 οὕτω
3298 824 3389 876 καὶ
3444 828 3538 875 τοῦ
3593 818 3786 899 ἀνδρὸς

2179 910 2376 967 διαίνου
2422 908 2503 964 ἀεὶ
2551 910 2737 985 νεαρὰν
2781 914 2877 970 τὴν
2925 913 3137 983 μνήμην
3196 912 3406 984 ἔχομεν.
3450 911 3542 976 Εἰς
3587 917 3785 987 μνημό-

2181 1019 2331 1055 συνον
2378 1000 2480 1073 γὰρ
2521 1000 2726 1053 αἰώνιον
2768 1002 2919 1059 ἔσται
2959 995 3191 1067 δίκαιος,
3229 1005 3321 1055 καὶ
3355 1004 3503 1077 παρὰ
3542 1010 3653 1071 τοῖς
3699 1002 3784 1058 ἕπὶ

2174 1098 2297 1163 γῆς,
2330 1089 2423 1150 ἕως
2460 1087 2603 1142 ἐστὶν
2638 1089 2671 1149 ἠ
2713 1096 2806 1161 γῆ,
2853 1093 2945 1143 καὶ
2989 1087 3040 1144 ἂν
3078 1097 3192 1153 τοῖς
3220 1090 3478 1164 οὐρανοῖς,
3510 1095 3602 1145 καὶ
3638 1094 3785 1168 παρὰ

2173 1187 2249 1251 τῷ
2301 1174 2493 1251 δικαίῳ
2536 1185 2714 1254 κριτῇ’
2760 1178 2800 1249 ᾧ
2847 1180 2877 1238 ἡ
2922 1173 3056 1251 δόξα
3093 1183 3186 1234 καὶ
3221 1182 3281 1235 τὸ
3327 1183 3520 1256 κράτος
3556 1181 3634 1246 εἰς
3663 1182 3785 1265 τοὺς

2177 1268 2363 1331 αἰῶνας
2380 1276 2482 1322 τῶν
2508 1267 2725 1329 αἰώνων,
2761 1268 2946 1342 Ἀμήν.

462 1457 3779 1489 MM

1003 1595 1299 1657 HOMILIA
1336 1596 1465 1653 XIX.

657 1724 733 1789 In
770 1729 1012 1781 sanctos
1041 1722 1461 1797 quadraginta
1495 1724 1812 1790 martyres.

481 1838 531 1891 i.
566 1833 706 1900 Quae
749 1832 991 1890 satietas
1023 1832 1085 1888 in
1114 1829 1440 1888 recolenda
1470 1832 1809 1901 martyrum
1840 1839 2064 1881 memo-
2094 1838 2135 1893 Β

402 1924 495 1981 ria
522 1938 659 1981 esse
680 1923 890 1999 possit,
921 1922 995 1992 ei,
1018 1922 1125 1995 qui
1153 1925 1452 1993 martyres
1483 1933 1690 1975 amore
1730 1930 2062 1991 prosequa-

402 2017 522 2082 tur,
549 2028 689 2070 cum
719 2013 917 2069 honor
944 2026 1127 2085 quem
1159 2010 1466 2067 conservis
1502 2007 1680 2065 bonis
1708 2005 2061 2070 deferimus,

401 2104 625 2158 nostrae
670 2116 815 2173 erga
844 2114 1234 2157 communem
1261 2100 1584 2156 Dominum
1626 2095 2063 2153 benevolentia;

404 2189 710 2264 specimen
732 2189 807 2247 sit
835 2192 893 2246 et
921 2191 1389 2246 monumentum
1412 2188 1442 2244 ‘2
1470 2185 1700 2243 Etenim
1727 2184 2061 2241 obscurum

400 2294 528 2337 non
543 2283 636 2337 est
656 2292 795 2335 eum
812 2277 919 2353 qui
940 2281 1217 2334 strenuos
1237 2277 1400 2334 viros
1417 2274 1883 2343 commendarit,
1897 2273 2063 2346 ipsos

403 2367 468 2426 in
498 2367 799 2425 similibus
818 2365 1242 2424 occasionibus
1265 2365 1643 2422 imitaturum
1673 2378 1826 2421 esse.
1854 2360 2065 2419 Lauda

405 2457 635 2514 sincere
676 2472 819 2513 eum
858 2457 966 2531 qui
995 2457 1356 2530 martyrium
1399 2454 1663 2528 pertulit,
1707 2458 1774 2510 ut
1801 2452 2061 2510 afﬁciare

402 2550 634 2620 martyr
679 2546 1009 2617 voluntate,
1055 2561 1124 2602 ac
1153 2552 1405 2602 demum
1453 2544 1583 2601 sine
1621 2543 2059 2617 persecutione,

406 2636 536 2695 sine
556 2636 715 2708 igne,
744 2636 872 2693 sine
896 2635 1247 2693 verberibus
1271 2634 1487 2692 eadem
1527 2638 1707 2709 atque
1737 2633 1821 2690 illi
1840 2647 2063 2690 merce-

403 2725 544 2783 dem
572 2741 967 2800 consequare.
996 2725 1179 2783 Nobis
1202 2729 1406 2782 autem
1433 2739 1556 2780 non
1583 2738 1742 2780 unus
1774 2723 1852 2781 ad
1887 2737 2064 2780 vene-

398 2816 703 2873 rationem
753 2815 1133 2893 proponitur,
1166 2829 1289 2872 non
1316 2814 1440 2870 duo
1478 2812 1794 2884 duntaxat,
1829 2827 1952 2869 non
1983 2813 2063 2869 ad

404 2905 616 2962 decem
656 2920 849 2979 usque
870 2904 1189 2962 beatorum
1210 2920 1272 2960 se
1302 2919 1596 2960 numerus
1621 2902 1887 2960 extendit
1915 2917 1928 2959 :
1953 2902 2063 2959 sed

401 2995 510 3053 viri
539 2994 972 3073 quadraginta,
1002 2995 1182 3069 quasi
1207 2994 1478 3051 animnm
1506 3009 1695 3050 unam
1721 2993 1783 3050 in
1803 2992 2060 3050 diversis

396 3085 758 3160 “corporibus
778 3085 1093 3154 habentes,
1120 3085 1183 3142 in
1203 3101 1328 3141 una
1346 3084 1488 3141 ﬁdei
1515 3083 1965 3158 conspiratione
1991 3098 2063 3139 ac

2780 1587 3025 1639 OMIAIA
3066 1581 3170 1641 ΙΘ’.

2391 1711 2475 1773 Εἰς
2504 1714 2629 1774 τοὺς
2653 1710 2834 1785 ἁγίους
2860 1704 3254 1789 τεσσαράκοντα
3275 1730 3566 1790 μάρτυρας.

2251 1826 2300 1876 t.
2358 1821 2653 1895 Μαρτύρων
2717 1824 2929 1894 μνήμης
2981 1824 3065 1882 τίς
3118 1818 3181 1877 ἂν
3242 1823 3445 1892 γίνοιτο
3497 1823 3650 1897 κόρος
3702 1826 3776 1892 τῷ

2173 1911 2517 1986 φιλομάρτυρι
2548 1925 2564 1977 ;
2609 1905 2752 1967 διότι
2792 1912 2823 1970 ἠ
2855 1914 2982 1986 πρὸς
3018 1913 3142 1974 τοὺς
3170 1908 3402 1984 ἀγαθοὺς
3429 1917 3532 1965 τῶν
3557 1906 3780 1983 ὁμοδού-

2171 2001 2271 2055 λων
2317 2004 2446 2073 τιμὴ
2483 1994 2753 2064 ἀπόδειξιν
2797 2002 2913 2073 ἔχει
2948 2008 3043 2063 τῆς
3082 2004 3218 2076 πρὸς
3252 2004 3342 2055 τὸν
3379 2002 3549 2054 κοινὸν
3588 2000 3782 2059 Δοσπό-

2171 2110 2268 2150 την
2300 2089 2519 2153 εὐνοίας.
2568 2088 2728 2148 Δῆλον
2773 2092 2897 2166 γὰρ,
2944 2092 3027 2145 ὅτι
3055 2093 3081 2144 ό
3122 2094 3242 2153 τοὺς
3287 2093 3554 2164 γενναίοις
3579 2086 3780 2165 ἄνδρας

2175 2178 2568 2255 ἀποδεχόμενος
2634 2180 2683 2234 ἓν
2738 2189 2851 2243 τοὶς
2895 2181 3097 2255 ὁμοίοις
3161 2188 3367 2256 καιροῖς
3424 2181 3521 2237 οὐκ
3577 2179 3782 2239 amolci-

2172 2272 2427 2344 φθήσεται
2490 2279 2589 2333 τῆς
2652 2276 2946 2344 μιμήσεως.
3015 2272 3324 2346 Μακάρισον
3395 2274 3630 2343 γνησίως
3692 2272 3780 2323 τὸν

2175 2365 2588 2437 μαρτυρήσαντα
2633 2362 2735 2432 (7),
2779 2361 2863 2414 ἵνα
2918 2364 3037 2435 γίνῃ
3086 2363 3290 2436 μάρτυς
3334 2368 3399 2435 τῇ
3452 2363 3778 2437 προαιρίσιι,

2172 2463 2263 2513 καὶ
2310 2458 2468 2533 ὶκϐῇς
2509 2463 2680 2534 χωρὶς
2728 2455 2990 2533 διωγμοῦ,
3030 2465 3200 2537 χωρὶς
3234 2463 3421 2536 πυρός,
3473 2462 3638 2534 χωρὶς
3684 2476 3782 2533 μα-

2176 2553 2389 2621 στίγων,
2437 2557 2537 2602 τῶν
2577 2550 2746 2601 αὐτῶν
2784 2547 2994 2610 ἕκοίνοις
3031 2552 3234 2623 μισθῶν
3280 2548 3583 2623 ἠξιωμὲνος.
3628 2548 3780 2622 Ἡμῖν

2173 2636 2235 2693 δό
2276 2639 2384 2713 οὐχ
2426 2640 2514 2693 ἕνα
2562 2642 2835 2717 πρόκειται
2889 2638 3189 2711 θανμάζιιν,
3231 2635 3357 2693 cudi
3414 2636 3512 2692 δύο
3567 2641 3775 2713 μόνους,

2172 2722 2298 2779 οὐδὲ
2339 2729 2505 2801 μέχρι
2554 2722 2777 2788 δεκάδος
2823 2727 2849 2779 ὁ
2893 2725 3117 2802 ἀριθμός
3150 2731 3359 2803 πρόεισι
3394 2734 3497 2780 τῶν
3543 2746 3778 2802 μακαρι-

2173 2816 2399 2891 ζομένων
2447 2816 2547 2888 (8)·
2615 2814 2744 2869 ἄλλα
2804 2818 3201 2893 τεσσαράκοντα
3260 2813 3467 2894 ἄνδρες,
3526 2819 3597 2878 ὡς
3652 2819 3776 2894 μίαν

2171 2907 2358 2979 ψυχὴν
2406 2905 2455 2959 ἓν
2492 2901 2829 2983 διῃρημένοις
2868 2911 3110 2982 σώμασιν
3152 2908 3378 2981 ἔχοντες,
3421 2905 3470 2960 ἓν
3509 2912 3608 2980 μιᾷ
3640 2924 3777 2980 συμ-

2167 3003 2326 3071 πνοίᾳ
2372 3001 2462 3051 καὶ
2504 2999 2718 3079 ὁμονοίᾳ
2761 3006 2852 3059 τῆς
2896 3002 3139 3068 πίστεως,
3187 3001 3312 3077 μίαν
3359 3001 3451 3051 καὶ
3506 3000 3602 3056 τήν
3647 2996 3778 3072 πρὸς

2170 3092 2237 3142 τὰ
2300 3087 2446 3143 δεινὰ
2490 3091 2791 3173 καρτερίαν,
2845 3091 2937 3140 καὶ
2976 3091 3070 3146 τὴν
3117 3090 3245 3163 ὑπὶρ
3294 3094 3392 3150 τῆς
3438 3084 3677 3147 ἀληθείας
3727 3087 3776 3139 εν

401 3175 750 3245 concordia,
769 3191 957 3233 unam
973 3175 1035 3232 in
1057 3174 1423 3232 cruciatibus
1437 3173 1813 3231 tolerantiam
1826 3215 1838 3240 ,
1850 3187 2062 3229 unam-

2175 3196 2363 3233 στασιν
2415 3180 2495 3249 (9)
2556 3173 2901 3240 ἕπεδιίξαντο.
2961 3178 3153 3238 Πάντες
3202 3175 3566 3252 παραπλήσιοι
3622 3174 3777 3234 αλλή-

404 3278 524 3338 que
541 3279 653 3338 pro
683 3264 935 3322 veritate
965 3264 1374 3321 constantiam
1400 3263 1811 3321 ostenderunt.
1840 3264 2064 3320 Omnes

2175 3268 2297 3338 λοις,
2342 3271 2454 3322 ἶσοι
2508 3271 2603 3327 τὴν
2649 3272 2881 3342 γνώμην,
2931 3269 3043 3321 ἴσοι
3096 3270 3190 3326 τήν
3240 3266 3481 3326 άθλησιν.
3545 3267 3634 3319 Διὸ
3685 3268 3777 3319 καὶ

402 3352 558 3410 inter
585 3369 649 3410 se
681 3353 1050 3425 consimiles,
1099 3369 1281 3427 pares
1320 3353 1637 3421 sententia,
1669 3368 1848 3425 pares
1879 3357 2064 3409 certa-

401 3442 584 3500 mine.
624 3442 1033 3510 Quamobrem
1079 3446 1137 3500 et
1175 3442 1380 3514 glorias
1411 3456 1671 3501 coronas
1716 3457 1892 3515 pares
1928 3458 2065 3515 pro-

400 3547 695 3591 meruere.
730 3533 861 3599 Qua
887 3532 1068 3603 igitur
1096 3533 1368 3590 oratione
1393 3538 1652 3606 possunt
1689 3548 1801 3608 pro
1850 3533 2064 3591 merito

399 3621 687 3681 laudari?
707 3627 786 3681 Ne
815 3622 1222 3698 quadraginta
1242 3624 1494 3698 quidem
1517 3624 1739 3697 linguae
1771 3625 1915 3683 satis
1939 3626 2065 3682 fue-

399 3717 519 3772 rint
556 3718 641 3772 tot
672 3713 933 3770 virorum
960 3713 1166 3771 virtuti
1191 3714 1590 3772 celebrandae.
1625 3718 1692 3772 Et
1719 3730 1865 3773 vero
1892 3716 1941 3772 si
1966 3716 2065 3772 vel

397 3819 591 3862 unum
622 3803 788 3862 cultu
812 3808 869 3862 et
896 3804 1283 3862 observantia
1309 3810 1841 3879 prosequeremur,
1872 3807 1924 3863 is
1956 3807 2064 3863 uti-

399 3904 519 3968 que
540 3894 899 3968 eloquentise
920 3899 1145 3952 nostras
1165 3895 1288 3951 vim
1313 3900 1640 3970 superaret,
1658 3896 1888 3954 nedum
1910 3897 2063 3954 mul-

401 3984 590 4042 titudo
618 3988 808 4050 tanta,
831 3985 1101 4059 phalanx
1127 3985 1424 4057 militaris,
1452 4002 1673 4058 agmen
1688 3988 2064 4062 inexpugna-

398 4074 539 4146 bile,
572 4074 739 4150 quod
770 4079 837 4132 ut
860 4076 922 4132 in
957 4074 1131 4133 bellis
1158 4076 1421 4146 vincere,
1452 4077 1537 4135 ita
1565 4077 1858 4135 laudibus
1902 4095 2063 4137 asse-

399 4166 506 4245 qui
525 4181 706 4223 nemo
727 4170 952 4243 potest.

469 4260 525 4315 2.
558 4260 680 4327 Age
718 4255 1051 4331 jamhillos
1090 4256 1154 4315 in
1194 4258 1465 4315 medium
1494 4259 1820 4317 recolenda
1849 4275 2062 4318 eorum

399 4347 697 4404 memoria
718 4347 1115 4419 adducentes,
1135 4363 1525 4405 communem
1550 4348 1866 4406 utilitatem
1888 4366 1961 4407 ex
1975 4352 2061 4407 eis

400 4436 762 4511 capiendam
779 4438 1118 4495 astantibus
1132 4453 1572 4512 proponamus,
1592 4440 1860 4498 exhibita
1872 4442 2063 4498 omni-

2174 3362 2437 3435 ὁμοτίμων
2466 3365 2567 3410 τῶν
2613 3358 2874 3431 στεφάνων
2914 3365 3011 3422 τῆς
3043 3352 3202 3420 δόξης
3227 3356 3653 3420 κατηξιώθησαν.
3683 3357 3776 3418 Τίς

2174 3448 2235 3503 ειν
2265 3445 2353 3502 οὖν
2392 3446 2621 3522 ἐφίκοιτο
2662 3447 2813 3520 λόγος
2848 3456 2945 3511 τῆς
2970 3449 3168 3501 τούτων
3194 3444 3385 3515 ἁξίαςς
3417 3441 3561 3499 nudi
3587 3463 3778 3499 τοσσα-

2172 3541 2401 3619 ράκοντα
2438 3537 2680 3611 γλῶσσαι
2711 3536 2997 3614 ἰξήρκσσαν
3034 3535 3095 3590 ἂν
3123 3539 3388 3591 τοσούτων
3418 3530 3622 3612 ἀνδρῶν
3664 3533 3778 3606 (10)

2175 3629 2361 3708 ἀρετὴν
2389 3628 2706 3703 ὼυμνῆσαι.
2746 3633 2951 3697 Καίτοι,
2987 3627 3030 3681 εἰ
3056 3631 3148 3680 καὶ
3188 3623 3260 3690 οἷς
3289 3623 3352 3685 ἧν
3388 3627 3415 3679 ὁ
3450 3624 3777 3699 θαυμαζόμι-

2172 3741 2275 3788 νος,
2308 3724 2403 3780 τήν
2441 3738 2504 3793 γε
2547 3726 2648 3773 τῶν
2686 3721 2943 3795 ἡμετέρων
2981 3717 3148 3791 λόγων
3187 3714 3411 3792 δύναμιν
3441 3715 3647 3792 ἕξήρκει
3686 3734 3778 3768 κα-

2172 3810 2520 3878 ταπαλαῖσαι,
2580 3813 2651 3884 μὴ
2689 3809 2770 3862 ὅτι
2816 3807 3016 3871 πλῆθος
3052 3814 3324 3873 τοσοῦτον,
3367 3804 3572 3880 φαλαγξ
3621 3822 3778 3878 στρα-

2171 3904 2412 3967 τιωτικὴ,
2471 3901 2722 3972 σύστημα
2778 3893 3294 3970 δυσκαταγώνιστον,
3356 3897 3546 3970 ὁμοίως
3609 3897 3659 3949 ἓν
3721 3911 3778 3948 τι

2170 3991 2415 4066 πολέμοις
2445 3988 2698 4050 ἀήττητον
2727 3992 2818 4043 καὶ
2847 3987 2897 4043 ἓν
2935 3987 3164 4052 ἕπαίνοις
3201 3986 3506 4065 ἀπρόσιτον.

2241 4266 2296 4321 2.
2348 4269 2506 4336 Δεῦρο
2551 4257 2619 4321 δὴ
2665 4256 2773 4329 οὖν,
2822 4278 2895 4323 τις
2935 4278 3094 4334 μεσον
3124 4258 3316 4322 αὐτοὺς
3362 4256 3639 4331 ἀγαγόντος
3681 4249 3780 4307 διὰ

2172 4362 2268 4418 τῆς
2330 4354 2689 4432 ὑπομνήσεως,
2756 4355 2932 4411 κοινὴν
2992 4354 3088 4410 τὴν
3155 4348 3244 4404 ἀπ’
3301 4348 3469 4404 αὐτῶν
3534 4345 3776 4420 ὧφίλσιαν

2172 4452 2281 4508 τοῖς
2333 4450 2566 4521 παροῦσι
2602 4434 3107 4516 ’καταστησώμιθα,
3175 4436 3538 4518 προδείξαντες
3589 4440 3775 4503 πᾶσιν,

397 4526 536 4596 bus,
563 4526 727 4584 velut
754 4527 816 4584 in
846 4527 1087 4599 tabella,
1120 4528 1341 4586 horum
1385 4530 1660 4587 virorum
1686 4531 2057 4589 fortitudine.

2176 4536 2351 4611 ὥσπερ
2402 4534 2451 4588 ἐν
2506 4542 2705 4610 γραφῇ,
2756 4535 2847 4595 τὰς
2892 4540 2993 4587 τῶν
3042 4527 3245 4608 ἀνδρῶν
3295 4529 3583 4606 ἀριστείας.
3634 4525 3777 4581 Ἐπεὶ

398 4618 550 4676 Nam
575 4620 633 4676 et
659 4633 755 4678 res
784 4617 846 4677 in
873 4617 1034 4676 bello
1064 4617 1294 4681 fortiter
1334 4626 1533 4692 gestas
1563 4636 1723 4699 saepe
1754 4627 1888 4683 tum
1928 4640 2063 4683 oru-

473 4747 520 4783 ¹³
554 4744 708 4804 Psal.
741 4762 850 4805 (ιιι.
880 4750 934 4803 7.

468 4873 550 4946 (6)
586 4873 684 4946 Sic
708 4887 858 4946 mss.
902 4870 1204 4946 nonnulli.
1235 4871 1386 4929 Editi
1424 4888 1569 4930 vero
1597 4872 1691 4927 οὐκ
1717 4874 1915 4935 ἔλυσεν.

471 4943 547 5016 (7)
606 4945 799 5002 Editio
857 4943 1046 5002 Paris.
1112 4949 1543 5020 μαρτυρήσαντα.
1609 4946 1767 5006 Libri
1830 4953 2062 5009 veteres

399 5023 836 5093 μαρτυρῂσρςνταο

474 5088 762 5175 (ὃγβοὶὶ).
814 5088 1020 5147 tertius
1068 5104 1180 5162 pro
1229 5089 1658 5165 μακαριζομένων
1705 5088 1891 5152 habet
1929 5113 2066 5168 μαρφ

399 5182 462 5215 τυ
502 5179 764 5220 ησαντων.

403 5307 442 5315 _
576 5230 774 5315 Egilia
797 5231 1094 5315 Paris._xa5l
1118 5238 1210 5294 τὴν
1236 5235 1484 5315 νπὲρ-τῆς
1514 5232 1774 5315 εὐσεϐείας
1799 5238 2062 5315 ἔνστασιν.

403 5303 798 5433 ἓὲἐῗὲιέἰέεὶι.
853 5309 911 5362 et
948 5304 1151 5363 Medic.
1194 5309 1251 5362 et
1293 5303 1394 5365 alii
1423 5309 1692 5381 quinque
1729 5324 1880 5368 mss.
1910 5315 1976 5366 ut
2003 5308 2066 5369 in

403 5391 711 5434 contexw.

480 5448 592 5517 (10)
624 5448 884 5525 Utraque
913 5448 1093 5525 editio
1114 5450 1374 5525 τοσούτων
1414 5446 1638 5525 ἀνδρῶν,
1663 5453 2064 5525 to_t__vi2forum,

403 5524 513 5577 aut
536 5524 841 5575 tantorum
864 5521 1155 5578 virorum.
1183 5524 1413 5578 Veteres
1430 5521 1694 5580 quatuor
1718 5523 1854 5580 libri
1875 5521 2067 5579 roceo;

403 5611 518 5673 την,
554 5595 737 5673 tanta:
789 5592 1202 5673 vg'rtuti,_Reg_.
1238 5592 1545 5673 secundus
1574 5592 1645 5673 ⁸διν
1675 5597 2069 5673 τεσσαράκοντα

402 5660 639 5747 ἀνδρῶν.
668 5662 1087 5747 quadraginta
1126 5660 1419 5747 virorum.
1480 5664 1594 5725 Sed
1630 5666 1781 5747 mihi
1809 5660 2070 5747 dubium

407 5738 537 5798 non
556 5739 667 5811 est,
695 5738 845 5819 quin
870 5753 991 5803 vox
1027 5738 1423 5816 τισσαράκοντα
1444 5754 1477 5805 θ
1504 5739 1782 5821 margine
1810 5741 1874 5802 in
1923 5754 2069 5802 con.

2177 4631 2268 4682 καὶ
2327 4627 2439 4702 (li)
2501 4622 2735 4698 πολέμων
2792 4620 3246 4711 ἀνδραγαθήματα
3307 4623 3400 4676 καὶ
3465 4619 3777 4694 λογογράφοι

2173 4883 2403 4938 textucn
2431 4877 2759 4952 irrepserit.
2816 4877 3062 4952 Factum
3089 4874 3325 4952 _aut_em
3374 4873 3439 4952 id
3490 4871 3780 4952 essehoc

2170 4953 2292 5010 fere
2322 4951 2510 5009 modo
2550 4945 2827 5011 arbitror.
2878 4946 3179 5005 Librarius
3215 4945 3446 5016 legerat
3492 4947 3777 5014 τοσούτων,

2172 5030 2260 5083 tot
2303 5025 2597 5091 virorum,
2649 5038 2773 5079 non
2811 5021 3096 5078 τοσαύτην.
3135 5017 3241 5091 puti
3278 5017 3342 5075 in
3380 5017 3586 5091 multis
3624 5034 3775 5078 mss.

2171 5094 2387 5167 legitur
2419 5113 2433 5152 :
2468 5089 2691 5151 veritus
2712 5100 2916 5167 autem
2937 5106 3012 5150 ne
3041 5090 3535 5167 quisnumerum
3557 5089 3780 5167 horum

2170 5161 2441 5225 virorum
2470 5167 2794 5239 ignoraret.
2829 5165 2892 5221 in
2919 5178 3030 5223 ora
3059 5161 3199 5221 libri
3236 5161 3472 5221 addidit
3516 5162 3778 5235 "caupo?-

2172 5259 2348 5301 κοντα,
2390 5240 2826 5311 quadraginta.

2244 5312 2356 5384 (Ait)
2390 5305 2515 5384 illa,
2564 5305 2672 5367 ἐπὲὶ
2729 5314 2840 5377 καί,
2883 5310 3021 5384 e_tc.,
3060 5305 3141 5384 ab
3170 5305 3444 5384 Adriano
3475 5318 3640 5377 papa
3657 5318 3779 5384 pro

2173 5377 2525 5439 defensione
2547 5386 2898 5439 sanctarum
2916 5377 3253 5450 imaginum
3279 5377 3448 5434 citari
3467 5379 3674 5450 monet
3695 5377 3783 5437 vir

2174 5453 2617 5521 eruditissimus
2645 5453 2919 5509 Ducasus.
2952 5448 3118 5508 Idem
3144 5449 3241 5507 ille
3270 5448 3509 5505 monuit
3532 5463 3782 5521 quoque

2175 5526 2305 5607 llaec
2326 5526 2536 5607 verba,
2572 5519 2711 5607 διότι
2740 5526 2950 5607 sane“,
2975 5528 3108 5592 etc.,
3137 5520 3466 5607 quaeinitio
3492 5519 3781 5603 orationis

2173 5598 2479 5669 leguntur,
2520 5593 2724 5669 'citata
2775 5593 2963 5654 fuisse
3038 5593 3431 5669 aJGermano
3489 5593 3781 5669 episcopo

2175 5665 2864 5754 gcastantinopolitsnc,
2915 5671 2980 5727 ut
3019 5666 3237 5754 yidore
3286 5670 3376 5738 est
3414 5665 3483 5731 in
3527 5665 3781 5735 concilio

2177 5741 2416 5812 Niceno
2447 5739 2719 5817 secundo
2746 5739 2983 5810 actione
3008 5742 3067 5802 4.
