4098 6380
211 355 316 412 509

1189 350 1484 409 HOMILIA
1522 353 1591 410 IN
1631 349 2144 418 QUADRAGINTA
2179 353 2576 412 MARTYRES.

3474 363 3580 417 510

208 477 476 542 πολλάκις,
517 480 608 530 καὶ
658 475 923 550 ζωγράφοι
971 471 1440 549 διασημαίνουσιν,
1497 479 1548 530 οἰ
1603 480 1692 550 μὲν
1741 485 1803 549 τῷ

1917 480 2246 548 tores,tum
2259 479 2896 552 pictorssexprimunt,
2917 479 3000 537 illi
3029 481 3278 554 quidem
3311 498 3414 540 eas
3464 499 3583 541 sero

197 568 346 643 λόγῳ
401 564 829 639 διακοσμοῦντες,
883 566 931 618 οἱ
992 560 1052 619 δι
1087 573 1198 630 τοῖς
1221 566 1425 631 πίναξιν
1463 565 1812 641 ἕγχαράττον-

207 677 312 722 τες,
365 661 458 712 καὶ
528 656 742 717 πολλοὺς
815 653 1094 729 ἐπήγειραν
1157 660 1290 732 πρὸς
1357 653 1574 732 ἀνδρίαν
1640 657 1812 714 ἱκάτε·

207 767 312 823 ροι.
351 748 414 802 Ἃ
439 749 541 822 γὰρ
582 748 610 799 ό
638 745 784 818 λόγος
812 753 903 806 τῆς
936 746 1170 820 ἱστορίας
1233 743 1328 801 διά
1363 755 1454 810 τῆς
1484 745 1642 809 ἀκοῆς
1670 765 1811 821 παρ-

213 841 413 904 ίστησι,
453 844 622 893 ταῦτα
656 838 886 911 γραφικὴ
932 843 1188 890 σιωπῶσαι
1237 833 1332 891 διὰ
1377 843 1650 910 μιμήσεως
1707 833 1812 890 δεί-

207 945 409 982 κνυσιν.
469 926 621 979 Οὕτω
687 921 755 986 δὴ
811 929 900 978 καὶ
953 925 1099 999 ἡμεῖς
1155 925 1530 1000 ἀναμνήσωμεν
1557 926 1668 999 (12)
1722 934 1812 988 τῆς

207 1014 393 1090 ἀρετῆς
451 1023 550 1068 τῶν
608 1009 808 1087 ἀνδρῶν
877 1016 996 1077 τοὺς
1048 1019 1325 1090 παρόντας,
1367 1020 1458 1074 καὶ
1513 1017 1668 1074 οἱονεὶ
1723 1015 1812 1069 ὑπ’

207 1105 330 1178 ὄψιν
377 1105 542 1158 αὐτῶν
599 1102 875 1176 ἀγαγόντες
925 1105 1297 1180 τὰς’πράξεις,
1347 1110 1642 1179 κινήσωμεν
1680 1109 1812 1181 πρὸς

205 1198 304 1254 τὴν
384 1200 608 1268 μίμησιν
672 1195 796 1259 τοὺς
867 1197 1252 1269 γενναιοτέρους
1320 1201 1410 1250 καὶ
1476 1196 1811 1269 οἰκειοτέρους

205 1283 383 1348 αὐτοῖς
432 1287 529 1345 την
582 1287 908 1359 προαίρεσιν.
963 1290 1124 1338 Τοῦτο
1188 1286 1290 1358 γὰρ
1361 1282 1475 1339 ἔστι
1535 1287 1810 1361 μαρτύρων

203 1370 479 1448 ἰγκώμιον,
534 1375 564 1433 ἠ
633 1376 764 1448 πρὸς
808 1371 995 1448 ἀρετὴν
1050 1373 1384 1449 παράκλησις
1431 1382 1530 1427 τῶν
1581 1378 1809 1431 συνειλε-

199 1466 418 1536 γμένων.
486 1459 628 1516 Ούδε
681 1464 784 1538 γὰρ
850 1459 1240 1535 καταδέχονται
1295 1467 1472 1537 νόμοις
1545 1463 1809 1538 ἐγκωμίων

201 1547 467 1606 δουλεύειν
517 1553 567 1605 οἱ
621 1555 741 1627 περὶ
784 1559 884 1606 τῶν
942 1551 1104 1624 ἁγίων
1151 1551 1316 1625 λόγοι.
1367 1557 1512 1607 Διότι
1548 1555 1598 1607 oi
1646 1553 1808 1628 εὐφη-

197 1648 417 1714 μοῦντες
437 1641 550 1714 (13)
598 1639 654 1695 ἔκ
707 1647 808 1696 τῶν
862 1647 955 1695 τοῦ
1003 1645 1204 1715 κόσμου
1238 1640 1479 1720 ἀφορμῶν
1517 1644 1608 1704 τὰς
1634 1641 1810 1718 ἀρχὰς

195 1739 302 1786 τῶν
351 1731 612 1804 εὐφημιῶν
653 1727 1009 1802 λαμϐάνουσιν
1035 1751 1048 1768 ο
1098 1728 1171 1793 οἶς
1211 1727 1272 1787 δε
1319 1733 1345 1786 ό
1378 1736 1572 1806 κόσμος
1623 1731 1808 1790 iamu-

1923 583 2102 626 mone
2123 573 2428 640 ornantes,
2448 569 2510 625 hi
2528 585 2672 625 vero
2692 569 3260 642 ipsasdepingentes
3291 572 3354 630 in
3395 573 3580 632 tabel-

1918 657 2012 725 lis,
2045 663 2103 716 et
2130 659 2366 732 utrique
2391 675 2514 716 non
2544 674 2774 732 paucos
2804 660 2884 716 ad
2912 659 3326 718 fortitudinem
3367 663 3584 720 excita-

1919 751 2227 814 runt.Qute
2240 749 2401 807 enim
2414 749 2676 808 historia;
2687 764 2888 805 sermo
2905 765 3014 822 per
3029 749 3304 807 auditum
3319 751 3578 820 exhibet,

1921 854 1994 895 ea
2021 838 2103 895 ob
2132 839 2340 896 oculos
2370 839 2548 912 ponit
2568 839 2750 898 silens
2773 840 3009 912 pictura
3029 855 3137 912 per
3159 840 3579 904 imitationem.

1923 931 2088 986 Hunc
2113 929 2192 985 ad
2221 929 2476 988 modum
2507 934 2562 986 et
2599 945 2712 986 nos
2739 929 3074 987 astantibus
3109 930 3172 986 in
3219 931 3579 989 memoriam

1918 1035 2272 1076 revocemus
2298 1019 2564 1077 virorum
2590 1020 3228 1094 virtutem,eorumque
3254 1021 3434 1092 gestis
3461 1021 3582 1079 vel-

1919 1113 1986 1164 ut
2009 1109 2067 1166 in
2094 1115 2484 1182 conspectum
2515 1108 2814 1177 adductis,
2841 1101 2951 1182 ‘qui
2981 1110 3398 1180 generosiores
3417 1113 3579 1177 sunt,

1919 1198 2246 1272 animoque
2269 1199 2416 1268 ipsis
2433 1199 2566 1270 conj
2578 1199 2898 1271 unctiores,
2923 1215 3028 1256 eos
3039 1199 3114 1257 ad
3131 1198 3580 1257 aemulationem

1919 1287 2394 1346 exstimulemus.
2412 1291 2563 1345 Nam
2589 1293 2990 1358 congregatos
3018 1289 3320 1346 exhortari
3361 1289 3440 1346 ad
3463 1289 3581 1347 vir-

1918 1381 2128 1447 tutem,
2159 1378 2288 1434 haec
2312 1382 2401 1434 est
2424 1384 2757 1450 martyrum
2784 1377 2942 1434 laus.
2966 1382 3169 1452 Neque
3197 1379 3359 1436 enim
3390 1378 3582 1437 habiti

1917 1469 1993 1526 de
2027 1469 2200 1542 150
2241 1468 2462 1524 sanctis
2508 1483 2817 1527 sermones
2846 1469 3296 1541 praeconiorum
3342 1469 3580 1538 legibus

1916 1557 2247 1628 dignantur
2265 1557 2503 1614 servire.
2533 1560 2682 1616 Nam
2712 1558 2820 1632 qui
2847 1557 3121 1628 laudant,
3145 1572 3219 1614 ex
3247 1557 3580 1615 mundanis

1917 1647 2114 1706 causis
2127 1647 2378 1704 laudum
2397 1647 2692 1718 originem
2706 1652 2950 1704 sumunt
2969 1665 2982 1705 :
3005 1647 3230 1720 quibus
3245 1663 3391 1704 vero
3405 1663 3581 1704 mun-

1915 1737 2030 1793 dus
2055 1737 2377 1798 cruciﬁxus
2396 1743 2504 1804 est,
2535 1736 2846 1810 quomodo
2879 1736 3223 1809 quidquam
3245 1751 3318 1792 ex
3341 1736 3415 1792 iis
3439 1751 3578 1810 quas

195 1837 384 1898 ρωται,
429 1827 535 1883 πῶς
564 1815 786 1874 δύναταί
827 1838 879 1874 τι
921 1828 1022 1876 τῶν
1079 1820 1128 1875 ἐν
1185 1821 1327 1893 αύτῷ
1377 1821 1615 1898 ἀφορμὴν
1665 1842 1803 1898 παρ-

1913 1827 1974 1884 in
1997 1826 2231 1883 mundo
2261 1829 2424 1890 sunt,
2455 1841 2664 1882 eorum
2693 1825 2945 1882 claritati
2977 1831 3159 1899 atque
3185 1826 3579 1883 commenda-

198 1914 340 1983 ἐχειν
397 1910 468 1975 εἰς
519 1911 886 1986 περιφάνειανς
952 1911 1062 1965 Οὐκ
1133 1909 1194 1971 ἣν
1265 1916 1361 1985 μία
1433 1917 1624 1987 πατρὶς
1700 1921 1806 1975 τοῖς

197 1998 368 2072 ἁγίοις
392 2018 406 2036 ο
436 1997 588 2064 ἄλλος
614 2002 715 2075 γὰρ
748 1997 1034 2073 ἀλλαχόθεν
1075 2002 1306 2076 ὥρμητο.
1366 2006 1430 2055 Τί
1468 1998 1555 2055 οὖν
1588 2020 1603 2070 ;
1671 2001 1804 2056 ἀπό.-

195 2085 351 2152 λιδας
400 2087 592 2152 αὐτοὺς
643 2092 879 2162 εἰπωμεν,
935 2094 966 2149 ἤ
1021 2099 1114 2152 τῆς
1201 2091 1504 2165 οἰκουμένης
1575 2091 1802 2158 πολίτας,

207 2186 386 2254 Ωσπερ
452 2181 554 2253 γὰρ
613 2177 664 2231 ἐν
729 2185 844 2242 ταῖς
891 2187 988 2232 τῶν
1046 2179 1237 2256 ἐράνων
1287 2189 1652 2258 συνεισφοραῖς
1694 2183 1806 2255 (Mr)

195 2271 262 2324 τὰ
306 2267 428 2342 παρ’
475 2267 699 2324 ἑκάστου
752 2267 1142 2328 καταϐληθέντα
1195 2273 1346 2327 κοινά
1408 2281 1508 2330 τῶν
1579 2272 1804 2345 εἰσενεγ-

195 2359 389 2414 κάντων
434 2361 632 2430 γίνεται
654 2379 669 2398 ν
725 2357 857 2415 οὕτω
913 2363 1005 2414 καὶ
1059 2360 1270 2417 ἐπὶτῶν
1315 2367 1583 2438 μακαρίων
1611 2365 1806 2416 τούτων

193 2449 226 2508 ἡ
283 2447 508 2504 ἑκάστου
561 2452 747 2523 πατρὶς
793 2452 938 2508 κοινὴ
995 2451 1196 2504 πάντων
1237 2451 1388 2506 ἱστί’
1475 2458 1566 2505 καὶ
1624 2453 1805 2518 πάντες

195 2537 304 2592 οἰσὶ
358 2540 686 2611 πανταχόθεν
726 2535 1080 2601 ἀντιδιδόντες
1132 2539 1368 2604 ἀλλήλοις
1421 2544 1512 2604 τὰς
1563 2541 1806 2615 ἐνεγκού-

203 2648 315 2692 σας.
367 2629 571 2684 Μᾶλλον
615 2626 676 2684 δὲ
716 2635 769 2683 τί
825 2627 907 2685 δεῖ
948 2633 1045 2694 τὰς
1067 2636 1246 2706 χαμαὶ
1311 2638 1544 2708 κειμένας
1590 2635 1806 2709 περιζη-

199 2727 323 2788 τεῖν,
377 2719 488 2784 ἐξὸν
531 2723 626 2779 τὴν
671 2727 759 2773 νῦν
815 2720 981 2774 αὐτῶν
1032 2721 1199 2790 πόλιν,
1261 2725 1373 2784 ἣτις
1418 2724 1584 2791 ἐστὶν,
1625 2724 1803 2778 ἐννοεῖν

200 2809 353 2872 Πόλις
401 2814 571 2865 τοίνυν
623 2813 898 2886 μαρτύρων
937 2812 967 2870 ἡ
1015 2811 1159 2873 πόλις
1199 2811 1312 2870 ἐστὶ
1357 2821 1448 2866 τοῦ
1516 2822 1686 2868 Θεοῡο
1768 2815 1800 2874 ἧ

197 2903 442 2971 τεχνίτης
486 2904 576 2954 καὶ
625 2896 948 2976 δημιουργός
991 2902 1018 2954 ὁ
1067 2905 1216 2969 Θεὸς,
1250 2904 1282 2962 ὴ
1323 2904 1427 2955 ἄνω
1465 2902 1804 2977 Ἰερουσαλὴμ

199 2989 233 3050 ἦ
278 2987 531 3065 ἐλευθέρα,
576 2992 606 3050 ἠ
652 2995 827 3066 μήτηρ
883 2991 1113 3060 Παύλου,
1165 2997 1256 3046 καὶ
1305 3001 1404 3047 τῶν
1455 2993 1626 3066 ἐκείνῳ
1691 2995 1804 3065 (15)

191 3078 595 3154 παραπλησίων.
662 3084 808 3142 Γένος
873 3077 933 3136 δι
999 3085 1056 3139 τὸ
1132 3085 1221 3156 μεν
1289 3082 1608 3160 ἀνθρώπινον
1683 3083 1805 3148 ἄλλο

1915 1915 2062 1973 tioni
2087 1915 2290 1972 locum
2322 1915 2508 1970 ullum
2542 1915 2812 1987 praebere
2842 1915 3104 1987 poterit?
3141 1918 3270 1972 Non
3300 1930 3425 1970 una
3452 1918 3583 1972 erat

1915 2005 2138 2074 sanctis
2181 2003 2414 2078 patria:
2479 2004 2781 2076 siquidem
2839 2003 2993 2060 alius
3041 2002 3286 2060 aliunde
3331 2006 3581 2062 venerat

1916 2093 2325 2164 Quidﬁigitur?
2371 2095 2616 2166 ipsosne
2663 2097 2932 2150 extorres
2960 2092 3254 2157 dicemus,
3297 2107 3377 2150 an
3414 2091 3578 2150 orbis

1914 2183 2115 2242 cives?
2136 2182 2667 2249 Quemadmodum
2689 2182 2850 2239 enim
2871 2182 2931 2238 in
2955 2180 3376 2254 symbolarum
3399 2177 3578 2242 colla-

1915 2272 2178 2330 tionibus
2208 2287 2280 2328 ea
2305 2287 2441 2344 qum
2465 2272 2543 2327 ab
2563 2286 2937 2344 unoquoque
2967 2269 3188 2327 collata
3211 2266 3579 2337 sunt,confe-

1913 2363 2174 2420 rentium
2199 2362 2353 2418 ﬁunt
2371 2361 2753 2418 communia:
2793 2361 2875 2417 ita
2901 2375 3148 2433 quoque
3175 2359 3239 2415 in
3268 2358 3362 2414 his
3385 2356 3577 2414 beatis

1912 2453 2395 2526 uniuscujusque
2423 2451 2620 2526 patria
2647 2449 2992 2507 communis
3015 2453 3108 2506 est
3126 2448 3425 2515 omnium,
3449 2462 3580 2504 om—

1912 2559 2147 2617 nesque
2168 2543 2572 2616 undecunque
2597 2541 2868 2614 profecti,
2905 2541 3054 2597 alter
3081 2556 3222 2596 cum
3253 2539 3440 2597 altero
3469 2553 3578 2611 pa-

1911 2633 2090 2692 triam
2107 2632 2582 2690 communicant.
2605 2636 2731 2688 lmo
2751 2646 2893 2688 vero
2909 2629 3059 2703 quid
3079 2629 3292 2686 attinet
3310 2633 3578 2686 terrenas

1911 2722 2556 2798 patriasjnvestigare;
2604 2737 2742 2778 cum
2765 2736 2944 2778 nosse
2971 2735 3108 2792 quas
3131 2734 3296 2776 nunc
3325 2718 3409 2775 eis
3437 2716 3578 2774 civi-

1914 2818 2007 2871 tas
2037 2812 2131 2881 sit,
2161 2811 2380 2869 liceat?
2422 2811 2639 2870 Civitas
2670 2811 2852 2881 igitur
2880 2807 3459 2882 martyrum,civitas
3489 2808 3580 2863 est

1914 2903 2109 2962 Dei“:
2158 2901 2563 2974 oujusﬁopit'ex
2589 2905 2647 2956 et
2675 2899 2886 2956 artifex
2916 2901 3070 2956 Deus
3090 2900 3157 2966 ¹⁸,
3197 2912 3466 2970 superna
3493 2898 3580 2952 Je-

1911 2993 2201 3057 rusalem,
2254 2991 2462 3056 libera,
2512 2994 2706 3046 mater
2753 2989 2943 3058 Pauli,
2997 2993 3054 3044 et
3101 3003 3334 3051 eorum,
3379 2985 3486 3058 qui
3525 2983 3580 3041 ei

1917 3085 2058 3138 sunt
2081 3080 2447 3138 consimiles.
2484 3083 2550 3135 Et
2576 3094 2715 3134 vero
2741 3078 3063 3134 hominum
3089 3076 3338 3149 quidem
3362 3090 3577 3145 genus,

196 3167 352 3225 ἄλλον
382 3189 396 3209 ο
457 3173 518 3224 τὸ
569 3167 628 3226 δε
664 3174 1012 3245 πνευματικὸν
1062 3171 1111 3228 ἓν
1167 3172 1428 3232 ἁπάντων.
1474 3176 1652 3236 Κοινὸς
1701 3177 1802 3248 γὰρ

1915 3171 2080 3230 aliud
2109 3171 2262 3227 alius
2287 3189 2300 3227 :
2335 3169 2443 3226 sed
2473 3184 2664 3242 genus
2688 3167 3019 3242 spirituale,
3051 3182 3245 3223 unum
3271 3165 3572 3223 omnium.

197 3261 364 3315 αὐτῶν
407 3263 576 3335 πατὴρ
616 3261 642 3314 ὁ
689 3265 834 3329 Θεὸς,
887 3265 978 3316 καὶ
1028 3259 1242 3336 ἀδελφοὶ
1297 3265 1500 3331 πάντες,
1557 3263 1650 3317 οὐκ
1702 3262 1803 3318 ἀπὸ

1913 3260 2262 3320 Communis
2301 3259 2460 3317 enim
2489 3259 2762 3332 ipsorum
2802 3263 2974 3332 pater
3029 3261 3208 3326 Deus,
3261 3260 3318 3313 et
3365 3255 3578 3312 fratres

197 3347 306 3414 ἐνὸς
371 3353 461 3404 καὶ
517 3354 639 3422 μιᾶς
693 3351 1031 3422 γεννηθέντες,
1091 3349 1196 3404 ἀλλ’
1265 3355 1320 3406 ἐκ
1384 3361 1476 3413 τῆς
1541 3354 1803 3415 υἱοθεσίας

191 3445 288 3491 τοῦ
319 3439 616 3510 Πνεύματος
639 3438 710 3500 εἰς
747 3443 842 3497 τὴν
892 3436 985 3494 διὰ
1031 3448 1122 3502 τῆς
1166 3439 1376 3513 ἀγάπης
1420 3442 1660 3514 ὁμόνοιαν
1718 3442 1804 3495 ἀλο

194 3527 370 3588 λὴλοις
442 3529 901 3601 συναρμοσθέντες.
989 3532 1156 3602 Χορός
1239 3531 1459 3604 ἕτοιμος,
1527 3533 1798 3606 προσθήκη

197 3617 395 3693 μεγάλη
446 3624 548 3672 τῶν
605 3614 694 3670 ἀπ’
741 3617 924 3681 αἰῶνος
965 3614 1290 3682 δοξαζόντων
1345 3624 1432 3675 τὸν
1489 3623 1698 3698 Κύριον,
1741 3621 1800 3674 ού

196 3707 317 3762 καθ’
367 3709 416 3761 ἔν
479 3708 953 3780 συναθροισθίντις,
1016 3708 1122 3762 ἀλλ’
1183 3708 1383 3784 ἀθρόως
1428 3713 1798 3783 μετατιθέντες.

196 3800 292 3863 Τίς
349 3792 408 3857 δὴ
454 3797 480 3848 ό
537 3797 724 3872 τρόπος
769 3805 864 3862 τῆς
923 3800 1267 3867 νεταθέσεως;
1337 3801 1518 3866 Οὗτοι,
1598 3803 1801 3873 μεγέθει

201 3890 463 3959 σώματος,
523 3889 613 3939 καὶ
669 3885 871 3948 ἡλικίας
921 3885 1083 3961 ἀκμῇ,
1142 3893 1233 3942 καὶ
1283 3885 1504 3963 δυνάμει
1551 3898 1652 3943 τῶν
1681 3890 1797 3943 καθ’

198 3975 409 4038 ἑαυτούς
461 3974 700 4036 ἁπάντων
754 3974 1116 4050 διενεγκόντες,
1177 3979 1244 4041 είς
1298 3983 1415 4041 τοὺς
1482 3999 1799 4055 στρατιωτι-

195 4067 320 4129 κοὺς
348 4064 505 4120 τελεῖν
533 4066 648 4137 (l6)
674 4065 984 4139 ἐτάχθησαν
1031 4068 1356 4141 καταλόγους
1385 4089 1397 4108 ο
1463 4075 1552 4123 καὶ
1597 4067 1673 4123 δι’
1712 4070 1802 4146 ἰμ-

194 4159 401 4229 πειρίαν
451 4154 757 4229 πολεμικὴν,
818 4161 909 4210 καὶ
962 4154 1202 4232 ἀνδρείαν
1264 4158 1472 4232 ψυχῆς,
1539 4156 1646 4219 ἤδη
1705 4164 1800 4224 τὰς

192 4250 406 4318 πρώτας
453 4243 598 4317 εἶχον
649 4247 793 4321 ποιρά
867 4244 1125 4319 βασιλέων
1177 4249 1291 4321 (l7)
1357 4250 1538 4324 τιμὰς,
1616 4249 1800 4325 ὄνομα·

197 4339 314 4392 στοὶ
343 4337 487 4410 παρά
512 4341 674 4388 πᾶσιν
701 4337 840 4398 ὄντες
868 4333 940 4390 δι’
969 4335 1176 4410 ἀρετήν.

266 4429 318 4482 3.
348 4421 573 4486 Ἐπειδῆ
597 4423 656 4479 δι
693 4425 1008 4502 περιηγγέλη
1036 4431 1095 4480 τὸ
1135 4427 1283 4490 ἄθεον
1333 4426 1494 4482 ἐκεῖνο
1541 4433 1633 4482 καὶ
1681 4427 1799 4484 ἀσε-

195 4514 274 4578 ϐὲς
297 4519 567 4592 κήρυγμα,
600 4519 673 4591 μὴ
702 4516 968 4592 ὁμολογεῖν
1001 4521 1088 4571 τὸν
1128 4520 1382 4591 Χριστὸν,
1433 4522 1464 4580 ἤ
1521 4515 1798 4585 κινδύνους

268 4661 315 4696 ¹⁴
345 4659 526 4718 Hebr.
555 4677 660 4731 xu,
684 4665 775 4720 22.
854 4661 900 4698 ⁸³
932 4660 1112 4721 Hebr.
1145 4677 1228 4732 x1,
1261 4664 1348 4719 10.

1912 3367 2147 3418 omnes,
2181 3366 2306 3407 non
2331 3350 2410 3406 ab
2437 3365 2558 3408 uno
2581 3353 2638 3406 et
2663 3349 2744 3406 ab
2773 3364 2898 3404 una
2923 3346 3126 3421 geniti,
3151 3345 3258 3404 sed
3288 3361 3361 3402 ex
3393 3344 3577 3418 Spiri-

1912 3445 2008 3498 tus
2037 3439 2365 3513 adoptione
2393 3440 2456 3496 in
2487 3437 2878 3495 concordiam
2908 3437 3065 3494 inter
3093 3453 3157 3493 se
3187 3451 3295 3508 per
3322 3434 3579 3492 charita-

1909 3537 2030 3588 tem
2063 3531 2506 3587 convenientes.
2538 3529 2765 3586 Chorus
2798 3531 3069 3601 paratus,
3102 3541 3330 3596 magna
3367 3540 3578 3581 acces-

1913 3621 2004 3676 sio
2033 3636 2265 3684 eorum,
2295 3619 2398 3692 qui
2430 3634 2466 3674 a
2496 3617 2718 3674 saeculo
2748 3620 2938 3674 Deum
2955 3615 3577 3687 gloriaaﬂiciunt,non

1911 3709 2215 3780 sigillatim
2235 3707 2601 3780 congregati,
2626 3707 2736 3764 sed
2758 3707 3088 3764 acervatim
3114 3704 3400 3762 translati.
3431 3703 3576 3769 Quis

1911 3815 2055 3856 vero
2087 3797 2500 3855 translationis
2532 3796 2794 3855 modus?
2823 3795 2894 3851 Hi
2914 3793 3335 3866 magnitudine
3361 3808 3574 3864 corpo-

1911 3890 2012 3958 ris,
2043 3894 2101 3945 et
2130 3889 2322 3946 aetatis
2344 3889 2549 3958 vigore
2581 3903 2650 3944 ac
2672 3887 2889 3943 robore
2920 3886 3204 3944 omnibus
3229 3885 3354 3940 suis
3373 3899 3576 3956 aequa-

1909 3978 2070 4036 libus
2096 3977 2540 4052 praestantesdn
2556 3976 2843 4033 militares
2872 3975 3180 4046 catalogos
3207 3973 3380 4030 relati
3402 3975 3571 4041 sunt;

1911 4073 2093 4142 atque
2119 4068 2196 4125 ob
2229 4067 2659 4142 experientiam
2679 4066 2982 4136 bellicam,
3003 4064 3312 4138 animique
3343 4063 3572 4120 fortitu-

1909 4159 2136 4224 dinem,
2156 4159 2284 4229 jam
2315 4157 2546 4230 primos
2574 4158 2837 4213 honores
2865 4154 3034 4228 apud
3052 4155 3448 4228 imperatores
3469 4152 3576 4210 ob-

1909 4249 2200 4317 tinebant,
2216 4247 2380 4321 quod
2403 4247 2481 4305 ob
2500 4246 2776 4306 virtutem
2802 4245 3176 4304 celeberrimi
3194 4241 3576 4319 essentapud

1909 4355 2149 4398 omnes.

1979 4433 2032 4486 3.
2068 4431 2394 4501 Postquam
2416 4432 2618 4484 autem
2639 4425 3093 4500 promulgatum
3116 4430 3206 4482 est
3232 4425 3488 4498 impium
3509 4423 3573 4480 il-

1907 4519 2015 4578 lud
2044 4518 2492 4592 scelestamque
2508 4518 2796 4588 edictum,
2830 4521 2895 4576 ut
2918 4532 2992 4574 ne
3022 4516 3156 4590 quis
3186 4515 3574 4572 conﬁteretur

203 4875 217 4892 ⁹
259 4805 377 4878 (12)
417 4805 530 4864 Sic.
561 4805 710 4866 Med.
745 4808 803 4866 et
838 4805 985 4867 Oliv.
1039 4809 1098 4868 et
1151 4804 1251 4867 alii
1303 4804 1600 4864 nonnulli.
1649 4805 1801 4870 Editi

203 4883 648 4947 κναμνήσομεν....
671 4883 971 4947 κινήσομεν.
1572 4945 1582 4947 4

1912 4822 2048 4864 mus
2100 4805 2386 4880 idemque
2439 4802 2900 4878 antiquissimus
2949 4801 3094 4884 παρὰ
3125 4798 3434 4947 ββασιλέων,
3492 4800 3570 4882 at;

1912 4880 2394 4947 imperatoribus.
2446 4880 2588 4946 Reg.
2626 4874 2958 4947 secundus
3016 4894 3070 4927 εκ
3165 4871 3404 4947 ασιλέων.
3457 4870 3570 4947 Alii

194 4883 394 4953 ἀναμνή
404 4897 577 4953 (ομ-εν.
588 4919 624 4936 ..
635 4883 785 4953 .-κινή
795 4898 971 4953 σομεν.

172 4976 219 5034 τ,
269 4945 739 5034 (⁷13)“Οὸ11>θτῑίηί
777 4945 900 5011 duo
929 4948 1177 5024 perinde
1229 4953 1294 5010 ut
1352 4948 1500 5008 Med.
1556 4945 1698 5008 διότι
1745 4951 1795 5006 οἱ

196 5039 495 5074 επαινουντε
505 5041 544 5082 ς.

230 5160 244 5178 ν
269 5091 384 5161 (14)
409 5093 603 5177 Qodex
629 5094 778 5153 Med.
803 5094 989 5170 ἐράνων
1011 5093 1445 5168 εἰσφοραῑςηΜοΧ
1472 5108 1626 5154 unus
1642 5110 1789 5154 mss.

199 5181 599 5233 εισινεγκοντων.

263 5236 376 5377 (15)
408 5239 544 5322 ῌθε.
576 5254 615 5332 p

290 5311 372 5373 l6)
407 5310 615 5377 Utraqr

290 5309 668 5384 l6)-Utraq’ue
695 5309 882 5384 editio
910 5315 965 5368 et
1010 5326 1131 5384 sex,
1171 5327 1324 5384 mss.
1377 5311 1790 5384 στρατιωτικοὺς

186 5376 343 5431 τελεῖν
373 5376 681 5455 ἐτάχθησαν
719 5381 1058 5455 καταλόγους.
1109 5381 1279 5455 Colb.
1345 5376 1580 5455 primus
1629 5400 1790 5455 στρα-

182 5451 473 5531 τιωτικούς
493 5453 800 5531 ἐτάχθησαν
830 5451 1152 5531 καταλόγους
1180 5451 1364 5531 τελε-ἰν,
1388 5453 1516 5531 ali_o_
1537 5451 1746 5509 Oi’ditie
1773 5469 1786 5508 :

182 5523 248 5577 in
299 5523 529 5583 quibus
586 5523 872 5583 Omnibus
927 5523 1184 5582 verbum
1231 5524 1388 5578 τελεῖν
1420 5525 1657 5582 videtur
1686 5528 1789 5582 aut

179 5596 474 5670 παρέλκειν,
499 5601 606 5654 aut
625 5597 892 5670 positum
918 5596 1104 5670 fuisse
1133 5603 1380 5670 ornatus
1417 5597 1631 5670 gratia.

256 5667 370 5746 (17)
395 5667 660 5766 Utraque
689 5674 746 5748 et
776 5668 919 5760 Reg.
961 5668 1144 5736 editio
1175 5668 1378 5734 tertius
1406 5669 1601 5738 codex
1630 5667 1786 5745 οριῖι-

620 5238 810 5295 rimus
836 5242 922 5290 καὶ
951 5246 1050 5292 τῶν
1080 5237 1294 5294 ἐκείνου.

1903 4870 2394 4948 ἱιηρθναιονῖίῑαε.
2446 4870 2958 4948 Begu-secundus
3016 4870 3070 4927 ἐκ
3125 4870 3404 4948 βασιλέων.
3457 4870 3571 4948 Alii

1901 4943 2174 5023 quinque
2202 4967 2348 5007 mss.
2394 4949 2448 5003 ἐκ
2473 4943 2766 5076 facem,
2817 4946 2893 5003 ab
2937 4943 3318 5015 imperatore.
3374 4943 3570 5000 Lectio

1902 5022 2197 5076 posterior
2232 5021 2434 5076 multis
2497 5026 2733 5076 ortasse
2781 5017 2978 5076 magis
3015 5016 3391 5076 probabitur,
3443 5030 3570 5071 non

1902 5016 2197 5094 posterior
2232 5021 2434 5094 multis
2473 5016 2978 5094 fortasse__magis
3015 5016 3391 5094 probabitur,
3443 5030 3570 5094 non

1901 5087 2098 5150 solum
2127 5093 2295 5166 quod
2334 5092 2597 5166 plurium
2636 5089 2916 5166 codicum
2963 5087 3312 5166 auctoritate
3359 5087 3571 5166 innixa

1902 5165 1994 5231 sit,
2041 5160 2166 5220 sed'
2193 5160 2637 5237 quodgper___s_e
2683 5162 2881 5218 verior
2928 5177 3056 5237 esse
3089 5160 3383 5237 videatu_r_.
3418 5162 3566 5237 Cum

1899 5237 2064 5294 enim
2095 5230 2498 5310 quadraginta
2528 5235 2612 5292 illi
2642 5239 2942 5310 martyres
2975 5236 3212 5310 starent_
3247 5247 3280 5310 ξι
3321 5230 3563 5310 Licinio,

1899 5303 2362 5364 convenientius
2387 5307 2617 5362 videtur
2649 5303 2866 5370 dicere,
2916 5320 3021 5360 eos
3049 5303 3217 5375 apud
3247 5304 3568 5375 imperato-

1897 5397 2026 5436 rem
2069 5382 2129 5436 in
2179 5381 2408 5436 honore
2462 5378 2662 5444 fuisse,
2718 5393 2904 5450 quam
2954 5375 3114 5450 apud
3147 5375 3564 5447 imperatores.

1901 5453 2197 5518 Quoniam
2232 5458 2436 5510 tamen
2463 5466 2586 5508 non
2616 5447 2756 5505 raro
2810 5447 3124 5518 contingit,
3175 5451 3238 5502 ut
3270 5454 3570 5518 ioratores

1897 5517 2004 5596 pro
2035 5539 2289 5596 numero
2315 5521 2605 5596 singulari
2631 5535 2954 5596 numerum
3001 5517 3404 5596 multitudinis
3421 5532 3568 5596 _po-

1895 5589 2062 5658 haut,
2097 5595 2255 5669 nihil,
2275 5589 2640 5669 mutandum
2678 5589 3110 5669 judicavimus.
3159 5589 3371 5652 Statim
3421 5591 3564 5661 Reg.

1897 5667 2205 5738 secundus
2234 5667 2344 5732 imi
2377 5662 2455 5737 δέ,
2547 5705 2550 5708 .
