4098 6384
534 344 634 396 511

1910 343 1969 399 S.
2011 342 2260 399 BASlLll
2299 341 2541 400 MAGNI.

3797 348 3904 404 512

530 463 854 533 Christum,
887 463 1113 537 alioqui
1145 464 1464 523 subeunda
1492 467 1761 539 pericula
1797 471 2022 535 essent,
2061 471 2190 522 tum

2307 463 2661 540 ἐκδέχσεθαι·
2704 469 2963 530 ἠπειλεῖτο
3016 465 3076 523 δὲ
3120 473 3221 521 πᾶν
3287 463 3424 528 εἶδος
3474 465 3754 538 κολάσεως,
3811 476 3905 524 καὶ

530 553 766 611 nullum
794 569 917 610 non
946 554 1358 612 intentabatur
1387 572 1577 626 genus
1614 559 2072 631 suppliciorum,
2102 560 2190 612 at-

531 659 651 718 que
684 644 920 714 judices
960 643 1293 716 iniquitatis
1337 647 1827 704 accendebantur
1877 646 2067 703 multa
2105 646 2193 702 ira

533 746 605 789 ac
657 731 848 788 ferina
877 731 936 788 in
968 731 1081 787 hos
1113 733 1350 804 pietatis
1382 734 1664 792 cultores.
1706 736 1941 792 Insidiae
1979 750 2049 791 ac
2069 733 2193 791 doli

535 820 620 878 eis
644 820 1066 890 tendebantur,
1082 821 1530 896 studiosiusque
1543 823 2195 897 exquirebanturvaria

534 914 976 968 tormentorum
1003 926 1243 980 genera.
1274 915 1548 970 Tortores
1567 913 1986 987 implacabiles
2000 917 2192 979 erant,

533 998 691 1069 ignis
747 1005 1022 1071 paratus,
1076 999 1310 1069 gladius
1363 1002 1712 1072 acuebatur,
1772 1020 1919 1060 crux
1974 1003 2190 1067 deﬁxa,

535 1085 723 1158 fossa,
756 1093 908 1154 rota,
939 1087 1199 1158 ﬂagella.
1233 1089 1343 1145 Alii
1363 1089 1766 1161 conjiciebant
1797 1108 1858 1147 se
1879 1091 1941 1148 in
1961 1091 2192 1162 fugam,

534 1175 636 1234 alii
659 1177 1161 1247 succumbebant,
1197 1177 1294 1234 alii
1325 1179 1720 1237 ﬂuctuabant.
1765 1180 2022 1246 Quidam
2051 1195 2196 1236 vero

537 1270 677 1324 ante
740 1268 1218 1338 experimentum
1267 1267 1448 1324 minis
1491 1269 1635 1326 solis
1685 1269 1983 1326 absterriti
2033 1272 2191 1325 sunt.

537 1356 668 1424 Alii,
701 1356 1065 1413 cruciatibus
1090 1358 1220 1428 jam
1249 1374 1373 1414 non
1411 1359 1590 1429 longe
1628 1360 1875 1428 dissitis,
1903 1358 2197 1429 vertigine

535 1444 927 1504 laborarunt:
990 1445 1092 1502 alii
1130 1448 1404 1517 aggressi
1443 1449 1796 1517 certamina,
1845 1448 2063 1505 deinde
2113 1447 2196 1506 ad

537 1533 723 1591 ﬁnem
754 1550 945 1608 usque
972 1534 1254 1593 laborum
1291 1553 1675 1610 perseverare
1704 1539 1871 1596 haud
1901 1538 2194 1609 valentes,

535 1622 599 1681 in
628 1623 833 1682 medio
871 1625 992 1682 fere
1029 1627 1357 1684 certamine
1404 1628 1853 1702 despondentes
1894 1629 2191 1699 animum,

537 1727 662 1770 non
693 1727 868 1770 secus
891 1718 1071 1787 atque
1097 1715 1162 1772 hi
1187 1716 1289 1788 qui
1317 1717 1378 1773 in
1409 1719 1562 1774 mari
1593 1723 1944 1791 tempestate
1960 1719 2194 1789 jactan-

538 1805 657 1870 tur,
686 1801 867 1859 etiam
891 1808 1096 1876 partas
1117 1805 1248 1876 jam
1280 1805 1578 1877 patientiae
1606 1823 1837 1864 merces
1875 1806 2193 1876 naufragio

540 1893 898 1953 amiserunt.
937 1891 1098 1953 Tunc
1127 1895 1305 1966 igitur
1330 1897 1539 1954 invicti
1565 1897 1646 1955 illi
1677 1915 1749 1955 ac
1781 1900 2007 1956 strenui
2037 1897 2197 1955 Chri-

541 1980 587 2040 ti
653 1982 868 2039 milites
938 1984 1305 2057 prodeuntes
1379 1986 1442 2042 in
1498 1987 1790 2056 medium,
1847 1987 2198 2044 ostendente

541 2071 822 2144 praefecto
849 2073 1232 2146 imperatoris
1263 2074 1508 2143 litteras,
1542 2093 1611 2132 ac
1638 2076 2046 2134 obedientiam
2080 2075 2200 2134 exi-

540 2167 738 2232 gente,
773 2163 938 2235 151
970 2163 1164 2220 libera
1193 2181 1363 2234 voce,
1409 2165 1782 2222 conﬁdenter
1826 2165 2194 2239 fortiterque,

525 2251 687 2308 nihil
715 2257 1149 2311 tormentorum
1163 2260 1416 2328 aspectu
1427 2257 1850 2328 perterrefacti,
1866 2272 2063 2329 neque
2080 2256 2198 2312 mi-

537 2357 652 2399 nas
670 2341 1088 2414 formidantes,
1119 2361 1248 2402 esse
1279 2362 1342 2401 se
1371 2347 1736 2404 Christianos
1750 2346 2010 2403 confessi
2034 2352 2196 2406 sunt.

540 2431 585 2490 Ο
615 2430 828 2488 beatas
845 2432 1109 2503 linguas,
1141 2450 1278 2508 quae
1308 2451 1544 2492 sacram
1565 2436 1731 2492 illam
1757 2452 1966 2492 vocem
1990 2436 2200 2494 emise-

537 2525 701 2588 runt,
729 2538 919 2594 quam
943 2539 1084 2581 cum
1115 2541 1217 2582 aer
1235 2526 1482 2598 recepit,
1499 2526 1908 2584 sanctiﬁcatus
1927 2531 2047 2583 est:
2076 2543 2200 2600 qua

540 2609 748 2668 audita
775 2611 1059 2683 plausum
1089 2615 1426 2672 excitarunt
1463 2616 1681 2686 angeli,
1730 2616 2012 2674 diabolus
2058 2631 2200 2674 vero

539 2714 663 2757 una
689 2715 828 2757 cum
850 2701 1236 2760 daemonibus
1253 2705 1560 2762 sauciatus
1587 2710 1703 2762 est:
1726 2721 1915 2779 quam
1936 2705 2200 2779 denique

542 2791 837 2848 Dominus
863 2792 1170 2865 inscripsit
1190 2794 1254 2851 in
1282 2795 1469 2852 ccelis.

613 2884 668 2937 4.
701 2885 907 2955 Itaque
937 2885 1356 2958 unusquisque
1387 2901 1598 2942 eorum
1645 2886 1707 2942 in
1750 2886 2022 2944 medium
2065 2902 2200 2959 pro-

543 2968 742 3037 diens,
773 2971 958 3028 dixit:
992 2973 1362 3031 Christianus
1387 2991 1548 3031 sum.
1579 2978 1646 3032 Et
1674 2976 2199 3048 quemadmodum

540 3060 603 3117 in
634 3061 864 3127 stadiis,
895 3063 974 3119 ad
994 3069 1298 3121 certamen
1320 3066 1424 3138 qui
1446 3066 1762 3136 accedunt,
1786 3067 1968 3124 simul
1992 3067 2203 3125 dicunt

540 3152 795 3210 nomina
818 3169 950 3224 sua,
983 3159 1041 3211 et
1070 3154 1148 3210 ad
1193 3157 1538 3213 certaminis
1586 3156 1790 3214 locum
1836 3163 2194 3217 transeunt:
2237 3187 2279 3243 (ς

539 3239 624 3296 ita
654 3246 710 3297 et
734 3241 796 3297 hi
835 3258 1078 3316 quoque
1107 3250 1248 3300 tunc
1277 3261 1351 3302 ea
1375 3261 1512 3318 quas
1554 3245 1666 3302 sibi
1699 3252 1867 3304 ortus
1893 3248 2200 3306 indiderat

539 3330 792 3388 nomina
823 3331 1196 3406 abjicientes,
1237 3350 1272 3391 a
1303 3337 1612 3392 communi
1657 3336 1966 3394 Salvatore
2016 3355 2197 3395 suum

539 3419 800 3492 quisque
829 3438 1052 3478 nomen
1082 3427 1496 3496 desumpsere,
1525 3425 1710 3499 idque
1733 3427 1924 3485 fecere
1955 3429 2196 3499 singuli,

539 3506 694 3565 adeo
727 3514 790 3566 ut
818 3527 1080 3584 sequens
1111 3514 1295 3586 priori
1326 3520 1515 3572 semet
1551 3516 1928 3587 adjungeret.
1961 3519 2044 3574 Ex
2073 3535 2197 3592 quo

536 3599 765 3657 factum
791 3605 880 3658 est
906 3603 1184 3658 omnium
1203 3619 1427 3660 nomen
1450 3621 1668 3662 unum:
1693 3607 1920 3680 quippe
1933 3609 2060 3678 jam
2074 3624 2199 3666 non

539 3695 670 3746 erat
698 3690 832 3747 talis
853 3697 956 3748 aut
987 3691 1136 3763 talis,
1169 3693 1277 3749 sed
1307 3694 1625 3752 Christiani
1659 3697 2035 3754 vocabantur
2064 3715 2198 3755 om-

537 3793 665 3836 nes.
691 3781 844 3846 Quid
863 3781 1044 3852 igitur
1063 3787 1208 3839 tunc
1230 3783 1589 3855 praefectus?
1615 3785 1766 3842 Nam
1793 3786 2046 3844 callidus
2073 3794 2202 3846 erat

539 3874 599 3925 et
643 3871 868 3941 varius,
922 3876 1051 3927 tum
1103 3877 1165 3929 ut
1212 3873 1526 3930 seduceret
1582 3875 1916 3946 blanditiis,
1965 3883 2093 3934 tum
2139 3883 2203 3936 ut

539 3959 724 4016 minis
751 3960 1140 4018 subverteret.
1174 3962 1442 4020 Primum
1469 3965 1719 4036 quidem
1749 3965 2060 4023 blanditiis
2079 3968 2202 4041 pel-

538 4048 800 4116 liciebat,
860 4051 1208 4109 ﬁrmitatem
1262 4053 1498 4124 pietatis
1559 4061 1741 4129 atque
1797 4059 2200 4115 constantiam

537 4139 816 4210 frangere
835 4148 1106 4198 conatus.
1127 4145 1506 4201 Juventutem
1525 4152 1786 4203 vestram
1809 4163 1884 4204 ne
1906 4149 2198 4220 prodatis,

538 4244 692 4284 neve
722 4245 860 4286 cum
891 4236 1082 4288 morte
1123 4233 1548 4307 intempestiva
1585 4235 1767 4307 hujus
1814 4238 1950 4293 vitae
1987 4237 2200 4308 jucun-

539 4319 788 4375 ditatem
820 4322 1222 4378 commutetis.
1255 4325 1406 4380 Nam
1433 4325 1510 4380 ab
1542 4341 1604 4382 re
1634 4326 1810 4382 fuerit
1832 4342 1936 4382 eos
1983 4328 2087 4400 qui
2137 4328 2201 4385 in

2303 555 2514 618 πολύςὸ
2549 560 2712 632 θυμός
2747 564 2837 613 καὶ
2892 555 3162 634 θηριώδης
3203 559 3350 631 παρά
3392 565 3494 609 τῶν
3549 567 3739 630 κριτῶν
3810 567 3906 622 τῆς

2307 641 2520 710 ἀδικίας
2575 651 2711 702 κατὰ
2765 658 2864 703 τῶν
2906 648 3252 702 εύσεϐούντων
3294 651 3532 705 κεκίνητο
3560 667 3573 681 ·
3635 647 3906 702 ἐπιϐουλαὶ

2305 731 2366 788 δε
2412 741 2502 790 καὶ
2550 734 2696 791 δόλοι
2734 738 2847 792 κατ’
2897 739 3065 791 αὐτῶν
3115 736 3545 811 συνερράπτοντο,
3585 741 3676 789 καὶ
3690 736 3908 791 ποικίλα

2306 821 2421 883 εἴδη
2452 825 2698 898 βασάνων
2739 825 3093 895 ἐπετηδεύετο,
3135 831 3229 880 καί
3276 828 3324 880 οἱ
3367 825 3688 898 αἰκιζόμενοι
3740 833 3908 904 ἀπαρο

2306 919 2534 984 αίτητοι,
2602 921 2661 970 τὸ
2725 926 2829 994 πῦρ
2895 920 3120 992 ἕτοιμον,
3196 920 3255 969 τὸ
3335 915 3479 989 ξίφος
3555 916 3802 986 ἠκόνητο,
3877 917 3906 968 6

2309 1011 2530 1079 σταυρὸς
2573 1008 2853 1081 ἐπεπήγειο
2913 1011 2938 1062 6
2987 1007 3198 1083 βόθρος,
3233 1009 3259 1060 6
3285 1009 3495 1082 τροχός,
3531 1007 3586 1058 αί
3616 1007 3902 1079 μάστιγες·

2307 1097 2356 1148 οἱ
2392 1100 2483 1170 μὲν
2509 1100 2739 1170 ἔφευγον,
2789 1101 2840 1152 οἱ
2878 1094 2937 1151 δὲ
2980 1101 3294 1163 ύπέκυπτον,
3345 1099 3395 1149 oi
3443 1093 3502 1149 δὲ
3547 1095 3848 1150 έσαλεύοντο
3888 1116 3903 1130 ο

2305 1188 2435 1248 τινες
2492 1183 2551 1240 δε
2601 1192 2702 1263 πρὸ
2753 1196 2845 1249 τῆς
2896 1191 3082 1260 πείρας
3138 1191 3297 1260 μόνην
3351 1190 3447 1245 τὴν
3506 1184 3720 1244 ἀπειλὴν
3773 1204 3908 1238 κατ-

2309 1276 2610 1348 επλάγησαν
2638 1297 2652 1310 ο
2713 1278 2876 1350 ἕτεροι
2924 1274 3004 1346 δε,
3057 1277 3214 1349 ἐγγύς
3253 1280 3516 1348 γενόμενοι
3561 1283 3663 1329 τῶν
3703 1272 3905 1342 δεινῶν,

2309 1363 2610 1436 ίλιγγίασαν
2643 1386 2657 1400 ·
2721 1365 2866 1418 ἄλλοι
2919 1363 2999 1433 δὲ,
3060 1373 3166 1426 τοῖς
3219 1363 3418 1436 ἀγῶσιν
3475 1363 3740 1438 ἐμϐάντες,
3798 1360 3910 1416 εἶτα

2308 1451 2589 1528 διαρκέσαι
2625 1458 2755 1531 πρὸς
2804 1460 2863 1510 τὸ
2915 1459 3075 1531 πέρας
3121 1463 3222 1508 τῶν
3261 1458 3427 1507 πόνων
3471 1451 3904 1518 ἀδυνατησαντες,

2304 1549 2423 1620 περὶ
2469 1545 2536 1598 τα
2591 1549 2730 1618 μέσα
2774 1566 2874 1599 που
2926 1555 3021 1608 τῆς
3079 1543 3341 1607 ἀθλήσεως
3383 1542 3700 1610 ἀπειπόντες,
3729 1545 3904 1618 ὥσπερ

2305 1636 2355 1686 οἱ
2375 1633 2425 1688 έν
2454 1633 2665 1706 πελάγει
2693 1637 3089 1708 χειμαζόμενοι,
3131 1640 3221 1688 καὶ
3251 1633 3285 1686 ἂ
3315 1630 3458 1706 εἶχον
3507 1630 3614 1692 ἤδη
3659 1631 3909 1704 ἀγώγιμα

2305 1733 2402 1786 τῆς
2431 1725 2695 1798 ὑπομονῆς
2725 1725 3054 1797 ἐναυάγησαν
3087 1745 3101 1759 ·
3133 1728 3248 1777 τότε
3279 1719 3347 1782 δὴ
3399 1723 3561 1790 οὗτοι,
3615 1723 3665 1775 οἱ
3712 1720 3910 1780 ἀήττη-

2235 1829 2274 1883 B
2305 1831 2387 1866 τοι
2423 1817 2514 1866 καὶ
2551 1822 2778 1885 γενναῖοι
2830 1822 2923 1867 τού
2967 1821 3202 1888 Χριστοῦ
3245 1820 3578 1886 στρατιῶται,
3618 1809 3910 1886 παρελθόν-

2305 1921 2384 1964 τες
2409 1902 2476 1964 εἰς
2505 1907 2713 1976 μέσους,
2759 1900 3138 1964 έπιδεικνύντος
3184 1909 3278 1955 τοῦ
3324 1903 3582 1976 ἄρχοντος
3629 1902 3697 1952 τά
3740 1896 3910 1971 βασι-

2306 1991 2427 2053 λέως
2476 1995 2768 2068 γράμματα
2817 1997 2907 2046 καὶ
2944 1997 3038 2052 τὴν
3081 1994 3318 2051 ὑπακοὴν
3367 1990 3731 2056 ἀπαιτοῦντος,
3764 1987 3911 2040 ἕλευ-

2311 2085 2434 2158 θέρᾳ
2458 2092 2521 2158 τῇ
2559 2093 2720 2158 φωνῇ,
2777 2084 3044 2158 εὐθαρσῶς
3095 2089 3184 2136 καὶ
3238 2079 3508 2158 ἀνδρείως,
3565 2076 3718 2134 ούδὶν
3774 2079 3910 2132 ὑπο-

2308 2174 2595 2238 πτήξαντες
2644 2183 2746 2226 τῶν
2811 2175 3097 2249 ὁρωμένων,
3176 2169 3300 2226 ούδὶ
3367 2169 3778 2246 καταπλαγέντες
3843 2169 3911 2220 τά

2309 2262 2674 2336 ἀπειλούμενα,
2728 2265 3075 2338 Χριστιανοὺς
3132 2263 3242 2332 (l8)
3305 2261 3514 2322 ἑαύτους
3568 2257 3908 2332 ἀνεκήρυξαν.

2309 2352 2380 2406 Ὠ
2432 2356 2690 2426 μακάριαι
2744 2352 3007 2424 γλῶσσαι,
3063 2354 3186 2404 ὅσαι
3234 2357 3328 2409 την
3383 2353 3521 2424 ίεράν
3569 2349 3763 2405 ἐκείνην
3816 2344 3912 2418 ἀφ-

2310 2449 2442 2501 ῆκαν
2469 2447 2658 2515 φωνην,
2692 2445 2753 2500 ἦν
2780 2442 2874 2517 ἀὴρ
2924 2445 3014 2514 μεν
3065 2438 3341 2514 δεξάμενος
3392 2441 3648 2511 ἡγιάσθη,
3701 2434 3910 2509 οἶγγελοι

2311 2528 2372 2586 δε
2420 2531 2737 2594 ἀκούσαντες
2800 2531 3150 2606 ἐπεκράτησαν
3176 2553 3188 2565 ·
3233 2528 3480 2592 διάϐολος
3523 2525 3582 2582 δε
3619 2528 3751 2600 μετά
3792 2521 3910 2578 δαι-

2309 2626 2477 2695 μόνων
2527 2621 2958 2695 ἐτραυματίσθηο
3019 2623 3210 2694 Κύριος
3276 2617 3336 2674 δε
3405 2618 3454 2672 έν
3515 2616 3752 2692 οὐρανοῖς
3792 2614 3909 2686 (19)

2311 2710 2672 2787 ἀπεγράψατο.

2380 2894 2434 2948 4.
2489 2888 2646 2946 Εἶπον
2706 2895 2878 2946 τοίνυν
2935 2893 3150 2954 ἕκαστος
3208 2889 3276 2952 εἰς
3339 2892 3398 2943 τὸ
3449 2891 3604 2962 μέσον
3657 2889 3858 2957 παριών
3894 2904 3907 2918 ·

2309 2984 2630 3056 Χριστιανός
2703 2981 2828 3053 εἰμι.
2903 2984 3004 3034 Καὶ
3069 2983 3242 3053 ὥσπερ
3307 2979 3358 3031 ἐν
3413 2985 3518 3037 τοῖς
3563 2970 3806 3036 σταδίοις
3862 2973 3915 3024 οἱ

2309 3070 2388 3124 ἐπ’
2438 3070 2662 3130 ἄθλησιν
2711 3067 3080 3144 παροδεύοντες
3133 3071 3263 3142 ὁμοῦ
3316 3087 3372 3122 τε
3418 3067 3657 3138 λέγουσιν
3717 3061 3913 3116 ἑαυτῶν

2310 3162 2375 3213 τὰ
2425 3159 2674 3234 ὀνόματα,
2730 3164 2821 3213 καὶ
2873 3159 2956 3213 ἐπὶ
3003 3162 3089 3212 τὸν
3138 3163 3294 3212 τόπον
3349 3165 3447 3218 τῆς
3499 3156 3723 3225 ἀγωνίας
3793 3151 3917 3224 μεθ-

2313 3249 2554 3302 ίστανται
2578 3271 2590 3283 ο
2620 3249 2756 3302 οὕτω
2787 3245 2856 3308 δὴ
2888 3253 2978 3302 καὶ
3021 3248 3166 3302 οὗτοι
3212 3251 3345 3318 τότε,
3395 3243 3635 3321 ῥίψαντες
3672 3243 3768 3304 τὰς
3808 3238 3914 3293 ἀπὸ

2308 3343 2556 3413 γενέσεως
2606 3338 2779 3402 ούτοίς
2844 3337 3279 3411 έπιφημισθείσας
3342 3337 3728 3411 προσηγορίας,
3808 3328 3912 3383 ἀπὸ

2310 3437 2400 3484 τοῦ
2431 3436 2604 3483 κοινοῦ
2653 3437 2885 3502 Σωτῆρος
2932 3429 3152 3490 ἕκαστος
3199 3428 3379 3480 ἑαυτὸν
3429 3424 3762 3497 ἀνηγόρευον.
3812 3423 3914 3474 Καὶ

2309 3528 2464 3574 τοῦτο
2513 3519 2717 3573 ἐποίουν
2766 3519 3009 3585 ἅπαντες,
3064 3527 3137 3589 τῷ
3192 3515 3506 3592 προλαϐόντι
3554 3513 3734 3566 ἑαυτὸν
3787 3528 3912 3563 συν-

2311 3611 2485 3663 άπτων
2538 3610 2566 3662 6
2623 3608 2821 3682 ἐφεξῆς.
2873 3608 3034 3660 Ὥστε
3087 3607 3282 3678 έγένετο
3332 3607 3536 3660 πάντων
3578 3603 3914 3678 προσηγορία

2311 3705 2404 3772 μία
2426 3720 2440 3734 ο
2501 3699 2675 3751 ούκέτι
2711 3701 2812 3770 γὰρ
2850 3699 2878 3751 6
2909 3695 3074 3762 δεῖνα,
3107 3697 3135 3755 ἣ
3171 3697 3198 3748 6
3231 3693 3394 3761 δεῖνα,
3429 3693 3560 3746 ἀλλά
3600 3693 3910 3766 Χριστιανοὶ

2309 3791 2492 3849 πάντες
2540 3787 2968 3860 ἀνεκηρύττοντο.
3008 3791 3073 3838 Τί
3131 3781 3219 3838 οὖν
3267 3787 3294 3838 6
3349 3793 3554 3860 κρατῶν
3585 3783 3700 3853 (20)
3756 3787 3920 3846 τότες·

2311 3881 2476 3938 Δεινός
2527 3881 2626 3951 γὰρ
2678 3873 2739 3934 ἦν
2797 3881 2886 3928 καὶ
2931 3875 3188 3940 ποικίλος,
3235 3877 3302 3927 τά
3339 3877 3429 3947 μεν
3471 3875 3715 3933 θωπείαις
3753 3869 3912 3922 ὑπελ-

2312 3969 2436 4031 θεῖν,
2471 3968 2536 4018 τά
2563 3963 2622 4019 δε
2655 3963 2889 4028 ἀπειλαῖς
2918 3964 3272 4040 παρατρέψαι.
3315 3971 3525 4039 Πρῶτον
3581 3966 3672 4035 μὲν
3722 3959 3914 4020 αύτούς

2310 4061 2647 4128 κατεγοήτευε
2684 4063 2802 4118 ταῖς
2847 4057 3116 4120 θωπείαις,
3157 4059 3245 4108 τὸν
3292 4059 3438 4108 τόνον
3489 4061 3585 4114 τῆς
3632 4049 3916 4110 εὐσεϐείαις

2308 4145 2590 4222 παραλύειν
2641 4152 2953 4220 πειρώμενος
2993 4147 3126 4217 (21).
3191 4149 3276 4204 Μὴ
3336 4140 3577 4220 προδῶτε
3624 4143 3764 4214 ὑμῶν
3820 4144 3916 4197 τὴν

2308 4242 2564 4294 νεότητα·
2626 4232 2765 4308 μηδὲ
2822 4237 3039 4289 θάνατον
3095 4236 3262 4309 οἰωρον
3323 4243 3420 4297 τῆς
3481 4229 3658 4291 ἡδείας
3722 4232 3916 4288 ταύτης

2315 4331 2449 4390 ζωῆς
2481 4322 2820 4399 διαμείψητε.
2855 4324 3080 4380 Ἄτοπον
3121 4327 3220 4398 γὰρ
3259 4327 3377 4385 τούς
3421 4322 3472 4375 ἐν
3519 4329 3627 4384 τοῖς
3673 4318 3919 4390 πολέμοις

536 4405 711 4464 bellis
772 4407 1003 4466 fortiter
1053 4425 1231 4480 agere
1273 4419 1738 4481 consueverunt,
1784 4415 2196 4472 maleﬁcorum

2309 4415 2600 4493 ἀριστεύειν
2657 4417 3074 4488 συνειθισμένους
3127 4418 3214 4468 τόν
3269 4422 3370 4468 τῶν
3409 4413 3710 4485 κακούργων
3751 4411 3917 4462 θάνα-

538 4504 731 4556 morte
758 4499 1020 4558 interire.
1047 4501 1139 4556 Ad
1167 4501 1296 4557 haec
1321 4502 1716 4575 pollicebatur
1738 4507 2200 4576 pecuuias.Rur-

539 4605 644 4644 sus
671 4589 859 4647 dabat
896 4590 1158 4648 honores
1188 4591 1267 4648 ab
1291 4591 1676 4665 imperatore,
1709 4593 2200 4670 dignitatumque

611 4733 726 4804 (18)
777 4733 933 4812 Editi
975 4737 1034 4789 et
1083 4733 1246 4790 Colb.
1305 4734 1515 4812 tertius
1554 4734 1930 4812 ﬁaztloqrsva,
1986 4738 2077 4799 εἰς·
2110 4743 2198 4812 μέ-

541 4824 668 4885 σούς
714 4804 1068 4885 παρελθόντες,
1123 4809 1488 4880 Χριστιανούς.
1541 4807 1720 4885 Coisl.
1778 4804 1845 4870 εἰς
1883 4804 2042 4885 μέσον
2063 4804 2198 4885 παρ-

541 4875 988 4948 ελθόντεςζίὲοιὺ.
1022 4875 1226 4934 tertius
1253 4884 1310 4934 et
1343 4882 1488 4948 Reg.
1542 4879 1748 4935 itidem
1795 4875 2002 4937 tertius
2053 4875 2202 4934 ἀπέι-

539 4947 782 5022 λούμενοι,
816 4953 1200 5023 Χριστιανούς”
1251 4949 1420 5021 quod
1439 4947 1662 5023 verum
1693 4968 1826 5008 esse
1877 4959 1932 5008 et
1989 4953 2205 5020 genui-

540 5035 690 5100 num
721 5022 888 5093 puto.
919 5022 1071 5100 _Cum
1099 5022 1191 5076 ha:
1237 5037 1433 5100 voces,
1481 5022 1552 5100 εἰς
1589 5027 1788 5100 ⁸μέσους
1844 5025 2199 5100 παρελθόντες,

541 5093 726 5162 paulo
757 5098 892 5148 ante
919 5093 1214 5162 legantur,
1249 5094 1494 5149 easdem
1539 5093 1636 5149 hic
1683 5097 1871 5168 repeti
1908 5093 2055 5153 nihil
2097 5112 2204 5151 ne-

541 5179 707 5218 cesse
729 5169 837 5220 est.

612 5238 724 5305 (19)
748 5237 946 5312 Codex
996 5252 1152 5312 unus
1206 5236 1254 5288 ἐν
1308 5238 1527 5311 οὐρανῷ.
1584 5241 1714 5294 Mox
1771 5242 1911 5309 Reg.
1972 5239 2204 5312 primus

541 5306 716 5369 ὥσπερ
738 5311 786 5359 οἱ
817 5310 862 5360 ἐν
885 5316 990 5368 τοῖς
1018 5304 1255 5369 σταδίοις
1279 5312 1306 5367 ἥ
1322 5354 1332 5364 ,

615 5365 720 5447 (20)
753 5383 874 5434 Vox
905 5365 1107 5454 κρατῶν
1133 5365 1347 5437 usitate
1373 5380 1620 5454 quidem
1653 5382 1911 5437 sumitur
1941 5399 2049 5454 pro
2096 5383 2205 5439 im-

540 5459 853 5529 peratore:
887 5451 992 5505 sed
1022 5459 1225 5529 tamen
1258 5454 1352 5529 hic
1391 5451 1747 5525 accipienda
1792 5460 1892 5529 est
1941 5451 2070 5509 non
2129 5456 2204 5529 de

540 5523 927 5594 imperatore,
961 5523 1065 5577 sed
1098 5523 1172 5594 de
1198 5525 1498 5594 praefecto.
1523 5523 1677 5581 L‘um
1709 5524 1869 5580 enim
1899 5542 2098 5581 sermo
2129 5528 2204 5582 sit

541 5592 658 5679 hoc
688 5594 823 5679 loco
854 5595 927 5649 de
949 5592 1220 5679 qugdani
1243 5596 1445 5676 judice
1470 5596 1574 5679 qui
1601 5597 2205 5679 aderat,_constetque

543 5666 789 5726 aliunde
817 5681 940 5725 non
969 5664 1258 5724 adfuisse
1287 5664 1741 5740 impertitorem,
1789 5675 1999 5744 utpote
2033 5664 2206 5742 cujus

2308 4527 2396 4561 τον
2441 4505 2802 4566 ἀποθνήσκειν.
2851 4509 2981 4581 Πρός
3025 4507 3231 4569 τούτοις
3275 4509 3533 4578 χρηματα
3577 4504 3911 4573 ὑπισχνεῖτο.

2309 4600 2386 4652 Τά
2417 4594 2475 4651 δε
2515 4592 2722 4662 ἐδιδου,
2764 4598 2917 4669 τιμάς
2943 4595 2998 4648 ἐκ
3031 4593 3293 4668 βασιλέως
3322 4598 3455 4664 (22),
3487 4597 3576 4646 καὶ
3607 4590 3915 4663 ἀξιωμάτων

2304 4739 2514 4796 litterae
2528 4737 2838 4810 aliquanto
2851 4742 2989 4794 ante
3001 4737 3278 4794 dicantur
3294 4736 3541 4810 prolatae
3558 4735 3616 4791 in
3640 4730 3914 4810 medium

2309 4812 2492 4890 fuisse
2508 4829 2520 4879 ;
2534 4810 2582 4890 ,ὁ
2593 4805 2801 4890 ubium
2818 4825 2953 4890 esse
2974 4825 3094 4890 non
3109 4805 3479 4890 potest,quin
3493 4805 3913 4890 simplexprte-

2312 4877 2515 4939 fectus"
2529 4881 2778 4951 intelligi
2794 4881 3038 4956 debeat.
3059 4877 3578 4956 Discimus—autem
3601 4877 3674 4934 ex
3693 4877 3914 4956 horum

2312 4961 2653 5026 martyrum
2681 4948 2860 5020 Actis,
2881 4953 3229 5026 praefectum
3251 4952 3421 5026 illum
3432 4957 3716 5026 vocatum
3732 4948 3914 5026 fuisse

2313 5017 2724 5099 Agricolaum:
2766 5017 2861 5099 cui
2882 5017 2952 5080 se
2994 5023 3388 5099 postmodum
3409 5024 3532 5099 dux
3559 5023 3766 5099 Lysias
3801 5017 3915 5099 ad;-

2307 5093 2525 5167 juhxit.
2553 5096 2718 5153 Colb.
2758 5093 3316 5170 primus—Gegania;
3346 5093 3916 5170 sui).eszy,_obsequiis

2313 5163 2781 5224 circumvenire.—
2807 5170 2999 5224 Lectio
3029 5163 3153 5223 non
3184 5168 3366 5223 mala.
3398 5165 3662 5221 Subinde
3689 5163 3920 5233 aliquot

2311 5257 2462 5296 mss.
2498 5240 3078 5315 ἀπειλαῑςπεριτρέψαι.
3457 5308 3466 5315 .
3564 5306 3572 5315 _
3903 5302 3915 5313 .

2387 5316 2493 5386 (2t)
2529 5311 2679 5367 Editi
2719 5302 2912 5386 ἐκλύειν
2946 5302 3286 5386 πειρώμενος.
3335 5306 3577 5386 Antiqui
3631 5320 3734 5386 sex
3782 5302 3920 5358 libri

2313 5379 2614 5458 παραλύειν.
2647 5384 2859 5458 statim
2891 5379 3200 5458 editi-ﬂgitur
3223 5379 3504 5458 λέγων-τῂν
3528 5399 3538 5410 ·
3570 5379 3676 5432 sed
3707 5391 3920 5458 vocem

2313 5451 2472 5526 λέγων
2503 5455 2862 5516 delevimus.
2891 5451 3366 5510 tidem'veterum
3391 5451 3682 5526 librorum
3707 5451 3914 5526 secuti_.

2412 5530 2501 5596 2‘2)
2536 5529 2792 5600 Utraque
2814 5526 2996 5600 editio
3019 5533 3214 5582 ettres
3235 5541 3380 5580 mss.
3417 5525 3470 5576 ἐκ
3520 5522 3797 5600 βασιλέως,
3841 5519 3918 5574 ab

2314 5593 2830 5674 imperatorefAlii
2848 5599 3086 5674 codices
3100 5614 3178 5653 nu
3189 5613 3354 5674 mero
3368 5593 3544 5670 pares
3557 5595 3611 5674 ἐκ
3635 5593 3917 5674 βασιλέων,

2314 5665 2409 5728 αὔ
2448 5670 2934 5740 imperatoribus.
2995 5670 3121 5729 Hoc
3177 5669 3272 5730 vel
3318 5665 3420 5729 illo
3462 5665 3651 5730 modo
3685 5665 3804 5736 legi
3831 5665 3920 5720 in.
