4098 6376
186 263 295 319 513

1182 246 1477 310 HOMILIA
1516 246 1585 304 IN
1624 240 2143 312 QUADRAGINTA
2180 248 2552 309 MARTYRES

3449 260 3554 315 514

188 383 467 460 διανομὰς,
516 386 608 437 καὶ
671 385 885 457 μυρίαις
941 377 1131 441 αὐτοὺς
1182 375 1434 438 ἐπινοίαις
1487 389 1786 446 κατεστρα-

1920 368 2372 443 listributiones,
2401 377 2583 448 atque
2612 375 2911 433 sexcentis
2936 377 3103 451 ipsos
3133 381 3410 440 versutiis
3444 398 3551 440 ex-

185 482 359 550 τήγει.
398 474 485 536 Ὠς
525 470 585 526 δὲ
622 472 717 525 ούκ
773 466 1077 524 ἐνεδίδοσαν
1122 470 1250 543 πρὸς
1285 470 1381 526 τὴν
1417 471 1601 539 πεῖραν
1660 462 1785 514 ταύ-

185 586 303 637 την,
337 563 421 618 ἐπὶ
457 565 518 616 τό
547 562 715 637 ἕτερον
745 556 888 622 εῖδος
913 567 1005 620 τῆς
1047 564 1300 633 μηχανῆς
1339 559 1536 629 μετῄει.
1573 551 1787 623 Πληγάς

188 654 390 720 αὐτοῖς,
439 656 531 705 καί
579 652 852 720 θανάτους,
891 653 981 700 καὶ
1028 647 1285 701 κολάσεων
1336 643 1632 703 ἀνηκέστων
1669 646 1789 694 πεῖ-

190 765 286 818 ραν
343 742 706 797 ἱπανετείνετο.
768 743 870 794 Καὶ
926 739 952 791 ό
1008 728 1105 811 μὲν
1156 742 1397 806 τοιαῦτα,
1449 734 1519 786 τὰ
1575 727 1635 785 δε
1690 736 1791 783 τῶν

193 836 471 910 μαρτύρων
509 833 711 897 όποῖα;
750 834 834 894 Τί,
876 832 1029 901 φησὶ,
1081 823 1341 888 δελεάζεις
1396 825 1558 910 ἡμᾶς,
1688 821 1794 873 θεο-

192 908 377 998 μάχε,
409 922 705 980 ἀποστῆναι
760 917 861 972 ἀπὸ
925 924 1061 972 Θεοῦ
1118 917 1326 983 ζῶντος,
1383 918 1474 967 καὶ
1532 908 1792 965 δουλεύειν

194 1010 445 1087 δαίμοσιν
489 1009 757 1085 ὀλεθρίοις,
784 1010 1173 1082 προτεινόμενος
1211 1008 1338 1078 ἡμῖν
1374 1022 1442 1056 τα
1473 1003 1542 1054 σὰ
1571 998 1745 1071 ἀγαθά
1776 1012 1789 1064 ;

190 1108 260 1157 Τί
298 1110 544 1156 τοσοῦτον
565 1095 750 1165 δίδως,
792 1102 913 1150 ὅσον
940 1094 1219 1169 ἀφελέσθαι
1250 1088 1575 1152 σπουδάζεις
1601 1106 1614 1156 ;
1639 1094 1795 1142 Μισῶ

198 1188 399 1266 δωρεὰν
443 1191 640 1263 ζημίας
687 1186 948 1262 πρόξενονο
1000 1184 1059 1238 ού
1114 1181 1350 1256 δέχομαι
1384 1184 1541 1266 τιμὴν
1582 1177 1796 1250 ἀτιμίας

193 1265 415 1356 μητέρα.
467 1284 731 1353 Χρήματα
777 1273 941 1336 δίδως
989 1276 1055 1328 τά
1101 1272 1444 1346 ἀπομένοντα,
1505 1265 1662 1331 δόξαν
1701 1270 1795 1324 τὴν

194 1368 532 1423 ἁπανθοῦσαν
570 1368 708 1437 (23).
762 1370 1026 1438 Γνὼριμον
1064 1369 1227 1422 ποιεῖς
1268 1359 1497 1434 βασιλεῖ,
1540 1356 1667 1410 ἀλλά
1703 1361 1796 1408 τοῦ

191 1460 337 1520 ὄντος
377 1456 637 1531 βασιλέως
684 1453 991 1529 ἀλλοτριοῖς.
1039 1456 1101 1506 Τί
1135 1450 1454 1527 μικρολόγως
1492 1446 1604 1519 (24»)
1644 1445 1800 1517 ὀλίγα

188 1557 297 1602 τῶν
334 1546 392 1602 ἔκ
433 1554 528 1599 τοῦ
565 1550 769 1618 κόσμου
807 1547 1127 1620 προτείνεις;
1168 1539 1318 1601 Ὀλος
1364 1540 1491 1611 ἡμῖν
1537 1538 1564 1589 ό
1601 1540 1797 1608 κόσμος

190 1640 673 1711 καταπεφρόνηται.
715 1633 828 1687 Οὔκ
872 1635 1017 1684 ἔστιν
1070 1632 1195 1704 ἡμῖν
1247 1636 1339 1690 τῆς
1388 1626 1800 1700 ίπιθυμουμένης

1897 474 2171 531 pugnare
2198 462 2520 520 nitebatur.
2553 464 2703 520 Cum
2733 470 2931 522 autem
2968 467 3113 524 nihil
3140 470 3554 529 emollirentur

1898 548 2015 607 hoc
2060 552 2413 620 tentamine,
2455 554 2667 612 transit
2711 554 2791 611 ad
2839 554 3003 612 aliud
3049 557 3288 616 artiﬁcii
3339 576 3551 630 genus.

1899 638 2110 709 Plagas
2134 640 2219 698 eis
2246 646 2626 716 mortemque
2654 648 2712 701 et
2735 644 3172 718 suppliciorum
3203 647 3554 707 intolerabi-

1898 728 2050 786 lium
2075 731 2404 804 periculum
2431 733 2704 791 intentat.
2725 737 2791 790 Et
2808 734 2906 791 hic
2924 734 3173 807 quidem
3199 738 3364 807 talia,
3392 755 3555 796 mar-

1901 822 2064 892 tyres
2113 837 2251 878 vero
2301 822 2507 895 qualia
2546 823 2574 879 ?
2632 822 2808 892 Quid,
2864 824 3165 897 inquiunt,
3233 827 3558 886 oﬂ‘erendis

1902 910 2260 968 muneribus
2287 912 2425 981 tuis,
2448 929 2484 969 o
2504 912 2693 969 hostis
2728 913 2849 975 Dei,
2882 913 3119 972 inescas
3147 931 3283 984 nos,
3311 922 3379 974 ut
3399 935 3559 976 sece-

1904 1000 2123 1057 damus
2138 1017 2174 1057 a
2197 1003 2315 1057 Deo
2335 1003 2594 1069 vivente,
2612 1008 2670 1059 et
2687 1003 2949 1060 exitiosis
2968 1003 3353 1063 daemonibus
3371 1009 3563 1065 inser-

1902 1090 2141 1148 viamus
2173 1092 2201 1147 ?
2237 1092 2393 1158 Quid
2420 1097 2658 1149 tantum
2687 1093 2951 1161 dederis,
2981 1100 3279 1167 quantum
3319 1098 3561 1156 conaris

1904 1180 2176 1237 auferre?
2196 1181 2309 1238 Odi
2327 1198 2569 1251 munus,
2594 1199 2718 1255 quo
2752 1182 3053 1241 damnum
3091 1185 3410 1245 inferatur:
3435 1203 3561 1245 non

1906 1270 2173 1342 suscipio
2205 1271 2502 1328 honorem
2530 1272 2845 1329 dedecoris
2888 1279 3226 1346 parentem.
3268 1277 3563 1334 Pecunias

1906 1360 2019 1418 das
2046 1361 2144 1418 hic
2165 1377 2615 1435 permansuras.
2640 1362 2894 1432 gloriam
2919 1370 3416 1424 marcescentem.
3446 1372 3564 1425 No-

1906 1454 2037 1507 tum
2074 1466 2173 1507 me
2208 1450 2477 1508 facturus
2525 1466 2589 1507 es
2636 1452 3005 1525 imperatori,
3045 1454 3155 1511 sed
3184 1471 3221 1511 a
3247 1471 3393 1514 vero
3420 1472 3564 1529 rege

1908 1538 2246 1599 abalienas.
2277 1540 2433 1606 Quid
2471 1556 2651 1613 parce
2690 1557 2889 1614 pauca
2918 1558 2990 1599 ex
3019 1544 3351 1601 mundanis
3380 1546 3564 1602 rebus

1908 1626 2205 1699 polliceris
2233 1627 2261 1683 ?
2288 1628 2543 1686 Mundus
2575 1633 2734 1686 totus
2764 1646 2803 1688 a
2828 1629 3008 1688 nobis
3036 1637 3420 1706 contemptus
3450 1638 3561 1692 est.

192 1723 401 1787 ἐλπίδος
426 1723 644 1787 ἀντάξια
685 1725 754 1775 τὰ
797 1723 1050 1797 ὁρώμενα.
1089 1718 1247 1794 Ὀρᾷς
1285 1721 1373 1772 τὸν
1415 1716 1633 1792 οὐρανὸν
1671 1721 1798 1767 τού-

1920 1719 2022 1774 Res
2060 1717 2327 1775 visibiles
2372 1734 2511 1775 cum
2537 1734 2609 1776 ea
2639 1735 2749 1793 spe
2790 1736 2929 1794 quas
2958 1721 3137 1778 nobis
3163 1722 3227 1779 in
3257 1724 3413 1780 votis
3451 1729 3565 1796 est,

194 1833 306 1882 τον,
358 1817 422 1875 ὡς
474 1812 626 1873 καλός
676 1808 827 1879 ίδιῐν,
869 1813 935 1871 ὡς
996 1805 1057 1863 δὲ
1099 1812 1315 1882 μίγας;
1373 1811 1465 1860 καὶ
1528 1807 1623 1863 τὴν
1678 1811 1796 1876 γῆν,

196 1904 357 1964 ἡλίκη
402 1918 416 1970 ;
466 1907 556 1956 καὶ
609 1904 675 1955 τά
739 1898 788 1954 ἄν
844 1899 977 1972 αὐτῇ
1032 1900 1330 1972 θαύματα;
1392 1891 1561 1949 Οὐδὲν
1603 1895 1800 1946 τούτων

112 2034 119 2039 -
199 1993 472 2056 ἐξισοῦται
510 1999 573 2065 τῇ
625 1994 978 2065 μακαριότητι
1037 1995 1139 2041 τῶν
1189 1983 1432 2041 δικαίων.
1487 1984 1673 2039 Ταῦτα
1709 1982 1801 2054 μὶν

198 2088 303 2159 γὰρ
362 2085 711 2158 παρέρχεται·
759 2082 827 2133 τὰ
874 2076 935 2134 δε
980 2080 1211 2154 ἡμέτερα
1267 2079 1427 2150 μένει.
1488 2079 1630 2135 Μιᾶς
1694 2069 1803 2123 ἑπι-

202 2175 353 2247 θυμῶ
409 2168 631 2246 δωρεᾶς,
679 2177 773 2222 τοῦ
831 2169 1087 2242 στεφάνου
1133 2174 1225 2228 τῆς
1268 2161 1629 2224 δικαιοσύνης·
1683 2164 1805 2237 περὶ

200 2267 323 2336 μίαν
372 2257 531 2324 δόξαν
577 2260 857 2334 ίπτόημαι,
909 2262 1005 2318 τὴν
1052 2256 1102 2310 ἓν
1139 2265 1204 2330 τῇ
1239 2254 1488 2329 βασιλείᾳ
1521 2260 1619 2307 τῶν
1649 2250 1804 2326 ούρα-

198 2360 320 2407 νῶν.
369 2349 649 2424 Φιλότιμός
700 2350 808 2423 εἰμι
862 2351 989 2423 πρὸς
1048 2350 1145 2406 τὴν
1201 2347 1308 2399 ἄνω
1362 2348 1541 2419 τιμήν·
1587 2340 1804 2395 κόλασιν

201 2438 426 2496 δέδοικα
474 2444 569 2499 τὴν
625 2437 674 2491 ἄν
717 2447 780 2512 τῇ
838 2442 1036 2511 γεέννῃ.
1084 2442 1195 2511 Πῦρ
1243 2432 1403 2488 ίκεῖνό
1441 2451 1534 2508 μοι
1570 2429 1802 2506 φοϐερόνο

199 2536 263 2586 τό
294 2528 355 2586 δε
378 2532 504 2605 παρ’
547 2531 690 2604 ὑμῶν
723 2527 1085 2602 ἀπειλούμενον
1124 2521 1414 2600 όμόδουλόν
1443 2523 1606 2577 ἐστιν.
1648 2516 1805 2575 Οἶδεν

202 2619 479 2676 αἰδεῖσθαι
496 2623 616 2681 τοὺς
636 2614 861 2672 εἰδώλων
887 2623 1359 2691 καταφρονοῦντας.
1399 2612 1526 2672 Βέλη
1711 2629 1804 2668 am-

204 2717 340 2767 πίων
368 2710 650 2783 λογίζομαι
678 2710 769 2769 τὰς
807 2707 1011 2779 πληγὰς
1040 2708 1204 2779 ὑμῶν.
1243 2713 1399 2778 Σῶμα
1432 2704 1803 2779 γὰραύπτεις·

206 2803 359 2877 ὅπερ,
426 2798 510 2852 ίὰν
577 2802 667 2873 μεν
738 2796 826 2850 ἰπὶ
888 2797 1060 2850 πλεῖον
1126 2793 1383 2868 ἀντίσχῃ,
1449 2793 1807 2867 λαμπρότερον

211 2895 578 2962 στεφανοῦται,
645 2886 731 2940 ἐὰν
798 2883 858 2940 δὲ
920 2887 1104 2939 θᾶττον
1173 2882 1533 2960 ἀπαγορεύσῃ,
1601 2881 1809 2954 οἴχεται

212 2976 501 3051 ἀπαλλαγὴν
567 2974 837 3031 δικαστῶν
911 2976 1050 3028 οὗτῶ
1124 2972 1332 3049 βιαίων,
1413 2970 1483 3040 οἳ,
1555 2972 1809 3044 σωμάτων

1906 1821 2033 1865 non
2061 1813 2291 1880 queunt
2319 1808 2684 1881 comparari.
2714 1809 2891 1866 Vides
2933 1810 3052 1866 hoc
3081 1810 3305 1884 coelum
3340 1817 3409 1870 ut
3434 1813 3565 1887 pul-

1908 1897 2125 1955 chrum
2154 1913 2221 1953 as
2229 1902 2426 1970 pectn,
2452 1903 2515 1955 ut
2534 1914 2827 1970 magnum
2843 1900 2872 1956 ?
2890 1899 3058 1957 vides
3073 1904 3315 1973 terram,
3336 1909 3567 1976 quanta

1910 1986 2005 2050 sit,
2032 1991 2092 2043 et
2119 2002 2258 2060 quae
2292 1987 2355 2045 in
2393 2003 2467 2045 ea
2513 1992 2656 2046 sunt
2685 1988 3076 2046 admirationi
3104 1988 3132 2043 7
3158 1991 3314 2048 Nihil
3341 1993 3563 2050 horum

1910 2075 2198 2148 adaequat
2220 2075 2525 2148 justorum
2566 2076 3005 2135 beatitudinem
3037 2095 3052 2135 :
3104 2078 3405 2152 siquidem
3435 2082 3567 2140 haec

1910 2170 2297 2239 praetereunt,
2341 2171 2548 2224 nostra
2585 2181 2729 2224 vero
2756 2175 3024 2224 manent.
3055 2170 3434 2243 Concupisco
3458 2172 3566 2229 do-

1912 2270 2062 2312 num
2100 2269 2315 2324 unum,
2351 2270 2643 2312 coronam
2678 2255 2958 2328 justitim:
3003 2257 3212 2328 gloria:
3243 2260 3424 2317 unius
3454 2260 3567 2317 im-

1912 2343 2142 2417 potenti
2166 2343 2468 2401 desiderio
2508 2348 2735 2417 teneor,
2768 2344 2920 2417 ejus,
2965 2362 3102 2419 qua;
3139 2352 3230 2404 est
3268 2349 3333 2405 in
3378 2365 3568 2421 regno

1922 2435 2093 2506 152
2126 2433 2437 2492 caelorum.
2480 2435 2785 2493 Honorem
2821 2451 3156 2508 supernum
3185 2438 3392 2496 ambio
3425 2458 3438 2496 :
3472 2457 3569 2512 ge-

1913 2522 2135 2581 hennae
2153 2528 2359 2581 metuo
2380 2524 2774 2597 supplicium.
2790 2525 2953 2594 ignis
2970 2525 3067 2582 ille
3084 2527 3571 2587 extimescendus

1913 2612 2063 2670 mihi
2093 2617 2227 2670 est:
2271 2629 2459 2685 quem
2498 2629 2645 2670 vero
2683 2629 2791 2670 vos
2819 2615 3302 2687 comminamini,
3332 2618 3385 2675 is
3431 2634 3572 2677 oon-

1916 2716 2130 2758 servus
2159 2705 2267 2758 est.
2299 2700 2753 2774 Contemptores
2775 2701 3079 2760 idolorum
3098 2690 3275 2762 novit
3288 2707 3570 2767 revereri.

1912 2792 1939 2847 Ι
1945 2790 2120 2848 acula
2140 2806 2469 2862 puerorum
2487 2796 2637 2862 puto
2657 2790 2871 2863 plagas
2890 2797 3144 2850 vestras.
3162 2795 3394 2869 Corpus
3409 2796 3572 2855 enim

1918 2878 2342 2952 ceedis,.quod,
2375 2878 2427 2935 si
2452 2879 2679 2936 diutius
2708 2880 3004 2946 restiterit,
3044 2898 3334 2942 coronam
3375 2885 3574 2959 splen-

1917 2967 2215 3025 didiorem
2245 2974 2646 3041 consequetur
2678 2986 2695 3038 ;
2721 2968 2813 3026 sin
2838 2975 3042 3027 autem
3072 2971 3243 3029 citius
3268 2972 3571 3049 defecerit,

208 3069 501 3143 ὑπηρεσίαν
546 3066 948 3143 παραλαϐόντες.
992 3067 1070 3118 ἔτι
1113 3069 1205 3117 καὶ
1264 3071 1364 3116 τῶν
1430 3060 1624 3134 ψυχων
1676 3078 1806 3112 κατ-

1920 3056 2606 3128 liberabiturjudieibus
2658 3062 2785 3114 tam
2830 3058 3105 3117 violentis
3132 3061 3259 3133 qui,
3308 3078 3449 3119 cum
3490 3064 3577 3122 fa-

209 3159 399 3234 ἄρχειν
445 3157 793 3231 φιλονεικεῖτε*
836 3156 887 3209 οῖ
927 3174 988 3227 γε
1027 3154 1071 3208 εἰ
1119 3158 1191 3229 μὴ
1237 3157 1328 3206 καὶ
1364 3159 1455 3205 τοῦ
1487 3158 1621 3205 Θεοῦ
1664 3152 1810 3223 ἡμῶν

205 3248 636 3322 προτιμηθείητε,
668 3248 739 3307 ὡς
785 3247 853 3297 τά
894 3247 1105 3316 ἔσχατα
1141 3242 1448 3318 ὑϐρισμένοι
1475 3239 1601 3315 παρ’
1639 3241 1808 3312 ἡμῶν,

204 3335 576 3409 χαλεπαίνετε,
622 3339 714 3387 καί
766 3337 860 3396 τὰς
915 3332 1135 3408 φοϐερὰς
1195 3335 1392 3393 ταύτας
1437 3329 1674 3389 κολάσεις
1728 3328 1814 3382 ἕπ-

203 3427 553 3492 ανατείνεσθε,
598 3423 838 3495 ἔγκλημα
889 3424 1014 3494 ἡμῖν
1064 3418 1331 3492 ἐπάγοντες
1381 3424 1477 3478 τὴν
1526 3416 1809 3472 εὐσέϐειαν.

205 3513 371 3569 Ἀλλὰ
414 3516 516 3589 γὰρ
558 3517 618 3566 ού
658 3509 866 3579 δειλοῖς,
909 3507 1036 3563 ούδέ
1072 3509 1369 3583 φιλοζὼοις,
1415 3504 1533 3561 οὐδ’
1585 3506 1812 3560 εὐκατα-

202 3602 465 3664 πλήκτοις
529 3601 841 3668 ἐντεύξεσθε,
907 3600 1035 3674 ὑπὲρ
1098 3608 1191 3660 τῆς
1256 3598 1323 3659 εἰς
1389 3600 1511 3650 Θεὸν
1581 3594 1809 3667 ἀγάπης.

206 3690 342 3747 Οἰδε
388 3694 538 3765 ἡμεῖς
576 3691 691 3763 (26)
729 3695 820 3742 καὶ
861 3688 1232 3765 τροχίζεσθαι,
1283 3691 1374 3740 καὶ
1410 3684 1812 3761 στρεϐλοῦσθαι,

205 3787 300 3836 καί
346 3781 845 3856 καταπίμπρασθαι,
890 3781 982 3831 καὶ
1026 3782 1129 3831 πᾶν
1178 3772 1315 3837 εἶδος
1378 3774 1812 3852 βασανιστηρίων

206 3879 408 3946 ἴτοιμοι
433 3865 854 3943 καταδέχεσθαι.

285 3966 337 4018 5.
370 3961 511 4015 Ἐπεὶ
552 3956 610 4014 δὲ
657 3961 853 4012 τούτων
896 3961 1119 4018 ἤκουσεν
1162 3956 1188 4008 ὁ
1231 3953 1434 4017 ἀλαζὼν
1484 3953 1667 4016 ἐκεῖνος
1721 3957 1813 4008 καὶ

214 4049 499 4127 βάρϐαρος,
550 4049 645 4102 οὐκ
685 4049 898 4122 ἐνεγκὼν
956 4056 1056 4101 τῶν
1112 4041 1315 4121 ἀνδρῶν
1354 4049 1449 4104 τὴν
1488 4042 1810 4119 παρρησίαν,

209 4140 500 4217 ὑπερζέσας
534 4148 608 4211 τῷ
646 4141 813 4212 θυμῷ,
867 4137 1078 4190 ἐσκόπει
1122 4140 1240 4188 τίνα
1276 4133 1337 4186 ἂν
1392 4134 1588 4209 ἐξεύροι
1630 4154 1815 4207 μηχα-

209 4241 323 4302 νὴν,
372 4235 507 4287 ὥστε
549 4232 748 4304 μακρόν
785 4246 843 4280 τε
880 4226 1055 4287 αὐτοῖς
1106 4229 1197 4277 καὶ
1242 4226 1428 4295 πικρὸν
1481 4223 1611 4296 ὁμοῦ
1656 4242 1816 4276 κατα-

215 4328 469 4381 σκευάσαι
517 4324 603 4375 τὸν
668 4319 906 4373 θάνατον.
960 4316 1091 4392 Εὗρε
1144 4312 1212 4374 δὴ
1279 4322 1366 4368 οῦν
1408 4312 1658 4382 ἐπίνοιαν,
1724 4317 1815 4367 καὶ

1917 3145 2217 3203 mulatum
2232 3161 2556 3218 corporum
2573 3145 2750 3203 vobis
2762 3163 2830 3203 su
2840 3146 3160 3219 mpseritis,
3175 3148 3375 3205 adhuc
3394 3149 3578 3207 etiam

1920 3234 2282 3293 contenditis
2304 3235 2524 3291 animis
2546 3234 2889 3293 dominari:
2931 3236 3057 3310 qui,
3090 3236 3203 3293 nisi
3235 3237 3354 3294 Deo
3372 3244 3576 3295 nostro

1920 3324 2352 3399 praeferamiui,
2384 3325 2608 3382 saevitis
2636 3326 2816 3399 quasi
2863 3330 3134 3384 extrema
3168 3326 3506 3398 ignominia
3545 3344 3582 3386 a

1919 3415 2100 3472 nobis
2120 3414 2321 3472 affecti
2348 3434 2362 3485 ;
2387 3420 2568 3488 atque
2586 3416 2894 3473 horrenda
2908 3416 3041 3474 haec
3064 3417 3365 3490 supplicia
3392 3418 3584 3476 inten-
3652 3440 3663 3447 ’

1920 3504 2079 3574 tatis,
2109 3504 2339 3562 crimen
2366 3505 2546 3561 nobis
2570 3505 2947 3577 objectantes
2977 3506 3375 3579 pietatem.At
3396 3510 3585 3567 oﬂen-

1921 3593 2076 3650 detis
2105 3610 2230 3650 non
2259 3594 2526 3667 timidos,
2550 3609 2751 3667 neque
2779 3594 2915 3651 vitae
2945 3595 3221 3667 cupidos,
3254 3613 3454 3670 neque
3475 3599 3583 3671 qui

1920 3683 2096 3741 facile
2117 3690 2584 3757 perterreantur,
2615 3683 2801 3756 idque
2822 3700 2934 3757 pro
2965 3684 3070 3740 Dei
3101 3684 3441 3744 dilectione.
3466 3691 3581 3746 Nos

1921 3772 2086 3829 enim
2114 3778 2171 3829 et
2189 3772 2397 3841 rotari,
2421 3776 2480 3829 et
2504 3773 2767 3845 torqueri
2794 3772 3075 3847 equuleo,
3107 3778 3166 3831 et
3185 3774 3480 3845 comburi,
3522 3780 3582 3834 et

1921 3878 2102 3920 omne
2134 3868 2568 3919 tormentorum
2608 3877 2800 3933 genus
2830 3862 3091 3936 perferre
3122 3865 3314 3937 parati
3344 3882 3578 3923 sumus.

1994 3957 2045 4009 5.
2081 3954 2216 4009 Haec
2264 3957 2467 4009 autem
2498 3968 2638 4008 cum
2691 3952 2963 4010 audisset
3015 3953 3315 4027 superbus
3360 3955 3458 4013 ille
3509 3972 3580 4014 ac

1921 4042 2243 4114 barbarus,
2264 4041 2432 4099 haud
2451 4041 2647 4099 ferens
2666 4041 2934 4100 virorum
2954 4043 3199 4101 dicendi
3217 4045 3578 4105 libertatem.

1920 4133 2013 4190 ira
2059 4133 2191 4204 ejus
2243 4148 2433 4205 supra
2478 4131 2732 4188 modum
2769 4132 3221 4206 effervescente,
3261 4137 3583 4209 reputabat

1923 4238 2131 4280 secum
2161 4221 2476 4295 quodnam
2497 4220 3218 4295 artiﬁciumexcogitaret,
3238 4229 3305 4282 ut
3324 4235 3582 4284 mortem

1927 4317 1985 4369 et
2008 4312 2261 4382 longam
2290 4315 2349 4367 et
2385 4326 2662 4368 amaram
2703 4311 2885 4368 simul
2913 4313 3001 4369 eis
3042 4317 3316 4372 strueret.
3356 4317 3585 4375 Invenit

214 4423 453 4472 σκοπεῖτε
495 4416 564 4476 ὡς
601 4408 864 4484 χαλεπήν.
908 4403 1364 4483 Περισκςψάμενος
1390 4401 1491 4478 γάρ
1532 4407 1626 4463 τὴν
1658 4406 1806 4478 φύσιν

1928 4403 2175 4460 tandem
2204 4400 2507 4473 ejusmodi
2554 4401 2900 4473 artiﬁcium,
2932 4404 3038 4460 sed
3078 4405 3364 4463 attendite
3394 4423 3583 4480 quam

210 4516 307 4571 τῆς
346 4510 553 4580 χώρας,
595 4503 675 4555 ὅτι
714 4492 1018 4576 κρυμώδης,
1057 4499 1149 4548 καὶ
1188 4498 1284 4553 τὴν
1337 4495 1475 4580 ὤραν
1517 4500 1610 4547 τοῦ
1652 4496 1812 4562 ἔτους,

211 4598 294 4651 ὅτι
337 4579 629 4670 χειμέριος,
680 4592 845 4642 νύκτα
910 4587 1236 4663 ἐπιτηρήσας
1284 4582 1335 4636 ἑν
1386 4579 1417 4641 ἦ
1470 4582 1704 4657 μάλιστα
1755 4586 1817 4638 τὸ

212 4770 672 4834 discriminatim
716 4783 949 4844 posse,_
962 4781 1039 4823 ex
1066 4763 1231 4839 prius
1258 4761 1436 4844 dictis
1468 4765 1653 4844 patet.
1686 4762 1819 4844 Mox

213 4833 442 4915 )ledie,
464 4845 673 4919 quiest
692 4833 1409 4919 rfosterRegfsecundus,
1434 4833 1493 4891 et
1513 4833 1678 4917 Co_1b.
1708 4839 1820 4919 ter-

214 4906 333 4978 tius
358 4906 611 4992 πρῦξτὴν
638 4915 901 4989 ἐπήρειαν,
933 4906 1192 4968 assultu.
1229 4906 1424 4964 Lectio
1445 4921 1571 4962 non
1589 4906 1817 5034 inepta.

225 4991 325 5034 alii
357 4988 602 5034 nitidam
635 5004 784 5034 mss.
816 4990 875 5034 et
898 4981 1041 5034 editi
1068 4984 1196 5034 ποὸς
1224 4984 1320 5034 τὴν
1349 4984 1555 5034 πεῖραν.
1586 4977 1673 5034 Ibi
1720 4992 1817 5034 em

217 4977 330 5048 Alii
357 4977 607 5062 quidam
635 4977 785 5062 mss.
816 4977 1041 5062 et'editi
1068 4984 1196 5062 πρὸς
1224 4984 1320 5039 τὴν
1349 4984 1555 5054 πεῖραν.
1586 4977 1818 5035 Ibidem

220 5059 821 5133 Reg—primusjripgv
848 5059 1153 5133 pz'gosjrig.
1296 5125 1308 5133 .
1348 5121 1360 5133 ε
1468 5121 1482 5133 ,

295 5124 616 5203 (ἱ3ἷΕάὶϋο
631 5124 1077 5203 Basil._pe_ri_nd_e
1094 5127 1158 5203 ut
1172 5124 1363 5203 nostri
1370 5124 1650 5203 quinque
1666 5137 1820 5179 mss.

220 5194 578 5277 ἀπὰνθοῦσωι,
597 5207 777 5258 recte.
809 5194 1209 5277 EditioAParis.
1234 5194 1595 5277 ἐπανθὸῡςανς·
1628 5208 1821 5277 quam

216 5276 438 5335 falsam
465 5264 828 5347 scripturam
855 5273 1096 5347 secutus
1114 5267 1433 5339 interpres,
1455 5265 1538 5323 ita
1556 5264 1821 5347 hunclo-

218 5367 355 5408 eum
412 5340 636 5404 vertit':
677 5342 1005 5401 Pecuniam
1053 5340 1135 5397 cla
1180 5354 1318 5411 qua:
1351 5345 1706 5411 permaneat
1750 5351 1824 5411 ac

215 5406 728 5493 continuoduret,
743 5406 1413 5493 gloriamqtiwsempegj
1426 5410 1644 5493 ﬂoreat
1672 5424 1696 5467 .°
1715 5406 1824 5493 sed

213 5479 253 5553 a
290 5508 481 5566 scopo
511 5479 1054 5566 longe'a'berravit;
1075 5482 1279 5566 Pqtius
1312 5479 1495 5554 igitur
1529 5479 1714 5537 velim
1741 5480 1826 5566 ita

210 5551 654 5639 interpretere:
658 5558 960 5620 Pecunias
990 5555 1102 5614 das
1133 5553 1231 5613 hic
1251 5551 1667 5624 remansuras,
1696 5551 1827 5626 glo-

1927 4491 2219 4552 acerbum
2247 4494 2307 4548 et
2331 4507 2534 4563 grave.
2569 4494 2715 4550 Cum
2748 4492 2910 4549 enim
2929 4493 3583 4568 considerassetregio-

1927 4582 2021 4640 nis
2049 4585 2356 4651 naturam,
2382 4579 2552 4654 quod
2579 4579 2801 4651 frigida
2828 4583 3009 4652 esset,
3048 4585 3107 4639 et
3146 4584 3292 4639 anni
3320 4587 3583 4659 tempus,

1926 4760 2084 4819 riam
2114 4764 2601 4839 marcescenlem.
2650 4760 2771 4816 Hoc
2813 4762 2923 4839 est,
2962 4759 3089 4839 Das
3107 4761 3420 4839 pecunias,
3452 4780 3587 4839 quae

1926 4849 2019 4890 me
2047 4838 2351 4906 non_sunt
2383 4837 2677 4906 secutam
2712 4838 2851 4906 post
2880 4837 3154 4906 mortem,
3193 4834 3296 4890 sed
3322 4834 3586 4906 quae'lu'c

1926 4904 2367 4978 remanebunt;
2410 4902 2685 4978 similiter
2723 4903 2835 4959 das
2874 4904 3137 4978 gloriam
3177 4902 3437 4978 quidem,
3484 4911 3587 4967 sed

1927 4991 2062 5050 qua
2081 4977 2286 5050 statim
2311 4977 2513 5032 instar
2536 4974 2721 5050 ﬂoris_
2735 4974 3050 5050 transibit.

2000 5050 2118 5120 (24)
2144 5047 2347 5129 podex
2376 5044 2544 5103 unus
2564 5050 2625 5129 et
2651 5044 2793 5103 editi
2822 5047 3171 5123 μικρολόγων.
3202 5049 3367 5108 Alius
3394 5073 3586 5129 μικρο.

1927 5116 2105 5192 λόγος.
2128 5118 2395 5193 Aliitres
2406 5116 2744 5193 μικρολόγως-

2003 5186 2115 5263 (25)
2154 5189 2346 5246 Editio
2374 5186 2559 5246 Paris.
2593 5186 2743 5262 pan.
2777 5188 2966 5263 Editio
3003 5191 3175 5263 Basil.
3210 5197 3268 5251 et
3297 5211 3402 5253 sex
3438 5214 3587 5256 mss.

1933 5261 2101 5337 βέλος.
2132 5263 2263 5318 Mox
2291 5277 2446 5337 mss.
2481 5261 2606 5337 non
2633 5261 2816 5337 pauci
2848 5264 2983 5337 ,ὅπερ
3208 5266 3293 5320 ἐὰν
3326 5265 3408 5324 δέ.
3437 5270 3590 5329 Editi

1931 5330 1990 5391 ἐι
2018 5337 2162 5408 Reg.
2184 5332 2394 5389 tertius
2420 5330 2723 5408 auspici...
2752 5330 2915 5408 diedi.

2005 5402 2131 5488 (12.6;
2160 5407 2307 5488 ξος.
2338 5402 2645 5488 secundus
2677 5420 2793 5488 seu
2815 5404 2962 5463 Med.
3005 5405 3107 5461 οἶοι
3144 5409 3315 5484 ἡμεῖς,
3346 5429 3492 5484 non,
3526 5418 3591 5473 ut

1933 5476 2139 5536 scribit
2157 5476 2435 5547 Ducaeus,
2462 5476 2565 5529 οἶοί
2594 5494 2649 5531 τε
2668 5476 2836 5549 ἡμεῖς.
