4098 6384
506 268 609 326 515

1902 253 1962 309 S.
1992 243 2245 307 BASILII
2265 245 2485 305 MAGNI

3771 248 3878 303 5l6

501 391 669 467 quod
698 389 1052 454 hibernum,
1095 382 1413 440 observata
1442 382 1616 437 nocte
1643 379 1707 436 in
1748 392 1872 452 qua
1900 375 2164 434 maxime

2285 369 2452 425 δεινὸν
2502 373 2828 440 ἐπιτείνεται,
2888 370 3050 431 ἄλλως
3106 367 3166 424 δε
3216 373 3307 423 καὶ
3359 369 3466 444 (27)
3520 371 3638 426 τότε
3690 369 3881 449 βορεου

505 465 735 538 malum
771 476 1130 547 augebatur,
1163 471 1498 546 praesertim
1529 485 1668 527 cum
1696 470 1913 526 boreas
1945 468 2006 522 in
2029 465 2166 538 ipsa

505 577 652 629 tunc
695 571 970 643 spiraret,
1013 564 1354 621 denudatos
1383 577 1595 619 omnes
1621 559 1801 633 jussit
1829 559 1943 614 sub
1972 556 2072 613 dio
2104 555 2163 609 in

506 661 710 720 media
741 659 974 716 civitate
1019 653 1368 724 congelatos
1397 651 1572 708 mori.
1603 650 1774 708 Scitis
1801 652 2002 706 autem
2033 660 2165 702 om-

503 754 652 810 nino
685 765 812 817 vos,
847 747 952 820 qui
976 745 1240 802 hiemem
1275 742 1506 815 experti
1542 741 1704 811 estis,
1735 753 1922 811 quam
1956 734 2166 793 intole-

504 841 696 900 rabile
729 840 802 894 sit
851 835 1000 894 illud
1040 833 1322 890 tormenti
1367 847 1581 902 genus.
1616 833 1814 902 Neque
1847 827 2006 883 enim
2036 822 2166 880 ﬁeri

503 935 706 1005 potest
723 933 791 985 ut
814 926 876 983 id
902 925 1032 982 aliis
1059 927 1270 980 notum
1299 921 1391 987 sit,
1416 920 1531 976 nisi
1560 919 1785 992 quibus
1811 921 1950 1005 post
1968 916 2165 1005 ipsam

503 1003 936 1091 experientiam
957 1015 1283 1085 suppetunt
1300 1025 1510 1066 eorum
1528 1007 1602 1063 de
1616 1007 1839 1081 quibus
1858 1003 2166 1077 loquimur

507 1107 806 1180 exempla.
832 1108 1061 1176 Corpus
1081 1101 1242 1157 enim
1264 1099 1430 1172 quod
1451 1097 1657 1168 frigori
1679 1095 2020 1168 exponitur,
2050 1093 2167 1166 pri-

508 1215 679 1256 mum
708 1195 957 1270 quidem
989 1195 1182 1249 totum
1203 1189 1456 1246 lividum
1488 1193 1601 1253 est,
1631 1186 1930 1257 sanguine
1951 1199 2168 1254 conge-

504 1289 668 1346 lato:
701 1285 918 1343 exinde
961 1283 1225 1352 agitatur
1269 1295 1340 1335 ac
1385 1277 1740 1344 effervescit,
1781 1274 2065 1331 dentibus
2104 1275 2165 1330 in

506 1394 570 1434 se
604 1371 1102 1448 impingentibus,
1147 1367 1420 1425 retractis
1463 1366 1684 1434 nervis,
1716 1370 1774 1421 et
1804 1363 1960 1420 mole
1999 1363 2167 1419 omni

504 1471 720 1540 prater
745 1462 1116 1520 voluntatem
1146 1461 1476 1515 contracta.
1521 1456 1676 1522 Quin
1709 1459 1765 1512 et
1793 1459 2006 1511 acutus
2033 1453 2164 1526 qui-

501 1555 646 1613 dam
663 1554 966 1611 cruciatus
979 1592 994 1617 ,
1006 1555 1063 1606 et
1077 1547 1682 1606 dolorinenarrabilis
1699 1545 1778 1602 ad
1793 1546 1959 1618 ipsas
1971 1557 2166 1617 usque

503 1643 804 1702 medullas
839 1640 1224 1715 perveniens,
1267 1653 1450 1694 sensu
1488 1634 1855 1692 intolerabili
1898 1634 2166 1704 algentes

2282 464 2445 522 αὐτὴν
2537 464 2880 530 ἐπιπνέοντος,
2954 461 3184 515 ἐκέλευσε
3247 463 3444 523 πάντας
3518 464 3886 537 γυμνωθέντας

2275 554 2378 606 ὑπὸ
2422 555 2481 606 τὸ
2533 556 2734 630 αἴθριον
2775 553 2822 607 ἐν
2880 556 3013 626 μέση
3063 558 3126 624 τῇ
3168 550 3314 604 πόλει
3349 557 3703 626 πηγνυμένόυς
3746 552 3881 608 ἀπο·-

2281 645 2469 698 θανεῑν.
2523 647 2731 705 Πάντως
2771 644 2878 714 (28)
2920 639 2980 695 δε
3030 645 3164 708 ἴστε,
3233 645 3283 694 οἱ
3333 647 3705 718 πεπειραμένοι
3760 663 3882 716 χει⁸

2276 743 2465 808 μῶνος,
2508 738 2580 797 ὡς
2609 734 2864 809 ἀφόρητόν
2894 733 3008 786 ἐστι
3045 741 3140 806 τῇς
3173 730 3410 806 βασάνου
3439 735 3499 787 τὸ
3540 731 3699 798 εἶδος.
3734 731 3880 789 Οὐδὲ

2273 827 2375 898 γὰρ
2422 821 2643 877 δυνατὸν
2702 824 2871 884 ἄλλοις
2918 819 3251 886 ἐνδείξασθαι
3311 824 3341 882 ἣ
3408 831 3514 885 τοῖς
3564 829 3878 900 προαποκεί-

2274 933 2403 988 μενοι
2455 917 2673 986 ἔχουσιν
2740 915 2793 967 ἐκ
2853 920 2949 975 τῆς
2991 917 3169 986 πείρας
3216 912 3378 974 αὐτῆς
3441 923 3541 967 τῶν
3593 913 3875 988 λεγομένων

2273 1006 2339 1058 τὰ
2370 1001 2758 1077 ὑποδείγματα.
2807 1011 2959 1076 Σῶμα
2998 1005 3098 1078 γὰρ
3138 1006 3285 1078 κρύει
3313 1007 3622 1079 παραπεσύν
3669 1013 3874 1080 πρῶτον

2275 1097 2366 1168 μὶν
2427 1095 2540 1147 ὅλον
2610 1095 2722 1146 ἐστὶ
2777 1089 3040 1161 πελιδνὸν,
3104 1098 3434 1167 πηγνυμένου
3490 1102 3584 1147 τοῦ
3635 1097 3873 1168 αἰματοςυ

2277 1187 2452 1238 ἔπειτα
2499 1183 2756 1236 κλονεῐται
2810 1187 2901 1236 καὶ
2959 1181 3366 1258 ἀναϐράσσεται,
3430 1181 3654 1237 ὀδόντων
3713 1183 3878 1261 ἀρασ-

2279 1279 2526 1348 σομένων,
2572 1276 2850 1347 σπωμένων
2915 1268 2973 1325 δε
3030 1281 3130 1325 τῶν
3187 1272 3321 1343 ἰνῶν,
3385 1278 3475 1326 καὶ
3539 1278 3732 1336 παντὸς
3783 1283 3876 1328 τοῦ

2277 1366 2435 1436 ὄγκου
2477 1362 2827 1439 ἀπροαιρέτως
2873 1361 3244 1436 συνελκομένου
3289 1359 3485 1422 Ὀδύνη
3533 1359 3593 1416 δέ
3624 1382 3705 1426 τις
3753 1360 3878 1438 δρι-

2275 1462 2417 1528 μεῖα,
2471 1458 2559 1507 καὶ
2611 1459 2765 1514 πόνος
2821 1451 3048 1528 ἃρῥητος
3095 1452 3262 1505 αὐτῶν
3321 1455 3725 1527 καθικνούμενος
3779 1463 3880 1506 τῶν

2275 1545 2497 1619 μυελῶν,
2577 1540 2988 1618 δυσφορωτάτην
3061 1551 3289 1596 ποιεῖται
3354 1550 3461 1604 τοῖς
3535 1549 3883 1618 πηγνυμένοις

2276 1639 2370 1694 τὴν
2418 1636 2689 1693 αἴσθησιν.
2749 1631 2968 1687 Ἔπειτα
3015 1631 3470 1708 ἀκρωτηριάζεται
3520 1634 3658 1706 (29),
3703 1637 3877 1709 ὥσπερ

502 1733 708 1793 afﬁcit.
737 1736 881 1789 Tum
907 1729 1240 1795 mutilatur,
1262 1727 1542 1784 extremis
1581 1725 1856 1799 partibus
1883 1723 2060 1797 quasi
2088 1721 2166 1778 ab

2279 1724 2378 1778 ἀπὸ
2432 1726 2612 1798 πυρὸς,
2667 1727 2952 1796 καιομένων
3003 1731 3104 1776 τῶν
3161 1723 3355 1798 ἄκρων.
3427 1719 3879 1796 Ἀποδιωκόμενον

501 1824 642 1895 igne
684 1820 1106 1880 concrematis.
1159 1817 1334 1875 Calor
1363 1817 1525 1874 enim
1576 1816 1657 1874 ab
1687 1813 2166 1872 extremitatibus

504 1913 776 1987 corporis
796 1911 1061 1980 fugatus,
1087 1912 1145 1965 et
1163 1907 1243 1964 ad
1264 1907 1548 1964 interiora
1569 1905 1943 1976 confugiens,
1968 1907 2168 1977 partes

505 2019 542 2060 a
569 2002 794 2077 quibus
819 1999 1114 2068 abscedit,
1139 1995 1428 2070 relinquit
1449 2000 1720 2052 mortuas
1750 2009 1763 2050 :
1793 2009 1896 2051 eas
1928 2009 2069 2050 vero
2088 1992 2168 2050 ad

505 2108 660 2167 quas
703 2090 1081 2149 contruditur
1123 2085 1446 2154 excruciat,
1487 2090 1680 2142 morte
1721 2083 2014 2158 paulatim
2061 2096 2172 2156 per

510 2181 995 2253 congelationem
1041 2177 1386 2236 accedente.
1427 2178 1589 2232 Tunc
1620 2174 1795 2245 igitur
1823 2189 1896 2230 ea
1934 2173 1997 2230 in
2033 2172 2169 2229 illos

505 2272 630 2330 lata
660 2270 958 2329 sententia
1003 2273 1115 2338 est,
1156 2272 1222 2324 ut
1269 2266 1387 2323 sub
1419 2266 1519 2323 dio
1549 2269 1993 2338 pernoctarent,
2027 2277 2168 2320 cum

511 2366 822 2434 stagnum,
855 2360 1082 2416 circum
1103 2356 1269 2431 quod
1303 2356 1547 2413 condita
1588 2355 1756 2428 153
1782 2359 1912 2411 erat
1938 2353 2166 2410 civitas.

506 2451 571 2508 in
625 2467 751 2525 qua
784 2451 976 2507 sancti
1015 2446 1430 2506 decertabant.
1471 2449 1630 2502 esset
1679 2448 1839 2500 velut
1884 2442 2168 2516 quaedam

504 2540 784 2614 planities
831 2535 1190 2611 equitabilis,
1234 2533 1428 2606 glacie
1483 2533 1634 2590 illud
1700 2536 2166 2603 transmutante,

503 2646 770 2704 cumque
792 2628 856 2685 id
877 2645 950 2685 ex
971 2626 1192 2698 frigore
1215 2625 1295 2682 ad
1323 2623 1679 2682 continentis
1698 2629 1980 2681 naturam
2000 2622 2170 2680 reda-

510 2726 700 2790 ctum,
748 2733 932 2793 super
971 2724 1228 2774 dorsum
1274 2715 1383 2772 iter
1413 2714 1759 2772 accolarum
1788 2714 2050 2788 pedibus
2085 2719 2171 2770 tu-

508 2816 639 2869 tum
677 2809 993 2883 praeberet,
1021 2810 1433 2880 praetereaque
1465 2803 1628 2861 ﬂuvii
1654 2805 1759 2877 qui
1778 2804 1997 2876 jugiter
2020 2803 2170 2860 ﬂue-

507 2901 679 2969 bant,
706 2898 896 2970 glacie
914 2895 1242 2964 constricti,
1265 2894 1591 2952 desiissent
1610 2909 1881 2961 manare,
1905 2900 1964 2951 et
1983 2909 2168 2967 aqua-

503 3005 643 3048 rum
665 2993 886 3046 natura
913 2985 1152 3044 mollior
1175 2985 1237 3043 in
1259 2984 1534 3057 lapidum
1560 2983 1844 3041 duritiem
1873 2998 2167 3041 conversa

2275 1817 2376 1890 γάρ
2431 1819 2490 1866 τὸ
2534 1816 2720 1887 θερμόν
2760 1812 2860 1866 ἀπὸ
2907 1822 3005 1866 τῶν
3053 1814 3287 1888 περάτων
3338 1820 3430 1865 τοῦ
3477 1817 3734 1886 σώματος,
3783 1817 3877 1866 καὶ

2280 1913 2574 1978 συμφεῦγον
2615 1903 2698 1956 ἐπὶ
2731 1907 2790 1957 τὸ
2838 1902 3023 1977 βάθος,
3059 1903 3126 1955 τὰ
3162 1906 3274 1976 μιν,
3311 1903 3424 1956 ὅθεν
3469 1901 3690 1973 ἀπέστη,
3721 1905 3880 1977 νεκρά

2277 1993 2594 2062 καταλείπει,
2649 1995 2715 2044 τὰ
2763 1988 2845 2062 δι,
2901 1991 2974 2064 ἐφ’
3041 1990 3076 2042 ἆ
3134 1993 3465 2061 συνωθεῖται,
3521 1988 3733 2052 ὀδύναις
3791 1990 3876 2046 δί-

2280 2081 2418 2137 δωσι
2447 2083 2583 2156 (30),
2615 2083 2752 2135 κατὰ
2790 2081 2976 2156 μικρὸν
3011 2088 3102 2134 τοῦ
3149 2081 3372 2134 θανάτου
3421 2077 3516 2134 διά
3553 2089 3646 2142 τῆς
3682 2082 3877 2145 πήξεως

2277 2179 2606 2248 προσιόντος.
2667 2175 2794 2225 Τότε
2841 2176 3013 2225 τοίνυν
3057 2173 3253 2246 αἶθριοι
3297 2173 3405 2242 (31)
3464 2167 3875 2245 διανυκτερεύειν

2276 2261 2764 2332 κατεδικάσθησαν,
2818 2264 2898 2315 ὅτε
2949 2262 3102 2334 λίμνη
3158 2265 3270 2335 μεν,
3339 2265 3458 2336 περὶ
3524 2261 3587 2319 ἢν
3645 2261 3675 2320 ἠ
3735 2260 3878 2322 πόλις

2279 2361 2631 2426 κατῴκισται,
2673 2352 2722 2406 εν
2851 2359 3021 2406 ταῦτα
3063 2348 3314 2410 διήθλουν
3355 2353 3406 2403 οἱ
3449 2351 3616 2424 ἅγιοι,
3668 2351 3772 2404 οἷόν
3826 2367 3875 2403 τι

2277 2443 2458 2499 πεδίον
2532 2443 2824 2503 ἱππήλατον
2897 2439 2980 2512 ἦν,
3042 2447 3490 2516 μεταποιήσαντος
3557 2442 3721 2500 αὐτὴν
3787 2447 3878 2492 τοῦ

2279 2533 2628 2611 κρυστάλλου·
2692 2537 2783 2586 καὶ
2835 2533 3189 2608 ἡπειρωθείσα
3262 2540 3335 2604 τῷ
3405 2534 3573 2607 κρύει,
3643 2529 3880 2603 ἀσφαλῶς

2277 2627 2404 2700 ὑπὲρ
2480 2633 2639 2677 νῶτον
2713 2623 2944 2683 πεζεύειν
3018 2626 3300 2698 παρείχετο
3388 2628 3495 2682 τοῖς
3575 2623 3878 2693 περιοίκοιςο

2277 2718 2504 2789 ποταμοί
2554 2711 2612 2766 δι
2653 2711 2839 2766 ἀένναα
2878 2712 3098 2788 ῥέοντες,
3156 2719 3228 2783 τῷ
3272 2708 3576 2785 κρυστάλλῳ
3630 2706 3874 2776 δεθέντες,

2275 2813 2372 2870 τῶν
2413 2806 2630 2880 ῥείθρων
2675 2806 2923 2861 ἔστησαν·
2976 2805 3006 2861 ἦ
3052 2819 3108 2855 τι
3164 2801 3271 2870 (32)
3323 2797 3493 2858 ἅπαλή
3542 2806 3634 2852 τοῦ
3678 2794 3876 2859 ὕδατος

2277 2898 2435 2970 φύσις
2483 2897 2610 2970 πρὸς
2667 2899 2761 2952 τὴν
2807 2900 2907 2946 τῶν
2962 2891 3118 2945 λίθων
3175 2889 3483 2944 ἀντιτυπίαν
3530 2889 3870 2963 μετεποιήθηο

2277 2985 2464 3060 βορέου
2501 2981 2560 3038 δὲ
2607 2980 2846 3060 δριμεῖαι
2892 2985 3046 3036 πνοαὶ
3088 2982 3148 3036 τὸ
3189 2980 3432 3056 ἔμψυχον
3475 2979 3611 3035 ἅπαν
3653 2978 3738 3033 ἐπὶ
3781 2979 3872 3032 τὸν

505 3085 688 3148 esset,
721 3094 861 3135 cum
888 3077 1154 3151 denique
1193 3091 1363 3133 acres
1381 3075 1592 3132 boreae
1618 3073 1799 3132 ﬂatus
1830 3072 2166 3132 animantia

2278 3079 2495 3131 θάνατον
2525 3078 2740 3147 ἤπειγον
2769 3073 2904 3148 (33

501 3170 712 3230 omnia
741 3172 1022 3240 urgerent
1054 3167 1134 3225 ad
1163 3170 1443 3224 mortem.

575 3355 631 3408 ϐ.
659 3353 825 3407 Tunc
864 3347 1046 3419 igitur
1083 3345 1292 3404 audito
1335 3345 1532 3402 edicto
1564 3345 1642 3418 (et
1669 3344 1815 3402 mihi
1845 3344 1943 3402 hic
1971 3343 2163 3401 consi~

505 3442 681 3498 dares
705 3438 886 3496 velim
905 3437 1178 3494 virorum
1202 3435 1676 3509 insuperabilem
1706 3434 2160 3506 constantiam),

505 3529 931 3603 unusquisque
961 3530 1274 3600 postrema
1316 3525 1498 3582 etiam
1528 3525 1731 3582 tunica
1759 3525 1876 3581 late
1903 3524 2161 3596 abjecta,

504 3635 613 3695 per
627 3620 817 3690 frigus
835 3617 914 3674 ad
931 3621 1188 3673 mortem
1210 3615 1728 3688 progrediebatur,
1744 3613 1893 3672 alter
1907 3613 2163 3671 alterum

504 3709 686 3785 quasi
732 3707 812 3765 ad
871 3705 1065 3780 spolia
1116 3704 1464 3779 diripienda
1517 3704 1893 3762 cohortatus.
1959 3706 2163 3778 Neque

574 3855 690 3926 (27)
721 3850 888 3926 Editi
926 3849 1179 3926 ἄλλως-τε
1222 3847 1962 3926 xuiaAn‘tiquisexulibri
1999 3847 2164 3926 άλλως

507 3919 710 3980 δὲ’καί.
747 3922 958 3993 Statim
1005 3920 1111 3977 ubi
1159 3921 1222 3976 in
1252 3919 1516 3993 antiquis
1537 3919 2165 3993 ’editionibuslegitur

507 3995 557 4050 ἐν
588 4000 720 4070 μέσῃ
763 4001 824 4070 τῇ
858 3992 1004 4070 πόλει
1033 3993 1327 4070 ίηίπιειίἰςι
1360 3991 1625 4070 eivitate,
1658 3991 2164 4070 vir_doctissim_u_s

507 4063 753 4124 Vossius
788 4063 905 4136 legi
944 4069 1221 4137 oportere
1253 4065 1347 4137 ait
1373 4063 1420 4115 ἐν
1461 4068 1594 4137 μέση
1646 4070 1724 4137 τῇ,
1751 4063 1932 4137 λίμνη,
1974 4064 2164 4137 medio

507 4121 582 4196 in.
609 4121 878 4209 stagno,”
893 4121 1302 4209 uti‘scriptum
1335 4121 1593 4209 inveniri
1631 4121 1984 4209 afﬁrmaiin
2008 4133 2164 4190 libro

512 4206 938 4283 antiquissimo
963 4226 976 4264 :
996 4207 1108 4289 sed
1127 4206 1439 4278 vulgatam
1458 4206 1779 4289 lectionem
1799 4206 1988 4263 nostri
2013 4223 2161 4262 mss.

511 4297 726 4338 omnes
750 4295 972 4347 magno
993 4283 1146 4335 inter
1175 4296 1237 4334 se
1270 4294 1572 4335 consensu
1592 4283 1856 4334 tuentur.

583 4355 700 4424 (28)
729 4352 880 4424 Editi
905 4353 1109 4424 πάντες.
1139 4356 1209 4406 At
1234 4350 1369 4406 libri
1401 4350 1877 4424 antiquijraévrmg.

580 4419 698 4496 (29')
731 4423 918 4496 Editio
941 4422 1127 4496 Paris.
1162 4428 1219 4478 et
1241 4419 1612 4496 Beg.tertius
1637 4421 1872 4496 liberet
1899 4419 2166 4496 optimus

509 4501 567 4570 et
591 4491 1037 4570 vetustissimus
1070 4491 1542 4570 ἀκρωτηριὶίζιται,
1584 4509 1695 4549 nec
1738 4491 2168 4570 aliter__legitur

509 4569 572 4625 in
603 4584 712 4625 ora
743 4563 1469 4638 codicum_Anglicorum.
1488 4566 1834 4638 Atutraquo
1858 4563 2039 4638 editio
2069 4566 2168 4638 Ba-

511 4639 602 4696 sil.
634 4644 691 4696 et
718 4636 866 4697 Med.
901 4643 956 4694 et
979 4635 1134 4710 rOliv.
1160 4635 1231 4693 iet
1251 4635 1824 4710 aliiquatuorpm—ss.
1854 4635 2167 4710 ἀκροίτηριά-

512 4713 678 4774 ζεται·
712 4727 898 4784 quam
931 4709 1208 4784 ultimam
1240 4708 1542 4784 scribendi
1569 4708 1863 4784 rationem
1888 4708 2168 4784 vitiosam

509 4799 640 4840 esse
667 4778 906 4855 ju'dicat
936 4779 1223 4837 Henricus
1248 4781 1590 4853 Stephanus
1612 4779 1674 4835 in
1702 4780 2026 4836 Thesauro.
2061 4778 2170 4834 lbi-

511 4856 653 4912 dem
684 4869 844 4910 unus
867 4869 980 4909 ms.
1015 4855 1116 4904 ὑπό
1145 4855 1330 4912 πυρὸς.

557 4871 653 4912 em
684 4869 844 4910 unus
867 4869 980 4909 ms.
1015 4871 1116 4904 υπο
1145 4871 1330 4925 πνρος.

587 4928 703 4998 (30)
738 4925 927 4982 Editio
971 4925 1152 4980 Paris.
1193 4917 1250 4978 et
1297 4921 1479 4998 Angl._
1507 4928 1618 4998 τοῖς
1854 4917 2168 4998 Move-56t-

513 4991 1154 5079 ίῖῳέτιοἈὲί...(Ιυέί“9Ρ
1203 5011 1349 5079 ".135:
1396 4991 1480 5079 *Τά
1524 4991 1721 5079 fingi
1778 4994 1902 5079 ar";
1946 4991 2170 5079 ,ἔδδτξνας

513 5067 733 5137 δίδωσι,
766 5065 957 5126 Editio
990 5067 1162 5124 Basil.
1205 5072 1262 5122 et
1302 5066 1450 5122 Med.
1484 5071 1540 5122 et
1580 5065 1729 5124 Oliv.
1775 5073 1832 5122 et
1863 5065 2028 5123 Colb.
2063 5071 2173 5121 ter-

511 5141 628 5198 tius
663 5147 727 5196 ut
750 5141 814 5196 in
846 5145 1128 5196 contextu
1153 5155 1166 5194 :
1191 5139 1269 5194 ad
1291 5138 1563 5209 verbum,
1590 5153 1689 5196 eas
1710 5154 1847 5194 vero
1861 5144 2071 5208 partes
2091 5137 2173 5194 ad

510 5227 660 5284 quas
691 5213 1046 5284 impellitur,
1097 5209 1405 5284 doloribus
1450 5211 1660 5267 tradit.
1694 5211 1834 5266 Mox
1871 5225 2020 5266 mss.
2054 5215 2171 5266 tres

509 5282 838 5358 προσιόντος.
867 5283 1032 5358 ᾼΗιιθ
1058 5287 1116 5339 et
1141 5282 1282 5358 editi
1309 5285 1597 5358 προξόντος.

582 5358 700 5427 (31)
749 5355 920 5424 Illud,
975 5360 1101 5407 Τότε
1147 5357 1318 5406 τοίνυν
1347 5352 1561 5427 αἶθριοι,
1623 5355 1759 5419 etc.,
1824 5353 1910 5427 ita
1947 5352 2171 5427 latine

509 5426 785 5484 reddidit
805 5427 1101 5499 interpres
1126 5443 1138 5480 :
1173 5427 1372 5496 Igitur
1413 5425 1613 5482 sam-ti
1640 5427 1751 5482 Dei
1784 5425 1893 5499 suo
1919 5425 2017 5480 dio
2036 5439 2169 5494 per-

511 5505 760 5555 noctare
775 5499 838 5554 in
859 5497 1067 5568 ειαρηο
1094 5499 1351 5570 quodam
1370 5499 1523 5567 iussi
1555 5497 1881 5570 suintpquod
1894 5511 2014 5570 pro
2035 5511 2170 5570 mce-

511 5570 687 5626 nibus
710 5572 974 5627 civitatis
995 5568 1146 5627 erai.
1174 5568 1290 5626 Sed
1311 5569 1427 5624 hoc
1453 5584 1578 5625 non
1595 5568 1746 5625 dixit
1771 5568 2045 5626 Basilius.
2078 5569 2173 5626 Ait

511 5643 735 5715 solum,
749 5642 960 5702 beatos
974 5641 1086 5702 hos
1102 5646 1403 5714 martyres
1419 5655 1492 5698 ex
1500 5640 1724 5713 judicia
1739 5640 2037 5699 sententia
2055 5639 2171 5698 sub

2342 3351 2393 3404 6.
2431 3349 2559 3402 Τότε
2600 3349 2773 3398 τοίνυν
2815 3341 3133 3406 ἀκούσαντες
3177 3349 3271 3395 τοῦ
3313 3343 3723 3416 προστάγματος
3758 3343 3872 3408 (καὶ

2273 3441 2457 3493 σκόπει
2501 3455 2592 3511 μοι
2635 3435 2858 3489 ενταῦθα
2911 3439 3012 3486 τῶν
3061 3429 3264 3507 ἀνδρῶν
3311 3435 3371 3485 τὸ
3430 3430 3732 3502 ἀήττητον),
3781 3449 3871 3504 μειο

2269 3530 2339 3584 τὰ
2375 3533 2548 3605 χαρᾶς
2606 3524 2987 3601 ἀπορρίψαντες
3035 3524 3250 3584 ἕκαστος
3301 3525 3391 3575 καὶ
3441 3524 3530 3575 τὸν
3582 3521 3871 3576 τελευταῖον

2269 3626 2496 3694 χιτῶνα,
2531 3619 2659 3692 πρὸς
2705 3618 2794 3669 τὸν
2838 3610 2934 3668 διὰ
2977 3619 3071 3666 τοῦ
3113 3616 3304 3689 κρύους
3353 3612 3586 3688 ἐχώρουν
3629 3612 3871 3681 θάνατον,

2271 3709 2444 3783 ὥσπερ
2493 3706 2540 3760 ἐν
2605 3704 2806 3759 σκύλων
2855 3699 3127 3777 διαρπαγῇ
3189 3701 3422 3765 ἀλλήλοις
3471 3700 3869 3775 ἑγκελευόμενοι.

2271 3853 2372 3910 dio
2397 3853 2785 3925 pernoctasse
2813 3860 2895 3925 eo
2907 3849 3197 3925 tempore,
3227 3862 3352 3920 quo
3384 3851 3692 3925 stagnum,
3714 3846 3875 3925 circa

2271 3917 2438 3999 quod
2449 3920 2694 3999 condita
2708 3917 3077 3999 eratcivitas,
3093 3919 3228 3999 gelu
3242 3917 3609 3999 constiterat.
3623 3917 3874 3999 Errandi

2273 3987 2459 4052 dausa
2479 3994 2589 4050 fuit
2607 3990 2776 4063 illud,
2817 3987 2865 4041 ἐν
2893 4009 2921 4063 ῃ
2958 4005 2973 4046 :
3007 3987 3174 4063 quod
3205 3990 3376 4063 multi
3400 3990 3876 4063 itainterpretati

2274 4047 3046 4138 suntfquasireferendum‘
3069 4066 3223 4119 esset
3254 4062 3330 4118 ad
3360 4077 3575 4138 vocem
3605 4047 3788 4138 λίμνη,
3822 4059 3874 4114 ἕν

2273 4147 2302 4212 ᾖ
2336 4133 2515 4211 λίμνη,
2547 4139 2611 4192 in
2649 4150 2768 4212 quo
2791 4139 3032 4212 stagno,
3059 4150 3204 4212 cum
3234 4139 3440 4212 tamen
3470 4133 3736 4190 dubitari
3755 4148 3879 4188 me-

2274 4205 2536 4267 rito'non
2574 4205 2779 4280 possit,
2811 4205 2962 4280 quin
2991 4206 3078 4280 ad
3105 4205 3493 4280 vocem‘mslu;
3523 4221 3711 4280 quam
3738 4220 3876 4277 pro-

2272 4281 2435 4338 xime
2475 4274 2769 4352 seq—uitur,
2800 4274 3006 4352 referri
3044 4277 3280 4345 debeat,
3312 4276 3371 4352 ⁸ἐν
3406 4274 3433 4351 ᾖ
3468 4274 3631 4344 πόλει,
3660 4274 3876 4352 ίηηυα

2275 4347 2716 4410 civitate.'Scio
2763 4347 3010 4422 quidem
3048 4365 3261 4406 omnes
3304 4347 3424 4406 fere
3458 4347 3876 4422 auctoritatem

2275 4424 2447 4504 sequi
2476 4419 3057 4504 prrremi'diaconi,
3088 4422 3194 4504 qui
3222 4421 3727 4504 aitquadraginta
3745 4420 3877 4504 illos

2276 4491 2574 4569 martyres
2595 4496 2658 4551 in
2683 4498 2899 4576 stagno
2930 4491 3486 4576 frigoriuexposit‘os
3513 4493 3697 4574 fuisse
3721 4510 3746 4576 ς¹
3771 4491 3877 4573 sed

2277 4585 2417 4626 cum
2435 4563 2567 4625 non
2586 4569 2822 4624 exstent
2840 4563 2977 4637 ipsa
2996 4563 3358 4622 sanctissimi
3387 4565 3544 4622 illius
3567 4563 3878 4637 scriptoris

2277 4639 2600 4714 opera,sed
2616 4635 3146 4714 eorumzduntaxat
3161 4635 3878 4714 interpretatioquagdam

2277 4708 2403 4784 non
2432 4708 2513 4768 ita
2544 4708 3044 4784 periecta,'lo_ng_e
3081 4708 3333 4784 prastat—
3367 4709 3535 4784 sequi
3569 4708 3874 4784 Basilium,

2276 4752 2784 4858 quiiaper'ie‘dicit
2802 4752 3158 4858 iortistsaimros
3177 4752 3499 4858 1116337535
3519 4752 3877 4853 martyrium

2277 4853 2479 4912 media
2497 4854 2556 4911 in
2585 4853 2817 4910 civitate
2846 4853 3178 4922 pertulisse,
3201 4867 3325 4909 non
3346 4853 3407 4908 in
3433 4858 3670 4922 stagno.
3694 4857 3880 4907 Acce-

2277 4927 2365 4983 dit
2393 4925 2601 4996 etiam,
2633 4923 2802 4998 quod
2832 4923 2934 4998 illa
2967 4925 3268 4998 Ephrmjmi
3309 4923 3553 4998 diaconi
3583 4923 3880 4998 sententia

2278 4998 2379 5054 vix
2407 4993 2989 5071 quoque—conciliari
3009 4993 3361 5071 possitcum
3388 4996 3586 5052 verbis
3609 4993 3881 5066 Gregorii

2279 5068 2741 5144 Nyss—eniftomo
2771 5070 2862 5144 Ill,
2896 5085 2960 5142 p.
2981 5068 3249 5144 502,_sub
3275 5068 3482 5138 tinem,
3505 5073 3561 5125 et
3581 5084 3723 5141 pag.
3753 5072 3809 5124 5t
3829 5071 3878 5138 l,

2281 5139 2439 5198 circa
2467 5140 2756 5198 medium.
2798 5139 2949 5212 Lege
2979 5139 3414 5212 lirafationem.

2354 5217 2470 5282 (32)
2501 5213 2748 5270 Codices
2777 5207 3057 5270 nonnulli
3086 5218 3145 5268 et
3175 5213 3317 5269 editi
3343 5215 3372 5273 ἦ
3397 5231 3471 5267 τε.
3497 5210 3628 5268 Alii.
3661 5211 3692 5270 ἢ
3724 5207 3802 5265 δέ.

2349 5281 2461 5359 (33)
2489 5283 3281 5359 Typograpbi_Parisienses
3329 5301 3402 5359 ex
3441 5282 3702 5359 fAnglicis
3747 5281 3881 5359 qui:

2278 5353 2548 5431 busdam
2564 5353 2738 5431 libris
2767 5353 3094 5431 ediderunt
3112 5354 3324 5431 ἐπῆ-χον,
3339 5353 3710 5431 deducebant
3732 5370 3746 5411 :
3768 5353 3885 5411 sed

2280 5433 2338 5485 et
2374 5428 2437 5485 in
2481 5428 2741 5485 editione
2767 5427 3100 5485 Basileensi
3139 5427 3295 5485 etin
3335 5429 3568 5486 Gallicis
3607 5443 3711 5483 sex
3731 5443 3882 5483 mss.

2281 5504 2628 5584 constanter
2671 5500 2890 5584 legitur
2935 5504 3168 5584 ἤπειγον,
3197 5500 3499 5575 urgebant
3531 5516 3545 5558 :
3577 5499 3746 5574 quod
3789 5515 3883 5557 ve-

2279 5571 2405 5631 rius
2427 5588 2560 5631 esse
2577 5577 2634 5630 et
2652 5571 2867 5630 melius
2883 5571 3272 5633 arbitramur.
