4098 6374
271 261 374 318 517

1291 248 1586 308 HOMILIA
1623 247 1692 304 IN
1731 241 2234 311 QUADRAGINTA
2273 244 2662 307 MARTYRES.

3547 253 3654 311 {iis

267 389 354 445 Μὴ
385 386 486 458 γὰρ
528 381 751 455 ἱμάτιον,
807 378 986 450 φησὶν,
1040 371 1397 448 ἀποδυόμεθα,
1450 372 1578 425 ἀλλὰ
1623 374 1711 424 τόν
1757 389 1865 422 πα-

1983 368 2472 443 enim,inquiunt,
2491 377 2722 428 vestem
2745 371 3059 429 exuimus:
3104 375 3214 431 sed
3244 379 3506 434 veterem
3539 377 3648 433 ho-

266 478 411 532 λαιὸν
463 474 730 548 ἄνθρωπον
784 467 1152 540 ἀποτιθέμεθα,
1213 468 1299 518 τὸν
1349 465 1678 539 φθειρόμενον
1735 463 1873 513 κατὰ

267 568 360 627 τὰς
390 563 670 634 ἆπιθυμίας
699 567 794 620 τῆς
823 555 1054 617 ἀπάτης.
1113 553 1551 628 Εὐχαριστοῦμέν
1603 569 1688 604 σοι
1735 551 1868 622 (34),

270 657 448 730 Κύριε,
499 660 572 722 τῷ
622 651 811 723 ἱματίῳ
859 649 1027 717 τούτῳ
1074 648 1167 703 τὴν
1227 645 1485 719 ἁμαρτίαν
1538 639 1871 694 συναποϐάλ-

267 727 460 805 λοντες.
505 736 719 798 Ἐπειδὴ
773 734 868 790 διὰ
912 738 1000 789 τόν
1044 739 1156 807 ὅφιν
1210 730 1587 806 ἐνεδυσάμεθα,
1641 727 1736 783 διὰ
1785 733 1872 782 τόν

270 835 502 910 Χριστὸν
536 827 897 901 ἐκδυσώμεθα.
950 829 1034 884 Μὴ
1085 822 1464 896 ἀντισχώμεθα
1512 823 1729 895 ἱματίων
1780 815 1876 872 διὰ

271 905 358 976 τόν
396 916 718 996 παράδεισον
761 916 817 970 ὃν
863 914 1219 987 ἀπωλέσαμεν.
1267 916 1329 965 Τί
1389 905 1758 982 ἀνταποδῶμεν
1802 917 1874 980 τῷ

275 995 489 1088 Κυρίῳ,
531 1004 779 1072 Ἐξεδύθη
813 1007 959 1078 ἡμῶν
988 1008 1078 1057 καὶ
1108 1005 1134 1055 ό
1165 1005 1385 1088 Κύριος.-
1422 1005 1486 1054 Τί
1533 1004 1666 1073 μέγα
1705 995 1875 1069 δούλῳ

274 1086 472 1154 τὰ-τοῦ
503 1100 760 1152 Δεσπότου
808 1095 1054 1161 παθεῖν,;
1105 1090 1308 1145 Μᾶλλον
1360 1086 1418 1142 δε
1461 1093 1551 1140 καὶ
1595 1088 1749 1140 αὐτόν
1788 1090 1874 1139 τὸν

279 1193 465 1264 Κύριον
511 1189 664 1260 ἡμεῖς
717 1182 867 1257 ἐσμεν
922 1183 972 1234 οἱ
1019 1176 1352 1240 ἐκδύσαντες.
1405 1185 1738 1251 Στρατιωτῶν
1775 1178 1875 1249 γὰρ

274 1277 431 1331 ἐκεῖνο
460 1281 520 1330 τὸ
548 1275 811 1348 τόλμημα,
856 1272 1040 1325 ἐκεῖνοι
1087 1265 1337 1331 ἐξέδυσαν
1385 1272 1474 1320 καὶ
1514 1264 1879 1354 διεμερίσαντο

271 1370 338 1420 τὰ
392 1368 595 1440 ἱμάτια.
662 1364 1020 1436 Ἀνάγραπτον
1073 1354 1160 1411 οὖν
1217 1359 1362 1430 ἡμῶν
1429 1359 1749 1432 κατηγορίαν
1809 1351 1865 1407 δι

273 1458 468 1511 ἑαυτῶν
500 1451 885 1525 ἀπαλείψωμεν.
934 1452 1128 1526 Δριμὺς
1171 1449 1198 1500 ὁ
1227 1451 1448 1520 χειμὼν,
1493 1443 1622 1498 ἀλλὰ
1685 1445 1878 1517 ’γλυκύς

273 1547 302 1599 ὁ
331 1541 694 1619 παράδεισοςο
758 1538 964 1611 ἀλγεινὴ
1011 1539 1041 1597 ἡ
1084 1536 1261 1603 πῆξις,
1305 1535 1412 1588 ἀλλ’
1451 1532 1610 1594 ἡδεῖα
1661 1537 1690 1594 ἡ
1745 1533 1875 1587 ἀνά-

273 1653 474 1694 παυσις
501 1633 635 1704 (35).
663 1631 862 1703 Μικρὸν
894 1626 1260 1700 ἀναμείνωμεν,
1301 1629 1391 1677 καὶ
1435 1626 1461 1676 ὁ
1503 1624 1693 1686 κόλπος
1735 1625 1874 1697 ἡμᾶς

1981 459 2228 526 minem,
2277 461 2383 534 qui
2423 461 2765 517 secundum
2803 461 3102 518 desideria
3130 465 3347 521 erroris
3378 483 3648 523 corrum-

1983 549 2160 620 pitur,
2191 549 2557 623 deponimus
2577 552 2642 605 ¹⁶.
2676 550 2908 606 Gratias
2940 551 3048 608 tibi
3077 552 3342 622 agimus,
3371 556 3646 625 Domine,

1981 637 2152 711 quod
2179 655 2306 696 una
2334 655 2474 696 cum
2493 641 2611 697 hoc
2653 639 2879 696 amictu
2909 640 3276 711 abjiciamus
3308 649 3647 715 peccatum.

1985 728 2284 794 Quoniam
2306 735 2552 802 propter
2563 733 2907 802 serpentem
2928 729 3125 787 induti
3146 731 3374 788 fuimus
3395 735 3652 799 “,exua-

1984 833 2122 873 mur
2149 823 2397 891 propter
2425 819 2968 876 Christum.Vestes
3001 820 3271 876 tenacius
3297 837 3376 878 ne
3397 823 3652 879 retinea-

1983 923 2142 976 mus,
2169 908 2250 966 ob
2281 909 2656 981 paradisum,
2690 925 2874 983 quem
2905 909 3247 967 amisimus.
3305 913 3459 978 Quid
3487 913 3652 969 retri-

1983 997 2246 1054 buemus
2272 998 2529 1056 Domino
2554 1000 2597 1034 ¹⁸
2617 1000 2645 1057 Ῠ
2711 1003 2937 1056 Exutus
2967 1005 3057 1056 est
3085 1015 3333 1074 quoque
3361 1002 3652 1059 Dominus

1983 1092 2207 1144 noster.
2234 1089 2387 1154 Quid
2407 1103 2704 1159 magnum
2726 1104 2923 1160 servo,
2951 1106 3024 1147 ea
3049 1107 3186 1164 quas
3213 1092 3504 1149 Dominus
3522 1109 3654 1166 per-

1985 1190 2202 1249 pessus
2221 1179 2608 1251 est,perpeti?
2625 1178 2754 1235 lmo
2784 1195 2930 1236 vero
2949 1196 3061 1237 nos
3082 1183 3431 1256 sumus,qui
3447 1183 3655 1256 ipsum

1986 1268 2311 1324 Dominum
2324 1268 2603 1324 exuimus
2623 1270 2668 1305 ¹⁹
2680 1269 2955 1326 .Militum
2979 1271 3139 1327 enim
3160 1276 3250 1329 est
3269 1273 3418 1330 illud
3431 1275 3650 1344 scelus,

1985 1355 2070 1412 illi
2100 1362 2412 1424 exuerunt,
2445 1356 2898 1432 diviseruntque
2918 1363 3115 1417 vestes
3135 1363 3204 1415 '0.
3241 1363 3652 1428 Quamobrem

1985 1451 2260 1504 nostram
2285 1449 2736 1506 accusationem
2755 1449 2964 1507 litteris
2985 1451 3288 1523 proditam
3309 1467 3418 1526 per
3432 1469 3546 1510 nos
3566 1455 3655 1527 ip-

1986 1553 2087 1595 sos
2102 1537 2444 1596 deleamus.
2464 1540 2630 1596 Acris
2650 1545 2740 1596 est
2759 1540 3064 1612 hiems,ad
3084 1541 3278 1599 dulcis
3300 1544 3650 1616 paradisus:

1984 1627 2324 1698 congelatio
2367 1643 2608 1702 aspera,
2635 1629 2744 1686 sed
2755 1630 3030 1700 jucunda
3049 1631 3307 1704 requies.
3328 1633 3651 1691 Paululum

277 1723 463 1794 θάλψει
491 1729 582 1774 τοῦ
622 1719 958 1794 πατριάρχου
985 1718 1122 1787 (36).
1154 1721 1295 1777 Μιᾱς
1321 1717 1508 1777 νυκτὸς
1556 1713 1669 1767 ὅλον
1715 1714 1869 1767 αἰῶνα

1985 1721 2432 1790 exspectemus,
2454 1722 2512 1774 et
2531 1734 2644 1775 nos
2677 1719 2844 1774 sinus
2883 1720 3240 1792 patriarchae
3272 1721 3644 1782 confovebit.

274 1811 728 1883 ἂνταλλαξὼμεθα.
816 1808 1072 1865 Καυθὴτω
1148 1806 1175 1857 ὁ
1242 1812 1393 1873 ποῦς,
1470 1806 1553 1858 ἴνα
1623 1800 1874 1868 διηνεκῶς

273 1901 384 1976 μετ’
432 1899 657 1972 ἀγγέλων
705 1898 902 1973 χορεύῃ
934 1914 950 1930 ·
1007 1893 1319 1970 ἁπορῥυὴτω
1366 1897 1396 1953 ἡ
1443 1899 1584 1970 χεὶρ,
1647 1895 1729 1948 ἶνα
1771 1897 1869 1968 ἔχῃ

270 1991 572 2066 παρρησίαν
602 1990 734 2066 πρὸς
761 1989 848 2039 τὸν
880 1988 1142 2043 Δεσπότην
1195 1983 1522 2060 ἐπαίρεσθαι.
1573 1987 1738 2038 Πόσοι
1774 1991 1873 2037 τῶν

277 2087 612 2155 στρατιωτῶν
674 2086 772 2130 τῶν
848 2077 1107 2150 ἡμετέρων
1184 2073 1269 2126 ἰπὶ
1345 2073 1684 2148 παρατάξεως
1753 2076 1873 2128 ἔπε-

276 2189 366 2225 σον
393 2169 526 2242 (37),
597 2166 810 2242 βασιλεῖ
867 2166 1078 2240 φθαρτῷ
1133 2167 1228 2222 τὴν
1279 2167 1460 2217 πίστιν
1504 2163 1870 2236 φυλάττοντες

273 2262 426 2334 ἡμεῖς
453 2255 514 2312 δι
543 2259 670 2331 ὑπερ
699 2263 798 2317 τῆς
832 2255 904 2318 εἰς
954 2257 1042 2307 τὸν
1092 2251 1334 2312 ἀληθινὸν
1380 2252 1606 2326 βασιλέα
1646 2257 1877 2317 πίστεως

272 2353 368 2410 τὴν
418 2349 558 2411 ζωὴν
607 2349 804 2406 ταύτην
860 2343 920 2398 οὐ
976 2344 1356 2420 προησόμεθα;
1421 2347 1585 2396 Πόσοι
1635 2346 1723 2397 τὸν
1774 2351 1876 2396 τῶν

274 2441 581 2515 κακούργων
638 2438 943 2494 ὑπέστησαν
998 2435 1236 2501 θάνατον,
1288 2432 1492 2495 ἁλόντες
1541 2431 1618 2486 ἐπ’
1678 2430 1877 2492 ἀδική-

277 2543 479 2604 μασινς
537 2529 690 2602 ἡμεῖς
728 2521 790 2579 δὴ
828 2526 954 2600 ὑπὲρ
1005 2519 1345 2585 δικαιοσύνης
1391 2526 1478 2575 τὸν
1529 2523 1745 2576 θάνατον
1772 2522 1878 2595 οὐχ

275 2619 598 2692 ὕποίσομενς
660 2618 748 2674 Μὴ
775 2635 779 2639 ”
808 2611 1134 2686 ἕκκλίνωμεν,
1202 2608 1242 2664 ὦ
1315 2620 1726 2689 συστρατιῶται,
1803 2616 1875 2686 μὴ

279 2705 452 2784 δῶμεν
479 2707 598 2780 (38)
653 2713 793 2759 νῶτα
834 2713 908 2777 τῷ
956 2699 1206 2776 διαϐόλῳ.
1249 2705 1434 2777 Σάρδιες
1481 2703 1605 2771 εἰσὶ,
1655 2706 1728 2776 μὴ
1776 2722 1880 2776 φει-

279 2801 526 2873 σὼμεθαο
585 2791 765 2855 ἐπειδὴ
809 2792 895 2849 δεῖ
935 2795 1142 2855 πάντως
1189 2791 1486 2860 ἀποθανεῖν,
1541 2791 1878 2868 ἀποθάνωμεν

279 2890 364 2942 ἵνα
427 2889 688 2961 ζήσωμεν.
768 2887 998 2940 Γενέσθω
1089 2887 1117 2944 ἡ
1203 2887 1366 2938 θυσία
1438 2885 1586 2957 ἡμῶν
1627 2881 1877 2936 ·ἒνώπιόν

283 2995 378 3032 σου
406 2979 540 3050 (39),
598 2979 795 3052 Κύριε*
873 2979 962 3028 καὶ
1014 2971 1495 3050 προσδεχθείημεν,
1570 2975 1641 3036 ὡς
1717 2975 1878 3026 θυσία

1987 1807 2179 1863 Unam
2206 1812 2449 1864 noctem
2468 1807 2794 1864 aeternitate
2823 1812 2952 1866 tota
2975 1816 3301 1866 mutemus.
3344 1814 3648 1870 Exuratur

1984 1905 2114 1967 pes,
2143 1899 2208 1952 ut
2234 1901 2527 1969 perpetuo
2559 1911 2701 1955 cum
2749 1897 2982 1969 angelis
3036 1899 3358 1972 tripudiet:
3417 1901 3656 1959 difﬂuat

1983 1999 2225 2053 manus,
2255 1989 2323 2041 ut
2347 2000 2476 2043 sese
2501 1986 2582 2043 ad
2625 1986 2951 2043 Dominum
3001 1987 3315 2046 attollendi
3357 1990 3649 2048 ﬁduciam

1982 2073 2224 2131 habeat.
2257 2076 2413 2139 Quot
2441 2091 2472 2132 e
2499 2077 2726 2132 nostris
2755 2077 3276 2135 commilitonibus
3305 2079 3368 2136 in
3398 2080 3526 2137 acie
3555 2095 3653 2138 ce-

1983 2164 2276 2235 ciderunt,
2298 2165 2649 2239 imperatori
2669 2167 2908 2224 mortali
2930 2173 3168 2225 servata
3183 2169 3302 2226 fide
3321 2171 3348 2226 *ἲ
3371 2185 3486 2226 nos
3507 2185 3652 2228 vero

1982 2253 2172 2311 vitam
2200 2255 2378 2312 istam
2399 2271 2511 2328 pro
2540 2255 2662 2312 ﬁde
2685 2256 2750 2312 in
2768 2271 2980 2313 verum
3010 2271 3212 2328 regem
3233 2273 3360 2315 non
3383 2260 3657 2332 projicie-

1983 2359 2125 2402 mus
2145 2344 2172 2399 τ
2201 2347 2355 2412 Quot
2383 2351 2641 2404 mortem
2676 2347 3094 2404 maleﬁcorum
3139 2349 3534 2421 pertulerunt,
3587 2353 3651 2408 in

1986 2433 2314 2491 sceleribus
2345 2436 2742 2508 deprehensi?
2788 2452 2901 2493 nos
2936 2452 3076 2493 vero
3103 2453 3213 2510 pro
3240 2437 3464 2510 iustitia
3494 2452 3652 2497 mor-

1985 2528 2108 2581 tem
2126 2539 2254 2582 non
2274 2525 2708 2582 sustinebimus
2727 2526 2756 2583 ⁸1
2779 2529 2860 2584 Ne
2883 2526 3282 2595 declinemus,
3301 2545 3338 2585 ο
3363 2530 3653 2588 commili-

1985 2617 2182 2684 tones,
2229 2618 2399 2685 terga
2434 2629 2511 2671 ne
2558 2614 2775 2672 demus
2818 2615 3088 2674 diabolo.
3132 2621 3355 2675 Carnes
3384 2624 3544 2686 sunt,
3575 2633 3651 2677 ne

1985 2703 2435 2777 pepercerimus
2481 2721 2494 2772 ;
2554 2721 2695 2763 cum
2746 2706 2902 2763 mori
2953 2708 3204 2765 omnino
3255 2723 3502 2767 necesse
3554 2710 3650 2782 sit,

1986 2795 2323 2852 moriamur
2341 2799 2406 2853 ut
2424 2795 2728 2853 vivamus.
2749 2797 2892 2854 Fiat
2905 2799 3274 2869 sacriﬁcium
3295 2806 3570 2858 nostrum
3585 2802 3652 2858 in

1986 2890 2306 2955 conspectu
2333 2891 2456 2953 tuo,
2495 2886 2744 2943 Domine
2773 2888 2818 2921 ²¹
2849 2901 2862 2954 ς
2914 2887 3446 2963 suscipiamurque
3488 2889 3655 2949 velut

1985 2973 2189 3030 hostia
2233 2974 2446 3030 vivens
2472 2977 2541 3045 ³³,
2607 2980 2892 3048 acccepta
2944 2976 3072 3046 tibi,
3117 2977 3234 3034 hoc
3275 2978 3390 3036 isto
3434 2979 3652 3052 frigore

277 3069 442 3136 ζῶσα,
487 3067 766 3143 εὖάρεστός
824 3084 928 3134 σοι,
989 3073 1060 3137 τῷ
1125 3066 1272 3138 κρύει
1328 3066 1494 3136 τούτῳ
1553 3063 1869 3118 ὁλοκαυτού-

1984 3062 2411 3121 holocaustum
2433 3063 2648 3132 eﬂ'ecti,
2672 3063 2899 3155 oblatio
2925 3065 3201 3138 pulchra,
3225 3083 3457 3124 novum
3478 3069 3650 3128 holo-

271 3173 433 3230 μενοι,
465 3157 598 3218 καλὴ
643 3157 674 3216 ἡ
717 3155 1012 3232 προσφορὰ,
1057 3157 1234 3208 καινόν
1293 3155 1354 3205 τὸ
1399 3152 1760 3226 ὁλοκαύτωμα,
1813 3152 1869 3206 ού

1986 3157 2288 3222 caustum,
2315 3153 2560 3225 frigore,
2583 3169 2707 3210 non
2731 3153 2857 3224 igni
2890 3134 3348 3228 consumptum.
3381 3158 3502 3215 Hos
3531 3173 3652 3216 ser-

271 3243 366 3301 διὰ
391 3249 578 3323 πυρὸς,
611 3245 740 3298 ἀλλὰ
770 3242 865 3298 διὰ
900 3245 1092 3320 κρύους
1130 3242 1594 3322 ὁλοκαρπούμενον.
1647 3244 1876 3306 Τούτους

267 3340 392 3402 τοὺς
445 3336 872 3412 παρακλητικοὺς
926 3329 1223 3395 ἐνδιδόντες
1285 3330 1543 3397 ἀλλήλοις,
1583 3331 1674 3385 καί
1719 3331 1873 3396 ἄλλος

265 3425 407 3499 ἄλλῳ
437 3425 835 3498 ὄγκελευὸμενοι,
887 3424 1061 3496 ὥσπερ
1109 3423 1226 3474 τινὰ
1273 3421 1610 3494 προφυλακὴν
1669 3419 1718 3473 ἐν
1769 3439 1871 3474 πο..

264 3515 405 3591 λίμῳ
454 3515 788 3590 πληροῦντες,
851 3518 947 3573 τὴν
993 3514 1156 3565 νύκτα
1203 3510 1322 3583 (40)
1377 3513 1733 3586 παρέπεμπον,
1779 3515 1871 3584 pta

264 3624 441 3684 ροντες
485 3607 551 3660 τὰ
609 3607 843 3682 παρόντα
903 3605 1169 3676 γενναίως,
1227 3604 1504 3677 χαίροντες
1564 3607 1670 3662 τοῖς
1721 3599 1872 3654 ἔλπι-

267 3697 525 3771 ζομένοις,
591 3693 972 3768 καταγελῶντες
1027 3699 1119 3747 τοῦ
1175 3689 1480 3746 ἀντιπάλου.
1531 3695 1639 3744 Μία
1693 3687 1752 3746 δι
1808 3687 1870 3751 ἧν

344 3819 389 3859 ³⁸
420 3820 638 3896 Ephes.
667 3836 748 3894 1v,
774 3824 863 3877 22.
944 3818 986 3856 ⁸⁷
1021 3819 1164 3875 Gen.
1195 3834 1279 3888 Ill,
1307 3818 1398 3873 2l.

267 3913 360 3972 40.
439 3913 486 3948 ²²
525 3914 698 3969 Rom.
728 3927 830 3980 xu,
859 3909 908 3965 1.

337 4039 451 4110 (38)
479 4037 670 4110 Editio
700 4035 883 4110 Paris.
915 4033 1332 4110 εύχαριστοῦμίν
1364 4052 1474 4090 σοι.
1517 4035 1643 4091 Vox
1673 4052 1757 4088 σοι
1787 4033 1866 4092 ab

268 4107 748 4189 omnibusnlibris
776 4107 1082 4164 veteribus
1113 4107 1321 4189 abest.
1385 4176 1421 4189 Α
1640 4177 1656 4189 ι

337 4183 452 4254 (33)
475 4179 626 4254 Editi
642 4183 707 4254 et
726 4195 1020 4254 mssanon
1043 4178 1221 4254 pauci
1238 4175 1605 4254 ἡ-ἆπῖόλαυσις,
1623 4177 1864 4254 fruitio.

267 4248 470 4312 Codex
507 4252 681 4310 Coisl.
715 4256 772 4308 et
801 4250 973 4308 Colb.
1005 4248 1254 4309 tertiusiz
1274 4248 1583 4322 ἀνάπαυσις,
1598 4251 1867 4322 requies;

265 4326 443 4402 etita_
459 4339 708 4402 quoque
747 4324 1038 4402 scriptum
1085 4322 1425 4402 invenimus
1461 4321 1525 4377 in
1555 4335 1665 4376 ora
1690 4321 1868 4402 '_Regii

263 4393 572 4472 primi,sic
594 4393 660 4472 ut
680 4395 856 4472 lectio
869 4393 1133 4472 utraque
1155 4409 1226 4450 eo
1240 4393 1310 4472 in
1330 4393 1493 4472 libro
1502 4393 1866 4472 reperiatur.

334 4464 719 4551 (36)’An.tiqui
739 4466 863 4548 duo
887 4464 1396 4551 Ιξιὶιδὶῑπςατριάρχου
1417 4464 1778 4551 Ἀὅραάμιοοᾶῐ
1805 4464 1868 4551 in

266 4534 396 4598 aliis
425 4534 688 4613 quatuor
715 4536 963 4612 perinde
989 4540 1056 4592 ut
1081 4535 1144 4593 in
1159 4534 1444 4613 vulgatis
1462 4534 1582 4613 vox
1616 4534 1868 4613 ’Ἄϐραάμ

265 4606 604 4688 deest_fl_l_aa_c
618 4606 956 4688 autemvox
967 4623 1107 4688 cum
1120 4606 1616 4688 adi-ntegritatem
1636 4606 1871 4688 senten-

266 4685 358 4742 tiee
379 4683 529 4740 nihil
551 4683 748 4754 faciat,
759 4681 904 4738 addi
925 4676 1466 4754 automittipotest.
1482 4676 1658 4745 Quod
1674 4678 1871 4751 sequi-

264 4761 380 4825 tur,
401 4762 523 4829 μιᾱς
542 4750 745 4829 νυκτός,
761 4757 896 4829 etc.,
916 4751 1078 4829 credi
1098 4767 1220 4829 non
1241 4750 1422 4807 debet
1441 4765 1715 4829 pugnare
1728 4750 1868 4829 cum

265 4820 463 4885 verbis
487 4820 751 4897 Gregorii
776 4820 1046 4897 NySseni,
1070 4825 1176 4897 qui
1204 4823 1319 4879 hos
1351 4820 1650 4897 martyres
1662 4820 1869 4897 tribus

263 4898 478 4974 diebus
497 4895 736 4974 frigoris
757 4895 877 4974 vim
901 4895 1184 4974 tolerasse
1197 4899 1586 4974 narrat_tom_o
1607 4895 1866 4974 ll!,_pag.

268 4973 393 5025 EH2.
418 4973 563 5027 Nam
578 4963 943 5041 hmcverba,
975 4973 1104 5041 μιᾶς
1131 4970 1332 5041 νυκτός,
1364 4963 1867 5041 Θῐο-,ΑΒᾷεῇΠὶίΠοξι

269 5044 410 5119 sunt
419 5041 622 5119 verba,
639 5035 1398 5119 sedipsorummartyrum,
1411 5037 1694 5119 quiinitio
1711 5052 1774 5092 se
1785 5035 1867 5093 ob

269 5111 505 5186 frigoris
524 5110 923 5186 asperitatem
929 5113 949 5182 j
960 5110 1273 5186 udicarent
1286 5110 1608 5186 morituros
1627 5125 1640 5164 :
1665 5110 1728 5164 in
1743 5122 1866 5180 quo

267 5179 502 5241 eosfalli
516 5179 669 5264 Deus
685 5179 1356 5264 permisit,utmai9ren1_
1371 5179 1711 5264 mercedem
1728 5179 1868 5264 cpn-

263 5249 1046 5330 sequerentur.’Notandum
1066 5258 1124 5310 et
1148 5249 1317 5322 illud,
1341 5253 1404 5309 in
1428 5250 1620 5336 tribus
1648 5249 1868 5337 codici-

259 5326 373 5400 bus
404 5341 516 5400 pro
559 5325 993 5400 ὄινταλλαξώμεθα
1037 5325 1334 5398 scriptum
1355 5324 1613 5382 inveniri
1654 5340 1870 5376 αντικα-

260 5399 650 5474 ταλλοῐξώμεθα.
862 5399 867 5400 ⁷

260 5543 268 5545 ἓ
330 5472 444 5545 (37)
489 5475 652 5529 Unus
671 5471 863 5545 codex
888 5472 1093 5524 ἔπεσαν.
1108 5468 1324 5545 _St_at_im
1357 5482 1500 5545 mss.
1535 5479 1747 5522 omnes
1768 5485 1867 5539 φυ-

256 5539 691 5618 λάσσοντες,ἃιιῑ
712 5543 1068 5618 φυλάττοντες.
1104 5540 1256 5598 Editi
1302 5539 1636 5618 φυλάξαντες.

327 5617 445 5690 (38),
472 5608 628 5673 Editi
652 5608 729 5690 μὴ’
753 5613 922 5690 δῶμεν
951 5617 1129 5680 τόπον,
1158 5625 1232 5669 ne
1277 5608 1484 5690 demus
1535 5611 1754 5690 locum.
1789 5608 1868 5668 At

255 5682 450 5748 nostri
470 5704 578 5747 sex
600 5682 746 5748 mss.
776 5682 848 5761 μή
879 5682 1050 5760 δῶμεν
1087 5692 1246 5755 νῶτα,
1269 5699 1345 5743 ne
1363 5684 1567 5742 demus
1600 5687 1792 5754 terga.

1478 3816 1524 3852 ³⁸
1556 3813 1708 3873 Psal.
1739 3831 1866 3886 cxv,
1905 3819 1990 3873 12.
2071 3817 2116 3853 ¹⁹
2143 3816 2343 3874 Matth.
2375 3832 2562 3887 xxvu,
2619 3820 2707 3875 28.
2789 3817 2837 3855 το
2885 3817 3036 3876 ibid.
3091 3823 3180 3878 35.

1982 3255 2198 3299 mones
2229 3242 2668 3300 consolatorios
2697 3243 2852 3300 inter
2883 3259 2946 3301 se
2976 3244 3373 3311 conferentes,
3405 3251 3464 3304 et
3505 3248 3653 3306 alter

1983 3330 2240 3389 alterum
2285 3332 2691 3402 exhortantes,
2732 3334 2882 3390 actis
2912 3333 3072 3391 velut
3101 3335 3165 3391 in
3196 3334 3354 3393 bello
3383 3338 3651 3396 excubiis

1979 3421 2374 3494 quibusdam,
2408 3428 2650 3479 noctem
2671 3422 3178 3497 transmittebant,
3211 3425 3469 3484 ferentes
3493 3439 3649 3502 prse-

1979 3511 2174 3568 sentia
2197 3515 2460 3581 strenue,
2485 3512 2737 3584 speratis
2761 3512 3111 3583 gaudentes,
3143 3514 3482 3574 deridentes
3511 3519 3651 3575 hos-

1979 3603 2122 3658 tem.
2184 3604 2383 3658 Unum
2428 3601 2602 3676 154
2646 3606 2853 3659 autem
2903 3608 3033 3660 erat
3083 3605 3362 3663 omnium
3409 3612 3644 3667 votum.

1979 3690 2396 3761 Quadraginta
2421 3691 2676 3763 ingressi
2708 3707 2921 3750 sumus
2950 3693 3014 3750 in
3047 3693 3332 3765 stadium,
3379 3698 3647 3770 quadra-

3259 3821 3305 3860 “
3348 3822 3504 3882 Dan.
3555 3839 3640 3896 ut,

2211 4035 2353 4104 Reg.
2413 4033 2652 4117 primus
2685 4033 2917 4117 amity
2975 4055 3076 4117 ,σου
3135 4042 3418 4117 σήμερον,Δ
3465 4042 3640 4117 Κύριε.

1978 4104 2154 4161 hodie
2179 4120 2381 4162 coram
2410 4104 2484 4173 te,
2517 4108 2789 4164 Domine.
2823 4111 2940 4164 Nec
2970 4109 3053 4166 ita
3082 4104 3280 4166 multo
3326 4104 3485 4170 infra
3522 4104 3645 4170 édi-

1977 4177 2062 4233 tio
2085 4175 2269 4259 Daris.
2289 4177 2420 4259 κάλὴ
2445 4179 2474 4236 ἡ
2503 4180 2682 4259 θυσία.
2705 4179 2950 4253 Antiqui
2981 4181 3243 4259 sex__libri
3272 4183 3402 4259 καλὴ
3427 4185 3454 4242 ὴ
3480 4203 3647 4259 προσ·-

1977 4247 2335 4329 φοροξᾏῌξῃιᾷ
2359 4249 2539 4320 longe
2570 4248 2692 4329 d_uo
2719 4247 3054 4329 ῳεεξκρύει
3072 4247 3532 4329 όλοκαυτούμενονξ

2048 4319 2160 4390 (40)
2192 4319 2294 4376 Ηίο
2313 4319 2575 4390 ingenue
2595 4321 2831 4378 fatebor
2849 4319 3008 4379 du'os
3028 4323 3242 4382 fratres
3276 4319 3565 4384 Ba'silium
3587 4331 3646 4386 et

1977 4392 2330 4472 Gregorium
2349 4392 2500 4472 mihi
2515 4392 2705 4450 videri
2727 4394 3001 4472 vix_i_nter
3021 4411 3084 4452 se
3105 4397 3414 4472 conciliari
3435 4415 3641 4472 posse.

1978 4463 2296 4542 Gregorius
2329 4466 2488 4520 enim
2515 4479 2586 4542 eo
2607 4480 2791 4538 quem
2811 4465 2936 4522 dixi
2953 4467 3090 4542 loco
3117 4463 3644 4542 conceptis‘verbis

1977 4533 2057 4590 ait
2077 4533 2395 4590 beatorum
2426 4533 2765 4618 martyrum
2798 4537 3168 4618 supplicium
3201 4533 3395 4618 trib'us
3417 4541 3643 4618 diebus

1974 4619 2422 4678 perseverasse:
2467 4608 2714 4664 Basilius
2736 4608 3024 4664 vero—non
3047 4608 3306 4667 obscure
3329 4611 3558 4669 iudicat
3581 4614 3644 4670 id

1975 4692 2100 4734 una
2124 4682 2293 4754 nocte
2315 4678 2503 4754 fuisse
2528 4679 2937 4754 terminatum.
2972 4681 3147 4749 Nam,
3171 4681 3387 4754 inquit,
3408 4691 3641 4743 noctem

1977 4749 2490 4824 transmittebant,
2502 4751 2764 4824 ferentes
2787 4754 3112 4824 praesentia
3134 4749 3398 4824 strenue,
3413 4762 3522 4812 etc.
3550 4761 3646 4814 At-

1975 4820 2439 4898 quealiquanto
2454 4820 2630 4898 infra,
2661 4820 2969 4898 hoc’idem
3004 4825 3274 4897 apertius
3317 4820 3484 4883 Pater
3506 4843 3644 4898 gra-

1974 4891 2260 4969 vissimus
2285 4893 2730 4969 signiﬁcat,_u_bi
2750 4891 3184 4969 docetsan'ctos
3199 4901 3497 4969 martyres
3508 4891 3642 4956 tum

1975 4962 2226 5049 demum
2257 4969 2557 5049 crematos
2591 4965 2772 5049 fuisse
2794 4967 3117 5049 incipiente
3146 4969 3261 5049 die.
3302 4962 3450 5049 gum
3477 4971 3643 5049 enim

1976 5033 2242 5111 Basilius
2256 5034 2331 5111 de
2351 5036 2532 5111 unica
2551 5042 2726 5093 nocte
2749 5033 3119 5096 mentionem
3141 5039 3501 5111 fecerit,dies
3522 5041 3641 5111 ille,

1974 5121 2099 5234 quo
2127 5106 2451 5189 incipiente
2469 5109 2552 5164 ait
2581 5113 2825 5191 sanctos
2846 5115 3147 5192 martyres
3169 5111 3296 5182 igni
3318 5106 3504 5169 fuisse
3529 5106 3643 5172 tral

2017 5182 2154 5234 ltos.
2186 5193 2312 5234 non
2334 5179 2572 5234 Videtur
2591 5180 2666 5234 de
2689 5181 2808 5234 alio
2836 5181 3086 5234 intelligi
3111 5198 3312 5234 nosse.
3345 5200 3535 5234 quam
3567 5186 3642 5234 de

2017 5177 2154 5246 itos,
2186 5177 2312 5258 non
2334 5178 2572 5258 videtur
2591 5180 2666 5236 de
2689 5181 2808 5258 alio
2836 5177 3086 5253 intelligi
3110 5177 3538 5258 possm/quam
3566 5186 3642 5258 de

1975 5263 2067 5330 eo,
2100 5247 2208 5322 qui
2227 5250 2600 5330 hancipsam
2619 5255 2871 5330 noctem
2894 5247 3137 5330 secutus
3163 5259 3275 5313 est.
3295 5247 3386 5312 Ei
3401 5273 3524 5330 quo
3549 5256 3638 5326 ﬁt,

1974 5323 2040 5400 ut
2126 5322 2455 5400 martyres,
2504 5322 2578 5379 de
2619 5323 3165 5400 Basilii_sen_ten_tia,
3193 5341 3326 5400 non
3350 5322 3490 5400 post
3521 5322 3642 5386 tres

1973 5390 2104 5449 dies
2113 5434 2131 5472 ,_
2151 5390 2420 5472 sedpost
2433 5390 2642 5472 horas
2657 5395 2779 5472 fere
2798 5390 3158 5472 duodecim,
3173 5395 3270 5472 die
3293 5390 3640 5472 incipiente,

1974 5463 2440 5537 combusti'sint.
2474 5467 2597 5537 Ego
2627 5467 2807 5537 igitur
2821 5465 2978 5524 duos
2995 5463 3209 5524 fratres
3229 5469 3385 5527 inter
3404 5463 3468 5528 se
3491 5463 3642 5528 con-3

1974 5535 2173 5612 ciliare
2189 5551 2314 5612 non
2325 5535 2865 5612 aggrediarIVelim
2879 5539 3260 5612 provinciam
3274 5541 3435 5600 hanc
3450 5560 3476 5598 s
3486 5543 3644 5602 usci-

1972 5606 2146 5682 piant
2169 5606 2505 5682 peritiores.
2879 5606 2903 5612 ’
3509 5635 3518 5645 ·
