4098 6380
425 252 532 308 519

1815 236 1871 292 8.
1910 231 2166 291 BASILII
2201 230 2442 291 HAGNI.

3695 241 3801 297 'i20

429 373 597 444 ginta
617 379 1001 435 coronemur,
1024 379 1061 421 o
1082 362 1353 421 Domine.
1376 366 1457 421 Ne
1482 378 1642 420 unus
1666 359 1916 436 quidem
1935 356 2091 415 desit

2214 358 2403 409 τάντων
2453 357 2611 430 εὐχή.
2669 359 3074 434 Τεσσαράκοντα
3126 357 3428 435 εἰσήλθομεν
3473 360 3540 423 εἰς
3566 365 3624 415 τὸ
3664 365 3802 415 στοί-

360 510 365 513 .
427 441 569 518 buic
594 471 870 515 numero.
904 452 1278 509 Venerabilis
1303 457 1393 509 est
1432 452 1531 509 hic
1559 465 1872 518 numerus,
1903 462 2089 522 quem

2214 441 2336 512 itas,
2376 447 2426 498 οὶ
2454 447 2849 523 τεσσαράκοντα
2890 450 3386 522 στρεφανωθείημεν,
3431 453 3685 506 Δέσποτα.
3716 457 3802 511 Μὴ

426 546 837 624 quadraginta
863 543 1098 600 dierum
1113 542 1350 614 jejunio
1370 541 1683 599 honorasti
1702 541 1886 612 "hper
1904 552 2089 612 quem

425 638 525 696 lex
538 638 848 707 ingressas
863 637 953 690 est
970 632 1033 689 in
1051 631 1587 698 mundum“,Elias
1604 646 1744 687 cum
1766 626 2091 686 Dominum

428 742 536 802 per
558 722 967 800 quadraginta
985 721 1112 778 dies
1131 721 1194 777 in
1210 720 1443 793 jejunio
1464 716 2092 793 conquisisset,ipsum

431 816 581 873 vidit
596 816 666 871 ³⁵.
700 816 767 869 Et
784 813 914 869 haec
943 810 1194 885 quidem
1215 815 1343 867 erat
1359 810 1601 866 illorum
1623 806 1922 882 precatio:
1983 803 2095 861 sed

432 921 592 961 unus
612 920 684 960 ex
705 918 916 959 eorum
936 915 1193 957 numero
1211 898 1501 956 cruciatui
1513 892 2095 965 succumbens,inef-

432 992 679 1050 fabilem
688 991 919 1048 luctum
930 989 1167 1045 deserto
1179 982 2100 1057 ordine,sanctisdereliquit.Ve.

433 1066 571 1140 rudi
596 1096 723 1138 non
747 1079 883 1136 sivit
907 1079 1197 1135 Dominus
1232 1092 1441 1133 eorum
1467 1090 1677 1147 preces
1722 1073 1920 1129 irritas
1966 1085 2099 1128 esse

436 1177 616 1245 atque
658 1168 1020 1227 inefﬁcaces.
1070 1170 1219 1224 Nam
1262 1165 1360 1222 cui
1386 1170 1727 1236 martyrum
1752 1160 2100 1219 concredita

437 1260 714 1319 custodia
737 1264 885 1325 erat,
916 1258 967 1314 is
997 1273 1123 1314 non
1147 1257 1327 1325 longe
1353 1270 1385 1311 e
1435 1253 1711 1327 quodam
1751 1250 2097 1325 gymnasio,

437 1351 589 1408 dum
609 1366 675 1406 se
704 1347 1077 1413 calefaceret,
1109 1345 1196 1401 rei
1224 1345 1450 1400 exitum
1468 1341 1858 1409 observabat,
1884 1340 2101 1397 milites

437 1457 542 1498 eos
565 1439 673 1513 qui
699 1437 780 1495 ad
804 1437 1008 1509 ipsum
1041 1434 1434 1504 confugerent
1470 1432 1779 1505 suscipere
1828 1434 2100 1504 paratus.

437 1532 590 1587 Nam
614 1533 671 1585 et
698 1527 817 1583 hoc
844 1539 1090 1597 quoque
1121 1522 1530 1593 excogitatum
1555 1520 1774 1590 fuerat,
1798 1524 1862 1576 ut
1883 1518 1945 1576 in
1966 1533 2102 1591 pro-

436 1618 669 1693 pinquo
697 1614 987 1673 balneum
1016 1618 1192 1680 esset,
1223 1627 1348 1685 quo
1377 1609 1719 1667 remedium
1748 1611 2102 1682 promptum

439 1706 804 1765 sententiam
846 1701 1223 1761 mutantibus
1262 1701 1743 1758 denuntiaretur.
1791 1698 1907 1754 Sed
1935 1696 2103 1771 quod

440 1797 706 1868 maligne
736 1793 1101 1853 adversariis
1143 1792 1555 1863 excogitatum
1572 1795 1685 1860 est,
1714 1789 2006 1856 videlicet,
2036 1787 2104 1844 ut

440 1887 628 1946 talem
668 1884 1016 1943 certaminis
1061 1882 1266 1940 locum
1327 1880 1763 1952 adinvenirent,
1833 1877 1898 1936 in
1979 1892 2103 1951 quo

440 1980 725 2050 paratum
750 1974 1031 2031 levamen
1060 1971 1248 2029 robur
1275 1969 1718 2028 decertantium
1749 1971 1932 2041 atque
1962 1981 2104 2025 con-

457 2065 744 2123 stantiam
766 2062 1210 2121 labefacturum
1235 2064 1431 2118 esset:
1471 2059 1589 2116 hoc
1612 2062 1954 2131 martyrum
2000 2071 2106 2130 pa-

454 2153 730 2213 tientiam
752 2151 1223 2225 splendidiorem
1243 2149 1524 2206 reddidit.
1550 2150 1682 2205 Non
1710 2147 1873 2204 enim
1909 2146 1961 2203 is
2007 2148 2107 2207 cui

440 2244 783 2303 necessaria
802 2243 1044 2310 desunt,
1086 2241 1351 2298 tolerans
1376 2244 1511 2297 est:
1559 2238 1771 2308 sedis,
1802 2236 1907 2310 qui
1953 2235 2106 2294 inter

444 2334 756 2393 bonorum
788 2330 1190 2390 fruendorum
1233 2330 1476 2404 copiam
1503 2328 1567 2385 in
1612 2327 1790 2386 malis
1841 2325 2104 2384 ferendis

447 2426 816 2499 perseverat.

513 2519 568 2570 7.
602 2516 754 2571 Cum
780 2514 985 2568 autem
1014 2510 1080 2567 hi
1107 2508 1505 2574 decertarent,
1525 2506 1622 2565 ille
1654 2522 1795 2564 vero
1821 2509 2105 2564 eventum

442 2602 818 2674 observaret,
868 2599 1284 2673 spectaculum
1338 2599 1561 2655 mirum
1612 2596 1779 2667 vidit,
1854 2596 2104 2654 virtutes

444 2692 754 2767 quasdam
808 2706 839 2746 e
892 2688 1057 2746 caelis
1102 2687 1562 2757 descendentes,
1621 2691 1680 2743 et
1706 2685 1872 2743 velut
1900 2703 1937 2742 a
1965 2700 2106 2756 rege

444 2798 701 2840 munera
728 2795 957 2852 magna
991 2777 1284 2835 militibus
1311 2776 1768 2835 distribuentes:
1802 2792 1941 2849 quae
1971 2774 2106 2834 aliis

445 2871 696 2945 quidem
749 2868 1031 2926 omnibus
1081 2866 1246 2924 dona
1282 2864 1736 2939 dispertiebant,
1771 2865 1878 2921 sed
1902 2869 2107 2922 tamen

445 2978 639 3019 unum
664 2960 1040 3033 reliquerunt
1068 2973 1191 3014 non
1221 2957 1537 3024 donatum,
1574 2955 1920 3028 judicantes
1947 2955 2106 3013 indi-

445 3067 639 3124 gnum
669 3048 1010 3107 cmlestibus
1030 3046 1368 3104 honoribus
1398 3063 1411 3103 :
1452 3045 1558 3118 qui
1579 3046 1781 3103 statim
1801 3045 2007 3103 animo
2025 3045 2106 3103 ob

446 3141 721 3198 dolorem
790 3136 1143 3206 concidens,
1202 3136 1524 3207 transfugit
1570 3134 1652 3192 ad
1700 3134 2102 3193 adversarios.

447 3229 783 3288 Miserabile
808 3226 1224 3301 spectaculum
1250 3226 1450 3297 justis,
1475 3225 1650 3281 miles
1673 3224 2108 3297 transfuga,vir

447 3318 903 3376 strenuissimus
925 3320 1161 3389 captus,
1191 3314 1426 3388 direpta
1444 3330 1481 3371 a
1516 3316 1658 3388 lupo
1683 3314 1815 3371 ovis
1853 3314 2102 3371 Christi:

449 3414 633 3482 atque
656 3407 798 3464 illud
829 3405 1255 3475 miserabilius,
1288 3404 1459 3478 quod
1488 3409 1545 3461 et
1587 3408 1876 3461 aeternam
1917 3404 2106 3461 vitam

451 3496 673 3566 amisit,
705 3501 763 3552 et
784 3511 861 3552 ne
884 3494 999 3550 hac
1018 3493 1267 3567 quidem
1297 3492 1514 3548 fruitus
1554 3497 1662 3560 est,
1709 3508 1890 3550 carne
1917 3492 2107 3566 ipsius

450 3587 530 3645 ad
559 3586 774 3644 caloris
802 3600 1116 3642 accessum
1148 3582 1350 3639 statim
1393 3582 1685 3640 exsoluta.
1734 3585 1803 3639 Et
1838 3582 1936 3639 hic
1973 3583 2107 3657 qui-

449 3677 592 3734 dem
617 3676 747 3732 vitae
777 3689 1013 3742 amans,
1041 3672 1264 3729 frustra
1289 3672 1560 3730 admisso
1590 3672 1832 3744 scelere,
1854 3673 2104 3732 cecidit:

449 3766 556 3823 sed
575 3765 748 3822 lictor
775 3769 840 3821 ut
855 3763 1005 3820 vidit
1033 3778 1175 3819 eum
1205 3762 1565 3831 abcessisse,
1596 3767 1654 3819 et
1691 3761 1771 3819 ad
1818 3761 2109 3820 balneum

450 3854 775 3924 accurisse,
809 3856 1004 3911 semet
1028 3851 1334 3909 substituit
1361 3852 1423 3908 in
1452 3851 1655 3909 locum
1692 3853 2028 3926 desertoris,
2054 3856 2112 3912 et

447 3943 823 4003 indumentis
854 3942 1106 4015 abjectis
1131 3958 1195 3998 se
1224 3942 1354 4014 ipse
1379 3940 1560 3998 nudis
1581 3941 1924 4007 admiscuit,
1947 3943 2110 4000 idem

452 4035 621 4111 quod
646 4033 836 4091 sancti
866 4033 1161 4101 clamans,
1195 4032 1578 4089 Christianus
1598 4048 1750 4089 sum.
1792 4038 1986 4106 Atque
2015 4050 2113 4091 re-

453 4124 704 4200 pentina
748 4123 863 4180 hac
907 4121 1240 4178 mutatione
1286 4125 1551 4177 astantes
1603 4121 2111 4196 obstupefaciens,

455 4219 521 4271 ut
564 4228 886 4269 numerum
932 4210 1272 4283 complevit,
1312 4210 1681 4276 ita,illorum
1724 4211 1798 4269 de
1847 4212 2113 4270 emollito

454 4303 776 4374 transfuga
833 4316 1158 4357 maerorem
1230 4299 1578 4358 accessione
1643 4317 1756 4358 sua
1825 4301 2112 4373 delinivit,

455 4393 723 4451 imitatus
753 4407 856 4467 eos
884 4390 991 4463 qui
1014 4390 1077 4446 in
1107 4391 1236 4446 acie
1282 4395 1623 4459 versantur,
1680 4392 1806 4465 qui,
1846 4408 1971 4450 uno
2012 4393 2116 4450 ali-

461 4498 586 4557 quo
633 4482 696 4538 in
748 4480 948 4555 prima
993 4479 1123 4537 acie
1170 4479 1448 4549 cadente,
1501 4479 1818 4538 confestim
1886 4482 2121 4556 replent

457 4571 848 4647 phalangem,
880 4573 948 4627 ut
966 4584 1043 4626 ne
1097 4568 1251 4626 inter
1305 4569 1474 4643 ipsos
1516 4569 1802 4628 ordinum
1852 4570 2121 4633 densitas

454 4662 693 4720 defectu
720 4660 879 4718 illius
916 4659 1411 4732 interrumpatur.
1463 4659 1622 4717 Fecit
1668 4660 1850 4731 igitur
1890 4666 1949 4720 et
1988 4662 2122 4734 ipse

455 4752 752 4826 quiddam
782 4764 908 4807 non
935 4747 1246 4806 dissimile.
1303 4748 1460 4806 Vidit
1506 4749 1772 4807 coelestia
1800 4751 2118 4821 miracula,

459 4841 706 4915 agnovit
725 4838 1061 4908 veritatem,
1091 4838 1362 4909 confugit
1404 4838 1482 4896 ad
1530 4840 1878 4913 Dominum,
1929 4859 2124 4902 annu-

532 5020 585 5059 ³³
613 5021 819 5080 Matth.
847 5036 924 5088 ιν,
957 5020 1013 5075 2.
1091 5017 1141 5055 ³⁸
1173 5016 1362 5075 Exod.
1389 5034 1575 5092 xxxxv,
1606 5022 1698 5080 28.

530 5202 648 5278 (Η)
676 5198 843 5278 Colb.
871 5198 1085 5278 tertius
1112 5194 1301 5278 ξκζηῖὴ
1312 5216 1409 5262 σας
1430 5201 1523 5278 τόν
1540 5204 1687 5256 Θεὸν.
1711 5201 1843 5260 Mox
1864 5208 2122 5278 utraque

462 5269 648 5356 editio
674 5278 733 5329 et
745 5271 989 5356 'nnglic.
1022 5271 1206 5356 πένθος
1245 5269 1655 5354 ᾇπαραμύθητον
1689 5294 1701 5307 ο
1749 5290 1937 5356 quam
1978 5269 2123 5333 scri-

463 5352 711 5420 pturam
743 5347 997 5420 Ducseus
1021 5344 1102 5399 ait
1128 5343 1268 5420 ferri
1291 5343 1498 5420 posse,
1528 5346 1733 5419 sicque
1769 5343 2127 5420 interpretae

464 5415 1061 5491 ῐιιιτλιῃιριειζαὸίιεηι
1080 5416 1353 5491 reliquit.
1403 5415 1656 5491 Veteres
1688 5415 1961 5491 quinque
1988 5418 2127 5476 libri

465 5489 682 5564 Gallici
696 5486 985 5564 ἀμύθητον,
1008 5488 1233 5564 luctum
1252 5486 2127 5564 inenarrabileni_retz'?1uit,_op-

463 5562 636 5621 time.
664 5558 900 5618 Monere
914 5558 1109 5631 juvat,
1136 5558 1390 5630 Regium
1406 5558 1642 5619 tertium
1664 5558 2129 5640 primaquidein

2197 532 2348 606 λείψη
2382 543 2457 607 τῷ
2488 533 2693 610 ἀριθμῷ
2724 532 2865 611 μηδὲ
2886 534 2977 598 εἷς.
3009 541 3197 611 Τίμιός
3239 537 3402 607 ἔστιν,
3449 538 3503 592 ὃν
3546 539 3802 613 ὶτίμησας

2198 630 2262 695 τῇ
2309 629 2528 698 νηστείᾳ
2573 634 2672 678 τῶν
2720 628 3115 702 τεσσαράκοντα
3162 629 3387 703 ἡμερῶν,
3421 625 3494 682 δι’
3552 630 3612 682 οὗ
3655 650 3807 704 νομοτ·

2203 712 2356 765 θεσία
2406 713 2642 772 εἰσῆλθεν
2704 714 2778 777 εἰς
2813 719 2902 769 τόν
2950 719 3168 789 κόσμον.
3218 719 3626 791 Τεσσαροὲκοντα
3672 722 3805 793 ἠμέ-

2200 820 2322 877 ραις
2369 801 2418 855 ἕν
2468 808 2686 877 νηστείᾳ
2730 804 2910 868 Ἠλίας
2955 804 3252 868 ἐκζητήσας
3297 810 3385 859 τόν
3444 811 3633 883 Κύριον
3672 810 3809 886 (41),

2203 899 2295 952 τῆς
2332 894 2445 953 θέας
2485 895 2691 965 ἔτυχεν.
2749 899 2851 949 Καὶ
2897 897 2929 953 ἡ
3133 894 3332 950 ίκείνων
3371 897 3506 969 εύχή
3546 902 3762 958 τοιαύτη
3790 920 3805 934 ·

2207 981 2274 1042 εἷς
2318 977 2378 1035 δ⁸ε
2421 989 2515 1035 τοῦ
2573 980 2820 1057 ἀριθμοῦ,
2871 982 3099 1047 ὀκλάσας
3145 989 3272 1061 πρὸς
3313 988 3381 1039 τά
3425 983 3592 1056 δεινὰ,
3642 987 3809 1047 λειπο-

2206 1075 2473 1134 τακτήσας
2509 1075 2701 1143 ᾤχετο,
2747 1074 2929 1136 πένθος
2976 1071 3244 1146 ἀμύθητον
3281 1082 3389 1137 τοῖς
3430 1073 3604 1149 ἀγίοις
3643 1098 3810 1132 κοιτα-

2207 1159 2388 1214 λιπὼν.
2440 1158 2579 1213 Ἀλλ’
2631 1160 2691 1212 ού
2737 1164 2839 1235 γὰρ
2885 1160 3079 1234 ἀφῆκεν
3124 1163 3294 1216 αὐτῶν
3333 1162 3526 1227 ἀτελεῖς
3567 1170 3813 1239 γενέσθαι

2208 1250 2301 1311 τὰς
2358 1245 2569 1312 δεήσεις
2619 1250 2646 1301 ὁ
2704 1253 2916 1325 Κύριος.
2974 1250 3033 1304 Ὀ
3083 1254 3183 1328 γὰρ
3231 1258 3326 1312 τὴν
3401 1255 3633 1328 φυλακην
3710 1267 3811 1311 τῶν

2208 1341 2486 1415 μαρτύρων
2546 1344 2973 1413 πεπιστευμένος,
3046 1339 3259 1414 ἐγγύθεν
3332 1341 3434 1398 ἀπό
3512 1364 3652 1408 τινος
3719 1367 3813 1419 γυ-

2209 1432 2436 1500 μνασίου
2542 1424 2976 1503 διαθαλπόμενος,
3069 1430 3357 1488 ἀπεσκόπει
3445 1437 3505 1489 τό
3605 1435 3805 1510 μέλλον,

2210 1518 2416 1591 ἕτοιμος
2468 1516 2873 1594 προσδέχεσθαι
2932 1530 3030 1574 τῶν
3087 1532 3419 1595 στρατιωτῶν
3471 1529 3590 1587 τοὺς
3635 1546 3808 1602 προσ-

2211 1611 2512 1680 φεύγοντας.
2576 1613 2679 1662 Καὶ
2723 1611 2826 1686 γάρ
2876 1607 2941 1662 αὖ
2993 1614 3082 1664 καὶ
3130 1620 3303 1682 τοῦτο,
3392 1612 3608 1687 ἐγγύθεν
3680 1618 3811 1673 εἶναι

2143 1720 2183 1775 Β
2210 1696 2444 1771 λουτρὸν,
2501 1697 2774 1768 ἐπενοήθη,
2828 1699 2996 1763 ὀξεῖαν
3050 1704 3138 1761 την
3195 1700 3448 1775 βοήθειαν
3494 1710 3605 1768 τόῖς
3647 1725 3812 1780 μετα·-

2212 1786 2539 1861 ϐαλλομένοις
2631 1786 3085 1864 ἕπαγγελλόμενον.
3177 1790 3340 1866 Ὀπερ
3442 1798 3617 1868 μέντοι
3702 1804 3812 1861 τοῖς

2213 1875 2456 1939 ἐναντίοις
2530 1880 2830 1953 κακούργως
2909 1878 3180 1950 ἔπενοὴθη,
3265 1890 3499 1938 τοιοῦτον
3590 1883 3812 1962 ἐξευρεῖν

2210 1972 2305 2029 τῆς
2356 1965 2618 2030 ἀθλήσεως
2673 1972 2851 2037 τόπον,
2901 1969 2952 2022 ἐν
2995 1967 3035 2042 ᾧ
3089 1975 3151 2025 τό
3207 1973 3408 2046 ἕτοιμον
3444 1981 3540 2037 τῆς
3575 1994 3817 2051 παραμυ-

2215 2058 2332 2119 θίας
2368 2055 2564 2110 ἐκλύειν
2588 2055 2759 2131 ἔμελλε
2802 2066 2903 2112 τῶν
2950 2058 3338 2135 ἀγωνιζομένων
3384 2067 3479 2123 τὴν
3526 2066 3767 2118 ἔνστασιν
3797 2085 3814 2101 ο

2213 2153 2365 2200 τοῦτο
2418 2145 2778 2223 λαμπροτέραν
2834 2144 3063 2203 ἐδείκνυε
3085 2150 3198 2222 (42)
3250 2154 3341 2211 τὴν
3392 2153 3660 2226 ὑπομονὴν
3716 2161 3815 2207 τῶν

2212 2238 2510 2310 μαρτύρων.
2552 2235 2628 2289 Ού
2676 2239 2776 2311 γὰρ
2825 2238 2853 2291 ό
2893 2236 3097 2313 ἀπορῶν
3154 2247 3255 2293 τῶν
3299 2239 3590 2314 ἀναγκαίων
3627 2262 3815 2320 καρτε-

2211 2328 2380 2401 ρικὸς,
2413 2323 2520 2378 ἀλλ’
2551 2326 2578 2379 ὁ
2615 2324 2667 2380 ἕν
2713 2326 2935 2402 ἀφθονίᾳ
2980 2337 3077 2394 τῆς
3124 2328 3460 2396 ἀπολαύσεως
3499 2330 3816 2411 ἔγκαρτερῶν

2214 2423 2325 2479 τοῖς
2362 2413 2567 2479 δεινοῖς.

2284 2511 2338 2563 7.
2387 2506 2471 2568 Ὠς
2527 2503 2587 2560 δε
2642 2508 2692 2561 οἱ
2748 2509 2838 2582 μὲν
2888 2509 3225 2581 ἠγωνίζοντο,
3275 2512 3303 2564 ό
3351 2508 3412 2566 δι
3464 2511 3701 2590 ίπετήριι
3755 2517 3814 2569 τό

2213 2594 2579 2670 ἂκϐησόμενον,
2627 2594 2736 2651 εἶδε
2784 2600 2952 2672 θέαμα
3007 2598 3163 2668 ξένον,
3243 2597 3494 2675 δυνάμεις
3557 2608 3699 2667 τινὰς
3762 2605 3816 2669 ἐξ

2213 2686 2443 2762 οὐρανῶν
2469 2689 2774 2754 κατιούσας,
2821 2692 2912 2742 καὶ
2952 2689 3057 2742 οἷον
3102 2691 3248 2765 παρά
3305 2689 3565 2763 βασιλέως
3618 2690 3847 2770 δωρεὰς,

2215 2776 2438 2851 μεγαλοις
2489 2772 2524 2829 δ
2530 2780 2843 2849 ιανεμούσας
2882 2784 2988 2839 τοῖς
3029 2784 3390 2853 στρατιώταις.
3458 2782 3517 2835 αἱ
3569 2790 3681 2845 ταῖς
3720 2788 3814 2857 μὶν

2213 2866 2391 2928 ἄλλοις
2436 2871 2573 2919 πᾶσι
2625 2862 2845 2943 διῄρουν
2882 2869 2950 2920 τὰ
3001 2864 3176 2941 δῶμα,
3226 2870 3312 2922 ἕνα
3342 2866 3402 2923 δε
3429 2876 3583 2944 μόνον
3610 2870 3812 2945 ἀφῆκαν

2213 2954 2525 3031 ἀγέραστον,
2586 2954 2794 3020 ἀνάξιον
2848 2960 3096 3033 κρίνασαι
3149 2966 3251 3011 τῶν
3297 2959 3549 3034 οὐρανίων
3603 2970 3766 3035 τιμῶν
3796 2980 3813 2995 ο

2145 3078 2187 3135 C
2216 3044 2271 3108 ὃς
2323 3045 2489 3112 εὐθὺς,
2533 3047 2673 3135 ,πρὸς
2718 3049 2836 3107 τοὺς
2888 3050 3077 3110 πόνους
3123 3045 3510 3124 ἀπαγορεύσας,
3542 3055 3675 3126 πρὸς
3699 3054 3816 3114 τοὺς

2214 3135 2470 3196 ἂναντίους
2523 3133 2972 3210 ἀπηυτομόλησεν.
3031 3136 3272 3190 Ἐλεεινὸν
3342 3140 3511 3213 θέαμα
3554 3147 3658 3202 τοῖς
3725 3139 3815 3194 δι·-

2213 3230 2383 3288 καίοις
2410 3226 2436 3278 ό
2461 3230 2807 3311 στρατιώτηςἱ
2831 3227 3018 3298 φυγὰς,
3075 3227 3103 3279 ό
3155 3224 3400 3302 ἀριστεὺς
3456 3229 3813 3303 αἰχμάλωτος,

2213 3318 2271 3370 τὸ
2299 3323 2529 3391 χριστοῦ
2558 3313 2817 3389 πρόϐατον
2852 3314 3170 3391 θηριάλωτον
3201 3336 3214 3350 ·
3255 3321 3346 3371 καὶ
3387 3322 3447 3371 τό
3496 3338 3558 3391 γε
3599 3318 3816 3373 ἕλεεινό-

2215 3424 2380 3481 τερον,
2402 3406 2483 3459 ὅτι
2511 3409 2602 3459 καὶ
2629 3414 2727 3469 τῆς
2763 3405 2973 3458 αἰωνίου
3032 3406 3169 3469 ζωῆς
3220 3403 3499 3483 διήμαρτε,
3549 3413 3641 3463 καὶ
3689 3406 3817 3465 οὐδε

2214 3498 2413 3558 ταύτης
2464 3494 2785 3565 ἀπήλαυσεν,
2846 3495 2998 3558 εὐθὺς
3050 3497 3190 3570 αύτῷ
3247 3506 3338 3560 τῆς
3397 3502 3592 3574 σαρκὸς
3648 3499 3698 3553 ἓν
3749 3508 3812 3574 τῇ

2215 3583 2480 3661 προσϐολῇ
2512 3592 2609 3648 τῆς
2656 3587 2851 3661 θέρμης
2894 3582 3258 3648 διαλυθείσης.
3316 3592 3418 3642 Καὶ
3463 3589 3491 3640 ὀ
3537 3591 3628 3662 μεν
3668 3588 3816 3662 φιλό-

2217 3674 2353 3739 ζωος
2399 3677 2575 3728 ἔπεσεν
2615 3672 2885 3748 ἀνομήσας
2932 3671 3215 3738 διακενῆςο
3281 3677 3309 3728 ό
3376 3673 3437 3730 δε
3485 3674 3694 3751 δήμιος,
3748 3681 3820 3743 ὡς

2219 3760 2354 3818 εἶδεν
2405 3763 2562 3818 αὐτόν
2604 3762 2924 3831 ἕκκλίναντα,
2974 3768 3065 3817 καὶ
3110 3769 3237 3838 πρὸς
3266 3766 3382 3838 (4-3)
3432 3769 3491 3821 τό
3548 3766 3819 3840 βαλανεῖον

2218 3851 2613 3928 ἀποδραμόντα,
2674 3851 2851 3906 ἑαυτὸν
2905 3852 2970 3914 εἰς
3025 3857 3116 3913 τὴν
3166 3862 3260 3908 τοῦ
3314 3855 3822 3922 λειποτακτήσαντος

2219 3949 2402 4019 χώραν
2452 3941 2878 4014 ἀντικατέστησε,
2926 3947 3018 3997 καὶ
3052 3944 3214 4019 ῥίψας
3256 3947 3323 3998 τὰ
3364 3946 3687 4022 περιϐόλαια,
3718 3954 3823 4011 τοῖς

2218 4040 2435 4108 γυμνοῖς
2482 4032 2659 4087 ἑαυτὸν
2704 4030 3027 4107 ἑγκατέμιξε,
3082 4035 3290 4111 κράζων
3330 4040 3424 4096 τὴν
3472 4037 3635 4097 αὐτὴν
3690 4037 3822 4112 βοὴν

2220 4130 2329 4183 τοῖς
2390 4122 2595 4195 ἁγίοιςο
2673 4127 2991 4198 Χριστιανός
3043 4123 3171 4198 εἰμι.
3224 4130 3324 4177 Καὶ
3379 4133 3451 4198 τῷ
3514 4125 3685 4202 ἀθρόῳ
3732 4136 3825 4190 τῆς

2223 4210 2507 4287 μεταϐολῆς
2563 4210 2822 4276 ἐκπλήξας
2903 4216 3024 4277 τοὺς
3125 4219 3515 4290 συμπαρόντας,
3599 4222 3687 4269 τόν
3769 4236 3826 4271 τε

2225 4301 2446 4378 ἀριθμὸν
2496 4299 2847 4376 ἀνεπλήρωσε,
2902 4308 2993 4356 καὶ
3047 4308 3142 4363 τήν
3198 4303 3282 4359 ἐπὶ
3328 4314 3402 4377 τῷ
3470 4306 3827 4380 καταμαλακι-

2228 4395 2400 4447 σθέντι
2453 4391 2622 4451 λύπην
2670 4400 2733 4465 τῇ
2793 4392 2916 4469 παρ’
2964 4393 3149 4447 ἑαυτοῦ
3194 4397 3474 4470 προσθήκῃ
3523 4399 3826 4474 παρεμυθή·

2229 4501 2379 4552 σατο,
2436 4484 2802 4557 μιμησάμενος
2849 4485 2970 4546 τοὺς
3013 4480 3097 4536 ἐπὶ
3163 4484 3522 4560 παρατάξεως,
3599 4486 3668 4555 οἳ,
3731 4495 3826 4542 τοῦ

2226 4574 2360 4628 κατά
2402 4577 2499 4633 τὴν
2552 4579 2762 4649 πρώτην
2830 4569 3040 4627 ἀσπίδα
3094 4577 3359 4643 πεσόντος,
3412 4574 3559 4638 εὐθὺς
3589 4575 3826 4639 ἀναπλη-

2226 4671 2383 4739 ροῦσι
2427 4667 2524 4724 τὴν
2573 4663 2832 4736 φάλαγγα,
2892 4665 2963 4726 ὡς
3007 4667 3080 4738 μὴ
3131 4667 3217 4717 τὸν
3259 4670 3624 4741 συνασπισμὸν
3654 4668 3828 4729 αὐτοῖς

2229 4752 2551 4814 διακοπῆναι
2614 4762 2686 4826 τῷ
2742 4752 2986 4810 λείποντι.
3025 4761 3271 4808 Τοιοῦτον
3324 4752 3392 4815 δή
3441 4775 3493 4810 τι
3545 4762 3632 4811 καὶ
3676 4758 3830 4820 αὐτὸς

2229 4844 2489 4905 ἐποίησεν.
2551 4840 2676 4899 Εἶδε
2739 4845 2808 4899 τὰ
2867 4843 3084 4923 οὐράνια
3152 4847 3416 4919 θαύματα,
3494 4845 3685 4922 ἐπέγνω
3736 4853 3832 4909 τὴν

1776 5022 1823 5059 ³⁵
1858 5027 1928 5081 III
1960 5024 2111 5097 Reg.
2138 5042 2255 5096 xxx,
2280 5029 2332 5084 8.

2230 5218 2422 5292 manu
2444 5202 2737 5292 habuisse
2768 5203 3078 5292 ἀμύθητον-ο
3126 5209 3232 5292 sed
3261 5211 3461 5292 inepte
3499 5215 3837 5292 correctum

2230 5276 2975 5374 fuisie,§jf}§tnuncilloin
2988 5276 3835 5374 libr?legatur‘ésaﬁ‘aeenrov.

2450 5349 2700 5435 godices
2721 5367 2848 5435 non
2863 5353 3042 5435 pauci
3065 5349 3298 5435 s’é‘tixv'u.
3319 5349 3744 5435 Editic’ciz'ist.

2304 5423 2915 5504 (43>.Utsaq9eediii9
2954 5431 3043 5504 ea
3080 5430 3176 5504 γὴν
3205 5431 3356 5504 πρὸς.
3406 5429 3564 5504 Libri
3607 5428 3841 5501 antiqui

2235 5497 2326 5547 καὶ
2344 5496 2492 5575 πρὸς.
2518 5494 2726 5575 Ξῐὲαφ
2753 5494 2937 5575 editio
2963 5497 3147 5575 Paris.
3183 5494 3601 5575 σ’ἆνεγκατέμιξε.
3642 5506 3715 5558 At
3734 5494 3842 5558 ἕως

2233 5556 2394 5623 mss.'
2411 5563 2765 5639 simpliciter
2788 5565 3109 5645 ἕγκατέμιξε.
3311 5556 3324 5574 ’
3466 5556 3478 5576 ⁸
