4098 6384
520 279 625 339 823

1894 274 1952 335 S.
1997 272 2247 335 BASILII
2287 276 2530 337 MAGNI.

3784 288 3891 344 524

517 402 658 461 dem
686 416 930 458 sursum
955 398 1311 457 emittentes.
1337 399 1448 459 Ubi
1480 400 1604 457 duo
1634 403 1738 457 aut
1764 403 1880 456 tres
1911 414 2132 469 congre

2274 420 2367 475 ρης
2411 404 2535 479 ὑπὲρ
2581 412 2675 459 σοῦ
2708 402 3060 458 δυσωποῦντα
3087 406 3173 458 τὸν
3203 414 3394 482 Κυριον
3428 422 3441 474 ;
3477 412 3887 485 Τεσσαράκοντά

515 492 670 564 grati
690 490 909 551 suntin
931 489 1178 549 nomine
1201 489 1458 559 Domini,
1498 490 1618 547 illic
1650 495 1740 547 est
1769 490 1831 549 in
1852 489 2052 547 medio
2077 489 2162 561 ip-

515 582 797 641 sorum“.
823 579 928 637 Ubi
950 594 1089 636 vero
1111 578 1522 652 quadraginta
1544 578 1781 647 fuerint,
1806 579 1943 651 quis
1965 578 2039 634 de
2064 576 2163 639 Dei

508 671 831 746 praesentia
851 669 1162 741 ambigat?
1191 669 1299 737 Qui
1322 670 1603 739 angustia
1624 669 1829 742 aliqua
1848 668 2160 742 premitur,

507 762 586 822 ad
633 760 1043 835 quadraginta
1086 764 1385 831 martyres
1420 759 1732 829 confugit;
1764 759 1870 831 qui
1905 758 2159 828 laetatur,

504 850 754 911 recurrit
775 850 858 908 ad
886 848 1175 907 eosdem:
1202 848 1299 907 ille
1318 848 1572 922 quidem
1598 852 1664 909 ut
1692 865 1728 907 ιι
1757 847 1934 905 malis
1954 847 2164 907 libere-

503 948 601 1002 tur
631 961 645 1014 ;
672 941 770 1000 hic
800 957 967 1010 vero,
1008 945 1073 999 ut
1101 956 1196 999 res
1227 940 1339 997 sibi
1384 939 1663 999 secundm
1697 954 1831 996 esse
1868 941 2149 1012 pergant.

501 1034 607 1093 Hic
644 1031 858 1091 mulier
898 1031 1002 1104 pia
1038 1047 1149 1104 pro
1178 1029 1384 1089 liberis
1420 1046 1603 1087 orans
1640 1028 2109 1102 deprehenditur
2140 1044 2154 1087 :

497 1121 908 1198 peregrinanti
923 1120 1140 1178 marito
1162 1120 1444 1189 reditum,
1458 1120 1701 1176 inﬁrmo
1717 1119 1965 1179 salutem
1985 1118 2153 1193 petit.

495 1213 666 1271 Fiant
682 1229 823 1273 cum
844 1210 1213 1285 martyribus
1238 1226 1444 1282 preces
1469 1214 1705 1269 vestrae.
1732 1210 2153 1267 Adolescentes

495 1303 804 1362 imitentur
822 1300 1086 1375 aequales
1108 1316 1251 1358 suos
1279 1316 1291 1355 :
1315 1304 1515 1373 patres
1539 1299 1747 1357 talium
1769 1297 2028 1355 ﬁliorum
2051 1314 2153 1371 pa-

495 1398 613 1455 tres
638 1410 772 1457 esse
797 1396 1075 1466 exoptem
1103 1410 1115 1449 :
1148 1396 1373 1449 matres
1411 1391 1622 1450 matris
1664 1391 1842 1449 bonae
1883 1390 2154 1453 ediscant

494 1484 861 1559 exemplum.
885 1485 1065 1540 Mater
1087 1482 1265 1538 unius
1289 1481 1530 1540 illorum
1550 1481 1892 1553 beatorum,
1914 1497 2053 1538 cum
2074 1481 2152 1539 vi-

490 1576 680 1634 disset
717 1573 867 1631 alios
887 1572 1013 1645 iam
1044 1570 1688 1646 frigoreconsumptos,
1712 1586 1892 1629 suum
1922 1586 2064 1628 vero
2085 1569 2150 1626 fi-

486 1664 636 1725 lium
656 1665 700 1737 1
716 1664 830 1739 56
846 1661 1047 1721 adhuc
1068 1661 1425 1735 spirantem,
1440 1665 1570 1719 tum
1587 1660 1666 1718 ob
1687 1659 1895 1731 robur,
1920 1664 2046 1719 tum
2068 1658 2148 1717 ob

2276 491 2397 558 εἰσι,
2450 496 2722 575 σύμφωνον
2763 492 3141 567 ἀναπέμποντες
3188 501 3519 571 προσευχήν.
3571 496 3741 551 Ὅπου
3785 496 3883 554 δύο

2276 581 2305 642 ἦ
2357 589 2490 655 τρεῖς
2529 583 2631 636 εἰσι
2671 588 2988 657 συνηγμένοι
3031 582 3116 638 ἐπὶ
3145 592 3217 655 τῷ
3266 584 3480 659 ὀνόματι
3509 594 3605 640 τοῦ
3655 594 3878 665 Κυρίου,

2274 669 2377 727 ἐκεῖ
2414 671 2555 727 ἐστῖν
2605 673 2652 727 ἐν
2700 678 2845 747 μέσῳ
2892 675 3079 730 αὐτῶν.
3129 674 3298 730 Ὅπου
3350 673 3411 730 δε
3457 681 3877 754 τεσσαράκοντα,

2271 766 2346 824 τίς
2398 761 2702 837 ἀμφιϐάλλει
2754 770 2879 818 Θεοῦ
2927 770 3221 839 παρουσίαν
3273 783 3288 834 ;
3341 766 3400 821 Ὀ
3447 768 3740 842 θλιϐόμενος
3792 771 3877 829 ἐπὶ

2271 855 2389 912 τοὺς
2434 856 2822 927 τεσσαράκοντα
2882 857 3212 928 καταφεύγει,
3264 857 3289 908 ὁ
3347 856 3744 933 εὐφραινόμενος
3796 860 3876 917 ἀπ’

2272 941 2459 1006 αύτούς
2506 942 2786 1019 ἀποτρέχει
2843 945 2977 1017 (50)·
3020 946 3045 998 ὁ
3095 948 3208 1018 μὲν,
3251 946 3335 999 ἶνα
3380 945 3532 1005 λύσιν
3590 949 3713 1024 εὕρῃ
3774 960 3874 1007 τῶν

2270 1027 2571 1108 δυσχερῶνο
2613 1034 2639 1086 ὁ
2680 1030 2758 1102 δέ,
2801 1033 2884 1087 ἱνα
2928 1034 3173 1108 φύλαχθῇ
3226 1035 3364 1107 αύτῷ
3406 1038 3470 1090 τὰ
3511 1044 3870 1115 χρηστότερα,

2265 1124 2515 1175 Ἐνταῦθα
2569 1127 2699 1195 γυνὴ
2755 1123 2969 1185 εὐσεϐὴς
3021 1125 3149 1197 ὑπὲρ
3200 1128 3388 1181 τέκνων
3450 1126 3710 1201 εύχομένη
3770 1150 3870 1187 καε-

2264 1210 2670 1286 ταλαμϐοὲνεται,
2720 1209 3081 1288 ἆποδημούντι
3136 1211 3290 1290 ἀνδρὶ
3346 1219 3438 1277 τὴν
3487 1216 3739 1277 ἐπάνοδον
3793 1221 3870 1277 αἰ-

2262 1307 2503 1377 τουμένη,
2556 1301 2911 1379 ἀρρωστοῦντι
2961 1307 3053 1363 τὸν
3112 1310 3397 1380 σωτηρίαν.
3470 1307 3615 1362 Μετά
3660 1315 3868 1385 μαρτύ..

2261 1412 2362 1468 ρων
2409 1395 2637 1465 γενέσθω
2683 1396 2751 1449 τὰ
2790 1394 3056 1468 αἰτήματα
3100 1396 3263 1468 ὑμῶν.
3324 1398 3389 1450 Oi
3440 1402 3701 1455 νεανίσκοι
3748 1406 3867 1464 τοὺς

2261 1482 2539 1545 ἡλικιώτας
2584 1486 2970 1560 μιμείσθωσαν·
3037 1486 3086 1538 οἱ
3143 1489 3374 1560 πατέρες,
3435 1491 3679 1545 τοιούτων
3738 1487 3867 1549 εἶναι

2259 1570 2466 1629 παίδων
2538 1577 2752 1651 πατέρες
2820 1573 3183 1646 εύχέσθωσαν·
3252 1577 3306 1628 αἱ
3400 1581 3635 1651 μητέρες,
3703 1580 3866 1644 καλῆς

2258 1665 2459 1738 μητρός
2516 1659 2763 1738 διήγημα
2820 1660 3249 1737 διδαχθήτωσαν
3302 1668 3437 1739 (51).
3508 1674 3691 1745 Μήτηρ
3763 1671 3864 1736 ἐνὸς

488 1755 763 1821 animum
794 1750 1142 1813 inferendis
1161 1750 1338 1809 malis
1368 1766 1592 1818 acrem,
1617 1766 1877 1823 cumque
1909 1765 2048 1807 eum
2084 1748 2132 1806 li-

2258 1760 2358 1807 τῶν
2406 1757 2676 1831 μακαρίων
2728 1752 2948 1827 ἐκείνων,
3006 1755 3297 1831 θεασαμένη
3356 1759 3471 1821 τοὺς
3522 1757 3703 1822 ἄλλους
3751 1758 3858 1822 ἤδη

488 1848 704 1913 ctores,
722 1840 894 1916 quod
922 1839 1075 1897 forte
1104 1839 1427 1899 consilium
1449 1844 1683 1899 mutare
1713 1838 2027 1914 potuisset,
2059 1854 2146 1897 re-

485 1932 997 2010 linquerent,ipsa
1019 1930 1146 1988 suis
1171 1930 1365 2005 ipsius
1389 1930 1679 1991 manibus
1708 1928 2016 1987 sublatum
2038 1928 2147 1989 im-

485 2024 693 2100 posuit
717 2022 938 2094 currui,
971 2021 1036 2083 in
1066 2036 1190 2094 quo
1220 2020 1437 2094 reliqui
1459 2019 1927 2093 simuljacentes
1954 2018 2032 2076 ad
2052 2035 2146 2079 ro-

485 2131 634 2188 gum
668 2113 1037 2181 ferebantur,
1069 2127 1209 2168 vere
1241 2110 1525 2185 martyris
1566 2114 1779 2169 mater.
1823 2112 1951 2167 Non
1981 2109 2145 2169 enim

481 2203 702 2277 ignave
724 2202 907 2270 ﬂevit,
921 2216 1032 2258 nec
1048 2198 1391 2275 quidquam
1407 2198 1656 2268 humile,
1672 2204 1776 2259 aut
1791 2197 1893 2256 illo
1911 2203 2143 2277 tempo-

481 2293 568 2353 ris
588 2292 839 2355 articulo
859 2290 1180 2363 indignum
1198 2289 1402 2347 locuta
1422 2294 1530 2347 est.
1561 2289 1696 2358 Sed,
1719 2287 2085 2364 Abi,inquit,
2106 2304 2142 2346 ο

482 2383 764 2455 ﬁli,viam
785 2382 1016 2440 bonam
1037 2397 1177 2437 cum
1201 2378 1561 2454 aequalibus,
1585 2395 1724 2439 cum
1746 2382 2142 2437 contuberna-

479 2473 640 2533 libus
666 2490 680 2541 ;
706 2488 782 2531 ne
812 2470 1185 2545 disjungaris
1215 2487 1250 2528 a
1280 2470 1503 2528 chorea
1535 2487 1550 2540 ;
1582 2485 1656 2527 ne
1678 2468 1923 2544 reliquis
1946 2469 2140 2529 serius

481 2563 738 2622 Domino
762 2562 1015 2620 sistaris.
1049 2564 1274 2619 Revera
1295 2560 1514 2617 radicis
1539 2560 1719 2617 bona:
1746 2559 1978 2619 bonum
2007 2575 2139 2630 ger-

479 2670 645 2717 men.
674 2651 943 2712 Ostendit
971 2667 1269 2722 generosa
1292 2654 1509 2721 mater,
1534 2649 1702 2724 quod
1732 2665 1873 2709 eum
1905 2649 2139 2723 pietatis

480 2742 871 2816 dogmatibus
891 2742 1087 2815 magis
1110 2756 1300 2815 quam
1319 2738 1472 2797 lacte
1494 2740 1864 2798 enutriverit.
1878 2743 2069 2814 Atque
2090 2738 2141 2796 is

479 2833 731 2911 quidem
754 2832 838 2889 sic
858 2831 1177 2897 educatus,
1201 2829 1285 2887 sic
1306 2846 1343 2891 a
1362 2831 1465 2904 pia
1483 2833 1676 2886 matre
1696 2829 1996 2887 deductus
2017 2834 2135 2888 est:

484 2922 763 2982 diabolus
786 2938 929 2979 vero
954 2920 1185 2996 pudore
1204 2919 1453 2977 aﬂectus
1474 2918 1643 2977 abiit.
1661 2921 1811 2977 Nam
1832 2924 2140 2979 commota

478 3012 542 3072 in
568 3013 704 3073 illos
728 3016 1005 3071 creatura
1028 3009 1216 3080 omni,
1248 3008 1456 3069 omnia
1486 3009 1712 3066 invenit
1737 3008 2027 3069 horumce
2054 3010 2138 3069 vi-

2256 1853 2329 1918 τῷ
2376 1846 2523 1921 κρύει
2563 1844 2935 1914 τελειωθέντας,
2988 1847 3077 1899 τὸν
3127 1842 3185 1898 δὲ
3226 1845 3406 1909 ἑαυτῆς
3453 1850 3563 1905 υἱὸν
3614 1852 3729 1924 (52)
3782 1853 3859 1909 ἔτι

2257 1934 2538 2010 ἐμπνέοντα
2574 1936 2673 1987 ύπό
2721 1953 2772 1988 τε
2817 1934 3001 2009 ῥώμης
3047 1940 3137 1991 καὶ
3174 1943 3268 2001 τῆς
3297 1940 3422 2014 πρὸς
3458 1941 3523 1991 τὰ
3558 1935 3704 1994 δεινὰ
3732 1961 3858 2018 καρ-

2254 2028 2460 2113 τερίας,
2488 2023 2981 2098 καταλιμπανόντων
3028 2024 3182 2081 αὐτὸν
3232 2035 3331 2081 τῶν
3391 2024 3595 2102 δημίων
3639 2032 3703 2093 ὡς
3761 2027 3857 2085 δν.

2254 2115 2467 2191 νάμενόν
2524 2132 2583 2188 γε
2639 2112 3182 2187 μεταϐουλεύσασθαι,
3268 2115 3396 2179 αύτή
3456 2126 3568 2180 ταῖς
3643 2119 3857 2183 οἰκείαις

2254 2208 2445 2278 χερσὶν
2489 2200 2744 2281 ἀραμένη,
2791 2201 3007 2263 ἐπέθηκε
3049 2213 3111 2281 τῇ
3163 2203 3360 2281 ἁμάξῃ,
3408 2205 3481 2281 ἐφ’
3509 2210 3569 2273 ἧς
3607 2210 3657 2263 οἱ
3686 2209 3856 2265 λοιποὶ

2256 2296 2584 2367 συγκείμενοι
2623 2294 2748 2368 πρὸς
2794 2297 2888 2353 τήν
2936 2295 3106 2370 πυρὰν
3155 2297 3360 2368 ἤγοντο,
3401 2297 3668 2373 μάρτυρος
3706 2300 3856 2364 ὅντως

2252 2387 2452 2460 μήτηρ.
2537 2381 2612 2435 Ού
2691 2384 2794 2458 γὰρ
2872 2380 3100 2459 δάκρυον
3178 2383 3370 2458 ἀφῆκεν
3447 2385 3661 2459 ἀγεννές·
3738 2387 3855 2443 οὐδ’

2253 2470 2533 2547 ἐφθέγξατο
2576 2478 2815 2533 ταπεινόν
2854 2492 2905 2531 τι
2948 2477 3037 2529 καὶ
3077 2472 3283 2538 ἀνάξιον
3331 2483 3423 2533 τοῦ
3468 2486 3674 2555 καιροῦ·
3721 2479 3850 2547 ἁλλ’,

2251 2559 2458 2630 Ἀπιθι,
2513 2566 2691 2635 φησὶν,
2741 2566 2781 2617 ὦ
2819 2569 2934 2632 παῖ,
2968 2566 3063 2621 τήν
3112 2561 3315 2636 ἀγαθὴν
3344 2571 3555 2641 πορείαν
3584 2570 3718 2643 μετὰ
3754 2578 3851 2622 τῶν

2250 2650 2558 2721 ἡλικιωτῶν,
2609 2654 2738 2729 μετὰ
2789 2661 2889 2706 τῶν
2940 2657 3235 2711 συσκήνων·
3275 2659 3349 2731 μὴ
3407 2654 3717 2731 ἀπολειφθῇς
3763 2667 3853 2725 τῆς

2250 2746 2481 2817 χορείας·
2515 2745 2587 2817 μὴ
2622 2738 2859 2817 δεύτερος
2888 2750 2985 2795 τῶν
3007 2741 3170 2794 ἄλλων
3201 2742 3526 2821 ἐμφανισθῇς
3554 2753 3626 2817 τῷ
3659 2753 3853 2802 Δεσπό-

2250 2850 2336 2907 “np.
2364 2831 2562 2896 Ὀντως
2592 2829 2791 2909 ἀγαθῆς
2819 2832 2971 2907 ῥίζης
2992 2829 3187 2904 ἀγαθὸν
3210 2831 3513 2908 βλάστημα.
3554 2832 3783 2902 Ἔδειξεν
3814 2841 3844 2899 ἡ

2249 2924 2459 2993 γενναία
2487 2924 2687 2995 μήτηρ,
2720 2925 2796 2973 ὅτι
2824 2915 3088 2993 δόγμασιν
3119 2920 3376 2985 εὐσεϐείας
3407 2921 3670 2999 ἐξέθρεψεν
3693 2926 3845 2983 αύτόν

2244 3009 2436 3085 μᾶλλον
2462 3011 2491 3071 ᾖ
2524 3009 2766 3087 γάλακτι·
2798 3014 2899 3063 Καὶ
2929 3011 2955 3062 ὁ
2983 3012 3073 3082 μὲν
3099 3010 3234 3063 οὕτω
3259 3016 3465 3087 τραφεὶς
3490 3014 3621 3067 οὕτω
3646 3035 3844 3092 προεπ-

477 3118 686 3162 rorum
705 3102 921 3160 virtute
950 3103 1257 3173 superata,
1279 3102 1520 3157 noctem
1548 3102 1728 3156 vento
1750 3099 1921 3169 gravi
1950 3099 2132 3171 agita-

2249 3103 2412 3175 έμφθη
2437 3102 2581 3178 παρὰ
2600 3102 2800 3177 μητρὸς
2822 3099 3079 3163 εὐσεϐοῦς·
3110 3103 3134 3153 ὁ
3153 3097 3188 3156 δ
3191 3104 3213 3157 ‘s
3235 3098 3270 3155 δ
3275 3101 3479 3169 ιάϐολος
3500 3101 3697 3166 ἀπῆλθε
3712 3126 3844 3163 κατ-

478 3192 942 3264 tam,regionem
964 3188 1268 3262 frigidam,
1286 3192 1706 3262 tempestatem
1736 3188 1899 3261 anni,
1926 3205 2136 3263 corpo-

475 3299 616 3342 rum
643 3281 1001 3341 nuditatem.
1052 3282 1095 3337 Ο
1135 3278 1359 3339 chorus
1386 3283 1657 3348 sanctus,
1691 3295 1727 3334 ο
1757 3294 1929 3339 sacer
1958 3279 2131 3347 ordo,

477 3389 516 3431 o
532 3370 1044 3431 confertissimum
1059 3368 1448 3427 etinfractum
1465 3383 1710 3439 agmen,
1723 3383 1760 3426 o
1777 3384 2134 3433 communes

476 3462 713 3536 generis
732 3459 988 3518 humani
1008 3458 1315 3541 custodes,
1331 3458 1481 3517 boni
1500 3475 1783 3517 curarum
1812 3446 1980 3529 socii,
2004 3476 2134 3535 pre-

477 3568 620 3611 cum
646 3552 930 3619 fautores,
962 3548 1144 3620 legati
1168 3548 1598 3622 potentissimi,
1627 3548 1811 3609 stellae
1831 3549 1995 3607 orbis
2024 3554 2134 3609 ter-

471 3657 705 3710 rarum,
724 3639 1127 3698 Ecclesiarum
1146 3638 1360 3695 ﬂores!
1393 3641 1523 3695 Non
1548 3654 1658 3696 vos
1685 3642 1842 3697 terra
1870 3639 2130 3711 operuit,

474 3731 581 3788 sed
606 3731 826 3788 caelum
852 3729 1158 3802 suscepit:
1199 3733 1425 3802 apertae
1469 3732 1613 3785 sunt
1650 3727 1849 3799 vobis:
1864 3728 2131 3800 paradisi

469 3826 680 3897 portae.
716 3821 972 3893 Dignum
1001 3817 1416 3894 spectaculum
1456 3816 1720 3874 exercitu
1749 3816 2127 3889 angelorum,

469 3912 723 3984 dignum
753 3908 1134 3985 patriarchis,
1163 3907 1495 3982 prophetis,
1523 3907 1722 3979 justis,
1760 3906 1890 3970 viri,
1932 3906 2036 3980 qui
2064 3907 2126 3967 in

466 4002 951 4078 ipsojuventutls
980 4000 1128 4061 ﬂore
1161 4003 1513 4071 contempta
1539 3997 1684 4066 vita,
1715 4013 1840 4070 prae
1870 3998 2128 4071 parenti-

464 4094 605 4167 bus,
634 4108 760 4167 prw
785 4090 1008 4155 liberis,
1038 4088 1364 4145 Dominum
1394 4086 1754 4146 dilexerunt.
1777 4091 2026 4145 Etatem
2050 4088 2124 4145 il-

462 4183 590 4242 lam
628 4182 778 4239 dum
821 4184 1092 4252 agerent,
1122 4177 1184 4235 in
1215 4194 1340 4253 qua
1380 4193 1519 4251 spes
1566 4177 1810 4234 vivendi
1840 4178 2120 4249 habetur,

463 4271 774 4348 aspernati
794 4274 935 4329 sunt
953 4267 1385 4342 temporariam
1406 4268 1613 4339 vitam,
1636 4272 1703 4329 ut
1728 4271 1915 4327 Deum
1937 4268 2123 4340 glori-

460 4363 715 4420 ﬁcarent
740 4359 803 4416 in
846 4358 974 4421 suis
1010 4358 1288 4431 ipsorum
1346 4358 1660 4430 membris,
1702 4359 2119 4434 spectaculum

2245 3195 2609 3267 ῃσχυμμένος.
2656 3189 2899 3249 ”Απασαν
2954 3192 3053 3267 γὰρ
3099 3190 3178 3246 ἐπ’
3237 3192 3424 3261 αύτούς
3475 3201 3695 3261 κινήσας
3748 3201 3843 3259 τήν

2243 3283 2434 3349 κτίσιν,
2484 3281 2652 3335 πάντα
2698 3277 2838 3355 εὗρεν
2885 3282 3153 3355 ἠττώμενα
3187 3289 3283 3346 τῆς
3327 3292 3428 3337 τῶν
3469 3281 3671 3362 ἀνδρῶν
3731 3284 3845 3364 ἁρε-

2241 3376 2353 3438 τῆς,
2403 3373 2563 3427 νύκτα
2610 3366 2927 3447 δυσήνεμον,
2971 3368 3211 3448 πατρίδα
3251 3378 3542 3453 χειμέριον,
3573 3380 3666 3436 τήν
3705 3378 3843 3454 ὤραν

2240 3467 2331 3515 τοῦ
2381 3463 2545 3528 ἔτους,
2599 3470 2696 3519 τῶν
2753 3463 3003 3536 σωμοετων
3064 3467 3159 3523 τὴν
3218 3466 3507 3540 γύμνωσιν,
3568 3464 3636 3529 Ὢ
3681 3471 3845 3545 χορὸς

2242 3549 2438 3624 ἅγιοςὶ
2482 3550 2521 3609 ὦ
2564 3554 2837 3631 σύνταγμα
2872 3555 2988 3626 (53)
3036 3554 3167 3630 ἱερόν
3197 3552 3211 3610 ι
3245 3554 3285 3605 ὥ
3331 3558 3696 3629 συνασπισμὸς
3745 3555 3844 3634 ἁρ-

2239 3640 2454 3716 ραγήςῐ
2510 3641 2549 3692 ὡ
2601 3646 2765 3696 κοινοὶ
2831 3642 3046 3715 φύλακες
3097 3651 3188 3697 τοῦ
3244 3647 3420 3715 γένους
3482 3652 3581 3697 τῶν
3639 3642 3843 3722 ἀνθρώ-

2239 3736 2389 3785 πωνῑ
2446 3729 2632 3803 ἀγαθοὶ
2696 3737 2933 3787 κοινωνοὶ
2998 3727 3300 3807 φροντίδων,
3368 3729 3597 3794 δεήσεως
3655 3752 3841 3811 συνερ-

2236 3824 2345 3893 γοὶ,
2386 3820 2703 3897 πρεσϐευταὶ
2753 3818 3132 3891 δυνατώτατοι,
3192 3819 3404 3896 ἀστέρες
3450 3829 3547 3889 τῆς
3595 3821 3841 3898 οἰκουμέ-

2236 3928 2343 3978 νης,
2386 3910 2520 3969 ἅτθη
2554 3917 2654 3964 τῶν
2682 3909 3022 3970 Ἐκκλησιῶν.
3051 3908 3206 3985 ’Υμᾶς
3252 3912 3363 3987 (54)
3400 3909 3505 3986 οὐχ
3545 3913 3574 3972 ή
3607 3919 3676 3987 γῆ
3709 3932 3840 3967 κατ-

2235 3998 2476 4076 έκρυψεν,
2527 3998 2634 4057 ἀλλ’
2697 4000 2911 4077 οὐρανὸς
2976 3997 3283 4065 ὑπεδέξατοο
3354 4001 3641 4075 ἠνοίγησαν
3717 4003 3839 4077 ὑμῖν

2232 4086 2563 4165 παραδείσου
2635 4090 2819 4149 πύλαι.
2871 4088 3047 4154 Ἀξιον
3104 4093 3272 4164 θέαμα
3324 4098 3386 4165 τῇ
3458 4097 3687 4169 στρατιᾷ
3735 4100 3836 4147 τῶν

2234 4177 2483 4255 ἀγγέλων,
2542 4180 2687 4245 ἄξιον
2750 4181 3131 4258 πατριάρχαις,
3198 4184 3511 4256 προφήταις,
3586 4178 3834 4251 δικαίοις,

2232 4266 2416 4346 ἄνδρες
2472 4269 2521 4324 ἂν
2570 4270 2712 4345 αὐτῷ
2769 4278 2842 4344 τῷ
2903 4272 3048 4326 ἄνθει
3097 4279 3193 4336 τῆς
3241 4274 3498 4340 νεότητος,
3557 4278 3651 4326 τοῦ
3708 4270 3834 4347 βίου

2230 4366 2734 4436 καταφρονήσαντες,
2782 4363 2910 4439 ὑπερ
2966 4368 3154 4434 γονεῖς,
3199 4361 3327 4437 ὑπὲρ
3375 4365 3530 4417 τέκνα
3582 4350 3670 4419 τόν
3721 4365 3834 4419 Κύ-

460 4448 1060 4523 mundoangelisque
1071 4453 1130 4506 et
1143 4448 1497 4507 hominibus
1508 4448 1752 4507 effecti“
1762 4490 1777 4506 .
1792 4452 2119 4510 Erexerunt

2249 4470 2339 4506 nov
2402 4450 2785 4526 ἀγαπήσαντες.
2854 4450 2990 4507 Δύτό
3046 4458 3143 4516 τῆς
3214 4450 3424 4516 ἡλικίας
3492 4452 3707 4526 ἄγοντες
3772 4455 3833 4509 τὸ

529 4631 578 4671 ⁸ο
606 4628 820 4691 Matth.
840 4644 1004 4701 xvm,
1028 4630 1118 4688 20.
1196 4629 1241 4666 ⁸¹
1276 4628 1300 4685 Ι
1327 4627 1460 4693 Cor.
1493 4644 1570 4696 tv,
1595 4632 1648 4688 9.

522 4813 642 4955 (50}
673 4812 838 4893 Unus
867 4808 1059 4892 code;
1089 4812 1432 4884 κατατρέχει.

522 4886 605 4955 (51
692 4883 879 4940 Editio
923 4886 1109 4955 Paris.
1152 4878 1432 4935 διδασκέτο

519 4878 640 4957 (51)
692 4883 879 4940 Editio
923 4882 1109 4957 Paris.
1150 4878 1579 4957 διδασκέτωσαν,
1619 4880 1894 4939 doceant.
1954 4881 2112 4941 Libri

450 4950 682 5014 veteres
707 4970 923 5013 omnes
955 4950 1402 5027 διδαχθήτωσαν,
1430 4954 1785 5019 doceantur,
1818 4960 1997 5012 recte.

521 5030 919 5155 (52%Utraque
940 5026 1121 5083 editio
1147 5026 1336 5089 ἑαυτῆς
1356 5027 1488 5081 υἱόν.
1514 5027 1643 5081 Vox
1668 5027 1779 5079 υἱόν
1799 5026 1860 5108 in
1880 5028 2110 5110 nostris

521 5115 615 5155 um
666 5115 737 5154 us
779 5115 927 5155 mss.
977 5098 1166 5155 deest.
1216 5100 1299 5153 Ea
1342 5102 1548 5154 autem
1589 5113 1725 5155 vox.
1777 5113 1893 5155 nisi
1931 5099 2110 5155 valde

450 5098 737 5156 omnibus
779 5098 927 5155 niss.
977 5098 1166 5156 deest.
1216 5100 1299 5153 Ea
1342 5102 1548 5154 autem
1589 5113 1725 5169 vox,
1777 5098 1893 5155 nisi
1931 5099 2110 5157 valde

449 5170 648 5239 fallor,
672 5171 735 5226 in
764 5175 1105 5227 contextum
1131 5168 1369 5243 irrepsit
1392 5185 1424 5225 e
1448 5168 1747 5243 margine,
1780 5169 1885 5243 ubi
1914 5172 2111 5243 posita

450 5244 663 5325 fuerat,
690 5246 755 5324 ut
792 5257 1181 5325 monueremur
1209 5241 1407 5314 ipsam
1432 5241 1932 5325 subaudiendam
1945 5259 2104 5301 esse.

447 5312 621 5395 Quod
644 5312 741 5370 hic
769 5314 850 5371 ait
878 5313 1168 5395 Basilius,_
1194 5312 1386 5395 unum
1415 5318 1748 5386 martyrem
1789 5314 1988 5395 adhuc
2018 5331 2105 5395 re:

449 5386 898 5469 spirassencum
928 5385 1124 5469 caeteri
1145 5387 1283 5469 iam
1300 5384 1520 5469 frigore
1541 5384 1887 5469 consumpti
1904 5390 2108 5444 essent

446 5456 505 5517 et
524 5456 778 5513 confecti
827 5457 891 5531 id
930 5458 1011 5531 ita
1042 5456 1288 5531 intelligi
1310 5456 1513 5526 debet,
1545 5462 1610 5531 _ut
1640 5458 1702 5531 hi
1741 5456 1990 5531 quidem
2006 5474 2108 5531 ire-

442 5529 879 5610 spirarent,sed
894 5530 1039 5610 citra
1054 5527 1230 5585 ullam
1252 5544 1415 5600 spem
1428 5529 1703 5586 sanitatis
1716 5527 2077 5610 recipiendae
2090 5573 2103 5598 ,

433 5600 511 5660 ne
542 5615 694 5658 vero
722 5600 829 5671 sic,
854 5606 920 5657 ut
938 5600 1105 5657 vires
1137 5614 1507 5674 recuperare
1532 5617 1711 5675 posse
1733 5600 2098 5662 crederetur.

2221 4809 2504 4892 Alioquin
2547 4810 2710 4892 enim
2759 4806 3015 4892 Basilius
3060 4808 3405 4892 pugnantia
3431 4808 3824 4892 loqueretur,

2221 4884 2329 4959 qui
2357 4882 2543 4967 paulo
2576 4888 2714 4967 ante
2758 4882 3249 4967 dixerit‘sanc‘tos
3287 4882 3830 4967 martyresadhuc

2219 4972 2552 5101 Ξῗιῖἓξὲῗῗὲ
2566 4953 3830 5101 qtﬁﬂa£§frg$$§‘ssi“3iof$'£33K:

2220 5044 2425 5086 autem
2442 5044 2541 5087 me
2566 5044 2673 5155 qm
2701 5044 2905 5085 aanuc
2940 5044 3276 5101 respirasse
3305 5044 3544 5091 atcuur,
3575 5044 3737 5086 70081

2217 5099 2281 5157 in
2303 5099 2474 5183 Actis.
2497 5102 2583 5183 με
2607 5100 2709 5183 “2-
2780 5170 2812 5183 ..
2895 5174 2908 5183 .
3253 5170 3271 5183 .
3356 5171 3370 5183 .
3633 5172 3673 5183 _
3697 5168 3737 5183 ..

2292 5174 2408 5244 (53)
2435 5172 2626 5229 Editio
2654 5170 2835 5229 Basil.
2854 5174 2913 5230 et
2935 5186 3042 5229 sex
3069 5185 3217 5229 mss.
3241 5170 3282 5224 ὢ
3307 5171 3605 5244 σύνταγμα.
3633 5169 3825 5228 Bditio

2217 5243 2489 5321 Peristi?»
2513 5246 2785 5321 σύστημα,

2288 5317 2415 5400 s54).
2428 5310 2952 5400 νςιοιῖεθξέιιιίιιειιιρ
2975 5314 3113 5400 ﬁeri
3127 5320 3191 5400 ρι
3211 5314 3312 5400 alii
3331 5314 3456 5400 ςίιιο
3472 5310 3826 5400 Pus-Mirr

2219 5382 2344 5443 σιῶν
2388 5382 2547 5463 ὖμᾶς.
2580 5382 2768 5445 Editio
2805 5382 2989 5463 Paris.
3022 5387 3218 5463 fusius
3240 5385 3550 5463 ἔκκλησιῶν.
3595 5382 3819 5463 Ἐγὼ.δῆ

2216 5480 2350 5534 φημι
2399 5456 2559 5521 νοητά
2605 5479 2661 5514 τε
2702 5464 2793 5513 καὶ
2831 5461 3065 5521 αἰσθητά
3099 5460 3279 5534 ’Υμᾶς.
3330 5459 3448 5516 Sed
3492 5472 3617 5515 non
3646 5456 3822 5514 valde

2215 5532 2810 5664 galmﬁuﬂgﬁgito,
2830 5533 2979 5607 quin
3008 5529 3371 5591 intermedia
3389 5530 3582 5590 verba
3609 5528 3824 5591 addita

2216 5619 2337 5663 sint
2372 5619 2453 5664 an
2484 5619 2720 5677 angue.
