4098 6374
270 329 370 382 525

1514 318 1803 375 HOMILIA
1844 316 1934 371 DE
1971 313 2397 371 HUMILITATE

3536 329 3640 384 526

273 449 554 523 βιώσιμον,
589 444 857 522 ὑπερεῖδον
897 456 990 508 τῆς
1021 453 1344 521 προσκαίρου
1379 445 1536 510 ζωῆς,
1581 445 1664 494 ενα
1703 439 1866 504 δοξά-

1992 438 2306 512 collapsos,
2332 440 2706 511 ambigentes
2720 442 3176 514 conﬁrmarunt,
3192 446 3641 520 piisjreligiosis-

276 559 411 592 σωσι
456 543 542 592 τόν
599 542 726 592 Θεὸν
783 537 834 590 ἐν
862 546 969 598 τοῖς
1017 535 1221 608 μέλεσιν
1263 534 1476 588 ἑαυτῶν·
1535 536 1743 607 θέατρον
1790 550 1869 603 γε-

271 634 471 702 νόμενοι
532 637 604 700 τῷ
660 632 863 701 κόσμῳ,
941 632 1030 679 καὶ
1090 624 1340 697 ἀγγέλοις,
1408 629 1498 676 καὶ
1561 621 1866 698 ἀνθρώποις,

270 723 386 780 τοὺς
429 723 761 779 πεπτωκότας
804 719 1036 793 ἤγειραν,
1087 720 1208 776 τοὺς
1249 713 1568 787 ἀμφιϐόλους
1623 711 1869 764 ἐϐεϐαιώ-

278 828 454 862 σαντοι
518 816 624 871 τοῖς
683 807 915 861 εὐσεϐέσι
966 811 1054 865 τὴν
1109 804 1386 877 ἐπιθυμίαν
1418 801 1866 856 ἑδιπλασσίασαν.

1983 547 2102 603 que
2115 530 2482 590 desiderium
2502 533 2690 591 altero
2705 539 2870 592 tanto
2885 537 3083 608 majus
3095 536 3639 610 reliquere.0mnes

1983 637 2105 678 uno
2152 627 2380 694 tropaeo
2427 640 2538 696 pro
2570 625 2788 696 pietate
2811 630 3027 694 erecto,
3047 642 3170 683 una
3191 628 3371 684 etiam
3392 630 3638 702 justitias

1980 728 2206 768 corona
2218 715 2487 770 exornati
2500 720 2660 784 sunt,
2676 716 2736 772 in
2751 717 2982 774 Christo
3003 719 3029 774 J
3034 733 3141 774 esu
3157 718 3412 776 Domino
3434 725 3640 780 nostro

1978 803 2074 858 cui
2097 801 2288 872 gloria
2308 809 2366 859 et
2385 803 2702 876 imperium
2723 806 2782 862 in
2802 806 3024 862 saecula
3037 807 3640 868 saeculorum.Amen.

273 897 360 953 Ἓν
413 900 538 973 ὑπὲρ
605 906 701 961 τῆς
760 895 1020 958 εὐσεϐείας
1073 896 1297 955 ἅπαντες
1352 892 1735 952 ἀναστήσαντες
1791 896 2059 965 τρόπαιον.
2120 892 2190 946 ἑνὶ
2246 897 2334 947 καὶ
2395 902 2467 964 τῷ
2553 898 2784 968 στεφάνῳ
2849 904 2946 960 τῆς
3011 893 3354 962 δικαιοσύνης
3420 918 3642 956 κατεκο-

280 990 575 1062 σμήθησαν,
645 987 692 1040 ἐν
741 994 960 1063 Χριστῷ
1019 985 1196 1043 Ἰησοῦ
1265 991 1336 1056 τῷ
1391 986 1565 1058 Κυρίῳ
1622 987 1790 1055 ἡμῶν,
1858 982 1897 1032 ὦ
1947 983 1975 1042 ἡ
2029 978 2163 1044 δόξα
2207 987 2298 1037 καὶ
2353 985 2409 1038 τὸ
2447 987 2636 1058 κράτος
2685 987 2756 1051 εἰς
2821 990 2943 1052 τοὺς
2999 987 3190 1053 αἰῶνας
3247 997 3348 1044 τῶν
3417 991 3637 1046 αἰώνων,

278 1076 458 1152 Ἀμήν.

891 1395 1138 1448 ΟΜΙΑΙΑ
1180 1386 1256 1446 K'.

670 1500 796 1572 Περὶ
843 1497 1318 1572 ταπεινοφροσύνης
1349 1495 1479 1566 (55)»

352 1611 400 1662 1.
433 1603 666 1678 Ὠφειλεν
709 1606 980 1678 ἄνθρωπος
1018 1603 1066 1658 ἐν
1090 1613 1152 1678 τῇ
1185 1605 1329 1678 παρὰ
1369 1609 1483 1673 Θεῷ
1529 1598 1658 1674 δόξῃ
1714 1616 1875 1674 μεμε-

274 1699 500 1763 νηκένω²
551 1698 641 1746 καὶ
687 1691 824 1766 ⁸ῖχ⁸ν
851 1692 912 1744 ἂν
938 1693 1069 1764 ὕψος
1100 1693 1193 1745 οὐκ
1232 1691 1566 1757 ἐπίπλαστον,
1614 1689 1717 1742 ἀλλ’
1742 1688 1874 1748 ἀλη-

279 1787 434 1850 θινὸν,
489 1781 708 1857 δυνάμει
741 1791 876 1837 Θεοῦ
896 1783 1330 1857 μεγαλωνόμενος,
1384 1785 1544 1855 σοφίᾳ
1597 1783 1708 1855 θείᾳ
1761 1800 1874 1853 φαι-

2581 1390 2902 1450 HOMIILIA
2943 1395 3048 1452 XX.

2573 1501 2655 1556 De
2686 1501 3049 1560 humilitate.

2037 1609 2086 1660 1.
2110 1605 2349 1665 Utinam
2363 1607 2547 1664 homo
2561 1608 2959 1666 mansissetin
2981 1625 3052 1669 ea
3072 1626 3262 1684 quam
3277 1611 3444 1686 apud
3458 1613 3646 1670 Deum

1981 1693 2249 1754 habebat
2280 1696 2492 1766 gloria,
2542 1697 2856 1756 habuisset
2903 1700 3340 1759 sublimitatem
3396 1717 3521 1759 non
3578 1702 3648 1759 ﬁ-

1982 1789 2166 1849 ctam,
2185 1787 2292 1843 sed
2313 1804 2516 1845 veram
2536 1807 2548 1845 :
2567 1791 2836 1860 potentia
2848 1791 2949 1846 Dei
2963 1791 3336 1863 nobilitatus,
3350 1792 3649 1866 sapientia

279 1871 608 1949 δρυνόμενος,
660 1874 844 1947 αἰωνέᾳ
907 1877 1012 1947 ζωῇ
1075 1880 1164 1928 καὶ
1202 1882 1311 1935 τοῖς
1341 1873 1558 1946 ἀγαθοῖς
1601 1873 1872 1946 εὐφραινό-

1992 1876 2544 1951 divinaillustratus,
2557 1859 2673 1938 vita
2685 1882 3196 1956 aeternailliusque
3206 1859 3647 1944 bonisobleota-

277 1984 445 2038 μενος.
521 1961 732 2023 Ἐπειδή
795 1961 854 2017 δὲ
904 1968 999 2025 τὴν
1045 1973 1140 2026 τῆς
1185 1966 1324 2026 θείας
1379 1959 1539 2026 δόξης
1600 1960 1874 2034 ἐπιθυμίαν

279 2057 549 2130 μετέθηκε,
607 2058 698 2108 καὶ
756 2055 972 2128 μείζονα
1018 2051 1417 2130 προσδοκήσας,
1486 2057 1575 2106 καὶ
1643 2055 1874 2114 σπεύσας

279 2146 401 2218 ὅπερ
451 2145 544 2198 οὐκ
577 2141 796 2198 ἐδύνατο
848 2143 1039 2212 λαϐεῖν,
1094 2143 1354 2198 ἀπώλεσεν
1403 2145 1523 2218 ὅπερ
1564 2144 1705 2214 ἔχειν
1759 2139 1878 2195 ἐδύ-

277 2252 419 2293 νατοο
479 2239 704 2309 μεγίστη
763 2239 1003 2310 σωτηρία
1056 2235 1218 2307 αὐτῷ,
1251 2237 1341 2287 καὶ
1403 2241 1498 2295 τῆς
1531 2237 1688 2287 νόσον
1722 2234 1877 2308 θεραο

277 2330 418 2393 πεία,
465 2331 556 2380 καὶ
602 2327 732 2398 πρὸς
755 2327 813 2379 τὸ
845 2322 898 2388 ἐξ
930 2323 1106 2398 ἀρχῆς
1133 2321 1404 2392 ἐπάνοδος,
1446 2323 1658 2397 ἀτυφία,
1691 2328 1782 2376 καὶ⁵
1819 2324 1878 2375 τὸ

277 2416 348 2489 μὴ
409 2415 763 2488 φαντάζεσθαι
822 2411 981 2478 δόξης
1013 2418 1149 2477 τινὸς
1214 2413 1490 2490 περιϐολὴν
1549 2411 1622 2466 δι’
1669 2413 1874 2478 ἑαυτοῦ,

280 2503 406 2557 ἀλλά
467 2505 640 2565 ζητεῖν
693 2505 839 2578 παρὰ
892 2511 1045 2559 Θεοῦ.
1099 2504 1250 2556 Οὕτω
1314 2505 1414 2578 γὰρ
1477 2499 1756 2576 διορθώσει
1818 2504 1877 2554 τὸ

277 2601 535 2668 πταῖσμα,
583 2592 746 2656 οὕτως
795 2594 1000 2648 ἰάσεται
1041 2595 1099 2647 τὸ
1147 2599 1375 2666 νόσημα·
1439 2591 1602 2655 οὕτως
1649 2587 1878 2665 ἀναδρα-

277 2691 451 2760 μεῖται
492 2686 624 2760 πρὸς
669 2689 764 2744 τὴν
814 2686 974 2757 ἱερὰν,
1019 2685 1081 2744 ἦν
1118 2684 1408 2750 κατέλιπεν,
1465 2681 1692 2741 ἐντολήν.
1744 2680 1875 2740 Ἀλλ’

278 2779 304 2829 ὁ
329 2773 634 2830 καταϐαλὼν
671 2771 847 2827 ἑλπίδι
877 2770 1037 2838 δόξης
1066 2771 1300 2846 ψευδοῦς
1341 2775 1429 2826 τὸν
1454 2775 1722 2846 ἄνθρωπον
1769 2774 1876 2845 (56)

282 2864 524 2927 διάϐολος
572 2863 630 2918 οὐ
677 2867 900 2918 παύεται
945 2871 1054 2927 τοῖς
1106 2865 1279 2926 αὐτοῖς
1328 2862 1668 2938 ἐρεθίσμασιν
1717 2862 1877 2916 ἔκκα-

281 2955 535 3028 λούμενος,
593 2960 682 3009 καὶ
733 2958 896 3028 αυρία
940 2961 1308 3029 μηχανήματα
1353 2957 1484 3029 πρὸς
1530 2961 1684 3008 τοῦτο
1734 2953 1877 3018 ἐξευ-

282 3051 494 3121 ρίσκων·
549 3048 682 3119 μέγα
718 3049 808 3118 μὲν
861 3040 1152 3107 ἔπιδεικνὺς
1191 3047 1353 3115 αὐτῷ,
1386 3044 1678 3120 χρημάτων
1725 3063 1878 3118 περι-

283 3135 455 3203 ϐολὴν,
508 3136 592 3190 ἵνα
645 3133 730 3189 ἐπὶ
790 3137 954 3207 τούτῳ
1020 3133 1373 3207 μεγαλύνηται
1429 3139 1520 3187 καὶ
1563 3139 1680 3208 περὶ
1723 3141 1877 3187 τοῦτο

1985 1968 2227 2025 tus.Sed
2245 1969 2348 2026 ubi
2364 1970 2584 2027 divinae
2598 1971 2802 2041 gloriae
2817 1971 3184 2030 desiderium
3201 1974 3647 2048 transmutavit,

1984 2062 2039 2114 et
2053 2059 2346 2130 majorem
2365 2066 2702 2133 sperans,et
2713 2061 2986 2135 accipere
2997 2062 3289 2124 festinans
3303 2063 3648 2138 quodiasse-

1984 2147 2090 2220 qui
2113 2149 2427 2220 nequibat,
2453 2150 2654 2208 amisit
2673 2150 2840 2224 quod
2861 2152 3086 2210 habere
3106 2153 3649 2226 poterat:maxima

1987 2237 2152 2294 salus
2173 2238 2428 2308 homini,
2452 2240 2774 2314 morbique
2805 2241 3066 2311 medela,
3094 2249 3150 2300 et
3179 2243 3407 2300 reditus
3423 2244 3502 2301 ad
3522 2245 3648 2317 pri-

1987 2345 2158 2384 mum
2181 2334 2423 2395 statum,
2446 2335 2539 2388 est
2558 2330 2852 2388 humilem
2879 2348 3036 2404 ese,
3061 2333 3413 2406 nulliusque
3444 2332 3648 2405 glorias

1989 2424 2356 2492 apparatum
2398 2437 2434 2478 a
2482 2437 2544 2477 se
2587 2422 2988 2493 comminisci,
3011 2423 3121 2482 sed
3141 2428 3178 2482 ὰ
3205 2424 3324 2482 Deo
3353 2440 3646 2498 quaerere.

1989 2510 2077 2565 lta
2098 2509 2259 2565 enim
2282 2515 2548 2568 erratum
2569 2512 2850 2583 corriget,
2883 2513 2966 2571 ita
3009 2513 3228 2570 morbo
3280 2513 3647 2584 medebitur,

1987 2599 2069 2656 ita
2097 2597 2177 2655 ad
2198 2606 2568 2673 praeceptum
2585 2618 2848 2673 sacrum,
2870 2602 3037 2675 quod
3059 2602 3343 2672 deseruit,
3365 2607 3648 2662 recurret.

1987 2691 2318 2760 Postquam
2349 2692 2553 2746 autem
2579 2689 2859 2748 diabolus
2889 2706 2998 2763 spe
3025 2691 3189 2748 falsae
3231 2691 3436 2762 glorias
3474 2691 3642 2764 157

1985 2778 2300 2834 hominem
2323 2778 2561 2850 dejecit,
2583 2795 2708 2836 non
2729 2786 2924 2840 cessat
2944 2796 3086 2838 eum
3105 2779 3325 2840 iisdem
3344 2781 3652 2840 iritamen-

1988 2869 2060 2925 tis
2082 2885 2439 2942 provocare,
2471 2875 2529 2928 et
2549 2870 2872 2928 innumera.
2894 2871 2973 2931 ad
2997 2872 3115 2931 hoc
3153 2871 3652 2932 machinamenta

1987 2956 2387 3014 comminisci.
2419 2961 2484 3014 Et
2503 2958 2751 3028 quidem
2771 2959 3120 3017 divitiarum
3141 2960 3381 3033 copiam
3395 2977 3505 3020 ceu
3524 2977 3652 3019 ma-

1987 3062 2178 3118 gnum
2209 3047 2506 3120 quiddam
2527 3047 2582 3104 ei
2602 3047 2867 3106 ostendit
2895 3054 2959 3108 ut
2989 3048 3129 3107 inde
3168 3050 3471 3120 efferatur,
3500 3050 3649 3108 illic.

1987 3153 2106 3211 que
2155 3137 2423 3194 studium
2461 3143 2649 3210 ponat
2678 3155 2690 3194 :
2721 3139 2887 3211 quod
2917 3144 3120 3200 tamen
3141 3139 3291 3196 nihil
3319 3140 3548 3198 confert
3567 3139 3650 3198 ad

282 3222 584 3299 σπουδάζῃσ
655 3225 776 3299 ὅπερ
830 3223 971 3277 ἐστὶν
1002 3221 1152 3278 οὐδὲν
1203 3228 1292 3298 μὲν
1333 3232 1403 3288 εἱς
1433 3222 1612 3292 δόξαν,
1647 3228 1780 3298 μέγα
1820 3221 1879 3277 δὲ

1992 3226 2396 3297 gloriam,imo
2417 3228 2694 3300 potiusin
2711 3244 3007 3298 magnum
3019 3228 3355 3301 periculum
3379 3229 3646 3288 adducit.

280 3317 351 3380 εὶς
401 3313 664 3370 κίνδυνον.
734 3316 1031 3390 Χρημάτων
1100 3317 1202 3390 γὰρ
1269 3319 1530 3392 πορισμὸς
1591 3315 1880 3378 πλεονεξίας

278 3409 367 3480 μεν
412 3407 679 3466 ὑπόθεσις·
734 3411 924 3466 κτῆσις
969 3401 1028 3457 δὲ
1072 3397 1227 3457 ὀύδὲν
1287 3405 1356 3465 εἰς
1424 3402 1686 3468 εὐδοξιαν·
1755 3404 1883 3458 ἀλλὰ

278 3498 450 3569 μάτην
502 3493 702 3566 τυφλοῖ,
760 3489 1005 3555 διακενῆς
1063 3490 1277 3567 ἐπαίρει,
1335 3493 1586 3567 φλεγμονῇ
1633 3514 1736 3547 τινι
1781 3515 1882 3548 πα-

277 3584 570 3661 ραπλήσιον
615 3583 783 3642 πάθος
829 3581 1104 3656 ἐργάζεται
1159 3587 1276 3658 περὶ
1309 3586 1404 3642 τὴν
1433 3584 1640 3656 ψυχήν.
1675 3584 1751 3637 Οὐ
1776 3586 1877 3660 γὰρ

278 3675 431 3748 ὑγιὴς
517 3677 672 3746 ὄγκος
746 3669 871 3726 οὐδὲ
930 3671 1182 3746 ὠφέλιμος
1238 3674 1264 3725 ὁ
1312 3682 1412 3726 τῶν
1466 3674 1878 3748 φλεγμαινόντωυ

282 3764 554 3838 σωμάτων,
610 3761 739 3816 ἀλλὰ
784 3758 1042 3830 νοσώδης,
1086 3761 1389 3831 ἐπιϐλαϐὴς,
1435 3762 1578 3838 ἀρχὴ
1612 3761 1876 3831 κινδύνου,

279 3859 368 3908 καὶ
425 3858 688 3930 πρόφασις
751 3851 1026 3914 ἀπωλείας.
1081 3859 1299 3906 Τοιοῦτο
1354 3859 1444 3907 καὶ
1510 3859 1628 3931 περὶ
1693 3853 1880 3927 ψυχὴν

280 3945 624 4021 ὑπερηφανία·
681 3946 783 3997 Καὶ
826 3945 928 4019 γὰρ
979 3941 1038 3998 οὐ
1086 3947 1238 4017 μόνον
1294 3942 1378 3998 ἐπὶ
1408 3949 1688 4020 χρήμασιν
1718 3947 1881 4021 ὕπαρ-

284 4051 366 4097 σις
437 4037 656 4108 γίνεται,
727 4029 852 4087 οὐδε
916 4037 1069 4107 μόνον
1115 4041 1234 4096 ταῖς
1278 4031 1380 4088 ἀπο
1438 4042 1537 4088 τῶν
1592 4037 1883 4111 χρημάτων

280 4119 586 4198 κομπώδεσι
632 4120 865 4186 διαίταις
921 4140 976 4178 τε
1007 4128 1095 4177 καὶ
1133 4123 1434 4198 περιϐολαῖς
1462 4125 1763 4201 ἐπαίρονται
1787 4127 1882 4179 ἄν-

285 4216 503 4288 θρωποι,
557 4211 850 4277 πολυτελεῖς
902 4214 1030 4290 ὑπὲρ
1091 4218 1187 4274 τὴν
1235 4220 1423 4290 χρείαν
1483 4219 1885 4292 παρατιθέμενοι

281 4303 546 4382 τραπέζας
599 4303 886 4378 τρυφηλας,
944 4303 1039 4358 οὐκ
1092 4302 1383 4378 ἀναγκαίας
1461 4306 1884 4382 περιϐαλλόμενοι

280 4396 373 4457 τὰς
449 4393 696 4463 ἐσθῆτας,
765 4397 919 4448 οἴκων
978 4394 1170 4469 μεγέθη
1239 4398 1721 4462 κατασκευάζοντες
1793 4401 1885 4450 καὶ

280 4483 455 4538 κάλλει
514 4483 887 4554 ποικίλλοντες,
961 4485 1172 4539 οἰκετῶν
1235 4484 1530 4541 ἀκολούθων
1580 4488 1750 4549 πλήθη
1794 4493 1885 4542 καὶ

1989 3319 2136 3374 Nam
2153 3317 2551 3389 pecuniarum
2570 3318 2942 3389 comparatio
2965 3317 3231 3376 avaritiae
3253 3317 3502 3390 quidem
3516 3334 3647 3378 ma-

1989 3405 2134 3462 teria
2164 3412 2275 3475 est,
2298 3422 2409 3463 nec
2435 3411 2640 3464 tamen
2662 3423 2870 3466 earum
2893 3407 3197 3480 possessio
3240 3408 3318 3467 ad
3345 3407 3652 3468 existima.-

1987 3495 2212 3552 tionem
2243 3496 2473 3552 bonam
2501 3497 2842 3570 quidquam
2862 3498 3004 3556 facit
3027 3515 3039 3554 :
3064 3499 3188 3555 imo
3203 3515 3348 3556 vero
3368 3514 3525 3558 vane
3551 3515 3649 3558 ex-

1988 3590 2192 3657 caecat,
2219 3585 2436 3642 frustra
2461 3586 2707 3658 extollit,
2730 3587 3014 3644 morbum
3038 3588 3506 3648 inﬂammationi
3528 3590 3648 3649 eui-

1987 3678 2154 3752 piam
2197 3691 2320 3731 non
2377 3675 2742 3734 dissimilem
2787 3678 2848 3734 in
2873 3679 3079 3736 anima
3101 3677 3402 3751 producit.
3428 3682 3652 3740 Tumor

1987 3767 2150 3824 enim
2173 3780 2497 3837 corporum
2517 3765 3040 3824 inﬂammatorum
3061 3783 3174 3826 nec
3195 3782 3380 3824 sanus
3403 3772 3512 3839 est,
3535 3783 3649 3827 nec

1985 3856 2149 3914 utilis
2176 3872 2189 3911 :
2214 3854 2318 3912 sed
2341 3855 2664 3913 morbosus
2691 3860 2748 3912 et
2770 3857 3012 3926 noxius,
3049 3857 3297 3931 periculi
3344 3857 3532 3930 origo,
3591 3861 3650 3915 et

1987 3961 2177 4003 causa
2203 3946 2498 4002 interitus.
2527 3945 2662 4003 Tale
2695 3946 2842 4018 quid
2874 3952 2930 4004 et
2951 3949 3018 4003 in
3046 3948 3252 4004 anima
3272 3947 3413 4004 facit
3433 3962 3648 4022 super-

1987 4036 2110 4094 bia.
2143 4035 2374 4092 Etenim
2404 4051 2528 4092 non
2562 4052 2595 4092 e
2622 4036 2893 4108 pecuniis
2923 4036 3121 4094 solum
3143 4038 3411 4095 nascitur
3431 4037 3650 4106 elatio;

1987 4141 2102 4183 nec
2131 4125 2331 4183 solum
2357 4124 2437 4182 ob
2461 4125 2755 4199 pecunias
2773 4127 3102 4197 magniﬁco
3133 4127 3289 4186 victu
3334 4132 3391 4186 et
3420 4128 3653 4189 amictu

1993 4214 2358 4290 superbiunt
2383 4215 2664 4274 homines
2681 4232 2926 4275 mensas
2945 4217 3309 4276 instruentes
3339 4223 3653 4293 sumptuoc

1991 4305 2177 4363 siores
2201 4321 2393 4378 quam
2413 4298 2739 4364 necessitas
2767 4306 2987 4379 exigat,
3021 4308 3392 4382 easdemque
3430 4308 3651 4368 delica-

1991 4394 2429 4459 tas,induentes
2455 4397 2792 4470 vesteslnon
2812 4397 3211 4470 necessarias,
3233 4398 3394 4454 mdes
3416 4397 3653 4473 amplas

1993 4491 2357 4558 extruentes,
2388 4492 2798 4561 ornantesque
2828 4487 2999 4547 vario
3021 4489 3206 4556 cultu,
3228 4491 3537 4560 ingentem
3567 4489 3654 4548 fa-

217 4625 220 4627 λ
281 4574 513 4629 κολάκων
561 4573 928 4650 ἀναριθμήτων
975 4574 1316 4652 ἐξηρτημένοι
1361 4582 1696 4652 συστήματα·
1758 4576 1881 4632 ἀλλὰ

1992 4577 2300 4634 mulorum
2313 4578 2820 4652 subsequentium
2850 4582 3138 4648 turmam,
3166 4578 3654 4638 innumerorum-

281 4669 372 4719 καὶ
410 4673 806 4740 χειροτονητοῖς
842 4663 1134 4740 ἀξιώμασιν
1163 4667 1290 4744 ὑπερ
1340 4668 1495 4741 φύσιν
1525 4667 1800 4740 ὑψοῦνται.
1826 4669 1886 4724 Εἰ

284 4750 456 4830 δῆμος
509 4753 716 4831 ἀξίωμα
767 4751 865 4830 δῷο
935 4758 980 4810 εἴ
1006 4775 1144 4820 τινος
1171 4753 1456 4834 προεδρίας
1511 4757 1769 4828 ἀξιώσειε,
1794 4764 1886 4814 καὶ

280 4849 341 4900 τὸ
396 4853 493 4909 τῆς
541 4846 812 4922 ὑπεροχῆς
875 4845 1081 4922 ἀξίωμα
1135 4847 1432 4922 ψηφίσαιτο
1475 4850 1637 4922 αὐτῷ’
1683 4855 1774 4905 καὶ
1814 4849 1889 4904 ἓν·

282 4938 454 4990 ταῦθα
527 4933 620 5007 δὴ,
664 4939 918 5014 ξκαθάπερ
963 4937 1362 5014 ὑπερϐάλλοντες
1419 4943 1515 5001 τήν
1573 4939 1888 5016 ἀνθρώπειον

290 5025 412 5097 (57)
451 5027 626 5098 φύσιν,
679 5032 834 5103 μόνον
882 5032 979 5090 τὴν
1020 5027 1116 5084 οὐκ
1155 5027 1240 5084 ἐπὶ
1269 5029 1484 5105 νεφελῶν
1516 5027 1771 5107 ἱδρῦσθαι
1799 5051 1891 5094 νο-

364 5149 478 5233 (
673 5153 1022 5233 simpliciter
1040 5159 1159 5232 περὶ
1179 5159 1672 5233 ταπεινοφροσύνης,
1698 5159 1771 5216 de
1791 5159 1892 5215 hu-

364 5171 478 5222 (ea)
501 5171 650 5210 nam
673 5171 1022 5283 stmpgcuer
1040 5171 1159 5232 περι
1179 5171 1672 5233 ταπεινοφροσύνης,
1698 5171 1771 5216 ac
1791 5171 1892 5215 nu-

287 5224 566 5305 militum.
591 5230 688 5282 At.
724 5229 804 5284 C0
867 5270 889 5305 _.
912 5227 1146 5305 primus
1171 5234 1291 5304 περὶ
1310 5234 1785 5305 ταπεινοφροσύνης
1803 5236 1892 5284 καὶ

286 5293 502 5374 πῶςγδεῖ
517 5307 819 5374 σωφρονεῖν,
839 5293 1290 5374 (ιε’ἠατηίιὶιᾳιό,
1305 5307 1361 5358 et
1387 5293 1700 5374 quomodo,
1723 5293 1894 5374 opor-

288 5372 412 5426 teat
431 5368 696 5444 gngdeste
709 5386 770 5429 se
805 5368 1032 5442 gerere.
1064 5371 1230 5444 Regii
1266 5368 1572 5431 secundus
1603 5379 1661 5431 et
1685 5368 1895 5432 tertius

285 5447 398 5508 πῶς
428 5437 838 5518 δεῖᾃσωφρονεῖνῗ,
861 5437 1758 5518 quomodo'oportea«modestia
1781 5448 1896 5507 uti.

359 5512 474 5596 (56)
499 5512 1193 5596 Combeﬁsianialiquot
1215 5512 1468 5596 codices?
1486 5521 1575 5596 τὸν
1605 5520 1894 5594 ἄνθρωπον,

289 5584 595 5664 hominem
616 5588 854 5664 deiecit,
871 5584 1176 5664 Adam—um
1197 5589 1476 5664 videlicet
1491 5591 1554 5648 in
1573 5584 1898 5664 quo'omne

288 5656 472 5716 simul
481 5656 807 5719 hominum
820 5675 1012 5733 genus
1023 5659 1261 5734 dejecit.
1275 5661 1430 5720 Editi
1447 5667 1505 5722 et
1516 5656 1658 5737 Reg.
1691 5679 1902 5724 secun-

1992 4684 2112 4741 que
2125 4666 2514 4726 adulatorum
2532 4668 2782 4740 globum
2797 4672 2934 4741 post
2944 4683 3007 4725 se
3021 4668 3354 4726 trahentes:
3372 4685 3585 4728 verum
3597 4685 3654 4726 ον

1993 4759 2139 4816 tiam
2151 4759 2231 4816 ob
2243 4759 2566 4831 dignitates
2579 4776 2730 4834 quas
2742 4775 2848 4833 per
2862 4759 3147 4829 suffragia
3161 4757 3324 4816 obtin
3333 4774 3470 4818 uere
3481 4758 3656 4823 ,ultra

1994 4864 2184 4921 quam
2213 4854 2437 4906 natura
2467 4849 2626 4916 sinit,
2651 4849 3002 4907 efferuntur.
3029 4848 3205 4908 Plebs
3230 4847 3587 4918 dignitatem
3604 4849 3657 4908 si

1996 4937 2250 5012 dederit,
2277 4939 2326 4996 si
2355 4956 2480 5013 quo
2503 4940 2638 5012 jure
2671 4939 3040 5013 praesidendi
3071 4938 3570 5007 cohonestaverit,
3603 4939 3658 4997 si

1997 5027 2329 5091 decreverit
2339 5031 2912 5104 praestantissimum
2927 5029 3260 5104 quemdam
3276 5029 3660 5100 honorem,et

2000 5155 2116 5213 dus
2148 5161 2204 5212 et
2224 5157 2429 5214 tertius
2455 5156 2794 5230 cumColb.
2826 5155 3024 5230 primo
3048 5157 3165 5216 τοὺς
3204 5152 3526 5230 ἄνθρωπον-ς,
3560 5153 3662 5213 ho-

1999 5230 2184 5286 mines
2236 5231 2472 5301 dejecit,
2522 5227 2846 5301 videlicet;
2866 5245 2973 5301 per
3029 5243 3242 5284 casum
3271 5227 3507 5284 Adami.
3529 5230 3663 5286 Mox

2001 5304 2144 5370 Reg.
2174 5300 2407 5377 primus
2431 5309 2542 5364 τοῖς
2566 5302 2770 5377 ξὲαυτῃοῡ
2801 5300 3156 5377 ἐρέθίσμασιν..

2076 5369 2426 5456 (ΒῙῙΝοειοτ
2452 5369 2599 5456 lteg.
2625 5369 3022 5456 primuscum
3068 5370 3318 5456 reliquis
3367 5369 3663 5456 Combeﬁ-

2006 5443 2192 5520 sianis
2229 5450 2353 5520 Trivi
2379 5443 2716 5520 ἀνθρωπείῳ.
2769 5445 2922 5520 Editi
2966 5449 3023 5502 et
3077 5443 3221 5520 Reg}
3250 5443 3664 5520 secundus}:-

2010 5518 2285 5592 θρωπείαν.
2333 5512 2485 5592 Πιθεῖ
2522 5518 2737 5592 tertius
2778 5512 3319 5592 ἀνθρωπίνηνε-ῌΟΧ-
3345 5512 3527 5592 editio
3557 5514 3667 5592 Pa-

2007 5584 2112 5664 ris.
2168 5595 2320 5664 μόνον
2371 5584 2466 5642 οὐκ
2515 5588 2599 5664 ἐπ).
2638 5593 2734 5647 τὴν
2781 5584 3015 5662 νεφελῶν.
3050 5587 3244 5664 Egilio
3291 5584 3468 5664 Basil,
3495 5589 3664 5664 privet:

2007 5663 2070 5722 οὐ
2122 5656 2218 5723 την
2268 5659 2352 5718 ἰπὶ
2403 5680 2515 5734 νεφ,
2543 5663 2780 5722 Veteres
2809 5656 3074 5734 quatuor
3100 5657 3240 5718 libri
3264 5663 3420 5733 μόνον
3450 5656 3545 5720 τὴν
3570 5656 3667 5712 οὐκ
