4098 6398
485 317 589 372 527

1864 307 1920 363 S.
1965 305 2216 362 BASILll
2253 307 2474 365 MAGNI

3750 325 3847 379 528

472 449 570 506 hic
596 452 751 507 certe
781 445 957 520 quasi
982 444 1320 500 humanam
1340 441 1620 492 naturam
1642 431 2101 491 trancendentes

2246 433 2488 504 μίζουσι,
2522 439 2743 512 πάτημα
2791 440 2913 500 τοὺς
2944 438 3313 512 ὑποκειμένους
3348 438 3653 517 ἀνθρωπους
3692 446 3845 516 ivlo-3-

471 543 708 597 tantum
731 551 856 593 non
877 533 1026 607 ipsis
1051 527 1319 588 nubibus
1340 525 1599 582 insidere
1648 540 1712 579 se
1742 522 2130 588 arbitrantur,

468 624 749 685 homines
777 625 1078 695 subjectos
1104 634 1215 693 pro
1245 614 1510 673 scabello
1529 614 2027 684 ducentes,seque
2047 613 2134 667 at-

468 718 744 774 tollentes
780 714 843 770 in
894 713 1059 786 ipsos
1087 708 1320 765 collatae
1352 705 1472 761 sibi
1497 703 1808 775 dignitatis
1831 706 2128 767 auctores,

468 812 525 864 et
553 805 849 864 adversus
876 819 1000 868 eos,
1025 814 1287 874 quorum
1309 811 1493 869 opera
1515 792 1716 850 eximii
1744 791 1997 865 quidam
2019 787 2131 845 viri

468 912 600 954 esse
627 895 926 958 videntur,
949 890 1401 947 insolescentes.
1435 887 1636 955 Agunt
1660 899 1787 939 rem
1809 878 2129 937 dementiae

464 986 732 1059 plenam,
765 999 904 1038 cum
923 979 1192 1036 habeant
1212 975 1465 1047 gloriam
1491 972 1728 1029 somnio
1750 969 2125 1039 debiliorem,

464 1058 1037 1144 circumdenturque
1062 1066 1381 1141 splendore
1403 1062 1711 1119 nocturnis
1733 1059 1876 1116 visis
1900 1058 2129 1115 inanio-

460 1162 892 1238 re:quiscilicet
913 1157 1119 1232 populi
1135 1160 1281 1212 nutu
1296 1154 1833 1217 couﬂetur,etnutu
1853 1148 2125 1238 ejusdem

459 1236 842 1309 dissolvatur.
871 1245 1182 1319 Ejusmodi
1205 1246 1333 1300 erat
1377 1242 1630 1297 demens
1656 1239 1751 1295 ille
1783 1236 2123 1295 Salomonis

458 1344 638 1407 filius,
686 1337 1146 1410 tetatejuvenis,
1178 1332 1393 1391 mentis
1423 1328 1984 1406 prudentiajunior,
2016 1326 2124 1400 qui

457 1450 597 1490 cum
628 1431 856 1505 populo
879 1427 1205 1500 imperium
1230 1423 1433 1480 mitius
1464 1421 1685 1495 petenti
1716 1419 1925 1475 durius
1957 1434 2122 1474 com-

452 1523 718 1579 minatus
736 1522 913 1585 esset,
939 1522 995 1573 et
1011 1532 1120 1590 per
1136 1515 1335 1571 minas
1353 1527 1608 1583 regnum
1633 1507 2122 1577 amisisset,unde

451 1616 845 1681 regnaturum
865 1622 928 1663 se
951 1605 1266 1675 augustius
1279 1599 1729 1674 sperabat,inde
1745 1614 1815 1654 ex
1829 1598 2122 1669 dignitate

450 1715 637 1774 quam
653 1697 943 1763 habebat,
977 1695 1247 1766 dejectus
1269 1693 1438 1749 est".
1468 1690 1685 1746 Reddit
1702 1693 1905 1745 autem
1929 1686 2122 1743 homi-

2244 541 2407 593 μενοι,
2428 531 2519 579 καὶ
2557 529 2693 580 κατά
2716 536 2817 580 τῶν
2845 531 2940 585 τὴν
2968 526 3117 590 ἀξίαν
3159 524 3466 583 δεδωκότων
3498 532 3674 596 αὐτοῖς
3707 533 3846 588 ἐπαι-

2241 618 2467 687 ρόμενοι,
2509 622 2595 669 καὶ
2649 615 2719 671 δι’
2763 618 2830 669 ὧν
2881 615 3011 670 εἶναι
3043 615 3266 672 δοκοῦσί
3297 640 3448 689 τινες,
3483 627 3620 677 κατά
3649 628 3843 680 τούτων

2243 699 2686 779 ἀλαζονευόμενοι·
2740 713 2961 781 πρᾶγμα
3006 707 3199 783 πλῆρες
3265 707 3438 772 ἀνοίας
3485 713 3839 787 ὑπομένοντες,

2241 789 2438 866 ὀνείρου
2475 796 2788 871 σαθροτὶραν
2819 798 3027 869 ἔχοντες
3059 792 3237 865 δόξαν,
3272 803 3363 851 καὶ
3385 807 3732 879 ματαιοτέραν
3754 825 3843 877 φα-

2240 883 2449 954 σμάτων
2508 890 2812 959 νυκτέρινῶν
2869 885 3294 961 περιϐεϐλημένοι
3323 888 3692 964 λαμπρότητα,
3736 897 3843 947 νευ-

2237 991 2366 1044 ματι
2420 969 2594 1048 δήμου
2651 980 3052 1050 συνισταμένην,
3086 981 3175 1031 καὶ
3224 981 3441 1053 νεύματι
3474 977 3839 1057 διαλυομένην.

2239 1061 2381 1123 Οἷός¹
2409 1065 2471 1121 ἦν
2522 1066 2546 1116 6
2598 1069 2880 1142 παράφρων
2913 1066 3121 1133 ἐκεῖνος,
3162 1070 3187 1121 6
3225 1078 3315 1122 τοῦ
3350 1070 3675 1145 Σολομῶντος
3707 1074 3837 1143 υἱός,

2237 1154 2397 1215 όνέος
2437 1158 2531 1213 την
2584 1155 2810 1224 ἡλικίαν,
2870 1160 2960 1210 καὶ
3009 1159 3097 1220 τάς
3146 1162 3330 1234 φρένας
3389 1166 3651 1235 νεώτερος,
3702 1165 3727 1216 6
3767 1173 3836 1235 τῷ

2237 1239 2391 1315 δήμῳ
2432 1243 2677 1304 ζητοῦντι
2715 1249 3004 1322 πραοτέραν
3070 1249 3350 1320 ἡγεμονίαν
3379 1248 3668 1314 ἀπειλήσας
3723 1274 3835 1326 χα-

2233 1330 2536 1407 λεπωτέραν,
2593 1338 2679 1386 καὶ
2737 1332 2830 1387 δια
2876 1344 2967 1398 τῆς
3023 1334 3237 1399 ἀπειλῆς
3268 1336 3527 1403 ἀπολέσας
3546 1345 3640 1401 την
3683 1341 3837 1415 βασι-

2231 1419 2394 1493 λείαν,
2449 1418 2522 1475 δι’
2552 1423 2615 1484 ἧς
2644 1420 3007 1498 προσεδόκησε
3042 1424 3457 1502 βασιλικώτερος
3488 1429 3837 1505 ὀφθήσεσθαι,

2233 1508 2327 1564 δια
2366 1514 2563 1574 ταύτης
2615 1515 2942 1588 καθαιρεθεὶς
2987 1517 3049 1577 ἧς
3081 1512 3221 1588 εἶχεν
3255 1515 3426 1580 ἀξίας.
3477 1522 3740 1594 Θρασύνει
3779 1519 3836 1575 δὲ

2230 1601 2498 1676 ἄνθρωπον
2555 1607 2645 1655 καὶ
2691 1613 2886 1678 χειρῶν
2918 1601 3164 1678 δύναμις,
3197 1610 3287 1659 καὶ
3317 1608 3487 1679 τάχος
3517 1605 3716 1678 ποδῶν,
3748 1615 3836 1664 καὶ

2233 1696 2474 1764 σώματος
2530 1691 2803 1767 εὐμορφία·
2851 1698 3016 1747 νόσων
3081 1696 3526 1771 παραναλώματα,
3583 1703 3674 1752 καὶ
3704 1705 3834 1774 χρό-

447 1804 590 1846 nem
613 1788 973 1844 insolentem
987 1789 1044 1841 et
1066 1798 1362 1840 manuum
1375 1780 1485 1847 vis,
1506 1778 1847 1836 etceleritas
1866 1784 2093 1849 pedum

2227 1798 2316 1833 νου
2388 1777 2765 1854 δαπανήματα-
2824 1787 2916 1835 καὶ
2993 1783 3087 1837 οὐκ
3171 1785 3492 1854 αἰσθάνεται,
3547 1788 3628 1841 ὅτι
3678 1796 3832 1843 Πᾶσα

450 1884 507 1936 et
538 1879 810 1952 corporis
824 1879 1111 1932 venustas
1135 1889 1150 1930 :
1172 1888 1308 1946 quas
1348 1887 1385 1927 a
1438 1868 1668 1926 morbis
1689 1867 2030 1935 abolentur,
2063 1871 2121 1923 et

449 1973 725 2042 tempore
742 1966 1287 2030 absumuntur;nec
1304 1959 1553 2016 animad
1563 1957 1899 2026 vertitquod
1915 1956 2120 2013 Omnis

449 2073 592 2115 caro
617 2058 832 2128 fenum
861 2057 961 2125 sit,
985 2061 1039 2111 et
1062 2054 1254 2109 omnis
1286 2051 1488 2121 gloria
1516 2048 1793 2116 hominis,
1825 2048 1981 2104 sicut
2003 2048 2115 2116 ﬂos

443 2148 595 2219 feni.
620 2148 805 2202 Aruit
826 2147 1038 2215 fenum
1061 2149 1115 2200 et
1129 2144 1239 2212 ﬂos
1260 2139 1555 2197 decidit”.
1580 2137 1735 2194 Talis
1757 2141 1887 2193 erat
1906 2136 2114 2207 gigan-

443 2240 576 2292 tum
608 2222 688 2291 δι)
717 2234 906 2291 robur
930 2249 1001 2291 ac
1022 2232 1179 2289 vires
1201 2229 1620 2300 arrogantia“,
1656 2226 1792 2284 talis
1815 2231 1937 2283 erat
1965 2241 2113 2299 quo-

442 2339 562 2397 que
593 2322 796 2379 stolidi
821 2322 980 2378 illius
1010 2319 1242 2379 Goliath
1271 2316 1558 2390 superbia
1596 2318 1718 2372 Deo
1746 2314 1989 2371 infensa
2035 2316 2108 2372 ³⁵η.

440 2409 603 2467 Talis
620 2416 751 2467 erat
778 2416 838 2468 et
863 2410 1129 2467 Adonias
1157 2409 1235 2465 de
1263 2405 1710 2481 pulchritudine
1754 2404 2106 2475 gloriabun-

436 2499 555 2557 dus
574 2503 644 2570 ³⁸,
667 2506 725 2558 et
752 2500 1041 2558 Absalom
1070 2497 1409 2573 prolixitate
1430 2512 1621 2553 comae
1643 2493 2001 2568 superbiens
2030 2496 2101 2552 ³⁷.

508 2593 562 2645 2.
604 2590 732 2647 Imo
763 2607 903 2648 vero
920 2589 1088 2663 quod
1118 2589 1272 2644 inter
1292 2586 1413 2643 alia
1438 2584 1785 2641 mortalium
1821 2583 1989 2641 bona
2015 2585 2103 2641 vi-

435 2676 610 2736 detur
632 2680 969 2736 maximum
991 2694 1122 2734 esse
1151 2693 1223 2734 ac
1254 2673 1837 2742 constantissimum,
1865 2673 2104 2747 sapien-

433 2769 518 2826 tia
565 2774 623 2826 et
671 2770 1016 2843 prudentia,
1048 2767 1113 2824 id
1160 2781 1409 2840 quoque
1427 2765 1613 2821 habet
1642 2779 1865 2820 vanam
1887 2763 2097 2821 elatio-

432 2864 597 2929 nem,
642 2863 938 2932 paratque
969 2856 1400 2913 sublimitatem
1439 2870 1565 2911 non
1592 2870 1801 2911 veram
1823 2871 1963 2911 cum
1992 2854 2098 2911 ha-

430 2961 568 3005 rum
624 2962 827 3005 rerum
865 2947 1162 3005 habeatur
1213 2946 1365 3002 ratio
1386 2943 1577 3012 nulla,
1608 2944 1660 2999 si
1692 2944 1792 3000 Dei
1812 2942 1967 3001 desit
1996 2959 2096 3001 sa-

430 3036 684 3111 pientia.
727 3042 877 3095 Nam
896 3035 1444 3108 diaboloipsimale
1468 3033 1646 3090 cessit
1668 3032 2010 3090 adhibitum
2035 3034 2095 3090 in

2241 1869 2378 1943 σάρξ
2440 1874 2654 1943 χόρτος,
2720 1876 2811 1924 καὶ
2865 1879 3015 1928 πᾶσα
3071 1869 3203 1937 δόξα
3267 1873 3560 1950 ἀνθρώπου,
3628 1878 3699 1939 ὡς
3747 1879 3831 1932 ἄν·

2232 1959 2315 2019 θος
2379 1964 2603 2035 χόρτου.
2681 1960 2967 2034 Ἐξηράνθη
3051 1964 3076 2014 6
3132 1967 3352 2039 χόρτος,
3414 1970 3505 2018 καὶ
3562 1968 3621 2018 τὸ
3678 1968 3831 2032 ἄνθος

2227 2045 2468 2110 ἐξέπεσε.
2554 2056 2808 2103 Τοιαῦται
2879 2053 3140 2124 γιγάντων
3178 2050 3261 2106 ἐπὶ
3342 2050 3562 2128 δυνάμει
3645 2054 3831 2119 ἀλαζο-

2223 2144 2374 2204 νεῖαι,
2431 2143 2521 2191 καὶ
2571 2139 2758 2193 Γολιάθ
2818 2139 3039 2200 ἀνοήτου
3090 2147 3330 2217 φρόνημα
3385 2146 3667 2217 θεομάχον,
3745 2150 3832 2199 καὶ

2223 2227 2251 2279 6
2299 2227 2473 2280 κάλλει
2507 2232 2643 2302 μέγα
2683 2239 2877 2306 φρονῶν
2927 2228 3201 2301 Ἀδωνίας,
3258 2237 3348 2286 καὶ
3404 2236 3611 2308 μεγέθει
3658 2239 3829 2310 κόμης

2219 2313 2551 2393 ἐπαιρόμενος
2583 2318 2945 2394 Ἀϐεσσαλὼμ.

2285 2588 2339 2642 2.
2370 2584 2436 2639 Ὃ
2482 2583 2542 2641 δὲ
2591 2583 2740 2641 δοκεῖ
2782 2597 2884 2643 τῶν
2911 2589 3075 2643 ὁᾶλων
3114 2599 3215 2644 τῶν
3241 2593 3581 2667 ὑπαρχόντων
3612 2594 3817 2672 ἀνθρὼ-

2210 2694 2326 2737 ποις
2372 2676 2540 2730 καλῶν
2593 2682 2843 2751 μέγιστον
2878 2676 3009 2734 εἶναι
3058 2685 3149 2734 καὶ
3180 2680 3531 2756 βεϐαιότερον,
3583 2685 3613 2744 ἡ
3663 2691 3821 2758 σοφία

2209 2771 2300 2818 καὶ
2321 2767 2350 2825 ἡ
2386 2768 2504 2838 (58)
2533 2773 2800 2842 φρόνησις,
2841 2774 2931 2823 καὶ
2959 2778 3112 2823 τοῦτο
3141 2778 3363 2844 ματαῖον
3394 2773 3534 2845 (58.)
3578 2774 3692 2845 ἔχει
3722 2779 3816 2834 τὴν

2212 2857 2453 2929 ἔπαρσιν,
2503 2862 2593 2910 καὶ
2652 2857 2781 2930 ὕψος
2846 2858 2940 2912 οὐκ
2994 2858 3179 2921 ἀληθὲς
3248 2863 3661 2935 παρασκευάζει·
3722 2873 3816 2926 τῆς

2207 2946 2357 3019 παρὰ
2389 2954 2522 3001 Θεοῦ
2556 2952 2739 3023 σορίας
2782 2946 3042 3017 ἀπούσης,
3085 2949 3158 3012 εὶς
3186 2946 3338 3003 οὐδὲν
3376 2953 3572 3004 τούτων
3601 2951 3817 3026 λογιζο-

2207 3040 2398 3110 μένων,
2461 3040 2738 3091 Δίαπίπτει
2783 3040 2873 3110 μὲν
2924 3040 3021 3114 γὰρ
3051 3037 3192 3109 αὐτῷ
3232 3047 3305 3111 τῷ
3336 3035 3371 3092 δ
3378 3039 3566 3115 ιαϐόλῳ
3591 3044 3649 3095 τό
3681 3046 3817 3096 κατά

428 3124 743 3184 hominem
759 3127 1081 3185 artiﬁcium
1107 3130 1193 3195 ;et
1210 3129 1378 3198 quod
1400 3123 1781 3181 machinatus
1807 3127 1897 3179 est
1921 3125 1963 3194 1
1980 3124 2095 3195 58

2215 3133 2301 3180 τοῦ
2345 3126 2619 3203 ἀνθρώπου
2681 3130 2938 3200 σόφισμα,
2989 3132 3079 3181 καὶ
3131 3128 3249 3182 καθ’
3309 3129 3495 3183 ἑαυτοῦ
3547 3134 3814 3204 τεχνάσας

430 3220 644 3274 contra
691 3215 1096 3273 hominem.id
1135 3214 1351 3271 struxit
1376 3212 1637 3269 insciens
1686 3212 1983 3269 adversus
2009 3229 2097 3270 se-

434 3308 765 3381 metipsum
799 3324 813 3363 :
840 3306 1144 3380 siquidem
1167 3319 1291 3360 non
1314 3307 1548 3360 tantum
1574 3303 1781 3360 nocuit
1803 3302 1877 3371 ei,
1909 3319 2094 3376 quem

428 3414 467 3458 a
491 3401 609 3455 Deo
639 3401 699 3454 et
722 3413 759 3454 a
790 3397 906 3453 vita
934 3399 1158 3453 aeterna
1183 3393 1671 3450 abalienaturum
1705 3409 1768 3450 se
1812 3408 2096 3466 sperave-

430 3493 548 3555 rat,
596 3491 895 3560 quantum
956 3502 1022 3541 se
1078 3484 1208 3558 ipse
1247 3483 1534 3557 prodidit,
1568 3483 1945 3553 transfugaa
1974 3486 2094 3540 Deo

427 3579 647 3648 factus,
704 3580 763 3632 et
812 3576 990 3632 morti
1051 3579 1291 3631 mternaa
1323 3572 1627 3630 addictus.
1654 3577 1845 3646 Atque
1873 3573 2093 3647 laqueo

424 3684 612 3743 quem
646 3667 900 3724 Domino
930 3665 1166 3734 struxit,
1196 3668 1410 3737 captus
1459 3664 1591 3737 ipse
1621 3668 1733 3731 est,
1769 3663 2092 3720 cruciﬁxus

421 3758 486 3818 in
515 3775 588 3816 ea
617 3774 814 3828 cruce,
838 3757 899 3813 in
928 3772 1053 3830 qua
1072 3755 1509 3813 cruciﬁxurum
1535 3770 1598 3810 se
1623 3754 1871 3812 rebatur
1898 3774 1910 3825 ;
1935 3759 1992 3811 et
2020 3770 2094 3813 ea

423 3855 617 3907 morte
663 3852 942 3905 mortuus
973 3862 1097 3921 qua
1129 3845 1454 3902 Dominum
1503 3845 1825 3917 speravita
1849 3860 1913 3902 se
1937 3845 2093 3903 occi-

422 3955 561 3996 sum
611 3938 703 3994 iri.
769 3937 943 4003 Quod
993 3937 1041 3992 si
1062 3936 1278 3992 mundi
1298 3935 1605 4008 princeps,
1634 3935 1872 4008 primus
1903 3934 2001 3992 ille
2032 3939 2091 3992 et

420 4028 728 4087 maximus
761 4030 820 4083 et
847 4025 1166 4081 invisibilis
1198 4024 1506 4097 sapientiae
1536 4024 1869 4081 mundanae
1902 4025 2091 4095 magi-

419 4124 541 4175 ster
595 4117 832 4190 capitur
884 4115 1013 4172 suis
1069 4115 1260 4188 ipsius
1286 4113 1573 4183 artiﬁciis,
1596 4120 1655 4172 et
1702 4114 1784 4171 ad
1803 4113 2089 4186 insipien-

418 4208 568 4266 tiam
594 4211 928 4265 extremam
982 4205 1311 4275 redigitur:
1344 4204 1534 4262 multo
1577 4204 1777 4275 magis
1816 4204 1948 4276 ejus
2002 4203 2089 4261 di-

419 4296 633 4371 scipuli
663 4301 845 4370 atque
866 4294 1272 4363 temulatores,
1300 4294 1542 4351 etiamsi
1563 4293 1899 4350 innumeris
1923 4309 2086 4350 com-

2208 3215 2383 3270 ἔλαθεν
2451 3217 2475 3269 ὃ
2525 3218 2661 3268 κατά
2701 3224 2795 3269 τοῦ
2858 3214 3132 3292 ἀνθρώπου
3179 3221 3580 3293 μεμηχάνηται,
3662 3219 3813 3276 οὐδὲν

2205 3313 2454 3360 τοσοῦτον
2510 3304 2699 3360 ἐκεῖνον
2744 3305 3044 3379 ζημιώσας,
3093 3307 3148 3361 ὃν
3206 3308 3422 3367 ἦλπισεν
3450 3308 3804 3385 ἀπαλλοτριω-

2210 3415 2317 3449 σειν
2375 3402 2500 3450 Θεοῦ
2545 3400 2636 3448 καὶ
2685 3395 2827 3458 ζωῆς
2882 3396 3115 3466 αἰωνίου,
3175 3398 3297 3451 ὅσον
3345 3398 3526 3453 ἑαυτόν
3556 3398 3807 3476 προδοὺς,

2206 3485 2508 3548 ἀποστάτης
2555 3493 2689 3539 Θεοῦ
2754 3491 2990 3559 γεγονὼς,
3037 3491 3127 3541 καὶ
3155 3489 3357 3561 θανάτῳ
3396 3487 3810 3554 καταδικασθεὶς

2207 3577 2417 3648 αἰωνίῳ.
2468 3579 2569 3629 Καὶ
2616 3580 2710 3635 τὴν
2755 3578 2892 3629 κατά
2929 3584 3033 3629 τοῦ
3076 3582 3270 3652 Κυριόυ
3326 3582 3526 3641 στήσας
3583 3576 3810 3651 παγίδα,

2207 3664 2303 3721 διὰ
2352 3669 2549 3727 ταύτης
2597 3665 2746 3735 ἑάλω,
2806 3668 3126 3741 σταυρωθεὶς
3154 3665 3202 3719 ἐν
3298 3674 3621 3742 σταυρώσειν
3646 3688 3810 3743 προσ-

2204 3753 2450 3823 εδόκησε,
2503 3759 2594 3808 καὶ
2661 3753 2931 3808 ἀποθανὼν
2983 3755 3032 3808 ἔν
3198 3759 3286 3809 τόν
3347 3758 3533 3831 Κύριον
3592 3757 3809 3816 ἤλπισεν

2203 3845 2506 3919 ἀναιρήσειν
2550 3847 2775 3918 θανάτῳ.
2832 3845 2894 3898 Εἰ
2941 3841 3000 3898 δὲ
3055 3845 3082 3897 ὁ
3124 3852 3216 3899 τοῦ
3273 3849 3468 3920 κόσμον
3522 3848 3728 3921 ἅρχων,
3781 3848 3807 3900 ὀ

2200 3944 2407 4013 πρῶτος
2453 3939 2542 3988 καὶ
2575 3938 2826 4009 μέγιστος
2880 3938 2971 3987 καὶ
3010 3932 3233 4009 ἀόρατος
3288 3945 3384 3998 τῆς
3424 3944 3679 4009 κοσμικῆς
3721 3952 3810 3990 σο·

2201 4030 2325 4101 φίας
2356 4029 2633 4098 σοφιστής,
2665 4023 2932 4077 ἀλίϐκεται
2968 4030 3073 4085 τοῖς
3097 4022 3283 4077 ἑαυτοῦ
3335 4028 3681 4099 σοφίσμασιν,
3735 4026 3806 4088 εἰς

2198 4120 2295 4174 τὴν
2344 4113 2582 4187 ἐσχάτην
2634 4114 3037 4188 περιιστάμενος
3084 4110 3402 4188 ἀφροσύνην,
3448 4113 3619 4185 πολλῷ
3670 4114 3800 4188 μᾶλ-

2197 4203 2284 4258 λον
2337 4206 2387 4256 οὶ
2434 4202 2626 4256 ἐκείνου
2680 4205 2917 4276 μαθηταὶ
2960 4205 3050 4255 καὶ
3090 4201 3343 4271 ζηλωταὶ,
3400 4202 3494 4255 κᾶν
3531 4224 3696 4279 μυρια
3724 4224 3802 4258 σο-

2200 4299 2488 4367 φίσωνται,
2554 4293 2843 4355 Φάσκοντες
2914 4288 3045 4345 εἶναι
3118 4296 3299 4365 σοφοὶ,
3385 4290 3796 4365 ἐμωράνθησαν.

416 4388 637 4446 mentis
690 4392 953 4456 utantur,
999 4388 1277 4444 Dicentes
1331 4400 1393 4442 se
1421 4401 1542 4442 esse
1561 4385 1880 4455 sapientes,
1910 4386 2090 4442 stulti

2215 4384 2622 4456 ζατασοφίξεται
2663 4385 2850 4457 Φαραὼ
2905 4381 3019 4453 (59)
3066 4379 3144 4434 ἐπ’
3204 4381 3394 4457 ὀλέθρῳ
3422 4381 3658 4456 Ἰσραήλ·
3694 4382 3802 4437 ἀλλ’

410 4480 572 4551 facti
598 4485 741 4536 sunt
761 4480 831 4534 ³⁸.
854 4477 1113 4534 Adhibet
1140 4482 1300 4534 artes
1331 4475 1527 4532 malas
1557 4475 1789 4532 Pharao
1812 4476 1890 4532 ad
1904 4479 2086 4534 Israe-

410 4571 533 4628 lem
561 4568 1177 4644 disperdendum:sed
1202 4582 1328 4624 non
1350 4565 1782 4623 animadvertit
1830 4566 1974 4623 inde
2005 4567 2080 4625 ir-

405 4660 589 4719 ritam
618 4661 745 4717 fore
769 4676 945 4716 suam
978 4658 1288 4724 astutiam,
1321 4656 1486 4712 unde
1532 4655 1682 4711 nihil
1723 4656 2079 4728 liujusmodi

411 4750 791 4825 expectabat.
825 4752 893 4806 Et
913 4748 1113 4805 infans
1138 4749 1270 4820 ejus
1285 4746 1466 4818 jussu
1491 4745 1571 4803 ad
1598 4751 1854 4803 mortem
1886 4764 2078 4820 expo-

406 4841 577 4912 situs,
609 4839 770 4897 clam
791 4838 855 4895 in
876 4838 1062 4896 domo
1086 4836 1257 4909 regia
1283 4835 1545 4892 nutritur
1573 4837 1621 4871 39
1646 4850 1660 4891 :
1685 4834 1791 4909 qui
1834 4840 1894 4894 et
1916 4836 2075 4895 illius

2195 4475 2368 4529 ΰιαθεν
2400 4477 2425 4527 6
2454 4475 2855 4547 κατασοφισμὸς
2886 4471 3025 4542 αῦτῷ
3082 4468 3369 4537 διαλυθεὶς,
3399 4472 3511 4525 ὅθεν
3542 4472 3600 4525 οὗ
3639 4493 3802 4547 προσ-

2195 4563 2437 4624 εδόκησε.
2476 4569 2577 4618 Καὶ
2605 4562 2794 4638 βρέφος
2824 4560 3022 4615 ἐκτεθὲν
3076 4557 3170 4614 διὰ
3203 4565 3261 4616 τὸ
3293 4566 3610 4637 πρόσταγμα
3636 4564 3795 4619 αὑτοῦ

2193 4656 2265 4717 εἰς
2332 4658 2546 4709 θάνατον
2602 4654 2840 4707 λανθάνει
2880 4656 3188 4727 τρεφόμενον
3237 4650 3321 4704 ἐπὶ
3367 4661 3462 4716 τῆς
3506 4654 3675 4716 οἰκίας
3702 4663 3794 4716 τῆς

2192 4746 2498 4820 βασιλικῆς.
2548 4750 2639 4798 καὶ
2681 4746 2965 4818 καθαιροῦν
3020 4746 3116 4801 τὴν
3172 4739 3365 4795 ἐκείνου
3437 4738 3657 4816 δύναμιν
3705 4747 3793 4796 καὶ

2188 4841 2284 4898 τὴν
2324 4846 2416 4892 τοῦ
2459 4838 2653 4898 παντὸς
2701 4832 2898 4903 ἔθνους,
2957 4835 3050 4885 καὶ
3098 4833 3187 4885 τὸν
3235 4830 3450 4908 Ἰσραὴλ
3511 4832 3691 4906 ἐξάγον
3718 4832 3791 4897 εἰς

478 5038 527 5074 ³³
557 5036 633 5093 ΙΙΙ
659 5039 800 5107 Reg.
831 5051 937 5101 xu,
966 5037 1021 5106 4,
1056 5037 1145 5092 14.
1229 5033 1278 5070 ³³
1304 5033 1533 5108 Ιεειρχῐλ,
1575 5037 1630 5103 6,
1670 5039 1726 5091 7.
1805 5035 1853 5072 3"
1893 5023 2048 5094 Gen.
2078 5052 2101 5093 π

2215 5038 2234 5094 ι
2278 5054 2292 5106 ;
2332 5036 2473 5108 Sap.
2514 5050 2633 5106 xw,
2675 5036 2728 5091 6.
2806 5032 2855 5069 ιε
2896 5030 2917 5085 Ι
2955 5032 3099 5104 Reg.
3142 5045 3282 5103 xvn,
3322 5033 3377 5090 4.
3455 4994 3617 5104 "IlI,
3642 5033 3783 5104 Reg.

745 5111 790 5146 37
833 5110 879 5163 ΙΙ
901 5109 1048 5179 Reg.
1083 5122 1204 5179 XIV,
1234 5109 1327 5164 26.
1404 5107 1452 5142 ³⁸
1493 5110 1669 5164 Rom.
1700 5122 1742 5181 ι,
1775 5110 1868 5166 22.

402 5126 447 5181 ι,
480 5114 511 5166 5
534 5126 670 5184 sqq.

1944 5109 2150 5167 “Jud.
2189 5125 2270 5182 1x,
2301 5114 2324 5166 1
2360 5122 2535 5182 seqq.

399 5304 744 5382 ἐπὶνεφελῶν·
780 5307 887 5365 ubi
939 5308 1079 5382 post
1139 5303 1424 5382 voculam
1481 5308 1577 5364 τὴν
1638 5303 2055 5382 supplendum

2215 5308 2421 5382 strator),
2431 5303 2663 5382 _rectius
2675 5343 2691 5358 .
2723 5305 2881 5382 Emr.

397 5383 488 5452 est
511 5378 680 5450 illud,
707 5379 899 5434 ἑαυτῶν
930 5378 1104 5452 φύσιν,
1128 5393 1299 5435 suam
1324 5379 1592 5447 ipsorum
1622 5383 1914 5435 naturam
1935 5378 2056 5434 col-

399 5450 611 5517 locari,
647 5468 754 5508 seu
784 5450 1077 5508 collocari
1094 5466 1174 5507 se.

492 5526 578 5595 58)
608 5522 876 5596 Antiqui
934 5523 1057 5579 duo
1088 5522 1222 5578 libri
1278 5526 1367 5596 καὶ
1480 5523 1652 5596 Deest
1674 5519 1959 5596 articulus
1988 5520 2048 5576 in

391 5591 677 5666 vulgatis,
702 5591 1017 5665 Sapientia
1046 5600 1101 5650 et
1129 5594 1467 5666 prudentia,
1498 5594 1775 5666 humana
1805 5591 2047 5666 scilicet.

464 5663 580 5741 (5'8)
640 5667 742 5721 Καὶ
786 5663 946 5720 τοῦτο
1004 5672 1245 5739 ματαῖον.
1302 5663 1409 5719 Ed.
1460 5664 1644 5721 Paris.
1718 5666 1856 5720 i839
1906 5663 2052 5736 legit

2235 5378 2349 5453 (59)
2386 5370 2526 5453 _Yox
2556 5380 2744 5453 Φαραώ
2773 5373 3070 5453 reperitur
3097 5373 3164 5453 _in
3202 5371 3371 5453 Colb.
3398 5370 3697 5453 primoet
3713 5370 3780 5427 in

2160 5442 2303 5518 Reg.
2330 5442 2545 5504 itidem
2574 5442 2795 5519 primo,
2826 5442 2942 5501 hoc
2972 5445 3182 5519 modo,
3235 5442 3424 5519 Φαραῶ
3453 5442 3531 5495 ἐπ’
3586 5442 3778 5519 όλέθρῳ

2161 5516 2367 5593 Φαραὼ,
2389 5516 2633 5576 Phanio
2652 5520 2712 5574 in
2733 5518 2830 5593 sui
2849 5519 3043 5593 ipsius
3057 5516 3398 5593 Pharaonis
3416 5516 3774 5585 perniciem.

2160 5589 2311 5649 Editi
2341 5602 2399 5650 et
2430 5594 2570 5664 lleg.
2604 5590 2914 5648 secundus
2940 5594 3006 5647 ut
3028 5589 3091 5646 in
3120 5591 3429 5646 contextu.

3102 5828 3121 5855 ἱ
