4098 6422
337 334 442 388 529

1558 330 1846 387 HOMIIJA
1888 328 1976 381 DE
2019 327 2457 385 lllTMlLl'l‘A'l'E.

3603 327 3706 390 530

338 459 622 529 σωτηρίαν.
678 453 742 506 ‘0
793 450 851 506 δε
900 450 1210 527 ἀνδροφόνος
1274 453 1572 527 ’Λϐιμέλεχ,
1633 454 1657 504 ό
1715 459 1806 503 τοῦ
1856 457 1921 502 Γε

2055 453 2112 504 et
2141 451 2335 518 gentis
2367 454 2542 508 totius
2574 469 2783 509 eversa
2817 451 3272 525 potentia,esset
3301 450 3578 507 lsraelem
3607 449 3705 506 in-

339 542 467 598 δεὼν
499 545 612 613 (60)
643 547 788 606 νόθος
833 547 964 609 υἱός,
994 543 1018 594 ό
1050 547 1170 606 τούς
1198 541 1556 617 ἐϐδομήκοντα
1586 539 1784 602 παῖδας
1819 544 1940 601 τοὺς

336 639 588 706 γνησίους
644 631 970 699 ἀποκτείνας,
1021 637 1108 684 καί
1159 636 1314 705 σοφόν
1362 641 1514 685 τοῦτο
1558 636 1776 705 νομίσας
1809 631 1942 691 ἐξευ-

336 728 549 799 ρηκέναι
592 727 720 798 πρὸς
764 726 821 775 τό
877 721 1102 796 βεϐαίως
1158 728 1251 781 την
1313 723 1586 796 βασιλείαν
1626 727 1938 790 κατασχεῖν,

339 812 601 888 συντρίϐει
653 815 742 886 μὲν
795 816 917 873 τούς
968 818 1246 888 συνεργούς
1294 813 1434 884 αύτῴ
1479 818 1570 864 τοῦ
1601 815 1752 884 φόνου
1792 829 1940 880 γενο-

334 907 536 975 μένους,
600 901 930 975 συντρίϐεται
989 897 1047 954 δὲ
1095 902 1179 954 ὑπ’
1226 902 1418 954 αύτώνο
1464 906 1551 953 καὶ
1596 900 1730 960 τέλος
1781 897 1939 950 απολ-

333 991 482 1044 λυται
526 997 672 1065 χειρὶ
703 995 944 1062 γυναικός
971 996 1061 1043 καὶ
1101 992 1247 1044 λίθου
1486 995 1587 1043 Καὶ
1635 988 1938 1061 ἐσοφίσαντο

333 1085 510 1142 πάντες
540 1077 794 1135 Ἰουδαῖοι
831 1083 966 1134 κατὰ
995 1089 1086 1133 τοῦ
1143 1085 1335 1155 Κυρίου
1381 1079 1646 1153 βούλευμα
1689 1078 1938 1151 ὀλέθριον,

339 1171 536 1231 ἑαυτοῖς
593 1170 842 1242 λέγοντες.
901 1173 1019 1223 Ἰίίὰν
1081 1169 1284 1243 ἀφῶμεν
1341 1171 1501 1231 οὕτως
1541 1170 1676 1240 (61),
1754 1169 1937 1227 πάντες

332 1263 707 1313 πιστεύσουσιν
774 1261 845 1322 εἰς
911 1260 1080 1313 αὐτόν·
1159 1265 1248 1312 καὶ
1319 1258 1611 1311 ἐλεύσονται
1695 1257 1743 1309 οἰ
1810 1256 1936 1308 Ῥω-

330 1357 497 1423 μαῖοι,
540 1355 630 1403 καὶ
680 1349 895 1425 ἀροῦσιν
956 1351 1101 1423 ἡμῶν
1157 1353 1243 1402 τόν
1295 1353 1453 1402 τόπον
1512 1353 1600 1401 καὶ
1653 1351 1711 1401 τὸ
1771 1349 1930 1407 ἔθνος.

330 1439 419 1492 Ἐκ
460 1443 645 1492 τούτου
694 1447 786 1491 τοῦ
837 1438 1194 1512 βουλεύματος
1238 1439 1321 1492 ἐπὶ
1378 1444 1472 1497 τὴν
1521 1441 1934 1513 Χριστοκτονίαν

330 1528 574 1595 ἐλθόντες,
608 1530 676 1591 ὡς
719 1531 778 1581 τὸ
811 1531 947 1589 ἔθνος
977 1529 1127 1581 αὐτοὶ
1166 1533 1255 1582 καὶ
1283 1533 1374 1587 τὴν
1417 1535 1599 1602 χώραν
1633 1524 1932 1579 διασώσον-

326 1638 425 1685 τες,
475 1617 772 1671 ἀπολώλασι
803 1615 878 1670 δι’
921 1618 988 1670 ὧν
1036 1617 1426 1685 ἐϐουλεύσαντο,
1472 1621 1562 1670 καὶ
1611 1616 1664 1669 ἐκ
1693 1625 1786 1678 τῆς
1823 1620 1934 1686 χώ-

327 1728 424 1782 ρας
452 1708 752 1776 ἀνάστατοι,
797 1713 885 1761 καὶ
923 1717 1023 1761 τῶν
1060 1713 1227 1782 νόμων
1278 1708 1538 1784 ἀλλότριοι
1577 1713 1668 1760 καὶ
1711 1715 1802 1769 τῆς
1845 1707 1932 1759 λα-

2053 538 2353 596 columem
2397 542 2744 600 educturus.
2795 540 3141 597 Abimelech
3185 556 3348 609 vero,
3398 539 3705 596 homicida

2048 627 2166 696 ille,
2227 630 2520 688 Gedeonis
2569 631 2810 704 spurius
2863 629 3048 699 ﬁlius,
3103 630 3208 701 qui
3260 629 3560 697 legitimos
3606 644 3704 684 se-

2049 720 2368 790 ptuaginta
2393 722 2548 777 ﬁlios
2573 720 2894 789 occiderat,
2919 719 3156 791 hocque
3176 718 3255 773 ad
3277 717 3706 774 stabiliendam

2048 811 2218 879 regni
2255 812 2706 883 possessionem
2746 810 3050 882 sapienter
3087 808 3491 877 excogitatum
3523 807 3708 862 fuisse

2047 906 2388 972 putaverat,
2434 906 2500 958 ut
2545 902 2726 957 caedis
2769 900 2930 956 illius
2967 899 3277 970 adjutores
3325 896 3598 963 conterit,
3625 896 3708 952 ita

2048 989 2126 1046 ab
2155 991 2302 1062 ipsis
2332 992 2676 1058 conteritur,
2721 1006 2788 1047 ac
2834 989 3083 1046 tandem
3133 986 3401 1042 mulieris
3430 1001 3620 1041 manu
3649 988 3708 1041 et

2044 1080 2266 1153 lapidis
2321 1083 2442 1138 ictu
2471 1082 2642 1154 perit.
2675 1081 2826 1147 Quin
2847 1085 2904 1137 et
2927 1079 3117 1136 Judaei
3149 1093 3360 1135 omnes
3386 1076 3706 1133 consilium

2047 1172 2161 1227 sibi
2191 1173 2512 1229 exitiosum
2543 1178 2753 1228 contra
2784 1173 3101 1228 Dominum
3144 1169 3514 1226 architectati
3542 1171 3704 1233 sunt,

2045 1277 2185 1318 cum
2213 1262 2516 1318 dicerent:
2566 1263 2633 1318 Si
2654 1263 2964 1319 siverimus
2993 1263 3096 1332 sic,
3132 1275 3331 1316 omnes
3369 1259 3612 1316 credent
3640 1258 3705 1312 in

2044 1367 2210 1408 eum:
2230 1358 2283 1409 et
2311 1353 2546 1409 venient
2577 1351 2851 1418 Romani,
2882 1357 2934 1408 et
2967 1353 3180 1406 tollent
3206 1355 3475 1404 nostrum
3511 1349 3702 1404 locum

2043 1447 2098 1498 et
2125 1448 2358 1512 gentem
2381 1444 2449 1498 ιο.
2492 1445 2630 1498 Post
2654 1442 2770 1497 hoc
2809 1440 3134 1497 consilium
3159 1438 3504 1494 occidentes
3535 1435 3702 1493 Chri-

2043 1536 2224 1602 stum,
2269 1532 2432 1587 velut
2461 1536 2700 1602 gentem
2743 1545 2814 1586 ac
2853 1530 3164 1599 regionem
3213 1527 3532 1597 servaturi,
3583 1525 3701 1581 hoc

2039 1623 2176 1694 ipso
2206 1622 2454 1678 consilio
2492 1627 2814 1693 utramque
2852 1619 3191 1692 perdidere,
3223 1622 3351 1673 tum
3381 1633 3412 1672 e
3452 1615 3700 1685 regione

2039 1711 2218 1784 pulsi,
2251 1716 2377 1767 tum
2410 1728 2446 1767 a
2472 1711 2708 1781 legibus
2739 1727 2810 1766 ac
2837 1709 3005 1766 cultu
3036 1709 3136 1764 Dei
3169 1705 3516 1763 abalienati.
3543 1707 3606 1761 Et
3635 1705 3699 1761 in

325 1804 497 1873 τρείας
543 1803 892 1872 γεγενημένοι.
943 1804 1041 1852 Καὶ
1091 1800 1217 1862 ὅλως
1265 1799 1314 1850 ἐν
1343 1803 1553 1875 μυρίοις
1596 1801 1657 1850 οἶν
1706 1818 1782 1858 τις
1830 1818 1921 1850 κα-

2042 1817 2306 1870 summa,
2339 1817 2413 1856 ex
2439 1799 2777 1858 innumeris
2815 1796 3108 1869 exemplis
3129 1796 3359 1851 discere
3385 1794 3604 1866 cuique
3632 1792 3700 1848 li-

322 1890 550 1961 ταμάθοι
587 1893 693 1958 (62)
744 1885 1143 1962 παραδείγμασι
1193 1891 1386 1962 σαθρὸν
1424 1891 1482 1942 τὸ
1532 1896 1622 1950 τῆς
1675 1887 1931 1962 ἀνθρωπί-

322 1998 415 2040 νης
449 1983 632 2050 σοφίας
657 1978 1028 2052 πλεονέκτημα,
1059 1984 1245 2054 μικρόν
1275 1999 1328 2032 τε
1353 1982 1441 2032 καὶ
1469 1980 1708 2032 ταπεινὸν
1739 1977 1929 2050 μᾶλλον

322 2068 352 2128 ἢ
396 2073 534 2142 μέγα
562 2072 652 2122 καὶ
685 2069 902 2140 ὑψηλὸν.

393 2162 444 2214 3.
486 2157 646 2211 "iter:
691 2155 861 2219 οὐδεὶς
901 2155 954 2210 εὖ
1008 2166 1222 2232 φρονῶν,
1264 2158 1382 2213 οὒτε
1433 2158 1516 2212 ἐπὶ
1560 2167 1622 2232 τῇ
1676 2161 1832 2230 σοφίᾳ
1860 2165 1923 2229 τῇ

321 2246 505 2302 ἑαυτοῦ
571 2252 706 2320 μέγα
763 2254 1029 2324 φρονήσει,
1103 2253 1220 2302 οὔτε
1277 2248 1360 2302 ἐπὶ
1421 2257 1528 2310 τοῖς
1588 2247 1761 2310 (ἣλοις
1819 2253 1925 2309 τοῖς

320 2342 727 2412 προειρημένοις,
771 2337 898 2391 ἀλλα
925 2342 1272 2398 πεισθήσεται
1315 2347 1376 2411 τῇ
1425 2338 1677 2412 καλλίστῃ
1727 2342 1926 2409 παραί-

318 2433 572 2489 νέσειτῆς
619 2433 884 2502 μακαρίας
929 2428 1114 2491 "Arva;
1173 2435 1263 2482 καὶ⁹
1311 2437 1401 2482 τοῦ
1445 2435 1713 2504 προφήτου
1774 2429 1926 2504 Ἰερε-

319 2523 462 2592 μίου·
527 2524 609 2577 Μὴ
668 2520 964 2591 καυχάσθω
1021 2521 1046 2572 ό
1108 2525 1260 2591 σοφὸς
1318 2519 1366 2571 ἐν
1527 2523 1686 2592 σοφία
1741 2519 1923 2586 αύτοῦ,

318 2612 407 2660 καὶ
455 2612 526 2682 μὴ
588 2610 886 2679 καυχάσθω
943 2608 968 2660 ὁ
1031 2609 1252 2682 ἰσχυρός
1306 2607 1354 2661 ἐν
1527 2608 1684 2680 ἰσχύϊ
1741 2609 1921 2675 αὑτοῦ,

317 2703 406 2750 καὶ
473 2702 543 2771 μὴ
605 2700 902 2770 καυχάσθω
959 2697 985 2749 ό
1041 2698 1292 2761 πλούσιος
1339 2698 1388 2750 ἐν
1440 2707 1510 2770 τῷ
1563 2697 1769 2770 πλούτῳ
1825 2698 1923 2750 αύ-

317 2795 430 2844 τοῦ.
490 2786 645 2839 Ἀλλὰ
700 2792 750 2840 τί
802 2791 859 2840 τὸ
908 2790 1255 2862 καύχηματό
1310 2787 1528 2856 ἀληθές;
1583 2792 1672 2841 καὶ
1720 2788 1766 2841 ἐν
1817 2793 1922 2842 τίνι

320 2883 476 2950 μέγας
532 2880 557 2931 ὁ
607 2880 920 2953 ἄνθρωποςῖ
977 2879 1054 2932 Ἐν
1097 2882 1282 2950 τούτῳ,
1336 2883 1487 2952 φησὶν
1547 2879 1846 2951 καυχάσθω
1894 2879 1919 2930 ὁ

320 2974 668 3040 καυχώμενος,
727 2967 773 3020 ἐν
832 2977 904 3039 τῷ
964 2975 1155 3021 συνιεῐν
1208 2973 1298 3022 καὶ
1346 2973 1639 3040 γινώσκειν,
1693 2970 1772 3021 ὅτι
1821 2967 1918 3039 ἐγὼ

321 3061 524 3131 Κύριος.
557 3065 719 3110 Τοῦτο
751 3058 880 3129 ὕψος
909 3059 1205 3133 ανθρώπου,
1251 3066 1403 3110 τοῦτο
1450 3055 1582 3121 δόξα
1623 3061 1712 3110 καὶ
1753 3077 1916 3131 μεγα-

2040 1897 2149 1960 cet,
2221 1891 2680 1964 praerogativam
2743 1887 3055 1961 sapientiae
3105 1887 3391 1944 humanae
3434 1883 3697 1939 debilem

2036 1996 2575 2055 esse,parvamque
2597 1986 2654 2038 et
2670 1979 2964 2038 humilem
2982 1977 3178 2047 magis
3197 1992 3384 2049 quam
3405 1989 3698 2044 magnam

2036 2089 2108 2132 ac
2134 2074 2484 2129 sublimem.

2106 2169 2159 2220 3.
2189 2163 2395 2236 itaque
2425 2179 2606 2219 nemo
2631 2160 2922 2235 prudens,
2945 2174 3146 2232 neque
3167 2157 3241 2214 de
3267 2155 3565 2229 sapientia
3582 2170 3697 2212 sua

2035 2254 2239 2310 efferet
2281 2270 2364 2323 se,
2397 2267 2594 2325 neque
2643 2252 2718 2307 de
2758 2250 2988 2308 caeteris
3018 2265 3176 2321 quas
3207 2251 3347 2305 ante
3381 2244 3697 2302 nominavi

2031 2344 2233 2400 rebus:
2251 2343 2355 2399 sed
2371 2341 2811 2414 obtemperabit
2823 2340 3064 2412 optimae
3079 2335 3481 2395 admonitioni
3497 2334 3692 2390 beaten

2033 2439 2222 2490 Annae
2243 2450 2312 2490 ac
2331 2432 2600 2490 Jeremiae
2624 2431 2955 2504 prophetae.
3002 2431 3096 2486 Ne
3135 2428 3432 2499 glorietur
3448 2426 3694 2495 sapiens

2033 2527 2094 2581 in
2107 2525 2405 2595 sapientia
2417 2539 2550 2579 sua:
2567 2527 2623 2579 et
2643 2537 2718 2578 ne
2731 2522 3032 2592 glorietur
3039 2519 3165 2589 fort
3175 2518 3221 2572 is
3241 2518 3305 2572 in
3322 2514 3693 2586 fortitudine

2029 2630 2165 2672 sua:
2191 2620 2246 2671 et
2275 2630 2350 2670 ne
2377 2614 2676 2683 glorietur
2705 2612 2869 2667 dives
2916 2611 2980 2666 in
3028 2608 3256 2664 divitiis
3306 2605 3429 2662 suis
3455 2606 3523 2661 δ’.
3574 2601 3690 2660 Sed

2029 2719 2312 2778 quaenam
2340 2707 2431 2759 est
2462 2719 2605 2760 vera
2636 2700 2935 2772 gloriatio,
2965 2703 3022 2756 et
3054 2699 3116 2754 in
3154 2712 3278 2769 quo
3317 2710 3577 2765 magnus
3601 2694 3690 2750 est

2028 2793 2214 2851 homo
2235 2794 2263 2849 ?
2303 2795 2375 2848 1n
2409 2792 2540 2862 hoc,
2572 2791 2786 2864 inquit,
2819 2790 3120 2860 glorietur
3148 2788 3253 2859 qui
3278 2785 3606 2856 gloriatur,
3637 2782 3692 2839 si

2027 2886 2328 2956 cognoscit
2347 2900 2418 2940 ac
2433 2883 2722 2953 intelligit
2744 2882 2904 2954 quod
2920 2897 3019 2952 ego
3038 2882 3149 2935 sim
3173 2878 3459 2934 Dominus
3478 2877 3542 2929 *3.
3556 2875 3688 2930 Haec

2027 2981 2118 3032 est
2149 2974 2487 3031 sublimitas
2516 2973 2808 3041 hominis,
2841 2972 2969 3026 haec
3001 2975 3092 3025 est
3124 2967 3314 3039 gloria
3345 2971 3529 3039 atque
3557 2979 3686 3020 ma-

2021 3066 2230 3136 jestas,
2258 3081 2396 3120 vere
2425 3077 2793 3132 cognoscere
2830 3060 3002 3133 quod
3039 3073 3330 3127 magnum
3354 3058 3462 3120 est,
3510 3054 3686 3126 eique

313 3144 526 3214 λειότης,
593 3146 798 3209 ἀληθῶς
847 3157 1039 3219 γνῶναι
1091 3152 1150 3201 τὸ
1203 3151 1357 3220 μέγα,
1414 3152 1502 3201 καὶ
1559 3151 1725 3220 τούτῳ
1781 3168 1915 3221 προ-

2030 3155 2354 3220 adhterere,
2378 3159 2435 3210 et
2465 3153 2714 3223 gloriam
2741 3168 2776 3207 a
2797 3150 3050 3207 Domino
3073 3147 3278 3219 glorias
3303 3145 3682 3218 conquirere,

313 3239 588 3309 σφύεσθαι,
621 3242 709 3289 καὶ
742 3234 900 3300 δόξαν
929 3243 1023 3296 τὴν
1067 3240 1212 3313 παρὰ
1252 3245 1342 3290 τοῦ
1390 3242 1583 3314 Κυρίου
1623 3248 1714 3299 τῆς
1759 3235 1916 3302 δόξης

311 3326 595 3389 ἐπιζητεῖν.
657 3330 811 3397 Λέγει
868 3323 927 3378 δὲ
984 3327 1009 3378 ὁ
1061 3327 1389 3388 ’Λπόστολοςο
1442 3327 1500 3380 Ὀ
1555 3334 1912 3401 καυχώμενος,

311 3415 359 3467 ἐν
432 3419 608 3488 Κυρίῳ
673 3416 990 3485 καυχάσθω,
1082 3415 1243 3487 λέγων
1318 3419 1398 3468 ὅτι
1476 3421 1708 3490 Χριστὸς
1789 3421 1915 3490 ἡμῖν

313 3505 530 3575 ἐγενηθη
591 3509 745 3576 σοφία
799 3502 900 3556 ἀπὸ
951 3504 1106 3574 Θεοῦ,
1161 3501 1471 3563 δικαιοσύνη
1526 3525 1581 3559 τε
1627 3511 1717 3558 καὶ
1766 3507 1916 3578 ἁγια-

313 3597 447 3666 σμὸς
502 3595 589 3644 καὶ
663 3591 1040 3667 ἀπολύτρωσις·
1119 3596 1201 3646 ἵνα
1259 3596 1427 3656 καθὼς
1481 3599 1794 3668 γέγραπται,
1855 3594 1914 3648 Ὀ

308 3688 665 3755 καυχώμενος,
701 3682 749 3735 ἐν
783 3687 957 3756 Κυρίῳ
995 3685 1309 3755 καυχάσθω.
1362 3685 1503 3743 Αὕτη
1535 3687 1638 3760 γὰρ
1682 3682 1748 3743 δὴ
1783 3687 1811 3744 ἡ
1839 3704 1916 3738 τε·

309 3771 422 3825 λεία
467 3777 557 3825 καὶ
597 3772 874 3848 ὁλόκληρος
920 3776 1195 3845 καύχησις
1250 3773 1300 3826 ἐν
1348 3783 1480 3845 Θεῷ,
1532 3777 1616 3827 ότε
1661 3780 1792 3848 μήτε
1829 3775 1912 3829 ἐπὶ

311 3859 620 3936 δικαιοσύνῃ
675 3883 757 3924 τις
806 3863 1073 3938 ἐπαίρεται
1129 3871 1190 3936 τῇ
1245 3864 1451 3936 ἑαυτοῦ,
1502 3864 1607 3917 ἀλλ’
1647 3868 1776 3938 ἔγνω
1821 3869 1912 3939 μεν

309 3949 453 4012 ἐνδεῆ
515 3957 638 4005 ὄντα
693 3953 872 4005 ἑαυτὸν
932 3949 1276 4017 δικαιοσύνης
1329 3954 1571 4022 ἀληθοῦς,
1629 3961 1802 4009 πίστει
1852 3955 1910 4010 ὃε

306 4047 434 4116 μόνῃ
485 4052 544 4115 τῇ
604 4042 674 4106 εἰς
732 4045 961 4116 Χριστὸν
1021 4040 1426 4117 ὃεὸικάιῶμένον
1455 4046 1587 4118 (63).
1643 4051 1739 4100 Καὶ
1786 4068 1910 4100 καυ-

306 4139 473 4204 χάται
531 4132 736 4194 Παῦλος
781 4133 864 4186 ἐπὶ
912 4141 985 4205 τῷ
1033 4144 1427 4207 καταφρονῆσαι
1470 4145 1562 4198 τῆς
1603 4137 1787 4190 ἑαυτοῦ
1829 4136 1910 4192 δι·-

303 4225 586 4290 καοσύνης,
633 4225 804 4287 ζητεῖν
854 4220 912 4276 δὲ
958 4227 1052 4281 τὴν
1098 4219 1191 4275 διὰ
1234 4233 1487 4299 Χριστοῦ,
1538 4231 1632 4285 τὴν
1681 4227 1735 4280 ἐκ
1774 4238 1907 4283 Θεοῦ

306 4309 646 4372 δικαιοσύνην
688 4313 770 4366 ἐπὶ
809 4320 871 4385 τῇ
918 4317 1110 4380 πίστει,
1145 4322 1235 4366 τοῦ
1275 4324 1464 4388 γνῶναι
1496 4317 1649 4370 αὐτόν
1694 4324 1780 4371 καὶ
1813 4325 1906 4380 τὴν

307 4400 529 4477 δύναμιν
576 4411 670 4465 τῆς
724 4401 1054 4464 ἀναστάσεως
1111 4403 1293 4467 αὐτοῦ,
1347 4411 1436 4458 καὶ
1492 4411 1580 4465 τὴν
1637 4416 1904 4464 κοινωνίαν

2023 3246 2117 3300 Ait
2136 3245 2297 3300 enim
2320 3242 2674 3315 Apostolus:
2699 3240 2814 3308 Qui
2827 3240 3158 3310 gloriatur,
3181 3239 3243 3292 in
3282 3235 3537 3291 Domino
3558 3233 3685 3302 glov

2024 3335 2298 3403 rietar‘";
2324 3333 2427 3389 ubi
2449 3331 2612 3387 dicit:
2635 3331 2917 3388 Christus
2935 3330 3139 3399 factus
3163 3333 3246 3382 est
3262 3325 3431 3391 nobis
3447 3324 3683 3392 sapien-

2024 3427 2109 3481 tia
2126 3439 2163 3480 a
2183 3424 2652 3491 Deo,etjustitia,
2671 3427 2727 3477 et
2743 3419 3166 3488 sanctiﬁcatio,
3184 3421 3238 3472 et
3251 3413 3601 3484 redemptio:
3615 3415 3682 3466 ut

2022 3512 2520 3584 quemadmodum
2540 3511 2831 3578 scriptum
2871 3515 2978 3576 est,
3005 3507 3117 3575 Qui
3134 3506 3460 3576 gloriatur,
3483 3503 3546 3558 in
3571 3503 3681 3556 Do-

2021 3606 2184 3658 mino
2205 3603 2504 3672 glorietur
2526 3601 2594 3656 “.
2626 3599 2760 3654 Haec
2799 3603 2888 3654 est
2925 3597 3084 3652 enim
3124 3594 3390 3668 perfecta
3427 3609 3498 3650 ac
3533 3592 3681 3648 inte-

2023 3692 2207 3763 grain
2234 3695 2353 3747 Deo
2381 3691 2675 3761 gloriatio,
2701 3705 2839 3745 cum
2861 3688 2996 3761 quis
3027 3701 3150 3742 non
3177 3683 3256 3739 ob
3296 3700 3471 3739 suam
3509 3682 3680 3754 justi-

2023 3782 2165 3838 tiam
2197 3780 2514 3847 extollitur,
2565 3779 2670 3836 sed
2700 3778 2868 3834 novit
2894 3775 3134 3832 destitui
3166 3789 3227 3829 se
3258 3773 3506 3846 quidem
3537 3787 3680 3828 vera

2016 3871 2264 3942 justitia,
2308 3886 2522 3926 verum
2555 3869 2688 3925 sola
2711 3867 2772 3923 in
2801 3867 3098 3922 Christum
3138 3866 3258 3921 ﬁde
3281 3862 3677 3936 justiticatum

2021 3976 2170 4017 esse.
2216 3964 2409 4032 Atque
2457 3959 2628 4031 159
2660 3958 2723 4014 in
2758 3958 2874 4014 hoc
2905 3955 3195 4026 gloriatur
3225 3953 3462 4020 Paulus,
3507 3949 3679 4024 quod

2015 4050 2308 4122 justitiam
2342 4065 2518 4105 suam
2540 4050 2908 4122 contemnat:
2937 4049 3169 4119 quaerat
3194 4060 3336 4100 vero
3355 4058 3513 4108 eam,
3536 4056 3675 4112 quas

2017 4156 2128 4213 per
2157 4140 2454 4197 Christum
2503 4142 2609 4205 est,
2661 4153 2798 4210 quae
2838 4153 2909 4192 ex
2958 4139 3076 4191 Deo
3119 4139 3228 4202 est,
3271 4132 3569 4206 justitiam
3613 4131 3675 4187 in

2016 4229 2136 4287 ﬁde
2161 4232 2236 4285 ‘5:
2283 4234 2349 4285 ut
2391 4233 2718 4300 cognoscat
2765 4227 2956 4294 illum,
3003 4231 3060 4281 et
3091 4225 3366 4281 virtutem
3413 4237 3676 4279 resurre-

2017 4320 2232 4376 ctionis
2262 4320 2409 4390 ejus,
2434 4324 2492 4374 et
2521 4316 3013 4374 communionem
3039 4315 3436 4372 al'ﬂictionum
3459 4311 3672 4385 ipsius,

2017 4409 2347 4469 conformis
2377 4408 2571 4464 factus
2599 4407 2776 4463 morti
2814 4407 2964 4478 ejus,
3015 4407 3064 4462 si
3087 4422 3212 4478 quo
3256 4403 3440 4460 modo
3473 4402 3549 4460 ad
3580 4417 3672 4457 re-

303 4502 401 4545 τῶν
449 4494 772 4566 παθημάτων
824 4492 1004 4560 αὐτοῦ,
1057 4495 1543 4568 συμμορφιζόμενος
1589 4507 1660 4549 τῶ
1707 4502 1904 4554 θανάτω

1631 4555 1640 4569 ⁸
1877 4559 1886 4575 ο

2030 4500 2448 4558 surrectionem
2470 4503 2848 4555 mortuorum
2873 4496 3188 4568 pertingat.
3209 4496 3308 4550 llic
3331 4493 3543 4550 cecidit
3573 4509 3672 4549 su-

305 4584 487 4651 αὐτοῦ,
545 4587 588 4637 εἴ
635 4604 746 4647 πως
794 4588 1110 4641 καταντήσει
1143 4587 1252 4655 (64)
1301 4584 1367 4646 εἰς
1418 4589 1512 4643 τὴν
1561 4588 1904 4652 ἐξανάστασιν

375 4731 422 4766 ιο
460 4729 736 4797 Joan.x1,
770 4728 864 4784 4-8.
949 4729 990 4763 ³³
1037 4731 1225 4800 chg.
1256 4745 1315 4798 ιι,
1349 4733 1417 4799 3;
1461 4732 1573 4788 ter.
1609 4749 1682 4801 ix,
1712 4708 1815 4791 23.¹
1899 4738 1918 4772 ⁸

2030 4737 2132 4794 >id.
2167 4739 2256 4794 24.

301 4835 379 4887 ιιι,
403 4819 460 4876 9.

524 4946 664 5011 Reg.
698 4942 929 5016 primus
961 4943 1107 5016 6_f.'023
1141 4939 1408 5005 Γεδεῶνος.
1443 4945 1786 5004 Abimelech
1838 4949 1899 5007 in

305 5013 582 5068 Judicum
610 5013 761 5070 libro
783 5031 856 5078 ιιι,
898 5020 943 5081 l,
973 5014 1130 5070 ﬁlius
1154 5016 1432 5072 Jerobaal
1463 5018 1700 5078 dicitur.

381 5086 489 5156 (61)
530 5087 716 5159 Editio
749 5087 928 5159 Paris.
963 5085 1165 5159 ἀφῶμεν
1197 5096 1376 5141 τοῦτον
1409 5091 1587 5151 οὕτως.
1618 5095 1743 5148 Vox
1772 5102 1898 5145 τοῦ-

309 5176 393 5237 τον
414 5173 606 5229 neque
627 5158 688 5237 i_n
719 5158 978 5237 editione
1005 5158 1178 5214 llasil.
1206 5176 1400 5232 neque
1423 5161 1480 5216 in
1512 5165 1730 5220 nostris
1753 5182 1900 5237 qua-

305 5235 439 5285 tuor
470 5247 612 5284 mss.
646 5231 882 5300 legitur.

375 5304 488 5372 (62)
529 5302 680 5357 Edili
723 5308 780 5356 et
828 5305 966 5376 lteg.
1019 5303 1225 5358 tertius
1266 5307 1568 5376 καταμάθῃ.
1619 5307 1732 5363 Alii
1782 5313 1898 5363 tres

301 5365 447 5429 mes.
471 5365 807 5451 καταμάθοι.
836 5365 1156 5451 Aliqlianto
1192 5365 1656 5451 postttgiius'ms.
1699 5380 1900 5451 μεγάλα

302 5451 571 5523 φρονήσειἶ
599 5445 754 5523 {Uter
783 5445 1245 5523 μεγαλοφρονήσει.
1289 5446 1415 5502 Alli.
1437 5449 1558 5504 duo
1591 5445 1725 5522 μέγα
1751 5445 1898 5523 φρον-

301 5509 432 5580 ἧσει.
473 5517 619 5572 Edill
651 5509 1060 5588 μέγαφρονὴσῄ,
1591 5509 1598 5522 ’
1662 5509 1674 5522 ’
1757 5509 1793 5526 ”

372 5593 488 5657 (63)
519 5589 689 5653 Quod
719 5590 798 5660 ait
830 5591 942 5643 hoc
973 5588 1104 5660 loco
1135 5589 1400 5660 Basilius,
1431 5591 1739 5648 hominem
1771 5595 1900 5651 sola

298 5666 360 5727 in
382 5660 684 5718 Christum
704 5658 822 5714 tide
847 5659 1183 5735 justiticari,
1207 5660 1286 5728 id,
1312 5658 1425 5718 niSi
1445 5664 1901 5737 cxplicetur,po-

2018 4591 2244 4666 perbize
2271 4590 2522 4648 altitudo
2553 4589 2770 4646 omnis.
2814 4587 2966 4644 Nihil
2997 4586 3155 4642 unde
3183 4585 3426 4656 gloriari
3456 4599 3669 4656 queas,

2353 4737 2401 4772 ‘3
2441 4735 2462 4791 1
2494 4735 2626 4792 Cor.
2657 4750 2697 4805 ι,
2731 4737 2820 4790 31.
2916 4732 2964 4769 “
3002 4731 3148 4787 ibid.
3183 4733 3274 4786 30.
3368 4730 3415 4765 ιδ
3456 4728 3665 4801 Philip.

2008 4954 2125 5024 test
2161 4951 2559 5024 simpliciores
2590 4949 2654 5024 in
2678 4963 2940 5024 errorem
2980 4947 3289 5024 inducere.
3319 4943 3667 5001 Notandum

2006 5023 2186 5093 igitur
2219 5020 2500 5079 Basilium
2549 5023 2608 5078 id
2642 5021 2756 5076 sibi
2788 5020 2846 5076 in
2881 5021 2991 5075 hac
3035 5021 3666 5093 orationeprOponere

2008 5087 2072 5151 ut
2098 5095 2379 5173 ostendat
2426 5112 2538 5173 nos
2581 5095 2660 5173 in_
2692 5093 2912 5173 nostris
2942 5092 3227 5173 operibus
3260 5087 3517 5173 gloriari
3542 5103 3662 5143 non

2007 5185 2210 5240 posse.
2244 5168 2586 5240 Quareghoc
2606 5165 2783 5221 dicit:
2837 5165 2953 5219 Etsi
2979 5159 3240 5240 jejunus,
3273 5159 3404 5218 'etsi
3452 5159 3667 5232 stipem

2007 5235 2245 5306 crogas,
2271 5240 2378 5294 etsi
2399 5238 2518 5295 alia
2538 5238 2595 5294 id
2625 5253 2814 5306 genus
2835 5241 2991 5291 recte
3013 5235 3180 5297 facis,
3203 5250 3325 5306 non
3352 5238 3670 5306 propterea

2005 5303 2411 5379 justiticabere
2437 5330 2450 5374 ;
2486 5309 2589 5365 sed
2614 5303 2864 5364 accedat
2889 5310 3121 5379 oportet
3147 5304 3324 5379 ﬁdes,
3347 5303 3471 5379 non
3501 5303 3668 5379 quod

2009 5376 2162 5454 tides
2195 5381 2324 5438 sola
2355 5383 2481 5437 sine
2512 5380 2798 5454 operibus
2822 5376 3127 5454 justiticet,
3152 5377 3259 5432 sed
3288 5376 3455 5450 quod
3475 5377 3550 5433 ad
3571 5377 3668 5447 ju-

2011 5453 2436 5509 stiticationem
2467 5450 2811 5508 necessario
2842 5450 3202 5521 requiratur.

2084 5526 2188 5594 (6’1)
2223 5525 2465 5596 Antiqui
2508 5525 2628 5579 duo
2679 5523 2816 5596 libri
2863 5519 3389 5596 xaravgﬁey.__liditi
3432 5524 3488 5574 et
3523 5521 3667 5589 Reg.

2009 5592 2216 5652 fertilis
2276 5592 2611 5654 καταντήσει.
2684 5594 2911 5649 Ibidem
2978 5592 3522 5655 ΘιΙὶἱὶεξανάστασιν
3570 5600 3667 5642 τῶν

2010 5677 2216 5744 νεκρῶν.
2262 5673 2335 5724 At
2378 5685 2524 5726 mss.
2557 5671 2820 5744 quatuor
2859 5665 3202 5728 ἐξανάστασιν
3250 5668 3343 5722 τὴν
3387 5663 3440 5715 ἐκ
3482 5669 3667 5738 νεκρῶν
