4098 6380
410 289 510 344 831

1790 287 1846 342 S.
1889 282 2146 342 BASILII
2194 289 2415 347 MAGNi

3690 299 3797 353 532

409 411 684 469 relictum
713 412 803 467 est
825 410 952 477 tibi,
977 426 1013 466 o
1043 411 1251 479 homo,
1285 413 1460 484 cujus
1492 411 1767 470 videlicet
1796 411 2069 483 gloriatio

2184 417 2276 472 τὴν
2328 415 2381 468 ἐκ
2423 425 2632 491 νεκρῶν.
2694 417 2948 470 Ἐνταῦθα
2993 420 3229 472 πέπτωκε
3271 423 3373 471 πᾶν
3421 420 3554 491 ὕψος
3603 423 3798 499 ὑπερη-

411 516 484 558 ac
514 517 654 574 spes
681 501 794 557 sita
825 501 886 556 in
932 516 1003 557 eo
1054 501 1149 569 sit,
1198 507 1264 558 ut
1316 503 1643 559 mortifices
1690 507 1794 559 tua
1843 501 2069 572 omnia,

410 606 771 665 quaerasque
817 591 1082 647 futuram
1112 592 1175 647 in
1208 592 1439 649 Christo
1478 596 1698 650 vitam:
1732 593 1906 664 cujus
1933 605 2075 648 cum

407 681 749 740 habeamus
775 682 1095 754 primitias,
1126 683 1256 754 jam
1287 683 1346 739 in
1371 683 1456 739 his
1480 700 1712 750 sumus,
1737 683 1988 740 omnino
2013 682 2074 738 in

410 772 604 843 gratia
627 787 698 827 ac
738 771 902 828 dono
935 773 1035 828 Dei
1065 773 1354 830 viventes.
1388 777 1455 830 Et
1494 777 1648 831 Deus
1676 774 1926 847 quidem
1965 777 2074 841 est,

413 863 530 932 Qui
551 868 841 932 operatur
870 865 933 919 in
961 864 1128 920 nobis
1155 871 1208 921 et
1241 866 1394 922 velte
1419 871 1474 922 et
1505 867 1761 936 efﬁcere,
1789 881 1900 936 pro
1923 867 2077 923 bona

411 953 726 1010 voluntate
748 954 813 1009 ⁸⁸.
861 956 1082 1009 Rursus
1115 957 1267 1010 Deus
1300 955 1658 1028 sapientiam
1687 971 1862 1011 suam
1888 971 2077 1028 quam

409 1042 472 1098 in
492 1045 764 1098 nostram
790 1041 1042 1112 gloriam
1065 1043 1517 1116 predestinavit,
1549 1045 1779 1100 revelat
1805 1061 1912 1117 per
1943 1045 2077 1118 Spi-

411 1131 597 1189 ritum
622 1147 801 1188 suum
818 1134 885 1188 ⁸⁷.
919 1136 1165 1190 Praestat
1191 1137 1344 1190 Deus
1376 1135 1530 1191 vires
1563 1151 1634 1191 ac
1663 1135 1850 1190 robur
1887 1135 1950 1190 in
1988 1134 2077 1192 la-

410 1222 685 1280 boribus.
727 1223 1160 1280 Abundantius
1213 1226 1486 1282 omnibus
1541 1226 1839 1292 laboravi,
1883 1225 2080 1300 inquit

413 1311 666 1380 Paulus;
694 1327 815 1368 non
841 1329 945 1384 ego
967 1321 1189 1382 autem,
1213 1315 1317 1372 sed
1335 1317 1537 1386 gratia
1560 1317 1692 1385 Dei,
1707 1331 1838 1388 qua:
1859 1321 1943 1372 est
1963 1331 2077 1373 me.

418 1415 553 1459 cum
579 1404 646 1460 ⁸⁸.
703 1404 920 1460 Eximit
951 1408 1106 1461 Deus
1144 1406 1219 1462 de
1263 1406 1547 1478 periculis
1589 1410 1803 1479 praeter
1832 1423 2078 1463 omnem

417 1491 754 1548 humanam
786 1509 980 1565 spem.
1013 1495 1159 1563 Ipsi,
1193 1494 1410 1567 inquit,
1438 1497 1502 1551 in
1535 1495 1973 1565 nobismetipsis
1993 1510 2082 1552 re-

416 1593 700 1652 sponsum
722 1586 935 1640 mortis
959 1583 1280 1641 habuimus
1302 1591 1368 1640 ut
1391 1600 1510 1640 non
1531 1587 1715 1641 simus
1743 1586 1992 1654 ﬁdentes
2016 1587 2080 1641 in

417 1670 610 1742 nobis,
655 1671 759 1728 sed
803 1673 868 1728 in
914 1674 1060 1739 Deo,
1107 1675 1216 1746 qui
1254 1676 1502 1731 suscitat
1531 1681 1839 1731 mortuos:
1877 1675 1984 1747 qui
2009 1689 2084 1732 ea:

419 1765 594 1818 tanta
613 1768 808 1819 morte
827 1778 936 1818 nos
966 1765 1212 1834 eripuit,
1245 1770 1299 1820 et
1321 1765 1501 1834 eripit
1523 1779 1544 1821 :
1592 1767 1654 1820 in
1680 1780 1852 1837 quem
1880 1779 2082 1835 spera-

418 1866 551 1906 mus
581 1852 867 1922 quoniam
899 1857 954 1909 et
980 1853 1182 1910 adhuc
1211 1855 1422 1924 eripiet
1439 1855 1509 1907 ⁸³.

2185 511 2387 577 φανίας.
2450 504 2618 561 Οὐδὲν
2663 507 3021 562 ὑπολέλειπταί
3077 527 3160 561 σοι
3207 512 3338 584 πρὸς
3386 509 3712 581 ἀλαζονείαν,
3753 512 3793 566 ὦ

2182 595 2438 670 ἄνθρωπε,
2492 597 2532 668 ᾧ
2574 600 2633 651 τὸ
2664 600 2926 670 καύχημα
2961 601 3053 649 καὶ
3083 598 3113 657 ἡ
3149 595 3292 661 ἐλπὶς
3330 597 3378 652 ἕν
3417 609 3490 672 τῷ
3533 611 3796 676 νεκρῶσαι

2184 685 2274 758 μεν
2312 688 2482 739 πάντα
2527 689 2594 740 τά
2643 695 2885 754 σεαυτοῦ,
2919 687 3152 748 ζητῆσαι
3192 683 3251 741 δὴ
3295 693 3388 748 τὴν
3415 691 3525 760 (65)
3570 691 3622 744 ἂν
3656 700 3793 769 Χρι-

2187 783 2292 846 στῷ
2326 775 2464 836 ζωὴν
2494 780 2607 844 ξτὴν
2651 777 2958 850 μέλλουσανο
3009 779 3072 840 ἧς
3120 777 3368 854 ἀπαρχὰς
3416 783 3644 853 ἔχοντες,
3683 781 3790 847 ἤδη

2185 863 2232 917 ἐν
2262 867 2460 926 τούτοις
2489 865 2660 940 ἔσμεν,
2711 871 2769 920 τὸ
2801 868 2911 921 ὅλον
2961 867 3009 921 ἐν
3042 870 3232 944 χάριτι
3282 869 3468 932 ζῶντες
3506 877 3596 927 καὶ
3623 870 3796 948 δωρεᾴ

2187 963 2338 1010 Θεοῦ.
2397 960 2495 1009 Καὶ
2543 960 2668 1018 Θεὸς
2716 962 2807 1032 μέν
2846 956 3005 1025 ἐστιν,
3061 958 3118 1010 Ὀ
3168 957 3378 1033 ἐνεργῶν
3426 960 3477 1014 ἐν
3525 964 3652 1036 ἡμῖν
3704 970 3794 1019 καί⁵

2185 1047 2242 1097 τὸ
2299 1043 2454 1099 θέλειν
2504 1051 2593 1100 καὶ
2650 1050 2709 1101 τὸ
2759 1045 2976 1120 ἐνεργεῖν
3024 1049 3149 1122 ὑπερ
3198 1057 3295 1112 τῆς
3350 1047 3610 1114 εὐδοκίαςο
3664 1056 3794 1116 Θεὸς

2187 1130 2247 1188 δε
2301 1141 2395 1194 τὴν
2441 1135 2623 1190 ἑαυτοῦ
2672 1142 2856 1211 σοφίαν
2914 1141 3008 1198 τὴν
3065 1143 3462 1213 προωρισμένην
3512 1142 3578 1204 εἰς
3635 1139 3793 1208 δόξαν

2185 1227 2330 1297 ἡμῶν
2363 1223 2710 1280 ἀποκαλύπτει
2751 1223 2845 1280 διὰ
2876 1235 2968 1280 τοῦ
3006 1224 3144 1281 ἰδίου
3196 1232 3514 1303 Πνεὺμκτοςο
3564 1235 3695 1295 Θεὸς
3735 1230 3794 1289 δὲ

2185 1320 2280 1374 τὴν
2338 1315 2386 1369 ἕν
2425 1321 2600 1380 πόνοις
2659 1313 2858 1371 δίδωσι
2913 1314 3174 1392 δύναμιν.
3227 1326 3605 1396 Περισσότερον
3656 1325 3793 1377 πάν-

2186 1425 2285 1460 των
2315 1403 2594 1476 ἐκοπίασα,
2628 1413 2758 1479 φησὶ
2787 1407 3006 1470 Παῦλος·
3039 1407 3135 1461 οὑκ
3165 1407 3265 1481 ἐγὼ
3297 1406 3377 1480 δε,
3411 1409 3516 1464 ἀλλ’
3557 1413 3587 1471 ἡ
3630 1415 3794 1489 χάρις

2187 1502 2279 1549 τοῦ
2333 1503 2466 1549 Θεοῦ
2509 1498 2538 1554 η
2603 1500 2696 1549 σὺν
2749 1496 2880 1570 ἐμοί.
2931 1500 3062 1560 Θεὸς
3110 1494 3168 1551 δε
3217 1498 3496 1574 ἐξαιρεῖται
3538 1498 3792 1556 κινδύνων

2188 1587 2334 1662 παρὰ
2386 1593 2560 1640 πᾶσαν
2609 1586 2936 1662 ἀνθρωπίνην
2995 1586 3202 1647 ἇλπίδα.
3264 1591 3445 1659 Αὐτοὶ,
3505 1597 3685 1666 φησιν,
3743 1593 3793 1648 ἂν

2191 1675 2389 1738 ἑαυτοῖς
2427 1680 2484 1729 τὸ
2517 1676 2786 1751 ἀπόκριμα
2826 1686 2918 1732 τοῦ
2961 1681 3182 1733 θανάτου
3215 1679 3540 1757 ἐσχήκαμεν,
3589 1685 3672 1737 ἵνα
3716 1687 3789 1758 μὴ

2189 1768 2490 1830 πεποιθότες
2545 1764 2676 1840 ὦμεν
2724 1767 2798 1840 ἐφ’
2854 1769 3069 1836 ἑαυτοῖς,
3119 1768 3225 1822 ἀλλ’
3292 1770 3376 1824 ἰπὶ
3433 1780 3506 1844 τῷ
3555 1779 3671 1844 Θεῷ
3719 1781 3792 1843 τῷ

2189 1855 2438 1932 ἐγείροντι
2481 1861 2600 1921 τοὺς
2637 1861 2866 1933 νεκρούς*
2909 1859 2965 1924 ὃς
3010 1859 3068 1913 ἐκ
3110 1860 3420 1922 τηλικούτου
3456 1863 3676 1916 θανάτου
3717 1860 3794 1940 ἆῤ·

417 1936 618 2015 ῥύσατο
637 1942 800 2014 ἡμᾶς,
830 1945 919 1994 καὶ
943 1942 1124 2016 ῥύεται
1153 1942 1292 2015 (66),
1319 1942 1399 2006 εἰς
1442 1944 1496 1996 ὃν
1545 1942 1855 2016 ἠλπίκαμεν,
1901 1945 1982 1996 ὅτι
2011 1947 2102 1998 καὶ
2133 1948 2210 2001 ἔτι
2236 1944 2474 2023 ῥύσεται.

492 2033 546 2085 li.
580 2029 732 2096 Quid
768 2031 971 2100 igitur,
1005 2031 1102 2088 (lic
1126 2048 1354 2105 quaeso,
1387 2037 1440 2089 te
1470 2034 1600 2106 ipse
1643 2033 1820 2106 quasi
1852 2033 1927 2089 de
1964 2034 2069 2091 tui:

2260 2041 2314 2094 4.
2346 2043 2410 2092 Τί
2449 2035 2536 2091 οὖν
2580 2038 2825 2115 ἐπαίρεις,
2868 2041 2978 2095 εἰπέ
3017 2061 3126 2114 μοι,
3171 2045 3363 2096 σαυτὸν
3394 2045 3464 2107 ὡς
3493 2043 3576 2097 ἐπὶ
3618 2042 3795 2108 καλοῖς

419 2119 611 2193 ipsius
635 2119 815 2177 bonis
844 2120 1040 2192 effers,
1092 2138 1232 2179 cum
1263 2123 1516 2180 deberes
1546 2139 1656 2195 pro
1686 2125 1948 2197 acceptis
1975 2124 2082 2180 do-

419 2210 514 2267 nis
559 2212 818 2280 gratiam
863 2211 1131 2282 largitori
1169 2213 1442 2270 habere?
1491 2214 1643 2274 Quid
1673 2216 1829 2270 enim
1877 2213 2078 2281 habes,

419 2300 582 2373 quod
609 2316 730 2357 non
756 2303 1087 2372 accepisti?
1117 2303 1288 2371 Quod
1315 2305 1369 2360 si
1397 2305 1575 2360 etiam
1600 2304 1905 2373 accepisti,
1933 2302 2082 2374 quid

417 2390 708 2462 gloriaris
734 2394 910 2462 quasi
933 2406 1054 2449 non
1085 2395 1389 2464 acceperis
1404 2395 1492 2451 5°?
1521 2397 1650 2450 Non
1681 2397 1744 2449 tu
1770 2395 1958 2450 Deum
1979 2408 2082 2450 co-

420 2481 681 2552 gnovisti
706 2496 815 2553 per
834 2486 1001 2539 tuam
1026 2481 1359 2555 justitiam:
1392 2484 1500 2540 sed
1532 2487 1686 2540 Deus
1711 2485 1997 2554 cognovit
2025 2488 2080 2540 te

417 2574 664 2644 propter
692 2586 871 2627 suam
896 2571 1245 2630 bonitatem.
1278 2576 1428 2631 Cum
1457 2575 1851 2644 eognoveritis
1869 2575 2078 2645 Deum,

416 2657 637 2733 inquit,
663 2663 810 2734 quin
848 2665 1056 2732 potius
1094 2666 1322 2735 cogniti
1361 2667 1492 2721 sitis
1531 2680 1569 2722 a
1610 2667 1818 2721 Deo".
1862 2667 1990 2721 Non
2017 2669 2080 2722 tu

417 2751 872 2824 apprehendisti
920 2753 1221 2811 Christum
1265 2770 1372 2828 per
1416 2756 1722 2823 virtutem,
1772 2755 1878 2811 sed
1920 2755 2081 2811 Chrio

417 2845 544 2898 stus
561 2847 614 2898 te
634 2857 742 2915 per
763 2857 944 2899 suum
967 2843 1296 2902 adventum
1319 2846 1741 2920 apprehendit.
1766 2847 2077 2918 Insequor,

416 2931 632 3004 inquit,
652 2933 708 2987 si
724 2935 902 2990 etiam
927 2936 1405 3004 apprehendam,
1432 2937 1496 2992 in
1517 2952 1633 3008 quo
1663 2941 1718 2992 et
1743 2935 2076 3005 apprehen~

2194 2123 2367 2194 ἰδίοις,
2397 2126 2512 2182 ἀντὶ
2541 2136 2634 2182 τοῦ
2677 2133 2839 2206 χάριν
2888 2130 2972 2185 ἐπὶ
3000 2139 3109 2194 τοῖς
3168 2129 3359 2208 δώροις
3413 2133 3680 2207 ὁμολογεῖν
3722 2141 3794 2204 τῷ

2192 2213 2491 2285 δεδωκότα
2531 2223 2594 2272 Τί
2639 2222 2740 2293 γὰρ
2786 2224 2942 2292 ἔχεις,
2988 2220 3014 2274 ὃ
3071 2221 3164 2274 οὐκ
3220 2221 3430 2288 ἕλαϐεςς
3480 2223 3540 2277 Εἰ
3599 2221 3658 2278 δε
3709 2226 3796 2278 καὶ

2190 2306 2382 2374 ἔλαϐες,
2437 2314 2490 2362 τί
2541 2315 2820 2381 καυχᾶσαι
2868 2313 2938 2374 ὡς
2988 2315 3060 2384 μὴ
3127 2311 3337 2381 λαϐώνς
3409 2313 3484 2366 Οὑ
3540 2316 3606 2366 σὺ
3665 2317 3793 2367 Θεὸν

2188 2398 2341 2468 ἔγνως
2364 2394 2458 2450 διὰ
2487 2393 2854 2469 δικαιοσύνης,
2893 2392 3028 2454 ’ἀλλά
3072 2407 3202 2466 Θεὸς
3230 2423 3287 2457 σε
3328 2399 3362 2457 δ
3369 2407 3422 2457 ιά
3445 2408 3794 2478 χρηστότητα

2189 2487 2338 2557 ἔγνω.
2399 2492 2636 2555 Γνόντες,
2695 2494 2865 2561 φησὶ,
2925 2495 3084 2558 Θεὸν,
3151 2492 3342 2566 μᾶλλον
3405 2490 3462 2547 δε
3527 2495 3791 2567 γνωσθέν-

2187 2593 2266 2636 τες
2312 2577 2410 2629 ὑπό
2461 2585 2616 2634 Θεοῦ.
2667 2579 2743 2630 Οὐ
2802 2582 2867 2632 σὺ
2915 2582 3146 2654 Χριστὸν
3201 2581 3516 2655 κατείληφας
3567 2580 3662 2638 διὰ
3698 2589 3790 2648 τῆς

2189 2662 2394 2739 ἀρετῆς,
2427 2665 2556 2720 ἀλλά
2607 2673 2839 2742 Χριστός
2871 2688 2928 2722 σε
2977 2665 3071 2722 διὰ
3121 2678 3217 2732 τῆς
3267 2676 3563 2745 παρουσίας
3609 2676 3790 2726 κατεί-

2186 2753 2330 2828 ληφε.
2384 2763 2584 2824 Διώκω,
2640 2762 2818 2830 φησὶν,
2869 2757 2913 2812 εἰ
2959 2764 3048 2812 καὶ¹
3106 2759 3402 2826 καταλάϐω,
3472 2759 3545 2834 ἇφ’
3697 2767 3788 2815 καὶ

2185 2844 2512 2918 κατελήφθην
2577 2849 2678 2900 ὑπὸ
2744 2854 3024 2920 Χριστοῦ.
3093 2849 3216 2922 Οὐχ
3277 2851 3424 2924 ὑμεῖς
3488 2867 3552 2924 με
3625 2849 3788 2914 ἐξελε·-

2186 2935 2366 3003 ξασθε,
2421 2937 2578 3008 φησὶν
2621 2938 2646 2990 ό
2697 2939 2904 3009 Κύριος,
2953 2937 3059 2992 ἀλλ’
3120 2939 3219 3011 ἐγώ
3279 2939 3577 3015 ἐξελεξάμην
3631 2942 3788 3014 ὑμᾶς.

415 3034 514 3076 sus
543 3033 674 3077 sum
702 3035 740 3078 a
773 3023 1012 3080 Christo
1033 3025 1104 3081 ³³.
1148 3025 1284 3082 Νοη
1324 3039 1423 3082 vos
1453 3039 1543 3082 me
1573 3025 1848 3096 elegistis,
1878 3025 2069 3096 inquit

2185 3023 2318 3078 Ἀλλ“
2365 3025 2445 3078 ὅτι
2496 3029 2795 3099 τετίμησοιι,
2864 3031 3000 3099 μέγα
3056 3035 3270 3103 φρονεῖς,
3344 3035 3434 3083 καὶ
3506 3033 3593 3083 τὸν
3656 3029 3790 3084 ἔλεον

414 3109 728 3177 Dominus,
751 3111 858 3168 sed
879 3127 986 3184 ego
1015 3114 1171 3186 elegi
1193 3130 1293 3172 vos
1307 3117 1376 3171 ⁵³.
1409 3120 1498 3171 An
1528 3114 1824 3188 quoniam
1845 3114 2076 3170 honore

415 3199 668 3257 affectus
691 3215 775 3269 es,
800 3201 1081 3272 gloriaris
1105 3208 1162 3261 et
1185 3204 1668 3262 miscricordiam
1689 3203 2076 3261 occasionem

414 3289 634 3363 arripis
666 3291 1058 3363 superbiendi
1078 3296 1107 3350 ‘P
1151 3297 1217 3351 Et
1244 3299 1387 3350 tunc
1419 3310 1760 3365 cognoscas
1792 3294 2073 3367 teipsum,

412 3379 551 3453 quis
581 3379 682 3448 sis,
732 3381 891 3440 velut
931 3383 1125 3440 Adam
1155 3385 1380 3457 ejectus
1420 3403 1451 3442 e
1489 3385 1776 3457 paradiso
1798 3385 1868 3456 5*,
1918 3384 2077 3442 velut

413 3469 554 3526 Saui
574 3469 849 3528 desertus
880 3488 917 3528 a
944 3474 1167 3546 Spiritu
1201 3475 1380 3544 Dei“,
1413 3475 1577 3531 velut
1597 3474 1780 3531 Israel
1811 3489 1848 3531 a
1871 3474 2075 3530 radice

412 3564 622 3617 sancta
641 3566 930 3618 resectus.
956 3563 1128 3631 Fide,
1160 3564 1372 3638 inquit,
1405 3570 1566 3622 stas:
1616 3567 1745 3621 noti
1763 3566 1957 3622 altum
1977 3580 2070 3622 sas

407 3661 572 3720 pere,
601 3651 705 3706 sed
751 3653 891 3709 time
911 3654 981 3707 ⁵⁸.
1027 3654 1329 3711 iudicium
1375 3656 1644 3728 sequitur
1669 3656 1967 3725 gratiam;
2016 3658 2074 3711 et

411 3739 724 3812 quomodo
754 3740 910 3798 datis
937 3759 1087 3798 usus
1120 3743 1324 3813 fueris,
1356 3745 1872 3818 expenditludex.
1898 3743 2072 3810 Quod

409 3829 458 3885 si
483 3844 559 3886 ne
585 3830 702 3886 hoc
732 3831 982 3903 quidem
1013 3834 1319 3905 intelligis,
1353 3835 1534 3892 fuisse
1558 3841 1611 3892 te
1641 3836 1901 3906 gratiam
1931 3850 2071 3890 con-

406 3921 702 3986 secutum,
737 3923 840 3976 aut
869 3921 916 3975 si
944 3937 1067 3993 pra;
1093 3923 1282 3980 nimia
1303 3924 1652 3997 stupiditate
1685 3929 1850 3981 tuam
1882 3922 2071 3995 ipsius

403 4006 682 4064 virtutem
710 4009 1022 4066 existimas
1055 4013 1312 4082 gratiam
1335 4030 1485 4082 esse,
1520 4029 1644 4070 non
1666 4030 1732 4070 es
1762 4013 1942 4068 beato
1974 4015 2072 4067 Pe-

405 4100 497 4154 tro
509 4099 787 4169 apostolo
805 4103 1200 4173 praestantior.
1220 4108 1262 4162 Ν
1270 4122 1336 4162 ec
1349 4106 1508 4162 enim
1522 4105 1848 4161 Dominum
1865 4118 2071 4158 amore

405 4187 622 4258 majori
667 4192 955 4264 prosequi
991 4195 1236 4266 poteris,
1264 4211 1453 4269 quam
1499 4195 1604 4268 qui
1636 4195 1718 4250 ita
1748 4193 2072 4249 vehemen-

406 4282 495 4335 ter
519 4278 725 4337 dilexit
753 4286 819 4337 ut
869 4283 1049 4340 etiam
1091 4285 1348 4344 voluerit
1393 4302 1504 4360 pro
1544 4287 1677 4360 ipso
1725 4283 1898 4340 mori.
1953 4282 2069 4340 Sed

2182 3119 2444 3187 πρόφασιν
2495 3115 2848 3189 ὑπερηφανίας
2888 3116 3208 3189 λαμϐάνεις;
3273 3123 3372 3173 Καὶ
3439 3122 3554 3174 τότε
3609 3124 3788 3193 γνώσῃ

2185 3207 2402 3258 σεαυτὸν
2433 3204 2550 3276 (67)
2615 3224 2743 3270 στις
2805 3205 2869 3274 εἰ,
2924 3209 2992 3270 ὡς
3044 3205 3219 3281 Ἀδὰμ.
3274 3209 3535 3272 ἐκϐληθείς
3592 3209 3646 3263 ἐκ
3698 3216 3790 3262 τοῦ

2182 3290 2533 3369 παραδείσου,
2593 3297 2657 3356 ὡς
2705 3297 2869 3349 Σαοὺλ
2925 3297 3282 3372 καταλειφθείς
3332 3301 3433 3353 ὑπό
3493 3303 3790 3374 Πνεὺματος

2184 3390 2338 3451 Θεοῦ,
2385 3386 2448 3445 ὡς
2488 3383 2703 3460 Ἰσραὴλ
2760 3394 2850 3446 τῆς
2908 3387 3064 3460 ἁγίας
3113 3388 3270 3462 ῥίζης
3327 3387 3662 3463 ἀποτμηθείς.
3712 3396 3786 3462 Τῇ

2179 3478 2396 3540 πίστει,
2465 3480 2662 3547 φησὶν,
2731 3476 2994 3539 ἕστηκαςι
3055 3482 3126 3551 μή
3199 3478 3582 3553 ὑψηλοφρόνει,
3662 3478 3790 3532 ἀλλά

2182 3563 2362 3638 φοϐοῦ.
2407 3568 2589 3638 Κρίσις
2632 3564 2807 3619 ἕπεται
2853 3569 3064 3641 χάριτι,
3097 3572 3184 3620 καὶ
3233 3570 3371 3631 ὅπως
3414 3569 3632 3642 ἐχρήσω
3677 3577 3790 3631 τοῖς

2180 3655 2544 3729 χαρισθεῖσιν,
2573 3656 2598 3706 ό
2623 3661 2804 3727 κριτὴς
2830 3655 3077 3720 ἐξετάσει.
3104 3656 3183 3710 Ἐἰ
3214 3652 3273 3709 δὲ
3296 3653 3435 3729 μηδὲ
3478 3665 3630 3710 τοῦτο
3658 3657 3786 3711 αὑτό

2183 3749 2334 3817 συνίῃ
2347 3765 2386 3810 ς,
2417 3745 2498 3796 ὅτι
2526 3746 2748 3816 χάριτος
2778 3748 3098 3814 τετύχηκας,
3135 3743 3243 3796 ἀλλ’
3272 3742 3410 3799 ἴδιον
3439 3754 3561 3819 ποιῇ
3590 3751 3785 3820 κατόρ-

2183 3835 2332 3906 θωμα
2370 3837 2463 3891 τὴν
2515 3835 2678 3905 χάριν
2724 3831 2976 3906 ὑπερϐολῇ
3035 3843 3130 3896 τῆς
3177 3836 3544 3902 άναισθησίας,
3606 3837 3700 3889 οὑκ
3744 3834 3790 3891 εἶ

2179 3929 2270 3976 τοῦ
2319 3925 2578 3995 μακαρίου
2630 3926 2934 3996 τιμιώτερος
2999 3921 3293 3977 ἀποστόλου
3361 3930 3578 4000 Πέτρου.
3645 3923 3786 3982 Οὑδὶ

2177 4014 2280 4085 γάρ
2314 4009 2488 4084 ἀγάπη
2523 4019 2585 4084 τῇ
2620 4015 2752 4086 πρὸς
2792 4014 2877 4064 τόν
2919 4015 3108 4087 Κύριον
3153 4014 3536 4089 ὑπερϐαλέσθαι
3577 4012 3782 4092 δυνήσῃ

2178 4103 2265 4152 τὸν
2319 4100 2454 4152 οὕτω
2503 4095 2745 4173 σφοδρῶς
2793 4097 3098 4172 ἀγαπῶντα,
3152 4105 3221 4165 ὡς
3271 4109 3359 4156 καὶ
3417 4106 3785 4179 ὑπεραποθνή-

2182 4208 2323 4244 σκειν
2391 4188 2610 4245 ἐθελειν.
2683 4188 2814 4242 Ἀλλ’
2881 4192 2962 4243 ὅτι
3017 4192 3549 4269 μεγαλοφρονέστερον
3609 4195 3785 4269 ἐφθέγ-

2180 4279 2323 4347 ξατο,
2381 4277 2559 4350 λέγων,
2619 4279 2681 4332 Εἰ
2736 4283 2825 4332 καὶ
2882 4283 3070 4344 πάντες
3124 4279 3678 4343 σκανδαλισθήσονται
3733 4285 3783 4338 ἓν

404 4370 700 4442 quoniam
731 4372 935 4430 animo
977 4375 1223 4434 elatiore
1272 4378 1509 4435 locutus
1543 4381 1652 4447 est,
1691 4391 1831 4431 cum
1877 4373 2060 4429 dixit:

2183 4375 2302 4437 σοὶ,
2371 4368 2476 4422 ἀλλ’
2545 4369 2644 4441 ἐγώ
2710 4367 2961 4426 οὐδέποτε
3030 4371 3572 4448 σκανδαλισθήσομαι
3606 4412 3621 4439 ,
3684 4395 3782 4430 πα-

402 4459 483 4516 Ει
531 4461 585 4516 si
612 4477 810 4520 omnes
838 4467 1248 4524 scandatizati
1264 4471 1492 4540 fuerint
1524 4469 1587 4524 in
1615 4473 1692 4536 te,
1731 4481 1836 4536 ego
1868 4471 2065 4520 tamen

404 4566 716 4624 nunquam
742 4556 1027 4613 scandati
1044 4558 1200 4614 abor
1221 4561 1290 4626 ⁵⁷,
1317 4557 1618 4615 timiditati
1643 4557 1928 4612 humanas
1956 4558 2069 4611 trab

403 4639 566 4698 ditus
604 4647 717 4710 est,
756 4645 1088 4719 ceciditque
1117 4647 1179 4702 in
1218 4647 1671 4715 inliciationem,
1717 4646 1894 4719 lapsu
1938 4659 2067 4700 eru-

477 4767 525 4803 ⁴⁶
563 4767 775 4842 Philip.
810 4786 871 4840 ιι,
907 4775 996 4828 13.
1075 4773 1119 4808 ⁴⁷
1163 4773 1186 4828 Ι
1216 4772 1346 4830 Cor.
1381 4791 1440 4841 ιι,
1474 4777 1621 4843 7,10.

400 4853 503 4914 lat.
541 4873 618 4925 ιν,
644 4862 698 4916 9.
793 4861 842 4896 δ’
882 4859 1136 4936 Philipp.
1167 4876 1249 4934 ιιι,
1289 4869 1373 4922 l2.
1451 4865 1499 4902 ⁸³
1535 4866 1706 4922 Joan.
1735 4880 1830 4937 xv,
1869 4866 1953 4918 16.

402 4947 446 4984 ⁵⁷
489 4947 695 5008 Matth.
721 4966 875 5022 xxvx,
901 4955 991 5008 33.

476 5074 586 5156 (δξ)
619 5073 808 5156 Egilio
841 5077 1028 5156 Paris.
1068 5079 1236 5156 πάντα
1265 5082 1330 5134 τὰ
1357 5080 1542 5156 ἑαυτοῦ
1571 5080 1856 5156 θελήματα,
1893 5079 2059 5156 ζῆσαι

405 5137 601 5223 δι’τήν.
658 5149 798 5220 Reg.
849 5150 1077 5223 tertius,
1115 5153 1284 5206 πάντα
1330 5157 1396 5206 τὰ
1448 5137 2058 5223 ἑαυτοῦςδςῆσαιίγΑΙὶὶ

401 5218 521 5292 tres
563 5233 706 5274 mss.
753 5218 899 5278 cum
943 5221 1200 5279 editione
1251 5225 1568 5282 Basileensi
1614 5218 1714 5292 ita,
1758 5231 1822 5280 ut
1871 5231 2056 5277 eden-

402 5286 551 5344 dum
589 5291 958 5352 curavimus.
999 5295 1152 5351 Satis
1193 5302 1393 5354 autem
1426 5299 1568 5354 mihi
1607 5286 1928 5354 verisimile
1966 5295 2054 5361 tit,

398 5374 615 5442 vocem
664 5363 942 5442 θελήματά
970 5381 1006 5423 a
1045 5369 1442 5442 typographis
1487 5371 1790 5441 adjectam
1847 5367 2051 5422 fuisse.

402 5430 751 5514 Quod_u_1_ox_
772 5430 1368 5514 sequitur,'é933zirr§tg
1397 5430 1659 5514 ἐσμέν,ἰή
1703 5443 1793 5498 his
1823 5454 2052 5505 sumus,

398 5502 755 5585 itajptelligi
802 5502 1066 5580 oporteti
1126 5502 1364 5570 Nostra
1401 5502 1773 5570 cdnversatio
1807 5515 1942 5583 jam
1985 5502 2050 5566 in

399 5574 968 5657 εειξζίξιεεεξλάηξίμιθ
997 5597 1310 5657 versamur
1340 5587 1401 5641 in
1437 5586 1601 5641 bonis
1640 5574 1872 5657 futqu
1894 5588 2046 5643 vitae.

468 5645 581 5721 (66)
607 5645 853 5730 Antiqui
866 5645 998 5711 'tres
1025 5655 1158 5713 libri
1191 5657 1328 5730 ἡμᾶς
1358 5663 1446 5711 καὶ
1475 5645 1787 5734 ﬁve-nim...
1819 5665 1905 5714 καὶ
1939 5664 2047 5716 ἔτι-

1721 4773 1767 4808 ¹ο⁸
1809 4773 1829 4826 Ι
1863 4775 1993 4828 Cor.
2027 4785 2129 4839 xv,
2166 4771 2250 4824 10.

2049 4860 2097 4896 ⁵⁵
2139 4860 2280 4916 Gen.
2312 4871 2389 4925 ιιι,
2422 4859 2513 4914 24.

2176 4457 2369 4535 ρεδόθη
2410 4467 2472 4532 τῇ
2519 4458 2811 4534 ἀνθρωπίνη
2868 4458 3055 4536 δειλίᾳ,
3116 4469 3205 4517 καὶ
3258 4468 3521 4520 πέπτωκεν
3571 4466 3643 4528 εἰς
3689 4468 3781 4542 ἄρ-

2175 4569 2325 4608 νησιν
2359 4593 2374 4620 ,
2443 4551 2884 4625 σωφρονιζόμενος
2949 4560 3022 4623 τῷ
3087 4554 3351 4626 σφάλματι
3418 4559 3544 4632 πρὸς
3607 4557 3778 4610 εὐλα-

2176 4640 2314 4694 ϐειαν
2347 4643 2482 4712 (68),
2517 4645 2605 4693 καὶ
2647 4637 3030 4715 διδασκόμενος
3060 4640 3333 4716 φείδεσθαι
3368 4653 3468 4698 τῶν
3504 4644 3776 4700 ἀσθενοῦν-

2353 4767 2398 4802 ⁴⁰
2442 4769 2484 4822 il
2518 4767 2652 4823 Cor.
2685 4785 2720 4834 l,
2754 4772 2808 4837 9,
2843 4770 2926 4823 10.
3021 4770 3069 4804 ⁵ο
3110 4769 3286 4826 ICor.
3317 4786 3392 4834 xv,
3421 4777 3474 4828 7.
3569 4773 3613 4808 δι
3658 4774 3774 4830 Ga-

2591 4857 2639 4893 53
2681 4860 2699 4913 l
2731 4859 2871 4929 Reg.
2904 4873 3028 4926 xvn,
3061 4859 3146 4915 14.
3251 4861 3298 4896 ⁵⁸
3330 4863 3498 4919 Rom.
3552 4879 3631 4936 ιιι,
3681 4867 3770 4921 20.

2170 5072 2632 5148 ῥύεταιηΒιιιτειιε
2662 5072 2778 5130 hoc
2802 5073 2934 5147 ipso
2964 5074 3026 5131 in
3053 5074 3188 5132 loco
3213 5080 3333 5134 tres
3361 5094 3508 5136 mss.
3541 5079 3770 5139 ἠλπίκα-

2169 5144 2279 5218 μεν.
2320 5145 2469 5219 Editi
2484 5144 2813 5219 ἠλπίσαμεν.

2242 5219 2357 5286 (67)
2391 5217 2591 5292 Editiq
2615 5217 2798 5273 Paris.
2833 5223 2947 5272 τότε
2977 5228 3112 5292 γνῷς
3157 5226 3390 5274 σεαυτόν.
3430 5223 3620 5280 Editio
3653 5225 3769 5280 Ba-

2170 5288 2262 5368 sil.
2295 5293 2502 5368 γνώσης
2532 5288 2707 5368 αὐτόν.
2737 5292 2896 5368 Unus
2917 5306 2947 5346 e
2971 5288 3430 5368 Combeﬁsianis
3451 5301 3627 5368 γνώσῃ
3655 5297 3768 5349 ἑαυ-

2167 5365 2273 5416 τόν,
2305 5364 2443 5438 ῌθς.
2477 5361 2707 5438 primus
2737 5367 2915 5438 γνώσῃ
2951 5368 3184 5420 σεαυτόν.
3225 5361 3486 5438 Denique
3515 5361 3654 5438 Reg.
3681 5386 3768 5426 sc-

2167 5431 2403 5486 cundus
2433 5431 2490 5487 et
2512 5433 2674 5488 Colb.

2707 5434 2941 5506 primtis
2968 5446 3121 5508 γνῷς.

2238 5504 2541 5587 _Unus
2571 5504 2761 5587 code;
2813 5504 3131 5587 ilcgf‘n'pb;
3177 5507 3456 5566 εὐσέϐειαν.
3513 5510 3662 5570 Edili
3709 5518 3765 5572 et

2162 5575 2374 5653 reliqui
2405 5591 2552 5637 mss.
2586 5575 2868 5639 εὐλάϐειαν,
