4110 6374
412 279 513 333 535

404 402 492 457 Ac
510 400 752 458 illorum
764 401 1016 473 quidem
1025 402 1260 473 justitia
1281 403 1686 477 sicutpannus
1710 406 2046 460 menstrua-

405 494 480 548 ιω
506 491 668 549 facta
694 496 784 549 est
814 510 827 549 :
856 495 904 529 δ’
935 494 1206 563 gentium
1251 510 1396 550 vero
1434 495 1722 567 iniquitas
1751 493 2055 566 impietas-

405 599 526 656 que
555 582 751 640 deleta
793 587 884 640 est
932 598 1039 655 per
1076 582 1287 641 ﬁdem.
1328 588 1391 640 In
1417 600 1681 655 summa,
1712 583 2061 641 memineris

403 673 562 731 illius
582 673 900 746 proverbii.
927 674 1218 743 Superbis
1260 675 1421 731 Deus
1459 676 1702 741 resistit,
1727 673 2056 731 humilibus

407 778 548 821 vero
567 764 673 821 dat
702 764 967 834 gratiam
989 764 1058 819 ⁸³.
1100 763 1268 821 Habe
1294 765 1356 820 in
1387 768 1674 837 promptu
1702 763 2062 820 sententiam

408 852 645 910 Domini
677 870 690 909 :
724 854 927 910 Omnis
954 854 1063 926 qui
1105 869 1167 910 se
1208 853 1515 919 humiliat,
1545 855 1955 921 exattabitur;
2009 858 2063 909 et

409 945 515 1017 qui
531 960 592 1003 se
615 945 871 1012 exaltat,
900 944 1417 1002 humiliabitur“.
1451 947 1531 1000 Ne
1579 944 1668 1001 tui
1712 942 1906 1016 ipsius
1947 942 2062 1000 ﬁas

402 1033 593 1106 judex
622 1034 892 1106 iniquus,
933 1050 1131 1107 neque
1161 1035 1241 1091 ad
1273 1034 1531 1105 gratiam
1560 1033 1871 1106 expende:
1905 1033 1953 1090 si
1986 1034 2064 1090 vi-

406 1122 591 1180 deare
610 1124 715 1180 tibi
733 1123 1075 1199 quidquam
1096 1124 1240 1180 boni
1263 1124 1510 1195 habere,
1524 1128 1843 1180 numerata
1861 1122 1963 1179 illa
1975 1138 2061 1193 re,

408 1214 767 1287 delictisque
794 1213 1088 1272 oblivioni
1109 1214 1263 1270 ultro
1286 1214 1758 1286 traditis,neque
1791 1213 1871 1269 ob
1904 1218 2064 1269 recte

406 1304 569 1362 facta
621 1304 918 1361 hodierna
971 1303 1329 1367 insolescas,
1372 1320 1573 1377 neque
1597 1303 1930 1360 recentium
1962 1306 2068 1359 aut

406 1398 681 1451 veterum
719 1393 1180 1450 malefactorum
1217 1395 1383 1466 161
1423 1393 1530 1449 tibi
1573 1394 1818 1450 veniam
1848 1407 2065 1449 conce-

406 1484 555 1541 das:
589 1484 695 1541 sed
721 1499 862 1539 cum
887 1499 1157 1557 praesens
1211 1483 1541 1541 reddiderit
1594 1490 1651 1541 te
1700 1483 1945 1554 elatum,
1978 1497 2070 1538 re-

407 1589 559 1639 voca
576 1573 638 1629 in
659 1573 1022 1631 memoriam
1044 1574 1362 1647 antiquam
1382 1573 1604 1645 agendi
1625 1574 1942 1640 rationem,
1960 1573 2069 1629 sic-

405 1680 527 1737 que
551 1663 806 1720 stolidus
840 1666 980 1719 tuus
1000 1668 1205 1720 tumor
1224 1664 1503 1721 cessabit.
1530 1667 1615 1731 Et,
1638 1664 1688 1720 si
1716 1665 2067 1736 proximum

1767 278 1825 334 S.
1865 274 2116 333 BASILII

2170 278 2415 336 MAGNI.
3671 290 3774 345 533

2168 406 2503 481 κεκαθαρται.
2566 412 2666 461 Καὶ
2718 416 2817 462 τῶν
2873 411 2965 482 μεν
3008 413 3038 469 ἡ
3084 408 3397 470 δικαιοσύνη
3449 416 3655 484 γέγονεν
3700 416 3775 481 ὡς

2166 494 2326 569 ῥάκος
2382 495 2798 571 ἀποκαθημένης,
2849 509 2947 552 τῶν
3008 496 3065 554 δὲ
3118 499 3272 553 ἐθνῶν
3341 504 3368 561 ὁ
3424 502 3616 575 ἁνομια
3681 511 3772 560 καὶ

2168 588 2199 645 ἡ
2246 584 2458 640 ἀσέϐεια
2486 584 2581 640 δ’ιὰ
2626 593 2850 651 πίστεως
2900 588 3214 653 ἐξηλειπται.
3275 591 3509 645 Καθόλου
3564 597 3770 667 μέμνη-

2171 694 2233 729 σο
2287 684 2382 739 τῆς
2431 675 2654 741 ἀληθοῦς
2702 683 3007 754 παροιμίας.
3074 679 3445 753 Ὑπερηφάνοις
3497 687 3630 747 Θεὸς
3674 683 3769 737 ἀν·-

2168 768 2497 835 τιτάσσεται,
2546 776 2807 832 ταπεινοῖς
2879 765 2939 822 δὲ
2996 765 3196 823 δίδωσι
3247 772 3431 846 χάρίν.
3492 771 3628 845 Ἔχε
3675 782 3769 828 τοῦ

2173 862 2366 931 Κυρίου
2418 861 2476 910 τό
2518 857 2665 931 ῥῆμα
2711 862 3013 933 πρόχειρον·
3068 866 3178 923 Πᾶς
3233 860 3258 912 ὁ
3334 870 3585 915 ταπεινῶν
3655 864 3770 918 ἐαυ-

2168 950 2277 1013 τὸν,
2338 946 2698 1018 ύψωθησεται·
2755 954 2844 1001 καὶ
2907 953 2933 1001 ό
2980 949 3093 1020 (72)
3150 948 3295 1020 ὑψῶν
3348 950 3549 1019 ἑαυτόν,
3599 972 3776 1008 ταπειο

2169 1038 2480 1095 νωθήσεταιο
2527 1043 2609 1097 Μὴ
2665 1043 2811 1110 γίνου
2850 1044 3038 1111 κριτὴς
3088 1041 3271 1103 ἄνισος
3321 1049 3566 1109 σεαυτοῦ,
3632 1042 3773 1117 μηδέ

2171 1129 2297 1200 πρὸς
2342 1128 2505 1201 χάριν
2565 1126 2786 1191 ἐξέταξε·
2836 1128 2879 1181 εἰ
2925 1132 3016 1201 μέν
3073 1149 3126 1182 τι
3184 1126 3353 1191 δοκεῖς
3411 1133 3554 1203 ἔχειν
3592 1133 3772 1206 καλὸν,

2171 1223 2325 1267 τοῦτο
2391 1215 2441 1268 ἐν
2501 1216 2660 1290 ψήφῳ
2713 1218 2893 1287 τιθεῖς,
2951 1226 3051 1270 τῶν
3120 1215 3178 1272 δὲ
3238 1222 3588 1294 πταισμάτων
3650 1223 3774 1277 ἑκὼν

2172 1302 2643 1379 ἐπιλανθανόμενος,
2711 1303 2850 1381 μηδὲ
2903 1305 2976 1380 ἐφ’
3031 1303 3108 1370 οἷς
3169 1310 3259 1381 μὲν
3320 1315 3541 1386 σήμερον
3589 1332 3775 1389 κατορ-

2175 1396 2285 1457 θοῖς
2340 1395 2766 1469 μεγαλυνόμενος,
2822 1395 2894 1469 ἐφ’
2954 1397 3032 1458 οἷς
3106 1393 3166 1450 δέ
3220 1403 3400 1472 πρώην
3461 1405 3553 1454 καὶ
3614 1403 3776 1459 πάλαι

2174 1492 2344 1545 κακῶς
2399 1484 2647 1559 εἰργάσω,
2709 1491 3060 1559 συγχώρησιν
3127 1496 3331 1559 σεαυτῷ
3394 1485 3604 1554 διδούς·
3666 1490 3775 1546 ἀλλ’

2175 1575 2296 1627 ὅταν
2351 1594 2409 1628 σε
2444 1577 2503 1628 τὸ
2552 1578 2720 1651 παρόν
2767 1574 3043 1651 ἐπάρῃ,τό
3090 1575 3311 1630 παλαιὸν
3359 1578 3433 1642 εἰς
3476 1578 3770 1654 ἀνάμνησιν

2176 1661 2363 1736 ἀγέτω,
2402 1668 2493 1719 καὶ
2542 1668 2722 1739 παύση
2779 1675 2875 1729 τῆς
2930 1664 3253 1725 όιναισθὴτου
3318 1667 3620 1742 φλεγμονῆς.
3673 1676 3773 1726 Καὶ

405 1758 764 1827 peccantem
778 1753 1172 1823 videris,cave
1184 1754 1736 1826 consideresipsius
1747 1758 2067 1826 peccatum

2182 1754 2219 1806 εἰ
2259 1757 2346 1806 τόν
2384 1753 2537 1816 πέλας
2574 1754 2933 1828 ἁμαρτάνοντα
2983 1758 3258 1832 θεωρήσεις
3313 1762 3448 1831 (73),
3493 1763 3565 1831 μὴ
3617 1768 3771 1814 τοῦτο

408 1844 610 1901 solum
634 1862 647 1900 :
674 1843 783 1900 sed
809 1843 990 1900 etiam
1009 1860 1148 1917 quae
1176 1844 1315 1900 fecit
1341 1847 1448 1902 aut
1476 1844 1619 1901 facit
1646 1844 2064 1914 recte,cogita;

406 1938 467 1992 et
491 1949 653 2006 stepe
673 1949 815 1991 cum
835 1932 1256 2006 deprehendes
1282 1934 1473 2009 teipso
1495 1934 1828 2002 meliorem,
1852 1949 2069 2008 expen-

408 2024 491 2080 sis
518 2022 703 2081 rebus
732 2024 1041 2095 omnibus,
1075 2039 1200 2080 non
1230 2039 1355 2081 una
1407 2024 1707 2082 duntaxat
1732 2029 1904 2092 parte
1933 2042 2071 2083 exa-

407 2113 664 2170 minata.
702 2116 907 2185 Neque
938 2113 1100 2169 enim
1123 2115 1282 2169 Deus
1312 2114 1627 2171 hominem
1658 2114 1721 2171 in
1761 2120 1930 2188 parte
1961 2132 2069 2171 ex-

404 2203 654 2277 pendit:
713 2203 843 2275 Ego
882 2203 1067 2271 enim,
1098 2203 1314 2277 inquit,
1346 2219 1533 2274 opera
1573 2209 1630 2261 et
1676 2206 2067 2276 cogitationes

405 2310 612 2352 eorum
632 2293 803 2352 venio
825 2299 1307 2365 congregaturus
1333 2296 1404 2352 ⁸⁵.
1433 2295 1587 2361 Quin
1612 2295 1794 2352 etiam
1814 2312 1957 2353 cum
1976 2299 2068 2354 Jo-

407 2384 630 2457 saphat
658 2383 995 2457 aliquando
1027 2383 1106 2439 ob
1132 2399 1403 2456 praesens
1433 2389 1754 2457 peccatum
1794 2386 2069 2459 increpa-

341 2538 346 2543 .
404 2472 812 2543 ret,2meminit
832 2488 1083 2546 quoque
1106 2477 1265 2530 recte
1277 2472 1576 2531 factorum
1596 2474 1812 2548 ipsius,
1827 2476 1920 2531 his
1939 2492 2069 2533 ver-

405 2564 501 2627 bis
527 2581 543 2620 :
582 2564 1001 2623 Verumtamen
1027 2563 1208 2621 verba
1226 2564 1382 2622 bona
1400 2565 1646 2624 inventa
1664 2571 1806 2624 sunt
1827 2567 1890 2624 in
1918 2572 1975 2625 te
1994 2567 2064 2623 ⁸⁸.

478 2746 534 2801 6.
556 2744 691 2799 Haec
716 2745 774 2799 et
799 2740 1019 2798 similia
1040 2741 1335 2800 adversus
1365 2742 1718 2816 superbiam
1740 2744 2068 2804 nobismet-

405 2831 554 2905 ipsis
583 2847 826 2905 semper
853 2831 1229 2909 accinamus,
1260 2832 1641 2890 demittentes
1665 2850 1779 2891 nos
1803 2851 1971 2908 ipsos
2003 2839 2067 2891 ut

408 2920 766 2988 exaltemur,
816 2920 1119 2978 imitantes
1166 2922 1517 2995 Dominum,
1565 2924 1672 2997 qui
1714 2923 1789 2981 de
1821 2924 1973 2980 coelo
2004 2923 2067 2981 in

408 3014 740 3069 extremam
760 3011 1160 3068 humilitatem
1189 3012 1527 3082 descendit,
1547 3019 1606 3069 et
1632 3014 1756 3069 vice
1777 3030 1950 3071 versa
1972 3029 2067 3070 ex-

2174 1849 2326 1919 μόνον
2381 1846 2541 1900 αύτοῦ
2581 1852 2884 1920 σκοπήσης-
2940 1846 3263 1921 ἐνθυμήθητι
3320 1846 3379 1903 δὲ
3429 1853 3515 1903 καὶ
3557 1851 3659 1904 ὅσα
3684 1854 3773 1904 πέ-

2174 1956 2379 2011 πραχεν
2439 1937 2467 1996 ἣ
2528 1938 2746 2011 πράττει
2800 1936 2985 2005 καλῶς,
3044 1943 3132 1992 καὶ
3203 1938 3454 2003 πολλάκις
3535 1941 3774 2014 εὑρήσεις

2177 2026 2332 2080 αύτὸν
2377 2025 2619 2100 ἀμείνονα
2660 2034 2904 2097 σεαυτοῦ,
2955 2023 3051 2081 διὰ
3094 2029 3301 2082 πάντων
3359 2027 3636 2099 ἐξετάζων,
3684 2035 3775 2085 καὶ

2175 2121 2248 2190 μὴ
2282 2119 2472 2190 μερικὰ
2497 2116 2851 2191 ψηφιζόμενος
2888 2119 3016 2191 (ἷ4).
3050 2114 3192 2172 Ούδε
3227 2120 3329 2195 γὰρ
3377 2122 3505 2183 Θεὸς
3550 2128 3775 2193 μερικῶς

2176 2205 2401 2269 ἐξετάζει
2453 2210 2542 2260 τὸν
2593 2208 2882 2281 ἄνθρωπον·
2942 2207 3074 2280 Ἐγὼ
3137 2210 3264 2282 γὰρ,
3316 2228 3468 2283 φησι,
3526 2213 3594 2263 τὰ
3650 2212 3778 2284 ἔργα

2175 2302 2266 2349 καὶ
2332 2300 2449 2358 τούς
2526 2295 2814 2371 λογισμούς
2881 2296 3049 2350 αὐτῶν
3139 2300 3371 2372 ἔρχομαι
3439 2306 3772 2372 συναγαγεῖν.

2163 2390 2279 2440 Καὶ
2331 2395 2403 2459 τῷ
2457 2386 2716 2460 Ἰωσαφὰτ
2768 2387 3085 2460 ἐπιτιμήσας
3136 2390 3263 2442 ποτε
3317 2385 3413 2443 διὰ
3458 2393 3554 2449 τὴν
3601 2409 3777 2464 παρα-

2175 2472 2343 2538 πόδας
2401 2476 2683 2553 ἁμαρτίαν,
2732 2475 2967 2550 ἐμνήσθη
3037 2481 3128 2531 καὶ
3192 2486 3294 2530 τῶν
3356 2482 3777 2553 κατωρθωμένων

2176 2566 2339 2637 αὐτῷ,
2397 2565 2577 2639 λέγων·
2631 2566 2770 2624 ΙΙλην
2828 2564 2958 2620 ἀλλὰ
3012 2564 3160 2640 λόγοι
3229 2564 3421 2640 ἁγαθοὶ
3491 2570 3777 2641 εὑρέθησαν

2179 2655 2227 2708 ἐν
2251 2660 2357 2711 σοί.

2251 2751 2301 2803 6.
2343 2752 2523 2798 Ταῦτα
2570 2749 2662 2799 καὶ
2710 2748 2778 2798 τὰ
2823 2751 3043 2799 τοιαῦτα
3096 2747 3227 2819 πρὸς
3277 2749 3370 2804 τὴν
3420 2745 3774 2820 ὑπερηφανίαν

2178 2832 2450 2909 ἐπᾴδωμεν
2525 2834 2727 2898 ἑαυτοῖς
2792 2836 3059 2904 ἑκάστοτε,
3126 2837 3497 2911 καθαιροῦντες
3566 2836 3776 2898 ἑαυτούς

2179 2925 2241 2977 ἶν’
2301 2924 2607 2999 ύψωθῶμεν,
2666 2927 2978 2999 μιμούμενοι
3022 2927 3109 2979 τὸν
3154 2924 3209 2989 ἐξ
3247 2926 3468 3001 ούρανοῦ
3515 2924 3776 2979 καταϐάν-

2176 3033 2243 3066 τα
2290 3016 2482 3088 Κύριον
2532 3016 2659 3089 πρὸς
2704 3019 2799 3074 τὴν
2848 3013 3085 3088 ἐσχάτην
3121 3020 3488 3083 ταπεινότητα,
3528 3019 3618 3068 καὶ
3659 3014 3778 3067 τού-

406 3101 743 3160 humilitate
773 3101 854 3159 ad
884 3102 1200 3160 decentem
1232 3101 1618 3161 altitudinem
1663 3108 1907 3161 evectus
1955 3108 2064 3161 est.

2182 3108 2376 3157 ναντίον
2425 3102 2481 3156 ἐκ
2527 3108 2900 3167 ταπεινότητος
2964 3105 3031 3166 εἰς
3071 3104 3199 3177 ύφος
3247 3094 3419 3158 αἶσιον
3467 3103 3781 3178 ἐξογκούμε-

412 3193 829 3266 Comperimus
887 3192 1052 3250 enim
1103 3194 1340 3250 Domini
1387 3197 1559 3265 gesta
1592 3193 1803 3250 omnia
1849 3210 1964 3250 nos
1991 3195 2069 3251 ad

410 3282 813 3340 humilitatem
834 3282 1153 3340 instruere.
1184 3283 1389 3340 infans
1419 3300 1559 3340 cum
1588 3289 1761 3352 esset,
1786 3283 1989 3341 statim
2010 3284 2072 3341 in

414 3373 731 3446 spelunca,
763 3376 822 3429 et
865 3388 943 3428 ne
980 3372 1043 3428 in
1072 3372 1225 3429 lecto
1256 3372 1525 3446 quidem,
1563 3373 1669 3430 sed
1708 3373 2076 3448 inpraesepi

410 3463 622 3534 jacuit.
652 3465 717 3518 In
739 3461 926 3518 domo
955 3460 1065 3518 fuit
1083 3461 1239 3518 fabri
1266 3461 1506 3532 lignarii
1539 3467 1595 3520 et
1616 3463 1826 3521 matris
1852 3480 2079 3538 paupe-

415 3552 517 3623 ris,
537 3550 716 3609 matri
734 3551 1020 3608 subditus
1042 3555 1101 3608 et
1119 3551 1278 3608 illius
1305 3568 1537 3624 sponso
1560 3569 1573 3609 :
1598 3553 1953 3626 docebatur,
1968 3571 2077 3612 au-

417 3642 860 3716 diebatquibus
883 3641 995 3698 sibi
1020 3658 1176 3715 opus
1197 3658 1322 3699 non
1339 3648 1495 3700 erat:
1518 3643 1952 3716 interrogabat,
1972 3647 2079 3704 sed

416 3732 500 3791 ita
530 3736 753 3800 tamen,
775 3737 842 3789 ut
868 3732 1249 3804 interrogans
1281 3737 1439 3789 esset
1464 3733 1854 3794 admirationi
1883 3736 1963 3794 ob
1988 3754 2081 3795 sa-

418 3823 729 3896 pientiam.
761 3822 1148 3880 Subdebatur
1173 3824 1416 3891 Joanni,
1440 3829 1498 3881 et
1530 3825 1821 3883 Dominus
1842 3843 1881 3883 a
1904 3843 2081 3885 servo

418 3912 731 3986 baptisma
750 3911 1113 3984 accipiebat:
1136 3912 1583 3983 insurgentium
1602 3914 1664 3971 in
1688 3931 1751 3971 se
1765 3915 2085 3973 resistebat

422 4002 591 4070 nulli,
606 4017 801 4075 neque
822 4005 1180 4073 potestatem
1220 4002 1616 4070 ineffabilem,
1649 4020 1775 4076 qua
1794 4002 2084 4077 praeditus

423 4097 572 4162 erat,
603 4091 959 4149 exercebat:
986 4092 1094 4149 sed
1136 4093 1512 4151 concedebat
1538 4094 1719 4167 quasi
1737 4094 2086 4167 potentiori-

423 4183 563 4252 bus,
595 4186 651 4240 et
680 4181 1060 4254 temporariae
1094 4184 1381 4255 potestati
1410 4184 1749 4257 potentiam
1780 4184 1835 4240 ei
1862 4200 2083 4242 conve-

425 4273 692 4331 nientem
715 4271 1116 4344 permittebat.
1152 4272 1486 4330 Sistebatur
1507 4273 1898 4346 pontiﬁcibus
1918 4274 1980 4331 in
2001 4274 2088 4332 rei

426 4362 678 4421 habitu:
702 4361 1038 4419 ducebatur
1054 4362 1134 4419 ad
1157 4362 1503 4436 praesidem,
1522 4367 1579 4419 et
1597 4362 1895 4435 judicium
1926 4364 2086 4422 subi-

2178 3195 2421 3265 νοι(’75).
2470 3196 2649 3247 Πάντα
2686 3196 2787 3267 γὰρ
2848 3190 2915 3253 δὴ
2968 3198 3097 3270 πρὸς
3136 3196 3613 3271 ταπεινοφροσύνην
3660 3213 3785 3247 παι-

2184 3280 2404 3337 δεύοντα
2467 3285 2535 3336 τὰ
2600 3290 2690 3337 τοῦ
2763 3288 2958 3357 Κυρίου
3042 3286 3369 3359 εὑρίσκομεν.
3426 3288 3610 3360 Βρέφος
3694 3285 3784 3356 ὢν,

2185 3374 2336 3436 εὐθὺς
2392 3371 2441 3426 ἐν
2490 3372 2754 3446 σπηλαίῳ,
2823 3379 2913 3428 καὶ
2987 3370 3111 3428 ούὸε
3168 3373 3254 3427 ἐπὶ
3309 3373 3509 3446 κλίνης,
3543 3373 3649 3427 ἀλλ’
3703 3371 3788 3427 ἐπὶ

2186 3466 2394 3537 φάτνης·
2446 3462 2495 3517 ἐν
2544 3468 2667 3536 οἴκῳ
2711 3483 2945 3525 τεκτονος
2993 3469 3083 3517 καὶ
3112 3467 3316 3538 μητρὸς
3352 3470 3631 3539 πενιχρᾶς,
3663 3465 3789 3517 ύπο-

2186 3558 2507 3628 τασσόμενος
2562 3562 2623 3628 τῇ
2686 3559 2850 3627 μητρὶ
2926 3559 3015 3607 καὶ
3083 3563 3157 3626 τῷ
3238 3556 3434 3615 ταύτης
3498 3562 3787 3628 μνηστῆρι⁸

2190 3641 2598 3718 διδασκόμενος,
2663 3643 2862 3697 ἀκούων
2919 3645 2987 3696 ὧν
3044 3644 3139 3697 ούκ
3192 3639 3377 3710 ἐδεῖτο,
3420 3641 3687 3716 ἐπερωτῶν
3731 3638 3791 3696 δε

2190 3736 2347 3808 ὅμως,
2376 3739 2465 3787 καὶ
2518 3731 2613 3787 διὰ
2658 3742 2748 3794 τῆς
2799 3732 3098 3807 ἐρωτήσεως
3145 3731 3229 3785 ἐπὶ
3266 3739 3329 3805 τῇ
3385 3735 3541 3806 σοφίᾳ
3586 3733 3791 3806 θαυμα-

2191 3826 2424 3897 ζόμενος·
2486 3825 2924 3896 ,ύποτασσόμενος
3017 3822 3250 3889 Ἰωάννη,
3337 3826 3427 3875 καὶ
3508 3820 3793 3896 βάπτισμα

2190 3934 2336 3989 παρα
2384 3921 2476 3967 τοῦ
2525 3910 2715 3966 δούλου
2762 3909 3042 3986 δεχόμενος
3094 3913 3120 3965 ό
3148 3915 3443 3975 Δεσπότης·
3485 3908 3660 3965 οὐδενὶ
3691 3920 3791 3965 τῶν

2192 4003 2609 4077 ἐπανισταμένων
2658 4001 3053 4076 ἀνθιστάμενος,
3102 3998 3226 4055 οὐδὲ
3284 4005 3377 4061 τὴν
3412 4003 3609 4075 ἄφατον
3653 3999 3794 4065 ἐξου-

2196 4098 2338 4165 σίαν,
2388 4095 2449 4168 ᾖν
2499 4091 2663 4166 εἶχεν,
2695 4092 3160 4167 ἐπανατεινόμενος·
3214 4090 3322 4145 ἀλλ’
3376 4095 3446 4156 ὡς
3499 4088 3795 4146 δυνατωτέ-

2191 4206 2299 4262 ροις
2356 4187 2667 4260 ὑποχωρῶν,
2715 4189 2803 4237 καὶ.
2831 4191 2893 4257 τῇ
2936 4187 3243 4260 προσκαίρῳ
3297 4180 3511 4255 ἐξουσία
3566 4185 3623 4235 τὸ
3678 4180 3796 4234 κατ’

2195 4277 2353 4335 αὐτὴν
2384 4277 2608 4351 ἰσχυρὸν
2654 4273 2958 4350 ἐπιτρέπων·
3016 4272 3100 4327 ἐπὶ
3151 4281 3250 4326 τῶν
3298 4269 3586 4347 ἀρχιερέων
3639 4271 3796 4324 ἱστά-

2195 4386 2342 4442 μενος
2381 4365 2430 4419 ἐν
2478 4370 2725 4439 σχήματι
2773 4362 3142 4439 δικαζομένου,
3203 4365 3420 4436 ἡγεμόνι
3470 4366 3797 4438 προσαγόμε-

426 4451 618 4521 bat,et
644 4468 785 4508 cum
812 4451 1108 4525 potuisset
1128 4452 1598 4510 calumniatores
1619 4453 2073 4525 redarguere,si-

2194 4477 2280 4520 νος
2334 4461 2425 4509 καὶ
2475 4460 2649 4530 κρίσιν
2707 4456 2992 4531 ὑποφέρων,
3051 4456 3141 4507 καὶ
3191 4455 3357 4527 παρὸν
3413 4450 3645 4524 ἐλέγχειν
3676 4456 3798 4514 τούς

427 4541 612 4599 lentio
637 4541 866 4599 ferebat
889 4541 1249 4600 calumnias.
1263 4543 1724 4616 Conspuebatur
1744 4560 1780 4601 a
1797 4545 1983 4602 servis
2004 4545 2088 4603 vi-

428 4631 715 4705 lissimisq
725 4648 797 4689 ue
810 4632 1341 4703 mancipiis,morti
1355 4633 1905 4708 tradebatur,eique
1924 4634 2089 4708 apud

432 4723 709 4783 homines
738 4723 1125 4797 turpissima.
1159 4723 1253 4780 Sic
1282 4724 1493 4781 omnia
1522 4724 1601 4782 ab
1631 4730 1767 4784 ortu
1794 4726 1875 4784 ad
1901 4725 2087 4785 ﬁdem

2200 4554 2668 4621 συκοφαντοῦντας,

2199 4636 2549 4711 ἐμπτυόμενος
2599 4638 2697 4689 ύπό
2750 4631 2947 4687 δούλων
2995 4636 3085 4685 καὶ
3132 4626 3431 4706 παιδαρίων
3491 4629 3795 4683 εύτελεστά-

2750 4552 2919 4617 σιωπῇ
3006 4547 3165 4618 φέρων
3248 4543 3343 4604 τὰς
3426 4560 3794 4614 συκοφαντιας’

2198 4749 2321 4799 των,
2381 4729 2583 4801 θανάτῳ
2629 4720 3075 4802 παραδιδόμενος,
3138 4725 3229 4775 καὶ
3280 4721 3482 4795 θανάτῳ
3539 4727 3613 4793 τῷ
3651 4720 3796 4797 παρὰ

506 4935 553 5008 {3
594 4933 707 4992 Isa.
739 4949 895 5004 an,
938 4937 990 4992 6.
1048 4935 1098 4972 ”
1137 4932 1312 4994 Prov.
1340 4949 1424 5006 ιιι,
1450 4936 1703 5007 34;.ῐθ.ο.
1736 4951 1819 4996 iv.
1850 4938 1920 5008 6;
1949 4952 1967 4991 ι
1992 4938 2073 4994 Pe

2182 4951 2232 5004 v,
2265 4939 2320 4993 5.
2383 4933 2432 4973 ⁸⁸
2473 4934 2614 4993 Luc.
2645 4931 2870 5002 xxv,it.
2937 4929 2985 4967 δε
3027 4930 3141 4987 lsa.
3168 4934 3322 4998 LXVX,
3367 4928 3455 4985 18.
3526 4928 3574 4964 ⁶⁶
3606 4926 3654 4984 Il
3681 4926 3797 4986 Pa-

432 5005 610 5080 ralip.
650 5022 767 5079 Xix,
813 5012 866 5065 3.

506 5184 619 5255 (72)
659 5186 823 5241 Unus
846 5184 1013 5243 Colb.
1048 5186 1074 5238 6
1107 5181 1185 5255 δὲ,
1218 5183 1437 5242 vocula
1466 5190 1556 5239 καὶ
1578 5185 1828 5243 omissa.

507 5258 620 5327 (73)
663 5256 756 5312 Sic
786 5257 1253 5330 rescribendum
1294 5258 1582 5330 duximus
1613 5274 1724 5330 pro
1777 5257 1939 5330 edito
1977 5259 2098 5310 θεω-

431 5332 625 5403 ρήσῃς,
656 5327 826 5452 quod
855 5329 935 5386 ad
956 5335 1271 5402 poetarum
1301 5327 1630 5414 dialectum
1650 5328 1920 5403 pertinet.
1943 5330 2098 5385 Emr.

507 5401 619 5452 (74}
661 5403 678 5452 l
707 5416 824 5452 nus
851 5403 991 5452 Rea.
1026 5404 1189 5452 ιιικοὰ
1217 5399 1637 5452 ὠηλαοιξοαενος

507 5399 619 5476 (74)
645 5399 824 5476 linus
851 5399 991 5472 Reg.
1023 5404 1189 5476 μικρᾲ
1217 5399 1637 5473 φηλαφιζόμενος

506 5472 621 5542 (75)
644 5474 882 5529 Veteres
903 5472 1180 5546 tres’lib'ri
1199 5490 1337 5546 cum
1360 5472 1615 5546 utraque
1635 5472 1897 5546 editione
1919 5475 2091 5526 αἴσιον

433 5542 815 5618 ἐξογκούμενοι.
872 5545 950 5618 _At
1008 5544 1173 5601 Colb.
1235 5545 1470 5618 primus
1515 5542 1692 5618 αἶσιον
1747 5544 2086 5618 ἐξελκόμενοι.

435 5615 954 5689 Sensus'postulat
985 5621 1049 5675 ut
1086 5632 1199 5690 pro
1228 5615 1587 5695 ἐξογκούμενοι
1629 5615 2087 5690 Ιθεειωιιεκξογ-

2205 5188 2748 5260 κοτῦμενονβυεςτιιηι
2767 5181 3115 5260 Dominum.
3145 5182 3502 5260 Erratumne
3528 5177 3603 5234 sit
3624 5176 3803 5258 libra-

2206 5252 2470 5325 rioi'um,
2484 5273 2563 5313 an
2595 5257 2709 5312 hoc
2746 5255 2976 5311 dictum
3017 5254 3092 5310 sit
3120 5269 3227 5324 per
3249 5252 3689 5325 attractio‘nem,
3717 5252 3802 5325 vi-

2208 5320 2451 5385 debunt'
2467 5328 2586 5386 alii.
2620 5331 2838 5384 Vocem
2863 5330 3066 5383 autem
3108 5320 3280 5377 αἶσιον
3308 5324 3390 5381 ita
3421 5322 3623 5378 Latine
3668 5320 3804 5376 red-

2206 5400 2359 5457 didit
2389 5399 2811 5467 Combetisius,
2842 5398 2923 5455 ad
2969 5398 3252 5456 eximiam
3305 5411 3376 5467 ac
3421 5393 3798 5467 singularem

2204 5473 2619 5548 celsitudinem
2643 5463 2950 5548 provexit.
2984 5468 3097 5527 Sed
3118 5469 3165 5548 s_i_
3186 5463 3801 5548 semel‘re‘ce’dendum

2206 5546 2284 5601 sit
2309 5544 2388 5600 ab
2410 5561 2481 5600 ea
2502 5535 2689 5615 quam
2712 5560 2824 5599 vox
2858 5546 3030 5615 αἴσιος
3051 5540 3267 5597 usitate
3288 5537 3472 5615 habet
3492 5535 3799 5615 significa-

2203 5616 2380 5689 tione,
2407 5609 2615 5674 malim
2646 5620 2893 5686 vertere,
2924 5614 3007 5673 ad
3035 5627 3326 5672 summam
3355 5609 3798 5670 celsitudinem.
