4110 6386
241 359 341 413 537

1472 347 1769 406 HOMILIA
1807 347 1904 403 DE
1946 347 2388 407 HUMILITATE.

3512 356 3617 410 538

237 478 521 555 ἀνθρώποις
577 477 865 550 αἰσχίστω.
917 477 1070 531 Οὕτω
1121 479 1207 529 τὸν
1260 476 1531 551 ἄνθρωπον
1597 470 1837 536 διεξῆλθε

1953 489 2147 546 usque
2177 478 2415 532 aetatem
2444 474 2710 532 hominis
2732 474 3133 549 absumpsere
3158 495 3171 534 :
3195 479 3303 535 sed
3331 483 3469 551 post
3488 483 3617 536 tan-

236 571 405 624 πάντα
468 571 534 621 τὰ
589 566 689 620 ὄιπό
740 569 856 639 ιῗὸ)
902 571 1142 639 ’γενέσεως
1200 566 1267 627 εἰς
1316 565 1457 628 τέλος
1489 573 1527 599 ·“
1562 569 1652 617 καὶ
1708 566 1840 637 μετὰ

234 661 490 716 τοσαύτην
534 660 1003 733 ταπεινοφροσύνην
1061 658 1274 732 ὕστερον
1330 661 1426 714 τὴν
1475 652 1634 717 δόξαν
1665 652 1841 726 ἐκφαί-

236 768 326 816 νει,
374 744 708 811 συνδοξάζων
758 747 921 819 ἐαυτῷ
951 748 1069 808 :66;
1119 742 1607 809 σνναδοξήσαντας.
1642 744 1738 795 Ὧν
1791 744 1841 795 οἱ

236 840 488 913 μακάριοι
542 840 797 911 μαθηταὶ,
848 846 1065 913 πρῶτοι,
1117 841 1326 897 πένητες
1377 839 1467 888 καὶ
1512 837 1701 907 γυμνοὶ
1744 837 1839 891 τὴν

236 930 538 1002 οἰκουμένην
579 925 976 1004 διαδραμόντες,
1005 927 1101 980 ούκ
1148 925 1196 979 ἐν
1240 930 1398 999 σοφίᾳ
1446 926 1624 997 λόγου,
1660 923 1754 977 οὐκ
1792 922 1840 976 ἐν

237 1017 526 1071 ἀκολούθων
581 1018 781 1084 πλήθει,
840 1021 1009 1091 μόνοι,
1073 1020 1164 1068 καὶ
1222 1014 1430 1081 ἀλῆται,
1490 1018 1580 1066 καὶ
1632 1016 1838 1087 ἔρημοι,

235 1116 332 1179 γῆν
391 1126 448 1160 τε
510 1112 600 1160 καὶ
668 1107 922 1160 θάλατταν
987 1104 1373 1178 ἕξαμείϐοντες,
1439 1104 1838 1177 μαστιζόμενοι,

172 1196 682 1271 ’λιθοϐολούμενοι,
780 1194 1132 1269 διωκόμενοι,
1227 1194 1370 1256 τέλος
1456 1192 1837 1270 ἀναιρούμενοι.

235 1293 407 1341 Ταῦτα
446 1289 572 1359 ἡμῖν
618 1293 836 1362 πατρῷα
886 1290 976 1338 καὶ
1026 1286 1139 1337 θεῖα
1192 1280 1537 1357 παιδεέματα.
1573 1285 1710 1357 Πρὸς
1748 1287 1840 1341 τὴν

233 1380 426 1430 τούτων
477 1377 699 1449 ἔλθωμεν
756 1381 1002 1448 μίμησιν,
1056 1374 1120 1425 ἶν’
1183 1373 1309 1447 ἡμῖν
1348 1373 1403 1426 ἐκ
1455 1382 1549 1436 τῆς
1596 1376 1842 1426 ταπεινό-

231 1459 388 1529 τηέος
435 1465 673 1538 ἀνατείλῃ
735 1462 867 1528 δόξα
910 1464 1130 1532 αἰώνιος,
1192 1464 1222 1523 ἠ
1281 1463 1450 1517 τελεία
1497 1467 1586 1517 καὶ
1642 1462 1843 1526 ἀληθὴς

231 1563 470 1631 Χριστοῦ
508 1551 700 1630 δωρεά.

300 1652 358 1703 7.
389 1653 503 1708 Πῶς
531 1642 618 1698 οὖν
670 1644 741 1709 εἰς
779 1649 867 1704 τὴν
900 1649 1157 1721 σωτήριον
1207 1647 1684 1720 ταπεινοφροσύνην
1735 1664 1839 1699 κα-

231 1736 587 1808 ταϐησόμεθα,
655 1738 742 1788 τόν
819 1734 1047 1811 ὀλέθριον
1115 1739 1268 1807 ὄγκον
1327 1742 1421 1796 τῆς
1485 1737 1840 1810 ὑπερηφανίας

1951 567 2078 621 tam
2106 564 2531 634 humilitatem,
2563 564 2817 636 gloriam
2849 567 3095 624 tandem
3123 568 3405 635 ostendit,
3445 569 3616 639 igno-

1949 653 2153 711 minias
2184 655 2379 712 socios
2406 654 2470 712 in
2494 655 2843 713 societatem
2875 656 3079 727 glorise
3109 674 3235 714 suae
3267 657 3612 715 admittens.

1951 746 2221 811 Quorum
2241 745 2421 818 primi
2445 750 2586 801 sunt
2607 746 2767 802 beati
2788 746 3085 819 discipuli,
3100 748 3205 820 qui
3230 763 3532 820 pauperes
3559 752 3617 804 et

1949 833 2099 890 nudi
2128 834 2340 890 orbem
2360 839 2656 891 terrarum
2678 840 3125 907 percurrerunt,
3145 852 3272 891 non
3292 836 3353 891 in
3378 836 3615 908 sapien-

1949 922 2035 980 tia
2066 924 2516 992 sermonis,non
2537 940 2678 980 cum
2700 928 3072 981 sectatorum
3092 925 3451 999 frequentia,
3476 924 3612 997 soli,

1949 1012 2090 1082 vagi
2119 1028 2192 1069 ac
2220 1012 2490 1083 desolati,
2524 1017 2747 1071 terram
2777 1030 2849 1070 ac
2870 1030 3037 1070 mare
3066 1021 3479 1087 peragrantes,
3505 1015 3612 1071 ﬂa-

1950 1101 2074 1172 gris
2097 1101 2258 1170 caesi,
2286 1101 2595 1174 lapidibus
2617 1104 2801 1174 petiti,
2824 1104 3108 1168 divexati,
3124 1104 3310 1162 occisi
3328 1105 3615 1178 denique.

1951 1195 2085 1250 Htec
2106 1192 2286 1249 nobis
2317 1197 2457 1249 sunt
2477 1197 2730 1265 paterna
2759 1194 3129 1254 documenta
3153 1200 3212 1252 et
3239 1195 3464 1252 divina.
3482 1198 3615 1254 Haec

1950 1281 2276 1348 imitemur,
2291 1286 2356 1337 ut
2378 1282 2556 1338 nobis
2587 1298 2693 1354 per
2720 1283 3123 1342 humilitatem
3154 1283 3406 1341 accedat
3421 1283 3613 1355 gloria

1950 1377 2195 1441 aeterna,
2226 1371 2559 1446 perfectiun
2589 1372 2737 1430 illud
2767 1390 2838 1432 ac
2869 1389 3081 1433 verum
3112 1374 3325 1432 Christi
3355 1374 3612 1434 donum.

2021 1650 2077 1700 7.
2112 1641 2425 1708 Quomodo
2452 1656 2595 1712 ergo
2616 1641 2695 1699 ad
2719 1641 3049 1702 salutarem
3072 1641 3473 1707 humilitatem
3504 1642 3615 1699 de-

1950 1733 2288 1801 veniemus,
2328 1732 2583 1790 exitioso
2602 1731 2904 1806 superbiae
2927 1736 3162 1789 tumore
3188 1732 3468 1790 derelicto
3488 1733 3516 1787 ?
3557 1732 3615 1790 Si

229 1825 596 1887 καταλιπόντες
619 1840 633 1890 ;
666 1824 785 1878 Ἐὰν
844 1822 939 1879 διὰ
982 1826 1187 1878 πάντων
1229 1823 1470 1897 ἀσκῶμεν
1507 1829 1567 1879 τὸ
1609 1834 1838 1903 τοιοῦτο,

1951 1822 2100 1895 quid
2117 1821 2418 1893 ejusmodi
2438 1821 2887 1879 exercuerimus
2907 1821 2969 1878 in
2998 1820 3423 1892 omnibus,nec
3442 1821 3614 1894 quid-

228 1920 319 1968 καὶ
368 1910 535 1987 μηδὲν
581 1922 888 1989 παρορῶμεν
944 1917 1009 1976 ὡς
1062 1914 1121 1967 ού
1168 1917 1313 1989 παρὰ
1360 1923 1516 1968 τοῦτο
1571 1914 1840 1989 βλαϐησό-

229 2022 393 2078 μενοι.
433 2010 556 2066 Τοῖς
590 2006 692 2077 γὰρ
746 2000 1159 2077 ἐπιτηδεύμασιν
1207 2006 1481 2078 ὁμοιοῦται
1525 2003 1705 2077 ψυχὴ,
1747 2010 1837 2060 καὶ

226 2097 361 2168 1:96;
386 2092 422 2145 ἃ
449 2095 688 2167 πράττει,
718 2100 995 2162 τυποῦται,
1051 2099 1139 2147 καὶ
1185 2097 1313 2170 πρὸς
1341 2102 1511 2149 ταῦτα
1557 2099 1839 2169 σχηματί-

231 2182 396 2246 ζεται.
428 2181 603 2237 Ἔστω
654 2201 739 2236 σοι
774 2188 863 2236 καὶ
912 2193 1125 2257 σχῆμα,
1174 2187 1264 2238 καὶ
1312 2184 1537 2257 ἱμάτιον,
1586 2189 1677 2238 καὶ
1732 2184 1841 2258 βά-

230 2268 422 2345 δισμα,
480 2276 572 2325 καὶ
629 2268 886 2347 καθέδρα,
944 2277 1035 2326 καὶ
1092 2282 1287 2347 τροφῆς
1343 2275 1690 2343 κατάστασις,
1748 2279 1841 2328 καὶ

232 2370 507 2437 στρωμνῆς
560 2367 894 2435 παρασκευὴ,
957 2366 1047 2416 καὶ
1112 2359 1267 2430 οἶκος,
1331 2367 1418 2416 καὶ
1472 2365 1540 2416 :6‘:
1603 2362 1653 2417 ἐν
1713 2363 1839 2417 οἰκω

230 2454 393 2509 σκεύη
451 2452 625 2504 πάντα
659 2454 794 2526 πρὸς
843 2451 1098 2505 εύτέλειαν
1149 2453 1426 2527 ἠσκημένα
1456 2472 1472 2488 ο
1526 2457 1618 2505 καὶ
1664 2453 1837 2526 λόγος,

225 2544 317 2594 καὶ
346 2537 483 2613 ᾠδὴ,
512 2544 603 2593 καὶ
643 2543 673 2599 ἠ
722 2548 814 2595 τοῦ
843 2541 1069 2601 πλησίον
1109 2542 1345 2610 ἔντευξις,
1388 2547 1479 2596 καὶ
1514 2550 1681 2597 ταῦτα
1707 2546 1839 2617 πρὸς

226 2635 546 2705 μετριότητα
604 2629 794 2705 μᾶλλον
860 2632 889 2692 ἦ
946 2634 1079 2708 πρὸς
1134 2636 1289 2706 ὄγκον
1356 2634 1546 2708 ὁράτω.
1613 2636 1698 2693 Μὴ
1750 2652 1842 2707 μοι

225 2725 463 2795 κόμπους
508 2719 558 2774 ἐν
600 2720 740 2793 λόγῳ
782 2725 1139 2795 σοφιστικούς,
1194 2719 1334 2795 μηδᾶ
1385 2720 1435 2776 ἐν
1482 2718 1648 2786 ὠδαῑς
1694 2720 1838 2783 ἠδυ-

231 2816 423 2884 φωνίας
480 2809 930 2886 ύπερϐαγλούσας,
980 2808 1121 2884 μηδὶ
1174 2808 1431 2877 διαλέξεις
1477 2814 1838 2887 ὑπερηφάνους

230 2905 322 2953 καὶ
353 2899 567 2975 βαρείας
594 2921 608 2934 ο
666 2898 771 2952 ἀλλ’
799 2898 848 2953 ἐν
902 2901 1100 2955 ἅπασιν
1157 2902 1367 2978 ὑφαίρει
1412 2910 1506 2957 τοῦ
1544 2905 1834 2976 μεγέθους·

233 2991 476 3062 χρηστὸς
525 2993 653 3063 1:96;
707 2988 797 3043 τόν
854 2989 1019 3063 φίλον,
1072 2994 1226 3056 ἤπιος
1281 2994 1409 3066 1:96;
1460 2994 1547 3047 τὸν
1609 2992 1834 3061 οἰκέτην,

234 3075 531 3142 ἁνεξίκακος
590 3082 722 3154 1:96;
783 3083 906 3143 :66;
970 3081 1210 3154 θρασεῖς,
1276 3079 1635 3157 φιλάνθρωπος
1707 3085 1840 3157 1:96;

228 3171 349 3232 :66;
399 3172 691 3237 ταπεινούς,
736 3179 1050 3246 παρηγορῶν
1107 3174 1479 3245 κακουμένους,
1522 3171 1839 3228 ἐπισκεπτὸ-

226 3278 376 3333 μενος
435 3264 553 3322 τοὺς
610 3258 660 3312 ἓν
713 3256 942 3328 ὀδύναις,
994 3257 1200 3334 μηδένα
1248 3262 1495 3327 καθάπαξ
1551 3264 1839 3345 ὑπερορῶν,

223 3348 422 3422 γλυκύς
457 3348 506 3402 ἐν
534 3353 892 3427 προσηγορόᾳ,
928 3347 1151 3424 φαιδρός
1196 3350 1249 3404 ἐν
1302 3350 1606 3427 ἀποκρίσει,
1639 3350 1839 3426 δεξιὸς,

224 3438 534 3513 εὐπρόσιτος
590 3437 780 3504 ἅπασι,
830 3443 979 3511 ’μήτε
1039 3446 1260 3492 σεαυτοῦ
1316 3437 1519 3505 διεξιὼν
1580 3441 1840 3517 ἐγκώμια,

221 3524 365 3603 μηδέ
430 3527 633 3601 ἑτέρους
705 3526 871 3599 λέγειν
943 3528 1401 3603 παρασκευάζων,
1472 3527 1613 3604 μηδὶ
1689 3531 1840 3605 λόγον

221 3618 445 3691 ἄσεμνον
521 3613 949 3689 ἀποδεχόμενος,
1026 3616 1386 3672 ἐπίκαλύπτων
1449 3620 1552 3675 ὅσα
1614 3617 1839 3675 δυνατὸν

223 3713 326 3759 τῶν
381 3712 601 3759 σεαυτοῦ
649 3705 1107 3780 πλεονεκτημάτων
1141 3727 1155 3742 ·
1205 3707 1290 3762 ἐπὶ
1341 3705 1400 3764 δε
1446 3716 1558 3773 τοῖς
1606 3710 1839 3787 ἁμαρτή-

225 3814 361 3869 μασι
439 3802 745 3871 κατηγορῶν
822 3803 1064 3863 σεαυτοῦ,
1141 3800 1232 3850 καί
1306 3803 1379 3872 μὴ
1457 3804 1582 3862 :66;
1655 3800 1835 3876 ἑτέρων

226 3882 470 3957 ἐλέγχους
517 3882 796 3958 ἀναμένων,
843 3885 928 3939 ἴνα
976 3888 1097 3960 γένη
1157 3888 1295 3940 κατὰ
1344 3891 1432 3942 τὸν
1489 3886 1697 3944 δίκαιον
1750 3896 1836 3944 τόν

229 3974 410 4028 ἑαυτοῦ
458 3979 750 4050 κατήγορον
807 3973 855 4027 ἐν
904 3975 1251 4050 πρωτολογίᾳ,
1305 3978 1389 4031 ἵνα
1442 3976 1505 4052 ᾖς
1554 3982 1691 4034 κατά
1747 3982 1835 4034 τὸν

230 4063 366 4132 Ἰὼϐ,
392 4063 460 4127 ,ὃς
505 4064 565 4117 ού
624 4062 881 4139 διετράπη
930 4065 1252 4139 πολυοχλίαν
1290 4066 1504 4137 πόλεως,
1548 4068 1628 4123 ἐπ’
1666 4069 1835 4124 αὐτῶν

229 4151 570 4231 ἕξαγορεῦσαι
597 4156 656 4208 :6
705 4151 842 4209 ἴδιον
880 4163 1143 4229 πταῖσμα.
1175 4161 1261 4216 Μὴ
1297 4155 1469 4231 βαρύς
1504 4155 1554 4212 ἕν
1585 4157 1833 4233 ἐπιτιμή-

230 4263 346 4299 σεσι
391 4248 563 4317 γίνου,
611 4240 751 4318 μηδὲ
798 4248 1023 4317 ταχέως,
1070 4242 1210 4319 μηδὲ
1254 4245 1493 4321 ἐμπαθῶς
1549 4247 1834 4322 ἕξελέγχων

225 4331 472 4405 (αὔθαδες
521 4335 621 4408 γὰρ
672 4336 729 4388 τό
777 4336 1056 4407 τοιοῦτον),
1089 4332 1230 4409 μηδὲ
1277 4335 1360 4390 ἐπὶ
1408 4346 1619 4412 μικροῖς
1664 4358 1834 4393 κατα-

230 4420 482 4494 δικάζων,
543 4427 612 4488 ὡς
667 4421 1064 4501 ἆκριϐοδίκαιος
1121 4427 1238 4497 (77)
1305 4426 1465 4490 αὐτὸς
1528 4429 1782 4503 ὑπάρχων
1815 4449 1830 4465 ο

1950 1929 2140 1987 quam
2154 1911 2366 1982 neglex
2374 1913 2596 1969 erimus
2613 1919 2904 1985 tanquam
2914 1911 3150 1969 nullum
3162 1911 3302 1968 inde
3316 1912 3505 1969 damn
3515 1927 3615 1968 um

1949 2000 2318 2075 perpessuri.
2358 2002 2570 2059 Anime
2603 2001 2763 2058 enim
2795 2000 3011 2057 studiis
3058 2000 3274 2057 similis
3317 2000 3386 2058 ﬁt
3430 2007 3612 2073 atque

1948 2091 2496 2162 exercitationibus,
2516 2096 2574 2149 et
2593 2091 2670 2148 ad
2702 2107 2774 2148 ea
2802 2106 2940 2164 quae
2962 2088 3160 2158 efﬁcit,
3181 2090 3476 2149 formatur
3500 2090 3610 2148 ﬁn-

1948 2183 2248 2256 giturque.
2296 2182 2422 2239 Tibi
2449 2186 2508 2239 et
2535 2181 2802 2249 habitus,
2834 2185 2894 2238 et
2918 2181 3195 2250 vestitus,
3226 2186 3285 2237 et
3313 2181 3610 2250 incessus,

1949 2278 2007 2330 et
2034 2272 2249 2343 sessio,
2279 2276 2336 2329 et
2365 2272 2556 2329 victus
2583 2270 2736 2328 ratio
2766 2276 2825 2328 et
2849 2270 2986 2328 lecti
3017 2275 3368 2344 apparatus,
3401 2276 3459 2329 et
3494 2272 3613 2329 do-

1948 2378 2107 2434 mus,
2135 2365 2194 2418 et
2218 2361 2421 2421 omnis
2453 2362 2625 2432 162
2657 2360 2883 2418 aedium
2912 2360 3183 2434 supellex
3219 2360 3513 2420 instructa
3539 2367 3613 2420 sit

1950 2451 2029 2509 ad
2052 2452 2581 2518 tenuitatem.Quin
2600 2455 2658 2508 et
2678 2456 2963 2515 sermo,et
2986 2456 3221 2521 cantus,
3249 2455 3309 2507 et
3330 2466 3613 2521 congres-

1949 2558 2053 2598 sus
2078 2557 2220 2598 cum
2248 2541 2549 2615 proximo,
2581 2544 2639 2598 et
2672 2540 2804 2597 haec
2823 2555 3069 2614 quoque
3117 2540 3200 2598 ad
3245 2539 3613 2599 modestiam

1950 2631 2146 2703 magis
2170 2647 2360 2705 quam
2392 2630 2472 2688 ad
2502 2630 2724 2687 fastum
2752 2630 3089 2701 composita
3108 2645 3244 2686 esse
3272 2629 3612 2690 videantur.

1950 2724 2032 2778 Ne
2060 2720 2211 2778 mihi
2236 2718 2298 2777 in
2330 2735 2607 2777 sermone
2658 2718 3048 2793 sophisticam
3091 2719 3470 2791 jactantiam,
3509 2723 3615 2778 aut

1948 2810 2012 2868 in
2037 2810 2354 2869 cantilenis
2378 2809 2635 2867 nimiam
2659 2809 2822 2867 vocis
2854 2808 3232 2873 suavitatem,
3256 2812 3360 2865 aut
3402 2825 3613 2882 super-

1947 2901 2095 2959 bam
2109 2918 2182 2959 ac
2202 2916 2450 2974 gravem
2470 2900 2845 2972 disceptandi
2864 2899 3160 2956 rationem
3178 2898 3486 2957 ostendas:
3507 2899 3615 2957 sed

1947 2989 2043 3047 fac
2062 3006 2296 3047 reseces
2315 2990 2378 3046 in
2399 2988 2684 3047 omnibus
2699 2988 3160 3060 amplitudinem
3179 2993 3359 3061 atque
3379 2987 3615 3059 magni-

1949 3080 2275 3143 ﬁcentiam,
2308 3077 2618 3134 ofﬁciosus
2647 3077 2708 3133 in
2733 3076 3022 3147 amicum,
3050 3076 3211 3134 mitis
3255 3093 3400 3147 erga
3419 3078 3612 3134 famu-

1872 3179 1912 3236 C
1950 3170 2097 3241 lum,
2120 3169 2358 3243 patiens
2386 3184 2529 3238 erga
2553 3166 3225 3241 petulantes,humanus
3256 3182 3399 3237 erga
3418 3167 3612 3223 humi-

1950 3261 2059 3329 les,
2089 3259 2413 3318 consolans
2467 3257 2740 3323 afﬂictos,
2771 3257 3037 3315 invisens
3085 3256 3293 3314 dolore
3342 3257 3611 3328 aﬂ‘ectos,

1952 3350 2258 3408 neminem
2283 3348 2535 3407 omnino
2565 3352 2984 3417 contemnens,
3015 3347 3217 3403 suavis
3244 3347 3306 3404 in
3349 3346 3613 3420 compel-

1949 3438 2159 3507 lando,
2206 3439 2413 3496 hilaris
2448 3438 2512 3495 in
2568 3437 3020 3512 respondendo,
3077 3438 3291 3504 comis,
3329 3436 3610 3510 praebens

1950 3529 2237 3588 omnibus
2255 3529 2494 3587 facilem
2525 3544 2858 3597 accessum,
2886 3544 3084 3602 neque
3108 3544 3370 3584 narrans
3399 3527 3612 3585 laudes

1948 3624 2319 3692 tuas,neque
2339 3618 2487 3675 alios
2515 3618 2595 3675 ad
2615 3618 2989 3675 narrandum
3011 3616 3382 3690 subornans,
3413 3633 3611 3690 neque

1948 3709 2271 3768 admittens
2290 3708 2682 3765 inhonestum
2707 3708 3335 3770 sermonem,eximias
3351 3711 3486 3763 tuas
3506 3709 3610 3764 do-

1945 3803 2058 3868 tes,
2087 3798 2295 3873 quoad
2343 3799 2472 3870 ejus
2497 3798 2626 3854 ﬁeri
2655 3798 2891 3871 poterit,
2924 3797 3237 3868 obtegens.
3272 3799 3491 3855 Contra
3527 3796 3609 3854 ob

1944 3894 2199 3964 peccata
2230 3893 2283 3946 te
2309 3888 2437 3962 ipse
2466 3904 2689 3946 accusa
2710 3889 2753 3923 ⁸⁷
2774 3906 2788 3957 ;
2813 3893 2873 3944 et
2900 3904 2975 3945 ne
3004 3892 3318 3961 exspectes
3352 3887 3608 3945 aliorum

1942 3979 2568 4053 reprehensionem,ut
2580 3980 2812 4051 justum
2831 3979 3001 4036 initio
3023 3978 3319 4035 sermonis
3340 3978 3609 4050 seipsum

1944 4075 2335 4128 accusantem
2366 4069 2618 4140 imitere,
2646 4072 2712 4125 ut
2755 4068 2907 4126 Jobo
2953 4067 3164 4125 similis
3213 4069 3295 4125 sis
3312 4070 3383 4138 ⁸⁸,
3423 4085 3608 4142 quem

1943 4175 2068 4216 non
2088 4159 2307 4233 puduit
2334 4159 2465 4230 ejus
2489 4174 2625 4231 qua:
2655 4158 2717 4214 in
2738 4158 2973 4214 civitate
3004 4162 3133 4214 erat
3166 4152 3565 4215 multitudinis
3589 4175 3604 4215 :

1945 4249 2055 4306 sed
2085 4255 2349 4306 erratum
2379 4264 2559 4304 suum
2577 4264 2784 4305 coram
2806 4247 2955 4321 ipsis
2976 4247 3301 4319 evulgavit.
3335 4251 3416 4305 Ne
3438 4248 3518 4304 sis
3544 4248 3607 4303 in

1943 4337 2330 4411 objurgaudo
2352 4337 2575 4409 gravis,
2597 4353 2797 4410 neque
2827 4337 2965 4408 cito,
2987 4354 3183 4411 neque
3205 4338 3410 4395 animo
3441 4354 3605 4395 com-

1944 4432 2110 4485 moto
2155 4426 2491 4498 redarguas
2537 4427 2675 4499 (hoc
2731 4426 2894 4483 enim
2943 4427 3148 4499 resipit
3193 4426 3606 4499 arrogantiam

228 4522 344 4576 τοῦς
398 4513 450 4568 ἓν
505 4514 895 4590 παράπτωματι
950 4514 1495 4589 προσλαμϐανόμενος,
1539 4521 1625 4571 καὶ
1683 4538 1833 4573 πνευ-

1951 4516 2326 4591 quamdam),
2355 4531 2552 4588 neque
2583 4515 2662 4572 ob
2688 4531 2783 4572 res
2813 4516 2981 4589 parvi
3035 4517 3327 4573 momenti
3376 4516 3605 4572 conde-

228 4612 462 4677 ματικῶς
515 4604 846 4679 καταρτίζων
903 4604 1110 4673 αύτούς,
1167 4607 1236 4668 ὡς
1294 4606 1320 4659 ὁ
1367 4606 1683 4673 ’Λπόστολος
1736 4628 1835 4662 πα-

229 4701 436 4768 ραινιί-
503 4700 710 4749 Σκοπῶν
769 4697 1006 4763 σεαυτόν,
1074 4699 1146 4768 μὴ
1217 4699 1309 4750 καὶ
1371 4700 1437 4750 σὺ
1494 4700 1832 4773 πειρασθῇςο

229 4786 493 4844 τοσαύτην
530 4785 836 4857 ποιούμενος
894 4780 1134 4845 σπουδὴν
1184 4789 1256 4859 μὴ
1318 4781 1640 4850 δοξάζεσθαι
1692 4790 1837 4863 παρὰ

233 4870 540 4950 ἀνθρώποις,
586 4874 724 4934 ,ὅσην
771 4875 932 4949 ἕτεροι
977 4878 1096 4949 περὶ
1142 4882 1232 4930 τοῦ
1291 4872 1635 4950 δοξάζεσθαι,
1681 4880 1725 4932 εἴ
1777 4898 1869 4953 γε.

308 5025 352 5061 ⁸⁷
387 5026 566 5082 Prov.
596 5042 753 5097 xvui,
780 5031 869 5088 17.
945 5028 994 5066 ⁸⁸
1023 5027 1135 5086 Job
1164 5044 1320 5098 xxxx,
1350 5032 1446 5088 34.

309 5175 417 5252 (76)
445 5178 700 5252 Utraque
739 5178 919 5236 editio
948 5181 1122 5252 πάντα
1145 5189 1245 5235 τῶν
1283 5181 1407 5238 ἀπὸ.
1440 5185 1513 5239 At
1543 5182 1839 5240 Combeﬁ-

235 5248 649 5327 siani_co_dices
678 5252 851 5327 πάντα
876 5255 962 5327 τὸν
990 5250 1138 5327 άπὸ-ο
1171 5253 1336 5327 quod
1372 5252 1455 5311 ita
1482 5254 1835 5327 interpreta-

232 5325 327 5397 tur
345 5321 441 5397 via
457 5321 842 5379 doctissimus
866 5321 1412 5397 Combeﬁsius,Sic,
1425 5342 1557 5397 qua:
1574 5321 1714 5382 sunt
1737 5327 1837 5383 ho-

231 5395 732 5467 ministransegit
753 5397 955 5452 omnia
977 5396 1052 5451 ab
1073 5403 1211 5467 ortu
1232 5395 1522 5455 nativa'tis
1552 5401 1612 5455 in
1632 5400 1832 5467 ﬁnem.

230 5469 302 5520 At
330 5465 496 5522 Colb.
516 5466 753 5538 primus
772 5469 943 5540 πάντα
970 5470 1036 5520 τὰ
1066 5465 1188 5540 ἰιπό.
1214 5468 1308 5524 Ad
1327 5469 1605 5540 verbum,
1622 5465 1837 5527 Omnia

230 5553 361 5613 qua:
384 5544 713 5613 evenerunt
738 5539 815 5596 ab
844 5545 983 5613 οιςζιι
1012 5539 1094 5595 ad
1108 5540 1288 5613 ﬁnem
1309 5556 1514 5613 usque,
1539 5539 1835 5599 heminem

228 5611 315 5691 sic
348 5612 861 5691 pert-ransjeruntz
892 5611 1017 5691 Hoc
1057 5614 1167 5691 est,
1218 5611 1488 5691 Christus
1531 5613 1718 5691 homo
1751 5613 1837 5671 sic

227 5681 293 5738 in
320 5681 611 5756 operibus
628 5681 963 5741 humilibus
990 5685 1179 5742 totam
1209 5684 1398 5743 vitam
1418 5685 1727 5757 transegit.

1944 4612 2442 4681 mnes,tanquam
2456 4606 2503 4662 si
2516 4606 2644 4679 ipse
2660 4605 2915 4679 perfecte
2932 4605 3131 4676 justus
3154 4606 3607 4664 exsistas.Com-

1946 4698 2202 4772 plectere
2257 4696 2699 4770 delinquentes,
2753 4711 2825 4752 ac
2878 4694 3265 4768 spiritualiter
3300 4696 3464 4768 ipsos
3511 4695 3606 4752 in-

1948 4791 2175 4857 staura,
2194 4785 2281 4842 uti
2303 4790 2507 4842 monet
2524 4783 2871 4857 Apostolus:
2898 4784 3303 4841 Considerans
3326 4786 3600 4857 teipsum,

1947 4893 2021 4936 ne
2046 4881 2100 4936 et
2143 4881 2211 4935 tu
2250 4877 2492 4935 tentari:
2516 4876 2589 4931 σθ.
2616 4876 2873 4932 Tantum
2901 4874 3084 4932 studii
3110 4874 3172 4931 in
3195 4890 3266 4955 eo
3289 4874 3499 4949 ponito
3540 4877 3606 4933 ut

1530 5030 1578 5068 ⁸⁸
1612 5029 1800 5091 Galat.
1829 5047 1911 5103 v1,
1938 5036 1987 5089 t.

2016 5184 2129 5256 (77)
2157 5180 2430 5256 Illudnéi;
2478 5177 2892 5256 ἀκριϐοδίκαιος,
2942 5179 2993 5236 si
3028 5180 3246 5250 mavis,
3289 5179 3374 5256 ita
3408 5180 3605 5256 inter-

1944 5254 2280 5328 pretabere,
2298 5254 2706 5328 Velul‘su'mmo
2717 5255 2865 5328 jure
2879 5268 3065 5328 agens
3089 5254 3608 5328 a_tquei1:clemen-

1947 5324 2091 5384 tius.
2124 5324 2432 5386 νοιαύτός
2461 5324 2521 5381 in
2568 5341 2759 5381 causa
2809 5324 2936 5391 fuit,
2970 5340 3077 5381 cur
3120 5324 3204 5380 ita
3232 5325 3605 5396 interpretati

1947 5399 2162 5466 simus,
2196 5400 2507 5468 Tanquam
2548 5400 2600 5453 si
2627 5399 2752 5465 ipse
2778 5398 3063 5468 perfecte
3076 5399 3286 5465 justus
3325 5399 3600 5454 exsistas.

1945 5473 2097 5527 Nam
2126 5487 2244 5526 vox
2286 5470 2440 5531 αύτός
2490 5468 2588 5524 vix
2635 5468 2795 5537 sin‘it,
2842 5473 2906 5523 ut
2929 5467 3024 5522 llic
3053 5467 3221 5523 locus
3261 5467 3432 5524 aliter
3457 5471 3607 5526 verti

1990 5544 2154 5599 ossit.
2189 5540 2363 5608 Quod
2393 5557 2537 5596 mox
2582 5540 2872 5612 sequitur,
2913 5540 3242 5612 καταρτὶζων
3283 5540 3491 5603 αὐτούς,
3521 5541 3604 5599 ita

1990 5558 2154 5599 ossu.
2189 5558 2363 5608 uuoa
2393 5558 2537 5596 mox
2582 5558 2872 5612 sequitur,
2913 5558 3242 5612 καταρτιςων
3283 5560 3491 5603 αυτ-ους,

1944 5558 2149 5672 Retine
2169 5612 2340 5671 reddi
2369 5616 2565 5687 potest
2593 5627 2666 5669 ex
2690 5610 2961 5683 Vulgata,
2994 5612 3301 5670 instruens
3331 5613 3508 5684 ipsos.
