4110 6418
497 337 600 393 B39

1847 337 1904 394 S.
1956 335 2204 393 BABlLll
2249 336 2489 395 MAGNI.

3746 347 3853 404 540

493 475 571 517 ne
591 458 752 532 apud
776 457 1052 515 homines
1068 458 1261 529 gloria
1277 458 1867 535 atiiciare,quantum
1883 460 2078 516 caeteri
2092 464 2143 515 ut

2263 464 2528 534 μέμνησαι
2575 471 2668 517 τοῦ
2725 471 2981 540 Χριστοῦ,
3044 464 3240 537 ζημίαν
3288 462 3524 536 λέγοντος
3592 464 3723 521 εἶναι
3777 476 3871 524 τοῦ

494 549 751 620 gloriam
769 550 1266 622 adipiscantur,si
1284 550 1534 623 quidem
1555 551 1900 609 memineris
1918 549 2151 617 Christi,

496 639 604 713 qui
627 638 773 696 dicit
812 638 1158 695 mercedem
1183 640 1349 711 apud
1385 643 1573 698 Deum
1606 641 1819 709 amitti,
1853 656 1992 698 cum
2019 638 2153 712 quis

494 734 713 802 sponte
734 728 1065 786 claritatem
1082 728 1250 802 apud
1266 729 1545 787 homines
1566 736 1745 805 atque
1768 730 2153 804 splendorem

498 819 612 876 sibi
642 824 978 892 comparat,
1008 818 1363 892 bonumque
1392 820 1616 878 idcirco
1645 821 1788 878 facit
1818 824 1884 877 ut
1913 820 2155 892 conspi-

497 909 686 967 ciatur
710 908 790 967 ab
814 908 1187 966 hominibus.
1216 911 1535 982 Recipiunt
1554 912 1736 980 enim,
1760 911 1976 986 inquit,
2002 926 2154 968 mer-

498 1008 697 1064 cedem
722 1005 975 1065 ειιαηιτο.
990 1008 1198 1080 Itaque
1219 1022 1295 1065 ne
1314 1008 1420 1065 tibi
1440 1009 1570 1083 ipse
1587 1010 1884 1066 damnum
1912 1008 2153 1080 aﬁ‘eras,

494 1096 827 1155 claritatem
855 1096 1065 1155 volens
1086 1097 1250 1170 apud
1270 1098 1549 1155 homines
1569 1092 1857 1157 obtinere.
1874 1097 2154 1165 Quando-

496 1184 747 1261 quidem
764 1190 920 1244 Deus
936 1190 1335 1260 estspectator
1349 1188 1876 1259 magnus,ambias
1899 1188 2150 1260 gloriam

496 1271 785 1351 consequi
808 1277 972 1350 apud
996 1280 1181 1334 Deum
1218 1292 1230 1332 :
1270 1278 1656 1352 splendidam
1677 1279 1905 1353 quippe
1931 1292 2129 1336 merce

495 1366 635 1423 dem
655 1365 1019 1425 retribuit.At
1038 1366 1294 1440 adeptus
1315 1383 1379 1423 es
1398 1369 1751 1441 prmolaram
1774 1368 2152 1439 dignitatem,

494 1456 893 1530 hominesque
923 1457 1126 1514 colunt
1155 1462 1211 1513 te
1231 1462 1411 1531 atque
1436 1458 1782 1527 observant,
1815 1463 1872 1515 et
1900 1457 2153 1529 gloriam

495 1544 683 1603 dant?
719 1548 851 1603 Esto
884 1546 1141 1603 subditis
1173 1547 1408 1615 similis,
1440 1548 1574 1604 Non
1605 1549 1769 1606 velut
1797 1548 2152 1619 dominium,

492 1635 708 1709 inquit,
738 1638 803 1693 in
832 1638 1008 1695 cleris
1039 1641 1403 1696 exercens“.
1444 1650 1642 1712 neque
1683 1643 1739 1697 te
1770 1650 1942 1709 geras
1985 1653 2153 1696 more

493 1725 947 1784 mundanorum
960 1728 1478 1801 principum.Nam
1492 1729 1596 1802 qui
1608 1729 1733 1785 vult
1748 1729 1979 1801 primus
1996 1743 2149 1795 esse,

495 1826 636 1873 eum
657 1817 931 1873 omnium
955 1830 1197 1874 servum
1219 1833 1353 1875 esse
1377 1819 1667 1876 Dominus
1699 1816 1877 1891 jussit
1895 1818 1970 1875 τ’.
2013 1817 2149 1886 Sed,

494 1909 566 1962 ut
619 1905 800 1963 verbo
849 1906 1071 1976 dicam,
1114 1920 1475 1982 persequere
1516 1908 1916 1966 humilitatem
1953 1908 2055 1976 ita,
2087 1913 2153 1965 ut

496 1995 629 2067 ejus
659 2002 991 2054 amatorem
1016 1997 1211 2055 decet.
1240 2002 1391 2055 Ama
1418 1998 1606 2067 illam,
1650 2003 1709 2054 et
1736 1997 1925 2069 gloria
1963 2002 2019 2054 te
2056 1997 2150 2054 af-

495 2084 673 2143 ﬁciet.
704 2085 800 2143 Sic
831 2086 941 2143 iter
978 2102 1043 2143 es
1073 2088 1182 2144 rite
1210 2087 1478 2145 facturus
1504 2089 1585 2145 ad
1626 2102 1833 2145 veram
1874 2087 2147 2161 gloriam,

493 2190 632 2249 quin
662 2181 751 2233 est
768 2172 831 2233 in
860 2176 1115 2250 angelis,
1134 2182 1193 2234 et
1211 2177 1380 2251 apud
1400 2180 1611 2235 Deum.
1636 2178 2027 2236 Conﬁtebitur
2047 2193 2149 2237 au-

492 2268 613 2322 tem
633 2269 691 2322 te
712 2265 981 2324 Christus
1005 2272 1297 2341 tanquam
1320 2268 1685 2343 discipulum
1716 2283 1918 2340 suum,
1942 2282 2148 2326 coram

492 2353 723 2425 angelis
743 2356 826 2425 ἠς
858 2356 1086 2430 tibique
1112 2356 1283 2414 dabit
1328 2357 1609 2429 gloriam,
1661 2359 1711 2413 si
1747 2355 2146 2415 humilitatem

2262 553 2406 625 παρὰ
2472 561 2586 625 Θεῷ
2652 556 2868 628 μισθοῦ,
2917 558 3013 614 τὴν
3074 553 3311 608 ἑκούσιον
3370 556 3517 628 παρὰ
3580 554 3874 632 ἀνθρώποις

2262 638 2575 715 ἕπιφσὶνειαν,
2635 650 2725 700 καὶ
2780 649 2838 699 τὸ
2889 651 3054 699 ποιεῖν
3105 642 3301 718 ἀγαθὸν
3340 648 3472 720 πρὸς
3508 648 3569 700 τὸ
3624 648 3873 708 θεαθῆναι

2261 738 2371 794 τοῖς
2419 731 2708 807 ἀνθρώποις
2741 756 2754 769 ·
2789 734 3084 807 Ἀπέχουσι
3133 737 3257 808 γὰρ,
3313 740 3493 808 φησὶν,
3540 738 3626 791 τὸν
3677 741 3871 811 μισθὸν

2261 824 2451 878 αὐτῶν.
2506 829 2591 885 Μὴ
2654 830 2825 879 τοίνυν
2886 826 3079 899 ζημίου
3139 828 3377 893 σεαυτὸν,
3445 824 3530 880 hri
3587 825 3868 903 ἀνθρώπων

2263 915 2537 984 φαίνεσθαι
2593 913 2926 989 βουλόμενος.
2970 911 3182 975 Ἐπειδὴ
3249 918 3381 979 Θεὸς
3435 921 3600 990 μέγας
3658 919 3865 982 θιατὴς.

2262 998 2610 1074 φιλοδὸξησον
2663 1003 2749 1057 ἐπὶ
2798 1012 2971 1059 Θεοῦ·
3010 1004 3247 1079 λαμπρὸν
3293 1008 3395 1080 γὰρ
3444 1002 3752 1060 ἀποδίδωσι
3778 1012 3866 1062 τὸν

2262 1093 2472 1165 μισθόν.
2508 1092 2661 1147 Ἀλλὰ
2689 1091 2973 1170 προεδρίας
3025 1094 3274 1162 ὴξιώθης,
3323 1099 3416 1148 καὶ
3463 1099 3771 1172 περιέπουσί
3810 1116 3867 1152 σε

2261 1183 2524 1258 ἄνθρωποι
2552 1187 2643 1237 καὶ
2669 1181 2996 1253 δοςάζουσι;
3030 1189 3183 1239 Γίνου
3210 1192 3320 1247 τοῖς
3349 1186 3602 1249 ὑπηκόοις
3619 1190 3756 1255 ἶσος,
3776 1192 3861 1247 Μὴ

2260 1274 2351 1335 ὡς.
2383 1273 2804 1337 κατιξουσιάζων
2857 1282 2958 1327 τῶν
3013 1274 3237 1349 κλήρων,
3301 1279 3453 1348 φησὶ,
3530 1273 3669 1349 μηδι
3731 1280 3867 1333 κατὰ

2258 1367 2383 1425 τοὺς
2417 1368 2700 1436 κοσμικοὺς
2725 1365 3010 1438 ἄρχοντας.
3037 1367 3135 1418 Τὸν
3173 1367 3276 1440 γὰρ
3327 1364 3538 1419 θέλοντα
3563 1374 3768 1442 πρῶτον
3797 1366 3867 1421 si—
3916 1442 3926 1450 .

2259 1472 2363 1522 ναι,
2400 1450 2583 1508 δοῦλον
2611 1450 2740 1507 εἶναι
2767 1457 2970 1509 πάντων
3000 1454 3112 1526 (78)
3153 1457 3179 1508 ὁ
3213 1458 3401 1531 Κύριος
3428 1454 3678 1512 ἐκέλευσε.
3723 1459 3866 1512 Καθ-

2261 1544 2378 1598 όλου
2430 1541 2490 1598 δὲ
2538 1544 2713 1613 εἰπεῖν,
2761 1545 2895 1599 οὕτω
2927 1541 3114 1608 δίωξον
3143 1549 3238 1605 τὴν
3274 1548 3769 1622 ταπεινοφροσύνην,
3797 1551 3869 1612 ὡς

2259 1633 2483 1709 ἐραστὴς
2513 1633 2644 1693 αὐτῆ
2656 1653 2695 1696 ς.
2729 1633 3014 1708 Ἐράσθητι
3038 1634 3221 1702 αὐτῆς,
3252 1640 3343 1688 καὶ
3369 1631 3585 1700 δοξάσει
3613 1655 3689 1694 σε.
3713 1637 3866 1691 Οὕτω

2259 1724 2428 1788 καλῶς
2479 1723 2564 1778 ἐπὶ
2595 1720 2754 1786 δόξαν
2802 1713 3038 1786 ὁδεύσας
3088 1728 3182 1784 τὴν
3223 1722 3412 1794 ἀληθῆ,
3467 1730 3561 1786 την
3608 1728 3658 1779 ἐν
3710 1724 3867 1799 ἀγγει-

2182 1831 2222 1886 B
2257 1814 2388 1885 λοις,
2426 1818 2520 1874 τὴν
2566 1816 2713 1885 παρὰ
2743 1821 2876 1886 Θεῷ.
2908 1813 3253 1888 Ὁμολογήσει
3302 1811 3362 1868 δέ
3411 1832 3469 1869 σε
3515 1819 3742 1889 Χριστὸς
3789 1819 3862 1881 ὡς

2261 1901 2397 1958 ἴδιον
2442 1905 2684 1978 μαθητὴν
2741 1901 2825 1957 ἐπὶ
2867 1911 2968 1957 τῶν
3008 1902 3257 1978 ἀγγέλων,
3289 1908 3379 1958 καὶ
3424 1902 3641 1969 δοξάσει
3691 1925 3767 1974 σι,
3801 1905 3865 1961 ἂν

2257 2000 2377 2069 γίνῃ
2437 1995 2913 2069 ταπεινοφροσύνης
2966 1994 3126 2047 αὐτοῦ
3195 1999 3434 2068 μιμητὴς
3460 2035 3474 2063 ,
3540 2002 3631 2049 τοῦ
3683 1994 3863 2067 λόγον·

2256 2104 2343 2148 τος
2376 2105 2390 2119 ο
2441 2085 2644 2138 Μάθετι
2690 2081 2778 2136 ἀπ’
2829 2082 2975 2156 ἐμοῦ,
3027 2085 3108 2137 ὅτι
3152 2088 3317 2158 πρᾶός
3366 2084 3492 2158 εἰμι,
3542 2088 3631 2138 καὶ
3677 2100 3862 2138 ταπει-

2256 2178 2342 2239 νὸς
2388 2181 2450 2248 τῇ
2502 2169 2721 2249 καρδίᾳ,
2770 2178 2860 2226 καὶ
2891 2173 3136 2249 εὑρήσετε
3174 2172 3470 2228 ἀνάπαυσιν
3498 2181 3618 2236 ταῖς
3655 2172 3863 2247 ψυχαῖς

2256 2266 2399 2339 ὑμῶν
2435 2285 2447 2298 ·
2499 2263 2539 2335 ᾧ
2569 2265 2600 2322 ἡ
2643 2259 2776 2327 δόξα
2812 2266 2899 2316 καὶ
2928 2265 2989 2316 τὸ
3018 2265 3209 2337 κράτος
3256 2262 3329 2326 εἰς
3375 2267 3495 2326 τοὺς
3539 2263 3733 2327 αἰῶνας
3761 2271 3860 2318 τῶν

2256 2354 2471 2409 αἰώνων.
2506 2352 2691 2426 Ἀμην.

492 2444 739 2502 imiteris
757 2445 969 2520 ipsius,
998 2446 1102 2520 qui
1131 2446 1280 2504 dixit
1308 2458 1321 2506 :
1355 2449 1579 2505 Discite
1605 2459 1643 2506 α
1662 2460 1774 2511 me,
1807 2447 1951 2519 quia
1972 2446 2128 2502 mitis
2147 2460 2301 2516 sum,
2328 2450 2382 2501 ct
2405 2443 2654 2501 humilis
2676 2441 2876 2515 corde,
2907 2446 2963 2501 et
2993 2443 3306 2501 invenietis
3334 2443 3600 2516 requiem
3619 2444 3861 2503 anima-

492 2533 599 2591 bus
621 2537 893 2592 vestris“
916 2551 930 2594 :
954 2537 1050 2594 cui
1072 2536 1264 2609 gloria
1288 2542 1347 2596 et
1371 2538 1694 2613 imperium
1713 2539 1776 2594 in
1802 2537 2024 2595 saecula
2048 2534 2430 2593 smculorum.
2457 2536 2671 2591 Amen.

983 2798 1153 2873 133
1197 2800 1489 2858 scmus
1526 2800 1667 2859 xxr.

496 2908 667 2982 Quod
688 2912 863 2971 rebus
887 2912 1213 2972 mundanis
1243 2914 1675 2974 adhazrendum
1705 2928 1826 2973 non
1856 2916 1953 2986 sit,
1994 2921 2050 2975 et
2078 2914 2152 2975 de

785 2998 1061 3063 incendio
1091 3010 1268 3065 extra
1293 3006 1628 3065 Ecclesium
1652 3002 1842 3079 facta.

566 3224 618 3278 t.
648 3223 769 3292 Ego
803 3222 1075 3296 quidem,
1109 3220 1506 3291 dilectissimi,
1538 3223 1832 3297 putabam
1873 3222 2019 3295 fore,
2060 3227 2144 3292 ut,

489 3309 640 3367 dum
689 3311 1030 3386 frequenter
1076 3312 1374 3370 sermonis
1417 3312 1694 3370 stimulos
1736 3314 2147 3371 vehementius

488 3400 808 3475 admoveo,
832 3402 1006 3460 vobis
1031 3401 1265 3460 viderer
1285 3403 1576 3461 molestus
1596 3420 1731 3462 esse
1762 3408 1819 3461 et
1838 3420 2144 3477 morosus,

487 3495 781 3565 tanquam
801 3493 905 3566 qui
920 3493 1170 3551 nimiam
1191 3490 1527 3568 quamdam
1545 3493 1787 3551 dicendi
1808 3494 2145 3553 libertatem

487 3583 834 3655 ostendam,
860 3599 998 3658 qum
1025 3600 1220 3658 neque
1244 3584 1546 3659 hospitem
1573 3584 1801 3657 deceat,
1835 3601 2032 3661 neque
2064 3584 2122 3642 vi

382 3701 389 3706 -
484 3685 623 3729 rum
652 3671 952 3730 similibus
990 3674 1147 3731 vitiis
1175 3673 1506 3732 obnoxium
1533 3692 1546 3731 :
1572 3692 1677 3732 vos
1706 3679 1910 3733 tamen
1948 3675 2143 3733 fuistis

484 3762 1049 3836 reprehensionibus
1094 3763 1175 3820 ad
1204 3764 1686 3823 benevolentiam
1717 3767 2050 3839 provocati,
2091 3769 2148 3823 et

483 3850 698 3924 plagas
731 3869 768 3910 a
794 3852 1004 3924 lingua
1027 3857 1238 3911 nostra
1274 3853 1532 3911 inﬂictas
1580 3852 1849 3911 fomitem
1896 3853 2145 3926 majoris

486 3939 667 3996 studii
680 3939 1045 3998 fecistis.Nec
1065 3942 1286 3997 mirum
1309 3942 1647 4015 quidquam
1669 3944 1758 3999 est
1778 3946 1835 3998 et
1854 3941 2142 3998 insolens.

485 4028 636 4085 Estis
658 4028 819 4085 enim
848 4030 910 4085 in
931 4030 1112 4086 rebus
1140 4030 1383 4102 spiritus
1427 4031 1749 4104 sapientes.
1789 4031 1997 4102 Argue
2042 4048 2145 4088 au.

485 4120 605 4172 tem
621 4117 970 4187 sapientem,
995 4124 1049 4173 et
1070 4117 1281 4188 diliget
1304 4119 1433 4186 te",
1457 4118 1654 4191 inquit
1691 4118 1911 4176 alicubi
1933 4120 1995 4176 in
2018 4121 2141 4177 suis

484 4204 718 4276 scriptis
750 4205 1054 4263 Salomon.
1086 4207 1483 4281 Quapropter,
1506 4207 1741 4276 fratres,
1772 4208 1951 4265 etiam
1979 4224 2142 4267 nunc

483 4293 900 4351 exhortatione
931 4296 1142 4352 eadem
1176 4302 1331 4364 utor,
1362 4295 1568 4353 volens
1600 4313 1723 4368 vos,
1773 4297 1980 4371 quoad
2009 4301 2140 4371 ejus

480 4382 677 4441 facere
724 4388 958 4458 potero,
999 4402 1033 4442 a
1073 4385 1298 4442 diaboli
1344 4387 1575 4444 retibus
1624 4387 1947 4447 abducere.
1988 4394 2137 4448 Nam

3626 2692 3846 2708 α*

2860 2800 3105 2850 οΜΙΛΙΑ
3148 2793 3271 2850 ΚΑἰ

2260 2917 2386 2991 Περὶ
2460 2920 2554 2971 τοῦ
2637 2918 2709 2989 μὴ
2772 2913 3151 2991 προσηλῶσθαι
3224 2915 3336 2977 τοῖς
3405 2910 3696 2987 βιωτικοῖς,
3771 2930 3860 2966 και

2328 3010 2448 3081 περὶ
2507 3008 2600 3060 τοῦ
2668 3008 2940 3080 γινομένου
2998 3000 3313 3083 ἐμπρησμοῦ
3361 3004 3473 3077 (79)
3528 3001 3712 3068 ἔξωθεν
3765 3010 3864 3068 τῆς

2176 3125 2216 3181 C
2328 3095 2515 3156 Ἐκκλη
2526 3101 2664 3158 σίας.

2330 3224 2381 3277 1.
2411 3219 2542 3295 Ἐγὼ
2593 3214 2683 3293 μὶν
2724 3222 2890 3293 ᾤμην,
2923 3212 3209 3291 ἀγαπητοὶ,
3258 3215 3602 3295 σφοδρότερον
3646 3215 3863 3271 ἑκάστο-

2254 3330 2310 3366 τε
2338 3319 2431 3364 τοῦ
2456 3309 2612 3383 λόγου
2660 3312 2720 3363 τὸ
2774 3313 2982 3383 κέντρον
3022 3310 3328 3382 προσάγων,
3353 3306 3586 3384 λυπηρός
3627 3326 3709 3370 τις
3735 3304 3864 3359 εἶναι

2257 3398 2425 3467 δόξειν
2464 3403 2607 3475 ὑμῖν,
2640 3402 2705 3462 ὡς
2756 3404 3001 3473 περιττήν
3048 3419 3165 3453 τινα
3216 3399 3516 3474 παρρησίαν
3563 3390 3863 3451 ἐπιδεικνύ-

2253 3513 2422 3568 μενος,
2464 3496 2555 3544 καὶ
2579 3493 2697 3544 οὔτε
2728 3489 2850 3563 ξένῳ
2875 3493 3199 3564 πρέπουσαν,
3239 3491 3356 3541 οὔτε
3396 3476 3551 3564 ἀνδρὶ
3588 3485 3864 3559 κατειλημ-

2253 3590 2386 3660 μένῳ
2438 3580 2831 3658 παραπλησίοις
2886 3578 3207 3653 ἐγκλήμασιν
3244 3598 3257 3613 ·
3316 3577 3459 3652 ὑμεῖς
3515 3568 3575 3631 δὲ
3639 3572 3695 3629 ἒκ
3762 3581 3863 3629 τῶν

2253 3677 2481 3751 ἐλέγχων
2535 3675 2607 3739 εἰς
2654 3674 2854 3728 εὔνοιαν
2916 3674 3231 3748 ἠρεθίσθητε
3288 3669 3419 3743 (80),
3476 3673 3566 3723 καὶ
3612 3671 3707 3734 τὰς
3758 3667 3861 3723 ἀπὸ

2253 3776 2349 3829 τῆς
2402 3764 2641 3838 γλώττης
2704 3763 2903 3835 πληγὰς
2969 3763 3281 3833 ὑπέκκαυμα
3340 3761 3504 3813 πόθου
3569 3761 3862 3819 πεποίησθι

2252 3854 2496 3915 πλείονος.
2554 3858 2655 3907 Καὶ
2710 3848 2861 3906 οὐδὲν
2919 3848 3248 3914 ξένον.Ἐστὶ
3298 3852 3399 3926 γὰρ
3455 3868 3606 3923 σοφοι
3651 3852 3719 3904 τὰ
3763 3857 3856 3905 τοῦ

2251 3947 2558 4017 πνεύματος.
2627 3940 2846 4014 Ἔλεγχε
2914 3936 2974 3993 δὲ
3042 3943 3214 4014 σορὸν,
3282 3945 3371 3993 καὶ
3434 3939 3700 4012 ἀγαπήσει
3773 3958 3851 4009 σε,

2253 4037 2384 4106 φησί
2431 4051 2531 4085 που
2571 4037 2668 4084 τῶν
2718 4033 2878 4083 αὑτοῦ
2934 4028 3097 4103 λόγων
3150 4030 3176 4083 ὁ
3224 4029 3477 4105 Σολομὼν.
3533 4031 3628 4084 Διὰ
3674 4036 3850 4100 τοῦτο,

2252 4119 2487 4194 ἀδελφοὶ,
2545 4122 2636 4174 καὶ
2694 4127 2782 4174 νῦν
2846 4120 2929 4174 ἐπὶ
2982 4123 3077 4180 τὴν
3137 4119 3298 4180 αὐτὴν
3357 4123 3466 4181 ἥκω
3523 4123 3849 4196 παραίνεσιν,

2250 4213 2447 4288 ὄπηπερ
2500 4209 2562 4264 ἂν
2588 4206 2695 4273 οἷός
2723 4230 2776 4265 τε
2806 4211 2867 4279 ὦ,
2898 4219 2996 4264 τῶν
3026 4217 3118 4264 τοῦ
3158 4207 3408 4265 διαϐόλου
3441 4208 3665 4265 δικτύων
3715 4212 3852 4285 ὑμᾶς

2246 4300 2469 4376 ἁπάγειν
2550 4300 2883 4375 βουλόμενος.
2960 4300 3126 4355 Πολὺν
3200 4302 3324 4377 γὰρ,
3400 4299 3687 4374 ἀγαπητοὶ,
3761 4304 3854 4355 καὶ

2246 4391 2481 4446 ποικίλον
2542 4390 2618 4465 ἐφ’
2667 4393 2862 4466 ἡμέραν
2923 4392 3047 4466 ἡμῖν
3105 4393 3130 4444 ὁ
3192 4401 3287 4455 τῆς
3346 4389 3593 4470 ἀληθείας
3657 4391 3853 4467 ἐχθρὸς

481 4488 777 4544 magnum
793 4491 864 4531 ac
885 4474 1120 4532 varium
1137 4474 1363 4533 bellum
1380 4477 1975 4548 nobis,dilectissimi,
1990 4497 2139 4554 quo-

2250 4485 2502 4558 προσάγει
2555 4485 2642 4535 τὸν
2698 4481 2939 4556 πόλεμον.
2988 4484 3254 4559 Προσάγει
3307 4478 3388 4550 δὲ,
3445 4485 3517 4545 ὡς
3562 4486 3699 4556 ἴστε,
3757 4483 3854 4548 τὰς

481 4562 622 4620 tidie
646 4563 822 4620 infert
864 4563 1054 4622 hostis
1083 4566 1372 4624 veritatis.
1416 4566 1599 4624 Infert
1623 4572 1849 4637 autem,
1888 4569 1976 4625 uti
2030 4569 2137 4627 sci-

482 4648 575 4718 tis,
598 4649 746 4707 dum
776 4651 1137 4726 cupiditates
1177 4660 1416 4712 nostras
1438 4655 1646 4727 jacula
1676 4658 1995 4716 adversum
2025 4676 2137 4717 nos

481 4740 681 4810 efficit,
707 4758 1069 4816 semperque
1106 4745 1263 4801 vires
1297 4762 1332 4803 a
1357 4745 1534 4803 nobis
1564 4744 1643 4804 ad
1685 4763 1796 4805 nos
1824 4748 2137 4807 laedendos

477 4835 810 4891 mutuatur.
840 4835 1137 4901 Quoniam
1163 4836 1325 4894 enim
1353 4853 1646 4908 magnam
1676 4841 1954 4913 potentiae
1981 4841 2137 4898 illius

478 4927 712 4995 partem
731 4923 1259 4982 indissolubilibus
1288 4926 1524 4998 legibus
1560 4929 1851 4986 Dominus
1880 4930 2131 5002 colliga-

477 5012 581 5075 vit,
602 5029 715 5070 nec
739 5013 877 5070 sivit
902 5013 1106 5088 ipsum
1129 5015 1362 5088 impetu
1392 5033 1503 5073 suo
1531 5017 1873 5077 humanum
1894 5037 2085 5093 genus
2102 5038 2136 5081 e

478 5105 637 5160 terra
665 5103 846 5161 simul
874 5102 1093 5173 delere,
1129 5105 1258 5176 jam
1291 5105 1535 5163 invidus
1575 5108 1673 5165 ille
1712 5125 1820 5183 per
1861 5116 2135 5170 nostram

477 5188 886 5265 insipientiam
915 5208 951 5251 a
969 5193 1148 5252 nobis
1176 5189 1379 5252 furtim
1409 5200 1678 5271 reportat
1697 5200 2038 5259 victoriam.
2071 5206 2137 5261 Et

546 5344 598 5380 "°
626 5343 822 5402 Matth.
846 5360 927 5419 vt,
955 5351 1007 5404 2.
1085 5348 1131 5384 τί
1167 5344 1185 5403 l
1222 5349 1373 5407 Petr.
1403 5366 1463 5421 v,
1496 5353 1553 5408 3.
1636 5352 1689 5388 ⁷³
1717 5353 1891 5410 Mare.
1920 5370 1979 5423 χ,
2004 5352 2095 5414 44.

547 5470 659 5553 (7.8)
683 5466 832 5555 βιίἰίῇ
853 5474 1055 5528 πάντων
1078 5472 1379 5551 ἀνθρώπων.
1403 5477 1526 5534 Vox
1555 5476 1765 5536 ultima
1783 5480 1845 5537 in
1872 5482 2136 5555 antiquis

479 5539 650 5598 libris
665 5542 856 5601 deest.

706 5615 897 5699 Editig
942 5617 1125 5676 Paris.
1178 5618 1531 5699 ίμπνρισμοῦ.
1566 5625 1636 5681 At
1681 5621 1846 5682 Colb.
1903 5623 2136 5699 primus

479 5689 536 5747 et
572 5687 804 5763 Anglic.
865 5687 1212 5774 ἐμπρησμοῦ,’
1254 5687 1429 5767 Illud,
1477 5699 1566 5755 καὶ
1621 5698 1740 5772 περὶ
1777 5702 1870 5751 τοῦ
1905 5687 2137 5774 ’γινομέ-

2246 4574 2499 4648 ἡμετέρας
2553 4570 2827 4646 ἐπιθυμίας
2878 4571 2995 4626 καθ’
3046 4574 3192 4645 ἡμῶν
3238 4571 3363 4645 βέλη
3396 4575 3719 4647 ποιούμενος,
3760 4578 3852 4628 καὶ

2245 4663 2367 4737 παρ’
2407 4664 2552 4737 ἡμῶν
2580 4663 2647 4725 εἰς
2676 4666 2735 4717 τὸ
2781 4662 3030 4738 βλάπτειν
3061 4665 3197 4736 ἡμᾶς
3241 4661 3319 4716 ἀεὶ
3348 4662 3621 4737 λαμϐάνων
3665 4664 3847 4738 ἰσχύν.

2247 4750 2459 4813 Ἐπειδὴ
2510 4757 2611 4830 γὰρ
2675 4755 2734 4807 τὸ
2786 4752 2914 4807 πολύ
2968 4762 3060 4815 τῆς
3113 4751 3305 4808 ἐκείνου
3357 4750 3628 4829 δυνάμεως
3680 4756 3706 4807 ὁ
3754 4762 3851 4809 Δι-

2249 4848 2445 4906 σπότης
2474 4847 2650 4917 νόμοις
2699 4840 2902 4906 ἀλύτοις
2956 4840 3236 4914 κατέδησε,
3283 4847 3374 4898 καὶ
3421 4844 3516 4899 οὐκ
3569 4847 3736 4899 εἴασεν
3776 4844 3851 4911 εἰς

2244 4933 2385 4997 ἅπαξ
2428 4931 2737 5007 ὁρμήσαντα
2779 4936 2837 4986 τὸ
2883 4936 3024 5006 γένος
3073 4932 3318 5008 ἐκτρῖψαι
3356 4941 3451 4997 τῆς
3487 4942 3600 5007 γῆς,
3642 4936 3849 4989 κλέπτει

2242 5028 2339 5084 τὴν
2369 5023 2484 5077 καθ’
2523 5024 2670 5098 ἡμῶν
2708 5028 2857 5084 νίκην
2894 5022 3072 5077 λοιπὸν
3120 5022 3176 5077 ix
3223 5031 3318 5086 τῆς
3367 5026 3622 5101 ἡμετέρας
3670 5023 3846 5090 ἀνοίας

2244 5114 2270 5167 ὁ
2328 5113 2614 5188 βάσκανος.
2675 5119 2776 5168 Καὶ
2833 5116 3064 5191 καθάπερ
3129 5115 3178 5168 οἱ
3223 5120 3443 5192 πονηροὶ
3493 5119 3584 5169 καὶ
3638 5115 3847 5170 πλεονε-

2243 5206 2417 5258 κτικοὶ
2444 5211 2542 5258 τῶν
2583 5202 2886 5280 ἀνθρώπων,
2918 5204 2992 5268 οἷς
3044 5204 3189 5280 ἔργον
3229 5208 3319 5279 μέν
3348 5204 3464 5259 ἐστι
3509 5204 3600 5258 καὶ
3652 5224 3846 5279 προαι-

2173 5357 2223 5392 ⁷³
2259 5358 2395 5413 Luc.
2420 5371 2519 5430 xu,
2558 5356 2609 5414 8.
2687 5354 2737 5393 ⁷⁸
2769 5356 2969 5416 Matth.
2996 5374 3078 5431 ιι,
3109 5360 3198 5415 29.
3274 5358 3323 5394 ⁷⁸
3355 5360 3524 5417 Prov.
3551 5372 3630 5427 1x,
3666 5360 3717 5414 8.

2243 5500 2353 5548 νου,
2378 5484 2516 5557 etc.,
2548 5482 2608 5538 in
2638 5482 3176 5557 antiquisduobus
3202 5483 3371 5541 libris
3392 5482 3781 5541 desideratur.

2317 5554 2821 5644 (βφιίιίρεθὲσθλητξ.
2860 5555 3518 5644 Edid‘era‘tnGarncrius,
3558 5557 3695 5644 sine
3727 5570 3844 5644 auf-

2246 5626 2838 5704 gmento,ipc9t¢6nr¢,
2854 5629 3020 5704 quod
3042 5630 3129 5687 est
3149 5626 3346 5687 forma
3363 5628 3844 5704 imperativi..\'os

2244 5694 2659 5775 indicativum,
2678 5694 3021 5785 postulante
3047 5708 3250 5781 sensu,
3276 5694 3666 5765 restituimus.
3686 5703 3841 5765 Eutr.
