4110 6374
235 361 333 421 541
982 359 1221 417 HOMIL.
1272 357 1463 424 QUOD
1524 349 1886 412 MUNDANIS

1942 353 2450 411 ADHERENDUM
2505 355 2646 411 NON
2709 353 2842 411 SIT.
3488 351 3595 408 542

232 505 371 564 ρεσις
411 484 464 539 ἐκ
503 494 602 538 τῶν
643 483 919 561 ἀλλοτρίων
962 484 1219 550 πλουτεῖν,
1255 480 1480 556 δύναμις
1521 477 1579 534 δὲ
1610 480 1667 533 ού
1699 480 1825 554 πάρ-

1943 479 2467 552 quemadmodum
2479 478 2740 552 improbi
2759 478 3034 534 homines
3048 481 3227 550 atque
3244 478 3430 545 avari,
3445 492 3598 551 quo-

234 595 372 632 εστιν
439 578 571 632 ὥστε
617 579 748 649 μετὰ
811 575 1107 651 παρρησίας
1167 573 1472 647 βιάζεσθαι,
1506 579 1620 635 ταῖς
1688 565 1833 630 ὁδοῖς

233 662 517 742 ἓφεδρεύειν
567 667 800 722 εἰώθασι·
846 672 942 721 παὶ
986 666 1029 720 εἰ
1067 663 1228 723 ἴδωσί
1270 685 1321 718 τι
1350 668 1548 740 χωρίον
1578 665 1696 735 περὶ
1741 659 1832 716 αύ-

230 759 343 822 τὰς,
396 757 424 816 ἢ
484 757 711 832 φάραγξι
761 755 1000 830 βαθείαις
1051 752 1352 831 διερρωγὸς,
1405 755 1433 814 ἡ
1507 761 1675 826 φυτῶν
1724 771 1829 804 πυευ

229 851 442 905 κνότητι
475 850 710 914 σύσκιον,
773 847 844 909 εἰς
891 855 1045 902 τοῦτο
1084 843 1488 919 καταδυόμενοι,
1516 847 1607 900 καὶ
1639 847 1732 902 τὴν
1773 841 1828 896 ἐκ

229 936 420 990 πολλοῦ
463 936 686 1013 πρόοψιν
736 945 836 991 τῶν
886 935 1298 1013 ὁδοιπορούντων
1349 936 1608 996 τοιούτοις
1650 935 1829 989 ὑποτι-

228 1031 471 1100 μνόμενοι
507 1026 964 1102 προκαλύμμασιν,
1022 1024 1210 1102 ἀθρόον
1259 1020 1592 1083 ἐπιπηδῶσίν
1632 1022 1826 1090 αὐτοῖς,

229 1118 352 1179 ὦςτε
381 1119 452 1188 μὴ
495 1121 736 1191 πρότερον
787 1113 1080 1176 δυνηθῆναί
1131 1135 1246 1170 τινα
1291 1118 1413 1179 τοὺς
1460 1120 1552 1165 τοῦ
1582 1109 1828 1165 κινδύνου

233 1203 470 1280 βρόχους
520 1202 648 1262 ἰδεῖν
691 1212 812 1281 πρὶν
854 1207 924 1268 εἰς
958 1209 1164 1266 τούτους
1208 1211 1402 1258 πεσεῖν·
1437 1201 1600 1264 οὓτως
1630 1203 1655 1254 ὁ
1689 1197 1828 1255 δυσ-

229 1299 385 1368 μενὴς
437 1296 624 1348 ἄνωθεν
684 1297 809 1369 ἡμῖν
875 1301 964 1350 καὶ
1016 1294 1260 1368 πολέμιος
1325 1295 1419 1356 τὰς
1467 1301 1568 1345 τῶν
1634 1310 1829 1364 κοσμι-

227 1393 330 1438 κῶν
359 1385 586 1460 τέρψεων
625 1385 931 1458 ὑποτρέχων
967 1386 1138 1451 σκιάς,
1173 1383 1226 1436 αἱ
1279 1388 1398 1458 περὶ
1435 1387 1529 1442 τὴν
1576 1378 1698 1435 ὁδὸν
1738 1389 1830 1435 τοῦ

229 1471 353 1545 βιου
384 1476 571 1529 τούτου
603 1475 866 1546 πεφύκασι
917 1470 1085 1528 δειναὶ
1114 1474 1316 1550 κρῦψαι
1349 1472 1570 1546 λῃστὴν,
1622 1475 1712 1525 καὶ
1742 1473 1830 1523 τὸν

227 1561 627 1616 ἐπιϐουλεύοντα
686 1572 908 1623 ποιῆσαι
966 1563 1172 1630 λαθεῖν,
1231 1562 1456 1616 ἐντεῦθεν
1523 1561 1832 1636 ἀπροόπτως

223 1654 317 1716 τὰς
373 1660 467 1719 τῆς
536 1651 793 1716 ἀπωλείας
861 1653 1166 1727 ύποσπείρει
1228 1649 1476 1724 παγίδασ
1541 1653 1686 1725 ἡμῖν.
1747 1658 1831 1706 Δεῖ

224 1746 400 1797 τοίνυν
431 1745 589 1816 ἡμᾶς,
639 1745 780 1818 εἴπερ
820 1741 1074 1816 ἐθέλοιμεν
1120 1744 1234 1813 (81)
1287 1741 1531 1815 ἀσφαλῶς
1576 1747 1670 1800 τὴν
1703 1742 1827 1794 ύπο-

1943 585 2078 628 rum
2100 585 2285 642 Opera
2314 587 2384 626 ac
2412 569 2794 644 propositum
2833 574 2921 625 est
2950 584 3023 625 ex
3053 567 3260 624 alienis
3290 568 3600 637 ditescere,

1943 660 2048 716 sed
2104 661 2328 735 quibus
2370 677 2495 717 non
2544 660 2808 734 suppetit
2859 658 3127 735 potentia
3159 663 3221 714 ut
3251 657 3600 715 violentiam

1941 754 2213 823 apertam
2230 754 2566 817 exerceant,
2580 751 2706 806 vias
2732 749 3018 806 insidiose
3039 763 3340 819 occupare
3381 747 3600 814 solent,

1942 840 1998 892 et
2023 836 2071 891 si
2092 835 2350 892 viderint
2369 835 2431 892 in
2457 836 2542 892 eis
2570 835 2771 892 locum
2807 833 3183 909 quempiam,
3209 837 3312 889 aut
3339 829 3601 888 vallibus

1939 927 2259 1000 profundis
2291 928 2653 998 ditfractum,
2697 932 2801 983 aut
2831 926 3121 983 arborum
3145 924 3440 981 densitate
3472 940 3601 980 um-

1939 1019 2212 1090 brosum,
2245 1037 2313 1076 eo
2339 1019 2692 1092 recipientes
2725 1036 2806 1082 se,
2837 1022 2894 1074 et
2911 1017 3089 1088 longe
3119 1019 3259 1074 ante
3298 1013 3602 1087 ejusmodi

1941 1110 2316 1182 tegumentis,
2353 1110 2682 1183 qu'ominus
2709 1111 2968 1165 viatores
2999 1108 3391 1182 prmvideant,
3414 1106 3602 1178 impe-

1940 1200 2194 1266 dientes,
2218 1199 2530 1257 confertim
2553 1203 2610 1256 et
2626 1216 2699 1258 ex
2719 1199 3040 1271 improviso
3061 1199 3122 1255 in
3140 1197 3273 1254 illos
3305 1195 3601 1264 insiliunt,

1939 1306 2014 1347 ne
2035 1291 2361 1364 quisquam
2391 1289 2638 1365 periculi
2666 1289 2920 1363 laqueos
2969 1290 3324 1364 priusquam
3363 1289 3425 1344 in
3467 1286 3600 1345 illos

1939 1379 2232 1448 inciderit,
2259 1381 2454 1454 possit
2475 1379 2675 1436 videre
2700 1396 2713 1435 :
2744 1379 2828 1435 sic
2857 1379 2953 1435 ille
2983 1379 3086 1452 qui
3116 1378 3294 1434 nobis
3324 1376 3403 1434 ab
3432 1377 3600 1434 initio

1937 1470 2208 1527 infensus
2238 1477 2330 1527 est
2375 1475 2432 1527 et
2472 1470 2690 1540 hostis,
2731 1469 3114 1542 voluptatum
3145 1469 3600 1524 mundanarum

1939 1561 2189 1617 umbras
2219 1561 2485 1634 subiens,
2512 1576 2649 1636 quae
2678 1559 2740 1615 in
2770 1561 2954 1630 hujus
2986 1560 3119 1618 vita;
3148 1560 3248 1617 via
3276 1557 3356 1616 ad
3403 1556 3602 1614 occul-

1938 1652 2193 1708 tandum
2222 1651 2574 1724 praedonem
2623 1657 2681 1710 et
2721 1652 2800 1708 ad
2829 1650 3066 1707 dandas
3102 1648 3435 1706 insidiatori
3458 1646 3600 1705 late-

1937 1740 2079 1797 bras
2125 1742 2359 1798 idoneae
2391 1758 2524 1798 esse
2555 1742 2768 1808 solent,
2800 1741 2939 1797 inde
2969 1741 3284 1813 inopinato
3324 1737 3599 1794 interitus

221 1835 464 1904 κειμένην
498 1828 623 1885 όδὸν
669 1841 761 1885 τοῦ
817 1831 940 1906 βίου
983 1829 1320 1907 διαδραμεῖν,
1353 1836 1442 1885 καὶ
1481 1840 1825 1906 παραστῆσαι

1935 1830 2187 1904 laqueos
2213 1831 2388 1888 nobis
2409 1831 2666 1902 subjicit.
2688 1831 2893 1904 Itaque
2915 1830 2963 1886 si
2985 1830 3169 1886 modo
3188 1828 3444 1884 velimus
3463 1825 3602 1882 sub-

219 1927 445 1996 Χριστῷ
501 1923 596 1980 τὴν
643 1920 830 1996 ψυχην
879 1941 934 1974 τε
964 1923 1094 1995 ὁμοῦ
1125 1942 1216 1974 και
1244 1926 1302 1976 1'6
1333 1930 1484 1995 σῶμα
1511 1931 1602 1984 τῆς
1641 1921 1696 1974 ἐκ
1725 1931 1825 1978 τῶν

217 2010 542 2084 τραυμάτων
601 2011 868 2085 αἰσχύνης
898 2011 1156 2087 ἐλεύθερα,
1191 2016 1280 2064 καὶ
1323 2015 1443 2075 τούς
1475 2010 1558 2064 ἐπὶ
1595 2019 1658 2085 τῇ
1705 2032 1820 2085 vix»;

219 2101 512 2172 στεφάνους
567 2099 758 2168 λαϐεῖν,
802 2100 1148 2177 ἐγρηγορότας
1176 2103 1438 2176 περιάγειν
1490 2100 1567 2154 ἀεὶ
1623 2121 1824 2154 παντα-

216 2194 358 2265 χόσε
412 2190 532 2255 τούς
587 2200 683 2253 τῆς
728 2190 914 2265 ψυχῆς
977 2191 1272 2266 ὀφθαλμούς
1327 2198 1414 2245 καὶ
1463 2194 1633 2246 πάντα
1691 2194 1826 2246 ύπο-

218 2282 428 2334 πτεύιιν
485 2281 586 2333 ὅσα
643 2283 853 2354 τερπνά,
917 2287 1008 2335 καὶ
1072 2286 1426 2356 παρατρέχειν
1495 2282 1664 2349 εὐθὺς,
1735 2287 1826 2336 καὶ

219 2365 414 2444 μηδενὶ
479 2367 834 2446 προσερείδειν
892 2375 987 2429 τὴν
1051 2373 1262 2439 ἔννοιαν,
1323 2368 1462 2445 μηδέ
1520 2372 1563 2425 εἰ
1619 2375 1826 2446 χρυσὸς

221 2463 458 2536 φαίνοιτο
523 2455 704 2532 χύδην
771 2464 1122 2535 προκείμενος,
1183 2463 1386 2534 ἕτοιμος
1453 2462 1524 2525 εἰς
1580 2464 1674 2526 τὰς
1724 2471 1824 2515 τῶν

225 2547 554 2622 βουλομένων
601 2555 787 2622 χεῖρας
841 2548 998 2602 ἐλθεῖν
1049 2549 1295 2618 (Πλοῦτος
1345 2553 1472 2626 γὰρ,
1525 2556 1703 2624 φησὶν,
1739 2551 1823 2604 ἐὰν

221 2639 338 2715 ῥέῃ,
397 2641 469 2712 μὴ
530 2640 879 2713 προστίθεσθε
937 2635 1138 2714 καρδίᾳ
1203 2639 1374 2712 [82]
1445 2637 1586 2713 μηδι
1647 2642 1691 2696 εἰ
1753 2649 1821 2713 γῆ

227 2728 604 2806 βλαστάνουσα
675 2735 850 2782 πᾶσαν
931 2734 1148 2806 τρυφὴν,
1199 2737 1289 2784 καὶ
1353 2731 1646 2795 πολυτελεῖς
1711 2728 1824 2785 δει-

223 2822 457 2873 κνύουσα
511 2821 707 2886 σκηνὰς
764 2819 951 2892 (ἸΙμῶν
1008 2823 1110 2898 γὰρ
1167 2824 1224 2875 1'6
1280 2821 1568 2895 πολίτευμα
1624 2820 1672 2875 ἐν
1730 2820 1824 2874 οὐ-

227 2917 392 2985 ρανῷ,
445 2907 496 2971 ἐξ
559 2908 619 2961 οὔ
665 2912 755 2961 καὶ
824 2916 1042 2983 Σωτῆρα
1093 2907 1498 2984 ἀπεκδεχόμεθα
1553 2909 1823 2983 Χριστόν)’

227 2994 372 3070 μηδι
409 2996 452 3051 ιί
474 3005 702 3072 χορεῖαι,
739 3003 829 3052 καὶ
863 3008 1051 3074 κῶμοι,
1084 3005 1174 3054 καὶ
1203 3003 1377 3074 μέθαι,
1412 3006 1501 3054 καὶ
1541 2999 1827 3054 καταυλούι

221 3106 376 3160 μεναι
425 3089 682 3162 τράπεζαι
734 3089 1064 3159 (Ματαιότής
1117 3090 1242 3167 γὰρ,
1291 3096 1471 3165 φησὶν,
1528 3095 1824 3165 ματαιοτὴ-

1937 1927 2185 1978 stratam
2216 1923 2350 1978 vitae
2371 1923 2535 1978 viam
2567 1926 2692 1978 tuto
2714 1936 3084 1994 percurrere,
3117 1923 3298 1992 atque
3325 1917 3598 1975 animam

1937 2011 2116 2069 simul
2135 2015 2191 2068 et
2212 2027 2433 2085 corpus
2468 2012 2780 2068 vulnerum
2805 2010 3174 2083 turpitudine
3194 2007 3490 2065 immunia
3515 2006 3599 2064 of-

1934 2100 2086 2156 ferre
2137 2101 2386 2171 Christo,
2436 2116 2818 2173 coronasque
2846 2099 2926 2156 ob
2955 2099 3266 2154 victoriam
3299 2097 3595 2170 accipere,

1934 2193 2169 2262 oportet
2198 2205 2310 2246 nos
2350 2190 2536 2246 animi
2562 2189 2772 2246 oculos
2806 2204 3046 2261 semper
3076 2187 3484 2258 undecunque
3514 2184 3598 2241 vi-

1936 2280 2189 2354 gilantes
2219 2279 2649 2352 circumagere,
2692 2283 2749 2336 et
2773 2295 2869 2335 res
2898 2294 3111 2334 omnes
3155 2275 3465 2348 jucundas
3496 2274 3599 2330 ha-

1937 2370 2077 2427 bere
2107 2374 2438 2443 suspectas,
2471 2386 2541 2427 ac
2584 2369 2786 2426 statim
2817 2368 3144 2444 praeterire,
3167 2371 3224 2424 et
3254 2366 3330 2423 ad
3364 2364 3594 2422 nullam

1935 2459 2212 2516 animum
2244 2459 2564 2532 appellere,
2600 2475 2676 2516 ne
2724 2461 2773 2514 si
2803 2475 3021 2515 aurum
3046 2456 3295 2531 quidem
3321 2455 3597 2512 videatur

1935 2551 2064 2608 fuse
2103 2566 2410 2623 sparsum,
2440 2551 2606 2624 quod
2639 2551 2701 2606 in
2741 2550 3113 2623 cupientium
3145 2563 3364 2605 manus
3394 2546 3596 2604 venire

1935 2643 2217 2715 paratum
2244 2641 2321 2698 sit
2349 2643 2606 2714 (Divitiae
2637 2641 2820 2710 enim,
2853 2641 3066 2714 inquit,
3097 2641 3150 2695 si
3183 2640 3471 2710 afﬂuant,
3493 2652 3598 2693 no-

1937 2732 2042 2789 lite
2061 2732 2610 2802 corapponere”);
2653 2746 2851 2804 neque
2881 2729 2932 2786 si
2959 2729 3224 2803 proferat
3251 2733 3411 2784 terra
3453 2725 3597 2783 deli-

1935 2821 2060 2879 cias
2089 2838 2300 2880 omnes
2327 2839 2398 2879 ac
2429 2827 2789 2896 sumptuosa
2827 2820 3220 2878 tabernacula
3242 2821 3412 2891 (nam
3439 2820 3595 2875 Νοε-

1935 2918 2034 2970 tra
2059 2914 2433 2971 conversatio
2453 2913 2510 2969 in
2535 2914 2682 2970 caelo
2704 2919 2809 2983 est,
2832 2912 2992 2970 unde
3020 2915 3199 2969 etiam
3220 2911 3595 2968 Salvatorem

1943 3002 2117 3076 164
2134 3009 2544 3072 exspectamus
2565 3003 2873 3059 Christum
2894 3002 2994 3072 77);
3026 3016 3225 3073 neque
3255 3000 3306 3056 si
3335 3000 3593 3071 choreae,

1934 3097 1992 3148 et
2015 3092 2511 3160 comessationes,
2545 3095 2603 3148 et
2621 3091 2961 3153 ebrietates.
2976 3095 3034 3146 et
3059 3105 3286 3146 mensae
3307 3089 3592 3146 tibiarum

220 3195 344 3245 των,
391 3180 457 3232 τὰ
503 3180 676 3233 πάντα
717 3183 1048 3253 ματαιότης)·
1099 3178 1237 3254 μηδὲ
1283 3182 1326 3235 εἰ
1377 3183 1630 3255 σωμάτων
1661 3179 1822 3240 κάλλη

1935 3182 2196 3239 modulis
2232 3185 2582 3240 resonantes
2627 3186 3046 3255 proponantur
3093 3183 3109 3242 ί
3129 3181 3374 3238 Vanitas
3404 3179 3588 3247 enim,

217 3269 542 3343 προτείνοιτο
575 3310 590 3336 ,
677 3271 823 3343 παρὰ
903 3278 1140 3344 πονηρῶν
1220 3269 1412 3343 ψυχῶν
1498 3270 1826 3344 ἐνοικούμενα

213 3354 391 3422 (Ἀπὸ
449 3361 727 3430 προσώπον
775 3355 876 3431 γὰρ
928 3361 1176 3429 γυναικός
1247 3361 1314 3423 ὡς
1387 3357 1486 3411 ἀπό
1545 3365 1822 3434 προσώπον

212 3445 379 3518 ὄφεως
420 3453 573 3517 φεῦγε
621 3446 750 3514 (83),
801 3450 960 3517 φησὶν
1015 3448 1040 3498 ό
1097 3450 1296 3519 Σοφός)’
1338 3445 1479 3521 μηδὲ
1519 3448 1562 3500 εἰ
1616 3446 1822 3502 δυνασ-

207 3541 355 3588 τεῖαι
385 3537 475 3586 καὶ
512 3530 830 3609 τυραννιδες,
880 3539 970 3587 καὶ
1010 3531 1278 3610 δορυφόων
1310 3538 1339 3595 ἡ
1386 3535 1616 3590 κολάκων
1647 3536 1818 3610 ἑσμοί·

209 3619 362 3700 μηδὲ
429 3643 472 3676 ει
546 3625 718 3699 θρόνος
787 3622 986 3695 ὑψηλὸς
1051 3630 1140 3678 καὶ
1200 3624 1455 3700 λαμπρὸς,
1533 3626 1823 3690 ὑποζεύξας

209 3716 338 3772 ἔθνη
387 3717 478 3766 καὶ
527 3712 702 3774 πόλεις
759 3713 827 3775 εἰς
884 3709 1122 3766 δουλείαν
1187 3714 1417 3768 ἑκούσιον
1487 3721 1664 3784 (Πᾶσα
1717 3719 1819 3791 γὰρ

212 3803 356 3880 σὰρξ
401 3806 465 3866 ὡς
492 3807 710 3879 χόρτος,
759 3807 849 3856 καὶ
906 3811 1055 3856 πᾶσα
1102 3800 1234 3868 δόξα
1281 3803 1551 3878 ἀνθρώπου
1583 3809 1647 3867 ως
1674 3809 1820 3868 ανθος

208 3899 430 3970 χόρτον·
483 3892 736 3968 ἐξηράνθη
784 3895 809 3947 ό
857 3899 1074 3969 χόρτος,
1121 3899 1211 3947 καὶ
1264 3897 1323 3948 τὸ
1369 3897 1524 3958 ἄνθος
1571 3897 1817 3969 ἐξέπεσε).

207 3986 431 4046 Τούτοις
479 3986 582 4060 γὰρ
634 3980 699 4043 δὴ
751 3989 888 4038 πᾶσι
935 3992 1046 4048 τοῖς
1098 3983 1234 4038 ούτω
1285 3993 1519 4060 τερπνοῖς
1572 3988 1598 4039 ὁ
1651 3989 1822 4050 κοινὸς

210 4074 547 4134 ύποκάθηται
593 4071 880 4148 δυσμενὴς,
937 4072 1198 4149 ἀναμένων
1259 4078 1304 4129 εἴ
1359 4095 1480 4129 ποτε
1533 4078 1668 4148 (84),
1715 4084 1820 4139 τοῖς

212 4166 488 4239 ὁρωμένοις
567 4160 958 4232 δελεασθέντες,
1040 4172 1132 4227 τῆς
1197 4169 1288 4238 μὲν
1365 4166 1560 4228 εύθείας
1630 4165 1819 4243 ἐκτρα-

211 4264 388 4328 πῶμεν
445 4251 595 4324 ὁδού,
655 4257 785 4330 πρὸς
840 4251 899 4309 δὲ
961 4258 1048 4308 τὸν
1115 4253 1309 4310 ἐκείνου
1377 4256 1537 4330 λόχςν
1603 4258 1821 4324 ἑαυτούς

217 4343 586 4420 ἁποκλίνωμεν·
623 4349 724 4402 Καὶ
775 4341 888 4406 δέος
933 4345 1063 4399 πολὺ
1107 4349 1178 4420 μή
1212 4365 1356 4415 ποτε,
1389 4343 1821 4424 προσδραμόντες

217 4433 518 4510 ἄφιλάκτως
597 4435 792 4503 αὐτοῖς,
866 4440 956 4489 καὶ
1025 4440 1116 4497 τὴς
1195 4435 1252 4488 ἐκ
1325 4445 1422 4500 τῆς
1490 4438 1820 4501 ἀπολαύσεως

1931 3272 2148 3346 inquit,
2182 3274 2541 3342 vanitatum,
2575 3274 2778 3329 omnia
2807 3273 3162 3342 vanitas”);
3196 3285 3395 3343 neque
3428 3269 3477 3325 si
3506 3267 3593 3326 of-

1932 3363 2202 3420 ferantur
2227 3379 2485 3437 corpora
2504 3363 2792 3434 formosa,
2813 3363 2874 3420 in
2895 3364 3119 3436 quibus
3149 3362 3369 3418 animm
3389 3376 3592 3435 pravas

1931 3452 2270 3510 inhabitent
2311 3455 2383 3524 (Α
2415 3455 2576 3525 facie
2627 3454 2789 3510 enim
2840 3455 3110 3510 mulieris
3159 3454 3322 3511 velut
3354 3467 3391 3508 a
3431 3452 3596 3522 facie

1931 3545 2219 3613 serpentis
2245 3545 2414 3615 fuge,
2437 3545 2635 3617 inquit
2666 3544 2918 3616 Sapiens
2939 3545 3051 3612 7');
3079 3559 3276 3616 neque
3307 3543 3354 3598 si
3386 3548 3593 3616 potens

1930 3634 2092 3687 tatus
2121 3631 2614 3706 dominatusque,
2636 3648 2708 3690 ac
2738 3631 3060 3688 satellitum
3083 3637 3189 3688 aut
3207 3631 3592 3688 adulatorum

1930 3724 2166 3778 turmas
2223 3726 2572 3794 exspectare
2620 3722 2820 3791 liceat,
2879 3736 3077 3794 neque
3130 3721 3180 3777 si
3213 3719 3596 3793 promittatur

1931 3810 2087 3869 altus
2115 3813 2369 3868 thronus
2391 3817 2571 3885 atque
2593 3812 2972 3886 splendidus,
3003 3815 3210 3882 gentes
3232 3827 3302 3868 ac
3325 3810 3594 3868 civitates

1929 3903 2283 3960 voluntariae
2312 3903 2581 3960 servituti
2613 3902 2941 3975 subjiciens
2989 3903 3218 3975 (Omnis
3251 3902 3413 3960 enim
3450 3915 3593 3959 caro

1928 3995 2158 4065 fenum,
2199 3998 2254 4051 et
2301 3995 2490 4050 omnis
2514 3994 2710 4064 gloria
2759 3993 3015 4050 hominis
3066 3995 3244 4064 quasi
3284 3994 3394 4062 ﬂos
3419 3993 3590 4063 feni;

1930 4087 2098 4142 aruit
2148 4085 2380 4155 fenum,
2413 4089 2468 4140 et
2516 4084 2628 4154 ﬂos
2683 4083 2896 4141 cecidit
2914 4084 3010 4154 ⁸ο).
3057 4082 3286 4140 Etenim
3334 4081 3448 4139 sub
3496 4081 3593 4138 his

1929 4174 2216 4231 omnibus
2243 4174 2397 4231 adeo
2423 4173 2709 4245 jucundis
2740 4174 3084 4230 communis
3114 4173 3209 4230 ille
3243 4173 3432 4230 hostis
3463 4172 3593 4229 lati.

1929 4269 2037 4335 tat,
2070 4269 2428 4337 exspectans
2469 4280 2618 4320 num
2661 4263 2912 4337 quando
2939 4263 3122 4320 rebus
3149 4263 3496 4336 conspectis
3526 4262 3590 4319 ila

1928 4353 2088 4421 lecti,
2137 4354 2236 4410 via
2264 4359 2429 4411 recta
2467 4353 2774 4423 derelicta,
2807 4369 2921 4410 nos
2960 4353 3127 4426 ipsos
3158 4353 3219 4410 in
3247 4352 3408 4408 illius
3447 4351 3593 4408 insi-

1929 4445 2060 4501 dias
2108 4444 2527 4515 conjiciamus.
2561 4443 2715 4510 Quin
2746 4446 2929 4501 etiam
2967 4443 3365 4500 metuendum
3412 4441 3591 4500 valde

215 4526 396 4601 τέρψιν
455 4523 608 4580 οὐδὲν
672 4527 998 4599 ἡγησάμενοι
1065 4525 1338 4602 βλαϐερὸν,
1411 4526 1819 4604 ἐγκεκρυμμένον

1935 4539 2038 4604 est,
2078 4534 2406 4606 nequando
2437 4535 2517 4590 ad
2546 4534 2677 4591 base
2707 4535 2948 4590 incaute
2979 4537 3382 4598 acourrentea,
3413 4531 3590 4587 nihil-

217 4624 278 4690 τῇ
336 4622 516 4693 πρώτῃ
561 4619 739 4689 γεύσει
788 4619 848 4670 τὸ
891 4623 983 4669 τοῦ
1034 4613 1190 4670 δόλου
1239 4621 1573 4691 καταπίωμεν
1626 4621 1817 4691 ἀγκισ-

216 4726 352 4783 τρον·
387 4704 499 4760 εἶτα
527 4708 627 4760 ύπό
659 4708 841 4760 τούτου
885 4708 952 4760 τὰ
979 4709 1069 4780 μεν
1115 4706 1330 4777 ἑκόννες,
1370 4709 1437 4760 τὰ
1482 4705 1540 4761 δὲ
1583 4710 1814 4780 ἄκοντες,

215 4793 584 4873 προσδεθῶμεν
659 4796 858 4859 αὐτοῖς.
934 4802 1025 4850 καὶ
1097 4800 1248 4874 πρὸς,
1319 4800 1378 4850 τὸ
1445 4797 1658 4875 φοϐερόν
1721 4807 1814 4853 τοῦ

214 4886 406 4963 λῃστοῦ
451 4893 780 4961 καταγώγιον
813 4891 902 4942 τὸν
955 4889 1169 4944 θάνατον
1216 4888 1450 4964 λάθωμεν
1489 4889 1814 4955 ἂκυσθέντες

214 4976 315 5030 ύπὸ
353 4984 454 5029 τῶν
483 4973 704 5036 ἡδονῶν.

287 5174 333 5211 ⁷⁸
371 5172 528 5232 Psal.
557 5190 671 5247 ut,
697 5179 784 5234 tt.
858 5177 908 5213 ’Π
947 5176 1158 5250 Philip.
1187 5192 1269 5244 in,
1303 5177 1394 5233 20.
1469 5178 1519 5214 ⁷⁸
1561 5178 1750 5240 Eeele.
1780 5195 1820 5250 ι,
1852 5186 1906 5240 2.

279 5274 390 5352 (8t)
433 5275 666 5352 Veteres
711 5275 834 5352 duo
860 5275 999 5352 libri
1042 5277 1292 5352 ἐθέλομεν.
1323 5277 1491 5333 Alius
1540 5278 1807 5352 ἐοεῦιωμεν,

207 5345 368 5422 Alius
399 5361 538 5402 cum
568 5349 826 5422 vulgatis
849 5348 1121 5421 ἐθέλοιμεν,
1145 5345 1470 5422 Aliquanto
1493 5356 1632 5422 post
1652 5345 1810 5407 unus

207 5417 396 5506 codex
422 5423 480 5474 et
520 5418 663 5476 editi
711 5419 796 5472 ἐπὶ
824 5427 886 5493 τῇ
932 5417 1071 5493 νίκη.
1107 5421 1194 5478 All
1236 5417 1354 5478 tres
1385 5417 1568 5478 mass.
1607 5421 1690 5475 ἐπί
1718 5433 1810 5486 τῆς

203 5508 320 5547 νικη
333 5509 373 5551 ς.

275 5561 593 5642 (82ξᾼΕάἱῐξ
612 5566 669 5618 et
698 5563 831 5642 duo.
851 5579 998 5620 mss.
1027 5560 1241 5639 καρδίᾳ.
1278 5565 1492 5642 Codex,
1506 5577 1661 5621 unus
1684 5587 1809 5642 καρο

204 5630 348 5720 δίαν.
375 5639 511 5723 ῙξΙρΧ
558 5635 698 5720 Reg.
744 5637 990 5723 prunus.
1010 5630 1211 5723 τρυφὴν
1237 5641 1327 5692 καὶ
1377 5636 1686 5713 ἀπόλαυσιν,
1715 5630 1804 5693 καὶ

201 5703 588 5774 πολυτελεῖς...
619 5703 671 5762 εὖ
707 5703 943 5782 ούρανοῖς
969 5703 1220 5784 ὑπάρχει.

1928 4640 2046 4698 que
2076 4624 2240 4681 noxii
2277 4624 2340 4680 in
2369 4623 2626 4680 fruenda
2666 4623 2767 4680 illa
2789 4621 3166 4694 jucunditate
3212 4622 3408 4677 inesse
3451 4621 3587 4691 rati,

1927 4716 2053 4774 doli
2078 4717 2332 4773 hamum
2357 4714 2766 4786 deglutiamus
2794 4715 2856 4770 in
2888 4713 3084 4786 primo
3115 4717 3295 4783 gustu
3326 4710 3588 4768 occulta-

1927 4810 2056 4864 tum
2085 4823 2099 4864 :
2127 4805 2367 4873 deinde,
2409 4820 2483 4862 ne
2532 4805 2611 4862 ab
2658 4804 2774 4862 hoc
2802 4803 2992 4873 tracti,
3046 4802 3264 4876 partim
3306 4800 3584 4868 libentes,

1926 4897 2092 4956 inviti
2115 4897 2207 4954 his
2235 4897 2418 4954 rebus
2446 4896 2783 4967 alligemur,
2829 4896 3274 4968 inscientesque
3307 4910 3345 4951 a
3377 4891 3589 4963 volup‘

1926 4990 2148 5048 tatibus
2186 4987 2265 5046 ad
2294 4987 2670 5045 horrendum
2707 4987 2959 5044 latronis
3003 4985 3334 5060 hospitium
3380 4983 3585 5041 traha-

1926 5096 2084 5151 mur,
2111 5079 2190 5137 ad
2215 5081 2472 5136 mortem
2505 5077 2757 5136 scilicet.

1982 5181 2031 5216 τε
2072 5177 2263 5235 Eccle.
2295 5193 2406 5249 xxx,
2440 5182 2498 5236 2.
2573 5176 2621 5213 ⁸⁰
2661 5179 2777 5233 lsa.
2810 5191 2896 5248 XL,
2930 5179 2984 5244 6,
3015 5181 3069 5231 7.

1990 5283 2098 5363 (8]3)
2138 5277 2314 5366 Apud
2349 5280 2473 5364 LXX
2518 5276 2702 5365 paulo
2759 5277 2930 5364 aliter
2977 5275 3197 5362 legitur
3238 5273 3581 5366 EG'CIG.‘IXI,

1920 5353 1953 5407 2
1983 5349 2095 5414 ε’ὡς
2150 5349 2249 5402 ἀπο
2289 5349 2571 5424 προσώπου
2605 5353 2778 5422 ὄφεως,
2814 5357 2965 5421 φεῦγε
2993 5349 3092 5399 ἀπὸ
3123 5349 3582 5424 ἡμαρτὶαςμαη-

1921 5440 2100 5496 quam
2125 5439 2170 5496 να
2197 5419 2361 5492 facie
2390 5419 2648 5496 colubri,
2673 5419 2878 5496 [μόρα
2906 5419 3182 5492 peccato:
3206 5419 3388 5492 aqua
3409 5419 3583 5476 inter-

1918 5492 2256 5568 pretatione
2277 5509 2404 5568 non
2427 5493 2652 5568 recedit
2679 5492 2959 5568 Vulgata.

1991 5569 2098 5636 (8’s)
2144 5565 2329 5638 Editio
2378 5566 2561 5638 Paris.
2599 5563 2857 5638 ἀναμένων
2890 5563 2931 5617 εἰ
2956 5566 3097 5638 πότε.
3147 5562 3377 5620 Vocula
3410 5561 3453 5618 εἰ
3479 5578 3578 5620 ne-

1914 5633 2033 5722 que
2128 5637 2388 5722 editione
2404 5636 2579 5697 Basil.
2595 5633 2792 5714 neque
2809 5633 2868 5696 in
2887 5635 3108 5697 nostris
3137 5640 3400 5711 quatuor
3429 5650 3577 5694 mss.

1912 5718 2240 5772 invenitur.
