4110 6378
474 378 576 436 543

473 597 616 659 tres,
647 608 761 648 nos
786 606 954 647 more
985 590 1283 646 viatorum
1309 595 1412 646 aut
1433 605 1747 647 cursorum
1778 585 2134 646 succinctos,

476 687 534 739 et
552 681 862 737 undelibet
879 679 1181 736 levitatem
1205 680 1530 736 animabus
1552 679 1770 736 nostris
1795 678 1870 734 ad
1894 689 2139 732 cursum

476 772 641 828 hunc
702 769 1141 843 perﬁciendum
1199 770 1607 837 conciliantes,
1668 768 1746 824 ad
1794 766 1902 822 viae
1953 764 2137 819 tinem

475 867 641 918 recta
662 859 965 916 festinare.
999 863 1114 916 Nec
1146 859 1475 933 quisquam
1507 860 1734 929 ﬁngere
1766 872 1860 913 me
1889 853 2140 911 nomina

478 968 640 1008 nova
660 951 1014 1024 suspicetur,
1034 950 1201 1022 quod
1223 952 1559 1007 humanam
1580 951 1763 1006 vitam
1791 948 1953 1003 viam
1978 959 2139 1001 nunc

478 1040 696 1099 vocavi
726 1059 739 1106 ;
782 1057 920 1096 cum
953 1044 1010 1096 et
1062 1040 1247 1096 David
1273 1041 1571 1113 propheta
1602 1039 1684 1096 sic
1713 1038 1900 1095 vitam
1950 1033 2140 1091 nomi-

481 1131 716 1189 naverit
741 1148 754 1187 :
783 1132 888 1204 qui
933 1147 1097 1188 nunc
1128 1131 1377 1204 quidem
1420 1130 1640 1187 alicubi
1674 1130 1756 1186 ita
1776 1127 1936 1198 dicit,
1966 1126 2144 1182 Beati

480 1222 865 1279 immaculati
888 1222 951 1277 in
974 1223 1095 1287 via,
1113 1223 1222 1293 qui
1238 1223 1633 1277 ambulantin
1660 1222 1787 1291 lege
1806 1217 2137 1274 Domini“:

481 1327 646 1368 nunc
673 1327 819 1367 vero
850 1310 929 1368 ad
961 1311 1283 1367 Dominum
1329 1327 1505 1366 suum
1539 1310 1783 1379 clamat,
1839 1306 2146 1364 Viam'ini-

483 1403 733 1474 quitatis
779 1416 987 1458 amove
1023 1415 1061 1457 a
1105 1417 1216 1472 me,
1253 1416 1289 1457 a
1321 1403 1448 1472 lege
1481 1407 1586 1457 tua
1613 1402 1895 1457 miserere
1932 1398 2140 1455 mei”.

482 1494 708 1547 Rursus
748 1490 971 1547 alicubi
1002 1491 1104 1547 Dei
1154 1490 1478 1547 adversum
1511 1508 1614 1547 eos
1644 1490 1751 1565 qui
1802 1488 1917 1545 sibi
1947 1485 2144 1543 infesti

483 1585 672 1648 erant,
720 1580 973 1636 celerem
1020 1596 1200 1652 opem
1241 1579 1598 1636 collaudans
1624 1585 1679 1636 et
1722 1579 1798 1635 ad
1829 1579 2027 1650 lyram
2057 1574 2142 1630 hi-

481 1669 606 1727 lare
633 1675 875 1744 aptans,
905 1670 1146 1726 dicebat
1179 1687 1192 1726 :
1226 1671 1303 1726 Et
1354 1671 1481 1741 quis
1523 1672 1674 1726 Deus
1705 1673 1928 1739 praeter
1954 1668 2143 1723 Deum

481 1766 753 1817 nostrum
775 1764 802 1815 ?
840 1762 1003 1816 Deus
1053 1761 1159 1833 qui
1196 1762 1519 1832 prcecingit
1551 1775 1643 1816 me
1672 1761 1916 1824 virtute,
1957 1763 2013 1812 et
2037 1771 2146 1825 po-

1882 371 1942 429 S.
1982 364 2230 425 BASlLlI
2267 365 2490 455 ΜΛῼΝΙ

545 508 597 558 2.
647 503 845 568 Quare
876 498 1289 556 necessarium
1324 502 1488 556 estet
1519 498 1662 555 utile
1685 495 1993 561 omnibus,
2024 492 2135 549 fra-
2169 491 2216 545 Α

3746 369 3851 424 544

2319 495 2373 546 2.
2417 490 2580 545 ’Ὥστε
2611 491 2887 565 ἀναγκαῖον
2928 495 3017 544 καὶ
3064 490 3321 551 λυσιτελὲς
3367 490 3583 561 ἅπασιν,
3614 487 3847 566 ἀδελφοὶ,

2247 583 2481 656 καθάπερ
2532 579 2846 658 ὁδοιπόρους
2902 583 2930 641 ἦ
2987 579 3208 655 δρομέας
3265 580 3628 655 στειλαμένους
3677 584 3847 656 ἡμᾶς,

2249 674 2339 723 καὶ
2366 675 2696 745 πανταχόθεν
2735 676 2793 725 τό
2824 679 3012 745 κοῦφον
3042 679 3154 732 ταῖς
3193 670 3401 744 ψυχαῖς
3441 675 3572 745 πρός
3613 675 3701 724 τόν
3730 668 3850 747 δρο-

2250 781 2346 835 μον
2399 770 2579 814 τοῦτον
2639 761 3035 832 ἐπινοήσαντας,
3095 759 3527 835 ἆμεταστρέπτως
3596 762 3710 832 (85)
3769 763 3851 816 ἐπὶ

2249 854 2307 903 τὸ
2360 860 2455 914 τῆς
2494 848 2621 905 όδού
2669 857 2827 928 πέρας
2873 851 3188 924 ἐπείγεσθαι.
3241 856 3341 904 Καί
3387 871 3450 923 με
3497 848 3683 925 μηδεὶς
3724 872 3852 905 υπο-

2249 938 2400 993 λάϐοι
2456 950 2643 994 καινῶν
2694 942 2955 1016 ὀνομάτων
3026 944 3266 1015 γίνεσθαι
3321 944 3568 1011 ποιητὴν,
3622 943 3700 995 ὅτι
3757 946 3850 1001 τὴν

2254 1027 2582 1104 ἀνθρωπίνην
2632 1032 2769 1093 ζωὴν
2813 1029 2936 1085 ὁδόν
2994 1031 3217 1085 ἐκάλεσα
3268 1038 3377 1087 νῦν.
3434 1029 3542 1084 ἐπεὶ
3568 1035 3656 1084 καὶ
3685 1028 3852 1086 Δαϐἱδ

2253 1122 2279 1172 ὁ
2329 1127 2601 1196 προφήτης
2655 1122 2791 1175 οὓτω
2841 1126 2928 1174 τόν
2989 1120 3106 1195 βίον
3164 1122 3422 1196 ὠνόμασε·
3475 1128 3564 1173 νῦν
3604 1124 3695 1195 μὲν
3748 1118 3853 1175 ὧδέ

2252 1230 2324 1269 πη
2381 1211 2562 1283 λέγων·
2610 1214 2876 1288 Μακάριοι
2928 1214 2978 1264 οἱ
3019 1212 3227 1285 ἄμωμοι
3281 1210 3329 1263 ἐν
3376 1208 3506 1283 ὁδῷ,
3538 1213 3586 1264 οὶ
3633 1216 3852 1287 πορευό-

2250 1318 2395 1373 μενοι
2459 1299 2509 1353 ἐν
2563 1305 2703 1374 νόμῳ
2758 1304 2974 1375 Κυρίου·
3043 1308 3131 1352 νῦν
3203 1297 3261 1353 δέ
3334 1303 3464 1373 πρὸς
3516 1302 3602 1352 τὸν
3672 1300 3854 1355 ἑαυτοῦ

2253 1393 2487 1449 Δεσπότη
2545 1385 2700 1463 βοῶν’.
2736 1387 2892 1443 Ὀδὸν
2943 1386 3153 1450 ἀδικίας
3198 1388 3499 1447 ἀπόστησωρ
3549 1388 3637 1441 ἀπ’
3706 1388 3851 1462 ἐμοῦ,

2252 1483 2342 1531 καὶ
2388 1486 2461 1551 τῷ
2508 1484 2647 1553 νόμῷ
2704 1500 2798 1533 σου
2850 1479 3058 1539 ἐλέησόν
3115 1499 3195 1553 με.
3250 1482 3381 1532 Ποτέ
3424 1476 3485 1532 δὲ
3541 1479 3712 1553 ύμνὼν
3760 1483 3854 1539 τὴν

2254 1569 2421 1632 ὀξεῖαν
2468 1569 2562 1623 τοῦ
2621 1578 2755 1624 Θεοῦ
2804 1572 2939 1623 κατὰ
2994 1579 3094 1622 τῶν
3144 1569 3528 1643 ἐπηρεαξόντων
3584 1568 3853 1643 βοήθειαν,

2254 1664 2345 1713 καὶ
2393 1667 2455 1732 τῇ·
2513 1659 2647 1734 λύρα
2696 1663 2977 1734 προσάγων
3027 1663 3142 1732 (86)
3191 1659 3302 1733 μεθ’
3361 1656 3574 1721 ἡδονῆς,
3622 1662 3723 1712 Καὶ
3778 1663 3854 1721 τίς

2256 1752 2384 1812 Θεὸς
2450 1748 2577 1807 πλὴν
2643 1758 2736 1803 τοῦ
2806 1757 2937 1803 Θεοῦ
3013 1751 3198 1822 tum;
3258 1748 3443 1821 ὓεγεν·
3515 1747 3575 1801 Ὁ
3641 1750 3768 1810 Θεὸς
3826 1747 3853 1800 ὀ

484 1853 604 1906 suit
649 1852 1105 1906 immaculath
1137 1851 1299 1907 viam
1329 1866 1522 1906 meam
1542 1850 1590 1885 ⁸³
1619 1866 1632 1904 :
1677 1854 1865 1915 ratus,
1890 1863 2002 1902 nec
2031 1846 2143 1901 im-

2261 1840 2610 1914 περιζωννύων
2679 1860 2742 1913 με
2813 1836 3058 1912 δύναμιν,
3125 1845 3215 1892 καὶ
3280 1841 3420 1892 ἔθετο
3489 1840 3700 1915 ἄμωμον
3756 1841 3853 1897 την

484 1940 721 2004 merito,
750 1940 935 1995 vitam
958 1956 1145 2013 quam
1168 1940 1448 1996 homines
1473 1939 1824 2011 ubicunque
1851 1943 2143 1993 terrarum

487 2028 732 2101 degunt,
769 2029 893 2084 sive
944 2029 1268 2102 egregiam,
1298 2028 1422 2085 sive
1454 2044 1731 2102 pravam,
1758 2031 1840 2083 ita
1879 2043 2010 2083 esse
2040 2041 2144 2097 ap-

486 2118 856 2191 pellandam.
892 2118 1422 2185 Quemadmodum
1444 2118 1603 2174 enim
1634 2118 1740 2191 qui
1769 2114 2017 2189 aliquod
2036 2115 2146 2171 iter

487 2208 656 2265 haud
707 2209 958 2265 remisse
988 2213 1339 2282 susceptum
1383 2209 1731 2276 conﬁciunt,
1767 2222 2013 2279 gressus
2045 2222 2144 2279 pe-

488 2298 636 2354 dum
680 2298 758 2355 ad
808 2315 1055 2355 cursum
1103 2300 1519 2372 peragendum
1569 2298 1843 2354 certatim
1895 2296 2144 2352 ulterius

488 2394 941 2461 promoventes,
1000 2388 1343 2461 jugiterque
1410 2403 1683 2458 gressum
1753 2385 1925 2441 humi
1976 2384 2144 2459 prius

489 2478 680 2533 ﬁxum
697 2476 887 2533 veloci
914 2476 1156 2533 alterius
1179 2477 1570 2534 translatione
1598 2476 1993 2549 posteriorem
2013 2474 2146 2532 red-

489 2567 723 2634 dentes,
766 2567 1114 2639 pertingant
1135 2566 1310 2622 facile
1340 2567 1419 2622 ad
1446 2566 1558 2622 vias
1580 2565 1765 2621 ﬁnem
1797 2582 1809 2621 :
1840 2565 1923 2621 ita
1952 2565 2055 2638 qui
2083 2564 2147 2620 in

488 2653 676 2709 vitam
707 2670 743 2711 a
787 2655 1098 2711 conditore
1139 2656 1464 2712 introducti
1493 2659 1653 2724 sunt,
1685 2654 1887 2711 statim
1917 2653 1977 2709 in
2014 2654 2147 2727 ipso

491 2742 664 2799 initio
686 2743 1015 2816 particulas
1045 2745 1332 2817 temporis
1357 2742 1858 2817 ingredientes,ac
1887 2742 2151 2817 priorem

495 2847 740 2904 semper
781 2833 1178 2905 pesteriore‘m
1216 2833 1647 2905 relinquentes,
1680 2832 1760 2888 ad
1789 2832 1924 2888 vitae
1953 2830 2151 2887 termi-

491 2936 641 2977 num
672 2921 1046 2993 perveniunt.
1086 2927 1296 2978 Annon
1327 2924 1508 2979 etiam
1532 2937 1799 2995 praesens
1830 2922 1953 2977 vita
1976 2920 2153 2977 vobis

491 3010 731 3067 videtur
760 3013 1041 3069 continua
1084 3013 1368 3086 quaedam
1398 3016 1454 3068 et
1482 3016 1760 3085 porrecta
1789 3012 1883 3069 via
1912 3027 2065 3079 esse,
2097 3014 2156 3067 et

489 3100 602 3157 iter
627 3102 905 3158 aetatibus
934 3103 1110 3174 quasi
1144 3103 1513 3176 quibusdam
1533 3102 1954 3159 mansionibus
1975 3102 2153 3157 inter-

2255 1926 2377 1982 ὁδόν
2433 1949 2555 2003 μρυο
2626 1937 2904 2002 πανταχοῦ
2954 1933 3049 1987 τὴν
3106 1927 3190 1982 ἐπὶ
3252 1938 3352 2002 ’γῆς
3421 1937 3522 1997 τῶν
3574 1927 3854 2002 ἀνθρώπων

2257 2016 2559 2093 διατριϐὴν,
2629 2020 2659 2079 ἦ
2737 2020 3138 2092 θαυμαζομένην
3198 2019 3228 2078 ἡ
3286 2017 3505 2091 φαυλην,
3554 2016 3687 2070 οὑτω
3747 2013 3855 2070 δεῖν

2252 2111 2658 2185 προσαγορεύειν
2732 2110 3015 2182 ἡγούμενος
3078 2108 3300 2169 εἰκότως.
3371 2107 3571 2182 Ὠσπερ
3634 2108 3732 2184 γάρ
3808 2108 3859 2160 οἰ

2252 2219 2372 2253 τινα
2423 2203 2800 2271 συντεταμένην
2850 2202 3063 2274 πορείαν
3114 2197 3366 2267 ἀνύοντες,
3419 2196 3503 2250 ἐπὶ
3554 2199 3622 2250 τὰ
3672 2200 3857 2273 πρόσω

2251 2293 2344 2353 τας
2399 2299 2499 2342 τῶν
2552 2286 2728 2343 ποδῶν
2785 2287 2968 2362 βάσεις
3038 2288 3390 2362 ἁμιλλωμένας
3467 2286 3711 2349 ἀλλήλαις
3790 2292 3858 2350 εἰς

2256 2377 2450 2456 δρόμον
2507 2378 2822 2453 ἀμείϐοντες,
2876 2383 2968 2432 καὶ
3024 2385 3118 2438 την
3189 2377 3266 2431 ἀεὶ
3322 2382 3574 2453 προτέραν
3631 2376 3714 2430 ἐπὶ
3766 2385 3858 2438 τῆς

2212 2468 2354 2543 ’γῆς
2416 2469 2736 2543 ἒρεισθεῖσαν
2807 2466 3052 2545 δευτέραν
3115 2464 3509 2530 ἀποδεικνύντες
3555 2469 3618 2541 τῇ
3664 2470 3859 2540 ταχείᾳ

2256 2562 2527 2633 μεταθέσει
2566 2567 2663 2621 τῆς
2707 2558 2885 2630 οῦιλης,
2935 2554 3135 2632 ῥαδίως
3174 2555 3257 2610 ἐπὶ
3300 2560 3358 2609 τό
3393 2565 3483 2619 τῆς
3527 2554 3656 2610 ὀδοῦ
3694 2561 3860 2631 τέρμα

2257 2656 2548 2725 χωροῦσιν·
2595 2649 2761 2711 οὕτως
2817 2650 2867 2701 οἱ
2913 2651 3045 2723 πρὸς
3098 2651 3157 2699 τό
3211 2647 3308 2718 ζῇν
3361 2647 3718 2721 παραχθέντες
3755 2648 3858 2699 ὑπὸ

2256 2747 2347 2793 τοῦ
2417 2743 2714 2809 κτίσαντος,
2774 2737 2923 2799 εὐθὺς
2998 2735 3046 2789 ἐν
3106 2734 3247 2808 ἀρχῆ
3307 2742 3400 2787 τοῦ
3460 2738 3657 2809 χρόνου
3726 2738 3861 2808 τμή-

2260 2849 2422 2904 μασιν
2466 2828 2876 2901 ἐπεμϐαίνοντες,
2931 2831 3022 2879 καὶ
3068 2828 3127 2878 τό
3180 2829 3423 2901 πρότερον
3478 2823 3556 2877 ἀεὶ
3610 2823 3859 2897 καταλιμ-

2261 2922 2506 2980 πάνοντες
2549 2919 2786 2993 ὕστερον,
2832 2916 2913 2969 ἐπὶ
2968 2917 3027 2967 τό
3076 2919 3237 2988 πέρας
3267 2917 3523 2988 φθάνουσι
3560 2921 3651 2975 τῆς
3697 2914 3859 2975 ζωῆς.

2260 3008 2325 3062 Ἣ
2359 3010 2489 3081 ούχὶ
2512 3012 2603 3061 καὶ
2633 3008 2755 3080 ὑμῖν
2786 3002 2932 3059 δοκεῖ
2961 3025 3187 3078 συνεχης
3229 3024 3306 3065 τις
3357 3001 3479 3066 ὁδός
3515 3002 3866 3077 ὑφηπλῶσθαι

2262 3101 2291 3157 ἡ
2349 3104 2595 3173 παροῦσα
2635 3098 2767 3168 ζωὴ,
2825 3099 2916 3148 καὶ
2962 3099 3147 3169 πορεῖα
3191 3092 3531 3167 διειλημμένη
3577 3101 3694 3157 ταῖς
3752 3093 3860 3152 ἡλι-

495 3192 775 3248 stinctum
800 3193 827 3248 ?
867 3191 1033 3264 quod
1063 3196 1129 3248 ut
1172 3192 1564 3265 profectionis
1617 3191 1854 3247 initium
1910 3196 2152 3265 partum

2263 3194 2406 3252 κίαις
2484 3189 2718 3261 καθάπερ
2785 3188 3060 3258 σταθμοῖς,
3113 3183 3301 3261 ἀρχὴν
3353 3188 3442 3258 μὲν
3506 3184 3707 3256 ἑκάστῳ
3767 3191 3866 3246 τῆς

495 3287 840 3338 maternum
881 3282 1209 3355 unicuique
1266 3283 1528 3353 exhibet,
1581 3282 1664 3339 ita
1715 3298 1930 3337 cursus
1969 3281 2153 3337 ﬁnem

495 3372 751 3428 tentoria
781 3372 1201 3444 sepulcrorum
1231 3371 1514 3439 ostendit,
1555 3377 1738 3445 atque
1780 3372 1899 3428 huc
1942 3386 2154 3427 omnes

498 3457 802 3525 conducit,
845 3456 996 3514 alios
1036 3456 1230 3525 citius,
1253 3457 1442 3513 serius
1474 3456 1622 3514 alios
1668 3462 1727 3513 et
1763 3457 1875 3514 hos
1903 3456 2154 3529 quidem

495 3561 603 3618 per
623 3546 829 3602 omnia
860 3547 1143 3619 temporis
1171 3546 1490 3604 intervalla
1516 3546 1837 3621 profectos,
1855 3546 1988 3603 illos
2013 3561 2154 3603 vero

495 3650 572 3692 ne
611 3636 672 3692 in
712 3636 926 3709 primis
966 3636 1213 3709 quidem
1244 3637 1379 3693 vitae
1424 3636 1785 3693 stationibus
1820 3652 2155 3695 commora-

493 3730 607 3783 tos.
642 3729 708 3781 Et
735 3725 886 3782 alias
917 3726 1165 3798 quidem
1204 3726 1336 3783 vias
1367 3742 1501 3798 quae
1542 3742 1614 3782 ex
1645 3727 1793 3782 urbe
1820 3726 1895 3781 ad
1937 3726 2154 3783 urbem

495 3816 747 3883 ducunt,
777 3815 915 3872 licet
937 3815 1260 3881 declinare,
1289 3820 1346 3871 et
1376 3830 1483 3887 per
1512 3830 1615 3871 eas
1641 3830 1762 3871 non
1804 3815 1975 3886 165
2017 3829 2158 3887 pro-

494 3905 703 3973 ﬁcisci,
730 3905 780 3960 si
809 3906 947 3978 quis
967 3906 1049 3961 ita
1076 3905 1267 3961 volet:
1291 3905 1421 3960 haec
1450 3921 1615 3973 vero,
1649 3904 1884 3960 etiamsi
1914 3919 2025 3959 nos
2045 3903 2157 3960 dif-

496 3995 649 4051 ferre
680 4010 925 4050 cursum
977 3994 1369 4057 voluerimus,
1406 4011 1508 4050 eos
1536 3995 1642 4068 qui
1681 3995 1742 4050 in
1775 4010 1839 4049 se
1867 3993 2160 4050 incedunt

497 4084 762 4140 viatores
796 4083 1087 4140 violenter
1119 4084 1531 4157 apprehensos
1590 4084 1666 4140 ad
1716 4084 2080 4141 destinatam
2120 4100 2158 4142 θ.

501 4172 758 4229 Domino
802 4174 1272 4247 metamtrahit;
1322 4188 1432 4228 nec
1469 4174 1594 4229 ﬁeri
1645 4179 1865 4246 potest,
1899 4174 2158 4231 dilectis-

502 4262 658 4331 simi,
682 4267 746 4319 ut
774 4262 826 4318 is
862 4262 966 4334 qui
989 4261 1176 4318 semel
1202 4266 1373 4318 extra
1401 4269 1641 4335 portam
1673 4264 1752 4319 ad
1782 4264 1940 4321 hanc
1969 4264 2158 4320 vitam

501 4352 928 4409 deducendum
970 4368 1252 4422 egressus
1309 4357 1399 4409 est
1442 4352 1627 4426 idque
1674 4354 1783 4409 iter
1810 4354 2002 4422 inivit,
2034 4370 2161 4410 non

504 4442 683 4498 etiam
715 4441 795 4498 ad
842 4442 1000 4498 illius
1049 4443 1373 4499 terminum
1419 4442 1775 4515 perveniat:
1824 4444 1933 4500 sed
1977 4460 2162 4499 unus-

501 4533 763 4606 quisque
793 4537 1070 4589 nostrum
1119 4531 1217 4589 ubi
1254 4549 1286 4588 e
1334 4538 1612 4588 materno
1641 4533 1779 4589 sinu
1809 4534 2006 4598 exivit,
2047 4541 2163 4591 sta-
2195 4567 2240 4623 Β

501 4623 607 4680 tim
658 4623 946 4695 temporis
987 4622 1218 4679 ﬂuento
1266 4622 1528 4693 illigatus
1570 4624 1825 4695 rapitur,
1858 4639 2099 4696 semper
2127 4640 2164 4681 a

502 4716 668 4785 tergo
698 4712 859 4768 diem
882 4728 1069 4785 quam
1098 4712 1757 4785 vixitrelinquens,nec
1785 4729 2063 4785 unquam
2083 4713 2165 4770 ad

500 4803 867 4869 hesternam,
891 4803 1126 4858 etiamsi
1148 4801 1307 4872 velit,
1330 4801 1549 4858 reverti
1568 4800 1799 4857 valens.
1820 4804 1938 4857 Nos
1959 4806 2161 4860 autem

499 4892 780 4950 laetamur
809 4909 947 4949 cum
979 4892 1405 4965 progredimur
1427 4891 1695 4959 ulterius,
1729 4898 1786 4948 et
1821 4899 2168 4964 permutata.

503 4988 675 5040 aetate
705 4983 886 5057 quasi
915 4999 1041 5039 non
1062 4982 1211 5039 nihil
1254 4982 1653 5054 acquirentes,
1682 4982 2066 5054 gaudemus;
2095 4999 2165 5039 ac

504 5071 752 5129 beatum
780 5073 1078 5146 quiddam
1107 5072 1411 5139 ducimus,
1427 5088 1567 5127 cum
1589 5071 1727 5144 quis
1748 5087 1819 5127 ex
1842 5088 2034 5144 puero
2052 5073 2164 5144 vir,

507 5166 645 5218 etex
669 5162 793 5219 viro
809 5179 994 5219 senex
1007 5162 1203 5225 factus
1228 5162 1456 5219 est.Sed
1477 5161 1630 5233 fugit
1648 5178 1761 5218 nos
1779 5167 2014 5218 tantum
2027 5163 2165 5220 vitae

1194 5288 1241 5323 ⁸³
1281 5286 1427 5344 ibid.
1460 5290 1552 5346 29.

755 5414 915 5489 Unus
972 5432 1085 5470 ms.
1151 5414 1561 5489 ἀμετατρέπτως,
1627 5416 1756 5471 Mox
1821 5432 1971 5470 mss.
2031 5414 2154 5471 duo

507 5483 765 5557 ύπολαϐῃ.
798 5486 961 5557 Alius
985 5503 1123 5542 cum
1154 5483 1326 5542 editis
1348 5483 1626 5557 ’ὑπολάϐοα

575 5558 691 5628 (86)
720 5556 921 5633 Ειίὶῖἱο
953 5559 1136 5615 Puris.
1169 5558 1301 5633 λύρα
1329 5556 1634 5633 προσ-ᾅδων,
1658 5558 1749 5633 ad
1798 5560 1999 5633 lyram
2053 5575 2153 5615 ca-

508 5610 687 5696 ne‘us,’
721 5610 871 5699 lyra
898 5610 1151 5687 calleas.
1203 5610 1491 5687 A‘t'cditio'
1538 5610 2153 5705 Basiltudstriwqua-

578 5286 624 5321 ⁸¹
666 5286 817 5343 Psal.
850 5305 1034 5356 cxvm,
1067 5293 1114 5345 l.

2264 3276 2567 3352 ὁδοιπορίας
2635 3279 2953 3350 παρέχουσα
3015 3277 3111 3336 τὰς
3188 3283 3288 3326 τῶν
3356 3282 3565 3348 μητρῶν
3645 3269 3863 3341 ὠδῖνας,

2262 3372 2426 3443 τέρμα
2474 3362 2534 3419 δὲ
2586 3361 2943 3418 ύποδεικνῦσα
2988 3371 3081 3416 τοῦ
3136 3360 3336 3437 δρόμου
3394 3365 3483 3422 τὰς
3536 3368 3637 3413 τῶν
3691 3361 3864 3431 τάφων

2266 3460 2483 3526 σκηνὰς,
2516 3460 2607 3509 καὶ
2654 3458 2786 3530 πρός
2824 3453 3018 3515 ἐκεὶνας
3056 3454 3289 3515 ἅπαντας
3331 3454 3558 3523 ἄγουσα,
3610 3451 3726 3510 τούς
3775 3450 3865 3521 μὶν

2267 3551 2469 3615 θᾶττον,
2524 3548 2649 3607 τοὺς
2692 3541 2752 3598 δὲ
2806 3541 3153 3617 βραδύτερον,
3189 3547 3277 3595 καὶ
3312 3546 3432 3602 τοὺς
3468 3538 3557 3613 μέν
3603 3536 3696 3592 διὰ
3740 3540 3865 3591 ποίν-

2262 3658 2360 3693 των
2411 3644 2513 3690 τῶν
2565 3642 2660 3688 τοῦ
2706 3637 2903 3707 χρόνον
2962 3630 3337 3704 διαστημάτων
3377 3627 3716 3695 όδεύσαντας,
3746 3630 3869 3689 τοὺς

2267 3726 2327 3783 δὲ
2374 3723 2499 3779 οὐδὲ
2548 3732 2653 3785 τοῖς
2709 3730 2934 3796 πρώτοις
2989 3721 3380 3781 ἐναυλισθέντας
3422 3725 3514 3770 τοῦ
3565 3716 3688 3791 βίου
3746 3737 3871 3769 στα⁸

2267 3820 2455 3889 θμοῖς;
2497 3816 2603 3875 Τὰς
2650 3816 2739 3886 μὲν
2790 3808 2877 3863 οὖν
2907 3810 3065 3870 illa;
3104 3806 3281 3876 ὁδοὺς,
3311 3811 3433 3861 ὅσαι
3478 3811 3610 3882 πρός
3639 3807 3786 3861 πόλιν
3818 3806 3873 3859 ἐκ

2265 3906 2461 3966 πόλεως
2508 3905 2748 3975 ἄγουσιν,
2778 3903 2920 3953 ἔστιν
2974 3898 3223 3968 ἐκκλῖναι,
3273 3903 3363 3951 καὶ
3410 3902 3480 3971 μὴ
3525 3894 3746 3951 ὁδεῦσαι
3787 3900 3876 3950 τόν

2267 4000 2338 4070 μὴ
2402 3992 2733 4067 βουλόμενον·
2796 3989 2927 4046 αὕτη
2994 3985 3076 4054 δὲ,
3128 3986 3224 4040 κᾶν
3283 3990 3434 4061 ἡμεῖς
3499 3986 3880 4041 ἀναϐάλλεσθαι

2271 4084 2608 4159 βουληθῶμεν
2642 4082 2729 4132 τόν
2783 4075 2999 4152 δρόμον,
3050 4077 3407 4152 περιλαϐοῦσα
3452 4081 3579 4152 πρὸς
3619 4076 3761 4150 βίαν,
3796 4076 3880 4131 ἐπὶ

2268 4179 2327 4227 τὸ
2378 4174 2690 4243 τεταγμένον
2740 4168 2841 4221 ὑπὸ
2888 4174 2980 4220 τοῦ
3044 4172 3307 4220 Δεσπότου
3369 4173 3530 4239 πέρας
3573 4168 3705 4221 ἐλκει
3756 4170 3880 4231 τοὺς

2270 4264 2347 4318 ἐπ’
2394 4262 2574 4322 αὐτῆς·
2625 4259 2716 4312 καί
2761 4258 2853 4311 ούκ
2894 4260 3058 4325 ἔστιν,
3101 4257 3392 4330 ἀγαπητοὶ,
3423 4262 3509 4310 τόν
3554 4258 3695 4320 ἅπαξ
3724 4258 3880 4310 ὑπεκ-

2272 4353 2542 4427 δραμόντα
2610 4355 2702 4409 τὴν
2765 4348 2848 4402 ἐπὶ
2894 4344 3045 4401 τόνδε
3083 4351 3169 4400 τόν
3229 4346 3346 4421 βίον
3392 4352 3647 4421 φέρουσαν
3686 4347 3878 4420 πύλην,

2270 4450 2361 4498 καὶ
2397 4451 2488 4504 τῆς
2527 4438 2654 4494 ὁδοῦ
2693 4443 2893 4500 ταύτης
2918 4438 3191 4507 ἐπιϐάντα,
3231 4443 3301 4511 μὴ
3334 4442 3421 4489 καὶ
3459 4441 3583 4511 πρὸς
3628 4441 3688 4490 τό
3741 4437 3879 4499 τέλος

2272 4537 2465 4595 ταύτης
2506 4532 2687 4585 ἐλθεῖνυ
2737 4532 2956 4592 ἕκαστος
3007 4525 3066 4581 δὲ
3110 4529 3276 4600 ἡμῶν,
3322 4529 3451 4600 μετὰ
3505 4531 3564 4579 τό
3613 4528 3725 4599 (8'7)
3756 4532 3878 4590 τοὺς

2274 4631 2552 4699 μητρῴους
2603 4621 2827 4682 κόλπους
2881 4613 3188 4690 ἀποφυγεῖν,
3231 4617 3377 4677 εὐθὺς
3434 4624 3539 4677 τοῖς
3598 4624 3688 4670 τοῦ
3746 4622 3877 4691 χρό-

2271 4735 2361 4768 νου
2426 4714 2681 4788 ῥεύμασιν
2738 4705 2961 4768 ἑνδεθεὶς
2999 4709 3341 4781 ὑποσύρεται,
3380 4711 3597 4759 κατόπιν
3647 4705 3724 4760 ἀεὶ
3781 4713 3874 4767 τὴν

2277 4802 2598 4878 βεϐιωμένην
2647 4801 2841 4873 ἡμέραν
2894 4798 3005 4863 ἐῶν,
3052 4802 3142 4848 καὶ
3190 4800 3321 4872 πρὸς
3349 4801 3443 4854 τὴν
3498 4799 3624 4869 χθὲς
3674 4798 3878 4850 ἐπα-δελ⁴

2278 4896 2380 4947 θεῖν
2440 4889 2710 4956 οὐδέποτε,
2777 4887 2873 4941 κᾶν
2950 4886 3180 4951 θελήσοι,
3246 4884 3543 4959 δυνάμενος.
3592 4886 3765 4960 Ἡμεῖς
3817 4885 3878 4942 δὲ

2275 4980 2516 5057 ἡδόμεθα
2559 4984 2646 5054 μεν
2693 4980 2774 5033 ἐπὶ
2830 4979 2898 5031 τὰ
2949 4980 3129 5052 πρόσω
3175 4981 3459 5051 φερόμενοι,
3492 4980 3581 5028 καὶ
3628 4979 3721 5038 τὰς
3774 4977 3877 5036 ἡλι-

2276 5075 2396 5134 κίας
2462 5068 2778 5142 ἀμείϐοντες,
2829 5068 2893 5127 ὣς
2942 5085 2993 5117 τι
3040 5064 3542 5139 προσλαμϐάνοντες,
3597 5070 3875 5140 χαίρομεν·

2277 5166 2368 5217 καὶ
2393 5162 2649 5235 μακάριον
2693 5162 2952 5233 κρίνομν,
2987 5157 3107 5208 ὅταν
3138 5155 3195 5208 ἐκ
3242 5150 3437 5216 παιδός
3483 5158 3573 5227 μὲν
3622 5153 3773 5227 ἀνὴρ,
3825 5154 3881 5208 ἐκ

1630 5286 1677 5322 ⁸³
1720 5286 1872 5344 Psal.
1903 5304 2045 5359 XVII,
2080 5292 2168 5358 32,
2201 5292 2291 5347 33.

2282 5420 2419 5471 tuor
2439 5430 2585 5481 mss,
2602 5412 2884 5486 προσάγων
2909 5410 2995 5486 ad_
3012 5409 3209 5486 lyram
3235 5412 3475 5486 aptans,
3498 5421 3877 5486 componens.

2284 5486 2514 5542 Ibidem
2544 5479 2729 5539 editio
2759 5479 2944 5539 Paris.
2975 5482 3003 5540 ἣ
3040 5485 3133 5540 τίς.
3168 5479 3321 5534 Editi
3351 5484 3407 5534 et
3450 5495 3593 5533 mss.
3618 5484 3883 5551 quatuor

2281 5579 2368 5611 και
2395 5578 2496 5611 τις.

2352 5597 2652 5701 (87),.Editi
2683 5628 2814 5700 μετὰ
2842 5632 2954 5679 τοῦ.
2990 5623 3147 5681 Libri
3174 5622 3405 5695 antiqui
3438 5623 3568 5695 μετά
3591 5626 3669 5684 τό,
