4110 6382
240 279 342 332 543

1029 264 1266 320 llOMlL.
1307 259 1499 328 QUOD
1540 255 1901 315 ML’NDANIS
1940 252 2447 319 ADH‘ERENDUM
2487 263 2630 322 NON
2673 267 2799 324 SlT.

3502 271 3611 328 546

239 397 298 453 δε
327 394 514 473 άνδρός
551 397 761 467 γένηταί
804 411 884 453 τις
933 387 1230 466 πρεσϐύτης
1256 407 1269 422 ο
1305 386 1585 460 ἀγνοοῦμεν
1627 378 1684 435 δε
1711 381 1836 456 ἄρα,

1964 383 2210 453 spatium
2241 401 2277 444 a
2303 387 2479 444 nobis
2507 389 2718 462 amitti,
2744 394 3042 464 quantum
3077 394 3360 464 viximus,
3405 394 3613 470 sicque

236 496 486 542 τοσοῦτον
527 483 826 542 απολλύντες
874 480 1122 533 ἑκάστοτε
1153 488 1244 539 τῆς
1276 478 1430 542 ζωῆς,
1475 476 1594 527 ὅσον
1635 471 1837 532 ἔζησα-

237 598 346 652 μεν,
411 581 500 629 καὶ
553 575 646 627 οὐκ
703 571 1058 643 αἰσθανόμεθα
1111 563 1482 640 δαπανωμένου
1540 570 1631 615 τοῦ
1691 559 1836 634 βίον,

239 671 470 739 καίτοιγε
535 663 614 718 ἀεὶ
665 669 968 737 μετροῦντες
1030 657 1184 710 αὐτόν
1251 655 1350 709 ἀπὸ
1409 662 1500 708 τοῦ
1557 645 1840 728 παραδρα-

240 763 421 834 μόντος
471 759 561 808 καὶ
615 751 1092 829 παραρρεύσαντος,
1131 743 1254 800 οὐδὲ
1303 744 1585 819 ἐννοοῦμεν,
1627 743 1692 802 ὡς
1739 741 1842 813 ἄρα

242 845 438 906 ἄδηλον
466 847 656 899 ὁπόσον
688 845 713 895 ὁ
735 845 864 916 πρὸς
893 845 986 898 τὴν
1008 835 1314 914 ὁδοιπορίαν
1345 837 1539 894 ταύτην
1580 828 1844 904 ἐκπέμψας

242 941 377 1012 ἡμᾶς
443 931 680 988 ἐνδοῦναι
735 941 805 1004 τῷ
873 927 1054 1006 δρόμῳ
1115 932 1304 1002 χρόνον
1363 923 1704 998 βουλήσεται,
1753 924 1844 972 καὶ

241 1032 366 1082 πότε
417 1025 619 1096 ἑκάστῳ
673 1031 770 1076 τῶν
831 1016 1060 1094 δρομέων
1121 1016 1307 1079 ἀνοίξει
1362 1022 1459 1076 τῆς
1495 1009 1706 1066 εἰσόδου
1757 1013 1845 1071 τας

243 1116 426 1183 πύλας,
485 1119 576 1168 καὶ
637 1115 714 1166 ὅτι
781 1107 862 1164 δεῖ
927 1110 1449 1183 παρεσκευασμένους
1515 1101 1588 1174 ἐφ’
1649 1103 1844 1176 ἡμέραν

248 1207 374 1260 εἶναι
414 1207 538 1280 πρὸς
568 1208 661 1262 την
693 1200 915 1254 ἐντεῦθεν
973 1194 1277 1270 ἀποδημίαν
1324 1197 1484 1268 ἡμᾶς,
1514 1197 1604 1244 καὶ
1648 1196 1704 1244 τό
1755 1197 1846 1243 τοῦ

245 1299 504 1350 Δεσπότου
561 1299 725 1364 νεῦμα
783 1291 1070 1362 περιμένειν
1121 1285 1314 1338 ἑστῶσι
1362 1291 1469 1346 τοῖς
1528 1281 1835 1355 ὀφθαλμοῖς.

243 1383 520 1438 Ἔστωσαν
587 1384 710 1455 γὰρ,
777 1383 956 1451 φησιν,
1027 1377 1082 1428 αἱ
1149 1374 1336 1448 ὀσφύες
1397 1375 1538 1446 ὑμῶν
1601 1369 1848 1446 περιεζω-

247 1479 452 1548 σμέναι,
503 1475 592 1524 καὶ
631 1472 678 1523 οἱ
734 1468 922 1541 λύχνοι
978 1469 1279 1538 καιόμενοι·
1339 1467 1428 1515 καὶ
1481 1463 1628 1535 ὑμεῖς
1679 1462 1848 1534 ὅμοιοι

245 1562 533 1640 ἀνθρώποις
589 1553 1039 1634 προσδεχομένοις
1089 1558 1174 1606 τὸν
1223 1555 1400 1629 κύριον
1453 1551 1666 1618 ἑαυτῶν,
1725 1554 1848 1602 πότε

245 1652 493 1706 ἀναλύσει
518 1650 574 1704 ἐκ
621 1659 720 1702 τῶν
757 1649 959 1720 γάμων,
1001 1647 1103 1716 ἵνα,
1132 1643 1366 1706 ἐλθόντος
1391 1645 1482 1695 καὶ
1503 1642 1846 1716 κρούσαντος,

246 1743 433 1804 εὐθέως
457 1739 730 1802 ἀνοίξῶσιν
760 1736 919 1808 αύτῷ.

315 1833 371 1888 3.
413 1825 554 1882 Οὐδὲ
592 1826 822 1900 ἐθέλομεν
867 1832 1078 1879 σκοπεῖν
1110 1821 1357 1898 ἀκριϐῶς,
1389 1828 1516 1874 ποῖα
1553 1821 1643 1894 μὲν
1681 1825 1850 1892 κοῦφα

243 1923 434 1996 φορτία
461 1920 592 1993 πρὸς
629 1920 716 1970 τόν
773 1923 1003 1969 τοιοῦτον
1044 1910 1240 1988 δρόμον
1281 1914 1406 1986 ἡμῖν
1447 1915 1538 1963 καὶ
1588 1911 1849 1982 συμμεθί-

245 2010 480 2062 στασθαι
537 2004 761 2060 δύναται
815 2013 926 2067 τοῖς
976 2001 1274 2074 συλλέξασι,
1333 2006 1423 2055 καὶ
1472 2005 1557 2053 τὸν
1615 1997 1719 2052 ἐκεῖ
1756 2017 1851 2051 πε-

237 2106 443 2175 ριχαρή⁹
468 2104 608 2150 ποιεῖ
627 2094 744 2169 βίον
770 2097 917 2167 ἡμῖν,
949 2090 1068 2147 ἴδια
1087 2093 1194 2166 (88)
1217 2100 1317 2144 τῶν
1347 2092 1685 2164 κτησαμένων
1713 2091 1852 2160 γινό-

237 2207 372 2262 μενα
397 2207 411 2222 υ
461 2193 587 2240 ποῖα
635 2181 694 2238 δὲ
747 2182 914 2260 βαρέα
941 2187 1032 2236 καὶ
1073 2179 1314 2258 δυσχερῆ
1350 2184 1436 2234 καὶ
1475 2178 1855 2256 προσηλωμένα

240 2285 305 2350 τῇ
351 2284 442 2350 γῇ,
474 2279 565 2328 καὶ
603 2273 662 2326 οὐ
710 2277 978 2346 πεφυκότα
1028 2279 1137 2334 τοῖς
1177 2269 1469 2346 ἀνθρώποις
1529 2270 1853 2324 οἰκειοῦσθαι

241 2365 510 2433 καθάπαξ,
552 2359 676 2418 οὐδε
719 2363 1140 2436 συγχωρούμενα
1193 2357 1288 2414 διὰ
1333 2368 1430 2424 τῆς
1485 2369 1669 2424 στενῆς
1715 2359 1849 2414 ἐκεί-

243 2476 339 2520 νης
393 2454 564 2516 πύλης
617 2451 974 2512 ἀκολουθῆσαι
1013 2459 1122 2515 τοῖς
1161 2453 1398 2525 ἔχουσιν.
1447 2448 1581 2504 Ἀλλ’
1625 2451 1726 2503 ὅσα
1761 2453 1852 2524 μὲν

250 2545 512 2618 συλλέγειν
543 2542 728 2619 ἐχρῆν,
781 2541 1118 2616 κατελίπομεν
1147 2562 1162 2576 ο
1203 2542 1272 2593 ὧν
1321 2537 1380 2594 δε
1409 2540 1662 2616 ύπερορᾷν
1692 2558 1854 2616 προσ-

250 2640 385 2708 ήκει,
445 2641 614 2688 ταῦτα
653 2631 964 2706 συλλέγομεν
999 2653 1012 2666 ο
1073 2635 1163 2684 καὶ
1207 2627 1240 2683 ἆ
1267 2632 1357 2704 μεν
1404 2631 1530 2702 ἡμῖν
1581 2629 1852 2699 ἐνωθήναι,

250 2731 340 2779 καὶ
369 2729 566 2798 κόσμος
597 2727 754 2784 dum;
801 2723 1044 2795 γενέσθαι
1082 2717 1304 2774 δύναται
1344 2721 1585 2794 συμφυὴς
1613 2719 1768 2792 ψυχῇ
1801 2739 1856 2772 τε

250 2819 342 2868 καὶ
372 2819 594 2888 σώματι,
626 2816 828 2873 τούτοις
877 2807 1002 2866 οὐδὲ
1048 2813 1379 2886 προσέχομεν
1403 2830 1416 2844 ο
1450 2808 1486 2862 ἂ
1510 2805 1569 2862 δε
1613 2807 1856 2886 ἀλλότρια

253 2909 391 2978 μένει
451 2901 735 2971 διηνεκῶς,
811 2906 974 2976 μόνην
1048 2903 1172 2975 ἡμῖν
1239 2897 1694 2974 ἐναποματτόμενα
1765 2902 1854 2957 τὴν

255 2993 539 3067 αἰσχύνην,
587 3000 756 3046 ταῦτα
793 2989 1056 3066 ἀθροίζειν
1100 2989 1485 3065 ἐπιχειροῦμεν,
1531 2991 1857 3064 μοχθοῦντες

1875 1736 1924 1793 Β

1949 471 2340 534 inscientibus
2359 478 2537 535 nobis
2556 480 2672 537 vita
2709 481 3067 550 absumitur,
3085 501 3441 559 quanquam
3462 503 3614 541 sem-

1949 579 2059 636 per
2101 564 2299 639 ipsam
2327 584 2397 626 ex
2440 586 2512 626 eo
2558 571 2725 644 quod
2764 576 2901 628 ante
2947 578 3147 632 actum
3180 580 3290 643 est,
3324 575 3614 649 quodque

1945 651 2076 726 jam
2124 657 2532 731 prieterﬂuxit,
2591 659 2913 718 metiamur
2955 679 2968 717 :
3027 677 3226 737 neque
3277 663 3615 733 cogitamus

1951 759 2137 816 quam
2167 745 2461 807 incertum
2509 749 2601 817 sit,
2643 756 2941 823 quantum
2990 751 3166 808 nobis
3203 749 3487 825 temporis
3535 751 3615 808 ad

1951 831 2114 890 hunc
2154 850 2400 894 cursum
2446 837 2751 912 impertire
2780 840 2921 897 velit
2946 841 3054 914 qui
3100 857 3210 898 nos
3240 839 3319 897 ad
3355 841 3472 898 hoc
3505 841 3616 898 iter

1953 923 2389 996 perficiendum
2416 927 2598 994 misit,
2631 933 2686 985 et
2709 930 2958 1002 quando
2992 929 3236 987 cuilibet
3269 930 3501 988 cursori
3541 929 3617 987 sit

1952 1011 2230 1070 introitus
2261 1020 2468 1088 portas
2497 1024 2836 1091 aperturas,
2877 1023 2934 1076 et
2970 1019 3139 1093 quod
3185 1024 3463 1094 oporteat
3503 1037 3616 1076 nos

1911 1103 2224 1203 \quotidie
2255 1105 2334 1162 ad
2364 1106 2796 1179 profectionem
2828 1109 2969 1166 hinc
2991 1110 3334 1167 faciendam
3374 1127 3619 1184 przepa-

1955 1197 2118 1249 ratos
2169 1209 2324 1266 esse,
2356 1202 2414 1252 et
2460 1198 2698 1254 Domini
2725 1204 2942 1256 nutum
2991 1201 3180 1257 oculis
3224 1200 3358 1256 ﬁxis
3395 1217 3617 1274 exspe-

1956 1287 2138 1340 ctare.
2159 1283 2296 1341 Sint
2317 1285 2496 1357 enim,
2529 1286 2744 1360 inquit,
2771 1289 2960 1345 lumbi
2989 1290 3174 1347 vestri
3188 1289 3525 1364 praecincti,
3565 1295 3620 1348 et

1958 1371 2220 1430 lucerna:
2266 1375 2544 1433 ardentes
2571 1392 2596 1433 .'
2641 1383 2694 1434 et
2748 1393 2848 1434 vos
2893 1379 3117 1435 similes
3148 1379 3488 1436 hominibus
3514 1395 3618 1437 cx-

1955 1465 2363 1532 spectantibus
2391 1466 2700 1524 dominum
2725 1483 2919 1532 suum,
2939 1469 3183 1540 quando
3216 1475 3558 1526 revertatur
3579 1483 3618 1528 α

1957 1556 2206 1624 nuptiis,
2241 1561 2326 1623 ut,
2369 1571 2500 1613 cum
2530 1558 2780 1626 venerit,
2816 1563 2870 1616 et
2904 1559 3271 1630 pulsaverit,
3303 1559 3619 1630 confestim

1959 1646 2237 1716 aperiant
2269 1647 2325 1702 ei
2342 1646 2412 1702 ⁸⁵.

2032 1829 2084 1882 3.
2129 1823 2330 1899 Neque
2359 1824 2674 1900 diligenter
2703 1827 3090 1886 considerare
3136 1828 3444 1900 volumus,
3483 1843 3620 1904 quae

1961 1914 2212 1972 sarcinae
2241 1913 2405 1972 leves
2433 1917 2552 1974 sint
2575 1917 2752 1974 nobis
2779 1919 2859 1975 ad
2880 1919 3042 1976 hunc
3065 1936 3332 1988 cursum,
3365 1925 3424 1978 ct
3449 1919 3620 1991 tales,

1961 2009 2027 2062 ut
2055 2022 2193 2062 cum
2242 2006 2664 2080 colligentibus
2692 2009 3001 2066 transferri
3027 2011 3280 2084 possint,
3327 2011 3621 2067 reddant-

1961 2113 2101 2171 que,
2126 2113 2264 2154 cum
2293 2098 2736 2172 possidentium
2776 2099 2893 2157 sint
2941 2101 3220 2174 propriae,
3247 2100 3510 2157 futuram
3541 2100 3623 2157 vi-

1960 2189 2087 2244 tam
2127 2203 2423 2260 perquam
2468 2187 2724 2246 hilarem
2757 2207 2770 2244 :
2804 2206 2941 2263 quae
2985 2207 3123 2246 vero
3154 2206 3368 2262 graves
3417 2189 3537 2246 sint
3565 2195 3624 2246 et

1962 2275 2250 2342 molestae,
2279 2282 2460 2350 atque
2489 2277 2659 2334 humi
2696 2277 2931 2347 defixus,
2955 2283 3011 2336 et
3031 2279 3354 2352 ejusmodi,
3392 2283 3456 2336 ut
3485 2295 3620 2336 sua-

1961 2371 2062 2438 pte
2099 2372 2320 2422 natura
2347 2366 2668 2423 hominum
2698 2367 2958 2442 propriae
2984 2385 3300 2441 nunquam
3328 2384 3458 2425 esse
3486 2383 3625 2441 pos-

1965 2455 2104 2528 sint,
2125 2471 2236 2512 nec
2255 2472 2648 2530 possessores
2669 2473 2810 2514 suos
2827 2474 2935 2531 per
2957 2463 3278 2528 angustam
3299 2457 3465 2514 illam
3489 2471 3626 2530 por-

1963 2549 2087 2602 tam
2108 2545 2396 2618 subsequi
2426 2546 2869 2618 permittantur.
2893 2547 3006 2604 Sed
3034 2551 3238 2604 tamen
3266 2545 3624 2620 reliquimus

1963 2651 2098 2708 qua:
2138 2634 2477 2705 colligenda
2502 2639 2674 2692 erant
2705 2653 2718 2692 :
2761 2652 2897 2710 quae
2924 2652 3066 2693 vero
3096 2641 3481 2694 contemnere
3513 2649 3625 2709 par

1964 2723 2176 2793 fuerat,
2228 2724 2598 2796 collegimus.
2659 2727 2727 2782 Et
2775 2742 2913 2800 quae
2960 2727 3284 2784 nobiscum
3327 2725 3622 2800 copulari,

1965 2830 2225 2888 vereque
2257 2831 2387 2872 esse
2431 2820 2686 2888 possunt
2733 2822 3162 2874 ornamentum
3196 2816 3416 2874 animae
3446 2813 3626 2872 simul

1966 2909 2023 2962 et
2043 2905 2282 2979 corpori
2309 2905 2696 2974 conveniens,
2718 2906 2812 2962 his
2839 2922 2913 2963 ne
2945 2907 3312 2963 attendimus
3339 2906 3622 2978 quidem:

1965 3011 2102 3068 qua:
2124 3010 2266 3051 vero
2287 2999 2578 3067 perpetuo
2604 2994 2798 3052 aliena
2829 2999 3098 3057 manent,
3123 2995 3314 3052 solam
3341 2995 3518 3052 nobis
3538 2994 3626 3050 in-

254 3079 522 3150 διακενῆς,
589 3087 680 3136 καὶ
739 3099 1014 3144 πονουντες
1081 3085 1252 3150 πόνον,
1295 3081 1447 3132 οἱονεί
1520 3099 1601 3142 τις
1675 3078 1850 3132 ἑαυτὸν

1966 3081 2218 3140 iamiam
2243 3081 2560 3151 inurentia,
2585 3100 2656 3140 ea
2675 3100 3034 3142 coacervare
3059 3085 3308 3141 nitimur
3333 3103 3346 3152 ;
3377 3084 3626 3140 inanem

249 3171 492 3242 ἀπατῶν,
559 3173 630 3236 εἰς
703 3175 1011 3248 τετρημένον
1085 3171 1238 3225 πίθον
1305 3165 1498 3222 ἀντλεῖν
1575 3166 1852 3227 ἐθελήσειε.

245 3269 409 3317 Τοῦτο
447 3266 545 3338 γὰρ
579 3259 754 3322 δήπου
793 3268 1052 3336 γνώριμον
1099 3257 1249 3334 οἶμαί
1295 3264 1384 3313 καὶ
1421 3261 1631 3322 νηπίοις
1671 3264 1852 3324 πᾶσιν,

245 3354 318 3416 ὡς
369 3351 520 3406 οὐδὲν
569 3360 668 3406 τῶν
725 3351 773 3403 ἓν
829 3359 902 3422 τῷ
955 3349 1058 3423 βίῳ
1089 3349 1205 3422 (89)
1253 3357 1500 3423 τερπνῶν,
1534 3347 1612 3421 ἐφ’
1659 3348 1754 3410 οἷς·
1808 3347 1858 3400 οἱ

242 3443 454 3504 πλείους
499 3446 814 3515 μεμήνασιν,
857 3441 1104 3514 ἡμέτερον
1143 3442 1302 3499 ὅντως
1341 3437 1504 3507 ἐστὶν,
1539 3440 1569 3496 ἥ
1620 3439 1858 3510 γίνεσθαι

240 3538 469 3606 πέφυκεν
495 3573 509 3588 .
541 3530 651 3584 ἀλλ’
681 3532 874 3604 ὁμοίως
913 3529 1150 3582 ἀπάντων
1183 3525 1430 3604 ἀλλότρια
1471 3531 1724 3602 φαίνεται,
1757 3537 1856 3580 τῶν

241 3644 300 3678 τε
357 3621 634 3676 ἀπολαύειν
692 3617 1006 3688 δοκούντων,
1063 3626 1162 3672 τῶν
1218 3638 1272 3672 τε
1333 3622 1451 3670 οὔτε
1512 3617 1858 3693 προσελαζόν-

245 3718 351 3767 τών
400 3712 598 3775 αὐτοῖς.
652 3707 794 3763 Ούδε
845 3711 948 3784 γὰρ
999 3709 1042 3761 εἰ
1085 3713 1292 3784 χρυσόν
1348 3726 1482 3770 τινες
1537 3706 1586 3760 ἐν
1642 3716 1715 3778 τῷ
1755 3705 1858 3780 βίῳ

252 3804 596 3875 συναγάγοιεν
647 3799 884 3870 ἄπλετον,
932 3795 1073 3860 ἴδιος
1119 3798 1288 3852 αὐτῶν
1348 3802 1487 3872 μένει
1554 3794 1808 3858 διηνεκῶς
1839 3817 1853 3831 ο

252 3891 361 3946 ἀλλ’
405 3893 436 3952 ἣ
481 3891 681 3954 ζῶντας
721 3889 797 3943 ἔτι
846 3890 1176 3961 πανταχόθεν
1227 3887 1382 3940 αὑτὸν
1419 3892 1856 3962 περισφίγγοντας

252 3977 665 4058 ἀποδιδράσκει,
721 3982 850 4054 πρὸς
903 3981 1026 4042 τούς
1085 3975 1476 4053 δυνατωτέρους
1525 3977 1853 4052 μεταρρυεὶς,

249 4073 282 4132 ἦ
333 4075 465 4147 πρὸς
501 4079 572 4144 τῷ
627 4071 830 4142 θανάτῳ
867 4072 1234 4142 γεγενημένους
1285 4064 1394 4126 ἤδη
1453 4065 1853 4140 καταλιμπάνει,

249 4166 341 4215 καὶ
397 4161 492 4215 οὐκ
549 4159 706 4214 ἐθέλει
759 4167 869 4222 τοῖς
905 4161 1256 4233 κτησαμένοις
1305 4153 1670 4232 συνεκδημείν.
1719 4155 1853 4209 Ἀλλ’

249 4255 300 4306 οἱ
329 4255 420 4326 μὲν
459 4251 560 4304 ὑπό
589 4257 682 4304 τοῦ
729 4253 860 4325 πρὸς
909 4247 1032 4323 βίαν
1061 4248 1389 4323 χωρίζοντος
1412 4250 1508 4311 τὰς
1549 4247 1733 4320 ψυχὰς
1761 4254 1855 4320 τῇς

248 4341 583 4418 ταλαιπώρου
657 4342 852 4403 ταύτης
945 4341 1139 4413 σαρκός
1214 4335 1474 4412 ἑλκόμενοι
1555 4341 1686 4412 πρὸς
1760 4341 1854 4396 τὴν

251 4429 539 4504 ἀναγκαῑαν
603 4426 748 4500 ὁδόν,
823 4429 995 4483 πυκνὰ
1053 4432 1525 4502 μεταστρεφόμενοι
1599 4430 1730 4503 πρὸς
1789 4431 1856 4481 τὰ

247 4526 529 4597 χρήματα,
568 4523 690 4583 τοὺς
744 4515 799 4572 ἐκ
827 4523 1058 4580 νεότητος
1111 4516 1189 4571 ἐπ’
1220 4517 1393 4579 αὐτοῖς
1445 4513 1671 4593 ἱδρῶτας
1725 4516 1854 4571 ἀπο-

253 4608 574 4686 δακρύουσιν
599 4631 612 4645 ο
647 4611 673 4662 ὁ
703 4608 924 4671 πλοῦτος
969 4605 1029 4662 δε
1069 4605 1140 4671 εἰς
1171 4607 1350 4684 ἐτέρων
1389 4611 1576 4681 χεῖρας
1615 4607 1731 4681 ὁρᾷ,
1763 4611 1855 4681 μό-

248 4721 331 4754 νον
361 4699 568 4762 ἐκείνοις
614 4701 701 4752 τὸν
751 4697 835 4752 ἐπὶ
871 4706 933 4772 τῇ
993 4697 1217 4771 συλλογῇ
1276 4699 1480 4770 μόχθον
1520 4700 1611 4750 καὶ
1656 4700 1716 4750 τὸ
1763 4704 1855 4758 τῆς

249 4791 540 4856 πλεονεξίας
569 4789 804 4864 ἔγκλημα
846 4787 1322 4864 προστριψάμενος.
1366 4789 1500 4841 Οὔτε
1542 4787 1588 4840 εἰ
1617 4785 1700 4840 ἐπὶ
1739 4787 1855 4859 (90)

249 4889 344 4954 γῆς
396 4879 592 4956 πλέθρα
645 4881 902 4938 κτήσαιτό
952 4898 1032 4942 τις
1077 4881 1262 4952 μυρία,
1313 4881 1402 4931 καὶ
1445 4875 1854 4951 μεγαλοπρεπεῖς

251 4970 443 5036 οἰκίας,
487 4973 578 5022 καὶ
629 4973 771 5033 ζώων
821 4967 1002 5042 ἀγέλας
1032 4963 1403 5034 παντοδαπῶν,
1431 4971 1522 5022 καὶ
1559 4971 1653 5028 τήν
1685 4964 1733 5019 ἐν
1761 4964 1854 5019 ἀν·-

258 5059 486 5133 ορώποις
548 5057 754 5114 ἅπασαν
807 5057 1138 5137 περιϐάλοιτο
1205 5053 1538 5128 δυναστείαν,
1608 5055 1854 5112 ἀπολαύει

323 5263 372 5304 ⁸⁸
401 5267 542 5324 Luc.
572 5282 668 5340 xu,
709 5271 798 5340 3‘6,
830 5271 920 5327 36.

321 5483 430 5554 (88)
461 5483 563 5541 Hic
601 5483 858 5542 virtutes
897 5499 968 5557 ac
1011 5487 1168 5540 recte
1219 5481 1382 5557 facta
1419 5454 1853 5557 intelliguntur,

246 5557 835 5644 quifnpgopriamsunt
851 5555 1142 5644 pietatem
1171 5555 1518 5644 colentium.
1546 5631 1560 5644 Δ
1793 5627 1828 5644 ν

317 5626 440 5700 (89)
467 5626 620 5686 Edit.
645 5626 751 5704 βιῳ
778 5626 964 5702 τούτῳ.
997 5629 1125 5685 Vox
1146 5626 1358 5686 ultima
1374 5626 1438 5686 in
1465 5627 1770 5688 veteribus
1791 5627 1857 5686 li-

1965 3191 2216 3248 operam
2248 3179 2771 3249 sumcntes,atque
2797 3175 3100 3248 ejusmodi
3120 3175 3516 3248 suscipientes
3545 3175 3628 3232 la-

1967 3265 2462 3340 borem,perinde
2491 3271 2556 3322 ut
2582 3265 2628 3322 si
2655 3263 2963 3340 quispiam
2987 3283 3048 3322 se
3080 3267 3280 3340 ipsum
3304 3265 3625 3335 seducens,

1966 3354 2029 3412 in
2080 3360 2392 3428 pertusum
2440 3355 2672 3412 dolium
2724 3355 3042 3414 infundere
3082 3355 3356 3414 voluerit.
3406 3357 3628 3412 Notum

1969 3444 2129 3503 enim
2161 3461 2232 3501 ac
2253 3451 2637 3518 perspectum
2669 3445 2758 3502 vel
2780 3447 2982 3520 pueris
3007 3445 3291 3503 omnibus
3328 3461 3462 3502 esse
3492 3444 3628 3518 opi-

1967 3549 2102 3600 nor,
2133 3533 2282 3590 nihil
2328 3550 2538 3591 eorum
2597 3551 2733 3608 quae
2779 3535 2840 3590 in
2887 3537 3006 3592 vita
3047 3534 3326 3608 jucunda
3371 3537 3532 3598 sunt,
3571 3538 3630 3590 et

1967 3639 2229 3698 quorum
2262 3624 2455 3695 gratia
2491 3622 2760 3697 plerique
2807 3625 3138 3697 insaniunt,
3168 3641 3306 3681 vere
3351 3627 3630 3681 nostrum

1968 3729 2122 3780 esse,
2155 3718 2259 3770 aut
2283 3729 2356 3769 ex
2382 3729 2444 3770 se
2467 3729 2598 3769 esse
2627 3729 2807 3786 posse
2836 3733 2849 3772 :
2881 3713 2990 3771 sed
3010 3719 3306 3782 constare,
3337 3712 3473 3786 ipsa
3503 3727 3630 3768 om-

1967 3803 2150 3859 nibus
2197 3801 2418 3876 pariter
2461 3808 2749 3859 extranea
2789 3820 2945 3874 esse,
2975 3807 3100 3860 tum
3133 3803 3204 3858 iis
3244 3802 3350 3876 qui
3396 3803 3480 3858 eis
3512 3799 3631 3858 frui

1967 3891 2268 3962 videntur,
2301 3896 2428 3948 tum
2483 3892 2556 3948 iis
2599 3893 2704 3965 qui
2743 3909 2818 3950 ne
2863 3891 2966 3950 illa
3013 3891 3264 3966 quidem
3303 3891 3627 3961 attingunt.

1967 3981 2088 4038 Nec
2125 3981 2290 4038 enim
2321 3980 2373 4037 si
2402 3981 2507 4054 qui
2535 3981 2598 4038 in
2626 3983 2750 4039 vita
2777 3981 3108 4056 plurimum
3137 3981 3268 4038 auri
3301 3997 3627 4052 congesse-

1965 4071 2104 4136 rint,
2135 4069 2196 4129 id
2225 4071 2499 4146 ipsorum
2531 4073 2844 4149 prOpI‘ium
2880 4076 3176 4146 perpetuo
3221 4075 3426 4128 manet
3457 4086 3473 4128 :
3523 4069 3631 4128 sed

1966 4161 2078 4219 etsi
2099 4162 2506 4238 undecunque
2537 4163 2952 4234 constrictum,
2984 4167 3090 4220 aut
3116 4162 3268 4233 fugit
3304 4179 3341 4219 a
3379 4159 3632 4218 viventi-

1965 4251 2082 4309 bus
2115 4253 2334 4322 adhuc,
2355 4254 2652 4312 transiens
2683 4252 2761 4312 ad
2781 4253 3171 4328 potentiores,
3199 4258 3304 4310 aut
3319 4251 3449 4324 jam
3474 4267 3632 4309 mor-

1967 4343 2010 4400 ti
2053 4344 2367 4417 proximos
2418 4345 2658 4409 deserit,
2690 4361 2803 4402 nec
2836 4343 2964 4402 vult
2998 4342 3171 4417 166
3206 4359 3330 4400 una
3371 4359 3509 4399 cum
3557 4341 3629 4401 iis

1887 4455 1932 4510 ι)
1965 4433 2072 4506 qui
2097 4433 2301 4506 ipsum
2321 4439 2777 4508 compararunt,
2807 4449 3058 4508 peregre
3081 4433 3406 4506 proﬁcisci.
3432 4431 3546 4490 Sed
3567 4431 3631 4488 hi

1965 4523 2214 4596 quidem
2243 4523 2322 4582 ab
2352 4541 2445 4595 eo,
2469 4523 2575 4599 qui
2602 4523 2660 4582 vi
2699 4525 2938 4581 animas
2967 4539 3004 4580 a
3055 4523 3274 4581 misera
3303 4523 3418 4579 hac
3449 4537 3629 4578 carne

1966 4617 2230 4687 separat,
2260 4613 2340 4672 ad
2370 4613 2814 4672 ineluctabilem
2843 4609 3264 4684 migrationem
3298 4611 3488 4679 tracti,
3514 4610 3625 4667 fre-

1963 4709 2217 4778 quenter
2245 4709 2663 4762 convertentes
2689 4721 2750 4762 se
2774 4703 2851 4762 ad
2873 4701 3182 4776 pecunias,
3199 4703 3450 4759 sudores
3471 4718 3628 4776 quos

1964 4793 2325 4867 ajuventute
2350 4795 2430 4852 ob
2461 4811 2563 4852 eas
2587 4789 3210 4867 emisere,deplorant:
3236 4791 3460 4848 divitiae
3486 4806 3630 4848 vero

1963 4884 2028 4941 in
2045 4884 2272 4942 alienas
2298 4901 2516 4942 manus
2545 4884 2970 4956 commigrant,
2993 4888 3399 4958 posteaquam
3430 4881 3629 4938 solum

1962 4974 2080 5032 Illis
2105 4974 2426 5047 colligendi
2444 4975 2721 5032 laborem
2747 4979 2928 5048 atque
2956 4973 3223 5031 avaritiae
3267 4972 3494 5028 crimen
3527 4969 3633 5027 ad-

1965 5064 2264 5124 sciverint.
2303 5069 2508 5140 Neque
2549 5067 2602 5124 si
2647 5063 2784 5140 quis
2829 5063 3152 5122 innumera
3199 5067 3368 5122 terrae
3410 5061 3632 5135 jugera

1965 5475 2092 5536 bris
2118 5492 2242 5535 non
2272 5472 2510 5548 legitur.

2513 5547 2524 5560 C

2035 5521 2588 5623 ⁸ἐτι-ί
2619 5561 2689 5603 ex
2721 5521 2986 5620 antiquis
3013 5544 3183 5602 libris
3205 5543 3587 5604 addidimus.
