4110 6402
493 297 596 352 547

1902 284 1957 355 s,
2004 281 2226 339 BASILI
2263 282 2486 339 MAGM

3756 294 3858 348 548

493 416 820 493 possideat,
843 417 900 470 et
926 411 1280 482 magniﬁcas
1310 411 1494 476 aedes,
1522 414 1578 468 et
1603 408 2001 468 animantium
2025 424 2140 481 gre-

2260 403 2332 459 δι’
2373 409 2555 471 αἰῶνος
2586 410 2753 463 αὐτῶν
2778 432 2791 446 ο
2843 410 2919 465 ἐπ’
2951 410 3121 484 ὀλίγον
3170 408 3229 466 δὲ
3277 411 3376 467 ἀπὸ
3416 417 3611 468 τούτων
3664 414 3859 490 ὄνομα·

493 524 598 581 ges
628 504 828 563 omnis
850 503 1104 573 generis,
1124 501 1419 576 fueritque
1448 502 1719 557 humano
1746 499 1911 556 omni
1940 504 2151 574 poten-

489 603 621 656 tatu
641 599 870 670 septus,
910 593 1004 648 his
1034 595 1324 669 perpetuo
1362 590 1598 661 fruitur,
1631 589 1735 647 sed
1766 590 1844 646 ab
1886 588 2032 663 ipsis
2072 586 2151 645 ad

489 683 674 743 breve
711 689 955 757 tempus
989 683 1239 753 accepto
1268 680 1534 755 nomine,
1576 679 1705 738 aliis
1749 680 1964 736 iterum
2002 692 2151 751 opes

490 774 877 848 cedit,ipsum
900 788 1044 828 vero
1065 771 1283 843 exigua
1303 770 1473 828 tellus
1493 770 1781 827 recondit.
1810 769 1938 826 Imo
1968 767 2150 824 etiam

490 880 651 938 saepe
673 868 813 920 ante
843 862 1237 935 sepulturam,
1271 865 1328 917 et
1347 865 1676 934 antequam
1694 858 1834 916 hinc
1855 858 2146 925 discedat,

487 954 720 1013 videbit
759 968 871 1009 sua
910 951 1076 1009 bona
1108 950 1188 1008 ad
1221 951 1391 1020 alios,
1423 966 1648 1024 eosque
1673 950 1923 1006 fortasse
1948 945 2149 1004 inimi-

489 1061 618 1114 cos,
670 1043 943 1100 transire.
994 1030 1083 1097 An
1142 1043 1498 1112 ignoramus
1545 1055 1733 1112 quam
1781 1036 1952 1094 multi
1999 1036 2148 1108 agri,

487 1150 676 1213 quam
722 1132 927 1191 multae
956 1130 1139 1193 aedes,
1171 1145 1361 1204 quam
1388 1128 1591 1185 multm
1631 1131 1836 1199 gentes
1863 1141 1933 1184 ac
1952 1125 2149 1182 civita-

488 1230 595 1291 tes,
638 1223 818 1279 etiam
867 1219 1066 1276 adhuc
1107 1217 1450 1275 viventibus
1477 1218 1584 1292 qui
1626 1233 1699 1275 ea
1724 1215 2146 1293 possederant,

488 1315 744 1375 aliorum
758 1313 1004 1372 domino
1013 1326 1144 1367 rum
1156 1309 1409 1366 nomina
1421 1308 1724 1383 prioribus
1737 1305 2151 1378 exutisindue-

484 1406 649 1467 rint?
671 1410 727 1463 et
763 1401 1286 1479 quemadmodum
1308 1399 1349 1456 ii
1376 1400 1484 1475 qui
1512 1398 1657 1456 olim
1679 1397 1950 1456 servituti
1979 1395 2154 1453 addi-

485 1497 798 1566 cebantur,
824 1491 1290 1551 conscenderint
1313 1489 1687 1564 principatus
1708 1488 2014 1556 thronum,
2046 1502 2151 1560 qui

480 1605 622 1647 vero
642 1586 873 1646 domini
894 1585 1144 1659 herique
1172 1583 1577 1651 vocabantur,
1612 1582 1658 1638 si
1706 1598 1847 1639 cum
1893 1578 2148 1637 subditis

2261 500 2422 564 σθεὶς,
2478 499 2652 562 ἄλλοις
2698 500 2853 554 πάλιν
2908 510 3002 565 τῆς
3051 501 3296 578 εὐπορίας
3343 501 3674 569 ἐκστήσεται,
3719 505 3858 582 βρα-

2256 595 2411 659 χεῖαν
2449 596 2547 661 γῆν
2586 590 2744 653 αὐτὸς
2772 587 2993 657 ὑποδὺς,
3034 591 3281 653 πολλάκις
3311 588 3371 646 δὲ
3395 598 3485 646 καὶ
3522 596 3623 670 πρὸ
3654 602 3746 648 τοῦ
3772 598 3860 648 τάς

2261 697 2376 751 pou,
2427 683 2515 731 καὶ
2575 684 2674 753 πρὸ
2726 690 2821 743 τῆς
2869 680 3092 735 ἐντεῦθεν
3140 680 3569 752 ἀπαναστάσεως,
3622 683 3695 747 εἰς
3747 684 3860 738 ἐτέ-

2257 786 2397 845 ρους,
2462 773 2552 825 καὶ
2608 768 2884 842 πολεμίους
2938 774 3124 844 τυχὸν,
3182 776 3277 831 τὴν
3336 773 3624 848 εὐπραγίαν
3676 774 3861 847 ὄψεται

2259 856 2694 935 μεταϐαίνουσαν.
2727 859 2792 913 Ἢ
2843 860 2936 914 ούκ
2972 865 3124 934 ἴσμεν
3164 863 3349 916 ὁπόσοι
3403 865 3493 937 μὲν
3546 862 3718 940 ἀγροὶ,
3756 869 3859 919 πό-

2263 966 2354 1000 σαι
2400 944 2458 1001 δε
2511 949 2694 1021 οἰκίαι,
2726 953 2870 1004 πόσα
2900 947 2960 1003 δέ
3006 953 3123 1011 ἔθνη
3169 957 3259 1006 καὶ
3307 957 3502 1019 πόλεις,
3536 958 3626 1007 καὶ
3656 955 3858 1016 ζώντων

2259 1038 2335 1089 ἔτι
2383 1046 2482 1089 τῶν
2530 1043 2886 1113 κτησαμένων,
2922 1040 3102 1117 ἐτέρων
3146 1041 3374 1116 ὀνόματα
3427 1045 3857 1117 μετημφιάσαντο

2262 1123 2570 1197 δεσποτῶν;
2621 1133 2710 1182 καὶ
2736 1132 2805 1194 ὡς
2851 1132 2899 1183 οἱ
2945 1134 3035 1203 μὲν
3059 1129 3225 1185 πάλαι
3274 1129 3602 1197 δουλεύοντες
3641 1133 3726 1188 ἐπὶ
3772 1137 3858 1189 τὸν

2258 1224 2356 1279 τῆς
2386 1216 2563 1291 ἀρχῆς
2603 1221 2780 1297 θρόνον
2811 1219 3087 1288 ἀνέϐησαν,
3129 1224 3178 1274 οἱ
3226 1218 3287 1277 δε
3336 1225 3512 1300 κύριοι
3538 1227 3630 1277 καὶ
3659 1220 3859 1280 δεσπό-

2258 1326 2346 1361 ται
2373 1308 2680 1383 καλούμενοι
2736 1318 2922 1373 στῆναι
2951 1313 3079 1385 μετὰ
3135 1320 3235 1364 τῶν
3288 1310 3591 1388 ἀρχομένων
3645 1315 3859 1388 ἠγάπη-

2262 1415 2379 1471 σαν,
2419 1404 2509 1453 καὶ
2560 1407 2669 1463 τοῖς
2722 1400 2916 1454 ἑαυτῶν
2971 1399 3179 1465 δούλοις
3235 1403 3526 1477 ὑπέκυψαν,
3589 1407 3762 1481 ὥσπερ
3810 1405 3858 1460 ἂν

2259 1489 2430 1543 κύϐων
2467 1500 2824 1568 περιτροπαῖς,
2852 1495 3211 1569 μεταχθέντων
3242 1495 3353 1568 (91)
3376 1496 3517 1569 ἄφνω
3546 1503 3644 1550 τῶν
3684 1516 3860 1571 πραγ-

2258 1581 2435 1655 μάτων
2466 1581 2643 1647 αὐτοῖς
2666 1599 2680 1651 ;

480 1679 762 1744 sederint,
793 1677 950 1733 bene
980 1690 1188 1731 secum
1215 1677 1417 1730 actum
1449 1671 1718 1729 arbitrati
1748 1670 1885 1739 sint,
1909 1686 1980 1727 ac
2010 1667 2442 1735 succubuerint
2467 1671 2594 1728 suis
2624 1672 2898 1746 ipsorum
2929 1673 3139 1747 servis,
3168 1673 3374 1748 rebus,
3394 1674 3557 1734 velut
3583 1675 3648 1739 in
3679 1680 3858 1735 tesse-

478 1784 686 1828 rarum
716 1767 1105 1833 circumactu,
1139 1764 1463 1837 derepente
1488 1759 1941 1820 transmutatis?

552 1862 606 1917 4.
629 1859 767 1916 Jam
794 1873 940 1914 vero
987 1872 1058 1913 ea
1081 1871 1217 1929 quae
1247 1852 1426 1911 nobis
1458 1853 1537 1910 ad
1576 1852 1780 1910 cibum
1827 1867 1899 1908 ac
1931 1854 2144 1923 potum

481 1947 821 2020 excogitata
850 1949 1008 2017 sunt,
1032 1949 1089 2002 et
1109 1942 1408 2019 quidquid
1430 1942 1767 2020 petulantes
1795 1939 2013 1998 divitiae
2053 1939 2144 1996 ul-

480 2042 572 2098 tra
619 2036 1039 2095 necessitatem
1087 2034 1167 2091 ad
1204 2034 1425 2105 ingrati
1471 2032 1739 2106 nihilque
1788 2029 2145 2089 continentis

481 2128 704 2193 ventris
729 2127 1075 2203 obsequum
1097 2122 1741 2198 adinvenere,quando
1756 2125 1963 2178 nostra
1983 2124 2143 2191 sunt,

482 2217 717 2277 etiamsi
737 2219 1029 2291 perpetuo
1054 2214 1458 2272 infunduntur
1472 2213 1500 2269 7
1522 2214 1664 2280 Quae
1685 2211 1789 2268 ubi
1815 2215 2062 2282 gustum
2083 2210 2145 2266 in

475 2308 735 2368 transitu
762 2306 1059 2363 duntaxat
1086 2304 1330 2361 modica
1362 2302 1632 2377 quadam
1660 2301 1970 2381 voluptate
2001 2298 2141 2357 atie-

476 2400 687 2470 cerint,
734 2412 877 2455 mox
916 2400 1213 2470 tanquam
1253 2393 1507 2450 molesta
1553 2408 1624 2449 ac
1655 2391 1965 2466 superﬂua
1985 2406 2144 2462 aegre

476 2489 747 2557 ferimus,
770 2485 1240 2558 festinanterque
1270 2482 1436 2540 foras
1469 2483 1765 2556 ejicimus,
1796 2486 1861 2538 ut
1899 2482 1958 2536 in
1983 2495 2144 2536 sum-

477 2595 650 2643 mum
696 2576 832 2633 vitae
875 2573 1217 2631 discrimen
1246 2574 1576 2643 venientes,
1608 2572 1657 2627 si
1702 2571 1765 2627 in
1814 2570 2143 2627 visceribus

477 2668 584 2728 diu
612 2669 1059 2741 permanerent.
1082 2666 1325 2721 Mortem
1356 2664 1517 2720 enim
1549 2677 1673 2718 non
1703 2663 1915 2735 paucis
1947 2660 2145 2718 intulit

478 2759 746 2825 satietas,
782 2755 1013 2828 fuitque
1068 2753 1128 2809 in
1162 2769 1374 2822 causa,
1416 2768 1524 2808 cur
1568 2751 1714 2807 nihil
1741 2750 2005 2823 amplius
2037 2751 2142 2806 de-

480 2843 1070 2919 gustarent.Lasciva
1090 2842 1351 2915 denique
1373 2840 1963 2915 cubilia,impurique
1981 2856 2141 2896 com-

474 2938 712 3013 plexus,
740 2940 797 2993 et
824 2934 1031 2991 omnia
1062 2932 1314 2990 rabiosa:
1347 2937 1528 3006 atque
1548 2930 1900 2987 insanientis
1920 2929 2140 2986 animae

477 3043 683 3102 opera,
708 3041 912 3082 nonne
932 3029 1153 3081 natura
1191 3025 1331 3079 sunt
1358 3021 1786 3078 detrimentum
1818 3019 1998 3094 plane
2028 3018 2142 3079 evi-

472 3116 649 3185 dens,
672 3119 730 3173 et
758 3112 1059 3189 pernicies
1091 3111 1345 3183 clara,et
1365 3111 1577 3167 dotum
1600 3126 1737 3184 quae
1766 3109 1982 3182 cuique
2006 3124 2140 3165 vere

472 3207 733 3283 propriae
774 3208 914 3261 sunt
935 3196 1301 3260 abalienatio
1331 3217 1401 3259 ac
1424 3200 1791 3267 imminutio,
1832 3216 1971 3256 cum
2010 3215 2140 3256 cor-

471 3314 590 3373 pus
607 3300 882 3355 tenuetur
897 3295 959 3350 in
981 3291 1488 3366 complexibus,et
1505 3291 1788 3349 alimento
1807 3304 2139 3360 congruen-

473 3387 707 3450 tissimo
737 3390 920 3459 atque
947 3384 1024 3440 ad
1056 3382 1468 3440 conservanda
1488 3381 1768 3438 membra
1793 3394 2139 3437 accommo-

473 3475 790 3535 datissimo
811 3472 1140 3549 spolietur?
1158 3476 1361 3553 Itaque
1382 3486 1882 3545 unumquemque
1898 3468 2139 3527 illorum

470 3566 577 3651 qui
602 3564 902 3623 cubilibus
933 3562 1257 3651 impudicis
1282 3561 1653 3651 volutantur,
1677 3562 1878 3619 statim
1900 3563 2038 3635 post
2056 3558 2141 3615 fa-

479 3649 674 3724 cinus,
708 3669 846 3709 cum
878 3656 1129 3709 (nstrum
1160 3649 1429 3722 elanguit
1449 3649 1664 3719 carnis,
1692 3665 2007 3723 mensque,
2040 3649 2140 3706 de-

469 3743 735 3804 testabili
760 3743 881 3799 ﬁne
921 3740 1166 3801 obtento
1200 3756 1409 3798 eorum
1439 3756 1576 3821 quae
1602 3740 1866 3807 tentavit,
1897 3738 2139 3797 recolle-

471 3834 557 3908 git
577 3849 707 3891 sese
729 3836 1023 3907 tanquam
1044 3847 1118 3888 ex
1146 3830 1431 3891 ebrietate
1469 3834 1574 3887 aut
1598 3833 1951 3903 tempestate
1987 3843 2135 3900 qua.

469 3924 635 3994 dam,
655 3928 733 3994 et,
753 3922 1005 3979 ubinam
1036 3921 1130 3991 sit,
1154 3918 1586 3978 considerandi
1606 3917 1798 3976 otium
1830 3922 2011 3974 nacta
2030 3922 2134 3973 est

464 4010 919 4075 incontinentiae
953 4026 1077 4068 suae
1098 4008 1277 4067 valde
1303 4007 1639 4064 admodum
1683 4006 1950 4080 poenitet.
1986 4008 2133 4064 Sen-

465 4102 534 4161 tit
562 4101 725 4160 enim
755 4117 977 4176 corpus
1001 4104 1059 4156 et
1099 4096 1460 4155 imbecillius
1506 4096 1734 4152 factum
1787 4110 1935 4165 esse,
1971 4100 2027 4153 et
2055 4095 2134 4152 ad

463 4208 721 4250 munera
743 4187 1088 4248 necessaria
1109 4186 1396 4244 obeunda
1418 4185 1659 4259 pigrum
1681 4201 1753 4242 ac
1770 4200 2019 4258 prorsus
2036 4184 2135 4244 de.

462 4281 602 4343 bile.
637 4279 957 4349 Hocigitur
979 4293 1117 4335 cum
1148 4276 1265 4350 ipsi
1284 4291 1531 4349 quoque
1550 4273 1904 4350 pasdotribae
1925 4273 2135 4331 intelli-

464 4375 694 4444 gerent,
728 4366 1110 4425 continentiaa
1138 4365 1335 4436 legem
1358 4366 1421 4422 in
1452 4364 1749 4443 palaestris
1782 4368 2130 4434 sanxerunt,

465 4457 946 4517 adolescentium
971 4471 1229 4533 corpora
1250 4470 1285 4512 a
1309 4455 1727 4533 voluptatibus
1744 4459 1874 4513 tuta
1897 4470 2133 4512 servan-

462 4546 821 4621 tem,eisque
838 4545 1204 4605 certantibus
1235 4561 1311 4601 ne
1339 4543 1609 4619 aspicere
1629 4544 1879 4619 quidem
1896 4543 2135 4614 elegan-

2323 1849 2376 1904 4.
2417 1849 2495 1902 Τά
2540 1869 2601 1923 γε
2649 1855 2753 1925 μὴν
2811 1852 2882 1915 εἰς
2941 1852 3141 1930 βρῶσιν
3198 1854 3324 1929 ἡμῖν
3362 1852 3723 1929 ἐπινενοημένα
3769 1827 3858 1909 και

2251 1939 2426 2005 πόσιν,
2475 1944 2565 1993 καὶ
2617 1942 2808 2013 πάντα,
2861 1943 2962 2001 ὅσα
3015 1948 3149 2021 πέρα
3184 1952 3282 2008 τῆς
3334 1949 3515 2021 χρείας
3566 1946 3593 1998 ὁ
3640 1944 3858 2007 πλοῦτος

2253 2027 2479 2102 ὑϐρίζων
2537 2029 2916 2108 ἐμηχανήσατο
2986 2039 3112 2111 πρὸς
3178 2038 3449 2112 θεραπείαν
3503 2044 3601 2100 τῆς
3657 2035 3855 2112 ἀχαρί-

2256 2138 2380 2174 στου
2423 2125 2510 2179 καὶ
2563 2120 2729 2198 μηδὲν
2782 2128 3073 2200 στεγούσης
3104 2118 3357 2202 γᾶστρός,
3397 2127 3513 2182 πότ’
3544 2126 3605 2180 ἃν
3633 2129 3858 2207 ἡμέτερα

2250 2213 2470 2287 γένοιτο,
2519 2211 2613 2264 κᾶν
2653 2212 2967 2275 ἑπαντλῆται
3012 2213 3292 2286 διηνεκῶς
3322 2216 3385 2272 Ἃ
3416 2237 3476 2291 γε
3512 2220 3704 2294 μικράν
3740 2237 3857 2271 τινα

2250 2307 2313 2375 τῇ
2355 2303 2528 2375 γεύσει
2565 2308 2718 2377 μόνον
2750 2303 3093 2381 ἐναποθέμενα
3120 2309 3256 2360 κατὰ
3300 2312 3395 2368 τὴν
3442 2304 3677 2387 πάροδον
3718 2304 3855 2368 ἡδο-

2249 2393 2360 2458 νὴν,
2417 2391 2567 2455 εὐθὺς
2620 2396 2689 2456 ὡς
2745 2394 2955 2473 ὀχληρὰ
3000 2400 3091 2450 καὶ
3138 2400 3358 2474 περιττὰ
3416 2395 3852 2479 δυσχεραίνομεν,

2250 2484 2338 2533 καὶ
2396 2484 2529 2555 μετὰ
2585 2482 2823 2547 σπουδῆς
2890 2486 2983 2551 ἔξω
3044 2506 3135 2540 ποι
3198 2486 3474 2563 βάλλομεν,
3535 2492 3599 2550 ὡς
3652 2493 3694 2541 εἱ
3748 2495 3854 2547 τοῖς

2253 2568 2584 2644 σπλάγχνοις
2613 2571 2939 2648 ἐγχρονίσοι,
2987 2578 3053 2629 τὰ
3099 2581 3325 2651 μέγιστα
3354 2583 3471 2653 περὶ
3499 2586 3589 2631 τοῦ
3623 2577 3718 2651 ζῇν
3749 2597 3855 2631 κιν-

2251 2656 2742 2733 δυνεύσοντες(92).
2790 2664 3003 2727 Πολλοῖς
3038 2665 3163 2741 γοῦν
3213 2668 3238 2718 ὁ
3281 2672 3434 2744 κόρος
3472 2670 3639 2739 ἤγαγε
3690 2668 3852 2720 θάνα-

2248 2766 2354 2817 τον,
2405 2755 2494 2804 καὶ
2547 2758 2640 2804 τοῦ
2693 2748 2917 2825 μηδενός
2962 2752 3238 2810 ἀπολαύειν
3277 2758 3351 2809 ἔτι
3409 2755 3676 2830 γελένηται
3724 2760 3853 2833 πρό-

2250 2838 2402 2901 ξενος.
2465 2847 2649 2893 Κοίται
2708 2839 2765 2895 δὲ
2820 2842 3070 2917 ἀσελγεῖς,
3114 2849 3206 2898 καὶ
3263 2843 3479 2923 βέϐηλοι
3527 2844 3849 2919 συμπλοκαὶ,

2247 2933 2337 2982 καὶ
2384 2931 2554 2984 πάντα
2596 2932 2696 2984 ὅσα
2731 2932 3004 2997 λυττώσης
3033 2937 3162 3012 ἔργα
3190 2941 3280 2990 καὶ
3304 2940 3609 3012 παραφόρου
3639 2934 3792 3011 ψυχῆ
3805 2954 3846 3003 ς,

2248 3018 2376 3092 οὐχὶ
2436 3017 2705 3096 πρόδηλος
2738 3024 2907 3083 πάντη
2981 3025 3094 3103 (93)
3162 3025 3332 3100 ζημία
3393 3033 3455 3101 τῇ
3527 3027 3697 3097 φύσει,
3760 3029 3852 3081 καὶ

2249 3105 2421 3183 βλάϐη
2451 3116 2758 3185 περιφανὴς,
2784 3117 2875 3165 καὶ
2904 3122 3003 3167 τῶν
3054 3110 3201 3167 ἰδίων
3233 3119 3389 3175 ὅντως
3436 3113 3658 3166 ἑκάστου
3714 3112 3850 3187 μᾶλ-

2246 3195 2330 3248 λον
2397 3195 2735 3273 ἁλλοτρίωσίς
2796 3221 2849 3256 τε
2904 3207 2994 3255 καὶ
3058 3207 3296 3277 μείωσις,
3338 3202 3708 3279 ἐλαττουμένου
3756 3210 3850 3257 τοῦ

2250 3290 2493 3365 σώματος
2544 3286 2593 3341 ἕν
2651 3297 2763 3352 ταῖς
2819 3291 3012 3367 μίξεσι,
3067 3297 3158 3351 καὶ
3208 3302 3300 3355 τῆς
3354 3294 3719 3366 γνησιωτάτης
3760 3297 3852 3345 καὶ

2249 3381 2699 3444 συνεκτικωτάτης
2760 3389 2860 3433 τῶν
2924 3382 3086 3457 μελῶν
3155 3382 3561 3458 ἀποσυλωμένου
3618 3389 3849 3458 τροφῆς;

2243 3467 2530 3538 Τοιγαροῦν
2588 3464 2808 3520 ἑκάστου
2876 3477 2976 3521 τῶν
3031 3477 3143 3531 ταῖς
3200 3467 3473 3541 ἀσελγέσιν
3535 3463 3853 3541 έγκαλινδη-

2247 3552 2430 3607 θέντων
2483 3554 2672 3625 εὐναῖς,
2718 3559 2850 3632 μετά
2899 3562 2994 3618 τὴν
3050 3558 3240 3634 πρᾶξιν
3281 3558 3450 3627 εὐθὺς,
3502 3558 3624 3610 ὅταν
3676 3558 3702 3609 ὁ
3759 3559 3849 3630 μὲν

2244 3652 2340 3708 τῆς
2374 3650 2566 3722 σαρκὸς
2602 3644 2808 3727 οἶστρος
2862 3647 3217 3729 ἁπολαρανθῇ,
3250 3653 3377 3725 πρὸς
3401 3653 3459 3702 τὸ
3493 3644 3750 3724 βδελυρὸν
3791 3641 3850 3700 δί

2246 3736 2315 3786 ὧν
2362 3734 2665 3813 ἐνεχείρησε
2700 3742 2858 3813 πέρας
2909 3737 3064 3793 ἐλθὼν
3114 3740 3140 3790 ὁ
3196 3747 3335 3806 νοῦς,
3368 3740 3541 3815 ὥσπερ
3583 3737 3638 3790 ἐκ
3684 3737 3851 3812 μέθης

2246 3822 2276 3881 ἦ
2329 3831 2592 3898 χειμῶνός
2645 3846 2795 3900 τινος,
2856 3836 2947 3881 τοῦ
3003 3827 3343 3903 λογίσασθαι,
3383 3836 3476 3883 ποῖ
3528 3830 3653 3883 ποτέ
3712 3824 3846 3883 ἐστι.

2243 3913 2396 3968 λάϐοι
2439 3915 2661 3991 σχολὴν,
2706 3913 2936 3994 σφοδρός
2986 3937 3063 3979 τις
3105 3918 3405 3993 εἰσέρχεται
3452 3928 3550 3982 τῆς
3593 3918 3850 3996 ἀκρασίας

2245 4004 2548 4080 μετάμελος.
2582 4003 2993 4087 Ἀδρανεστέρου
3040 4028 3097 4062 τε
3141 4011 3243 4087 γὰρ
3297 4010 3603 4065 αἰσθάνεταί
3638 4029 3847 4085 γεγενη-

2244 4100 2398 4170 μένου
2451 4104 2543 4148 τοῦ
2603 4103 2865 4173 σώματος,
2921 4102 3012 4152 καὶ
3068 4104 3195 4176 πρὸς
3249 4105 3344 4160 τὴν
3400 4108 3499 4155 τῶν
3553 4099 3848 4175 ἀναγκαίων

2246 4187 2497 4265 ἄργασίαν
2552 4191 2772 4267 νωθροῦ,
2832 4196 2921 4245 καὶ
2977 4194 3312 4251 παντάπασιν
3365 4193 3633 4258 ἀσθενοῦς.
3682 4201 3848 4253 Τοῦτο

2247 4274 2314 4338 δὴ
2370 4279 2476 4357 ἄρα
2532 4284 2623 4334 καὶ
2676 4287 2781 4343 τοῖς
2831 4277 3205 4359 παιδοτρίϐαις
3259 4288 3649 4344 κατανοήσασιν
3688 4285 3714 4337 ὁ
3751 4290 3849 4348 τῆς

2248 4372 2587 4448 σωφροσύνης
2670 4369 2718 4424 ἐν
2801 4379 2913 4433 ταῖς
2990 4372 3338 4450 παλαίστραις
3407 4378 3701 4449 γέγραπται
3764 4378 3850 4428 νό-

2244 4478 2336 4535 μος
2385 4461 2522 4534 (94),
2570 4459 2745 4515 ἄσυλα
2789 4462 2935 4537 παρὰ
2987 4470 3088 4515 τῶν
3136 4459 3339 4523 ἡδονῶν
3393 4471 3501 4528 τοῖς
3556 4468 3850 4529 νεανίσκοις

2247 4549 2515 4625 φυλάττων
2558 4552 2626 4609 τὰ
2684 4555 2924 4627 σώματα,
2974 4556 3065 4606 καὶ
3115 4552 3210 4607 οὐκ
3259 4553 3541 4632 ἐπιτρέπων
3596 4554 3851 4631 ἀγωνιζο-

463 4643 553 4698 tes
579 4616 810 4695 formas
831 4636 1298 4710 permittentem,
1323 4636 1372 4691 si
1394 4616 1610 4693 vellent
1648 4616 1857 4709 capita
1886 4650 1997 4692 sua
2037 4651 2137 4692 co-

2250 4645 2413 4716 μένοις
2464 4640 2662 4714 αύτοῖς,
2711 4639 2836 4697 οὐδὲ
2896 4644 3016 4698 ὅσον
3064 4616 3393 4721 προσϐλέψοιί
3448 4653 3565 4709 ταῖς
3614 4616 3847 4721 λαμπού-

463 4729 631 4787 ronis
664 4742 977 4797 exornare,
1008 4725 1177 4801 quod
1211 4725 1646 4783 incontinentia
1692 4725 1885 4783 risum
1912 4725 1975 4782 in
2004 4725 2133 4783 luo-

465 4820 691 4878 tatione
717 4818 946 4895 afferat,
969 4831 1093 4873 non
1122 4831 1434 4874 coronam.

536 5005 588 5061 ti.
620 5004 755 5059 Haec
785 4998 1032 5077 quidem
1064 5002 1360 5079 tanquam
1403 4997 1601 5056 aliena
1648 4997 1900 5056 omnino
1948 5002 2132 5075 atque

460 5089 688 5163 inania,
713 5094 771 5146 et
792 5106 928 5162 quae
960 5087 1184 5144 nullius
1214 5088 1461 5161 propria
1486 5104 1621 5144 esse
1653 5089 1912 5161 possint,
1930 5104 2130 5160 operas

460 5180 726 5253 pretium
755 5182 846 5235 est
875 5177 1098 5235 clausis
1125 5177 1316 5234 oculis
1346 5176 1652 5249 praeterire
1683 5195 1695 5233 :
1729 5193 1943 5235 eorum
1988 5195 2129 5236 vero

461 5285 600 5344 quas
624 5284 766 5327 vere
786 5274 994 5326 nostra
1024 5272 1189 5338 sunt,
1212 5267 1495 5325 convenit
1527 5268 1693 5340 167
1723 5284 1936 5326 curam
1972 5268 2127 5326 mul-

529 5516 646 5596 (οι)
676 5514 823 5596 Reg:
858 5514 1095 5596 primus
1115 5521 1480 5596 ’περιτροπαῖς
1506 5518 1896 5596 μετατεθέντωιρ

680 5583 1067 5662 Antiquitres
1114 5583 1249 5662 libri
1291 5583 1703 5650 κινδυνεύοντες,
1861 5593 2001 5662 Reg.
2037 5608 2125 5649 se-

460 5655 701 5719 cundus
749 5663 807 5717 et
839 5655 997 5717 'editi
1045 5655 1482 5721 κινδυνεύσοντις.
1515 5663 1668 5718 Mox.
1697 5661 1864 5719 Colb.
1892 5655 2126 5737 primus

2246 4750 2362 4793 σαις
2408 4739 2651 4809 μορφαῖς,
2701 4736 2805 4806 εἴγε
2847 4731 3061 4789 ὶθίλοιεν
3112 4737 3504 4810 στεφανωθῆναι
3548 4741 3645 4797 τὴν
3696 4756 3847 4812 κεφα-

2242 4821 2356 4893 λὴν,
2386 4825 2455 4885 ὡς
2482 4830 2571 4885 τῆς
2602 4821 2858 4901 ἀκρασίας
2882 4825 3083 4900 γέλωτα
3111 4822 3348 4898 ἀγούσης
3371 4824 3419 4879 ἓν
3467 4835 3540 4905 τῷ
3586 4826 3844 4897 παλαίειν,

2242 4912 2302 4967 ού
2337 4917 2604 4991 σνίφανον.

2316 5007 2367 5061 ὅ.
2395 5011 2576 5061 Ταῦτα
2615 5008 2707 5083 μὲν
2745 5007 2811 5069 ὡς
2839 5004 3083 5085 ἀλλότρια
3118 5006 3287 5068 πάντη
3340 5013 3430 5064 καὶ
3466 5008 3703 5089 περιττὰ,
3753 5010 3846 5069 καὶ

2242 5089 2454 5157 οὐδενὸς
2507 5091 2624 5149 ἴδια
2651 5097 2894 5169 γενέσθαι
2942 5093 3226 5172 δυνάμενα,
3275 5104 3628 5176 παρατρέχειν
3667 5099 3846 5168 καλὸν,

2239 5187 2358 5246 τοὺς
2398 5183 2691 5259 ὀφθαλμοὺς
2730 5186 3123 5261 ἓπιμύσανταςο
3164 5197 3265 5242 τῶν
3297 5186 3357 5243 δέ
3386 5194 3543 5252 ὄντως
3585 5192 3846 5269 ἡμετέρων

2239 5278 2484 5353 πρόνοιαν
2552 5280 2813 5350 προσήκει
2866 5280 3134 5333 ποιεῖσθαι
3188 5279 3399 5341 πολλὴν.
3449 5284 3513 5334 Τί
3573 5276 3634 5333 δέ
3689 5282 3850 5345 ὄντως

2240 5521 2424 5572 Κοῖται
2455 5509 2515 5574 δὴ
2543 5521 2656 5579 καί.

2309 5592 2422 5735 E93)
2453 5592 2605 5655 Editi
2629 5609 2804 5649 παντι.
2829 5596 2902 5653 Δί
2919 5609 3069 5654 mss.
3095 5595 3285 5655 πάντη.

2336 5662 2426 5735 94)
2454 5666 2606 5735 Lege
2638 5666 3007 5726 Ducaeumin
3030 5664 3201 5735 illud,
3232 5672 3285 5735 γί

2336 5662 2426 5736 94)
2454 5666 2606 5737 Lege
2638 5668 2925 5726 Ducaeum
2943 5666 3007 5726 in
3030 5664 3201 5737 illud,
3232 5668 3528 5741 γέγραπται
3551 5670 3724 5743 νόμος.
