4110 6376
243 308 342 362 549

1031 297 1272 355 HOMIL.
1313 298 1505 362 QUOD
1548 293 1911 352 MUNDANIS
1949 296 2460 356 ADHIERENDUM
2499 300 2639 356 NON
2683 299 2810 356 SlT.

3503 305 3610 361 550

239 433 522 504 ἡμέτερον;
575 429 732 497 Ψυχή
783 442 856 489 τε,
992 423 1178 494 ζῶμεν,
1220 422 1375 480 λεπτή
1433 440 1512 480 τις
1562 417 1695 472 οὖσα
1746 422 1837 470 καὶ

1979 435 2077 475 am
2105 421 2349 480 habere.
2373 423 2525 488 Quid
2549 429 2748 479 autem
2774 439 2907 480 vere
2937 429 3212 482 nostrum
3235 432 3322 482 est
3340 428 3366 482 ‘l
3391 426 3609 482 Anima

237 521 404 592 νοερὰ,
437 521 526 570 καὶ
557 512 705 569 οὐδὲν
740 510 952 586 δεομένη
1002 520 1102 564 τῶν
1135 511 1464 586 βαρυνόντων
1495 531 1506 544 ·
1541 514 1630 562 καί
1665 517 1835 580 σῶμα,

238 613 295 662 τὸ
337 610 502 680 ταύτῃ
551 602 699 658 δοθὲν
745 609 930 676 ὄχημα
971 605 1097 675 πρὸς
1127 604 1212 653 τὸν
1255 600 1372 673 βίον
1411 601 1555 674 παρὰ
1597 606 1688 650 τοῦ
1733 616 1842 648 κτι-

243 717 445 758 σαντος.
478 703 642 750 Τοῦτο
671 696 773 766 γὰρ
818 695 1087 768 ἄνθρωπος
1112 712 1124 724 ·
1152 697 1272 751 νοῦς
1311 686 1638 762 ἐνδεδεμένος
1679 705 1843 760 προσ-

241 793 377 862 φόρῳ
425 791 515 840 καὶ
570 786 838 858 πρεπούσῃ
903 786 1075 854 σαρκί.
1134 790 1288 834 τοῦτο
1340 782 1440 832 ὑπὸ
1502 788 1592 832 τοῦ
1650 781 1844 830 πανσό-

241 897 334 951 pou
380 879 622 949 τεχνίτου
653 883 752 927 τῶν
784 873 908 925 ὅλων
950 871 998 924 ἐν
1046 878 1155 932 τοῖς
1197 875 1460 944 μητρῴοις
1509 870 1654 942 ἡμῶν
1686 867 1844 920 πλάτ-

239 986 383 1024 τεται
429 966 656 1026 κόλποις.
701 970 865 1017 Τοῦτο
915 962 985 1023 εἰς
1031 970 1135 1034 φῶς
1184 960 1238 1013 ἐκ
1269 969 1367 1012 τῶν
1418 978 1690 1012 σκοτεινων
1722 956 1846 1009 ἐκεί-

239 1079 335 1110 νων
385 1057 625 1128 θαλάμων
670 1055 696 1107 ὁ
743 1061 844 1107 τῶν
894 1049 1092 1104 ὠδίνων
1142 1052 1258 1123 ἄγει
1309 1054 1508 1124 καιρός.
1540 1055 1704 1102 Τοῦτο
1756 1049 1846 1121 ἄρα

242 1166 358 1220 χειν
405 1145 608 1217 ἐτάχθη
663 1152 763 1197 τῶν
812 1141 896 1196 ἐπί
932 1150 1050 1214 γῆς.
1091 1143 1270 1212 Τούτῳ
1318 1139 1607 1212 γυμνάσιον
1663 1135 1847 1210 ἀρετῆς

243 1239 273 1296 ἠ
325 1240 497 1299 κτίσις
536 1233 865 1308 ύφὴπλωται.
917 1234 1095 1302 Τούτῳ
1142 1237 1312 1282 κεῖται
1354 1233 1528 1301 νόμος,
1571 1227 1847 1300 μιμεῖσθαι

241 1329 327 1380 τὸν
365 1326 602 1382 πλάστην
643 1323 714 1384 εἰς
761 1318 1004 1392 δύναμιν,
1034 1324 1124 1371 καὶ
1161 1323 1256 1376 τὴν
1305 1317 1356 1372 ἐν
1405 1317 1643 1392 οὐρανοῖς
1691 1315 1847 1368 εύτα-

242 1417 354 1481 ξίαν
393 1420 732 1490 σκιαγραφεῖν
772 1409 857 1464 ἐπὶ
914 1417 1036 1482 γῆς.
1083 1415 1268 1475 Τοῦτο,
1325 1407 1553 1460 ἐντεῦθεν
1601 1405 1848 1478 καλούμε-

240 1525 346 1575 νον,
385 1505 759 1560 ἀπανίσταται.
792 1507 956 1555 Τοῦτο
999 1507 1072 1569 τῷ
1102 1506 1194 1550 τοῦ
1232 1496 1530 1570 πέμψαντος
1555 1502 1689 1549 Θεοῦ
1718 1513 1850 1568 παρ-

245 1599 459 1650 ίσταται
492 1593 716 1666 βήματι.
749 1597 914 1644 Τοῦτο
946 1588 1212 1641 εὐθύνεται
1235 1607 1248 1623 ι
1292 1595 1445 1639 τοῦτο
1495 1583 1711 1658 δέχεται
1755 1589 1848 1642 τὴν

242 1693 344 1738 τῶν
425 1683 644 1738 ἐνταῦθα
715 1679 1151 1751 πεπολιτευμένων
1215 1673 1506 1732 ἀντίδοσιν.
1587 1679 1686 1728 Καὶ
1760 1675 1849 1734 τὰς

1954 525 2075 582 qua
2105 511 2375 582 vivimus,
2399 529 2536 585 quas
2568 514 2763 570 tenuis
2792 519 2880 570 est
2909 530 2978 570 ac
3009 515 3367 585 intelligens,
3390 517 3608 589 cuique

1953 599 2102 654 nihil
2127 615 2340 656 eorum
2365 617 2502 673 quae
2526 607 2781 671 gravant
2806 618 2962 674 opus
2991 608 3102 669 est,
3126 609 3184 659 et
3203 619 3424 676 corpus
3444 604 3611 676 quod

1955 688 2008 743 ei
2058 705 2167 760 pro
2196 690 2474 746 vehiculo
2503 691 2582 747 ad
2631 691 3085 762 transigendam
3115 693 3300 750 vitam
3333 709 3368 748 a
3397 693 3610 748 condi-

1955 781 2082 836 tore
2109 779 2321 850 datum
2352 787 2459 837 est.
2496 784 2614 837 Hoc
2641 782 2803 838 enim
2824 782 3009 838 homo
3040 789 3145 854 est,
3174 799 3346 839 mens
3368 799 3611 839 accom-

1958 869 2158 924 modas
2189 885 2258 926 ac
2291 872 2646 940 congruenti
2674 871 2843 928 carni
2871 871 3120 943 illigata.
3153 877 3270 929 Hoc
3302 889 3339 929 a
3369 873 3611 946 sapien-

1958 957 2196 1015 tissimo
2225 960 2638 1016 universorum
2670 961 2885 1035 opifice
2907 963 2965 1018 in
2987 968 3156 1018 utero
3187 967 3460 1019 materno
3489 963 3612 1019 for-

1959 1052 2178 1104 matur.
2231 1052 2350 1105 Hoc
2382 1050 2442 1106 in
2489 1050 2685 1107 lucem
2717 1067 2789 1107 ex
2820 1052 3156 1108 tenebrosis
3187 1053 3301 1109 illis
3333 1051 3614 1109 thalamis

1959 1137 2160 1194 educit
2187 1139 2462 1209 pariendi
2491 1144 2751 1214 tempus.
2779 1145 2920 1210 lloc,
2942 1141 3124 1198 rebus
3148 1143 3401 1199 terrenis
3422 1141 3617 1198 utim-

1959 1233 2219 1300 peraret,
2253 1230 2644 1286 constitutum
2685 1235 2792 1286 est.
2826 1231 2972 1287 Huic
3003 1231 3313 1293 substrata
3341 1235 3617 1288 creatura

1961 1321 2049 1373 est
2085 1317 2164 1374 ad
2197 1317 2426 1374 virtutis
2456 1320 2826 1377 exercitium.
2859 1321 3001 1377 Huic
3032 1321 3231 1394 posita
3278 1321 3374 1378 lex
3415 1326 3524 1387 est,
3551 1325 3618 1378 ut

1959 1423 2068 1480 pro
2103 1407 2336 1463 viribus
2385 1408 2646 1465 imitetur
2691 1410 3088 1479 conditorem,
3122 1416 3302 1483 atque
3351 1409 3617 1483 discipli-

1961 1511 2106 1552 nam
2150 1496 2455 1553 cmlestem
2484 1497 2545 1552 in
2576 1498 2750 1554 terris
2794 1499 3136 1556 adumbret.
3172 1503 3291 1557 Hoc
3323 1498 3616 1569 abscedit,

1961 1585 2101 1641 hinc
2132 1591 2472 1644 evocatum.
2521 1590 2641 1644 Hoc
2672 1588 2747 1645 ad
2781 1589 2880 1644 Dei
2910 1589 3015 1661 qui
3053 1589 3260 1661 ipsum
3308 1589 3489 1656 misit,
3519 1588 3620 1644 tri-

1960 1675 2150 1731 bunal
2173 1675 2422 1733 sistitur:
2447 1677 2562 1733 hoc
2583 1677 2642 1732 in
2661 1677 2957 1750 judicium
2979 1683 3257 1736 vocatur:
3277 1679 3392 1735 hoc
3409 1693 3620 1735 eorum

245 1773 428 1847 ἀρετὰς
483 1770 541 1826 δὲ
589 1774 814 1844 ἡμέτερα
865 1772 1110 1841 κτήματα
1158 1771 1402 1840 γινόμενα
1449 1765 1591 1840 εὖροι
1631 1784 1714 1828 τις
1766 1763 1846 1833 ἆν,

1975 1780 2101 1837 quae
2140 1781 2247 1837 per
2287 1767 2470 1822 vitam
2498 1768 2761 1839 patravit
2800 1768 3071 1824 debitam
3103 1769 3446 1826 mercedem
3473 1767 3620 1824 reci-

242 1866 366 1917 ὃταν
415 1863 469 1927 ἐξ
519 1860 805 1934 ἐπιμελείας
854 1859 1223 1930 συνυφανθῶσι
1265 1865 1326 1929 τῇ
1381 1859 1568 1929 φύσει·
1601 1860 1692 1908 καὶ
1734 1854 1851 1908 οὒτε

242 1952 330 2006 ἐπὶ
386 1962 483 2026 γῆς
540 1953 874 2025 μοχθοῦντας
931 1949 1072 2020 ἡμᾶς
1127 1946 1500 2020 ἀπολιμπάνειν
1567 1944 1849 2014 ἐθέλουσιν,

242 2044 308 2103 ἣν
357 2047 426 2117 μὴ
481 2045 612 2116 πρὸς
665 2039 788 2114 βίαν
839 2038 1000 2099 αύτάς
1058 2037 1254 2099 ἑκόντες
1309 2032 1680 2109 ἀποδιὼξωμεν
1738 2044 1854 2097 ταῖς

241 2142 345 2186 τῶν
393 2137 645 2207 χειρόνων
695 2129 998 2201 ἐπαγωγαῖς
1025 2149 1038 2162 ⁸
1073 2126 1240 2180 ἓκεῐσέ
1275 2146 1330 2180 τε
1359 2125 1698 2200 ἐπειγομένων
1727 2145 1854 2200 προ-

241 2227 542 2300 τρέχουσι,
611 2225 701 2276 καὶ
765 2226 877 2280 τοῖς
943 2216 1183 2290 ἀγγελοις
1235 2220 1324 2270 τὸν
1381 2219 1704 2289 κτησάμενον
1747 2219 1852 2289 (95)

247 2315 626 2384 συντάττουσι,
674 2316 764 2365 καὶ
820 2309 1089 2382 λάμπονσι
1139 2305 1210 2361 δι’
1249 2307 1431 2371 αἰῶνος
1475 2309 1575 2360 ὑπὸ
1614 2315 1724 2370 τοῖς
1762 2315 1854 2361 τοῦ

243 2409 528 2464 κτίσαντος
586 2401 890 2475 ὀφθαλμοῖς.
948 2398 1173 2459 Πλοῦτος
1229 2395 1324 2466 δε,
1377 2401 1468 2450 καὶ
1529 2394 1813 2450 δυναστεία
1840 2440 1854 2467 ,

243 2499 338 2549 καὶ
401 2493 737 2569 περιφάνεια,
791 2495 882 2544 καὶ
946 2491 1158 2562 τρυφὴ,
1212 2492 1302 2541 καί
1362 2493 1465 2549 πᾶς
1527 2488 1553 2539 ὁ
1622 2495 1858 2550 τοιοῦτος

247 2585 480 2658 ὄχλος,ό
533 2581 650 2636 καθ’
703 2583 900 2655 ἡμέραν
959 2577 1016 2631 ἐκ
1063 2585 1162 2639 τῆς
1200 2579 1449 2651 ἡμετέρας
1489 2575 1664 2638 ἀνοίας
1704 2577 1860 2640 αὐξαο

247 2681 479 2748 νόμινος,
530 2676 647 2725 οὔτε
693 2669 1029 2746 συμπροῆλθε
1079 2670 1205 2742 πρὸς
1246 2670 1334 2720 τὸν
1384 2665 1502 2740 βίον
1546 2669 1699 2740 ἡμῖν,
1743 2671 1860 2719 οὔτε

254 2763 554 2824 συναπῆλθέ
593 2781 752 2828 τισιν,
787 2758 916 2813 ἀλλὰ
961 2761 1022 2812 τὸ
1065 2764 1139 2829 τῷ
1167 2753 1360 2830 δικαίῳ
1385 2757 1546 2810 πάλαι
1575 2758 1728 2832 ῥηθὲν
1775 2756 1858 2809 ἐπὶ

254 2856 440 2914 παντὸς
519 2851 792 2926 ἀνθρώπου
877 2851 1078 2920 πέπηγε
1157 2850 1248 2900 καὶ
1332 2854 1514 2921 κρατεί
1564 2867 1576 2881 ο
1667 2849 1862 2919 Γυμνός

258 2941 470 3006 ἂξῆλθον
529 2940 582 2995 ἐκ
634 2940 834 3002 κοιλίας
899 2940 1096 3012 μητρός
1152 2955 1292 3009 μου,
1347 2939 1544 3010 γυμνὸς
1609 2940 1699 2988 καὶ
1755 2933 1861 2988 ἀπ-

261 3032 372 3086 ελεύ
379 3051 556 3106 σομαι.

328 3215 380 3268 6.
420 3210 479 3264 Ὀ
517 3212 608 3284 μὲν
651 3205 738 3262 οὖν
781 3209 978 3284 ἄριστα
1009 3203 1396 3279 βουλευόμενος,
1431 3213 1526 3266 τῆς
1556 3201 1746 3276 ψυχῆς
1783 3203 1863 3256 ὅτι

251 3300 488 3376 μάλιστα
537 3304 817 3375 φροντίσει,
867 3301 958 3350 καί
1011 3301 1166 3349 τοῦτο
1216 3291 1310 3347 διὰ
1359 3295 1564 3347 πάντων
1612 3293 1862 3368 πειράσε-

251 3411 345 3444 ται
401 3390 588 3451 σώζειν
638 3388 904 3460 εἰλικρινές
950 3404 1005 3438 τε
1060 3389 1151 3437 καὶ
1197 3389 1415 3455 γνήσιον
1450 3403 1463 3418 ο
1518 3390 1614 3445 τῆς
1669 3387 1867 3456 σαρκὸς

252 3478 318 3536 δι
369 3481 399 3540 ἦ
456 3479 590 3550 λιμῷ
637 3479 966 3549 τηκομένης,
1023 3474 1052 3532 ἦ
1106 3480 1288 3546 κρυμῷ
1335 3477 1425 3524 καὶ
1471 3471 1652 3525 θάλπει
1703 3491 1867 3548 προσ-

249 3568 607 3633 παλαιούσης,
649 3567 678 3626 ἦ
734 3570 912 3627 νόσοις
955 3562 1324 3634 ἀλγυνομίνης,
1381 3562 1410 3620 ἣ
1458 3563 1779 3633 πασχούσης
1815 3581 1867 3616 τι

251 3660 405 3736 παρά
441 3677 590 3710 τινων
637 3655 813 3728 βίαιον
846 3659 978 3725 (96),
1012 3652 1184 3725 ὀλίγον
1230 3653 1512 3710 ποιήσεταί
1555 3654 1642 3704 τὸν
1693 3651 1866 3724 λόγον,

254 3752 320 3803 τὸ
376 3755 469 3801 τοῦ
519 3744 725 3800 Παύλου
775 3751 949 3817 φωνῶν
997 3741 1070 3814 ἐφ’
1127 3741 1349 3793 ἑκάστου
1412 3749 1508 3794 τῶν
1563 3738 1865 3817 δυσχερῶν,

258 3843 353 3892 καί
399 3838 784 3910 φθεγγόμενος·
839 3832 899 3886 Εἰ
951 3837 1041 3884 καὶ
1094 3831 1120 3883 ὁ
1167 3829 1348 3892 ἔξωθεν
1405 3831 1551 3903 ἡμῶν
1605 3831 1871 3907 ἄνθρωπος

263 3929 544 4003 φθείρεται,
594 3922 700 3976 ἀλλ’
747 3925 774 3976 ὁ
828 3923 1014 3975 ἔσωθεν
1073 3918 1445 3972 ἀνακαινοῦται
1500 3919 1696 3993 ἡμέραν
1757 3917 1873 3972 καθ’

263 4020 483 4092 ἡμέραν.
547 4019 648 4068 Καὶ
711 4015 828 4066 οὔτε
892 4014 1016 4074 τοὺς
1080 4011 1209 4084 ὑπερ
1274 4016 1367 4062 τοῦ
1437 4009 1532 4081 ζῇν
1597 4005 1873 4074 κινδύνους

265 4111 543 4182 προίόντας
589 4106 740 4178 ὁρῶν,
788 4107 1075 4174 φανήσεται
1117 4095 1329 4164 δεδιὼς,
1370 4096 1478 4150 ἀλλ’
1524 4097 1692 4170 ἑαυτῷ
1743 4097 1874 4162 λέξει

269 4195 508 4273 θαρῥῶνο
567 4189 818 4266 Οἴδαμεν,
869 4193 969 4258 ὅτι,
1026 4189 1110 4242 ἐὰν
1165 4189 1196 4248 ἡ
1257 4187 1484 4261 ἓπίγειος
1534 4189 1681 4261 ἡμῶν
1735 4188 1877 4242 οἰκία

266 4292 361 4342 τοῦ
429 4289 652 4347 σκήνους
715 4281 1024 4353 καταλυθῇ,
1085 4274 1372 4350 οἰκοδομὴν
1442 4277 1498 4332 ἐκ
1559 4285 1693 4333 Θεοῦ
1758 4281 1878 4352 ἔχοι

271 4397 399 4447 αεν,
457 4375 626 4430 οἰκίαν
685 4371 1130 4447 ἀχειροποίητον,
1190 4369 1394 4421 αἰώνιον
1453 4366 1503 4420 ἓν
1565 4376 1674 4432 τοῖς
1725 4368 1879 4444 οὐρα.

1964 1853 2067 1926 pit.
2109 1858 2302 1927 Atque
2341 1856 2590 1912 virtutes
2637 1873 2882 1930 quoque
2923 1858 3344 1930 possessiones
3377 1861 3618 1916 nostras

1963 1943 2090 1999 ﬁeri
2120 1943 2588 2016 deprehenderit
2615 1946 2772 2019 quis,
2805 1946 2910 2002 ubi
2959 1947 3178 2004 fuerint
3216 1963 3356 2003 cum
3403 1949 3622 2003 natura

1964 2033 2280 2104 diligenter
2320 2039 2647 2105 contextae;
2680 2039 2737 2092 et
2781 2052 2977 2110 neque
3025 2036 3374 2094 laborantes
3407 2051 3520 2093 nos
3560 2035 3622 2092 in

1965 2128 2122 2180 terra
2165 2123 2372 2181 volunt
2419 2124 2713 2196 deserere,
2762 2126 2877 2182 nisi
2917 2125 3075 2182 vitiis
3121 2126 3476 2182 introductis
3523 2140 3624 2182 eas

1965 2228 2072 2286 per
2095 2213 2220 2268 vim
2244 2218 2459 2286 sponte
2490 2214 2926 2286 fugaverimus,
2955 2221 3010 2272 et
3040 2217 3120 2273 ad
3145 2217 3413 2273 futuram
3442 2216 3624 2273 vitam

1965 2302 2318 2360 festinantes
2342 2309 2742 2376 prmcurrunt,
2774 2309 2831 2362 et
2859 2305 3158 2362 collocant
3185 2306 3340 2362 inter
3377 2303 3627 2376 angelos

1969 2409 2148 2448 suum
2171 2408 2610 2466 possessorem,
2639 2399 2697 2451 et
2725 2394 2840 2451 sub
2871 2395 3200 2452 conditoris
3236 2395 3429 2452 oculis
3459 2399 3628 2452 aster.

1968 2499 2116 2538 num
2154 2467 2402 2552 fulgent.
2432 2483 2655 2539 Divitiae
2688 2501 2850 2551 vero,
2879 2489 2935 2541 et
2973 2490 3342 2558 potentatus,
3374 2489 3434 2542 et
3460 2482 3629 2540 clari-

1971 2573 2138 2637 tudo,
2167 2577 2223 2630 et
2245 2573 2495 2638 deliciae,
2520 2578 2579 2629 et
2602 2574 2801 2629 omnis
2826 2575 3130 2646 ejusmodi
3159 2575 3340 2632 turba
3358 2573 3630 2648 quotidie

1970 2678 2077 2736 per
2106 2667 2374 2718 nostram
2406 2662 2818 2735 insipientiam
2843 2679 3176 2734 augescens
3205 2680 3403 2737 neque
3422 2662 3629 2720 introi-

1969 2752 2052 2808 vit
2093 2751 2412 2808 nobiscum
2462 2753 2521 2808 in
2552 2752 2759 2819 vitam,
2792 2768 2994 2826 neque
3037 2770 3175 2810 cum
3208 2753 3324 2810 illis
3354 2767 3630 2825 unquam

1973 2841 2122 2898 abiit
2153 2859 2166 2900 :
2200 2841 2305 2898 sed
2335 2841 2397 2897 in
2448 2858 2821 2916 unoquoque
2851 2844 3099 2905 homine
3125 2845 3315 2900 ﬁxum
3347 2849 3404 2900 et
3428 2847 3630 2900 ratum

1973 2935 2198 2998 manet,
2244 2930 2411 3003 quod
2461 2931 2604 2988 olim
2654 2947 2691 2988 a
2726 2933 2892 3003 justo
2939 2933 3170 2990 dictum
3217 2938 3307 2990 est
3351 2949 3364 2988 :
3414 2933 3630 2990 Nudus

1973 3035 2237 3091 egressus
2273 3035 2404 3078 sum
2435 3035 2511 3077 ea:
2557 3025 2729 3077 utero
2759 3022 2975 3078 matris
3013 3037 3180 3092 mew,
3223 3022 3422 3080 nudus
3452 3022 3632 3078 etiam

1903 3145 1944 3202 ρ
1973 3115 2248 3167 revertar
2271 3111 2341 3166 ⁸⁵.

2048 3205 2098 3256 6.
2141 3204 2349 3273 Itaque
2378 3200 2483 3273 qui
2511 3199 2623 3257 sibi
2667 3199 2895 3274 optime
2922 3200 3205 3271 consulit,
3237 3200 3474 3258 curabit
3509 3199 3636 3258 ani-

1975 3306 2141 3347 mam
2160 3306 2348 3362 quam
2365 3291 2650 3361 maxime,
2666 3291 2905 3366 hocque
2921 3293 3121 3348 modis
3139 3291 3428 3350 omnibus
3447 3296 3506 3349 et
3520 3290 3637 3347 sin-

1975 3397 2182 3438 cerum
2205 3385 2262 3438 et
2282 3381 2615 3451 genuinum
2639 3398 2879 3438 servare
2900 3383 3246 3440 conabitur:
3271 3383 3470 3442 carnis
3496 3397 3638 3438 vero

1978 3472 2101 3528 sive
2139 3471 2300 3528 fame
2345 3472 2720 3540 conﬁciatur,
2744 3473 2864 3529 sive
2891 3491 3029 3530 cum
3059 3474 3280 3545 frigore
3305 3480 3410 3531 aut
3439 3473 3639 3530 calore

1974 3561 2251 3630 luctetur,
2275 3561 2395 3618 sive
2426 3579 2462 3617 a
2490 3561 2722 3618 morbis
2751 3564 3145 3630 excrucietur,
3162 3565 3286 3621 sive
3307 3564 3638 3620 violentum

1977 3650 2126 3724 quid
2157 3651 2236 3708 ab
2282 3651 2589 3724 aliquibus
2622 3653 3012 3724 perpetietur,
3047 3653 3344 3710 rationem
3389 3668 3640 3726 parvam

1978 3740 2249 3808 habebit,
2272 3740 2421 3796 illud
2445 3741 2606 3796 Pauli
2637 3742 2696 3797 in
2728 3741 2982 3812 singulis
3009 3742 3479 3799 adversitatibus
3503 3756 3640 3816 pro-

1980 3831 2200 3900 ferens,
2230 3846 2303 3888 ac
2328 3830 2538 3887 dicens
2563 3848 2577 3887 :
2609 3833 2770 3890 Licet
2801 3834 3070 3890 exterior
3099 3835 3273 3890 homo
3294 3839 3498 3890 noster
3517 3847 3640 3889 cor-

1980 3925 2330 3991 rumpatur,
2380 3922 2638 3978 inlerior
2696 3927 2896 3979 tamen
2939 3930 3273 3981 renovatur
3318 3923 3391 3980 de
3434 3923 3532 3980 die
3575 3923 3639 3978 in

1983 4013 2138 4070 diem
2153 4013 2220 4068 ⁸ο.
2251 4016 2315 4070 Et
2342 4012 2448 4068 ubi
2473 4013 2675 4070 venire
2697 4029 2762 4070 se
2791 4013 2853 4070 in
2873 4014 3010 4071 vitae
3041 4014 3378 4088 periculum
3405 4013 3641 4082 viderit,

1983 4102 2474 4177 haudquaquam
2522 4103 2846 4177 apparebit
2881 4104 3171 4162 timidus:
3207 4105 3316 4161 sed
3360 4105 3475 4162 sibi
3516 4104 3645 4178 ipse

1986 4191 2362 4252 conﬁdenter
2381 4193 2652 4251 dicturus
2682 4199 2800 4251 est:
2824 4195 3059 4252 Scimus
3086 4196 3247 4267 quod
3269 4197 3324 4251 si
3343 4195 3645 4252 terrestris

1987 4287 2196 4340 nostra
2221 4283 2433 4340 domus
2460 4284 2643 4354 hujus
2666 4285 3052 4342 tabernaculi
3079 4286 3470 4357 dissolvatur,
3500 4285 3646 4342 adi-

1986 4373 2329 4443 ﬁcationem
2368 4389 2444 4430 ex
2487 4375 2608 4430 Deo
2655 4375 2982 4432 habemus:
3007 4375 3247 4432 domum
3277 4391 3398 4432 non
3437 4391 3647 4432 manu-

269 4475 396 4530 νοῖς.
444 4465 503 4520 Εἰ
553 4461 612 4518 δι
659 4483 740 4525 τις
797 4461 959 4515 ἐθέλοι
1007 4455 1280 4532 φείδεσθαι
1326 4462 1417 4512 καὶ
1462 4465 1557 4512 τοῦ
1612 4463 1862 4532 σώματος,

1986 4464 2241 4535 factam,
2264 4470 2552 4522 aeternam
2576 4465 2641 4522 in
2661 4466 2826 4521 caelis
2840 4465 2883 4502 ⁸⁷
2897 4504 2911 4520 .
2929 4465 2986 4521 Si
3007 4465 3144 4537 quis
3167 4470 3372 4522 tamen
3392 4465 3650 4521 voluerit

273 4560 342 4621 ὠς
388 4560 549 4630 μόνον
577 4558 848 4627 κτήματος
895 4549 1179 4622 ἀναγκαίου
1220 4546 1402 4620 ψυχῇ,
1432 4551 1524 4604 καὶ
1563 4556 1877 4623 συνεργοῦν-

273 4667 361 4711 τος
408 4645 540 4719 αὐτῇ
582 4645 714 4720 πρός
758 4644 817 4696 τὸ
857 4640 955 4714 ζῇν
998 4638 1082 4693 ἐπὶ
1119 4646 1242 4712 γῆς,
1282 4638 1450 4712 μικρὰ
1484 4639 1617 4712 πρὸς
1638 4640 1734 4701 τὰς
1760 4640 1881 4692 τού-

273 4755 364 4794 του
409 4739 599 4812 χρείας
643 4732 1116 4807 ἐπιστραφήσεται,
1146 4733 1238 4781 καὶ
1289 4729 1424 4781 ὥστε
1456 4730 1698 4801 συνέχειν
1725 4731 1880 4802 μόνον

278 4825 424 4895 αὐτὸ,
455 4829 546 4878 καὶ
591 4831 655 4896 τῇ
702 4830 800 4885 τῆς
849 4820 1034 4894 ψυχῆς
1077 4820 1344 4895 ὑπηρεσίᾳ
1384 4813 1479 4871 διὰ
1525 4821 1737 4894 μετρίας
1775 4817 1884 4872 ἔπι-

280 4918 482 4992 μιλείας
547 4899 830 4991 ἐρρωμένον
895 4919 1104 4988 τηρεῖν,
1156 4913 1228 4984 μὴ
1302 4911 1540 4984 μέντοιγε
1594 4907 1883 4985 ἐπιτρέπειν

282 5008 382 5060 ὑπὸ
420 5010 577 5080 κόρου
608 5010 846 5080 σκιρτᾷν.
882 5003 942 5056 Εἰ
982 4999 1041 5055 δι
1077 4996 1189 5053 ἴδοι
1212 5002 1337 5054 ποτε
1378 5006 1494 5062 ταῖς
1532 5006 1624 5053 τοῦ
1651 4999 1885 5064 πλείονος

284 5099 374 5148 καὶ
425 5097 558 5168 πέρα
606 5102 695 5148 τοῦ
749 5093 1138 5154 λυσιτελοῦντος
1196 5088 1499 5162 ἐπιθυμίαις
1556 5089 1880 5164 φλεγόμενον,

287 5183 474 5259 βοήσει
513 5187 642 5261 πρὸς
681 5185 808 5238 αύτό
847 5187 906 5236 τὸ
944 5202 1034 5236 του
1098 5179 1306 5235 Παύλου
1347 5181 1634 5253 νομοθετῶν
1658 5199 1672 5215 ο
1715 5177 1883 5234 Οὐδὲν

355 5300 401 5336 ⁸⁵
432 5301 542 5358 Job
572 5317 591 5358 ι
626 5305 712 5358 ll.
791 5301 839 5337 ⁸⁸
873 5302 916 5356 ll
950 5300 1080 5356 Cor.
1112 5313 1188 5369 1v,
1225 5299 1312 5353 16.
1382 5297 1426 5331 ⁸⁷
1462 5299 1505 5352 ll
1538 5298 1670 5353 Cor.
1700 5312 1758 5366 v,
1790 5301 1838 5351 1.

353 5411 468 5482 (95)
505 5409 697 5465 Editio
739 5407 912 5464 Basil.
947 5410 1003 5482 et
1030 5403 1218 5482 _Col_b.
1249 5403 1482 5482 primus
1514 5401 1752 5476 ἀγγέλοις
1793 5411 1886 5482 τρῦ

282 5477 619 5555 κτίσαμένου,
644 5495 855 5555 eosque
888 5479 994 5551 qui
1010 5477 1478 5555 festinaoerunt,
1500 5491 1634 5533 cum
1657 5477 1889 5555 angelis

283 5549 610 5610 conditoris
631 5549 954 5610 collocarit.
980 5549 1088 5604 Alii
1109 5552 1228 5605 tres
1249 5564 1394 5604 mss.
1417 5555 1511 5604 τοῦ
1531 5552 1884 5620 κτησαμένου.

287 5625 479 5682 Editio
512 5624 701 5682 Paris.
731 5627 818 5677 τὸν
847 5623 1192 5692 κτησάμενον.

1988 4568 2212 4626 corpus
2249 4553 2432 4610 etiam
2480 4553 2919 4620 commiserari,
2961 4557 3260 4626 tanquam
3307 4553 3474 4628 quod
3522 4568 3650 4610 una

1989 4643 2294 4717 possessio
2320 4643 2418 4712 sit,
2439 4659 2576 4716 quas
2605 4643 2826 4699 animas
2851 4643 3196 4700 necessaria
3225 4648 3340 4712 est,
3363 4643 3537 4716 eique
3567 4643 3646 4700 ad

1988 4728 2177 4790 vitam
2206 4733 2269 4788 in
2295 4737 2452 4792 terra
2481 4733 2827 4804 degendam
2859 4733 3170 4807 suppetias
3199 4733 3329 4804 fert,
3365 4733 3649 4803 exiguam

1990 4822 2423 4880 necessitatum
2454 4823 2586 4894 ejus
2607 4839 2819 4880 curam
2845 4823 3155 4898 suscipiet,
3181 4827 3247 4878 ut
3264 4822 3412 4879 illud
3432 4827 3489 4879 et
3511 4837 3654 4878 con-

1989 4911 2179 4967 tineat
2217 4913 2474 4979 tantum,
2513 4915 2570 4968 et
2613 4927 2722 4984 per
2763 4912 3132 4968 mediocrem
3169 4927 3380 4967 curam
3428 4926 3651 4967 sanum

1992 5004 2311 5056 conservet
2333 5000 2412 5056 ad
2434 4999 2651 5056 animae
2673 5001 3098 5070 ministerium,
3113 5016 3237 5057 non
3257 5000 3340 5056 ita
3360 5003 3560 5056 autem
3587 5003 3655 5057 ut

1991 5090 2194 5162 ipsum
2216 5089 2484 5148 satietate
2504 5089 2776 5146 lascivire
2797 5091 2976 5148 sinat.
2999 5091 3172 5156 Quod
3196 5091 3246 5146 si
3274 5089 3656 5164 videritillud

1992 5179 2260 5255 plurium
2272 5180 2570 5238 desiderio
2581 5180 2842 5252 incendi,
2857 5181 3041 5254 idque
3054 5181 3199 5238 citra
3210 5181 3653 5254 necessitatem,

2227 5403 2393 5479 Colb.
2444 5403 2882 5479 primus-mm
2933 5402 3150 5476 βιαίων,
3202 5420 3263 5479 αξ
3295 5406 3657 5479 quibusdam

1997 5477 2296 5563 violentis.
2330 5479 2448 5532 Nec
2475 5477 2559 5533 ita
2588 5476 2778 5533 multo
2808 5483 2945 5550 post
2975 5481 3114 5548 Reg.
3139 5476 3345 5535 tertius
3378 5476 3656 5542 κινδύνους

1996 5567 2334 5624 προσιόντας.
