4110 6380
453 289 552 342 551

456 501 632 556 limus
655 500 718 554 in
751 498 914 554 hunc
934 494 1227 550 mundum
1244 506 1266 565 ,'
1288 494 1675 562 conspicuum
1706 497 1812 560 est,
1834 490 1994 563 quod
2012 504 2110 545 ne-

452 604 566 662 que
598 588 847 658 auferre
875 585 1202 658 quidquam
1221 598 1553 654 possumus.
1586 582 1891 638 Habentes
1912 585 2111 636 autem

453 679 768 742 alimenta,
802 681 855 732 et
895 674 1111 746 quibus
1154 677 1449 743 tegamur,
1490 670 1664 741 168
1711 670 1802 725 his
1850 667 2117 725 contenti

454 770 674 827 erimus
697 768 764 823 ⁸⁸.
791 765 1022 821 Etenim
1045 763 1091 818 si
1115 763 1244 819 haec
1266 765 1558 834 perpetuo
1588 758 1826 832 corpori
1853 758 2111 825 occinat,

456 858 885 929 inclametque,
930 852 1080 910 illud
1129 856 1184 909 et
1233 852 1604 921 morigerum
1654 854 1710 906 et
1749 864 1988 921 semper
2035 848 2114 904 ad

456 946 893 1020 profectionem
920 943 1224 999 caelestem
1256 941 1605 1014 expeditum
1631 939 1863 1003 reddet,
1886 937 2114 1010 eritque

455 1036 680 1095 auxilio
702 1033 914 1105 majori
949 1033 1026 1089 ad
1053 1049 1125 1088 ea
1144 1049 1282 1105 quae
1317 1031 1634 1104 proposita
1662 1032 1799 1085 sunt
1826 1027 2114 1084 obeunda

454 1126 703 1183 munia:
731 1124 823 1179 sin
846 1128 1047 1179 autem
1068 1121 1335 1178 insolens
1357 1137 1430 1177 ac
1451 1124 1800 1192 protervum
1827 1133 1957 1173 esse
1982 1133 2113 1190 per-

456 1217 704 1284 miserit,
729 1220 786 1270 et
806 1213 1124 1287 quibusvis
1153 1211 1421 1285 quotidie
1451 1215 1746 1283 tanquam
1776 1208 2113 1265 immanem

452 1305 790 1380 quamdam
809 1302 1060 1359 bestiam
1079 1300 1331 1373 oppleri,
1348 1305 1477 1356 tum
1493 1298 1741 1355 demum
1760 1297 1949 1370 ipsius
1964 1312 2114 1371 pon-

453 1395 593 1451 dere
616 1394 694 1450 ad
716 1398 937 1449 terram
956 1390 1248 1446 violenter
1263 1393 1544 1460 vergente
1566 1386 2113 1458 attractus.jacebit

451 1483 708 1539 inaniter
739 1481 1162 1551 ingemiscens.
1193 1477 1345 1544 Quin
1375 1482 1431 1533 et
1460 1476 1541 1533 ad
1572 1477 1893 1533 Dominum
1923 1475 2112 1532 addu-

452 1578 600 1638 ctus,
619 1575 678 1627 et
697 1569 912 1627 terreni
942 1569 1102 1625 illius
1122 1567 1354 1624 itineris
1377 1566 1491 1622 sibi
1512 1565 1827 1641 commissi
1846 1565 2111 1621 fructum

448 1666 721 1732 rogatus,
743 1676 855 1716 nec
881 1658 1134 1715 reddere
1155 1657 1382 1727 valens,
1404 1655 1737 1729 plurimum
1757 1653 2114 1711 lamentabi-

453 1758 568 1819 tur,
599 1750 821 1807 etenim
852 1748 1158 1821 perpetuis
1195 1745 1461 1804 tenebris
1492 1744 1810 1813 habitabit,
1838 1744 2107 1812 delicias,

450 1858 785 1915 eorumque
814 1839 1117 1896 fallaciam
1146 1853 1271 1895 non
1298 1853 1518 1910 parum
1549 1836 1861 1906 incusans,
1883 1834 2108 1908 quibus

451 1931 663 1988 salutis
690 1937 929 2002 tempus
960 1928 1073 1984 sibi
1107 1927 1466 2000 ademptum
1492 1931 1601 1983 est.
1632 1925 1748 1982 Sed
1772 1924 1923 1981 nihil
1967 1930 2111 1981 tunc

451 2020 724 2077 utilitatis
751 2035 827 2075 ex
855 2016 1145 2091 lacrymis
1174 2016 1388 2089 capiet.
1423 2017 1495 2072 In
1523 2016 1765 2087 inferno
1793 2014 1956 2071 enim
1977 2016 2111 2087 quis

453 2110 562 2167 tibi
588 2110 972 2180 conﬁtebitur
996 2112 1020 2163 ?
1044 2107 1237 2179 inquit
1268 2105 1456 2162 David
1479 2107 1549 2162 ⁸ο.

520 2205 573 2255 7.
615 2202 953 2256 Caveamus
976 2197 1158 2267 igitur
1176 2211 1367 2268 quam
1387 2194 1696 2251 celerrime
1723 2194 1850 2251 ﬁeri
1869 2194 2108 2268 poterit,

449 2304 525 2347 ne
554 2305 667 2345 nos
698 2287 815 2361 ipsi
845 2292 1059 2360 sponte
1085 2285 1475 2341 sutfocemus.
1510 2284 1684 2351 Quod
1717 2285 1769 2341 si
1802 2283 2110 2358 quispiam

443 2379 576 2451 jam
607 2378 752 2435 olim
779 2377 1103 2446 inescatus,
1137 2380 1241 2432 aut
1270 2375 1617 2431 divitiarum
1647 2374 1958 2447 pulverem
2002 2373 2111 2430 ini-

451 2484 570 2541 que
600 2467 766 2539 apud
795 2483 859 2523 se
888 2465 1289 2531 coacervavit,
1322 2479 1655 2537 earumque
1676 2464 1835 2521 curis
1859 2462 2111 2534 illigavit

450 2557 747 2627 animum,
778 2561 882 2614 aut
912 2555 1177 2612 lasciviae
1203 2554 1401 2611 scelus
1428 2556 1594 2627 quod
1620 2555 1714 2611 vix
1741 2554 1859 2610 elui
1888 2558 2108 2627 potest,

450 2652 681 2705 natura:
713 2646 1014 2718 adjunxit,
1039 2650 1143 2702 aut
1172 2645 1525 2702 criminibus
1555 2644 1685 2702 aliis
1724 2649 1914 2701 semet
1942 2660 2110 2702 exsa-

450 2736 652 2795 tiavit:
686 2736 759 2809 is,
796 2736 945 2791 dum
984 2734 1187 2791 adhuc
1223 2740 1462 2806 tempus
1501 2739 1610 2802 est,
1653 2739 1985 2808 antequam
2028 2733 2109 2790 ad

449 2826 749 2896 integrum
811 2824 1059 2882 exitium
1111 2824 1453 2897 perveniat,
1497 2823 1763 2896 deponat
1812 2825 2108 2898 majorem

450 2915 827 2971 sarcinarum
865 2920 1122 2988 partem,
1156 2919 1215 2971 et
1243 2914 1604 2986 priusquam
1631 2914 1803 2970 navis
1835 2913 2110 2970 submer-

450 3010 646 3076 gatur,
662 3004 955 3060 mercium
975 3004 1259 3061 indecore
1278 3009 1706 3074 congestarum
1724 3003 1907 3060 faciat
1919 3002 2111 3077 jactu-

448 3110 605 3163 ram,
636 3099 817 3167 atque
848 3093 1160 3166 operarios
1190 3092 1459 3150 marinos
1486 3092 1772 3150 imitetur.
1804 3092 1892 3150 Illi
1922 3094 2106 3164 enim,
2147 3113 2188 3169 ο

449 3184 689 3241 etiamsi
717 3184 1201 3241 necessariorum
1231 3183 1465 3257 aliquid
1490 3182 1555 3239 in
1582 3184 1724 3241 navi
1748 3184 1993 3255 vehant,
2021 3189 2109 3241 ta-

450 3290 591 3331 men
621 3274 671 3330 si
701 3289 772 3330 ex
804 3273 1023 3347 pelago
1051 3274 1326 3344 insurgat
1345 3275 1408 3330 in
1439 3290 1501 3330 se
1522 3273 1924 3331 effervescens
1948 3291 2109 3348 quae-

430 3364 595 3422 dam
626 3368 973 3436 tempestas,
995 3368 1053 3420 et
1079 3379 1297 3420 navem
1318 3364 1587 3437 pondere
1618 3360 1892 3437 pressam
1922 3364 2111 3422 mine-

451 3458 547 3511 tur
604 3453 884 3523 obruere,
941 3469 1128 3526 quam
1189 3453 1564 3511 velocissime
1617 3460 1894 3527 possunt,
1952 3472 2109 3513 onus

450 3559 680 3615 magna
709 3559 781 3599 ex
807 3547 979 3617 parte
1010 3544 1287 3613 allevant,
1313 3561 1382 3601 ac
1405 3559 1637 3601 merces
1665 3544 2109 3603 indiscrimina—

450 3633 556 3691 tim
590 3633 827 3705 jaciunt
854 3633 918 3690 in
962 3650 1150 3707 mare,
1184 3638 1250 3691 ut
1278 3634 1485 3691 navim
1517 3634 1778 3691 reddant
1824 3635 2109 3693 ﬂuctibus

452 3724 849 3796 superiorem,
880 3727 940 3779 et
981 3724 1308 3781 animabus
1336 3723 1477 3780 solis
1512 3728 1695 3796 atque
1727 3725 2107 3798 corporibus,

448 3811 497 3868 si
535 3812 721 3869 modo
762 3813 891 3869 ﬁeri
920 3812 1133 3884 possit,
1162 3813 1394 3868 vitandi
1437 3813 1687 3885 periculi
1720 3813 1927 3869 locum
1954 3829 2110 3886 prse-

447 3900 651 3958 beant.
677 3904 803 3957 lmo
824 3902 1004 3957 etiam
1025 3902 1154 3957 haec
1176 3902 1344 3974 apud
1367 3918 1480 3958 nos
1509 3907 1568 3957 et
1587 3907 1848 3958 statuere
1869 3907 1927 3957 et
1948 3917 2111 3958 exse-

446 3990 555 4063 qui
574 3990 753 4061 longe
774 3990 971 4061 magis
990 3990 1169 4046 nobis
1186 4006 1370 4062 quam
1389 3990 1503 4046 illis
1525 3990 1822 4047 convenit.
1841 3990 1927 4047 Illi
1947 3990 2109 4047 enim

448 4078 748 4151 quidquid
780 4078 1028 4135 tandem
1075 4078 1381 4150 ejecerint,
1412 4079 1571 4136 illico
1614 4080 1916 4149 amittunt,
1947 4084 2004 4137 et
2034 4079 2109 4135 de

447 4171 663 4224 caetero
706 4167 980 4224 incidunt
1025 4167 1194 4224 inviti
1232 4168 1293 4224 in
1341 4173 1782 4242 paupertatem,
1813 4171 2109 4243 n033vero

447 4273 572 4331 quo
600 4257 773 4313 citius
807 4274 1065 4331 parvum
1089 4258 1205 4314 hoc
1231 4275 1386 4315 onus
1412 4259 1863 4332 projecerimus,
1887 4277 1958 4318 eo
1983 4277 2110 4318 am-

450 4345 672 4420 pliores
692 4347 1263 4422 praestantioresque
1279 4350 1519 4406 divitias
1542 4350 1867 4407 animabus
1883 4351 2111 4409 nostris

448 4437 999 4496 accumulabimus.
1025 4439 1315 4497 Scortatio
1333 4456 1625 4515 namque,
1648 4446 1704 4498 et
1726 4457 2109 4516 quacunque

450 4527 594 4585 talia
637 4533 799 4591 sunt.
828 4528 1018 4600 ejecta
1057 4536 1336 4603 pereunt,
1376 4536 1436 4588 et
1477 4547 1549 4587 eo
1579 4531 1903 4589 deveniunt
1938 4537 2005 4589 ut
2032 4548 2108 4589 ne

449 4619 571 4675 sint
610 4619 861 4692 quidem
907 4620 1192 4693 amplius,
1237 4638 1376 4679 cum
1422 4621 1709 4694 lacrymis
1751 4623 2104 4681 deleantur:

449 4703 857 4761 sanctimonia
885 4722 1025 4763 vero
1053 4711 1109 4762 et
1134 4707 1364 4778 justitia
1396 4708 1457 4763 in
1485 4707 1730 4764 illorum
1764 4714 1979 4782 postea
2017 4709 2108 4766 lo-

447 4809 583 4851 cum
615 4798 957 4865 transeunt,
988 4811 1085 4851 res
1127 4793 1307 4865 leves,
1346 4802 1403 4852 et
1433 4812 1566 4869 quae
1607 4796 1894 4855 ﬂuctibus
1924 4798 2108 4855 nullis

445 4887 675 4956 queant
694 4882 965 4940 obvolvi.
1002 4888 1205 4958 Neque
1226 4902 1365 4942 vero
1388 4887 1662 4959 pecuniae
1686 4887 1875 4959 probe
1904 4889 2108 4960 ejecta:

444 4976 698 5046 pereunt
719 4972 1173 5031 etfundentibus
1193 4991 1267 5032 ac
1288 4976 1777 5049 projicientibus:
1801 4976 1907 5034 sed
1928 4977 2106 5050 quasi

444 5059 506 5117 in
526 5060 677 5119 alias
700 5062 1008 5136 quasdam
1029 5065 1339 5123 onerarias
1366 5081 1551 5123 naves
1581 5068 1854 5139 tutiores,
1877 5083 2106 5141 paupe-

517 5220 565 5258 ⁸⁸
609 5224 631 5279 1
670 5218 828 5280 Tim.
866 5241 943 5299 VI,
983 5229 1040 5297 7,
1082 5227 1134 5283 8.
1213 5226 1261 5263 ‘9
1300 5226 1454 5285 Psal.
1496 5246 1573 5300 vi,
1614 5231 1667 5286 6.

449 5432 483 5448 ,η
516 5364 635 5448 (Q7)
676 5366 829 5448 Editi
881 5366 1123 5448 ᾁνὸνητα.
1173 5371 1419 5445 Antiqui
1467 5376 1585 5431 tres
1619 5372 1757 5430 libri
1801 5371 2015 5443 ἀνόητα,
2048 5377 2106 5432 et

444 5437 529 5493 ita
560 5437 789 5507 legerat
812 5439 1127 5507 interpres.

444 5512 635 5636 d.(9.8)
669 5511 840 5637 tinus
874 5511 1040 5571 Colb.
1074 5512 1148 5586 ἐφ’
1173 5513 1353 5567 ἑαυτὸν
1388 5520 1696 5590 συνήγαγεν,
1723 5533 1908 5574 sensu
1936 5517 2102 5578 haud

489 5596 678 5637 lSSlml
710 5598 746 5637 Ι.

1828 276 1888 333 S.
1928 272 2175 331 BASILII
2215 272 2435 328 MAGNI

452 409 503 467 ci
524 405 896 472 reclamabit,
921 401 1318 477 praescribcns
1339 400 1483 458 illud
1518 400 1715 457 Pauli:
1744 401 1922 458 Nihil
1950 400 2109 456 intu-

2224 396 2591 469 εἰσηνέγκαμεν
2655 394 2724 457 εἰς
2789 396 2875 447 τὸν
2935 396 3130 467 κόσμον
3197 401 3376 446 τοῦτον
3411 414 3423 427 ·

2138 4473 2183 4527 D

3724 275 3829 329 552

3497 390 3677 464 δῆλον,
3748 399 3832 450 ὅτι

2224 483 2348 539 οὐδὲ
2388 485 2660 558 ἐξενεγκεῖν
2699 505 2751 537 τι
2784 481 3108 557 δυνφάμεθα.
3137 484 3385 554 Ἔχοντες
3433 481 3493 538 δὲ
3540 481 3831 560 διατροφὰς

2223 580 2313 628 καὶ
2381 576 2765 648 σκεπάσματα,
2833 576 3035 635 τούτοις
3102 571 3577 647 ἀρκεσθησόμεθα.
3651 582 3833 629 Ταῦτα

2223 668 2314 739 μεν
2360 667 2462 741 γὰρ
2513 660 2722 737 ἐπᾴδων
2782 664 2922 735 αύτῷ
2973 671 3209 735 συνεχῶς
3258 667 3349 716 καὶ
3410 663 3576 736 βοῶν,
3628 670 3830 725 ευήνιόν

2223 774 2278 809 τε
2320 755 2446 807 αύτό
2494 759 2584 806 καὶ
2630 761 2819 827 κοῦφον
2868 752 2947 807 ἀεὶ
3003 756 3133 827 πρὸς
3174 758 3268 812 τὴν
3321 753 3557 829 οὐράνιον
3605 752 3829 810 ὁδοιπο-

2223 850 2339 920 ρίαν
2407 842 2684 919 ἐργάσεται
2716 886 2732 911 ,
2791 848 2882 897 καὶ
2955 843 3146 917 μᾶλλον
3226 842 3301 905 εἰς
3376 846 3444 896 τὰ
3515 851 3828 920 προκείμενα

2224 939 2476 993 κτήσεται
2560 937 2806 1009 συνεργόν
2836 953 2850 968 ·
2920 932 2963 986 εἰ
3039 929 3099 986 δὲ
3173 932 3404 1009 ὑϐρίζειν
3484 935 3612 988 αύτό
3690 956 3827 1009 συγ-

2222 1028 2489 1100 χωρήσοι,
2531 1029 2621 1077 καὶ
2664 1025 2868 1075 πάντων
2909 1022 2983 1096 ἐφ’
3030 1025 3224 1097 ἡμέραν
3269 1021 3648 1097 ἐμπίπλασθαι,
3689 1027 3826 1078 καθ-

2223 1116 2352 1187 άπερ
2384 1132 2436 1165 τι
2469 1115 2648 1187 θηρίον
2693 1112 2967 1186 ἀνήμερον,
2995 1112 3211 1187 ὕστερον
3250 1121 3367 1175 ταῖς
3417 1112 3615 1186 βιαίοις
3663 1114 3825 1169 αὐτοῦ

2221 1206 2352 1276 πρὸς
2406 1211 2504 1274 γῆν
2561 1201 2835 1264 ἀνθολααίς
2895 1204 3370 1269 συνεπισπασθεὶς,
3430 1208 3662 1257 κείσεται
3714 1208 3828 1257 στέ-

2220 1312 2319 1344 νων
2370 1290 2595 1351 ἀνόνητα
2636 1293 2766 1363 (97).
2830 1295 2931 1345 Καὶ
2978 1294 3103 1366 πρὸς
3154 1295 3242 1344 τὸν
3299 1296 3562 1351 Δεσπότην
3621 1292 3823 1365 ἀχθεὶς,

2220 1387 2311 1436 καὶ
2366 1390 2463 1445 τῆς
2519 1382 2606 1436 ἐπὶ
2654 1390 2757 1455 γῆς
2800 1387 3012 1458 πορείας
3057 1390 3154 1443 τῆς
3207 1378 3510 1445 ἐνδοθείσης
3561 1384 3702 1455 αύτῷ
3740 1389 3826 1438 τὸν

2220 1474 2419 1546 καρπὸν
2464 1469 2859 1545 ἀπαιτούμενος,
2906 1469 3018 1524 εἶτα
3055 1471 3149 1523 ούκ
3197 1473 3332 1543 ἔχων
3381 1468 3584 1540 δοῦναι,
3636 1474 3827 1547 θρηνή-

2223 1579 2304 1614 σει
2350 1563 2547 1637 μακρὰ,
2603 1565 2692 1614 καὶ
2735 1564 2923 1622 σκότος
2968 1560 3174 1619 οἰκήσει
3231 1558 3484 1629 διηνεκὲς,
3540 1562 3705 1615 πολλὰ
3757 1570 3821 1636 τῇ

2219 1658 2387 1724 τρυφῇ
2439 1655 2530 1703 καὶ
2566 1658 2630 1724 τῇ
2680 1653 2874 1711 ταύτης
2918 1649 3084 1723 πλάνῃ
3131 1654 3475 1723 μεμφόμενος,
3520 1651 3603 1723 ὑφ’
3635 1652 3699 1714 ἧς
3736 1655 3823 1705 τόν

2220 1747 2317 1802 τῆς
2360 1744 2624 1816 σωτηρίοις
2675 1739 2903 1800 ἐσυλήθη
2953 1743 3133 1815 καιρὸν
3158 1761 3171 1774 ·
3204 1736 3356 1793 οὐδὲν
3392 1737 3452 1793 δὲ
3499 1740 3552 1792 ἐκ
3589 1750 3689 1793 τῶν
3716 1738 3823 1795 δα·-

2219 1832 2389 1905 κρύων
2435 1832 2514 1884 ἔτι
2559 1826 2865 1906 κερδαίνων.
2913 1828 2994 1883 Ἐν
3040 1831 3139 1904 γὰρ
3188 1836 3260 1900 τῷ
3309 1826 3414 1903 ᾄδῃ
3464 1832 3549 1891 τίς
3586 1829 3825 1904 ἐξομολο-

2218 1924 2441 1993 γήσεται
2471 1938 2592 1990 σοι;
2625 1926 2782 1994 φησὶν
2808 1921 2835 1973 ό
2866 1917 3052 1976 Δαϐίδ.

2288 2195 2343 2247 7.
2395 2194 2637 2266 Φύγωμεν
2694 2187 2782 2245 οὖν
2843 2192 2982 2254 ὅπως
3046 2193 3118 2245 ἔνι
3175 2194 3416 2264 τάχους,
3474 2197 3546 2266 μὴ
3611 2191 3820 2255 ἑαυτούς

2220 2280 2419 2345 ἑκόντες
2468 2281 2854 2356 συμπνίξωμεν.
2896 2282 2961 2337 Εἰ
3004 2278 3055 2335 δ’
3105 2285 3209 2358 ἄρα
3252 2302 3333 2344 τις
3381 2288 3471 2335 καὶ
3517 2282 3681 2336 πάλαι
3729 2280 3822 2336 δε-

2219 2368 2449 2433 λεασθεὶς
2474 2413 2487 2439 ,
2548 2372 2578 2431 ἦ
2638 2371 2864 2426 πλούτου
2922 2376 3061 2426 κόνιν
3126 2372 3180 2437 ἐξ
3233 2369 3445 2435 ἀδικίας
3501 2371 3577 2446 ἐφ’
3642 2372 3821 2426 ἑαυτὸν

2222 2465 2541 2535 συνεφόρησε
2568 2462 2708 2534 (98),
2746 2465 2837 2516 καὶ
2882 2464 2970 2516 τὸν
3021 2470 3138 2515 νοῦν
3168 2469 3279 2524 ταῖς
3318 2465 3505 2517 τούτου
3553 2467 3823 2538 μερίμναις

2217 2546 2529 2620 κατέδησεν,
2583 2551 2612 2609 ἣ
2673 2553 2839 2624 μύσος
2903 2550 3168 2622 ἀσελγείας
3227 2551 3474 2626 προσῆψε
3537 2559 3599 2623 τῇ
3670 2553 3823 2624 φύσει

2220 2636 2564 2694 δυσέκνιπτον
2586 2680 2603 2709 ,
2662 2642 2692 2701 ἣ
2751 2649 2851 2694 τῶν
2908 2640 3070 2693 ἄλλων
3127 2639 3464 2713 ἐγκλημάτων
3526 2639 3820 2713 ἐπλήρωσεν

2218 2728 2435 2784 ἑαυτόν·
2491 2731 2662 2797 οὗτος,
2718 2732 2788 2793 ὡς
2845 2732 2919 2783 ἔτι
2973 2733 3171 2806 καιρὸς,
3217 2734 3336 2804 πρὶν
3394 2728 3552 2782 ἐλθεῖν
3615 2730 3689 2790 εἰς
3744 2749 3822 2782 τε-

2215 2819 2354 2873 λείαν
2402 2819 2678 2889 ἀπώλειαν,
2720 2817 2996 2873 ἀποθέσθω
3042 2828 3142 2872 τῶν
3192 2823 3411 2893 φορτίων
3468 2821 3535 2872 τὰ
3589 2817 3817 2886 πλείονα,

2217 2915 2306 2962 καὶ
2361 2914 2483 2985 πρὶν
2543 2908 2871 2984 ὑποϐρύχιον
2921 2911 3164 2982 γενέσθαι
3218 2911 3276 2962 τὸ
3336 2910 3554 2981 σκάφος,
3608 2905 3820 2965 ἐκϐολὴν

2215 3001 2534 3059 ποιησάσθω
2581 3008 2682 3053 τῶν
2737 2998 3038 3073 ἀγωγιμων,
3072 3000 3107 3051 ά
3156 3004 3228 3072 μὴ
3291 2996 3513 3059 δεόντως
3571 2996 3820 3062 συνέλεξε,

2217 3093 2308 3142 καί
2352 3090 2679 3162 μιμησάσθω
2730 3092 2855 3152 τοὺς
2905 3098 2998 3149 τῆς
3038 3088 3315 3151 ,θαλάττης
3371 3087 3609 3162 ἐργάτας.
3658 3086 3823 3140 Ἐκεῖ-

2216 3198 2291 3231 νοι
2324 3181 2445 3254 γὰρ,
2479 3177 2523 3231 εἰ
2568 3182 2659 3231 καί
2695 3198 2748 3231 τι
2794 3186 2894 3231 τῶν
2926 3176 3220 3249 ἀναγκαίων
3263 3176 3348 3230 ἐπί
3390 3186 3481 3238 τῆς
3517 3179 3638 3237 νηὸς
3675 3177 3827 3247 οἴγον-

2215 3287 2299 3330 τες
2327 3270 2562 3340 τύχοιεν,
2602 3263 2809 3321 κλύδων
2853 3263 2914 3321 δε
2956 3266 3219 3340 ἐπαναστῇ
3251 3266 3376 3328 ζέων
3427 3264 3481 3318 ἐκ
3528 3285 3620 3319 του
3667 3264 3827 3319 πελά-

2215 3378 2341 3433 γους
2388 3359 2585 3426 αύτοῖς,
2635 3361 2727 3411 καὶ
2781 3357 3056 3412 καλύπτειν
3102 3355 3357 3429 ἀπειλήσῃ
3385 3359 3501 3427 (99)
3550 3358 3828 3428 πεπιεσμέ-

2215 3470 2307 3510 νην
2355 3458 2429 3523 τῷ
2482 3454 2654 3525 φόρτῳ
2705 3453 2799 3509 τὴν
2851 3456 2997 3517 ναῦν,
3049 3451 3185 3511 ὅπως
3242 3450 3435 3521 ἔχουσι
3480 3448 3705 3519 τάχους,
3763 3448 3823 3499 τὸ

2216 3539 2347 3595 πολὺ
2394 3546 2488 3594 τοῦ
2538 3538 2734 3614 βάρους
2784 3537 3231 3607 ἆποσκευάζούσι,
3281 3536 3372 3591 καί
3421 3540 3517 3596 τὴν
3572 3535 3824 3610 ἐμπορίαν

2219 3626 2441 3704 ἀφειδῶς
2497 3628 2772 3683 ἁντλοῦσιν
2824 3630 2897 3692 εἰς
2953 3628 3246 3695 θάλασσαν,
3304 3628 3440 3687 ὥστε
3500 3625 3823 3701 ὑψηλοτέραν
3868 3680 3881 3685 ,

2216 3728 2442 3779 ποιῆσαι
2481 3723 2574 3779 τὴν
2617 3727 2742 3772 ναῦν
2785 3725 2879 3771 τοῦ
2926 3720 3178 3791 κύματος,
3211 3719 3302 3769 καί
3338 3720 3517 3789 μόναις
3566 3722 3679 3777 ταῖς
3724 3714 3827 3786 ψυ-

2217 3811 2364 3882 χαῖς,
2414 3812 2554 3882 εἴπερ
2612 3809 2718 3860 οἶόν
2762 3825 2835 3874 τε,
2877 3809 2967 3859 καὶ
3012 3812 3121 3869 τοῖς
3174 3812 3414 3879 σώμασιν
3467 3803 3516 3857 ἕν
3570 3812 3662 3858 τοῦ
3716 3823 3824 3858 κιν-

2220 3894 2379 3951 δύνου
2439 3893 2625 3950 δοῦναι
2678 3899 2847 3970 φυγήν
2894 3896 2972 3968 (1)
3031 3894 3207 3967 Πολλῷ
3262 3892 3323 3949 δε
3382 3895 3585 3948 ἕκείνων
3646 3891 3821 3954 δήπου

2216 3985 2407 4060 μᾶλλον
2459 3994 2629 4039 ταῦτα
2687 3983 2830 4059 ἡμᾶς
2897 3983 3244 4058 βουλεύεσθαί
3294 4004 3351 4038 τε
3412 3990 3668 4061 πρρσάκει
3730 3989 3822 4038 καὶ

2216 4077 2484 4151 πράττειν.
2537 4074 2749 4130 Ἐκεῖνοι
2810 4077 2900 4149 μεν
2954 4077 3056 4151 γὰρ
3119 4077 3242 4150 ὅπερ
3308 4074 3369 4127 ἂν
3435 4073 3819 4149 ἀπορρίψωσιν,

2218 4165 2400 4228 εὐθέως
2439 4164 2730 4233 ἀπώλεσαν,
2757 4169 2848 4219 καὶ
2890 4169 3227 4238 περιίσταται
3269 4163 3449 4218 λοιπὸν
3500 4162 3599 4237 βία
3643 4166 3824 4227 πενίας

2218 4255 2413 4317 αὐτοῖς·
2470 4257 2622 4329 ἡμεῖς
2668 4251 2727 4308 δὲ
2766 4253 2840 4328 ἐφ’
2889 4256 3012 4308 ὅσον
3060 4253 3121 4307 ἂν
3167 4257 3256 4308 τόν
3301 4256 3526 4329 πονηρὸν
3574 4251 3823 4317 ἐξαντλῆ-

2220 4365 2390 4420 σωμεν
2458 4350 2664 4420 φόρτον,
2713 4345 2924 4399 πλείονα
2982 4348 3073 4398 καὶ
3138 4343 3377 4418 βελτίονα
3436 4351 3553 4406 ταῖς
3615 4343 3823 4417 ψυχαῖς

2218 4436 2439 4491 πλοῦτον
2497 4434 2939 4511 ἐπισωρεύσομεν.
2996 4439 3217 4509 Πορνεία
3265 4438 3355 4507 μὲν
3405 4437 3529 4510 γὰρ,
3584 4437 3675 4486 καί
3722 4435 3826 4486 ὅσοι

2214 4534 2454 4594 τοιαῦτα,
2503 4526 2717 4602 ῥιφέντα
2761 4522 3054 4592 διόλλυται,
3094 4529 3185 4578 καὶ
3231 4527 3362 4600 πρὸς
3408 4526 3467 4577 τὸ
3515 4519 3654 4596 μηδὲ
3691 4520 3823 4576 εἶναι

2214 4623 2402 4692 χωρεῖ⁹
2449 4614 2668 4669 λυθέντα
2714 4621 2822 4679 τοῖς
2874 4612 3172 4690 δάκρυσιν·
3214 4612 3432 4686 ἁγιότης
3480 4609 3543 4666 δὲ
3593 4616 3684 4666 καὶ
3741 4609 3825 4666 δι-

2214 4708 2469 4765 καιοσύνη
2519 4705 2699 4759 λοιπόν
2757 4705 2829 4766 εἰς
2879 4708 2967 4757 τόν
3011 4702 3211 4757 ἓκείνων
3259 4706 3573 4777 μεθίσταται
3619 4711 3817 4777 χῶρον,

2214 4799 2504 4872 πράγματα
2544 4804 2734 4870 κοῦφα,
2786 4800 2877 4849 καὶ
2922 4794 3017 4849 οὐκ
3063 4791 3241 4848 εἰδότα
3287 4796 3490 4867 κύμασι
3545 4792 3821 4865 καλυφθῆ-

2213 4892 2299 4943 ναί
2349 4908 2484 4942 τισι.
2536 4889 2613 4941 Τὰ
2667 4888 2925 4963 χρήματά
2979 4906 3039 4958 γε
3091 4890 3213 4959 μὴν,
3269 4884 3580 4944 ἐκϐληθέντα
3628 4883 3816 4951 καλῶς,

2214 4983 2332 5033 οὔτε
2392 4977 2678 5032 ἀπόλλυται
2733 4983 2840 5038 τοῖς
2900 4975 3181 5029 ἐκϐαλοῦσι
3239 4978 3328 5028 καὶ
3383 4974 3603 5050 ῥίψασιν
3630 4994 3644 5009 ο
3711 4971 3817 5026 ἀλλ’

2215 5070 2388 5143 ὥσπερ
2447 5072 2522 5131 εὶς
2573 5063 2803 5131 ὁλκάδας
2849 5065 3009 5130 ἄλλας
3064 5065 3449 5142 ἀσφαλεστέρας
3506 5065 3678 5134 τινὰς,
3729 5064 3821 5125 τὰς

2286 5371 2398 5447 (99)
2408 5370 2594 5447 ᾐῌᾷί-ίί
2622 5368 2801 5447 ἀπειλή
2814 5389 2913 5429 σει.
2934 5372 3006 5426 Αἰ
3029 5384 3214 5447 mass.
3248 5365 3529 5447 ἇεπειλήσῃ.

2286 5436 2560 5519 (1)Ἐᾱὶῑὶ
2606 5447 2665 5501 et
2706 5446 2851 5515 Reg.
2895 5441 3203 5500 secundus
3251 5436 3436 5494 δοῦναι
3479 5436 3657 5511 φυγήν
3705 5436 3818 5495 Alii

2215 5520 2332 5574 tres
2360 5533 2508 5574 mss.
2541 5523 2747 5588 φυγεῖν.
