4110 6442
214 353 313 406 553
920 376 921 379 η
1000 349 1235 406 ΗοΜιι..
1279 349 1473 416 QUOD
1514 348 1831 433 MUNDANI

1948 348 2265 406 ιΠΗᾸΞΒΕΝ
2274 352 2418 409 DUM
2456 354 2598 410 NON
2641 354 2766 411 SIT.
3458 355 3564 411 554

204 482 300 527 τῶν
347 476 576 531 πενήτων
628 474 969 546 μετατεθέντα
1016 479 1294 548 γαστέρας,
1336 470 1659 534 διασώζεται
1709 476 1837 527 καὶι

1948 488 2042 528 um
2071 472 2341 531 videlicet
2370 480 2628 539 ventres,
2661 480 2990 549 exportatae
3021 486 3476 550 conversantur,
3508 479 3581 540 et

207 565 381 636 φθάνει
432 565 561 636 πρός
613 562 817 636 λιμένας
874 562 1102 631 ἐλθόντα,
1165 569 1254 616 καὶ
1314 564 1622 637 ουλαττεται
1689 570 1801 624 τοῖς

1948 561 1988 617 d
2014 568 2223 634 portus
2244 565 3561 645 perveniunt,custodiunturquejacicntibus,

205 652 531 719 ἐκϐάλλουσι,
565 657 778 726 κόσμος,
812 653 871 707 ού
909 650 1173 717 κίνδυνος.

1948 651 2132 724 uibus
2155 660 2515 713 ornamento
2538 662 2700 726 sunt,
2735 671 2860 713 non
2885 658 3156 731 periculo
3171 701 3184 715 .

1982 747 2035 798 8.
2070 745 2420 801 Statuamus
2463 746 2645 817 igitur
2674 747 2750 803 de
2793 747 3274 822 nobismetipsis,
3313 749 3570 809 dilectis-

1912 833 2070 902 simi,
2100 833 2428 891 humanius
2448 836 2769 910 quiddam,
2802 842 2860 895 et
2888 837 3228 896 divitiarum
3301 857 3475 912 onus,
3518 843 3571 900 si

1912 922 2098 980 modo
2128 924 2303 981 nobis
2332 927 2621 999 prodesse
2650 928 2832 1001 plane
2862 929 3361 1002 velimus,multis
3381 933 3575 990 distri-

1911 1012 2209 1069 buamus:
2238 1015 2388 1087 quid
2413 1016 2563 1072 illud
2584 1022 2641 1073 et
2668 1018 3060 1076 transvehent
3086 1035 3386 1095 perquam
3415 1023 3571 1093 laete,

1914 1106 1974 1159 et
2000 1103 2063 1159 in
2097 1101 2334 1160 Domini
2358 1104 2512 1178 sinu,
2545 1106 2710 1164 velut
2727 1109 2788 1163 in
2810 1110 3238 1182 promptuariis
3260 1111 3574 1169 tutissimis

1912 1192 2265 1263 recondent,
2279 1193 2390 1251 Ubi
2397 1196 2561 1253 tinea
2573 1213 2694 1253 non
2705 1198 3416 1273 demolitur,nequefures
3427 1204 3512 1273 e/f
3508 1219 3575 1261 o-

1916 1281 2697 1354 diunt,nequefurantur9".
2741 1286 2965 1344 Divitiis
2992 1288 3221 1346 effundi
3256 1290 3319 1347 in
3348 1306 3575 1362 egenos

1917 1372 2297 1443 cupientibus
2319 1390 2426 1447 per
2445 1391 2559 1431 nos
2574 1375 2869 1434 liceat.0b
2890 1378 3099 1435 oculos
3120 1384 3361 1437 nostros
3372 1382 3578 1439 hodie-

1916 1477 2037 1535 que
2056 1461 2326 1534 jacentes
2358 1466 2609 1522 Lazaros
2638 1481 2715 1523 ne
2755 1473 3213 1540 praetereamus,
3247 1485 3446 1544 neque
3489 1473 3578 1529 eis

1919 1567 2147 1608 mensae
2168 1558 2392 1610 nostrae
2406 1555 2597 1611 micas
2610 1558 2680 1626 9*,
2694 1558 2736 1627 1
2747 1558 2867 1629 69
2885 1573 3022 1631 quae
3034 1558 3114 1614 ad
3127 1559 3292 1631 ipsos
3306 1565 3581 1618 saturan-

203 1637 347 1713 μηδὲ
374 1647 474 1691 τῶν
504 1637 707 1710 ψιχίων
752 1646 850 1701 τῆς
886 1639 1143 1712 ἡμετέρας
1195 1639 1462 1715 τραπέζης
1517 1637 1810 1713 ἀρκούντων

1948 1642 2031 1697 los
2061 1641 2387 1712 sufﬁciunt,
2428 1645 2835 1719 invideamus,
2867 1652 3049 1722 atque
3079 1649 3377 1708 immitem
3406 1652 3580 1709 illum

204 1729 391 1791 αὐτοῖς
444 1728 515 1790 εἰς
560 1731 712 1802 κόρον
752 1726 1139 1801 βασκήνωμεν·
1198 1725 1359 1801 μηδὲ,
1413 1730 1501 1781 τὸν
1561 1726 1811 1804 ἀνήμερον

1948 1730 2168 1788 livitem
2193 1732 2427 1801 imitati,
2462 1734 2543 1790 ad
2583 1736 2865 1792 eamdem
2898 1742 3081 1810 atque
3125 1738 3256 1813 ipse
3286 1741 3581 1811 gehennae

495 1816 824 1879 ζηλώσαντες
913 1816 1183 1884 πλούσιον,
1279 1820 1410 1893 πρός
1480 1822 1576 1877 τὴν
1650 1818 1811 1876 αύτὴν

1948 1821 2236 1878 lammam
2266 1822 2607 1880 veniamus.
2649 1827 2801 1882 Nam
2846 1826 3111 1885 multum
3158 1830 3408 1902 quidem
3440 1835 3583 1889 tunc

203 1905 384 1979 ἐκείνῳ
441 1913 538 1968 τῆς
586 1909 785 1978 γεέννης
838 1904 1005 1979 φλόγα
1061 1907 1401 1981 μετέλθωμεν.
1474 1906 1615 1960 Ἐπεὶ
1693 1907 1814 1960 πολ-

1948 1911 2337 1969 tbrahamum
2350 1912 3179 1983 rogabimus,multumetiam
3193 1935 3584 1995 quoscunque

201 1995 275 2049 λά
332 1998 423 2069 μὲν
477 2002 570 2049 τοῦ
628 1994 868 2069 Ἀϐραὰμ
926 1992 1298 2070 δεηθησόμεθα
1341 2000 1474 2063 τότε,
1534 1996 1698 2050 πολλὰ
1755 1993 1814 2050 δὲ

1948 2000 2029 2073 [ui
2054 2001 2242 2059 vitam
2270 2019 2447 2060 suam
2475 2004 2664 2077 probe
2708 2007 3145 2078 transegerint:
3193 2011 3302 2067 sed
3345 1992 3586 2070 lucrum

203 2085 433 2140 ἑκάστου
480 2094 580 2138 τῶν
629 2083 957 2159 βεϐιωκότων
1012 2086 1217 2150 καλῶς’
1299 2083 1451 2140 οὐδὲν
1529 2083 1589 2140 δὴ
1666 2087 1815 2140 ἔσται

1948 2090 2158 2148 nullum
2220 2108 2295 2149 ex
2336 2099 2547 2150 nostro
2600 2094 2865 2153 clamore
2904 2101 3306 2157 consecuturi.
3361 2103 3587 2161 Frater

202 2171 399 2251 κέρδος
455 2175 582 2248 ἡμῖν
628 2183 725 2237 τῆς
777 2174 952 2249 βοῆς·
1023 2172 1271 2249 Ἀδελφός
1320 2177 1422 2250 γὰρ
1474 2174 1533 2229 οὗ
1589 2174 1814 2250 λυτροῦ-

1948 2163 2084 2219 :nim
2109 2180 2248 2221 mon
2268 2164 2531 2237 redimit,
2558 2168 2812 2225 redimet
2843 2169 3017 2226 homo
3039 2173 3087 2207 ⁹²
3107 2172 3136 2228 ?
3158 2173 3586 2247 Unusquisque

203 2286 302 2320 ται
354 2266 457 2337 (3),
516 2264 837 2339 λύτρὼσεται
886 2266 1213 2341 ἄνθρωπος;
1279 2263 1415 2341 Ἐρεῖ
1482 2262 1541 2319 δε
1596 2266 1816 2328 ἕκαστος

1948 2258 2128 2311 ιιιῑθω
2158 2254 2401 2311 illorum
2428 2255 2705 2313 clamans
2734 2257 3006 2316 dicturus
3034 2260 3212 2318 nobis
3238 2266 3353 2318 est:
3410 2266 3585 2321 Com-

204 2355 416 2410 εκείνων
469 2356 595 2429 ἡμῖν
646 2360 947 2431 κεκραγώςο
1019 2358 1107 2415 Μὴ
1184 2355 1332 2417 ζήτει
1410 2354 1814 2429 φιλανθρωπίαν,

1948 2344 2379 2402 niserationem
2404 2362 2593 2419 quam
2629 2346 2760 2421 ipse
2790 2364 2937 2421 erga
2967 2350 3121 2408 alios
3160 2351 3478 2424 ignorasti,
3510 2370 3588 2412 ne

206 2446 274 2507 ἣν
314 2444 474 2506 αὐτὸς
510 2441 586 2517 ἔφ’
626 2441 807 2519 ἑτέρων
845 2445 1110 2517 ἠγνόησας
1143 2464 1157 2478 ο
1213 2439 1354 2517 μηδὶ
1398 2441 1594 2517 βούλου
1645 2443 1817 2498 λαϐεῖν

1948 2437 2189 2509 mseras,
2214 2452 2414 2509 neque
2432 2436 2583 2493 velis
2612 2439 2884 2512 accipere
2904 2439 3060 2498 adeo
3098 2457 3346 2513 magna,
3390 2445 3590 2519 tu,qui

206 2535 350 2592 οὕτω
401 2532 601 2607 μεγάλα
654 2536 721 2586 σύ
785 2541 886 2586 τῶν
942 2532 1222 2587 ἐλαττόνων
1275 2534 1602 2607 φεισάμενος.
1655 2532 1818 2589 Ἀπό-

1948 2541 1963 2583 ι
2011 2525 2347 2583 minoribus
2400 2527 2727 2599 erogandis
2777 2528 3145 2588 abstinuisti.
3197 2532 3472 2590 Collectis
3525 2535 3590 2592 in

203 2624 339 2680 λαυε
387 2625 584 2677 τούτων
627 2623 696 2675 ὧν
735 2622 784 2676 ἓν
835 2632 909 2696 τῷ
966 2622 1069 2696 βίῳ
1115 2622 1405 2686 συνέλεξας.
1462 2624 1661 2698 Δάκρυε
1706 2631 1816 2693 νῦν,

1948 2615 2050 2673 rita
2079 2615 2258 2673 bonis
2280 2616 2497 2674 fruere.
2546 2619 2911 2692 Lacrymare
2938 2636 3121 2694 nunc,
3158 2638 3298 2679 cum
3327 2627 3469 2681 tunc
3507 2625 3593 2684 la-

209 2710 395 2773 ἓπειδή
441 2717 555 2767 τότε
602 2709 900 2789 δακρύοντα
944 2715 1032 2766 τόν
1080 2709 1300 2787 ἀδελφὸν
1349 2713 1481 2789 ὁρῶν
1523 2712 1619 2767 ούκ
1661 2713 1820 2774 ἠλέη-

1948 2709 2327 2777 :rymantemi
2339 2705 2583 2763 fratrem
2608 2706 3013 2782 intuens,ejus
3031 2710 3158 2768 non
3171 2711 3254 2768 sis
3279 2712 3591 2772 misertus.

213 2825 341 2868 σας.
370 2810 551 2860 Ταῦτα
577 2801 776 2878 ἐροῦσι,
822 2807 914 2856 καὶ⁵
971 2798 1208 2872 δικαίως,
1266 2804 1412 2877 ἡμῖν.
1481 2799 1706 2856 Δίδοικα
1762 2800 1823 2858 δέ

1948 2797 2066 2851 iaec
2095 2794 2297 2853 dicent
2318 2795 2521 2868 nobis,
2552 2813 2666 2854 nec
2693 2798 2935 2870 injuria.
2979 2802 3108 2858 Imo
3136 2818 3347 2859 vereor
3374 2820 3450 2862 ne
3480 2821 3595 2863 nos

212 2892 341 2967 εγὼ,
417 2897 490 2968 μὴ
548 2897 638 2946 καὶ
692 2896 1019 2967 πικροτέροις
1078 2894 1219 2966 ἡμᾶς
1269 2893 1465 2946 τούτων
1497 2890 1705 2966 βάλωσι
1728 2892 1823 2968 ῥή-

1948 2889 2231 2958 .mpetant
2259 2884 2680 2944 acerbioribus
2701 2888 2883 2945 etiam
2912 2889 3131 2960 verbis,
3165 2907 3306 2950 cum
3348 2892 3595 2952 divitem

215 3001 406 3057 μασιν,
466 2979 643 3041 ἐπειδὴ
703 2986 794 3035 καὶ
842 2990 1063 3057 νικῶμεν
1129 2980 1337 3050 ἐκεῖνον,
1414 2983 1485 3044 ὡς
1552 2985 1688 3050 ἴστε,
1755 2987 1818 3055 τῇ

1951 2973 2125 3043 llum,
2173 2977 2241 3031 ut
2297 2975 2485 3045 scitis,
2523 2976 2915 3049 improbitate
2962 2996 3345 3052 superemus.
3394 2987 3599 3059 Neque

215 3077 451 3147 πονηρίᾳ
502 3075 587 3126 τὸν
637 3071 909 3127 πλούσιον.
977 3068 1120 3126 Ούδέ
1175 3073 1278 3147 γάρ
1337 3068 1634 3146 φειδόμενοι
1688 3073 1823 3124 καθ-

1948 3064 2119 3135 3nim,
2150 3068 2217 3120 ut
2234 3064 2457 3121 divitiis
2490 3082 2739 3140 prorsus
2763 3085 3109 3141 parcamus,
3139 3071 3312 3129 humi
3330 3080 3596 3147 prostra-

215 3160 367 3225 ἀπαξ
419 3161 664 3231 πλούτου,
717 3165 840 3225 τοὺς
881 3160 1216 3238 ἐρριμμένους
1276 3167 1456 3236 χαμαὶ
1493 3163 1828 3239 παρατρέχο-

1948 3160 2027 3214 tos
2074 3155 2287 3212 fratres
2339 3156 2745 3229 praeterimus:
2816 3175 3016 3233 neque
3056 3166 3121 3218 ut
3159 3178 3308 3236 opes
3357 3170 3600 3225 nostras

211 3274 312 3329 μεν
345 3249 618 3328 ἀδελφούς,
647 3250 774 3308 ούδὲ
801 3260 912 3316 τοῖς
940 3258 1123 3308 παισὶν
1171 3254 1200 3314 ἦ
1241 3262 1353 3315 τοῖς
1394 3252 1570 3316 ἀλλοις
1615 3254 1828 3318 οἰκείοις

1948 3244 2138 3303 Liberis
2177 3249 2284 3303 aut
2309 3246 2443 3302 aliis
2468 3247 2831 3321 propinquis
2852 3266 3184 3321 servemus,
3204 3268 3382 3310 aures
3405 3256 3600 3329 preci-

210 3348 316 3404 τὴν
387 3343 633 3420 εύπορίαν
685 3343 1046 3417 φυλάττοντες,
1087 3342 1422 3417 ἀποκλείομεν
1473 3350 1585 3406 τοῖς
1650 3340 1828 3418 δεομέ-

1948 3334 2053 3392 bus
2103 3350 2438 3406 egenorum
2489 3337 2909 3411 occludimus;
2959 3340 3070 3397 sed
3098 3346 3161 3399 ut
3192 3342 3273 3400 ad
3300 3342 3605 3404 deteriora

208 3454 329 3498 νοις
369 3437 465 3497 τάς
521 3432 720 3495 ἀκοάςο
783 3430 913 3487 ἀλλά
957 3437 1054 3492 τήν
1084 3430 1324 3491 δαπάνην
1351 3435 1706 3505 μετατιθέντες
1744 3432 1829 3487 ἐπὶ

1948 3428 2273 3483 transmota
2291 3425 2586 3499 impensa,
2603 3428 3080 3488 muniﬁcentiam
3112 3432 3430 3505 pravitatis
3459 3435 3606 3493 inci-

204 3532 332 3588 τοῖς
361 3527 596 3597 χείροσι,
628 3525 721 3575 καὶ
757 3522 817 3574 τὸ
848 3520 1342 3595 φιλότιμονςιάκόνην
1372 3526 1624 3598 πονηρίας
1652 3525 1831 3575 ποιού-

1948 3516 2278 3571 tamentum
2297 3513 2595 3571 faciamus
2633 3515 2728 3584 iis,
2759 3517 2867 3590 qui
2896 3534 3033 3576 eam
3063 3524 3394 3580 sectantur.
3450 3514 3608 3588 Quot

203 3632 366 3691 μενοι
415 3618 524 3676 τοῖς
567 3613 766 3671 ταύτην
813 3607 1205 3670 ίπιτηδεύουσι.
1254 3615 1427 3665 Πόσαι
1470 3614 1570 3687 γαρ
1613 3612 1830 3684 ἣξπόσοι

1948 3602 2126 3671 enim;
2155 3602 2466 3677 utriusque
2510 3620 2694 3662 sexus
2736 3608 3151 3679 quorumdam
3186 3625 3465 3667 mensam
3491 3610 3607 3666 cir-

202 3713 315 3759 τῶν
369 3701 512 3755 ἐνίων
569 3704 952 3777 περιεστήκασι
996 3700 1298 3777 τράπεζανί
1358 3703 1408 3755 οἱ
1458 3705 1549 3775 μὶν
1581 3701 1834 3774 αἰσχροῖς

1948 3692 2284 3750 cumstantl
2330 3709 2594 3767 quorum
2625 3695 2726 3753 alii
2755 3697 3038 3754 obscenis
3068 3698 3272 3755 verbis
3300 3700 3611 3757 oblectant

203 3795 433 3872 ῥήμασι
492 3795 580 3845 τόν
656 3791 937 3868 ἑστιάτορα
1012 3791 1291 3864 θέλγοντες,
1359 3793 1410 3845 οἰ
1486 3788 1546 3845 δε
1620 3791 1833 3855 ἀτόποις

1948 3781 2417 3853 convivatorem,
2439 3782 2540 3841 alii
2577 3784 2882 3844 indecoris
2911 3790 2972 3845 et
2997 3787 3312 3846 obtutibus
3342 3788 3401 3846 et
3430 3789 3610 3862 gesti-

210 3869 500 3959 βλέμμασί
549 3900 603 3936 τε
650 3884 741 3935 καὶ
784 3885 1039 3955 σχήμασι
1066 3884 1127 3934 τό
1157 3890 1255 3943 τῆς
1293 3879 1555 3955 ἀκρασίας
1595 3878 1833 3934 ἐκκαίον-

1948 3869 2059 3928 bus
2088 3871 2537 3930 incontinentiae
2566 3873 2772 3947 ignem
2801 3876 3168 3947 accendunt,
3216 3878 3319 3935 alii
3350 3878 3611 3936 dicteriis

207 3993 304 4037 τες
353 3980 458 4046 πῦρ
482 3992 499 4008 ·
562 3972 612 4026 οἱ
654 3967 716 4026 δέ
760 3977 873 4033 τοῖς
909 3970 982 4033 εἰς
1022 3969 1271 4034 ἀλλήλους
1313 3975 1600 4045 σκώμμασι
1636 3970 1837 4043 γελωτα

1948 3962 2174 4019 mutuis
2214 3962 2651 4021 volunt‘risum
2672 3964 2949 4024 invitanti
2976 3983 3243 4038 movere,
3285 3969 3387 4027 alii
3413 3969 3612 4028 laudi-

209 4072 293 4137 τῷ
364 4061 638 4122 κεκληκότι
715 4061 1129 4123 κατασκευάζειν
1201 4059 1498 4123 ἐθέλοντεςε
1560 4059 1711 4114 ἄλλοι
1777 4056 1837 4113 δε

1948 4052 2064 4110 bus
2095 4052 2265 4109 falsis
2294 4069 2435 4110 eum
2460 4054 3090 4115 circumveniunt.Nec
3116 4059 3235 4116 hoc
3254 4060 3442 4117 modo
3462 4059 3617 4117 lucri

214 4147 568 4226 ἓψευσμένοις
618 4148 848 4214 ἐπαίνοις
908 4147 1201 4223 ἀπατῶντες
1230 4151 1309 4224 (4)
1380 4148 1555 4203 αύτόν.
1620 4153 1722 4202 Καὶ
1777 4147 1837 4201 ού

1948 4143 2198 4213 faciunt,
2247 4147 2314 4202 ut
2358 4144 2636 4203 convivio
2688 4146 2775 4204 ita
2815 4147 3139 4221 splendido
3185 4151 3614 4225 excipiantur:

212 4244 281 4296 τὸ
469 4241 634 4302 οὕτως
674 4240 985 4300 ἑστιαθῆναι
1028 4239 1277 4314 λαμπρῶς
1319 4242 1475 4313 μόνον
1525 4235 1837 4315 κερδαίνου-

1949 4235 2059 4291 sed
2082 4249 2305 4291 manus
2327 4233 2511 4292 etiam
2531 4235 2808 4309 pretiosis
2833 4238 3193 4296 muneribus
3224 4240 3437 4314 plenas
3462 4241 3618 4298 refe-

271 746 330 799 8.
406 741 812 816 Βουλευσὼμεθα
874 748 1065 809 τοίνυν,
1136 743 1420 816 ἀγαπητοὶ,
1499 749 1617 820 περὶ
1688 742 1803 796 ἑαυο

204 834 324 895 τούς
348 833 417 901 (2)
446 851 500 883 τι
548 831 923 907 φιλάνθρωπον,
970 837 1061 885 καὶ
1107 837 1166 886 τό
1195 842 1291 895 τῆς
1340 833 1585 907 εὐπορίας
1608 835 1800 904 ἄχθος,

207 924 344 997 εἴπερ
401 921 529 983 ὅλως
577 919 828 995 ἐθέλοιμεν
892 924 1223 980 ποιήσασθαι
1288 920 1470 995 κέρδος
1535 924 1800 995 ἡμέτερον,

205 1011 411 1073 πολλοῖς
443 1007 804 1084 διανείμωμεν,
839 1010 887 1063 οἳ
919 1010 1259 1085 βαστάσουσί
1307 1032 1361 1065 τε
1408 1012 1534 1064 αὐτὸ
1584 1031 1807 1087 περιχα-

205 1111 326 1175 ρῶς,
380 1106 470 1154 καὶ
525 1108 631 1161 τοῖς
681 1109 775 1153 τοῦ
834 1106 1096 1155 Δεσπότου
1153 1102 1386 1169 κόλποις,
1446 1099 1658 1163 ἀσύλοις
1705 1120 1806 1153 τα-

206 1196 388 1267 μείοις,
449 1190 925 1258 ἓναποκλείσουσιν,
1005 1190 1175 1244 ’Ὁπου
1231 1195 1329 1253 σης
1383 1190 1478 1243 ούκ
1546 1188 1806 1264 ἀφανίζει,

207 1277 331 1334 ούὸε
407 1279 604 1353 λῃσταὶ
679 1275 1068 1355 διορύττουσιν⁹
1147 1277 1273 1332 οὐδε
1346 1279 1650 1334 κλέπτουσι.
1713 1286 1809 1332 Δῶ·

204 1389 295 1445 μεν
370 1368 610 1432 ἐξουσίαν
691 1370 1059 1443 ύπερχυθῆνοιι
1129 1368 1426 1442 βουλομένῳ
1509 1372 1640 1443 πρός
1685 1372 1809 1433 τοὺς

207 1456 484 1534 δεομένους
552 1466 627 1529 τῷ
699 1458 927 1531 πλούτῳ.
988 1462 1073 1518 Μὴ
1125 1455 1552 1533 παραδραμωμεν
1594 1462 1718 1521 τοὺς
1760 1457 1809 1511 ἐν

204 1548 494 1623 ὀφθαλμοῖς
558 1549 704 1621 ἡμῶν
758 1549 833 1601 ἔτι
889 1552 980 1601 καὶ
1033 1556 1121 1601 νῦν
1177 1552 1441 1622 κειμένους
1505 1548 1808 1623 Λαζάρους,

203 1817 397 1871 ἐκεῖνον

218 4352 336 4400 σιν,
396 4329 526 4384 ἀλλά
581 4333 673 4384 καὶ
725 4331 820 4392 τὰς
865 4336 1053 4405 χεῖρας
1099 4329 1505 4404 πεπληρωμένας
1551 4327 1851 4383 πολυτελῶν“

1947 4332 2117 4394 runt;
2159 4328 2218 4382 et
2240 4323 2483 4382 discunt
2510 4341 2584 4383 ex
2612 4325 2811 4398 nobis,
2861 4343 2995 4386 esse
3036 4329 3152 4387 sibi
3180 4331 3384 4388 utilius
3413 4347 3621 4405 prose-

218 4418 416 4495 δώρων
473 4422 791 4492 κατάγουσι,
851 4422 942 4472 καὶ
993 4420 1321 4493 μανθάνουσι
1371 4418 1495 4493 παρ’
1553 4420 1723 4492 ἡμῶν,
1759 4418 1837 4471 ὅτι

1949 4414 2057 4490 qui
2083 4414 2317 4486 taliaget
2334 4414 2590 4486 efficere,
2612 4433 2803 4491 quam
2831 4418 3118 4476 virtutem
3148 4420 3544 4486 colere.Quod
3571 4423 3621 4480 si

215 4510 488 4565 λυσιτελεῖ
541 4510 735 4584 μᾶλλον
800 4518 902 4563 τῶν
960 4507 1153 4583 ἀρετῶν
1218 4510 1557 4565 τὰτοιαῦτα
1613 4512 1843 4582 μετιέναι

218 4606 325 4655 καὶ
348 4602 594 4675 πράττειν
648 4599 847 4664 αὐτοῖς.
906 4598 968 4654 Εἰ
1007 4594 1067 4653 δέ
1119 4602 1428 4675 παρασταίη
1486 4601 1644 4660 πίνης
1695 4598 1841 4671 ἡμῖν,

303 4691 357 4727 ὀ
383 4690 585 4748 Matth.
610 4703 689 4760 τι,
719 4690 811 4746 20.
887 4689 931 4725 ⁹¹
966 4691 1109 4748 Luc.
1139 4704 1257 4757 xv1,
1289 4692 1382 4746 20.
1460 4688 1510 4723 ³³
1546 4686 1705 4744 Psal.

301 4782 383 4863 ρ)
414 4779 568 4863 Editi
588 4782 714 4863 περί
741 4777 957 4834 ἑαυτῶν.
990 4778 1233 4854 Antiqui
1261 4782 1382 4835 tres
1424 4775 1563 4834 libri
1614 4776 1848 4838 ἑαυτούς.

232 4851 414 4910 Alius
446 4851 605 4905 αὐτού
616 4851 670 4914 ς.’
950 4920 955 4921 ί
1120 4918 1125 4921 _

308 4922 582 5006 (οχςοιι),
609 4922 848 5006 primus
870 4921 929 4975 ού
948 4918 1296 5006 λυτρῷσεται,
1317 4936 1440 5004 non
1469 4918 1857 5006 redimetuha-

220 4991 361 5055 mo.
376 4991 631 5051 Vocula
642 4995 703 5076 95
724 5010 849 5076 non
869 4991 1169 5076 reperitur
1195 5009 1395 5076 neque
1418 4993 1482 5076 in
1504 4992 1638 5049 aliis
1663 4991 1859 5076 tribus

224 5080 615 5139 russusque
640 5066 705 5121 in
742 5065 1023 5139 vulgatis.
1048 5065 1334 5139 suspicor
1374 5070 1579 5139 autem
1594 5065 1860 5139 particu-

224 5134 451 5211 lampz’:
471 5134 742 5195 additam
764 5134 945 5196 fuisse
963 5137 1043 5195 ab
1064 5134 1291 5211 aliquo,
1313 5137 1419 5211 qui
1439 5136 1571 5211 ejus
1593 5134 1709 5211 loci
1729 5150 1861 5211 seu:

231 5205 497 5284 [entiam
511 5223 635 5265 non
651 5205 1860 5284 assequereturEt'enim'nonintelligebat

227 5279 383 5339 ﬁeri
403 5296 605 5353 posse,
630 5286 698 5338 ut
716 5279 904 5353 hoino
928 5281 1275 5339 redimeret:
1307 5282 1379 5353 in
1398 5296 1522 5353 quo
1548 5279 1753 5352 ipsum
1774 5294 1863 5335 er-

224 5351 421 5433 rasse
435 5368 561 5433 non
585 5357 759 5433 puto.
781 5352 893 5433 Sed
929 5353 991 5409 in
1015 5368 1085 5433 eo
1109 5353 1258 5433 mibi
1284 5351 1856 5433 vide'tur‘peceasse,

222 5423 416 5501 quod
440 5423 756 5501 debuisset
765 5425 968 5498 potius
986 5430 1199 5501 notam
1217 5423 1705 5501 interrogationis
1723 5427 1862 5496 post

219 5495 475 5581 focam,
492 5495 1059 5581 ἄνθρωποςςροιεθτοξ
1110 5500 1174 5553 ut
1194 5495 1607 5581 snitnsensus,Si
1629 5495 1750 5581 rimi
1771 5510 1861 5581 ης-

220 5570 423 5629 dimit
440 5565 1001 5640 fratemredimetne
1021 5569 1233 5640 homo?
1254 5569 1456 5640 Neque
1476 5581 1620 5623 vero
1640 5566 1757 5640 hoc
1776 5565 1861 5621 di-

220 5637 820 5711 cimus’conjectura
841 5640 1054 5714 aliqua
1074 5637 1240 5697 ducti
1270 5655 1284 5694 :
1309 5637 1415 5696 sed
1434 5654 1500 5697 re
1521 5640 1656 5713 ipsa
1683 5638 1863 5695 inter-

538 5733 785 5789 Parnm.
828 5732 931 5788 Gn.
972 5731 1150 5788 XXXI.

1952 4504 2017 4562 in
2042 4507 2321 4561 nostrum
2360 4511 2758 4580 conspectum
2787 4523 3021 4581 pauper
3055 4509 3305 4579 venerit,
3359 4511 3468 4584 qui
3516 4511 3621 4568 vix

1954 4594 2142 4655 etiam
2183 4609 2312 4668 prae
2348 4593 2512 4652 fame
2554 4595 2859 4672 loquatur,
2900 4613 3258 4655 aversamur
3306 4598 3623 4658 hominem

1788 4704 1938 4752 XLVI!
1966 4690 2023 4744 8.

1959 4772 2299 4846 rogationis
2315 4778 2463 4833 nota
2481 4775 2545 4833 in
2565 4776 2832 4846 antiquis
2852 4776 3097 4835 duobus
3115 4777 3284 4836 libris
3304 4778 3622 4836 invenitur.

2038 4845 2119 4920 (4)
2150 4845 2260 4921 Ubi
2287 4845 2349 4921 in
2376 4852 2633 4921 utraque
2671 4845 2930 4921 editione
2957 4850 3174 4921 legitur
3212 4848 3433 4912 ἕπαίνοις
3462 4850 3625 4905 πλάτ-

1966 4916 2160 4995 εοντές,
2206 4916 2305 4995 _ib_i
2355 4916 2479 4975 vitii
2531 4916 2757 4995 aliquid
2817 4916 3067 4995 subesse
3126 4927 3286 4995 recte
3330 4922 3630 4995 judicavit

1967 4989 2369 5067 Combetisius
2397 5006 2411 5046 :
2454 4989 2561 5046 sed
2589 4989 2758 5064 quod
2792 4992 3125 5067 add_it,gpro
3153 4989 3478 5067 πλαττ-ὀντες,
3509 4993 3629 5067 legi

1969 5078 2081 5119 suo
2109 5060 2379 5139 periculo
2408 5060 2689 5139 oportere
2721 5069 2826 5139 aut
2853 5060 3171 5139 _g;lé§6yrr;,
3216 5070 3324 5123 aut
3371 5060 3631 5139 βλάπτοῖ-

1966 5133 2556 5209 τεςλὰιιι-προίττολντες,
2587 5133 2759 5209 in__eo
2788 5135 2914 5209 falli
2955 5133 3213 5195 videtur.
3265 5133 3382 5195 Neo
3411 5139 3632 5194 rectius

1966 5204 2181 5290 legitur
2211 5204 2277 5261 in'
2295 5205 2576 5290 .an‘tiqui's
2608 5206 2799 5290 tribus
2824 5206 3031 5265 libris:
3064 5224 3327 5290 quorum
3349 5209 3412 5266 in
3432 5211 3630 5290 primo

1968 5276 2259 5353 scriptum
2282 5276 2401 5353 fuit
2430 5276 2655 5353 ἐπαίνοις
2692 5280 3024 5353 πράττοντες,
3075 5276 3137 5336 in
3167 5280 3299 5337 aliis
3318 5276 3462 5338 vero
3482 5280 3633 5338 duo-

1966 5346 2109 5422 bus;
2167 5346 2395 5422 ἕπαίνοις
2436 5346 2837 5422 σπαράττοντες.
2889 5356 2961 5407 At
3008 5346 3149 5420 Reg.
3198 5354 3430 5422 primus
3476 5358 3634 5409 recte

1966 5363 2109 5413 bus,
2167 5363 2395 5411 επαινοις
2436 5363 2837 5422 σπαραττοντες.
2889 5363 2961 5407 At
3008 5363 3149 5420 Heg.
3190 5363 3430 5479 Erimus
3476 5363 3634 5409 recte

1966 5420 2153 5495 habet
2190 5418 2419 5495 ἐπαίνοις
2449 5419 2762 5495 ἀπατῶντες,
2801 5423 2982 5495 falsis
3013 5424 3186 5495 laudi
3228 5440 3297 5480 us
3332 5426 3637 5495 decipien-

1969 5497 2073 5550 tes.
2109 5491 2298 5566 Paulo
2326 5499 2464 5549 ante
2489 5492 2552 5549 in
2596 5491 2865 5565 antiquis
2907 5494 3153 5550 duobus
3198 5495 3369 5552 libris
3421 5491 3639 5566 legitur

1970 5571 2082 5626 τοῖς
2113 5561 2341 5622 ἀλλήλων
2374 5570 2682 5637 σκώμμασι.

3244 5733 3309 5785 18
