4110 6396
303 280 404 332 557

1090 275 1326 330 HOMIL.
1383 271 1574 339 QUOD
1617 273 1974 336 MUNI)Al\'l5
2013 271 2519 336 ADll/ERENDUM
2559 278 2700 334 NON
2741 277 2875 335 SIT.

3555 287 3660 344 558

300 399 424 471 φλὸξ
500 398 936 474 ἀναρριπιζομένη
1007 406 1118 461 ταῖς
1184 397 1381 470 βιαίοις
1436 397 1624 450 ἐκείνου
1695 404 1892 463 πνοαῖς,

2014 399 2323 455 materiam
2355 401 2466 456 sibi
2501 402 2838 474 subjectam
2870 403 3344 476 diffundebatur,
3376 423 3447 465 ac
3480 409 3663 484 depa-

302 491 606 562 νπερεχεῑτο
667 498 762 541 τῶν
833 491 1175 560 ὑποκειμένων
1228 488 1382 559 αὐτῇ,
1451 494 1540 539 καὶ
1614 491 1699 539 τόν
1775 487 1900 561 αέρα

300 581 385 630 τόν
441 577 592 651 ἐγγυς
637 578 923 651 ἐπενέμετο,
975 577 1181 648 ψαῦσαι
1233 587 1331 628 τῶν
1384 575 1675 652 ἀνακτόρων
1735 576 1898 648 ἀναγ-

300 667 584 742 καζομένη,

665 673 753 720 καὶ
812 672 940 742 πρὸς
1015 671 1282 719 κοινωνίαν
1369 668 1508 738 ἡμᾶς
1574 667 1902 720 καθέλκουσα

301 767 396 822 τῆς
466 765 756 832 συμφορᾶς.
814 757 870 810 Ὀ
939 762 1114 829 Σωτὴρ
1149 753 1207 809 δὲ
1240 755 1320 807 ἐπὶ
1342 759 1427 808 τὸν
1470 755 1741 827 ἀνάψαντα
1779 760 1902 808 ταύ-

303 867 394 904 την
461 849 651 921 ῥυῆναι
709 849 975 914 πεποίηκε,
1051 852 1139 898 καὶ
1209 845 1479 898 συστεῖλαι
1545 851 1636 904 την
1714 852 1898 920 μανίαν

303 936 462 988 αὐτο-3
519 937 589 998 εἰς
646 936 824 989 ἑαυτόν
886 936 1037 990 πάλιν
1092 935 1394 1010 προσέταξε.
1461 940 1560 988 Καὶ
1599 939 1654 987 τό
1686 939 1775 1008 μεν
1807 944 1900 999 τῆς

304 1026 579 1088 ἐπιϐουλῆς
628 1027 772 1090 τόξον
821 1027 1129 1100 ηὐτρέπισεν
1181 1028 1204 1078 ό
1251 1025 1492 1098 πολέμιος
1545 1029 1636 1097 (7)·
1699 1025 1901 1100 ἀφεῖναι

305 1115 362 1171 δὲ
410 1122 467 1170 τό
515 1116 664 1191 βέλος

305 1212 591 1282 ἐστραπται
613 1205 671 1260 δὲ
704 1207 788 1260 ἐπὶ
819 1213 911 1266 τὴν
954 1207 1138 1259 ἑαυτου
1171 1205 1419 1277 κεφαλήν,
1464 1206 1628 1266 Αὐτός
1656 1203 1904 1258 ἀπολαύει

719 1117 1027 1170 κεκώλυται·
1084 1116 1273 1188 μᾶλλον
1317 1114 1374 1168 δε
1437 1115 1600 1187 ἀφῆκε
1635 1120 1745 1189 μὲν,
1777 1115 1900 1169 ἀντ-

303 1307 400 1350 των
467 1307 663 1372 πικρῶν
717 1295 916 1350 ἐκείνων
968 1293 1231 1370 δακρύων,
1258 1296 1383 1370 οἷπερ
1428 1298 1550 1368 ἡμῖν
1582 1300 1904 1369 παρεσκεύα-

305 1406 409 1443 σεν.
491 1387 645 1442 Ἀλλὰ
733 1393 1051 1460 ποιήσωμεν,
1131 1383 1362 1458 αδελφοί,
1452 1390 1508 1438 τό
1580 1396 1788 1460 τραῦμα
1835 1397 1905 1458 τῷ

304 1473 554 1550 δυο-μενεῖ
608 1483 1002 1550 φορτικώτερον,
1078 1476 1405 1548 ἐπιτείνωμεν
1453 1479 1510 1528 τό
1569 1479 1746 1538 πένθος
1818 1477 1907 1530 αὖ·

302 1576 420 1620 του.
478 1570 546 1618 Τό
609 1563 666 1620 δε
727 1569 882 1634 ὅπως,
941 1566 1066 1629 λέξω
1097 1571 1186 1638 μέν
1227 1564 1347 1636 ἐγὼ,
1382 1566 1607 1639 πραξατε
1640 1563 1698 1618 δὲ
1737 1569 1902 1639 ὑμεῖς,

307 1656 428 1708 Εἰσί
478 1676 605 1718 τινες
659 1655 714 1708 ἐκ
779 1665 869 1717 τῆς
909 1655 1238 1731 ἐπικρατείας
1301 1664 1391 1706 τοῦ
1444 1660 1607 1730 πυρός
1665 1665 1906 1730 αναρπα-

309 1747 509 1807 σθεν-ες
564 1747 662 1798 ὑπό
712 1754 802 1798 τοῦ
851 1750 1148 1812 κτίσαντος,
1215 1749 1302 1797 καὶ
1355 1741 1622 1818 μηδεμίαν

304 1834 748 1908 περιλελειμμένην
809 1834 984 1896 αὐτοῖς
1044 1833 1166 1907 βίον
1214 1834 1392 1887 λοιπόν
1467 1833 1722 1909 ἀφορμὴν,
1779 1835 1907 1890 ἀλλὰ

305 1929 432 1997 μόνη
608 1924 761 1997 ψυχῇ
820 1931 908 1978 καὶ
952 1934 1023 1996 τῷ
1057 1931 1260 1997 σώματι
1305 1921 1642 1998 διαφυγόντες
1673 1930 1758 1978 τὸν
1788 1931 1906 1979 κέν-ι

309 2012 482 2070 δυνον.
549 2015 726 2087 Ἡμεῖς
782 2020 952 2068 τοίνυν
1011 2017 1126 2067 ὅσοι
1155 2024 1378 2076 τῆςτὼν
1439 2011 1716 2088 δυσχερῶν
1746 2017 1907 2090 ἄγευ-ε

311 2123 429 2158 στοι
501 2111 682 2180 πείρας
754 2103 1041 2178 ἐμείναμεν,
1115 2109 1289 2164 κοινὴν
1365 2103 1574 2167 ἐκείνοις
1641 2106 1909 2180 προθῶμεν

305 2197 398 2252 τὴν
481 2193 724 2267 εὐπορίαν
788 2197 880 2253 τὴν
931 2194 1146 2250 ἑαυτῶν.
1218 2193 1717 2266 Ἐναγκαλισωμεοα
1790 2200 1908 2258 τοὺς

310 2286 695 2358 περισωθέντας
769 2283 919 2357 μόλις
995 2293 1092 2336 τῶν
1161 2280 1413 2356 ἀδελφῶν,
1488 2287 1704 2358 εἴπωμεν
1782 2289 1911 2358 πρὸς

304 2376 521 2430 ἕκαστον
584 2377 820 2438 ἕκαστος·
892 2377 1088 2447 Νεκρός
1141 2371 1221 2442 ἧν,
1300 2379 1389 2426 καὶ
1447 2372 1713 2435 ἀνέζησεν·
1777 2374 1910 2428 utro-.-

303 2463 496 2527 λωλως,
551 2469 640 2516 καὶ
694 2464 898 2538 εὑρέθη*
958 2468 1047 2516 καὶ
1101 2466 1159 2516 τὸ
1220 2466 1457 2535 συγγενὲς
1516 2472 1670 2535 σῶμα
1718 2467 1910 2530 σκεπαζ-

309 2575 502 2628 σωμεν.
549 2555 971 2627 Ἀντιστήσωμεν
1017 2562 1130 2616 ταῖς
1170 2562 1261 2607 τοῦ
1312 2550 1602 2626 δυσμενοῦς
1651 2557 1911 2631 ἐπηρείαις

303 2651 396 2704 τὴν
445 2647 696 2719 ἡμετέραν
745 2644 1095 2719 παράκλησιν,
1159 2645 1241 2696 ἵνα
1286 2648 1376 2696 καὶ
1431 2643 1676 2716 βλάπτων
1722 2644 1911 2710 ἐκεῖνος

305 2732 471 2808 μηδεν
531 2739 666 2808 μέγα
711 2733 919 2808 βλάψαι
974 2731 1127 2808 δοκῇ,
1189 2738 1278 2786 καὶ
1335 2733 1655 2806 πολεμήσας,
1704 2732 1912 2807 μηδένα

2012 487 2292 544 scebatur
2323 506 2522 547 aerem
2555 492 2839 561 vicinum,
2881 493 3074 549 aedem
3106 511 3342 552 sacram
3370 499 3662 572 attingere

2008 583 2237 646 coacta,
2262 595 2495 654 nosque
2527 582 2885 654 protrahens
2907 583 2965 638 in
2994 583 3355 641 calamitatis
3406 589 3661 646 societa.

2007 673 2125 726 tem
2157 685 2168 726 :
2204 669 2308 724 sed
2355 669 2414 726 in
2470 686 2608 727 eum
2659 671 2765 744 qui
2829 671 3098 728 incendit
3135 676 3414 731 Servator
3460 677 3662 749 ipsam

2008 759 2310 825 contorsit,
2347 759 2647 833 jussitque
2670 777 2879 817 rursus
2911 763 3223 819 vesaniam
3263 780 3438 821 suam
3482 766 3544 828 in
3571 782 3664 823 se-

2008 844 2211 917 ipsum
2231 853 2562 908 verterem
2578 849 2828 923 quidem
2846 851 3203 908 insidiarum
3243 869 3452 912 arcum
3475 870 3664 929 appa-

2007 941 2170 992 rarat
2200 937 2600 1004 adversarius,
2633 941 2740 996 sed
2761 941 3027 998 emittere
3034 943 3305 1014 jaculum
3329 944 3668 1016 prohibitus

2010 1029 2134 1093 est;
2167 1026 2290 1082 imo
2320 1027 2520 1099 potius
2550 1029 2801 1086 immisit
2831 1031 3101 1102 quidem,
3134 1037 3194 1088 at
3213 1032 3275 1090 in
3305 1033 3460 1090 illius
3485 1039 3669 1108 caput

2009 1118 2299 1178 retortum
2346 1122 2451 1173 est.
2512 1124 2766 1183 Amaras
2790 1119 2922 1176 illas
2953 1121 3276 1193 lacrymas,
3311 1139 3467 1196 quas
3491 1124 3668 1181 nobis

2011 1208 2392 1286 praeparavit,
2424 1209 2666 1265 sortitus
2692 1209 2820 1284 ipse
2846 1215 2952 1268 est.
2990 1213 3104 1268 Sed
3136 1213 3380 1270 inimico
3432 1214 3668 1286 inﬂiga-

2015 1312 2170 1365 mus,
2229 1296 2438 1353 fratres
2477 1299 2698 1355 vulnus
2749 1300 3066 1373 quoddam
3120 1303 3370 1373 gravius
3399 1304 3672 1362 intenda-

2018 1402 2150 1441 mus
2205 1386 2289 1442 illi
2329 1387 2578 1444 luctum.
2641 1390 2960 1455 Quomodo
2981 1390 3042 1446 id
3067 1391 3259 1465 possit
3283 1393 3432 1457 ﬁeri,
3467 1393 3672 1452 dicam

2015 1475 2261 1548 quidem
2294 1492 2548 1545 ego,vos
2562 1494 2700 1534 vero
2715 1480 3155 1552 exsequamini.
3192 1484 3340 1539 Sunt
3358 1482 3464 1556 qui
3484 1482 3676 1558 erepti

2015 1563 2178 1618 tuere
2210 1580 2276 1620 ex
2305 1564 2462 1634 ignis
2498 1567 2766 1639 potentia
2795 1585 2831 1624 a
2863 1568 3206 1640 Conditore,
3235 1587 3346 1626 nec
3367 1570 3558 1627 ullum
3585 1571 3672 1634 eis

2017 1653 2090 1709 dc
2117 1659 2332 1710 caetero
2362 1655 2495 1711 vita:
2529 1656 2874 1712 subsidium
2911 1663 3205 1731 superest,
3251 1660 3360 1716 sed
3402 1659 3675 1718 animam

1703 1745 1904 1818 έχοντες
1936 1755 1978 1810 Β
2019 1743 2214 1800 solam
2264 1749 2320 1801 et
2370 1761 2595 1819 corpus
2631 1747 2900 1820 periculo
2951 1748 3315 1806 subduxere.
3347 1753 3465 1807 Nos
3505 1765 3674 1821 ergo,

2017 1839 2316 1907 quotquot
2348 1835 2771 1893 adversitatem
2797 1837 2964 1894 illam
2986 1841 3215 1912 experti
3253 1856 3377 1897 non
3442 1857 3676 1911 sumus,

2019 1922 2333 1988 facultates
2365 1925 2733 1981 nostrasillis
2766 1943 3123 1984 communes
3165 1928 3486 1986 faciamus.
3537 1935 3678 1988 Am-

2017 2013 2346 2094 plectamur
2375 2014 2585 2070 fratres
2614 2015 2710 2072 vix
2742 2023 3035 2087 servatos,
3083 2018 3360 2076 dicamus
3419 2019 3679 2094 quisque

2017 2091 2235 2177 cuique
2269 2119 2283 2160 :
2309 2105 2570 2161 Mortuus
2597 2111 2748 2176 erat,
2770 2112 2824 2163 et
2866 2108 3086 2165 revixit
3107 2121 3129 2179 ,°
3142 2091 3459 2179 perierat;
3485 2115 3541 2168 et
3577 2091 3678 2168 in-

2020 2200 2228 2250 ventus
2259 2201 2341 2249 est
2369 2195 2662 2266 98;atque
2713 2211 2933 2270 corpus
2984 2201 3192 2254 nostro
3242 2198 3427 2255 afﬁne
3472 2205 3677 2256 contes-

2020 2299 2261 2354 gamus.
2298 2286 2692 2360 Opponamus
2716 2285 2770 2343 vi
2799 2286 3027 2343 inimici
3074 2294 3256 2361 atque
3307 2289 3546 2360 injuriis
3572 2305 3680 2347 no.-

2023 2380 2211 2432 stram
2269 2375 2766 2445 consolationem,
2829 2381 2891 2434 ut
2939 2377 3121 2436 etiam
3147 2395 3288 2435 cum
3326 2381 3534 2437 nocuit
3557 2380 3678 2450 ille,

2019 2481 2315 2535 magnum
2355 2465 2587 2520 nullum
2612 2465 3040 2524 detrimentum
3067 2468 3338 2526 intulisse
3387 2470 3680 2540 videatur,

2020 2570 2132 2610 nec
2170 2571 2542 2631 quemquam
2575 2557 2854 2612 ostendat
2875 2573 3060 2630 quem
3085 2558 3421 2630 pugnando
3452 2560 3678 2630 vicerit,

2023 2646 2129 2703 sed
2184 2645 2533 2718 disperditis
2595 2646 2850 2702 fratrum
2891 2647 3680 2718 facultatibus,liberalitate

2021 2741 2231 2801 nostra
2250 2736 2444 2792 victus
2475 2737 2906 2810 comperiatur.

307 2823 476 2889 δεῖξαι
538 2830 879 2900 νενικημένον,
952 2829 1041 2878 καὶ
1098 2824 1338 2898 περιελὼν
1405 2829 1498 2884 τὴν
1554 2825 1796 2901 εὐπορίαν
1840 2836 1938 2882 τῶν
1995 2825 2248 2902 ἀδελφῶν,
2307 2828 2405 2881 ὑπὸ
2460 2833 2557 2888 τῆς
2607 2829 2863 2904 ἡμετέρας
2920 2827 3217 2903 φιλοτιμίας
3275 2834 3454 2905 φανείη
3514 2838 3676 2886 νικῶ-ρ

308 2936 474 2992 μενος.

384 3011 466 3063 10.
507 3013 658 3079 Υμεῖς
712 3003 771 3060 δέ
812 3007 861 3058 οἱ
893 3002 1232 3078 διαφυγόντες
1261 3009 1345 3059 τὸν
1376 3001 1638 3079 κίνδυνον,
1668 3003 1902 3080 ἀδελφοὶ,

2086 3009 2200 3063 Vos
2247 3010 2472 3074 autem,
2525 3007 2762 3074 fratres,
2815 3009 2920 3082 qui
2971 3008 3087 3066 hoc
3150 3011 3486 3082 periculum
3537 3029 3675 3072 eva-

309 3101 374 3155 ιιὴ
411 3094 617 3172 σφόδρα
669 3095 902 3168 ἄχθεσθε
953 3103 1063 3157 τοῖς
1118 3095 1478 3168 συμϐεϐηκόσι
1536 3117 1733 3167 κακοις,
1767 3095 1906 3170 μηδὲ

304 3190 690 3253 κατασεισθῆτε
757 3193 850 3246 τὴν
910 3189 1122 3256 ἔννοιαν,
1191 3185 1297 3239 ἀλλ’
1373 3186 1752 3252 ἀποτινάξασθε
1811 3194 1904 3248 τὴν

301 3288 391 3342 τῆς
443 3277 612 3342 λύπης
643 3275 832 3349 ἀχλὺν,
879 3282 968 3330 καὶ
1001 3279 1089 3338 τὰς
1146 3275 1329 3349 ψυχας
1383 3275 1715 3352 ἀναρρὼσατε
1753 3278 1904 3355 λογιε-

301 3376 456 3442 σμοῐς
499 3363 881 3441 ἀνδρειοτέροις
931 3368 1285 3446 χρησάμενοι,
1337 3371 1428 3420 καὶ
1467 3372 1524 3419 τὸ
1573 3367 1903 3440 συμϐεϐηκός

299 3459 559 3530 στεφάνων
617 3457 916 3514 ποιήσασθε
969 3460 1251 3528 πρόφασιν.
1302 3455 1398 3510 ’Ἂν
1451 3461 1550 3532 γὰρ
1618 3456 1902 3512 ἀκατάσει-

297 3568 416 3602 στοι
469 3550 696 3620 μείνητε,
749 3550 838 3599 καὶ
899 3554 960 3618 τῇ
1031 3551 1210 3599 πίστει
1269 3550 1560 3618 φανήσεσθε
1620 3545 1902 3620 δοκιμώτε-

287 3659 398 3717 ροι,
452 3639 685 3712 καθάπερ
742 3639 949 3712 χρυσὸς
992 3636 1204 3709 εὐγενὴς
1249 3635 1303 3696 ἐκ
1333 3645 1424 3688 τοῦ
1473 3642 1632 3711 πυρὸς
1669 3637 1902 3713 ἀναλάμ-

290 3729 506 3803 ψαντες,
582 3730 672 3780 καὶ
721 3735 792 3798 τῷ
847 3723 1098 3798 δυσμενεῑ
1157 3732 1250 3786 τὴν
1305 3727 1571 3798 αἰσχύνην
1649 3728 1902 3792 αὐξήσετε

294 3818 508 3894 μᾶλλον,
542 3819 612 3879 ὡς
667 3813 792 3871 οὐδὲ
824 3812 1053 3890 δάκρυον
1112 3817 1232 3888 ὑμῖν
1283 3818 1361 3888 (8)
1394 3813 1903 3879 δυνηθέντικινῆσαι

296 3907 369 3964 δι’
411 3909 478 3962 ὧν
531 3905 916 3970 ἐπεϐούλευσεν,
959 3906 1319 3979 Ἀναμνὴσατε
1365 3916 1460 3972 τῆς
1504 3916 1597 3961 τοῦ
1630 3907 1747 3963 Ἰὼϐ
1777 3909 1902 3962 ἐαυ-

294 4003 419 4063 τοὺς
480 4002 774 4072 καρτερίας.
835 4000 1029 4051 Εἴπατε
1073 3999 1202 4071 πρὸς
1251 3997 1463 4059 ἑαυτοὺς
1510 4000 1638 4072 ἅπερ
1689 3996 1898 4063 ἕκξῖνοςε

293 4090 352 4144 Ὀ
418 4092 608 4162 Κύριος
668 4084 879 4156 ἔδωκεν,
947 4088 972 4140 ὁ
1030 4089 1223 4160 Κύριος
1279 4085 1530 4160 ἀφείλετο·
1588 4091 1659 4151 ὡς
1688 4097 1760 4161 τῷ
1802 4097 1904 4146 Κυη

293 4185 393 4256 pit,»
447 4175 640 4246 ἔδοξεν,
689 4177 826 4230 οὕτω
872 4180 960 4232 καὶ
1012 4175 1227 4250 ἰγένετο.
1289 4182 1391 4239 Καὶ
1449 4174 1638 4251 μηδεὶς
1719 4178 1773 4242 ἐξ
1837 4177 1903 4232 ὧν

295 4270 480 4330 ἔπαθεν
528 4265 816 4340 ἀναπεισθῇ
866 4265 1190 4338 λογίσασθαί
1234 4284 1290 4320 τε
1343 4269 1432 4320 καὶ
1475 4266 1658 4339 λέγειν,
1689 4270 1758 4332 ὡς
1799 4270 1905 4342 ἄρα

297 4355 522 4432 οὐδεμία
573 4338 800 4433 πρόνοια.
847 4358 1021 4410 τάττει
1075 4357 1142 4409 τὰ
1191 4355 1308 4409 καθ’
1358 4357 1516 4428 ἡμᾶς,
1575 4353 1714 4430 μηδὲ
1771 4378 1900 4412 κατ·
1929 4338 1975 4394 D

296 4452 551 4523 ηγορείτω
595 4456 691 4514 τῆς
735 4446 1036 4518 οἰκονομίας
1078 4453 1172 4500 τοῦ
1226 4449 1488 4500 Δεσπότου
1543 4452 1630 4502 καὶ
1661 4452 1899 4524 κρίσεως·

298 4537 406 4592 ἀλλ’
458 4538 530 4602 εἰς
571 4538 682 4592 τὸνο
715 4535 939 4602 ἀθλητὴν
988 4534 1180 4596 ἐκεῖνον
1247 4536 1437 4611 ὁράτω,
1485 4535 1718 4591 κάκεῖνον
1771 4541 1903 4612 σύμ-

298 4627 479 4683 ϐουλον
529 4627 784 4682 ποιείσθω
821 4631 913 4682 τοῦ
953 4628 1256 4701 κρείττονος.
1319 4623 1735 4698 Ἀναλογιζέσθω
1783 4631 1903 4691 τοὺς

299 4717 498 4792 ἀγῶνάς
571 4717 802 4781 ἅπαντας
867 4715 1070 4790 ἐφεξῆς,
1125 4715 1303 4789 εφόῖς
1361 4714 1548 4780 ἐκεῖνος
1598 4717 1898 4792 ἠρίστευσεο

299 4813 388 4864 καὶ
428 4813 618 4873 πόσοις
669 4807 874 4882 βέλεσιν
921 4807 1023 4860 ὑπὸ
1078 4813 1172 4868 τοῦ
1217 4802 1466 4860 διαϐόλου
1514 4806 1748 4881 βληθεὶς,
1806 4810 1902 4863 οὐκ

301 4895 510 4965 ἐδέξατο
559 4901 769 4976 καιρίαν
816 4897 1043 4971 πληγήν.
1091 4896 1318 4970 Περιεῖλε
1359 4899 1450 4970 μὲν
1487 4900 1588 4973 γὰρ
1618 4898 1777 4952 αὐτοῦ
1807 4905 1901 4958 τὴν

306 4987 587 5061 εὐπραγίαν
631 4979 732 5042 τῶν
790 4987 1012 5057 οἰκείων,
1061 4995 1378 5061 καταχῶσαι
1430 4984 1488 5042 δε
1573 4988 1730 5044 αὐτὸν
1788 4997 1901 5054 ταῖς

307 5075 608 5143 ἐπαλλήλοις
675 5085 774 5133 τῶν
852 5084 1026 5132 κακῶν
1113 5076 1458 5144 ἐϐουλεύσατο
1515 5083 1734 5153 φήμαις.
1785 5079 1902 5136 Ἔτι

374 5241 421 5282 ⁸³
451 5243 590 5301 Luc.
615 5257 713 5313 xv,
741 5243 835 5299 24.
911 5239 959 5277 ⁸ο
987 5236 1102 5298 Job
1121 5254 1163 5311 ι,
1191 5241 1285 5298 2t.

372 5405 667 5480 (7)7Editio
698 5409 953 5473 utraque
983 5403 1172 5462 Paris.
1197 5408 1261 5480 et
1304 5403 1487 5480 Basil.
1537 5401 1849 5480 ηὐτρέπισεν
1881 5405 1907 5458 ὁ

299 5473 566 5560 διάϐολος.
626 5481 861 5560 veteres
914 5482 1175 5560 quatuor
1201 5477 1340 5557 libri
1370 5473 1678 5560 ηὐτρέπισεν
1711 5479 1744 5560 6_
1765 5477 1908 5558 πολέ-

295 5571 435 5634 μιος.
487 5554 615 5634 κζόχ
643 5547 904 5634 ¹διάβολος
933 5547 1179 5606 ’νὶάθιιιτ
1211 5547 1479 5634 primum
1503 5549 1700 5634 posita
1721 5549 1909 5632 fuisse

291 5621 360 5681 in
389 5640 500 5684 ora
516 5623 680 5696 libri,
708 5628 776 5682 ut
790 5637 1176 5681 moneremur
1196 5621 1646 5679 diabolum’hoc
1666 5621 1801 5678 loco
1820 5621 1911 5678 in-

2015 3097 2174 3152 sistis
2208 3112 2282 3152 ne
2314 3095 2573 3152 multum
2604 3095 2857 3153 doleatis
2888 3096 2962 3152 de
2993 3098 3087 3154 his
3127 3115 3265 3172 qum
3320 3101 3676 3159 acciderunt

2021 3188 2124 3259 17
2145 3189 2186 3258 1
2254 3186 2453 3253 malis,
2512 3202 2709 3259 neque
2738 3192 2938 3244 mente
2963 3191 3473 3248 commoveamini
3507 3209 3522 3248 :
3565 3193 3674 3249 sed

2013 3277 2288 3334 maeroris
2318 3276 2572 3332 excutite
2603 3275 2947 3348 caliginem,
2991 3293 3060 3333 ac
3099 3279 3452 3349 generosius
3493 3281 3673 3354 quid-

2010 3364 2154 3422 dam
2208 3365 2562 3438 cogitantes,
2597 3367 2836 3422 animas
2864 3372 3098 3424 vestras
3147 3368 3535 3428 corroborate
3569 3390 3584 3437 ;
3612 3376 3670 3430 et

2009 3455 2176 3527 quod
2201 3455 2438 3523 accidit,
2460 3456 2522 3512 id
2550 3455 2611 3512 in
2643 3472 3008 3514 coronarum
3039 3460 3424 3516 occasionem
3440 3463 3670 3524 vertite.

2009 3547 2179 3610 Nam,
2239 3546 2285 3602 si
2346 3545 2693 3602 inconcussi
2750 3547 3154 3620 perstiteritis,
3181 3549 3351 3606 haud
3383 3567 3556 3608 secus
3595 3569 3668 3610 ac

2007 3635 2317 3706 egregium
2340 3651 2557 3692 aurum
2579 3652 2652 3692 ex
2671 3636 2805 3707 igne
2824 3636 3299 3709 resplendentes,
3312 3643 3372 3697 et
3388 3639 3510 3698 ﬁde
3528 3657 3668 3715 pro-

2006 3723 2271 3782 batiores
2301 3724 2856 3798 deprehendemini,
2893 3730 2947 3782 et
3003 3727 3220 3797 majori
3249 3728 3483 3800 pudore
3525 3731 3667 3789 estis

2008 3815 2428 3874 adversarium
2457 3816 2876 3889 aﬁ‘ecturi,qui
2903 3817 3028 3873 suis
3075 3817 3308 3874 insidiis
3358 3835 3432 3876 ne
3473 3821 3667 3896 lacry-

2008 3922 2176 3964 mam
2201 3907 2450 3979 quidem
2473 3907 2626 3964 ciere
2652 3907 2818 3963 vobis
2847 3909 3129 3981 potuerit.
3152 3909 3504 3967 Patientiam
3533 3912 3669 3970 Jobi

2007 3995 2180 4060 vobis
2205 3996 2266 4052 in
2287 3997 2643 4054 memoriam
2666 4003 2966 4054 revocate.
3001 3997 3180 4056 Dicite
3199 3999 3370 4056 vobis
3384 4001 3667 4075 ipsi,qum

2009 4089 2104 4146 ille
2139 4086 2466 4144 :Dominus
2499 4088 2684 4158 dedit,
2709 4089 2999 4144 Dominus
3026 4088 3276 4144 abstulit
3311 4107 3323 4146 :
3365 4091 3523 4148 sicut
3550 4093 3669 4148 Do-

2009 4183 2171 4240 mino
2197 4180 2457 4251 placuit,
2487 4180 2576 4236 ita
2605 4184 2661 4235 et
2681 4180 2920 4249 factum
2951 4185 3037 4235 est
3060 4180 3134 4234 '9.
3184 4181 3303 4236 Nec
3337 4181 3668 4256 quisquam

2011 4271 2106 4340 his
2136 4287 2273 4344 quae
2288 4268 2402 4326 sibi
2434 4269 2739 4340 contigere
2760 4267 3102 4325 adducatur
3113 4270 3410 4342 utcogitet
3425 4286 3497 4328 ac
3509 4271 3673 4330 dicat

2008 4377 2102 4418 res
2173 4365 2413 4419 nostras
2471 4358 2850 4432 providentia
2900 4358 3066 4415 nulla
3120 4359 3669 4434 gubernari;neque

2010 4449 2248 4508 Domini
2270 4447 2855 4505 administrationem
2914 4463 2985 4503 ac
3032 4447 3328 4518 judicium
3393 4447 3665 4506 incusat:

2010 4539 2120 4598 sed
2143 4539 2205 4596 in
2224 4537 2515 4596 athletam
2542 4537 2714 4594 illum
2735 4537 3058 4603 intueatur,
3091 4535 3415 4609 ipsumque
3435 4537 3551 4594 sibi
3571 4553 3670 4595 co-

2009 4630 2369 4702 gitationum
2401 4628 2725 4686 meliorum
2759 4625 3174 4683 consiliarium
3217 4626 3523 4684 adhibeat.
3556 4630 3671 4684 Be-

2007 4724 2177 4793 putet
2207 4719 2416 4777 omnia
2445 4735 2519 4776 ex
2544 4718 2758 4775 ordine
2805 4715 3159 4785 certamina,
3199 4715 3260 4771 in
3297 4715 3523 4789 quibus
3572 4716 3670 4773 ille

2006 4808 2194 4866 victor
2241 4807 2479 4874 exstitit,
2537 4811 2593 4863 et
2648 4810 2796 4880 quot
2837 4804 3056 4878 jaculis
3092 4803 3398 4862 adiabolo
3423 4805 3668 4878 petitus,

2009 4899 2244 4958 letalem
2277 4898 2511 4956 nullam
2543 4897 2790 4969 plagam
2821 4895 3138 4968 acceperit.
3175 4894 3390 4951 Evertit
3418 4895 3670 4967 quidem

2007 4988 2165 5047 illius
2177 4986 2573 5044 domesticam
2589 4983 3483 5059 prosperitatem,eumdemque
3499 4984 3673 5041 alters

2008 5079 2102 5136 nis
2127 5077 2565 5136 adversitatum
2601 5075 2828 5134 nuntiis
2873 5074 3132 5132 obruere
3171 5078 3482 5132 statuerat.
3522 5076 3672 5139 Cum

2018 5402 2227 5473 dicari,
2245 5400 2352 5458 sed
2381 5398 2776 5474 postmodum
2799 5397 2936 5474 haec
2953 5411 3071 5453 vox
3092 5412 3123 5452 e
3154 5395 3433 5474 margine
3453 5396 3514 5465 in
3537 5413 3677 5456 con-

2021 5469 2250 5533 textum
2275 5469 2529 5546 irrepsit.
2556 5476 2672 5527 Nec
2708 5472 2789 5527 ita
2813 5469 3004 5525 multo
3030 5475 3166 5543 post
3197 5486 3344 5532 mss.
3397 5469 3520 5526 duo
3583 5475 3678 5532 τὴν

2021 5567 2202 5602 αυτου.

2093 5622 2168 5693 (δ)
2201 5617 2372 5686 Editi,
2435 5613 2662 5691 δάκρυον
2691 5616 2836 5688 ἡμῖν.
2869 5611 3112 5686 Antiqui
3149 5611 3272 5670 duo
3327 5612 3488 5683 libri,
3534 5615 3675 5688 ὑμῖν.
