4110 6390
432 294 534 350 559

1797 279 1854 336 S.
1895 271 2154 333 BASlLll
2190 271 2422 332 MAGNI

3687 269 3795 327 560

427 417 592 474 enim
617 412 784 488 prior
812 409 1051 468 cladem
1099 407 1367 482 aliquam
1408 407 1610 465 adhuc
1668 401 2078 469 annuntiaret,

2194 402 2294 474 γὰρ
2352 406 2443 452 τοῦ
2498 417 2749 473 προτερον
2807 400 2901 456 τὴν
2964 392 3172 449 τοιάνδε
3229 396 3499 469 συμφορὰν
3554 393 3794 467 ἐξαγγέλ-

424 506 666 565 nentius
694 503 842 560 alter
865 517 1069 559 rerum
1099 499 1464 556 deteriorum
1488 497 1790 555 tristitiam
1813 494 2073 550 aﬁ'erens

425 595 726 664 veniebat,
752 590 1037 663 malaque
1071 589 1586 646 connectebantur
1606 588 1757 643 inter
1778 600 1840 641 se
1861 588 1917 640 et
1937 581 2086 638 cala-

427 686 668 743 mitates
714 683 1024 739 undarum
1079 680 1394 736 incursum
1440 676 1858 741 imitabantur,
1904 677 2085 745 atque

426 775 791 849 priusquam
813 770 1043 844 priores
1070 769 1356 842 lacrymee
1406 768 1781 834 sedarentur,
1828 762 2085 820 aliarum

428 860 1059 923 afferebaturoccasio.
1096 858 1209 916 Sed
1223 862 1426 930 justus
1445 854 1817 930 tempestatis
1837 854 2088 925 excepto

427 953 679 1027 impetu,
729 956 787 1007 et
832 949 1138 1006 undarum
1193 948 1252 1004 vi
1281 948 1341 1003 in
1373 962 1660 1020 spumam
1692 946 2088 1007 commutata,

427 1045 594 1101 velut
623 1041 912 1115 scopulus
938 1038 1156 1107 stabat,
1188 1036 1621 1109 emittebatque
1650 1034 1729 1091 ad
1761 1031 2087 1089 Dominum

431 1137 667 1205 gratam
714 1131 880 1187 illam
930 1146 1138 1185 vocem
1164 1144 1188 1187 .'
1220 1129 1513 1183 Dominus
1550 1125 1737 1190 dedit,
1802 1121 2089 1179 Dominus

429 1224 683 1282 abstulit
708 1224 735 1279 τ
755 1223 910 1278 sicut
934 1220 1191 1275 Domino
1218 1219 1475 1289 placuit,
1515 1216 1603 1272 ita
1624 1220 1679 1272 ct
1711 1214 1947 1286 factum
1977 1217 2086 1282 est,

428 1329 543 1371 nec
571 1312 913 1387 quidquam
942 1325 1150 1366 eorum
1181 1324 1318 1381 quae
1374 1304 1753 1371 accidebant,
1799 1299 2090 1374 lacrymis

430 1405 686 1475 dignum
702 1402 892 1458 duxit.
911 1398 1026 1455 Ubi
1049 1415 1190 1456 vero
1209 1397 1452 1454 advenit
1469 1395 1573 1470 qui
1589 1398 1863 1452 narraret
1880 1408 2091 1466 quem-

429 1492 766 1551 admodum
795 1490 931 1546 ﬁliis
957 1494 1013 1545 et
1046 1488 1287 1544 ﬁliabus
1310 1484 1773 1544 convivanlibus
1791 1482 2091 1539 violentus

427 1582 683 1656 quidam
694 1584 914 1636 ventus
926 1577 1344 1635 oblectationis
1356 1577 1611 1633 domum
1625 1575 2092 1647 conquassasset

426 1677 571 1730 tunc
602 1669 797 1728 solum
823 1669 999 1727 scidit
1026 1673 1277 1739 vestem,
1306 1666 1633 1724 ostendens
1664 1663 2088 1722 condolentem

2191 487 2384 556 λοντος,
2453 489 2617 564 ἕτερος
2681 486 2894 560 ἄγγελος
2950 490 3165 559 ἤρχετο,
3235 487 3486 560 χεῖρόνων
3543 486 3794 559 πραγμά-

2191 597 2291 630 των
2358 582 2519 652 φέρων
2562 582 2866 650 κατήφειανο
2922 575 3156 636 αλλήλοις
3199 593 3254 627 τε
3306 573 3689 631 ἕπισυνήπτετο
3731 575 3797 627 τὰ

2194 665 2359 735 δεινὰ,
2408 672 2499 720 καὶ
2538 670 2632 727 τὴν
2685 676 2784 719 τῶν
2850 666 3095 739 κυμάτων
3136 660 3428 739 ἐπιδρομήν
3485 662 3701 725 ίζήλουν
3741 665 3797 716 αἱ

2197 761 2481 834 συμφοραὶ,
2550 761 2640 810 καὶ
2687 760 2808 831 πρίν
2874 756 2903 815 ἦ
2972 756 3240 814 παυθῆναι
3287 757 3345 806 τὸ
3402 757 3650 830 πρότερον
3692 750 3798 807 δά-

2192 867 2370 925 κρυον,
2433 847 2604 923 ἐτέρου
2661 850 2949 921 προσήγετο
3013 849 3297 922 πρόφασις.
3347 843 3405 897 Ὀ
3475 841 3684 907 δίκαιος
3739 840 3799 898 δε

2195 940 2368 1013 ὥσπερ
2445 957 2525 999 τις
2589 935 2843 1011 πρόϐολος
2907 934 3157 1001 εἱστήκει,
3226 937 3320 995 τὰς
3372 941 3465 988 τοῦ
3544 943 3801 1007 χειμῶνος

2195 1024 2586 1101 ὑποδεχόμενος
2649 1025 2968 1102 προσϐολὰς,
3036 1030 3126 1078 καὶ
3202 1023 3416 1077 ἀλλοιῶν
3504 1024 3571 1085 εἰς
3638 1021 3799 1099 ἀφρὸν

2195 1126 2296 1170 τῶν
2357 1118 2602 1191 κυμάτων
2651 1121 2745 1175 τὴν
2806 1114 2950 1189 βίαν,
3005 1118 3095 1168 καὶ
3167 1118 3264 1174 τὴν
3323 1113 3621 1187 εὐγνώμονα
3670 1116 3802 1188 πρὸς

2196 1210 2283 1261 τὸν
2368 1210 2631 1265 Δεσπότην
2693 1209 2835 1279 ἠφίει
2885 1210 3074 1278 φωνήν·
3131 1203 3191 1257 Ὀ
3246 1206 3439 1279 Κύριος
3496 1199 3704 1275 ἔδωκεν,
3776 1204 3803 1255 6

2198 1299 2390 1371 Κύριος
2455 1295 2707 1369 ἀφείλετο·
2768 1297 2839 1358 ὡς
2883 1302 2957 1366 τῷ
3008 1298 3179 1369 Κυρίῳ
3238 1289 3433 1360 ἔδοξεν,
3503 1293 3638 1345 οὕτω
3712 1296 3803 1344 καὶ

2197 1385 2411 1458 ἐγένετο*
2498 1390 2589 1438 καὶ
2664 1382 2817 1438 οὐδἐν
2900 1392 3000 1437 τῶν
3095 1382 3482 1457 συμϐαινόντων
3560 1379 3801 1457 δακρύων

2205 1476 2217 1488 ⁸
2236 1476 2284 1495 νο
2489 1475 2500 1496 9
2528 1482 2541 1494 ο
2648 1472 2670 1493 λ
2788 1478 2797 1489 ι
2860 1474 2884 1491 τ’
2936 1477 2947 1490 1
3087 1471 3098 1483 ⁸
3402 1473 3415 1486 ο
3552 1479 3570 1490 υ
3784 1475 3793 1487 ι

2196 1494 2436 1539 ηςιωσεν.
2506 1479 2701 1534 hunc?)
2751 1472 2810 1527 δε
2853 1493 2945 1533 ηκε
2974 1493 3050 1535 τις
3077 1472 3354 1545 αγγέλλων,
3389 1492 3456 1535 ως
3487 1492 3597 1535 τοις
3646 1491 3802 1525 παισι

2196 1568 2285 1617 καὶ
2333 1571 2448 1626 ταῖς
2495 1566 2814 1640 θυγατράσιν
2864 1562 3248 1634 εὐωχουμένοις
3307 1560 3570 1625 ἑπιτίναξε
3598 1563 3802 1634 πνεῦμά

2195 1673 2248 1708 τι
2278 1654 2454 1729 βίαιον
2479 1658 2556 1722 (9)
2596 1656 2654 1707 τὸ
2686 1662 2777 1715 τῆς
2808 1653 3130 1728 εὐφροσύνης
3180 1649 3467 1726 δωμάτιον,
3526 1655 3642 1704 τότε
3696 1656 3801 1724 μό-

426 1768 735 1832 naturam,
771 1764 953 1833 atque
984 1759 1052 1814 iis
1084 1737 1337 1828 agendis
1363 1755 1681 1813 declarans
1707 1759 1940 1828 patrem
1957 1768 2085 1809 esse

2194 1763 2279 1798 νον
2329 1748 2425 1803 τὴν
2479 1742 2678 1803 ἐσθῆτα
2735 1739 2995 1817 διέῥρηξε,
3051 1743 3110 1794 τὸ
3176 1748 3273 1803 τῆς
3338 1744 3539 1814 φύσεως
3594 1737 3798 1793 ἐπιδει-

427 1869 492 1910 se
514 1852 846 1909 liberorum
869 1852 1200 1905 amantem.
1225 1850 1503 1903 Attamen
1533 1846 1715 1902 etiam
1734 1850 1879 1901 tunc
1894 1842 2090 1900 termi-

426 1958 578 2000 num
609 1957 679 1997 ac
701 1939 953 1996 modum
978 1938 1300 2011 imponens
1318 1935 1535 2001 dolori,
1567 1940 1625 1992 et
1655 1934 1769 2007 piis
1791 1933 1906 1990 illis
1929 1931 2091 1989 voci-

426 2030 548 2089 bus
568 2029 734 2104 quod
746 2032 1029 2085 evenerat
1049 2042 1294 2093 ornans,
1311 2024 1584 2082 dicebat:
1607 2022 2087 2094 Dominusdedit,

426 2120 718 2177 Dominus
740 2118 990 2175 abstulit
1015 2134 1028 2173 :
1064 2117 1219 2172 sicut
1247 2115 1499 2172 Domino
1526 2114 1786 2185 placuit,
1814 2114 1902 2169 ita
1932 2115 1984 2169 et
1995 2112 2090 2182 fa-

427 2215 588 2268 ctum
619 2213 725 2277 est,
748 2211 985 2263 tantum
1010 2221 1133 2262 non
1164 2205 1439 2262 clamans
1464 2204 1524 2260 in
1563 2203 1729 2259 hunc
1782 2201 2037 2258 modum
2070 2217 2085 2257 :

426 2302 599 2357 Pater
625 2300 874 2354 vocatus
911 2312 1048 2351 rum
1070 2294 1219 2351 dum
1241 2293 1433 2351 voluit
1452 2293 1556 2366 qui
1574 2306 1672 2349 me
1693 2296 1927 2366 patrem
1949 2289 2089 2347 eﬂ‘e-

428 2388 525 2446 cit.
551 2386 994 2446 Statuitrursus
1035 2383 1262 2441 sobolis
1292 2382 1441 2439 mihi
1470 2397 1762 2439 coronam
1828 2381 2088 2449 auferre,

427 2476 597 2535 haud
644 2490 920 2549 repugno
964 2474 1295 2548 quominus
1338 2489 1450 2530 sua
1502 2470 1756 2529 auferat.
1813 2470 2091 2528 Obtineat

427 2581 555 2639 quo
587 2564 842 2622 Domino
870 2563 1065 2620 visum
1098 2567 1224 2620 est:
1260 2563 1388 2636 ipse
1413 2566 1498 2619 est
1523 2560 1760 2632 generis
1787 2559 2087 2631 conditor,

429 2672 544 2728 ego
574 2669 897 2727 organum.
930 2653 1086 2720 Quid
1117 2669 1368 2710 necesse
1388 2656 1495 2722 est,
1531 2667 1741 2708 servus
1781 2666 1923 2707 cum
1950 2649 2091 2723 sim,

429 2745 633 2803 dolere
663 2760 761 2802 me
788 2743 1030 2812 frustra,
1060 2759 1132 2799 ac
1162 2742 1236 2799 de
1281 2741 1579 2798 sententia
1617 2757 1806 2813 quam
1850 2756 2089 2814 nequeo

427 2836 659 2895 irritam
682 2835 899 2904 facere,
934 2833 1227 2907 conqueri
1259 2831 1525 2890 ?Verbis
1574 2833 1877 2905 ejusmodi
1909 2832 2085 2906 quasi

424 2926 641 3000 jaculis
666 2925 869 2999 justus
898 2923 995 2981 ille
1033 2923 1349 2981 diabolum
1387 2922 1676 2980 confodit.

505 3179 590 3233 tl.
612 3178 961 3249 ,Postquam
1001 3177 1211 3231 autem
1235 3172 1452 3230 iterum
1472 3172 1750 3231 inimicus
1775 3189 1917 3230 eum
1937 3172 2088 3233 vidit

431 3280 562 3323 esse
581 3266 896 3329 victorem,
920 3278 1032 3320 nec
1059 3262 1183 3320 ulla
1211 3261 1432 3320 harum
1478 3279 1890 3320 aerumnarum
1942 3279 2086 3321 con-

432 3356 554 3412 cuti
581 3370 781 3427 posse,
814 3352 1159 3411 tentationis
1206 3353 1478 3409 admovit
1524 3354 2088 3411 machinamentum

432 3443 601 3502 carni
624 3443 761 3516 ipsi,
789 3447 846 3499 et
865 3458 1115 3516 corpore
1135 3441 1402 3498 infandis
1423 3442 1777 3499 vulneribus
1799 3459 2088 3517 percusso

433 3533 647 3601 effecit,
703 3537 769 3590 ut
824 3549 898 3589 ex
935 3548 1007 3589 eo
1032 3532 1330 3590 vermium
1359 3531 1556 3590 fontes
1587 3533 1972 3602 scaturirent,
2003 3534 2091 3590 vi-

427 3638 689 3697 rumque
718 3638 791 3679 ex
817 3623 985 3694 regio
1015 3623 1234 3680 throno
1255 3622 1644 3680 deturbatum
1672 3624 1733 3681 in
1782 3624 2088 3699 sterquili-

428 3712 532 3771 nio
556 3711 894 3770 collocavit.
919 3712 1018 3769 llle
1046 3728 1191 3769 vero
1210 3711 1308 3768 vel
1336 3711 1557 3769 talibus
1594 3715 1765 3786 172
1793 3715 2089 3785 angustiis

426 3801 768 3870 lacessitus,
820 3801 1160 3876 permansit
1198 3802 1489 3859 immotus
1519 3821 1533 3873 ;
1561 3810 1618 3861 et
1663 3804 1927 3863 lacerato
1957 3823 2091 3863 cor-

427 3906 598 3967 pore,
629 3892 870 3965 pietatis
921 3892 1279 3949 thesaurum
1308 3893 1372 3949 in
1399 3893 1714 3951 recondito
1740 3910 1959 3952 animae
1987 3911 2088 3954 re-

430 3996 604 4039 cessu
617 3980 974 4038 inviolatum
992 3981 1298 4039 servabat.
1332 3984 1480 4040 Cum
1495 3983 1677 4053 igitur
1692 3999 1817 4041 non
1839 3985 2090 4044 haberet

429 4069 601 4144 quod
645 4070 776 4142 jam
804 4070 1029 4128 faceret
1067 4071 1280 4137 hostis,
1326 4070 1687 4129 insidiarum
1705 4077 1974 4131 veterum
2000 4090 2087 4133 re~

429 4159 923 4234 cordatur;atque
944 4159 1024 4217 ad
1055 4160 1314 4235 impium
1340 4178 1409 4219 ac
1435 4161 1868 4237 blasphemum
1890 4165 2087 4223 consi-

424 4248 579 4306 lium
608 4251 812 4309 uxoris
836 4250 1114 4308 animum
1136 4252 1518 4325 pertrahens,
1556 4269 1743 4326 opera
1766 4253 1926 4312 illius
1978 4272 2084 4330 ag-

426 4338 821 4411 grediebatur
849 4340 1140 4399 athletam
1171 4347 1513 4399 concutere.
1562 4346 1645 4399 Ac
1697 4343 1799 4401 illa
1834 4344 2085 4419 quidem

2195 1836 2441 1908 κνύμενος
2494 1834 2785 1905 συμπαθὲς,
2854 1836 2944 1884 καὶ
2996 1832 3077 1884 ὅτι
3158 1834 3335 1904 πατὴρ
3389 1833 3465 1889 εἴη
3530 1828 3800 1903 φιλόστορ-

2193 1942 2287 1996 γος
2366 1924 2443 1986 οἷς
2517 1924 2736 1997 ἔπραττε
2805 1923 3213 1996 μαρτυρόμενος.
3289 1919 3430 1978 Πλὴν
3520 1923 3611 1972 καὶ
3683 1922 3800 1971 τότε

2194 2019 2311 2075 ταῖς
2369 2011 2555 2073 λύπαις
2620 2012 2737 2085 ὅρον
2794 2016 2885 2063 καὶ
2937 2013 3122 2084 μέτρον
3186 2008 3459 2078 ἕπιτιοεὶς,
3517 2013 3608 2062 καὶ
3685 2014 3802 2070 ταῖς

2197 2100 2459 2158 εὐσεϐέσιν
2548 2099 2765 2162 ἐκείναις
2848 2105 3039 2172 φωναῖς
3109 2106 3319 2172 κοσμῶν
3388 2101 3446 2151 τὸ
3511 2101 3798 2171 γινόμενον,

2195 2193 2381 2266 ἔλεγεν·
2460 2190 2517 2243 Ὀ
2596 2193 2787 2264 Κύριος
2860 2186 3070 2257 ἔδωκεν,
3155 2190 3182 2242 6
3259 2190 3469 2263 Κύριος,
3549 2186 3797 2261 ἀφείλετο·

2195 2284 2265 2345 ὡς
2319 2290 2393 2355 τῷ
2449 2284 2624 2356 Κυρίῳ
2668 2276 2862 2348 ἔδοξεν,
2931 2282 3066 2333 οὕτω
3098 2282 3189 2331 καὶ
3242 2277 3462 2350 ἐγένετο,
3518 2281 3804 2351 μονονουχὶ

2195 2380 2417 2427 τοιαῦτα
2469 2369 2627 2444 βοῶν·
2685 2368 2939 2428 Ἐκλήθην
2998 2373 3165 2444 πατὴρ
3223 2366 3297 2441 ἐφ’
3346 2368 3520 2421 ὅσονὸ
3549 2371 3703 2421 τοῦτό
3740 2386 3803 2439 με

2195 2468 2425 2525 ποιήσας
2479 2458 2715 2514 ἐϐούλετο
2771 2463 2983 2535 χρόνον.
3045 2456 3299 2532 Περιελεῖν
3352 2476 3455 2532 μου
3511 2461 3598 2511 τὸν
3629 2456 3802 2520 ἕκτῆς

2194 2558 2354 2624 γονῆς
2419 2567 2666 2622 στεφανον
2728 2546 3069 2602 ίϐουλεύσατο
3125 2547 3299 2614 πάλιν,
3359 2546 3418 2600 οὐ
3460 2543 3495 2600 δ
3501 2547 3804 2620 ιαμάχομαε

2194 2645 2314 2716 περὶ
2368 2648 2470 2695 τῶν
2540 2636 2688 2692 ἰδίων
2736 2638 2898 2710 αὐτῷ.
2957 2639 3220 2710 Κρατείτω
3269 2638 3331 2690 τὸ
3402 2654 3475 2708 τῳ
3564 2640 3797 2709 Δεσπότῃ

2196 2728 2407 2785 δοκοῦν·
2464 2729 2621 2793 αὐτός
2672 2727 2812 2782 ἔστιν
2863 2728 2891 2781 6
2937 2727 3175 2789 πλάστης
3219 2732 3313 2779 τοῦ
3362 2730 3564 2797 γένους,
3614 2723 3711 2795 ἑγὼ
3742 2721 3803 2777 δε

2197 2825 2429 2898 ὄργανον.
2476 2824 2541 2874 Τί
2577 2839 2642 2894 με
2670 2822 2780 2893 χρὴ
2851 2815 3036 2871 δοῦλον
3102 2820 3227 2869 ὄντα
3282 2812 3653 2889 δυσχεραίνειν
3709 2811 3800 2866 ἀν-

2197 2917 2379 2981 όνητα,
2435 2915 2526 2965 καὶ
2582 2910 2880 2985 μέμφεσθαι
2926 2906 3099 2981 ψῆφον
3130 2908 3192 2967 ἣν
3229 2906 3288 2960 οὗ
3341 2902 3574 2980 δύναμαι
3613 2904 3751 2957 λύειν
3786 2921 3800 2972 ;

2194 3005 2463 3065 Τοιούτοις
2506 3002 2595 3054 τὸν
2652 2996 2897 3053 διάϐολον
2939 2999 2966 3050 6
3026 2994 3236 3060 δίκαιος
3304 2998 3649 3059 κατηκόντιζε
3702 2993 3803 3069 ῥή-

2117 3109 2159 3166 C
2196 3096 2381 3169 μασίν.

2266 3185 2358 3241 11.
2384 3176 2597 3238 Ἐπειδὴ
2648 3174 2708 3232 δε
2739 3177 2895 3231 αὑτὸν
2923 3183 3148 3230 νικῶντα
3177 3172 3286 3230 εἶδε
3336 3172 3492 3229 πάλιν
3531 3174 3557 3226 6
3598 3169 3802 3247 δυσμε-

2194 3275 2309 3340 νὴς,
2366 3273 2457 3324 καὶ
2521 3264 2696 3322 οὐδενὶ
2742 3269 2937 3321 τούτων
2987 3268 3305 3340 τιναχθῆναι
3332 3260 3634 3337 δυνάμενον,
3669 3262 3799 3335 αὐτῇ

2196 3369 2259 3436 τῇ
2309 3365 2467 3436 σαρκὶ
2519 3362 2578 3412 τὸ
2625 3366 2723 3421 τῆς
2750 3363 2929 3433 πείρας
2953 3363 3191 3433 προσῆγε
3216 3356 3332 3428 (10)
3363 3356 3681 3428 μηχάνημα,
3714 3357 3804 3406 καὶ

2196 3454 2255 3506 τὸ
2289 3460 2443 3526 σῶμα
2490 3448 2750 3523 μαστίξας
2805 3445 3050 3522 ἀρῥὴτοις
3068 3446 3333 3519 ξπληγαῖς,
3372 3444 3653 3503 σκωλήκων
3674 3441 3804 3495 ἁνα-

2200 3538 2456 3596 δίδοσθαι
2501 3541 2674 3612 πηγὰς
2727 3536 2780 3601 ἕξ
2809 3537 2970 3591 αὑτοῦ
3017 3538 3398 3613 παρεσκεύασε’
3445 3539 3536 3587 καὶ
3583 3541 3683 3588 τῶν
3708 3541 3804 3595 τῆς

2199 3632 2469 3708 βασιλείας
2528 3632 2718 3704 θρόνων
2773 3631 2862 3681 τὸν
2913 3623 3086 3701 ἄνδρα
3113 3629 3445 3698 καταγαγὼν,
3475 3624 3560 3678 ἐπὶ
3586 3627 3804 3698 κοπρίας

2197 3722 2458 3777 ἐκάθισεν.
2496 3720 2555 3771 ’ῡ
2613 3716 2692 3785 δι,
2733 3722 2824 3770 καὶ
2874 3718 3133 3777 τοιούτοις
3188 3713 3502 3788 βαλλόμενος
3558 3715 3799 3781 πάθεσιν,

2198 3810 2442 3872 ἀκίνητος
2496 3812 2674 3881 ἔμεινε·
2744 3806 2835 3858 καί
2880 3808 3307 3878 σπαραττομένου
3372 3813 3465 3861 τοῦ
3539 3810 3800 3878 σώματος,

2197 3900 2390 3954 ἄσυλον
2429 3896 2673 3972 ἐφύλαττε
2723 3898 2811 3949 τὸν
2863 3902 2960 3955 τῆς
3006 3892 3273 3958 εὐσεϐείας
3328 3896 3594 3969 θησαυρὸν
3631 3896 3680 3946 ἐν
3731 3901 3804 3964 τῷ

2196 3998 2410 4065 κρυπτῷ
2457 3995 2551 4050 τῆς
2617 3985 2824 4058 ψυχῆς.
2887 3983 2999 4036 Οὐκ
3056 3987 3193 4056 ἔχων
3239 3987 3412 4037 τοίνυν
3455 3986 3482 4037 ὅ
3534 4003 3586 4037 τι
3614 3988 3804 4042 ποήσει

2194 4081 2373 4135 λοιπὸν
2422 4080 2448 4132 6
2495 4077 2757 4149 πολέμιος,
2807 4077 2890 4128 ἰπὶ
2945 4078 3034 4134 τὴν
3092 4082 3187 4137 τῆς
3239 4071 3474 4150 ἀρχαίας
3526 4071 3804 4135 ἑπιϐουλῆς

2195 4173 2411 4245 ἔρχεται
2467 4171 2697 4242 μνήμην,
2766 4170 2854 4218 καὶ
2894 4168 2990 4223 τὴν
3018 4172 3110 4217 τοῦ
3140 4167 3357 4236 γυναίου
3403 4159 3638 4217 διάνοιαν
3668 4163 3802 4216 ὑπο-

2197 4265 2362 4338 σύρας
2404 4259 2521 4333 (ll)
2575 4257 2645 4320 εἰς
2695 4254 2855 4315 ἀσεϐῆ
2904 4260 3115 4328 γνώμην
3161 4257 3253 4307 καὶ
3325 4252 3657 4327 βλάσφημον,
3727 4250 3802 4306 δι’

2195 4352 2391 4415 ἐκείνης
2446 4349 2676 4403 σαλεύειν
2742 4345 2981 4421 ἐπειρᾶτο
3029 4348 3115 4398 τὸν
3167 4341 3413 4404 ἀθλητήν.
3472 4349 3573 4398 Καί
3610 4346 3642 4403 ἠ
3712 4346 3802 4417 μὲν

424 4429 714 4503 temporis
763 4430 1144 4488 diuturnitati
1186 4432 1433 4503 cedens,
1474 4432 1640 4503 justo
1669 4435 1867 4508 astitit,
1913 4437 2082 4495 humi

2194 4447 2325 4519 πρὸς
2379 4444 2467 4496 τὸν
2505 4442 2704 4515 μακρὸν
2770 4440 2964 4514 χρόνον
3019 4434 3137 4504 (12)
3216 4432 3647 4510 ἀπαγορεύσασα,
3726 4442 3801 4507 τῷ

423 4533 643 4593 prona,
666 4536 887 4578 manus
916 4536 1100 4595 super
1126 4521 1201 4577 iis
1222 4538 1357 4594 quae
1391 4521 1634 4580 videbat
1659 4526 2084 4599 complodens,

422 4609 664 4680 pietatis
683 4609 738 4667 ei
775 4610 1003 4667 fructus
1032 4611 1427 4684 exprobrans,
1459 4611 1565 4669 hin
1595 4619 1859 4672 veterem
1879 4618 1965 4674 rei
1994 4618 2085 4675 fa-

419 4698 672 4757 miliaris
689 4699 1067 4774 opulentiam
1088 4716 1435 4767 recensens,
1457 4701 1620 4759 illinc
1638 4704 1801 4763 mala
1820 4722 2085 4780 praesen-

420 4789 505 4850 tia
528 4795 1042 4855 commonstrans,
1066 4796 1122 4848 et
1150 4792 1399 4865 qualem
1421 4808 1493 4849 ex
1514 4793 1801 4868 qualibus
1838 4800 2084 4856 sortitus

418 4884 578 4939 esset
603 4881 808 4946 vitam,
838 4885 896 4937 et
926 4896 1114 4954 quam
1146 4897 1255 4954 pro
1286 4882 1492 4940 multis
1519 4886 1828 4943 sacriﬁciis
1861 4905 2083 4946 merce-

417 4969 561 5029 dem
586 4986 623 5029 a
647 4971 905 5028 Domino
926 4971 1274 5045 recepisset.
1306 4975 1374 5030 Et
1401 4989 1640 5049 semper
1659 4978 1842 5036 verba
1863 4979 2082 5053 pusillo

417 5058 668 5133 quidem
691 5060 1016 5119 mulierum
1046 5061 1253 5119 animo
1280 5062 1466 5134 digna
1488 5066 1975 5140 proferebat:sed
1996 5074 2081 5129 ta-

490 5205 571 5278 (9)
597 5206 774 5290 -Ῑξῃᾳε
824 5206 992 5290 Cplb.
1053 5223 1175 5290 pro
1198 5207 1374 5282 βίαιον
1404 5210 1591 5290 habet
1633 5217 1824 5290 νότιον,
1855 5216 2079 5274 austri.

490 5223 571 5278 (υ)
614 5223 774 5292 unus
824 5223 992 5264 U010.
1033 5223 1164 5335 (pro
1198 5223 1374 5282 ριαιον
1404 5223 1591 5269 habet
1633 5223 1824 5285 νότιον,
1855 5223 2078 5274 austri-

412 5277 735 5362 nus.sz
781 5283 986 5362 autem
1081 5280 1290 5362 ubium
1320 5298 1444 5339 non
1464 5286 1748 5362 _es_t__qu_in
1774 5293 2078 5362 VOX_v67tcv

411 5348 624 5407 addita
663 5364 909 5433 quoque
958 5350 1137 5434 fuerit
1165 5353 1431 5434 primum
1460 5354 1524 5411 in
1550 5348 1687 5434 libri
1711 5373 1820 5414 ora
1847 5358 1924 5434 ab
1964 5360 2075 5417 ali-

412 5434 557 5501 quo,
578 5425 688 5501 qui
716 5425 848 5501 ejus
881 5425 1065 5501 venti_
1076 5425 1423 5501 violentiam
1482 5428 1711 5501 magis;
1738 5430 2075 5501 exprimere

410 5492 629 5549 vellet:
656 5492 766 5549 sed
793 5508 887 5563 ea,
920 5499 984 5550 ut
1013 5494 1143 5551 alite
1177 5496 1402 5566 multae,
1431 5492 1913 5569 postmoduinin
1936 5520 2075 5560 con-

410 5566 645 5622 textum
671 5563 864 5622 ﬂuxit.

472 5580 645 5622 Itum
671 5580 864 5622 nunt.

480 5636 597 5710 (10)
638 5638 880 5696 Veteres
930 5642 1194 5711 quatuor
1247 5638 1383 5698 libri
1408 5652 1667 5718 προσῆγε.
1706 5645 1857 5705 Editi
1913 5667 2073 5725 προσ-

2194 4532 2387 4606 δικαίῳ
2432 4535 2750 4605 παρίστατο,
2810 4529 2954 4580 κάτω
2999 4533 3283 4593 νενευκυῖα,
3325 4530 3414 4578 καὶ
3466 4528 3560 4589 τὰς
3613 4533 3803 4602 χεῖρας

2193 4624 2274 4679 ἐπὶ
2319 4630 2429 4686 τοῖς
2474 4624 2755 4697 ὁρωμένοις
2812 4617 3204 4690 συγκρούουσα,
3236 4619 3328 4669 καὶ
3380 4618 3504 4678 τοὺς
3526 4623 3621 4679 τῆς
3654 4615 3799 4668 εὐσε-

2192 4715 2335 4777 ϐείας
2393 4713 2534 4784 αὐτῷ
2596 4713 2828 4785 καρποὺς
2880 4703 3239 4773 ὀνειδίζουσα,
3300 4711 3388 4759 καὶ
3438 4705 3802 4778 καταλέγονσα

2192 4809 2280 4880 μεν
2311 4809 2405 4863 τὴν
2463 4801 2687 4855 παλαιὰν
2728 4799 2966 4858 εὐθηνίαν
2993 4804 3093 4849 τῶν
3125 4796 3344 4864 οἰκείων,
3378 4792 3802 4849 ὑποδεικνύουσα

2193 4894 2252 4949 δὲ
2280 4896 2345 4949 τὰ
2389 4897 2623 4967 παρόντα
2672 4891 2832 4958 κακὰ,
2878 4891 2970 4941 καὶ
3010 4888 3117 4940 οἷον
3148 4885 3201 4949 ἐξ
3221 4887 3340 4939 οἵων
3363 4885 3519 4958 ἔλαχε
3543 4884 3681 4960 βίον,
3710 4890 3800 4939 καὶ

2189 4990 2306 5040 τίνα
2333 4992 2432 5039 τῶν
2475 4981 2676 5036 πολλῶν
2715 4982 2910 5033 θυσιῶν
2954 4973 3167 5039 ἐδέξατο
3206 4978 3351 5052 παρά
3406 4983 3498 5029 τοῦ
3534 4980 3797 5031 Δεσπότου

2189 5076 2401 5151 μισθὸν,
2462 5072 2601 5144 ἔλεγέ
2652 5090 2706 5123 τε
2767 5067 2845 5123 ἀεὶ
2896 5076 2994 5129 τῆς
3041 5068 3132 5139 μὲν
3198 5073 3299 5119 τῶν
3328 5072 3588 5139 γυναικῶν
3629 5065 3800 5139 ὀλιγο-

2187 5225 2375 5295 ἠγαγι.
2398 5217 2730 5295 Aliquanto
2755 5217 2895 5295 post
2925 5210 3093 5295 Colb.
3125 5210 3363 5293 primus
3391 5218 3551 5295 τοῦ...
3587 5211 3793 5284 θρόνου,

2260 5280 2372 5363 (Π)
2397 5280 2559 5366 Unus
2587 5280 2776 5366 codeﬁ
2813 5289 2955 5356 Reg.
3000 5280 3237 5366 ιάνᾷιαν
3264 5281 3557 5366 ἀπςοσυρας.

2258 5355 2375 5437 (12)
2402 5360 2593 5419 Editio
2624 5360 2809 5416 Paris.
2847 5355 3051 5437 μικρὸν
3080 5359 3257 5437 πόνον,
3287 5355 3598 5437 diutinum
3632 5355 3798 5437 dolo-

2186 5425 2310 5495 refn
2332 5425 2468 5493 cum
2490 5438 2813 5508 nonpossct
2824 5425 2995 5508 ferre
3022 5427 3295 5507 amplius
3310 5425 3439 5508 :se_d
3452 5442 3579 5508 qua
3594 5433 3798 5508 aucto-

2184 5510 2357 5566 ritate
2386 5508 2529 5564 nixa
2560 5498 2778 5561 sithaze
2793 5498 3109 5575 scriptura,
3133 5498 3360 5575 nescio.
3388 5498 3579 5554 Editio
3609 5499 3789 5555 Basil.

2185 5586 2242 5639 et
2268 5579 2460 5639 nostri
2484 5582 2750 5653 quatuor
2780 5574 2931 5634 mssI
2956 5575 3154 5648 μακρὸν
3185 5574 3399 5646 χρόνον.
