4110 6432
1185 371 1424 429 HOMIL.
1467 374 1659 440 QUOD
1699 369 2061 431 MUNDA’NIS
2098 371 2605 430 ADHAL‘RENDUM
2645 375 2787 432 NON
2831 375 2954 432 SIT.
3646 379 3755 436 i362

388 373 488 428 561

386 497 595 570 ψυχίας
625 495 749 560 άξια
783 497 1018 572 ῥήματα,
1049 495 1274 572 ταράξαι
1313 493 1372 550 δὲ
1401 497 1570 550 πάντα
1616 493 1786 572 ἄνδρα
1836 493 1968 550 δυνά

2105 493 2184 552 lia
2214 497 2437 563 tamen,
2468 513 2606 570 quae
2635 497 2832 554 virum
2859 514 3100 556 omnem
3138 499 3510 572 perturbare,
3543 505 3600 559 et
3635 501 3763 560 ani-

389 607 534 656 αενα,
587 590 679 638 καὶ
730 585 1039 663 περιτρέψαι
1095 590 1185 639 καὶ
1229 591 1463 658 γενναίαν
1491 583 1744 642 διάνοιαν·
1791 585 1991 646 πλανῆ-

384 696 469 740 τις
500 678 603 752 γὰρ
635 679 726 728 καὶ
768 674 950 750 λάτρις
981 677 1350 750 περιέρχομαι,
1400 678 1430 736 ἠ
1478 675 1692 750 βασιλὶς
1741 673 1990 747 δουλεύω,

388 769 480 821 καὶ
533 769 665 840 πρὸς
713 767 802 828 τὰς
839 773 938 818 τῶν
985 763 1116 838 ἐμῶν
1161 765 1368 818 οἰκετῶν
1411 775 1599 842 χεῖρας
1651 767 1993 840 ἠνάγκασμαι

389 855 618 930 βλέπειν,
666 859 756 908 καὶ
802 859 1064 930 τρέφουσα
1115 855 1276 909 πάλαι
1331 855 1569 924 πολλοὺς,
1604 855 1889 929 ἀγαπητῶς
1937 853 1992 908 ἐκ

385 952 487 998 τῶν
533 943 813 1022 ἀλλοτρίων
852 949 1250 1021 παρατρέφομαι
1295 953 1404 998 νῦν·
1455 949 1546 1000 καὶ
1584 948 1664 1001 ὅτι
1705 945 1860 1000 καλὸν
1909 948 1986 1004 εἴη

383 1039 473 1088 καὶ
509 1039 804 1109 χρήσιμον,
864 1033 1079 1089 ἀσεϐέσι
1123 1038 1460 1112 χρησάμενον
1517 1035 1750 1112 ῥήμασιν
1809 1035 1988 1090 ἑαυτὸν

382 1133 480 1186 τῆς
507 1133 574 1197 γῆ
589 1145 609 1188 ς
648 1123 894 1198 ἐκτεμεῖν,
945 1127 1004 1178 τό
1049 1133 1146 1187 τῆς
1189 1133 1280 1178 τοῦ
1337 1129 1617 1189 κτίσαντος
1659 1125 1820 1201 ὀργῆς
1859 1123 1988 1178 ακο-

381 1218 616 1274 νήσαντα
641 1213 800 1288 ξίφος,
855 1213 884 1273 ἣ
926 1210 1369 1290 διακαρτερούντα
1405 1219 1538 1290 πρὸς
1573 1216 1639 1268 τὰ
1683 1212 1846 1282 δεινὰ,
1899 1217 1987 1268 τόν

381 1299 431 1356 ἐν
470 1310 578 1368 τοῖς
628 1301 799 1376 ἀγῶσι
841 1305 1046 1378 μόχθον
1088 1303 1252 1376 ἑαυτῷ
1295 1308 1386 1358 καὶ
1431 1312 1494 1378 τῇ
1541 1305 1855 1378 συνοικούσῃ
1887 1324 1990 1378 μη·

379 1393 576 1451 κύνειν.
615 1391 674 1445 Ὀ
705 1389 788 1461 δέ,
819 1391 905 1445 ἐπὶ
936 1395 1141 1456 τούτοις
1170 1400 1279 1457 τοῖς
1305 1392 1539 1471 ῥήμασιν
1571 1392 1870 1466 ἀχθεσθεὶς,
1917 1394 1988 1458 ὡς

379 1479 457 1534 ἐπ’
495 1479 672 1536 ούδενὶ
712 1489 814 1535 τῶν
854 1486 1115 1558 προτέρων
1145 1491 1336 1550 κακῶν,
1369 1487 1462 1535 καὶ
1494 1485 1660 1556 θυμοῦ
1687 1485 1744 1536 τὸ
1775 1481 1987 1556 βλέμμα

379 1569 684 1645 πληρώσας,
753 1575 843 1624 καὶ
913 1576 1042 1648 πρός
1108 1575 1204 1632 τὴν
1264 1579 1494 1645 γυναῖκα
1555 1574 1788 1646 καθάπερ
1855 1575 1986 1648 πρὸς

378 1659 628 1734 πολεμίαν
660 1661 1030 1736 ἀποστραφεὶς,
1072 1665 1124 1714 τί
1173 1679 1370 1736 enata;
1421 1661 1529 1716 Ἰνα
1559 1666 1610 1716 τί
1643 1665 1714 1726 ὡς
1757 1665 1856 1736 μία
1883 1671 1984 1716 τῶν

379 1746 610 1824 ἀφρόνων
638 1759 898 1822 γυναικῶν
929 1747 1157 1823 ἐφθέγξω
1187 1767 1200 1818 ;
1236 1752 1500 1819 Κατάθου,
1534 1756 1713 1825 φησὶν,
1738 1749 1778 1804 ὦ
1807 1753 1980 1824 γύναι,

2103 599 2273 640 mum
2300 583 2397 642 vel
2424 584 2639 644 fortem
2669 587 3016 645 subvertere
3047 592 3314 660 possent.
3333 590 3762 664 Vaga,inquie-

2100 672 2224 742 bat,
2256 677 2312 732 et
2351 675 2573 733 ancilla
2615 675 2854 744 oberro,
2885 675 3096 748 regina
3135 675 3351 748 servio,
3385 680 3445 734 et
3485 678 3564 736 ad
3598 695 3761 737 meo-

2101 779 2236 821 rum
2276 762 2648 822 famulorum
2691 782 2912 822 manus
2939 766 3238 838 respicere
3268 770 3478 824 coacta
3515 783 3674 840 sum,
3702 770 3762 824 et

2098 867 2236 927 quae
2263 853 2484 911 multos
2511 854 2656 912 olim
2685 855 2932 923 nutrivi,
2977 854 3133 912 bene
3175 870 3342 912 nunc
3388 871 3632 914 mecum
3661 855 3762 928 agi

2099 943 2376 1002 existimo
2420 945 2470 1002 si
2514 947 2779 1003 enutriar
2829 963 2903 1003 ex
2951 945 3180 1003 alienis.
3213 945 3510 1013 Addebat,
3543 943 3760 1002 melius

2097 1047 2228 1090 esse
2255 1049 2326 1091 ac
2351 1034 2554 1091 utilius
2581 1035 2630 1092 si
2659 1035 2734 1092 de
2763 1041 2921 1092 terra
2951 1051 3014 1092 se
3039 1035 3168 1108 ipse
3206 1035 3602 1103 exscinderet,
3643 1035 3758 1092 im-

2095 1123 2212 1197 piis
2238 1123 2438 1180 verbis
2477 1125 2724 1195 utendo,
2775 1129 2833 1184 et
2859 1125 3128 1196 gladium
3159 1124 3262 1180 irin
3295 1123 3630 1182 Conditoris
3660 1139 3760 1180 ex-

2095 1211 2393 1281 acuendo,
2421 1230 2608 1286 quam
2635 1213 2685 1270 si
2722 1215 3024 1272 malorum
3053 1213 3366 1272 tolerantia
3404 1212 3520 1270 sibi
3554 1213 3668 1286 ipsi
3700 1217 3762 1272 et

2095 1303 2270 1358 uxori
2297 1303 2695 1360 certaminum
2717 1303 2989 1360 laborem
3015 1307 3320 1378 proroget.
3353 1302 3451 1360 Ille
3480 1318 3625 1360 vero
3661 1301 3758 1360 his

2096 1390 2294 1449 verbis
2313 1393 2508 1463 magis
2527 1409 2716 1467 quam
2734 1393 2858 1450 ullo
2878 1392 3180 1450 malorum
3198 1391 3469 1466 priorum
3485 1391 3756 1449 offensus

2095 1484 2154 1536 et
2187 1481 2422 1538 vultum
2451 1481 2541 1538 ira
2568 1481 2856 1556 replente,
2897 1481 2979 1544 ad
3021 1497 3274 1538 uxorem
3321 1481 3488 1538 velut
3513 1481 3758 1540 hostem

2095 1585 2450 1642 conversus,
2485 1571 2638 1646 quid
2675 1571 2817 1628 dicit
2847 1572 2875 1628 ?
2922 1573 3117 1638 Quare
3167 1576 3462 1644 tanquam
3505 1587 3632 1628 una
3677 1569 3756 1630 de

2095 1659 2291 1716 stultis
2340 1661 2693 1718 mulieribus
2724 1661 2928 1718 locuta
2953 1677 3014 1717 es
3039 1661 3098 1718 ‘?
3138 1664 3405 1733 Depone,
3451 1675 3487 1717 o
3515 1659 3754 1730 mulier,

2090 1749 2308 1824 inquit,
2329 1749 2480 1808 illud
2501 1751 2844 1809 consilium.
2873 1753 3199 1824 Quousque
3224 1749 3396 1807 dictis
3415 1751 3536 1807 tuis
3561 1749 3756 1807 dede-

375 1843 470 1899 τὴν
519 1839 838 1913 συμϐουλήν.
889 1844 1068 1916 Μέχρι
1107 1845 1247 1905 τίνος
1285 1845 1379 1901 τὴν
1415 1844 1594 1902 κοινὴν
1634 1840 1682 1894 ἐν
1709 1843 1782 1903 οἷς
1823 1840 1968 1914 λέγεις

2092 1840 2331 1897 eorabis
2360 1841 2544 1900 vitam
2592 1841 3032 1898 communem?
3081 1840 3346 1910 Violasti,
3379 1839 3549 1914 quod
3597 1843 3754 1898 Deus

374 1927 609 2002 ὑϐρίζεις
638 1929 821 1999 Cute;
876 1930 1108 2002 Ἐψεύσω
1154 1934 1246 1984 καὶ
1293 1935 1388 1990 τὴν
1432 1929 1579 2006 ἐμὴν,
1629 1933 1696 1992 ὡς
1737 1930 1832 1984 ούκ
1881 1931 1982 1991 mi-

373 2022 572 2092 χόμην,
607 2019 950 2094 ἀναστροφὴν,
1021 2017 1251 2082 διέϐαλες
1314 2019 1362 2074 ἐν
1427 2021 1507 2084 οἷς
1576 2018 1832 2084 ἑλάλησας
1891 2025 1982 2075 καὶ

371 2110 458 2162 τόν
513 2106 633 2181 ἐμὸν
701 2107 840 2182 βίον.
899 2109 986 2175 Ἐξ
1045 2111 1294 2184 ἡμισείας
1365 2109 1680 2170 ἠσεϐηκέναι
1740 2115 1982 2184 νενόμικα

371 2203 481 2265 νῦν,
537 2195 817 2272 ἐπειδήπερ
860 2199 909 2254 ἓν
965 2202 1056 2274 μὲν
1105 2207 1261 2274 σῶμα
1313 2198 1630 2276 ἀμφοτέρους
1682 2202 1822 2276 ἡμᾶς
1863 2204 1978 2270 (i3)

373 2287 400 2340 ὁ
447 2289 619 2360 γάμος
648 2285 882 2356 ἐποίησε,
939 2293 1004 2342 σὺ
1064 2285 1124 2344 δὲ
1176 2289 1243 2351 εἰς
1297 2288 1638 2365 βλασφημίαν
1681 2293 1974 2351 κατέπεσες.

371 2375 537 2430 Εἰτά
583 2374 758 2450 ἀγαθὰ
804 2374 1092 2452 ἐδεξάμεθα
1145 2377 1200 2432 ἐκ
1247 2383 1428 2454 χειρός
1480 2383 1698 2455 Κυρίου,
1744 2381 1812 2432 τὰ
1839 2379 1980 2434 κακὰ

371 2465 478 2538 ούχ
534 2468 866 2540 ύποίσομεν;
935 2468 1261 2542 Ἀνάμνησον
1310 2477 1411 2523 τῶν
1461 2471 1770 2542 φθασάντων
1826 2489 1978 2522 σεαυ-

369 2559 464 2617 τὴν
505 2554 734 2630 ἀγαθῶν.
790 2557 1174 2618 Ἀντισὴκωσον
1203 2561 1270 2613 τα
1293 2563 1508 2634 κρείττω
1551 2567 1656 2621 τοῖς
1707 2564 1972 2636 χείροσιν.

373 2641 598 2708 Οὐδενός
627 2645 908 2726 saepem»
972 2649 998 2702 ὁ
1057 2647 1176 2722 βίος
1217 2645 1396 2703 διόλου
1443 2650 1722 2726 μακάριος.
1767 2651 1836 2702 Τό
1883 2646 1976 2706 διὰ

370 2740 562 2801 παντὸς
593 2717 646 2790 εύ
678 2739 924 2813 πράττειν
952 2742 1113 2812 μόνον
1146 2747 1300 2794 Θεοῦο
1334 2742 1400 2795 Σύ
1446 2736 1525 2806 δε,
1559 2739 1604 2794 εἰ
1633 2746 1743 2804 τοῖς
1779 2746 1975 2816 παροῦ-

373 2844 457 2878 σιν
505 2825 698 2900 ἁλγεῖς,
731 2825 832 2880 ἀπὸ
869 2837 967 2882 τῶν
1006 2827 1368 2903 προλαϐόντων
1415 2833 1614 2888 σαυτὴν
1660 2831 1974 2905 παραμύθη-

375 2935 504 2972 σαι.
565 2924 672 2970 Νῦν
730 2913 1011 2992 δακρύεις,
1071 2917 1180 2972 ἀλλ’
1242 2917 1487 2994 ἐγέλασας
1537 2925 1823 2994 πρότερον⁸
1883 2927 1972 2973 νῦν

370 3009 676 3080 πτωχεύεις,
743 3005 848 3061 ἀλλ’
913 3007 1240 3073 ἐπλούτησας
1308 3029 1594 3084 προτερον,
1677 3008 1852 3071 "gms;
1910 3013 1967 3063 τὸ

367 3090 558 3158 διειδές
582 3103 723 3172 νᾶμα
745 3105 837 3151 τοῦ
869 3095 1015 3172 βίου,
1057 3102 1147 3152 καὶ
1195 3101 1254 3152 τό
1295 3099 1499 3173 θολερὸν
1538 3106 1694 3152 τοῦτο
1741 3104 1971 3152 πίνουσα

2089 1929 2422 1998 avertisset,
2455 1930 2978 1990 conversationem
3022 1945 3228 1986 meam
3273 1933 3458 2003 atque
3505 1929 3756 1988 societa-

2089 2021 2232 2086 tem,
2277 2023 2336 2078 et
2365 2019 2481 2077 tuis
2520 2019 2650 2076 istis
2692 2019 2895 2078 verbis
2935 2018 3124 2076 vitam
3169 2035 3377 2076 meam
3423 2018 3608 2076 etiam
3654 2034 3754 2078 ca-

2087 2107 2322 2167 lumnia
2362 2109 2696 2184 aspersisti.
2747 2109 2970 2167 Videor
3006 2124 3174 2167 nunc
3201 2108 3352 2165 mihi
3394 2107 3650 2166 dimidia
3677 2123 3754 2166 ex

2087 2201 2259 2272 parte
2283 2197 2468 2272 impie
2499 2198 2698 2269 egisse
2723 2216 2736 2255 :
2791 2197 3095 2272 siquidem
3129 2213 3319 2254 unum
3348 2197 3600 2270 quidem
3624 2213 3752 2254 cor-

2087 2303 2205 2360 pus
2234 2291 2522 2362 utrosque
2550 2303 2664 2344 nos
2692 2287 2922 2360 nuptiae
2947 2287 3376 2360 praestiterunt,
3403 2285 3510 2342 sed
3531 2291 3598 2342 tu
3614 2302 3753 2359 pro-

2084 2375 2262 2450 lapsa
2291 2391 2355 2433 es
2385 2375 2447 2433 in
2475 2375 2948 2449 blasphemiam.
2997 2376 3070 2433 Si
3098 2375 3254 2432 bona
3281 2375 3648 2444 suscepimus
3675 2375 3750 2433 de

2083 2480 2272 2521 manu
2299 2465 2562 2533 Domini,
2609 2465 2775 2521 mala
2803 2479 2925 2520 non
2963 2462 3460 2521 sustinebimus’?
3489 2463 3750 2534 Redigas

2083 2554 2190 2612 tibi
2209 2555 2272 2612 in
2300 2555 2659 2612 memoriam
2688 2553 2988 2627 praeterita
3007 2553 3192 2610 bona.
3225 2556 3565 2627 Compensa
3583 2553 3750 2613 bona

2083 2643 2278 2702 malis.
2303 2644 2534 2702 Nullius
2553 2643 2818 2700 hominis
2839 2643 2960 2701 vita
2977 2643 3154 2701 beata
3180 2648 3268 2700 est
3287 2643 3561 2701 omnino.
3581 2645 3749 2701 Sem-

2082 2752 2190 2810 per
2229 2735 2465 2793 felicem
2501 2750 2652 2802 esse,
2695 2733 2883 2791 solius
2934 2733 3036 2791 Dei
3075 2739 3184 2792 est.
3229 2737 3313 2790 Tu
3352 2733 3532 2804 igitur
3577 2733 3628 2790 si
3665 2733 3748 2791 ob

2080 2825 2406 2900 praesentia
2453 2823 2661 2882 dolore
2713 2821 2990 2892 afﬁceris,
3032 2839 3104 2880 ex
3155 2823 3471 2897 praeteritis
3517 2827 3572 2880 te
3608 2822 3749 2896 ipsa

2081 2913 2418 2972 consolare.
2451 2916 2619 2970 Nunc
2647 2912 3032 2986 lacrymaris,
3061 2917 3123 2970 at
3149 2912 3318 2986 prius
3347 2911 3556 2969 risisti:
3581 2927 3747 2970 nunc

2080 3021 2317 3078 pauper
2347 3021 2430 3070 es,
2458 3009 2520 3060 at
2549 3003 2718 3076 prius
2743 3003 2908 3060 fuisti
2950 3003 3140 3060 dives.
3175 3002 3383 3060 Bibisti
3417 3002 3746 3077 limpidum

2080 3095 2213 3152 vitae
2229 3094 2492 3163 laticem,
2502 3093 2631 3165 jam
2651 3091 2966 3149 turbidum
2982 3091 3199 3148 bibens
3221 3091 3428 3148 animo
3445 3107 3620 3165 sequo
3637 3107 3745 3165 pa-

362 3189 704 3262 καρτέρησον.
756 3183 898 3241 Ούδε
948 3189 1016 3240 τὰ
1056 3196 1156 3241 τῶν
1194 3197 1441 3262 ποταμῶν
1493 3187 1732 3263 ῥεύματα
1789 3184 1968 3242 διόλου

2078 3186 2243 3244 tiare.
2276 3187 2355 3242 Ne
2375 3183 2696 3240 ﬂuviorum
2723 3182 2971 3256 quidem
2989 3181 3217 3239 ﬂuenta
3240 3187 3534 3257 perpetuo
3551 3197 3743 3255 appa-

359 3277 594 3348 φαίνεται
622 3277 848 3352 καθαρά.
883 3279 1118 3351 Ποταμὸς
1147 3273 1227 3350 δε,
1275 3280 1340 3340 ὡς
1370 3276 1544 3344 οἶσθα,
1591 3278 1616 3330 ὁ
1649 3277 1770 3351 βίος
1797 3278 1965 3352 ἡμῶν,

355 3363 484 3440 ῥέων
533 3361 812 3438 ἐνδελεχῶς
873 3369 966 3428 καὶ
1029 3369 1260 3440 κύμασιν
1313 3365 1678 3428 ἀλλεπαλήλοις
1741 3366 1970 3442 πληρού-

358 3471 511 3527 μενος
540 3453 672 3524 (14).
729 3455 800 3508 Τό
975 3456 1077 3528 γὰρ
1136 3453 1297 3507 αὐτοῦ
1345 3453 1683 3530 προέρρευσεν
1728 3451 1858 3522 ἤδη,
1904 3458 1964 3508 τὸ

359 3537 422 3594 δὲ
472 3542 551 3596 ἔτι
605 3543 899 3618 πορεύεται·
951 3547 1043 3597 καὶ
1106 3545 1166 3596 τὸ
1213 3546 1304 3617 μὶν
1351 3545 1472 3618 ἄρτι
1537 3542 1800 3620 προέκνψε
1863 3553 1964 3596 τῶν

354 3638 560 3704 πηγῶν,
589 3632 650 3684 τὸ
696 3627 756 3686 δε
802 3631 992 3707 μέλλει·
1045 3637 1138 3686 καὶ
1191 3635 1325 3707 πρὸς
1365 3637 1460 3692 τὴν
1512 3637 1688 3692 κοινὴν
1745 3633 1963 3696 ἅπαντες

353 3727 449 3775 τοῦ
483 3721 704 3775 θανάτου
737 3717 1031 3796 σπεύδομεν
1074 3721 1352 3778 θάλατταν.
1403 3722 1466 3774 Εἰ
1520 3725 1586 3776 τὰ
1625 3721 1800 3795 ἀγαθὰ
1847 3718 1960 3778 ἐδε-

355 3809 555 3884 ξάμεθα
601 3809 658 3864 ἐκ
703 3813 884 3886 χειρός
932 3816 1150 3889 Κυρίου,
1201 3813 1266 3866 τὰ
1317 3813 1456 3866 κακά
1499 3811 1606 3886 οὐχ
1635 3817 1958 3886 υποίσομεν;

353 3899 741 3975 Ἀναγκάξομεν
787 3903 876 3955 τὸν
933 3907 1118 3978 κριτὴν
1172 3903 1328 3977 ὃμοια
1372 3909 1626 3977 χορηγεῖν
1670 3903 1960 3979 πράγματα

351 3985 426 4044 δι’
457 3994 644 4053 αἰῶνος
669 3991 828 4064 nisi»;
875 3987 1204 4066 Διδάσκομεν
1254 3995 1340 4046 τὸν
1371 3995 1656 4060 Δεσπότην,
1689 3992 1823 4053 ὅπως
1845 3996 1955 4066 χρὴ

353 4074 612 4152 διεξάγειν
675 4083 762 4134 τόν
815 4081 1065 4155 ἡμέτερον
1123 4079 1289 4155 ﬂio»;
1357 4081 1522 4143 Αύτός
1587 4090 1688 4135 τῶν
1753 4083 1954 4134 οἰκείων

345 4166 534 4243 ψήφων
593 4171 710 4243 ἔχει
772 4174 868 4231 τήν
929 4169 1189 4234 ἐξουσίαν.
1251 4169 1426 4233 Ὀπως
1475 4169 1724 4245 βούλεται
1777 4173 1954 4225 τάττει

345 4259 414 4312 τὰ
443 4259 561 4314 καθ’
593 4261 753 4334 ἡμᾶς.
787 4263 946 4334 Σοφός
995 4257 1057 4316 δέ
1083 4258 1220 4332 ἐστι,
1264 4263 1354 4315 καὶ
1403 4263 1460 4314 τὸ
1507 4260 1808 4315 λυσιτελοῦν
1847 4259 1954 4315 ἐπι-

346 4355 524 4425 μετρεῖ
540 4354 650 4412 τοῖς
668 4349 912 4412 οἰκέταις.

422 4441 506 4494 12.
575 4443 661 4500 Μή
719 4439 1066 4516 περιεργάζου
1129 4447 1222 4494 τοῦ
1289 4444 1552 4496 Δεσπότου
1595 4445 1690 4501 τήν
1751 4447 1948 4518 κρίσιν.

2076 3281 2208 3333 rent
2230 3291 2409 3349 pura.
2435 3275 2536 3330 Est
2555 3277 2758 3330 autem
2787 3272 3007 3330 ﬂuvius
3037 3273 3162 3329 vita
3189 3275 3422 3342 nostra,
3461 3275 3527 3328 ut
3554 3272 3736 3342 nosti,

2076 3365 2359 3423 continue
2383 3363 2598 3431 ﬂuens,
2623 3379 2694 3420 ac
2718 3362 3004 3419 ﬂuctibus
3025 3361 3368 3418 alternatim
3393 3361 3507 3418 sibi
3534 3375 3738 3418 succe-

2072 3454 2354 3512 dentibus
2402 3453 2639 3510 referta.
2689 3452 2920 3510 Etenim
2962 3452 3094 3524 jam
3135 3467 3280 3525 pars
3323 3450 3733 3526 praeter-ﬂuxit,

2072 3560 2216 3618 pars
2244 3543 2447 3600 adhuc
2475 3543 2692 3599 transit
2718 3559 2732 3598 :
2764 3557 2907 3615 pars
2925 3542 3058 3614 jam
3095 3541 3342 3599 emersit
3369 3557 3400 3598 e
3435 3539 3731 3610 fontibus,

2070 3649 2214 3708 pars
2247 3649 2388 3690 vero
2427 3647 2739 3690 emersura
2769 3635 2874 3704 est,
2927 3635 2984 3688 et
3026 3629 3106 3688 ad
3153 3645 3480 3688 commune
3515 3629 3729 3688 mortis

2069 3741 2237 3783 mare
2274 3723 2632 3782 festinamus
2663 3737 2900 3779 omnes.
2949 3723 3020 3778 Si
3057 3721 3211 3778 bona
3253 3721 3619 3793 suscepimus
3655 3721 3732 3778 de

2067 3832 2254 3874 manu
2277 3815 2532 3882 Domini,
2556 3813 2723 3870 mala
2744 3829 2866 3869 non
2885 3811 3338 3869 sustinebimus?
3359 3809 3728 3880 Cogimusne

2059 3905 2330 3978 judicem
2350 3904 2530 3962 nobis
2562 3907 2854 3977 perpetuo
2886 3901 3061 3976 paria
3089 3900 3521 3975 suppeditare?
3546 3901 3728 3957 Doce-

2062 4011 2280 4051 musne
2301 3995 2642 4066 Dominum,
2667 3991 2979 4068 quomodo
2998 3989 3217 4048 debeat
3243 3991 3424 4048 vitam
3451 3991 3726 4048 nostram

2061 4084 2414 4142 moderari?
2439 4085 2685 4140 Decreta
2711 4099 2822 4138 sua
2839 4096 3029 4156 penes
3057 4080 3264 4154 ipsum
3287 4079 3454 4137 sunt.
3482 4081 3594 4136 Res
3617 4093 3725 4136 no-

2060 4179 2216 4232 stras
2236 4191 2347 4248 pro
2374 4189 2486 4230 suo
2529 4171 2826 4230 arbitratu
2870 4171 3040 4244 regit.
3088 4173 3189 4227 Est
3231 4168 3394 4227 enim
3441 4167 3722 4244 sapiens;

2059 4271 2119 4324 et
2145 4265 2312 4340 quod
2342 4264 2486 4322 utile
2508 4267 2618 4335 est,
2644 4263 2708 4320 id
2737 4260 2864 4320 suis
2888 4260 3078 4320 servis
3109 4260 3453 4320 admetitur.

2134 4451 2220 4504 l2.
2254 4449 2406 4504 Cave
2425 4443 2720 4503 curiosius
2738 4441 3130 4517 perscruteris
3143 4439 3382 4498 Domini
3396 4437 3720 4512 judicium.

347 4523 560 4600 Ἀγάπα
587 4532 740 4602 μόνον
787 4531 855 4582 τὰ
909 4531 1054 4604 παρὰ
1108 4537 1202 4592 τῆς
1247 4529 1408 4584 αὐτοῦ
1443 4534 1624 4605 σοφίας
1653 4531 1950 4606 οἰκονομού-

2078 4537 2233 4610 Equi
2261 4535 2528 4609 bonique
2553 4534 2650 4592 fac
2694 4532 3092 4630 solum-quae.
3112 4531 3213 4630 ab"
3230 4529 3389 4630 illius
3425 4527 3722 4630 sapientia.

347 4635 494 4690 μενα,
543 4615 706 4694 Ὀπερ
763 4616 823 4670 ἂν
873 4615 951 4690 δῷ
1010 4638 1116 4688 σοι,
1164 4627 1318 4674 τοῦτα
1363 4616 1531 4697 δῖέκου
1579 4621 1690 4692 μεθ’
1731 4618 1946 4684 ἡδονῆς.

347 4706 520 4770 Δεῖξον
589 4705 639 4761 ἐν
697 4715 807 4770 τοῖς
863 4707 1146 4782 ἀλγεινοῖς,
1207 4710 1278 4772 ὡς
1332 4715 1421 4762 καὶ
1476 4718 1570 4772 τῆς
1635 4709 1950 4784 εὐφροσύνης

347 4794 472 4861 ἀξία
516 4805 616 4860 τῆς
666 4799 892 4874 πρόσθεν
934 4797 1238 4872 ἐτύγχανες.
1299 4807 1478 4852 Ταῦτα
1525 4800 1550 4852 ὁ
1601 4797 1718 4853 Ἰὼϐ
1769 4799 1945 4873 λέγων,

346 4885 710 4964 ἀπεκρούσατο
738 4892 828 4942 καὶ
864 4891 1060 4949 ταύτην
1089 4897 1182 4943 τοῦ
1213 4885 1250 4944 δ
1254 4888 1461 4942 ιαϐόλου
1503 4893 1598 4948 τὴν
1627 4888 1945 4964 προσϐολὴν,

345 4981 438 5030 καὶ
461 4976 652 5032 τελείαν
681 4977 824 5050 αὐτῷ
853 4986 945 5042 τῆς
975 4981 1139 5042 ἣττης
1177 4979 1442 5052 αἰσχύνην
1491 4978 1739 5054 ἐπήγαγε.
1771 4985 1834 5034 Τί
1859 4977 1947 5035 οὖν

345 5063 573 5118 ἓντεῦοω
621 5067 910 5122 συνέϐαινεν
955 5085 969 5138 ;
1027 5067 1221 5142 Ἐερυγε
1271 5066 1424 5132 αὖθις
1475 5070 1504 5128 ἡ
1560 5073 1710 5131 νόσος
1765 5070 1942 5140 αὐτὸν,

345 5155 417 5218 ὡς
471 5154 579 5216 εἰκῆ
648 5157 1032 5235 προσελθοῦσα,
1088 5162 1178 5212 καὶ
1255 5155 1422 5232 μηδεν
1479 5157 1724 5212 ἀνύσασα
1773 5159 1944 5216 πλέον.

344 5242 604 5299 Ἀνέθαλεν
628 5247 698 5310 είς
746 5243 992 5324 δευτέραν
1036 5247 1169 5308 ἥϐην
1202 5251 1232 5307 ἡ
1283 5248 1434 5324 σάρξ·
1479 5249 1700 5308 ᾖνθκσεν
1748 5251 1775 5302 ὁ
1825 5249 1946 5324 βίος

335 5333 491 5389 πάλιν
519 5343 656 5390 πᾶσι
691 5345 798 5400 τοῖς
837 5337 1072 5410 ἀγαθοῖς,
1117 5341 1207 5392 καὶ
1233 5334 1528 5392 διπλασίων
1559 5336 1643 5392 ἐπί
1678 5342 1766 5392 τόν
1805 5337 1945 5394 οἷκον

409 5444 428 5480 ¹
468 5442 663 5514 Jobu,
696 5449 781 5502 10.
824 5448 846 5482 ³
872 5445 1021 5503 ibid.

341 5553 532 5680 d{11.3)
570 5555 792 5610 Vocem
983 5569 1054 5609 ex
1076 5552 1343 5626 antiquis
1375 5551 1617 5610 duobus
1650 5553 1816 5610 libris
1842 5555 1947 5612 ad-

387 5639 404 5680 l
451 5639 632 5680 imus.

387 5639 744 5768 ιῗίῖἲιὲῗίίιίο
775 5696 962 5756 Paris.
997 5695 1487 5772 πλημμυρούμενος.
1520 5701 1757 5758 Veteres
1795 5715 1946 5778 qua-

2059 4625 2508 4700 dispensantur.
2541 4621 2847 4695 Quidquid
2888 4619 3120 4678 dederit
3153 4618 3282 4688 tibi,
3321 4633 3462 4674 cum
3492 4614 3719 4687 gaudio

2057 4716 2286 4790 accipe.
2331 4713 2590 4772 Ostende
2649 4713 2712 4769 in
2761 4709 3036 4767 adversis
3091 4706 3388 4764 exstitisse
3447 4706 3619 4778 173
3662 4708 3722 4762 et

2055 4804 2260 4862 iustitia
2298 4801 2552 4878 pristina
2594 4801 2868 4874 dignam.
2911 4797 3009 4854 His
3044 4795 3316 4854 dicendis
3362 4793 3582 4868 repulit
3605 4795 3717 4852 Job

2056 4901 2113 4952 et
2141 4895 2302 4952 hunc
2331 4891 2560 4948 diaboli
2589 4889 2914 4958 assultum,
2933 4891 2990 4945 et
3013 4887 3316 4958 integrum
3341 4883 3396 4942 ei
3415 4882 3717 4956 pudorem

2055 4984 2132 5042 de
2160 4983 2324 5041 illata
2353 4981 2524 5038 clade
2554 4979 2830 5038 incussit.
2879 4977 3035 5045 Quid
3062 4976 3246 5047 igitur
3289 4973 3432 5032 hinc
3473 4971 3721 5030 evenit?

2058 5069 2226 5142 Fugit
2254 5068 2472 5124 iterum
2501 5066 2582 5123 ab
2610 5065 2710 5122 illo
2741 5063 3020 5130 morbus,
3051 5065 3345 5135 tanquam
3382 5057 3489 5130 qui
3517 5072 3718 5114 acces-

2057 5161 2230 5218 sisset
2271 5158 2512 5225 frustra,
2551 5171 2665 5212 nec
2715 5153 3054 5229 quidquam
3103 5149 3367 5224 amplius
3397 5147 3716 5206 effecisset.

2054 5254 2313 5308 Reversa
2334 5264 2474 5305 caro
2499 5247 2557 5304 in
2591 5245 2843 5304 alteram
2869 5242 3250 5318 pubertatem
3274 5239 3557 5298 reviruit:
3611 5235 3718 5295 ﬂo-

2055 5340 2172 5397 ruit
2199 5355 2410 5396 rursus
2437 5337 2559 5395 vita
2589 5335 2770 5394 bonis
2789 5332 3098 5403 omnibus,
3129 5335 3188 5390 et
3213 5329 3536 5404 duplicatae
3565 5326 3718 5386 divi-

2053 5560 2194 5613 tuor
2246 5554 2384 5612 libri
2439 5555 2815 5620 πληρούμενος.
2849 5551 3060 5610 Statim
3117 5551 3263 5620 Reg.
3312 5545 3622 5620 secundus
3659 5547 3720 5620 et

2053 5605 2220 5704 631i).
2247 5605 2570 5704 magis
2587 5605 2815 5704 iam};
2840 5605 3187 5680 sane:
3204 5605 3431 5678 illum
3461 5616 3631 5674 deest
3657 5615 3720 5673 in

2053 5698 2344 5774 vulgatis,
