4110 6390
435 274 535 326 567

1811 271 1868 328 S.
1910 268 2158 326 BASILH
2198 271 2416 329 MAGNI

3696 290 3803 344 568

428 397 575 453 dam
603 400 661 453 et
681 396 941 470 speculis
971 395 1032 452 in
1063 401 1444 454 antecessum
1465 395 1653 453 animi
1673 395 1891 452 intuitu
1919 409 2081 450 exer-

2198 398 2248 447 οἳ
2283 417 2344 466 γε
2367 399 2501 470 (26),
2532 419 2580 453 εν
2609 421 2970 477 χειρονομίαις
3021 410 3110 459 καὶ
3160 405 3427 480 ὀρχήσεσι
3475 412 3570 468 τὴν
3619 409 3804 485 ἔμπει-

428 503 654 554 cemur,
687 503 818 556 eos,
859 487 964 560 qui
993 487 1053 544 in
1081 486 1321 543 militari
1349 485 1669 560 disciplina
1705 485 1876 557 175
1917 500 2083 540 exer-

425 581 654 648 centur,
685 576 901 634 imitati
935 595 948 633 :
991 578 1096 650 qui
1143 577 1247 633 ubi
1289 577 1351 633 in
1379 592 1676 633 manuum
1707 580 1873 632 motu
1904 579 2086 647 atque

423 667 846 725 saltationibus
872 669 1303 741 experientiam
1325 668 1527 741 adepti
1556 667 1868 735 fuerint,in
1900 672 2084 722 certa-

424 758 692 815 minibus
721 774 794 814 ex
842 759 956 814 hac
1005 759 1140 831 ipsa
1183 759 1415 816 ludicra
1455 757 1775 830 disciplina
1819 756 2080 812 fructum

422 849 782 922 percipiunt.
806 852 870 906 Et
899 855 1056 905 certe
1077 849 1421 923 putandum
1447 853 1538 905 est
1571 854 1871 904 certamen
1896 851 2082 903 certa-

422 940 658 997 minum
679 940 954 996 omnium
972 940 1308 997 maximum
1333 939 1511 995 nobis
1528 939 1908 1011 propositum
1927 953 2076 1000 esse.

421 1045 534 1102 pro
559 1047 682 1104 quo
701 1029 940 1100 agenda
968 1029 1145 1086 nobis
1183 1035 1323 1086 sunt
1351 1028 1560 1086 omnia
1589 1034 1645 1085 et
1671 1027 2078 1085 laborandum

420 1135 534 1191 pro
557 1119 784 1175 viribus
816 1124 879 1176 ut
907 1119 986 1176 ad
1016 1119 1076 1176 id
1103 1135 1536 1192 praeparemur,
1570 1124 1750 1192 atque
1781 1119 1994 1192 poetis,
2024 1121 2078 1174 et

419 1209 740 1276 historicis,
794 1216 852 1266 et
893 1209 1253 1281 rhetoribus,
1285 1213 1343 1265 et
1391 1209 1744 1265 hominibus
1789 1208 2077 1265 omnibus

418 1301 735 1369 utendum,
779 1300 942 1356 unde
972 1299 1192 1356 utilitas
1230 1301 1435 1372 aliqua
1455 1299 1533 1355 ad
1563 1299 1834 1356 animam
1859 1315 2076 1355 curan-

417 1389 563 1446 dam
583 1406 900 1447 accessura
919 1389 1550 1456 sit.Quemadmodum
1573 1389 1733 1446 enim
1759 1389 2077 1446 infectores

416 1480 715 1552 quidquid
761 1480 1095 1550 ingendum
1151 1486 1239 1537 est
1287 1482 1454 1552 prius
1501 1480 1659 1537 curis
1705 1479 2074 1554 quibusdam

415 1575 782 1642 praeparant,
805 1575 862 1626 et
880 1570 962 1626 ita
984 1570 1235 1626 demum
1267 1571 1531 1626 colorem
1557 1572 1683 1626 sive
1700 1585 2074 1644 purpureum

417 1659 544 1716 sive
568 1659 926 1732 quempiam
950 1659 1136 1716 alium
1180 1660 1480 1716 inducunt
1512 1679 1525 1717 :
1564 1661 1780 1718 eodem
1808 1661 1992 1716 modo
2022 1663 2079 1716 et

2195 490 2313 559 ρίαν
2361 491 2694 564 κτησάμενοι,
2729 491 2812 545 ἰπὶ
2851 502 2952 546 τῶν
3001 493 3208 568 ἀγώνων
3236 506 3328 550 τού
3359 498 3415 551 ἐκ
3452 506 3546 562 τῆς
3585 498 3806 565 παιδιᾶς

2197 573 2520 633 ἀπολαύουσι
2566 578 2808 655 κέρδους.
2866 589 2966 638 Καὶ
3021 589 3147 659 ἡμῖν
3194 584 3262 647 δὴ
3310 585 3398 642 οὖν
3447 588 3622 662 ἀγῶνα
3667 612 3805 667 προ-

2193 669 2400 721 κεῖσθαι
2462 672 2663 722 πάντων
2723 672 2928 745 ἀγώνων
2995 680 3244 748 μέγιστον
3308 680 3538 752 νομίζειν
3605 688 3802 755 χρεὼν,

2194 757 2320 831 ὑπὲρ
2352 759 2412 810 οὗ
2437 759 2606 813 πάντα
2629 769 2871 822 ποιητέον
2910 767 3036 838 ἡμῖν
3075 772 3166 819 καὶ
3215 774 3462 827 πονητέον
3521 770 3594 833 εἰς
3634 767 3802 825 δύνα-

2190 865 2278 917 μιν
2332 845 2414 900 ἐπὶ
2457 854 2551 907 τὴν
2600 853 2785 904 τούτου
2833 861 3194 927 παρασκευὴν,
3251 863 3341 911 καὶ
3402 868 3670 928 ποιηταῖς,
3712 864 3802 914 καὶ

2189 933 2498 1005 λογοποιοῐς,
2549 945 2638 992 καὶ
2682 943 2926 1017 ῥήτορσι,
2962 948 3050 997 καὶ
3093 952 3254 998 πᾶσιν
3287 945 3579 1022 ἀνθρώποις
3609 948 3801 1022 ὁμιλη-

2187 1028 2318 1092 τέον,
2353 1029 2464 1080 ὅθεν
2513 1027 2572 1080 ἀν
2612 1031 2766 1104 μέλλῃ
2809 1035 2938 1106 πρὸς
2988 1038 3080 1095 τὴς
3135 1043 3231 1098 τῆς
3279 1036 3465 1108 ψυχῆς
3513 1036 3801 1112 ἐπιμέλειαν

2187 1114 2401 1186 ὠφέλειά
2425 1137 2506 1180 τις
2544 1122 2776 1175 ἔσεσθαι.
2806 1121 3006 1199 Ὠσπερ
3040 1121 3129 1177 οὖν
3177 1128 3226 1177 οἰ
3271 1123 3598 1196 δευσοποιοὶ,
3631 1149 3798 1203 παρα-

2190 1207 2534 1269 σκευάσαντες
2581 1215 2829 1284 πρότερον
2885 1214 3180 1285 θεραπείαις
3230 1220 3368 1268 τισὶν
3410 1217 3436 1268 ὅ
3487 1222 3539 1268 τί
3584 1219 3699 1270 ποτ’
3740 1218 3802 1271 ἆν

2187 1291 2216 1366 ᾖ
2249 1299 2307 1346 τό
2347 1291 2616 1370 δεξόμενον
2646 1305 2740 1357 τὴν
2773 1298 2970 1373 βαφὴν,
3005 1302 3139 1355 οὕτω
3182 1308 3240 1357 τό
3291 1306 3446 1366 οἰνθος
3486 1303 3800 1378 ἐπάγουσιν»

2186 1385 2248 1436 οἶν
2277 1404 2331 1438 τε
2376 1386 2650 1463 ἁλουργόν,
2701 1391 2762 1441 οἰν
2817 1395 2872 1444 τέ
2927 1410 2978 1444 τι
3026 1394 3196 1468 ἕτερον
3380 1398 3468 1447 τόν
3517 1395 3673 1449 αὐτὸν
3724 1393 3794 1457 δὴ

2187 1478 2277 1527 καὶ
2332 1478 2481 1548 ἡμεῖς
2534 1483 2745 1552 τρόπον,
2806 1481 2850 1533 εἰ
2914 1481 3088 1554 μέλλοι
3148 1480 3462 1547 ἁνέκπλντος
3516 1487 3640 1557 ἡμῖν
3683 1487 3802 1558 (27)

2187 1563 2393 1618 ἅπαντα
2452 1570 2540 1620 τόν
2597 1574 2790 1644 χρόνον
2841 1573 2870 1628 ἠ
2924 1579 3017 1623 τοῦ
3070 1571 3230 1625 καλοῦ
3286 1577 3599 1648 παραμένειν
3645 1571 3797 1643 δόξα,

2187 1662 2298 1718 τοῖς
2350 1657 2446 1719 ἔξω
2495 1654 2562 1717 δη
2626 1662 2829 1721 τούτοις
2878 1661 3317 1736 προτελεσθέντες,
3371 1672 3660 1721 τηνικαῦτα
3697 1673 3798 1718 τῶν

413 1765 526 1805 nos
565 1765 832 1822 quoque,
855 1749 903 1804 si
933 1749 1270 1806 indelebilis
1299 1750 1360 1806 in
1400 1750 1577 1806 nobis
1609 1750 1845 1807 honesti
1885 1749 2079 1820 gloria

2191 1745 2336 1818 ἱερῶν
2396 1751 2486 1799 καὶ
2552 1746 2860 1823 ἀπορρήτων
2927 1750 3329 1825 ἐπακουσόμεθα
3378 1749 3749 1826 παιδευμάτων
3779 1774 3794 1789 ο

414 1837 582 1894 omni
608 1843 880 1911 tempore
915 1855 1318 1911 permansura
1359 1846 1466 1905 est,
1508 1841 1604 1896 his
1642 1841 1901 1896 externis
1940 1845 2080 1896 ante

413 1927 648 1996 initiati,
670 1927 892 1985 deinde
933 1944 1143 1986 sacras
1173 1934 1232 1985 et
1251 1945 1509 1986 arcanas
1529 1929 1837 1986 doctrinas
1858 1929 2082 1986 edisce-

414 2032 592 2073 mus:
635 2020 692 2072 et
722 2015 913 2072 solem
960 2016 1121 2074 velut
1163 2016 1225 2073 in
1255 2034 1418 2091 aqua
1464 2018 1665 2074 videre
1695 2018 1938 2089 assueti,
1997 2017 2081 2073 sic

411 2104 532 2162 luci
545 2104 665 2178 ipsi
685 2105 892 2162 oculos
909 2105 1400 2163 admovebimus.
1424 2107 1597 2173 Quod
1617 2107 1666 2163 si
1685 2112 1896 2164 mutua
1914 2123 2081 2180 quae-

415 2195 560 2252 dam
583 2196 1005 2253 convenientia
1041 2197 1279 2253 intersit
1330 2198 1482 2254 inter
1509 2197 1838 2266 doctrinas,
1868 2213 2079 2254 earum

415 2286 592 2343 nobis
622 2286 884 2358 cognitio
904 2287 1082 2344 valde
1106 2287 1267 2344 utilis
1290 2288 1466 2344 fuerit
1497 2306 1510 2344 :
1544 2288 1635 2344 sin
1665 2289 1891 2359 minus,
1923 2294 2081 2348 certe

416 2391 624 2433 earum
653 2377 806 2433 inter
853 2393 918 2433 se
963 2377 1323 2435 collatarum
1353 2378 1682 2435 discrimen
1719 2378 2078 2440 internosse,

416 2466 498 2522 ad
526 2468 822 2539 potiorem
842 2467 1211 2524 ﬁrmandam
1234 2485 1356 2524 non
1379 2484 1598 2541 parum
1621 2468 2080 2526 contulerit.Sed

417 2556 659 2612 cuinam
705 2557 790 2613 rei
837 2562 1192 2630 comparata
1240 2558 1515 2614 doctrina
1556 2563 1835 2632 utraque,
1884 2559 2082 2632 possis

414 2647 747 2717 imaginem
797 2649 1084 2721 assequi?
1106 2652 1270 2705 Certe
1299 2649 1825 2722 quemadmodum
1846 2649 2081 2707 arboris

416 2736 665 2810 propria
709 2739 898 2793 virtus
946 2742 1054 2810 est,
1105 2739 1464 2811 tempestivo
1503 2739 1700 2796 fructu
1747 2745 1993 2808 scatere,
2026 2745 2082 2797 et

418 2831 622 2882 tamen
648 2826 791 2882 folia
814 2826 996 2883 etiam
1037 2827 1263 2884 circum
1291 2843 1496 2884 ramos
1521 2829 1822 2899 exagitata
1850 2828 2082 2901 aliquid

421 2917 509 2973 eis
539 2917 878 2973 ornamenti
907 2917 1256 2974 conciliant:
1279 2919 1361 2975 ita
1385 2923 1442 2975 et
1460 2919 1680 2976 animte
1700 2936 1946 2993 quoque
1968 2919 2084 2992 pri-

421 3007 654 3062 marius
699 3007 928 3062 fructus
974 3013 1064 3063 est
1092 3008 1313 3065 veritas
1341 3009 1493 3081 ipsa,
1523 3009 1630 3065 sed
1675 3013 1886 3066 tamen
1916 3009 2082 3066 haud

2189 1839 2278 1888 καὶ
2335 1838 2440 1889 οἷον
2489 1837 2540 1889 ἐν
2588 1834 2748 1890 ὕδατι
2786 1843 2873 1892 τόν
2923 1839 3066 1900 ἣλιον
3107 1842 3232 1916 ὁρᾷν
3280 1841 3584 1908 ἐθισθέντες,
3631 1843 3796 1907 οὕτως

2191 1927 2332 1998 αὐτῷ
2361 1927 2756 2003 προσϐαλοῦμεν
2812 1939 2884 2002 τῷ
2932 1937 3063 2004 φωτὶ
3119 1935 3213 1996 τὰς
3261 1933 3426 2004 ὄψεις.
3469 1934 3529 1988 Εἰ
3580 1936 3671 2007 μεν
3709 1930 3799 1987 οὖν

2191 2015 2304 2071 ἔστί
2333 2039 2410 2080 τις
2465 2020 2720 2084 οἰκειότης
2749 2025 2876 2095 πρὸς
2931 2021 3181 2085 ἀλλήλους
3229 2031 3335 2085 τοῖς
3375 2024 3567 2098 λόγοις,
3608 2027 3802 2100 προύρ-

2190 2127 2288 2178 γου
2335 2109 2453 2180 (28)
2502 2111 2628 2182 ἡμῖν
2667 2110 2834 2163 αύτῶν
2887 2113 2916 2170 ἠ
2949 2121 3147 2184 γνῶσις
3199 2117 3438 2185 γένοιτο·
3490 2113 3535 2167 εἰ
3593 2109 3652 2166 δι
3700 2117 3798 2187 μὴ,

2193 2195 2321 2249 ἀλλὰ
2348 2203 2406 2251 τό
2435 2219 2512 2271 γε,
2546 2200 2852 2274 παράλληλα
2896 2203 3089 2267 θέντας,
3122 2205 3442 2276 καταμαθεῖν
3493 2207 3553 2256 τὸ
3608 2200 3800 2276 διάφο-

2189 2307 2300 2363 ρον,
2355 2289 2414 2342 ού
2471 2295 2658 2366 μικρὸν
2713 2292 2785 2353 εἰς
2847 2291 3134 2365 βεϐαίωσιν
3193 2302 3286 2346 τοῦ
3346 2292 3626 2367 βελτίονος.
3685 2297 3800 2347 Τίνι

2191 2381 2366 2450 μέντοι
2430 2383 2521 2432 καὶ
2584 2383 2906 2456 παρεικάσας
2978 2391 3077 2436 τῶν
3138 2379 3465 2437 παιδεύσεων
3529 2383 3796 2456 ἑκατέραν,

2191 2475 2282 2527 τῆς
2313 2468 2501 2530 εἰκόνος
2539 2468 2599 2520 ἀν
2647 2473 2876 2542 τύχοις;
2925 2472 3097 2526 Ἦπου
3145 2473 3380 2549 καθάπερ
3421 2482 3584 2547 φυτοῦ
3631 2473 3801 2526 οἰκεία

2191 2559 2282 2628 μεν
2339 2556 2491 2633 ἁρετὴ
2543 2567 2614 2630 τῷ
2667 2570 2851 2636 καρπῷ
2910 2560 3091 2636 βρύειν
3137 2565 3333 2636 ὡραίῳ,
3375 2566 3512 2636 φέρει
3573 2559 3633 2615 δέ
3683 2582 3801 2616 τινα

2190 2652 2389 2721 κόσμον
2427 2654 2518 2702 καὶ
2575 2649 2739 2722 φύλλα
2784 2659 2896 2713 τοῖς
2939 2649 3156 2714 κλάδοις
3202 2656 3566 2726 περισειόμενα
3598 2673 3612 2685 ·
3662 2653 3798 2704 οὕτω

2193 2734 2260 2797 δὴ
2313 2742 2404 2791 καὶ
2455 2738 2612 2813 ψυχῇ
2667 2745 3072 2817 προηγουμένως
3109 2744 3199 2814 μὲν
3239 2744 3437 2815 καρπὸς
3476 2743 3506 2799 ἠ
3561 2739 3798 2812 ἀλήθεια,

2190 2827 2284 2880 οὐκ
2333 2830 2503 2903 ὀίχαρί
2545 2849 2604 2901 γε
2641 2835 2739 2903 μὴν
2791 2827 2915 2884 ούδε
2965 2835 3058 2889 τὴν
3110 2832 3327 2906 θύραθεν
3372 2835 3556 2904 σοφίαν
3599 2829 3799 2905 περιϐε-

2192 2916 2439 2985 ϐλῆσθαι,
2473 2920 2578 2970 οἶόν
2626 2939 2742 2972 τινα
2799 2919 2963 2994 φύλλα
2995 2924 3190 2978 σκέπην
3239 2939 3294 2974 τε
3341 2929 3414 2992 τῷ
3469 2926 3654 2994 καρπῷ
3712 2923 3802 2971 καὶ

2193 3007 2312 3078 ὄψιν
2342 3009 2437 3061 ούκ
2463 3011 2630 3083 οἶωρον
2660 3015 3014 3086 παρεχόμενα.
3058 3016 3277 3083 Λέγεται
3319 3014 3491 3064 τοίνυν
3521 3013 3611 3062 καὶ
3651 3015 3804 3062 Μωύ-

418 3097 690 3166 ingratus
719 3103 808 3153 est
831 3102 1091 3154 externae
1121 3099 1428 3172 sapientiae
1477 3101 1753 3172 amictus,
1787 3105 2080 3173 tanquam

2195 3107 2290 3159 σῆς
2328 3101 2516 3159 ἓκεῐνος
2544 3101 2569 3150 ό
2608 3102 2764 3166 πάνυ,
2797 3101 2858 3152 οὗ
2895 3105 3144 3173 μέγιστόν
3171 3099 3310 3153 ἐστιν
3341 3099 3426 3153 ἐπὶ
3476 3104 3634 3172 σοφίᾳ
3660 3101 3805 3171 παρὰ

422 3187 472 3243 si
518 3186 658 3244 folia
685 3187 970 3261 quaedam
1012 3187 1228 3244 fructui
1274 3194 1332 3245 et
1359 3190 1788 3247 umbraculum
1817 3195 1874 3246 et
1901 3206 2083 3264 aspe-

422 3282 586 3334 ctum
615 3293 740 3334 non
766 3279 1146 3335 inamoenum
1177 3279 1506 3352 praebeant.
1561 3280 1782 3336 Dicitur
1809 3280 1992 3351 igitur
2027 3285 2085 3338 et

423 3371 658 3440 Moyses
681 3367 778 3422 ille
808 3383 1105 3440 perquam
1153 3369 1432 3440 eximius,
1462 3370 1636 3442 cujus
1664 3387 1888 3427 nomen
1916 3371 2084 3443 apud

424 3467 639 3514 omnes
654 3459 932 3514 homines
945 3459 1026 3514 ob
1048 3459 1412 3532 sapientiam
1429 3460 1766 3517 maximum
1787 3465 1895 3529 est,
1917 3477 2085 3517 exer-

424 3549 604 3605 citato
624 3549 686 3604 in
707 3549 1124 3622 Egyptiorum
1141 3549 1472 3623 disciplinis
1494 3551 1750 3620 animo‘,
1762 3553 1844 3608 ita
1859 3551 1937 3608 ad
1953 3552 2086 3623 ejus

424 3640 532 3712 qui
548 3646 633 3696 est
652 3640 1222 3714 contemplationem
1240 3641 1862 3700 devenisse.Similiter
1881 3649 2085 3700 autem

423 3731 859 3803 posterioribus
872 3746 1120 3804 quoque
1133 3732 1856 3806 temporibussapientem
1881 3734 2088 3789 Danie-

422 3819 543 3876 lem
557 3821 916 3893 sapientiam
928 3820 1349 3878 Chaldaeorum
1360 3822 1420 3877 in
1436 3821 1740 3894 Babylone
1749 3822 2082 3893 edoctum‘,

425 3911 508 3968 ita
528 3911 777 3968 demum
799 3911 1106 3967 doctrinas
1134 3927 1338 3967 sacras
1369 3912 1634 3981 attigisse
1671 3913 1938 3969 tradunt.
1970 3912 2086 3968 Sed

425 4001 594 4074 quod
607 4005 868 4056 externae
885 4002 977 4056 hee
993 4001 1326 4072 disciplinae
1341 4017 1465 4057 non
1483 4003 1599 4058 sint
1619 4003 1943 4059 animabus
1955 4002 2088 4058 inu-

426 4091 920 4158 tiles,satdictum
936 4096 1046 4146 est:
1066 4107 1442 4164 consequens
1455 4097 1546 4148 est
1561 4097 1625 4149 ut
1637 4093 1765 4164 jam
1782 4093 2083 4162 dicamus,

427 4181 742 4255 quomodo
762 4181 1037 4254 ipsarum
1059 4182 1382 4254 participes
1396 4183 1523 4239 ﬁeri
1539 4200 1644 4240 vos
1666 4185 2086 4256 oporteat.Pri-

428 4287 600 4328 mum
616 4270 1058 4345 quidemrebus
1071 4271 1359 4327 omnibus
1373 4287 1511 4345 quae
1533 4289 1569 4328 a
1590 4272 1783 4345 poetis
1804 4272 2086 4328 dicuntur

427 4368 516 4430 (ut
545 4363 688 4418 hinc
728 4361 964 4418 initium
1010 4363 1300 4433 sumam),
1333 4363 1502 4420 varia
1544 4381 1686 4420 cum
1714 4363 1942 4433 dicant,
1985 4381 2086 4421 ne-

2192 3195 2354 3240 πᾶσιν
2401 3186 2693 3262 ἀνθρώποις
2745 3193 2925 3263 ὄνομα,
2971 3197 3077 3250 τοῖς
3135 3189 3436 3261 Αἰγυπτίων
3495 3191 3803 3261 μαθήμασιν

2193 3277 2653 3351 ἐγγυμνασάμενος
2719 3282 2814 3337 τὴν
2879 3276 3138 3349 διάνοιαν,
3191 3279 3328 3331 ούτω
3379 3277 3679 3352 προσελθεῖν
3735 3285 3799 3350 τῇ

2197 3369 2386 3441 θεωρία
2430 3375 2520 3420 τοῦ
2575 3373 2739 3430 ὄντος.
2792 3368 3175 3443 Παραπλησίως
3226 3365 3284 3421 δι
3337 3370 3504 3439 τούτῳ
3550 3365 3645 3422 κᾶν
3693 3374 3806 3430 τοῖς

2194 3461 2336 3511 κάτω
2356 3462 2571 3533 χρόνοις
2599 3461 2687 3511 τόν
2717 3461 2873 3532 σοφὸν
2896 3458 3087 3517 Δανιὴλ
3117 3457 3202 3511 ἐπὶ
3222 3457 3524 3521 Βαϐυλῶνάς
3543 3476 3672 3530 φασι
3693 3457 3806 3528 (29)

2194 3553 2289 3608 τὴν
2335 3553 2518 3621 σοφίαν
2576 3545 2858 3604 Χαλδαίων
2909 3551 3302 3623 καταμαθόντα,
3343 3551 3458 3601 τότε
3514 3555 3614 3600 τῶν
3654 3548 3801 3600 θείων

2195 3638 2440 3712 ἅψασθαι
2491 3636 2885 3713 παιδευμάτων.
2918 3639 3050 3693 Ἀλλ’
3093 3641 3174 3693 ὅτι
3226 3643 3316 3712 μὲν
3369 3638 3463 3691 ούκ
3519 3639 3800 3712 ἄχρηστον

2194 3729 2399 3801 ψυχαῖς
2427 3731 2718 3802 μαθήματα
2743 3732 2810 3782 τὰ
2859 3729 3040 3793 ἔξωθεν
3081 3726 3148 3788 δὴ
3190 3737 3377 3796 ταῦτα,
3429 3729 3610 3788 ἱκανῶς
3664 3730 3803 3800 εἰρη-

2195 3838 2284 3872 ται
2317 3861 2330 3874 .
2381 3821 2520 3881 ὅπως
2565 3838 2623 3891 γε
2673 3824 2776 3892 μὴν
2834 3819 3003 3872 αύτῶν
3059 3820 3329 3891 μεθεκτέον
3377 3819 3518 3892 ύμῖν,
3566 3817 3684 3880 ἑξῆς
3740 3815 3802 3869 ἂν

2197 3913 2272 3968 εἴη
2314 3909 2497 3981 λέγειν.
2559 3917 2768 3980 Πρῶτον
2812 3913 2901 3983 μὲν
2947 3911 3034 3961 οὖν
3082 3917 3192 3972 τοῖς
3230 3912 3375 3984 παρὰ
3420 3918 3520 3961 τῶν
3571 3915 3803 3966 ποιητῶν

2195 3999 2282 4070 (ἶν’
2314 3998 2540 4052 ἐντεῦθεν
2570 3999 2854 4074 ἄρξωμαι),
2879 3999 2988 4053 ἐπεὶ
3022 3996 3349 4052 παντοδαποί
3376 4004 3510 4059 τινές
3536 3998 3640 4050 εἰσι
3668 4016 3806 4050 κατα

2195 4095 2316 4152 τοὺς
2377 4089 2584 4161 λόγους,
2626 4094 2696 4162 μὴ
2755 4090 2868 4162 (30)
2922 4097 3082 4144 πᾶσιν
3137 4089 3314 4162 ἐφεξῆς
3379 4092 3660 4164 προσέχειν
3716 4090 3804 4140 τόν

2195 4189 2350 4234 νούνο
2395 4178 2502 4232 ἀλλ’
2533 4181 2655 4233 ὅταν
2684 4183 2774 4254 μὶν
2823 4183 2917 4244 τὰς
2963 4189 3062 4232 τῶν
3104 4179 3311 4251 ἀγαθῶν
3357 4175 3560 4253 ἀνδρῶν
3590 4177 3803 4253 πράξεις

2196 4273 2225 4331 ἡ
2259 4271 2445 4342 λόγους
2485 4271 2605 4342 ὑμῖν
2655 4267 2940 4337 διεξίωσιν,
2983 4268 3190 4342 ἀγαπᾷν
3238 4289 3293 4322 τε
3339 4274 3430 4321 καὶ
3463 4267 3672 4334 ζηλοῦν,
3713 4271 3805 4320 καὶ

2198 4364 2277 4415 ὅτι
2323 4361 2555 4434 μάλιστα
2602 4362 2886 4435 πειρᾶσθαι
2937 4363 3198 4421 τοιούτους
3247 4357 3375 4413 εἶναι
3409 4381 3421 4393 ·
3457 4361 3578 4411 ὃταν
3623 4355 3683 4411 δι
3721 4356 3806 4410 ἐπὶ

428 4468 746 4526 quaquam
765 4453 976 4508 ordine
1001 4453 1376 4523 adjiciendus
1407 4453 1649 4510 animus
1675 4459 1764 4511 est
1793 4471 1807 4508 :
1842 4455 1948 4511 sed
1980 4453 2081 4510 ubi

2199 4453 2504 4526 μοχθηροὺς
2534 4448 2727 4524 ἄνδρας
2752 4451 2962 4521 ἔλθωσι,
2984 4455 3078 4510 τὴν
3104 4456 3330 4524 μίμησιν
3362 4452 3552 4507 ταύτην
3577 4445 3660 4501 δεῖ
3687 4451 3802 4513 (31)

427 4543 585 4600 facta
615 4547 719 4599 aut
745 4542 909 4599 dicta
931 4543 1199 4599 virorum
1245 4542 1553 4599 bonorum
1606 4529 2086 4607 vobisnarrave-

426 4634 566 4704 rint,
597 4649 702 4690 eos
729 4637 788 4689 et
827 4631 1074 4704 diligere
1104 4637 1159 4689 et
1187 4632 1410 4690 imitari
1439 4648 1642 4704 operte
1684 4633 1943 4705 pretium
1975 4639 2084 4704 est,

429 4729 485 4784 et
512 4740 701 4799 quam
723 4723 986 4781 maxime
1015 4723 1334 4780 nitendum
1352 4723 1577 4795 uttales
1594 4722 1953 4795 efﬁciamur;
1980 4725 2087 4783 sed

499 4865 521 4899 ⁸
551 4864 678 4920 Act.
703 4879 828 4930 vui,
859 4865 949 4918 2'2.

495 4994 612 5060 (26)
647 4989 897 5047 Basilius
918 4989 1034 5046 hoc
1073 4988 1235 5060 dicit,
1259 4988 1671 5060 Christianum
1700 4987 1785 5044 ita
1804 4986 2085 5058 adjuvari

422 5059 591 5135 prefe
603 5078 682 5135 na
709 5066 1028 5135 poetarum
1053 5059 1447 5135 e_t_oratorum
1478 5059 1846 5135 doctrina,ut
1865 5060 2082 5135 milites

425 5132 820 5206 gesticulandi
860 5132 1247 5206 saltandique
1266 5137 1390 5188 arte
1416 5133 1477 5188 in
1501 5133 1625 5187 suis
1651 5132 2082 5190 exercitationi-

423 5205 543 5261 bus
566 5205 952 5275 adjuvantur.
988 5205 1129 5260 Vide
1152 5205 1469 5260 ’Duceeum.

491 5281 608 5346 (27)
642 5277 734 5333 Sic
782 5277 1102 5333 Colbertini
1151 5275 1451 5331 secundus
1489 5280 1546 5331 et
1575 5275 1796 5331 tertius.
1831 5275 1983 5332 Editi
2023 5282 2079 5334 et

423 5348 522 5406 alit
542 5351 839 5421 ωεεηήμίν
869 5351 921 5419 ἡ,
947 5348 1114 5421 quod
1143 5347 1523 5403 decurtatum
1543 5353 1745 5421 eratet
1769 5347 2071 5421 mutilum.

495 5422 604 5495 (28)
635 5419 824 5476 Editio
851 5419 1104 5494 utraque
1135 5423 1396 5495 προῦργου
1444 5421 1525 5474 ἄν.
1561 5419 1806 5492 Antiqui
1851 5423 1969 5475 tres
2006 5420 2073 5476 li-

420 5491 514 5568 bri
551 5495 838 5568 προῦργου.

488 5567 598 5636 (29)
626 5567 789 5620 Unus
813 5567 953 5634 Reg.
979 5568 1130 5636 φησί.

487 5635 600 5709 (30)
647 5636 837 5693 Editio
893 5635 1152 5710 utraque
1204 5635 1308 5689 εἰσί
1365 5639 1474 5692 Μή.
1509 5638 1744 5694 Veteres
1795 5635 2066 5709 quinque

1026 4865 1048 4899 ⁵
1083 4865 1231 4920 Dan.
1255 4879 1296 4934 ι,
1335 4865 1394 4918 4.

2201 4545 2420 4614 φεύγειν,
2481 4542 2959 4617 ἑπιφρασσομένους
3001 4543 3069 4593 τὰ
3111 4541 3236 4606 ὦτα,
3285 4537 3394 4611 οὗχ
3443 4540 3595 4596 ἧττον
3643 4538 3671 4596 ἦ
3716 4539 3802 4589 τὸν

2200 4629 2471 4685 Ὀδυσσέα
2531 4637 2688 4704 φασὶν
2744 4631 2924 4684 ἐκεῖνοι
2971 4633 3038 4682 τὰ
3097 4638 3196 4684 τῶν
3263 4635 3505 4704 Σειρήνων
3553 4627 3700 4701 μέλη.
3743 4625 3801 4679 ἸΙ

2197 4726 2298 4799 γὰρ
2339 4726 2469 4800 πρὸς
2513 4726 2632 4784 τούς
2674 4722 2898 4796 φαύλους
2940 4730 3039 4775 τῶν
3069 4719 3234 4793 λόγων
3279 4722 3524 4779 συνήθεια
3553 4715 3672 4781 ὁδός
3721 4723 3803 4781 τίς

2193 4987 2330 5046 libri
2357 4988 2440 5044 ita
2469 4989 2534 5042 ut
2562 4984 2870 5042 edendum
2899 4984 3266 5040 curavimus.

2265 5065 2380 5134 (31)
2411 5058 2730 5116 Colbertini
2754 5057 2882 5134 duo
2906 5056 3041 5112 libri
3063 5063 3118 5134 et
3145 5057 3286 5126 Reg.
3321 5055 3583 5134 primus
3611 5053 3802 5107 ἔλθωσι

2192 5129 2714 5206 rigente-sarum“
2741 5129 3002 5206 o‘si,etc.,
3055 5129 3141 5185 sic
3189 5134 3397 5206 utro;
3455 5131 3676 5206 μιμήσει
3714 5143 3803 5206 νοτ

2190 5199 2414 5262 feratur
2439 5205 2516 5260 ad
2537 5203 2793 5258 verbum
2817 5199 3203 5275 {Numaquasi
3219 5199 3349 5275 ejus
3368 5199 3626 5275 locihmc
3647 5203 3804 5275 esset

2188 5278 2521 5332 sententia:
2555 5276 2706 5332 Cum
2737 5281 2936 5332 autem
2970 5269 3318 5330 debenerint
3365 5271 3446 5328 ad
3469 5269 3801 5340 ﬂagitiosos

2189 5349 2455 5406 homines
2483 5363 2595 5417 per
2622 5349 2944 5416 imaginem
2977 5362 3215 5417 eorum,
3249 5343 3364 5417 hoc
3403 5346 3521 5417 est,
3568 5355 3669 5417 eqs
3706 5342 3804 5398 de-

2179 5411 2496 5492 pz‘ngendo'
2517 5422 2678 5476 Unus
2693 5411 2883 5474 codex
2901 5435 2935 5474 a
2957 5414 3316 5492 Combefisio
3329 5414 3578 5471 collatus
3593 5411 3798 5492 ἔλθωσι,

2185 5486 2534 5566 τὴννμίμησιν
2574 5494 2789 5566 ταύτην,
2824 5496 2962 5566 etc.,_
2987 5505 3176 5566 quam
3201 5488 3562 5566 scripturam
3587 5486 3799 5543 melio-

2181 5558 2319 5621 rem'
2358 5558 2492 5620 esse
2543 5564 2625 5620 ait
2673 5564 2764 5618 vir
2806 5558 3213 5620 doctissimus.
3263 5558 3414 5617 Editi
3463 5558 3672 5624 ἔλθωσι,
3731 5567 3794 5633 τῇ

2180 5643 2403 5710 μιμήσει
2434 5639 2626 5694 ταύτην
2659 5633 2760 5690 δεῖ.
