4110 6398
291 398 394 452 569

1239 392 1470 450 SERMO
1510 392 1602 448 DE
1640 387 1986 446 LEGENDIS
2025 389 2254 448 LlBRlS
2291 390 2698 449 GENTILIUM.

3552 397 3657 451 570

290 518 431 573 ἐστιν
489 516 570 572 ἐπὶ
625 519 692 571 τὰ
744 519 1049 593 πράγματα.
1113 521 1200 572 Διό
1233 514 1301 578 δὴ
1356 519 1501 591 πάσῃ
1537 516 1739 589 φυλακῇ
1791 517 1888 573 τὴν

1999 529 2140 571 cum
2160 515 2241 571 ad
2262 515 2596 587 [lagitiosos
2621 515 2903 573 homines
2924 516 3291 589 devenerint,
3322 522 3463 577 tunc
3483 520 3657 578 obtu-

288 608 475 681 ψυχὴν
503 611 773 683 τηρητέον,
806 613 879 682 μὴ
916 605 950 662 δ
956 610 1008 661 ιά
1045 616 1141 671 τῆς
1171 617 1270 661 τῶν
1294 607 1459 681 λόγων
1487 603 1683 668 ἡδονῆς
1712 624 1890 680 παρα-

290 695 561 772 δεξάμενοί
617 718 668 752 τι
714 698 948 773 λάθωμεν
1004 707 1104 752 τῶν
1172 703 1443 774 χειρόνων,
1495 698 1669 771 ὥσπερ
1724 697 1774 748 οἱ
1824 696 1893 748 τὰ

288 784 588 864 δηλητήρια
628 790 758 862 μετὰ
803 796 893 842 τοῦ
933 788 1142 863 μέλιτος
1185 791 1542 863 προσιέμενοι.
1595 786 1671 838 Οὐ
1717 788 1891 838 τοίνυν

287 875 660 951 ἐπαινεσόμεθα
709 882 831 942 τοὺς
898 881 1142 946 ποιητὰς,
1205 878 1264 931 οὐ
1320 873 1775 951 λοιδορουμένους,
1830 873 1891 926 οὐ

289 972 640 1036 σκώπτοντας,
689 968 781 1020 οὐκ
838 967 1059 1043 ἐρῶντας
1106 970 1136 1028 ἣ
1183 970 1472 1043 μεθύοντας
1512 968 1892 1040 μιμουμένους,

286 1056 393 1129 οὐχ
446 1057 567 1110 ὅταν
619 1060 849 1132 τραπέζῃ
912 1057 1187 1131 πληθούσῃ
1243 1061 1334 1110 καὶ
1383 1052 1551 1129 ᾠδαῖς
1603 1054 1891 1128 ἀνειμέναις

286 1150 379 1205 τὴν
418 1143 753 1220 εὐδαιμονίαν
803 1148 1085 1222 όρίζωνται
1136 1146 1269 1219 (32).
1322 1148 1537 1200 Πάντων
1587 1141 1645 1197 δι
1694 1143 1892 1203 ἣκιστα

286 1239 404 1310 περὶ
461 1239 583 1290 θεῶν
632 1257 685 1290 τι
728 1234 1118 1312 διαλεγομένοις
1164 1237 1502 1312 προσέξομεν,
1536 1239 1626 1288 καὶ
1676 1226 1891 1308 μάλισθ’

286 1327 408 1381 ὅταν
461 1332 531 1392 ὡς
576 1334 697 1403 περὶ
738 1328 938 1382 πολλῶν
985 1348 1041 1381 τε
1084 1328 1253 1381 αὐτῶν
1298 1325 1534 1392 διεξιωσι
1580 1327 1891 1379 καὶτούτων

284 1413 409 1470 οὐδε
438 1418 808 1490 ὁμονοούντων.
841 1414 1091 1490 Ἀδελγός
1114 1420 1217 1493 γὰρ
1249 1414 1316 1477 δὴ
1354 1417 1478 1493 παρ’
1506 1415 1716 1478 ἐκείνοις
1762 1411 1890 1468 δια-

286 1507 568 1568 στασιάζει
596 1510 727 1582 πρὸς
748 1504 990 1581 ἀδελφόν,
1018 1512 1111 1561 καὶ
1148 1510 1329 1579 γονεὺς
1370 1509 1500 1583 πρὸς
1537 1502 1757 1572 παῖδας,
1798 1507 1890 1557 καὶ

281 1598 490 1658 τούτοις
518 1593 669 1659 αὖθις
706 1600 837 1672 πρός
869 1600 993 1660 τοὺς
1019 1601 1261 1660 τεκόντας
1290 1595 1511 1670 πόλεμός
1559 1594 1700 1648 ἔστιν
1749 1593 1889 1652 ἀκή-

281 1703 493 1760 ρυκτος.
528 1690 788 1759 Μοιχείας
821 1683 881 1740 δὲ
916 1688 1039 1740 θεῶν
1068 1691 1158 1740 καὶ
1197 1689 1391 1763 ἔρωτας
1438 1690 1529 1739 καὶ
1570 1684 1739 1759 μίξεις
1769 1682 1889 1736 ἀνα-

284 1770 498 1847 φανδὸν,
528 1779 615 1827 καὶ
661 1778 856 1840 ταύτας
902 1796 963 1849 γε
1018 1776 1254 1851 μάλιστα
1297 1783 1390 1830 τοῦ
1436 1779 1724 1850 κορυφαίου
1763 1775 1890 1826 πάν-

1998 603 2142 660 ratis
2171 604 2423 661 auribus
2452 605 2802 662 cavendum
2831 620 2908 661 ne
2945 605 3270 674 imitemur,
3299 623 3424 664 non
3456 609 3657 665 minus

2000 709 2189 766 quam
2221 693 2496 767 Ulyssem
2519 694 2691 751 aiunt
2722 694 2805 751 illi
2851 695 3129 752 Sirenum
3159 701 3375 752 cantus
3403 698 3655 753 cavisse.

1999 785 2152 839 Nam
2175 783 2563 841 sermonibus
2591 784 2799 858 pravis
2831 799 3213 853 assuescere,
3244 785 3531 858 quaedam
3560 785 3662 842 via

2001 877 2091 928 est
2119 873 2197 931 ad
2218 873 2354 947 ipsa
2393 872 2572 931 facta.
2605 876 2988 948 Quapropter
3018 875 3298 933 custodia
3321 876 3492 932 omni
3540 890 3663 932 ser-

2002 964 2207 1020 vanda
2248 962 2457 1022 anima
2485 969 2595 1035 est,
2626 980 2704 1021 ne
2741 981 2851 1039 per
2899 980 3251 1022 sermonum
3289 966 3659 1040 voluptatem

2000 1052 2343 1126 quidquam
2414 1054 2699 1111 vitiosum
2754 1054 3176 1128 imprudentes
3223 1055 3659 1130 suscipiamus,

1999 1142 2250 1215 perinde
2270 1148 2333 1200 ut
2361 1145 2467 1216 qui
2495 1144 2669 1201 melle
2691 1145 2952 1202 admisto
2975 1151 3226 1203 sumunt
3246 1161 3498 1205 venena.
3529 1149 3661 1203 Non

1999 1234 2181 1305 igitur
2221 1239 2435 1308 poetas
2490 1237 2663 1307 176
2702 1236 3118 1323 laudabimus,
3151 1253 3290 1294 cum
3322 1236 3661 1295 convician-

2000 1328 2117 1393 tur,
2149 1324 2633 1399 cavillanturque
2665 1343 2679 1382 :
2713 1342 2835 1382 non
2859 1343 2997 1382 cum
3036 1327 3302 1384 amasios
3335 1331 3439 1384 aut
3460 1327 3661 1384 ebrios

2000 1413 2339 1486 depingunt
2368 1431 2387 1471 τ
2421 1429 2546 1471 non
2568 1431 2709 1473 cum
2740 1414 3085 1473 felicitatem
3129 1416 3401 1474 aﬂluenti
3446 1432 3662 1474 mensa

1999 1507 2183 1576 atque
2209 1504 2525 1561 cantilenis
2544 1504 2857 1562 dissolutis
2881 1505 3236 1565 metiuntur.
3269 1506 3383 1564 Sed
3409 1506 3660 1564 minime

1999 1593 2294 1662 omnium,
2318 1594 2510 1668 poetis
2564 1595 2642 1651 de
2672 1595 2788 1651 diis
2833 1595 3271 1652 disserentibus
3310 1595 3523 1653 intenti
3553 1597 3663 1653 eri.

1998 1698 2139 1739 mus
2164 1701 2178 1753 ;
2212 1687 2268 1740 et
2293 1684 2563 1740 maxime
2584 1700 2722 1741 cum
2754 1685 2830 1741 de
2856 1684 2971 1741 illis
2998 1689 3297 1758 tanquam
3326 1684 3405 1743 de
3433 1685 3659 1755 multis,

1997 1771 2192 1845 iisque
2220 1788 2297 1829 ne
2325 1772 2479 1829 inter
2510 1789 2574 1830 se
2603 1773 2854 1847 quidem
2881 1774 3406 1832 consentientibus
3433 1775 3662 1833 habue-

280 1880 383 1914 των
412 1867 501 1916 καὶ
554 1865 754 1918 ὑπάτου
794 1867 931 1934 Διὸς,
973 1869 1040 1930 ὡς
1086 1866 1239 1920 αὐτοὶ
1274 1865 1535 1940 λέγουσιν,
1566 1862 1602 1916 ἃ
1646 1863 1741 1916 κᾶν
1775 1863 1888 1933 (33)

1999 1861 2119 1919 rint
2174 1878 2544 1920 sermonem.
2590 1866 2789 1920 Frater
2848 1865 3012 1920 enim
3069 1863 3363 1922 adversus
3415 1865 3657 1923 fratrem

280 1956 399 2026 περὶ
458 1950 815 2028 βοσκημάτων
865 1974 945 2019 τις
1001 1955 1160 2030 λέγων
1231 1955 1574 2032 ίρυθριάσειε,
1627 1960 1737 2017 τοῖς
1804 1951 1888 2005 ἐπὶ

283 2049 482 2106 σκηνῆς
520 2042 922 2119 καταλείψομεν.

1998 1949 2166 2022 apud
2194 1949 2330 2007 illos
2360 1951 2719 2009 seditionem
2750 1952 3013 2010 concitat
3053 1958 3236 2027 atque
3265 1952 3656 2027 discordiam,

1998 2043 2058 2096 et
2072 2046 2244 2114 pater
2281 2041 2575 2100 adversus
2598 2043 2846 2112 liberos,
2877 2044 3094 2117 hisque
3124 2060 3337 2101 rursus
3367 2045 3662 2103 adversus

278 2136 561 2204 parentes
588 2133 973 2208 implacabile
997 2134 1229 2193 bellum
1251 2139 1358 2195 est.
1384 2134 1692 2193 Adulteria
1719 2136 1927 2192 autem
1956 2129 2213 2188 deorum
2235 2147 2599 2206 amoresque
2628 2137 2686 2190 et
2714 2137 2957 2205 apertos
2982 2133 3357 2207 complexus,
3379 2139 3438 2192 et
3463 2135 3662 2193 maxi-

278 2235 379 2277 me
407 2236 775 2293 congressus
802 2225 987 2294 Jovis,
1020 2226 1147 2298 qui,
1174 2229 1235 2282 ut
1264 2225 1385 2299 ipsi
1411 2224 1643 2292 dicunt,
1673 2223 1962 2296 princeps
1991 2224 2083 2277 est
2108 2221 2385 2279 omnium
2416 2227 2474 2280 et
2495 2239 2818 2297 supremus
2849 2224 3010 2297 (qua:
3031 2224 3080 2280 si
3105 2223 3243 2297 quis
3271 2223 3434 2282 dicat
3464 2224 3557 2282 vel
3583 2224 3660 2283 de

276 2309 471 2368 brutis
500 2311 891 2383 animalibus,
924 2314 1282 2387 erubuerit),
1315 2313 1626 2372 actoribus
1656 2310 1909 2369 scenicis
1938 2309 2379 2383 relinquamus.

350 2402 407 2459 3.
444 2404 624 2455 Ταυτὰ
680 2398 749 2462 δὴ
796 2412 964 2457 ταῦτα
1012 2404 1174 2478 λέγειν
1225 2409 1316 2458 καὶ
1378 2408 1499 2480 περὶ
1553 2405 1891 2476 συγγραφέων

278 2490 409 2562 ἔχω·
437 2494 528 2544 καὶ
557 2490 774 2565 μάλισθ’
825 2495 946 2547 ὅταν
970 2493 1332 2568 ⁸ψυχαγωγίας
1366 2495 1514 2548 ἕνεκα
1536 2502 1637 2546 τῶν
1668 2492 1891 2545 ἀκουόν-

278 2597 381 2631 των
421 2578 759 2653 λογοποιῶσι.
819 2587 919 2638 Καὶ
972 2586 1207 2660 ῥητόρων
1267 2581 1328 2638 δὲ
1378 2588 1474 2643 τὴν
1522 2588 1643 2659 περὶ
1682 2586 1741 2635 τό
1767 2581 1893 2655 ψεύ-

282 2664 473 2723 δεσθαι
533 2674 729 2744 τέχνην
773 2672 832 2726 οὐ
878 2676 1241 2749 μιμησόμεθα.
1290 2675 1426 2727 Οὔτε
1485 2675 1586 2748 γὰρ
1636 2672 1685 2726 έν
1729 2669 1890 2725 δικα-

283 2763 540 2833 στηρίοις,
591 2762 702 2815 οὐτ’
750 2763 801 2816 ἓν
856 2770 976 2827 ταῖς
1050 2764 1230 2827 ἄλλαις
1291 2763 1545 2839 πράξεσιν
1591 2758 1889 2822 έπιτήδειον

280 2849 407 2922 ἡμῖν
455 2850 569 2922 (34)
606 2853 665 2904 τό
716 2849 934 2924 ψεῦδος,
963 2861 1076 2916 τοῖς
1112 2860 1207 2914 τὴν
1240 2853 1400 2929 ὀρθὴν
1448 2849 1574 2907 ὁδόν
1595 2857 1686 2906 καὶ
1717 2850 1883 2913 ἀληθῆ

280 2937 640 3013 προελομένοις
683 2948 776 2994 τοῦ
808 2940 953 3016 βίον,
1004 2945 1085 3007 οἷς
1126 2946 1186 2997 τὸ
1234 2948 1307 3018 μὴ
1364 2940 1684 3004 δικάζεσθαι
1748 2944 1889 3015 νόμῳ

281 3033 729 3104 προστεταγμένον
799 3031 962 3089 ἐστιν.
1032 3031 1173 3087 Ἀλλ’
1229 3031 1397 3086 ἐκεῖνα
1456 3031 1627 3086 αὐτῶν
1696 3030 1889 3106 μᾶλλον

281 3113 661 3193 ἀποδεξόμεθα,
711 3120 761 3174 ἓν
818 3119 898 3186 οἷς
959 3120 1148 3197 ἀρετὴν
1212 3121 1487 3197 ἐπῄνεσαν,
1547 3123 1577 3181 ἦ
1636 3126 1890 3195 πονηρίαν

280 3201 520 3262 διέϐαλον
564 3211 693 3282 (35).
747 3211 834 3276 Ὠς
864 3214 966 3288 γὰρ
1019 3221 1120 3267 τῶν
1170 3211 1361 3266 ἀνθέων
1389 3219 1502 3275 τοῖς
1555 3214 1647 3286 μὶν
1687 3211 1889 3274 λοιποῖς

277 3296 417 3370 ἄχρι
468 3306 567 3364 τῆς
624 3296 849 3364 εὐωδίας
905 3303 935 3362 ἣ
986 3311 1084 3364 τῆς
1120 3306 1292 3378 χρόας
1322 3301 1465 3355 ἐστὶν
1509 3303 1540 3361 ἠ
1573 3300 1884 3369 ἀπόλαυσις,

275 3392 393 3450 ταῖς
436 3387 705 3460 μελίτταις
734 3385 788 3442 δ’
824 3392 930 3464 ἄρα
966 3395 1058 3443 καὶ
1098 3391 1215 3465 με’λι
1250 3390 1530 3465 λαμϐάνειν
1578 3389 1666 3443 ἀπ’
1719 3390 1887 3443 αὐτῶν

277 3475 534 3548 ὑπάρχει·
566 3477 703 3530 οὕτω
750 3474 819 3537 δὴ
866 3477 1136 3532 κάνταῦθα
1175 3486 1281 3542 τοῖς
1313 3484 1386 3553 μὴ
1413 3481 1473 3532 τό
1499 3475 1607 3538 ἡδὺ
1637 3483 1728 3531 καὶ
1768 3478 1887 3532 ἐπί-

274 3583 415 3639 χαρι
441 3568 596 3639 μόνον
643 3575 744 3621 τῶν
786 3570 1032 3622 τοιούτων
1078 3568 1244 3642 λόγων
1286 3565 1572 3622 διώκουσιν
1619 3571 1732 3621 ἔστι
1771 3570 1889 3622 τινὰ

276 3659 369 3707 καὶ
427 3655 673 3729 ὠφέλειαν
731 3656 818 3711 ἀπ’
865 3658 1034 3711 αὐτῶν
1086 3658 1159 3722 εἰς
1204 3662 1300 3718 τὴν
1345 3657 1534 3731 ψυχὴν
1573 3655 1885 3714 ἀποθέσθαι.

281 3746 430 3798 Κατὰ
480 3752 657 3799 πᾶσαν
715 3743 782 3807 δὴ
831 3744 919 3801 οὖν
967 3757 1067 3802 τῶν
1110 3748 1362 3823 μελιττῶν
1398 3751 1494 3808 τὴν
1547 3747 1737 3815 εἰκόνα,
1787 3755 1887 3800 τῶν

277 3832 444 3907 λόγων
492 3837 615 3909 ὑμῖν
661 3839 953 3910 μεθεκτέον.
998 3838 1223 3894 Ἐκείναί
1279 3857 1335 3891 τε
1384 3839 1488 3912 γὰρ
1555 3840 1672 3891 οὔτε
1717 3837 1889 3891 ἅπασι

278 3930 390 3987 τοῖς
442 3921 623 3979 ἆνθεσι
668 3927 1055 4003 παραπλησίως
1114 3927 1447 4003 έπέρχονται,
1488 3930 1608 3981 οὐτε
1654 3931 1758 4000 μὴν
1810 3929 1891 3990 οἷς

279 4012 341 4066 ἃν
371 4012 657 4069 ἕπιπτῶσιν
687 4016 781 4071 ὅλα
832 4022 999 4092 φέρειν
1046 4017 1431 4094 ἐπιχειροῦσιν,
1465 4015 1575 4070 ἀλλ’
1599 4050 1603 4055 -
1624 4018 1747 4070 ὅσον
1787 4017 1889 4070 αὐ-

278 4111 381 4157 τῶν
439 4102 733 4165 ίπιτήδειον
806 4110 937 4181 πρός
1010 4112 1105 4167 τὴν
1171 4105 1422 4183 ἔργασιαν
1487 4104 1766 4175 λαϐοῦσαι,
1828 4108 1889 4159 τό

277 4192 455 4247 λοιπόν
515 4199 725 4270 χαίρειν
801 4195 1026 4270 ἀφῆκαν.
1093 4197 1271 4270 Ἡμεῖς
1333 4216 1407 4263 τε,
1472 4197 1535 4257 ἣν
1606 4203 1887 4271 σωφρονῶς-

278 4302 368 4357 μεν
394 4286 527 4353 (36),
561 4288 683 4340 ὅσον
736 4286 923 4341 οἰκεῖον
980 4289 1107 4361 ἡμῖν
1134 4291 1225 4340 καὶ
1273 4289 1514 4359 συγγενὲς
1562 4293 1626 4359 τῇ
1671 4284 1888 4359 ἀληθείᾳ

277 4374 404 4448 παρ’
459 4373 628 4427 αὐτῶν
702 4379 1066 4450 κομισάμενοι,
1116 4374 1524 4452 ὑπερθησόμεθα
1578 4378 1639 4428 τὸ
1705 4373 1886 4429 λειπό-

277 4482 449 4537 μενον.
511 4469 612 4519 Καὶ
666 4467 901 4541 καθάπερ
952 4475 1047 4530 τῆς
1097 4463 1355 4541 ῥοδωνιᾶς
1408 4471 1502 4518 τοῦ
1548 4465 1736 4526 ἄνθους
1771 4460 1887 4539 δρε-

276 4551 501 4628 ψάμενοι
543 4558 637 4619 τὰς
685 4554 913 4620 ἀκάνθας
952 4554 1263 4629 έκκλίνομεν,
1311 4553 1447 4608 οὕτω
1500 4559 1593 4608 καὶ
1648 4552 1736 4607 ἰπὶ
1784 4562 1885 4607 τῶν

2073 2404 2126 2456 3.
2153 2400 2381 2457 Eadem
2401 2406 2560 2459 certe
2581 2402 2723 2460 etde
2738 2402 3040 2460 historicis
3059 2401 3259 2459 dicere
3279 2403 3662 2480 habeo,prm-

2000 2489 2207 2546 sertim
2238 2506 2377 2548 cum
2411 2491 2491 2548 ad
2520 2491 2897 2550 audientium
2927 2491 3203 2549 animum
3234 2493 3662 2552 oblectandum

1997 2577 2285 2636 historias
2330 2582 2746 2639 conscribunt.
2799 2585 2915 2640 Nec
2945 2583 3125 2640 etiam
3158 2584 3470 2641 rhetorum
3499 2600 3665 2641 men-

1997 2668 2186 2725 tiendi
2205 2675 2398 2727 artem
2420 2670 2817 2729 imitabimur.
2842 2671 3073 2729 Etenim
3095 2690 3296 2748 neque
3315 2673 3375 2730 in
3392 2674 3659 2746 judiciis,

1997 2773 2197 2832 neque
2239 2761 2302 2817 in
2332 2759 2462 2817 aliis
2492 2760 2837 2818 actionibus
2880 2763 3249 2820 conveniens
3278 2763 3457 2820 nobis
3487 2763 3665 2822 fuerit

1997 2849 2413 2914 mendacium,
2446 2851 2552 2925 qui
2580 2856 2808 2908 rectam
2832 2866 2904 2908 ac
2942 2868 3151 2910 veram
3172 2853 3311 2910 vita
3339 2854 3504 2911 viam
3529 2871 3660 2912 am-

1997 2937 2159 3011 plexi
2174 2939 2452 3001 simus.et
2470 2940 2698 3013 quibus
2718 2955 2843 2996 non
2861 2940 3102 3012 litigare
3125 2942 3257 3015 lege
3291 2948 3661 3018 praceptum

1980 3015 2093 3085 'sit.
2123 3028 2238 3084 Sed
2265 3028 2370 3085 illa
2391 3028 2587 3100 magis
2614 3028 3036 3101 probabimus,
3054 3031 3115 3087 in
3138 3015 3360 3104 quibus
3378 3015 3662 3092 virtutem

1995 3115 2513 3188 laudaverint,aut
2524 3117 2920 3192 vituperarint
2938 3119 3251 3178 vitium.Ut
3271 3121 3433 3178 enim
3446 3122 3662 3195 reliqui

1997 3207 2127 3265 solo
2169 3207 2395 3265 ﬂorum
2422 3208 2592 3265 hono
2621 3208 2809 3266 odore
2838 3201 2942 3267 aut
2992 3209 3194 3268 colore
3243 3211 3658 3285 perfruuntur,

1997 3312 2143 3370 apes
2169 3314 2310 3355 vero
2335 3297 2457 3355 mel
2486 3299 2668 3356 etiam
2700 3314 2773 3355 ex
2805 3298 2892 3356 eis
2921 3315 3240 3374 excerpere
3259 3305 3487 3359 norunt
3516 3320 3530 3358 :
3576 3302 3663 3361 ita

1995 3385 2094 3443 hic
2122 3403 2391 3461 quoque,
2424 3388 2530 3461 qui
2557 3404 2683 3445 non
2704 3388 2898 3446 solam
2925 3390 3223 3462 ejusmodi
3251 3390 3546 3449 librorum
3566 3392 3664 3462 ju-

1995 3476 2367 3534 cunditatem
2392 3493 2464 3533 ac
2483 3479 2843 3535 suavitatem
2856 3480 3378 3554 consectantur,iis
3403 3480 3539 3539 licet
3558 3481 3661 3539 ali-

1996 3566 2147 3638 quid
2178 3566 2358 3623 etiam
2384 3566 2652 3623 utilitatis
2680 3583 2754 3624 ex
2810 3567 2929 3624 illis
2975 3568 3038 3625 in
3086 3570 3295 3627 anima
3342 3587 3658 3645 reponere.

1999 3655 2260 3712 Omnino
2285 3656 2465 3727 igitur
2485 3656 2560 3713 ad
2585 3672 2770 3730 apum
2793 3658 3165 3731 exemplum,
3184 3659 3464 3717 hislibris
3485 3666 3660 3718 uten-

1998 3745 2147 3802 dum
2167 3744 2349 3802 vobis
2373 3748 2480 3802 est.
2515 3745 2631 3801 Illa;
2660 3746 2823 3802 enim
2861 3762 3061 3820 neque
3088 3748 3342 3805 ﬂoribus
3370 3750 3658 3809 omnibus

1998 3850 2073 3890 ex
2119 3849 2299 3906 inquo
2345 3832 2641 3897 insidunt,
2670 3849 2868 3908 neque
2899 3835 3080 3892 etiam
3112 3837 3191 3894 ad
3219 3853 3378 3911 quos
3406 3838 3658 3896 advola-

1997 3922 2140 3993 rint,
2172 3938 2277 3979 eos
2320 3926 2480 3979 totos
2510 3922 2746 3979 auferre
2777 3929 3075 3982 conantur
3102 3942 3117 3982 :
3158 3924 3262 3982 sed
3296 3942 3435 3983 cum
3467 3942 3540 3984 ex
3571 3928 3657 3985 eis

1996 4016 2300 4086 quantum
2347 4012 2640 4069 idoneum
2694 4018 2783 4071 est
2806 4014 2884 4070 ad
2913 4030 3091 4089 opus,
3124 4015 3313 4073 semel
3342 4016 3654 4088 collegere,

1996 4100 2300 4176 reliquum
2338 4101 2671 4159 dimittunt.
2714 4106 2831 4160 Nos
2860 4121 3108 4178 quoque
3147 4105 3195 4162 si
3226 4106 3522 4179 sapimus,
3554 4107 3663 4167 ubi

1996 4197 2298 4267 quantum
2325 4192 2506 4249 nobis
2534 4194 2836 4264 congruit,
2860 4210 2931 4251 ac
2961 4195 3200 4252 veritati
3232 4196 3415 4254 afﬁne
3441 4202 3549 4269 est,
3584 4214 3660 4256 ex

1994 4282 2092 4339 his
2140 4282 2380 4356 scriptis
2423 4282 2869 4354 collegerimus,
2900 4284 3204 4358 reliquum
3242 4289 3661 4359 prmtermitte-

1995 4389 2158 4430 mus.
2182 4375 2247 4428 Et
2268 4372 2797 4445 quemadmodum
2820 4374 2881 4429 in
2902 4373 3287 4448 decerpendo
3307 4378 3493 4434 roseti
3511 4376 3659 4436 ﬂore

1997 4465 2198 4520 sentes
2252 4460 2633 4519 devitamus:
2697 4463 2783 4519 sic
2829 4463 2973 4520 etin
3024 4464 3244 4520 talibus
3273 4466 3660 4524 sermonibus

1994 4550 2297 4626 quidquid
2319 4551 2459 4608 utile
2480 4555 2570 4608 est
2593 4558 2930 4626 carpentes,
2954 4553 3206 4609 noxium
3222 4554 3506 4613 vitemus.
3527 4558 3658 4614 Sta-

276 4646 525 4698 τοιούτων
576 4643 740 4719 λόγων
787 4648 908 4700 ὅσον
959 4650 1231 4721 χρήσιμον
1314 4645 1739 4719 καρπωσάμενοι,
1822 4646 1883 4696 τό

1999 4625 2099 4698 tim
2115 4641 2300 4712 igitur
2312 4640 2389 4697 ab
2408 4641 2574 4698 initio
2591 4625 2944 4715 disciplinas
2966 4642 3236 4712 singulas
3247 4643 3656 4732 considerare,

279 4731 535 4810 βλαϐερόν
582 4735 927 4811 φυλαξὼμεθα
974 4736 1106 4809 (37).
1156 4735 1325 4798 Εὐθὺς
1365 4730 1452 4787 οὖν
1484 4732 1538 4798 ἐξ
1568 4731 1741 4807 ἀρχῆς
1766 4732 1884 4787 ἑπι-

281 4833 491 4879 σκοπεῖν
549 4828 767 4881 ἕκαστον
828 4835 927 4880 τῶν
980 4827 1328 4900 μαθημάτων,
1378 4827 1470 4877 καὶ
1538 4823 1886 4899 συναρμόζειν

277 4926 353 4988 τῷ
398 4916 531 4971 τέλει
580 4925 835 4993 προσῆκε,
867 4920 1005 4971 κατὰ
1049 4920 1146 4977 τὴν
1185 4918 1421 4991 Δωρικήν
1459 4917 1765 4989 παροιμίαν,
1798 4916 1886 4966 τὸν

278 5004 423 5059 λίθον
496 5009 616 5059 ποτὶ
680 5009 775 5060 τὰν
842 5007 1075 5082 σπάρτον
1142 5006 1383 5078 ἄγοντας.
1437 5008 1539 5057 Καὶ
1601 4999 1885 5079 έπειδήπερ

285 5092 362 5149 δι’
414 5094 599 5171 ἀρετῆς
658 5098 797 5172 ἡμᾶς
844 5095 927 5150 ἰπὶ
977 5096 1086 5169 (38)
1130 5098 1218 5150 τὸν
1267 5093 1386 5170 βίον
1421 5096 1658 5148 καθεῖναι
1688 5090 1773 5148 δεῖ
1799 5097 1887 5147 τὸν

487 5274 639 5356 [idin
672 5274 1064 5356 ὁρίζονται..Ᾱί
1089 5290 1235 5356 mss.
1264 5272 1772 5356 mullijpigmvrm.

348 5343 464 5417 (33')
493 5347 587 5404 Sic
617 5343 849 5403 veteres
877 5345 1151 5418 quinque
1178 5344 1333 5402 libri.
1355 5343 1509 5402 Editi
1535 5343 1596 5409 ἃς
1626 5346 1744 5400 κᾶν.

349 5412 459 5487 (34)
492 5418 684 5475 Editio
715 5412 917 5476 Paris.‘
937 5412 1229 5476 ἔπιτίὰδειον
1268 5418 1410 5491 ὑμῖν.
1443 5422 1513 5474 At
1542 5433 1687 5473 mss.
1729 5432 1882 5489 qua-

271 5495 412 5548 tuor
441 5492 587 5549 ἡμῖν.

343 5511 659 5634 ῗέξόῗμῦἒιιε
709 5578 856 5619 mss.
898 5561 927 5622 ἦ
989 5563 1178 5614 κακίαν
1235 5556 1493 5617 διέϐαλον.
1523 5562 1654 5617 Mox
1704 5559 1873 5618 Colb.

271 5634 483 5692 tertius
504 5640 596 5687 καὶ
629 5643 746 5698 τῆς.

345 5709 458 5779 (36)
492 5708 634 5778 Reg.
658 5706 894 5780 primus
925 5711 1010 5760 ῖνα
1038 5713 1399 5782 σωφρονῶμεν.
1427 5707 1545 5765 Nec
1573 5704 1658 5765 ita
1681 5703 1874 5764 multo

1993 4736 2051 4789 et
2079 4731 2159 4788 ad
2182 4729 2369 4787 ﬁnem
2391 4732 2885 4795 accommodare,
2913 4747 3114 4804 operae
3146 4731 3407 4806 pretium
3454 4738 3566 4803 est,
3590 4729 3658 4794 ut

1995 4825 2087 4878 est
2107 4820 2169 4878 in
2193 4820 2405 4878 Dorico
2426 4820 2775 4895 proverbio,
2797 4822 3058 4892 lapidem
3080 4822 3163 4879 ad
3181 4822 3528 4892 funiculum
3548 4825 3660 4881 du-

1997 4916 2215 4969 centes.
2245 4913 2312 4968 Et
2339 4910 2594 4984 quando
2624 4926 2734 4984 per
2756 4910 3040 4969 virtutem
3079 4911 3159 4969 ad
3180 4915 3455 4968 nostram
3479 4912 3658 4982 illam

1997 5000 2184 5058 vitam
2208 5001 2524 5075 pervenire
2554 5016 2667 5058 nos
2699 5004 2958 5075 oportet,
2989 5000 3065 5059 de
3092 5001 3205 5059 hac
3230 5005 3437 5059 autem
3461 5002 3660 5064 multa

1998 5092 2213 5166 poetis,
2244 5090 2436 5149 multa
2478 5090 2801 5157 historicis,
2831 5089 3027 5149 multo
3069 5091 3248 5166 plura
3270 5090 3658 5167 philosophis

1990 5276 2138 5396 £32:
2203 5270 2370 5331 Colb.
2429 5271 2637 5329 tertius
2692 5271 2858 5345 λόγων
2903 5271 2963 5326 τό
3010 5267 3119 5329 ἡδὺ
3155 5268 3393 5332 λαϐόντες
3424 5273 3484 5322 τὸ
3527 5267 3657 5343 βλα-

2025 5363 2159 5400 ερον.

2047 5395 2178 5488 ’(37')
2238 5414 2389 5488 sum

1986 5487 2387 5562 siis-Steti!!!

2057 5560 2168 5631 (38)
2203 5558 2395 5631 Editio
2435 5558 2793 5631 Parisipég
2832 5555 2936 5612 ἐπί.
2967 5558 3159 5629 Editio
3210 5556 3387 5631 Basil.
3423 5561 3479 5613 et
3525 5555 3654 5631 duo

1984 5627 2158 5704 mss.
2197 5632 2322 5704 ἡμῖν
2365 5629 2481 5704 έπί.
2551 5630 2659 5704 Alii
2691 5627 2700 5631 ’
2729 5634 2994 5704 quatuor
3038 5627 3187 5686 mss.
3219 5627 3406 5704 ἀρετῆς
3455 5630 3539 5680 έπὶ
3564 5629 3654 5680 τὸν

1986 5701 2104 5777 βίον
2134 5700 2261 5777 ἡμῖν
2280 5703 2536 5772 καθεῖναι,
2571 5700 2689 5761 alio
2727 5700 2959 5759 ordine.

2474 5414 2785 5489 υλαξόμεθα.
2846 5417 2917 5471 At
2980 5429 3138 5470 mss.
3205 5413 3379 5470 multi
3411 5412 3655 5487 φυλαξὼ-

2460 5487 2584 5559 Olb.
2620 5487 3207 5559 ίϐΐιὶιιεπιρισκοπεῖν.
