4110 6398
442 360 538 413 571

1812 357 1870 413 S.
1913 353 2162 412 BASILll
2199 352 2446 410 MAGNI.

3707 361 3813 416 572

444 482 769 539 decantata
786 481 1033 551 sunt,ad
1052 480 1354 553 ejusmodi
1375 496 1686 538 sermones
1707 480 1973 539 maxime
1994 479 2101 537 ad-

2212 480 2477 552 ἠμέτερον,
2538 479 2609 543 εἰς
2666 481 2863 538 ταύτην
2912 475 2971 533 ὃε
3008 476 3174 533 πολλὰ
3218 479 3309 553 μὲν
3339 486 3605 549 ποιηταῖς,
3652 482 3819 538 πολλὰ

372 585 385 597 ⁸
445 572 802 645 jungendus
827 572 1070 630 animus
1088 575 1195 629 est.
1213 574 1328 630 Nec
1349 572 1511 629 enim
1536 571 1758 629 utilitas
1778 587 1967 645 parva
1986 574 2097 639 est,

445 661 914 718 familiaritatem
928 661 1263 734 quamdam
1284 666 1463 735 atque
1474 661 1973 719 consuetudinem
1988 661 2100 716 vir-

448 750 589 810 tutis
609 750 953 821 ingenerari
974 750 1428 809 adolescentum
1453 751 1693 821 animis,
1707 767 1847 808 cum
1867 751 2101 809 soleant

446 840 814 897 inconcussa
835 855 1195 914 permanere
1234 841 1444 898 talium
1497 841 1868 898 documenta
1892 840 2007 898 alte
2036 840 2098 898 in

448 929 532 987 eis
562 930 643 987 ob
673 931 1019 988 animorum
1050 930 1513 988 teneritudinem
1559 932 1859 1005 impressa
1882 929 2102 987 inscul-

444 1025 690 1094 ptaque.
728 1020 953 1094 Ecquid
986 1021 1234 1078 tandem
1266 1020 1427 1077 aliud
1456 1020 1780 1078 Hesiodum
1804 1021 2100 1090 cogitasse

446 1111 968 1184 putabimus,cum
981 1110 1113 1166 illos
1125 1126 1334 1167 versus
1350 1110 1429 1169 ab
1441 1111 1726 1169 omnibus
1747 1110 2101 1169 decantatas

446 1199 809 1273 composuit,
843 1200 957 1257 nisi
999 1204 1061 1257 ut
1087 1200 1511 1260 adhortaretur
1560 1200 1972 1257 adolescentes
2017 1200 2099 1257 ad

443 1288 767 1346 virtutem?
796 1296 1025 1362 Aspera
1062 1284 1331 1362 quidem,
1355 1289 1572 1364 inquit,
1595 1290 1862 1364 primum
1912 1294 2002 1347 est
2043 1293 2101 1347 et

442 1395 689 1437 accessu
711 1378 1308 1453 difﬁcilis,multoque
1327 1380 1551 1438 sudore
1571 1397 1643 1438 ac
1660 1380 1868 1438 labore
1890 1379 2092 1453 plena,

443 1474 623 1539 atque
645 1467 837 1525 ardua
858 1469 974 1537 via,
991 1485 1129 1542 quas
1149 1469 1393 1527 deducit
1415 1470 1494 1527 ad
1515 1471 1815 1528 virtutem.
1833 1472 2100 1543 Quapro.

439 1564 572 1632 pter
620 1574 744 1615 non
792 1564 882 1616 est
934 1559 1198 1632 cujusvis
1226 1560 1307 1618 ad
1332 1575 1469 1617 eam
1496 1560 1661 1618 viam
1688 1560 1995 1630 accedere,
2017 1559 2097 1618 ob

443 1647 841 1706 ucclivitatem
870 1666 883 1706 :
931 1666 1130 1722 neque
1161 1651 1234 1718 ei,
1267 1651 1372 1724 qui
1412 1651 1681 1719 accessit,
1705 1648 1878 1707 facile
1905 1654 1991 1706 est
2017 1647 2100 1706 ad

438 1741 778 1795 extremum
802 1739 1134 1812 pervenire.
1152 1739 1290 1810 Sed,
1306 1754 1448 1797 cum
1471 1741 1657 1796 semet
1680 1756 1991 1797 summum
2010 1746 2098 1797 at-

2213 565 2272 624 δε
2319 573 2700 646 συγγραφεῦσι,
2732 568 2902 642 πολλῷ
2961 566 3021 624 δε
3076 572 3152 623 ἔτι
3206 568 3364 623 πλείω
3394 569 3695 645 φιλοσόφοις
3730 572 3817 626 ἀνι

2211 655 2403 734 δράσιν
2461 659 2708 734 ῦμνηται,
2758 669 2867 724 τοῖς
2914 662 3176 723 τοιούτοις
3230 667 3327 713 τῶν
3369 659 3531 734 λόγων
3582 662 3817 736 μάλιστα

2208 753 2540 823 προσεκτέον.
2569 751 2646 803 Οὐ
2676 754 2864 825 μικρὸν
2891 752 2993 824 γὰρ
3037 753 3096 804 τὸ
3127 753 3322 823 ὄφελος,
3366 751 3662 811 οἰκειότητά
3698 773 3819 809 τινα

2209 841 2299 892 καὶ
2363 841 2640 899 συνήθειαν
2692 848 2808 902 ταῖς
2857 848 2957 894 τῶν
3015 843 3137 892 νέων
3203 838 3409 912 ψυχαῖς
3464 848 3561 903 τῆς
3629 840 3815 917 ἀρετῆς

2208 928 2525 1002 ἐγγενέσθαι·
2602 929 2809 1005 ἐπείπερ
2879 928 3218 1005 ἀμετάστατα
3280 934 3499 1003 πέφυκεν
3560 927 3690 986 εἶναι
3744 936 3811 986 τὰ

2206 1028 2308 1072 τῶν
2364 1021 2611 1073 τοιούτων
2655 1021 2771 1093 (39)
2819 1022 3128 1094 μαθήματα,
3197 1016 3268 1072 δι’
3332 1020 3638 1081 ἁπαλότητα
3709 1031 3810 1077 τῶν

2205 1109 2397 1182 ψυχῶν
2443 1110 2515 1172 εἰς
2559 1108 2722 1183 βάθος
2763 1109 3196 1184 ἐνσημαινόμενοι.
3225 1108 3292 1163 Ἦ
3322 1116 3374 1163 τί
3401 1129 3527 1164 ποτε
3546 1111 3669 1166 ἄλλο
3691 1108 3812 1167 διας

2205 1201 2452 1258 νοηθέντα
2496 1203 2583 1252 τὸν
2632 1198 2873 1255 Ἡσίοδον
2923 1199 3258 1274 ὑπολάϐωμεν
3296 1204 3450 1254 ταυτὶ
3492 1209 3717 1263 ποιῆσαι
3742 1204 3813 1259 τὸ

2207 1291 2325 1358 ἔπη,
2375 1289 2410 1342 ἃ
2463 1292 2648 1353 πάντες
2718 1287 2964 1363 ᾅδουσιν,
3020 1292 3048 1350 ἦ
3103 1290 3232 1363 ούχὶ
3280 1297 3641 1368 προτρέποντα
3686 1296 3811 1357 τοὺς

2203 1383 2346 1443 νέους
2404 1378 2484 1433 ἔπ’
2532 1379 2754 1456 ἀρετήν,
2828 1379 2951 1433 Ὀτι
3005 1388 3235 1454 τραχεῖα
3297 1384 3386 1455 μὲν
3453 1391 3658 1457 πρῶτον
3717 1387 3810 1437 καὶ

2207 1466 2494 1539 δύσϐατος,
2548 1474 2637 1523 καὶ
2692 1467 2914 1545 ἱδρῶτος
2965 1478 3167 1542 συχνοῦ
3225 1475 3314 1524 καὶ
3370 1474 3530 1525 πόνου
3582 1471 3805 1548 πλήρης,

2205 1562 2236 1618 ἠ
2268 1563 2399 1633 πρὸς
2448 1558 2635 1633 ἀρετὴν
2675 1565 2924 1634 φέρουσα,
2965 1566 3055 1614 καὶ
3074 1559 3316 1628 ἀνάντης,
3344 1556 3489 1625 ὁδός.
3523 1565 3707 1639 Διόπερ
3746 1563 3806 1617 οὐ

2204 1653 2417 1716 παντὸς,
2456 1650 2573 1703 οὔτε
2620 1649 2940 1724 προσϐῆναιῆ
2988 1650 3120 1723 αὐτῇ
3169 1646 3264 1703 διὰ
3309 1652 3368 1703 τό
3423 1653 3615 1725 ὄρθιον,
3666 1655 3803 1722 οὔτε,

2204 1738 2513 1814 προσϐάντι,
2556 1736 2756 1814 ῥᾳδίως
2801 1739 2886 1794 ἐπὶ
2932 1744 2990 1792 τὸ
3039 1742 3199 1815 ἄκρον
3243 1738 3423 1795 ἐλθεῖν.
3456 1739 3594 1793 "Ave
3623 1739 3684 1796 δε
3710 1761 3802 1815 γε·

438 1826 653 1897 tigerit,
676 1827 896 1884 intueri
920 1827 1121 1885 licebit
1150 1844 1339 1902 quam
1360 1829 1526 1887 laevis
1547 1834 1604 1887 et
1630 1828 1885 1902 pulchra
1921 1833 1962 1901 1
1975 1831 2024 1901 7
2037 1832 2088 1904 7

2210 1833 2395 1903 νομένῳ
2440 1831 2563 1902 όρᾴν
2613 1830 2867 1904 ύπάρχει,
2909 1832 2978 1892 ὡς
3033 1832 3123 1902 μεν
3170 1829 3281 1883 λεία
3326 1849 3380 1885 τε
3417 1833 3506 1884 καὶ
3549 1830 3703 1900 καλὴ,
3731 1834 3800 1895 ὡς

439 1916 534 1981 sit,
561 1932 750 1990 quam
779 1917 970 1974 facilis
993 1922 1051 1975 et
1087 1919 1389 1992 expedita,
1413 1919 1861 1992 jucundiorque
1887 1921 2096 1977 itinere

440 2006 559 2064 alio
598 2008 678 2065 ad
698 2008 910 2065 vitium
943 2010 1236 2067 ducente:
1270 2011 1438 2084 quod
1481 2011 1681 2069 statim
1710 2011 1792 2068 ob
1812 2011 2091 2068 viciniam

439 2097 625 2171 arripi
652 2114 834 2172 posse
865 2099 1013 2156 dixit
1041 2099 1202 2156 idem
1234 2100 1330 2157 ille
1362 2105 1561 2174 poeta.
1590 2101 1734 2158 Mihi
1755 2102 1917 2158 enim
1939 2102 2097 2158 vides

442 2190 558 2257 tur,
590 2204 729 2244 cum
783 2189 913 2245 haec
963 2188 1171 2247 litteris
1229 2190 1530 2264 proderet,
1563 2190 1713 2248 nihil
1761 2191 1928 2249 aliud
1981 2191 2096 2249 sibi

438 2279 849 2351 proposuisse,
872 2296 1060 2353 quam
1087 2285 1148 2337 ut
1172 2281 1516 2338 hortaretur
1539 2297 1651 2337 nos
1682 2281 1762 2339 ad
1790 2282 2093 2353 virtutem,

439 2367 835 2443 iuvitaretque
857 2382 1070 2427 omnes
1091 2375 1158 2427 ut
1185 2375 1386 2428 essent
1412 2371 1580 2440 boni,
1606 2376 1664 2428 et
1680 2388 1756 2428 ne
1775 2370 2094 2429 laboribus

438 2457 634 2528 fracti,
689 2463 829 2516 ante
866 2459 1181 2516 obtentum
1223 2459 1409 2516 ﬁnem
1458 2460 1849 2519 desistamus.
1905 2466 2096 2534 Atque

440 2548 623 2606 etiam
675 2548 726 2605 si
767 2550 904 2622 quis
936 2550 1089 2607 alius
1134 2550 1403 2608 similiter
1429 2551 1707 2608 virtutem
1751 2551 2093 2621 celebravit,

438 2639 491 2711 ej
501 2656 569 2695 us
584 2652 895 2696 sermones
911 2638 1144 2698 velutin
1158 2640 1425 2714 idipsum
1440 2640 1697 2698 terentes
1708 2640 2092 2715 recipiamus.

494 2822 548 2875 4.
577 2818 604 2873 .l
611 2835 711 2876 am
725 2834 889 2885 vero,
904 2822 971 2876 ut
989 2835 1104 2890 ego
1122 2821 1302 2877 aviro
1324 2820 1591 2894 quodam
1602 2820 1727 2894 ,qui
1738 2807 2103 2894 assequendi

441 2914 710 2965 mentem
763 2913 955 2982 poetas
986 2910 1212 2982 peritus
1250 2916 1397 2981 erat,
1430 2910 1656 2980 audivi,
1688 2915 1814 2968 tota
1863 2910 2103 2968 Homeri

440 2998 642 3071 poesis
684 2995 1069 3054 virtutislaus
1101 3003 1228 3067 est;
1251 2998 1312 3055 in
1344 3014 1538 3072 eoque
1560 3000 1767 3056 omnia
1792 3003 2008 3073 praeter
2038 2998 2102 3056 id

439 3087 606 3160 quod
647 3087 910 3144 ornandi
954 3089 1251 3145 sermonis
1282 3089 1475 3160 gratia
1510 3088 1816 3161 adjectum
1847 3093 1958 3157 est,
1980 3089 2101 3146 huc

2205 1916 2264 1973 δι
2305 1915 2473 1995 ῥᾳδία
2519 1938 2571 1973 τε
2619 1925 2709 1972 καὶ
2748 1923 2985 1995 εὔπορος,
3015 1924 3106 1974 καὶ
3155 1928 3250 1983 τῆς
3291 1920 3462 1995 ἐτέρας
3510 1917 3672 1981 ἡδίων
3706 1929 3803 1985 τῆς

2204 2008 2287 2063 ἐπὶ
2324 2014 2419 2068 τὴν
2465 2014 2651 2063 κακίαν
2697 2009 2951 2082 ἀγούσης,
3005 2013 3066 2070 ἣν
3097 2009 3281 2086 ἀθρόον
3465 2008 3594 2065 εἶναι
3630 2010 3804 2065 λαϐεῖν

2203 2097 2258 2154 έκ
2309 2106 2401 2152 τοῦ
2465 2103 2717 2172 σύνεγγυς
2760 2102 2786 2152 ὁ
2817 2100 2974 2162 αὐτὸς
3010 2101 3159 2163 οὗτος
3197 2105 3422 2164 ποιητὴς
3449 2103 3637 2174 ἔφησεν
3660 2101 3799 2173 (41).

2206 2191 2353 2262 Ἐμοὶ
2405 2191 2495 2263 μὶν
2526 2192 2628 2264 γὰρ
2680 2186 2827 2245 δοκεῖ
2874 2188 3025 2244 οὐδὲν
3058 2190 3227 2266 ἕτερον
3256 2191 3286 2250 ἢ
3331 2195 3634 2266 προτρέπων
3663 2193 3803 2266 ἡμᾶς

2204 2276 2278 2331 ἐπ’
2344 2277 2551 2354 ἀρετὴν,
2610 2285 2698 2333 καὶ
2772 2279 3184 2354 προκαλούμενος
3262 2279 3499 2343 ἅπαντας
3576 2280 3806 2354 ἀγαθοὺς

2204 2365 2352 2437 εἶναι,
2382 2365 2551 2424 ταῦτα
2599 2365 2839 2436 διελθεῖν,
2885 2374 2976 2423 καὶ
3022 2372 3157 2423 ὥστε
3193 2374 3264 2444 μὴ
3315 2370 3804 2443 καταμαλακισθέν-

2201 2477 2292 2520 τας
2338 2462 2467 2534 πρὸς
2500 2463 2623 2521 τοὺς
2664 2463 2854 2522 πόνους
2882 2468 3284 2534 προαποστῆναι
3324 2468 3416 2514 τοῦ
3464 2460 3667 2525 τέλους.
3707 2463 3809 2515 Καὶ

2204 2553 2380 2622 μέντοι
2432 2555 2521 2602 καὶ
2574 2552 2618 2603 εἰ
2668 2567 2748 2612 τις
2794 2551 2964 2625 ἔτερος
3012 2549 3219 2604 ἐοικότα
3265 2553 3471 2614 τούτοις
3507 2554 3601 2610 τὴν
3621 2548 3809 2626 ἀρετὴν

2204 2638 2452 2712 ὕμνησεν,
2519 2640 2587 2701 ὡς
2632 2639 2704 2701 εἰς
2762 2640 2952 2693 ταύτὸν
3019 2641 3136 2711 (42)
3192 2642 3317 2714 ἡμῖν
3389 2643 3634 2716 γέροντας
3686 2644 3810 2704 τοὺς

2204 2727 2359 2801 λόγου
2369 2748 2391 2792 ς
2420 2720 2830 2802 ἀποδεχώμεθα.

2279 2823 2332 2874 4.
2372 2818 2460 2881 Ὠς
2509 2815 2569 2872 δε
2616 2817 2714 2892 ἐγώ
2785 2834 2924 2879 τινος
2980 2819 3187 2877 ηκουσα
3244 2814 3418 2873 δεινοῦ
3488 2821 3808 2893 καταμαθεῖν

2208 2904 2397 2983 ἄνδρές
2443 2916 2666 2967 ποιητοῦ
2721 2905 2976 2975 διάνοιαν,
3034 2914 3184 2961 πᾶσα
3230 2910 3320 2982 μέν
3378 2910 3408 2968 ἡ
3456 2914 3674 2972 ποίησις
3734 2918 3809 2983 τῷ

2207 2998 2421 3072 Ὁμήρῳ
2471 2997 2661 3075 ἀρετῆς
2712 2997 2854 3051 ἑστιν
2905 3001 3130 3068 ἔπαινος,
3171 3003 3262 3052 καὶ
3302 3000 3475 3053 πάντα
3509 2999 3651 3071 αὐτῷ
3676 3001 3809 3073 πρὸς

2207 3096 2361 3142 τοῦτο
2410 3092 2566 3163 φέρει,
2611 3090 2637 3140 ὅ
2682 3107 2736 3142 τι
2776 3091 2848 3161 μὴ
2882 3090 3160 3163 πάρεργον·
3198 3089 3305 3161 ούχ
3336 3090 3534 3148 ῆκίστα
3564 3085 3623 3143 δε
3651 3088 3704 3141 έν
3731 3084 3809 3151 οἷς

436 3176 715 3246 tendunt,
731 3178 995 3235 maxime
1015 3183 1217 3236 autem
1230 3178 1336 3235 ubi
1357 3178 1857 3253 Cephallenorum
1880 3179 2100 3237 ducem

2210 3181 2296 3231 τὸν
2353 3180 2651 3253 στρατηγὸν
2710 3186 2810 3231 τῶν
2875 3176 3211 3251 Κεφαλλήνων
3288 3182 3542 3238 πεποίηκε
3612 3180 3809 3260 γυμνόν

438 3283 471 3325 e
484 3266 807 3339 naufragio
818 3267 1054 3323 nudum
1068 3272 1374 3326 servatum
1391 3267 1963 3326 exhibuit.Primum
1976 3270 2099 3342 qui,

441 3357 582 3414 dem
605 3361 813 3414 narrat
831 3357 1102 3427 reginam
1127 3372 1290 3428 eum,
1315 3357 1491 3414 simul
1523 3363 1590 3415 ut
1618 3361 1682 3416 in
1706 3363 2099 3432 conspectum

441 3446 623 3514 venit,
643 3446 961 3504 reveritam
983 3463 1132 3519 esse,
1152 3451 1384 3505 tantum
1408 3448 1619 3505 aberat
1634 3454 1698 3506 ut
1713 3450 1939 3523 pudere
1957 3462 2098 3506 eum

443 3536 710 3608 deberet,
738 3536 905 3610 quod
931 3537 1134 3595 nudus
1155 3538 1443 3612 solusque
1465 3540 1938 3612 conspiceretur,
1961 3556 2101 3597 cum

442 3626 635 3683 virtus
668 3627 928 3683 vestium
958 3626 1092 3684 loco
1118 3643 1260 3683 eum
1291 3634 1631 3685 exornaret.
1650 3628 1876 3686 Deinde
1896 3645 1933 3686 a
1969 3629 2101 3686 reli-

440 3716 576 3789 quis
593 3732 839 3790 quoque
862 3716 1208 3773 Phaeacibus
1223 3718 1367 3774 tanti
1380 3718 1745 3777 aestimatum
1763 3732 1916 3789 esse,
1933 3723 1996 3776 ut
2013 3735 2101 3775 re-

443 3805 597 3863 lictis
628 3806 860 3863 deliciis
879 3807 942 3863 in
965 3806 1192 3879 quibus
1211 3806 1516 3875 vivebant,
1533 3809 1907 3883 suspicerent
1927 3809 2100 3866 illum

440 3895 1267 3970 omnes,aemularenturque,
1295 3913 1408 3954 nec
1433 3897 1621 3955 ullum
1646 3904 1787 3955 tunc
1807 3900 1868 3956 in
1900 3900 2101 3956 Phrea‘

440 3985 615 4042 cibus
655 3985 860 4053 fuisse,
892 3987 1000 4059 qui
1045 3986 1210 4043 aliud
1253 3986 1593 4060 quidquam
1624 3994 1863 4062 optaret
1904 3990 2101 4060 magis

440 4086 632 4148 quam
656 4079 721 4131 ut
744 4075 986 4147 Ulysses
1012 4081 1187 4143 esset,
1200 4076 1382 4149 idque
1406 4093 1437 4133 e
1462 4077 1783 4149 naufragio
1807 4084 2100 4138 servatus.

443 4170 509 4222 In
532 4164 626 4220 his
656 4164 816 4221 enim
849 4164 1050 4222 aiebat
1068 4165 1165 4222 ille
1192 4167 1411 4224 mentis
1432 4171 1624 4239 poetas
1646 4168 1966 4242 interpres.
1990 4172 2102 4226 Ho-

442 4269 679 4310 merum
707 4259 937 4310 tantum
977 4270 1101 4311 non
1131 4254 1499 4313 clamantem
1530 4256 1729 4313 dicere
1764 4274 1776 4313 :
1810 4257 2104 4314 Habenda

444 4346 536 4400 est
560 4343 754 4414 vobis,
773 4361 807 4400 ο
829 4344 1127 4413 homines,
1151 4345 1386 4402 virtutis
1407 4348 1727 4420 cura,!quas
1745 4352 1801 4403 et
1823 4360 1945 4404 una
1964 4364 2103 4404 cum

446 4434 746 4504 naufrago
765 4439 1053 4503 enatat,et
1077 4435 1140 4490 in
1170 4439 1390 4491 terram
1410 4435 1674 4506 ejectum
1704 4435 1944 4493 nudum
1978 4436 2105 4494 feli~

445 4522 617 4580 cibus
634 4523 990 4581 thacibus
1007 4524 1203 4581 reddit
1216 4524 1719 4582 venerabiliorcm
1731 4529 1818 4582 .Et
1832 4526 2104 4600 profecto

445 4629 542 4670 res
567 4613 652 4670 sic
681 4630 744 4669 sc
791 4613 995 4671 habet.
1037 4617 1187 4671 Nam
1223 4613 1645 4687 possessiones
1692 4616 1940 4688 reliquas
1981 4630 2105 4674 non

452 4706 595 4759 sunt
621 4714 1046 4776 possessorum
1074 4704 1273 4773 magis
1300 4719 1487 4777 quam
1519 4704 1934 4777 quorumlibet
1962 4706 2107 4763 alios

445 4808 607 4865 rum,
638 4792 804 4849 velut
828 4792 892 4849 in
924 4796 1287 4849 tesserarum
1316 4793 1460 4850 ludo
1488 4793 1607 4850 huc
1638 4800 1696 4851 et
1736 4794 1876 4852 illuc
1910 4799 2107 4853 transs

444 4882 603 4941 lata.
630 4885 823 4942 Virtus
850 4887 1049 4940 autem
1077 4899 1147 4940 ex
1170 4884 1667 4957 possessionibus
1691 4885 1823 4943 sola
1848 4891 2108 4961 est,qum

448 4978 713 5049 nequeat
761 4973 1023 5033 auferri:
1082 4978 1210 5031 tum
1260 4974 1393 5032 vivo
1433 4980 1561 5032 tum
1601 4979 1845 5034 mortuo
1877 4982 2104 5035 astans.

516 5112 630 5199 (3?)
677 5110 843 5176 Colb.
894 5116 1098 5174 tertius
1147 5120 1213 5171 τὰ
1266 5126 1365 5172 τῶν
1427 5114 1845 5178 τηλικούτων....
1909 5116 2101 5174 ἁπαλό-

444 5208 580 5246 τητα
604 5199 751 5262 ψυχὴ
763 5212 805 5252 ς.

464 5188 917 5345 ;"’ji‘pi”é3§iqm
970 5260 1093 5317 duo
1122 5260 1257 5318 libri
1297 5266 1356 5319 et
1393 5261 1536 5319 editi
1604 5261 1815 5338 ἁθρόαν.
1849 5263 1959 5321 Alii
1991 5268 2110 5321 ire,

455 5334 729 5486 αθξὲἶῖἶρ
748 5401 974 5486 Ili-.07?“
1005 5409 1094 5486 ποει
1120 5406 1365 5486 ἡμέραις».
1388 5416 1446 5460 ν·
1479 5409 1738 5486 ἓθδυὲθοι

525 5475 643 5546 (ῥὲ)
686 5475 836 5532 Ειίἱῑὶ
864 5475 936 5539 εἰς
987 5475 1192 5544 τοῦτον,
1221 5475 1427 5534 "male.
1486 5477 1653 5546 Regii
1705 5482 1825 5535 tres
1881 5495 2031 5535 mss.
2066 5482 2124 5536 et

456 5544 964 5623 Colb._secundus
985 5549 1051 5623 εές
1070 5552 1280 5623 euut-ev,
1309 5550 1480 5623 bene.
1506 5544 1635 5623 mox
1656 5546 1717 5604 in
1745 5550 2122 5623 quibusdam

453 5631 600 5745 mss.
637 5616 856 5692 legitur
889 5617 1320 5703 ἀποδεχώμεθαε
1370 5622 1430 5681 in
1487 5620 1621 5685 aliis
1659 5616 1803 5685 vero
1860 5620 2124 5703 ειποὸεχό⁴

452 5708 517 5767 με
563 5708 615 5750 α.

2208 3267 2263 3321 ἐκ
2301 3276 2395 3321 τοῦ
2447 3271 2696 3340 ναυαγίου
2755 3269 3130 3341 περισωθέντα,
3188 3276 3393 3343 πρῶτον
3451 3271 3542 3343 μεν
3595 3264 3813 3322 αἰδέσαε

2207 3363 2302 3418 τὴν
2347 3354 2611 3432 βασιλίδα
2649 3361 2867 3430 φανέντα
2913 3361 3086 3431 μόνον⁸
3117 3360 3372 3413 τοσούτου
3406 3355 3517 3413 δεῖν
3547 3359 3813 3432 αἰσχύνην

2211 3447 2438 3521 όφλῆσαι
2483 3450 2680 3522 γυμνὸν
2725 3447 2946 3521 ὀφθέντα
2988 3452 3162 3522 μόνον,
3190 3445 3473 3523 ἐπειδήπερ
3506 3448 3617 3522 (43)
3657 3447 3814 3502 αὐτὸν

2211 3536 2364 3614 ἀρετὴ
2422 3536 2537 3591 αντὶ
2603 3539 2823 3611 ἱματίων
2888 3543 3276 3612 κεκοσμημένον
3348 3537 3578 3596 ἐποίησε·
3638 3540 3816 3593 ἔπειτα

2209 3632 2384 3702 μέντοι
2426 3631 2517 3681 καὶ
2569 3634 2678 3691 τοῖς
2715 3627 2916 3691 λοιποῖς
2971 3628 3156 3692 Φαίαξι
3208 3630 3461 3682 τοσούτου
3501 3628 3647 3691 ἄξιον
3670 3646 3814 3703 νομιο

2213 3718 2423 3785 σθῆναι,
2457 3725 2611 3783 ὥστε,
2666 3715 2886 3789 ἀφέντας
2928 3721 3021 3776 τὴν
3067 3721 3266 3792 τρυφήν
3316 3717 3347 3789 ᾖ
3387 3717 3632 3785 συνέζων,
3678 3716 3814 3772 ini-

2208 3825 2290 3859 νον
2329 3809 2441 3875 (44)
2484 3805 2790 3859 ἀποϐλέπειν
2819 3811 2909 3859 καὶ
2955 3805 3144 3867 ζηλοῦν
3192 3806 3446 3873 ἅπαντας,
3479 3812 3570 3861 καὶ
3610 3803 3816 3882 μηδένα

2212 3896 2450 3949 Φαιάκων
2478 3893 2526 3947 ἐν
2556 3903 2628 3966 τῷ
2658 3898 2774 3946 τότε
2822 3896 2953 3947 εἶναι
2981 3893 3104 3947 ἀλλο
3143 3899 3195 3947 τί
3225 3894 3285 3948 ἂν
3317 3895 3569 3959 εὔξασθαι
3598 3896 3810 3971 μᾶλλον,

2212 3986 2242 4045 ᾖ
2275 3981 2548 4037 Ὀδυσσέα
2600 3985 2861 4057 γενέσθαι,
2911 3987 3000 4038 καὶ
3051 3992 3221 4038 ταῦτα
3262 3983 3317 4038 έκ
3370 3992 3624 4059 ναυαγίου
3674 4002 3815 4060 περιέ

2215 4076 2465 4131 σωθέντα.
2513 4074 2592 4127 Ἐν
2638 4076 2840 4137 τούτοις
2869 4075 2971 4148 γὰρ
3022 4073 3188 4147 ἔλεγεν
3232 4076 3257 4128 ὀ
3301 4083 3395 4128 τοῦ
3440 4084 3663 4136 ποιητοῦ
3720 4084 3816 4139 τῆς

2214 4162 2455 4227 διανοίας
2531 4163 2816 4237 ἐξηγητὴς,
2874 4168 3162 4238 μονονουχὶ
3223 4163 3432 4238 βοῶντα
3499 4167 3663 4241 λέγειν
3728 4170 3817 4220 τὸν

2210 4253 2468 4329 ’⁷ομηρον,
2520 4255 2598 4308 ὅτι
2652 4253 2870 4330 Ἀρετῆς
2916 4256 3037 4328 ὑμῖν
3103 4252 3458 4327 ἐπιμελητέον,
3514 4252 3553 4308 ὦ
3614 4258 3818 4331 ἄνθρωο

2212 4362 2323 4412 ποι,
2372 4343 2402 4403 ἢ
2444 4348 2532 4396 καὶ
2588 4349 2953 4416 ναυαγήσαντι
3022 4348 3421 4417 σννεκνὴχεται,
3455 4351 3545 4401 καὶ
3597 4344 3682 4399 έπὶ
3720 4354 3820 4409 τῆς

2213 4440 2414 4511 χέρσου
2465 4438 2732 4509 γενόμενον
2776 4438 2970 4509 γυμνὸν
3018 4438 3129 4505 (45)
3180 4441 3487 4510 τιμιώτερον
3553 4432 3822 4499 ἀποδείξει

2215 4534 2318 4578 τῶν
2368 4521 2688 4598 εὐδαιμόνων
2721 4527 2981 4579 Φαιάκων.
3036 4529 3136 4577 Καὶ
3197 4527 3299 4600 γὰρ
3354 4526 3521 4588 οὕτως
3561 4528 3695 4599 ἔχει.
3744 4529 3823 4580 Τὰ

2217 4618 2308 4690 μὶν
2336 4614 2466 4668 ἄλλοι
2508 4623 2609 4668 τῶν
2651 4618 2951 4688 κτημάτων,
3000 4614 3057 4667 ού
3116 4613 3305 4688 μᾶλλον
3353 4623 3453 4667 τῶν
3511 4614 3738 4688 ἐχόντων
3787 4617 3818 4675 ἣ

2220 4709 2311 4759 καὶ
2361 4707 2661 4759 οὑτινοσοῦν
2720 4713 2821 4757 τῶν
2879 4703 3237 4777 ἐπιτυχόντων
3317 4703 3479 4771 ἐστὶν,
3544 4708 3718 4781 ὥσπερ
3775 4705 3824 4759 ἐν

2219 4790 2418 4865 παιδιᾷ
2485 4792 2656 4845 κύϐων
2730 4789 2861 4866 τῇδε
2917 4791 3128 4845 κάκεῖσε
3196 4793 3635 4868 μεταϐαλλόμενα·
3692 4799 3823 4869 μόνη

2224 4883 2283 4940 δε
2338 4885 2618 4956 κτημάτων
2662 4886 2692 4943 ἡ
2761 4882 2916 4959 ἀρετὴ
2973 4882 3332 4957 ἀναφαίρετον,
3382 4890 3473 4939 καὶ
3527 4886 3686 4947 ζῶντι
3731 4884 3824 4940 καὶ

2222 4977 2586 5032 τελευτήσαντι
2670 4978 3064 5050 παραμένουσα.
3147 4972 3299 5028 Ὅθεν
3377 4971 3444 5035 δὴ
3505 4981 3596 5030 καὶ
3665 4977 3827 5030 Σόλων

2296 5121 2406 5191 (43)
2470 5117 2671 5192 Codex
2705 5114 2855 5177 Oliv.
2898 5122 2955 5175 et
2983 5119 3147 5178 Colb.
3184 5118 3393 5176 tertius
3424 5118 3660 5192 ὀφθέντα,
3701 5121 3835 5175 ἐπει-

2227 5188 2418 5321 ὁόνὲἰπερ.
2464 5191 2589 5318 ZAlii
2641 5208 2788 5246 mss.
2850 5196 2908 5247 et
2957 5192 3097 5250 editi
3156 5193 3375 5281 ὀφθέντα
3449 5188 3833 5265 μόνονρίιθεθ

2321 5280 2440 5321 U83.
2523 5305 2536 5320 ο

2362 5280 2536 5321 83.25.

2299 5282 2765 5407 (ἴῧοῖὶὺοτῑίηὶ
2795 5334 2918 5409 duo
2946 5336 3017 5409 είς
3048 5290 3510 5409 ἐκεῖνον..¹γοᾳιι]ει
3536 5336 3603 5397 εἰς
3622 5351 3836 5409 neque

2228 5404 2583 5478 in‘vulgatis
2617 5422 2813 5478 neque
2844 5406 2903 5461 in
2935 5408 3065 5464 aliis
3098 5420 3249 5464 mss.
3283 5404 3519 5477 legitur.
3550 5408 3642 5464 Ad
3694 5404 3836 5465 scn-

2232 5496 2371 5535 sum
2425 5479 2593 5552 quod
2634 5478 2882 5552 attinet,
2911 5479 3062 5552 nihil
3109 5479 3289 5552 refert
3318 5484 3522 5552 utrum
3550 5478 3835 5550 addatur,

2231 5548 2652 5607 necne—Haud
2702 5548 2882 5620 longe
2914 5551 3096 5608 editio
3144 5551 3326 5608 Paris.
3362 5551 3622 5620 εὔξεσθαι,
3656 5548 3835 5610 male}

2232 5627 2495 5696 At_mss._
2518 5622 2790 5696 εῇξασθαι,
2824 5623 3070 5696 optime.

2309 5694 2425 5769 (45)
2455 5691 2623 5761 Colb.
2652 5691 3086 5773 toruus-Ima.
3117 5694 3350 5772 ὀφθέντα.
