4110 6380
497 369 598 424 575

1849 361 1910 424 S.
1956 361 2210 420 BASlLll
2263 361 2507 420 MAGNI.

3763 358 3871 416 576

493 507 694 568 neque
722 507 896 564 reges
923 491 1060 559 sint,
1092 505 1292 566 neque
1311 491 1610 566 dynastas,
1634 496 1692 550 et
1727 492 1880 549 forte
1899 491 2152 548 omnino

2269 487 2504 562 βασιλεῖς
2545 491 2702 555 ὄντες,
2753 489 2871 540 οὔτε
2917 481 3199 553 δυνάσται,
3241 478 3365 537 οὐδε
3408 483 3500 556 μὶν
3529 501 3639 550 ουν,
3678 487 3869 556 τυχὸν,

493 597 572 639 ne
587 581 758 639 liberi
780 581 1148 656 quidem.Ad
1168 581 1297 639 haec
1329 582 1600 640 musicus
1624 597 1748 640 non
1767 579 1987 638 lubens
2011 579 2157 636 tole-

493 671 641 730 rarit
669 671 785 728 sibi
821 687 950 728 esse
981 671 1299 730 dissonam
1329 672 1529 746 lyram
1561 689 1576 729 :
1605 686 1804 745 neque
1832 667 2154 743 praefectus

497 759 666 817 chori
693 759 946 818 chorum
978 759 1094 818 sibi
1114 765 1341 827 astare,
1371 761 1480 834 qui
1507 776 1695 833 quam
1723 758 1986 816 maxime
2011 771 2157 814 con-

497 849 719 907 cinnus
747 865 874 908 non
903 849 998 908 sit.
1016 854 1062 906 Α
1093 866 1155 906 se
1181 850 1364 919 igitur
1386 850 1644 925 quisque
1675 847 2153 922 dissidebitipse,

497 955 610 996 nec
627 941 810 996 vitam
827 956 968 997 cum
985 939 1184 997 verbis
1205 940 1680 996 consentientem
1696 937 2034 996 exhibebit:
2050 935 2158 994 sed

495 1026 707 1100 lingua
730 1029 981 1104 quidem
1000 1029 1250 1100 juravit,
1282 1045 1456 1086 mens
1485 1045 1630 1086 vero
1655 1029 1921 1100 injurata
1946 1030 2053 1094 est,
2071 1025 2156 1082 di-

497 1121 592 1174 cet
619 1133 692 1174 ex
714 1117 1022 1192 Euripide;
1057 1123 1115 1175 et
1138 1117 1329 1175 videri
1359 1117 1560 1192 potuis
1587 1117 1788 1174 bonus
1814 1132 2002 1192 quam
2023 1129 2156 1172 esse

498 1207 782 1264 studebit.
802 1207 980 1282 Atqui
995 1207 1094 1264 hic
1115 1211 1206 1264 est
1229 1212 1534 1264 extremus
1552 1207 1817 1278 injustiae
1839 1204 2155 1272 terminus,

500 1295 552 1352 si
577 1312 701 1370 qua
723 1295 876 1353 ﬁdes
897 1295 1126 1353 Platoni
1141 1295 1428 1353 habenda
1456 1301 1565 1364 est,
1588 1295 1944 1370 quempiam
1967 1293 2156 1353 videri

495 1384 753 1460 justum,
786 1385 893 1460 qui
931 1401 1056 1442 non
1097 1385 1190 1442 sit.
1233 1387 1554 1444 Sermones
1602 1384 1786 1456 igitur
1809 1383 1916 1458 qui
1951 1399 2155 1444 rerum

496 1475 891 1544 honestarum
921 1475 1410 1549 complectuntur
1441 1479 1770 1550 praecepta,
1799 1474 1886 1531 sic
1905 1473 2156 1548 recipia-

496 1581 659 1622 mus.
684 1567 752 1621 Et
775 1564 1068 1640 quoniam
1097 1565 1277 1624 bona;
1306 1581 1552 1641 quoque
1585 1566 1926 1640 priscorum
1962 1563 2156 1622 homi-

496 1668 647 1711 num
697 1654 966 1712 actiones
995 1659 1103 1716 θυι
1142 1656 1450 1712 memoriae
1482 1654 1868 1712 successione
1912 1653 1992 1712 ad
2041 1669 2155 1710 nos

497 1759 694 1818 usque
731 1748 1191 1814 conservantur,
1219 1751 1324 1803 aut
1346 1745 1410 1802 in
1439 1751 1758 1820 poetarum
1787 1750 1894 1802 aut
1915 1743 2152 1800 histori-

497 1849 711 1890 corum
741 1834 1150 1892 monumentis
1176 1835 1616 1902 custodiuntur,
1645 1849 1720 1891 ne
1769 1833 1994 1892 utilitas
2023 1832 2153 1907 qui-
2184 1853 2224 1907 Β

499 1921 666 1995 dem,
697 1939 837 1997 quas
863 1923 1006 1980 hinc
1054 1924 1227 1982 nasci
1270 1928 1488 1999 potest,
1534 1923 1688 1980 desit
1732 1922 1932 1980 nobis.
1975 1921 2156 1978 Verbi

501 2012 718 2085 gratia,
769 2012 956 2070 homo
1000 2013 1252 2088 quidam
1301 2012 1818 2072 circumforaneus
1875 2011 2156 2070 conviciis

500 2101 788 2161 Periclem
809 2103 1398 2170 consectabatur,hic
1420 2109 1624 2162 autem
1639 2119 1764 2161 non
1783 2101 2154 2165 attendebat,

500 2195 558 2250 et
583 2191 678 2248 die
699 2197 825 2250 tota
854 2193 1110 2266 perstitit
1140 2198 1408 2268 uterque,
1440 2193 1538 2250 ille
1565 2193 1814 2267 quidem
1844 2191 2160 2267 permultis

501 2281 740 2358 probris
769 2281 1104 2352 incessens,
1157 2283 1256 2340 hic
1298 2299 1441 2340 vero
1484 2297 1880 2360 nequaquam
1909 2297 2155 2338 curans.

499 2372 726 2431 Deinde
755 2388 1003 2447 vespere
1019 2373 1150 2446 jam
1173 2373 1351 2440 facto,
1371 2373 1762 2447 tenebrisque
1792 2371 2042 2442 obortis,
2058 2371 2160 2428 vix

499 2459 910 2520 discedentem
941 2461 1194 2518 Pericles
1218 2462 1413 2520 facem
1441 2462 1770 2536 praeferens
1795 2461 2063 2532 deduxit,
2085 2477 2160 2518 ne

503 2549 618 2607 sibi
647 2549 872 2607 inutilis
919 2551 1073 2609 foret
1096 2552 1446 2608 exercitatio
1479 2551 1900 2625 philosophiae.
1934 2553 2161 2606 Rursus

501 2639 757 2713 quidam
782 2641 1006 2697 Euclidi
1032 2641 1362 2714 Megarensi
1381 2642 1592 2712 iratus,
1615 2646 1872 2698 mortem
1901 2641 1954 2697 ei
1987 2641 2160 2713 179

501 2729 814 2786 minitatus
853 2734 960 2798 est,
993 2746 1064 2788 ac
1089 2731 1354 2803 juravit:
1391 2731 1487 2787 hic
1527 2747 1771 2788 rursum
1797 2729 2161 2802 juravitt‘ac-

502 2823 704 2876 turum
756 2836 819 2876 se
863 2824 928 2878 ut
977 2820 1092 2877 sibi
1138 2819 1234 2876 ille
1265 2821 1612 2894 placaretur
1639 2837 1712 2877 ac
1755 2819 2004 2876 infestus
2030 2834 2161 2876 esse

501 2908 820 2966 desineret.
851 2911 1044 2977 Quam
1095 2909 1239 2967 utile
1283 2909 1460 2966 fuerit
1489 2910 1700 2966 talium
1739 2908 2160 2982 exemplorum

501 2999 732 3072 aliquid
759 2999 822 3056 in
853 2999 1214 3058 memoriam
1245 3001 1466 3070 venire,
1499 3017 1640 3058 cum
1685 3000 1778 3056 vir
1803 3000 1930 3072 jam
1963 2998 2042 3056 ab
2071 2999 2164 3057 ira

499 3087 840 3146 detinetur!
872 3093 1021 3147 Nam
1055 3089 1430 3147 credendum
1467 3104 1593 3146 non
1623 3095 1714 3146 est
1746 3088 2052 3162 tragoediae
2083 3093 2163 3146 te-

501 3194 663 3236 mere
694 3177 918 3235 dicenti
947 3195 960 3234 :
993 3181 1066 3236 In
1121 3180 1315 3236 hostes
1364 3180 1461 3236 ira
1490 3185 1694 3237 armat
1722 3195 1974 3235 manum
2001 3192 2026 3236 .'
2054 3177 2161 3234 sed

499 3268 684 3339 longe
717 3269 908 3325 satius
937 3284 1013 3325 ne
1038 3269 1218 3326 irasci
1247 3268 1496 3342 quidem
1526 3269 1798 3325 omnino.
1829 3268 2003 3335 Quod
2029 3267 2078 3324 si
2100 3268 2162 3324 id

499 3357 675 3417 facile
693 3357 856 3416 factu
877 3374 998 3416 non
1015 3359 1435 3430 est,rationem
1457 3365 1614 3417 certe
1626 3358 1790 3415 velut
1804 3357 2043 3415 frenum
2059 3358 2162 3414 ira:

502 3447 876 3520 objicientes,
902 3448 1098 3505 efferri
1126 3465 1262 3505 eam
1295 3449 1542 3506 ulterius
1573 3465 1648 3506 nc
1677 3448 2118 3522 permittamus.

573 3541 625 3594 5.
651 3537 767 3596 Sed
783 3552 993 3595 rursus
1011 3538 1348 3596 orationem
1368 3539 1735 3596 reducamus
1753 3539 1833 3595 ad
1853 3537 2162 3595 actionum

497 3625 804 3684 bonarum
817 3627 1758 3702 exempla.Percutiebatquidam
1771 3626 2163 3701 Sophronisci

497 3712 693 3771 ﬁlium
726 3715 1031 3772 Socratem
1059 3715 1120 3772 in
1143 3715 1343 3788 ipsam
1370 3715 1610 3780 faciem,
1625 3714 1786 3772 facto
1805 3715 2028 3789 saepius
2047 3715 2160 3771 im-

497 3807 670 3878 petu:
689 3803 788 3860 hic
809 3809 1012 3862 autem
1024 3803 1176 3860 nihil
1186 3803 1680 3880 repugnavit,sed
1703 3802 2164 3861 sivitebriosum

496 3894 669 3952 illum
690 3895 846 3953 iram
868 3913 1045 3953 suam
1067 3897 1478 3965 exsatiare,sic
1503 3904 1570 3953 ut
1593 3897 2016 3952 intumesceret
2031 3895 2162 3966 jam

499 3986 630 4056 ejus
654 3985 856 4042 vultus
877 4001 1000 4060 prae
1031 3985 1252 4060 plagis,
1275 3992 1553 4060 essetque
1575 3985 1876 4042 saniosus.
1909 3985 2025 4042 Ubi
2052 4000 2162 4043 au-

498 4079 620 4132 tem
649 4073 749 4131 ille
769 4091 806 4132 a
826 4075 1180 4132 verberibus
1206 4076 1554 4146 destitisset,
1599 4077 1877 4134 Socrates
1907 4075 2161 4149 quidem

499 4161 650 4220 nihil
674 4162 841 4220 aliud
885 4164 1097 4222 fecisse
1126 4165 1364 4234 dicitur,
1395 4181 1586 4239 quam
1623 4165 1805 4222 fronti
1831 4180 1954 4220 suae
1985 4163 2162 4238 quasi

500 4257 712 4310 statuae
731 4253 1108 4328 inscripsisse
1125 4261 1459 4326 auctorem,
1487 4257 1648 4313 Talis
1657 4255 1948 4326 faciebat,
1975 4267 2160 4328 seque

498 4341 616 4398 hoc
635 4343 822 4401 modo
839 4343 1345 4402 vindicasse.Haec
1366 4345 1488 4400 fere
1511 4361 1650 4402 cum
1669 4343 1922 4401 tendant
1941 4343 2160 4400 eodem

499 4447 571 4490 ac
608 4437 835 4503 nostra,
861 4451 1061 4508 operm
1087 4435 1348 4509 pretium
1371 4451 1503 4492 esse
1521 4449 1742 4492 censeo
1771 4435 1933 4490 viros
1957 4437 2159 4490 tantos

497 4521 676 4580 nobis
703 4539 834 4580 esse
862 4523 1213 4581 imitandos.
1247 4523 1398 4581 Illud
1423 4525 1589 4580 enim
1631 4523 1892 4582 Socratis
1919 4537 2156 4594 germa-

497 4628 645 4670 num
679 4618 770 4671 est
803 4619 1104 4688 praecepto
1125 4614 1230 4682 illi,
1265 4613 1576 4672 maxillam
1608 4613 1866 4670 credenti
1887 4613 2156 4688 praebere

498 4708 775 4776 oportere
801 4709 859 4758 et
887 4701 1196 4774 alteram“,
1217 4703 1448 4759 nedum
1468 4702 1757 4760 ulciscam
1768 4718 1837 4758 ur
1857 4716 1990 4759 nos.
2007 4700 2161 4758 Peri-

497 4791 606 4848 clis
637 4796 842 4849 autem
871 4791 1124 4858 factum,
1168 4797 1273 4850 aut
1322 4791 1609 4862 Euclidis,
1642 4796 1730 4849 est
1759 4790 1902 4847 huic
1941 4788 2156 4858 simile,

496 4879 668 4955 quod
719 4885 1154 4954 persequentes
1199 4881 1516 4954 sustinere,
1571 4885 1630 4938 et
1675 4881 1948 4954 ipsorum
2002 4879 2160 4936 iram

571 5045 594 5080 ⁸
642 5043 842 5102 Matth.
870 5060 930 5114 v,
953 5047 1042 5100 39.

573 5188 690 5272 (
713 5192 1083 5272 Ducteus,_.ut
1109 5189 1282 5272 solet,
1303 5190 1470 5272 hunc
1491 5189 1856 5272 locum,_a’_c}.‘).’_
1871 5191 1900 5248 ἡ
1933 5188 2156 5272 γλῶττα,

501 5265 638 5320 etc..
666 5261 876 5336 insitis
897 5262 1055 5336 notis
1085 5262 1260 5336 do‘cte
1291 5269 1348 5318 et
1377 5262 1672 5336 exquisite
1700 5261 1977 5319 illustrat.

574 5333 684 5408 (5‘52)
705 5331 872 5408 Colb.
905 5333 1113 5390 tertius
1145 5329 1900 5408 dripxaaay,perstiterunt.
1934 5333 2084 5408 Editi
2105 5336 2164 5389 et

502 5403 605 5460 alii
637 5401 784 5481 mss.
808 5401 1077 5480 διήρκεσε.
1110 5401 1359 5481 Siléges
1395 5401 1664 5481 διήρκεσε,
1691 5405 2042 5481 supplenda
2071 5409 2163 5461 est

502 5491 622 5531 vox
649 5474 915 5550 έκάτεροςζ
941 5478 1224 5550 ρεισειίιίε-
1255 5474 1508 5550 aterque
1559 5474 1835 5534 Subinde
1866 5476 2030 5534 Colb.
2073 5492 2162 5533 se-

504 5547 743 5621 cundus
771 5545 968 5621 prima
991 5564 1180 5605 manu
1203 5545 1430 5621 aestas;
1453 5547 1694 5621 ἐλαρνων.

753 5617 1466 5692 (ξοὶὺιμιθΐιὶυεςπληγῶν
1523 5619 1582 5684 ἃς
1649 5621 1843 5692 ἔλαϐεν.
1906 5625 2024 5679 Nec
2079 5620 2164 5677 ita

502 5691 696 5748 multo
724 5696 864 5764 post
907 5689 1070 5748 idem
1109 5691 1302 5750 codex
1331 5689 1506 5769 ὥσπερ
1538 5692 1586 5746 ἐν
1613 5691 1905 5772 ἀνδριάντι.
1950 5696 2163 5752 Notam

2267 578 2520 654 ἐλεύθεροι
2574 581 2634 631 τό
2679 579 2946 654 παράπαν·
2998 573 3127 628 Εἶτα
3190 574 3446 647 μουσικὸς
3495 575 3586 646 μὲν
3661 571 3756 626 οὐκ
3811 572 3872 627 ἂν

2267 669 2393 723 ἑκὼν
2425 665 2632 734 δέξαιτο
2679 667 3005 744 ἀνάρμοστον
3044 665 3185 736 αὐτῷ
3232 667 3328 723 τὴν
3369 662 3530 738 λύραν
3569 665 3732 717 εἶναι·
3783 669 3875 720 καὶ

2265 765 2436 835 χοροῦ
2489 765 2790 832 κορυφαῖος,
2853 761 2923 831 μὴ
2991 756 3072 810 ὅτι
3133 753 3368 829 μάλιστα
3434 749 3734 826 συνᾴδοντα
3785 756 3874 808 τὸν

2264 852 2428 922 χορὸν
2459 851 2618 922 ἔχειν.
2655 848 2815 910 Αὐτός
2864 844 2923 900 δὲ
2951 867 3034 910 τις
3070 846 3289 908 ἕκαστος
3332 841 3713 897 διαστασιάσει
3740 847 3874 920 πρὸς

2267 938 2470 1008 ἑαυτὸν,
2521 941 2611 992 καὶ
2662 938 2792 1010 οὐχὶ
2840 945 2950 1000 τοῖς
3005 935 3179 1009 λόγοις
3226 933 3580 1008 ὁμολογοῦντα
3633 936 3720 988 τὸν
3753 932 3872 1008 βίον

2263 1029 2542 1104 παρέξεται
2571 1049 2584 1062 ·
2621 1027 2726 1080 ἀλλ’
2775 1030 2804 1088 ἡ
2855 1026 3064 1100 γλῶττα
3103 1021 3214 1098 (Si)
3260 1027 3350 1099 μὲν
3411 1023 3702 1098 ὀμώμοκεν,
3745 1025 3776 1085 ἠ
3811 1020 3872 1079 δε

2268 1123 2399 1196 φρὴν
2447 1118 2729 1194 ἀνώμοτος,
2787 1118 2903 1172 κατ’
2954 1113 3251 1192 Εὐριπίδην
3301 1114 3441 1192 ἔρεῖ·
3479 1118 3664 1168 καὶτὸ
3698 1111 3872 1170 δόκεῖν

2269 1207 2466 1282 ἀγαθός
2510 1211 2610 1285 πρὸ
2657 1215 2749 1262 τοῦ
2805 1204 2932 1261 εἶναι
2977 1203 3242 1270 διώξεται.
3288 1203 3422 1258 Ἀλλ’
3480 1205 3626 1268 οὗτός
3674 1203 3816 1259 ἐστιν
3847 1205 3874 1260 6

2265 1301 2496 1372 ἔσχατος
2543 1306 2639 1362 τῆς
2687 1294 2898 1360 ἀδικίας
2927 1299 3063 1373 ὄρος,
3094 1299 3139 1349 εἰ
3178 1315 3230 1348 τι
3277 1292 3357 1350 δεῖ
3413 1295 3651 1349 Πλάτωνι
3691 1297 3859 1349 πείθε-

2268 1391 2413 1446 σθαι.
2437 1393 2495 1442 τὸ
2543 1385 2714 1442 δοκεῖν
2763 1384 2970 1442 δίκαιον
3001 1383 3150 1455 εἶναι,
3183 1391 3254 1460 μὴ
3301 1389 3442 1440 ὄντα·
3489 1389 3622 1450 Τοὺς
3659 1389 3750 1462 μέν
3781 1381 3870 1439 οὖν

2265 1487 2364 1534 τῶν
2419 1477 2602 1552 λόγων,
2651 1477 2700 1530 οἱ
2771 1481 2866 1540 τὰς
2925 1485 3025 1530 τῶν
3089 1475 3257 1530 καλῶν
3305 1478 3524 1548 ἔχουσιν
3575 1477 3870 1546 ὑποθῆκας,

2266 1569 2428 1633 οὕτως
2470 1565 2877 1641 ἀποδεχώμεθα.
2932 1563 3150 1625 Ἐπειδή
3203 1561 3262 1619 δὲ
3310 1571 3400 1618 καὶ
3445 1565 3659 1642 πράξεις
3708 1584 3872 1620 σπου-

2267 1655 2418 1713 δαῖαι
2463 1666 2563 1710 τῶν
2611 1657 2844 1710 παλαιῶν
2885 1652 3088 1730 ἀνδρῶν
3126 1656 3156 1715 ἣ
3187 1661 3394 1730 μνήμης
3433 1653 3714 1728 ἀκολουθίᾳ
3743 1657 3877 1730 πρὸς

2265 1751 2404 1822 ἡμᾶς
2480 1743 2858 1815 διασώζονται,
2910 1747 2938 1807 ἡ
2998 1754 3228 1805 ποιητῶν
3293 1748 3322 1804 ἦ
3397 1747 3734 1820 συγγραφέων
3781 1764 3878 1817 φυ-

2265 1840 2576 1914 λαττόμεναι
2623 1838 2816 1912 λόγοις,
2868 1835 3006 1911 μηδὲ
3050 1847 3147 1898 τῆς
3185 1835 3410 1890 ἐντεῦθεν
3457 1835 3698 1908 ὠφελείας
3744 1832 3872 1888 ἀπο-

2266 1929 2580 2004 λειπώμεθα.
2638 1931 2780 1995 Οἶον,
2843 1923 3094 2003 ἐλοιδόρει
3172 1930 3262 1980 τὸν
3339 1925 3588 2001 Περικλέα
3650 1931 3752 1977 τῶν
3819 1921 3874 1989 ἕξ

2270 2019 2469 2095 ἀγορᾶς
2523 2039 2606 2083 τις
2663 2017 2981 2095 ἀνθρώπων
3035 2019 3062 2070 6
3119 2013 3180 2071 δε
3237 2016 3296 2070 οὐ
3335 2023 3599 2093 πρσεῖχε·
3654 2019 3746 2067 καὶ
3803 2011 3875 2076 εἰς

2267 2117 2442 2164 πᾶσαν
2501 2107 2752 2183 διήρκεσε
2981 2111 3076 2167 τήν
3123 2109 3320 2182 ἡμέραν
3394 2107 3420 2159 ό
3490 2108 3582 2178 μεν
3646 2099 3875 2178 ἀφειδῶς

2267 2199 2468 2252 πλύνων
2523 2197 2678 2250 αὐτὸν
2725 2205 2834 2259 τοίς
2882 2193 3158 2266 ὀνείδεσιν,
3184 2194 3210 2248 6
3261 2190 3319 2249 δὲ
3373 2193 3434 2248 οὗ
3487 2193 3650 2268 μέλων
3706 2191 3870 2264 αὐτῷ.

2270 2285 2398 2343 Εἶτα
2426 2285 2787 2362 ἐσπέραςζῆδη
2837 2292 2928 2340 καὶ
2969 2290 3184 2347 σκότους
3239 2283 3684 2357 ἁπαλλαττόμενον
3726 2280 3876 2356 μόλις

2270 2379 2371 2431 όὺπ
2403 2383 2534 2452 φωτὶ
2582 2375 2889 2454 παρέπεμψε
2933 2375 3206 2452 Περικλῆς,
3263 2376 3402 2435 ὃπως
3449 2373 3590 2444 αὐτῷ
3639 2375 3708 2445 μὴ
3757 2367 3876 2424 δια-

2273 2471 2490 2544 φθαρείη
2539 2471 2598 2520 τό
2638 2471 2770 2542 πρὸς
2828 2465 3135 2539 φιλοσοφίαν
3202 2465 3520 2538 γυμνάσιον.
3578 2460 3740 2515 Πάλιν
3793 2479 3874 2524 τις

2270 2554 2524 2631 Εὐκλείδῃ
2591 2565 2663 2629 τῷ
2709 2557 3004 2632 Μεγαρόθεν
3075 2553 3410 2628 παροξυνθεὶς
3460 2553 3677 2606 θάνατον
3732 2551 3876 2610 ἐπεί-

2269 2647 2419 2716 λησε,
2478 2651 2568 2699 καὶ
2607 2644 2914 2720 ἐπώμοσεν·
2959 2645 2985 2696 6
3035 2639 3095 2697 δι
3157 2641 3452 2716 ἀντώμοσεν
3597 2645 3701 2714 μὴν
3760 2637 3875 2692 ἰλεώ

2273 2739 2470 2792 σασθαι
2499 2736 2677 2804 αὐτὸν,
2719 2741 2809 2789 καὶ
2847 2737 3066 2788 παύσειν
3095 2731 3340 2806 χαλεπῶς
3357 2734 3488 2807 πρὸς
3531 2728 3686 2782 αὑτὸν
3717 2731 3877 2802 ἔχον-

2271 2848 2358 2884 τα.
2415 2831 2590 2880 Πόσον
2650 2826 2796 2890 ἄξιον
2857 2833 2956 2878 τῶν
3019 2825 3268 2875 τοιούτων
3315 2841 3368 2874 τι
3423 2815 3871 2896 παραδειγμάτων

2273 2916 2514 2971 εἰσελθεῖν
2561 2921 2656 2974 τὴν
2705 2919 2936 2989 μνήμην,
2995 2908 3186 2988 ἀνδρὸς
3228 2913 3330 2964 ὑπὸ
3387 2909 3543 2986 ὀργῆς
3589 2903 3696 2966 ἤδη
3753 2924 3878 2959 κατ-

2273 3005 2564 3080 εχομένουῐ
2623 3011 2696 3078 Τῇ
2751 2999 3028 3078 τραγῳδίᾳ
3069 3003 3170 3075 γὰρ
3218 2999 3278 3053 οὗ
3339 3001 3644 3053 πιστευτέον
3705 2993 3879 3058 ἁπλῶς

2268 3103 2487 3177 λεγούσῃ
2519 3123 2532 3137 ο
2592 3103 2703 3154 Ἐπ’
2753 3100 2976 3176 ἐχθροὺς
3019 3081 3196 3172 ’θυμὸς
3243 3095 3445 3158 ὁπλίζει
3490 3103 3688 3170 χεῖραο
3749 3089 3881 3145 ἀλλά

2193 3215 2232 3270 C
2271 3193 2505 3268 μάλιστα
2543 3196 2646 3265 μὴν
2683 3187 2823 3264 μηδι
2855 3185 2890 3243 δ
2895 3189 3234 3242 ιανίστασθαι
3263 3189 3394 3262 πρὸς
3421 3187 3583 3259 θυμὸν
3612 3186 3671 3237 τὸ
3710 3181 3883 3258 παρά*

2269 3303 2408 3337 πανδ
2477 3281 2522 3334 εἰ
2581 3277 2641 3334 δε
2695 3283 2765 3354 μὴ
2820 3273 3010 3354 ῥᾴδιον
3075 3284 3249 3344 τοῦτο,
3293 3273 3400 3328 ἀλλ’
3447 3276 3620 3348 ὥσπερ
3660 3270 3882 3345 χαλινὸν

2272 3373 2413 3445 αὐτῷ
2468 3374 2557 3424 τόν
2601 3369 2854 3443 λογισμὸν
2898 3366 3266 3442 ἕμϐάλλοντας,
3318 3369 3388 3439 μὴ
3437 3363 3524 3436 ἐᾷν
3573 3361 3883 3438 ἐκφέρεσθαι

2269 3465 2576 3538 περαιτέρω.

2343 3557 2395 3608 5'
2441 3550 2874 3623 Ἐπαναγάγωμεν
2926 3544 2987 3601 δε
3025 3549 3112 3600 τὸν
3158 3545 3312 3618 λόγον
3344 3539 3490 3604 αὖθις
3519 3541 3646 3616 πρὸ)
3673 3539 3742 3594 τὰ
3779 3549 3879 3595 τῶν

2274 3638 2579 3696 σπουδαίων
2629 3639 2863 3716 πράξεων
2911 3633 3338 3709 παραδείγματα.
3394 3633 3621 3686 ’Ἐτυπτί
3669 3651 3752 3694 τις
3785 3635 3878 3686 τὸν

2272 3736 2633 3808 Σωφρονίσκου
2684 3731 2961 3802 Σωκράτην
3036 3725 3110 3788 εἰς
3166 3724 3294 3777 αὐτό
3347 3726 3407 3776 τό
3464 3727 3744 3797 πρόσωπον
3791 3721 3882 3796 ἑμ-

2270 3801 2441 3866 πεσῶν
2474 3807 2737 3884 ἀφειδῶς*
2771 3801 2805 3861 ό
2838 3805 2897 3862 δε
2943 3807 3038 3860 οὐκ
3095 3805 3332 3880 ἀντῆριν,
3381 3801 3510 3856 ἀλλὰ
3563 3809 3880 3878 παρεῖχετῷ

2269 3907 2604 3978 παροινοῦντι
2654 3906 2748 3959 τῆς
2817 3896 2975 3970 ὀργῆς
3039 3894 3401 3969 ἐμφορεῖσθαι,
3469 3892 3604 3946 ὥστε
3661 3887 3880 3956 ἕξοιδεῖν

2271 3973 2379 4042 id}:
2438 3987 2528 4034 καὶ
2572 3978 2796 4032 ὕπουλον
2845 3977 2988 4048 αὐτῷ
3036 3980 3096 4029 τό
3135 3979 3417 4051 πρόσωπον
3457 3975 3560 4027 ὑπὸ
3607 3982 3709 4027 τῶν
3749 3973 3882 4032 πλη-

2269 4080 2374 4146 γῶν
2441 4071 2556 4141 (53)
2608 4066 2762 4125 εἶναι.
2809 4066 2893 4129 Ὠς
2941 4063 2993 4120 δ’
3047 4061 3135 4118 οὖν
3166 4063 3431 4118 ἐπαύσατο
3482 4065 3707 4132 τύπτων,
3758 4061 3882 4116 ἄλλο

2269 4167 2360 4237 μέν
2409 4156 2563 4214 οὐδὲν
2621 4158 2648 4212 6
2704 4157 2986 4231 Ξωκράτης
3033 4163 3278 4226 ποιῆσαι,
3341 4151 3632 4229 ἐπιγράψαι
3697 4148 3756 4206 δε
3807 4159 3883 4225 τῷ

2270 4257 2493 4326 μετώπῳ
2545 4248 2772 4322 λέγεται.
2830 4245 3007 4321 ὥσπερ
3057 4241 3332 4320 ἀνδριάντι
3383 4246 3472 4295 τόν
3529 4239 3880 4316 δημιουργὸν,

2269 4345 2332 4395 ’0
2374 4336 2522 4394 δεῖνα
2566 4337 2728 4392 ἑποίει
2750 4353 2762 4367 ⁶
2795 4340 2888 4389 καὶ
2917 4343 3164 4390 τοσοῦτον
3196 4334 3307 4402 (54)
3340 4331 3662 4408 ἀμύνασθαι.
3694 4338 3883 4386 Ταῦτα

2273 4426 2473 4504 σχεδόν
2531 4428 2604 4490 εἰς
2669 4426 2857 4480 ταύτὸν
2913 4433 3024 4488 τοῖς
3081 4427 3352 4500 ἡμετέροις
3419 4425 3634 4496 φέροντα
3687 4419 3880 4475 πολλοῦ

2270 4521 2416 4584 ἄξιον
2459 4516 2590 4572 εἶναι
2629 4517 2972 4590 μιμήσασθαι
3000 4518 3123 4576 τοὺς
3160 4513 3502 4574 τηλικούτους
3539 4514 3693 4585 φημί.
3720 4509 3881 4564 Τουτὶ

2271 4613 2361 4685 μεν
2417 4611 2515 4686 γὰρ
2565 4611 2625 4660 τὸ
2664 4613 2756 4659 τοῦ
2795 4607 3098 4681 Σωκράτους
3128 4600 3347 4676 ἀδελφὸν
3387 4600 3562 4674 ἐκείνῳ
3617 4601 3692 4673 τῷ
3734 4621 3877 4678 παρ-

2269 4699 2582 4776 αγγέλματι,
2623 4698 2704 4750 ὅτι
2749 4704 2824 4766 τῷ
2875 4697 3126 4747 τύπτοντι
3173 4694 3310 4746 κατὰ
3354 4699 3448 4754 τῆς
3499 4695 3739 4764 σιαγόνος
3787 4694 3878 4744 καὶ

2269 4796 2364 4850 τὴν
2426 4789 2598 4862 ἑτέραν
2666 4789 2916 4858 παρέχειν
2987 4791 3241 4857 προσῆκε,
3291 4783 3546 4835 τοσούτοῦ
3603 4777 3713 4834 δεῖν
3770 4779 3877 4834 ἁπ-

2269 4879 2571 4956 αμύνασθαι
2599 4893 2611 4906 ’
2645 4878 2702 4928 τὸ
2737 4870 2796 4928 δὲ
2824 4880 2916 4928 τοῦ
2959 4871 3264 4949 Περικλέους
3293 4873 3322 4932 ἦ
3363 4875 3422 4926 τό
3452 4868 3735 4926 Εὐκλείδου

2270 5189 2568 5265 quamin
2593 5184 3020 5265 hunc__locum,
3053 5185 3087 5265 ῥ
3125 5181 3274 5238 δεῖνα
3302 5181 3482 5265 inpia,
3515 5180 3752 5265 addidit
3788 5183 3882 5265 vir

2271 5252 2715 5320 Eruditissimus
2746 5252 3024 5324 Duczeus',
3052 5256 3245 5329 legere
3274 5260 3558 5329 poterunt
3597 5252 3842 5329 curiosi.

2343 5335 2458 5405 (54)
2491 5334 2751 5405 Utraque
2791 5329 2977 5405 editio
3003 5333 3061 5386 et
3089 5327 3229 5405 Heg.
3263 5327 3471 5384 tertius
3499 5328 3775 5382 τοσούτου.
3808 5330 3884 5385 At

2271 5399 2593 5464 Co'lbértini
2619 5399 2744 5474 (1qu
2773 5406 2832 5458 et
2861 5403 3004 5474 Reg.
3037 5399 3273 5474 primus
3296 5406 3567 5474 τοσοῦτον.

2342 5415 2593 5461 hiberum
2619 5415 2744 5458 duo
2773 5415 2832 5458 et
2861 5415 3004 5528 ne?
3037 5417 3273 5474 primus
3296 5418 3567 5454 τοσουτον.

2342 5480 2456 5544 (55)
2486 5475 2553 5531 In
2571 5473 2742 5532 Colb.
2769 5473 2940 5529 tertio
2983 5472 3178 5544 egitur
3198 5467 3512 5544 Εὐκλείδους
3535 5489 3550 5526 :
3573 5473 3632 5526 at
3657 5472 3715 5526 et
3733 5469 3880 5544 editi

2271 5536 2458 5606 ct'alii
2489 5563 2641 5604 mss.
2667 5545 2895 5601 habent
2931 5536 3236 5597 Εὐκλείδου.
3280 5543 3453 5598 Haud
3481 5541 3660 5612 longe
3690 5540 3876 5597 editio

2271 5618 2698 5706 utraque,"th
2727 5622 2838 5706 est,
2869 5614 3048 5705 Paris.
3101 5619 3159 5706 et
3203 5613 3361 5702 Basil
3388 5617 3643 5706 εξχεσθαι
3671 5615 3876 5688 τούτοις

2275 5683 2467 5766 ἀγαθά.
2501 5683 2664 5747 Libri
2681 5683 2912 5746 veteres
2936 5687 3190 5762 εὔχεσθαι
3211 5687 3277 5744 τὰ
3304 5683 3498 5764 ἀγαθά,
