4110 6386
237 285 339 337 577

1207 274 1439 333 SERMO
1480 275 1568 330 DE
1611 266 1955 329 LEGENDIS
1994 268 2219 331 LIBRIS
2257 275 2651 334 GENTILIUM.

3508 285 3612 341 578

232 414 307 476 τῷ
335 406 458 464 τούς
498 399 785 464 διώκοντας
839 402 1128 474 ὑπομένειν,
1178 403 1269 452 καὶ
1315 399 1494 474 πράως
1547 396 1715 448 αὐτῶν
1745 401 1842 454 τῆς

1962 390 2165 450 leniter
2193 396 2445 454 tolerare
2464 402 2742 471 oporteat
2764 416 2777 454 :
2801 398 2939 455 huic
2960 415 3191 471 rursus,
3225 405 3395 476 quod
3413 405 3613 464 inimi-

235 493 399 568 ὀργῆς
450 490 735 564 ἀνέχεσθαι
767 512 780 525 ·
831 495 921 543 καὶ
968 499 1039 562 τῷ
1087 497 1196 552 τοῖς
1254 488 1468 563 ἐχθροῖς
1497 486 1753 558 εὔχεσθαι
1782 484 1849 534 τὰ

237 581 433 655 ἀγαθά,
504 580 633 633 ἀλλὰ
688 585 758 654 μὴ
830 580 1147 653 ἐπαρᾶσθαι.
1195 578 1283 640 ’.Ως
1336 580 1362 630 ὃ
1417 596 1475 649 γε
1532 575 1580 628 εν
1641 577 1849 635 τούτοις

235 667 642 748 προπαιδευθεὶς
678 670 772 723 οὐκ
803 669 871 723 ἔτ’
915 669 975 721 ἂν
1016 668 1226 731 ἑκνείοις
1282 670 1352 729 ὡς
1397 664 1673 724 ἀδυνάτοις
1723 659 1849 715 δια-

236 766 566 821 πιστήσειεν.
616 760 727 813 Ούκ
774 758 835 812 ἆν
882 758 1192 834 παρελθοιμι
1233 761 1291 811 τὸ
1336 765 1429 810 τοῦ
1482 749 1847 828 Ἀλεξάνδρον,

238 852 329 919 ὃς,
399 854 493 912 τὰς
551 852 842 924 θυγατέρας
908 854 1121 924 Δαρείου
1200 847 1576 921 αἰχμαλώτους
1656 842 1847 920 λαϐὼν,

240 943 541 1014 θαυμαστόν
594 959 646 992 τι
692 943 798 1002 (56)
827 940 932 991 οἷον
989 942 1047 991 τὸ
1104 938 1290 998 κάλλος
1345 939 1596 1012 παρέχειν
1646 952 1851 1007 παρτυ-

236 1034 512 1106 ρουμένας,
581 1024 706 1082 οὐδε
777 1024 1052 1104 προσιδεῖν
1110 1027 1374 1091 ἠξίωσεν·
1429 1025 1657 1099 αἰσχρὸν
1724 1018 1854 1074 εἶναι

237 1125 456 1196 κρίνων,
518 1121 605 1172 τὸν
670 1113 869 1193 ἄνδρας
926 1117 1143 1185 ἑλόντα,
1201 1124 1459 1189 γυναικῶν
1537 1113 1850 1171 ἡττηθῆναι.

236 1216 396 1265 Τουτὶ
432 1211 533 1285 γὰρ
588 1207 661 1269 εἰς
715 1207 905 1260 ταύτόν
959 1205 1132 1279 ἐκείνῳ
1181 1210 1339 1280 φέρει,
1383 1206 1465 1257 ὃτι
1520 1204 1546 1255 ο
1596 1200 1854 1275 taeta-ta;

236 1304 370 1376 πρὸς
398 1296 594 1360 ἡδονὴν
633 1302 864 1371 γυναικὶ,
897 1296 992 1349 κᾶν
1039 1300 1111 1370 μὴ
1161 1304 1234 1367 τῷ
1288 1297 1424 1370 ἔργῳ
1470 1298 1564 1352 τὴν
1607 1296 1852 1366 μοιχείαν

237 1390 531 1462 ἐπιτελέσῃ,
563 1387 693 1440 ἀλλὰ
720 1394 793 1457 τῷ
817 1406 878 1459 γε
928 1390 1023 1445 τὴν
1071 1384 1351 1458 ἐπιθυμίαν
1389 1392 1452 1457 τῇ
1486 1383 1640 1455 ψυχῇ
1674 1401 1852 1456 παρα-

238 1475 498 1543 δέξασθαι
562 1477 657 1530 ούκ
709 1474 914 1549 ἀφίεται
969 1483 1061 1529 τού
1118 1474 1462 1547 ἐγκλήματος.
1521 1475 1592 1527 Τὸ
1651 1467 1710 1523 δὶ
1756 1478 1850 1523 τοῦ

239 1569 500 1635 Κλεινίου,
554 1575 653 1620 τῶν
730 1568 1039 1640 Πυθαγόρού
1093 1568 1365 1638 γνωρίμων
1433 1562 1561 1632 ένὸς,
1619 1560 1850 1634 χαλεπὸν

237 1665 531 1712 πιστεῦσαι
559 1654 660 1708 ἀπὸ
698 1655 1029 1727 ταύτομάτου
1089 1652 1355 1726 συμβῆναι
1400 1659 1511 1713 τοῖς
1556 1652 1845 1726 ἡμετέροις,

1959 483 2044 539 cis
2072 483 2379 557 bene,non
2402 487 2560 543 male
2582 486 2816 560 precari
2836 486 3220 548 debeamusV.
3236 496 3429 559 Quare
3451 496 3617 568 quis-

1958 573 2095 647 quis
2140 574 2199 631 in
2231 576 2326 633 his
2364 577 2541 634 fuerit
2580 577 2748 650 prius
2791 577 3086 646 eruditus,
3137 584 3453 655 praeceptis
3480 584 3614 655 illis,

1960 665 2251 735 tanquam
2277 680 2416 738 quas
2440 665 2565 722 fieri
2589 681 2713 723 non
2736 665 3128 738 possint,non
3149 668 3472 740 denegabit
3494 689 3619 728 am-

1960 750 2119 824 plius
2142 752 2347 811 fidem.
2380 759 2586 830 Neque
2610 772 2751 812 vero
2773 756 3161 828 praeterierim
3193 758 3516 817 Alexandri
3538 763 3619 819 fa-

1963 844 2412 916 ctum,quicum
2433 845 2590 902 ﬁlias
2609 845 2767 902 Darii
2789 845 3060 918 captivas
3080 847 3619 923 haberet,quarum

1962 930 2331 991 incredibilis
2352 934 2738 1008 pulchritudo
2758 936 2948 993 fuisse
2964 937 3430 1010 przedicaturme
3452 942 3618 1015 aspi-

1964 1038 2099 1079 cere
2118 1023 2368 1096 quidem
2388 1025 2673 1096 dignatus
2694 1030 2783 1084 est
2816 1045 2830 1082 :
2864 1031 3036 1099 turpe
3056 1043 3188 1084 esse
3213 1028 3519 1100 judicans,
3538 1032 3618 1087 vi-

1962 1128 2172 1170 rorum
2193 1113 2485 1171 victorem
2509 1115 2664 1172 vinci
2687 1133 2722 1172 a
2738 1116 3247 1174 mulleribus.Hoc
3268 1124 3502 1188 spectat
3525 1136 3621 1177 eo-

1963 1203 2102 1259 dem
2120 1207 2299 1275 atque
2319 1203 2662 1278 illud,quod
2686 1206 2793 1278 qui
2820 1206 3127 1279 aspexerit
3144 1208 3459 1266 mulierem
3490 1208 3622 1266 libi-

1963 1292 2198 1363 dinose,
2221 1308 2575 1367 quanquam
2606 1295 2970 1354 adulterium
3000 1312 3181 1368 opere
3210 1312 3333 1354 non
3361 1299 3618 1356 commi-

1964 1382 2062 1449 sit,
2092 1385 2387 1455 quoniam
2418 1389 2618 1440 tamen
2658 1385 3215 1463 concupiscentiam
3241 1386 3304 1443 in
3342 1387 3619 1446 animum

1961 1471 2231 1542 admisit,
2262 1471 2512 1530 crimine
2534 1489 2658 1530 non
2679 1480 2852 1531 vacet
2871 1468 2914 1530 ξ.
2950 1474 3105 1541 Quin
3143 1480 3203 1531 et
3221 1475 3368 1532 illud
3396 1476 3618 1549 Clinias,

1959 1561 2066 1634 qui
2104 1577 2264 1619 unus
2293 1579 2324 1618 e
2355 1563 2707 1635 Pythagorae
2734 1550 3046 1641 discipulis
3094 1570 3182 1620 est
3209 1564 3309 1621 vix
3353 1565 3620 1623 credide-

1957 1651 2073 1707 rim
2094 1667 2235 1708 cum
2259 1651 2479 1708 nostris
2507 1652 2790 1709 institutis
2817 1652 3063 1711 fortuito
3096 1654 3456 1725 consentire,
3495 1670 3622 1712 non

242 1746 352 1800 ἀλλ’
405 1746 534 1818 οὐχὶ
581 1748 949 1819 μιμησαμένου
1000 1739 1324 1817 σπουδῇ.Τί
1371 1738 1431 1796 δε
1460 1739 1569 1801 ἧνὸ
1607 1739 1846 1798 ἐποίησεν

1962 1741 2239 1797 consulto
2269 1757 2341 1798 ea
2367 1740 2611 1800 imitari.
2642 1742 2872 1815 Ecquid
2900 1747 3105 1800 autem
3126 1748 3272 1810 erat,
3289 1744 3457 1818 quod
3487 1744 3624 1800 fecit

237 1834 636 1908 hcivo;;‘l-1§6v
678 1830 751 1887 δι’
782 1835 938 1908 ὅρκου
964 1841 1119 1907 τριῶν
1170 1831 1431 1887 ταλάντων
1476 1832 1671 1905 ζημίαν
1711 1828 1846 1884 ἀπο-

236 1932 437 1998 φυγεῖν,
485 1925 512 1977 ό
565 1920 624 1977 δε
680 1922 895 1978 ἀπέτισε
959 1922 1150 1996 μᾶλλον
1207 1922 1237 1983 ἦ
1299 1925 1492 1995 ὤμοσε,
1546 1924 1638 1973 καὶ
1681 1927 1848 1973 ταῦτα

238 2013 467 2089 εὐορκεῖν
523 2013 717 2087 μέλλων
747 2030 760 2043 ·
822 2011 1074 2081 ἀκούσας,
1125 2010 1242 2086 ἐμοὶ
1300 2009 1491 2080 δοκεῖν,
1532 2017 1623 2064 τού
1673 2028 1847 2086 προσ·-

235 2105 504 2177 τάγματος
532 2106 620 2156 τὸν
672 2103 821 2177 ὅρκον
874 2105 998 2176 ἡμῖν
1048 2101 1481 2178 ἀπαγορεύοντος.
1513 2100 1674 2173 ’Λλλ’,
1723 2101 1846 2173 ὅπερ

238 2191 297 2257 ἕξ
353 2191 530 2269 ἀρχῆς
586 2192 774 2265 ἔλεγον,
828 2192 983 2246 πάλιν
1027 2192 1099 2257 είς
1153 2191 1344 2245 ταύτὸν
1397 2190 1683 2264 έπανίωμεν
1717 2211 1731 2225 ο
1787 2189 1848 2243 ού

238 2284 414 2337 πάντα
470 2282 586 2347 ἑξῆς
641 2278 994 2358 παραδεκτέον
1051 2284 1197 2357 ἡμῖν,
1257 2280 1365 2335 ἀλλ’
1424 2282 1525 2335 ὅσα
1574 2284 1847 2356 χρήσιμα.

180 2422 185 2429 .
244 2378 348 2430 Καὶ
400 2376 498 2450 γὰρ
557 2373 787 2450 αἰσχρὸν
838 2381 937 2427 τῶν
994 2376 1085 2448 μεν
1126 2378 1305 2427 σιτίων
1360 2374 1429 2426 τὰ
1476 2370 1708 2448 βλαϐερὰ
1760 2368 1851 2425 δι-

243 2466 517 2533 ωθεῖσθαι,
546 2473 646 2517 τῶν
678 2461 738 2517 δε
767 2465 1112 2538 μαθημάτων,
1140 2461 1176 2517 ἃ
1201 2466 1297 2523 τὴν
1326 2461 1513 2536 ψυχὴν
1556 2464 1702 2535 ἡμῶν
1731 2466 1851 2537 τρέ-

243 2574 346 2629 φει,
405 2550 610 2628 μηδένα
672 2552 823 2626 λόγον
889 2556 1052 2627 ἔχειν,
1115 2551 1227 2605 ἀλλ’
1287 2554 1462 2628 ὥσπερ
1528 2552 1852 2627 χειμάρρουν

242 2647 647 2721 παρασύροντας
695 2644 832 2697 ἅπαν
885 2647 945 2696 τὸ
974 2644 1285 2717 προστυχὸν
1315 2641 1678 2715 έμϐάλλεσθαι.
1729 2644 1853 2696 Καί-

242 2753 326 2788 τοι
371 2738 490 2788 τίνα
538 2736 652 2807 ἔχει
698 2732 849 2806 λόγον
896 2732 1215 2808 κυϐερνήτην
1271 2733 1362 2806 μὶν
1419 2731 1516 2785 οὐκ
1578 2730 1687 2792 εἰκῆ
1746 2737 1853 2793 τοῖς

242 2826 530 2899 πνεύμασιν
590 2822 803 2897 ἐφιέναι,
872 2822 1002 2876 ἀλλὰ
1065 2825 1197 2899 πρὸς
1261 2823 1456 2898 ὅρμους
1511 2821 1738 2875 εὐθύνειν
1793 2824 1852 2875 τὸ

245 2915 467 2986 σκάφος,
503 2916 592 2967 καὶ
638 2912 857 2976 τοξότην
902 2913 1041 2966 κατὰ
1093 2918 1293 2966 σκοποῦ
1343 2910 1572 2985 βάλλειν,
1616 2915 1709 2965 καὶ
1760 2913 1851 2985 μὶν

246 2998 316 3063 δὴ
348 3006 438 3056 καὶ
466 3003 811 3076 χαλκευτικὸν
840 3022 958 3056 τινα
998 3003 1029 3063 ἣ
1078 3004 1372 3056 τεκτονικὸν
1420 3004 1545 3055 ὄντα
1589 3007 1683 3055 τοῦ
1711 3003 1850 3055 κατὰ

1955 1826 2054 1887 ille
2073 1832 2101 1887 7
2119 1830 2521 1902 Jurejurando
2551 1847 2692 1888 cum
2729 1831 2783 1887 ei
2804 1831 3008 1889 liceret
3043 1832 3408 1890 talentorum
3440 1833 3621 1891 trium

1890 1978 1895 1983 ,
1956 1919 2221 1990 effugere
2239 1919 2754 1989 multam,solvere
2774 1921 2988 1978 maluit
3006 1938 3195 1995 quam
3207 1921 3623 1996 jurare,idque

1957 2026 2097 2067 cum
2118 2025 2243 2069 non
2262 2013 2419 2066 esset
2436 2009 2593 2067 falso
2607 2010 2952 2082 juraturus;
2975 2016 3348 2084 praeceptum
3373 2028 3499 2086 quo
3519 2027 3629 2070 no-

1956 2098 2050 2157 bis
2064 2098 2498 2172 jusjurandum
2514 2099 2947 2166 interdicitur”,
2970 2105 3035 2156 ut
3053 2100 3204 2157 mihi
3222 2100 3627 2173 videtur,edo-

1959 2194 2112 2247 ctus.
2143 2188 2260 2246 Sed
2285 2188 2364 2246 ad
2388 2187 2506 2245 hoc
2533 2188 2694 2246 idem
2723 2189 2894 2263 quod
2941 2189 3109 2246 initio
3153 2189 3457 2259 dicebam,
3494 2207 3625 2247 rur-

1960 2295 2062 2335 sus
2105 2280 2516 2335 revertamur:
2549 2293 2673 2335 non
2699 2277 2906 2335 omnia
2927 2294 3001 2335 ex
3020 2277 3254 2344 ordine,
3285 2278 3393 2336 sed
3425 2278 3624 2335 solum

1903 2404 1920 2419 ς
1960 2384 2098 2443 quae
2151 2366 2318 2426 utilia
2366 2368 2528 2438 sunt,
2575 2366 2962 2441 suscipienda
3004 2366 3182 2424 nobis
3228 2384 3381 2426 esse.
3431 2371 3627 2442 Turpe

1960 2476 2228 2534 namque
2266 2459 2440 2518 fuerit
2467 2458 2713 2530 rejicere
2752 2472 2866 2514 nos
2896 2456 3063 2514 cibo‘s
3108 2456 3413 2528 exitiosos,
3452 2457 3627 2516 disci-

1961 2551 2261 2625 plinarum
2293 2567 2434 2610 vero
2452 2566 2591 2624 quae
2621 2548 2892 2607 animam
2917 2552 3192 2606 nostram
3220 2548 3513 2622 nutriunt,
3534 2563 3628 2607 ra-

1961 2642 2185 2699 tionem
2203 2641 2431 2699 nullam
2450 2638 2812 2704 habere,sed
2832 2638 3182 2696 torrentisin
3197 2653 3433 2696 morem
3450 2637 3627 2712 quid-

1960 2730 2110 2806 quid
2120 2731 2371 2788 obvium
2383 2735 2472 2787 est
2489 2727 2883 2800 trahentes,id
2902 2728 2964 2784 in
2980 2728 3254 2785 animum
3274 2732 3623 2787 recondere.

1962 2825 2029 2879 Et
2056 2821 2307 2894 quidem
2335 2818 2649 2894 quomodo
2668 2817 2890 2875 rationi
2918 2822 3398 2875 consentaneum
3419 2820 3533 2889 est,
3562 2819 3629 2874 ut

1960 2911 2284 2968 nauclerus
2314 2926 2438 2967 non
2485 2915 2706 2967 temere
2731 2924 2795 2965 se
2817 2908 3014 2965 ventis
3033 2908 3364 2981 permittat,
3397 2906 3508 2964 sed
3546 2905 3628 2964 ad

1961 3004 2205 3075 portum
2243 2999 2465 3069 dirigat
2517 2997 2832 3069 scapham,
2882 2996 3353 3069 sagittariusque
3398 2995 3462 3052 in
3491 3011 3622 3054 sco-

239 3096 336 3152 τὴν
372 3096 563 3165 τέχνην
611 3092 846 3167 ἐφίεσθαι
892 3091 1065 3154 τέλους
1088 3112 1102 3127 ο
1138 3094 1277 3166 ἡμᾶς
1316 3087 1376 3145 δι
1417 3095 1509 3144 καὶ
1538 3098 1642 3144 τῶν
1668 3094 1847 3145 τοιού-

1962 3106 2108 3165 pum
2126 3089 2482 3156 intendat,et
2499 3087 2672 3146 faber
2690 3086 2975 3144 ferrarius
3006 3089 3113 3143 aut
3127 3085 3419 3159 lignarius
3438 3086 3627 3143 finem

234 3201 336 3236 των
394 3179 733 3257 δημιουργῶν
791 3180 1184 3251 ἀπολείπεσθαι,
1243 3185 1373 3257 πρός
1423 3200 1484 3255 γε
1520 3184 1579 3235 τὸ
1626 3187 1847 3258 συνορᾷν

236 3268 502 3328 δύνασθαι
547 3275 614 3326 τὰ
669 3274 933 3348 imit-spat;
966 3272 1044 3326 Οὐ
1089 3274 1193 3346 γὰρ
1245 3268 1314 3332 δὴ
1364 3280 1464 3325 τῶν
1506 3274 1597 3345 μεν
1648 3291 1849 3349 χειρω-

234 3372 436 3418 νακτῶν
494 3365 609 3416 ἔστι
662 3381 716 3416 τι
767 3364 885 3433 (57)
939 3366 1096 3436 πέρας
1149 3368 1242 3423 τῆς
1295 3360 1570 3437 έργασίας,
1638 3370 1731 3416 τοῦ
1790 3358 1851 3415 δὶ

235 3450 566 3525 ἀνθρωπίνου
607 3448 730 3525 βίου
775 3452 969 3512 σκοπὸς
1010 3450 1105 3504 ούκ
1152 3452 1286 3517 ἔστι,
1311 3453 1467 3524 πρὸς,
1496 3452 1551 3504 ὅν
1580 3450 1853 3526 ἀφορῶντα

231 3542 411 3596 πάντα
453 3548 617 3594 ποιεῖν
664 3544 757 3593 καὶ
794 3539 960 3612 λέγειν
1004 3543 1115 3614 χρὴ
1157 3543 1245 3593 τόν
1274 3559 1335 3612 γε
1362 3544 1436 3614 μὴ
1485 3547 1592 3601 τοῖς
1645 3539 1851 3613 ἀλόγοις

233 3631 547 3686 παντάπασι
619 3633 980 3705 προσεοικέναι
1053 3628 1327 3703 μέλλοντα.
1411 3628 1479 3684 Ἦ
1554 3629 1717 3693 οὕτως
1790 3627 1852 3681 ἄν

237 3724 414 3795 εἴημεν
471 3718 708 3793 ἀτεχνῶς
765 3720 904 3773 κατὰ
959 3726 1060 3772 τῶν
1121 3719 1314 3774 πλοίων
1356 3720 1426 3773 τὰ
1474 3718 1851 3793 imminit-tcta,

236 3806 444 3872 οὐδενὸς
492 3812 617 3883 ἡμῖν
654 3816 745 3863 νοῦ
797 3808 883 3864 ἐπὶ
938 3816 1040 3862 τῶν
1092 3818 1190 3873 τῆς
1242 3808 1432 3883 ψυχῆς
1488 3810 1677 3863 οἰάκων
1714 3812 1850 3863 καθ·-

234 3901 505 3974 εζομένου,
550 3899 660 3959 εἰκῆ
719 3900 856 3953 κατὰ
905 3902 995 3953 τόν
1051 3899 1170 3973 βίον
1198 3899 1305 3953 ἄνω
1341 3903 1432 3954 καὶ
1483 3902 1624 3954 κάτω
1652 3919 1855 3974 περιφε-

225 3994 436 4065 ρόμενοι
475 4006 490 4021 ⁸
553 3988 660 4043 ἀλλ’
697 3990 873 4064 ὧσπερ
927 3987 975 4041 έν
1031 3996 1142 4052 τοῖς
1201 3997 1478 4064 γυμνικοῖς
1532 3988 1752 4063 ἀγῶσιν,
1812 3989 1857 4043 εἰ

224 4076 285 4134 δε
339 4079 545 4154 βούλει,
594 4088 692 4143 τῆς
751 4087 1036 4154 μουσικῆς,
1087 4077 1290 4134 έκείνων
1345 4080 1448 4134 εἰσὶ
1485 4089 1587 4135 τῶν
1643 4078 1852 4153 ἀγώνων

228 4171 290 4223 sti
351 4168 582 4242 μελέται,
638 4166 802 4244 ὦνπερ
861 4169 911 4222 οἱ
969 4171 1212 4242 στέφανοι
1255 4172 1578 4246 πρόκεινται,
1627 4171 1717 4223 καὶ
1769 4168 1857 4225 οὐ.

233 4255 345 4323 δεῖς
405 4263 519 4329 (58)
572 4277 633 4332 γε
678 4258 847 4318 πάλην
896 4256 1071 4313 ἀσκῶν
1110 4258 1141 4319 ἦ
1181 4260 1528 4336 παγκράτιον,
1559 4256 1672 4314 εἶτα
1698 4261 1855 4314 κιθα-

222 4350 385 4426 ρίζειν
473 4350 503 4409 ἣ
565 4347 736 4402 αὐλεῖν
792 4347 998 4422 μελετᾷ.
1058 4351 1262 4403 Οὔκουν
1317 4350 1345 4402 ό
1401 4346 1718 4424 Πολυδάμας
1772 4368 1852 4423 γε,

1959 3181 2107 3240 artis
2139 3183 2414 3255 appetat:
2438 3194 2552 3237 nos
2570 3193 2715 3235 vero
2743 3175 3054 3234 inferiores
3084 3175 3281 3232 simus
3301 3176 3475 3248 180
3499 3175 3635 3248 opi«r

1958 3271 2175 3330 ﬁcibus
2203 3269 2528 3343 ejusmodi,
2551 3284 2691 3327 cum
2710 3273 2868 3326 certe
2907 3282 3003 3324 res
3030 3270 3274 3325 nostras
3296 3264 3627 3338 intelligere

1959 3363 2336 3436 possumus?
2366 3364 2530 3417 Itane
2558 3358 2861 3417 artiﬁcum
2897 3357 3068 3432 operi
3089 3356 3267 3414 inerit
3287 3355 3428 3413 ﬁnis
3465 3355 3627 3431 quis-

1960 3452 2151 3526 piam,
2172 3452 2457 3508 humanaa
2484 3465 2628 3507 vero
2647 3449 2784 3507 vitae
2823 3464 3047 3522 scopus
3084 3447 3286 3505 nullus
3315 3452 3424 3510 est,
3452 3446 3628 3520 cujus

1960 3541 2182 3599 intuitu
2206 3540 2415 3598 omnia
2459 3540 2660 3598 facere
2684 3555 2755 3596 ac
2780 3538 2984 3596 dicere
3020 3542 3300 3611 oporteat
3341 3553 3483 3594 eum
3519 3536 3628 3611 qui

1961 3629 2154 3688 brutis
2178 3629 2548 3687 animalibus
2573 3628 2829 3686 omnino
2855 3627 3067 3684 similis
3094 3642 3230 3684 esse
3282 3626 3476 3684 nolit?
3512 3630 3630 3683 Aut

1966 3721 2050 3778 sic
2076 3726 2299 3778 temere
2341 3719 2534 3777 instar
2551 3718 2939 3790 navigiorum
2972 3732 3097 3774 non
3140 3716 3622 3786 saburratorum,

1963 3815 2164 3868 mente
2193 3814 2401 3867 nostra
2420 3808 2501 3866 ad
2530 3807 2750 3867 animai
2776 3805 3192 3878 gubernacula
3211 3821 3334 3863 non
3356 3806 3625 3877 sedente,

1965 3917 2207 3958 sursum
2229 3917 2299 3958 ac
2324 3901 2609 3957 deorsum
2628 3915 2735 3972 per
2748 3899 2932 3957 vitam
2951 3896 3496 3968 circumferremur;
3519 3895 3627 3954 sed

1964 3990 2488 4066 quemadmodum
2516 3989 2578 4046 in
2608 3988 2907 4063 gymnicis
2934 3986 3392 4057 certaminibus,
3440 3986 3626 4061 inque

1966 4082 2240 4151 musicis,
2263 4081 2312 4138 si
2340 4081 2424 4140 ita
2452 4080 2668 4155 placet,
2699 4096 2909 4137 eorum
2948 4077 3345 4137 certaminum
3364 4093 3627 4152 quorum

1967 4189 2205 4232 coronae
2224 4169 3133 4247 proponuntur,exercitationes
3153 4168 3446 4240 fiunt,nec
3459 4168 3631 4242 quis-

1965 4280 2157 4339 quam
2194 4262 2277 4321 ad
2296 4263 2524 4320 luctam
2547 4277 2834 4319 exercens
2853 4276 2940 4331 se,
2963 4263 3070 4318 aut
3108 4258 3190 4317 ad
3218 4257 3626 4332 pancratium,

1969 4353 2227 4412 subinde
2254 4348 2500 4411 'cithara
2536 4356 2641 4410 aut
2684 4351 2833 4409 tibia
2870 4362 3086 4407 canere
3114 4348 3463 4406 meditatur.
3495 4350 3628 4407 Non

230 4438 337 4493 ἀλλ’
405 4439 593 4503 ἐκεῖνος
651 4441 753 4516 πρὸ
818 4447 913 4493 τοῦ
980 4438 1181 4513 ἀγῶνος
1246 4446 1339 4494 τοῦ
1404 4439 1730 4515 Ὀλυμπιάσι
1786 4442 1850 4495 τὰ

1968 4445 2334 4518 Polydamas
2350 4442 2639 4512 certe,sed
2654 4441 2753 4499 ille
2772 4445 2913 4499 ante
2933 4445 3241 4497 certamen
3254 4439 3318 4495 in
3335 4437 3628 4511 Olympiis

232 4530 447 4606 ἅρματα
493 4532 616 4590 ἰστη
674 4533 954 4604 τρέχοντα,
1014 4534 1108 4583 καὶ
1164 4526 1263 4584 διὰ
1306 4533 1503 4584 τούτων
1550 4536 1646 4591 τὴν
1695 4531 1856 4605 ἰτχύν

235 4620 498 4697 ἐκράτυνε.
571 4625 674 4676 Καὶ
723 4622 751 4675 ὃ
811 4639 872 4694 γε
930 4620 1107 4676 Μίλων
1172 4618 1277 4675 ἀπὸ
1336 4630 1432 4685 τῆς
1494 4620 1854 4695 ἀληλιμμένης

236 4708 469 4774 ἀσπίδος
516 4711 612 4765 όύκ
661 4709 921 4780 έξωθεῖτο,
976 4709 1086 4764 ἀλλ’
1118 4709 1356 4785 ἀντεῖχεν
1411 4712 1700 4785 ὠθούμενος
1748 4712 1855 4786 οὐχ

233 4801 391 4860 ἧττον
441 4802 473 4861 ἦ
505 4800 557 4854 οἰ
588 4796 891 4876 ἀνδριάντες
939 4803 990 4854 οἱ
1039 4809 1113 4875 τῷ
1159 4798 1408 4876 μολύϐδῳ
1461 4797 1850 4876 συνδεδεμένοι.

235 4894 338 4945 Καὶ
385 4889 703 4954 ἁπαξαπλῶς
759 4892 815 4944 αἱ
861 4890 1069 4964 μελέται
1129 4891 1310 4956 αὐτοῖς
1360 4894 1694 4969 παρασκευαὶ
1749 4899 1851 4944 τῶν

235 4979 405 5033 ἄθλων
450 4977 606 5039 ἦσαν.
650 4980 711 5034 Εἰ
760 4977 819 5035 δε
862 4983 929 5035 τὰ
956 4983 1212 5059 Μαρσύου
1252 4982 1370 5056 (59)
1417 4982 1447 5043 ἣ
1479 4984 1543 5036 τὰ
1583 4981 1850 5057 Ὀλύμπου

306 5177 765 5254 ’Μαικία
843 5181 979 5242 ’ib.
1012 5185 1100 5240 28.
1179 5180 1489 5242 ’ibid.33.

304 5368 416 5443 (δε)
449 5369 537 5428 Ita
564 5369 703 5429 libri
729 5369 983 5445 antiqui.
1003 5369 1229 5430 Vocula
1244 5389 1297 5426 τι
1324 5371 1388 5430 in
1408 5371 1582 5430 editis
1611 5371 1847 5430 deside.

233 5448 425 5585 “($713.
443 5513 594 5572 Illud
630 5533 682 5567 τι
711 5531 743 5573 e
792 5514 1004 5589 priscis
1044 5515 1215 5589 libris
1255 5516 1532 5574 additum
1563 5519 1674 5574 est.
1721 5516 1841 5574 Ali-

230 5591 465 5659 quanto
495 5587 923 5662 post_quatuor
941 5592 1047 5662 aut
1068 5587 1341 5662 quinque
1364 5604 1512 5662 mss.
1532 5590 1844 5645 παντάπασι

232 5656 615 5735 προσεοικέναι.
640 5656 772 5717 Vox
791 5659 957 5734 prior
973 5659 1037 5718 in
1063 5656 1326 5733 fulga'tis
1353 5660 1579 5721 deerat.

1967 4551 2182 4594 currus
2210 4534 2469 4607 agitatos
2508 4531 2825 4601 retinebat,
2869 4536 2927 4586 et
2963 4528 3105 4586 inde
3147 4530 3305 4585 vires
3333 4543 3406 4585 ac
3441 4527 3631 4585 robur

1964 4624 2338 4684 intendebat.
2360 4623 2493 4683 Milo
2512 4637 2758 4697 quoque
2775 4636 2812 4677 a
2833 4623 3003 4677 scuto
3022 4617 3170 4676 illito
3197 4633 3324 4674 non
3351 4616 3626 4674 dimove-

1964 4713 2164 4784 batur,
2200 4712 2310 4770 sed
2336 4712 2634 4786 impulsus
2653 4707 2989 4776 resistebat,
3037 4722 3163 4763 non
3207 4705 3413 4762 minus
3442 4720 3628 4778 quam

1965 4808 2176 4863 statua:
2196 4820 2283 4861 ea:
2302 4818 2441 4877 quin
2463 4800 2717 4876 plumbo
2746 4798 3132 4870 colligantur.
3170 4798 3238 4853 Et
3261 4811 3385 4852 uno
3413 4794 3624 4865 verbo,

1962 4894 2385 4952 exercitatione
2407 4890 2916 4967 prieparabantur
2933 4887 3015 4945 ad
3052 4885 3404 4945 certamina.
3452 4882 3627 4951 Quod

1962 4984 2033 5056 si,
2056 4983 2303 5058 pulvere
2323 4999 2394 5043 ac
2422 4981 2759 5057 gymnasiis
2791 4978 3029 5046 relictis,
3061 4977 3143 5035 ad
3163 4991 3347 5035 sonos
3376 4973 3626 5032 modos-

2027 5357 2138 5428 (ὅθ)
2170 5353 2320 5413 Edili
2370 5358 2630 5429 στέφανοι,
2650 5354 2770 5429 ’καὶ
2800 5344 2994 5429 ούδείς.
3039 5350 3116 5429 μ
3149 5362 3299 5404 mss.
3342 5350 3475 5429 tres.
3511 5346 3626 5429 στί-ι

1958 5418 2577 5517 γανοίπρόκεινταιξκαὶ
2606 5418 2797 5484 οὐδεὶς.
2829 5420 3096 5479 Subinde
3117 5436 3277 5477 unus
3316 5436 3430 5478 ms.
3459 5418 3624 5493 ἰσχύν

1957 5519 2333 5701 ζῗέἔῖῗῧλε
2378 5590 2495 5632 ms.
2533 5574 2599 5626 τὰ
2643 5571 2910 5645 Μαρσίου.
2944 5564 3097 5623 Εάὶῑὶ
3135 5568 3195 5623 et
3235 5564 3337 5624 alii
3366 5578 3519 5622 mss.
3562 5566 3628 5616 τὰ

2015 5664 2239 5701 αοσυου.

2015 5664 2078 5723 αρ
2089 5664 2239 5702 συου.
