  <div class='ocr_page' id='page_1' title='image "/cluster/home/n/w/nwhite01/storage/ocr_20150623/31:no.3/coo.31924054869288/302.png"; bbox 0 0 4110 6410; ppageno 0'>
   <div class='ocr_carea' id='block_1_1' title="bbox 345 299 439 355">
    <p class='ocr_par' dir='ltr' id='par_1_1' title="bbox 345 299 439 355">
     <span class='ocr_line' id='line_1_1' title="bbox 345 299 439 355; baseline -0.032 0"><span class='ocrx_word' id='word_1_1' title='bbox 345 299 439 355; x_wconf 72' lang='lat'>581</span> 
     </span>
    </p>
   </div>
   <div class='ocr_carea' id='block_1_2' title="bbox 343 412 2025 490">
    <p class='ocr_par' dir='ltr' id='par_1_2' title="bbox 343 412 2025 490">
     <span class='ocr_line' id='line_1_2' title="bbox 343 412 2025 490; baseline -0.005 -18"><span class='ocrx_word' id='word_1_2' title='bbox 343 441 422 482; x_wconf 91' lang='grc' dir='ltr'>τις</span> <span class='ocrx_word' id='word_1_3' title='bbox 469 421 550 474; x_wconf 76' lang='grc' dir='ltr'>ἄν.</span> <span class='ocrx_word' id='word_1_4' title='bbox 601 423 664 472; x_wconf 87' lang='grc' dir='ltr'>Τί</span> <span class='ocrx_word' id='word_1_5' title='bbox 705 418 824 470; x_wconf 73' lang='grc' dir='ltr'>ἀλλο</span> <span class='ocrx_word' id='word_1_6' title='bbox 877 436 936 490; x_wconf 89' lang='grc' dir='ltr'>γε</span> <span class='ocrx_word' id='word_1_7' title='bbox 988 419 1016 476; x_wconf 68' lang='grc' dir='ltr'>ἢ</span> <span class='ocrx_word' id='word_1_8' title='bbox 1065 425 1160 477; x_wconf 74' lang='grc' dir='ltr'>τῆς</span> <span class='ocrx_word' id='word_1_9' title='bbox 1205 417 1388 487; x_wconf 64' lang='grc' dir='ltr'>ψυχῆς</span> <span class='ocrx_word' id='word_1_10' title='bbox 1435 415 1722 488; x_wconf 77' lang='grc' dir='ltr'>ἐπιμέλειαν</span> <span class='ocrx_word' id='word_1_11' title='bbox 1766 416 1936 484; x_wconf 76' lang='grc' dir='ltr'>ἔχειν,</span> <span class='ocrx_word' id='word_1_12' title='bbox 1979 412 2025 463; x_wconf 80' lang='grc' dir='ltr'><strong>Α</strong></span> 
     </span>
    </p>
   </div>
   <div class='ocr_carea' id='block_1_3' title="bbox 342 507 1640 582">
    <p class='ocr_par' dir='ltr' id='par_1_3' title="bbox 342 507 1640 582">
     <span class='ocr_line' id='line_1_3' title="bbox 342 507 1640 582; baseline -0.002 -18"><span class='ocrx_word' id='word_1_13' title='bbox 342 517 516 564; x_wconf 83' lang='grc' dir='ltr'>πᾶσαν</span> <span class='ocrx_word' id='word_1_14' title='bbox 551 509 750 582; x_wconf 74' lang='grc' dir='ltr'>σχολὴν</span> <span class='ocrx_word' id='word_1_15' title='bbox 781 507 880 559; x_wconf 85' lang='grc' dir='ltr'>ἀπὸ</span> <span class='ocrx_word' id='word_1_16' title='bbox 913 516 1010 559; x_wconf 75' lang='grc' dir='ltr'>τῶν</span> <span class='ocrx_word' id='word_1_17' title='bbox 1043 507 1204 558; x_wconf 86' lang='grc' dir='ltr'>α’λλων</span> <span class='ocrx_word' id='word_1_18' title='bbox 1236 508 1456 578; x_wconf 72' lang='grc' dir='ltr'>ἄγοντας</span> <span class='ocrx_word' id='word_1_19' title='bbox 1483 509 1597 575; x_wconf 78' lang='grc'>(65)</span> <span class='ocrx_word' id='word_1_20' title='bbox 1628 524 1640 573; x_wconf 91' lang='grc'>;</span> 
     </span>
    </p>
   </div>
   <div class='ocr_carea' id='block_1_4' title="bbox 412 681 1942 758">
    <p class='ocr_par' dir='ltr' id='par_1_4' title="bbox 412 681 1942 758">
     <span class='ocr_line' id='line_1_4' title="bbox 412 681 1942 758; baseline -0.005 -17"><span class='ocrx_word' id='word_1_21' title='bbox 412 693 467 744; x_wconf 83' lang='grc'><strong>’7.</strong></span> <span class='ocrx_word' id='word_1_22' title='bbox 509 687 585 739; x_wconf 71' lang='grc' dir='ltr'>Οὐ</span> <span class='ocrx_word' id='word_1_23' title='bbox 617 683 684 744; x_wconf 73' lang='grc' dir='ltr'>δὴ</span> <span class='ocrx_word' id='word_1_24' title='bbox 719 683 805 738; x_wconf 74' lang='grc' dir='ltr'>οὖν</span> <span class='ocrx_word' id='word_1_25' title='bbox 844 695 916 756; x_wconf 80' lang='grc' dir='ltr'>τῷ</span> <span class='ocrx_word' id='word_1_26' title='bbox 967 690 1168 758; x_wconf 76' lang='grc' dir='ltr'>σώματι</span> <span class='ocrx_word' id='word_1_27' title='bbox 1217 681 1538 750; x_wconf 68' lang='grc' dir='ltr'>δουλευτέον,</span> <span class='ocrx_word' id='word_1_28' title='bbox 1571 686 1651 734; x_wconf 76' lang='grc' dir='ltr'>ὅτι</span> <span class='ocrx_word' id='word_1_29' title='bbox 1679 686 1748 756; x_wconf 82' lang='grc' dir='ltr'>μὴ</span> <span class='ocrx_word' id='word_1_30' title='bbox 1796 688 1942 734; x_wconf 75' lang='grc' dir='ltr'>πᾶσα</span> 
     </span>
    </p>
   </div>
   <div class='ocr_carea' id='block_1_5' title="bbox 345 773 1940 850">
    <p class='ocr_par' dir='ltr' id='par_1_5' title="bbox 345 773 1940 850">
     <span class='ocr_line' id='line_1_5' title="bbox 345 773 1940 850; baseline -0.004 -21"><span class='ocrx_word' id='word_1_31' title='bbox 345 777 584 850; x_wconf 75' lang='grc' dir='ltr'>ἀνάγκηο</span> <span class='ocrx_word' id='word_1_32' title='bbox 655 775 781 828; x_wconf 83' lang='grc' dir='ltr'>ἀλλά</span> <span class='ocrx_word' id='word_1_33' title='bbox 846 783 906 847; x_wconf 73' lang='grc' dir='ltr'>τῇ</span> <span class='ocrx_word' id='word_1_34' title='bbox 968 774 1121 847; x_wconf 68' lang='grc' dir='ltr'>ψυχῇ</span> <span class='ocrx_word' id='word_1_35' title='bbox 1182 777 1248 826; x_wconf 81' lang='grc' dir='ltr'>τὰ</span> <span class='ocrx_word' id='word_1_36' title='bbox 1314 773 1564 846; x_wconf 63' lang='grc' dir='ltr'>βελτιστα</span> <span class='ocrx_word' id='word_1_37' title='bbox 1628 776 1940 846; x_wconf 80' lang='grc' dir='ltr'>ποριστέον,</span> 
     </span>
    </p>
   </div>
   <div class='ocr_carea' id='block_1_6' title="bbox 343 862 1938 940">
    <p class='ocr_par' dir='ltr' id='par_1_6' title="bbox 343 862 1938 940">
     <span class='ocr_line' id='line_1_6' title="bbox 343 862 1938 940; baseline -0.004 -21"><span class='ocrx_word' id='word_1_38' title='bbox 343 869 518 940; x_wconf 81' lang='grc' dir='ltr'>ὥσπερ</span> <span class='ocrx_word' id='word_1_39' title='bbox 552 864 606 918; x_wconf 84' lang='grc' dir='ltr'>ἐκ</span> <span class='ocrx_word' id='word_1_40' title='bbox 638 862 1003 939; x_wconf 73' lang='grc' dir='ltr'>δεσμωτηρίου</span> <span class='ocrx_word' id='word_1_41' title='bbox 1044 873 1134 924; x_wconf 80' lang='grc' dir='ltr'>τῆς</span> <span class='ocrx_word' id='word_1_42' title='bbox 1163 867 1289 937; x_wconf 80' lang='grc' dir='ltr'>πρὸς</span> <span class='ocrx_word' id='word_1_43' title='bbox 1313 867 1377 915; x_wconf 78' lang='grc' dir='ltr'>τὰ</span> <span class='ocrx_word' id='word_1_44' title='bbox 1407 871 1496 916; x_wconf 74' lang='grc' dir='ltr'>τοῦ</span> <span class='ocrx_word' id='word_1_45' title='bbox 1531 870 1768 934; x_wconf 74' lang='grc' dir='ltr'>σώματος</span> <span class='ocrx_word' id='word_1_46' title='bbox 1797 862 1938 918; x_wconf 78' lang='grc' dir='ltr'>πάθη</span> 
     </span>
    </p>
   </div>
   <div class='ocr_carea' id='block_1_7' title="bbox 342 950 1945 1026">
    <p class='ocr_par' dir='ltr' id='par_1_7' title="bbox 342 950 1945 1026">
     <span class='ocr_line' id='line_1_7' title="bbox 342 950 1945 1026; baseline -0.004 -18"><span class='ocrx_word' id='word_1_47' title='bbox 342 960 608 1016; x_wconf 83' lang='grc' dir='ltr'>κοινωνίας</span> <span class='ocrx_word' id='word_1_48' title='bbox 649 956 763 1025; x_wconf 87' lang='grc'>(66)</span> <span class='ocrx_word' id='word_1_49' title='bbox 810 954 966 1012; x_wconf 67' lang='grc' dir='ltr'>αὐτὴν</span> <span class='ocrx_word' id='word_1_50' title='bbox 1025 950 1118 1006; x_wconf 78' lang='grc' dir='ltr'>ὃιά</span> <span class='ocrx_word' id='word_1_51' title='bbox 1175 954 1479 1026; x_wconf 67' lang='grc' dir='ltr'>φιλοσοφίας</span> <span class='ocrx_word' id='word_1_52' title='bbox 1526 952 1773 1018; x_wconf 76' lang='grc' dir='ltr'>λύοντας,</span> <span class='ocrx_word' id='word_1_53' title='bbox 1836 951 1945 1024; x_wconf 79' lang='grc' dir='ltr'>οἶμα</span> 
     </span>
    </p>
   </div>
   <div class='ocr_carea' id='block_1_8' title="bbox 346 1041 1943 1118">
    <p class='ocr_par' dir='ltr' id='par_1_8' title="bbox 346 1041 1943 1118">
     <span class='ocr_line' id='line_1_8' title="bbox 346 1041 1943 1118; baseline -0.004 -20"><span class='ocrx_word' id='word_1_54' title='bbox 346 1041 404 1098; x_wconf 72' lang='grc' dir='ltr'>δὲ</span> <span class='ocrx_word' id='word_1_55' title='bbox 450 1050 540 1097; x_wconf 82' lang='grc' dir='ltr'>καὶ</span> <span class='ocrx_word' id='word_1_56' title='bbox 589 1048 646 1096; x_wconf 81' lang='grc' dir='ltr'>τὸ</span> <span class='ocrx_word' id='word_1_57' title='bbox 701 1053 852 1117; x_wconf 85' lang='grc' dir='ltr'>σῶμα</span> <span class='ocrx_word' id='word_1_58' title='bbox 911 1052 1011 1096; x_wconf 85' lang='grc' dir='ltr'>τῶν</span> <span class='ocrx_word' id='word_1_59' title='bbox 1067 1045 1244 1096; x_wconf 85' lang='grc' dir='ltr'>παθῶν</span> <span class='ocrx_word' id='word_1_60' title='bbox 1306 1050 1536 1118; x_wconf 85' lang='grc' dir='ltr'>κρεῖττον</span> <span class='ocrx_word' id='word_1_61' title='bbox 1587 1041 1943 1116; x_wconf 74' lang='grc' dir='ltr'>ἀπεργαζομέ-</span> 
     </span>
    </p>
   </div>
   <div class='ocr_carea' id='block_1_9' title="bbox 342 1131 1940 1208">
    <p class='ocr_par' dir='ltr' id='par_1_9' title="bbox 342 1131 1940 1208">
     <span class='ocr_line' id='line_1_9' title="bbox 342 1131 1940 1208; baseline -0.003 -22"><span class='ocrx_word' id='word_1_62' title='bbox 342 1155 475 1196; x_wconf 84' lang='grc' dir='ltr'>νονς.</span> <span class='ocrx_word' id='word_1_63' title='bbox 541 1139 737 1208; x_wconf 84' lang='grc' dir='ltr'>Γαστρὶ</span> <span class='ocrx_word' id='word_1_64' title='bbox 803 1138 892 1206; x_wconf 83' lang='grc' dir='ltr'>μέν</span> <span class='ocrx_word' id='word_1_65' title='bbox 957 1153 1016 1204; x_wconf 87' lang='grc' dir='ltr'>γε</span> <span class='ocrx_word' id='word_1_66' title='bbox 1077 1136 1142 1185; x_wconf 79' lang='grc' dir='ltr'>τα</span> <span class='ocrx_word' id='word_1_67' title='bbox 1210 1131 1471 1204; x_wconf 80' lang='grc' dir='ltr'>ἀναγκαῖα</span> <span class='ocrx_word' id='word_1_68' title='bbox 1540 1135 1940 1206; x_wconf 70' lang='grc' dir='ltr'>ὑπηρετοῦντας,</span> 
     </span>
    </p>
   </div>
   <div class='ocr_carea' id='block_1_10' title="bbox 343 1220 1945 1297">
    <p class='ocr_par' dir='ltr' id='par_1_10' title="bbox 343 1220 1945 1297">
     <span class='ocr_line' id='line_1_10' title="bbox 343 1220 1945 1297; baseline -0.011 -10"><span class='ocrx_word' id='word_1_69' title='bbox 343 1223 470 1296; x_wconf 70' lang='grc' dir='ltr'>οὐχὶ</span> <span class='ocrx_word' id='word_1_70' title='bbox 512 1227 578 1276; x_wconf 72' lang='grc' dir='ltr'>τὰ</span> <span class='ocrx_word' id='word_1_71' title='bbox 627 1221 828 1282; x_wconf 70' lang='grc' dir='ltr'>ἥδιστα</span> <span class='ocrx_word' id='word_1_72' title='bbox 874 1230 1156 1297; x_wconf 62' lang='grc' dir='ltr'>προσῆκει,</span> <span class='ocrx_word' id='word_1_73' title='bbox 1205 1224 1275 1282; x_wconf 83' lang='grc' dir='ltr'>ὡς</span> <span class='ocrx_word' id='word_1_74' title='bbox 1329 1223 1380 1272; x_wconf 81' lang='grc' dir='ltr'>οἵ</span> <span class='ocrx_word' id='word_1_75' title='bbox 1427 1239 1486 1292; x_wconf 85' lang='grc' dir='ltr'>γε</span> <span class='ocrx_word' id='word_1_76' title='bbox 1537 1220 1945 1296; x_wconf 76' lang='grc' dir='ltr'>τραπεζοποιούς</span> 
     </span>
    </p>
   </div>
   <div class='ocr_carea' id='block_1_11' title="bbox 343 1307 1944 1388">
    <p class='ocr_par' dir='ltr' id='par_1_11' title="bbox 343 1307 1944 1388">
     <span class='ocr_line' id='line_1_11' title="bbox 343 1307 1944 1388; baseline -0.004 -21"><span class='ocrx_word' id='word_1_77' title='bbox 343 1334 483 1376; x_wconf 85' lang='grc' dir='ltr'>τινας</span> <span class='ocrx_word' id='word_1_78' title='bbox 525 1319 614 1367; x_wconf 85' lang='grc' dir='ltr'>καὶ</span> <span class='ocrx_word' id='word_1_79' title='bbox 661 1318 940 1388; x_wconf 75' lang='grc' dir='ltr'>μαγείρους</span> <span class='ocrx_word' id='word_1_80' title='bbox 982 1319 1354 1387; x_wconf 84' lang='grc' dir='ltr'>περινοοῡντες,</span> <span class='ocrx_word' id='word_1_81' title='bbox 1387 1316 1476 1363; x_wconf 85' lang='grc' dir='ltr'>καὶ</span> <span class='ocrx_word' id='word_1_82' title='bbox 1519 1317 1694 1364; x_wconf 80' lang='grc' dir='ltr'>πᾶσαν</span> <span class='ocrx_word' id='word_1_83' title='bbox 1739 1307 1944 1386; x_wconf 77' lang='grc' dir='ltr'>διερευ-</span> 
     </span>
    </p>
   </div>
   <div class='ocr_carea' id='block_1_12' title="bbox 341 1397 1946 1479">
    <p class='ocr_par' dir='ltr' id='par_1_12' title="bbox 341 1397 1946 1479">
     <span class='ocr_line' id='line_1_12' title="bbox 341 1397 1946 1479; baseline -0.004 -21"><span class='ocrx_word' id='word_1_84' title='bbox 341 1413 558 1479; x_wconf 82' lang='grc' dir='ltr'>νώμενοι</span> <span class='ocrx_word' id='word_1_85' title='bbox 597 1414 696 1476; x_wconf 78' lang='grc' dir='ltr'>γῆν</span> <span class='ocrx_word' id='word_1_86' title='bbox 741 1423 795 1456; x_wconf 86' lang='grc' dir='ltr'>τε</span> <span class='ocrx_word' id='word_1_87' title='bbox 841 1408 931 1456; x_wconf 85' lang='grc' dir='ltr'>καὶ</span> <span class='ocrx_word' id='word_1_88' title='bbox 982 1403 1268 1468; x_wconf 80' lang='grc' dir='ltr'>θάλασσαν,</span> <span class='ocrx_word' id='word_1_89' title='bbox 1299 1404 1402 1455; x_wconf 78' lang='grc' dir='ltr'>οἷον</span> <span class='ocrx_word' id='word_1_90' title='bbox 1448 1421 1550 1454; x_wconf 90' lang='grc' dir='ltr'>τινι</span> <span class='ocrx_word' id='word_1_91' title='bbox 1597 1401 1812 1474; x_wconf 83' lang='grc' dir='ltr'>χαλεπῷ</span> <span class='ocrx_word' id='word_1_92' title='bbox 1864 1397 1946 1453; x_wconf 83' lang='grc' dir='ltr'>δε-</span> 
     </span>
    </p>
   </div>
   <div class='ocr_carea' id='block_1_13' title="bbox 349 1490 1944 1569">
    <p class='ocr_par' dir='ltr' id='par_1_13' title="bbox 349 1490 1944 1569">
     <span class='ocr_line' id='line_1_13' title="bbox 349 1490 1944 1569; baseline -0.004 -20"><span class='ocrx_word' id='word_1_93' title='bbox 349 1501 521 1568; x_wconf 75' lang='grc' dir='ltr'>σπότῃ</span> <span class='ocrx_word' id='word_1_94' title='bbox 580 1501 761 1569; x_wconf 79' lang='grc' dir='ltr'>φόροτς</span> <span class='ocrx_word' id='word_1_95' title='bbox 804 1493 1117 1565; x_wconf 74' lang='grc' dir='ltr'>ἀπάγοντες,</span> <span class='ocrx_word' id='word_1_96' title='bbox 1153 1491 1352 1544; x_wconf 80' lang='grc' dir='ltr'>ἐλεεινοὶ</span> <span class='ocrx_word' id='word_1_97' title='bbox 1396 1501 1487 1552; x_wconf 86' lang='grc' dir='ltr'>τῆς</span> <span class='ocrx_word' id='word_1_98' title='bbox 1536 1490 1811 1563; x_wconf 79' lang='grc' dir='ltr'>ἀσχολίας,</span> <span class='ocrx_word' id='word_1_99' title='bbox 1846 1499 1944 1543; x_wconf 88' lang='grc' dir='ltr'>τῶν</span> 
     </span>
    </p>
   </div>
   <div class='ocr_carea' id='block_1_14' title="bbox 346 1578 1942 1656">
    <p class='ocr_par' dir='ltr' id='par_1_14' title="bbox 346 1578 1942 1656">
     <span class='ocr_line' id='line_1_14' title="bbox 346 1578 1942 1656; baseline -0.003 -19"><span class='ocrx_word' id='word_1_100' title='bbox 346 1584 394 1637; x_wconf 74' lang='grc' dir='ltr'>ἓν</span> <span class='ocrx_word' id='word_1_101' title='bbox 445 1581 580 1655; x_wconf 72' lang='grc' dir='ltr'>ᾅδου</span> <span class='ocrx_word' id='word_1_102' title='bbox 630 1583 984 1656; x_wconf 79' lang='grc' dir='ltr'>κολαζομένων</span> <span class='ocrx_word' id='word_1_103' title='bbox 1037 1578 1188 1635; x_wconf 69' lang='grc' dir='ltr'>οὐδὲν</span> <span class='ocrx_word' id='word_1_104' title='bbox 1246 1583 1539 1654; x_wconf 77' lang='grc' dir='ltr'>πάσχοντες</span> <span class='ocrx_word' id='word_1_105' title='bbox 1598 1580 1942 1655; x_wconf 79' lang='grc' dir='ltr'>ἀνεκτότερον,</span> 
     </span>
    </p>
   </div>
   <div class='ocr_carea' id='block_1_15' title="bbox 347 1672 1946 1747">
    <p class='ocr_par' dir='ltr' id='par_1_15' title="bbox 347 1672 1946 1747">
     <span class='ocr_line' id='line_1_15' title="bbox 347 1672 1946 1747; baseline -0.003 -21"><span class='ocrx_word' id='word_1_106' title='bbox 347 1673 580 1746; x_wconf 81' lang='grc' dir='ltr'>ἀτεχνῶς</span> <span class='ocrx_word' id='word_1_107' title='bbox 634 1674 700 1734; x_wconf 85' lang='grc' dir='ltr'>εἰς</span> <span class='ocrx_word' id='word_1_108' title='bbox 762 1680 865 1747; x_wconf 77' lang='grc' dir='ltr'>πῦρ</span> <span class='ocrx_word' id='word_1_109' title='bbox 940 1672 1229 1738; x_wconf 84' lang='grc' dir='ltr'>ξαίνοντες,</span> <span class='ocrx_word' id='word_1_110' title='bbox 1285 1677 1374 1724; x_wconf 86' lang='grc' dir='ltr'>καὶ</span> <span class='ocrx_word' id='word_1_111' title='bbox 1431 1675 1653 1742; x_wconf 81' lang='grc' dir='ltr'>κοσκίνῳ</span> <span class='ocrx_word' id='word_1_112' title='bbox 1720 1675 1946 1747; x_wconf 69' lang='grc' dir='ltr'>φέροντες</span> 
     </span>
    </p>
   </div>
   <div class='ocr_carea' id='block_1_16' title="bbox 345 1758 2024 1837">
    <p class='ocr_par' dir='ltr' id='par_1_16' title="bbox 345 1758 2024 1837">
     <span class='ocr_line' id='line_1_16' title="bbox 345 1758 2024 1837; baseline -0.003 -21"><span class='ocrx_word' id='word_1_113' title='bbox 345 1760 529 1837; x_wconf 70' lang='grc' dir='ltr'>ὕδωρ,</span> <span class='ocrx_word' id='word_1_114' title='bbox 588 1767 678 1815; x_wconf 84' lang='grc' dir='ltr'>καὶ</span> <span class='ocrx_word' id='word_1_115' title='bbox 745 1765 812 1823; x_wconf 79' lang='grc' dir='ltr'>εὶς</span> <span class='ocrx_word' id='word_1_116' title='bbox 878 1765 1185 1836; x_wconf 75' lang='grc' dir='ltr'>τετρημένον</span> <span class='ocrx_word' id='word_1_117' title='bbox 1238 1762 1349 1828; x_wconf 83' lang='grc'>(67)</span> <span class='ocrx_word' id='word_1_118' title='bbox 1401 1758 1697 1822; x_wconf 72' lang='grc' dir='ltr'>ἀντλοῦντες</span> <span class='ocrx_word' id='word_1_119' title='bbox 1761 1762 1942 1827; x_wconf 82' lang='grc' dir='ltr'>πίθον,</span> <span class='ocrx_word' id='word_1_120' title='bbox 1987 1773 2024 1826; x_wconf 76' lang='grc' dir='ltr'>Β</span> 
     </span>
    </p>
   </div>
   <div class='ocr_carea' id='block_1_17' title="bbox 343 1848 1947 1926">
    <p class='ocr_par' dir='ltr' id='par_1_17' title="bbox 343 1848 1947 1926">
     <span class='ocr_line' id='line_1_17' title="bbox 343 1848 1947 1926; baseline -0.002 -21"><span class='ocrx_word' id='word_1_121' title='bbox 343 1849 494 1906; x_wconf 66' lang='grc' dir='ltr'>οὐδὲν</span> <span class='ocrx_word' id='word_1_122' title='bbox 537 1856 695 1925; x_wconf 83' lang='grc' dir='ltr'>πέρας</span> <span class='ocrx_word' id='word_1_123' title='bbox 739 1859 841 1904; x_wconf 87' lang='grc' dir='ltr'>τῶν</span> <span class='ocrx_word' id='word_1_124' title='bbox 883 1855 1050 1904; x_wconf 83' lang='grc' dir='ltr'>πόνων</span> <span class='ocrx_word' id='word_1_125' title='bbox 1098 1853 1307 1922; x_wconf 76' lang='grc' dir='ltr'>ἔχοντες</span> <span class='ocrx_word' id='word_1_126' title='bbox 1359 1852 1565 1926; x_wconf 74' lang='grc' dir='ltr'>’κουρὰς</span> <span class='ocrx_word' id='word_1_127' title='bbox 1611 1848 1670 1903; x_wconf 73' lang='grc' dir='ltr'><em>δέ</em></span> <span class='ocrx_word' id='word_1_128' title='bbox 1716 1854 1807 1902; x_wconf 81' lang='grc' dir='ltr'>καὶ</span> <span class='ocrx_word' id='word_1_129' title='bbox 1851 1849 1947 1925; x_wconf 86' lang='grc' dir='ltr'>ἀμ-</span> 
     </span>
    </p>
   </div>
   <div class='ocr_carea' id='block_1_18' title="bbox 341 1936 1947 2015">
    <p class='ocr_par' dir='ltr' id='par_1_18' title="bbox 341 1936 1947 2015">
     <span class='ocr_line' id='line_1_18' title="bbox 341 1936 1947 2015; baseline -0.001 -22"><span class='ocrx_word' id='word_1_130' title='bbox 341 1944 568 2014; x_wconf 83' lang='grc' dir='ltr'>πεχόνας</span> <span class='ocrx_word' id='word_1_131' title='bbox 620 1939 714 2003; x_wconf 82' lang='grc' dir='ltr'>ἔξω</span> <span class='ocrx_word' id='word_1_132' title='bbox 759 1946 860 1990; x_wconf 87' lang='grc' dir='ltr'>τῶν</span> <span class='ocrx_word' id='word_1_133' title='bbox 913 1937 1206 2010; x_wconf 75' lang='grc' dir='ltr'>ἀναγκαίων</span> <span class='ocrx_word' id='word_1_134' title='bbox 1259 1940 1696 2015; x_wconf 70' lang='grc' dir='ltr'>περιεργάζεσθαι</span> <span class='ocrx_word' id='word_1_135' title='bbox 1743 1940 1771 1998; x_wconf 78' lang='grc' dir='ltr'><strong>ἣ</strong></span> <span class='ocrx_word' id='word_1_136' title='bbox 1818 1936 1947 1992; x_wconf 78' lang='grc' dir='ltr'>δυσ-</span> 
     </span>
    </p>
   </div>
   <div class='ocr_carea' id='block_1_19' title="bbox 341 2025 1946 2104">
    <p class='ocr_par' dir='ltr' id='par_1_19' title="bbox 341 2025 1946 2104">
     <span class='ocr_line' id='line_1_19' title="bbox 341 2025 1946 2104; baseline -0.002 -19"><span class='ocrx_word' id='word_1_137' title='bbox 341 2032 644 2103; x_wconf 74' lang='grc' dir='ltr'>τυχούντων</span> <span class='ocrx_word' id='word_1_138' title='bbox 701 2029 837 2096; x_wconf 79' lang='grc' dir='ltr'>ἐστὶ,</span> <span class='ocrx_word' id='word_1_139' title='bbox 887 2031 1024 2082; x_wconf 80' lang='grc' dir='ltr'>κατὰ</span> <span class='ocrx_word' id='word_1_140' title='bbox 1073 2032 1160 2082; x_wconf 86' lang='grc' dir='ltr'>τὸν</span> <span class='ocrx_word' id='word_1_141' title='bbox 1215 2034 1476 2101; x_wconf 83' lang='grc' dir='ltr'>Διογένους</span> <span class='ocrx_word' id='word_1_142' title='bbox 1527 2029 1697 2104; x_wconf 75' lang='grc' dir='ltr'>λόγον,</span> <span class='ocrx_word' id='word_1_143' title='bbox 1747 2030 1774 2088; x_wconf 75' lang='grc' dir='ltr'>ἦ</span> <span class='ocrx_word' id='word_1_144' title='bbox 1821 2025 1946 2081; x_wconf 78' lang='grc' dir='ltr'>ἁδι-</span> 
     </span>
    </p>
   </div>
   <div class='ocr_carea' id='block_1_20' title="bbox 341 2116 1948 2192">
    <p class='ocr_par' dir='ltr' id='par_1_20' title="bbox 341 2116 1948 2192">
     <span class='ocr_line' id='line_1_20' title="bbox 341 2116 1948 2192; baseline -0.001 -19"><span class='ocrx_word' id='word_1_145' title='bbox 341 2123 584 2175; x_wconf 79' lang='grc' dir='ltr'>κούντων.</span> <span class='ocrx_word' id='word_1_146' title='bbox 633 2119 792 2172; x_wconf 74' lang='grc' dir='ltr'>’Ὥστε</span> <span class='ocrx_word' id='word_1_147' title='bbox 847 2118 1212 2177; x_wconf 64' lang='grc' dir='ltr'>καλλωπιστήν</span> <span class='ocrx_word' id='word_1_148' title='bbox 1263 2116 1396 2172; x_wconf 84' lang='grc' dir='ltr'>εἶνπι</span> <span class='ocrx_word' id='word_1_149' title='bbox 1452 2119 1542 2171; x_wconf 79' lang='grc' dir='ltr'>καί</span> <span class='ocrx_word' id='word_1_150' title='bbox 1597 2119 1948 2192; x_wconf 70' lang='grc' dir='ltr'>ὀνομάζεσθαι</span> 
     </span>
    </p>
   </div>
   <div class='ocr_carea' id='block_1_21' title="bbox 343 2205 1945 2283">
    <p class='ocr_par' dir='ltr' id='par_1_21' title="bbox 343 2205 1945 2283">
     <span class='ocr_line' id='line_1_21' title="bbox 343 2205 1945 2283; baseline -0.001 -21"><span class='ocrx_word' id='word_1_151' title='bbox 343 2212 530 2283; x_wconf 85' lang='grc' dir='ltr'>ὁμοίως</span> <span class='ocrx_word' id='word_1_152' title='bbox 585 2209 812 2283; x_wconf 82' lang='grc' dir='ltr'>αἰσχρὸν</span> <span class='ocrx_word' id='word_1_153' title='bbox 862 2210 1110 2281; x_wconf 76' lang='grc' dir='ltr'>ἡγεῖσθαι</span> <span class='ocrx_word' id='word_1_154' title='bbox 1163 2228 1296 2282; x_wconf 73' lang='grc' dir='ltr'>φημι</span> <span class='ocrx_word' id='word_1_155' title='bbox 1347 2205 1456 2261; x_wconf 74' lang='grc' dir='ltr'>δεῖν</span> <span class='ocrx_word' id='word_1_156' title='bbox 1508 2214 1629 2270; x_wconf 75' lang='grc' dir='ltr'>τοὺς</span> <span class='ocrx_word' id='word_1_157' title='bbox 1660 2212 1945 2277; x_wconf 79' lang='grc' dir='ltr'>τοιούτους,</span> 
     </span>
    </p>
   </div>
   <div class='ocr_carea' id='block_1_22' title="bbox 344 2296 1949 2374">
    <p class='ocr_par' dir='ltr' id='par_1_22' title="bbox 344 2296 1949 2374">
     <span class='ocr_line' id='line_1_22' title="bbox 344 2296 1949 2374; baseline -0.001 -22"><span class='ocrx_word' id='word_1_158' title='bbox 344 2303 412 2362; x_wconf 83' lang='grc' dir='ltr'>ὡς</span> <span class='ocrx_word' id='word_1_159' title='bbox 465 2303 524 2352; x_wconf 80' lang='grc' dir='ltr'>τὸ</span> <span class='ocrx_word' id='word_1_160' title='bbox 569 2297 787 2372; x_wconf 81' lang='grc' dir='ltr'>ἑταιρεῖν</span> <span class='ocrx_word' id='word_1_161' title='bbox 830 2298 859 2357; x_wconf 73' lang='grc' dir='ltr'>ἦ</span> <span class='ocrx_word' id='word_1_162' title='bbox 905 2296 1194 2374; x_wconf 73' lang='grc' dir='ltr'>ἀλλοτρίοις</span> <span class='ocrx_word' id='word_1_163' title='bbox 1233 2299 1422 2371; x_wconf 79' lang='grc' dir='ltr'>γάμοις</span> <span class='ocrx_word' id='word_1_164' title='bbox 1475 2297 1840 2354; x_wconf 76' lang='grc' dir='ltr'>ἐπιϐουλεύειν.</span> <span class='ocrx_word' id='word_1_165' title='bbox 1885 2303 1949 2352; x_wconf 86' lang='grc' dir='ltr'>Τί</span> 
     </span>
    </p>
   </div>
   <div class='ocr_carea' id='block_1_23' title="bbox 341 2384 1950 2462">
    <p class='ocr_par' dir='ltr' id='par_1_23' title="bbox 341 2384 1950 2462">
     <span class='ocr_line' id='line_1_23' title="bbox 341 2384 1950 2462; baseline 0.005 -25"><span class='ocrx_word' id='word_1_166' title='bbox 341 2392 444 2462; x_wconf 77' lang='grc' dir='ltr'>γὰρ</span> <span class='ocrx_word' id='word_1_167' title='bbox 478 2387 538 2440; x_wconf 75' lang='grc' dir='ltr'>ἂν</span> <span class='ocrx_word' id='word_1_168' title='bbox 568 2384 809 2461; x_wconf 74' lang='grc' dir='ltr'>διαφέροι</span> <span class='ocrx_word' id='word_1_169' title='bbox 851 2396 924 2459; x_wconf 83' lang='grc' dir='ltr'>τῷ</span> <span class='ocrx_word' id='word_1_170' title='bbox 953 2405 1011 2459; x_wconf 82' lang='grc' dir='ltr'>γε</span> <span class='ocrx_word' id='word_1_171' title='bbox 1040 2394 1156 2440; x_wconf 84' lang='grc' dir='ltr'>νοῦν</span> <span class='ocrx_word' id='word_1_172' title='bbox 1189 2390 1366 2458; x_wconf 80' lang='grc' dir='ltr'>ἔχοντι</span> <span class='ocrx_word' id='word_1_173' title='bbox 1416 2385 1644 2450; x_wconf 75' lang='grc' dir='ltr'>ξυστίδα</span> <span class='ocrx_word' id='word_1_174' title='bbox 1672 2387 1950 2446; x_wconf 76' lang='grc' dir='ltr'>ἀναϐεϐλῆ-</span> 
     </span>
    </p>
   </div>
   <div class='ocr_carea' id='block_1_24' title="bbox 345 2475 1948 2552">
    <p class='ocr_par' dir='ltr' id='par_1_24' title="bbox 345 2475 1948 2552">
     <span class='ocr_line' id='line_1_24' title="bbox 345 2475 1948 2552; baseline -0.003 -20"><span class='ocrx_word' id='word_1_175' title='bbox 345 2480 490 2550; x_wconf 80' lang='grc' dir='ltr'>σθαι,</span> <span class='ocrx_word' id='word_1_176' title='bbox 539 2482 570 2537; x_wconf 75' lang='grc' dir='ltr'>ἤ</span> <span class='ocrx_word' id='word_1_177' title='bbox 613 2498 666 2531; x_wconf 87' lang='grc' dir='ltr'>τι</span> <span class='ocrx_word' id='word_1_178' title='bbox 708 2486 808 2530; x_wconf 86' lang='grc' dir='ltr'>τῶν</span> <span class='ocrx_word' id='word_1_179' title='bbox 857 2477 1059 2549; x_wconf 72' lang='grc' dir='ltr'>φαύλων</span> <span class='ocrx_word' id='word_1_180' title='bbox 1108 2478 1310 2550; x_wconf 81' lang='grc' dir='ltr'>ἱμάτιον</span> <span class='ocrx_word' id='word_1_181' title='bbox 1366 2481 1553 2552; x_wconf 74' lang='grc' dir='ltr'>φέρειν,</span> <span class='ocrx_word' id='word_1_182' title='bbox 1599 2478 1691 2538; x_wconf 83' lang='grc' dir='ltr'>ἕως</span> <span class='ocrx_word' id='word_1_183' title='bbox 1745 2475 1804 2530; x_wconf 78' lang='grc' dir='ltr'>ἂν</span> <span class='ocrx_word' id='word_1_184' title='bbox 1833 2477 1948 2546; x_wconf 87' lang='grc'>(68)</span> 
     </span>
    </p>
   </div>
   <div class='ocr_carea' id='block_1_25' title="bbox 345 2564 1947 2642">
    <p class='ocr_par' dir='ltr' id='par_1_25' title="bbox 345 2564 1947 2642">
     <span class='ocr_line' id='line_1_25' title="bbox 345 2564 1947 2642; baseline -0.003 -20"><span class='ocrx_word' id='word_1_185' title='bbox 345 2564 509 2642; x_wconf 67' lang='grc' dir='ltr'>μηδὲν</span> <span class='ocrx_word' id='word_1_186' title='bbox 551 2565 696 2641; x_wconf 65' lang='grc' dir='ltr'>ἐνδέῃ</span> <span class='ocrx_word' id='word_1_187' title='bbox 748 2575 841 2621; x_wconf 85' lang='grc' dir='ltr'>τοῦ</span> <span class='ocrx_word' id='word_1_188' title='bbox 891 2570 1018 2642; x_wconf 85' lang='grc' dir='ltr'>πρὸς</span> <span class='ocrx_word' id='word_1_189' title='bbox 1064 2568 1302 2640; x_wconf 77' lang='grc' dir='ltr'>χειμῶνά</span> <span class='ocrx_word' id='word_1_190' title='bbox 1345 2587 1399 2619; x_wconf 92' lang='grc' dir='ltr'>τε</span> <span class='ocrx_word' id='word_1_191' title='bbox 1446 2564 1574 2619; x_wconf 86' lang='grc' dir='ltr'>εἶναι</span> <span class='ocrx_word' id='word_1_192' title='bbox 1617 2570 1706 2619; x_wconf 83' lang='grc' dir='ltr'>καὶ</span> <span class='ocrx_word' id='word_1_193' title='bbox 1755 2566 1947 2628; x_wconf 70' lang='grc' dir='ltr'>θάλπος</span> 
     </span>
    </p>
   </div>
   <div class='ocr_carea' id='block_1_26' title="bbox 346 2654 1940 2733">
    <p class='ocr_par' dir='ltr' id='par_1_26' title="bbox 346 2654 1940 2733">
     <span class='ocr_line' id='line_1_26' title="bbox 346 2654 1940 2733; baseline -0.003 -23"><span class='ocrx_word' id='word_1_194' title='bbox 346 2657 720 2732; x_wconf 78' lang='grc' dir='ltr'>ἀλεξητήριον;</span> <span class='ocrx_word' id='word_1_195' title='bbox 783 2662 883 2711; x_wconf 80' lang='grc' dir='ltr'>Καὶ</span> <span class='ocrx_word' id='word_1_196' title='bbox 936 2656 1099 2710; x_wconf 73' lang='grc' dir='ltr'>τᾶλλα</span> <span class='ocrx_word' id='word_1_197' title='bbox 1151 2654 1218 2716; x_wconf 77' lang='grc' dir='ltr'>δὴ</span> <span class='ocrx_word' id='word_1_198' title='bbox 1267 2661 1352 2710; x_wconf 89' lang='grc' dir='ltr'>τὸν</span> <span class='ocrx_word' id='word_1_199' title='bbox 1408 2657 1563 2710; x_wconf 70' lang='grc' dir='ltr'>αὐτὸν</span> <span class='ocrx_word' id='word_1_200' title='bbox 1621 2661 1812 2733; x_wconf 76' lang='grc' dir='ltr'>τρόπον</span> <span class='ocrx_word' id='word_1_201' title='bbox 1871 2661 1940 2729; x_wconf 81' lang='grc' dir='ltr'>μὴ</span> 
     </span>
    </p>
   </div>
   <div class='ocr_carea' id='block_1_27' title="bbox 344 2745 1944 2824">
    <p class='ocr_par' dir='ltr' id='par_1_27' title="bbox 344 2745 1944 2824">
     <span class='ocr_line' id='line_1_27' title="bbox 344 2745 1944 2824; baseline -0.003 -21"><span class='ocrx_word' id='word_1_202' title='bbox 344 2754 702 2824; x_wconf 76' lang='grc' dir='ltr'>περιττότερον</span> <span class='ocrx_word' id='word_1_203' title='bbox 748 2756 843 2810; x_wconf 86' lang='grc' dir='ltr'>τῆς</span> <span class='ocrx_word' id='word_1_204' title='bbox 899 2751 1087 2821; x_wconf 85' lang='grc' dir='ltr'>χρείας</span> <span class='ocrx_word' id='word_1_205' title='bbox 1135 2750 1574 2816; x_wconf 70' lang='grc' dir='ltr'>κατεσκευάσθαι,</span> <span class='ocrx_word' id='word_1_206' title='bbox 1617 2745 1757 2820; x_wconf 73' lang='grc' dir='ltr'>μηδὲ</span> <span class='ocrx_word' id='word_1_207' title='bbox 1794 2767 1944 2821; x_wconf 83' lang='grc' dir='ltr'>περι-</span> 
     </span>
    </p>
   </div>
   <div class='ocr_carea' id='block_1_28' title="bbox 345 2835 1946 2910">
    <p class='ocr_par' dir='ltr' id='par_1_28' title="bbox 345 2835 1946 2910">
     <span class='ocr_line' id='line_1_28' title="bbox 345 2835 1946 2910; baseline -0.002 -19"><span class='ocrx_word' id='word_1_208' title='bbox 345 2841 480 2891; x_wconf 75' lang='grc' dir='ltr'>έπειν</span> <span class='ocrx_word' id='word_1_209' title='bbox 508 2841 567 2891; x_wconf 85' lang='grc' dir='ltr'>τὸ</span> <span class='ocrx_word' id='word_1_210' title='bbox 602 2845 754 2909; x_wconf 84' lang='grc' dir='ltr'>σῶμα</span> <span class='ocrx_word' id='word_1_211' title='bbox 781 2835 930 2889; x_wconf 84' lang='grc' dir='ltr'>πλέον</span> <span class='ocrx_word' id='word_1_212' title='bbox 961 2837 990 2896; x_wconf 77' lang='grc' dir='ltr'><em>ἡ</em></span> <span class='ocrx_word' id='word_1_213' title='bbox 1025 2838 1094 2900; x_wconf 85' lang='grc' dir='ltr'>ὡς</span> <span class='ocrx_word' id='word_1_214' title='bbox 1139 2838 1344 2909; x_wconf 77' lang='grc' dir='ltr'>ἄμεινον</span> <span class='ocrx_word' id='word_1_215' title='bbox 1384 2845 1445 2910; x_wconf 77' lang='grc' dir='ltr'>τῇ</span> <span class='ocrx_word' id='word_1_216' title='bbox 1479 2836 1656 2909; x_wconf 58' lang='grc' dir='ltr'>ψυχῇ.</span> <span class='ocrx_word' id='word_1_217' title='bbox 1695 2836 1816 2908; x_wconf 70' lang='grc' dir='ltr'>Οὐχ</span> <span class='ocrx_word' id='word_1_218' title='bbox 1847 2837 1946 2894; x_wconf 74' lang='grc' dir='ltr'>ἧτ-</span> 
     </span>
    </p>
   </div>
   <div class='ocr_carea' id='block_1_29' title="bbox 346 2923 1944 3003">
    <p class='ocr_par' dir='ltr' id='par_1_29' title="bbox 346 2923 1944 3003">
     <span class='ocr_line' id='line_1_29' title="bbox 346 2923 1944 3003; baseline -0.001 -23"><span class='ocrx_word' id='word_1_219' title='bbox 346 2947 431 2980; x_wconf 88' lang='grc' dir='ltr'>τον</span> <span class='ocrx_word' id='word_1_220' title='bbox 476 2929 576 3003; x_wconf 81' lang='grc' dir='ltr'>γὰρ</span> <span class='ocrx_word' id='word_1_221' title='bbox 618 2923 812 2988; x_wconf 70' lang='grc' dir='ltr'>ὤιειὸος</span> <span class='ocrx_word' id='word_1_222' title='bbox 857 2923 1031 3001; x_wconf 84' lang='grc' dir='ltr'>ἀνδρὶ,</span> <span class='ocrx_word' id='word_1_223' title='bbox 1074 2934 1147 2997; x_wconf 78' lang='grc' dir='ltr'>τῷ</span> <span class='ocrx_word' id='word_1_224' title='bbox 1195 2946 1252 2998; x_wconf 91' lang='grc' dir='ltr'>γε</span> <span class='ocrx_word' id='word_1_225' title='bbox 1297 2929 1361 2988; x_wconf 85' lang='grc' dir='ltr'>ὡς</span> <span class='ocrx_word' id='word_1_226' title='bbox 1405 2925 1604 2986; x_wconf 76' lang='grc' dir='ltr'>ἀληθῶς</span> <span class='ocrx_word' id='word_1_227' title='bbox 1648 2934 1744 2986; x_wconf 84' lang='grc' dir='ltr'>τῆς</span> <span class='ocrx_word' id='word_1_228' title='bbox 1773 2943 1944 3000; x_wconf 84' lang='grc' dir='ltr'>προσ-</span> 
     </span>
    </p>
   </div>
   <div class='ocr_carea' id='block_1_30' title="bbox 350 3016 1946 3094">
    <p class='ocr_par' dir='ltr' id='par_1_30' title="bbox 350 3016 1946 3094">
     <span class='ocr_line' id='line_1_30' title="bbox 350 3016 1946 3094; baseline -0.003 -24"><span class='ocrx_word' id='word_1_229' title='bbox 350 3021 560 3094; x_wconf 78' lang='grc' dir='ltr'>ηγορίας</span> <span class='ocrx_word' id='word_1_230' title='bbox 601 3019 794 3078; x_wconf 76' lang='grc' dir='ltr'>ταύτης</span> <span class='ocrx_word' id='word_1_231' title='bbox 841 3016 990 3088; x_wconf 82' lang='grc' dir='ltr'>ἀξίῷ,</span> <span class='ocrx_word' id='word_1_232' title='bbox 1023 3016 1389 3076; x_wconf 73' lang='grc' dir='ltr'>καλλωπιστήν</span> <span class='ocrx_word' id='word_1_233' title='bbox 1445 3022 1534 3069; x_wconf 83' lang='grc' dir='ltr'>καὶ</span> <span class='ocrx_word' id='word_1_234' title='bbox 1586 3016 1946 3089; x_wconf 71' lang='grc' dir='ltr'>φιλοσώματον</span> 
     </span>
    </p>
   </div>
   <div class='ocr_carea' id='block_1_31' title="bbox 346 3104 2029 3190">
    <p class='ocr_par' dir='ltr' id='par_1_31' title="bbox 346 3104 2029 3190">
     <span class='ocr_line' id='line_1_31' title="bbox 346 3104 2029 3190; baseline 0 -30"><span class='ocrx_word' id='word_1_235' title='bbox 346 3104 494 3177; x_wconf 74' lang='grc' dir='ltr'>εἶναι,</span> <span class='ocrx_word' id='word_1_236' title='bbox 539 3109 569 3168; x_wconf 73' lang='grc' dir='ltr'>ἦ</span> <span class='ocrx_word' id='word_1_237' title='bbox 604 3111 733 3181; x_wconf 81' lang='grc' dir='ltr'>πρὸς</span> <span class='ocrx_word' id='word_1_238' title='bbox 773 3107 895 3159; x_wconf 76' lang='grc' dir='ltr'>ἄλλο</span> <span class='ocrx_word' id='word_1_239' title='bbox 924 3127 976 3160; x_wconf 91' lang='grc' dir='ltr'>τι</span> <span class='ocrx_word' id='word_1_240' title='bbox 1002 3115 1102 3160; x_wconf 84' lang='grc' dir='ltr'>τῶν</span> <span class='ocrx_word' id='word_1_241' title='bbox 1131 3109 1310 3160; x_wconf 82' lang='grc' dir='ltr'>παθῶν</span> <span class='ocrx_word' id='word_1_242' title='bbox 1362 3106 1575 3179; x_wconf 83' lang='grc' dir='ltr'>ἀγεννῶς</span> <span class='ocrx_word' id='word_1_243' title='bbox 1620 3104 1942 3160; x_wconf 82' lang='grc' dir='ltr'>διακεῖσθαι.</span> <span class='ocrx_word' id='word_1_244' title='bbox 1987 3133 2029 3190; x_wconf 76' lang='lat' dir='ltr'>c</span> 
     </span>
    </p>
   </div>
   <div class='ocr_carea' id='block_1_32' title="bbox 341 3193 1947 3271">
    <p class='ocr_par' dir='ltr' id='par_1_32' title="bbox 341 3193 1947 3271">
     <span class='ocr_line' id='line_1_32' title="bbox 341 3193 1947 3271; baseline -0.003 -20"><span class='ocrx_word' id='word_1_245' title='bbox 341 3201 411 3251; x_wconf 86' lang='grc' dir='ltr'>Τὸ</span> <span class='ocrx_word' id='word_1_246' title='bbox 457 3200 558 3271; x_wconf 75' lang='grc' dir='ltr'>γὰρ</span> <span class='ocrx_word' id='word_1_247' title='bbox 617 3202 712 3256; x_wconf 80' lang='grc' dir='ltr'>τὴν</span> <span class='ocrx_word' id='word_1_248' title='bbox 760 3204 934 3249; x_wconf 81' lang='grc' dir='ltr'>πᾶσαν</span> <span class='ocrx_word' id='word_1_249' title='bbox 994 3193 1233 3255; x_wconf 76' lang='grc' dir='ltr'>σπουδὴν</span> <span class='ocrx_word' id='word_1_250' title='bbox 1288 3197 1640 3270; x_wconf 75' lang='grc' dir='ltr'>εἰσφέρεσθαι,</span> <span class='ocrx_word' id='word_1_251' title='bbox 1692 3198 1828 3258; x_wconf 83' lang='grc' dir='ltr'>ὅπως</span> <span class='ocrx_word' id='word_1_252' title='bbox 1879 3199 1947 3258; x_wconf 81' lang='grc' dir='ltr'>ὡς</span> 
     </span>
    </p>
   </div>
   <div class='ocr_carea' id='block_1_33' title="bbox 341 3283 1946 3359">
    <p class='ocr_par' dir='ltr' id='par_1_33' title="bbox 341 3283 1946 3359">
     <span class='ocr_line' id='line_1_33' title="bbox 341 3283 1946 3359; baseline -0.001 -19"><span class='ocrx_word' id='word_1_253' title='bbox 341 3287 598 3340; x_wconf 75' lang='grc' dir='ltr'>κάλλιστα</span> <span class='ocrx_word' id='word_1_254' title='bbox 637 3287 777 3359; x_wconf 76' lang='grc' dir='ltr'>αὐτῷ</span> <span class='ocrx_word' id='word_1_255' title='bbox 825 3291 883 3338; x_wconf 83' lang='grc' dir='ltr'>τὸ</span> <span class='ocrx_word' id='word_1_256' title='bbox 917 3295 1070 3359; x_wconf 76' lang='grc' dir='ltr'>σῶμα</span> <span class='ocrx_word' id='word_1_257' title='bbox 1115 3285 1237 3354; x_wconf 79' lang='grc' dir='ltr'>ἕξοι,</span> <span class='ocrx_word' id='word_1_258' title='bbox 1267 3287 1326 3339; x_wconf 72' lang='grc' dir='ltr'>οὐ</span> <span class='ocrx_word' id='word_1_259' title='bbox 1359 3283 1798 3358; x_wconf 63' lang='grc' dir='ltr'>ὃωγινώσκοντὸς</span> <span class='ocrx_word' id='word_1_260' title='bbox 1829 3289 1946 3354; x_wconf 80' lang='grc'>(69)</span> 
     </span>
    </p>
   </div>
   <div class='ocr_carea' id='block_1_34' title="bbox 342 3372 1950 3451">
    <p class='ocr_par' dir='ltr' id='par_1_34' title="bbox 342 3372 1950 3451">
     <span class='ocr_line' id='line_1_34' title="bbox 342 3372 1950 3451; baseline -0.001 -20"><span class='ocrx_word' id='word_1_261' title='bbox 342 3375 486 3431; x_wconf 71' lang='grc' dir='ltr'>ἕστιν</span> <span class='ocrx_word' id='word_1_262' title='bbox 534 3376 736 3443; x_wconf 85' lang='grc' dir='ltr'>ἑαυτὸν,</span> <span class='ocrx_word' id='word_1_263' title='bbox 796 3372 920 3433; x_wconf 75' lang='grc' dir='ltr'>οὐδὲ</span> <span class='ocrx_word' id='word_1_264' title='bbox 975 3378 1230 3436; x_wconf 74' lang='grc' dir='ltr'>συνιέντος</span> <span class='ocrx_word' id='word_1_265' title='bbox 1276 3384 1368 3429; x_wconf 84' lang='grc' dir='ltr'>τοῦ</span> <span class='ocrx_word' id='word_1_266' title='bbox 1428 3385 1588 3449; x_wconf 77' lang='grc' dir='ltr'>σοφοῦ</span> <span class='ocrx_word' id='word_1_267' title='bbox 1646 3377 1950 3451; x_wconf 76' lang='grc' dir='ltr'>παραγγελ-</span> 
     </span>
    </p>
   </div>
   <div class='ocr_carea' id='block_1_35' title="bbox 343 3464 1952 3540">
    <p class='ocr_par' dir='ltr' id='par_1_35' title="bbox 343 3464 1952 3540">
     <span class='ocr_line' id='line_1_35' title="bbox 343 3464 1952 3540; baseline -0.002 -19"><span class='ocrx_word' id='word_1_268' title='bbox 343 3485 526 3540; x_wconf 82' lang='grc' dir='ltr'>ματος,</span> <span class='ocrx_word' id='word_1_269' title='bbox 571 3466 654 3518; x_wconf 86' lang='grc' dir='ltr'>ὅτι</span> <span class='ocrx_word' id='word_1_270' title='bbox 696 3464 754 3517; x_wconf 72' lang='grc' dir='ltr'>οὗ</span> <span class='ocrx_word' id='word_1_271' title='bbox 802 3467 860 3516; x_wconf 83' lang='grc' dir='ltr'>τὸ</span> <span class='ocrx_word' id='word_1_272' title='bbox 910 3465 1163 3537; x_wconf 84' lang='grc' dir='ltr'>ὁρώμενόν</span> <span class='ocrx_word' id='word_1_273' title='bbox 1210 3464 1352 3516; x_wconf 82' lang='grc' dir='ltr'>ἐστιν</span> <span class='ocrx_word' id='word_1_274' title='bbox 1400 3467 1425 3517; x_wconf 86' lang='grc' dir='ltr'><strong><em>ὁ</em></strong></span> <span class='ocrx_word' id='word_1_275' title='bbox 1488 3467 1778 3538; x_wconf 77' lang='grc' dir='ltr'>ἄνθρωπος,</span> <span class='ocrx_word' id='word_1_276' title='bbox 1824 3464 1952 3519; x_wconf 81' lang='grc' dir='ltr'>ἀλλά</span> 
     </span>
    </p>
   </div>
   <div class='ocr_carea' id='block_1_36' title="bbox 344 3551 1950 3627">
    <p class='ocr_par' dir='ltr' id='par_1_36' title="bbox 344 3551 1950 3627">
     <span class='ocr_line' id='line_1_36' title="bbox 344 3551 1950 3627; baseline -0.001 -18"><span class='ocrx_word' id='word_1_277' title='bbox 344 3575 479 3616; x_wconf 87' lang='grc' dir='ltr'>τινος</span> <span class='ocrx_word' id='word_1_278' title='bbox 545 3551 716 3608; x_wconf 78' lang='grc' dir='ltr'>δεῖται</span> <span class='ocrx_word' id='word_1_279' title='bbox 780 3557 1142 3627; x_wconf 80' lang='grc' dir='ltr'>περιττοτέρας</span> <span class='ocrx_word' id='word_1_280' title='bbox 1195 3558 1418 3626; x_wconf 73' lang='grc' dir='ltr'>σοφίας,</span> <span class='ocrx_word' id='word_1_281' title='bbox 1481 3551 1556 3609; x_wconf 77' lang='grc' dir='ltr'>δι’</span> <span class='ocrx_word' id='word_1_282' title='bbox 1610 3557 1674 3616; x_wconf 77' lang='grc' dir='ltr'>ἧς</span> <span class='ocrx_word' id='word_1_283' title='bbox 1730 3558 1950 3618; x_wconf 78' lang='grc' dir='ltr'>ἕκαστος</span> 
     </span>
    </p>
   </div>
   <div class='ocr_carea' id='block_1_37' title="bbox 343 3641 1951 3720">
    <p class='ocr_par' dir='ltr' id='par_1_37' title="bbox 343 3641 1951 3720">
     <span class='ocr_line' id='line_1_37' title="bbox 343 3641 1951 3720; baseline 0.001 -23"><span class='ocrx_word' id='word_1_284' title='bbox 343 3647 511 3720; x_wconf 68' lang='grc' dir='ltr'>ἡμῶν,</span> <span class='ocrx_word' id='word_1_285' title='bbox 557 3645 702 3706; x_wconf 86' lang='grc' dir='ltr'>ὅστις</span> <span class='ocrx_word' id='word_1_286' title='bbox 758 3647 884 3696; x_wconf 80' lang='grc' dir='ltr'>ποτέ</span> <span class='ocrx_word' id='word_1_287' title='bbox 933 3641 1091 3712; x_wconf 85' lang='grc' dir='ltr'>ἐστιν,</span> <span class='ocrx_word' id='word_1_288' title='bbox 1137 3642 1318 3696; x_wconf 80' lang='grc' dir='ltr'>ἑαυτὸν</span> <span class='ocrx_word' id='word_1_289' title='bbox 1366 3642 1730 3716; x_wconf 69' lang='grc' dir='ltr'>ἐπιφνώσεται.</span> <span class='ocrx_word' id='word_1_290' title='bbox 1785 3652 1951 3700; x_wconf 77' lang='grc' dir='ltr'>Τοῦτο</span> 
     </span>
    </p>
   </div>
   <div class='ocr_carea' id='block_1_38' title="bbox 344 3729 1950 3808">
    <p class='ocr_par' dir='ltr' id='par_1_38' title="bbox 344 3729 1950 3808">
     <span class='ocr_line' id='line_1_38' title="bbox 344 3729 1950 3808; baseline -0.003 -19"><span class='ocrx_word' id='word_1_291' title='bbox 344 3731 405 3790; x_wconf 66' lang='grc' dir='ltr'>δὲ</span> <span class='ocrx_word' id='word_1_292' title='bbox 459 3736 522 3808; x_wconf 68' lang='grc' dir='ltr'>με</span> <span class='ocrx_word' id='word_1_293' title='bbox 579 3735 958 3806; x_wconf 77' lang='grc' dir='ltr'>καθηραμένοις</span> <span class='ocrx_word' id='word_1_294' title='bbox 1006 3735 1093 3784; x_wconf 84' lang='grc' dir='ltr'>τὸν</span> <span class='ocrx_word' id='word_1_295' title='bbox 1145 3739 1262 3785; x_wconf 85' lang='grc' dir='ltr'>νοῦν</span> <span class='ocrx_word' id='word_1_296' title='bbox 1315 3729 1704 3807; x_wconf 74' lang='grc' dir='ltr'>ἀδυνατώτερον</span> <span class='ocrx_word' id='word_1_297' title='bbox 1762 3735 1790 3794; x_wconf 73' lang='grc' dir='ltr'><em>ἦ</em></span> <span class='ocrx_word' id='word_1_298' title='bbox 1851 3734 1950 3793; x_wconf 62' lang='grc' dir='ltr'>ληιρ</span> 
     </span>
    </p>
   </div>
   <div class='ocr_carea' id='block_1_39' title="bbox 341 3819 1946 3899">
    <p class='ocr_par' dir='ltr' id='par_1_39' title="bbox 341 3819 1946 3899">
     <span class='ocr_line' id='line_1_39' title="bbox 341 3819 1946 3899; baseline 0.001 -22"><span class='ocrx_word' id='word_1_299' title='bbox 341 3833 507 3899; x_wconf 81' lang='grc' dir='ltr'>μῶντι</span> <span class='ocrx_word' id='word_1_300' title='bbox 536 3826 667 3898; x_wconf 84' lang='grc' dir='ltr'>πρὸς</span> <span class='ocrx_word' id='word_1_301' title='bbox 696 3827 781 3874; x_wconf 80' lang='grc' dir='ltr'>τὸν</span> <span class='ocrx_word' id='word_1_302' title='bbox 825 3821 968 3881; x_wconf 74' lang='grc' dir='ltr'>ἣλιον</span> <span class='ocrx_word' id='word_1_303' title='bbox 995 3819 1299 3892; x_wconf 68' lang='grc' dir='ltr'>ἀναϐλέψαι.</span> <span class='ocrx_word' id='word_1_304' title='bbox 1358 3824 1622 3896; x_wconf 77' lang='grc' dir='ltr'>Κάθαρσίς</span> <span class='ocrx_word' id='word_1_305' title='bbox 1652 3819 1711 3876; x_wconf 66' lang='grc' dir='ltr'><em>δὲ</em></span> <span class='ocrx_word' id='word_1_306' title='bbox 1739 3823 1946 3896; x_wconf 77' lang='grc' dir='ltr'>ψυχῆς,</span> 
     </span>
    </p>
   </div>
   <div class='ocr_carea' id='block_1_40' title="bbox 343 3909 1950 3989">
    <p class='ocr_par' dir='ltr' id='par_1_40' title="bbox 343 3909 1950 3989">
     <span class='ocr_line' id='line_1_40' title="bbox 343 3909 1950 3989; baseline -0.001 -22"><span class='ocrx_word' id='word_1_307' title='bbox 343 3919 411 3978; x_wconf 83' lang='grc' dir='ltr'>ὡς</span> <span class='ocrx_word' id='word_1_308' title='bbox 449 3913 649 3989; x_wconf 80' lang='grc' dir='ltr'>ἀθρόως</span> <span class='ocrx_word' id='word_1_309' title='bbox 697 3932 751 3966; x_wconf 83' lang='grc' dir='ltr'>τε</span> <span class='ocrx_word' id='word_1_310' title='bbox 809 3911 966 3964; x_wconf 83' lang='grc' dir='ltr'>εἰπεῖν</span> <span class='ocrx_word' id='word_1_311' title='bbox 1019 3915 1109 3964; x_wconf 82' lang='grc' dir='ltr'>καὶ</span> <span class='ocrx_word' id='word_1_312' title='bbox 1149 3913 1270 3984; x_wconf 79' lang='grc' dir='ltr'>ὑμῖν</span> <span class='ocrx_word' id='word_1_313' title='bbox 1326 3913 1528 3977; x_wconf 80' lang='grc' dir='ltr'>ἱκανῶς,</span> <span class='ocrx_word' id='word_1_314' title='bbox 1575 3914 1668 3975; x_wconf 84' lang='grc' dir='ltr'>τὰς</span> <span class='ocrx_word' id='word_1_315' title='bbox 1710 3909 1802 3966; x_wconf 78' lang='grc' dir='ltr'>διὰ</span> <span class='ocrx_word' id='word_1_316' title='bbox 1850 3923 1950 3966; x_wconf 84' lang='grc' dir='ltr'>τῶν</span> 
     </span>
    </p>
   </div>
   <div class='ocr_carea' id='block_1_41' title="bbox 342 3999 1950 4075">
    <p class='ocr_par' dir='ltr' id='par_1_41' title="bbox 342 3999 1950 4075">
     <span class='ocr_line' id='line_1_41' title="bbox 342 3999 1950 4075; baseline -0.001 -17"><span class='ocrx_word' id='word_1_317' title='bbox 342 4005 637 4064; x_wconf 82' lang='grc' dir='ltr'>αἰσθήσεων</span> <span class='ocrx_word' id='word_1_318' title='bbox 692 3999 886 4065; x_wconf 77' lang='grc' dir='ltr'>ἡδονὰς</span> <span class='ocrx_word' id='word_1_319' title='bbox 940 4000 1253 4075; x_wconf 76' lang='grc' dir='ltr'>ὰτιμάζιινο</span> <span class='ocrx_word' id='word_1_320' title='bbox 1295 4006 1367 4075; x_wconf 78' lang='grc' dir='ltr'>μὴ</span> <span class='ocrx_word' id='word_1_321' title='bbox 1424 4001 1721 4075; x_wconf 83' lang='grc' dir='ltr'>ὀγθαλμοὺς</span> <span class='ocrx_word' id='word_1_322' title='bbox 1773 4002 1950 4075; x_wconf 74' lang='grc' dir='ltr'>ίστιᾷν</span> 
     </span>
    </p>
   </div>
   <div class='ocr_carea' id='block_1_42' title="bbox 340 4087 1951 4167">
    <p class='ocr_par' dir='ltr' id='par_1_42' title="bbox 340 4087 1951 4167">
     <span class='ocr_line' id='line_1_42' title="bbox 340 4087 1951 4167; baseline -0.001 -19"><span class='ocrx_word' id='word_1_323' title='bbox 340 4103 452 4156; x_wconf 82' lang='grc' dir='ltr'>ταῖς</span> <span class='ocrx_word' id='word_1_324' title='bbox 500 4092 716 4153; x_wconf 73' lang='grc' dir='ltr'>ἀτόποις</span> <span class='ocrx_word' id='word_1_325' title='bbox 747 4101 847 4144; x_wconf 86' lang='grc' dir='ltr'>τῶν</span> <span class='ocrx_word' id='word_1_326' title='bbox 900 4093 1301 4165; x_wconf 81' lang='grc' dir='ltr'>θαυματοποιῶν</span> <span class='ocrx_word' id='word_1_327' title='bbox 1332 4087 1669 4161; x_wconf 73' lang='grc' dir='ltr'>ἐπιδείξεσιν,</span> <span class='ocrx_word' id='word_1_328' title='bbox 1699 4094 1728 4152; x_wconf 78' lang='grc' dir='ltr'><strong><em>ἡ</em></strong></span> <span class='ocrx_word' id='word_1_329' title='bbox 1765 4095 1951 4167; x_wconf 79' lang='grc' dir='ltr'>σωμά-</span> 
     </span>
    </p>
   </div>
   <div class='ocr_carea' id='block_1_43' title="bbox 341 4179 1951 4257">
    <p class='ocr_par' dir='ltr' id='par_1_43' title="bbox 341 4179 1951 4257">
     <span class='ocr_line' id='line_1_43' title="bbox 341 4179 1951 4257; baseline 0 -19"><span class='ocrx_word' id='word_1_330' title='bbox 341 4206 439 4238; x_wconf 89' lang='grc' dir='ltr'>των</span> <span class='ocrx_word' id='word_1_331' title='bbox 501 4187 635 4244; x_wconf 81' lang='grc' dir='ltr'>θέαις</span> <span class='ocrx_word' id='word_1_332' title='bbox 683 4179 878 4242; x_wconf 75' lang='grc' dir='ltr'>ἡδονῆς</span> <span class='ocrx_word' id='word_1_333' title='bbox 927 4185 1132 4257; x_wconf 85' lang='grc' dir='ltr'>κέντρον</span> <span class='ocrx_word' id='word_1_334' title='bbox 1183 4181 1500 4255; x_wconf 78' lang='grc' dir='ltr'>ἐναφιέντων,</span> <span class='ocrx_word' id='word_1_335' title='bbox 1557 4187 1628 4256; x_wconf 77' lang='grc' dir='ltr'>μὴ</span> <span class='ocrx_word' id='word_1_336' title='bbox 1695 4179 1790 4236; x_wconf 73' lang='grc' dir='ltr'>διὰ</span> <span class='ocrx_word' id='word_1_337' title='bbox 1848 4192 1951 4238; x_wconf 78' lang='grc' dir='ltr'>τῶν</span> 
     </span>
    </p>
   </div>
   <div class='ocr_carea' id='block_1_44' title="bbox 339 4268 1947 4348">
    <p class='ocr_par' dir='ltr' id='par_1_44' title="bbox 339 4268 1947 4348">
     <span class='ocr_line' id='line_1_44' title="bbox 339 4268 1947 4348; baseline 0.001 -21"><span class='ocrx_word' id='word_1_338' title='bbox 339 4279 482 4328; x_wconf 81' lang='grc' dir='ltr'>ὤτων</span> <span class='ocrx_word' id='word_1_339' title='bbox 537 4269 920 4348; x_wconf 76' lang='grc' dir='ltr'>διεφθαρμένην</span> <span class='ocrx_word' id='word_1_340' title='bbox 966 4268 1226 4344; x_wconf 78' lang='grc' dir='ltr'>μελῳδίαν</span> <span class='ocrx_word' id='word_1_341' title='bbox 1276 4280 1376 4324; x_wconf 82' lang='grc' dir='ltr'>τῶν</span> <span class='ocrx_word' id='word_1_342' title='bbox 1427 4272 1620 4345; x_wconf 73' lang='grc' dir='ltr'>ψυχῶν</span> <span class='ocrx_word' id='word_1_343' title='bbox 1670 4281 1947 4347; x_wconf 74' lang='grc' dir='ltr'>καταχεῖν.</span> 
     </span>
    </p>
   </div>
   <div class='ocr_carea' id='block_1_45' title="bbox 342 4351 1948 4437">
    <p class='ocr_par' dir='ltr' id='par_1_45' title="bbox 342 4351 1948 4437">
     <span class='ocr_line' id='line_1_45' title="bbox 342 4351 1948 4437; baseline -0.001 -18"><span class='ocrx_word' id='word_1_344' title='bbox 342 4364 718 4437; x_wconf 82' lang='grc' dir='ltr'>Ἀνελευθερίας</span> <span class='ocrx_word' id='word_1_345' title='bbox 759 4365 860 4437; x_wconf 81' lang='grc' dir='ltr'>γὰρ</span> <span class='ocrx_word' id='word_1_346' title='bbox 904 4359 970 4421; x_wconf 68' lang='grc' dir='ltr'>δὴ</span> <span class='ocrx_word' id='word_1_347' title='bbox 1018 4365 1108 4413; x_wconf 85' lang='grc' dir='ltr'>καὶ</span> <span class='ocrx_word' id='word_1_348' title='bbox 1153 4351 1765 4436; x_wconf 49' lang='grc' dir='ltr'>ταπεινότητοςῖκγονα</span> <span class='ocrx_word' id='word_1_349' title='bbox 1804 4366 1948 4424; x_wconf 78' lang='grc' dir='ltr'>πάθη</span> 
     </span>
    </p>
   </div>
   <div class='ocr_carea' id='block_1_46' title="bbox 339 4448 2027 4553">
    <p class='ocr_par' dir='ltr' id='par_1_46' title="bbox 339 4448 2027 4553">
     <span class='ocr_line' id='line_1_46' title="bbox 339 4448 2027 4553; baseline 0.001 -45"><span class='ocrx_word' id='word_1_350' title='bbox 339 4455 394 4516; x_wconf 76' lang='grc' dir='ltr'>ἐκ</span> <span class='ocrx_word' id='word_1_351' title='bbox 445 4463 537 4508; x_wconf 84' lang='grc' dir='ltr'>τοῦ</span> <span class='ocrx_word' id='word_1_352' title='bbox 594 4448 897 4508; x_wconf 74' lang='grc' dir='ltr'>τοιούτουὸε</span> <span class='ocrx_word' id='word_1_353' title='bbox 951 4461 1042 4513; x_wconf 82' lang='grc' dir='ltr'>τῆς</span> <span class='ocrx_word' id='word_1_354' title='bbox 1101 4460 1362 4526; x_wconf 79' lang='grc' dir='ltr'>μουσικῆς</span> <span class='ocrx_word' id='word_1_355' title='bbox 1420 4448 1590 4516; x_wconf 73' lang='grc' dir='ltr'>εῖὸους</span> <span class='ocrx_word' id='word_1_356' title='bbox 1647 4451 2027 4553; x_wconf 61' lang='grc' dir='ltr'>ἐγγίνεσθαιη</span> 
     </span>
    </p>
   </div>
   <div class='ocr_carea' id='block_1_47' title="bbox 340 4537 1950 4618">
    <p class='ocr_par' dir='ltr' id='par_1_47' title="bbox 340 4537 1950 4618">
     <span class='ocr_line' id='line_1_47' title="bbox 340 4537 1950 4618; baseline -0.002 -20"><span class='ocrx_word' id='word_1_357' title='bbox 340 4551 580 4618; x_wconf 69' lang='grc' dir='ltr'>πέφυκεν.</span> <span class='ocrx_word' id='word_1_358' title='bbox 631 4542 785 4601; x_wconf 73' lang='grc' dir='ltr'>Ἀλλὰ</span> <span class='ocrx_word' id='word_1_359' title='bbox 835 4545 929 4601; x_wconf 71' lang='grc' dir='ltr'>τὴν</span> <span class='ocrx_word' id='word_1_360' title='bbox 988 4540 1160 4615; x_wconf 81' lang='grc' dir='ltr'>ἑτέραν</span> <span class='ocrx_word' id='word_1_361' title='bbox 1212 4537 1594 4616; x_wconf 71' lang='grc' dir='ltr'>μεταδιωκτέον</span> <span class='ocrx_word' id='word_1_362' title='bbox 1643 4544 1798 4618; x_wconf 79' lang='grc' dir='ltr'>ἡμῖν,</span> <span class='ocrx_word' id='word_1_363' title='bbox 1854 4549 1950 4608; x_wconf 78' lang='grc' dir='ltr'>τὴν</span> 
     </span>
    </p>
   </div>
   <div class='ocr_carea' id='block_1_48' title="bbox 342 4629 1950 4710">
    <p class='ocr_par' dir='ltr' id='par_1_48' title="bbox 342 4629 1950 4710">
     <span class='ocr_line' id='line_1_48' title="bbox 342 4629 1950 4710; baseline -0.009 -20"><span class='ocrx_word' id='word_1_364' title='bbox 342 4634 530 4710; x_wconf 70' lang='grc' dir='ltr'>ἀμείνω</span> <span class='ocrx_word' id='word_1_365' title='bbox 559 4653 612 4688; x_wconf 82' lang='grc' dir='ltr'>τε</span> <span class='ocrx_word' id='word_1_366' title='bbox 642 4638 732 4690; x_wconf 83' lang='grc' dir='ltr'>καὶ</span> <span class='ocrx_word' id='word_1_367' title='bbox 771 4632 842 4702; x_wconf 80' lang='grc' dir='ltr'>εἰς</span> <span class='ocrx_word' id='word_1_368' title='bbox 869 4633 1074 4704; x_wconf 81' lang='grc' dir='ltr'>ἄμεινον</span> <span class='ocrx_word' id='word_1_369' title='bbox 1106 4635 1382 4706; x_wconf 74' lang='grc' dir='ltr'>φέρουσαν,</span> <span class='ocrx_word' id='word_1_370' title='bbox 1495 4637 1584 4687; x_wconf 82' lang='grc' dir='ltr'>καὶ</span> <span class='ocrx_word' id='word_1_371' title='bbox 1613 4629 1782 4689; x_wconf 78' lang='grc' dir='ltr'>Δαϐὶὸ</span> <span class='ocrx_word' id='word_1_372' title='bbox 1805 4640 1950 4710; x_wconf 73' lang='grc' dir='ltr'>χρώ-</span> 
     </span>
    </p>
   </div>
   <div class='ocr_carea' id='block_1_49' title="bbox 339 4721 1947 4802">
    <p class='ocr_par' dir='ltr' id='par_1_49' title="bbox 339 4721 1947 4802">
     <span class='ocr_line' id='line_1_49' title="bbox 339 4721 1947 4802; baseline -0.001 -22"><span class='ocrx_word' id='word_1_373' title='bbox 339 4725 552 4800; x_wconf 78' lang='grc' dir='ltr'>μενος,ὁ</span> <span class='ocrx_word' id='word_1_374' title='bbox 597 4727 814 4786; x_wconf 75' lang='grc' dir='ltr'>ποιητὴς</span> <span class='ocrx_word' id='word_1_375' title='bbox 853 4743 952 4776; x_wconf 88' lang='grc' dir='ltr'>των</span> <span class='ocrx_word' id='word_1_376' title='bbox 995 4723 1138 4798; x_wconf 82' lang='grc' dir='ltr'>ἱερῶν</span> <span class='ocrx_word' id='word_1_377' title='bbox 1189 4721 1456 4796; x_wconf 77' lang='grc' dir='ltr'>ᾀσμάτων,</span> <span class='ocrx_word' id='word_1_378' title='bbox 1508 4721 1563 4782; x_wconf 79' lang='grc' dir='ltr'>ἐκ</span> <span class='ocrx_word' id='word_1_379' title='bbox 1605 4730 1702 4787; x_wconf 79' lang='grc' dir='ltr'>τῆς</span> <span class='ocrx_word' id='word_1_380' title='bbox 1741 4728 1947 4802; x_wconf 70' lang='grc' dir='ltr'>μανίας,</span> 
     </span>
    </p>
   </div>
   <div class='ocr_carea' id='block_1_50' title="bbox 340 4809 1950 4889">
    <p class='ocr_par' dir='ltr' id='par_1_50' title="bbox 340 4809 1950 4889">
     <span class='ocr_line' id='line_1_50' title="bbox 340 4809 1950 4889; baseline 0 -21"><span class='ocrx_word' id='word_1_381' title='bbox 340 4818 410 4878; x_wconf 85' lang='grc' dir='ltr'>ὥς</span> <span class='ocrx_word' id='word_1_382' title='bbox 444 4834 592 4889; x_wconf 79' lang='grc' dir='ltr'>φασι,</span> <span class='ocrx_word' id='word_1_383' title='bbox 625 4817 713 4867; x_wconf 83' lang='grc' dir='ltr'>τὸν</span> <span class='ocrx_word' id='word_1_384' title='bbox 741 4810 965 4886; x_wconf 78' lang='grc' dir='ltr'>βασιλέα</span> <span class='ocrx_word' id='word_1_385' title='bbox 1015 4813 1269 4871; x_wconf 79' lang='grc' dir='ltr'>καθίστη·</span> <span class='ocrx_word' id='word_1_386' title='bbox 1301 4817 1523 4885; x_wconf 84' lang='grc' dir='ltr'>Λέγεται</span> <span class='ocrx_word' id='word_1_387' title='bbox 1555 4809 1614 4866; x_wconf 74' lang='grc' dir='ltr'>δὲ</span> <span class='ocrx_word' id='word_1_388' title='bbox 1643 4817 1735 4867; x_wconf 86' lang='grc' dir='ltr'>καὶ</span> <span class='ocrx_word' id='word_1_389' title='bbox 1777 4817 1950 4868; x_wconf 89' lang='grc' dir='ltr'>Πυθα-</span> 
     </span>
    </p>
   </div>
   <div class='ocr_carea' id='block_1_51' title="bbox 339 4902 1949 4981">
    <p class='ocr_par' dir='ltr' id='par_1_51' title="bbox 339 4902 1949 4981">
     <span class='ocr_line' id='line_1_51' title="bbox 339 4902 1949 4981; baseline -0.002 -22"><span class='ocrx_word' id='word_1_390' title='bbox 339 4911 538 4981; x_wconf 83' lang='grc' dir='ltr'>γόραν,</span> <span class='ocrx_word' id='word_1_391' title='bbox 585 4909 891 4978; x_wconf 84' lang='grc' dir='ltr'>κωμασταῖς</span> <span class='ocrx_word' id='word_1_392' title='bbox 948 4905 1308 4975; x_wconf 83' lang='grc' dir='ltr'>περιτυχόντα</span> <span class='ocrx_word' id='word_1_393' title='bbox 1363 4905 1657 4976; x_wconf 78' lang='grc' dir='ltr'>μεθύουσι,</span> <span class='ocrx_word' id='word_1_394' title='bbox 1708 4902 1949 4958; x_wconf 82' lang='grc' dir='ltr'>κελεῦσαι</span> 
     </span>
    </p>
   </div>
   <div class='ocr_carea' id='block_1_52' title="bbox 415 5045 1390 5121">
    <p class='ocr_par' dir='ltr' id='par_1_52' title="bbox 415 5045 1390 5121">
     <span class='ocr_line' id='line_1_52' title="bbox 415 5045 1390 5121; baseline -0.002 -18"><span class='ocrx_word' id='word_1_395' title='bbox 415 5049 530 5116; x_wconf 73' lang='grc'>(85)</span> <span class='ocrx_word' id='word_1_396' title='bbox 570 5046 810 5121; x_wconf 74' lang='lat' dir='ltr'>Antiqui</span> <span class='ocrx_word' id='word_1_397' title='bbox 841 5045 965 5121; x_wconf 86' lang='lat' dir='ltr'>duo</span> <span class='ocrx_word' id='word_1_398' title='bbox 994 5045 1132 5102; x_wconf 84' lang='lat' dir='ltr'><strong>libri</strong></span> <span class='ocrx_word' id='word_1_399' title='bbox 1162 5046 1390 5119; x_wconf 77' lang='grc' dir='ltr'>ἄγοντες.</span> 
     </span>
    </p>
   </div>
   <div class='ocr_carea' id='block_1_53' title="bbox 415 5119 1948 5194">
    <p class='ocr_par' dir='ltr' id='par_1_53' title="bbox 415 5119 1948 5194">
     <span class='ocr_line' id='line_1_53' title="bbox 415 5119 1948 5194; baseline -0.004 -18"><span class='ocrx_word' id='word_1_400' title='bbox 415 5122 529 5191; x_wconf 75' lang='grc'>(66)</span> <span class='ocrx_word' id='word_1_401' title='bbox 568 5119 744 5194; x_wconf 62' lang='grc' dir='ltr'>ῼοιὸῖ</span> <span class='ocrx_word' id='word_1_402' title='bbox 765 5119 974 5194; x_wconf 84' lang='lat' dir='ltr'>tertius</span> <span class='ocrx_word' id='word_1_403' title='bbox 1020 5121 1247 5194; x_wconf 39' lang='grc' dir='ltr'>πρὸς-τὸ</span> <span class='ocrx_word' id='word_1_404' title='bbox 1295 5127 1450 5191; x_wconf 85' lang='grc' dir='ltr'>σῶμα</span> <span class='ocrx_word' id='word_1_405' title='bbox 1485 5122 1778 5194; x_wconf 69' lang='grc' dir='ltr'>κοινωνίας.</span> <span class='ocrx_word' id='word_1_406' title='bbox 1830 5123 1948 5176; x_wconf 82' lang='lat' dir='ltr'>Nec</span> 
     </span>
    </p>
   </div>
   <div class='ocr_carea' id='block_1_54' title="bbox 341 5190 1948 5264">
    <p class='ocr_par' dir='ltr' id='par_1_54' title="bbox 341 5190 1948 5264">
     <span class='ocr_line' id='line_1_54' title="bbox 341 5190 1948 5264; baseline 0.001 -16"><span class='ocrx_word' id='word_1_407' title='bbox 341 5191 435 5264; x_wconf 82' lang='lat' dir='ltr'>ita</span> <span class='ocrx_word' id='word_1_408' title='bbox 472 5191 669 5264; x_wconf 88' lang='lat' dir='ltr'>multo</span> <span class='ocrx_word' id='word_1_409' title='bbox 705 5195 845 5264; x_wconf 79' lang='lat' dir='ltr'>post</span> <span class='ocrx_word' id='word_1_410' title='bbox 892 5190 1071 5260; x_wconf 65' lang='lat' dir='ltr'>Regii&#39;</span> <span class='ocrx_word' id='word_1_411' title='bbox 1091 5190 1324 5262; x_wconf 88' lang='lat' dir='ltr'>primus</span> <span class='ocrx_word' id='word_1_412' title='bbox 1355 5190 1412 5246; x_wconf 86' lang='lat' dir='ltr'>et</span> <span class='ocrx_word' id='word_1_413' title='bbox 1443 5191 1752 5264; x_wconf 84' lang='lat' dir='ltr'>secundus</span> <span class='ocrx_word' id='word_1_414' title='bbox 1805 5207 1948 5249; x_wconf 89' lang='lat' dir='ltr'>cum</span> 
     </span>
    </p>
   </div>
   <div class='ocr_carea' id='block_1_55' title="bbox 341 5259 1948 5336">
    <p class='ocr_par' dir='ltr' id='par_1_55' title="bbox 341 5259 1948 5336">
     <span class='ocr_line' id='line_1_55' title="bbox 341 5259 1948 5336; baseline 0 -16"><span class='ocrx_word' id='word_1_415' title='bbox 341 5263 506 5336; x_wconf 87' lang='lat' dir='ltr'>Colb.</span> <span class='ocrx_word' id='word_1_416' title='bbox 543 5259 728 5319; x_wconf 48' lang='lat' dir='ltr'>tertio’</span> <span class='ocrx_word' id='word_1_417' title='bbox 751 5259 951 5336; x_wconf 72' lang='grc' dir='ltr'>ἣδιστα</span> <span class='ocrx_word' id='word_1_418' title='bbox 975 5259 1258 5336; x_wconf 64' lang='grc' dir='ltr'>προσῆκεν.</span> <span class='ocrx_word' id='word_1_419' title='bbox 1289 5264 1413 5320; x_wconf 81' lang='lat' dir='ltr'>Vox</span> <span class='ocrx_word' id='word_1_420' title='bbox 1441 5262 1658 5320; x_wconf 89' lang='lat' dir='ltr'>ultima</span> <span class='ocrx_word' id='word_1_421' title='bbox 1681 5263 1858 5321; x_wconf 80' lang='lat' dir='ltr'>deest</span> <span class='ocrx_word' id='word_1_422' title='bbox 1883 5264 1948 5320; x_wconf 91' lang='lat' dir='ltr'>in</span> 
     </span>
    </p>
   </div>
   <div class='ocr_carea' id='block_1_56' title="bbox 340 5332 1269 5408">
    <p class='ocr_par' dir='ltr' id='par_1_56' title="bbox 340 5332 1269 5408">
     <span class='ocr_line' id='line_1_56' title="bbox 340 5332 1269 5408; baseline -0.001 -16"><span class='ocrx_word' id='word_1_423' title='bbox 340 5335 475 5393; x_wconf 88' lang='lat' dir='ltr'>aliis</span> <span class='ocrx_word' id='word_1_424' title='bbox 502 5339 860 5408; x_wconf 76' lang='lat' dir='ltr'>mss.atque</span> <span class='ocrx_word' id='word_1_425' title='bbox 890 5333 950 5388; x_wconf 89' lang='lat' dir='ltr'>in</span> <span class='ocrx_word' id='word_1_426' title='bbox 983 5332 1269 5408; x_wconf 65' lang='lat' dir='ltr'>vulgatis.</span> 
     </span>
    </p>
   </div>
   <div class='ocr_carea' id='block_1_57' title="bbox 409 5405 1947 5482">
    <p class='ocr_par' dir='ltr' id='par_1_57' title="bbox 409 5405 1947 5482">
     <span class='ocr_line' id='line_1_57' title="bbox 409 5405 1947 5482; baseline -0.002 -20"><span class='ocrx_word' id='word_1_427' title='bbox 409 5409 524 5479; x_wconf 73' lang='grc'>(67)</span> <span class='ocrx_word' id='word_1_428' title='bbox 565 5405 777 5482; x_wconf 64' lang='grc' dir='ltr'>Εᾴἱῐὶᾰ</span> <span class='ocrx_word' id='word_1_429' title='bbox 803 5410 859 5460; x_wconf 87' lang='lat' dir='ltr'>et</span> <span class='ocrx_word' id='word_1_430' title='bbox 900 5405 1065 5482; x_wconf 81' lang='lat' dir='ltr'>Colb_.</span> <span class='ocrx_word' id='word_1_431' title='bbox 1113 5405 1326 5482; x_wconf 77' lang='lat' dir='ltr'>tertiu</span> <span class='ocrx_word' id='word_1_432' title='bbox 1363 5405 1444 5482; x_wconf 48' lang='grc' dir='ltr'>εὶς-</span> <span class='ocrx_word' id='word_1_433' title='bbox 1480 5409 1834 5482; x_wconf 65' lang='grc' dir='ltr'>τετριμμένον,</span> <span class='ocrx_word' id='word_1_434' title='bbox 1880 5409 1947 5482; x_wconf 62' lang='lat' dir='ltr'>in</span> 
     </span>
    </p>
   </div>
   <div class='ocr_carea' id='block_1_58' title="bbox 337 5478 1947 5548">
    <p class='ocr_par' dir='ltr' id='par_1_58' title="bbox 337 5478 1947 5548">
     <span class='ocr_line' id='line_1_58' title="bbox 337 5478 1947 5548; baseline -0.002 -12"><span class='ocrx_word' id='word_1_435' title='bbox 337 5480 568 5536; x_wconf 74' lang='lat' dir='ltr'>dolium</span> <span class='ocrx_word' id='word_1_436' title='bbox 604 5481 895 5548; x_wconf 77' lang='lat' dir='ltr'>fractum.</span> <span class='ocrx_word' id='word_1_437' title='bbox 928 5482 998 5534; x_wconf 76' lang='lat' dir='ltr'>At</span> <span class='ocrx_word' id='word_1_438' title='bbox 1029 5478 1192 5545; x_wconf 79' lang='lat' dir='ltr'>Regii</span> <span class='ocrx_word' id='word_1_439' title='bbox 1223 5479 1525 5533; x_wconf 89' lang='lat' dir='ltr'>secundus</span> <span class='ocrx_word' id='word_1_440' title='bbox 1555 5478 1848 5536; x_wconf 32' lang='lat' dir='ltr'>alt—tertius</span> <span class='ocrx_word' id='word_1_441' title='bbox 1878 5479 1947 5542; x_wconf 82' lang='grc' dir='ltr'>εἰς</span> 
     </span>
    </p>
   </div>
   <div class='ocr_carea' id='block_1_59' title="bbox 337 5550 1944 5626">
    <p class='ocr_par' dir='ltr' id='par_1_59' title="bbox 337 5550 1944 5626">
     <span class='ocr_line' id='line_1_59' title="bbox 337 5550 1944 5626; baseline 0.002 -22"><span class='ocrx_word' id='word_1_442' title='bbox 337 5554 665 5626; x_wconf 79' lang='grc' dir='ltr'>τετρημένον,</span> <span class='ocrx_word' id='word_1_443' title='bbox 681 5552 744 5606; x_wconf 80' lang='lat' dir='ltr'>in</span> <span class='ocrx_word' id='word_1_444' title='bbox 761 5550 987 5606; x_wconf 79' lang='lat' dir='ltr'>dolium</span> <span class='ocrx_word' id='word_1_445' title='bbox 1007 5554 1319 5626; x_wconf 77' lang='lat' dir='ltr'>pertusum</span> <span class='ocrx_word' id='word_1_446' title='bbox 1333 5565 1558 5626; x_wconf 72' lang='lat' dir='ltr'>:quam</span> <span class='ocrx_word' id='word_1_447' title='bbox 1581 5550 1944 5626; x_wconf 78' lang='lat' dir='ltr'>scripturam</span> 
     </span>
    </p>
   </div>
   <div class='ocr_carea' id='block_1_60' title="bbox 339 5619 1946 5695">
    <p class='ocr_par' dir='ltr' id='par_1_60' title="bbox 339 5619 1946 5695">
     <span class='ocr_line' id='line_1_60' title="bbox 339 5619 1946 5695; baseline 0 -15"><span class='ocrx_word' id='word_1_448' title='bbox 339 5619 548 5680; x_wconf 78' lang='lat' dir='ltr'>veram</span> <span class='ocrx_word' id='word_1_449' title='bbox 588 5637 719 5680; x_wconf 91' lang='lat' dir='ltr'>esse</span> <span class='ocrx_word' id='word_1_450' title='bbox 758 5626 814 5678; x_wconf 91' lang='lat' dir='ltr'>et</span> <span class='ocrx_word' id='word_1_451' title='bbox 854 5619 1185 5691; x_wconf 82' lang='lat' dir='ltr'>genuinam</span> <span class='ocrx_word' id='word_1_452' title='bbox 1223 5619 1616 5692; x_wconf 79' lang='lat' dir='ltr'>quotidianus</span> <span class='ocrx_word' id='word_1_453' title='bbox 1653 5619 1946 5695; x_wconf 81' lang='lat' dir='ltr'>loquendi</span> 
     </span>
    </p>
   </div>
   <div class='ocr_carea' id='block_1_61' title="bbox 1295 285 2738 362">
    <p class='ocr_par' dir='ltr' id='par_1_61' title="bbox 1295 285 2738 362">
     <span class='ocr_line' id='line_1_61' title="bbox 1295 285 2738 362; baseline -0.002 -15"><span class='ocrx_word' id='word_1_454' title='bbox 1295 293 1523 347; x_wconf 83' lang='lat' dir='ltr'>SERMO</span> <span class='ocrx_word' id='word_1_455' title='bbox 1564 292 1652 345; x_wconf 87' lang='lat' dir='ltr'><strong>DE</strong></span> <span class='ocrx_word' id='word_1_456' title='bbox 1694 285 2035 344; x_wconf 73' lang='lat' dir='ltr'>LEGENDIS</span> <span class='ocrx_word' id='word_1_457' title='bbox 2080 285 2300 343; x_wconf 83' lang='lat' dir='ltr'>LIBRIS</span> <span class='ocrx_word' id='word_1_458' title='bbox 2340 291 2738 362; x_wconf 79' lang='lat' dir='ltr'>GENTILIUM.</span> 
     </span>
    </p>
   </div>
   <div class='ocr_carea' id='block_1_62' title="bbox 3603 309 3707 362">
    <p class='ocr_par' dir='ltr' id='par_1_62' title="bbox 3603 309 3707 362">
     <span class='ocr_line' id='line_1_62' title="bbox 3603 309 3707 362; baseline 0.01 -1"><span class='ocrx_word' id='word_1_459' title='bbox 3603 309 3707 362; x_wconf 77' lang='lat'>582</span> 
     </span>
    </p>
   </div>
   <div class='ocr_carea' id='block_1_63' title="bbox 2052 407 3698 491">
    <p class='ocr_par' dir='ltr' id='par_1_63' title="bbox 2052 407 3698 491">
     <span class='ocr_line' id='line_1_63' title="bbox 2052 407 3698 491; baseline 0.014 -27"><span class='ocrx_word' id='word_1_460' title='bbox 2052 407 2229 479; x_wconf 86' lang='lat' dir='ltr'>longe</span> <span class='ocrx_word' id='word_1_461' title='bbox 2289 414 2524 484; x_wconf 86' lang='lat' dir='ltr'>majora</span> <span class='ocrx_word' id='word_1_462' title='bbox 2581 415 2852 486; x_wconf 78' lang='lat' dir='ltr'>perferet.</span> <span class='ocrx_word' id='word_1_463' title='bbox 2914 418 3065 482; x_wconf 84' lang='lat' dir='ltr'>Quid</span> <span class='ocrx_word' id='word_1_464' title='bbox 3123 419 3300 491; x_wconf 80' lang='lat' dir='ltr'>igitur</span> <span class='ocrx_word' id='word_1_465' title='bbox 3355 424 3698 486; x_wconf 82' lang='lat' dir='ltr'>faciemus?</span> 
     </span>
    </p>
   </div>
   <div class='ocr_carea' id='block_1_64' title="bbox 2052 499 3705 576">
    <p class='ocr_par' dir='ltr' id='par_1_64' title="bbox 2052 499 3705 576">
     <span class='ocr_line' id='line_1_64' title="bbox 2052 499 3705 576; baseline 0.015 -23"><span class='ocrx_word' id='word_1_466' title='bbox 2052 499 2209 556; x_wconf 86' lang='lat' dir='ltr'>dicet</span> <span class='ocrx_word' id='word_1_467' title='bbox 2250 501 2488 575; x_wconf 86' lang='lat' dir='ltr'>aliquis.</span> <span class='ocrx_word' id='word_1_468' title='bbox 2523 505 2677 569; x_wconf 90' lang='lat' dir='ltr'>Quid</span> <span class='ocrx_word' id='word_1_469' title='bbox 2725 505 2912 570; x_wconf 85' lang='lat' dir='ltr'>aliud,</span> <span class='ocrx_word' id='word_1_470' title='bbox 2944 508 3064 563; x_wconf 89' lang='lat' dir='ltr'>nisi</span> <span class='ocrx_word' id='word_1_471' title='bbox 3112 516 3175 566; x_wconf 92' lang='lat' dir='ltr'>ut</span> <span class='ocrx_word' id='word_1_472' title='bbox 3223 514 3441 573; x_wconf 68' lang='lat' dir='ltr'>anima:</span> <span class='ocrx_word' id='word_1_473' title='bbox 3493 536 3705 576; x_wconf 88' lang='lat' dir='ltr'>curam</span> 
     </span>
    </p>
   </div>
   <div class='ocr_carea' id='block_1_65' title="bbox 2053 592 3305 660">
    <p class='ocr_par' dir='ltr' id='par_1_65' title="bbox 2053 592 3305 660">
     <span class='ocr_line' id='line_1_65' title="bbox 2053 592 3305 660; baseline 0.011 -17"><span class='ocrx_word' id='word_1_474' title='bbox 2053 603 2357 660; x_wconf 83' lang='lat' dir='ltr'>geramus,</span> <span class='ocrx_word' id='word_1_475' title='bbox 2391 592 2469 648; x_wconf 89' lang='lat' dir='ltr'>ab</span> <span class='ocrx_word' id='word_1_476' title='bbox 2495 593 2784 650; x_wconf 88' lang='lat' dir='ltr'>omnibus</span> <span class='ocrx_word' id='word_1_477' title='bbox 2819 595 2949 652; x_wconf 90' lang='lat' dir='ltr'>aliis</span> <span class='ocrx_word' id='word_1_478' title='bbox 2970 605 3256 656; x_wconf 86' lang='lat' dir='ltr'>vacantes</span> <span class='ocrx_word' id='word_1_479' title='bbox 3277 604 3305 657; x_wconf 73' lang='lat' dir='ltr'>‘I</span> 
     </span>
    </p>
   </div>
   <div class='ocr_carea' id='block_1_66' title="bbox 2123 682 3710 759">
    <p class='ocr_par' dir='ltr' id='par_1_66' title="bbox 2123 682 3710 759">
     <span class='ocr_line' id='line_1_66' title="bbox 2123 682 3710 759; baseline 0.013 -25"><span class='ocrx_word' id='word_1_480' title='bbox 2123 685 2176 734; x_wconf 88' lang='lat'>7.</span> <span class='ocrx_word' id='word_1_481' title='bbox 2219 683 2345 736; x_wconf 82' lang='lat' dir='ltr'>Non</span> <span class='ocrx_word' id='word_1_482' title='bbox 2368 682 2547 751; x_wconf 81' lang='lat' dir='ltr'>igitur</span> <span class='ocrx_word' id='word_1_483' title='bbox 2567 684 2804 756; x_wconf 83' lang='lat' dir='ltr'>corpori</span> <span class='ocrx_word' id='word_1_484' title='bbox 2829 685 3302 759; x_wconf 83' lang='lat' dir='ltr'>inserviendum,</span> <span class='ocrx_word' id='word_1_485' title='bbox 3318 694 3436 749; x_wconf 85' lang='lat' dir='ltr'>nisi</span> <span class='ocrx_word' id='word_1_486' title='bbox 3458 698 3710 755; x_wconf 88' lang='lat' dir='ltr'>omnino</span> 
     </span>
    </p>
   </div>
   <div class='ocr_carea' id='block_1_67' title="bbox 2051 771 3713 846">
    <p class='ocr_par' dir='ltr' id='par_1_67' title="bbox 2051 771 3713 846">
     <span class='ocr_line' id='line_1_67' title="bbox 2051 771 3713 846; baseline 0.011 -22"><span class='ocrx_word' id='word_1_487' title='bbox 2051 783 2303 824; x_wconf 87' lang='lat' dir='ltr'>necesse</span> <span class='ocrx_word' id='word_1_488' title='bbox 2335 771 2432 841; x_wconf 86' lang='lat' dir='ltr'>sit:</span> <span class='ocrx_word' id='word_1_489' title='bbox 2461 771 2568 827; x_wconf 90' lang='lat' dir='ltr'>sed</span> <span class='ocrx_word' id='word_1_490' title='bbox 2598 788 2669 828; x_wconf 92' lang='lat' dir='ltr'>ea</span> <span class='ocrx_word' id='word_1_491' title='bbox 2698 789 2833 844; x_wconf 67' lang='lat' dir='ltr'>quae</span> <span class='ocrx_word' id='word_1_492' title='bbox 2865 775 3100 846; x_wconf 84' lang='lat' dir='ltr'>potiora</span> <span class='ocrx_word' id='word_1_493' title='bbox 3129 785 3289 846; x_wconf 85' lang='lat' dir='ltr'>sunt,</span> <span class='ocrx_word' id='word_1_494' title='bbox 3321 783 3537 840; x_wconf 62' lang='lat' dir='ltr'>anima;</span> <span class='ocrx_word' id='word_1_495' title='bbox 3571 791 3713 843; x_wconf 90' lang='lat' dir='ltr'>sunt</span> 
     </span>
    </p>
   </div>
   <div class='ocr_carea' id='block_1_68' title="bbox 2053 857 3711 947">
    <p class='ocr_par' dir='ltr' id='par_1_68' title="bbox 2053 857 3711 947">
     <span class='ocr_line' id='line_1_68' title="bbox 2053 857 3711 947; baseline 0.011 -33"><span class='ocrx_word' id='word_1_496' title='bbox 2053 857 2394 927; x_wconf 90' lang='lat' dir='ltr'>tribuenda,</span> <span class='ocrx_word' id='word_1_497' title='bbox 2427 861 2507 917; x_wconf 89' lang='lat' dir='ltr'>ita</span> <span class='ocrx_word' id='word_1_498' title='bbox 2538 867 2602 918; x_wconf 90' lang='lat' dir='ltr'>ut</span> <span class='ocrx_word' id='word_1_499' title='bbox 2625 863 2827 934; x_wconf 85' lang='lat' dir='ltr'>ipsam</span> <span class='ocrx_word' id='word_1_500' title='bbox 2856 880 2926 919; x_wconf 81' lang='lat' dir='ltr'>ex</span> <span class='ocrx_word' id='word_1_501' title='bbox 2954 881 3024 921; x_wconf 89' lang='lat' dir='ltr'>ea</span> <span class='ocrx_word' id='word_1_502' title='bbox 3054 883 3239 939; x_wconf 89' lang='lat' dir='ltr'>quam</span> <span class='ocrx_word' id='word_1_503' title='bbox 3272 887 3411 927; x_wconf 92' lang='lat' dir='ltr'>cum</span> <span class='ocrx_word' id='word_1_504' title='bbox 3441 877 3711 947; x_wconf 91' lang='lat' dir='ltr'>corporis</span> 
     </span>
    </p>
   </div>
   <div class='ocr_carea' id='block_1_69' title="bbox 2054 946 3712 1031">
    <p class='ocr_par' dir='ltr' id='par_1_69' title="bbox 2054 946 3712 1031">
     <span class='ocr_line' id='line_1_69' title="bbox 2054 946 3712 1031; baseline 0.013 -30"><span class='ocrx_word' id='word_1_505' title='bbox 2054 946 2474 1004; x_wconf 74' lang='lat' dir='ltr'>affectionibus</span> <span class='ocrx_word' id='word_1_506' title='bbox 2495 950 2679 1006; x_wconf 87' lang='lat' dir='ltr'>habet</span> <span class='ocrx_word' id='word_1_507' title='bbox 2698 955 3148 1023; x_wconf 87' lang='lat' dir='ltr'>communione,</span> <span class='ocrx_word' id='word_1_508' title='bbox 3175 962 3469 1031; x_wconf 88' lang='lat' dir='ltr'>tanquam</span> <span class='ocrx_word' id='word_1_509' title='bbox 3491 946 3563 1019; x_wconf 59' lang='lat' dir='ltr'>ei</span> <span class='ocrx_word' id='word_1_510' title='bbox 3585 981 3712 1021; x_wconf 87' lang='lat' dir='ltr'>car-</span> 
     </span>
    </p>
   </div>
   <div class='ocr_carea' id='block_1_70' title="bbox 2053 1039 3708 1122">
    <p class='ocr_par' dir='ltr' id='par_1_70' title="bbox 2053 1039 3708 1122">
     <span class='ocr_line' id='line_1_70' title="bbox 2053 1039 3708 1122; baseline 0.011 -31"><span class='ocrx_word' id='word_1_511' title='bbox 2053 1052 2185 1092; x_wconf 87' lang='lat' dir='ltr'>cere</span> <span class='ocrx_word' id='word_1_512' title='bbox 2213 1053 2319 1110; x_wconf 85' lang='lat' dir='ltr'>per</span> <span class='ocrx_word' id='word_1_513' title='bbox 2339 1039 2788 1112; x_wconf 87' lang='lat' dir='ltr'>philosophiam</span> <span class='ocrx_word' id='word_1_514' title='bbox 2817 1044 3178 1112; x_wconf 84' lang='lat' dir='ltr'>eximamus,</span> <span class='ocrx_word' id='word_1_515' title='bbox 3205 1047 3505 1122; x_wconf 91' lang='lat' dir='ltr'>simulque</span> <span class='ocrx_word' id='word_1_516' title='bbox 3528 1053 3708 1119; x_wconf 86' lang='lat' dir='ltr'>etiam</span> 
     </span>
    </p>
   </div>
   <div class='ocr_carea' id='block_1_71' title="bbox 2054 1129 3710 1218">
    <p class='ocr_par' dir='ltr' id='par_1_71' title="bbox 2054 1129 3710 1218">
     <span class='ocr_line' id='line_1_71' title="bbox 2054 1129 3710 1218; baseline 0.011 -37"><span class='ocrx_word' id='word_1_517' title='bbox 2054 1143 2273 1198; x_wconf 88' lang='lat' dir='ltr'>corpus</span> <span class='ocrx_word' id='word_1_518' title='bbox 2319 1129 2475 1184; x_wconf 81' lang='lat' dir='ltr'>vitiis</span> <span class='ocrx_word' id='word_1_519' title='bbox 2507 1135 2687 1208; x_wconf 88' lang='lat' dir='ltr'>atque</span> <span class='ocrx_word' id='word_1_520' title='bbox 2717 1131 3072 1190; x_wconf 87' lang='lat' dir='ltr'>libidinibus</span> <span class='ocrx_word' id='word_1_521' title='bbox 3103 1135 3432 1196; x_wconf 88' lang='lat' dir='ltr'>reddamus</span> <span class='ocrx_word' id='word_1_522' title='bbox 3461 1142 3710 1218; x_wconf 83' lang='lat' dir='ltr'>inexpu-</span> 
     </span>
    </p>
   </div>
   <div class='ocr_carea' id='block_1_72' title="bbox 2055 1217 3716 1292">
    <p class='ocr_par' dir='ltr' id='par_1_72' title="bbox 2055 1217 3716 1292">
     <span class='ocr_line' id='line_1_72' title="bbox 2055 1217 3716 1292; baseline 0.013 -22"><span class='ocrx_word' id='word_1_523' title='bbox 2055 1217 2319 1285; x_wconf 89' lang='lat' dir='ltr'>gnabile.</span> <span class='ocrx_word' id='word_1_524' title='bbox 2347 1219 2544 1275; x_wconf 89' lang='lat' dir='ltr'>Ventri</span> <span class='ocrx_word' id='word_1_525' title='bbox 2565 1221 2811 1292; x_wconf 88' lang='lat' dir='ltr'>quidem</span> <span class='ocrx_word' id='word_1_526' title='bbox 2838 1223 3240 1284; x_wconf 88' lang='lat' dir='ltr'>ministranda</span> <span class='ocrx_word' id='word_1_527' title='bbox 3273 1235 3414 1287; x_wconf 89' lang='lat' dir='ltr'>sunt</span> <span class='ocrx_word' id='word_1_528' title='bbox 3439 1248 3716 1290; x_wconf 89' lang='lat' dir='ltr'>necessa-</span> 
     </span>
    </p>
   </div>
   <div class='ocr_carea' id='block_1_73' title="bbox 2053 1306 3714 1398">
    <p class='ocr_par' dir='ltr' id='par_1_73' title="bbox 2053 1306 3714 1398">
     <span class='ocr_line' id='line_1_73' title="bbox 2053 1306 3714 1398; baseline 0.012 -37"><span class='ocrx_word' id='word_1_529' title='bbox 2053 1306 2163 1375; x_wconf 91' lang='lat' dir='ltr'>ria,</span> <span class='ocrx_word' id='word_1_530' title='bbox 2196 1323 2320 1364; x_wconf 89' lang='lat' dir='ltr'>non</span> <span class='ocrx_word' id='word_1_531' title='bbox 2351 1323 2490 1380; x_wconf 68' lang='lat' dir='ltr'>quae</span> <span class='ocrx_word' id='word_1_532' title='bbox 2525 1315 2666 1365; x_wconf 89' lang='lat' dir='ltr'>sunt</span> <span class='ocrx_word' id='word_1_533' title='bbox 2694 1328 2989 1385; x_wconf 85' lang='lat' dir='ltr'>perquam</span> <span class='ocrx_word' id='word_1_534' title='bbox 3018 1315 3318 1388; x_wconf 89' lang='lat' dir='ltr'>jucunda,</span> <span class='ocrx_word' id='word_1_535' title='bbox 3349 1321 3512 1379; x_wconf 89' lang='lat' dir='ltr'>velut</span> <span class='ocrx_word' id='word_1_536' title='bbox 3540 1323 3578 1380; x_wconf 91' lang='lat' dir='ltr'>ii</span> <span class='ocrx_word' id='word_1_537' title='bbox 3607 1323 3714 1398; x_wconf 89' lang='lat' dir='ltr'>qui</span> 
     </span>
    </p>
   </div>
   <div class='ocr_carea' id='block_1_74' title="bbox 2055 1399 3712 1486">
    <p class='ocr_par' dir='ltr' id='par_1_74' title="bbox 2055 1399 3712 1486">
     <span class='ocr_line' id='line_1_74' title="bbox 2055 1399 3712 1486; baseline 0.013 -37"><span class='ocrx_word' id='word_1_538' title='bbox 2055 1399 2357 1468; x_wconf 86' lang='lat' dir='ltr'>quosdam</span> <span class='ocrx_word' id='word_1_539' title='bbox 2387 1409 2743 1456; x_wconf 80' lang='lat' dir='ltr'>mensarum</span> <span class='ocrx_word' id='word_1_540' title='bbox 2765 1407 3087 1460; x_wconf 82' lang='lat' dir='ltr'>structores</span> <span class='ocrx_word' id='word_1_541' title='bbox 3121 1423 3474 1483; x_wconf 88' lang='lat' dir='ltr'>coquosque</span> <span class='ocrx_word' id='word_1_542' title='bbox 3506 1414 3712 1486; x_wconf 83' lang='lat' dir='ltr'>exqui-</span> 
     </span>
    </p>
   </div>
   <div class='ocr_carea' id='block_1_75' title="bbox 2055 1490 3717 1571">
    <p class='ocr_par' dir='ltr' id='par_1_75' title="bbox 2055 1490 3717 1571">
     <span class='ocr_line' id='line_1_75' title="bbox 2055 1490 3717 1571; baseline 0.012 -31"><span class='ocrx_word' id='word_1_543' title='bbox 2055 1490 2215 1553; x_wconf 86' lang='lat' dir='ltr'>runt,</span> <span class='ocrx_word' id='word_1_544' title='bbox 2261 1492 2570 1561; x_wconf 80' lang='lat' dir='ltr'>totamque</span> <span class='ocrx_word' id='word_1_545' title='bbox 2619 1493 2839 1546; x_wconf 87' lang='lat' dir='ltr'>terram</span> <span class='ocrx_word' id='word_1_546' title='bbox 2890 1508 2959 1548; x_wconf 91' lang='lat' dir='ltr'>ac</span> <span class='ocrx_word' id='word_1_547' title='bbox 3007 1509 3172 1551; x_wconf 87' lang='lat' dir='ltr'>mare</span> <span class='ocrx_word' id='word_1_548' title='bbox 3201 1499 3524 1571; x_wconf 84' lang='lat' dir='ltr'>vestigant,</span> <span class='ocrx_word' id='word_1_549' title='bbox 3556 1503 3717 1568; x_wconf 87' lang='lat' dir='ltr'>velut</span> 
     </span>
    </p>
   </div>
   <div class='ocr_carea' id='block_1_76' title="bbox 2059 1577 3712 1655">
    <p class='ocr_par' dir='ltr' id='par_1_76' title="bbox 2059 1577 3712 1655">
     <span class='ocr_line' id='line_1_76' title="bbox 2059 1577 3712 1655; baseline 0.012 -25"><span class='ocrx_word' id='word_1_550' title='bbox 2059 1592 2306 1632; x_wconf 91' lang='lat' dir='ltr'>moroso</span> <span class='ocrx_word' id='word_1_551' title='bbox 2332 1577 2478 1634; x_wconf 90' lang='lat' dir='ltr'>hero</span> <span class='ocrx_word' id='word_1_552' title='bbox 2511 1578 2732 1635; x_wconf 90' lang='lat' dir='ltr'>tributa</span> <span class='ocrx_word' id='word_1_553' title='bbox 2751 1581 3108 1652; x_wconf 79' lang='lat' dir='ltr'>pendentes,</span> <span class='ocrx_word' id='word_1_554' title='bbox 3127 1584 3296 1655; x_wconf 86' lang='lat' dir='ltr'>digni</span> <span class='ocrx_word' id='word_1_555' title='bbox 3322 1589 3712 1650; x_wconf 88' lang='lat' dir='ltr'>miseratione</span> 
     </span>
    </p>
   </div>
   <div class='ocr_carea' id='block_1_77' title="bbox 2057 1665 3712 1756">
    <p class='ocr_par' dir='ltr' id='par_1_77' title="bbox 2057 1665 3712 1756">
     <span class='ocr_line' id='line_1_77' title="bbox 2057 1665 3712 1756; baseline 0.011 -35"><span class='ocrx_word' id='word_1_556' title='bbox 2057 1665 2138 1721; x_wconf 87' lang='lat' dir='ltr'>ob</span> <span class='ocrx_word' id='word_1_557' title='bbox 2169 1667 2469 1738; x_wconf 87' lang='lat' dir='ltr'>ejusmodi</span> <span class='ocrx_word' id='word_1_558' title='bbox 2496 1669 2983 1742; x_wconf 86' lang='lat' dir='ltr'>occupationem,</span> <span class='ocrx_word' id='word_1_559' title='bbox 3002 1673 3170 1730; x_wconf 89' lang='lat' dir='ltr'>haud</span> <span class='ocrx_word' id='word_1_560' title='bbox 3189 1678 3494 1735; x_wconf 87' lang='lat' dir='ltr'>remissius</span> <span class='ocrx_word' id='word_1_561' title='bbox 3524 1698 3712 1756; x_wconf 88' lang='lat' dir='ltr'>quam</span> 
     </span>
    </p>
   </div>
   <div class='ocr_carea' id='block_1_78' title="bbox 2057 1755 3712 1839">
    <p class='ocr_par' dir='ltr' id='par_1_78' title="bbox 2057 1755 3712 1839">
     <span class='ocr_line' id='line_1_78' title="bbox 2057 1755 3712 1839; baseline 0.011 -29"><span class='ocrx_word' id='word_1_562' title='bbox 2057 1755 2162 1828; x_wconf 90' lang='lat' dir='ltr'>qui</span> <span class='ocrx_word' id='word_1_563' title='bbox 2204 1756 2265 1812; x_wconf 90' lang='lat' dir='ltr'>in</span> <span class='ocrx_word' id='word_1_564' title='bbox 2311 1756 2544 1814; x_wconf 85' lang='lat' dir='ltr'>inferno</span> <span class='ocrx_word' id='word_1_565' title='bbox 2576 1764 2917 1832; x_wconf 84' lang='lat' dir='ltr'>versantur,</span> <span class='ocrx_word' id='word_1_566' title='bbox 2943 1764 3288 1836; x_wconf 82' lang='lat' dir='ltr'>cxcruciati,</span> <span class='ocrx_word' id='word_1_567' title='bbox 3316 1767 3498 1839; x_wconf 85' lang='lat' dir='ltr'>plane</span> <span class='ocrx_word' id='word_1_568' title='bbox 3521 1755 3712 1828; x_wconf 88' lang='lat' dir='ltr'>disse-</span> 
     </span>
    </p>
   </div>
   <div class='ocr_carea' id='block_1_79' title="bbox 2057 1846 3712 1934">
    <p class='ocr_par' dir='ltr' id='par_1_79' title="bbox 2057 1846 3712 1934">
     <span class='ocr_line' id='line_1_79' title="bbox 2057 1846 3712 1934; baseline 0.004 -33"><span class='ocrx_word' id='word_1_569' title='bbox 2057 1851 2264 1902; x_wconf 85' lang='lat' dir='ltr'>cantes</span> <span class='ocrx_word' id='word_1_570' title='bbox 2293 1846 2520 1916; x_wconf 80' lang='lat' dir='ltr'>ignem,</span> <span class='ocrx_word' id='word_1_571' title='bbox 2543 1849 2742 1905; x_wconf 90' lang='lat' dir='ltr'>cribro</span> <span class='ocrx_word' id='word_1_572' title='bbox 2773 1849 3028 1908; x_wconf 83' lang='lat' dir='ltr'>ferentes</span> <span class='ocrx_word' id='word_1_573' title='bbox 3060 1870 3307 1927; x_wconf 88' lang='lat' dir='ltr'>aquam,</span> <span class='ocrx_word' id='word_1_574' title='bbox 3336 1864 3393 1914; x_wconf 76' lang='lat' dir='ltr'>et</span> <span class='ocrx_word' id='word_1_575' title='bbox 3419 1860 3481 1915; x_wconf 91' lang='lat' dir='ltr'>in</span> <span class='ocrx_word' id='word_1_576' title='bbox 3510 1866 3712 1934; x_wconf 86' lang='lat' dir='ltr'>pertu.</span> 
     </span>
    </p>
   </div>
   <div class='ocr_carea' id='block_1_80' title="bbox 2057 1936 3714 2009">
    <p class='ocr_par' dir='ltr' id='par_1_80' title="bbox 2057 1936 3714 2009">
     <span class='ocr_line' id='line_1_80' title="bbox 2057 1936 3714 2009; baseline 0.011 -19"><span class='ocrx_word' id='word_1_577' title='bbox 2057 1953 2192 1992; x_wconf 87' lang='lat' dir='ltr'>sum</span> <span class='ocrx_word' id='word_1_578' title='bbox 2233 1936 2464 1992; x_wconf 90' lang='lat' dir='ltr'>dolium</span> <span class='ocrx_word' id='word_1_579' title='bbox 2503 1937 2908 2008; x_wconf 86' lang='lat' dir='ltr'>infundentes,</span> <span class='ocrx_word' id='word_1_580' title='bbox 2939 1941 3219 2000; x_wconf 87' lang='lat' dir='ltr'>laborum</span> <span class='ocrx_word' id='word_1_581' title='bbox 3263 1945 3447 2005; x_wconf 85' lang='lat' dir='ltr'>ﬁnem</span> <span class='ocrx_word' id='word_1_582' title='bbox 3477 1951 3714 2009; x_wconf 89' lang='lat' dir='ltr'>nullum</span> 
     </span>
    </p>
   </div>
   <div class='ocr_carea' id='block_1_81' title="bbox 2058 2026 3714 2115">
    <p class='ocr_par' dir='ltr' id='par_1_81' title="bbox 2058 2026 3714 2115">
     <span class='ocr_line' id='line_1_81' title="bbox 2058 2026 3714 2115; baseline 0.01 -33"><span class='ocrx_word' id='word_1_583' title='bbox 2058 2026 2376 2084; x_wconf 86' lang='lat' dir='ltr'>habentes.</span> <span class='ocrx_word' id='word_1_584' title='bbox 2405 2027 2624 2084; x_wconf 89' lang='lat' dir='ltr'>Comas</span> <span class='ocrx_word' id='word_1_585' title='bbox 2654 2034 2856 2086; x_wconf 90' lang='lat' dir='ltr'>autem</span> <span class='ocrx_word' id='word_1_586' title='bbox 2883 2047 2954 2087; x_wconf 91' lang='lat' dir='ltr'>ac</span> <span class='ocrx_word' id='word_1_587' title='bbox 3003 2035 3369 2094; x_wconf 90' lang='lat' dir='ltr'>vestimenta</span> <span class='ocrx_word' id='word_1_588' title='bbox 3407 2039 3543 2115; x_wconf 89' lang='lat' dir='ltr'>plus</span> <span class='ocrx_word' id='word_1_589' title='bbox 3570 2044 3714 2100; x_wconf 87' lang='lat' dir='ltr'>satis</span> 
     </span>
    </p>
   </div>
   <div class='ocr_carea' id='block_1_82' title="bbox 2058 2118 3716 2192">
    <p class='ocr_par' dir='ltr' id='par_1_82' title="bbox 2058 2118 3716 2192">
     <span class='ocr_line' id='line_1_82' title="bbox 2058 2118 3716 2192; baseline 0.011 -21"><span class='ocrx_word' id='word_1_590' title='bbox 2058 2131 2290 2186; x_wconf 88' lang='lat' dir='ltr'>curare,</span> <span class='ocrx_word' id='word_1_591' title='bbox 2314 2121 2434 2187; x_wconf 86' lang='lat' dir='ltr'>aut,</span> <span class='ocrx_word' id='word_1_592' title='bbox 2460 2122 2525 2174; x_wconf 91' lang='lat' dir='ltr'>ut</span> <span class='ocrx_word' id='word_1_593' title='bbox 2546 2118 2627 2174; x_wconf 87' lang='lat' dir='ltr'>ait</span> <span class='ocrx_word' id='word_1_594' title='bbox 2649 2119 2965 2192; x_wconf 84' lang='lat' dir='ltr'>Diogenes,</span> <span class='ocrx_word' id='word_1_595' title='bbox 2995 2122 3252 2182; x_wconf 88' lang='lat' dir='ltr'>adversa</span> <span class='ocrx_word' id='word_1_596' title='bbox 3283 2127 3525 2188; x_wconf 87' lang='lat' dir='ltr'>fortuna</span> <span class='ocrx_word' id='word_1_597' title='bbox 3549 2137 3716 2189; x_wconf 86' lang='lat' dir='ltr'>uten-</span> 
     </span>
    </p>
   </div>
   <div class='ocr_carea' id='block_1_83' title="bbox 2059 2205 3714 2279">
    <p class='ocr_par' dir='ltr' id='par_1_83' title="bbox 2059 2205 3714 2279">
     <span class='ocr_line' id='line_1_83' title="bbox 2059 2205 3714 2279; baseline 0.01 -17"><span class='ocrx_word' id='word_1_598' title='bbox 2059 2205 2208 2262; x_wconf 87' lang='lat' dir='ltr'>tium</span> <span class='ocrx_word' id='word_1_599' title='bbox 2241 2211 2350 2278; x_wconf 86' lang='lat' dir='ltr'>est,</span> <span class='ocrx_word' id='word_1_600' title='bbox 2369 2212 2472 2263; x_wconf 87' lang='lat' dir='ltr'>aut</span> <span class='ocrx_word' id='word_1_601' title='bbox 2499 2207 2886 2278; x_wconf 87' lang='lat' dir='ltr'>injustorum.</span> <span class='ocrx_word' id='word_1_602' title='bbox 2915 2213 3110 2277; x_wconf 87' lang='lat' dir='ltr'>Quare</span> <span class='ocrx_word' id='word_1_603' title='bbox 3141 2214 3552 2275; x_wconf 89' lang='lat' dir='ltr'>cincinnatum</span> <span class='ocrx_word' id='word_1_604' title='bbox 3584 2236 3714 2279; x_wconf 90' lang='lat' dir='ltr'>esse</span> 
     </span>
    </p>
   </div>
   <div class='ocr_carea' id='block_1_84' title="bbox 2059 2296 3718 2384">
    <p class='ocr_par' dir='ltr' id='par_1_84' title="bbox 2059 2296 3718 2384">
     <span class='ocr_line' id='line_1_84' title="bbox 2059 2296 3718 2384; baseline 0.011 -34"><span class='ocrx_word' id='word_1_605' title='bbox 2059 2299 2116 2350; x_wconf 88' lang='lat' dir='ltr'>et</span> <span class='ocrx_word' id='word_1_606' title='bbox 2158 2296 2474 2369; x_wconf 90' lang='lat' dir='ltr'>appellari,</span> <span class='ocrx_word' id='word_1_607' title='bbox 2504 2313 2675 2370; x_wconf 68' lang='lat' dir='ltr'>asque</span> <span class='ocrx_word' id='word_1_608' title='bbox 2721 2303 2893 2372; x_wconf 87' lang='lat' dir='ltr'>turpe</span> <span class='ocrx_word' id='word_1_609' title='bbox 2939 2303 3315 2361; x_wconf 84' lang='lat' dir='ltr'>censendum</span> <span class='ocrx_word' id='word_1_610' title='bbox 3341 2307 3499 2373; x_wconf 91' lang='lat' dir='ltr'>dico,</span> <span class='ocrx_word' id='word_1_611' title='bbox 3533 2315 3718 2384; x_wconf 88' lang='lat' dir='ltr'>atque</span> 
     </span>
    </p>
   </div>
   <div class='ocr_carea' id='block_1_85' title="bbox 2061 2385 3718 2464">
    <p class='ocr_par' dir='ltr' id='par_1_85' title="bbox 2061 2385 3718 2464">
     <span class='ocr_line' id='line_1_85' title="bbox 2061 2385 3718 2464; baseline 0.01 -25"><span class='ocrx_word' id='word_1_612' title='bbox 2061 2385 2335 2454; x_wconf 85' lang='lat' dir='ltr'>scortari,</span> <span class='ocrx_word' id='word_1_613' title='bbox 2359 2390 2464 2442; x_wconf 89' lang='lat' dir='ltr'>aut</span> <span class='ocrx_word' id='word_1_614' title='bbox 2500 2385 2714 2442; x_wconf 88' lang='lat' dir='ltr'>alienis</span> <span class='ocrx_word' id='word_1_615' title='bbox 2759 2389 2986 2464; x_wconf 84' lang='lat' dir='ltr'>nuptiis</span> <span class='ocrx_word' id='word_1_616' title='bbox 3025 2391 3322 2450; x_wconf 87' lang='lat' dir='ltr'>insidiari.</span> <span class='ocrx_word' id='word_1_617' title='bbox 3355 2396 3509 2462; x_wconf 89' lang='lat' dir='ltr'>Quid</span> <span class='ocrx_word' id='word_1_618' title='bbox 3555 2398 3718 2456; x_wconf 91' lang='lat' dir='ltr'>enim</span> 
     </span>
    </p>
   </div>
   <div class='ocr_carea' id='block_1_86' title="bbox 2060 2475 3723 2554">
    <p class='ocr_par' dir='ltr' id='par_1_86' title="bbox 2060 2475 3723 2554">
     <span class='ocr_line' id='line_1_86' title="bbox 2060 2475 3723 2554; baseline 0.011 -27"><span class='ocrx_word' id='word_1_619' title='bbox 2060 2475 2193 2545; x_wconf 85' lang='lat' dir='ltr'>ejus</span> <span class='ocrx_word' id='word_1_620' title='bbox 2223 2475 2328 2546; x_wconf 89' lang='lat' dir='ltr'>qui</span> <span class='ocrx_word' id='word_1_621' title='bbox 2360 2480 2559 2531; x_wconf 88' lang='lat' dir='ltr'>mente</span> <span class='ocrx_word' id='word_1_622' title='bbox 2590 2476 2878 2547; x_wconf 70' lang='lat' dir='ltr'>praeditus</span> <span class='ocrx_word' id='word_1_623' title='bbox 2917 2484 3004 2535; x_wconf 89' lang='lat' dir='ltr'>est</span> <span class='ocrx_word' id='word_1_624' title='bbox 3033 2479 3297 2554; x_wconf 86' lang='lat' dir='ltr'>interest,</span> <span class='ocrx_word' id='word_1_625' title='bbox 3325 2489 3528 2542; x_wconf 91' lang='lat' dir='ltr'>utrum</span> <span class='ocrx_word' id='word_1_626' title='bbox 3555 2487 3723 2545; x_wconf 88' lang='lat' dir='ltr'>tenui</span> 
     </span>
    </p>
   </div>
   <div class='ocr_carea' id='block_1_87' title="bbox 2060 2566 3720 2650">
    <p class='ocr_par' dir='ltr' id='par_1_87' title="bbox 2060 2566 3720 2650">
     <span class='ocr_line' id='line_1_87' title="bbox 2060 2566 3720 2650; baseline 0.01 -33"><span class='ocrx_word' id='word_1_627' title='bbox 2060 2579 2131 2618; x_wconf 87' lang='lat' dir='ltr'>ac</span> <span class='ocrx_word' id='word_1_628' title='bbox 2145 2568 2511 2636; x_wconf 87' lang='lat' dir='ltr'>sumptuosa</span> <span class='ocrx_word' id='word_1_629' title='bbox 2525 2571 2690 2622; x_wconf 85' lang='lat' dir='ltr'>veste</span> <span class='ocrx_word' id='word_1_630' title='bbox 2705 2566 3014 2635; x_wconf 88' lang='lat' dir='ltr'>induatur,</span> <span class='ocrx_word' id='word_1_631' title='bbox 3032 2585 3109 2626; x_wconf 90' lang='lat' dir='ltr'>an</span> <span class='ocrx_word' id='word_1_632' title='bbox 3122 2571 3374 2644; x_wconf 89' lang='lat' dir='ltr'>pallium</span> <span class='ocrx_word' id='word_1_633' title='bbox 3386 2574 3498 2632; x_wconf 88' lang='lat' dir='ltr'>vile</span> <span class='ocrx_word' id='word_1_634' title='bbox 3511 2581 3720 2650; x_wconf 86' lang='lat' dir='ltr'>gestet,</span> 
     </span>
    </p>
   </div>
   <div class='ocr_carea' id='block_1_88' title="bbox 2062 2653 3722 2724">
    <p class='ocr_par' dir='ltr' id='par_1_88' title="bbox 2062 2653 3722 2724">
     <span class='ocr_line' id='line_1_88' title="bbox 2062 2653 3722 2724; baseline 0.01 -17"><span class='ocrx_word' id='word_1_635' title='bbox 2062 2653 2247 2709; x_wconf 88' lang='lat' dir='ltr'>modo</span> <span class='ocrx_word' id='word_1_636' title='bbox 2274 2660 2329 2710; x_wconf 87' lang='lat' dir='ltr'>et</span> <span class='ocrx_word' id='word_1_637' title='bbox 2355 2653 2562 2724; x_wconf 81' lang='lat' dir='ltr'>frigori</span> <span class='ocrx_word' id='word_1_638' title='bbox 2603 2661 2658 2711; x_wconf 85' lang='lat' dir='ltr'>et</span> <span class='ocrx_word' id='word_1_639' title='bbox 2701 2655 2888 2712; x_wconf 89' lang='lat' dir='ltr'>calori</span> <span class='ocrx_word' id='word_1_640' title='bbox 2921 2659 3185 2716; x_wconf 89' lang='lat' dir='ltr'>arcendo</span> <span class='ocrx_word' id='word_1_641' title='bbox 3217 2663 3363 2719; x_wconf 86' lang='lat' dir='ltr'>satis</span> <span class='ocrx_word' id='word_1_642' title='bbox 3402 2664 3524 2721; x_wconf 83' lang='lat' dir='ltr'>sit?</span> <span class='ocrx_word' id='word_1_643' title='bbox 3549 2665 3617 2722; x_wconf 84' lang='grc' dir='ltr'>Ει</span> <span class='ocrx_word' id='word_1_644' title='bbox 3643 2665 3722 2724; x_wconf 92' lang='lat' dir='ltr'>ad</span> 
     </span>
    </p>
   </div>
   <div class='ocr_carea' id='block_1_89' title="bbox 2060 2742 3722 2819">
    <p class='ocr_par' dir='ltr' id='par_1_89' title="bbox 2060 2742 3722 2819">
     <span class='ocr_line' id='line_1_89' title="bbox 2060 2742 3722 2819; baseline 0.009 -21"><span class='ocrx_word' id='word_1_645' title='bbox 2060 2742 2221 2798; x_wconf 89' lang='lat' dir='ltr'>hunc</span> <span class='ocrx_word' id='word_1_646' title='bbox 2234 2742 2487 2798; x_wconf 89' lang='lat' dir='ltr'>modum</span> <span class='ocrx_word' id='word_1_647' title='bbox 2501 2743 2732 2817; x_wconf 89' lang='lat' dir='ltr'>reliqua</span> <span class='ocrx_word' id='word_1_648' title='bbox 2743 2761 2989 2819; x_wconf 88' lang='lat' dir='ltr'>quoque</span> <span class='ocrx_word' id='word_1_649' title='bbox 3003 2748 3586 2812; x_wconf 88' lang='lat' dir='ltr'>ultranecessitatem</span> <span class='ocrx_word' id='word_1_650' title='bbox 3597 2771 3722 2813; x_wconf 92' lang='lat' dir='ltr'>non</span> 
     </span>
    </p>
   </div>
   <div class='ocr_carea' id='block_1_90' title="bbox 2063 2832 3724 2917">
    <p class='ocr_par' dir='ltr' id='par_1_90' title="bbox 2063 2832 3724 2917">
     <span class='ocr_line' id='line_1_90' title="bbox 2063 2832 3724 2917; baseline 0.01 -30"><span class='ocrx_word' id='word_1_651' title='bbox 2063 2836 2206 2890; x_wconf 90' lang='lat' dir='ltr'>sunt</span> <span class='ocrx_word' id='word_1_652' title='bbox 2234 2832 2584 2901; x_wconf 76' lang='lat' dir='ltr'>excolenda,</span> <span class='ocrx_word' id='word_1_653' title='bbox 2617 2850 2729 2890; x_wconf 83' lang='lat' dir='ltr'>nec</span> <span class='ocrx_word' id='word_1_654' title='bbox 2761 2838 3032 2908; x_wconf 85' lang='lat' dir='ltr'>corporis</span> <span class='ocrx_word' id='word_1_655' title='bbox 3083 2839 3369 2898; x_wconf 80' lang='lat' dir='ltr'>habenda</span> <span class='ocrx_word' id='word_1_656' title='bbox 3400 2848 3488 2900; x_wconf 90' lang='lat' dir='ltr'>est</span> <span class='ocrx_word' id='word_1_657' title='bbox 3525 2846 3724 2917; x_wconf 89' lang='lat' dir='ltr'>major</span> 
     </span>
    </p>
   </div>
   <div class='ocr_carea' id='block_1_91' title="bbox 2061 2927 3722 3007">
    <p class='ocr_par' dir='ltr' id='par_1_91' title="bbox 2061 2927 3722 3007">
     <span class='ocr_line' id='line_1_91' title="bbox 2061 2927 3722 3007; baseline 0.009 -30"><span class='ocrx_word' id='word_1_658' title='bbox 2061 2938 2226 2991; x_wconf 90' lang='lat' dir='ltr'>cura,</span> <span class='ocrx_word' id='word_1_659' title='bbox 2241 2937 2429 2994; x_wconf 89' lang='lat' dir='ltr'>quam</span> <span class='ocrx_word' id='word_1_660' title='bbox 2445 2927 2743 2995; x_wconf 88' lang='lat' dir='ltr'>quantum</span> <span class='ocrx_word' id='word_1_661' title='bbox 2766 2927 2986 2983; x_wconf 73' lang='lat' dir='ltr'>animae</span> <span class='ocrx_word' id='word_1_662' title='bbox 3009 2930 3216 3000; x_wconf 85' lang='lat' dir='ltr'>prosit.</span> <span class='ocrx_word' id='word_1_663' title='bbox 3236 2933 3386 2989; x_wconf 86' lang='lat' dir='ltr'>Nam</span> <span class='ocrx_word' id='word_1_664' title='bbox 3407 2940 3722 3007; x_wconf 91' lang='lat' dir='ltr'>comptum</span> 
     </span>
    </p>
   </div>
   <div class='ocr_carea' id='block_1_92' title="bbox 2061 3013 3721 3097">
    <p class='ocr_par' dir='ltr' id='par_1_92' title="bbox 2061 3013 3721 3097">
     <span class='ocr_line' id='line_1_92' title="bbox 2061 3013 3721 3097; baseline 0.008 -29"><span class='ocrx_word' id='word_1_665' title='bbox 2061 3027 2194 3068; x_wconf 90' lang='lat' dir='ltr'>esse</span> <span class='ocrx_word' id='word_1_666' title='bbox 2232 3017 2290 3068; x_wconf 87' lang='lat' dir='ltr'>et</span> <span class='ocrx_word' id='word_1_667' title='bbox 2318 3013 2590 3085; x_wconf 81' lang='lat' dir='ltr'>corporis</span> <span class='ocrx_word' id='word_1_668' title='bbox 2623 3020 2983 3080; x_wconf 85' lang='lat' dir='ltr'>amatorem,</span> <span class='ocrx_word' id='word_1_669' title='bbox 3016 3017 3147 3074; x_wconf 86' lang='lat' dir='ltr'>viro</span> <span class='ocrx_word' id='word_1_670' title='bbox 3177 3020 3292 3077; x_wconf 86' lang='lat' dir='ltr'>hac</span> <span class='ocrx_word' id='word_1_671' title='bbox 3318 3021 3420 3078; x_wconf 90' lang='lat' dir='ltr'>illa</span> <span class='ocrx_word' id='word_1_672' title='bbox 3451 3025 3721 3097; x_wconf 85' lang='lat' dir='ltr'>appella-</span> 
     </span>
    </p>
   </div>
   <div class='ocr_carea' id='block_1_93' title="bbox 2060 3101 3723 3186">
    <p class='ocr_par' dir='ltr' id='par_1_93' title="bbox 2060 3101 3723 3186">
     <span class='ocr_line' id='line_1_93' title="bbox 2060 3101 3723 3186; baseline 0.009 -30"><span class='ocrx_word' id='word_1_673' title='bbox 2060 3101 2220 3158; x_wconf 89' lang='lat' dir='ltr'>tione</span> <span class='ocrx_word' id='word_1_674' title='bbox 2238 3116 2371 3158; x_wconf 89' lang='lat' dir='ltr'>vere</span> <span class='ocrx_word' id='word_1_675' title='bbox 2384 3101 2569 3173; x_wconf 89' lang='lat' dir='ltr'>diguo</span> <span class='ocrx_word' id='word_1_676' title='bbox 2583 3117 2704 3159; x_wconf 87' lang='lat' dir='ltr'>non</span> <span class='ocrx_word' id='word_1_677' title='bbox 2723 3103 2927 3159; x_wconf 89' lang='lat' dir='ltr'>minus</span> <span class='ocrx_word' id='word_1_678' title='bbox 2938 3107 3306 3177; x_wconf 82' lang='lat' dir='ltr'>probrosum</span> <span class='ocrx_word' id='word_1_679' title='bbox 3323 3111 3516 3183; x_wconf 85' lang='lat' dir='ltr'>fuerit,</span> <span class='ocrx_word' id='word_1_680' title='bbox 3531 3129 3723 3186; x_wconf 89' lang='lat' dir='ltr'>quam</span> 
     </span>
    </p>
   </div>
   <div class='ocr_carea' id='block_1_94' title="bbox 2065 3191 3720 3262">
    <p class='ocr_par' dir='ltr' id='par_1_94' title="bbox 2065 3191 3720 3262">
     <span class='ocr_line' id='line_1_94' title="bbox 2065 3191 3720 3262; baseline 0.007 -14"><span class='ocrx_word' id='word_1_681' title='bbox 2065 3191 2232 3248; x_wconf 86' lang='lat' dir='ltr'>alteri</span> <span class='ocrx_word' id='word_1_682' title='bbox 2252 3191 2439 3247; x_wconf 86' lang='lat' dir='ltr'>cuivis</span> <span class='ocrx_word' id='word_1_683' title='bbox 2452 3191 2594 3248; x_wconf 88' lang='lat' dir='ltr'>vitio</span> <span class='ocrx_word' id='word_1_684' title='bbox 2611 3192 2826 3262; x_wconf 84' lang='lat' dir='ltr'>ignave</span> <span class='ocrx_word' id='word_1_685' title='bbox 2849 3193 3184 3253; x_wconf 83' lang='lat' dir='ltr'>obnoxium</span> <span class='ocrx_word' id='word_1_686' title='bbox 3204 3215 3357 3255; x_wconf 89' lang='lat' dir='ltr'>esse.</span> <span class='ocrx_word' id='word_1_687' title='bbox 3374 3203 3522 3257; x_wconf 86' lang='lat' dir='ltr'>Nam</span> <span class='ocrx_word' id='word_1_688' title='bbox 3538 3219 3720 3260; x_wconf 85' lang='lat' dir='ltr'>omne</span> 
     </span>
    </p>
   </div>
   <div class='ocr_carea' id='block_1_95' title="bbox 2063 3281 3722 3364">
    <p class='ocr_par' dir='ltr' id='par_1_95' title="bbox 2063 3281 3722 3364">
     <span class='ocr_line' id='line_1_95' title="bbox 2063 3281 3722 3364; baseline 0.007 -26"><span class='ocrx_word' id='word_1_689' title='bbox 2063 3281 2330 3338; x_wconf 86' lang='lat' dir='ltr'>studium</span> <span class='ocrx_word' id='word_1_690' title='bbox 2361 3281 2482 3337; x_wconf 92' lang='lat' dir='ltr'>huc</span> <span class='ocrx_word' id='word_1_691' title='bbox 2513 3281 2783 3338; x_wconf 84' lang='lat' dir='ltr'>conferre</span> <span class='ocrx_word' id='word_1_692' title='bbox 2814 3289 2880 3340; x_wconf 92' lang='lat' dir='ltr'>ut</span> <span class='ocrx_word' id='word_1_693' title='bbox 2921 3301 3144 3359; x_wconf 86' lang='lat' dir='ltr'>corpus</span> <span class='ocrx_word' id='word_1_694' title='bbox 3177 3305 3362 3362; x_wconf 88' lang='lat' dir='ltr'>quam</span> <span class='ocrx_word' id='word_1_695' title='bbox 3391 3291 3620 3364; x_wconf 88' lang='lat' dir='ltr'>optime</span> <span class='ocrx_word' id='word_1_696' title='bbox 3660 3309 3722 3349; x_wconf 92' lang='lat' dir='ltr'>se</span> 
     </span>
    </p>
   </div>
   <div class='ocr_carea' id='block_1_96' title="bbox 2061 3371 3723 3456">
    <p class='ocr_par' dir='ltr' id='par_1_96' title="bbox 2061 3371 3723 3456">
     <span class='ocr_line' id='line_1_96' title="bbox 2061 3371 3723 3456; baseline 0.005 -26"><span class='ocrx_word' id='word_1_697' title='bbox 2061 3372 2306 3443; x_wconf 85' lang='lat' dir='ltr'>habeat,</span> <span class='ocrx_word' id='word_1_698' title='bbox 2321 3387 2444 3427; x_wconf 93' lang='lat' dir='ltr'>non</span> <span class='ocrx_word' id='word_1_699' title='bbox 2463 3371 2729 3429; x_wconf 88' lang='lat' dir='ltr'>hominis</span> <span class='ocrx_word' id='word_1_700' title='bbox 2752 3379 2841 3431; x_wconf 87' lang='lat' dir='ltr'>est</span> <span class='ocrx_word' id='word_1_701' title='bbox 2862 3381 3052 3432; x_wconf 89' lang='lat' dir='ltr'>semet</span> <span class='ocrx_word' id='word_1_702' title='bbox 3072 3381 3510 3454; x_wconf 87' lang='lat' dir='ltr'>cognoscentis,</span> <span class='ocrx_word' id='word_1_703' title='bbox 3527 3397 3723 3456; x_wconf 91' lang='lat' dir='ltr'>neque</span> 
     </span>
    </p>
   </div>
   <div class='ocr_carea' id='block_1_97' title="bbox 2063 3461 3726 3547">
    <p class='ocr_par' dir='ltr' id='par_1_97' title="bbox 2063 3461 3726 3547">
     <span class='ocr_line' id='line_1_97' title="bbox 2063 3461 3726 3547; baseline 0.007 -29"><span class='ocrx_word' id='word_1_704' title='bbox 2063 3461 2449 3531; x_wconf 75' lang='lat' dir='ltr'>intelligentia</span> <span class='ocrx_word' id='word_1_705' title='bbox 2479 3462 2818 3535; x_wconf 89' lang='lat' dir='ltr'>sapientem</span> <span class='ocrx_word' id='word_1_706' title='bbox 2861 3464 3029 3522; x_wconf 86' lang='lat' dir='ltr'>illam</span> <span class='ocrx_word' id='word_1_707' title='bbox 3062 3467 3568 3544; x_wconf 88' lang='lat' dir='ltr'>admonitionem,</span> <span class='ocrx_word' id='word_1_708' title='bbox 3601 3489 3726 3547; x_wconf 88' lang='lat' dir='ltr'>qua</span> 
     </span>
    </p>
   </div>
   <div class='ocr_carea' id='block_1_98' title="bbox 2060 3553 3723 3628">
    <p class='ocr_par' dir='ltr' id='par_1_98' title="bbox 2060 3553 3723 3628">
     <span class='ocr_line' id='line_1_98' title="bbox 2060 3553 3723 3628; baseline 0.006 -18"><span class='ocrx_word' id='word_1_709' title='bbox 2060 3553 2371 3620; x_wconf 90' lang='lat' dir='ltr'>docemur,</span> <span class='ocrx_word' id='word_1_710' title='bbox 2404 3553 2570 3624; x_wconf 88' lang='lat' dir='ltr'>quod</span> <span class='ocrx_word' id='word_1_711' title='bbox 2604 3553 2718 3609; x_wconf 84' lang='lat' dir='ltr'>sub</span> <span class='ocrx_word' id='word_1_712' title='bbox 2763 3561 3076 3628; x_wconf 89' lang='lat' dir='ltr'>aspectum</span> <span class='ocrx_word' id='word_1_713' title='bbox 3106 3559 3378 3628; x_wconf 89' lang='lat' dir='ltr'>cadit,.id</span> <span class='ocrx_word' id='word_1_714' title='bbox 3411 3561 3723 3620; x_wconf 88' lang='lat' dir='ltr'>hominem</span> 
     </span>
    </p>
   </div>
   <div class='ocr_carea' id='block_1_99' title="bbox 2059 3641 3727 3726">
    <p class='ocr_par' dir='ltr' id='par_1_99' title="bbox 2059 3641 3727 3726">
     <span class='ocr_line' id='line_1_99' title="bbox 2059 3641 3727 3726; baseline 0.005 -28"><span class='ocrx_word' id='word_1_715' title='bbox 2059 3657 2181 3698; x_wconf 90' lang='lat' dir='ltr'>non</span> <span class='ocrx_word' id='word_1_716' title='bbox 2221 3655 2378 3710; x_wconf 87' lang='lat' dir='ltr'>esse,</span> <span class='ocrx_word' id='word_1_717' title='bbox 2411 3641 2517 3696; x_wconf 88' lang='lat' dir='ltr'>sed</span> <span class='ocrx_word' id='word_1_718' title='bbox 2547 3642 2773 3715; x_wconf 90' lang='lat' dir='ltr'>requiri</span> <span class='ocrx_word' id='word_1_719' title='bbox 2805 3644 3169 3716; x_wconf 88' lang='lat' dir='ltr'>sapientiam</span> <span class='ocrx_word' id='word_1_720' title='bbox 3201 3649 3537 3720; x_wconf 88' lang='lat' dir='ltr'>quamdam</span> <span class='ocrx_word' id='word_1_721' title='bbox 3569 3667 3727 3726; x_wconf 74' lang='lat' dir='ltr'>prae-</span> 
     </span>
    </p>
   </div>
   <div class='ocr_carea' id='block_1_100' title="bbox 2060 3731 3720 3815">
    <p class='ocr_par' dir='ltr' id='par_1_100' title="bbox 2060 3731 3720 3815">
     <span class='ocr_line' id='line_1_100' title="bbox 2060 3731 3720 3815; baseline 0.007 -29"><span class='ocrx_word' id='word_1_722' title='bbox 2060 3731 2438 3797; x_wconf 85' lang='lat' dir='ltr'>stantiorem,</span> <span class='ocrx_word' id='word_1_723' title='bbox 2460 3746 2583 3803; x_wconf 88' lang='lat' dir='ltr'>qua</span> <span class='ocrx_word' id='word_1_724' title='bbox 2623 3732 2881 3806; x_wconf 84' lang='lat' dir='ltr'>quisque</span> <span class='ocrx_word' id='word_1_725' title='bbox 2907 3740 3186 3793; x_wconf 90' lang='lat' dir='ltr'>nostrum</span> <span class='ocrx_word' id='word_1_726' title='bbox 3213 3739 3488 3811; x_wconf 90' lang='lat' dir='ltr'>seipsum</span> <span class='ocrx_word' id='word_1_727' title='bbox 3520 3741 3720 3815; x_wconf 90' lang='lat' dir='ltr'>qualis</span> 
     </span>
    </p>
   </div>
   <div class='ocr_carea' id='block_1_101' title="bbox 2061 3821 3724 3892">
    <p class='ocr_par' dir='ltr' id='par_1_101' title="bbox 2061 3821 3724 3892">
     <span class='ocr_line' id='line_1_101' title="bbox 2061 3821 3724 3892; baseline 0.007 -14"><span class='ocrx_word' id='word_1_728' title='bbox 2061 3821 2308 3878; x_wconf 89' lang='lat' dir='ltr'>tandem</span> <span class='ocrx_word' id='word_1_729' title='bbox 2331 3821 2404 3878; x_wconf 88' lang='lat' dir='ltr'>sit</span> <span class='ocrx_word' id='word_1_730' title='bbox 2420 3827 2732 3892; x_wconf 85' lang='lat' dir='ltr'>agnoscat.</span> <span class='ocrx_word' id='word_1_731' title='bbox 2753 3824 2878 3881; x_wconf 90' lang='lat' dir='ltr'>Hoc</span> <span class='ocrx_word' id='word_1_732' title='bbox 2895 3829 3099 3882; x_wconf 90' lang='lat' dir='ltr'>autem</span> <span class='ocrx_word' id='word_1_733' title='bbox 3120 3827 3424 3886; x_wconf 81' lang='lat' dir='ltr'>difﬁcilius</span> <span class='ocrx_word' id='word_1_734' title='bbox 3446 3837 3535 3888; x_wconf 90' lang='lat' dir='ltr'>est</span> <span class='ocrx_word' id='word_1_735' title='bbox 3555 3847 3724 3889; x_wconf 89' lang='lat' dir='ltr'>men-</span> 
     </span>
    </p>
   </div>
   <div class='ocr_carea' id='block_1_102' title="bbox 2060 3911 3722 3992">
    <p class='ocr_par' dir='ltr' id='par_1_102' title="bbox 2060 3911 3722 3992">
     <span class='ocr_line' id='line_1_102' title="bbox 2060 3911 3722 3992; baseline 0.005 -25"><span class='ocrx_word' id='word_1_736' title='bbox 2060 3915 2180 3968; x_wconf 89' lang='lat' dir='ltr'>tem</span> <span class='ocrx_word' id='word_1_737' title='bbox 2212 3927 2334 3968; x_wconf 90' lang='lat' dir='ltr'>non</span> <span class='ocrx_word' id='word_1_738' title='bbox 2351 3926 2568 3984; x_wconf 89' lang='lat' dir='ltr'>puram</span> <span class='ocrx_word' id='word_1_739' title='bbox 2599 3911 2988 3982; x_wconf 88' lang='lat' dir='ltr'>habentibus,</span> <span class='ocrx_word' id='word_1_740' title='bbox 3013 3931 3200 3988; x_wconf 91' lang='lat' dir='ltr'>quam</span> <span class='ocrx_word' id='word_1_741' title='bbox 3221 3917 3495 3992; x_wconf 89' lang='lat' dir='ltr'>lippienti</span> <span class='ocrx_word' id='word_1_742' title='bbox 3529 3921 3722 3978; x_wconf 91' lang='lat' dir='ltr'>solem</span> 
     </span>
    </p>
   </div>
   <div class='ocr_carea' id='block_1_103' title="bbox 2060 4000 3725 4084">
    <p class='ocr_par' dir='ltr' id='par_1_103' title="bbox 2060 4000 3725 4084">
     <span class='ocr_line' id='line_1_103' title="bbox 2060 4000 3725 4084; baseline 0.005 -27"><span class='ocrx_word' id='word_1_743' title='bbox 2060 4000 2351 4074; x_wconf 83' lang='lat' dir='ltr'>aspicere.</span> <span class='ocrx_word' id='word_1_744' title='bbox 2377 4004 2473 4057; x_wconf 90' lang='lat' dir='ltr'>Est</span> <span class='ocrx_word' id='word_1_745' title='bbox 2503 4007 2708 4058; x_wconf 88' lang='lat' dir='ltr'>autem</span> <span class='ocrx_word' id='word_1_746' title='bbox 2734 4003 2954 4061; x_wconf 66' lang='lat' dir='ltr'>animm</span> <span class='ocrx_word' id='word_1_747' title='bbox 2995 4008 3300 4078; x_wconf 87' lang='lat' dir='ltr'>purgatio,</span> <span class='ocrx_word' id='word_1_748' title='bbox 3334 4015 3398 4066; x_wconf 89' lang='lat' dir='ltr'>ut</span> <span class='ocrx_word' id='word_1_749' title='bbox 3430 4012 3600 4084; x_wconf 77' lang='lat'>182</span> <span class='ocrx_word' id='word_1_750' title='bbox 3635 4027 3725 4068; x_wconf 82' lang='lat' dir='ltr'>se-</span> 
     </span>
    </p>
   </div>
   <div class='ocr_carea' id='block_1_104' title="bbox 2059 4089 3723 4175">
    <p class='ocr_par' dir='ltr' id='par_1_104' title="bbox 2059 4089 3723 4175">
     <span class='ocr_line' id='line_1_104' title="bbox 2059 4089 3723 4175; baseline 0.009 -30"><span class='ocrx_word' id='word_1_751' title='bbox 2059 4089 2201 4158; x_wconf 90' lang='lat' dir='ltr'>mel,</span> <span class='ocrx_word' id='word_1_752' title='bbox 2219 4093 2282 4147; x_wconf 88' lang='lat' dir='ltr'>et</span> <span class='ocrx_word' id='word_1_753' title='bbox 2308 4095 2608 4164; x_wconf 87' lang='lat' dir='ltr'>quantum</span> <span class='ocrx_word' id='word_1_754' title='bbox 2635 4091 2811 4149; x_wconf 86' lang='lat' dir='ltr'>vobis</span> <span class='ocrx_word' id='word_1_755' title='bbox 2840 4094 2985 4150; x_wconf 88' lang='lat' dir='ltr'>satis</span> <span class='ocrx_word' id='word_1_756' title='bbox 3007 4095 3105 4166; x_wconf 87' lang='lat' dir='ltr'>sit,</span> <span class='ocrx_word' id='word_1_757' title='bbox 3133 4097 3353 4164; x_wconf 89' lang='lat' dir='ltr'>dicam,</span> <span class='ocrx_word' id='word_1_758' title='bbox 3377 4101 3723 4175; x_wconf 88' lang='lat' dir='ltr'>voluptates</span> 
     </span>
    </p>
   </div>
   <div class='ocr_carea' id='block_1_105' title="bbox 2057 4180 3725 4264">
    <p class='ocr_par' dir='ltr' id='par_1_105' title="bbox 2057 4180 3725 4264">
     <span class='ocr_line' id='line_1_105' title="bbox 2057 4180 3725 4264; baseline 0.008 -28"><span class='ocrx_word' id='word_1_759' title='bbox 2057 4197 2168 4254; x_wconf 89' lang='lat' dir='ltr'>per</span> <span class='ocrx_word' id='word_1_760' title='bbox 2181 4196 2398 4237; x_wconf 88' lang='lat' dir='ltr'>sensus</span> <span class='ocrx_word' id='word_1_761' title='bbox 2410 4180 2743 4253; x_wconf 88' lang='lat' dir='ltr'>irrepentes</span> <span class='ocrx_word' id='word_1_762' title='bbox 2761 4185 3095 4257; x_wconf 87' lang='lat' dir='ltr'>aspernari,</span> <span class='ocrx_word' id='word_1_763' title='bbox 3111 4202 3234 4244; x_wconf 87' lang='lat' dir='ltr'>non</span> <span class='ocrx_word' id='word_1_764' title='bbox 3253 4188 3462 4246; x_wconf 91' lang='lat' dir='ltr'>oculos</span> <span class='ocrx_word' id='word_1_765' title='bbox 3474 4207 3725 4264; x_wconf 88' lang='lat' dir='ltr'>pascere</span> 
     </span>
    </p>
   </div>
   <div class='ocr_carea' id='block_1_106' title="bbox 2058 4271 3728 4357">
    <p class='ocr_par' dir='ltr' id='par_1_106' title="bbox 2058 4271 3728 4357">
     <span class='ocr_line' id='line_1_106' title="bbox 2058 4271 3728 4357; baseline 0.008 -29"><span class='ocrx_word' id='word_1_766' title='bbox 2058 4271 2314 4329; x_wconf 86' lang='lat' dir='ltr'>insulsis</span> <span class='ocrx_word' id='word_1_767' title='bbox 2335 4272 2848 4345; x_wconf 60' lang='lat' dir='ltr'>prestigiatorum</span> <span class='ocrx_word' id='word_1_768' title='bbox 2869 4277 3376 4335; x_wconf 89' lang='lat' dir='ltr'>ostentationibus</span> <span class='ocrx_word' id='word_1_769' title='bbox 3390 4287 3492 4337; x_wconf 85' lang='lat' dir='ltr'>aut</span> <span class='ocrx_word' id='word_1_770' title='bbox 3516 4299 3728 4357; x_wconf 90' lang='lat' dir='ltr'>corpo-</span> 
     </span>
    </p>
   </div>
   <div class='ocr_carea' id='block_1_107' title="bbox 2057 4361 3723 4446">
    <p class='ocr_par' dir='ltr' id='par_1_107' title="bbox 2057 4361 3723 4446">
     <span class='ocr_line' id='line_1_107' title="bbox 2057 4361 3723 4446; baseline 0.006 -25"><span class='ocrx_word' id='word_1_771' title='bbox 2057 4379 2196 4421; x_wconf 84' lang='lat' dir='ltr'>rum</span> <span class='ocrx_word' id='word_1_772' title='bbox 2240 4361 2555 4420; x_wconf 86' lang='lat' dir='ltr'>stimulum</span> <span class='ocrx_word' id='word_1_773' title='bbox 2584 4363 2912 4437; x_wconf 86' lang='lat' dir='ltr'>voluptatis</span> <span class='ocrx_word' id='word_1_774' title='bbox 2957 4367 3408 4427; x_wconf 88' lang='lat' dir='ltr'>immittentium</span> <span class='ocrx_word' id='word_1_775' title='bbox 3449 4387 3723 4446; x_wconf 84' lang='lat' dir='ltr'>aspectu,</span> 
     </span>
    </p>
   </div>
   <div class='ocr_carea' id='block_1_108' title="bbox 2058 4453 3723 4532">
    <p class='ocr_par' dir='ltr' id='par_1_108' title="bbox 2058 4453 3723 4532">
     <span class='ocr_line' id='line_1_108' title="bbox 2058 4453 3723 4532; baseline 0.006 -20"><span class='ocrx_word' id='word_1_776' title='bbox 2058 4469 2184 4512; x_wconf 90' lang='lat' dir='ltr'>non</span> <span class='ocrx_word' id='word_1_777' title='bbox 2208 4468 2316 4526; x_wconf 88' lang='lat' dir='ltr'>per</span> <span class='ocrx_word' id='word_1_778' title='bbox 2347 4469 2525 4511; x_wconf 89' lang='lat' dir='ltr'>aures</span> <span class='ocrx_word' id='word_1_779' title='bbox 2552 4453 2942 4518; x_wconf 84' lang='lat' dir='ltr'>harmoniam</span> <span class='ocrx_word' id='word_1_780' title='bbox 2972 4465 3319 4532; x_wconf 79' lang='lat' dir='ltr'>corruptam</span> <span class='ocrx_word' id='word_1_781' title='bbox 3359 4461 3420 4517; x_wconf 91' lang='lat' dir='ltr'>in</span> <span class='ocrx_word' id='word_1_782' title='bbox 3451 4464 3723 4528; x_wconf 80' lang='lat' dir='ltr'>animam</span> 
     </span>
    </p>
   </div>
   <div class='ocr_carea' id='block_1_109' title="bbox 2058 4543 3722 4626">
    <p class='ocr_par' dir='ltr' id='par_1_109' title="bbox 2058 4543 3722 4626">
     <span class='ocr_line' id='line_1_109' title="bbox 2058 4543 3722 4626; baseline 0.007 -26"><span class='ocrx_word' id='word_1_783' title='bbox 2058 4543 2400 4607; x_wconf 88' lang='lat' dir='ltr'>infundere.</span> <span class='ocrx_word' id='word_1_784' title='bbox 2453 4543 2603 4606; x_wconf 81' lang='lat' dir='ltr'>Vitia</span> <span class='ocrx_word' id='word_1_785' title='bbox 2647 4544 2810 4608; x_wconf 84' lang='lat' dir='ltr'>enim</span> <span class='ocrx_word' id='word_1_786' title='bbox 2848 4562 2988 4618; x_wconf 68' lang='lat' dir='ltr'>quas</span> <span class='ocrx_word' id='word_1_787' title='bbox 3036 4547 3344 4608; x_wconf 86' lang='lat' dir='ltr'>illiberalis</span> <span class='ocrx_word' id='word_1_788' title='bbox 3383 4551 3722 4626; x_wconf 79' lang='lat' dir='ltr'>dejectique</span> 
     </span>
    </p>
   </div>
   <div class='ocr_carea' id='block_1_110' title="bbox 2060 4631 3722 4707">
    <p class='ocr_par' dir='ltr' id='par_1_110' title="bbox 2060 4631 3722 4707">
     <span class='ocr_line' id='line_1_110' title="bbox 2060 4631 3722 4707; baseline 0.006 -17"><span class='ocrx_word' id='word_1_789' title='bbox 2060 4632 2247 4690; x_wconf 89' lang='lat' dir='ltr'>animi</span> <span class='ocrx_word' id='word_1_790' title='bbox 2269 4631 2422 4688; x_wconf 84' lang='lat' dir='ltr'>fetus</span> <span class='ocrx_word' id='word_1_791' title='bbox 2445 4636 2604 4700; x_wconf 82' lang='lat' dir='ltr'>sunt,</span> <span class='ocrx_word' id='word_1_792' title='bbox 2619 4648 2693 4690; x_wconf 82' lang='lat' dir='ltr'>ex</span> <span class='ocrx_word' id='word_1_793' title='bbox 2709 4633 2824 4691; x_wconf 87' lang='lat' dir='ltr'>hoc</span> <span class='ocrx_word' id='word_1_794' title='bbox 2842 4635 3092 4700; x_wconf 70' lang='lat' dir='ltr'>musicas</span> <span class='ocrx_word' id='word_1_795' title='bbox 3109 4651 3328 4707; x_wconf 86' lang='lat' dir='ltr'>genere</span> <span class='ocrx_word' id='word_1_796' title='bbox 3347 4639 3545 4704; x_wconf 85' lang='lat' dir='ltr'>solent</span> <span class='ocrx_word' id='word_1_797' title='bbox 3559 4643 3722 4706; x_wconf 76' lang='lat' dir='ltr'>oriri.</span> 
     </span>
    </p>
   </div>
   <div class='ocr_carea' id='block_1_111' title="bbox 2061 4722 3724 4800">
    <p class='ocr_par' dir='ltr' id='par_1_111' title="bbox 2061 4722 3724 4800">
     <span class='ocr_line' id='line_1_111' title="bbox 2061 4722 3724 4800; baseline 0.005 -20"><span class='ocrx_word' id='word_1_798' title='bbox 2061 4722 2176 4781; x_wconf 91' lang='lat' dir='ltr'>Sed</span> <span class='ocrx_word' id='word_1_799' title='bbox 2220 4723 2459 4780; x_wconf 89' lang='lat' dir='ltr'>musica</span> <span class='ocrx_word' id='word_1_800' title='bbox 2505 4722 2714 4793; x_wconf 87' lang='lat' dir='ltr'>altera,</span> <span class='ocrx_word' id='word_1_801' title='bbox 2751 4741 2888 4798; x_wconf 74' lang='lat' dir='ltr'>quae</span> <span class='ocrx_word' id='word_1_802' title='bbox 2917 4731 2976 4785; x_wconf 80' lang='lat' dir='ltr'>et</span> <span class='ocrx_word' id='word_1_803' title='bbox 3005 4725 3218 4786; x_wconf 84' lang='lat' dir='ltr'>melior</span> <span class='ocrx_word' id='word_1_804' title='bbox 3255 4729 3508 4800; x_wconf 80' lang='lat' dir='ltr'>exsistit,</span> <span class='ocrx_word' id='word_1_805' title='bbox 3539 4737 3599 4794; x_wconf 92' lang='lat' dir='ltr'>et</span> <span class='ocrx_word' id='word_1_806' title='bbox 3643 4732 3724 4796; x_wconf 81' lang='lat' dir='ltr'>ad</span> 
     </span>
    </p>
   </div>
   <div class='ocr_carea' id='block_1_112' title="bbox 2057 4811 3724 4891">
    <p class='ocr_par' dir='ltr' id='par_1_112' title="bbox 2057 4811 3724 4891">
     <span class='ocr_line' id='line_1_112' title="bbox 2057 4811 3724 4891; baseline 0.006 -24"><span class='ocrx_word' id='word_1_807' title='bbox 2057 4811 2275 4868; x_wconf 91' lang='lat' dir='ltr'>melius</span> <span class='ocrx_word' id='word_1_808' title='bbox 2305 4811 2600 4885; x_wconf 88' lang='lat' dir='ltr'>perducit,</span> <span class='ocrx_word' id='word_1_809' title='bbox 2625 4814 3034 4871; x_wconf 83' lang='lat' dir='ltr'>consectanda</span> <span class='ocrx_word' id='word_1_810' title='bbox 3076 4815 3254 4872; x_wconf 90' lang='lat' dir='ltr'>nobis</span> <span class='ocrx_word' id='word_1_811' title='bbox 3279 4820 3400 4874; x_wconf 85' lang='lat' dir='ltr'>est:</span> <span class='ocrx_word' id='word_1_812' title='bbox 3430 4835 3555 4891; x_wconf 90' lang='lat' dir='ltr'>qua</span> <span class='ocrx_word' id='word_1_813' title='bbox 3578 4837 3724 4877; x_wconf 92' lang='lat' dir='ltr'>usus</span> 
     </span>
    </p>
   </div>
   <div class='ocr_carea' id='block_1_113' title="bbox 2058 4903 3723 4982">
    <p class='ocr_par' dir='ltr' id='par_1_113' title="bbox 2058 4903 3723 4982">
     <span class='ocr_line' id='line_1_113' title="bbox 2058 4903 3723 4982; baseline 0.005 -22"><span class='ocrx_word' id='word_1_814' title='bbox 2058 4903 2272 4973; x_wconf 89' lang='lat' dir='ltr'>David,</span> <span class='ocrx_word' id='word_1_815' title='bbox 2304 4919 2617 4960; x_wconf 90' lang='lat' dir='ltr'>sacrorum</span> <span class='ocrx_word' id='word_1_816' title='bbox 2640 4905 2984 4963; x_wconf 88' lang='lat' dir='ltr'>carminum</span> <span class='ocrx_word' id='word_1_817' title='bbox 3010 4911 3238 4978; x_wconf 88' lang='lat' dir='ltr'>auctor,</span> <span class='ocrx_word' id='word_1_818' title='bbox 3269 4908 3532 4966; x_wconf 84' lang='lat' dir='ltr'>furorem</span> <span class='ocrx_word' id='word_1_819' title='bbox 3564 4912 3723 4982; x_wconf 90' lang='lat' dir='ltr'>regis</span> 
     </span>
    </p>
   </div>
   <div class='ocr_carea' id='block_1_114' title="bbox 2054 5045 3720 5134">
    <p class='ocr_par' dir='ltr' id='par_1_114' title="bbox 2054 5045 3720 5134">
     <span class='ocr_line' id='line_1_114' title="bbox 2054 5045 3720 5134; baseline 0.005 -32"><span class='ocrx_word' id='word_1_820' title='bbox 2054 5061 2204 5134; x_wconf 64' lang='lat' dir='ltr'>usus</span> <span class='ocrx_word' id='word_1_821' title='bbox 2248 5045 2486 5134; x_wconf 75' lang='lat' dir='ltr'>probat.</span> <span class='ocrx_word' id='word_1_822' title='bbox 2538 5046 2868 5134; x_wconf 42' lang='lat' dir='ltr'>&#39;Aliquanto</span> <span class='ocrx_word' id='word_1_823' title='bbox 2916 5054 3052 5122; x_wconf 90' lang='lat' dir='ltr'>post</span> <span class='ocrx_word' id='word_1_824' title='bbox 3104 5050 3272 5108; x_wconf 87' lang='lat' dir='ltr'>Colb.</span> <span class='ocrx_word' id='word_1_825' title='bbox 3329 5053 3536 5110; x_wconf 89' lang='lat' dir='ltr'>tertius</span> <span class='ocrx_word' id='word_1_826' title='bbox 3585 5061 3720 5134; x_wconf 72' lang='grc' dir='ltr'>φημὶ</span> 
     </span>
    </p>
   </div>
   <div class='ocr_carea' id='block_1_115' title="bbox 2055 5115 2700 5182">
    <p class='ocr_par' dir='ltr' id='par_1_115' title="bbox 2055 5115 2700 5182">
     <span class='ocr_line' id='line_1_115' title="bbox 2055 5115 2700 5182; baseline 0 -8"><span class='ocrx_word' id='word_1_827' title='bbox 2055 5115 2164 5178; x_wconf 82' lang='grc' dir='ltr'>δεῖν</span> <span class='ocrx_word' id='word_1_828' title='bbox 2193 5115 2312 5180; x_wconf 68' lang='grc' dir='ltr'>τους</span> <span class='ocrx_word' id='word_1_829' title='bbox 2338 5115 2700 5182; x_wconf 68' lang='grc' dir='ltr'>τηλικούτους.</span> 
     </span>
    </p>
   </div>
   <div class='ocr_carea' id='block_1_116' title="bbox 2126 5190 3718 5274">
    <p class='ocr_par' dir='ltr' id='par_1_116' title="bbox 2126 5190 3718 5274">
     <span class='ocr_line' id='line_1_116' title="bbox 2126 5190 3718 5274; baseline 0.001 -20"><span class='ocrx_word' id='word_1_830' title='bbox 2126 5193 2246 5274; x_wconf 51' lang='grc' dir='ltr'>(ββ),</span> <span class='ocrx_word' id='word_1_831' title='bbox 2279 5191 2502 5274; x_wconf 74' lang='lat' dir='ltr'>Yocula</span> <span class='ocrx_word' id='word_1_832' title='bbox 2532 5192 2593 5243; x_wconf 81' lang='grc' dir='ltr'>ἄν</span> <span class='ocrx_word' id='word_1_833' title='bbox 2627 5190 2837 5274; x_wconf 70' lang='lat' dir='ltr'>addita</span> <span class='ocrx_word' id='word_1_834' title='bbox 2863 5196 2956 5274; x_wconf 88' lang='lat' dir='ltr'>es_t_</span> <span class='ocrx_word' id='word_1_835' title='bbox 2972 5209 3044 5252; x_wconf 83' lang='lat' dir='ltr'>ex</span> <span class='ocrx_word' id='word_1_836' title='bbox 3064 5193 3718 5274; x_wconf 34' lang='lat' dir='ltr'>901b.te_rtio.Albidem</span> 
     </span>
    </p>
   </div>
   <div class='ocr_carea' id='block_1_117' title="bbox 2051 5258 3721 5338">
    <p class='ocr_par' dir='ltr' id='par_1_117' title="bbox 2051 5258 3721 5338">
     <span class='ocr_line' id='line_1_117' title="bbox 2051 5258 3721 5338; baseline 0.005 -19"><span class='ocrx_word' id='word_1_837' title='bbox 2051 5258 2195 5320; x_wconf 85' lang='lat' dir='ltr'>editi</span> <span class='ocrx_word' id='word_1_838' title='bbox 2225 5258 2403 5338; x_wconf 59' lang='grc' dir='ltr'>ἐνδέῃ.</span> <span class='ocrx_word' id='word_1_839' title='bbox 2433 5265 2507 5338; x_wconf 84' lang='lat' dir='ltr'>At</span> <span class='ocrx_word' id='word_1_840' title='bbox 2532 5278 2678 5338; x_wconf 82' lang='lat' dir='ltr'>mss.</span> <span class='ocrx_word' id='word_1_841' title='bbox 2707 5259 2877 5338; x_wconf 72' lang='grc' dir='ltr'>ἐνδέῃ.</span> <span class='ocrx_word' id='word_1_842' title='bbox 2912 5267 3028 5320; x_wconf 88' lang='lat' dir='ltr'>Nec</span> <span class='ocrx_word' id='word_1_843' title='bbox 3058 5265 3143 5322; x_wconf 87' lang='lat' dir='ltr'>ita</span> <span class='ocrx_word' id='word_1_844' title='bbox 3167 5266 3360 5338; x_wconf 89' lang='lat' dir='ltr'>multo</span> <span class='ocrx_word' id='word_1_845' title='bbox 3388 5268 3546 5327; x_wconf 74' lang='lat' dir='ltr'>intra</span> <span class='ocrx_word' id='word_1_846' title='bbox 3572 5258 3721 5328; x_wconf 89' lang='lat' dir='ltr'>editi</span> 
     </span>
    </p>
   </div>
   <div class='ocr_carea' id='block_1_118' title="bbox 2050 5333 3423 5412">
    <p class='ocr_par' dir='ltr' id='par_1_118' title="bbox 2050 5333 3423 5412">
     <span class='ocr_line' id='line_1_118' title="bbox 2050 5333 3423 5412; baseline -0.007 -15"><span class='ocrx_word' id='word_1_847' title='bbox 2050 5343 2222 5412; x_wconf 62' lang='grc' dir='ltr'>τῷγε</span> <span class='ocrx_word' id='word_1_848' title='bbox 2241 5333 2461 5412; x_wconf 55' lang='grc' dir='ltr'>ἀληθιίεςο</span> <span class='ocrx_word' id='word_1_849' title='bbox 2490 5334 2644 5412; x_wconf 75' lang='lat' dir='ltr'>Libri</span> <span class='ocrx_word' id='word_1_850' title='bbox 2674 5333 2902 5412; x_wconf 77' lang='lat' dir='ltr'>veteres</span> <span class='ocrx_word' id='word_1_851' title='bbox 2933 5343 3005 5412; x_wconf 70' lang='grc' dir='ltr'>τῷ</span> <span class='ocrx_word' id='word_1_852' title='bbox 3033 5357 3089 5412; x_wconf 75' lang='grc' dir='ltr'>γε</span> <span class='ocrx_word' id='word_1_853' title='bbox 3112 5339 3187 5412; x_wconf 27' lang='grc' dir='ltr'>ὡς.</span> <span class='ocrx_word' id='word_1_854' title='bbox 3203 5337 3423 5402; x_wconf 79' lang='grc' dir='ltr'>ἀληθῶς,</span> 
     </span>
    </p>
   </div>
   <div class='ocr_carea' id='block_1_119' title="bbox 2123 5405 3718 5488">
    <p class='ocr_par' dir='ltr' id='par_1_119' title="bbox 2123 5405 3718 5488">
     <span class='ocr_line' id='line_1_119' title="bbox 2123 5405 3718 5488; baseline 0.005 -26"><span class='ocrx_word' id='word_1_855' title='bbox 2123 5405 2230 5476; x_wconf 82' lang='lat'>(69)</span> <span class='ocrx_word' id='word_1_856' title='bbox 2273 5406 2463 5488; x_wconf 80' lang='lat' dir='ltr'>Paulo</span> <span class='ocrx_word' id='word_1_857' title='bbox 2501 5405 2674 5488; x_wconf 71' lang='lat' dir='ltr'>aliter</span> <span class='ocrx_word' id='word_1_858' title='bbox 2700 5407 2918 5488; x_wconf 81' lang='lat' dir='ltr'>legitur</span> <span class='ocrx_word' id='word_1_859' title='bbox 2961 5405 3230 5488; x_wconf 9' lang='lat' dir='ltr'>in&#39;Colbr.</span> <span class='ocrx_word' id='word_1_860' title='bbox 3265 5412 3458 5484; x_wconf 89' lang='lat' dir='ltr'>tertio,</span> <span class='ocrx_word' id='word_1_861' title='bbox 3493 5427 3718 5488; x_wconf 82' lang='lat' dir='ltr'>nempe</span> 
     </span>
    </p>
   </div>
   <div class='ocr_carea' id='block_1_120' title="bbox 2051 5479 3714 5553">
    <p class='ocr_par' dir='ltr' id='par_1_120' title="bbox 2051 5479 3714 5553">
     <span class='ocr_line' id='line_1_120' title="bbox 2051 5479 3714 5553; baseline 0.004 -19"><span class='ocrx_word' id='word_1_862' title='bbox 2051 5479 2166 5553; x_wconf 78' lang='lat' dir='ltr'>hoc</span> <span class='ocrx_word' id='word_1_863' title='bbox 2215 5479 2658 5553; x_wconf 60' lang='lat' dir='ltr'>modothtius</span> <span class='ocrx_word' id='word_1_864' title='bbox 2712 5483 2770 5531; x_wconf 78' lang='grc' dir='ltr'>τὸ</span> <span class='ocrx_word' id='word_1_865' title='bbox 2818 5487 3048 5553; x_wconf 62' lang='grc' dir='ltr'>σῶμα...</span> <span class='ocrx_word' id='word_1_866' title='bbox 3101 5479 3469 5553; x_wconf 78' lang='grc' dir='ltr'>γινώσκοντος.</span> <span class='ocrx_word' id='word_1_867' title='bbox 3541 5479 3714 5541; x_wconf 72' lang='lat' dir='ltr'>Haud</span> 
     </span>
    </p>
   </div>
   <div class='ocr_carea' id='block_1_121' title="bbox 2050 5548 3718 5677">
    <p class='ocr_par' dir='ltr' id='par_1_121' title="bbox 2050 5548 3718 5677">
     <span class='ocr_line' id='line_1_121' title="bbox 2050 5548 3718 5677; baseline 0.005 -72"><span class='ocrx_word' id='word_1_868' title='bbox 2050 5549 2232 5677; x_wconf 53' lang='lat' dir='ltr'>lapnge</span> <span class='ocrx_word' id='word_1_869' title='bbox 2274 5550 2417 5608; x_wconf 88' lang='lat' dir='ltr'>editi</span> <span class='ocrx_word' id='word_1_870' title='bbox 2447 5548 2576 5603; x_wconf 77' lang='grc' dir='ltr'>ἀλλά</span> <span class='ocrx_word' id='word_1_871' title='bbox 2626 5569 2761 5612; x_wconf 85' lang='grc' dir='ltr'>τινος</span> <span class='ocrx_word' id='word_1_872' title='bbox 2804 5548 2916 5606; x_wconf 60' lang='grc' dir='ltr'>δεῖ(</span> <span class='ocrx_word' id='word_1_873' title='bbox 2942 5553 3016 5609; x_wconf 82' lang='lat' dir='ltr'>At</span> <span class='ocrx_word' id='word_1_874' title='bbox 3046 5548 3186 5624; x_wconf 82' lang='lat' dir='ltr'>Reg.</span> <span class='ocrx_word' id='word_1_875' title='bbox 3232 5556 3435 5613; x_wconf 86' lang='lat' dir='ltr'>tertius</span> <span class='ocrx_word' id='word_1_876' title='bbox 3463 5560 3520 5613; x_wconf 90' lang='lat' dir='ltr'>et</span> <span class='ocrx_word' id='word_1_877' title='bbox 3549 5557 3718 5616; x_wconf 85' lang='lat' dir='ltr'>aliter</span> 
     </span>
     <span class='ocr_line' id='line_1_122' title="bbox 2097 5641 2250 5677; baseline 0.007 -1"><span class='ocrx_word' id='word_1_878' title='bbox 2097 5641 2250 5677; x_wconf 76' lang='grc' dir='ltr'>ιιται.</span> 
     </span>
    </p>
   </div>
   <div class='ocr_carea' id='block_1_122' title="bbox 2097 5641 2250 5678">
    <p class='ocr_par' dir='ltr' id='par_1_122' title="bbox 2097 5641 2250 5678">
     <span class='ocr_line' id='line_1_123' title="bbox 2097 5641 2250 5678; baseline 0.013 -2"><span class='ocrx_word' id='word_1_879' title='bbox 2097 5641 2250 5678; x_wconf 76' lang='grc' dir='ltr'>ιιται.</span> 
     </span>
    </p>
   </div>
  </div>
