4110 6384
400 240 503 295 583

1790 229 1847 285 S.
1890 224 2140 283 BASILII
2177 224 2396 283 MAGNI

3666 238 3773 293 584

400 366 582 436 atque
611 356 940 425 insaniam,
962 358 1030 412 ut
1058 353 1248 418 aiunt,
1277 354 1514 413 sedavit
1536 356 1602 412 ¹⁰.
1627 355 1846 412 Ferunt
1873 350 2055 407 etiam

2171 350 2256 400 τόν
2287 348 2516 410 αὐλητὴν
2556 354 2643 404 τόν
2686 358 2777 404 τοῦ
2802 357 2979 426 κώμου
3007 355 3386 430 κατάρχοντα,,
3418 356 3776 429 μεταϐαλόντα

396 452 824 529 Pythagoram,
850 463 990 533 cun}
1021 446 1082 503 in
1113 451 1550 504 comessatores
1577 445 1941 504 temulentos
1965 441 2057 497 in-

395 541 657 612 cidisset,
674 538 932 612 jussissc
961 531 1265 593 tibicinem
1289 534 1713 593 comessationi
1737 531 2058 607 prresiden-

397 636 540 700 tem,
558 634 792 687 mutata
819 627 1167 697 harmonia,
1191 627 1437 684 Doricos
1458 626 1676 684 modos
1697 624 1781 681 eis
1802 638 2014 680 canere
2040 638 2053 676 :

393 720 563 794 ipsos
594 723 798 776 autem
828 717 911 774 ita
938 704 1054 773 hoc
1093 720 1273 773 cantu
1303 716 1651 789 resipuisse,
1684 720 1770 781 ut,
1803 710 2056 784 abjectis

397 809 659 879 corollis,
691 807 923 881 pudore
955 805 1165 863 sull'usi
1186 806 1439 863 domum
1462 808 1919 863 reverterentur.
1944 798 2057 856 Alii

395 917 541 957 vero
582 915 750 957 more
789 897 1206 970 Corybantum
1244 896 1324 952 ad
1370 896 1581 952 tibiam
1630 893 1942 951 insaniunt
1984 907 2057 947 ac

396 988 881 1046 debacchantur.
944 989 1031 1042 l’ta
1074 985 1190 1042 hoc
1239 984 1459 1053 differt,
1492 985 1656 1041 sanis
1699 988 1804 1040 aut
1854 980 2056 1055 pravis

396 1078 711 1136 cantilenis
737 1093 913 1134 aures
947 1075 1186 1148 impleri
1215 1075 1227 1130 !
1280 1077 1473 1140 Quare
1522 1090 1680 1146 eam,
1715 1090 1852 1146 quae
1893 1086 2058 1128 nunc

395 1168 580 1239 viget,
606 1167 909 1225 musicam
932 1165 1135 1222 minus
1161 1181 1349 1238 quam
1374 1164 1615 1238 quidvis
1636 1162 2059 1235 turpissimum

396 1257 653 1332 experiri
706 1256 959 1313 debetis.
995 1254 1184 1310 Pudet
1227 1271 1325 1310 me
1368 1254 1550 1310 etiam
1581 1252 1954 1319 interdicere,
1982 1267 2058 1307 ne

397 1348 636 1404 sufﬁtus
680 1346 879 1404 omnis
936 1344 1192 1416 generis,
1222 1344 1328 1416 qui
1385 1342 1633 1399 olfactui
1684 1342 2059 1415 voluptatem

396 1437 672 1506 afferant,
703 1434 1157 1493 admisceantur
1200 1433 1347 1503 aeri,
1371 1437 1428 1491 et
1470 1448 1547 1489 ne
1594 1431 1920 1503 unguentis
1948 1447 2060 1488 vos

393 1526 561 1600 ipsos
592 1524 894 1582 inliciatis.
932 1522 1087 1590 Quid
1130 1528 1336 1580 autem
1377 1522 1515 1596 quis
1553 1522 1770 1580 dixerit
1812 1522 1888 1578 de
1934 1535 2060 1577 non

392 1613 815 1690 perquirendis
860 1618 1055 1671 tactus
1098 1617 1442 1686 gustusque
1486 1611 1899 1685 voluptatibus
1944 1609 2061 1667 nisi

2170 441 2263 496 τὴν
2311 439 2582 513 ἁρμονίαν,
2634 439 2927 502 ἐπαυλῆσαί
2972 462 3124 516 σφισι
3170 447 3228 497 τό
3272 452 3496 518 Δώριον·
3543 451 3667 510 τούς
3714 445 3775 503 ὃὶ

2169 527 2335 589 οὕτως
2384 527 2742 604 ἀναφρονῆσαι
2790 532 2890 584 ύπό
2938 540 3031 584 τού
3078 532 3279 605 μέλους,
3332 537 3629 604 ὧστι,τοὺς
3662 556 3775 591 στε-

2169 619 2358 690 φένους
2402 617 2696 692 ῥίψαντας,
2753 621 3168 695 αἰσχυνομένους
3214 621 3523 682 ἐπανελθεῖν.
3571 632 3774 703 Ἕτεροι

2169 704 2229 759 δί
2263 711 2392 782 πρὸς
2423 709 2577 762 αύλόν
2622 710 3007 787 κορυϐαντιῶσι
3048 717 3139 765 καὶ
3169 711 3598 787 ἐκϐακχεύονται.
3629 722 3772 770 Τοσ-

2167 803 2317 852 ούτόν
2367 797 2482 853 ἔστι
2522 803 2581 853 τὸ
2630 797 2881 876 διάφορον
2912 803 3150 875 ύγιούςῆ
3186 806 3469 881 μοχθηρᾶς
3510 803 3774 880 μελῳδίας

2169 887 2569 950 ἀναπλησθῆναι
2595 892 2709 965 (70)
2734 889 2746 944 !
2779 891 2941 946 Ὠστε
2969 902 3060 954 τῆς
3088 900 3177 945 νύν
3208 890 3275 954 δὴ
3309 898 3608 971 κρατούσης
3638 900 3771 950 ταύ-

2166 998 2258 1040 της
2300 982 2457 1038 ἧττον
2495 982 2617 1054 ύμῖν
2664 983 2933 1055 μεθεκτέον
2987 983 3017 1043 ἣ
3075 985 3376 1037 ούτινοσοῡν
3428 994 3528 1038 τῶν
3578 986 3770 1060 αἰσχί-

2170 1089 2324 1126 στων.
2358 1070 2586 1145 Ἀτμούς
2621 1090 2682 1144 γε
2727 1076 2829 1146 μὴν
2873 1070 3243 1138 παντοδαπούς
3284 1072 3481 1135 ἡδονὴν
3521 1076 3773 1152 ὀσφρήσει

2169 1164 2415 1235 φέροντας
2460 1169 2533 1232 τῷ
2586 1160 2700 1235 ἀέρι
2748 1165 3170 1236 καταμιγνύναι,
3230 1165 3258 1223 ἦ
3315 1168 3499 1240 μύροις
3557 1166 3773 1229 ἑαυτούς

2170 1249 2628 1326 ἀναχρώννυσθαι,
2674 1257 2763 1305 καὶ
2807 1251 3147 1327 ἀπαγορεύειν
3204 1254 3553 1329 αἰσχύνομαι.
3606 1262 3670 1311 Τί
3719 1253 3770 1310 δ’

2169 1342 2230 1393 οἷν
2278 1361 2360 1404 τις
2408 1344 2543 1394 εἴποι
2580 1346 2700 1416 περὶ
2747 1349 2839 1395 τοῦ
2887 1347 2957 1415 μὴ
3013 1354 3216 1418 χρῆναι
3266 1347 3361 1406 τάς
3413 1344 3461 1397 ἕν
3520 1345 3622 1420 ἀφῇ
3682 1352 3773 1401 καὶ

2167 1432 2346 1503 γεύσει
2390 1426 2599 1484 διώκειν
2623 1428 2840 1500 ἡδονὰς,
2869 1434 2898 1492 ἦ
2946 1434 3027 1485 ὅτι
3070 1435 3564 1506 καταναγκάζουσιν
3595 1437 3777 1489 αὗται-

2169 1524 2292 1582 τούς
2337 1525 2457 1594 περὶ
2495 1525 2589 1580 τὴν
2633 1520 2827 1574 ἑαυτῶν
2880 1524 3042 1596 θήραν
3091 1521 3472 1595 ἐσχολακότας,
3505 1528 3678 1600 ὥσπερ
3709 1528 3777 1580 τά

2172 1612 2463 1685 θρέμματα,
2509 1615 2643 1685 πρός
2678 1615 2773 1669 τὴν
2818 1615 3052 1685 γαστέρα
3080 1617 3171 1664 καὶ
3201 1615 3267 1666 τά
3316 1614 3403 1666 ὑπ’
3448 1614 3611 1675 αὐτὴν
3644 1635 3774 1668 συν-

394 1703 565 1780 quod
613 1708 839 1776 cogant
888 1719 993 1760 eos
1039 1703 1146 1777 qui
1191 1703 1285 1759 his
1333 1702 1651 1776 captandis
1695 1706 1938 1772 vacant,
1977 1705 2055 1761 ad

2168 1704 2467 1763 νενευκότας
2506 1702 2621 1772 (Ἠ)
2672 1700 2802 1774 Egi»;
2861 1700 2964 1754 Ἑνὶ
3032 1698 3092 1754 δὲ
3142 1702 3317 1775 λόγῳ,
3368 1707 3557 1767 παντὸς
3607 1706 3769 1780 ύπερ-

392 1799 665 1852 ventrem
691 1798 749 1850 et
777 1792 857 1850 ad
887 1808 961 1849 ea
998 1809 1134 1866 quae
1166 1791 1282 1848 sub
1310 1798 1519 1848 ventre
1557 1796 1719 1862 sunt,
1766 1809 2057 1866 pecorum

393 1900 587 1954 more,
627 1899 857 1958 pronos
895 1899 967 1939 ac
1008 1898 1349 1956 prOpensos
1391 1882 1592 1939 vivere
1618 1884 1646 1940 ‘I
1678 1886 1805 1941 Uno
1844 1884 2055 1955 verbo,

393 1978 587 2032 totum
612 1990 834 2046 corpus
867 1973 1386 2030 contemnendum
1413 1979 1503 2031 est
1542 1973 1617 2043 ei,
1648 1974 1752 2048 qui
1781 1974 1843 2031 in
1866 1973 2059 2048 ipsius

391 2063 811 2137 voluptatibus
830 2063 1004 2137 quasi
1027 2064 1090 2120 in
1121 2080 1295 2121 coeno
1327 2063 1477 2121 nolit
1496 2064 1776 2133 volutari,
1799 2068 1903 2121 aut
1933 2069 2059 2122 tan-

392 2158 523 2212 tum
571 2153 627 2210 ei
684 2152 1129 2226 indulgendum
1189 2158 1307 2223 est,
1366 2153 1429 2210 in
1476 2159 1812 2227 quantum,
1860 2154 2060 2228 inquit

391 2243 581 2315 Plato,
612 2242 1015 2317 philosophite
1038 2242 1307 2310 inservit,
1335 2259 1460 2300 non
1483 2242 1665 2315 longe
1693 2243 1863 2301 aliter
1889 2243 2057 2302 locu-

390 2336 490 2390 tus
520 2338 703 2407 atque
732 2332 972 2399 Paulus,
996 2332 1102 2406 qui
1127 2339 1336 2390 monet
1364 2332 1599 2390 nullam
1629 2334 1903 2407 corporis
1950 2335 2057 2391 ha-

389 2425 663 2482 bendam
692 2440 903 2482 curam
935 2423 1015 2481 ad
1054 2423 1454 2498 cupiditatum
1483 2424 1803 2482 materiam
1830 2427 1894 2481 ¹¹.
1931 2428 2056 2482 Ete-

389 2513 519 2570 nim
561 2512 669 2588 qui
716 2513 1008 2587 corporis,
1059 2516 1125 2569 ut
1167 2529 1230 2569 se
1269 2513 1496 2586 optime
1549 2512 1793 2583 habeat,
1844 2530 2051 2574 curam

392 2608 627 2674 gerunt,
656 2603 930 2661 animam
959 2608 1166 2660 autem
1212 2602 1314 2659 illo
1344 2619 1594 2661 usuram
1625 2604 1852 2661 nullius
1881 2604 2056 2678 pretii

390 2693 867 2768 parvipendunt,
891 2692 1042 2767 quid
1062 2692 1347 2749 diii‘erunt
1368 2692 1448 2749 ab
1468 2692 1540 2749 iis
1569 2693 1672 2766 qui
1691 2694 2055 2752 instrumen-

390 2787 465 2845 tis
487 2783 771 2859 aptandis
786 2782 939 2840 dant
966 2798 1242 2857 operam,
1259 2788 1446 2840 artcm
1471 2799 1613 2840 vero
1634 2799 1742 2857 per
1764 2784 1892 2841 haec
1914 2800 2053 2859 ope-

391 2880 633 2935 rantem
662 2873 1015 2946 negligunt?
1046 2876 1428 2947 Quapropter
1450 2874 1682 2932 ratione
1712 2875 1892 2949 plane
1913 2892 2053 2933 con-

389 2967 577 3026 traria
621 2979 846 3038 corpus
895 2962 1324 3035 castigandum
1373 2968 1462 3021 est
1513 2968 1571 3021 et
1616 2964 2049 3035 cohibendum,

2170 1794 2349 1844 οπτέον
2376 1798 2468 1842 τού
2499 1796 2738 1863 σώματος
2766 1798 2839 1862 τῷ
2865 1795 2936 1865 μὴ
2970 1793 3036 1853 ὡς
3058 1789 3107 1844 ἐν
3134 1790 3376 1868 βορϐόρῳ
3400 1800 3510 1855 ταῖς
3552 1789 3769 1858 ἡδοναῖς

2169 1879 2330 1934 αύτού
2373 1882 2784 1956 κατορωρύχθαι
2828 1880 3083 1954 μέλλοντι,
3125 1882 3154 1941 ἣ
3206 1890 3454 1937 τοσοῦτον
3503 1881 3765 1937 ἀνθεκτέον

2168 1969 2349 2038 αὑτοῦ,
2382 1972 2523 2037 ὅσον,
2558 1975 2690 2043 φησί
2733 1968 2967 2035 Πλάτων,
3014 1972 3303 2046 ὑπηρεσίαν
3350 1972 3628 2045 φιλοσοφιᾳ
3653 1972 3768 2045 (72)

2167 2064 2451 2134 κτωμένου,
2492 2058 2697 2114 ἐοικότα
2741 2080 2840 2114 που
2892 2060 3052 2133 λέγων
3082 2070 3154 2134 τῷ
3186 2062 3394 2135 Παύλῳ,
3437 2062 3488 2123 ὃς
3529 2069 3772 2139 παραινεῖ

2167 2146 2434 2226 μηδεμίαν
2496 2158 2697 2224 χρῆναι
2756 2158 2849 2204 τοῦ
2909 2156 3149 2225 σώματος
3200 2157 3447 2228 πρόνοιαν
3500 2155 3641 2226 ἔχειν
3702 2152 3770 2213 εἰς

2167 2241 2455 2315 ἕπιθυμιῶν
2512 2240 2772 2314 ἀφορμήν.
2821 2239 2888 2294 ⁴ιΙΙ
2940 2246 2992 2295 τί
3045 2238 3386 2316 διαφέρουσιν
3433 2240 3482 2295 οἳ
3536 2249 3628 2295 τού
3679 2245 3769 2316 μὶν

2169 2337 2431 2412 σώματος,
2473 2333 2542 2392 ὡς
2584 2330 2645 2382 ἀν
2691 2331 2947 2384 κάλλιστα
2994 2333 3133 2404 ἔχοι,
3167 2332 3524 2407 φροντίζουσι,
3565 2336 3660 2392 τὴν
3712 2327 3772 2386 δι

2165 2426 2508 2499 χρησομένην
2542 2420 2682 2493 αύτῷ
2711 2420 2898 2494 ψυχὴν
2928 2424 2999 2484 ὡς
3027 2418 3237 2485 οὐδενός
3272 2420 3420 2487 ἀξίαν
3462 2431 3768 2498 περιορῶσι,

2164 2522 2264 2566 τῶν
2303 2514 2518 2587 περὶτὰ
2560 2515 2757 2586 ὄργανα
2797 2508 3227 2580 σπουδαζόντων,
3254 2521 3346 2574 τῆς
3396 2509 3455 2565 δε
3493 2508 3567 2565 δι’
3601 2511 3770 2565 αὐτῶν

2166 2600 2473 2677 ἕνεργούσης
2538 2604 2733 2673 τέχνης
2809 2599 3271 2674 καταμῆούντωη
3322 2606 3431 2655 Πᾶν
3512 2602 3604 2674 μὶν
3681 2596 3769 2653 οὖν

2162 2691 2458 2745 τούναντίον
2527 2690 2765 2752 κολάζειν
2818 2690 2946 2744 αύτό
3013 2694 3291 2763 κατέχειν,
3346 2691 3518 2766 ὥσπερ
3582 2692 3765 2763 θηρίου

2162 2785 2255 2846 τὰς
2312 2784 2497 2856 όρμάς,
2551 2789 2806 2858 προσῆκε,
2865 2787 2955 2836 καὶ
3005 2785 3126 2844 τοὺς
3169 2780 3256 2834 ἀπ’
3308 2781 3469 2835 αύτού
3514 2779 3766 2855 θορύϐους

2162 2870 2519 2946 ἰγγινομένους
2568 2881 2630 2945 τῇ
2690 2870 2845 2945 ψυχῇ
2906 2873 3058 2926 οἱονεὶ
3113 2873 3338 2945 μάστιγι
3404 2880 3476 2944 τῷ
3525 2870 3762 2945 λογισμῷ

2161 2966 2593 3037 καθικνουμένους
2639 2963 2915 3034 ⁵κοιμίζειν
2940 3004 2955 3029 ,
3195 2967 3266 3035 μὴ
3327 2964 3499 3016 πάντα
3548 2960 3763 3033 χαλινὸν

387 3056 558 3116 haud
580 3070 756 3112 secus
783 3070 857 3111 ac
885 3053 1149 3126 impetus
1175 3053 1498 3126 cujusdam
1523 3053 1771 3125 bellum;
1804 3059 1986 3129 atque
2011 3055 2051 3112 ii

2164 3052 2359 3116 ἡδονῆς
2409 3052 2621 3115 ἀνέντας
2670 3056 2917 3127 περιορᾲν
2968 3055 3055 3104 τὸν
3106 3060 3242 3119 νοῦν,
3294 3054 3469 3126 ὥσπερ
3526 3052 3765 3124 ἡνίοχον,

387 3146 683 3206 tumultus
703 3143 811 3219 qui
830 3142 911 3201 ab
940 3143 1075 3217 ipso
1104 3142 1166 3199 in
1194 3142 1401 3201 anima
1431 3144 1790 3214 excitantur,
1821 3146 2051 3204 ratione

386 3237 572 3295 veluti
590 3236 785 3308 ﬂagro
805 3233 1235 3307 compescendi
1258 3239 1397 3291 sunt
1415 3250 1540 3292 non
1563 3241 1766 3292 autem
1796 3235 2052 3293 habenis

386 3324 685 3400 voluptati
700 3324 953 3382 omnino
967 3322 1184 3379 laxatis
1200 3322 1567 3395 negligenda
1581 3340 1755 3382 mens
1775 3331 1881 3399 est,
1897 3326 2052 3384 adeo

388 3421 457 3473 ut
483 3414 665 3490 quasi
696 3413 913 3483 auriga
939 3412 1047 3486 qui
1076 3411 1157 3469 ab
1177 3412 1352 3485 equis
1382 3413 1621 3471 effrenis
1640 3414 2052 3491 violenterque

388 3504 629 3577 agitatis
676 3503 967 3577 abreptus
990 3501 1087 3571 sit,
1119 3501 1399 3560 ducatur.
1428 3505 1545 3561 Nec
1570 3503 1683 3562 abs
1706 3521 1773 3562 re
1809 3506 1919 3563 erit
1937 3510 2053 3580 Py-

390 3596 662 3668 thagorae
685 3591 1173 3666 meminisse,qui
1196 3608 1337 3650 cum
1354 3593 1666 3652 didicisset
1692 3595 1957 3670 aliquem
1979 3613 2052 3655 ex

386 3684 790 3745 familiaribus
816 3699 947 3741 sese
979 3687 1038 3740 et
1061 3683 1593 3742 exercitationibus
1613 3691 1669 3743 et
1689 3687 1841 3744 escis
1873 3688 2051 3745 valde

389 3774 729 3837 admodum
751 3772 1054 3846 saginare,
1077 3776 1136 3829 et
1159 3788 1488 3830 carnosum
1512 3774 1801 3832 reddere:
1833 3777 1927 3835 Sic
1956 3777 2051 3834 in-

386 3868 537 3940 quit,
561 3879 688 3921 non
725 3862 970 3919 desines
999 3861 1342 3933 graviorem
1371 3863 1716 3937 tibimetipsi
1746 3882 2052 3924 carcerem

386 3954 732 4013 exstruere?
751 3950 918 4009 Unde
939 3950 1148 4008 dicunt
1169 3956 1226 4009 et
1249 3952 1562 4010 Platonem
1588 3956 1997 4027 provenientis
2015 3974 2053 4017 a

388 4060 640 4119 corpore
658 4058 835 4101 noxae
855 4041 1203 4116 praescium,
1225 4042 1602 4103 insalubrem
1623 4046 1827 4105 Atticae
1846 4048 2077 4112 locum.

388 4132 784 4191 Academiam
803 4131 879 4189 de
900 4130 1201 4189 industria
1225 4132 1499 4207 elegisse,
1524 4141 1590 4192 ut
1614 4136 1795 4194 nimis
1815 4138 2052 4197 bonum

2162 3147 2263 3200 ύπό
2323 3140 2587 3202 ductavin
2658 3142 2827 3195 ἳππων
2900 3140 3047 3215 ὕϐρει
3107 3143 3392 3214 φερομένων
3463 3145 3768 3216 παρασυρό-

2160 3254 2308 3312 μενον
2346 3234 2609 3307 ἄγεσθαι·
2659 3234 2751 3285 καὶ
2799 3238 2890 3283 τοῦ
2945 3232 3256 3306 Πυθαγόρου
3307 3232 3607 3303 μεμνῆσθαι
3629 3229 3763 3302 (73),

2162 3327 2238 3399 ὃς,
2270 3334 2371 3378 τῶν
2421 3327 2677 3378 συνόντων
2706 3322 2823 3375 τινά
2864 3322 3180 3395 καταμαθὼν
3221 3324 3537 3395 γυμνασίοις
3579 3338 3635 3374 τε
3679 3322 3769 3372 καὶ

2164 3421 2355 3478 σιτίοις
2399 3414 2580 3470 ἑαυτὸν
2628 3409 2683 3467 εὖ
2731 3411 2874 3487 μάλα
2918 3420 3373 3488 κατασαρκούντα,
3406 3411 3572 3474 οὕτως
3618 3413 3709 3484 ἔφη
3751 3429 3765 3445 ο

2165 3507 2240 3562 Ού
2311 3508 2491 3580 παύσῃ
2552 3503 2916 3580 χαλεπώτερον
2976 3511 3179 3575 σεαυτῷ
3232 3502 3640 3564 κατασκευάζων
3708 3503 3768 3553 τὸ

2164 3595 2523 3673 δεσμωτήριον
2549 3612 2565 3664 ;
2593 3597 2681 3649 Διὸ
2733 3591 2801 3655 δὴ
2844 3599 2929 3648 κοί
2977 3593 3229 3647 Πλάτωνά
3258 3612 3408 3666 φασι,
3441 3596 3536 3652 τὴν
3579 3590 3629 3644 ἓν
3669 3596 3768 3645 σώ-

2163 3709 2328 3763 ματος
2377 3686 2581 3761 βλάϐην
2628 3682 3010 3762 προίδόμενον,
3051 3687 3111 3737 τό
3159 3680 3383 3744 νοσῶδες
3434 3687 3634 3757 χωρίον
3677 3690 3767 3744 τῆς

2164 3779 2411 3839 Ἀττικῆς
2484 3780 2579 3835 τὴν
2639 3770 2971 3847 Ἀκαδημίαν
3053 3771 3361 3826 καταλαϐεῖν
3427 3769 3764 3840 ἐξεπίτηδες,

2165 3871 2249 3923 ἵνα
2293 3872 2386 3928 τὴν
2434 3868 2569 3939 ἄγαν
2613 3864 2888 3918 εύποίθειαν
2934 3870 3027 3915 τοῦ
3077 3867 3315 3937 σώματος
3367 3864 3473 3916 οἷον
3533 3860 3765 3935 ἀμπελου

2162 3963 2259 4020 τὴν
2308 3957 2378 4020 εἰς
2424 3958 2492 4010 τά
2548 3955 2767 4031 περιττά
2813 3954 2971 4029 φορὰν
3023 3956 3329 4028 περικόπτοι
3353 3953 3489 4026 (⁸74).
3536 3951 3669 4024 Ἐγὼ
3707 3947 3766 4005 δε

2161 4054 2254 4104 καὶ
2321 4045 2578 4122 σφαλερὰν
2640 4043 2771 4098 εἶναι
2820 4046 2909 4103 τὴν
2975 4040 3053 4096 ἄπ’
3108 4043 3269 4119 ἄκρον
3325 4041 3524 4106 εὐεξίαν
3578 4041 3764 4117 ἰατρῶν

2164 4144 2391 4204 ἤκουσα.

386 4222 657 4298 corporis
687 4225 912 4281 statum
946 4220 1121 4295 quasi
1150 4222 1522 4297 superﬂuam
1552 4240 1742 4299 quam
1778 4228 1913 4287 vitis
1949 4232 2324 4293 feracitatem
2366 4228 2727 4301 amputaret.
2757 4226 2880 4296 Ego
2907 4227 3112 4281 autem
3140 4222 3416 4297 corporis
3461 4220 3767 4282 habitudi-

386 4329 530 4372 nem
558 4327 796 4370 summe
822 4310 1054 4370 bonam
1080 4312 1263 4370 etiam
1291 4314 1706 4387 periculosam
1736 4335 1873 4378 esse
1903 4338 1941 4380 a
1967 4324 2227 4383 medicis
2255 4318 2483 4379 audivi.

459 4443 514 4498 8.
553 4441 704 4497 Cum
728 4437 913 4509 igitur
929 4436 1120 4495 nimia
1139 4437 1240 4496 illa
1264 4439 1536 4514 corporis
1558 4456 1705 4501 cura
1725 4448 1783 4502 et
1806 4449 2047 4521 corpori

2232 4451 2288 4506 8.
2325 4444 2450 4501 Ὀτι
2496 4446 2669 4498 τοίνυν
2717 4444 2748 4502 ἡ
2796 4441 2929 4515 ἄγαν
2978 4441 3110 4500 αὕτη
3159 4448 3253 4495 τοῦ
3304 4445 3545 4515 σώματος
3594 4436 3766 4512 ἐπιμί-

384 4528 500 4604 ipsi
525 4527 755 4586 inutilis
785 4527 879 4598 sit,
906 4533 965 4585 et
993 4527 1213 4585 animae
1237 4528 1488 4604 officiat,
1516 4531 1571 4589 ei
1597 4533 1953 4595 submittere
1980 4554 2046 4596 se

385 4624 445 4678 et
464 4618 727 4693 obsequi
745 4618 1067 4675 manifesta
1085 4618 1264 4676 fuerit
1280 4619 1539 4678 insania.
1558 4622 1754 4694 Sed,si
1773 4625 1892 4684 hoc
1907 4643 2049 4686 con-

383 4712 646 4768 temnere
659 4707 1171 4772 studeremus,vix
1183 4708 1350 4766 aliud
1363 4711 1696 4786 quidquam
1708 4714 2048 4775 humanum

462 4856 509 4892 ιθ
549 4856 570 4911 Ι
609 4855 753 4925 Reg.
785 4867 902 4922 1m,
943 4856 1032 4909 23.
1115 4853 1157 4889 ¹¹
1200 4855 1372 4912 Rom.
1413 4872 1534 4925 xm,
1582 4860 1665 4915 14.

478 4998 569 5070 70)
608 5000 717 5055 Pro
784 4994 1187 5070 ἀναπλησθῆναι
1241 4996 1460 5069 legitur
1512 4999 1573 5056 in
1634 5000 1803 5070 Colb.
1877 5004 2051 5063 tertio

386 5063 787 5143 ἀναπληρῶσαι.
821 5071 953 5127 Mox
998 5067 1163 5125 idem
1212 5063 1358 5126 mss.
1390 5080 1489 5124 τῶν
1538 5069 1818 5146 προδήλως
1866 5079 2054 5150 αἰσχί·

388 5163 571 5284 6aut???)
597 5210 861 5295 Antiqui
891 5215 1010 5269 tres
1045 5209 1185 5295 libri
1230 5220 1615 5295 συννενευκότες,
1636 5232 1869 5295 nempe
1901 5221 2056 5294 θρέμ-

386 5283 559 5361 ματαέ
580 5283 697 5361 Alii
710 5283 841 5361 Δ(1-1Ξο
862 5300 1057 5361 111888.
1086 5287 1146 5340 et
1174 5284 1317 5341 editi
1350 5293 1763 5361 συννενευκότας.

479 5361 573 5425 '72)
615 5354 770 5437 Edit'i
818 5360 875 5411 et
911 5371 1104 5437 mass.
1154 5371 1278 5413 non
1328 5360 1507 5485 pauci
1537 5359 1834 5435 φιλοσοφία,
1878 5368 1936 5420 et
1965 5364 2052 5421 sic

479 5443 636 5485 oaue
666 5442 933 5485 primum
974 5432 1298 5485 scripserat
1353 5429 1615 5485 ibrarius
1653 5433 1715 5485 in
1761 5435 1926 5485 Colh.
1959 5452 2052 5485 se-

387 5429 636 5504 quoque
666 5429 933 5504 primum
968 5429 1316 5504 _scripserat_
1330 5429 1615 5504 librarius
1653 5429 1739 5489 in'
1761 5435 1926 5491 Colb.
1959 5452 2054 5493 se-

387 5496 933 5581 eundo,‘s'ed_ip‘se
963 5498 1047 5557 ita
1081 5496 1467 5581 :eniengavit,
1500 5507 1565 5560 ut
1610 5519 1775 5581 nunc
1816 5506 2055 5581 legatur

388 5566 720 5649 φιλοσοφίας.
771 5566 984 5627 Itidem
1026 5566 1212 5628 editio
1269 5566 1461 5630 Paris:
1508 5579 1791 5652 κτωμένου.
1857 5566 2053 5638 Εἴάἱείο

2156 4539 2271 4594 λεια
2313 4535 2456 4608 αύτῷ
2507 4552 2562 4588 τε
2601 4530 2905 4594 ἀλυσιτελὴς
2956 4533 3029 4604 τῷ
3081 4536 3306 4605 σώματι,
3360 4534 3452 4583 καὶ
3498 4531 3630 4606 πρὸς
3671 4533 3767 4587 τὴν

2159 4628 2347 4703 ψυχὴν
2404 4620 2661 4700 ἓμπόδιόν
2715 4621 2866 4676 ἐστι·
2917 4625 2977 4675 τό
3026 4639 3087 4694 γε
3125 4622 3550 4674 ύποπεπτωκέναι
3597 4621 3765 4688 τούτῷ

2156 4721 2245 4773 καὶ
2302 4718 2597 4794 θεραπεύειν
2655 4718 2817 4788 μανία
2866 4716 3056 4786 σαφής.
3110 4709 3269 4766 Ἀλλά
3324 4713 3424 4769 αήν
3483 4709 3526 4763 εἰ
3576 4711 3764 4762 τούτου

2158 5003 2341 5062 Basil.
2374 5005 2431 5060 et
2450 4999 2617 5071 Regii
2641 5000 2765 5058 duo
2785 5015 2932 5057 mss.
2961 4996 3229 5071 itemque
3254 4994 3355 5054 alii
3379 4996 3501 5054 duo
3524 4995 3765 5055 Colber-

2159 5075 2267 5165 “ei
2297 5078 2607 5165 κτοιεεένριες-

2230 5138 2598 5221 (73)_Et_hic
2648 5158 2897 5221 quoque
2951 5138 3120 5221 Qolb.
3171 5141 3393 5221 tertius.
3426 5139 3768 5221 aureliguis

2158 5210 2620 5278 mss.'dissidet.
2652 5210 2737 5274 l'ta
2764 5210 2946 5285 igitur
2974 5212 3037 5269 in
3065 5213 3183 5269 hoc
3214 5212 3396 5270 veteri
3440 5211 3596 5269 libro
3624 5210 3769 5285 legi-

2159 5297 2277 5361 tur,
2303 5290 2398 5346 ούκ
2430 5287 2631 5368 ἀγεννλς
2674 5292 2765 5368 καὶ
2794 5284 2888 5368 τοῦ
2919 5286 3229 5368 Πυοθςιγόρου
3257 5285 3585 5368 μεμνῆσθαι.
3633 5284 3767 5339 MOI

2158 5356 2429 5437 utraque
2441 5356 2714 5437 editiqu
2736 5359 2956 5437 παύσει.
2989 5356 3150 5437 Libri
3177 5356 3408 5437 veteres
3435 5357 3639 5427 παύσῃ.

2230 5429 2542 5506 (7)Ἐ(1ἱῑὶο
2604 5430 2803 5487 Paris.
2857 5432 3168 5503 περικόπτῃ.
3231 5432 3303 5484 At
3360 5444 3487 5484 mss
3549 5429 3766 5502 πιριχό.

2160 5526 2299 5561 πτοι.
