4110 6384
254 284 361 338 688
1191 271 1418 330 SERMO
1457 270 1548 327 DE
1588 262 1926 330 LEGENDIS
1966 262 2188 321 LlBRlS
2225 263 2628 321 GENTILIUM.
3523 270 3628 326 536

249 427 310 480 γε
339 407 594 478 ὑπερορᾷν
623 401 995 475 μελετήσαιμεν
1024 399 1162 467 (75),
1198 395 1367 468 σχολῇ
1401 394 1454 466 γ’
1498 391 1620 446 ἄλλο
1661 410 1715 442 τι
1743 395 1842 441 τῶν
1872 410 1885 444 Α

1997 392 2117 443 sset
2145 385 2326 442 nobis
2355 385 2767 443 admirationi.
2800 385 2972 456 183
3002 386 3158 451 Quid
3184 389 3344 446 enim
3368 390 3498 461 jam
3523 365 3634 450 no-

252 475 586 569 ἀνθρωπινων
643 492 1026 564 θαυμάσαιμεν.
1086 493 1149 542 Τί
1212 488 1314 560 γὰρ
1389 486 1465 537 ἔτι
1533 480 1851 555 χρησόμεθα

2001 476 2076 569 is,
2103 477 2150 569 si
2181 476 2451 569 corporis
2494 475 2830 546 voluptates
2874 475 3282 549 fastidiamus,
3327 496 3484 552 opus
3512 482 3638 566 erit

250 587 476 656 πλούτῳ,
516 587 611 646 τὰς
657 579 752 636 διὰ
791 589 884 633 τοῦ
936 585 1177 652 σώματος
1222 573 1418 636 ἡδονὰς
1469 572 1848 645 ἁτιμάξοντεςς

1997 567 2221 624 .ivitiis?
2252 570 2374 637 Ego
2403 566 2651 640 quidem
2678 581 2802 622 non
2829 565 3028 633 video,
3059 566 3178 624 nisi
3201 574 3266 625 ut
3301 570 3361 626 in
3390 571 3613 630 fabulis

255 675 388 746 Ἐγὼ
429 676 520 746 μὲν
550 672 655 743 οὐχ
695 672 828 742 ὁρῶ,
877 668 1004 726 πλὴν
1063 668 1105 719 εἰ
1160 669 1256 739 μὴ,
1310 665 1446 718 κατὰ
1487 666 1609 722 τοὺς
1656 659 1704 710 ἐν
1745 664 1858 717 τοῖς

257 765 443 838 μύθοις
474 759 784 837 δράκοντας,
824 755 1020 816 ἡδονήν
1048 777 1167 810 τινα
1209 758 1351 828 φέροι
1401 755 1685 826 θησαυροῖς
1727 767 1860 800 κατ-

259 857 641 928 ορωρυγμένοις
698 848 1079 922 ἐπαγρυπνεῖν.
1145 852 1209 899 Ὅ
1271 863 1328 917 γε
1393 847 1496 916 μὴν
1572 839 1863 912 ἐλευθερίως

257 946 390 1016 πρὸς
441 943 507 994 τὰ
571 946 790 993 τοιαῦτα
841 933 1144 991 διακεῖσθαι
1188 929 1618 1004 πεπαιδευμένος,
1675 925 1865 980 πολλοῦ

260 1032 321 1085 ἂν
370 1028 482 1084 δέοι
526 1034 763 1084 ταπεινόν
801 1047 854 1080 τι
900 1032 992 1080 καὶ
1039 1026 1269 1099 αἰσχρὸν
1322 1025 1456 1096 ἔργῳ
1505 1021 1535 1079 ἣ
1563 1020 1698 1090 λόγῳ
1744 1019 1869 1069 ποτε

259 1121 589 1196 προελέσθαι.
647 1123 716 1172 Τό
767 1119 889 1191 γὰρ
917 1124 1012 1180 τῆς
1081 1119 1270 1188 χρείας
1335 1113 1714 1184 περιττότερον,
1773 1103 1868 1156 κᾶν

265 1208 462 1266 Λύδιον
557 1208 770 1281 ψῆγμα,
803 1205 898 1259 κᾶν
927 1214 1030 1258 τῶν
1053 1207 1342 1279 μυρμήκων
1389 1202 1535 1274 ἔργον
1573 1206 1674 1250 τῶν
1727 1214 1871 1270 χρυ-

265 1305 520 1374 σοφόρων,
550 1301 786 1368 τοσούτῳ
837 1295 989 1348 πλέον
1043 1292 1312 1365 ἀτιμάσει,
1359 1291 1564 1364 ὅσῳπερ
1614 1285 1674 1338 ἂν
1716 1286 1872 1343 ἧττον

261 1387 613 1465 προσδέηται·
647 1387 812 1444 αὐτὴν
855 1381 915 1437 δι
947 1381 1123 1441 δήπου
1152 1386 1243 1440 τὴν
1272 1384 1460 1455 χρείαν
1498 1385 1612 1439 τοῖς
1652 1383 1749 1437 τῆς
1781 1375 1874 1446 φύ-

264 1463 396 1543 σεως
445 1479 772 1551 ἀναγκαίοις,
813 1472 919 1527 ἀλλ’
965 1473 1024 1526 οὐ
1071 1479 1191 1532 ταῖς
1235 1467 1450 1530 ἡδοναῖς
1498 1469 1738 1540 ὁριεῖται.
1786 1463 1875 1524 Ὠς

264 1571 401 1641 οἶγε
430 1577 532 1620 τῶν
576 1567 874 1637 ἀναγκαίων
923 1564 1054 1637 ὅρων
1097 1561 1192 1624 ἔξω
1233 1563 1496 1632 γενόμενοι
1521 1560 1660 1625 (⁸76),
1709 1571 1877 1628 παρα-

1964 664 2054 716 est
2082 657 2441 727 draconum,
2485 655 2828 728 jucundum
2874 655 2947 712 sit
2977 660 3303 730 etgratum
3336 660 3634 718 thesauris

1967 746 2226 803 defossis
2246 746 2582 816 invigilare.
2614 745 2860 803 Multum
2892 751 3096 802 autem
3127 745 3408 815 abfuerit,
3441 757 3504 807 ut
3533 750 3642 825 qui

1970 836 2291 894 liberaliter
2321 836 2382 892 in
2413 835 2634 892 talibus
2664 834 2892 891 habere
2923 852 2985 891 se
3028 835 3327 906 didicerit,
3360 855 3637 913 unquam

1975 927 2202 984 humile
2230 927 2550 1000 quidpiam
2573 932 2628 983 et
2659 931 2834 999 turpe
2855 926 3014 984 facto
3045 931 3150 984 aut
3175 928 3334 986 dicto
3361 929 3474 986 sibi
3499 947 3640 1004 pro-

1975 1021 2186 1090 ponat.
2221 1016 2528 1090 Quidquid
2559 1016 2721 1072 enim
2751 1016 3130 1090 superﬂuum
3161 1022 3269 1085 est,
3301 1023 3360 1075 et
3388 1021 3646 1078 necessi-

1979 1107 2113 1162 tatis
2153 1105 2405 1164 modum
2446 1106 2696 1177 excedit,
2749 1107 2871 1162 sive
2925 1106 3112 1180 Lydia
3160 1123 3344 1165 arena
3385 1109 3480 1177 sit,
3514 1110 3645 1167 sive

1978 1195 2370 1252 formicarum
2401 1195 2801 1252 aurilerarum
2831 1212 3006 1268 opus,
3033 1201 3198 1254 tanto
3223 1199 3418 1270 magis
3439 1215 3646 1273 asper-

1979 1285 2224 1343 nabitur
2270 1291 2502 1358 quanto
2545 1285 2746 1342 minus
2791 1285 3128 1355 indigebit:
3181 1288 3409 1362 quippe
3465 1305 3647 1346 usum

1979 1376 2184 1449 ipsum
2235 1375 2701 1432 necessitatibus
2750 1379 2983 1432 naturae
3032 1377 3328 1443 metiatur,
3378 1394 3502 1435 non
3548 1395 3650 1436 vo-

1981 1463 2337 1537 luptatibus.
2371 1467 2518 1520 Nam
2559 1463 2666 1536 qui
2700 1464 3080 1521 necessarios
3110 1466 3399 1523 terminos
3441 1483 3653 1524 exces-

1986 1570 2135 1617 sere,
2169 1570 2307 1612 cum
2328 1554 2458 1625 jam
2489 1553 2623 1618 sibi,
2656 1569 2822 1610 more
2844 1569 3053 1610 eorum
3081 1558 3182 1628 qui
3210 1556 3271 1612 in
3303 1556 3529 1613 declive
3554 1557 3647 1613 fe-

265 1629 505 1718 πλησίως
553 1663 660 1717 τοῖς
732 1655 867 1707 κατὰ
936 1629 1030 1704 τοῦ
1103 1629 1360 1726 πρανοῦς*
1398 1649 1688 1722 φερομένοις
1747 1646 1878 1718 πρὸς

1997 1649 2221 1711 runtur,
2271 1643 2420 1699 nihil
2462 1643 2710 1700 ﬁrmum
2755 1629 3057 1717 suppetat,
3098 1644 3177 1700 ad
3213 1645 3382 1717 quod
3412 1662 3475 1702 se
3504 1645 3653 1703 reci-

270 1744 422 1802 οὐδεν
471 1748 729 1818 στάσιμον
780 1746 994 1815 ἔχοντες.
1038 1739 1318 1805 ἀποϐῆναι,
1378 1733 1616 1810 οὐδαμοῦ
1665 1743 1762 1794 τῆς
1809 1732 1880 1794 εἰς

266 1840 328 1891 τό
373 1839 555 1910 πρόσω
616 1840 776 1908 φορᾶς
835 1834 1091 1885 ἵστανταιο
1158 1829 1264 1883 ἀλλ’
1329 1829 1531 1900 ὅσῳπερ
1599 1823 1660 1876 ἂν
1724 1823 1884 1876 πλείω

266 1923 809 2002 προσπεριϐάλωνται,
861 1929 956 1975 τοῦ
1002 1923 1124 1974 ’ίσου
1179 1916 1388 1973 δέονται
1418 1918 1446 1976 ἦ
1507 1915 1598 1968 καί
1651 1914 1883 1975 πλείονος

270 2021 402 2090 πρὸς
457 2020 553 2073 τὴν
597 2021 690 2074 τῆς
733 2011 1012 2085 έπιθυμίας
1060 2009 1410 2085 ἐκπλήρωσιν,
1441 2008 1579 2060 κατὰ
1615 2007 1706 2059 τὸν
1738 2002 1885 2066 Ἐξη-

271 2101 522 2160 κεστίδου
553 2103 774 2170 Σόλωνα,
803 2103 859 2165 ὃς
888 2119 1041 2174 φησι·

275 2231 508 2286 Πλούτου
539 2225 590 2282 δ’
625 2225 778 2282 οὐδὲν
808 2230 975 2304 τέρμα
1004 2227 1330 2299 πεφασμένον
1357 2217 1587 2296 ἀνδράσι
1618 2227 1809 2275 κεῖται.

274 2365 360 2430 Τῷ
412 2353 472 2411 δι
529 2349 778 2428 Θεόγνιδι
827 2356 961 2430 πρὸς
1017 2359 1187 2406 ταῦτα
1233 2345 1546 2421 διδασκάλῳ
1597 2349 1884 2423 χρηστέον,

273 2446 499 2519 λέγοντι·

277 2557 388 2608 Οὐκ
444 2556 638 2628 ἔραμαι
702 2551 966 2620 πλουτεῖν,
1019 2547 1126 2603 οὔτ’
1184 2551 1434 2620 εὔχομαι,
1491 2543 1620 2599 ἀλλά
1669 2562 1762 2618 μοι
1809 2545 1886 2601 ε’ίη

455 2651 562 2718 Ζῇν
605 2641 708 2696 ἀπὸ
737 2649 838 2694 τῶν
870 2640 1079 2713 ὀλίγων,
1122 2635 1293 2711 μηδὲν
1319 2640 1498 2710 ἔχοντι
1527 2639 1708 2690 κακόν.

283 2755 413 2827 Ἐγὼ
444 2751 504 2807 δὲ
543 2756 634 2805 καὶ
681 2755 946 2823 Διογένους
991 2750 1195 2823 ἄγαμαι
1239 2752 1336 2806 τὴν
1372 2748 1578 2801 πάντων
1622 2745 1752 2818 ὁμοῦ
1789 2750 1892 2796 τῶν

285 2842 618 2919 ἀνθρῶπίνων
664 2840 976 2915 ὑπεροψίαν,
1025 2840 1078 2901 ὃς
1116 2857 1175 2911 γε
1221 2841 1311 2890 καὶ
1366 2834 1630 2908 βασιλέως
1656 2841 1749 2887 τοῦ
1779 2835 1892 2904 (77)

289 2933 513 3007 μεγάλου
586 2931 768 2986 ἑαυτὸν
825 2928 1050 3002 ἀπέφηνε
1105 2928 1510 3000 πλουσιώτερον,
1566 2933 1638 2995 τῷ
1690 2923 1893 2976 ἐλαττόο

1989 1735 2180 1807 piant,
2207 1749 2519 1806 nusquam
2548 1733 2794 1789 ulterius
2825 1733 3021 1808 abripi
3063 1734 3462 1792 intermittunt
3487 1753 3500 1790 :
3547 1734 3657 1792 sed

1991 1840 2114 1898 quo
2139 1823 2312 1896 plura
2359 1823 2792 1896 compararint,
2822 1839 2894 1880 eo
2923 1824 3123 1896 magis
3153 1841 3311 1898 opus
3341 1826 3660 1884 habebunt

1991 1913 2262 1988 paribus,
2286 1918 2392 1969 aut
2409 1915 2590 1970 etiam
2621 1913 3020 1986 amplioribus
3040 1914 3116 1971 ad
3140 1915 3537 1988 cupiditatem
3559 1933 3658 1974 ex.

1993 2003 2303 2078 plendam,
2336 2003 2676 2061 secundum
2707 2003 3070 2062 Execestidaa
3116 2004 3312 2063 ﬁlium
3353 2006 3656 2077 Solonem,

1993 2094 2100 2168 qui
2131 2094 2215 2152 ait
2237 2111 2251 2150 ε

2135 2184 2382 2241 Divitiis
2406 2184 2648 2242 nultum
2678 2190 2956 2244 statuunt
2986 2187 3275 2246 mortalia
3301 2188 3484 2259 ﬁnem

2140 2274 2424 2331 Pectora.

1997 2365 2062 2420 In
2088 2362 2186 2420 his
2213 2363 2397 2422 etiam
2421 2361 2767 2436 Theognide
2796 2363 3094 2437 magistro
3113 2365 3409 2426 utendum
3429 2374 3538 2442 est,
3556 2369 3665 2447 qui

1998 2453 2144 2510 dicit
2168 2470 2182 2509 :

1996 2544 2136 2602 Non
2165 2559 2302 2603 amo
2321 2544 2590 2611 divitias,
2623 2559 2744 2601 non
2775 2551 2953 2616 opto:
2987 2553 3052 2604 at
3083 2548 3282 2608 vivere
3319 2555 3560 2612 tantum

2069 2636 2306 2707 Exiguo
2341 2637 2542 2702 liceat,
2570 2635 2664 2691 nit
2693 2637 2770 2692 sit
2800 2642 2866 2692 ut
2891 2637 3034 2694 inde
3063 2641 3236 2696 mala".

2000 2728 2125 2797 Ego
2151 2732 2355 2782 autem
2379 2725 2442 2780 in
2465 2725 2730 2796 Diogene
2752 2725 2934 2784 etiam
2956 2729 3232 2786 omnium
3255 2730 3436 2789 simul
3454 2733 3669 2793 huma-

1999 2831 2219 2873 narum
2249 2831 2452 2874 rerum
2486 2814 2756 2872 admiror
2801 2822 3241 2892 contemptum,
3269 2821 3374 2894 qui
3401 2837 3668 2894 pronun-

2000 2905 2169 2962 tiavit
2198 2921 2264 2961 se
2295 2919 2436 2975 rege
2462 2920 2690 2975 magno
2715 2905 3019 2970 ditiorem,
3050 2908 3220 2980 quod
3261 2910 3324 2966 in
3369 2911 3490 2970 vita
3516 2929 3669 2986 pau-

289 3044 386 3076 νων
433 3024 462 3082 ἢ
506 3021 694 3084 ἐκεῖνος
735 3023 869 3073 κατὰ
914 3022 1002 3073 τόν
1053 3015 1170 3091 βίον
1217 3011 1594 3091 προσδεῖσθαι.
1634 3012 1784 3086 Ἡμῖν
1833 3009 1885 3064 δί

2001 2994 2290 3091 cioribus
2315 3009 2506 3091 quam
2545 2992 2642 3091 ille
2687 2999 2908 3064 egeret.
2942 2994 3124 3052 Nobis
3157 3003 3382 3070 autem,
3415 3000 3530 3058 nisi
3560 3005 3668 3076 Py-

287 3111 409 3189 οἷρα,
462 3112 504 3166 εἰ
542 3117 613 3185 μὴ
660 3112 729 3164 τὰ
759 3111 956 3164 Πυθίου
1000 3114 1093 3161 τοῦ
1139 3113 1328 3162 Μυσοῦ
1375 3109 1596 3180 προσείη
1643 3102 1890 3169 τάλαντα,

285 3206 376 3256 καὶ
434 3201 632 3274 πλέθρα
688 3207 790 3272 γῆς
843 3202 980 3252 τόσα
1034 3201 1125 3250 καὶ
1177 3201 1330 3262 τόσα,
1389 3199 1480 3247 καὶ
1537 3192 1893 3267 βοσκημάτων

286 3289 438 3365 έσμοὶ
486 3291 696 3351 πλείους
734 3290 764 3348 ἢ
824 3287 1146 3362 ἀριθμῆσαι,
1187 3281 1339 3338 οὐδὲν
1388 3283 1679 3358 ἐξαρκέσει.
1734 3281 1890 3350 Ἀλλ’,

284 3379 454 3455 οἶμαι,
485 3383 745 3455 προσήκει
778 3379 890 3450 (78)
927 3375 1128 3429 ἀπόντα
1168 3393 1224 3426 τε
1281 3378 1352 3446 μὴ
1402 3375 1579 3427 ποθεῖν
1609 3376 1695 3424 τόν
1738 3371 1894 3424 πλοῦ-

281 3487 391 3538 τον,
424 3474 513 3522 καὶ
549 3471 828 3541 παρόντος,
869 3469 942 3538 μὴ
991 3472 1064 3535 τῷ
1101 3464 1390 3522 κεκτῆσθαι
1437 3461 1626 3536 μᾶλλον
1671 3468 1890 3536 φρονεῖν,

283 3563 314 3622 ἣ
357 3569 431 3631 τῷ
462 3554 656 3614 εἰδέναι
687 3557 843 3610 αὐτόν
884 3552 1240 3608 διατίθεσθαι.
1288 3557 1359 3607 Τὸ
1401 3555 1504 3626 γὰρ
1551 3557 1643 3603 τοῦ
1687 3552 1893 3625 Σωκρά-

282 3668 405 3714 τους
463 3645 516 3702 εὖ
576 3648 710 3720 ἔχει·
763 3645 817 3709 ὃς
867 3649 1003 3718 μέγα
1036 3649 1342 3718 φρονοῦντος
1390 3640 1644 3694 πλουσίου
1701 3635 1892 3712 ἀνδρὸς

285 3740 372 3797 ἰπὶ
402 3745 513 3800 τοῖς
543 3742 845 3810 χρήμασιν,
877 3735 936 3787 οὐ
966 3738 1216 3808 πρότερον
1259 3732 1415 3785 αὐτόν
1448 3732 1735 3804 θαυμάσειν
1774 3732 1888 3802 ἔφη,

284 3835 401 3907 πρίν
433 3827 493 3880 ἂν
540 3831 628 3881 καὶ
667 3828 748 3879 ὅτι
804 3825 1109 3900 κεχρῆσθαι
1150 3825 1353 3884 τούτοις
1384 3820 1662 3874 ἐπίσταται
1716 3839 1895 3894 πειρα-

289 3924 461 3980 θῆναι.
491 3917 562 3972 Ἥ
607 3913 823 3978 Φειδίας
852 3919 941 3989 μὲν
971 3919 1063 3966 καὶ
1104 3911 1461 3979 Πολύκλειτος,
1506 3909 1549 3962 εἰ
1575 3917 1649 3980 τῷ
1679 3913 1894 3984 χρυσίῳ

285 4016 423 4086 μέγα
477 4008 718 4084 ἔφρόνουν
775 4011 865 4058 καὶ
917 4012 989 4076 τῷ
1046 4002 1296 4076 ἐλέφαντι,
1352 4002 1420 4053 ὧν
1469 4002 1495 4053 ό
1543 4002 1632 4073 μὲν
1674 3998 1893 4061 Ἠλείοις

284 4106 372 4156 τόν
421 4105 535 4166 Δία,
589 4101 617 4152 ό
673 4094 732 4152 δὲ
789 4101 883 4155 την
931 4093 1098 4169 Ἦραν
1141 4091 1400 4168 Ἀργείοις
1429 4089 1770 4157 ἐποιησάτην,
1802 4107 1894 4142 κα-

284 4191 586 4265 ταγελάστου
641 4187 700 4240 ἂν
741 4190 938 4245 ’ἤστην
1008 4182 1260 4255 ἀλλοτρίῳ
1315 4180 1519 4253 πλούτῳ
1561 4179 1893 4240 καλλωπιζό-

286 4301 448 4357 μενοι,
505 4278 712 4353 ἆφέντες
765 4280 860 4335 τὴν
906 4277 1120 4346 τέχνην.
1179 4271 1263 4343 ὑφ’
1324 4270 1386 4333 ἧς
1448 4273 1538 4322 καὶ
1604 4271 1630 4321 ό
1685 4273 1893 4343 χρυσός

286 4356 453 4432 ἡδίων
481 4375 572 4422 καὶ
619 4370 925 4441 τιμιώτερος
977 4359 1298 4433 ἀπεδείχθη·
1331 4362 1481 4433 ἡμεῖς
1525 4356 1605 4428 δε,
1658 4365 1753 4418 τὴν
1799 4358 1891 4411 ἀν-

287 4465 544 4538 θρωπείαν
602 4457 788 4534 ἀρετὴν
848 4454 942 4507 οὐκ
994 4451 1224 4524 ἐξαρκεῖν
1271 4449 1429 4522 ἑαυτῇ
1473 4451 1585 4521 (79)
1630 4453 1756 4522 πρὸς
1808 4453 1894 4502 κά-

288 4569 418 4625 σμον
457 4546 923 4620 ὑπολαμϐάνοντες,
957 4541 1222 4602 έλάττονος
1260 4538 1528 4610 αἰσχύνης
1561 4538 1685 4601 ἄξια
1727 4547 1891 4593 ποιεῖν

286 4643 533 4716 οἰόμεθας
580 4637 737 4693 Ἀλλὰ
785 4633 926 4694 δῆτα
968 4631 1194 4686 πλούτου
1235 4633 1325 4703 μὲν
1373 4629 1760 4704 ὑπεροψόμεθα,
1799 4635 1890 4684 καὶ

285 4733 379 4792 τὰς
423 4725 524 4782 διὰ
545 4735 647 4780 τῶν
679 4726 977 4783 αἰσθήσεων
1017 4717 1206 4782 ἡδονὰς
1251 4718 1597 4792 ἁτιμάσομεν,
1623 4718 1892 4783 κολακείας

289 4815 348 4874 δε
376 4825 468 4873 καὶ
516 4820 741 4879 θωπείας
783 4811 1098 4886 διωξόμεθα,
1132 4816 1343 4872 καὶτῆς
1393 4808 1720 4884 Ἀρχιλόχου
1765 4808 1894 4862 ἁλώ-

361 4963 479 5036 (75)
514 4961 767 5018 Codices
803 4963 924 5016 tres
961 4955 1356 5031 μελετήσαιμεν.
1409 4953 1560 5011 Editi
1609 4952 1894 5027 μελετήσα-

293 5055 480 5179 μεἵίῑσὶ)
508 5104 653 5161 Editi
674 5106 972 5179 γινόμενοι.
1011 5097 1269 5179 Antiqui
1297 5097 1582 5179 treshlibri
1607 5103 1890 5179 γενόμενοι.

292 5169 520 5256 Nec‘ita
563 5169 752 5233 multo
781 5169 1119 5256 Apost-unus
1157 5169 1352 5226 codex
1407 5169 1892 5256 Combeofzjrpoa-

289 5249 689 5306 πεοιλάϐωνται.
763 5242 872 5302 ΑἸίἰ
943 5249 1062 5300 tres
1121 5259 1284 5298 mss.
1351 5242 1890 5319 προσπεριϐάλωνται.

290 5303 445 5379 Editi
477 5317 1049 5379 ποοσπεριϐάλλωνται.
1092 5317 1214 5371 lloc
1256 5314 1396 5379 ipso
1436 5315 1497 5370 in
1545 5316 1679 5371 loco
1723 5315 1890 5372 Colb.

290 5327 445 5381 Editi
477 5327 1049 5395 προσπεριϐάλλωνται.
1092 5327 1214 5371 Hoc
1256 5330 1396 5387 ipso
1436 5331 1497 5370 in
1545 5327 1679 5371 loco
1723 5327 1890 5372 uoti).

289 5396 500 5452 tertius
527 5396 782 5446 τοσούτου
811 5387 1038 5444 δέονται.
1066 5386 1178 5443 Alii
1203 5403 1351 5442 mss.
1375 5394 1434 5442 et
1461 5386 1604 5443 editi
1629 5395 1721 5440 τοῦ
1751 5392 1897 5441 ῖσου-

293 5465 706 5542 δέονταιε-ὶμεεθ
736 5466 1064 5542 ῡυοῳυιῃ..

361 5543 478 5614 (77)
507 5529 904 5614 ῌο-οξιοοολμι
924 5531 1068 5614 alibi
1093 5545 1274 5614 saepe,
1298 5529 1536 5614 videtur
1557 5529 1633 5584 de
1663 5529 1899 5614 suo'ali-

288 5601 438 5689 quid
461 5601 774 5668 addidisse
791 5601 1208 5674 librarius,qui
1230 5601 1642 5659 Colbertinum
1658 5603 1898 5660 tertium

619 5715 916 5776 PATROL.
951 5714 1064 5770 GR.
1107 5711 1276 5767 XXXI.

2001 3083 2106 3140 thii
2148 3082 2296 3154 Mysi
2325 3082 2528 3138 adsint
2559 3081 2800 3149 talenta,
2847 3083 2966 3138 nisi
3015 3085 3134 3142 sint
3173 3091 3338 3144 terrae
3370 3094 3453 3146 tot
3482 3095 3542 3147 et
3583 3097 3670 3150 tot

1996 3173 2233 3245 jugera,
2257 3171 2372 3228 nisi
2394 3187 2683 3244 pecorum
2711 3186 2924 3242 greges
2942 3173 3266 3244 innumeri,
3291 3177 3548 3236 sufﬁciet
3576 3181 3668 3238 ni-

2001 3263 2108 3321 hil.
2137 3262 2254 3319 Sed
2295 3267 2520 3329 tamen,
2553 3261 2794 3334 opinor,
2825 3278 2938 3336 par
2977 3269 3068 3322 est
3103 3264 3341 3323 divitias
3386 3268 3669 3328 absentes

2001 3369 2126 3412 non
2155 3357 2456 3426 expetere,
2486 3367 2599 3409 nec
2629 3351 3010 3410 desiderare:
3044 3354 3093 3411 si
3119 3372 3263 3413 vero
3294 3359 3515 3430 adsint,
3543 3377 3668 3420 non

2000 3443 2198 3515 magis
2213 3443 2292 3499 ob
2310 3444 2586 3516 ipsarum
2598 3444 3050 3515 possessionem
3063 3445 3292 3517 jactare
3308 3465 3370 3506 se
3381 3465 3570 3524 quam
3587 3453 3667 3510 ob

2000 3532 2312 3589 scientiam
2330 3531 2727 3604 dispensandi
2747 3532 3018 3589 easdem.
3033 3535 3184 3591 Nam
3204 3539 3562 3609 praeclarum
3575 3547 3667 3600 est

1999 3620 2148 3679 illud
2167 3621 2447 3682 Socratis.
2461 3621 2564 3692 qui
2577 3619 2820 3676 divitem
2838 3622 3172 3694 quemdam
3191 3627 3387 3685 virum
3414 3645 3667 3702 magno-

2001 3726 2144 3785 pere
2164 3710 2238 3766 de
2271 3709 2546 3784 pecuniis
2579 3709 3030 3782 superbientem
3055 3727 3180 3769 non
3206 3716 3373 3787 prius
3405 3719 3666 3778 admira-

1999 3805 2206 3858 turum
2227 3816 2291 3856 se
2310 3799 2480 3865 dixit,
2503 3814 2693 3872 quam
2714 3798 2846 3872 ipsa
2865 3801 2952 3856 rei
2971 3803 3338 3874 experientia
3352 3806 3667 3872 didicisset

2001 3905 2143 3948 eum
2163 3890 2236 3963 iis
2260 3888 2340 3944 uti
2361 3905 2565 3946 nosse.
2588 3891 2798 3945 Nonne
2819 3889 2867 3945 si
2889 3889 2968 3946 ob
2991 3907 3208 3949 aurum
3233 3901 3292 3952 et
3315 3896 3466 3954 ebur
3487 3899 3664 3958 valde

2004 3996 2070 4036 se
2099 3978 2450 4036 extulissent
2481 3977 2720 4034 Phidias
2751 3982 2808 4034 et
2839 3978 3196 4051 Polycletus,
3223 4000 3484 4057 quorum
3515 3989 3665 4048 alter

2004 4069 2156 4128 Eleis
2201 4071 2434 4132 Jovem.
2468 4067 2616 4124 alter
2643 4068 2884 4138 Argivis
2912 4071 3212 4130 lunonem
3259 4075 3415 4145 fecit,
3465 4085 3666 4138 essent

2000 4157 2244 4229 derisui,
2277 4156 2445 4230 quod
2492 4155 2698 4212 relicta
2745 4161 2871 4214 arte
2909 4173 3014 4230 per
3036 4176 3225 4232 quam
3247 4163 3449 4236 ipsum
3481 4168 3664 4227 etiam

2001 4263 2219 4306 aurum
2253 4245 2584 4319 jucundius
2621 4245 3065 4321 pretiosiusque
3096 4250 3378 4311 effectum
3416 4259 3665 4331 est,glo-

2000 4338 2154 4396 riam
2184 4353 2257 4394 ex
2285 4335 2506 4408 opibus
2535 4334 2749 4392 alienis
2776 4343 3148 4410 captassent:
3176 4358 3288 4400 nos
3311 4351 3536 4416 autem,
3558 4350 3666 4422 qui

2000 4429 2276 4487 virtutem
2297 4427 2634 4484 humanam
2652 4443 2724 4483 ex
2745 4443 2809 4484 se
2839 4444 2962 4484 non
2983 4429 3262 4490 sufﬁcere
3274 4435 3354 4492 ad
3379 4444 3662 4498 ornatum

2000 4523 2308 4593 putamus,
2330 4532 2536 4572 remne
2553 4516 2918 4574 verecundia
2937 4519 3169 4578 minore
3189 4523 3440 4595 dignam
3467 4528 3665 4587 facere

2001 4607 2374 4666 videbimur?
2393 4613 2480 4662 An
2498 4605 2738 4662 divitias
2760 4605 3007 4678 quidem
3027 4608 3521 4684 despiciemus,et
3541 4619 3666 4678 illa-

2006 4699 2211 4756 bentes
2237 4712 2344 4769 per
2385 4711 2598 4752 sensus
2629 4694 2967 4768 voluptates
2998 4696 3360 4760 habebimus
3389 4707 3663 4782 despica-

2002 4790 2107 4858 tui,
2136 4787 2609 4846 assentationem
2637 4801 2778 4843 vero
2809 4790 2866 4844 et
2893 4786 3299 4849 adulationem
3328 4811 3666 4872 prosaque-

2001 4952 2276 5035 codicem
2306 4949 2643 5035 exscripsit.
2678 4953 2766 5035 It_a
2793 4950 2955 5035 enim
2981 4952 3045 5035 _i_n
3072 4954 3190 5035 hoc
3226 4956 3461 5029 legitur,
3494 4959 3662 5035 βασι.

2163 5033 2258 5078 τοῦ
2289 5023 2656 5109 μεγάλουχτῶη
2689 5030 2936 5109 nefa—ev.
2977 5027 3193 5109 Nptujn
3237 5023 3329 5087 es‘t
3365 5023 3663 5104 melinum

1999 5095 2421 5228 illumereg‘em,
2449 5095 2545 5167 cui
2557 5112 2626 5151 us
2642 5095 2740 5152 hic
2759 5095 2828 5153 tit
2848 5097 3094 5168 mentio,
3119 5103 3438 5162 Persarum
3459 5095 3666 5180 rcgem

2029 5188 2117 5228 llis
2199 5211 2215 5228 .

2029 5185 2215 5228 lllSSQ.

2076 5246 2190 5310 (78)
2224 5238 2397 5315 Editi
2424 5244 2483 5296 et
2528 5253 2684 5315 unus
2714 5246 3158 5315 ms._1rpo_a’f)_xst.
3199 5245 3310 5303 Alii
3361 5252 3479 5306 tres
3509 5269 3662 5309 mss.

2002 5309 2697 5404 wféfﬁff‘r-yq¥_egi£i9
2729 5309 3002 5404 [jar-imm?
3033 5311 3388 5376 διατίθεσθαι.
3433 5324 3668 5384 Vocula

2001 5382 2054 5442 εὖ
2077 5387 2135 5442 in
2171 5383 2388 5441 nostris
2417 5399 2520 5439 sex
2550 5399 2704 5440 mss.
2731 5382 2920 5438 deest.

2076 5461 2188 5526 (79)
2241 5454 2432 5511 Editio
2482 5454 2658 5527 Basil.
2707 5453 2938 5527 ἐξαρκεῖν
2991 5456 3200 5518 ἑαυτήν.
3252 5459 3442 5523 Editio
3481 5467 3645 5526 Paris

2002 5513 2121 5676 κφιξέ
2174 5513 2388 5586 ἶαυτὴν.
2444 5526 2598 5583 Libri
2643 5513 2874 5599 811ἰῖάυὶ
2910 5513 3508 5611 οωιιοέέὲωῖᾗξέῗὸἒ

2003 5620 2045 5659 u
2121 5615 2274 5659 cm‘e.

2003 5602 2274 5659 ufﬁcm‘e.
2788 5595 2810 5599 '
3297 5595 3307 5611 ‘

3247 5721 3310 5771 l9
