4110 6380
456 283 559 339 587

1810 265 1872 323 S.
1918 259 2169 319 BASlLll
2213 261 2454 319 MAGNI.

452 424 617 475 mur;
632 407 689 462 et
717 396 1057 460 Archilochi
1081 392 1418 469 vulpeculae
1443 391 1730 450 astutiam
1756 386 2109 444 versutiam-

2222 404 2376 448 πεκος
2400 389 2459 439 τὸ
2484 382 2762 461 κερδαλέον
2784 405 2841 439 τε
2880 389 2973 439 καὶ
3019 385 3253 438 ποικίλον
3302 385 3639 460 ζηλώσομέν;
3692 376 3831 441 Ἀλλ’

452 514 572 574 que
598 488 1054 552 aamulabimur?
1084 485 1262 559 Atqui
1292 483 1441 574 nihil
1469 487 1558 539 est
1581 482 1705 574 viro
1726 477 2007 554 prudenti
2026 475 2111 531 fu-

450 572 742 662 giendum
757 580 1174 652 magis,quam
1187 576 1263 630 ad
1282 572 1537 645 gloriam
1550 589 1571 625 ι
1586 572 1963 642 ivere,eaque
1974 580 2113 639 quas

449 678 636 749 vulgo
654 691 724 732 ac
744 667 1116 730 multitudini
1138 666 1495 739 probantur,
1510 669 1800 736 spectare,
1815 664 1872 716 et
1887 662 2112 749 rectam

451 746 751 826 rationem
796 761 927 818 vitae
964 759 1185 815 ducem
1237 771 1358 811 non
1406 758 1688 820 statuere,
1737 750 1821 807 ita
1864 752 1927 804 ut
1978 746 2116 801 licet

463 856 636 930 184
666 850 1017 913 hominibus
1037 846 1322 906 omnibus
1338 842 1769 909 contradicere,
1785 844 1839 895 et
1858 838 2113 907 ignomi-

452 928 623 1005 niam
648 961 719 1002 ac
747 939 1084 1015 periculum
1117 935 1320 992 subire
1351 932 1588 989 honesti
1612 945 1797 987 causa
1817 928 2112 1000 oporteat,

453 1043 661 1096 tamen
691 1031 841 1091 nihil
867 1045 1075 1087 eorum
1100 1042 1236 1099 qua:
1257 1030 1418 1081 recta
1436 1022 1711 1094 judicata
1735 1023 1892 1079 sunt,
1919 1017 2115 1073 inver-

455 1133 577 1186 tere
610 1124 884 1183 velimus.
916 1126 1007 1177 An
1044 1134 1183 1174 eum
1214 1115 1319 1189 qui
1347 1129 1470 1169 non
1500 1113 1582 1168 ita
1611 1110 1860 1167 affectus
1901 1110 2010 1174 est,
2034 1105 2114 1163 ab

455 1215 734 1289 .‘Egyptio
753 1212 854 1268 illo
875 1207 1146 1280 sophista
1166 1202 1392 1277 aliquid
1413 1200 1651 1257 differre
1671 1199 1965 1289 dicemus,
1985 1195 2109 1268 qui,

457 1287 598 1364 cum
614 1287 818 1372 vellet,
840 1299 1049 1373 planta
1068 1295 1253 1352 ﬁebat
1280 1298 1337 1349 et
1360 1292 1572 1359 bestia,
1594 1293 1651 1345 et
1679 1287 1837 1359 ignis
1865 1291 1922 1343 et
1950 1300 2113 1358 aqua

456 1401 514 1455 et
532 1412 627 1453 res
657 1407 870 1449 omnes
885 1389 914 1445 ?
938 1390 1085 1443 Nam
1116 1390 1173 1440 et
1193 1383 1320 1456 ipse
1342 1382 1527 1437 modo
1549 1379 1797 1452 quidem
1819 1375 2113 1447 justitiam

453 1481 731 1545 laudabit
759 1477 925 1554 apud
954 1493 1058 1533 eos
1077 1472 1183 1547 qui
1211 1488 1348 1528 eam
1376 1469 1613 1527 colunt:
1646 1467 1833 1524 modo
1862 1481 2005 1522 vero
2030 1464 2113 1554 lo-

453 1578 672 1649 quetur
691 1553 1049 1644 pugnantia,
1071 1563 1179 1620 ubi
1200 1561 1550 1633 injustitiam
1571 1557 1813 1631 probari
1840 1553 2116 1613 animad-

452 1648 725 1723 verterit:
752 1658 920 1734 quod
949 1656 1142 1713 solent
1164 1653 1507 1710 adulatores
1533 1648 1791 1706 efﬁcere.
1820 1649 1885 1703 Et
1902 1662 2115 1719 quem-

2222 475 2316 526 οὐκ
2389 478 2528 528 ἔστιν
2568 478 2594 528 ὅ
2641 476 2832 549 μᾶλλον
2891 479 3129 549 φευκτέον
3196 483 3271 546 τῷ
3327 484 3679 550 σωφρονοῦντι
3734 485 3828 531 τοῦ

2221 568 2350 640 πρὸς
2377 561 2534 629 δόξαν
2565 567 2682 640 ζῇν,
2731 571 2822 619 καὶ
2867 568 2935 618 τὰ
2974 573 3085 627 τοῖς
3120 565 3324 627 πολλοῖς
3368 563 3628 619 δοκοῦντα
3673 586 3830 641 προς-

2221 662 2416 723 κοπεῖν,
2471 660 2561 708 καὶ
2618 660 2691 729 μὴ
2738 658 2826 708 τὸν
2875 655 3026 729 ὀρθόν
3082 655 3231 726 λόγον
3288 657 3521 728 ἡγεμόνα
3559 658 3830 710 ποιεῖσθαι

2220 753 2311 798 τοῦ
2369 744 2513 818 βίον,
2576 748 2730 813 ὥστε,
2793 744 2889 798 κᾶν
2943 752 3106 798 πᾶσιν
3164 744 3458 820 ἀνθρώποις
3522 744 3826 819 ἀντιλέγειν,

2221 832 2318 885 κάν
2377 830 2582 896 ἀδοξεῖν
2630 838 2720 887 καὶ
2773 830 3091 888 κινδυνεύειν
3147 835 3276 910 ὑπὲρ
3336 841 3430 887 τοῦ
3483 834 3646 887 καλοῦ
3705 831 3823 908 δέη,

2222 918 2693 998 μηδὲν-αἱρεῖσθαι
2746 932 2846 976 τῶν
2904 924 3070 997 ὀρθῶς
3497 931 3821 998 παρακινεῖν.

2221 1011 2287 1065 Ἣ
2331 1016 2420 1064 τὸν
2448 1017 2520 1086 μὴ
2572 1014 2737 1076 οὕτως
2765 1016 2960 1085 ἔχοντα
2999 1019 3051 1067 τί
3091 1021 3182 1066 τοῦ
3230 1014 3518 1085 Αἰγυπτίου
3569 1022 3825 1086 σοφιστοῦ

2224 1106 2448 1175 φήσομεν
2501 1101 2814 1172 ἀπολείπειν,
2881 1102 2938 1164 ὃς
2989 1106 3145 1176 φυτόν
3202 1102 3430 1176 ἒγίγνετο
3476 1109 3570 1156 καὶ
3619 1107 3820 1178 θηρίον,

2223 1191 2375 1243 ὁπότε
2413 1189 2676 1263 βούλοιτο,
2726 1196 2817 1244 καὶ
2853 1199 2958 1266 πῦρ
2997 1196 3088 1244 καὶ
3137 1188 3301 1267 ὕδωρ,
3340 1196 3431 1245 καὶ
3474 1193 3644 1246 πάντα
3685 1197 3826 1268 χρή-

2221 1297 2395 1352 ματα;
2439 1283 2593 1355 Εἴπερ
2644 1278 2712 1339 δὴ
2762 1285 2854 1333 καὶ
2905 1279 3063 1341 αὐτὸς
3104 1288 3193 1332 νῦν
3218 1284 3309 1353 μὲν
3347 1284 3408 1333 τὸ
3439 1278 3649 1334 δίκαιον
3676 1281 3823 1335 ἐπαι-

2220 1372 2422 1421 νέσεται
2473 1371 2617 1442 παρά
2666 1375 2778 1431 τοῖς
2811 1376 2966 1421 τοῦτο
3015 1377 3231 1441 τιμῶσι·
3274 1376 3363 1421 νῦν
3411 1365 3473 1423 δε
3525 1373 3646 1433 τοὺς
3684 1369 3822 1424 ένανο

2220 1461 2365 1518 τίους
2393 1456 2586 1529 ἀφήσει
2631 1457 2832 1530 λόγους,
2873 1460 2997 1511 ὅταν
3045 1462 3141 1516 την
3194 1454 3408 1510 ἀδικίαν
3437 1455 3824 1532 εὐδοκιμοῦσαν

2224 1548 2493 1613 αἴσθηται,
2542 1548 2665 1622 ὅπερ
2710 1544 2865 1611 δίκης
2894 1551 3007 1619 (80.)
3054 1546 3168 1600 έστὶ
3205 1546 3459 1601 κολάκων.
3503 1554 3604 1602 Καὶ
3649 1551 3824 1623 ὥσπερ

2224 1640 2353 1709 φασὶ
2383 1640 2470 1689 τόν
2513 1634 2791 1690 πολύποδα
2826 1641 2922 1703 τὴν
2965 1641 3136 1711 χρόαν
3182 1640 3314 1712 πρὸς
3349 1641 3445 1696 τὴν
3485 1638 3826 1711 ὑποκειμένην

454 1723 793 1814 admodum
817 1744 1193 1822 polypodem
1215 1742 1383 1799 aiunt
1399 1739 1666 1797 colorem
1688 1753 1868 1793 suum
1888 1738 1949 1792 in
1976 1735 2109 1791 sub-

2222 1735 2341 1798 γῆν,
2377 1726 2536 1787 οὕτως
2576 1726 2736 1789 αὐτὸς
2767 1731 2863 1785 τὴν
2894 1723 3131 1779 διάνοιαν
3157 1730 3291 1800 πρὸς
3317 1730 3413 1790 τὰς
3442 1735 3542 1780 τῶν
3568 1731 3825 1782 συνόντων

450 1845 625 1918 ῇθοῑειξ
654 1846 827 1899 terras
856 1837 1123 1894 colorem
1154 1837 1408 1895 mutare,
1440 1830 1526 1886 sic
1553 1828 1651 1885 ille
1681 1843 1855 1884 suam
1883 1832 2118 1918 senten.

453 1912 601 1992 tiam
618 1945 693 1987 ex
713 1923 1323 1999 eorum,quibuscum
1340 1915 1816 1986 versatur,genio
1838 1912 2115 1970 mutabit.

459 2024 594 2080 Htec
613 2017 861 2094 quidem
899 2015 1012 2072 etsi
1042 2010 1361 2086 perfectius
1412 2008 1474 2064 in
1513 2006 1736 2064 nostris
1779 2004 1947 2061 libris
1978 2018 2119 2058 con-

457 2091 785 2173 discemus,
802 2109 863 2163 at
882 2108 1037 2161 certe
1048 2104 1347 2175 quantum
1369 2093 1809 2153 adumbrandze
1831 2108 1991 2149 nunc
2012 2091 2119 2147 vir-

457 2201 568 2260 tuti
584 2199 727 2256 satis
752 2202 860 2265 est,
876 2197 1113 2252 tantum
1136 2206 1209 2247 ex
1230 2185 1613 2246 documentis
1634 2184 1888 2241 externis
1907 2183 2118 2239 rudius

458 2290 855 2348 delineemus.
880 2283 993 2351 Qui
1021 2281 1184 2339 enim
1214 2278 1531 2348 diligenter
1555 2291 1629 2331 ex
1657 2288 2026 2347 quacunque
2054 2289 2119 2329 re

455 2378 775 2438 utilitatem
822 2373 1131 2443 colligunt,
1162 2369 1232 2427 iis
1274 2367 1450 2441 quasi
1480 2363 1721 2434 magnis
1765 2361 2118 2419 ﬂuminibus

459 2473 652 2526 solent
678 2466 1085 2536 undecunque
1126 2459 1256 2515 ﬁeri
1284 2456 1668 2513 accessiones
1710 2452 1934 2510 multm.
1968 2455 2118 2509 Nam

458 2557 625 2632 quod
641 2555 869 2613 dictum
882 2557 989 2619 est,
1002 2564 1260 2624 parvum
1279 2561 1470 2619 parvo
1486 2543 1672 2616 adjun
1681 2542 1943 2612 gendum
1962 2555 2118 2611 esse,

456 2649 522 2705 id
555 2664 591 2706 a
617 2650 801 2722 poeta
825 2658 947 2701 non
990 2640 1187 2710 magis
1218 2638 1293 2695 de
1319 2635 1551 2707 argenti
1577 2638 1908 2704 augmento
1926 2648 2117 2706 quam

457 2738 533 2796 de
551 2736 823 2812 qualibet
851 2731 1100 2790 scientia
1122 2734 1282 2785 recte
1308 2727 1535 2783 dictum
1556 2724 1741 2780 fuisse
1771 2723 2119 2780 existiman-

455 2830 606 2886 dum
633 2832 748 2885 est.
783 2825 923 2882 Bias
946 2822 1129 2893 igitur
1156 2819 1281 2875 ﬁlio
1311 2817 1386 2873 ad
1414 2816 1730 2889 Egyptios
1759 2814 2028 2883 abeunti,
2060 2818 2117 2871 et

453 2913 835 2989 percontanti
866 2909 1162 2984 quidnam
1195 2904 1434 2977 agendo
1462 2919 1589 2960 rem
1615 2903 1669 2959 ei
1703 2901 2115 2973 gratissimam

452 3008 722 3066 facturus
750 3006 927 3060 esset.
978 2998 1294 3065 Viaticum,
1336 2993 1553 3067 inquit,
1595 2992 1647 3048 si
1671 2991 1977 3064 paraveris
2005 2990 2114 3046 tibi

2222 1822 2435 1889 γνώμας
2463 1815 2849 1889 μεταϐαλεῖται.
2892 1816 3049 1870 Ἀλλὰ
3087 1824 3257 1869 ταῦτα
3302 1821 3393 1890 μέν
3433 1836 3533 1870 που
3570 1818 3665 1870 κάν
3711 1825 3823 1880 τοῖς

2225 1908 2495 1981 ἡμετέροις
2553 1906 2724 1979 λόγοις
2779 1907 3086 1983 τελειότερον
3141 1909 3508 1982 μαθησόμεθα·
3578 1910 3701 1961 ὅσον
3765 1904 3826 1962 δί

2228 2001 2583 2072 σκιαγραφίαν
2623 2000 2742 2049 τινὰ
2795 2006 2891 2061 τῆς
2957 1996 3164 2072 ἀρετῆς,
3213 2002 3273 2050 τό
3327 2017 3389 2070 γε
3434 2006 3523 2050 νῦν
3575 1996 3725 2065 εἶναι,
3770 1996 3830 2050 έκ

2224 2094 2324 2139 τῶν
2384 2087 2563 2149 ἔξωθεν
2618 2083 2991 2160 παιδευμάτων
3056 2086 3507 2163 ⁸περιγρανᾷοςὶιμεθα
3531 2089 3670 2159 (81).
3708 2093 3829 2149 Τοῖς

2224 2178 2327 2250 γὰρ
2364 2174 2616 2249 ἐπιμελῶς
2661 2174 2714 2239 έξ
2760 2176 2984 2231 ἑκάστου
3030 2180 3125 2236 τὴν
3175 2175 3416 2249 ὠφέλειαν
3465 2174 3826 2251 ἀθροίζουσιν,

2227 2267 2399 2338 ὥσπερ
2452 2273 2563 2328 τοῖς
2609 2265 2852 2338 μεγάλοις
2900 2274 3001 2319 τῶν
3046 2274 3313 2339 ποταμῶν,
3349 2266 3532 2320 πολλαὶ
3586 2268 3827 2339 γὶνεσθαι

2224 2353 2549 2427 πολλαχόθεν
2606 2357 2661 2408 αἱ
2715 2357 3019 2429 προσθῆκαι
3081 2359 3368 2429 πεφύκασι.
3434 2360 3509 2411 Τὸ
3572 2359 3673 2430 γὰρ
3739 2360 3829 2410 καὶ

2229 2446 2450 2519 σμικρὸν
2517 2442 2601 2498 ἐπὶ
2666 2453 2874 2519 σμικρῷ
2933 2447 3315 2499 κατατίθεσθαι
3378 2445 3438 2499 οὐ
3504 2445 3695 2519 μᾶλλον
3755 2446 3827 2509 είς

2225 2531 2479 2610 ἀργυρίου
2526 2536 2838 2609 προσθήκην
2884 2536 2915 2594 ἦ
2966 2540 3056 2588 καὶ
3105 2536 3176 2596 εἰς
3201 2536 3500 2609 ξήντιναοῦν
3528 2536 3828 2610 έπιστήμην

2226 2624 2394 2700 ὀρθῶς
2428 2626 2679 2696 ἡγεῖσθαι
2735 2627 2876 2697 ἔχειν
2926 2633 3000 2696 τῷ
3051 2633 3244 2699 ποιητῇ
3299 2634 3582 2701 προσῆκεν.
3634 2624 3692 2677 Ὀ
3734 2629 3825 2698 μὶν

2224 2711 2312 2768 οὖν
2362 2718 2486 2776 Βίας
2540 2721 2612 2785 τῷ
2669 2715 2773 2768 υἱεῖ
2814 2717 2948 2789 πρὸς
2995 2714 3319 2786 Αἰγυπτίους
3372 2713 3667 2789 ἀπαίροντι,
3735 2719 3826 2767 καὶ

2222 2806 2587 2877 πυνθανομένῳ
2616 2808 2668 2856 τί
2708 2802 2769 2855 ἂν
2807 2812 2970 2857 ποιῶν
3011 2803 3149 2875 αὐτῷ
3192 2804 3425 2877 μάλιστα
3465 2806 3825 2879 κεχαρισμένα

2222 2896 2464 2968 πράττοι,
2526 2888 2803 2964 Ἐφόδιον,
2872 2894 2998 2964 ἔφη,
3065 2897 3190 2969 πρὸς
3253 2902 3423 2968 γῆρας
3477 2896 3818 2965 κτησάμενος·

2219 2988 2315 3042 τὴν
2346 2982 2533 3058 ἀρετὴν
2564 2979 2649 3053 ,δὴ
2690 2985 2749 3035 τὸ
2779 2978 2906 3055 έφόδ
2912 3001 2987 3036 ιον
3014 2981 3194 3055 λέγων,
3226 2991 3435 3057 μικροῖς
3486 2984 3629 3057 ὅροις
3665 2981 3827 3042 αὐτὴν

453 3097 534 3156 ad
562 3096 933 3152 senectutem
959 3105 973 3157 ;
1010 3088 1294 3144 virtutem
1318 3085 1608 3141 viaticum
1637 3081 1968 3154 appellans,
1994 3080 2109 3137 exi-

2222 3074 2571 3147 περιγράφων,
2613 3072 2691 3141 ὃς,
2711 3090 2769 3143 γε
2800 3069 3102 3146 ἀνθρωπίνῳ
3135 3070 3239 3144 βίῳ
3266 3076 3363 3131 τὴν
3400 3070 3490 3124 ἀπ’
3522 3072 3685 3134 αὐτῆς
3711 3074 3828 3144 (82)

451 3188 586 3260 guis
605 3200 741 3243 eam
762 3178 1032 3240 terminis
1056 3173 1586 3239 circumscribens,
1606 3171 1833 3244 quippe
1857 3169 1961 3244 qui
1982 3171 2113 3242 ejus

449 3275 771 3334 utilitatem
823 3272 1098 3327 humana
1151 3266 1276 3321 vita
1329 3262 1647 3319 deﬁnierit.
1708 3263 1831 3330 Ego
1884 3265 2108 3327 autem,

450 3363 693 3423 etiamsi
728 3357 1035 3434 quispiam
1085 3354 1353 3429 proferat
1388 3352 1450 3408 in
1481 3350 1751 3407 medium
1802 3354 2111 3405 senectam

446 3452 704 3519 Tithoni,
722 3451 851 3507 sive
872 3443 1284 3517 Arganthonii,
1306 3441 1431 3498 sive
1452 3439 1800 3497 Mathusalaa
1815 3437 1993 3507 illius,
2007 3439 2113 3511 qui

444 3541 816 3614 longissimis
839 3536 1003 3610 apud
1024 3550 1137 3591 nos
1157 3533 1289 3590 vitae
1309 3530 1438 3601 fuit,
1460 3529 1567 3603 qui
1596 3543 1792 3585 annos
1815 3527 1978 3585 mille
2005 3527 2113 3584 mi-

446 3650 565 3692 nus
583 3630 827 3702 triginta
847 3625 1060 3683 vixisse
1078 3623 1317 3689 dicitur,
1332 3618 1569 3677 etiamsi
1581 3623 1770 3675 totum
1785 3634 1857 3673 ex
1868 3632 1992 3691 quo
2008 3618 2113 3673 hn-

445 3723 644 3781 mines
665 3717 887 3777 conditi
908 3718 1048 3771 sunt
1068 3719 1309 3784 tempus
1328 3709 1691 3775 dimetiatur,
1704 3707 1889 3763 veluti
1909 3708 2110 3780 pueri—

444 3812 565 3871 lem
578 3807 938 3868 sententiam
950 3803 1161 3860 ridebo
1174 3807 1304 3858 tum
1318 3815 1457 3857 cum
1469 3799 1565 3860 .ad
1578 3797 1880 3871 prolixum
1893 3796 2042 3853 illud
2053 3800 2113 3853 et

445 3900 595 3959 nulli
606 3899 776 3956 senio
791 3894 1126 3953 obnoxium
1140 3887 1784 3959 saaculumrespiciam,
1799 3888 1974 3958 cujus
1987 3902 2111 3943 non

445 3990 733 4049 estﬁnem
747 3985 937 4042 ullum
950 3988 1151 4040 mente
1162 3977 1636 4053 apprehendere,
1651 3992 1770 4033 non
1786 3976 1981 4047 magis
1992 3977 2110 4032 uti-

444 4096 564 4154 que
578 4092 769 4151 quam
783 4072 1123 4131 immortalis
1136 4071 1347 4126 animae
1364 4067 1659 4124 interitum
1674 4067 2003 4137 assignare.
2020 4064 2110 4122 Ad

444 4168 612 4243 quod
632 4181 831 4223 aevum
852 4159 1292 4237 possidendum
1316 4157 1603 4214 viaticum
1634 4161 1701 4212 ut
1723 4155 2108 4228 comparetis,

442 4259 653 4315 hortor
664 4249 1070 4326 vos,lapidem
1088 4252 1430 4317 omnem,ut
1445 4252 1534 4303 est
1554 4246 1613 4301 in
1630 4244 2109 4319 proverbio,mo«

440 4351 670 4412 ventes,
695 4342 858 4400 unde
888 4341 1095 4413 aliqua
1116 4337 1291 4395 vobis
1313 4336 1536 4393 utilitas
1552 4335 1631 4391 ad
1651 4335 1767 4391 hoc
1786 4348 2110 4408 assequen-

2221 3162 2463 3235 ὠφέλειαν
2500 3162 2739 3235 ὡρίζετο.
2781 3160 2910 3233 Ἐγὼ
2956 3158 3015 3214 δε
3051 3159 3147 3214 κάν
3203 3163 3261 3213 τὸ
3311 3162 3542 3214 Τιθωνοῦ
3588 3179 3671 3222 τις
3717 3169 3827 3232 γῆ-

2220 3271 2338 3328 ρας,
2371 3251 2467 3304 κᾶν
2513 3255 2572 3305 τὸ
2622 3251 2998 3327 Ἀργανθωνὶου
3041 3250 3189 3323 λέγη,
3241 3248 3338 3302 κᾶν
3383 3253 3442 3302 τὸ
3472 3257 3564 3304 τοῦ
3619 3267 3825 3324 μακρο-

2223 3342 2482 3395 ϐιωτάτου
2511 3341 2634 3417 παρ’
2684 3343 2809 3414 ἡμῖν
2848 3339 3192 3409 Μαθουσάλα,
3231 3341 3289 3402 ὃς
3338 3339 3495 3412 χίλιοι
3530 3341 3641 3405 ἔτη,
3680 3341 3830 3414 τριά-

2221 3451 2379 3485 κοντα
2425 3428 2666 3500 δεόντων,
2728 3429 2920 3505 βιῶναι
2968 3430 3191 3502 λέγεται·
3243 3428 3339 3481 κᾶν
3396 3431 3675 3503 σύμπαντα
3736 3430 3826 3483 τὸν

2221 3522 2309 3595 ἀφ’
2367 3522 2429 3576 οὗ
2476 3527 2769 3595 -γεγόνασιν
2834 3521 3097 3598 ἂνθρωποι
3160 3526 3355 3596 χρόνον
3429 3517 3711 3592 ἀναμετρῇ,
3756 3520 3827 3580 ὡς

2221 3612 2305 3666 ἐπὶ
2330 3608 2536 3666 παίδων
2588 3609 2825 3675 διανοίας
2853 3612 3164 3684 γελάσομαι,
3208 3611 3279 3672 εἰς
3324 3613 3411 3663 τὸν
3452 3611 3653 3682 μακρὸν
3700 3605 3828 3661 ἀπο-

2223 3712 2430 3756 σκοπῶν
2478 3706 2569 3755 καὶ
2626 3700 2809 3775 ἀγήρω
2851 3701 3032 3767 αἰῶνα,
3084 3700 3145 3753 οὗ
3197 3703 3359 3774 πέρας
3408 3693 3560 3750 οὐδέν
3599 3695 3713 3750 ἐστι
3757 3704 3821 3770 τῇ

2221 3791 2422 3864 ἐπινοίᾳ
2472 3788 2664 3859 λαϐεῖν,
2720 3790 2779 3843 οὐ
2828 3789 3019 3863 μᾶλλόν
3049 3807 3106 3861 γε
3163 3789 3192 3847 ἣ
3249 3787 3490 3846 τελευτὴν
3534 3787 3827 3841 ὑποθέσθαι

2220 3890 2317 3945 τῆς
2345 3885 2461 3953 (83)
2506 3880 2767 3933 ἀθανάτου
2796 3878 3004 3951 ψυχῆς.
3056 3882 3195 3950 Πρὸς
3234 3879 3384 3951 ὅνπερ
3425 3878 3654 3931 κτᾶσθαι
3695 3895 3829 3950 παρ.

2221 3971 2482 4044 αινέσαιμ’
2520 3969 2581 4022 ἂν
2618 3971 2685 4021 τὰ
2732 3964 2937 4042 ἐφόδια,
2979 3969 3150 4021 πάντα
3192 3967 3355 4035 λίθον,
3400 3968 3536 4020 κατὰ
3572 3972 3666 4026 τὴν
3695 3985 3828 4042 παρ-

2220 4065 2415 4134 οιμίαν,
2446 4066 2739 4120 κινοῦντας,
2784 4060 2896 4112 ὅθεν
2928 4057 2989 4109 ἀν
3034 4056 3192 4130 μέλλῃ
3241 4076 3323 4120 τις
3369 4059 3491 4130 ὑμῖν
3539 4054 3617 4109 ἐπ’
3667 4054 3825 4108 αὐτὸν

2219 4149 2434 4223 ὠφέλεια
2495 4150 2830 4221 γενήσεσθαι·
2898 4143 3028 4221 μηδ’
3091 4148 3173 4200 ὅτι
3238 4145 3447 4219 χαλεπά
3501 4153 3671 4199 ταῦτα
3733 4151 3826 4200 καὶ

2217 4244 2376 4294 πόνου
2439 4235 2676 4312 δεόμενα,
2740 4233 2835 4291 διὰ
2888 4236 3027 4291 τοῦτ’
3088 4235 3485 4309 ἀποκνησωμεν·
3537 4234 3645 4289 ἀλλ’
3703 4233 3825 4288 ἀνα-

2218 4331 2542 4405 μνησθέντας
2581 4330 2696 4401 (84)
2735 4335 2828 4382 τοῦ
2857 4330 3288 4402 παραινέσαντος,
3320 4328 3399 4380 ὅτι
3429 4322 3541 4380 δέοι
3568 4324 3686 4398 βίον
3729 4327 3823 4398 μὲν

440 4436 579 4493 dum
592 4411 913 4492 accessura
924 4411 1227 4501 εἰῐίΝερυο
1238 4442 1382 4482 vero
1393 4424 1679 4499 quoniam
1689 4423 1957 4480 difﬁcilia
1969 4427 2109 4481 sunt

2222 4424 2433 4497 ἄριστον
2455 4420 2632 4491 ⁸αὑτὸν
2674 4421 2891 4473 ἕκαστον
2948 4418 3342 4493 προαιρεῖσθαι,
3379 4412 3516 4475 ἡδὺν
3560 4411 3619 4468 δὲ
3656 4432 3824 4488 προσ-

439 4526 590 4592 ιιωο,
614 4529 673 4581 et
689 4522 962 4579 laborem
983 4517 1324 4591 requirunt,
1348 4530 1564 4585 segnes
1593 4529 1665 4570 ac
1692 4514 1847 4586 pigri
1882 4514 2106 4571 cilicia-

438 4631 606 4674 mur:
636 4612 746 4671 sed
774 4624 1076 4669 memores
1103 4607 1237 4679 ejus
1261 4605 1369 4679 qui
1391 4603 1711 4662 admonuit
1739 4605 1922 4660 vitam
1951 4604 2104 4677 opti-

509 4740 624 4814 (80)
652 4736 844 4795 Editio
875 4733 1059 4792 Paris.
1101 4734 1234 4814 ὅπερ.
1258 4726 1406 4814 δίκη.
1453 4727 1650 4814 Editio
1680 4726 1855 4814 [ipsi].
1879 4733 1936 4814 et
1956 4730 2099 4814 Reg.

436 4784 1082 4870 ιιιὲἷιᾶίὲξῗὲῖιιὶῖἰὶιῖἱ)
1109 4784 1280 4860 both.
1323 4784 1445 4876 δέτέρ
1484 4784 1659 4876 δίκης.
1691 4800 1862 4857 Colb.
1885 4784 2102 4876 tesz

437 4887 564 4946 ἢπερ
599 4879 748 4940 δίκη.
801 4884 886 4937 lta
936 4877 1297 4934 emendatus
1343 4872 1433 4930 est
1471 4873 1638 4929 Colb.
1671 4872 2001 4946 secundus,
2038 4878 2102 4930 ut

432 4938 599 5013 nunc
628 4938 857 5011 habeat
888 4953 1011 5025 ᾇπερ
1052 4946 1207 5025 δίκης
1232 4963 1245 5002 :
1300 4946 1406 5002 sed
1437 4951 1577 5025 ante
1608 4944 2099 5025 emendationem

431 5026 701 5084 habebat
726 5028 856 5099 ἤπερ
890 5016 1039 5081 δίκη.
1061 5021 1321 5099 Quoquo
1347 5016 1533 5099 modo
1564 5017 1702 5089 quis
1720 5017 1910 5099 leget,
1939 5031 2098 5099 erra-

430 5103 636 5155 turum
661 5112 786 5153 non
812 5086 1334 5167 putotAliqua'nto
1361 5086 1674 5167 postmfss.
1699 5087 1822 5145 duo
1842 5086 2098 5161 μεταϐάλ-
2151 5147 2156 5153 ,

429 5168 597 5224 λεται.
625 5167 776 5223 Editi
796 5159 852 5223 ét
883 5164 1051 5222 Colb.
1084 5159 1287 5235 tértlus
1315 5159 1699 5235 μεταϐαλεῖται.

501 5241 615 5311 (81)
644 5238 793 5294 Editi
823 5244 879 5311 et
903 5240 1045 5304 Reg.
1084 5234 1295 5311 tertius
1315 5230 1785 5311 περιγραφόμεθα.
1825 5230 1935 5311 ἶΔτὶξί
1974 5236 2095 5311 tres

425 5303 573 5370 mss.
596 5303 1082 5386 'mpa-ypaxtatpsea.
1129 5309 1246 5386 Nec
1276 5305 1358 5386 ita
1389 5303 1583 5386 uiiith
1609 5303 1743 5376 post
1772 5303 1957 5386 editio
1985 5306 2094 5386 lfa-

421 5388 524 5441 ris.
583 5372 689 5437 τῶό
737 5372 1004 5454 ⁶ποταμῶν,
1065 5381 1200 5431 κατὰ
1255 5382 1343 5430 τὸν
1395 5372 1920 5454 ἸΙ-σίοδονη-πολλαί,
1983 5377 2094 5431 Νο-

419 5457 524 5513 stri
572 5471 678 5512 sex
727 5446 1030 5522 ωειίτῶν
1083 5458 1330 5522 ποταμῶν
1377 5446 1581 5522 πολλαί.
1640 5446 1797 5522 illud
1861 5452 2087 5522 autem,

416 5532 552 5581 κατά
601 5531 689 5581 τὸν
734 5521 1002 5585 Ἡσίοδον,
1046 5528 1196 5595 puto
1222 5518 1363 5595 non
1400 5536 1451 5595 _a
1516 5518 1736 5595 Basilio
1792 5519 2089 5595 scriptum

407 5598 624 5673 fuisse,
655 5597 761 5659 sed
790 5596 870 5656 ab
895 5590 1101 5669 aliquo
1133 5593 1369 5650 erudito
1400 5591 1666 5657 homine,
1701 5590 1805 5662 qui
1838 5605 2087 5647 monere

2218 4509 2381 4583 δοκᾴν
2410 4520 2472 4585 τῇ
2523 4511 2773 4582 συνηθείᾳ
2812 4510 3155 4581 γενήσεσθαι,
3210 4504 3469 4580 ἐγχειρεῖν
3527 4511 3636 4566 τοῖς
3692 4502 3820 4578 βελ-
3894 4552 3903 4561 ,

2214 4606 2433 4663 τίστοις.
2468 4600 2705 4673 Δίσχρόν
2746 4600 2875 4671 γὰρ,
2923 4601 3012 4650 τὸν
3064 4598 3302 4669 παρόντα
3357 4597 3540 4670 καιρὸν
3594 4597 3820 4670 προεμέ-

2212 4727 2386 4785 vellet
2412 4724 2762 4798 exemplum
2798 4735 3163 4798 magnorum
3196 4717 3820 4798 illorumAﬂuminum,

2212 4790 2773 4882 quibusuundélibetu
2784 4790 3403 4882 accessiones‘multm
3428 4790 3603 4864 ﬁunt,
3618 4807 3693 4848 ex
3714 4791 3825 4848 He-

2212 4869 2408 4929 siodo.
2441 4869 2592 4941 Ἓργ.
2626 4884 2685 4923 v.
2710 4871 2813 4923 359
2841 4871 3301 4941 sq.,_sumptum
3325 4879 3484 4941 esse.

2427 4922 2621 5016 Editio
2646 4922 2919 5016 utraque
2947 4922 3267 5016 ’ἔπ’-αὑῇ-ᾕς..
3296 4940 3369 4992 At
3404 4934 3569 5006 Regii
3594 4933 3722 4992 duo
3765 4939 3824 4994 et

2210 5006 2383 5072 Colb.
2428 5013 2636 5069 tertius
2680 5008 2769 5063 ἀπ’
2798 5006 2986 5071 οῐύτῆς.
3040 5006 3308 5063 Subinde
3348 5023 3509 5063 unus
3558 5023 3674 5063 ms.
3706 5022 3821 5072 pro

2210 5085 2334 5159 λέγῃ
2369 5084 2553 5142 habet
2572 5082 2734 5159 λέγοιἶ
2769 5080 2945 5159 Haud
2960 5078 3155 5159 longe
3171 5080 3327 5159 _I_teg.
3340 5079 3570 5159 tertius
3585 5084 3651 5159 et
3673 5078 3825 5159 alter

2206 5148 2330 5233 πάρ’
2379 5160 2539 5239 ἡμῖν..
2585 5148 2736 5211 Editi
2782 5153 2906 5228 παρ’
2950 5148 3118 5224 ἡμῶν.
3170 5148 3297 5208 Nec
3335 5150 3421 5209 ita
3449 5148 3640 5208 multo
3680 5154 3826 5223 post

2211 5231 2381 5286 Colb.
2408 5235 2618 5285 tertius
2646 5222 2853 5279 παίδων
2885 5221 2921 5277 δ
2926 5228 3114 5286 ιανοία.

2256 5246 2381 5286 OlD.
2408 5246 2618 5285 tertius
2646 5246 2853 5279 παισων
2885 5246 3114 5286 οιανοια.

2280 5281 2394 5380 (ξδ’)
2415 5281 2587 5380 liciis.
2620 5298 2826 5380 tertius
2854 5281 3174 5380 ὑπερθέσθαι
3198 5302 3315 5356 τῆς.

2415 5371 2667 5455 ,Αῃιὶςιιὶ
2728 5371 2899 5455 duo“
2927 5364 3063 5455 libri
3113 5365 3545 5455 ἀναμνησθέντες.
3582 5364 3820 5452 _Statim

2204 5438 2345 5502 editi
2370 5446 2539 5497 αὐτῶν
2570 5438 2812 5496 ἕκαστον.
2855 5438 3051 5498 Nostri
3076 5455 3183 5496 sex
3211 5438 3364 5495 mss.
3396 5439 3552 5493 αὐτὸν
3577 5440 3816 5498 ἕκαστον.

2206 5520 2355 5590 Lege
2391 5521 2699 5574 Ducteum.
