4110 6422
271 310 377 366 589

1325 300 1612 358 ΗΟΜΙΙᾸΑ
1652 301 1719 356 ΙΝ
1754 299 2142 356 ΜΑΜΑΝΤΕΜ
2172 299 2572 356 MARTYREM.

3533 303 3638 357 590

275 453 416 501 νους,
466 432 686 508 ὕστερόν
751 427 867 483 ποτ’
922 427 1293 481 ἀνακαλεῖσθαι
1359 429 1416 479 τό
1473 425 1744 499 παρελθὸν,
1795 425 1877 476 ὅτε

2014 437 2150 478 nam
2182 422 2260 478 ab
2291 438 2665 497 unoquoque
2704 424 3076 495 seligendam
3107 442 3262 497 esse,
3295 442 3364 484 ac
3395 442 3641 500 sperare

278 520 429 576 οὐδὲν
475 525 627 575 ἔσται
673 519 822 574 πλέον
873 517 1167 592 ἀνιωμένοις
1216 521 1351 583 (85).
1403 515 1536 587 Ἐγὼ
1584 518 1672 588 μὲν
1718 514 1804 566 οὖν
1845 511 1879 564 ἃ

277 615 533 688 κράτιστα
563 609 690 664 εἶναι
737 615 914 685 κρίνω⁹
960 611 1027 661 τά
1069 611 1159 681 μεν
1187 614 1275 658 νῦν
1306 613 1508 680 εἰρηκα,
1543 607 1607 657 τά
1639 601 1698 657 δὲ
1734 605 1880 678 παρά

278 704 446 756 πάντα
499 701 609 773 (86)
652 703 738 752 τὸν
783 697 900 771 βίον
959 699 1080 770 ὑμῖν
1140 693 1531 768 ξυμϐουλεύσωο
1586 694 1728 766 ὑμεῖς
1796 688 1874 757 δὲ,

280 795 434 862 τριῶν
496 785 922 861 αρρωστημάτων
976 787 1153 848 όντων,
1220 786 1290 854 μὴ
1352 789 1424 850 τῷ
1474 780 1665 850 ἀνιάτῳ
1717 796 1881 851 προσ-

285 881 500 930 εοικέναι
547 872 754 942 δόξητε,
806 870 945 947 μηδέ
993 877 1088 930 τὴν
1126 879 1218 932 τῆς
1259 875 1469 943 γνώμης
1515 873 1666 922 νόσον
1703 887 1880 942 παρα-

282 966 510 1024 πλησίαν
576 974 637 1038 τῇ
707 971 808 1017 τῶν
872 964 940 1024 εἰς
1004 963 1072 1014 τὰ
1139 966 1356 1034 σώματα
1423 956 1879 1030 δυστυχησάντων

287 1051 512 1118 δείξητε.
563 1056 628 1106 Οἱ
665 1057 754 1127 μὲν
801 1035 903 1125 γάρ
943 1053 1009 1105 τὰ
1047 1052 1212 1125 μικρά
1249 1059 1348 1102 τῶν
1377 1051 1556 1101 παθῶν
1584 1050 1877 1120 κάμνοντες,

286 1146 436 1198 αὐτοὶ
477 1147 620 1218 παρά
654 1147 768 1204 τοὺς
813 1143 1018 1216 ἰατροὺς
1057 1143 1323 1215 ἔρχονται·
1371 1141 1420 1190 οί
1461 1135 1520 1191 δε
1563 1138 1663 1191 ὑπό
1709 1137 1883 1210 μειζό-

285 1257 380 1288 νων
441 1234 841 1307 καταληφθέντες
909 1231 1337 1306 ἀρρωστημάτων
1399 1227 1473 1300 ἐφ’
1538 1227 1746 1287 ἑαυτοὺς
1793 1246 1884 1279 καο

284 1324 432 1378 λοῦσι
480 1328 596 1385 τοὺς
635 1325 1044 1399 θεραπεύσοντας
1089 1322 1223 1388 (87)⁸
1274 1320 1322 1370 oi
1372 1315 1431 1370 δε
1487 1317 1553 1378 εἰς
1602 1316 1882 1374 ἀνήκεστον

285 1414 539 1476 παντελῶς
587 1413 937 1487 μελαγχολίας
988 1411 1385 1482 παρενεχθέντες
1443 1404 1567 1460 οὐδε
1630 1411 1884 1482 προσιόν-

281 1523 373 1565 τας
402 1508 723 1578 προσίενται.
772 1502 838 1554 Ὃ
878 1505 949 1574 μὴ
991 1502 1193 1557 πάθητε
1235 1498 1323 1550 νύν
1367 1499 1527 1570 ὑμεῖς,
1560 1499 1678 1558 τοὺς
1725 1498 1886 1572 ὀρθῶς

284 1596 502 1666 ἔχοντας
531 1602 631 1646 τῶν
668 1592 934 1665 λογισμῶν
966 1589 1356 1662 ἀποφεύγοντες.

1984 528 2120 568 eam
2150 513 2585 570 consuetudine
2606 515 2940 585 jucundam
2961 515 3261 572 redditum
3288 518 3379 582 iri,
3407 519 3644 591 optima

1987 602 2235 673 aggredi
2265 618 2376 675 par
2407 609 2515 659 est.
2558 607 2751 678 Turpe
2791 611 2880 660 est
2905 621 3064 661 enim
3095 611 3336 678 tempus
3375 623 3642 679 praesens

1986 693 2278 760 amittere,
2303 697 2359 749 et
2377 694 2655 766 elapsum
2675 699 2889 767 postea
2919 712 3218 768 revocare,
3243 713 3382 753 cum
3404 697 3644 754 nullum

1986 781 2248 853 amplius
2268 781 2510 838 dabitur
2535 783 2905 840 dolentibus.
2942 787 3063 850 Ego
3088 785 3336 852 quidem
3370 801 3504 858 quin
3540 801 3646 858 op-

1986 871 2133 928 tima
2161 887 2291 928 esse
2317 888 2558 944 censeo,
2595 874 2816 946 partim
2860 875 3030 948 185
3068 891 3230 931 nunc
3260 875 3403 944 dixi,
3424 875 3644 949 partim

1987 959 2162 1016 vobis
2192 977 2300 1033 per
2325 977 2572 1018 omnem
2602 963 2790 1020 vitam
2819 965 3092 1021 suadebo
3117 981 3129 1020 :
3161 981 3272 1021 vos
3309 981 3475 1034 vero,
3505 981 3646 1022 cum

1987 1049 2101 1104 tria
2139 1051 2257 1106 sint
2286 1052 2715 1121 aegritudinum
2756 1069 2999 1124 genera,
3035 1054 3084 1110 ei
3111 1054 3278 1128 quod
3302 1055 3647 1110 insanabile

1988 1142 2080 1193 est
2107 1137 2331 1194 similes
2370 1155 2446 1195 ne
2476 1140 2828 1208 videamini,
2862 1159 3060 1216 neque
3091 1143 3427 1200 ostendatis
3461 1143 3649 1199 animi

1989 1227 2299 1290 morbum.
2356 1230 2575 1286 morbo
2628 1247 2839 1287 eorum
2886 1233 2992 1304 qui
3053 1249 3307 1306 corpore
3359 1237 3652 1304 aegrotant

1991 1317 2394 1374 consimilem.
2427 1319 2654 1374 Etenim
2685 1319 3094 1378 invaletudine
3125 1339 3316 1394 parva
3346 1323 3453 1396 qui
3479 1322 3650 1379 labo-

1991 1412 2148 1474 rant,
2180 1407 2296 1479 ipsi
2335 1408 2635 1465 accedunt
2664 1410 2742 1466 ad
2770 1410 3073 1468 medicos:
3115 1413 3220 1485 qui
3250 1429 3393 1470 vero
3419 1413 3652 1470 morbis

1995 1497 2322 1567 majoribus
2371 1501 2632 1572 correpti
2684 1501 2870 1570 fuere,
2913 1502 3182 1559 medicos
3222 1511 3541 1560 accersunt
3570 1504 3652 1560 ad

1997 1602 2107 1653 se;
2157 1588 2262 1659 qui
2311 1594 2514 1645 autem
2566 1589 2629 1646 in
2676 1591 2942 1664 aliquem
2995 1598 3139 1649 atrae
3191 1593 3328 1649 bilis
3367 1594 3654 1650 morbum

283 1699 538 1756 prorsus
583 1679 1097 1739 immedicabilem
1134 1678 1285 1750 lapsi
1320 1681 1482 1740 sunt.
1514 1693 1589 1733 ne
1629 1676 1982 1733 accedentes
2019 1677 2271 1764 quidem
2319 1679 2648 1738 admittunt
2681 1699 2694 1737 :
2727 1681 2894 1754 quod
2928 1688 3132 1740 cavete
3169 1699 3246 1741 ne
3277 1684 3452 1742 vobis
3489 1699 3654 1741 nunc

287 1773 542 1838 accidat,
578 1773 630 1829 si
659 1789 762 1830 eos
789 1771 897 1844 qui
918 1774 1117 1828 mente
1149 1784 1220 1825 ac
1245 1769 1476 1824 ratione
1507 1766 1740 1841 praediti
1767 1771 1930 1838 sunt,
1961 1765 2224 1836 fugiatis.
3169 1792 3174 1798 ~

880 2089 1128 2139 ΟΜΙΛῙΑ
1170 2079 1286 2137 ΚΓ.

615 2211 700 2273 Εἰς
725 2213 812 2265 τὸν
841 2210 990 2283 ἅγιον
1019 2210 1265 2285 μάρτυρα
1288 2209 1569 2281 Μάμαντα.

367 2345 417 2397 1.
469 2338 580 2392 Οὐκ
628 2335 797 2409 ἀγνοῶ
843 2338 903 2388 τὸ
960 2335 1170 2408 μέγεθος
1217 2341 1317 2385 τῶν
1371 2333 1471 2385 ὑπὸ
1515 2339 1606 2392 τῆς
1648 2331 1892 2403 πανηγύ-

290 2452 414 2508 ρεως
462 2430 750 2504 ἐγκωμίων·
812 2426 920 2479 ἀλλ’
978 2429 1150 2500 ὥσπερ
1206 2433 1360 2478 τοῦτο
1401 2423 1713 2497 ἐπίσταμαι,
1757 2422 1891 2475 οὕτω

291 2528 381 2576 καὶ
446 2529 535 2581 τῆς
594 2518 857 2578 ἀσθενείας
921 2525 1012 2577 τῆς
1071 2515 1296 2589 ἐμαυτοῦ
1361 2512 1764 2587 ἐπαισθάνομαι.
1831 2511 1889 2564 Ἠ

291 2616 380 2686 μὲν
409 2615 512 2686 γὰρ
543 2611 786 2669 ὑπόθεσις
831 2606 1039 2659 ἀπαιτεῖ
1081 2605 1226 2668 ἄξιόν
1274 2625 1324 2657 τι
1361 2603 1588 2679 ῥηθῆναι
1629 2613 1728 2656 τῶν
1773 2622 1892 2655 συν-

293 2702 537 2758 ελθόντων
588 2703 678 2752 καὶ
724 2705 816 2760 τῆς
868 2692 1079 2758 ἐλπίδος
1126 2696 1184 2756 ἧς
1233 2697 1452 2766 ἴχουσιν
1492 2692 1566 2766 ἐφ’
1606 2695 1750 2766 ἡμῖν,
1802 2695 1893 2744 καὶ

292 2801 385 2854 τῆς
436 2791 744 2849 ὑποθέσεως.
797 2782 1008 2844 Ἐπειδή
1072 2787 1173 2860 γάρ
1231 2783 1314 2837 ἐπὶ
1374 2792 1436 2857 τῇ
1501 2787 1726 2858 μεγίστῃ
1793 2789 1892 2834 τῶν

297 2883 569 2957 μαρτύρων
609 2880 800 2951 ἄγομεν
847 2879 942 2934 την
993 2880 1201 2948 μνήμην
1263 2879 1509 2949 σήμερον,
1561 2871 1688 2946 ὀρθὴ
1745 2877 1892 2924 πᾶσα

301 2968 509 3024 διάνοια
547 2973 636 3022 καὶ
684 2967 1075 3040 ἐμπαράσκευος
1118 2968 1270 3031 ακοὴ,
1315 2964 1469 3016 εἰπεῖν
1517 2983 1569 3015 τι
1617 2962 1760 3025 ἄξιον
1800 2967 1894 3012 τοῦ

299 3062 554 3135 μάρτυρος
598 3053 976 3133 προσδοκῶσα,
1019 3059 1108 3107 καὶ
1151 3055 1296 3125 πόθῳ
1344 3054 1414 3124 τῷ
1455 3057 1572 3127 περὶ
1604 3051 1758 3103 αὐτὸν
1797 3053 1890 3108 τὴν

297 3149 575 3208 ἐκκλησίαν
619 3146 820 3218 ἐπάγει.
878 3149 980 3199 Καὶ
1030 3147 1131 3220 γὰρ
1193 3145 1502 3216 εὐγνώμονες
1555 3139 1739 3203 παῖδες
1797 3159 1892 3214 με-

295 3240 433 3314 γάλα
487 3237 774 3292 ἀπαιτοῦσι
819 3237 887 3288 τά
932 3244 1032 3288 τῶν
1088 3237 1322 3308 πατέρων
1365 3234 1620 3305 ἐγκώμια,
1672 3235 1761 3284 καὶ
1802 3230 1895 3283 οὐκ

295 3329 358 3383 ἆν
404 3325 776 3391 καταδέξαιντο
834 3323 882 3377 ἐν
938 3329 1218 3400 μικρότητι
1271 3331 1362 3376 τοῦ
1424 3323 1659 3394 λέγοντος
1706 3318 1896 3374 κινδυ-

294 3422 432 3475 νεύεν
480 3427 583 3471 τῶν
634 3414 1098 3487 ἐγκωμιαζομένων
1149 3415 1206 3465 τὸ
1260 3415 1494 3485 μέγεθος.
1561 3411 1723 3464 Ὠστε
1789 3413 1897 3482 ὅσῳ

294 3511 488 3585 μείζων
541 3508 570 3565 ἡ
631 3506 918 3577 προθυμία,
974 3504 1209 3574 τοσούτῳ
1252 3506 1412 3575 μέγας
1461 3504 1488 3555 ὁ
1531 3498 1785 3562 κίνδυνος.
1834 3505 1899 3554 Τί

297 3593 388 3651 οὖν
427 3600 715 3667 ποιήσομεν
749 3610 762 3660 ;
811 3599 924 3654 Πῶς
969 3589 1028 3646 δὲ
1070 3596 1160 3646 καὶ
1201 3595 1288 3653 τάς
1332 3593 1582 3666 ὑμετέρας
1621 3589 1902 3663 ἐπιθυμίας

299 3685 769 3758 ἀποπληρὼσομεν,
824 3687 914 3735 καὶ
982 3682 1130 3735 αὐτοὶ
1186 3685 1258 3754 μὴ
1321 3679 1615 3755 ἀπέλθωμεν
1681 3679 1900 3732 ἀσυντε-

296 3775 399 3836 λεῖς
439 3781 541 3826 τῶν
590 3775 856 3846 παρόντων
889 3787 903 3838 ;
961 3770 1396 3847 Παρακαλέσομεν
1437 3770 1662 3828 ἑκάστην
1690 3768 1900 3841 ψυχὴν,

301 3863 337 3917 ἃ
377 3865 581 3937 ἔχουσα
611 3861 760 3921 ἦλθεν
806 3859 856 3912 ἓν
902 3867 965 3934 τῇ
1018 3861 1220 3934 μνήμη,
1263 3867 1431 3912 ταῦτα
1474 3857 1902 3917 ἀνακαινήσασαν

301 3961 367 4028 τῇ
431 3949 664 4026 διανοίᾳ,
743 3952 940 4004 οἴκοθεν
1008 3949 1459 4023 ἐπισιτισαμένην,
1525 3958 1630 4010 τοῖς
1695 3948 1907 4010 οἰκείοις

305 4040 541 4118 ἐφοδίοις
583 4043 767 4101 ἑαυτὴν
817 4042 1144 4115 εὖφράνασαν
1191 4039 1446 4096 ἀπελθεῖν.
1499 4041 1779 4098 Μνήσθητέ
1815 4058 1907 4112 μοι

305 4141 399 4186 τοῦ
454 4134 733 4208 μάρτυρος,
795 4131 911 4183 ὅσοι
960 4125 1034 4183 δι’
1082 4130 1287 4206 ὀνείρων
1343 4129 1502 4182 αὐτοῦ
1548 4127 1904 4187 ἀπηλαύσατε·

307 4228 446 4292 ὅσοι,
496 4226 865 4296 περιτυχόντες
903 4227 975 4292 τῷ
1014 4224 1156 4294 τόπῳ
1195 4223 1384 4292 τούτῳ,
1415 4219 1715 4292 ἐσχήκεσαν
1755 4219 1910 4272 αὑτὸν

311 4315 555 4388 συνεργὸν
632 4311 698 4373 εἰς
771 4316 1102 4387 προσευχήν·
1173 4311 1333 4370 ὅσοις.
1403 4307 1617 4383 ὀνόματι
1680 4308 1909 4376 κληθεὶς,

311 4403 396 4458 ἐπί
472 4410 573 4456 τῶν
655 4403 816 4476 ἔργων
871 4403 1130 4476 παρέστη·
1194 4401 1345 4460 ὅσους
1398 4395 1706 4475 ὁδοιπόρους
1764 4399 1915 4451 ἐπαν-

311 4495 527 4566 ἡγαγεν’
567 4491 718 4550 ὅσους
759 4488 811 4554 ἐξ
853 4488 1146 4565 ἀρρωστίας
1185 4487 1488 4548 ἀνέστησεν·
1535 4491 1675 4550 ὅσοις
1723 4485 1918 4549 παῖδας

313 4577 579 4636 ἀπέδωκεν
647 4576 752 4640 ἤδη
837 4579 1304 4642 τετελευτηκότας·

317 4670 438 4746 βίου
487 4674 807 4746 μακροτέρας
847 4668 1110 4737 ἐποίησεν,
1153 4671 1332 4723 Πάντα
1379 4689 1470 4742 μοι
1521 4673 1918 4740 συναγαγόντες,

1380 4580 1521 4638 ὅσοις
1594 4580 1920 4654 προθεσμίας

2572 2083 2874 2141 HOMILIA
2895 2087 3084 2144 XXIII.

2248 2209 2322 2264 In
2349 2212 2626 2265 sanctum
2655 2216 2986 2281 martyrem
3017 2213 3403 2271 Mamanlem.

2075 2334 2126 2388 t.
2151 2331 2320 2387 Haud
2343 2332 2554 2401 ignoro
2576 2336 3086 2407 panegyricorum
3109 2353 3316 2394 eorum
3345 2339 3446 2412 qui
3469 2340 3528 2395 in
3551 2355 3660 2412 pu-

1999 2419 2158 2476 blico
2188 2429 2489 2478 conventu
2515 2424 2686 2492 fiunt,
2717 2425 3136 2484 difficultatem
3161 2445 3230 2484 ac
3254 2430 3516 2500 pondus:
3545 2430 3656 2485 sed

2003 2515 2064 2565 ut
2086 2509 2198 2565 hoc
2227 2511 2374 2581 scio,
2394 2511 2476 2566 ita
2495 2517 2552 2567 et
2571 2511 2941 2570 debilitatem
2965 2533 3164 2572 meam
3186 2517 3314 2589 ipse
3335 2519 3657 2590 persentio.

2001 2601 2199 2656 Causa
2221 2616 2488 2673 namque
2509 2601 2641 2672 ipsa
2658 2603 2945 2674 postulat,
2970 2610 3034 2660 ut
3054 2606 3282 2678 aliquid
3305 2607 3539 2663 dicatur
3573 2607 3660 2662 di-

2001 2704 2188 2759 gnum
2234 2689 2305 2744 iis
2343 2689 2446 2762 qui
2478 2707 2836 2763 convenere,
2884 2699 2940 2749 et
2980 2711 3086 2767 spe
3129 2712 3316 2768 quam
3359 2697 3435 2752 de
3481 2697 3660 2753 nobis

2001 2779 2373 2850 concipiunt,
2413 2785 2468 2835 et
2505 2782 2591 2835 rei
2633 2789 3014 2850 argumento.
3051 2786 3352 2849 Quoniam
3395 2788 3556 2842 enim
3595 2787 3659 2842 in

1999 2869 2270 2924 maxima
2325 2868 2666 2927 celebritate
2721 2871 2903 2928 hodie
2953 2873 3272 2931 referimus
3319 2883 3660 2949 martyrum

2003 2959 2382 3026 memoriam,
2398 2976 2568 3015 mens
2595 2961 2792 3016 omnis
2814 2969 3011 3019 erecta
3031 2969 3143 3034 est,
3161 2971 3217 3021 et
3237 2968 3398 3022 auris
3424 2971 3658 3037 parata,

1999 3055 2355 3122 exspectans
2382 3055 2444 3105 ut
2466 3049 2718 3120 dignum
2739 3051 2966 3124 aliquid
2989 3061 3254 3127 martyre
3282 3056 3384 3112 illo
3401 3058 3656 3125 dicatur,

2003 3156 2073 3196 ac
2091 3131 2224 3212 ipso
2242 3138 2398 3194 illius
2421 3139 2719 3195 desiderio
2741 3143 3100 3200 concionem
3123 3146 3300 3214 cogit.
3322 3149 3468 3202 Nam
3486 3145 3661 3203 liberi

2003 3228 2156 3302 grati
2185 3228 2512 3298 magnifica
2533 3235 2773 3302 patrum
2807 3234 3111 3304 praeconia
3137 3236 3403 3305 exigunt,
3426 3253 3538 3292 nec
3555 3253 3662 3309 pa-

2007 3325 2272 3377 terentur
2300 3335 2510 3375 eorum
2549 3337 2687 3393 quae
2726 3321 3039 3379 laudanda
3064 3331 3264 3381 essent
3292 3326 3662 3396 magnitudi-

1929 3435 1968 3489 (ς
2007 3428 2146 3468 nem
2187 3427 2259 3466 ex
2290 3409 2544 3467 dicentis
2577 3413 2861 3470 tenuitate
2892 3415 3233 3486 periclitari.
3284 3419 3665 3490 Quapropter

2008 3518 2132 3574 quo
2149 3501 2345 3571 major
2356 3506 2442 3556 est
2455 3507 2676 3571 vestra,
2694 3502 2996 3571 alacritas,
3010 3521 3083 3560 eo
3097 3507 3425 3578 periculum
3441 3509 3661 3580 majus.

2011 3591 2160 3657 Quid
2181 3591 2360 3661 igitur
2377 3607 2590 3646 sumus
2617 3590 2870 3648 facturi?
2905 3595 3225 3659 Quomodo
3240 3613 3454 3653 rursus
3471 3597 3668 3670 exple-

2010 3682 2214 3737 bimus
2241 3680 2542 3736 desideria
2559 3685 2755 3736 vestra
2773 3686 2829 3738 et
2848 3683 2964 3755 ipsi
2983 3700 3108 3739 non
3134 3685 3460 3754 abibimus,
3482 3703 3566 3755 re,
3589 3687 3667 3743 de

2011 3787 2136 3844 qua
2156 3787 2320 3826 nunc
2345 3772 2561 3841 agitur,
2595 3769 2810 3827 infecta
2834 3771 2845 3826 !
2870 3773 3346 3831 Adbortabimur
3391 3776 3668 3832 animum

2014 3876 2537 3933 unumquemque,
2552 3865 2614 3916 ut
2628 3877 2765 3933 qua:
2781 3861 2840 3916 in
2855 3864 3148 3920 memoria
3164 3865 3374 3921 habuit
3389 3882 3530 3921 cum
3550 3866 3671 3923 huc

2014 3950 2290 4017 accessit,
2323 3967 2393 4006 ea
2421 3966 2632 4006 secum
2657 3951 2716 4006 in
2738 3957 2950 4008 .mente
2972 3953 3226 4021 refricet,
3255 3955 3670 4029 abscedatque

2015 4039 2363 4097 domesticis
2393 4039 2694 4096 alimentis
2727 4043 3041 4111 enutritus,
3075 4048 3131 4100 et
3179 4061 3290 4101 suo
3330 4046 3522 4118 ipsius
3553 4047 3674 4103 via-

2018 4130 2136 4188 tico
2164 4129 2552 4185 exhilaratus.
2573 4131 2951 4188 Memineritis
2969 4133 3149 4190 velim
3172 4139 3474 4207 martyris,
3495 4141 3675 4209 quot-

2019 4225 2169 4294 quot
2190 4237 2258 4276 eo
2285 4220 2346 4276 in
2370 4221 2606 4277 somnis
2635 4221 2795 4278 fruiti
2819 4224 2984 4279 estis.
3025 4226 3400 4282 Meminerint
3437 4243 3676 4298 omnes,

2021 4311 2126 4384 qui
2147 4311 2262 4367 hoc
2284 4311 2342 4366 in
2363 4310 2498 4367 loco
2519 4310 2839 4378 constituti,
2857 4315 3059 4384 ipsum
3082 4315 3427 4386 adjutorem
3447 4317 3527 4374 ad
3549 4335 3682 4392 pre-

2024 4401 2289 4456 candum
2310 4399 2579 4456 habuere
2603 4418 2616 4456 :
2639 4401 2863 4473 quibus
2883 4419 3023 4458 cum
3045 4410 3442 4476 operarentur
3461 4413 3684 4479 praesto

2026 4491 2157 4558 fuit,
2189 4489 2369 4546 simul
2399 4496 2460 4547 ut
2490 4491 2737 4548 nomine
2768 4498 3015 4550 vocatus
3045 4499 3133 4550 est
3164 4511 3178 4550 :
3213 4511 3368 4567 quos
3413 4513 3485 4552 ex
3510 4513 3685 4570 pere-

2030 4578 2365 4650 grinatione
2383 4579 2639 4649 reduxit,
2661 4597 2818 4653 quos
2844 4596 2916 4637 ex
2940 4581 3286 4639 infirmitate
3312 4585 3520 4654 erexit,
3553 4587 3688 4659 qui-

2031 4669 2148 4725 bus
2176 4668 2398 4725 liberos
2416 4670 2545 4740 jam
2575 4670 2699 4726 vita
2720 4671 2958 4727 functos
2981 4672 3254 4735 restituit,
3301 4674 3526 4746 quibus
3553 4691 3692 4746 pro-

316 4759 574 4834 ἐγκώμιον
648 4760 702 4813 ἐκ
779 4767 953 4813 κοινοῦ
1040 4759 1221 4835 ἐράνου
1304 4765 1586 4818 πονήσατε.
1668 4757 1898 4817 Ἀλληλοι

2033 4760 2270 4828 rogavit
2285 4759 2648 4832 praeﬁnitum
2665 4761 2798 4817 vitae
2815 4767 3074 4833 tempus.
3090 4762 3361 4819 Collectis
3379 4764 3692 4834 omnibus,

319 4847 556 4918 διάδοτε,
597 4850 632 4903 ἀ
677 4847 817 4904 οἶδεν
856 4851 1093 4916 ἕκαστος,
1139 4859 1212 4922 τῷ
1251 4854 1322 4924 μὴ
1374 4845 1560 4903 εἰδότι*
1613 4846 1646 4901 ἃ
1683 4853 1753 4922 μὴ
1789 4843 1922 4915 οἶδε,

317 4940 622 5014 λαμϐάνέτω
669 4943 814 5015 παρά
858 4947 952 4994 τοῦ
1001 4937 1223 5008 εἰδότος,
1275 4944 1367 4993 καὶ
1415 4941 1576 5002 οὕτως
1616 4938 1672 4992 ἐκ
1723 4956 1928 4992 συνεισ-

327 5037 488 5103 φορᾶς
537 5029 783 5095 ἀλλήλους
853 5034 1310 5100 συνεστιάσαντες,
1368 5033 1514 5105 ἡμῶν
1570 5038 1633 5104 τῇ
1693 5028 1933 5104 ἀσθενείᾳ

334 5121 616 5192 σύγγνωτε.

397 5303 452 5356 2.
502 5306 684 5356 Ταῦτα
728 5303 832 5376 γὰρ
881 5300 1115 5375 ἐγκώμια
1152 5303 1433 5377 μάρτυρος,
1491 5302 1518 5352 ό
1575 5299 1793 5360 πλοῦτος
1839 5307 1939 5352 τῶν

403 5478 523 5548 (85ὶ
548 5478 745 5552 Yerte,
777 5497 915 5538 cum
937 5481 1098 5537 nihil
1120 5482 1272 5552 angi
1292 5481 1586 5551 proderit.
1621 5481 1838 5552 Mirm.

405 5553 522 5622 (86)
546 5551 772 5608 Vocem
787 5555 958 5605 πάντα
973 5569 1042 5608 ex
1061 5551 1227 5608 libris
1250 5551 1554 5608 veteribus
1573 5551 1947 5607 addidimus.

333 5625 469 5682 Mox
517 5623 705 5680 editio
756 5625 952 5699 Paris.
980 5623 1434 5699 Δὁιρκιόωςι-τημςὶιαιον
1466 5629 1650 5699 ὄντων..
1689 5625 1802 5679 Sed
1835 5639 1952 5699 vox

335 5699 496 5746 νότων
529 5711 730 5770 neque
761 5697 821 5752 in
853 5695 1112 5752 editione
1145 5695 1350 5764 ltasil.,
1399 5711 1600 5768 neque
1638 5696 1700 5750 in
1730 5695 1954 5752 nostris

2037 4866 2110 4906 ex
2126 4849 2434 4905 communi
2452 4849 2736 4921 symbolo
2753 4850 3127 4923 praeconium
3143 4851 3507 4924 componite.
3522 4856 3697 4911 Com-

2038 4938 2345 4996 municate
2383 4939 2538 4995 inter
2567 4955 2694 5004 vos,
2733 4955 2871 5013 qua:
2901 4941 3161 5016 quisque
3206 4941 3702 5015 novitimpertiat

2039 5029 2342 5102 ignoranti
2376 5044 2549 5101 :quze
2571 5029 2830 5099 ignorat,
2862 5030 2941 5086 ab
2966 5029 3182 5088 edocto
3207 5030 3482 5103 accipiat.
3509 5037 3703 5106 Atque

2043 5119 2151 5176 ubi
2191 5118 2273 5174 sic
2312 5134 2385 5174 ex
2421 5124 2634 5175 mutuo
2673 5119 2957 5192 symbolo
2995 5120 3153 5177 alius
3184 5119 3371 5178 alium
3400 5121 3702 5194 paveritis,

2045 5207 2442 5266 imbecillitati
2471 5214 2696 5265 nostrae
2725 5208 3037 5279 ignoscite.

2119 5304 2175 5357 2.
2226 5302 2359 5357 Haec
2399 5301 2560 5357 enim
2602 5301 2885 5374 martyris
2929 5305 3070 5358 sunt
3121 5302 3448 5375 praeconia,
3490 5303 3710 5362 divitiae

2057 5495 2215 5537 mss.
2253 5478 2573 5536 invenitur.

2131 5553 2245 5625 (87)
2276 5551 2528 5607 Codices
2558 5551 3104 5625 ἀυρλοεραπεὺοντας.
3145 5550 3318 5609 Haud
3348 5553 3530 5623 longe
3563 5569 3721 5625 unus

2064 5623 2254 5700 codex
2287 5623 2831 5700 deoira.__Subinc'_lc
2857 5624 2982 5677 duo
3008 5641 3158 5682 mss.
3190 5631 3277 5678 τὸν
3303 5625 3578 5700 λογισμόν.
3613 5624 3725 5682 Alii

2065 5695 2190 5752 duo
2224 5712 2372 5752 mss.
2403 5701 2456 5751 et
2481 5694 2621 5752 editi
2643 5704 2741 5748 τῶν
2770 5694 3055 5767 λογισμῶν.
