4110 6398
429 339 534 396 599

1824 338 1882 395 8.
1925 336 2174 393 BASlLll
2210 335 2429 393 MAGNI

3709 340 3825 396 000

425 464 620 533 detur,
647 465 871 538 quippe
895 463 1042 538 quia
1061 461 1436 522 debilitatem
1469 467 1743 521 nostram
1771 466 1976 521 vestra
2031 464 2083 519 in

2205 468 2298 516 τοῦ
2346 467 2482 515 Θεοῦ
2519 461 2570 514 ἓν
2603 471 2666 536 τῇ
2715 469 2807 517 τοῦ
2857 463 3079 536 ὀργάνου
3140 459 3383 534 ἀσθενείᾳ
3432 460 3669 534 μάλιστα
3698 457 3824 517 δια-

425 553 733 614 audiendo
755 554 946 611 obedi
976 555 1104 611 ntia
1132 554 1364 628 aliquid
1397 554 1456 610 in
1489 555 1760 610 medium
1781 555 1993 609 afferre
2022 568 2093 608 ac

424 646 624 703 dicere
655 646 867 716 coegit,
901 651 967 701 ut
993 645 1260 718 potentia
1293 644 1394 700 Dei
1425 645 1484 700 in
1529 645 1744 716 organi
1786 642 2097 700 debilitate

420 736 685 794 maxime
703 735 1081 792 elucesceret.
1094 737 1260 791 Forte
1275 736 1437 792 enim
1458 736 1538 793 ob
1554 753 1688 793 eam
1702 749 1951 792 causam
1973 731 2098 789 val-

421 826 497 884 de
510 825 846 884 abundavit
864 830 1073 882 nostra
1091 824 1393 894 debilitas,
1421 832 1486 883 ut
1507 827 1697 898 gloria
1720 825 1947 896 majore
1967 822 2092 880 afﬁ-

421 921 656 973 ceretur
674 915 778 989 qui
807 913 977 988 quod
1006 914 1317 971 infirmum
1347 921 1438 972 est
1466 916 1836 972 corroborat.
1867 914 1976 979 Qui
1996 928 2095 968 ve-

420 1019 489 1063 ro
510 1006 672 1063 hanc
711 1009 985 1061 nostram
1019 1004 1425 1062 celebritatem
1450 1006 1705 1076 reduxit,
1733 1009 1792 1060 et
1810 1002 2092 1077 praeteriti

418 1096 566 1154 anni
595 1095 752 1152 votis
781 1095 964 1151 ﬁnem
991 1093 1178 1161 dedit,
1207 1099 1265 1151 et
1312 1095 1662 1152 succedenti
1690 1093 1952 1164 tempori
1980 1092 2090 1148 ini—

418 1186 570 1244 tium
598 1184 853 1255 largitus
875 1189 963 1241 est
983 1184 1219 1252 (eadem
1245 1184 1408 1240 enim
1429 1184 1558 1240 dies
1583 1183 1952 1257 praeteritum
1972 1181 2082 1239 cir-

418 1273 626 1332 culum
690 1273 869 1331 nobis
922 1273 1225 1342 terminat,
1275 1277 1333 1330 et
1367 1289 1578 1329 rursus
1607 1272 1988 1345 insequentis
2017 1271 2086 1328 ﬁt

414 1363 699 1432 initium),
725 1362 830 1437 qui
849 1363 1028 1434 igitur
1053 1364 1590 1433 congregavitnos,
1607 1370 1664 1421 et
1680 1363 1884 1420 tribuit
1905 1376 2086 1418 usum

413 1453 614 1516 futuri,
625 1459 933 1510 conservet
945 1468 1056 1510 nos
1068 1453 1129 1508 in
1145 1453 1471 1526 semetipso
1482 1453 2083 1524 illaesos,inoffensos,

412 1559 450 1601 a
468 1543 595 1618 lupi
623 1548 797 1616 raptu
825 1559 1105 1600 securos:
1127 1543 1454 1600 Ecclesiam
1479 1543 1659 1614 hanc,
1682 1559 1820 1617 quae
1842 1542 2084 1612 magnis

411 1640 756 1708 martyrum
785 1634 1054 1691 turribus
1080 1633 1374 1702 munitur,
1408 1634 1710 1691 custodiat
1764 1635 2084 1690 inconcus-

413 1740 547 1781 sam
576 1740 589 1779 :
625 1723 880 1782 insidias
901 1739 1138 1793 omnes,
1161 1729 1220 1780 et
1247 1723 1512 1780 haeretici
1539 1723 1758 1780 furoris
1781 1722 2084 1779 assultum

409 1818 659 1872 avertat.
686 1813 1050 1871 Praetereain
1074 1814 1506 1887 tranquillitate
1534 1814 1709 1871 nobis
1731 1816 1993 1887 praestet,
2017 1816 2084 1868 ut

411 1903 725 1960 discamus
750 1903 1002 1960 oracula
1030 1903 1261 1974 divina,
1294 1904 1628 1978 datamque
1655 1904 1910 1977 Spiritus
1941 1916 2080 1972 gra-

409 1993 559 2050 tiam
583 1991 918 2052 doceamus
946 2013 960 2051 :
989 1995 1136 2068 quia
1163 1995 1277 2068 ipsi
1298 1993 1490 2065 gloria
1509 2003 1566 2052 et
1585 1995 1911 2068 imperium
1933 2007 2078 2049 cum

412 2089 626 2142 sancto
678 2086 920 2159 Spiritu,
969 2101 1135 2143 nunc
1164 2091 1222 2146 et
1245 2102 1508 2161 semper,
1540 2093 1597 2145 et
1623 2087 1686 2145 in
1711 2085 1934 2143 saecula
1963 2099 2080 2141 sin-

412 2174 714 2234 culorum.
749 2179 939 2232 Amen
953 2217 966 2232 .

984 2383 1286 2444 HOMILIA
1320 2385 1501 2444 XXIV.

523 2492 753 2552 Contra
770 2493 1168 2563 Sabellianos,
1194 2499 1253 2553 et
1277 2494 1519 2563 Arium,
1549 2498 1605 2551 et
1629 2494 1966 2552 Anemwos.

489 2677 543 2728 1.
572 2674 806 2743 Pugnat
833 2671 1192 2729 Judaismus
1211 2687 1354 2730 cum
1385 2671 1758 2742 Hellenismo,
1812 2675 1870 2729 et
1917 2673 2080 2728 uter-

413 2777 535 2836 que
565 2778 704 2819 cum
737 2762 1223 2835 Christianismo,
1251 2762 1783 2836 quemadmodum
1811 2761 2075 2836 Egyptii

417 2857 479 2911 et
497 2853 728 2926 Assyrii
747 2858 806 2910 et
833 2853 946 2910 sibi
969 2853 1232 2910 invicem
1280 2859 1338 2911 et
1363 2853 1562 2911 lsraeli
1617 2858 1788 2910 erant
1837 2852 2077 2910 infensi.

415 2946 505 3000 lta
533 2958 778 3016 quoque
803 2944 866 3000 in
887 2943 1029 3000 vitio
1053 2944 1463 3018 comperimus
1496 2943 1875 3000 timiditatem
1898 2949 2080 3016 atque

412 3032 738 3090 audaciam
766 3039 824 3090 et
840 3033 1060 3090 interse
1093 3049 1385 3106 pugnare,
1419 3039 1477 3090 et
1495 3033 1832 3091 fortitudini
1867 3033 2079 3089 adver-

410 3123 560 3182 sari.
592 3122 745 3180 Talis
773 3123 1056 3196 quasdam
1090 3139 1299 3197 pugna
1323 3123 1506 3180 etiam
1537 3125 1835 3180 adversus
1855 3129 2080 3179 rectam

2205 560 2358 625 φανῇ.
2414 554 2574 624 Τάχα
2609 555 2708 628 γὰρ
2759 549 2855 606 διὰ
2896 560 3050 605 τοῦτο
3100 553 3600 625 ὑπερεπερίσσευσεν
3667 555 3821 626 ἡμῶν

2203 646 2261 694 τὸ
2301 641 2530 710 ἀσθενὲς,
2585 645 2668 694 ἵνα
2713 641 2798 695 ἐπί
2848 642 3020 696 πλεῖον
3061 639 3296 714 δοξασθῇ
3344 643 3372 694 ὁ
3409 646 3469 694 τὸ
3501 640 3708 704 ἀσθενὲς
3738 642 3820 697 ἓν·

2203 735 2430 805 ισχύων.
2469 730 2528 784 ’0
2589 729 2651 785 δὲ
2685 737 3021 807 περιαγαγὼν
3060 735 3206 805 ἡμῶν
3250 735 3344 790 τὴν
3370 750 3662 807 πανηγυριν
3692 736 3822 787 ταύ-

2198 841 2316 886 την,
2356 827 2446 874 καὶ
2497 825 2655 898 πέρας
2684 819 2813 884 δούς
2853 831 2970 886 ταῖς
3011 829 3317 896 περυσιναίς
3366 822 3578 893 εὐχαῖς,
3610 828 3701 876 καὶ
3725 843 3811 878 κε-

2200 912 2365 985 φαλὴν
2413 907 2543 974 δούς
2584 921 2658 983 τῷ
2711 911 2909 965 ἐπιόντι
2963 919 3145 988 χρόνῳ
3197 912 3250 983 (η
3304 913 3407 985 γάρ
3463 911 3595 971 αύτή
3640 915 3815 989 ἡμέρα

2194 1002 2365 1075 ὁρίζει
2421 1003 2546 1074 ἡμῖν
2603 1005 2691 1055 τὸν
2734 1001 3058 1076 παρελθόντα
3103 1001 3311 1066 κύκλον,
3360 1005 3453 1054 καὶ
3492 1001 3683 1074 κεφαλή
3732 1007 3815 1076 γί-

2196 1109 2338 1144 νεται
2407 1090 2562 1144 πάλιν
2608 1099 2680 1162 τῷ
2739 1090 3115 1165 ἐπερχομένῳ),
3171 1092 3197 1143 ὁ
3247 1094 3446 1144 τοίννυν
3491 1089 3812 1156 ἐπισυνάξας

2193 1185 2289 1234 καὶ
2346 1182 2708 1256 χαρισάμενος
2762 1188 2856 1233 τοῦ
2903 1181 3177 1253 μελλοντος
3219 1184 3311 1238 τηε
3358 1178 3639 1254 ἐνέργειαν,
3691 1178 3813 1236 δια-

2196 1270 2460 1343 φυλάξειεν
2517 1273 2655 1343 ἠμᾶς
2723 1268 2772 1322 ἐν
2839 1269 2981 1342 αύτῷ
3031 1268 3287 1336 ἀϐλαϐεῖς,
3371 1268 3809 1344 ἀνεπηρεάστους,

2194 1361 2295 1413 ὑπὸ
2360 1366 2451 1412 τού
2507 1359 2667 1413 λύκου
2707 1355 3124 1435 ἀδιαρπάκτους
3172 1361 3418 1414 ἄσειστον
3457 1363 3550 1418 τὴν
3583 1360 3808 1421 Ἐκκλη-

2195 1454 2318 1504 σίαν
2387 1453 2604 1518 ταύτην,
2664 1453 3051 1524 φρουρουμένην
3109 1451 3220 1512 τοῖς
3271 1448 3513 1522 μεγάλοις
3576 1453 3802 1526 πύργοις

2192 1549 2293 1594 τῶν
2369 1545 2649 1616 μαρτύρων
2700 1537 3068 1615 διατηρῆσαι.
3129 1546 3314 1594 Πᾶσαν
3367 1537 3646 1599 ἐπιϐουλὴν
3725 1547 3817 1600 καὶ

2191 1629 2488 1705 προσϐολὴν
2566 1638 2838 1704 αἱρετικῶν
2891 1631 3245 1704 ,μηνιαμάτων
3303 1627 3698 1705 ἀποστρέψειεν·
3759 1630 3809 1684 ἐν

2191 1723 2406 1794 ἠσυχίᾳ
2463 1717 2524 1774 δε
2587 1723 2867 1796 παράσχοι
2924 1723 3050 1793 ἡμῖν
3077 1723 3153 1791 (3)
3187 1716 3549 1772 διδάσκεσθαι
3576 1722 3643 1772 τά
3685 1722 3798 1776 θεῖα

2190 1811 2364 1884 λόγια,
2418 1815 2510 1864 καὶ
2569 1806 2852 1864 διδάσκειν
2876 1814 2970 1870 τὴν
3002 1809 3488 1884 ἕπιχορηγουμένην
3512 1809 3675 1882 χάριν
3709 1818 3802 1864 τοῦ

2191 1903 2506 1974 Πνεύματοςο
2565 1901 2649 1953 ὅτι
2705 1900 2848 1971 αύτῷ
2904 1901 2934 1960 ἡ
2981 1896 3114 1963 δόξα
3148 1903 3239 1951 καὶ
3277 1902 3336 1954 τὸ
3366 1898 3555 1972 κράτος
3590 1901 3684 1950 σὺν
3722 1907 3796 1969 τῷ

2190 1990 2324 2064 ἁγίῳ
2375 1993 2636 2064 Πνεύματι
2681 1997 2771 2043 νῦν
2826 1995 2918 2045 καὶ
2969 1988 3069 2059 ἀεὶ,
3100 1995 3192 2046 καὶ
3217 1989 3292 2051 εἰς
3315 1992 3438 2052 τοὺς
3466 1988 3658 2050 αἰῶνας
3694 1997 3797 2046 τῶν

2191 2082 2411 2140 αἰώνων.
2447 2080 2635 2155 ’Δμήν.

2789 2381 3036 2432 ΟΜῙΛῙΑ
3081 2377 3198 2436 KA'.

2859 2492 2948 2540 καὶ
3014 2485 3241 2561 Ἀρείου,

2841 2579 3003 2649 μοίων

2189 2487 2339 2543 Κατά
2408 2484 2775 2560 Σαϐελλιανῶν,
2859 2492 2948 2540 καὶ
3014 2485 3241 2560 Ἀρείου,
3321 2491 3412 2540 καὶ
3484 2494 3582 2541 τῶν
3657 2485 3799 2540 Ἀνο-

2261 2690 2312 2742 1.
2373 2687 2624 2758 Μάχεται
2667 2679 3004 2757 Ἰουδαῐσμός
3052 2682 3396 2756 Ἑλληνισμῷ,
3447 2688 3536 2737 καὶ
3569 2683 3796 2757 ἀμφότε-

2185 2795 2272 2854 ροι
2323 2782 2752 2850 Χριστιανισμῷ,
2794 2776 2968 2847 ὥσπερ
3025 2773 3313 2846 Αἰγύπτιοι
3377 2779 3467 2827 καὶ
3519 2774 3796 2850 Ἀσσύριοι

2187 2871 2279 2921 καὶ
2331 2864 2570 2930 ἀλληλοις
2606 2863 2739 2924 ἦσαν
2801 2864 3039 2938 πολέμιοι
3089 2869 3180 2917 καὶ
3230 2863 3302 2934 τῷ
3343 2863 3576 2937 Ἰσραήλ·
3609 2864 3676 2924 ὡς
3702 2865 3792 2918 καὶ

2187 2955 2273 3010 ἐπὶ
2320 2966 2412 3018 τῆς
2461 2959 2647 3016 κακίας
2693 2955 3000 3030 εὑρίσκομεν
3057 2950 3253 3007 δείλίαν
3305 2959 3396 3008 καὶ
3454 2955 3643 3028 Θράσος
3703 2958 3794 3008 καὶ

2187 3046 2429 3110 ἀλληλοις
2459 3051 2799 3119 αντικείμενα,
2831 3050 2921 3098 καὶ
2952 3054 3013 3119 τῇ
3049 3042 3258 3121 ἀνρδίᾳ.
3281 3048 3509 3104 Τοιαύτη
3555 3051 3632 3107 τίς
3680 3043 3796 3098 ἔστι

2188 3142 2280 3191 καὶ
2338 3141 2469 3213 πρὸς
2521 3142 2614 3194 τὴν
2668 3136 2932 3210 ὀρθότητα
2973 3142 3062 3194 τῆς
3130 3134 3401 3207 ὁμολογίας
3482 3133 3792 3208 ἑκατέρωθεν

418 3211 870 3270 confessionem
903 3214 1186 3286 utrinque
1207 3219 1374 3269 mota
1413 3218 1521 3284 est,
1553 3213 1695 3270 hinc
1729 3229 1765 3270 a
1797 3213 2079 3280 Sabellio,

2191 3211 2541 3302 παρακειμένη
2595 3227 2774 3298 μάχη·
2830 3223 3054 3277 ἐντεῦθεν
3133 3227 3223 3296 μὲν
3306 3221 3601 3292 Σαϐελλίου,
3686 3221 3791 3275 ἰτέα
3847 3278 3852 3282 _

417 3300 582 3358 illinc
630 3302 710 3358 ab
767 3301 839 3358 iis
882 3305 987 3374 qui
1020 3301 1374 3375 praedicant
1436 3302 1933 3376 inaequalitatem.
1965 3305 2082 3359 Nos

418 3405 566 3448 vero
596 3391 751 3448 sicut
772 3391 1045 3448 ethnicos
1077 3392 1369 3463 fugimus,
1410 3398 1468 3448 et
1495 3392 1844 3466 improbum
1895 3392 2080 3448 simu-

418 3479 725 3540 lacrorum
749 3481 975 3538 cultum
1000 3497 1213 3538 sumus
1243 3482 1527 3549 aversati,
1554 3489 1612 3539 et
1641 3482 1894 3540 deorum
1931 3481 2082 3538 mul-

420 3569 738 3628 titudinem
769 3587 958 3645 quam
987 3571 1284 3628 inducunt
1330 3573 1581 3645 impiam
1614 3588 1743 3628 esse
1789 3571 2086 3643 judicavi-

422 3675 562 3716 mus
611 3677 626 3718 :
676 3660 762 3717 sic
817 3676 1064 3733 quoque
1114 3661 1461 3718 Judaeorum
1495 3661 1706 3718 Filium
1733 3662 1829 3718 Dei
1861 3677 2084 3732 negan-

421 3749 573 3807 tium
602 3750 936 3821 refugimus
955 3751 1422 3824 blasphemiam,
1459 3752 1628 3809 veriti
1648 3750 2083 3808 scilicetminas

422 3839 556 3898 illas
580 3857 593 3896 :
626 3842 738 3910 Qui
749 3843 1377 3910 negaveritmecoram
1403 3842 1761 3913 hominibus,
1783 3843 2010 3914 negabo
2026 3846 2081 3900 et

423 3945 529 4002 ego
585 3946 719 3988 eum
766 3947 972 3989 coram
1022 3933 1207 3990 Patre
1259 3948 1410 4003 meo,
1473 3935 1581 4005 qui
1607 3935 1667 3990 in
1700 3936 1863 3991 caelis
1891 3941 1978 3991 est
2009 3935 2078 3988 δι.

424 4020 754 4092 Fugiamus
803 4020 1001 4093 igitur,
1035 4027 1237 4094 utpar
1287 4027 1398 4088 est,
1448 4038 1554 4078 eos
1610 4023 1792 4080 etiam
1845 4023 1950 4096 qui
1989 4023 2081 4082 his

422 4118 686 4181 cognata
707 4111 1000 4182 dogmata
1015 4118 1229 4168 contra
1250 4111 1514 4170 veritatis
1544 4113 1886 4169 doctrinam
1907 4129 2080 4169 exco-

423 4199 636 4271 gitant.
671 4201 994 4273 Postquam
1027 4200 1186 4257 enim
1219 4199 1475 4258 callidus
1498 4201 1590 4258 ille
1629 4202 1709 4259 ad
1735 4203 2080 4258 nocendum

423 4288 705 4346 diabolus
747 4289 1117 4346 Christianos
1157 4290 1306 4347 vidit
1333 4291 1613 4348 aludaais
1639 4308 1709 4349 ac
1753 4291 2080 4362 gentilibus

425 4377 782 4444 abalienari,
815 4380 1139 4454 statimque
1160 4379 1429 4438 infensos
1449 4397 1560 4438 nos
1580 4381 1697 4438 illis
1721 4397 1856 4439 esse
1885 4382 2078 4439 nomi-

426 4483 577 4526 num
596 4484 788 4526 causa
813 4486 827 4537 ;
859 4469 1150 4543 imposito
1173 4472 1440 4544 utrisque
1461 4471 1706 4529 nomine
1735 4478 1963 4542 nostro,
1998 4471 2083 4529 sic

425 4574 637 4616 rursus
653 4557 970 4617 Judaicam
989 4561 1418 4618 inficiationem
1433 4577 1506 4618 ac
1525 4576 1638 4632 gen
1648 4561 1809 4619 tilem
1828 4562 2084 4619 deorum

427 4649 875 4706 multitudinem
899 4649 1281 4708 introducere
1307 4656 1580 4708 conatur.
1602 4652 1714 4718 Qui
1744 4651 1905 4709 enim
1941 4651 2080 4708 Uni-

426 4737 699 4811 genitum
748 4738 959 4797 dicunt
998 4755 1155 4814 opus
1205 4740 1307 4798 Dei
1362 4757 1496 4798 esse
1526 4749 1707 4815 atque
1759 4741 2079 4810 facturam,

426 4827 646 4886 deinde
674 4828 951 4900 adorant,
982 4835 1040 4887 et
1068 4829 1232 4887 velut
1258 4832 1446 4888 Deum
1476 4831 1904 4905 proﬁtentur;ii
1933 4831 2083 4887 dum

426 4918 1006 4992 coluntcreaturam,
1017 4934 1144 4978 non
1161 4921 1528 4991 Creatorem,
1543 4927 1747 4996 aperte
1767 4919 2084 4995 gentilium

500 5083 545 5120 ³¹
573 5082 776 5142 Matth.
805 5098 866 5152 x,
906 5085 997 5142 33.

500 5252 577 5323 (3)
618 5251 768 5330 Editi
825 5251 1314 5330 ἀποστρέψειεν-μίν
1385 5253 1616 5329 ἠσυχίᾳ,
1668 5257 1951 5330 παράσχοι
1991 5253 2087 5330 -δὶ

426 5325 575 5399 ἡμῖν,
593 5329 830 5382 avertat
852 5327 913 5382 in
940 5325 1413 5399 tranquillitate,
1434 5325 1546 5385 etc.
1574 5325 1755 5398 itng
1781 5325 2088 5386 secundus

427 5397 492 5453 ut
521 5397 585 5452 in
622 5402 928 5452 contextu.

497 5469 577 5546 (4)
625 5471 761 5546 Reg.
819 5468 1148 5535 secundus,
1204 5470 1340 5546 κατὰ
1365 5469 1658 5546 ΣΔαϐελλίου,
1731 5475 1820 5525 καὶ
1862 5471 2084 5546 Ἀρείου,

427 5543 518 5616 καὶ
583 5547 682 5592 τῶν
721 5540 1042 5616 λίΛνομοίων.
1094 5546 1194 5594 Καὶ
1246 5540 1476 5616 ἀκριϐὴς
1529 5544 1766 5616 θεολογία
1848 5540 2087 5616 περὶτῆς

430 5610 581 5683 ἁγίας
599 5592 848 5686 Τριάὲὁςέ
861 5592 919 5668 ⁴Α
929 5592 1192 5686 aversa,"
1224 5592 1301 5670 sa
1311 5592 1664 5686 ὸέὶιὶὶιπὶζέἑ
1679 5592 1695 5616 ¹
1715 5592 1974 5685 Ἆνίὶὶᾶῗτζ
2000 5592 2088 5674 ’ἓξ

429 5685 762 5742 Anomceos.
813 5687 996 5757 Atque
1050 5685 1352 5757 theologia
1403 5685 1694 5745 accurata
1750 5695 1824 5746 de
1874 5697 2087 5747 sancta

2189 3319 2349 3392 ρωθεν
2399 3313 2459 3369 δε
2497 3323 2596 3368 τῶν
2656 3318 2715 3367 τό
2783 3312 3024 3388 ἀνόμοιον
3054 3317 3444 3389 κηρυσσόντων.
3502 3312 3680 3386 Ἠμεῑς
3711 3309 3789 3385 δέ,

2189 3410 2367 3481 ὥσπερ
2429 3403 2755 3478 ἀπεφύγομεν
2807 3403 3078 3472 Ἓλληνας,
3134 3407 3225 3456 καὶ
3291 3408 3386 3463 τὴν
3444 3404 3674 3476 πονηρὰν
3729 3400 3796 3456 εἰ-

2192 3493 2570 3571 δωλολατρείαν
2619 3500 2696 3561 (ὅ)
2753 3493 3122 3568 ἕξετράπημεν,
3164 3498 3255 3546 καὶ
3313 3495 3370 3545 τὸ
3423 3491 3668 3546 πολύθεον
3708 3489 3798 3543 αύ-

2191 3595 2289 3641 τῶν
2374 3588 2523 3639 ἄθεον
2604 3582 2735 3639 εἶναι
2807 3588 3151 3656 κατέγνωμεν·
3229 3583 3394 3644 οὕτως
3472 3581 3796 3655 ἀπεφύγομεν

2191 3681 2281 3730 καὶ
2327 3681 2422 3734 τὴν
2479 3685 2578 3728 τῶν
2622 3671 2898 3730 Ἰουδαίων
2929 3673 3275 3746 βλασφημίαν
3323 3680 3422 3724 τῶν
3442 3675 3527 3725 τὸν
3558 3675 3677 3725 Υίόν
3707 3677 3796 3723 τοῦ

2193 3775 2327 3822 Θεοῦ
2385 3765 2731 3840 ἀρνουμένων,
2793 3765 3100 3838 φοϐηθέντες
3155 3763 3349 3822 ἐκείνην
3409 3768 3503 3822 τὴν
3559 3761 3792 3821 ἀπειλήν·

2189 3856 2280 3919 ⁸ος
2331 3855 2392 3909 ἂν
2460 3855 2758 3929 ἀρνήσηταί
2825 3859 2902 3925 (6)
2957 3874 3021 3927 με
3070 3855 3357 3928 ἔμπροσθεν
3415 3861 3514 3906 τῶν
3591 3849 3796 3926 ἀνθρώ-

2188 3968 2320 4010 πων,
2404 3944 2782 4019 ἀπαρνήσομαι
2859 3944 3014 3996 αὐτὸν
3090 3943 3236 4015 κάγὼ
3330 3945 3621 4017 ἔμπροσθεν
3703 3949 3795 3995 τοῦ

2190 4040 2396 4110 Πατρός
2469 4055 2570 4109 μου
2635 4029 2727 4087 τοῦ
2802 4033 2850 4087 ἐν
2927 4034 3184 4110 οὐρανοῖς.
3254 4036 3520 4105 ⁴Ιέύγωμεν
3574 4028 3641 4091 δὴ
3684 4027 3793 4100 οὖν,

2191 4127 2255 4188 ὡς
2297 4129 2358 4179 τὸ
2412 4129 2570 4194 εἰκὸς,
2621 4130 2712 4178 καὶ
2749 4126 2869 4186 τούς
2925 4127 2991 4176 τὰ
3041 4132 3263 4195 συγγενῆ
3299 4125 3500 4184 τούτοις
3539 4125 3675 4175 κατά
3702 4128 3795 4175 τοῦ

2187 4216 2345 4288 λόγου
2419 4223 2510 4278 τῆς
2579 4213 2820 4276 ἀληθείας
2884 4211 3359 4286 ἐπεξευρίσκοντας.
3432 4209 3640 4270 Ἐπειδὴ
3691 4213 3794 4286 γὰρ

2191 4304 2325 4361 εἶδεν
2378 4307 2404 4359 ὀ
2453 4309 2608 4379 σοφός
2674 4313 2767 4358 τοῦ
2833 4312 3193 4364 κακοποιῆσαι
3250 4300 3493 4365 διάϐολος
3539 4307 3634 4360 τὴν
3665 4305 3796 4375 πρὸς

2167 4397 2439 4460 ,Ἕλληνας
2484 4401 2574 4450 καὶ
2617 4392 2908 4460 Ἰουδαίους
2958 4403 3059 4447 τῶν
3129 4402 3456 4470 Χριστιανῶν
3523 4391 3798 4467 ἀλλοτρίω-

2194 4508 2298 4553 σιν,
2342 4493 2432 4542 καὶ
2487 4489 2567 4542 ότι
2620 4487 2769 4548 εὐθὺς
2838 4485 2894 4540 ἐκ
2951 4495 3050 4538 τῶν
3109 4485 3373 4559 ὀνομάτων
3429 4485 3618 4557 ἔχομεν
3671 4485 3798 4558 πρὸς

2192 4578 2383 4640 αὐτοὺς
2436 4577 2692 4651 πολεμίως
2744 4581 2838 4646 (7),
2887 4579 2946 4628 τό
2986 4577 3234 4650 ἡμέτερον
3285 4575 3479 4636 mea;
3536 4572 3797 4648 ἑκατέροις

2192 4672 2374 4741 ὄνομα,
2420 4671 2579 4729 ούτως
2632 4666 2924 4737 ἐπεισάγειν
2969 4663 3226 4740 ἐπιχειρεί
3282 4663 3435 4717 πάλιν
3500 4667 3594 4722 τὴν
3677 4662 3779 4715 Ἰου

2193 4754 2386 4817 δαῑκὴν
2443 4759 2686 4832 ἄρνησιν,
2724 4760 2816 4810 καὶ
2868 4759 2964 4813 τὴν
3023 4754 3322 4813 Ἑλληνικὴν
3379 4753 3673 4808 πολυθεὶαν.
3727 4751 3794 4804 Οἱ

2191 4852 2281 4920 μὲν
2333 4850 2430 4920 γάρ
2481 4849 2628 4922 ἔργον
2679 4853 2814 4900 Θεοῦ
2869 4841 3000 4897 εἶναι
3072 4844 3298 4917 λέγοντες
3365 4848 3452 4898 τὸν
3507 4849 3792 4915 Μονογενῆ,

2193 4942 2282 4992 καὶ
2353 4941 2580 5011 ποίημα,
2647 4933 2759 4990 εἶτα
2820 4943 3231 5012 προσκυνοῦντες
3319 4941 3410 4990 καὶ
3495 4934 3794 5007 θεολογοῦν-

2205 5261 2522 5318 Trinitatis.

2267 5336 2342 5404 (5)
2383 5334 2477 5405 _Sio
2510 5335 2742 5389 veteres
2761 5330 3033 5405 quinque
3052 5329 3210 5388 libri.
3235 5328 3383 5386 Editi
3403 5333 3610 5391 καὶτῆς
3637 5346 3795 5386 πονη-

2195 5402 2291 5479 ρᾶς
2322 5402 2769 5479 εἰδωλολατρείας.

2267 5481 2348 5547 (6)
2383 5477 2532 5532 Editi
2575 5472 2625 5537 ὃς
2667 5474 2980 5551 ἀρνήσεται..
3019 5479 3091 5530 At
3127 5479 3391 5551 quatuor
3439 5472 3702 5551 mss._uti
3731 5472 3795 5529 in

2199 5542 2502 5605 contextu.
2530 5551 2679 5604 Mox.
2696 5542 2887 5620 codex
2921 5542 3176 5602 Clarom'.
3203 5544 3356 5620 apvt;
3367 5564 3538 5620 cogat
3555 5542 3720 5620 28:77.3.

2924 5600 3375 5693 adrouiiwohflov‘.
3419 5600 3789 5676 Codex'Cla-

2197 5707 2350 5748 rom.
2380 5699 2637 5762 πολεμεῖν.
