4110 6382
311 389 410 446 θοι

953 386 1191 444 HOMIL.
1231 385 1512 442 CONTRA
1551 379 2050 449 SABELLIANOS,
2090 381 2177 438 ET
2210 383 2456 452 ARIUM,
2497 384 2584 440 ΕΤ
2619 381 3022 439 ANOMCEOS.

3567 379 3676 434 602

310 531 395 576 τες
423 513 525 584 (8),
557 510 607 564 ἕν
653 517 744 564 τοῦ
786 509 1046 586 λατρεύειν
1092 519 1155 584 τῇ
1198 515 1384 577 κτίσει,
1430 512 1520 563 καὶ
1562 513 1632 582 μὴ
1678 515 1752 579 τῷ
1799 509 1902 558 κτί-

2024 522 2256 563 errores
2283 507 2712 564 introducunt:
2744 506 2847 580 qui
2890 520 3032 560 vero
3072 506 3259 560 Deum
3298 518 3371 560 ex
3411 503 3530 561 Deo
3573 517 3678 561 ne-

313 619 483 670 σαντι,
534 605 599 655 τὰ
650 609 748 654 τῶν
802 600 1052 659 Ἐλλήνων
1102 603 1348 677 ἄντικρυς
1406 599 1810 670 ἐπεισάγουσιν·
1862 598 1910 648 οἱ

311 689 372 747 δι
421 697 508 746 τὸν
567 691 622 745 ἐκ
676 698 812 745 Θεοῦ
859 696 981 745 Θεον
1023 695 1101 761 (9)
1160 690 1499 767 ἀρνούμενοι,
1554 694 1645 742 καὶ
1696 688 1911 761 ὀνόματι

311 787 402 856 μὲν
449 781 823 855 ὁμολογοῦντες
873 783 992 834 Υἱόν
1018 823 1032 846 ,
1086 784 1222 855 ἔργῳ
1280 778 1341 835 δε
1398 785 1487 832 καὶ
1545 778 1762 851 ἀληθείᾳ
1815 781 1910 835 τὴν

311 871 534 947 ὕπαρξιν
602 870 899 934 ἀθετοῦντες
927 911 942 937 ,
1005 873 1093 924 τόν
1162 868 1497 942 Ίουδαῑσμὸν
1561 868 1715 922 πάλιν
1783 867 1910 919 ἀνα-

309 969 563 1018 υεοῦνται.
612 965 712 1016 Καὶ
756 964 856 1035 γὰρ
901 963 1023 1013 ὅταν
1072 960 1365 1034 ὁμολογῶσι
1411 965 1600 1030 Λόγον,
1629 967 1700 1029 τῷ
1730 953 1910 1010 ἓνδια-

315 1053 443 1123 θέτῳ
509 1052 664 1104 αὑτὸν
745 1051 1130 1126 παρεικάζουσι
1163 1069 1178 1085 ο
1243 1055 1332 1102 καὶ
1409 1053 1594 1121 σοφίαν
1657 1046 1906 1119 λέγοντες,

311 1141 494 1213 ὁμοίαν
539 1139 668 1194 εἶναι
712 1139 926 1212 λέγουσι
965 1148 1025 1212 τῇ
1060 1140 1159 1203 ἕξει
1187 1147 1250 1213 τῇ
1285 1138 1336 1192 έν
1364 1137 1518 1211 ψυχῇ
1568 1145 1669 1189 τῶν
1715 1156 1908 1189 πεπαι-

311 1225 567 1302 δενμένων
613 1233 965 1302 συνισταμένῃ
992 1249 1006 1264 ο
1051 1233 1144 1281 καὶ
1199 1225 1294 1280 διὰ
1339 1236 1492 1280 τοῦτο
1544 1231 1824 1301 πρόσωπον
1861 1225 1909 1280 ἰν

305 1323 508 1394 Πατρός
554 1325 645 1373 καὶ
693 1319 838 1388 Υἰοῦ,
889 1315 1070 1378 ἐπειδὴ
1120 1323 1212 1371 καὶ
1259 1320 1531 1392 ἅνθρωπος
1573 1319 1648 1379 εἷς
1684 1317 1905 1390 λέγεται,

301 1407 363 1462 ού
413 1404 779 1482 διαιρούμενος
827 1408 930 1461 ἀπὸ
977 1416 1070 1462 τοῦ
1128 1408 1517 1483 ἐνυπάρχοντος
1562 1407 1704 1477 αύτῷ
1750 1406 1907 1478 λόγου

297 1503 393 1552 καί
437 1506 532 1561 τῆς
581 1503 790 1571 σοφίας.
840 1503 1025 1552 Καίτοι
1073 1499 1100 1551 ὁ
1155 1499 1274 1568 (10)
1333 1496 1706 1570 εύαγγελιοτης
1757 1497 1907 1560 εὐθὺς

297 1586 356 1640 ἄκ
411 1592 700 1663 προοιμίων
959 1593 1061 1642 Καὶ
1119 1590 1250 1649 Θεὸς
1305 1583 1367 1646 ἦν
1417 1588 1446 1639 6
1494 1590 1705 1658 Λόγος,
1765 1582 1906 1639 ἰδίαν

299 1677 522 1753 ὕπαρξιν
575 1673 766 1738 διδους
827 1675 901 1748 τῷ
945 1683 1070 1748 Υίῷ.
1130 1676 1190 1728 Εἰ
1239 1678 1339 1751 γὰρ
1394 1675 1443 1730 έν
1503 1672 1703 1750 καρδιᾳ
1765 1673 1826 1734 ἧν
1880 1678 1906 1728 ό

300 1771 490 1839 Λόγος,
552 1774 664 1829 πῶς
717 1765 777 1818 ἂν
831 1767 1018 1826 ἐνοήθη
1077 1770 1245 1833 Θεός;
1291 1785 1402 1829 πως
1453 1761 1504 1818 δ’
1557 1765 1618 1818 ἂν
1671 1763 1734 1825 ἦν
1778 1770 1906 1841 πρὸς

297 1860 385 1910 τὸν
417 1859 544 1910 Θεόν
570 1873 583 1921 ;
619 1853 830 1915 Ἐπειδὴ
861 1860 975 1910 οὔτε
1005 1857 1031 1909 ό
1057 1855 1107 1908 ἐν
1137 1855 1392 1932 ἀνθρώπῳ
1421 1855 1577 1928 λόγος
1617 1857 1904 1932 ἅνθρωπος,

299 1949 417 2000 οὔτε
471 1949 598 2022 πρὸς
649 1946 800 2000 ούτὸν
849 1945 979 2000 εἶναι
1029 1946 1250 2018 λέγεται,
1301 1945 1412 1998 ἀλλ’
1465 1944 1514 1998 έν
1563 1945 1722 2017 αὐτῷ.
1775 1950 1906 2000 Οῦτε

293 2037 399 2112 γὰρ
447 2035 552 2098 ζῶν
599 2035 763 2102 ἔστιν,
814 2038 932 2090 οὔτε
961 2037 1230 2109 ὑφεστὼςο
1263 2037 1290 2088 6
1330 2031 1389 2089 δε
1426 2041 1519 2088 τοῦ
1556 2043 1692 2088 Θεοῦ
1736 2039 1906 2108 Λόγος

299 2125 409 2188 ζωή
465 2123 578 2178 ἔστι
625 2129 716 2178 καὶ
765 2123 1004 2184 ἀλήθεια.
1041 2130 1142 2179 Καὶ
1189 2126 1216 2177 ὁ
1259 2129 1350 2198 μὲν
1397 2123 1549 2196 λόγος
1587 2126 1613 2177 ό
1662 2128 1906 2198 ἡμέτερος

297 2216 427 2290 ὁμοῦ
455 2234 510 2268 τε
539 2213 729 2288 ἕλίχθη
761 2215 852 2269 καί
875 2216 971 2269 οὐκ
999 2218 1115 2270 ἔστι
1141 2236 1156 2250 ·
1188 2220 1306 2288 περὶ
1336 2211 1396 2268 δε
1424 2223 1518 2268 τοῦ
1559 2223 1695 2269 Θεοῦ
1731 2220 1903 2288 Λόγου

295 2309 348 2358 τί
390 2323 550 2378 φησιν
597 2306 624 2358 6
671 2305 914 2380 ψαλμόςς
949 2306 1038 2369 Εἰς
1081 2309 1172 2358 τὸν
1211 2306 1393 2373 αἰῶνα,
1441 2309 1624 2384 Λύριε,
1655 2307 1683 2359 ὁ
1733 2311 1906 2379 Λόγος

293 2411 394 2448 σου
427 2392 661 2469 διαμένει
692 2393 742 2448 ἕν
770 2404 844 2467 τῷ
874 2395 1095 2470 οὐρανῷ.

365 2487 420 2542 2.
463 2491 566 2540 Καὶ
614 2486 839 2540 ἐντεῦθεν
886 2489 978 2559 μὲν
1020 2486 1168 2548 οὗτος
1196 2487 1223 2538 ὁ
1249 2485 1508 2559 πόλεμοςο
1559 2485 1802 2560 ἑτέρωθεν
1842 2482 1903 2540 δε

291 2579 374 2636 τίς
415 2579 506 2628 καὶ
551 2579 704 2637 ποῖός
749 2574 889 2628 ἔστιν
932 2576 959 2628 ό
1001 2577 1138 2628 κατὰ
1181 2583 1272 2636 τῆς
1303 2574 1540 2636 ἀληθείας
1579 2573 1756 2647 ἀγών;
1797 2578 1903 2634 Τὴν

293 2667 384 2739 μὶν
429 2665 652 2741 ὓπαρξιν
708 2672 1076 2739 συγχωροῦσι.
1126 2669 1215 2718 καὶ
1261 2662 1402 2720 ἶδιον
1449 2663 1581 2719 εἶναι
1623 2670 1903 2741 πρόσωπον

291 2754 438 2822 Υἰοῦ,
485 2761 574 2808 καὶ
615 2751 759 2810 ἴδιον
811 2759 1013 2830 Πατρός
1058 2757 1420 2810 συντίθενται-
1452 2753 1796 2830 ἀνομοιότηνα
1844 2751 1904 2809 δε

293 2852 388 2906 τῆς
436 2847 639 2918 φύσεως
685 2847 1094 2920 παρεισάγουσι.
1153 2850 1254 2900 Καὶ
1302 2849 1362 2898 1'6
1413 2853 1506 2898 τοῦ
1560 2845 1684 2899 Υὶοῦ
1741 2849 1904 2919 ὄνομα

297 2937 462 3007 μέχρι
517 2942 684 3006 φωνῆς
737 2943 1106 3010 συγχωροῦσι,
1137 2943 1196 3008 τῇ
1250 2931 1311 2988 δέ
1363 2933 1578 3008 ἀληθείᾳ
1628 2939 1753 3010 πρὸς
1806 2939 1902 2994 τὴν

300 3026 476 3076 κτίσιν
520 3023 644 3077 αύτό
701 3027 1018 3098 κατάγουσιν
1047 3046 1062 3060 ο
1111 3026 1172 3078 ού
1217 3022 1618 3100 δυσωπούμενοι
1663 3031 1756 3083 τήν
1799 3046 1906 3098 φω-

299 3115 390 3170 νὴν
429 3120 517 3166 τοῦ
560 3118 777 3190 Κυρίου,
827 3115 1010 3168 ἑαυτὸν
1050 3111 1456 3190 προδεικνύντος
1502 3125 1575 3186 τῷ
1626 3119 1759 3191 πρὸς
1807 3119 1900 3174 τὴν

2023 603 2190 665 gant,
2212 607 2270 654 et
2291 599 2535 654 nomine
2567 596 2815 672 quidem
2852 596 3024 668 190
3053 593 3260 651 Filium
3294 593 3676 660 conﬁtentur,

2023 686 2132 740 sed
2172 688 2373 760 reipsa
2399 693 2457 744 et
2503 703 2640 744 vere
2685 683 3136 742 subsistentiam
3182 683 3313 753 ejus
3343 681 3608 752 abolent,
3638 681 3677 738 ii

2021 790 2234 831 rursus
2279 776 2666 833 Judaismum
2697 779 3015 832 renovant.
3048 775 3196 830 Cum
3227 770 3388 826 enim
3420 769 3678 827 Verbum

2021 866 2405 931 conﬁtentur,
2435 867 2641 939 ipsum
2695 867 3056 937 comparant
3105 877 3241 918 cum
3293 876 3366 916 eo
3411 859 3580 931 quod
3616 858 3678 939 in

2021 962 2220 1012 mente
2251 937 2586 1029 concipitur
2628 953 2850 1020 verbo;
2879 967 3144 1025 cumque
3189 949 3547 1024 sapientiam
3583 937 3680 1005 di-

2021 1051 2182 1116 cunt,
2208 1045 2580 1102 consimilem
2613 1061 2747 1102 esse
2773 1044 2982 1100 dicunt
3001 1041 3233 1099 habitui
3254 1040 3360 1113 qui
3383 1040 3443 1095 in
3473 1038 3682 1095 anima

2020 1142 2226 1191 manet
2247 1136 2642 1192 eruditorum.
2667 1137 2735 1191 Et
2761 1134 2985 1191 idcirco
3010 1148 3194 1188 unam
3222 1144 3547 1204 personam
3576 1128 3682 1186 Pa-

2020 1225 2125 1281 tris
2155 1231 2212 1282 et
2257 1225 2381 1282 Filii
2412 1225 2791 1298 profitentur,
2823 1222 2992 1297 quod
3020 1223 3208 1278 homo
3237 1235 3484 1294 quoque
3522 1234 3682 1275 unus

2017 1315 2235 1372 dicitur
2277 1331 2403 1371 non
2433 1314 2684 1381 divisus,
2715 1313 2796 1370 ob
2825 1313 3083 1369 verbum
3117 1309 3285 1384 quod
3319 1309 3380 1365 in
3425 1309 3564 1382 ipso
3593 1310 3684 1366 est

2017 1411 2075 1461 et
2102 1405 2185 1462 ob
2211 1405 2594 1479 sapientiam.
2621 1405 2798 1477 Atqui
2829 1401 3210 1472 evangelista
3232 1399 3432 1457 statim
3460 1398 3540 1454 ab
3564 1398 3679 1455 ini-

2015 1495 2103 1552 tio
2125 1495 2381 1551 clamat:
2407 1496 2482 1552 Et
2509 1495 2668 1551 Deus
2698 1499 2828 1550 erat
2869 1491 3198 1558 Verbum”,
3224 1487 3678 1545 subsistentiam

2017 1588 2329 1658 propriam
2358 1585 2515 1641 dans
2547 1584 2709 1641 Filio.
2745 1584 2972 1641 Etenim
3004 1582 3054 1638 si
3083 1582 3146 1640 in
3170 1579 3352 1636 corde
3394 1583 3525 1636 erat
3549 1579 3680 1633 Ver-

2015 1675 2186 1742 bum,
2215 1675 2530 1749 quomodo
2557 1675 2713 1731 Deus
2743 1673 2990 1744 intelligi
3023 1671 3257 1745 potuit?
3287 1685 3494 1726 rursus
3523 1682 3677 1740 quo-

2019 1767 2204 1822 modo
2229 1771 2359 1822 erat
2386 1765 2554 1838 apud
2579 1768 2764 1822 Deum
2785 1767 2812 1822 ?
2833 1767 2980 1821 Nam
3013 1777 3210 1836 neque
3234 1759 3489 1817 verbum
3509 1756 3679 1831 quod

1946 1871 1986 1924 Β
2016 1856 2077 1912 in
2109 1855 2354 1911 homine
2379 1860 2489 1920 est,
2519 1855 2704 1912 homo
2747 1859 2860 1924 est,
2889 1868 3092 1925 neque
3117 1850 3286 1922 apud
3315 1849 3513 1922 ipsum
3547 1862 3677 1904 esse

2015 1945 2256 2013 dicitur,
2289 1944 2398 2000 sed
2425 1945 2488 2000 in
2519 1945 2678 2017 ipso.
2706 1946 2911 2016 Neque
2930 1944 3091 1998 enim
3118 1941 3320 1997 vivens
3348 1943 3462 2002 est,
3479 1952 3679 2010 neque

2017 2034 2392 2091 subsistens:
2423 2034 2530 2091 sed
2566 2034 2665 2091 Dei
2695 2033 2956 2090 Verbum
2998 2032 3120 2088 vita
3149 2036 3243 2088 est
3280 2034 3340 2086 et
3361 2029 3584 2086 veritas
3606 2027 3676 2082 ³³.

2015 2125 2084 2182 Et
2104 2131 2384 2184 nostrum
2405 2124 2654 2198 quidem
2679 2125 2931 2180 verbum
2955 2121 3140 2180 simul
3157 2125 3341 2194 atque
3373 2117 3676 2192 prolatum

2015 2221 2125 2286 est,
2157 2215 2424 2288 amplius
2455 2229 2578 2271 non
2605 2219 2729 2271 est:
2757 2214 2866 2271 sed
2897 2212 2974 2269 de
3003 2211 3104 2269 Dei
3134 2210 3327 2266 Verbo
3357 2208 3504 2283 quid
3533 2207 3679 2266 dicit

2013 2304 2340 2379 psalmus?
2379 2308 2452 2363 In
2498 2311 2814 2372 (uernum,
2855 2304 3130 2374 Domine,
3191 2300 3445 2359 Verbum
3501 2304 3674 2357 tuum

2007 2401 2328 2466 permanet
2353 2397 2419 2452 in
2447 2397 2598 2453 cato
2621 2396 2690 2452 ⁸⁸.

2084 2491 2142 2545 2.
2176 2490 2372 2560 Atque
2403 2487 2546 2543 hinc
2575 2485 2825 2559 quidem
2869 2483 2988 2541 hoc
3023 2480 3250 2540 bellum
3280 2479 3566 2538 infertur:
3612 2477 3677 2536 il-
3777 2528 3784 2537 .

2011 2576 2132 2633 linc
2161 2593 2304 2634 vero
2343 2576 2512 2650 quod
2541 2583 2596 2633 et
2626 2574 2808 2649 quale
2834 2581 3142 2631 certamen
3167 2576 3260 2628 est
3287 2577 3496 2628 contra
3521 2567 3674 2627 veri-

2015 2669 2238 2723 tatem?
2257 2666 2672 2722 Substantlam
2694 2664 2943 2738 quidem
2965 2662 3325 2725 concedunt,
3340 2660 3676 2734 propriam-

2013 2772 2134 2830 que
2177 2756 2304 2812 Filii
2333 2771 2656 2829 personam
2685 2771 2838 2819 esse,
2870 2760 2930 2810 et
2960 2753 3148 2810 Patris
3177 2751 3484 2824 prapriam
3534 2762 3676 2806 con-

2011 2845 2292 2902 ﬁtentur:
2321 2844 2431 2902 sed
2480 2851 2698 2901 natura
2741 2843 3038 2900 inducunt
3081 2840 3574 2914 inmqualitatem.
3607 2839 3676 2894 Et

2015 2935 2138 2992 Filii
2187 2950 2414 2991 nomen
2468 2949 2614 2991 voce
2665 2940 2838 2990 tenus
2899 2932 3262 2996 concedunt,
3313 2929 3416 2986 sed
3475 2928 3704 3002 reipsa-

2013 3025 2216 3098 ipsum
2266 3025 2592 3080 demittunt
2635 3023 2714 3080 ad
2767 3028 3128 3085 creaturam,
3175 3020 3345 3078 haud
3399 3023 3674 3076 verentes

2010 3131 2224 3171 vocem
2258 3113 2516 3182 Domini,
2549 3130 2612 3170 se
2657 3114 2711 3170 ei
2741 3113 2846 3186 qui
2880 3116 3110 3168 Patrem
3146 3109 3342 3167 videre
3377 3107 3676 3178 gestiebat

293 3209 388 3255 τοῦ
455 3208 660 3279 Πατρός
721 3206 937 3280 θεωρίαν
1003 3205 1333 3279 ἐπειγομένῳ.
1392 3205 1450 3257 ’0
1508 3205 1743 3280 ἑωρακὼς
1797 3207 1900 3280 γάρ

2013 3203 2559 3278 ρτεεωοιιεῑεεωιίε.
2592 3203 2707 3272 Qui
2732 3204 2910 3268 enim,
2943 3200 3164 3273 inquit,
3194 3199 3342 3256 vidit
3375 3214 3487 3258 me.
3521 3197 3672 3254 vidit

295 3289 400 3365 ἓμέ,
457 3300 638 3366 φησὶν.
697 3294 889 3366 ἑώρακε
940 3297 1027 3347 τὸν
1086 3299 1310 3369 Πατέρα.
1364 3294 1502 3354 Αὕτη
1559 3291 1620 3348 δε
1671 3297 1702 3353 ἠ
1759 3299 1897 3368 φωνὴ

291 3383 456 3457 ὀρθῶς
506 3383 860 3455 λογιζομένοις
918 3381 1215 3458 ἀμφοτέρων
1264 3385 1512 3456 ἐμφάττει
1567 3386 1660 3444 τὰς
1727 3383 1901 3457 βλασ-

292 3477 513 3544 φημίας.
565 3473 700 3524 Οὔτε
735 3473 838 3546 γάρ
892 3470 1071 3524 ἑαυτὸν
1125 3471 1254 3525 εἶναι
1305 3477 1394 3526 τόν
1445 3477 1652 3547 Πατέρα
1689 3475 1898 3545 φάσκει,

287 3563 348 3624 ὃς
395 3581 455 3634 γε
505 3557 704 3635 διαιρεῖ
739 3564 808 3614 τά
851 3566 1111 3636 πρόσωπα
1157 3571 1384 3637 φανερῶς
1415 3561 1465 3614 έν
1512 3571 1586 3632 τῷ
1615 3562 1810 3634 λέγειν’
1843 3563 1900 3616 Ὀ

293 3650 536 3727 ἕωρακὼς
583 3649 690 3723 ίμέ.
725 3655 965 3704 Δείκνυσι
1005 3653 1107 3726 γὰρ
1140 3649 1194 3704 ἔκ
1232 3654 1417 3705 τούτου
1454 3655 1514 3704 1'6
1558 3649 1698 3704 ἶδιον
1739 3652 1900 3705 αὐτοῦ

290 3744 572 3817 πρόσωπον
635 3744 750 3810 (Η)
784 3761 798 3774 ·
866 3746 1092 3816 Ἐώρακε
1156 3744 1244 3794 τὸν
1326 3745 1568 3817 Πατέρα,
1638 3740 1900 3815 ἀναφέρων

292 3829 376 3884 έπὶ
417 3833 476 3884 τὸ
526 3834 781 3905 πατρικὸν
822 3835 1128 3903 πρόσωπον,
1183 3835 1272 3883 καὶ
1321 3827 1540 3904 διαιρῶν
1588 3828 1675 3903 ἀφ’
1714 3831 1898 3885 ἑαυτοῦ

291 3917 585 3996 προδήλως,
635 3928 725 3974 καὶ
769 3921 821 3973 ἐν
858 3929 931 3992 τῷ
968 3920 1132 3992 λέγειν
1172 3941 1186 3954 ·
1241 3920 1300 3973 Εἰ
1344 3919 1613 3993 ἐγνώκειτέ
1667 3941 1751 3994 με,
1806 3927 1898 3976 καὶ

289 4013 377 4064 τόν
436 4014 644 4087 Πατέρα
690 4031 791 4084 μου
839 4010 899 4062 ἂν
952 4007 1148 4084 ᾔδειτε.
1209 4011 1286 4063 Οὐ
1335 4013 1436 4084 γὰρ
1489 4013 1762 4082 σύγχυσιν
1797 4021 1897 4064 τῶν

295 4106 590 4176 προσώπων
641 4099 874 4174 ἐμφαίνει
938 4109 1142 4168 ταῦτα,
1198 4099 1327 4152 ἀλλά
1381 4104 1441 4155 τὸ
1507 4099 1898 4174 ἀπαράλλακτον

289 4198 383 4253 τῆς
429 4192 673 4253 θεότητος
711 4196 1060 4266 παρίστησιν,
1107 4191 1464 4245 Ἀκουέτωσαν
1516 4187 1575 4244 δέ
1623 4194 1710 4244 τὸν
1739 4191 1896 4244 αὐτόν

289 4279 443 4353 λόγον
473 4281 581 4354 (12)
613 4286 703 4334 καὶ
747 4283 796 4334 οἱ
844 4280 1100 4334 ἐναντίοι·
1135 4283 1213 4334 ὃτι
1256 4282 1281 4333 ό
1333 4289 1428 4343 τῆς
1475 4288 1568 4333 τοῦ
1615 4283 1738 4334 Υὶοῦ
1767 4301 1896 4334 κατ-

291 4371 568 4446 ηξιωμένος
625 4375 895 4433 κοινωνίας
946 4370 1042 4423 ούκ
1108 4368 1461 4446 ἀπεστέρηται
1521 4375 1894 4445 τοῦ.Πατρός.

289 4461 367 4514 Ού
419 4465 521 4537 γὰρ
572 4459 772 4514 ἀλλοῖον
825 4462 852 4514 ό
901 4465 1162 4536 γεννήτωρ
1215 4459 1426 4534 ἆγέννα,
1486 4458 1616 4513 ἀλλά
1664 4469 1897 4514 τοιοῦτον

2013 3297 2260 3352 Patrem
2281 3296 2353 3352 ³⁵.
2385 3297 2516 3349 Haec
2543 3300 2747 3351 autem
2777 3309 2916 3357 vox,
2951 3293 2998 3348 si
3035 3291 3176 3365 quis
3218 3296 3376 3346 recte
3414 3287 3672 3360 judicat,

2013 3392 2409 3457 utrorumque
2463 3383 2709 3440 obturat
2762 3381 3199 3455 blasphemias.
3254 3383 3456 3452 Neque
3507 3378 3671 3435 enim

2010 3473 2279 3544 seipsum
2315 3476 2543 3529 Patrem
2594 3489 2730 3528 esse
2767 3472 2934 3540 dicit,
2964 3471 3068 3545 qui
3099 3469 3322 3527 scilicet
3377 3482 3671 3541 personas

2010 3571 2216 3634 aperte
2262 3561 2619 3630 niSIinguat,
2651 3563 2743 3617 his
2789 3561 2988 3617 verbis
3022 3578 3037 3616 :
3066 3561 3183 3628 Qui
3209 3560 3357 3616 vidit
3382 3573 3493 3616 me.
3529 3556 3673 3613 Hinc

2010 3667 2277 3724 namque
2306 3653 2570 3708 ostendit
2605 3653 2912 3724 propriam
2939 3667 3113 3707 suam
3148 3665 3492 3723 personam.
3521 3649 3671 3708 Cum

2009 3758 2153 3798 vero
2179 3741 2495 3812 subjungit
2527 3759 2541 3797 :
2588 3743 2745 3798 Vidit
2776 3743 3048 3809 Patrem,
3083 3740 3326 3811 rescipit
3359 3738 3439 3794 ad
3476 3742 3670 3809 pater-

2007 3849 2151 3889 nam
2201 3848 2548 3905 personam.
2583 3849 2656 3888 ae
2689 3833 3003 3902 distinguit
3041 3848 3078 3887 a
3123 3829 3450 3901 semetipso
3479 3825 3672 3886 mani-

2006 3923 2176 3980 feste.
2201 3923 2372 3989 Quod
2403 3922 2565 3978 idem
2596 3922 2734 3978 facit
2761 3938 3028 3994 quoque,
3063 3920 3164 3977 ubi
3192 3921 3312 3977 ait:
3353 3920 3424 3976 Si
3451 3931 3668 3988 cogno-

2009 4014 2240 4070 vissetis
2259 4028 2368 4082 me,
2383 4021 2436 4069 et
2461 4014 2707 4069 Putrem
2730 4028 2921 4070 meum
2944 4014 3152 4083 utique
3167 4014 3584 4081 cognovissetzs
3597 4008 3667 4063 ³⁸.

2009 4103 2137 4159 Non
2161 4105 2322 4160 enim
2354 4119 2752 4175 personarum
2780 4103 3200 4158 confusionem
3222 4101 3495 4157 indicant
3518 4099 3670 4166 haec,

2009 4193 2116 4249 sed
2173 4191 2410 4248 deitatis
2467 4191 2929 4249 similitudinem
2976 4191 3262 4248 exhibent
3307 4185 3671 4246 discriminis

2009 4281 2280 4354 cujusvis
2302 4288 2605 4354 expertem
2621 4322 2635 4338 .
2666 4280 2932 4337 Audiant
2955 4286 3156 4336 autem
3176 4279 3306 4336 haec
3323 4279 3460 4352 ipsa
3485 4275 3672 4336 verba

2008 4377 2067 4428 et
2087 4371 2438 4439 adversarii,
2455 4369 2624 4443 quod
2646 4370 2751 4443 qui
2779 4370 2902 4426 Filii
2926 4369 3230 4427 consortio
3250 4369 3538 4441 dignatus
3557 4373 3670 4438 est,

2009 4461 2060 4518 is
2091 4464 2257 4518 Patre
2280 4462 2550 4534 privatus
2569 4477 2696 4518 non
2717 4461 2812 4518 sit.
2841 4464 2957 4518 Nec
2977 4461 3138 4518 enim
3157 4460 3466 4516 diversum
3496 4459 3669 4516 Geni-

291 4547 399 4614 οἶος
449 4551 603 4614 αύτός
660 4550 824 4608 ἔστιν.
873 4550 1084 4617 Ἄκουε,
1129 4552 1158 4604 ό
1205 4551 1474 4624 ’Λνόμοιος
1502 4570 1514 4584 ·
1567 4549 1698 4622 Ἐγὼ
1745 4555 1834 4603 καὶ
1871 4553 1897 4602 ὁ

2013 4556 2104 4608 tor
2134 4552 2360 4622 genuit,
2401 4551 2510 4608 sed
2538 4551 2720 4608 talem
2750 4551 2952 4623 qualis
2978 4551 3110 4623 ipse
3157 4556 3266 4606 est.
3309 4549 3485 4621 Audi,
3513 4555 3668 4605 Ano-

292 4646 470 4717 Πατὴρ
503 4645 553 4696 ἓν
583 4641 758 4716 ἔσμεν.
789 4640 980 4697 "Ancus
1025 4646 1117 4694 καὶ
1165 4645 1252 4709 σὺ,
1302 4643 1330 4695 6
1366 4639 1643 4704 Ταϐέλλιος
1665 4661 1679 4676 ο
1729 4640 1897 4714 Ἐγὼ-

361 4804 410 4841 ³²
446 4805 619 4862 Joan.
660 4818 702 4872 ι,
747 4803 800 4860 t.

365 4931 445 4995 (8i
481 4933 567 4986 Ita
596 4930 866 4986 Anomosi
893 4928 1106 4986 Filium
1129 4927 1417 4986 dicebant
1442 4929 1652 5000 Deum,
1672 4934 1738 4986 ut
1757 4945 1898 4986 eum

295 5001 468 5057 Patre
500 5002 794 5058 minorem
825 5017 956 5056 esse
987 5001 1225 5058 vellent.

301 5142 313 5154 ι
369 5072 446 5142 (9)
485 5071 634 5129 Editi
655 5077 784 5154 Θεόν
805 5077 995 5154 ᾼργον,
1018 5075 1208 5130 Deum
1241 5073 1516 5131 Verbum.
1539 5075 1666 5131 Vox
1685 5073 1898 5132 ultima

295 5145 359 5201 in
394 5159 544 5199 mss.
578 5159 696 5200 non
731 5145 969 5212 legitur.

367 5214 479 5286 (10)
519 5215 667 5272 Editi
704 5222 953 5290 Kairoqs
989 5216 1037 5271 ὁ.
1087 5218 1322 5274 Veteres
1371 5220 1488 5290 tres
1534 5216 1671 5274 libri
1715 5223 1780 5290 ut
1831 5217 1895 5274 in

298 5290 604 5363 contextu.
654 5287 978 5363 Aliquanto
1027 5293 1168 5363 post
1217 5305 1364 5346 mss.
1414 5289 1540 5346 duo
1566 5297 1675 5351 πῶς
1717 5287 1768 5343 δ’
1799 5292 1886 5348 ἄν,

295 5355 467 5416 Editi.
500 5367 612 5423 πῶς
640 5362 722 5417 ἄν.
767 5355 787 5363 ’
846 5369 854 5376 ’

363 5433 412 5498 (ί
431 5435 477 5495 ί)
516 5433 683 5489 Unus
729 5431 921 5488 codex
948 5431 1092 5503 Reg.
1127 5431 1180 5485 ἐκ
1208 5439 1394 5486 τοῦτον
1418 5436 1476 5487 τό
1506 5432 1693 5487 ἑαυτοῦ
1721 5437 1894 5509 πρόσ-

291 5522 450 5559 ωπον.

365 5576 476 5650 (t2)
514 5575 758 5649 Antiqui
787 5581 908 5650 tres
934 5575 1070 5632 libri
1098 5584 1198 5628 τῶν
1231 5577 1397 5628 αὐτῶν
1427 5577 1612 5650 λόγων.
1645 5576 1896 5634 Combe-

291 5645 484 5707 ﬁsius.
508 5663 648 5704 cum
677 5645 890 5722 verba,
918 5663 1056 5720 quae
1087 5651 1362 5722 proxime
1392 5645 1746 5722 sequuntur.
1771 5665 1896 5705 cor-

289 5725 470 5794 rupta
480 5735 611 5776 esse
625 5719 1036 5787 arbitraretur,
1049 5719 1123 5778 ea
1134 5719 1375 5778 duobus
1391 5719 1590 5778 modis
1603 5722 1895 5781 resarcire

2007 4657 2187 4712 inme,
2217 4642 2346 4714 Ego
2383 4647 2440 4699 et
2491 4643 2679 4699 Pater
2707 4656 2894 4698 unum
2940 4655 3146 4697 sumus
3165 4640 3239 4698 ³⁷.
3270 4638 3430 4696 Audi
3471 4643 3532 4696 et
3576 4643 3666 4710 tu,

874 4803 923 4840 ⁸³
963 4802 1139 4860 Joan.
1178 4817 1299 4873 xxv,
1338 4805 1392 4859 6.
1469 4803 1519 4839 ³⁸
1557 4801 1716 4862 Psal.
1756 4818 1899 4860 cxvu

2013 4806 2072 4861 ιθ.
2149 4804 2198 4841 ³⁸
2235 4805 2408 4862 Joan.
2449 4808 2504 4862 9.
2580 4803 2631 4840 ³⁸
2668 4802 2816 4860 ibid.
2857 4807 2911 4860 7.
2987 4803 3032 4838 ³⁷
3073 4804 3246 4859 Joan.
3284 4817 3346 4873 x,
3385 4805 3474 4859 30.

2006 4935 2263 4986 conatus
2295 4935 2402 4986 est.
2438 4929 2530 4985 Ait
2558 4929 2740 4998 igitur
2763 4927 3092 4999 legendum
3119 4944 3249 4999 esse
3279 4932 3383 4983 aut
3407 4927 3488 4980 ὅτι
3516 4927 3542 4980 6
3568 4936 3664 4990 τῆς

2004 5011 2097 5055 τοῦ
2123 5008 2246 5056 Υίοῦ
2277 5002 2658 5074 κατηξιωμένος
2683 4998 3040 5077 προσηγορίας
3069 5001 3164 5053 οὐκ
3191 4998 3664 5077 ἀπεστέρηταετης

2005 5083 2096 5128 τοῦ
2128 5079 2326 5148 Πατρός
2350 5072 2640 5140 κοινωνίας,
2675 5072 2782 5148 aut
2817 5072 2898 5126 ότι
2926 5072 2953 5126 ό
2982 5081 3080 5136 τῆς
3115 5080 3208 5126 τοῦ
3241 5077 3364 5148 Υίοῦ
3385 5072 3660 5135 κατηξιω-

2003 5151 2154 5220 μένος
2183 5143 2471 5220 κοίνωνίας,
2507 5151 2642 5215 ϐία,
2677 5153 2740 5202 ut
2768 5145 3164 5220 incontextu,
3188 5143 3292 5199 sed
3320 5144 3405 5199 sic
3432 5149 3662 5212 tamen,

2004 5217 2071 5303 ut
2109 5218 2462 5303 pastillud,
2491 5220 2716 5303 Πατρός,
2760 5217 3164 5303 subaudiatur
3205 5231 3351 5303 vox“
3371 5222 3660 5303 κρινωνίας,

2005 5289 2123 5358 Qui
2147 5291 2342 5347 Filius
2372 5289 2662 5359 dignatus
2692 5296 2778 5346 est
2803 5290 3124 5356 consortio,
3155 5303 3262 5344 nec
3301 5289 3509 5344 Patris
3537 5289 3664 5358 pri-

2004 5369 2178 5418 vatus
2241 5369 2354 5425 est,
2415 5360 2663 5433 supple,
2721 5363 3040 5418 consortio.
3108 5359 3663 5433 Putogsimpliciter

2002 5433 2326 5490 leuandum
2375 5431 2733 5507 προσηγορίας
2779 5449 2891 5505 pro
2937 5435 3226 5507 κοινωνίας,
3268 5431 3384 5487 hoc
3427 5431 3656 5487 sensu:

2003 5507 2120 5574 Qui
2147 5509 2232 5562 ita
2266 5504 2626 5576 conjunctus
2655 5511 2742 5560 est
2773 5507 2970 5572 Patri,
3003 5511 3068 5559 ut
3097 5504 3246 5576 Fitii
3281 5519 3495 5560 nomen
3524 5518 3661 5576 con-

1996 5581 2233 5635 secutus
2261 5581 2360 5638 sil,
2377 5575 2664 5646 privatus
2692 5592 2813 5632 non
2839 5583 2921 5632 est
2943 5578 3150 5642 Patre,
3180 5575 3295 5632 hoc
3321 5579 3430 5644 est,
3453 5575 3660 5634 Patris

2000 5657 2289 5708 naturam
2317 5649 2518 5707 habet.
