4110 6386
452 374 553 430 603

1833 369 1890 425 S.
1933 366 2178 423 BASlLll
2217 367 2434 424 MAGNI

3712 375 3821 430 606

453 493 690 558 Sabelli,
733 495 861 564 Ego
903 495 1064 551 exivi
1111 508 1146 550 a
1181 496 1379 556 Patre.
1411 499 1468 550 et
1514 494 1595 550 ad
1642 494 1837 564 ipsum
1883 492 2036 549 vado
2057 470 2104 526 έδ

2221 489 2275 542 ἐκ
2318 499 2410 544 τοῦ
2444 496 2646 569 Πατρός
2686 493 2914 563 ἐξῆλθον,
2947 498 3036 547 καὶ
3080 498 3212 567 πρὸς
3257 494 3414 548 αὐτὸν
3459 497 3664 568 ὑπάγω.
3717 503 3819 552 Καὶ

451 589 519 643 Et
549 592 796 657 uterque
837 600 908 639 ex
955 583 1309 654 evangelica
1337 583 1610 640 doctrina
1636 583 1947 657 proprium
1980 580 2108 636 vul-

449 691 566 732 nus
597 680 782 730 curet.
819 677 886 729 Et
928 678 989 728 tu
1021 674 1268 746 quidem
1301 674 1591 730 unitatem
1622 690 1793 729 sume
1824 690 1892 728 ex
1930 671 2106 727 abso-

447 764 750 821 lutissima
778 769 1010 818 naturae
1041 763 1458 818 similitudine:
1482 769 1542 818 tu
1563 779 1705 818 vero
1730 762 1898 830 illud,
1922 762 2014 817 Ab
2043 776 2107 817 eo

452 856 635 924 exivi,
666 861 718 910 et
760 853 842 908 ad
872 855 1064 923 ipsum
1093 853 1266 918 vado,
1310 853 1385 907 ad
1427 868 1824 925 personarum
1866 849 2110 907 diversi-

453 949 634 1001 tatem
666 943 910 999 referas.
965 942 1293 998 Conveniat
1335 943 1514 1012 igitur
1541 943 1616 998 de
1646 942 1740 998 his
1769 943 1922 998 inter
1972 957 2104 1007 nos,

452 1048 836 1105 agamusque
889 1047 1124 1104 pacem,
1168 1037 1225 1088 et
1270 1048 1307 1088 a
1349 1032 1533 1101 longo
1571 1037 1780 1087 contra
1823 1031 2107 1103 pietatem

452 1124 614 1182 bello
660 1123 1062 1183 desistamus.
1124 1122 1316 1178 acutis
1372 1123 1485 1177 illis
1542 1122 1867 1194 impietatis
1921 1120 2106 1176 armis

454 1214 724 1286 abjectis,
756 1219 813 1269 et
837 1213 1024 1268 hastis
1058 1213 1118 1268 in
1149 1218 1372 1280 aratra,
1404 1212 1618 1281 gladiis
1659 1227 1802 1267 vero
1832 1212 1892 1266 in
1924 1210 2106 1266 falces

452 1305 730 1360 conflatis
752 1304 820 1357 ³9.
869 1306 1069 1374 Neque
1115 1307 1177 1357 tu
1230 1301 1395 1356 dicas
1426 1303 1662 1358 solum:
1702 1300 1808 1356 sed
1861 1315 2108 1373 sequere

453 1409 614 1459 eum,
643 1394 746 1466 qui
799 1393 964 1464 191
1016 1391 1194 1447 dicit:
1235 1393 1373 1447 Non
1420 1408 1548 1448 sum
1594 1393 1777 1459 solus,
1819 1392 1964 1463 quia
2004 1392 2110 1461 qui

451 1485 612 1540 misit
644 1497 736 1538 me
761 1484 966 1544 Pater,
991 1498 1216 1537 mecum
1241 1489 1324 1538 est
1343 1484 1412 1534 ‘0.
1436 1481 1598 1537 Alius
1624 1482 1801 1551 igitur
1830 1486 1919 1536 est
1941 1483 2110 1535 Pater

449 1572 555 1646 qui
585 1572 766 1627 misit.
789 1571 941 1627 alius
986 1571 1090 1643 qui
1131 1571 1351 1626 missus
1377 1577 1465 1627 est
1514 1571 1708 1626 Filius.
1741 1571 1822 1625 Ac
1851 1585 2059 1625 rursus
2091 1586 2104 1624 :

451 1663 602 1734 Ego,
647 1661 864 1733 inquit,
895 1662 1296 1718 testimonium
1340 1660 1622 1730 perhibeo
1662 1661 1734 1716 de
1785 1661 2026 1729 meipso,
2054 1664 2110 1716 et

455 1751 857 1810 testimonium
890 1751 1165 1820 perhibet
1195 1751 1269 1807 de
1288 1767 1379 1808 me
1404 1752 1509 1823 qui
1536 1751 1697 1805 misit
1728 1764 1819 1806 me
1842 1750 2107 1804 Pater“.

2219 580 2453 655 ἑκάτερος
2497 585 2638 656 ὑμῶν
2690 589 2748 637 τὸ
2787 581 2924 637 ἶὸιον
2972 592 3182 659 τραῦμα
3237 583 3291 638 ἔκ
3339 593 3430 638 τοῦ
3482 582 3818 657 εὐαγγελικοῦ

2218 668 2573 725 διδασκαλίου
2631 676 2742 743 (13)
2811 677 3199 750 θεραπευέσθω.
3271 681 3373 728 Καὶ
3439 678 3505 727 σὺ
3571 679 3661 749 μεν
3729 681 3816 736 τήν

2219 761 2434 820 ἑνότητα
2480 763 2706 836 λάμϐανε
2753 765 2839 818 ἐπὶ
2883 768 2939 818 τὸ
2985 773 3078 837 τῇς
3125 769 3326 838 φύσεως
3379 763 3814 840 ἀπαράλλακτον·

2220 856 2284 904 σὺ
2348 849 2406 904 δὲ
2461 858 2557 922 τὸ,
2612 854 2726 908 Ἀπ’
2791 855 2953 908 αὐτοῦ
3018 854 3267 922 ἐξῆλθον,
3323 861 3414 908 καὶ
3478 859 3607 931 πρὸς
3662 856 3817 910 αὐτὸν

2215 946 2541 1017 πορεύομαι,
2593 943 2676 998 ἐπὶ
2743 949 2801 998 τὸ
2853 954 2954 998 τῶν
3010 952 3304 1021 προσώπων
3368 943 3620 1022 διάφορον
3665 947 3808 1016 (14).

2219 1032 2496 1106 Συμϐῶμεν
2546 1031 2633 1086 οὖν
2691 1034 2774 1087 ἐπὶ
2821 1038 3063 1105 τούτοις,
3110 1041 3202 1088 καὶ
3264 1036 3669 1110 εἰρηνεῦσωμεν,
3729 1042 3818 1088 καὶ

2217 1125 2564 1196 καταθώμεθα
2628 1128 2714 1176 τὸν
2767 1130 2967 1200 μακρὸν
3014 1128 3151 1178 κατὰ
3201 1133 3292 1186 τῆς
3353 1124 3616 1185 εὐσεϐείας
3663 1125 3816 1178 πόλε-

2218 1233 2312 1285 μον
2340 1232 2353 1246 ο
2379 1214 2626 1287 ῥίψαντες
2671 1218 2760 1288 μεν
2808 1218 2873 1268 τὰ
2912 1215 3204 1288 ἠκονημένα
3231 1223 3395 1268 ταῦτα
3439 1222 3529 1275 τῆς
3579 1213 3820 1275 ἀσεϐείας

2219 1303 2388 1370 ὅπλα,
2439 1310 2527 1357 καὶ
2574 1305 3086 1377 μεταχαλκεύσαντες
3145 1308 3240 1367 τὰς
3297 1304 3512 1366 ξιϐύνας
3568 1304 3633 1364 εἰς
3685 1306 3816 1378 ἄρο-

2218 1412 2334 1466 τρα,
2392 1399 2480 1446 καὶ
2527 1398 2618 1456 τὰς
2666 1400 2939 1470 μαχαίρας
2995 1395 3064 1456 εἰς
3106 1391 3356 1467 δρέπανα.
3402 1399 3549 1452 Μήτι
3599 1396 3664 1446 σὺ
3702 1392 3818 1464 λέγε

2218 1488 2372 1554 μόνον
2427 1485 2575 1551 (15),
2628 1482 2736 1535 ἀλλ’
2791 1483 3059 1537 ἀκολούθει
3114 1493 3186 1554 τῷ
3232 1483 3434 1553 λέγοντι
3469 1503 3480 1515 ·
3543 1481 3655 1533 Οὐκ
3712 1480 3817 1553 εἰμί

2219 1576 2408 1644 μόνος,
2460 1574 2540 1624 ὅτι
2587 1574 2614 1624 6
2661 1573 2868 1646 πέμψας
2925 1593 2988 1646 με
3042 1578 3222 1645 Πατὴρ
3279 1573 3385 1645 μετ’
3459 1570 3583 1644 ἐμοῦ
3653 1569 3813 1624 ἐστιν.

2219 1660 2404 1722 Ἀλλος
2451 1658 2540 1713 οὖν
2596 1663 2622 1713 6
2671 1661 2882 1735 πέμψας
2936 1668 3138 1735 Πατὴρ,
3187 1665 3276 1714 καὶ
3313 1661 3466 1722 ἄλλος
3503 1661 3530 1712 6
3573 1660 3817 1732 πεμφθεὶς

2221 1756 2360 1812 Υίός.
2409 1756 2510 1805 Καὶ
2556 1751 2728 1818 πάλιν,
2775 1751 2924 1824 Ἐγὼ,
2977 1757 3128 1824 φησὶ,
3179 1758 3426 1825 μαρτυρῶ
3481 1753 3599 1823 περί
3651 1747 3816 1820 έμαυ-

454 1844 558 1898 Et:
609 1842 678 1896 In
721 1842 849 1910 lege
900 1847 1123 1904 vestra,
1178 1841 1390 1912 inquit,
1449 1841 1740 1910 scriptum
1795 1845 1900 1904 est,
1949 1839 2106 1910 quod

2220 1849 2332 1907 τοῦ,
2378 1846 2468 1894 καὶ
2519 1850 2773 1916 μαρτυρεί
2810 1848 2928 1916 περὶ
2973 1841 3096 1914 ἐμοῦ
3135 1844 3161 1894 6
3210 1840 3415 1913 πέμψας
3479 1858 3540 1911 με
3601 1842 3805 1911 Πατήρ.

453 1931 707 1987 duorum
759 1931 1066 1986 hominum
1117 1931 1519 1987 testimonium
1559 1945 1766 1986 υθνιιιη
1795 1935 1875 1985 est
1897 1932 1964 1984 ".
1993 1933 2110 1986 Nu-

455 2036 646 2086 mera,
687 2020 736 2076 si
793 2020 977 2089 lubet,
1020 2036 1335 2093 personas.
1376 2022 1528 2091 Ego,
1570 2020 1782 2091 inquit,
1826 2035 1954 2076 sum
2008 2021 2113 2092 qui

453 2112 856 2168 testimonium
883 2111 1188 2180 perhibeo.
1225 2113 1410 2167 Unus.
1436 2111 1511 2165 Et
1539 2111 1939 2166 testimonium
1967 2125 2108 2180 per-

453 2201 614 2258 hibet
659 2201 734 2258 de
773 2216 866 2257 me
910 2203 1016 2272 qui
1055 2203 1212 2257 misit
1259 2217 1370 2257 me.
1414 2203 1494 2256 En
1527 2199 1671 2256 duo.
1724 2203 1838 2256 Nec
1885 2215 1997 2270 ego
2026 2199 2108 2256 sic

449 2291 738 2350 audacter
785 2306 1064 2359 numero,
1094 2291 1201 2347 sed
1235 2292 1524 2347 Dominus
1553 2292 1685 2363 ipse
1716 2290 1940 2356 docuit,
1966 2306 2106 2346 cum

449 2381 593 2438 dixit
625 2399 638 2437 :
675 2383 744 2437 In
778 2383 906 2452 lege
946 2389 1144 2438 vestra
1175 2384 1467 2451 scriptum
1509 2388 1616 2444 est,
1647 2382 1808 2453 quod
1850 2381 2108 2437 duorum

450 2472 756 2528 hominum
785 2473 1190 2528 testimonium
1222 2487 1428 2528 verum
1452 2472 1550 2527 sit.
1574 2473 1657 2526 Tu
1681 2485 1845 2538 vero,
1863 2470 1966 2542 qui
1990 2470 2108 2526 alio

449 2560 776 2633 impietatis
808 2576 1025 2626 genere
1055 2561 1348 2616 adversus
1384 2564 1568 2616 Deum
1597 2576 1855 2632 pugnas,
1883 2561 1986 2632 qui
2020 2559 2108 2616 Fi-

448 2648 597 2705 lium
617 2647 768 2704 dicis
787 2647 909 2704 Deo
940 2655 1158 2704 natura
1183 2649 1559 2716 dissimilem,
1581 2635 1690 2721 qui
1705 2648 2106 2720 aequalitatem

450 2753 572 2796 non
607 2738 916 2806 concedis,
947 2739 1052 2812 qui
1082 2739 1316 2794 inducis
1351 2741 1483 2795 vita:
1522 2739 1921 2805 intervallum,
1950 2755 2111 2794 reve-

449 2843 580 2885 rere
607 2827 856 2883 Paulum
896 2829 1198 2883 dicentem
1224 2845 1236 2883 :
1273 2830 1384 2897 Qui
1427 2835 1509 2884 est
1539 2831 1738 2900 imago
1769 2829 1878 2884 Dei
1905 2829 2106 2885 invisi-

453 2917 589 2974 bilis
611 2917 761 2984 ⁸³.“;
792 2918 1028 2990 hocque
1061 2917 1321 2989 largiare
1346 2919 1595 2988 imagini
1622 2920 1866 2986 viventi,
1889 2923 1953 2974 ut
1971 2919 2108 2974 vitae

450 3008 795 3079 archetypa:
820 3023 926 3080 per
954 3010 1162 3064 omnia
1195 3009 1403 3065 similis
1435 3010 1529 3065 sit.
1555 3010 1848 3066 Conﬁtere
1877 3012 2108 3065 Patrem

448 3113 581 3154 esse
641 3097 785 3163 Filii,
833 3113 956 3154 non
1015 3104 1324 3165 creaturae,
1374 3099 1677 3172 opiﬁcem.
1735 3102 1801 3155 Et
1846 3100 1908 3155 in
1966 3115 2109 3156 vera

2223 1936 2350 2001 Καὶ,
2406 1932 2485 1984 Ἐν
2533 1940 2606 2001 τῷ
2663 1937 2802 2004 νόμῳ
2855 1928 2951 1992 δέ,
3001 1935 3170 2004 φησι,
3213 1940 3284 2001 τῷ
3341 1930 3567 2002 ὑμετέρῳ
3620 1930 3813 2000 γέγρα-

2219 2041 2368 2088 πται,
2402 2024 2482 2073 ὃτι
2536 2017 2634 2072 δύο
2682 2019 2964 2095 ἀνθρώπων
3012 2022 3042 2078 ἡ
3095 2023 3362 2095 μαρτυρία
3407 2016 3607 2078 ἀληθής
3652 2013 3812 2068 ἐστιν.

2223 2112 2566 2185 Ἀρίθμησον,
2625 2111 2669 2164 εἰ
2727 2109 2925 2183 βούλει,
2983 2112 3049 2162 τά
3099 2115 3376 2184 πρόσωπα.
3428 2107 3581 2178 Ἐγὼ,
3637 2108 3814 2176 φησὶν,

2221 2203 2326 2276 εἰμὶ
2375 2203 2400 2254 6
2458 2209 2755 2276 μαρτυρῶν.
2813 2202 2917 2261 Εἷς.
2978 2205 3079 2254 Καὶ
3139 2204 3392 2274 μαρτυρεί
3445 2200 3563 2270 περὶ
3620 2193 3743 2266 ἐμοῦ
3791 2194 3817 2246 6

2217 2273 2577 2364 πέμψαςγμε.
2634 2273 2768 2346 Ἀῦο.
2805 2273 2813 2287 Ι
2844 2294 2945 2345 Καὶ
3012 2290 3107 2342 οῦκ
3174 2273 3272 2361 ἐγὼ
3339 2288 3475 2340 οὕτω
3554 2283 3818 2356 τολμηρῶς

2220 2381 2470 2454 ἀριθμῶ,
2539 2380 2645 2432 ἀλλ’
2716 2380 2872 2442 αὐτὸς
2937 2382 2962 2432 ὁ
3031 2383 3222 2454 Κῦριος
3285 2375 3564 2442 έδιδαξεν,
3614 2374 3814 2428 εἰπών.

2219 2471 2300 2526 Ἐν
2344 2481 2416 2542 τῷ
2467 2477 2607 2544 νόμῳ
2660 2480 2732 2542 τῷ
2785 2473 3012 2546 ὑμετέρῳ
3068 2474 3400 2543 γέγραπται,
3470 2469 3548 2518 ὃτι
3613 2463 3815 2538 ἀνθρώ-

2217 2583 2325 2615 πων
2385 2558 2482 2614 δύο
2535 2563 2565 2618 ἡ
2627 2566 2894 2636 μαρτυρία
2960 2559 3154 2618 ἀληθής
3203 2557 3337 2610 ἐστι.
3382 2561 3482 2610 Καὶ
3531 2559 3597 2608 σὺ
3653 2550 3730 2618 δέ,
3789 2553 3814 2604 6

2216 2651 2330 2703 κατ’
2385 2651 2506 2703 ἄλλο
2557 2648 2697 2713 εἶδος
2735 2659 2832 2713 τῆς
2875 2647 3114 2710 ἀσεϐείας
3163 2650 3457 2720 θεομαχῶν,
3499 2646 3526 2695 6
3574 2643 3815 2714 ἀνόμοιον

2218 2738 2347 2794 εἶναι
2388 2741 2546 2813 λέγων
2593 2749 2652 2814 τῇ
2697 2743 2850 2813 φύσει
2894 2742 2980 2791 τὸν
3029 2739 3145 2791 Υὶὸν
3195 2744 3266 2807 τῷ
3306 2742 3441 2804 Θεῷ,
3474 2735 3500 2784 6
3557 2736 3650 2789 τὴν
3697 2731 3815 2784 ἰσό-

2214 2852 2349 2891 τητα
2403 2836 2472 2904 μὴ
2527 2829 2754 2895 διδοὺς,
2805 2832 2830 2881 6
2884 2826 3168 2882 διάστασιν
3236 2827 3371 2887 ζωῆς
3437 2822 3659 2897 ἐμποιῶν
3699 2820 3816 2891 (16)

2219 2918 2570 2980 δυσωπήθητι
2627 2921 2829 2974 Παῦλον
2884 2919 3135 2992 λέγονταο
3190 2916 3282 2978 ”Ος
3330 2915 3469 2968 ἐστιν
3521 2912 3668 2965 εἰκὼν
3724 2916 3814 2961 τοῦ

2217 3020 2351 3065 Θεοῦ
2394 3020 2486 3064 τοῦ
2535 3011 2758 3086 ἀοράτου
2789 3031 2801 3045 ·
2833 3015 2923 3063 καὶ
2981 3006 3074 3072 δὸς
3116 3017 3178 3080 τῇ
3243 3008 3386 3078 ζώσῃ
3443 3003 3599 3056 εἰκόνι
3654 2999 3818 3073 ἀπαρ-

2217 3101 2481 3164 αλλάκτως
2569 3105 2709 3172 ἔχειν
2774 3105 2904 3173 πρὸς
2967 3103 3060 3157 τὴν
3141 3097 3280 3158 ζωὴν
3354 3099 3448 3152 τὴν
3518 3091 3816 3165 ἀρχέτυπον

450 3187 635 3244 Patris
682 3187 1061 3244 confessione
1092 3189 1219 3244 sine
1266 3205 1407 3244 eum
1437 3189 1538 3262 qui
1571 3189 1806 3260 genitus
1853 3195 1960 3256 est,
1993 3188 2106 3262 ipsi

2215 3191 2486 3264 Ὀμολόγει
2534 3195 2740 3265 Πατέρα
2797 3192 2941 3255 Υἰοῦ,
2988 3192 3059 3260 μὴ
3111 3192 3416 3258 κτίσματος,
3468 3178 3814 3253 δημιουργόν.

447 3278 737 3348 dignitate
765 3293 970 3350 parem
999 3294 1152 3347 esse,
1175 3294 1469 3334 revocans
1491 3281 1548 3335 in
1574 3280 1930 3336 memoriam
1961 3280 2107 3337 illud

447 3367 834 3436 evangelista
885 3367 1338 3423 testimonium:
1393 3376 1574 3425 Deum
1631 3371 1876 3426 Patrem
1932 3387 2107 3427 suum

447 3457 705 3520 dicebat,
731 3458 967 3529 faciens
996 3473 1058 3514 se
1085 3459 1377 3530 aequalem
1411 3461 1530 3515 Deo
1551 3461 1618 3512 ‘5.
1651 3460 1980 3532 :Equalitas
2004 3477 2109 3517 au-

447 3551 567 3603 tem
599 3546 720 3611 illa,
747 3561 934 3619 quam
983 3563 1122 3603 cum
1157 3550 1321 3603 Patre
1354 3548 1557 3611 habet,
1591 3548 1938 3618 intelligitur
1975 3566 2106 3606 esse

447 3636 784 3693 secundum
815 3643 1118 3696 naturam.
1147 3653 1268 3692 non
1314 3637 1650 3694 secundum
1672 3639 2107 3708 magnitudinis

447 3741 752 3800 corporeae
771 3727 1473 3792 mensuram.0uomodo
1486 3735 1687 3784 autem
1703 3745 1824 3784 non
1838 3731 2106 3802 rapinam

446 3815 773 3872 arbitratus
822 3820 912 3872 est
952 3831 1084 3872 esse
1135 3832 1196 3872 se
1245 3816 1545 3889 aequalem
1590 3819 1710 3874 Deo
1730 3820 1799 3881 ⁸⁵,
1829 3818 1898 3884 si,
1933 3825 1997 3874 ut
2042 3824 2108 3876 tu

443 3903 859 3978 blasphemas,
907 3921 1226 3977 nunquam
1273 3906 1525 3978 aequalis
1576 3907 1733 3965 fuit?
1787 3908 2107 3974 Quomodo

445 4010 657 4053 rursus
700 3995 762 4051 in
817 3995 916 4051 Dei
961 3995 1157 4051 forma
1187 4001 1335 4064 erat,
1366 3996 1492 4069 qui,
1518 4001 1585 4053 ut
1627 4002 1691 4053 tu
1738 3997 1911 4067 dicis,
1951 4014 2106 4055 nun-

445 4099 634 4158 quam
665 4083 876 4140 similis
906 4083 1034 4140 fuit.

519 4177 571 4229 3.
613 4173 766 4230 Talis
813 4174 1062 4246 quidem
1117 4175 1399 4248 utrinque
1450 4191 1660 4249 pugna
1725 4176 1906 4233 nobis
1963 4183 2102 4246 est;

443 4264 670 4319 veritas
692 4279 834 4320 vero
858 4279 996 4336 quae
1023 4265 1051 4320 ?
1090 4267 1290 4338 Neque
1325 4271 1387 4320 tu
1415 4266 1774 4322 reformides
1812 4283 2105 4340 personas

443 4351 752 4410 conﬁteri:
788 4353 891 4409 sed
924 4353 1022 4410 dic
1063 4356 1318 4426 Patrem,
1353 4355 1450 4412 dic
1499 4361 1555 4412 et
1610 4356 1840 4425 Filium,
1867 4373 1992 4414 non
2019 4358 2104 4414 rei

445 4441 553 4498 uni
577 4442 829 4499 nomina
859 4443 984 4499 duo
1004 4443 1361 4514 attribuens,
1385 4445 1490 4501 sed
1515 4461 1586 4500 ex
1617 4451 1872 4520 utraque
1901 4447 2105 4520 appel-

442 4531 664 4590 latione
722 4533 1228 4604 signiﬁcationem
1283 4536 1596 4608 propriam
1648 4537 1910 4594 discens.
1953 4541 2102 4594 Nam
2135 4567 2178 4622 ο

441 4621 662 4692 ingens
719 4623 1084 4696 improbitas
1121 4630 1213 4681 est
1260 4641 1384 4682 non
1415 4625 1688 4699 sucipere
1735 4627 2103 4685 documenta

447 4712 706 4786 Domini,
731 4714 837 4787 qui
872 4713 1050 4770 nobis
1075 4715 1394 4788 perspicue
1433 4715 1616 4773 aliam
1661 4733 1989 4790 personam
2021 4719 2102 4775 ab

518 4857 566 4894 ³⁸
604 4860 780 4916 Joan.
807 4873 921 4927 xw,
952 4861 1040 4914 28.
1119 4858 1165 4893 ³⁸
1209 4859 1324 4914 Isa.
1370 4875 1429 4928 ιι,
1461 4863 1515 4915 4.

445 4929 494 4966 ⁴⁵
532 4930 709 4987 Joan.
739 4945 794 4986 ν.
834 4933 918 4987 18.
997 4931 1044 4966 ⁸⁸
1084 4929 1344 5004 Philipp.
1376 4947 1434 4999 ιι,
1467 4935 1516 4986 6.

461 5123 482 5145 ⁵
518 5054 628 5145 ς13)
864 5055 1170 5112 secundus
1225 5053 1598 5123 διδασκαλίου,
1654 5057 1895 5114 rectius.
1947 5057 2100 5116 Ediﬁ

448 5132 851 5183 διδασκαλείου.

515 5201 531 5268 ζ
548 5201 640 5275 ibi
674 5201 794 5275 vox
825 5195 1074 5275 διάφορον
1103 5199 1188 5255 ita
1217 5201 1331 5256 hoc
1362 5200 1496 5257 loco
1522 5199 1877 5274 accipienda
1903 5206 2016 5270 est,
2040 5204 2106 5256 ut

443 5285 558 5343 pro
583 5269 967 5343 distinctione
986 5269 1295 5327 'sumatur.

518 5343 635 5411 (15)
677 5341 842 5416 Illud,
899 5348 968 5416 μή
1029 5362 1083 5416 τε
1143 5347 1207 5395 σὺ
1259 5343 1372 5415 λέγε
1419 5347 1592 5416 μόνον,
1649 5343 1732 5399 sic
1787 5343 2100 5415 intelligo:

443 5414 651 5485 Neque
687 5418 753 5468 tu
782 5414 970 5470 Deum
1019 5415 1106 5471 ita
1135 5414 1331 5471 sutum
1378 5414 1567 5485 dicas,
1599 5421 1664 5470 ut
1695 5414 2106 5473 excludantur

445 5499 740 5556 personae.

522 5560 628 5627 (16)
672 5554 1184 5630 Basiliusimpetit
1212 5574 1338 5630 eos.
1367 5557 1473 5630 qui
1505 5558 1763 5613 Verbum
1810 5563 2104 5615 internum

448 5643 572 5685 non
615 5645 746 5683 esse
791 5628 1172 5696 proﬁtentes,
1223 5628 1673 5685 arbitrabantur
1722 5630 2104 5686 intervallum

447 5698 763 5774 quoddam
789 5698 997 5768 fuisse,
1011 5716 1134 5773 quo
1155 5701 1338 5756 Patris
1358 5700 1477 5756 vita
1495 5717 1530 5756 a
1549 5703 1668 5757 vita
1690 5701 1812 5757 Filii
1833 5701 2100 5758 distaret.

1594 4861 1641 4895 ’σο
1687 4861 1862 4918 Joan.
1893 4877 2015 4930 Vill,
2059 4865 2146 4920 t6.

2220 3287 2320 3335 Καὶ
2369 3281 2416 3333 ἐν
2463 3287 2523 3352 τῇ
2572 3278 2786 3351 ἁληθίνῇ
2826 3296 2917 3330 τον
2963 3278 3167 3350 Πατρός
3196 3273 3448 3347 ὁμολογίᾳ
3489 3267 3581 3330 δὸς
3609 3273 3698 3326 τὴν
3725 3274 3816 3320 τοῦ

2213 3373 2543 3445 γεννηθέντος
2607 3372 2738 3444 πρὸς
2802 3367 2958 3420 αὐτὸν
3025 3369 3339 3438 ὀμοτιμίαν,
3407 3361 3657 3434 μνησθεὶς
3721 3363 3818 3418 τῆς

2214 3470 2306 3515 τοῦ
2355 3460 2726 3532 εὐαγγελιστοῦ
2767 3459 2878 3527 (l7)
2934 3460 3250 3530 μαρτυρίας,
3305 3454 3383 3504 ὃτι
3441 3453 3645 3523 Πατέρα
3707 3446 3814 3500 ἔλε-

2213 3572 2299 3625 γεν
2349 3551 2534 3604 ἑαυτοῦ
2581 3553 2668 3602 τὸν
2709 3552 2877 3612 Θεὸν,
2929 3551 3042 3599 ἴσον
3101 3545 3280 3598 ἑαυτὸν
3332 3549 3493 3594 ποιῶν
3551 3545 3621 3609 τῷ
3678 3546 3810 3607 Θεῷ.

2213 3645 2283 3696 Τὸ
2353 3637 2412 3694 δέ
2480 3641 2680 3700 ἰσάζειν
2743 3647 2816 3708 τῷ
2890 3639 3221 3707 γεγεννηκότι
3281 3632 3418 3683 κατὰ
3489 3633 3584 3687 τὴν
3661 3629 3814 3699 φύσιν

2214 3739 2443 3794 νοεῖται,
2503 3730 2562 3782 οὐ
2620 3729 2754 3781 κατὰ
2816 3728 3066 3798 μεγέθους
3115 3726 3417 3794 σωματικοῦ
3473 3721 3814 3791 παραμέτρη-

2217 3840 2320 3874 σιν.
2380 3827 2493 3880 Πῶς
2551 3815 2610 3870 δε
2655 3817 2760 3888 οὐχ
2818 3816 3092 3888 ἁρπαγμὸν
3147 3814 3389 3882 ἡγήσατο
3437 3811 3495 3862 τὸ
3537 3807 3667 3860 εἶναι
3721 3809 3816 3857 ἶσα

2215 3915 2344 3979 Θεῷ,
2388 3909 2450 3976 εἰ,
2485 3910 2556 3970 ὡς
2596 3910 2660 3959 σὺ
2711 3905 3062 3979 βλασφημεῖς,
3109 3898 3359 3954 οὐδέποτε
3395 3902 3548 3959 ἶσος;
3591 3903 3703 3956 Πῶς
3757 3891 3815 3947 δέ

2213 4005 2304 4052 καὶ
2360 3999 2408 4051 έν
2462 4005 2632 4073 μορφῇ
2685 4003 2819 4048 Θεοῦ
2858 3995 3098 4066 ὑπῆρχεν
3133 3993 3158 4043 6
3201 3992 3338 4043 κατὰ
3375 3991 3461 4041 τὸν
3510 3990 3600 4041 σὸν
3643 3985 3812 4056 λόγον,

2213 4086 2482 4163 μηδέποτε
2522 4092 2698 4161 ὅμοιος
2720 4102 2734 4153 ;

2287 4183 2340 4236 3.
2383 4177 2516 4231 Ἀλλ’
2564 4179 2590 4229 6
2631 4179 2722 4250 μὶν
2775 4174 2996 4248 πόλεμος
3045 4173 3351 4247 ἑκατέρωθεν
3384 4170 3508 4242 ἡμῖν
3546 4173 3811 4225 τοιοῦτος·

2213 4272 2243 4329 ἡ
2288 4267 2348 4322 δέ
2379 4266 2596 4326 ἀλήθεια
2638 4270 2755 4331 τίς;
2789 4268 2935 4321 Μήτε
2963 4267 3028 4315 σὺ
3059 4261 3218 4335 φοϐοῦ
3255 4265 3346 4319 τὴν
3378 4267 3478 4310 τῶν
3520 4259 3814 4330 προσώπων

2213 4358 2490 4432 ὁμολογίαν
2517 4401 2530 4424 ,
2591 4355 2719 4408 ἀλλὰ
2782 4354 2895 4425 λίγε
2945 4356 3152 4428 Πατέρα
3198 4351 3312 4422 λέγε
3368 4352 3457 4400 καὶ
3520 4348 3677 4409 Υὶὸν,
3738 4347 3810 4415 μὴ

2211 4430 2283 4502 ένὶ
2335 4450 2607 4522 πράγματι
2670 4443 2768 4499 δύο
2833 4444 3064 4517 ὀνόματα
3119 4441 3542 4514 ἐπιφθεγγόμενος
3595 4433 3702 4486 ἀλλ’
3762 4430 3815 4494 ἐξ

2212 4539 2454 4613 ἑκατέρας
2503 4545 2600 4599 τῆς
2644 4539 3006 4610 προσηγορίας
3056 4528 3198 4584 ἰδίαν
3246 4533 3438 4582 ἔννοιαν
3479 4523 3814 4594 διδασκόμε-

2209 4648 2313 4692 νος.
2389 4630 2532 4685 Amic
2583 4628 2686 4700 γὰρ
2749 4623 3091 4696 ἀγνωμοσύνη
3156 4625 3227 4694 μὴ
3303 4613 3701 4689 καταδέχεσθαι
3747 4616 3813 4666 τὰ

2212 4715 2522 4791 διδάγματα
2575 4723 2668 4768 τοῦ
2741 4717 2972 4788 Κυρίου,
3044 4711 3284 4787 εὐκρινῶς
3347 4706 3654 4766 ὃιιστῶντος
3704 4704 3808 4774 (18)

3217 4854 3338 4912 ⁴³.“
3378 4849 3608 4908 Coloss.
3646 4861 3687 4910 ι,
3718 4848 3810 4904 15.

2223 4862 2268 4898 ιι
2311 4859 2460 4917 ibid.
2497 4862 2582 4914 ii.
2662 4858 2708 4892 η
2747 4855 2898 4912 ibid.
2931 4859 3017 4924 ιτ,
3055 4859 3139 4913 is.

2209 5128 2224 5140 .
2253 5059 2396 5140 _(t7)
2439 5057 2532 5116 Sic
2558 5061 2786 5113 veteres
2809 5058 3072 5128 quatuor
3107 5053 3262 5111 libri.
3291 5053 3436 5110 Editi
3467 5058 3557 5105 τοῦ
3580 5048 3812 5120 Εὗαγγεο

2213 5147 2345 5184 Αιου.

2284 5203 2399 5269 (18)
2440 5200 2588 5276 Illud
2634 5200 2876 5276 ε-ἇκρινὼς
2926 5196 3252 5266 ὃιιστῶντος,
3286 5203 3424 5276 etc.,
3453 5195 3654 5276 inepte
3683 5190 3815 5276 qui-

2211 5273 2350 5330 dem
2381 5273 2554 5328 vertit
2578 5271 2752 5328 vetus
2781 5272 3094 5338 interpres.
3127 5288 3266 5328 cum
3299 5272 3380 5328 ita
3409 5271 3665 5338 scripsit,
3688 5271 3812 5319 tam

2212 5344 2532 5414 conspicue
2554 5345 3152 5416 personarumgnobis
3183 5341 3599 5416 atterationem
3631 5350 3813 5416 secer-

2213 5408 2409 5492 uentis
2423 5435 2441 5469 :
2459 5408 2586 5482 sed,
2602 5422 2666 5470 ut
2681 5419 2858 5485 ingen
2871 5432 2942 5471 ue
2958 5415 3147 5492 fatear
3163 5415 3390 5492 nescire
3406 5408 3571 5492 quod
3587 5408 3811 5470 nescio,

2212 5489 2410 5543 dicam
2436 5504 2556 5542 non
2580 5503 2760 5543 nosse
2792 5504 2888 5543 me
2919 5487 3108 5543 ullam
3134 5503 3342 5541 vocem
3373 5487 3664 5546 Latinam,
3687 5493 3812 5552 qua

2211 5576 2329 5616 vox
2356 5563 2558 5632 Grieca
2597 5560 2828 5632 ἑτερότης
2857 5559 3012 5615 bene
3041 5559 3296 5631 exprimi
3327 5557 3538 5630 possit.
3576 5552 3689 5609 Sed
3721 5556 3809 5606 ta-

2212 5647 2351 5708 men
2383 5631 2658 5708 fortasse,
2675 5631 3009 5704 periphrasi
3035 5647 3197 5708 usus,
3220 5646 3355 5686 eam
3383 5637 3687 5708 utcunque
3712 5639 3810 5679 ex-

2210 5703 2458 5774 primes,
2477 5703 2527 5757 si
2546 5703 2628 5759 ita
2645 5702 3053 5776 interpretere,
3069 5702 3153 5759 uti
3174 5702 3538 5774 interpretati
3569 5715 3808 5757 sumus.
