4110 6374
273 378 377 432 605

917 370 1159 429 HOMIL.
1201 370 1483 427 CONTRA
1524 364 2027 430 SABELLIANOS,
2068 365 2156 420 ET
2194 366 2438 437 ARIUM,
2480 369 2566 426 ET
2603 370 2993 428 ANOMG‘ZOS.

3534 375 3641 433 606

272 504 400 574 ἡμῖν
485 504 587 553 τῶν
668 501 959 574 προσώπων
1031 498 1126 556 τήν
1197 496 1472 571 ἑτερότητα
1495 537 1507 551 .
1578 494 1695 547 Ἐὰν
1769 493 1866 565 γὰρ

1979 488 2099 545 alia
2124 488 2464 561 distinguit.
2495 495 2566 552 Si
2582 497 2739 552 enim
2761 496 2984 563 abiero,
3018 495 3232 569 inquit,
3254 498 3482 568 rogabo
3512 500 3640 558 Pa-

273 587 499 656 ἅπέλθω,
555 588 706 661 φησί,
769 586 1119 662 παρακαλίσω
1182 590 1270 639 τόν
1344 589 1573 660 Πατέρα,
1627 588 1718 637 καὶ
1773 581 1871 635 ἄλ·-

272 678 359 733 λον
419 677 613 753 πέμψει
688 678 1024 753 Ηαράκλητον
1076 678 1219 751 ὑμῖν.
1274 676 1475 730 Οὐκοῦν
1527 678 1646 738 Υἱός
1703 675 1793 747 μὲν
1846 673 1872 723 6

273 769 607 845 παρακαλῶν,
654 773 834 844 Πατὴρ
885 765 946 822 δε
1002 769 1028 821 6
1073 767 1545 843 παρακαλούμενος,
1588 763 1873 840 Παρακλη-

271 877 358 921 τος
405 857 466 912 6‘s
495 860 522 913 6
552 857 1004 932 ἀποστελλόμενος.
1050 857 1166 931 ’Ἆρ’
1210 858 1303 911 οὗτ
1342 857 1401 910 66
1453 862 1682 931 φανερῶς
1722 852 1872 906 ἀναι-

275 955 529 1022 σχυντείς
571 947 790 1003 ἀκούων.
836 948 970 1021 Ἐγὼ
1026 952 1145 1021 περὶ
1198 954 1293 1001 τοῦ
1353 948 1499 1012 Υἱοῦ,
1552 944 1769 1005 Ἐκεῖνος
1814 939 1875 995 6“:

273 1042 396 1112 περὶ
452 1044 544 1093 τοῦ
600 1040 819 1113 Πατρός,
869 1037 1056 1100 ’Ἄλλος
1111 1041 1230 1111 περὶ
1286 1042 1378 1089 τοῦ
1435 1036 1728 1109 Πνεύματος
1782 1039 1874 1085 τοῦ

278 1127 449 1200 ἁγίου,
502 1132 592 1181 καὶ
646 1130 819 1181 πάντα
863 1130 1056 1201 φύρων,
1115 1131 1206 1179 καὶ
1248 1127 1418 1180 πάντα
1460 1127 1727 1196 συγχέων,
1785 1126 1875 1175 καὶ

275 1218 348 1271 ενὶ
415 1218 690 1291 πράγματι
743 1219 837 1280 τὰς
891 1219 1068 1278 πάσας
1129 1218 1492 1290 προσηγορίας
1547 1214 1872 1289 περιτιθείς;

273 1310 360 1366 Μὴ
409 1311 585 1380 μέντοι
632 1303 773 1381 μηδί
803 1311 869 1360 σὺ
917 1307 1174 1382 ἅρπαγμα
1202 1308 1329 1379 πρὸς
1378 1308 1473 1363 τὴν
1503 1302 1741 1357 ἀσέϐειαν
1788 1302 1876 1355 λά-

275 1394 375 1470 ϐῃς
416 1401 513 1456 τὴν
560 1405 661 1449 τῶν
711 1401 1005 1472 προσώπων
1058 1392 1339 1469 διαίρεσιν.
1399 1394 1460 1449 Εἰ
1503 1413 1606 1467 γαρ
1653 1388 1873 1445 καὶδύο

272 1493 348 1556 τῷ
387 1483 615 1559 ἀριθμῶ,
646 1484 773 1537 ἀλλὰ
818 1493 881 1558 τῇ
912 1488 1064 1558 φύσει
1093 1484 1153 1538 66
1184 1481 1486 1549 διέζευκται
1511 1504 1525 1517 ο
1567 1478 1693 1535 οὐδε
1737 1483 1765 1534 6
1808 1479 1876 1533 τά

275 1571 374 1628 δύο
402 1573 561 1646 λέγων
590 1575 615 1644 (
630 1576 711 1644 t9)
755 1573 1096 1649 ἀλλοτρίωσιν
1141 1573 1428 1645 ἐπεισάγει.
1479 1574 1570 1633 Εἰς
1613 1574 1765 1637 Θεὸς,
1792 1572 1875 1624 ὅτι

272 1669 366 1717 καὶ
395 1669 570 1738 Πατὴρ
599 1685 612 1699 ·
666 1664 742 1725 εἷς
782 1667 910 1725 Θεὸς
940 1661 1001 1717 δέ
1032 1667 1124 1716 καὶ
1152 1665 1180 1717 6
1210 1665 1351 1730 Υἱός,
1380 1666 1473 1715 καὶ
1513 1661 1573 1715 66
1619 1658 1718 1714 6‘66
1744 1663 1869 1727 θεοὶ,

272 1748 454 1811 ἐπειδὴ
504 1755 804 1811 ταυτότητα
849 1754 964 1825 ἔχει
1015 1752 1042 1804 6
1086 1753 1209 1814 Υἱός
1255 1754 1387 1827 πρὸς
1412 1755 1500 1805 τὸν
1535 1754 1759 1824 Πατέρα.
1793 1749 1870 1803 οὗ

250 1843 374 1915 -γήρ
421 1839 581 1899 ἄλλην
632 1839 684 1893 ἐν
731 1845 896 1917 Πατρὶ
945 1843 1159 1915 καθαρῶ
1227 1843 1466 1907 θεότητα,
1505 1844 1597 1894 καὶ
1634 1839 1792 1897 οἰλλην
1822 1837 1870 1891 ἰν

269 1931 374 2002 Υἰῷ
402 1950 416 1963 ·
471 1926 588 1984 οὐδ’
625 1929 800 2004 ἑτέραν
849 1933 1005 2003 φύσιν
1045 1930 1263 1998 ἐκείνην,
1295 1935 1387 1984 καὶ
1433 1931 1607 2006 ἑτέραν
1653 1931 1865 1987 ταύτην.

263 2017 376 2073 Ἵνα
549 2027 638 2073 οῦν
665 2022 904 2095 τρανωθῇ
956 2039 1042 2074 σοι
1080 2029 1183 2073 τῶν
1223 2024 1518 2096 προσώπων
1548 2021 1579 2079 η
1640 2015 1865 2086 ἰδιότης,

264 2108 476 2185 ἀρίθμει
520 2105 637 2183 ἰδίᾳ
681 2114 905 2184 Πατέρα,
954 2115 1045 2164 καὶ
1084 2107 1201 2184 ἰδίᾳ
1246 2115 1365 2165 Υἱόν
1395 2132 1408 2144 ο
1467 2111 1551 2163 im
1591 2106 1653 2163 δὲ
1694 2108 1766 2182 μὴ
1799 2108 1868 2169 εὶς

264 2198 539 2253 πολυθεῖαν
589 2197 952 2273 ἀποσχισθῇς,
1000 2205 1125 2274 μίαν
1150 2199 1395 2274 ὁμολόγει
1433 2199 1513 2253 ἐπ’
1543 2198 1730 2274 ἀμφοῖν
1774 2202 1867 2258 τὴν

264 2288 469 2343 οὐσίαν.
502 2289 658 2343 Οὕτω
703 2294 793 2344 ιιαὶ
848 2288 1120 2352 Σαϐελλιος
1164 2294 1362 2358 πίπτει,
1411 2293 1502 2343 καὶ
1548 2290 1575 2342 6
1604 2288 1867 2362 Ἀνόμοιος

264 2378 513 2456 συντριϐἠ
524 2398 692 2436 σεται.

335 2473 389 2526 4.
431 2477 573 2524 Οταν
625 2466 685 2523 δέ
729 2473 857 2524 εἴπω
894 2474 1020 2543 μίαν
1056 2469 1265 2536 οὐσίαν,
1319 2472 1393 2544 μὴ
1427 2465 1527 2522 6‘66
1554 2469 1610 2532 ἐξ
1638 2468 1742 2531 ἑνός
1781 2486 1869 2541 με·

264 2562 513 2636 ρισθέντα
555 2564 683 2626 νόει,
731 2559 839 2612 ἀλλ’
895 2560 950 2614 ἐκ
1008 2568 1102 2622 τῆς
1149 2558 1327 2634 ἀρχῆς
1373 2567 1465 2613 τοῦ
1517 2563 1722 2635 Πατρός
1778 2560 1865 2611 τόν

265 2653 386 2707 Υἱόν
436 2651 760 2720 ὑποστάντα,
816 2650 881 2704 οὐ
926 2654 1137 2724 Πατέρα
1194 2653 1282 2704 καὶ
1330 2650 1450 2704 Υὶόν
1498 2650 1554 2704 ἐκ
1600 2656 1725 2723 μιᾶς
1770 2649 1865 2703 66-

269 2744 389 2804 σίας
429 2741 816 2815 ὑπερκειμένης.
876 2740 952 2792 O6
1018 2743 1121 2816 γὰρ
1171 2735 1372 2812 ἀδελφὰ
1410 2738 1674 2813 λέγομεν,
1737 2738 1867 2793 ἀλλά

266 2833 475 2903 Πατέρα
527 2834 618 2883 καὶ
667 2833 787 2883 Υίόν
860 2828 1227 2903 ὁμολογοῦμεν.
1290 2832 1361 2883 T6
1410 2825 1470 2883 δε
1532 2837 1624 2891 τῆς
1679 2828 1864 2893 οὐσίας

265 2923 476 2987 ταυτὸν,
509 2917 686 2979 ἱπειὸη
736 2919 793 2973 ix
820 2927 913 2973 τοῦ
964 2923 1170 2995 Πατρός
1217 2920 1244 2973 ὁ
1290 2920 1430 2985 Υἱός,
1483 2919 1543 2973 66
1600 2922 1865 2994 προστάγ-

269 3027 401 3082 ματι
459 3011 717 3078 ποιηθεὶς,
775 3009 884 3063 ἀλλ’
939 3008 994 3062 ἐκ
1039 3018 1132 3071 τῆς
1184 3013 1382 3083 φύσεως
1417 3011 1715 3081 γεννηθείςο
1770 3008 1864 3062 οὐκ

269 3096 634 3174 ἀπομερισθεὶς
696 3106 791 3152 τοῦ
859 3103 1086 3176 Πατρός.
1162 3098 1291 3153 ἀλλά
1371 3103 1607 3173 μένοντος
1669 3099 1863 3153 τελείου

1979 583 2154 647 trem,
2183 586 2238 636 et
2269 583 2459 640 alium
2488 585 2882 643 Paracletum
2922 592 3114 644 mittet
3146 588 3309 645 vobis
3335 590 3403 642 τι.
3434 593 3641 663 itaque

1985 669 2161 726 Filius
2187 676 2278 727 est
2322 672 2428 744 qui
2455 679 2650 744 rogat,
2683 680 2852 733 Pater
2889 681 2978 733 est
3002 677 3106 750 qui
3136 682 3408 747 rogatur,
3467 682 3642 737 Para—

1982 758 2172 816 cletus
2211 777 2355 819 vero
2404 767 2509 837 qui
2552 766 2825 826 mittitur.
2864 770 3075 825 Nonne
3122 783 3267 837 ergo
3297 774 3503 841 aperte
3531 769 3640 826 im-

1981 849 2221 923 pudens
2250 867 2337 920 es,
2359 853 2464 926 qui
2491 870 2632 911 cum
2676 857 2912 925 audias,
2938 859 3085 929 Ego,
3120 857 3196 913 de
3227 857 3390 921 Filio,
3410 860 3543 927 Itle,
3565 859 3641 915 de

1984 942 2175 1008 Patre,
2226 942 2427 1004 Alius.
2483 944 2559 1001 de
2615 946 2838 1018 Spiritu
2896 952 3128 1015 sancto,
3179 948 3401 1005 misces
3438 952 3641 1006 tamen

1982 1029 2215 1099 omnia,
2240 1032 2567 1107 omniaque
2597 1035 2942 1102 confundis,
2961 1042 3020 1094 et
3048 1036 3134 1094 rei
3156 1036 3259 1094 uni
3286 1037 3495 1094 tribuis
3533 1054 3639 1110 ep-

1985 1118 2338 1192 pellatioues
2367 1122 2625 1181 omnes?
2672 1125 2945 1182 Vicissim
2996 1142 3194 1200 neque
3236 1132 3299 1184 tu
3347 1126 3426 1183 ad
3457 1127 3639 1185 stabi-

1980 1210 2254 1267 liendum
2280 1212 2650 1285 impietatem
2679 1216 2903 1272 sumito
2934 1216 3332 1274 secretionem
3354 1232 3642 1289 persona-

1983 1316 2141 1359 rum.
2193 1303 2314 1359 Etsi
2359 1304 2520 1361 enim
2561 1305 2686 1363 duo
2716 1311 2856 1362 sunt
2883 1322 3161 1375 numero,
3195 1314 3396 1364 tamen
3423 1312 3642 1364 natura

1982 1406 2109 1448 non
2149 1397 2289 1450 sunt
2330 1393 2618 1465 disjuncti
2664 1412 2679 1453 :
2728 1412 2927 1469 neque
2955 1396 3061 1470 qui
3089 1396 3215 1453 duo
3244 1396 3388 1453 dicit
3415 1396 3639 1454 aliena-

1983 1484 2212 1541 tionem
2259 1484 2517 1542 inducit.
2560 1488 2723 1543 Unus
2764 1490 2920 1545 Deus
2965 1493 3024 1544 et
3068 1490 3258 1558 Pater,
3283 1503 3443 1544 unus
3482 1490 3639 1545 Deus

1984 1578 2040 1631 et
2066 1574 2268 1642 Filius,
2293 1591 2417 1632 non
2447 1575 2531 1632 dii
2575 1576 2721 1642 duo,
2745 1593 2886 1633 cum
2920 1577 3101 1633 Filius
3133 1576 3507 1633 identitatem
3536 1576 3641 1632 ha-

1978 1662 2124 1721 beat
2151 1681 2288 1721 cum
2321 1667 2515 1722 Patre.
2548 1669 2677 1723 Non
2707 1667 2869 1724 enim
2900 1666 3083 1723 aliam
3105 1666 3166 1723 in
3202 1669 3371 1722 Patre
3402 1668 3642 1723 intueor

1982 1753 2376 1822 divinitatem,
2409 1755 2592 1813 aliam
2619 1756 2682 1813 in
2710 1756 2888 1824 Filio;
2919 1772 3120 1829 neque
3149 1755 3332 1813 aliam
3358 1761 3640 1813 naturam

1909 1828 1953 1882 Β
1980 1843 2167 1911 illam,
2191 1849 2250 1902 et
2268 1845 2452 1902 aliam
2466 1845 2647 1902 hanc.
2673 1828 3085 1912 Quamobrem
3118 1845 3440 1919 perspicua
3469 1854 3535 1902 ut
3563 1845 3641 1902 sit

1981 1934 2090 1989 tibi
2138 1950 2542 2007 personarum
2582 1938 2943 2009 proprietas,
2996 1950 3254 1993 numera
3310 1935 3640 2008 separatim

1980 2025 2242 2090 Patrem,
2277 2031 2335 2082 et
2364 2026 2690 2099 separatim
2723 2026 2933 2084 Filium
2970 2044 2984 2084 :
3015 2025 3126 2083 sed
3147 2041 3222 2085 ne
3252 2024 3550 2082 scindaris
3576 2024 3639 2082 in

1978 2113 2431 2173 multitudinem
2487 2115 2768 2185 deorum,
2808 2133 2999 2172 unam
3039 2117 3101 2172 in
3146 2123 3404 2189 utroque
3431 2130 3637 2172 essen-

1978 2205 2127 2262 tiam
2157 2204 2506 2264 conﬁteare.
2537 2209 2622 2263 ita
2639 2212 2699 2263 et
2722 2205 2936 2264 Sabelli
2947 2223 3017 2263 us
3034 2205 3213 2274 cadit,
3232 2211 3290 2262 et
3306 2212 3637 2262 Anomoeus

1977 2299 2344 2352 conteretur.

2047 2477 2102 2531 4.
2122 2475 2236 2533 Sed
2262 2491 2401 2532 cum
2435 2475 2761 2534 essentiam
2778 2492 2963 2534 unam
2987 2475 3127 2534 dico
3151 2492 3317 2546 ,cave
3339 2474 3635 2548 intelligas

1977 2563 2102 2621 duo
2131 2581 2205 2622 ex
2236 2582 2360 2622 uno
2387 2566 2600 2635 divisa,
2644 2567 2750 2623 sed
2792 2583 2865 2623 ex
2908 2567 3206 2639 principio
3248 2566 3423 2622 Patre
3461 2566 3633 2637 192

1974 2655 2190 2711 Filium
2221 2656 2676 2726 subsistentem,
2700 2673 2818 2713 non
2848 2659 3083 2713 Patrem
3104 2663 3162 2713 et
3185 2655 3397 2712 Filium
3417 2671 3492 2710 ex
3514 2670 3639 2711 una

1977 2746 2289 2818 superiore
2324 2747 2589 2804 essentia
2638 2753 3038 2816 emergentes.
3074 2750 3201 2803 Non
3233 2746 3396 2803 enim
3424 2745 3638 2802 fratres

1975 2835 2258 2892 dicimus.
2290 2837 2398 2892 sed
2429 2840 2663 2895 Patrem
2685 2846 2739 2894 et
2761 2837 2975 2894 Filium
3011 2837 3393 2893 conﬁtemur.
3426 2840 3499 2892 At
3539 2850 3637 2890 es-

1974 2926 2181 2981 sentim
2228 2925 2516 2983 identitas
2570 2931 2681 2996 est,
2738 2928 2885 3000 quia
2943 2943 3012 2983 ex
3047 2929 3218 2983 Patre
3269 2925 3472 2996 Filius,
3514 2939 3638 2981 non

1975 3021 2281 3090 praecepto
2311 3014 2526 3086 factus,
2549 3015 2657 3072 sed
2676 3032 2750 3073 ex
2774 3022 2991 3073 natura
3010 3016 3271 3087 genitus,
3289 3030 3417 3072 non
3446 3014 3636 3071 disse-

1977 3113 2109 3162 ctus
2165 3122 2203 3162 a
2241 3110 2429 3173 Patre,
2463 3105 2571 3163 sed
2600 3123 2672 3163 eo
2711 3112 2994 3162 manente
3046 3104 3306 3178 perfecto
3339 3103 3636 3177 perfectus

266 3187 448 3249 τέλειος
515 3187 854 3261 ἀπολάμψας.
934 3193 1037 3242 Καὶ
1104 3190 1176 3262 μη
1253 3208 1343 3261 μοι
1421 3185 1825 3265 περιδραμόντες
1849 3230 1864 3256 ,

1979 3195 2353 3251 illucescens.
2382 3198 2448 3252 Et
2473 3196 2641 3260 mihi,
2665 3201 2969 3269 quotquot
2993 3201 3097 3252 aut
3122 3209 3245 3251 non
3274 3193 3529 3267 perfecte
3548 3191 3638 3251 di-

263 3277 379 3331 ὅσοι
437 3280 467 3338 ᾖ
524 3284 598 3357 μὴ
652 3278 853 3339 τελείως
901 3286 1010 3341 τοῖς
1068 3278 1355 3351 λεγομένοις
1432 3279 1864 3349 ἠκολουθήσατε,

242 3367 293 3427 εῆ
353 3372 487 3443 πρὸς
542 3369 786 3443 ἐπήρειαν
833 3370 975 3440 ἡμᾶς
1019 3372 1416 3442 περιεστήκατε,
1471 3369 1530 3423 66
1582 3369 1754 3423 λαϐεῖν
1815 3390 1868 3423 τι

257 3457 386 3531 παρ’
449 3459 599 3531 ἡμῶν
669 3456 921 3530 ὠφέλιμον
990 3456 1375 3520 ίπιζητούντες.
1432 3457 1561 3511 ἀλλά
1614 3458 1868 3513 λαϐέσθαι

257 3552 398 3610 τινός
474 3556 577 3600 τῶν
641 3545 923 3620 λεγομένων
999 3546 1360 3620 ἐπιτηροῦντες
1382 3588 1400 3614 ,
1472 3548 1651 3607 εἴπητε
1675 3569 1689 3584 ο
1768 3550 1867 3602 Δύο

264 3641 412 3700 θεούς
480 3639 773 3712 κηρύσσει,
844 3634 1121 3690 πολυθείαν
1190 3636 1546 3708 καταγγέλλει.
1619 3637 1696 3691 O6
1767 3635 1865 3691 δύο

263 3730 404 3783 θεοίο
450 3723 575 3780 666‘s
611 3728 713 3800 γὰρ
764 3722 865 3779 6‘66
921 3729 1161 3801 πατέρες.
1200 3726 1258 3779 Ὀ
1424 3726 1602 3802 ἀρχὰς
1640 3727 1865 3800 εἰσάγων

261 3814 361 3872 δύο
414 3813 516 3871 6‘66
575 3818 822 3889 κηρύττει
898 3817 1064 3879 θεούς.
1122 3823 1368 3879 Τοιοῦτος
1424 3814 1483 3870 δὲ
1539 3817 1651 3871 ἐστι
1719 3826 1867 3894 Μαρ-

258 3913 405 3977 κίων,
455 3911 546 3961 καὶ
598 3909 762 3969 εἴτις
808 3905 983 3978 ἐκείνῳ
1029 3910 1125 3966 τὴν
1173 3905 1411 3961 ἀσέϐειαν
1469 3908 1861 3984 παραπλήσιος.

263 4002 363 4053 Καὶ
438 3996 595 4051 πάλιν
651 3998 677 4049 6
749 3995 1041 4072 ἕτερούσιον
1108 3995 1264 4070 λέγων
1332 4001 1419 4051 τόν
1498 4002 1863 4073 γεγεννημένον

256 4091 390 4164 πρός
441 4090 529 4141 τόν
582 4092 927 4160 γεννήσαντα,
987 4083 1086 4140 6‘66
1138 4091 1229 4141 καὶ
1291 4083 1443 4152 οὗτος
1505 4088 1639 4162 λέγει
1693 4091 1858 4157 θεοὺς,

258 4174 356 4231 διά
409 4181 505 4238 τὴν
552 4185 645 4238 τῆς
687 4176 869 4238 οὐσίας
922 4174 1273 4251 ἀνομοιότητα
1319 4182 1377 4232 τό
1426 4178 1673 4233 πολύθεον
1721 4199 1862 4256 παρ-

259 4270 503 4340 εισάγων.
536 4266 599 4322 Εἰ
647 4269 750 4341 γὰρ
801 4269 903 4340 μία
956 4268 1047 4340 μὲν
1100 4269 1280 4331 θεότης
1327 4266 1624 4340 ἀγέννητος,
1656 4275 1755 4343 μία
1802 4267 1862 4324 6‘s

256 4360 499 4431 γεννητὴ,
547 4359 614 4410 σὺ
667 4353 716 4410 εἷ
761 4357 789 4410 6
836 4360 930 4416 τήν
982 4356 1258 4411 πολυθείαν
1301 4361 1608 4434 κηρύσσων,
1642 4360 1862 4414 ἐναντίον

257 4449 349 4522 μὶν
397 4446 559 4520 λέγων
599 4444 730 4500 εἶναι
785 4450 844 4500 τό
898 4445 1175 4521 ἀγέννητον
1230 4455 1303 4519 τῷ
1352 4458 1597 4521 γεννητῷ,
1628 4449 1860 4515 ἐναντίας

1977 3290 2076 3343 cta
2117 3288 2377 3343 assecuti
2404 3287 2566 3352 estis,
2593 3294 2696 3344 aut
2726 3284 3146 3343 calumniandi
3181 3300 3367 3341 causa
3386 3299 3499 3340 nos
3524 3282 3637 3339 cir-

1977 3377 2312 3445 cumstatis,
2342 3393 2466 3433 non
2495 3383 2836 3449 querentes
2867 3383 2930 3432 ut
2958 3392 3033 3433 ex
3075 3375 3252 3432 nobis
3280 3373 3505 3447 aliquid
3540 3388 3638 3431 ea-

1975 3466 2156 3538 piatis
2185 3466 2723 3527 emolumenti.sed
2755 3466 3154 3523 observantes
3187 3469 3251 3521 ut
3280 3464 3504 3538 aliquid
3539 3479 3636 3520 eo-

1974 3571 2113 3612 rum
2142 3572 2281 3627 quae
2311 3555 2570 3613 dicimus
2620 3557 2903 3629 carpetis,
2959 3572 3036 3613 ne
3090 3556 3635 3611 circumcursantes

1973 3645 2246 3703 dixeritis
2271 3663 2286 3702 :
2318 3645 2612 3703 Prasdicat
2634 3646 2783 3702 deos
2813 3645 2992 3715 duos,
3021 3644 3278 3702 deorum
3311 3642 3640 3701 multitudi~

1974 3751 2117 3793 nem
2139 3740 2617 3792 annuntiat.Non
2656 3741 2797 3791 sunt
2816 3734 2899 3790 dii
2923 3735 3277 3807 duo,neque
3307 3733 3470 3789 enim
3495 3736 3637 3788 sunt

1974 3825 2099 3882 duo
2126 3833 2344 3898 patres.
2384 3825 2678 3899 Principia
2723 3827 2848 3881 duo
2887 3825 2995 3899 qui
3024 3823 3281 3893 inducit,
3307 3822 3454 3879 deos
3479 3822 3635 3878 duos

1974 3916 2288 3989 praedicat.
2326 3915 2484 3973 Talis
2515 3922 2717 3972 autem
2745 3921 2840 3972 est
2863 3915 3144 3980 Marcion,
3182 3918 3240 3971 et
3285 3913 3341 3970 si
3385 3912 3524 3985 quis
3553 3908 3637 3967 illi

1973 4005 2187 4062 similis
2215 4005 2292 4061 sit
2316 4004 2644 4077 impietate.
2676 4009 2759 4061 Ac
2785 4021 3020 4074 rursus,
3050 4003 3156 4077 qui
3181 4003 3457 4061 Genitum
3487 3999 3635 4058 alte-

1971 4096 2097 4151 rius
2128 4097 2408 4152 essentite
2439 4111 2476 4151 a
2505 4095 2782 4151 Genitore
2814 4110 2950 4151 esse
2987 4094 3155 4164 dicit,
3183 4094 3234 4150 is
3262 4108 3510 4167 quoque
3539 4090 3635 4147 di-

1972 4184 2050 4242 cit
2080 4185 2228 4242 deos
2258 4185 2440 4251 duos,
2472 4185 2554 4242 ob
2583 4184 2859 4241 essentia;
2888 4183 3447 4241 dissimilitudinem
3476 4180 3636 4239 mul-

1972 4276 2294 4333 titudinem
2318 4276 2576 4332 deorum
2606 4276 2926 4333 inducens.
2956 4276 3189 4332 Etenim
3217 4274 3266 4332 si
3296 4290 3420 4332 una
3439 4273 3634 4331 estdi-

1970 4365 2193 4422 vinitas
2223 4364 2515 4436 ingenita,
2557 4382 2683 4422 una
2706 4381 2848 4423 vero
2886 4366 3111 4437 genita,
3142 4370 3204 4423 tu
3230 4380 3295 4421 es
3341 4365 3447 4438 qui
3489 4363 3636 4420 deo-

1972 4471 2111 4514 rum
2142 4456 2441 4530 praidicas
2480 4456 2951 4528 multitudinem,
2988 4473 3130 4513 cum
3158 4455 3501 4526 lngenitum
3531 4456 3636 4512 Ge-

260 4531 320 4589 6“:
360 4532 604 4595 δηλονότι
645 4540 737 4589 καὶ
791 4537 887 4598 τάς
950 4535 1130 4598 οὐσίας
1158 4538 1458 4611 τιθεμενος·
1516 4541 1655 4612 εἰπερ
1706 4539 1863 4592 οὐσία

1979 4547 2101 4604 nito
2124 4546 2494 4602 contrarium
2525 4546 2715 4615 dicas,
2741 4550 3097 4619 statuasque
3130 4545 3425 4602 essentias
3451 4544 3632 4600 etiam

257 4628 349 4702 μὲν
397 4634 490 4680 τοῦ
548 4630 748 4702 Πατρός
790 4628 821 4685 ἡ
867 4625 1169 4700 ἀγεννησία.
1212 4626 1370 4680 οὐσία
1417 4624 1477 4681 6‘s
1520 4628 1613 4681 τοῦ
1654 4630 1776 4682 Υἱοῦ
1827 4632 1857 4689 ἡ

256 4721 522 4790 γέννησις.
562 4722 724 4771 Ὥστε
776 4716 835 4770 οὐ
887 4712 985 4770 6‘66
1027 4718 1183 4790 μόνον
1223 4718 1339 4789 (20)
1393 4719 1559 4787 θεοὺς,
1591 4716 1719 4772 ἀλλά
1772 4725 1862 4773 καὶ

257 4811 594 4880 μαχομένους
649 4805 890 4883 ἀλλήλοις
930 4806 1095 4880 λέγεις
1122 4847 1138 4863 .
1187 4805 1278 4859 καὶ
1333 4810 1391 4861 τό
1435 4803 1754 4879 δεινότατον,
1801 4813 1860 4863 οὐ

256 4900 592 4973 προαιερέσει
640 4892 833 4960 διδοὺς
900 4902 998 4957 τὴν
1039 4899 1248 4971 μάχην,
1308 4895 1437 4951 ἀλλά
1485 4902 1681 4972 φυσίκῇ
1744 4897 1862 4953 δια-

262 4988 465 5052 στάσει,
535 4983 802 5061 μηδέποτε
873 4985 1034 5041 ῡ.θεῖν
1115 4988 1188 5050 εἰς
1246 4987 1510 5064 εἰρηνικὴν
1596 4988 1861 5063 σύμϐασιν

261 5069 545 5149 δυναμένῃ.
600 5075 739 5130 Ἀλλ’
792 5077 817 5130 6
874 5084 972 5140 τῆς
1043 5075 1288 5139 ἀληθείας
1350 5076 1502 5151 λόγος
1554 5078 1861 5154 ἑκατέρωθεν

257 5167 326 5219 τὰ
384 5164 742 5241 ἐναντιωματα
803 5164 839 5220 6‘
846 5171 1165 5241 ιαπέφευγεν.
1224 5166 1391 5221 Ὀπου
1448 5170 1547 5244 γάρ
1618 5175 1716 5243 μία
1769 5173 1861 5243 μεν

256 5256 287 5315 ἠ
340 5252 508 5332 ἀρχὴ,
560 5256 610 5311 ἓν
651 5253 711 5310 6‘s
747 5259 809 5310 τό
855 5256 911 5320 ἐξ
961 5257 1144 5326 αὐτῆς,
1190 5264 1281 5313 καὶ
1321 5258 1369 5313 ἓν
1406 5262 1497 5333 μεν
1542 5264 1603 5312 τὸ
1638 5259 1861 5334 ἀρχέτυ-

327 5400 371 5436 ‘7
412 5400 564 5457 Joan
593 5414 711 5469 xxv,
740 5403 822 5457 16.

324 5553 443 5629 (
486 5552 636 5629 Editi
677 5552 837 5629 λέγων
866 5558 1162 5629 πρόσωπα.
1196 5556 1324 5629 V01
1364 5554 1579 5614 ultima
1603 5556 1663 5614 in
1697 5572 1847 5614 mss.

246 5640 377 5708 non
405 5626 728 5699 invenitur,
749 5626 831 5684 ob
860 5626 1044 5701 idque
1070 5642 1207 5684 eam
1233 5627 1431 5685 delere
1460 5645 1586 5685 non
1623 5629 1859 5688 dubita-

246 5713 475 5754 Vlmus.

1973 4637 2154 4712 plane
2186 4638 2522 4694 contrarias
2555 4654 2568 4693 :
2604 4636 2905 4711 siquidem
2952 4637 3213 4693 essentia
3256 4635 3444 4692 Patris
3473 4636 3636 4690 esset

1970 4727 2363 4800 ingeneratio,
2411 4728 2677 4785 essentia
2712 4743 2854 4784 vero
2883 4726 3031 4795 Filii,
3061 4726 3396 4801 generatio.
3436 4726 3634 4791 Quare

1971 4832 2099 4874 non
2125 4817 2283 4874 duos
2311 4816 2496 4874 modo
2526 4816 2699 4882 deos,
2733 4815 2839 4874 sed
2884 4832 2990 4873 eos
3028 4815 3213 4873 etiam
3240 4815 3395 4872 inter
3433 4829 3496 4869 se
3527 4828 3636 4886 pu-

1973 4912 2230 4979 gnantes
2267 4906 2454 4963 dicis:
2488 4906 2730 4980 etquod
2767 4906 3200 4979 gravissimum
3230 4910 3341 4974 est,
3378 4917 3505 4960 non
3535 4901 3632 4958 tri-

1970 4995 2109 5052 buis
2139 5012 2411 5068 pugnam
2442 4998 2757 5071 proposito
2778 4996 2988 5065 animi,
3025 4995 3134 5052 sed
3163 4993 3425 5052 naturali
3454 4992 3629 5051 dissi-

1973 5083 2097 5155 dio,
2129 5085 2299 5158 quod
2329 5101 2453 5143 non
2475 5086 2670 5160 possit
2696 5102 2969 5160 unquam
3000 5085 3079 5142 ad
3119 5083 3439 5158 paciﬁcam
3485 5098 3630 5141 con-

1972 5176 2244 5232 cordiam
2275 5176 2502 5233 venire.
2521 5184 2593 5233 At
2611 5178 2874 5234 veritatis
2894 5176 3173 5234 doctrina
3192 5192 3262 5232 ea
3280 5191 3419 5249 quae
3445 5175 3632 5232 utriu-

1970 5280 2090 5340 que
2118 5267 2273 5323 inter
2302 5282 2365 5323 se
2394 5272 2694 5341 pugnant,
2719 5267 3062 5325 declinavit.
3097 5267 3207 5324 Ubi
3233 5266 3399 5323 enim
3437 5280 3629 5325 unum

2042 5555 2151 5623 (20)
2210 5554 2365 5611 Editi
2411 5554 3088 5632 p6vou;._7Antiqui_tres_
3122 5555 3262 5613 libri
3310 5563 3483 5632 μόνον.
3517 5557 3630 5615 Ali-

1967 5631 2200 5704 quan_to
2222 5632 2359 5700 post
2389 5624 2534 5683 editi
2558 5632 2617 5685 et
2642 5630 2786 5700 Reg.
2820 5624 3026 5685 tertius
3056 5624 3369 5704 δυναμένην.
3393 5635 3626 5689 Atmss.

1969 5696 2089 5757 ﬁes
2113 5696 2148 5754 6‘
2150 5696 2372 5774 υνᾶμένη
2383 5738 2397 5755 .
