4110 6382
497 355 601 409 607

1853 349 1911 406 S.
1965 344 2222 403 BASILII
2279 347 2519 404 MAGNI.

496 481 587 535 est
609 476 998 551 principium,
1022 481 1080 532 et
1118 490 1309 532 unum
1340 476 1507 550 quod
1531 492 1606 532 ex
1627 475 1760 548 ipso
1784 475 1874 530 est
1905 469 2003 527 ubi
2027 485 2148 527 rur~

2267 489 2362 522 πον
2419 477 2517 545 μία
2564 469 2623 527 δὲ
2677 475 2708 533 ἠ
2759 472 2929 540 εἰκὼν,
2963 474 2990 525 ό
3027 481 3124 536 τῆς
3174 473 3413 536 eam“
3448 473 3598 546 λόγος
3645 477 3704 528 ού
3751 472 3873 532 δια-

491 581 598 623 sus
629 583 818 622 unum
841 572 933 621 est
952 566 1283 637 exemplar,
1306 572 1364 621 et
1394 567 1599 634 imago
1616 580 1762 624 una.
1793 560 2040 618 unitatis
2063 575 2156 615 ra-

497 655 578 712 tio
607 655 1090 729 haudquaquam
1123 655 1544 712 labefactatur.
1578 655 1956 726 Quapropter
1983 649 2158 706 Filius

493 759 570 801 ex
599 748 764 802 Patre
795 761 904 818 per
930 745 1183 802 modum
1215 745 1622 812 generationis
1654 741 1939 806 existens,
1964 745 2022 796 et
2051 755 2157 795 na-

493 835 760 892 turaliter
788 835 848 892 in
877 837 1204 908 semetipso
1225 839 1456 892 Patrem
1483 835 1849 906 exprimens,
1868 837 1930 888 ut
1954 831 2157 902 imago

493 925 766 999 quidem.
807 926 1258 995 integerrimam
1287 925 1928 995 absolutissimamque
1973 920 2159 976 habet

494 1013 954 1072 similitudinem
980 1034 992 1082 ;
1017 1022 1082 1073 ut
1105 1016 1384 1090 genitura
1405 1010 2157 1074 vero.consubstantialita-

495 1107 615 1162 tem
651 1111 871 1164 servat.
904 1109 1106 1180 Neque
1138 1106 1297 1162 enim
1330 1121 1437 1179 qui
1467 1106 1527 1160 in
1559 1105 1690 1160 foro
1719 1103 2043 1170 imaginem
2067 1115 2155 1157 re-

496 1193 660 1264 giam
719 1195 1000 1260 intuetur,
1039 1200 1098 1252 et
1137 1210 1342 1265 regem
1371 1195 1518 1250 dicit
1546 1210 1686 1250 eum
1719 1192 1826 1266 qui
1856 1192 1915 1248 in
1949 1189 2157 1247 tabula

499 1290 613 1354 est,
655 1284 976 1340 conﬁtetur
1011 1300 1184 1356 reges
1212 1285 1387 1352 duos,
1418 1284 1770 1359 imaginem,
1809 1287 1868 1339 et
1887 1298 2026 1338 eum
2056 1297 2156 1336 cu-

489 1373 589 1446 jus
614 1374 817 1448 imago
839 1382 928 1430 est
960 1391 975 1430 :
1008 1391 1206 1448 neque
1250 1375 1300 1431 si
1347 1375 1564 1431 dixerit
1593 1392 1606 1430 :
1639 1374 1740 1430 Hic
1771 1378 1859 1430 est
1904 1389 2030 1440 rex,
2062 1387 2156 1428 os-

492 1463 746 1520 tendens
791 1463 1063 1521 videlicet
1116 1480 1256 1521 eum
1313 1465 1418 1538 qui
1463 1465 1526 1521 in
1557 1463 1768 1521 tabula
1815 1462 2012 1536 pictus
2041 1466 2152 1527 est,

491 1552 780 1609 continuo
819 1554 1134 1628 exemplar
1161 1555 1362 1627 ipsum
1392 1553 1802 1627 appellatione
1831 1552 1992 1620 regis
2028 1550 2153 1624 pri-

488 1648 612 1700 vat.
663 1645 790 1699 lmo
816 1659 982 1706 vero,
1025 1644 1174 1700 dum
1207 1645 1322 1700 hoc
1352 1646 1694 1708 conﬁtetur,
1715 1642 1768 1698 ei
1799 1641 2154 1714 dignitatem

488 1729 777 1789 ﬁrmavit.
806 1736 956 1790 Nam
977 1734 1028 1791 si
1059 1735 1265 1808 imago
1289 1750 1390 1790 rex
1419 1739 1531 1803 est,
1565 1732 1835 1806 profecto
1859 1732 1995 1804 jure
2042 1747 2153 1804 po-

2265 563 2530 636 φθείρεται
2569 564 2706 629 (21).
2748 568 2890 618 Διότι
2927 571 3182 636 γεννητῶς
3219 564 3475 638 ὑπάρχων
3523 563 3579 618 ἐκ
3622 573 3714 619 τοῦ
3763 573 3870 622 Πα-

2263 655 2388 725 τρός
2445 653 2471 704 ὁ
2519 654 2657 718 Υἱός,
2712 659 2806 706 καὶ
2862 661 3096 726 φυσικῶς
3148 652 3381 707 ἕκτνπῶν
3448 653 3496 706 έν
3553 655 3719 727 ἐαυτῷ
3779 661 3869 712 τόν

2268 742 2493 816 Πατέρα,
2528 745 2596 805 ὡς
2648 746 2739 815 μιν
2795 743 2962 810 εἰκὼν,
3025 746 3086 796 τὸ
3145 741 3536 818 ἀπαράλλακτον
3601 748 3735 818 ἔχει.
3797 749 3870 812 ὡς

2265 827 2327 884 δὲ
2350 835 2580 905 γέννημα
2603 835 2739 903 (22),
2770 839 2829 886 τὸ
2877 835 3155 906 ὅμοούσιον
3207 829 3488 896 διασώζει.
3543 831 3685 889 Ούδε
3711 838 3812 911 γὰρ
3835 839 3868 891 ό

2264 924 2400 974 κατά
2459 927 2554 982 τὴν
2621 922 2814 999 ἀγορὰν
2869 931 2932 997 τῇ
3013 923 3268 998 βασιλικῇ
3329 925 3486 980 εἰκόνι
3545 923 3862 996 ένατενέζων,

2263 1017 2354 1065 καὶ
2403 1012 2628 1086 βασιλέα
2677 1013 2828 1068 λέλυν
2875 1019 2962 1068 τόν
3015 1015 3066 1069 ἐν
3117 1024 3190 1088 τῷ
3240 1019 3442 1082 πίνακι,
3466 1013 3563 1071 δύο
3610 1015 3865 1090 βασιλέας

2264 1103 2520 1176 ὁμολογεῖ,
2552 1109 2648 1163 τήν
2699 1125 2753 1158 τε
2799 1106 2992 1172 εἰκόνα,
3033 1111 3125 1159 καὶ
3171 1110 3260 1158 τόν
3307 1106 3369 1160 οὗ
3416 1105 3558 1160 ἐστιν
3611 1109 3640 1166 ἡ
3691 1108 3863 1168 εἰκών.

2264 1193 2398 1264 οὗτε,
2455 1193 2561 1260 ἐὰν,
2615 1191 2793 1259 δείξας
2835 1199 2922 1250 τὸν
2971 1195 3020 1248 έν
3097 1205 3172 1268 τῷ
3244 1201 3426 1249 πίνακι
3483 1203 3863 1272 γεγραμμένον,

2262 1287 2381 1358 εἴπῃ
2408 1305 2422 1320 υ
2467 1285 2638 1347 Οὗτός
2682 1285 2824 1340 έστιν
2867 1287 2894 1340 ό
2943 1285 3212 1358 βασιλεὺς,
3255 1285 3579 1360 ἀπεστέρησε
3628 1293 3689 1342 τὸ
3718 1309 3866 1363 πρυ-

2261 1376 2483 1427 τότυπον
2557 1384 2648 1436 τῆς
2712 1384 2802 1430 τού
2876 1375 3134 1449 βασιλέως
3199 1393 3585 1452 προσηγοριας.
3662 1379 3864 1434 Μᾶλλον

2262 1466 2352 1536 μεν
2407 1460 2494 1518 οὖν
2549 1463 2722 1538 ἐκείνῳ
2772 1471 2869 1526 τὴν
2909 1471 3066 1540 τιμὴν
3119 1465 3398 1522 ἐϐεϐαίωσε
3454 1464 3549 1522 διὰ
3586 1475 3683 1532 τῆς
3738 1473 3864 1524 τού·-

2261 1573 2354 1606 του
2415 1554 2713 1628 ὁμολογίας.
2772 1556 2834 1610 Εἰ
2895 1558 2998 1632 γάρ
3059 1557 3090 1616 ἠ
3150 1557 3299 1611 εἰκὼν
3368 1555 3640 1631 βασιλεύς,
3693 1559 3865 1633 πολλῷ

2264 1641 2440 1703 δήπου
2489 1645 2628 1709 εὶαός
2675 1645 2901 1718 βασιλέα
2946 1643 3077 1700 εἶναι
3125 1651 3216 1700 τόν
3259 1655 3321 1720 τῇ
3371 1648 3531 1701 εἰκόνι
3584 1655 3866 1723 παρασχό-

2262 1754 2410 1808 μενον
2478 1740 2571 1796 τὸν
2623 1737 2818 1790 αἰτίαν.
2895 1735 3030 1789 Ἀλλ’
3101 1735 3324 1790 ένταύθα
3560 1737 3704 1805 ξύλα,
3772 1745 3864 1798 καὶ

488 1821 639 1878 tiore
689 1838 802 1895 par
851 1830 940 1882 est
964 1840 1168 1895 regem
1211 1841 1346 1881 esse
1373 1839 1539 1886 eum,
1568 1823 1675 1897 qui
1713 1822 1964 1896 imagini
1991 1826 2055 1878 ut
2080 1821 2148 1877 sit

2261 1829 2442 1898 κηρὸς,
2476 1831 2566 1879 καὶ
2603 1827 2884 1903 ζωγράφου
2941 1830 3104 1900 τέχνη
3157 1831 3257 1885 τὴν
3305 1827 3478 1880 εἰκόνα
3526 1835 3661 1882 ποιεῖ
3689 1829 3858 1901 φθαρ-

489 1926 682 1970 causa
710 1917 819 1970 est.
859 1919 1034 1988 Atqui
1063 1915 1160 1972 hic
1189 1915 1372 1988 ligna,
1403 1921 1463 1970 et
1487 1930 1644 1981 cera,
1677 1919 1736 1969 et
1781 1911 2024 1986 pictoris
2054 1925 2154 1968 ars

491 2003 942 2076 corruptibilem
974 2005 1306 2074 imaginem
1331 2004 1800 2077 efﬁcit,efﬁgiem
1827 2003 2050 2060 scilicet
2068 2004 2154 2060 rei

491 2093 919 2166 corruptibilis,
946 2101 1004 2152 et
1032 2095 1165 2165 ejus
1207 2095 1314 2168 qui
1357 2095 1592 2152 efﬁctus
1639 2100 1729 2152 est
1757 2092 2152 2150 artiﬁciosum

493 2180 888 2240 simulacrum
939 2200 954 2240 :
1005 2184 1123 2242 illic
1173 2201 1321 2241 vero
1351 2185 1456 2241 ubi
1507 2184 1770 2240 audieris
1797 2183 2150 2256 imaginem,

489 2270 874 2342 splendorem
904 2273 1108 2348 gloriae
1130 2275 1409 2349 intellige.
1431 2275 1720 2341 Quisnam
1737 2280 1937 2330 autem
1960 2273 2153 2346 splen-

487 2359 620 2427 dor,
650 2368 706 2418 et
733 2378 868 2436 qum
899 2363 1136 2437 gloria?
1187 2364 1513 2437 Apostolus
1564 2365 1692 2435 ipse
1723 2363 1922 2419 statim
1971 2363 2149 2419 inter-

487 2455 760 2523 pretatus
776 2459 1030 2510 est.cum
1054 2454 1368 2526 subjunxit
1387 2475 1398 2509 :
1414 2455 1492 2511 Et
1519 2455 1689 2528 193
1714 2452 2152 2524 character/ty-

482 2543 790 2611 postaseos
809 2543 930 2599 “.33
949 2543 1113 2600 ldem
1136 2544 1316 2614 igitur
1344 2551 1432 2600 est
1463 2542 1808 2617 hypOstasis
1830 2541 1998 2616 quod
2027 2541 2152 2616 glo-

487 2632 666 2704 ria,et
686 2632 998 2690 character
1017 2634 1180 2708 quod
1205 2633 1715 2708 splendor-Quare
1738 2632 2004 2706 perfecta
2025 2649 2152 2688 ma-

489 2733 672 2785 nente
700 2733 755 2781 et
780 2724 929 2781 nihil
969 2724 1292 2781 imminuta
1313 2723 1528 2798 gloria,
1554 2722 1852 2796 perfectus
1879 2720 2152 2796 procedit

489 2816 797 2893 splendor.
830 2822 1024 2888 Atque
1055 2815 1140 2870 sic
1165 2814 1448 2888 imaginis
1477 2814 1632 2870 ratio
1663 2817 1729 2870 ut
1761 2815 1945 2870 Deum
1975 2811 2152 2868 decet

491 2918 763 2980 accepta,
814 2910 872 2962 et
917 2904 1244 2960 divinitatis
1271 2904 1448 2960 nobis
1473 2903 1762 2960 unitatem
1793 2903 2011 2958 exibet.
2047 2901 2149 2961 llic

487 2997 647 3054 enim
669 2996 729 3052 in
761 2995 945 3065 illo,et
967 2995 1065 3052 ille
1082 2995 1141 3051 in
1165 2995 1281 3051 hoc
1302 3011 1446 3051 nam
1469 3001 1525 3051 et
1549 2994 1646 3050 hic
1678 2993 1816 3050 talis
1839 2992 2151 3066 est.qualis

481 3086 602 3157 ille,
635 3087 810 3144 etille
839 3085 1034 3159 qualis
1065 3085 1182 3142 hic.
1217 3090 1300 3142 lta
1332 3086 1624 3141 uniuntur
1649 3084 1795 3153 duo,
1827 3087 2150 3157 proptetea

2261 1921 2375 1983 τὴν,
2419 1917 2649 1992 φθαρτοῦ
2699 1921 2936 1990 μίμημα,
2985 1922 3077 1970 καὶ
3116 1921 3376 1989 τεχνητὴν
3405 1925 3500 1972 τοῦ
3535 1921 3648 1988 (23)
3697 1935 3858 1978 ποιη-

2263 2008 2472 2068 θέντοςο
2523 2005 2631 2060 ἐκεῖ
2687 2003 2766 2072 δε,
2823 2009 2944 2059 όταν
2999 2004 3233 2079 ἀκούσῃς
3285 2007 3478 2074 εἰκόνα,
3533 2007 3864 2083 ἀπαύγασμα

2259 2102 2363 2151 νόει
2387 2105 2484 2159 τῆς
2508 2093 2690 2161 δόξης.
2723 2101 2787 2151 Τί
2819 2093 2878 2150 δί
2911 2100 2972 2150 τό
3005 2095 3354 2171 ἀπαύγασμα,
3387 2101 3478 2151 καὶ
3512 2103 3591 2160 τίς
3630 2101 3660 2158 ἠ
3689 2096 3859 2168 δόξα;

2262 2187 2428 2249 Αὐτὸς
2464 2188 2618 2251 εὐθὺς
2667 2191 2992 2263 ἡρμήνευσεν
3041 2187 3068 2240 ό
3124 2187 3439 2251 Ἀπόστολος
3483 2187 3688 2260 ἐπάγων
3723 2192 3859 2261 (24)’

2263 2284 2364 2333 Καὶ
2419 2284 2704 2354 χαρακτὴρ
2761 2288 2852 2340 τῆς
2910 2279 3272 2340 ὑποστάσεως.
3327 2283 3530 2332 Taurus
3595 2276 3684 2333 οὖν
3749 2280 3864 2334 ἐστι

2258 2377 2320 2442 τῇ
2357 2365 2486 2442 δόξῃ
2520 2371 2610 2442 μὲν
2636 2370 2665 2427 ἠ
2692 2369 3010 2436 ὑπόστασις,
3035 2377 3109 2440 τῷ
3139 2367 3522 2442 ἀπανγάσματι
3551 2366 3659 2425 διό
3688 2391 3862 2445 χαρα-

2255 2465 2409 2535 κτήρ.
2454 2459 2636 2524 Ὠστε,
2696 2459 2890 2522 τελείας
2949 2462 3208 2532 μενούσης
3254 2465 3345 2513 καὶ
3399 2457 3568 2533 μηδὲν
3613 2465 3860 2536 μειουμέ-

2257 2567 2346 2612 νης
2401 2559 2494 2611 τῆς
2549 2547 2732 2614 δόξης,
2765 2549 2951 2602 τέλειον
2981 2554 3190 2622 πρόεισι
3239 2553 3298 2602 τὸ
3363 2549 3716 2624 ἀπαύγασμα.
3759 2557 3860 2608 Καὶ

2257 2641 2423 2704 οὕτως
2459 2641 2486 2693 ὁ
2535 2647 2630 2701 τῆς
2677 2640 2870 2701 εἰκόνος
2921 2638 3092 2710 λόγος,
3135 2639 3425 2711 θεοπρεπῶς
3478 2637 3857 2712 παραδεχθεὶς,

2257 2737 2352 2790 τὴν
2410 2731 2625 2790 ἑνότητα
2669 2732 2796 2803 ἡμῖν
2845 2733 3145 2802 παρίστησι
3222 2737 3318 2791 τῆς
3375 2730 3636 2790 θεότητος.
3697 2732 3863 2794 Οὗτος

2254 2822 2358 2897 γὰρ
2405 2819 2457 2873 έν
2503 2819 2697 2892 tari-up,
2750 2817 2981 2880 κάκεῖνος
3045 2816 3094 2870 έν
3147 2819 3335 2889 τούτῳ.
3393 2816 3512 2870 Ὀτι
3569 2823 3662 2870 καὶ
3711 2815 3860 2882 οὗτος

2256 2915 2492 2972 τοιοῦτός
2551 2908 2711 2978 ἔστιν,
2777 2911 2883 2972 οἶος
2939 2907 3130 2970 ἐκεῖνος
3157 2928 3170 2942 ο
3228 2906 3485 2973 κάκεῖνος,
3539 2909 3650 2971 οἶος
3684 2908 3854 2971 οὗτος.

2257 3001 2434 3062 Οὕτως
2489 2999 2693 3053 ἑνοῦται
2752 3002 2820 3053 τά
2880 2995 3000 3065 δύο,
3047 3006 3120 3070 τῷ
3188 3002 3259 3071 μὴ
3321 2995 3670 3064 διαλλάττειν,
3722 2996 3861 3071 μηδι

2257 3087 2376 3144 καθ’
2433 3092 2600 3166 ἕτερον
2653 3087 2793 3152 εὶδος
2839 3093 2930 3141 καὶ
2978 3088 3114 3152 ξένον
3141 3096 3461 3163 χαρακτῆρα
3488 3089 3721 3141 νοεῖσθαι
3769 3091 3860 3142 τόν

479 3177 651 3254 quod
677 3193 798 3234 non
821 3176 1241 3243 differant,nec
1263 3176 1440 3232 Filius
1462 3175 1800 3232 secundum
1815 3173 1996 3230 altam
2011 3189 2143 3247 spe-

2258 3185 2394 3236 Υἰόν.
2457 3181 2620 3236 Πάλιν
2681 3181 2770 3234 οὖν
2821 3179 2990 3252 λέγω·
3047 3180 3136 3239 Εἷς
3185 3183 3276 3231 καὶ
3322 3177 3415 3243 εἷς,
3471 3175 3639 3236 ἀλλ’ἢ
3702 3180 3861 3250 φύσις

484 3268 639 3323 ciem
670 3273 728 3323 et
755 3273 1112 3321 extraneum
1135 3265 1546 3320 characterem
1573 3263 1957 3332 intelligatur.
1988 3262 2144 3318 Itur-

487 3371 592 3415 sus
632 3356 812 3430 igitur
839 3354 978 3410 dico
1011 3371 1025 3408 :
1062 3357 1226 3410 Unus
1267 3359 1326 3410 et
1365 3370 1549 3421 unus,
1583 3353 1690 3410 sed
1737 3359 1955 3410 natura
1997 3353 2148 3409 indi-

481 3447 611 3503 visa
637 3453 749 3513 est,
779 3451 837 3501 et
865 3446 1152 3518 pertectio
1184 3445 1702 3519 imperfectionem
1752 3459 1999 3500 omnem
2048 3459 2146 3500 ex-

480 3536 756 3596 cludens.
809 3535 980 3591 Unus
1031 3535 1211 3608 igitur
1266 3538 1443 3600 Deus,
1493 3534 1998 3608 quandoquidem
2040 3549 2149 3607 per

490 3632 820 3698 utrumque
853 3626 1088 3698 species
1114 3641 1238 3682 una
1275 3625 1718 3688 consideratur.
1747 3639 1885 3696 quae
1915 3623 2146 3693 integre

483 3716 546 3773 in
571 3721 827 3788 utroque
856 3715 1217 3771 ostenditur.
1258 3714 1373 3772 Sed
1396 3714 1636 3785 jamdiu
1663 3730 2011 3771 sermonem
2043 3728 2146 3770 no-

483 3813 678 3864 strum
706 3804 958 3861 moleste
989 3804 1141 3861 ferre
1164 3820 1271 3860 vos
1303 3804 1502 3868 video.
1535 3809 1597 3860 et
1624 3811 1857 3861 tantum
1888 3819 2010 3860 non
2041 3817 2146 3858 au-

477 3895 607 3952 dire
638 3910 734 3950 me
763 3901 931 3967 puto,
963 3893 1127 3966 quod
1168 3893 1464 3950 confessis
1495 3895 1833 3950 immorans
1861 3893 2145 3967 quaestio-

473 4001 588 4043 nes
613 3984 786 4040 valde
815 3985 1171 4040 decantatas
1197 3999 1320 4040 non
1352 3985 1959 4058 attingam.0mnium
1982 3983 2144 4040 enim

479 4090 658 4133 aures
688 4080 934 4130 arrectas
951 4089 1114 4130 nunc
1135 4080 1296 4137 sunt,
1329 4081 1394 4131 ut
1419 4073 1496 4130 de
1529 4075 1755 4147 Spiritu
1783 4080 1994 4130 sancto
2040 4071 2145 4128 ali-

478 4162 629 4238 quid
659 4163 932 4220 audiant.
963 4164 1083 4232 Ego
1105 4175 1244 4220 vero
1270 4163 1451 4220 velim
1482 4164 1771 4230 maxime,
1791 4163 1947 4219 sicut
1965 4160 2143 4219 tradi-

482 4256 613 4312 tum
643 4252 1001 4326 simpliciter
1038 4254 1266 4326 accepi,
1301 4254 1457 4310 sicut
1479 4255 1742 4325 ingenue
1786 4258 1846 4310 et
1885 4251 2144 4310 candide

477 4359 768 4404 assensus
798 4360 954 4416 sum,
988 4344 1073 4401 sic
1097 4351 1154 4401 et
1184 4345 1565 4402 auditoribus
1605 4344 1860 4416 tradere,
1907 4347 1976 4400 ut
2017 4357 2142 4400 non

2258 3271 2557 3348 ἀμέριστος,
2631 3275 2717 3324 καὶ
2791 3273 2822 3329 ἡ
2899 3269 3156 3331 τελειότης
3233 3267 3529 3330 ἀνελλιπὴς.
3608 3265 3694 3328 Εἷς
3769 3263 3858 3321 οὖν

2256 3367 2404 3432 Θεὸς,
2436 3358 2619 3421 ἐπειδὴ
2663 3359 2736 3414 δι’
2767 3361 3067 3435 ἀμφοτέρων
3120 3361 3170 3413 ἕν
3217 3355 3360 3421 έῖδος
3417 3360 3684 3433 θεωρεῖται
3737 3356 3858 3412 όλο-

2253 3453 2457 3530 αλήρως
2515 3451 2563 3506 ἐν
2617 3450 2929 3527 ἀμφοτέροις
2990 3446 3340 3522 δεικνύμενον.
3403 3447 3558 3501 Ἀλλὰ
3597 3449 3700 3522 γὰρ
3749 3448 3856 3500 πά-

2253 3543 2339 3596 λαι
2407 3545 2513 3617 ὁρῶ
2568 3538 3100 3614 δυσανασχετοῦντας
3155 3540 3294 3612 ὑμᾶς
3347 3541 3479 3613 πρὸς
3539 3541 3626 3590 τὸν
3681 3535 3852 3608 λόγον,

2251 3636 2344 3686 καὶ
2389 3636 2676 3706 μονονουχὶ
2718 3630 2923 3684 ἀκούειν
2953 3632 3064 3700 (25)
3118 3625 3280 3694 δοκῶ,
3312 3629 3393 3681 ὅτι
3419 3633 3532 3688 τοῖς
3570 3625 3855 3700 ὁμολογου-

2253 3727 2427 3796 μένοις
2479 3719 2841 3794 ἕνδιατρὶϐων,
2895 3728 2996 3772 τῶν
3049 3715 3479 3792 πολυθρυλλήτων
3537 3717 3852 3789 ζητημάτων

2253 3812 2358 3884 ούχ
2399 3811 2656 3884 ἅπτομαι.
2719 3816 2875 3864 Πᾶσα
2921 3827 3022 3883 γαρ
3053 3806 3180 3866 ἀκοὴ
3239 3814 3328 3859 νῦν
3373 3809 3503 3882 πρὸς
3532 3811 3628 3866 τὴν
3657 3804 3852 3880 ἀκρὸα-

2257 3918 2340 3956 σιν
2401 3910 2502 3954 τῶν
2568 3900 2734 3972 λόγων
2809 3905 2910 3951 τῶν
2983 3902 3103 3971 περὶ
3169 3905 3263 3949 τοῦ
3335 3897 3490 3969 ἀγίου
3561 3899 3854 3970 Πνεύματος

2254 3990 2615 4064 ἀνηρέθισται.
2659 3989 2790 4061 Ἐγὼ
2844 3984 2905 4041 δι
2955 3987 3189 4060 μάλιστα
3233 3985 3552 4060 ἠϐουλόμην,
3611 3988 3682 4048 ὡς
3726 4001 3856 4059 παρ.

2254 4080 2432 4137 ἔλαϐον
2509 4076 2807 4146 ἁπλοϊκῶς,
2885 4081 2954 4140 ὡς
3029 4079 3314 4150 συνεθέμην
3399 4073 3852 4143 ἀνεπιτηδεύτως,

2253 4173 2390 4227 οὕτω
2446 4166 2807 4245 παραδιδόναι
2852 4175 2959 4230 τοῖς
2997 4166 3289 4221 ἀκούουσι*
3344 4170 3416 4240 μὴ
3459 4165 3539 4219 ἀεὶ
3585 4170 3705 4241 περὶ
3757 4172 3856 4219 τῶν

2256 4263 2424 4316 αὐτῶν
2499 4259 2874 4333 ἀπαιτούμενος
2954 4261 3047 4321 τὰς
3113 4257 3366 4324 εὐθύνας,
3445 4255 3554 4309 ἀλλ’
3601 4254 3664 4308 ’έκ
3736 4261 3858 4328 μοᾱς

2255 4351 2537 4427 ὁμολογίας
2609 4351 2985 4422 πεπεισμένους
3068 4350 3205 4420 ἔχων
3273 4349 3393 4407 τοὺς
3471 4341 3854 4417 διδαχθέντας.

477 4435 837 4494 eorumdem
864 4434 1013 4492 mihi
1038 4435 1116 4493 sit
1145 4451 1390 4510 semper
1406 4435 1722 4493 reddenda
1747 4435 1922 4505 ratio,
1946 4434 2058 4492 sed
2078 4438 2142 4493 ut

2257 4439 2470 4501 Ἐπειδή
2537 4437 3031 4515 δεπεριεστῃκατε
3103 4439 3285 4512 ἡμᾶς,
3358 4432 3613 4490 δικασταὶ
3665 4434 3855 4510 μᾶλλον

551 4543 677 4581 mo
719 4545 894 4602 Hebr.
929 4559 968 4618 ι,
1001 4547 1055 4602 3.

548 4673 662 4736 (2t)
705 4673 868 4729 Unus
907 4670 1098 4728 codex
1137 4673 1261 4742 Reg

481 4741 676 4816 Lectio
697 4743 950 4816 Optima.
982 4744 1095 4799 Alii
1127 4741 1273 4816 mss.
1298 4749 1378 4816 et
1423 4741 1566 4799 editi
1614 4750 1678 4800 ut
1718 4744 1777 4800 in
1816 4748 2140 4816 contextu.

478 4813 712 4888 Ibidem
742 4813 867 4870 duo
887 4831 1051 4888 mss.
1083 4821 1140 4872 et
1168 4815 1308 4870 editi
1339 4819 1599 4888 γεννητὸς.
1635 4819 1701 4871 At
1729 4814 1877 4870 Colb
1908 4814 2143 4888 primus

478 4899 618 4944 cum
639 4887 759 4943 alio
788 4886 997 4942 codice
1026 4886 1170 4957 Reg.
1189 4886 1462 4958 γεννητῶς,
1483 4903 1595 4958 per
1621 4888 1778 4943 vium
1809 4886 2143 4957 generatio-

479 4961 608 5031 m's;
645 4965 703 5015 et
740 4958 821 5014 ita
847 4959 1160 5031 scripsisse
1191 4959 1470 5031 llasilium
1497 4965 1652 5031 puto,
1698 4959 1785 5031 ita
1812 4959 1976 5015 enim
2025 4973 2142 5014 vox

477 5029 746 5104 γεννητῶς
766 5029 896 5104 voci
921 5039 1155 5104 ginqua;
1186 5029 1366 5102 plane
1390 5029 1809 5104 respondebit.

555 5106 670 5167 (22)
713 5098 938 5157 Basilio'
957 5101 1145 5158 libros
1177 5098 1391 5159 contra
1422 5098 1787 5158 Eunomium
1837 5098 2142 5169 scribenti,

480 5171 564 5229 ita
585 5172 947 5247 displicebat
976 5189 1092 5247 vox
1118 5178 1368 5247 γέννημα,
1390 5181 1450 5230 ut
1473 5174 1832 5247 Eunomium
1865 5189 1937 5229 ea
1958 5187 2142 5228 usum

477 5245 848 5318 pergraviter
890 5245 1380 5318 reprehenderit;
1415 5261 1528 5302 nec
1557 5248 1702 5302 satis
1727 5246 1932 5318 mirari
1960 5259 2140 5318 queo,

479 5316 648 5389 quod
682 5316 901 5389 eadem
942 5316 1071 5389 ipse
1095 5318 1177 5374 uti
1207 5316 1484 5374 voluerit.
1514 5321 1869 5374 Putoautem
1896 5316 2144 5389 ita’scri-

480 5387 685 5516 gsisse
710 5387 1018 5453 Basilium.
1043 5395 1145 5445 aut
1167 5389 1600 5462 imprudentia,
1624 5388 1912 5461 autquod
1936 5389 1996 5444 id
2019 5403 2140 5443 ver.

529 5475 631 5514 um
683 5459 808 5516 iam
838 5476 872 5516 a
925 5461 1127 5516 multis
1180 5462 1464 5516 usurnari
1493 5461 1742 5516 videret.
1789 5476 2050 5516 quorum
2081 5474 2140 5515 se

529 5475 631 5514 um
678 5459 808 5534 jam
838 5476 872 5516 a
925 5461 1127 5534 multis
1180 5459 1464 5534 usurpari
1493 5461 1742 5534 videret,
1769 5459 2050 5534 quorum
2081 5474 2143 5515 se

480 5531 828 5605 exemplum
848 5532 1042 5605 semel
1070 5533 1242 5604 sequi
1275 5531 1457 5605 pdsse
1477 5531 1855 5589 existimavit.

553 5605 668 5673 (23)
713 5602 900 5658 Editio
940 5605 1123 5659 Paris.
1159 5602 1252 5656 καὶ
1279 5602 1492 5676 ’τέχνην
1529 5609 1623 5664 τὴν
1659 5613 1771 5660 τοῦ.
1805 5603 1992 5660 Editio
2037 5604 2144 5676 Ba-

486 5673 580 5732 sil.
635 5680 725 5728 καὶ
755 5679 939 5750 τέχνη,
971 5684 1034 5750 τῇ
1068 5682 1178 5730 τού.
1214 5673 1393 5748 Regii
1428 5678 1551 5734 duo
1592 5677 1838 5734 codices
1879 5681 1935 5733 et
1957 5674 2142 5732 Coisl.

1265 4713 1277 4726 .
1314 4669 1372 4752 ού
1400 4666 1730 4752 διαφέρεται,
1751 4674 1886 4728 ηοη’
1911 4669 2138 4752 differt.

2251 4668 2497 4727 duabus
2516 4665 2772 4723 vocibus
2796 4669 2956 4735 τέχνη
2989 4659 3522 4735 rev.Colb.primu_s
3539 4664 3595 4718 et
3619 4659 3856 4735 Reges.

2253 4740 2492 4798 cundus
2506 4739 2698 4811 prima
2714 4731 2962 4811 quidem
2977 4748 3120 4811 man
3130 4738 3234 4811 uel
3247 4731 3370 4811 uno
3383 4731 3566 4811 verbo
3579 4731 3739 4802 τιχνὴ
3757 4734 3850 4811 τήν

2253 4813 2360 4870 sed
2382 4803 2547 4867 nun'c
2571 4803 2841 4865 secunda
2865 4817 3053 4878 manu
3076 4806 3132 4878 in
3163 4805 3256 4878 his
3284 4803 3570 4878 librispro
3589 4808 3851 4878 τεχνῃτήν

2251 4884 2748 4954 Ιοεζὶιιιττιχνίτην,
2773 4878 2887 4936 Sed
2915 4877 3141 4934 librarii
3166 4877 3268 4954 illi,
3290 4877 3394 4951 qui
3421 4874 3503 4933 ita
3525 4874 3852 4954 emendare

2252 4946 2596 5031 voluerunt,
2621 4953 2824 5031 potius
2850 4966 3070 5031 veram
3109 4946 3473 5031 scripturam
3511 4946 3852 5031 corrupisse

2254 5026 2398 5085 mihi
2425 5021 2726 5082 videntur.
2761 5027 2904 5080 Puto
2943 5021 3106 5078 enim
3133 5021 3247 5092 legi
3268 5025 3548 5092 oportere
3571 5021 3854 5092 τεχνικὴν-

2253 5099 2336 5155 sic
2369 5103 2596 5166 tamen,
2627 5102 2690 5152 ut
2717 5093 3071 5168 suppleatur
3101 5089 3447 5168 vox__siiéva,
3487 5089 3680 5168 efﬁcit
3711 5091 3856 5147 arti-

2249 5173 2522 5242 ﬁciosum
2541 5164 2960 5242 simutacrum,
2984 5165 3117 5237 ejus
3143 5165 3368 5242 scilicet
3394 5164 3501 5237 qui
3531 5177 3856 5242 expressus

2252 5233 2362 5299 est.
2399 5245 2463 5314 Et
2484 5257 2558 5298 ne
2589 5241 2754 5314 vocis
2783 5233 3038 5314 τεχνῃτός
3065 5233 3435 5314 architectus
3465 5233 3853 5314 esse_’videar.

2252 5317 2386 5385 ejus
2429 5313 2490 5370 in
2525 5312 2812 5386 Stephani
2838 5307 3156 5368 Thesauro
3177 5311 3548 5366 mentionem
3574 5307 3704 5362 tieri
3729 5321 3856 5362 mo-

2252 5387 2433 5443 nebo.

2327 5459 2434 5529 (2t)
2478 5455 2571 5529 Sic
2600 5459 2832 5510 veteres
2861 5458 3124 5526 quatuor
3149 5451 3305 5508 libri.
3332 5451 3483 5510 Editi
3509 5465 3620 5526 pro
3646 5448 3853 5522 ἐπάγων

2252 5526 2482 5588 habent
2504 5526 2687 5598 λέγων.

2323 5601 2438 5672 (25)
2480 5596 2642 5657 Unus
2668 5596 2862 5654 codex
2887 5599 3028 5669 Reg.
3057 5600 3211 5670 μόνον
3241 5596 3334 5650 οὐκ
3364 5597 3614 5652 ἀκούειν..
