4110 6422
455 336 553 390 611

1821 327 1879 381 S.
1923 325 2170 382 BASILII
2207 327 2448 385 MAGNI.

3706 339 3813 394 612

450 459 592 516 ﬁdei
621 455 1053 529 imperfectam.
1103 451 1304 524 Neque
1349 451 1512 508 enim
1559 451 1838 518 Trinitas,
1887 449 2091 522 Spiritr

2212 455 2372 525 Τριὰς
2436 459 2574 527 μένει
2637 459 2814 531 Τριὰς,
2882 457 3261 531 ὑφαιρουμένου
3333 465 3424 512 τοῦ
3499 462 3815 532 Πνεύματος.

451 549 780 615 subtracto,
825 544 1077 600 Trinitas
1122 549 1348 600 manet.
1382 545 1446 597 Et
1488 558 1715 608 rursus,
1757 541 1805 595 si
1835 556 1958 596 una
1997 538 2108 594 ali-

448 655 573 712 qua
601 641 875 692 creatura
921 632 1210 704 adjuncta
1258 631 1451 701 fuerit,
1487 630 1652 686 nulla
1681 645 1805 685 non
1833 634 2108 684 creatura

449 745 590 785 cum
624 730 791 782 Patre
821 729 878 779 et
921 723 1060 779 Filio
1090 721 1614 777 annumerabitur.
1675 717 1900 791 Ecquid
1945 717 2106 772 enim

449 816 732 890 prohibet
761 813 979 876 dicere,
1014 811 1326 866 Credimus
1358 811 1417 864 in
1466 813 1695 864 Patrem
1723 813 1778 863 et
1809 807 2020 862 Filium
2051 810 2108 861 et

448 907 508 963 in
541 909 880 961 creaturam
902 899 1204 958 'omnem?
1251 900 1305 955 Si
1338 899 1497 954 enim
1529 899 1695 972 pium
1729 902 1820 953 est
1867 898 2109 952 credere

446 997 509 1053 in
537 1002 768 1068 partem
801 999 1109 1056 creaturae,
1136 990 1404 1062 profecto
1421 989 1599 1058 longe
1623 987 1964 1057 religiosius
1991 987 2112 1041 tue-

446 1088 521 1143 rit
542 1091 882 1142 creaturam
907 1097 1148 1137 omnem
1185 1080 1260 1136 ad
1285 1080 1443 1135 hanc
1474 1079 1919 1134 confessionem
1943 1076 2109 1132 adhi-

445 1178 610 1233 bere.
638 1174 806 1241 Quod
834 1173 882 1228 si
913 1171 1128 1226 credas
1151 1171 1209 1225 in
1233 1186 1477 1225 omnem
1507 1174 1868 1234 creaturam,
1894 1183 2016 1222 non
2047 1166 2108 1222 in

447 1265 696 1338 angelos
725 1269 782 1320 et
811 1260 1202 1318 administros
1243 1260 1486 1332 spiritus
1513 1258 1722 1314 credes
1749 1257 1967 1324 solum,
2000 1255 2107 1312 sed

444 1358 628 1414 etiam
663 1355 712 1411 si
741 1370 878 1426 qua:
911 1356 1054 1407 sunt
1084 1349 1448 1406 adversariae
1481 1354 1829 1421 potestates,
1879 1365 2016 1403 cum
2050 1352 2109 1403 et

442 1449 590 1521 ipsae
623 1463 760 1518 pars
802 1443 918 1498 sint
956 1447 1263 1507 creaturae,
1312 1446 1490 1513 atque
1539 1440 1600 1494 in
1630 1438 2004 1511 professione
2033 1437 2103 1493 ﬁ-

444 1537 541 1594 dei
568 1553 706 1592 cum
736 1534 823 1590 eis
856 1534 1180 1606 paciscere.
1212 1531 1304 1586 Sic
1334 1546 1408 1585 ea
1438 1546 1574 1601 quas
1605 1530 1664 1585 in
1699 1529 1983 1601 Spiritum
2016 1533 2105 1586 est

441 1624 843 1699 blasphemia,
883 1623 943 1678 in
982 1621 1204 1693 impios
1248 1637 1320 1675 ac
1369 1619 1669 1675 nefandos
1704 1625 2022 1674 sermones
2048 1624 2102 1674 te

441 1719 746 1775 conducit.
796 1717 944 1771 Nam
989 1713 1091 1768 ubi
1137 1711 1403 1784 primum
1449 1711 1524 1766 de
1558 1710 1775 1782 Spiritu
1807 1725 1944 1782 quas
1975 1725 2099 1765 non

2216 546 2316 593 Καὶ
2370 543 2412 595 εἰ
2469 546 2517 597 ἓν
2575 565 2625 597 τι
2680 545 2834 598 πάλιν
2893 544 2993 598 ἀπό
3051 554 3145 608 τῆς
3188 552 3404 609 κτίσεως
3462 551 3813 624 προσαφθείη,

2212 637 2360 684 πᾶσα
2407 634 2437 690 ἡ
2487 639 2662 696 κτίσις
2705 635 3150 689 συνεισελεύσεται
3199 639 3270 699 εἰς
3315 642 3410 697 τὴν
3457 647 3550 691 τοῦ
3611 645 3818 716 Πατρός

2213 724 2303 772 καὶ
2380 725 2503 775 Υἱοῡ
2573 727 2994 799 συναρίθμησιν.
3063 727 3126 779 Τί
3205 729 3303 799 γὰρ
3371 727 3556 780 κωλύει
3611 728 3816 801 λέγειν·

2216 813 2531 884 Πιστεύομεν
2583 814 2649 874 εἰς
2706 818 2912 886 Πατέρα
2956 818 3044 867 καὶ
3103 818 3222 868 Υἰόν
3273 820 3364 869 καὶ
3415 817 3484 878 εἰς
3511 825 3688 871 πᾶσαν
3726 824 3814 880 τὴν

2213 903 2430 968 κτίσινς
2485 903 2546 955 Εἰ
2587 904 2688 978 γὰρ
2734 903 2936 967 εὐσεϐὲς
2977 907 3033 956 τό
3083 907 3347 958 πιστεύειν
3401 907 3467 966 εἰς
3519 911 3672 982 μέρος
3718 919 3812 974 τῆς

2215 993 2452 1057 κτίσεως,
2499 992 2666 1064 πολλῷ
2707 990 2882 1051 δήπου
2933 1013 3230 1070 σεμνότεριν
3259 999 3317 1047 τό
3347 1002 3520 1049 πᾶσαν
3549 1001 3645 1056 τὴν
3693 1003 3812 1052 κτί-

2218 1095 2300 1128 σιν
2349 1079 2416 1140 εὶς
2469 1084 2564 1139 τὴν
2613 1082 2892 1154 ὁμολογίαν
2939 1083 3381 1156 παραλαμϐάνειν.
3431 1090 3698 1139 Πιστεύων
3755 1085 3815 1142 δε

2214 1167 2282 1228 εἰς
2307 1175 2480 1221 πᾶσαν
2509 1175 2598 1230 τὸν
2628 1177 2822 1238 κτίσιν,
2870 1173 2964 1225 οὐκ
3009 1174 3074 1234 εἰς
3131 1173 3378 1245 ἀγγελους
3406 1178 3669 1238 πιστεύεις
3724 1182 3819 1251 μό-

2213 1277 2294 1309 νον
2323 1263 2506 1312 καὶτὰ
2562 1260 2888 1336 λειτουργικὰ
2937 1267 3226 1336 πνεύματα,
3280 1263 3408 1317 ἀλλὰ
3453 1269 3544 1318 καὶ
3598 1270 3642 1319 εἰ
3683 1286 3818 1330 τινες

2215 1344 2559 1422 ἀντικείμεναι
2627 1348 2872 1424 δυνάμεις
2938 1353 3088 1408 εἰσὶν.
3158 1350 3339 1413 ἐπειδὴ
3387 1360 3477 1408 καὶ
3525 1356 3680 1410 αὐταὶ
3727 1360 3818 1429 με·

2210 1456 2298 1511 ρος
2358 1439 2459 1491 εἰσὶ
2519 1450 2615 1503 τῆς
2673 1446 2911 1509 κτίσεως,
2968 1448 3056 1496 καὶ
3111 1446 3328 1504 ταύταις
3389 1447 3626 1519 συνθήσῃ
3679 1449 3816 1500 κατὰ

2209 1531 2304 1583 τὴν
2348 1533 2546 1585 πίστιν,
2601 1532 2780 1592 Οὕτως
2828 1534 2857 1589 ἡ
2909 1530 3042 1584 κατά
3083 1540 3175 1584 τοῦ
3230 1534 3528 1605 Πνεύματος
3577 1533 3817 1608 βλασφη-

2205 1620 2305 1698 μία
2331 1617 2398 1678 εἰς
2430 1615 2704 1681 δυσσεϐεῖς
2753 1626 2843 1674 καὶ
2893 1619 3172 1693 ἀθεμίτους
3214 1625 3452 1697 περιάγει
3501 1642 3558 1677 σε
3609 1624 3813 1696 λόγους.

2221 1714 2368 1778 Ομοῦ
2400 1727 2453 1760 τε
2491 1711 2592 1783 γὰρ
2627 1707 2772 1772 εἶπας
2811 1709 2845 1761 ἆ
2873 1715 2944 1782 μὴ
2980 1708 3063 1763 δεῖ
3091 1713 3206 1779 (29)
3259 1717 3377 1785 περὶ
3427 1721 3521 1765 τοῦ
3570 1717 3814 1788 Πνεῦμα-

439 1812 677 1882 oportet
711 1805 954 1870 dixeris,
1019 1803 1134 1858 hoc
1167 1801 1268 1857 tibi
1298 1801 1679 1873 exploratum
1711 1799 1776 1856 fit
1805 1806 1862 1856 et
1890 1799 2091 1868 cogni-

2209 1815 2316 1862 τος,
2369 1801 2458 1849 καὶ
2503 1797 2794 1872 ἐπεσήμηνέ
2857 1819 2942 1852 σοι
2998 1802 3027 1858 ἡ
3083 1809 3173 1853 τοῦ
3234 1805 3527 1874 Πνεύματος
3583 1802 3811 1875 ἐγκατά-

439 1903 569 1955 tum
589 1913 662 1953 ex
685 1894 938 1967 Spiritus
960 1891 1364 1948 derelictione.
1390 1891 1550 1946 Sicut
1571 1890 1731 1946 enim
1753 1890 1856 1962 qui
1887 1890 2102 1946 clausit

440 1987 674 2055 oculos,
704 1984 1070 2041 domesticas
1097 1981 1157 2036 in
1203 1997 1264 2035 se
1304 1979 1488 2036 habet
1517 1979 1834 2035 tenebras:
1868 1979 1950 2036 ita
1995 1977 2101 2052 qui

442 2076 689 2133 secessit
716 2091 750 2131 a
777 2073 1021 2146 Spiritu,
1050 2072 1099 2126 is
1130 2070 1210 2126 ab
1242 2069 1621 2126 illuu-inante
1649 2075 1940 2138 semotus,
1975 2070 2102 2126 ani-

439 2169 525 2222 mi
553 2164 814 2221 czecitate
844 2161 1260 2219 confunditur.

511 2261 562 2312 6.
595 2261 665 2311 At
690 2269 765 2310 ne
809 2267 1054 2324 separes
1095 2266 1130 2305 a
1170 2253 1339 2306 Patre
1369 2255 1427 2306 et
1475 2249 1615 2306 Filio
1648 2250 1933 2321 Spiritum
1963 2265 2098 2306 san-

436 2350 620 2413 ctum,
654 2343 987 2399 absterreat
1019 2347 1074 2396 te
1105 2339 1370 2396 traditio.
1422 2339 1514 2394 Sic
1545 2341 1837 2395 Dominus
1867 2340 2094 2405 docuit,-

434 2435 842 2508 praadicavere
862 2429 1141 2502 apostoli,
1168 2433 1362 2484 Patres
1387 2445 1845 2496 conservavere,
1873 2429 2096 2485 confir-

435 2539 679 2580 mavere
712 2529 1029 2593 martyres.
1065 2519 1218 2576 Satis
1260 2519 1493 2574 habeas
1523 2518 1683 2591 loqui
1714 2519 1818 2585 ita,
1853 2525 1916 2574 ut
1944 2520 2094 2574 edo-

435 2621 566 2671 ctus
595 2629 678 2669 es.
723 2615 789 2668 Et
834 2627 980 2667 cave
1026 2617 1242 2679 arguta
1293 2609 1393 2664 illa
1431 2616 1485 2664 et
1516 2610 1792 2680 captiosa
1843 2609 2094 2679 objicias

435 2705 579 2762 mihi
606 2721 620 2760 :
657 2701 964 2773 Ingenitus
996 2705 1104 2768 est,
1147 2706 1252 2756 aut
1281 2700 1546 2767 genitus.
1578 2701 1744 2766 Quod
1779 2699 1827 2754 si
1855 2701 2094 2770 ingeni-

432 2801 529 2854 tus
559 2801 669 2862 est,
711 2794 884 2848 Pater
920 2795 1044 2858 est;
1081 2791 1173 2846 sin
1215 2795 1418 2844 autem
1457 2789 1713 2859 genitus,
1758 2789 1935 2846 Filius
1965 2796 2088 2846 est:

433 2885 481 2942 si
508 2885 772 2955 denique
801 2886 1082 2937 neutrum
1118 2881 1357 2947 horum,
1391 2885 1665 2935 creatura
1694 2887 1800 2935 est.
1838 2882 1957 2950 Ego
1988 2897 2093 2936 au-

434 2979 551 3030 tem
579 2989 719 3029 cum
753 2975 918 3027 Patre
949 2969 1196 3042 quidem
1223 2968 1501 3040 Spiritum
1530 2971 1691 3036 novi,
1713 2976 1773 3024 at
1793 2970 1936 3025 novi
1967 2986 2090 3027 non

433 3080 565 3121 esse
596 3066 862 3119 Patrem:
915 3062 1079 3126 item,
1132 3058 1297 3114 illum
1349 3075 1489 3115 cum
1535 3060 1679 3117 Filio
1710 3061 1935 3133 accepi,
1983 3062 2090 3118 sed

2208 1885 2393 1956 λειψις.
2442 1887 2525 1949 Ὠς
2579 1891 2680 1962 γὰρ
2735 1892 2760 1942 ὁ
2813 1889 3068 1963 ἐπιμύσας
3120 1894 3237 1951 τοὺς
3281 1890 3572 1964 ὀφθαλμοὺς
3620 1893 3807 1948 οἰκεῖον

2209 1977 2320 2047 ἔχει
2345 1981 2404 2030 τό
2439 1984 2642 2050 σκότος,
2673 1980 2832 2041 οὕτως
2880 1982 2905 2031 ὁ
2951 1979 3308 2054 ἀναχωρήσας
3357 1989 3449 2034 τοῦ
3490 1987 3804 2055 Πνεύματος,

2208 2067 2302 2130 ἔξω
2332 2073 2596 2141 γενόμενος
2642 2077 2735 2122 τοῦ
2782 2071 3111 2142 φωτίζοντος,
3161 2073 3262 2124 ὑπὸ
3310 2079 3403 2133 τῆς
3446 2075 3582 2126 κατὰ
3626 2073 3809 2146 ψυχὴν

2207 2155 2459 2229 ἀορασίας
2491 2162 2843 2231 συγκέχυται.

2278 2246 2434 2300 Ἀλλὰ
2470 2252 2541 2322 μὴ
2599 2255 2843 2323 χωρίσῇς
2902 2253 3108 2326 Πατρός
3157 2253 3249 2303 καὶ
3302 2253 3425 2305 Υὶοῦ
3480 2253 3541 2304 τὸ
3599 2259 3812 2327 Πνεῦμα

2203 2339 2262 2389 τό
2319 2339 2488 2410 ἅγιον,
2541 2336 2851 2392 δυσωπείτω
2905 2358 2963 2392 σε
3009 2344 3037 2399 ἡ
3111 2337 3435 2414 παράδοσις.
3499 2341 3558 2394 Ὀ
3619 2346 3808 2419 Κύριος

2205 2428 2364 2489 οὕτως
2420 2425 2680 2493 ἐδίδαξεν,
2751 2429 3034 2482 ἀπόστολοι
3093 2429 3371 2505 ἐκήρυξαν,
3435 2435 3660 2507 Πατέρες
3725 2431 3808 2487 δι·

2205 2519 2488 2593 π’ήρησαν,
2539 2520 2802 2593 μάρτυρες
2858 2519 3216 2575 ἐϐεϐαίωσαν.
3279 2521 3592 2595 Ἀρκίσθητι
3642 2522 3806 2595 λέγειν

2201 2610 2270 2670 ὡς
2295 2605 2614 2679 ἐδιδάχθης,
2648 2614 2736 2661 καὶ
2774 2613 2845 2682 μὴ
2878 2629 2969 2682 μοι
3010 2612 3077 2663 τὰ
3136 2613 3272 2683 σοφὰ
3316 2618 3498 2664 ταῦτα·
3557 2611 3804 2683 Ἀγέννη-

2199 2703 2285 2750 τόν
2333 2697 2494 2766 ἐστιν,
2553 2700 2582 2757 ἡ
2643 2705 2905 2770 γεννητόν.
2960 2701 3020 2754 Εἰ
3067 2704 3156 2774 μεν
3201 2703 3303 2775 γὰρ
3353 2699 3643 2772 ἀγέννητον,
3696 2710 3805 2756 Πα-

2199 2793 2318 2862 τήρ·
2363 2787 2405 2840 εἰ
2444 2785 2503 2841 δε
2531 2793 2794 2860 γεννητόν,
2829 2793 2966 2853 Υἱόςο
3009 2791 3052 2842 εἰ
3091 2786 3150 2842 δὲ
3195 2786 3325 2862 μηδ’
3373 2791 3539 2863 ἕτερον
3580 2792 3796 2859 τούτων,

2198 2882 2417 2950 κτίσμα.
2478 2877 2610 2950 Ἐγώ
2660 2874 2720 2932 δε
2766 2883 2898 2952 μετὰ
2956 2882 3158 2953 Πατρός
3211 2881 3302 2950 μὲν
3359 2873 3502 2944 οἶδα,
3549 2877 3677 2948 οὐχὶ
3735 2876 3797 2933 δε

2201 2972 2406 3042 Πατέρα
2471 2971 2530 3019 τό
2594 2975 2822 3041 Πνεῦμα·
2897 2973 2986 3020 καὶ
3069 2969 3200 3040 μετὰ
3278 2969 3400 3020 Υἱοῦ
3484 2966 3793 3040 παρέλαϐον,

2198 3057 2328 3128 ούχί
2392 3053 2452 3109 δε
2521 3061 2639 3110 Υίόν
2724 3059 3103 3132 ὠνομασμένον.
3173 3055 3329 3111 Ἀλλὰ
3378 3061 3473 3115 τὴν
3528 3060 3619 3131 μεν
3665 3061 3801 3130 πρός

431 3169 553 3210 non
601 3151 804 3225 accepi
855 3150 1061 3206 Filium
1096 3148 1282 3204 fuisse
1313 3149 1706 3221 appellatum.
1743 3152 1920 3222 Atqui
1946 3167 2089 3206 con-

2200 3152 2407 3220 Πατέρα
2469 3148 2768 3206 οἰκειότητα
2816 3157 2932 3208 νοῶ,
2990 3143 3170 3204 ἐπειδὴ
3239 3146 3296 3199 ἐκ
3365 3150 3568 3220 Πατρός
3639 3145 3798 3200 ἐκπο-

423 3243 696 3316 junction
706 3259 800 3298 em
818 3240 1063 3314 quidem
1077 3254 1265 3311 quam
1280 3254 1419 3294 cum
1441 3241 1611 3294 Patre
1626 3239 1808 3296 habet
1825 3240 2089 3311 intelligo

429 3349 502 3388 ex
527 3331 797 3404 eo,quod
821 3347 895 3386 ex
928 3333 1093 3384 Patre
1120 3328 1427 3400 procedit:
1457 3344 1593 3384 eam
1618 3337 1758 3384 vero
1779 3345 1966 3402 quam
1989 3331 2091 3386 ha-

427 3423 529 3478 bet
577 3437 716 3477 cum
748 3419 916 3487 Filio,
945 3417 1237 3490 quoniam
1269 3417 1491 3473 audio:
1537 3420 1605 3474 Si
1629 3421 1762 3490 quis
1792 3422 2086 3487 Spiritum

431 3513 665 3569 Christi
685 3525 807 3566 non
847 3510 1047 3578 habet,
1094 3508 1192 3564 hic
1221 3524 1342 3564 non
1390 3514 1473 3564 est
1516 3510 1646 3577 eius
1675 3510 1741 3564 ³³.
1778 3510 2006 3566 Etenim
2039 3510 2089 3567 si

429 3600 657 3658 Christo
687 3601 1045 3670 conjunctus
1071 3613 1194 3654 non
1218 3603 1330 3665 est,
1350 3598 1664 3670 quomodo
1691 3614 1829 3654 cum
1854 3599 2088 3656 Christo

424 3690 774 3762 conjungit?
803 3689 916 3747 Sed
947 3694 1004 3745 et
1037 3688 1323 3760 Spiritum
1351 3689 1616 3745 veritatis
1659 3690 1776 3745 dici
1807 3690 1990 3747 audio
2013 3691 2083 3746 “.

428 3782 647 3838 Veritas
687 3787 891 3837 autem
920 3780 1210 3835 Dominus
1249 3785 1340 3834 est
1363 3779 1431 3836 ‘5.
1484 3783 1632 3836 Cum
1663 3787 1867 3837 autem
1899 3781 2085 3838 audio

425 3871 703 3943 Spiritum
727 3869 1075 3941 adaptionis
1099 3870 1164 3931 ⁵⁵,
1191 3867 1479 3924 recordor
1503 3870 1635 3939 ejus
1657 3885 1841 3943 quam
1871 3878 2085 3928 natura

421 3961 605 4018 habet
631 3975 771 4015 cum
806 3958 946 4016 Filio
971 3963 1034 4015 et
1061 3961 1228 4014 Patre
1258 3958 1529 4016 unitatis.
1571 3961 1890 4026 Quomodo
1921 3962 2083 4019 enim

421 4050 740 4122 adaptaret
768 4049 935 4121 quod
966 4052 1321 4104 extraneum
1355 4055 1443 4104 est
1463 4049 1491 4104 ?
1532 4052 1846 4122 quomodo
1876 4070 2082 4110 rursus

421 4137 909 4208 conciliaretconj
921 4141 1291 4208 ungeretque
1306 4138 1470 4208 quod
1485 4137 1750 4195 alienum
1769 4142 1887 4197 est?
1907 4145 1948 4214 ι
1961 4145 2078 4218 95

423 4228 515 4284 Sic
544 4228 746 4300 itaque
793 4241 990 4298 neque
1036 4243 1169 4281 sum
1206 4226 1530 4282 verborum
1563 4229 1949 4303 architectus,
1984 4251 2084 4290 ne-

419 4332 540 4390 que
579 4317 960 4388 majestatem
1016 4315 1282 4384 Spiritus
1329 4316 1638 4389 reprobo:
1687 4321 1792 4376 sed
1843 4338 1947 4379 eos
1976 4324 2080 4396 qui

419 4413 758 4464 creaturam
830 4404 1136 4478 appellare
1193 4407 1466 4474 audent,
1540 4407 1790 4480 deploro
1853 4413 2078 4471 deﬂeo-

2195 3240 2419 3312 ρεύεται·
2469 3241 2563 3296 τὴν
2622 3242 2746 3312 πρὸς
2798 3241 2915 3291 Υίόν
2967 3232 3044 3304 δε,
3107 3232 3288 3296 ἐπειδὴ
3342 3235 3532 3289 ἀκούω·
3594 3240 3656 3291 Ei
3717 3255 3800 3300 τις

2198 3334 2408 3399 Πνεῦμα
2463 3336 2700 3402 Χριστοῦ
2756 3327 2851 3379 οὐκ
2934 3330 3067 3398 ἔχει,
3143 3327 3291 3390 οὗτος
3345 3326 3438 3379 οὐκ
3495 3329 3636 3378 ἔστιν
3697 3326 3799 3380 αύ-

2196 3425 2308 3472 τοῦ.
2342 3417 2402 3469 Εἰ
2430 3421 2532 3490 γὰρ
2581 3425 2651 3490 μὴ
2685 3418 2870 3468 οἰκεῖον
2902 3424 3157 3490 Χριστοῦ,
3198 3425 3310 3478 πῶς
3337 3417 3520 3469 οἰκειοῐ
3547 3425 3619 3487 τῷ
3661 3424 3800 3491 Χρι-

2198 3516 2303 3576 στῷ
2333 3512 2496 3578 (30);
2555 3507 2706 3560 Ἀλλὰ
2748 3511 2840 3559 καὶ
2890 3514 3100 3580 Πνεῦμα
3151 3505 3325 3559 ἀκούω
3381 3517 3478 3569 τῆς
3534 3505 3795 3568 ἀληθείας.

2195 3596 2440 3655 Ἀλήθεια
2464 3595 2524 3650 δε
2567 3599 2594 3648 ὁ
2634 3599 2841 3672 Κύριος.
2870 3595 3033 3649 Ὀταν
3065 3593 3124 3651 δὲ
3155 3596 3326 3649 ἀκούω
3377 3604 3586 3669 Πνεῦμα
3623 3598 3800 3650 υἱοθεο

2196 3691 2334 3755 σίας,
2365 3689 2434 3750 εἰς
2465 3690 2657 3741 ἔννοιαν
2700 3689 2930 3760 ἔρχομαι
2957 3696 3049 3748 τῆς
3097 3691 3223 3762 πρὸς
3274 3689 3393 3740 Υὶόν
3449 3691 3539 3739 καὶ
3593 3690 3801 3760 Πατέρα

2192 3781 2330 3830 κατὰ
2373 3782 2467 3837 τὴν
2539 3781 2692 3851 φύσιν
2756 3777 3008 3838 ἑνότητος.
3089 3783 3201 3837 Πῶς
3271 3778 3368 3850 γὰρ
3442 3777 3661 3829 υἱοθετεί
3734 3779 3797 3829 τό

2193 3867 2365 3936 ξένον;
2419 3875 2527 3928 πῶς
2575 3864 2636 3922 δε
2687 3867 2870 3922 οἰκειοῖ
2917 3869 2976 3919 τό
3027 3864 3330 3941 ἁλλότριον;
3393 3866 3545 3918 Ούτω
3591 3869 3682 3938 μεν
3707 3862 3797 3918 οὖν

2191 3961 2310 4010 οὔτε
2378 3966 2669 4030 καινοτομῶ
2736 3957 2970 4033 ῥήματα,
3039 3958 3156 4008 οὔτε
3230 3953 3396 4008 ἀθετῶ
3468 3959 3563 4014 τὴν
3621 3953 3792 4018 ἀξίαν·

2191 4052 2318 4111 τοὺς
2365 4044 2424 4101 δε
2474 4047 2770 4120 τολμῶντας
2837 4051 3032 4119 κτίσμα
3096 4047 3504 4120 προσαγορεύειν
3563 4045 3796 4106 στενάζω

2190 4144 2281 4192 καὶ
2325 4135 2606 4214 ὀδύρομαι,
2657 4139 2738 4190 ὃτι
2796 4133 2891 4189 διὰ
2953 4142 3145 4211 μικροῦ
3204 4141 3528 4209 σοφίσματος
3572 4139 3663 4188 καὶ
3717 4154 3798 4188 κι-

2191 4227 2389 4288 ϐδήλου
2437 4227 2837 4301 παραλογισμοῦ
2897 4225 3113 4288 ἑαυτούς
3155 4225 3380 4278 ὠθοῦσιν
3433 4224 3518 4278 ἐπὶ
3568 4228 3625 4278 τό
3687 4224 3798 4298 βοί-

2189 4322 2400 4396 ραθρον.
2455 4313 2665 4376 Ἐπειδὴ
2744 4319 2868 4391 γὰρ,
2948 4321 3097 4389 φησὶ,
3164 4321 3286 4388 τρία
3345 4325 3513 4369 ταῦτα
3586 4318 3612 4368 ὁ
3677 4324 3798 4378 νοῦς

2189 4413 2335 4484 ἡμῶν
2383 4409 2676 4482 κατείληφε,
2711 4413 2801 4461 καὶ
2829 4404 2982 4461 οὐδέν
3022 4406 3159 4460 ἐστιν
3193 4408 3308 4476 (31)
3356 4404 3404 4458 ἐν
3451 4413 3562 4467 τοῖς
3591 4402 3738 4458 οὖσιν
3769 4409 3797 4459 ὁ

418 4513 559 4571 que,
609 4496 772 4570 quod
819 4496 1194 4568 sophismate
1237 4496 1372 4551 exili
1422 4500 1480 4552 et
1532 4499 1944 4570 paralogismo
1977 4504 2073 4560 fu-

2200 4507 2257 4561 :tr‘)
2305 4503 2406 4555 ὑπὸ
2462 4504 2557 4559 τὴν
2606 4497 2866 4576 διαίρεσιν
2922 4500 3117 4558 ταύτην
3176 4499 3391 4573 ἔρχεται
3459 4506 3558 4549 τῶν
3617 4501 3797 4556 ὄντων.

419 4593 552 4644 cato
573 4587 634 4642 in
656 4585 1013 4642 barathrum
1035 4585 1362 4641 detrudant
1383 4587 1764 4659 semetipsos.
1787 4594 1957 4661 Nam,
1983 4595 2075 4650 in-

416 4678 653 4749 quiunt,
688 4675 802 4732 tria
826 4677 956 4731 haec
987 4691 1160 4730 mens
1199 4681 1408 4732 nostra
1437 4677 1726 4749 percipit;
1772 4697 1883 4737 nec
1903 4684 2076 4757 quid-

414 4783 602 4840 quam
633 4771 721 4823 est
747 4766 808 4822 in
838 4781 1041 4822 rerum
1071 4769 1310 4831 natura,
1341 4766 1508 4838 quod
1538 4783 1663 4825 non
1692 4769 1754 4826 in
1783 4769 1944 4830 hanc
1977 4790 2074 4832 re-

487 4941 536 4975 ‘3
567 4941 739 4996 Rom.
767 4953 888 5009 vm,
925 4941 978 4994 9.
1059 4938 1106 4973 “
1135 4939 1308 4995 Joan.
1340 4953 1464 5010 xiv,
1496 4944 1580 4996 t7.
1657 4942 1707 4978 ‘5
1733 4941 1883 5001 ibid.
1917 4949 1974 5003 6.

486 5093 600 5162 (29)
631 5091 723 5147 Sic
755 5090 994 5169 codices
1023 5089 1166 5169 duo.
1202 5090 1352 5169 Editi
1384 5087 1512 5150 δεῖν,
1545 5094 1745 5169 Verba
1768 5113 1905 5169 quae
1936 5115 2082 5157 mox

415 5161 886 5241 sequuntur,_xct
917 5161 1342 5241 inscripmévon,
1373 5169 1506 5236 etc.,
1542 5166 1624 5222 ita
1650 5161 2080 5241 interpretatus

415 5234 950 5312 esticombeﬁsius,
977 5234 1402 5312 iudicationem
1433 5234 2081 5312 accessionis-Spiritus

417 5309 526 5381 tibi
541 5307 850 5381 derelictio
862 5307 1010 5376 feczt
1026 5322 1046 5362 .·
1067 5322 1206 5381 quae
1224 5308 1729 5381 interpretatio,ut
1745 5307 1889 5381 dixi,
1905 5315 2081 5371 Com-

413 5379 612 5436 betisii
634 5384 742 5441 est,
775 5377 890 5433 hoc
916 5384 1022 5448 est,
1060 5377 1438 5435 subobscure.
1493 5387 1574 5437 Ita
1597 5389 1798 5439 autem
1827 5377 2083 5443 verterat

413 5453 905 5523 interpres_vetus
941 5466 963 5523 :7
1006 5451 1152 5505 Mox
1180 5467 1333 5507 enim
1367 5453 1470 5507 ubi
1499 5455 1571 5510 de
1599 5455 1839 5523 Spiritu
1868 5465 2079 5514 sancto

415 5538 546 5596 quae
564 5537 682 5599 non
697 5521 902 5599 decent
926 5522 1385 5599 dixeris,nqtgm
1401 5539 1636 5595 quoque
1648 5521 1827 5583 habes
1843 5536 1894 5584 et
1909 5545 2081 5599 aper-

415 5593 535 5651 iam
559 5593 1058 5662 signiﬁcationem
1071 5595 1247 5664 ,θηοιί
1259 5593 1496 5664 Spiritu
1514 5593 1621 5652 Dei
1640 5593 1960 5656 destitutus
1977 5603 2076 5657 sis.

417 5668 509 5723 Sic
539 5665 721 5720 velim
765 5664 1029 5735 accipias
1067 5665 1255 5721 verba
1290 5667 1522 5724 Basilii:
1568 5669 1674 5724 Ubi
1709 5671 1974 5742 primum
2005 5674 2080 5730 de

2189 4592 2255 4647 Ἦ
2312 4593 2414 4668 γὰρ
2482 4590 2794 4663 ἀγέννητον,
2857 4593 3056 4662 φησὶν,
3118 4587 3292 4655 ἐστὶν,
3348 4589 3377 4645 ἡ
3439 4591 3701 4658 γεννητόν,
3761 4588 3792 4646 ἣ

2187 4689 2419 4737 κτιστόνο
2474 4681 2604 4734 ἀλλά
2651 4685 2754 4754 μὴν
2825 4680 2941 4732 οὗτε
2989 4681 3048 4730 τό
3098 4686 3341 4752 πρῶτον,
3397 4680 3515 4730 οὔτε
3569 4681 3628 4730 τὸ
3678 4673 3796 4730 δεύ-

2187 4793 2352 4850 τερον,
2406 4777 2466 4828 τό
2510 4776 2684 4846 τρίτον
2727 4771 2850 4843 ἄρα.
2895 4775 3060 4822 Τοῦτο
3112 4767 3255 4838 ὑμῶν
3312 4769 3371 4819 τὸ
3401 4768 3506 4843 ἄρα
3550 4773 3612 4838 τῇ
3672 4765 3794 4818 αἰω-

2047 4947 2096 4984 “
2127 4949 2299 5005 Rom.
2327 4961 2451 5013 vui,
2487 4948 2574 5001 15.

2192 5097 2414 5172 Spiritu
2446 5100 2672 5172 sancto
2693 5091 2918 5150 dixeris
2967 5106 3105 5165 quas
3136 5106 3261 5148 non
3290 5094 3566 5172 oportet,
3596 5089 3795 5172 statim

2188 5163 2409 5227 deserit
2441 5175 2493 5224 te
2524 5167 2777 5241 Spiritus
2808 5163 3087 5241 sanctius,
3119 5163 3608 5241 quaeuderelictio
3635 5163 3798 5241 facit,

2189 5248 2254 5324 ut
2279 5234 2583 5324 conscius'
2599 5240 2679 5295 sis
2716 5237 2841 5305 tibi,
2889 5242 2944 5293 te
2977 5234 3482 5292 contumeliosum
3520 5234 3709 5290 fuisse
3732 5234 3798 5290 in

2191 5315 2572 5452 Seianianum
2603 5382 2768 5441 Colb.
2787 5390 2898 5445 πῶς
2922 5380 3176 5434 οἰκειοῦτο
3196 5383 3435 5452 Χριστῷ.
3460 5374 3627 5452 Alius
3649 5377 3794 5447 Reg.

2189 5447 2435 5529 ῳκειουτο
2463 5464 2703 5533 Χριστῷ.
2737 5454 2855 5514 Alii
2885 5453 3008 5509 duo
3049 5450 3210 5522 Regii
3247 5447 3306 5506 Et
3339 5449 3480 5505 editi
3511 5447 3694 5502 οἰκειοῖ
3723 5456 3797 5520 τῷ

2189 5539 2505 5673 Χράῖῖῗὲὶα
2558 5596 2792 5670 antiqui
2823 5595 2945 5652 duo
3003 5594 3164 5651 libri.
3209 5592 3359 5652 Editi
3390 5596 3478 5646 καὶ
3509 5592 3602 5646 οῦκ
3632 5594 3796 5651 ἔστιν,
