4110 6380
277 291 384 359 6ίὲ

931 287 1168 344 HOMIL.
1209 286 1488 343 CONTRA
1524 284 1872 346 SABELLIA‘

1985 284 2030 352 Ξ,
2070 287 2155 340 ΕΤ
2192 286 2435 354 ARIUM,
2475 289 2560 342 ET
2596 287 2992 343 ΑΝΟΜίΕΟΞ.

3545 292 3650 348 614

272 417 366 486 νίῳ
397 412 500 489 ἀρᾷ
544 407 826 470 ὑποδίκους
876 411 1012 483 ὑμᾶς
1047 416 1396 468 καταστήσει,
1438 411 1616 462 Πάντα
1660 407 1872 482 ἑξηρεύ-

1988 424 2122 464 rum
2153 408 2516 466 divisionem
2547 409 2866 466 cadat.Aut
2896 410 3077 477 enim,
3107 410 3648 485 inquiunt,ingeni-

274 519 474 572 νησας;
518 504 686 555 πάντα
708 508 815 561 τοῖς
864 509 1060 553 σαυτοῦ
1094 504 1208 570 (32)
1233 500 1503 572 λογισμοῖς
1542 500 1641 552 ὑπὸ
1671 494 1874 570 διαίρε-

277 611 361 646 σιν
412 597 639 665 ἣγαγεςς
689 587 841 643 οὐδὲν
887 589 1218 653 ἀνεξέταστον
1257 590 1559 656 κατελιπεςς
1601 590 1769 641 πάντα
1802 595 1874 658 τῷ

272 691 342 753 νῷ
407 681 701 756 περιέλαϐες
757 681 908 750 (33);
963 682 1134 732 πάντα
1175 687 1237 753 τῇ
1308 687 1528 732 σεαυτοῦ
1581 676 1874 748 καταλήψει

277 770 647 837 συνέκλεισας;
701 767 848 830 οἶδας
902 772 970 822 τὰ
1023 771 1122 823 ὑπό
1173 778 1320 842 γῆν;
1380 766 1528 830 οἶδας
1583 772 1649 822 τὰ
1705 767 1753 820 ἐν
1799 774 1872 838 τῷ

276 859 460 932 βυθῷ;
494 864 756 932 Δαιμόνων
782 857 1078 919 ἁλαξονείαι
1106 880 1119 892 ο

1989 501 2081 553 tus
2111 504 2219 566 est,
2252 504 2356 555 aut
2385 499 2642 569 genitus,
2693 504 2799 554 aut
2849 504 3082 554 creatus
3117 517 3129 556 :
3165 508 3226 558 at
3271 519 3467 574 neque
3525 504 3650 576 pri-

1987 603 2177 655 mum,
2206 604 2402 661 neque
2441 590 2800 659 secundum,
2845 589 3024 660 igitur
3056 591 3313 646 tertium.
3349 593 3509 648 Istud
3544 608 3649 650 ve-

1988 685 2179 734 strum
2200 681 2387 750 igitur
2405 678 2814 735 maledictioni
2833 689 3072 734 aeternae
3101 697 3200 735 vos
3229 679 3440 736 reddet
3465 681 3652 738 obno-

1983 769 2135 824 xios.
2163 771 2312 825 Esne
2351 774 2764 841 perscrutatus
2807 768 3062 824 omnia?
3092 771 3376 826 omniane
3415 770 3649 828 ratioci-

1983 859 2348 915 nationetua
2368 858 2674 930 subjecisti
2693 858 3015 914 divisioni?
3038 858 3183 915 nihil
3204 859 3650 933 inexploratum

269 949 611 1022 reliquisti?
641 949 848 1006 omnia
885 954 1087 1005 mente
1115 953 1222 1005 tua
1251 948 1605 1021 complexus
1630 963 1694 1003 es
1717 947 1745 1003 ?
1791 945 1997 1003 omnia
2027 952 2130 1003 tua
2157 949 2519 1018 cogitatione
2549 948 3112 1021 comprehendisti?
3156 949 3317 1006 nosti
3358 966 3495 1023 quae
3535 949 3650 1007 sub

270 1040 476 1096 terra?
519 1040 670 1096 nosti
717 1042 855 1112 quae
893 1039 954 1094 in
984 1038 1332 1111 profundo?
1359 1041 1712 1094 Daemonum
1737 1036 2023 1108 jactantia
2065 1037 2194 1093 haec
2217 1045 2342 1094 est:

271 1164 388 1236 (34)
435 1159 576 1218 Οἶδα
630 1162 728 1236 ἐγὼ
779 1163 1001 1238 ψάμμου
1050 1161 1388 1237 τ’ἆριθμμόν
1442 1181 1533 1216 και
1569 1166 1730 1238 μέτρα
1790 1163 1887 1213 θα-

1639 1253 1880 1324 [λάσσης.

342 1341 402 1397 Εἰ
433 1339 492 1395 δε
542 1343 707 1396 πολλὰ
755 1342 970 1416 ἀγνοεῖς,
1016 1347 1106 1396 καὶ
1159 1343 1521 1419 μνριοπλάσια
1576 1350 1674 1394 τῶν
1716 1341 1878 1412 ἐγνωα

274 1436 469 1505 σμένων
526 1431 649 1486 ἔσπὶ
707 1434 772 1484 τὰ
831 1431 1167 1505 ἀγνοούμενα,
1211 1438 1262 1484 τί
1313 1433 1441 1504 οὐχὶ
1488 1434 1620 1504 μετὰ
1673 1434 1877 1483 πάντων

269 1527 360 1573 καὶ
384 1527 502 1595 περὶ
538 1529 630 1574 τοῦ
679 1526 874 1596 τρόπον
921 1529 1012 1582 τῆς
1061 1521 1324 1596 ὑπάρξεως
1372 1529 1463 1573 τοῦ
1509 1521 1660 1592 ἁγίου
1712 1521 1875 1572 Πνεῦ-

269 1631 429 1684 ματος
467 1615 561 1669 τὴν
620 1607 894 1664 ἀκίνδυνον
942 1613 1155 1682 ἄγνοιαν
1205 1612 1635 1682 ἁνεπαισχῦντως
1687 1609 1874 1682 ὁμολο-

267 1709 418 1774 γεῖς;
479 1701 610 1772 Ἐγὼ
671 1697 729 1753 δὲ
782 1700 982 1773 σχολὴν
1050 1704 1139 1774 μὲν
1204 1701 1298 1752 οὐκ
1358 1702 1470 1772 ἄγω
1527 1699 1719 1772 ἐλέχειν
1777 1708 1874 1752 τῶν

265 1789 528 1862 λογισμῶν
580 1809 673 1842 σου
713 1794 807 1849 τὴν
859 1795 1207 1862 ματαιότητα,
1239 1787 1364 1843 οὐδέ
1421 1787 1685 1844 δεικνύναι
1735 1794 1876 1843 πόσα

264 1877 312 1931 ἐν
351 1885 457 1940 τοῖς
503 1875 625 1932 οὖσι
668 1883 762 1938 τὴν
808 1879 1104 1950 κατάληψίν
1139 1899 1232 1932 σου
1258 1889 1356 1933 τῶν
1384 1879 1650 1952 λογισμῶν
1683 1875 1716 1931 δ
1723 1882 1873 1932 ιαπέ-

265 1988 445 2041 φευγεν
479 1991 492 2003 ·
535 1968 692 2023 ἐκεῖνο
734 1966 784 2022 δ’
834 1969 894 2022 ἂν
939 1967 1104 2032 ἡδέως
1153 1974 1272 2032 τοὺς
1306 1969 1382 2044 ἐφ’
1427 1971 1567 2043 ὑμῶν
1607 1973 1722 2039 (353)
1753 1969 1875 2044 ἒρω⁴

262 2062 511 2131 τὴσαιμι,
555 2063 647 2111 καὶ
701 2055 1008 2132 διορίζομαι
1055 2062 1392 2123 πεποιθότως,
1449 2061 1530 2112 ὅτι
1577 2058 1871 2132 μεταμελή-

267 2165 346 2200 σει
389 2152 474 2200 σοί
512 2167 638 2200 ποτε
664 2155 759 2211 τῆς
790 2148 941 2201 ἀθέου
981 2151 1179 2212 ταύτης
1206 2153 1408 2222 σοφίας,
1439 2167 1644 2222 καισμα
1671 2149 1872 2221 λέγοντι

263 2239 323 2289 τὸ
392 2242 606 2310 Πνεῦμα
647 2241 704 2291 τὸ
766 2238 937 2310 ἅγιον.
994 2238 1070 2291 Οὐ
1128 2237 1258 2312 φοϐῇ
1321 2243 1416 2297 τὴν
1483 2237 1871 2312 ἀσυγχώρητον

266 2325 571 2402 ἁμαρτίανς
633 2325 699 2380 Ἣ
757 2331 810 2379 τί
870 2346 995 2380 ποτε
1061 2331 1156 2380 οἴει
1215 2325 1626 2403 δυσσεϐέστερον
1683 2332 1869 2381 τούτου

268 2411 532 2468 δύνασθαι
583 2414 954 2488 βλασφημεῐν;
1001 2416 1091 2470 Ἐκ
1133 2418 1234 2492 γὰρ
1288 2423 1410 2490 μιᾶς
1459 2419 1656 2479 ταύτης
1705 2425 1872 2489 φωνῆς

265 2506 436 2559 πάντα
489 2504 667 2564 ἐνέστη
719 2507 786 2558 τὰ
834 2503 1105 2559 δεινότατα
1137 2527 1150 2541 ·
1212 2505 1547 2583 ἀ).λοτρίωσις
1588 2505 1687 2560 ἀπὸ
1737 2505 1870 2561 Θεοῦ

266 2595 380 2647 κατ’
439 2593 603 2653 αὐτὴν
657 2599 750 2653 τήν
799 2598 976 2667 φύσιν,
1019 2593 1253 2658 δουλείας
1304 2601 1632 2663 ταπείνωσις,
1693 2593 1873 2649 διακο-

265 2689 374 2737 νίαι
418 2683 796 2758 λειτουργικαὶ,
839 2684 1105 2760 ἁγιασμοῦ
1159 2690 1422 2762 στέρησις,
1465 2694 1556 2740 τοῦ
1595 2688 1732 2739 κατὰ
1780 2689 1873 2759 φύ-

271 2791 353 2827 σιν
411 2773 470 2826 οὐ
531 2778 835 2849 προσόντος,
885 2778 976 2828 καὶ
1031 2779 1410 2852 περιστήσεται
1465 2783 1538 2848 τῷ
1584 2778 1870 2849 Πνεῦματι,

269 2863 406 2916 οὕτω
454 2868 691 2936 μετέχειν
738 2864 1005 2938 ἁγιασμοῦ
1061 2863 1118 2917 ἐκ
1163 2873 1255 2927 τῆς
1292 2869 1429 2919 κατὰ
1479 2867 1641 2940 χάριν
1700 2862 1874 2918 διανο-

269 2959 392 3025 μῆς,
423 2955 487 3014 ὡς
532 2959 622 3006 καὶ
657 2957 723 3007 τὰ
767 2954 924 3008 λοιπά
954 2957 1066 3027 ἔχει
1095 2957 1198 3009 ὅσα
1231 2957 1508 3029 ἡγίασται.
1549 2961 1650 3009 Καί
1697 2959 1870 3032 ὥσπερ

273 3037 484 3096 δίδοται
543 3044 680 3117 ἠμίμ
716 3047 747 3103 ἡ
809 3048 1092 3120 φανέρωσις
1138 3054 1229 3099 τοῦ
1284 3049 1577 3120 Πνεύματος
1632 3051 1758 3120 πρὸς
1813 3049 1872 3099 τὸ

274 3135 556 3207 συμφέρον,
623 3139 712 3187 καὶ
774 3137 838 3196 ὡς
900 3135 1246 3210 ἐπιμετρεῖται
1312 3136 1516 3209 ἑκάστῳ
1567 3141 1700 3196 κατὴ
1776 3141 1872 3197 τὴν

268 3217 539 3292 ἀναλογίαν
569 3229 661 3282 τῆς
715 3227 958 3289 πίστεως,
991 3223 1150 3285 οὕτως
1207 3227 1357 3279 ἔσται
1403 3229 1493 3278 καὶ
1553 3229 1612 3278 τὸ
1666 3232 1875 3299 Πνεῦμα

265 3315 358 3362 τοῦ
437 3309 706 3384 ἁγιασμοῦ
771 3316 988 3384 μετέχον
1053 3314 1187 3384 (36),
1245 3317 1385 3389 εἴπερ
1453 3319 1608 3376 ὅντως
1658 3318 1872 3369 κτιστὸν

263 3399 402 3452 κατὰ
424 3403 518 3458 τὴν
549 3403 1012 3472 Πνευματομάχων
1039 3401 1321 3474 ὑπόληψιν.

273 3597 278 3600 ·
335 3575 389 3632 7.
423 3574 582 3629 Ἀλλὰ
621 3577 721 3651 γὰρ
774 3579 848 3650 μὴ
893 3583 1330 3652 συγχωρήσωμεν
1355 3597 1448 3639 την
1478 3581 1656 3634 ἄνοιαν
1704 3581 1874 3634 αὐτῶν

266 3665 588 3739 ἀνέλεγκτον,
635 3675 737 3719 τῶν
791 3668 1034 3742 οἰομένων
1081 3671 1255 3723 πάντα
1299 3678 1362 3744 τῇ
1415 3670 1608 3724 ἑαυτῶν
1662 3668 1875 3745 διανοίᾳ

266 3755 646 3828 κατειληφέναι.
732 3757 1232 3831 Ἀποκρινάσθωσαν
1323 3764 1496 3814 τοίνυν
1589 3763 1735 3834 ἡμῖν.
1811 3766 1874 3816 Τί

267 3864 392 3900 ποτε
419 3848 531 3918 (37)
579 3853 683 3921 ἄρα
727 3847 758 3905 ἡ
791 3854 884 3901 τοῦ
931 3847 1202 3921 αἰσθημοῦ
1240 3849 1392 3908 ἡλίου
1423 3849 1618 3918 οὐσίας
1651 3856 1872 3924 Πότερον

267 3936 318 3989 ἓν
345 3955 397 3990 τι
446 3945 548 3988 τῶν
591 3939 860 4011 τεσσάρων
901 3935 1060 4006 ἐστὶν,
1104 3940 1135 4000 ἣ
1179 3941 1418 4002 σύνθετός
1473 3939 1616 3994 ἔστιν
1665 3941 1720 3994 ἐκ
1771 3949 1872 3995 τῶν

266 4027 574 4099 τεσσάρων;
617 4025 774 4080 Ἀλλά
801 4031 906 4100 μὴν
945 4031 1063 4082 οὔτε
1098 4037 1166 4100 γῆ
1223 4028 1381 4088 ἔστιν.
1435 4034 1553 4084 οὔτε
1605 4029 1728 4106 ἀὴρ,
1756 4035 1874 4102 οὔτε

264 4110 409 4191 ὕδωρ
464 4115 625 4182 ἐστὶν,
684 4119 801 4170 οὔτε
857 4124 984 4191 πῦρ.
1023 4124 1202 4172 Ταῦτα
1255 4124 1359 4192 γὴρ
1404 4118 1480 4172 ἐπ’
1535 4120 1738 4184 εὐθείας
1784 4141 1871 4175 κι-

259 4213 425 4259 νεῖται
456 4226 472 4241 ·
524 4209 590 4259 τὰ
637 4209 728 4280 μὲν
767 4209 872 4260 ἄνω
920 4213 1192 4284 φερόμενα,
1223 4211 1291 4262 τὰ
1338 4207 1399 4264 δὲ
1446 4213 1608 4268 κάτω.
1662 4218 1730 4271 Γῆ
1781 4216 1873 4286 μὶν

260 4297 364 4368 γὰρ
393 4299 485 4348 καὶ
514 4292 659 4369 ὕδωρ
699 4305 968 4372 κατωφερῆ
1004 4297 1122 4352 ἔστε
1169 4294 1264 4351 διὰ
1292 4302 1353 4352 τό
1408 4299 1572 4374 βάρος
1598 4322 1611 4335 ·
1660 4299 1761 4376 ἀὴρ
1811 4298 1873 4356 δὶ

260 4388 351 4438 καὶ
401 4391 506 4459 πῦρ
562 4387 655 4446 τῆν
719 4387 824 4438 ἄνω
878 4388 1036 4461 φορὰν
1090 4396 1309 4442 κινεῖται
1365 4386 1461 4442 διὰ
1514 4395 1814 4464 κουφότητα
1851 4412 1866 4426 ·

1995 1162 2282 1220 Mensura
2303 1169 2387 1220 est
2403 1165 2629 1235 pelagi,
2651 1169 2706 1220 et
2731 1178 3017 1220 numerus
3045 1164 3198 1221 mihi
3225 1169 3402 1221 notus
3427 1179 3651 1235 arenae,

2063 1343 2234 1409 Quod
2267 1343 2315 1399 si
2338 1344 2526 1400 multa
2549 1343 2877 1414 ignoras,et
2900 1344 3134 1400 inﬁnito
3156 1343 3334 1417 plura
3358 1349 3652 1418 suntquae

1984 1433 2250 1502 ignoras,
2278 1450 2465 1506 quam
2497 1449 2632 1506 quae
2664 1435 2845 1502 nosti,
2872 1450 2980 1489 cur
2999 1449 3123 1489 non
3147 1435 3327 1490 etiam
3355 1451 3495 1491 cum
3525 1451 3655 1493 om-

1984 1522 2166 1578 nibus
2197 1523 2399 1578 fateris
2420 1522 2568 1578 citra
2600 1521 2895 1593 pudorem
2932 1528 3098 1578 tuam
3127 1523 3307 1578 istam
3339 1523 3414 1577 de
3458 1523 3652 1580 modo

1984 1628 2108 1685 quo
2127 1612 2378 1684 Spiritus
2404 1618 2650 1668 sanctus
2672 1613 2909 1667 exsistit
2925 1613 3496 1683 ignorantiam,cum
3520 1613 3650 1669 haec

1985 1702 2132 1758 nihil
2149 1702 2370 1758 habeat
2386 1701 2667 1774 periculi?
2679 1702 2810 1758 Mihi
2827 1709 3030 1758 autem
3053 1718 3176 1759 non
3198 1707 3376 1759 vacat
3395 1703 3648 1774 quidem

1984 1792 2416 1862 cogitationum
2440 1799 2680 1848 tuarum
2708 1793 3038 1848 vanitatem
3059 1793 3648 1865 redarguere.neque

1982 1897 2171 1954 quam
2202 1882 2391 1937 multa
2419 1882 2478 1936 in
2499 1881 2682 1937 rebus
2712 1881 2833 1936 sint
2877 1897 3017 1953 quas
3042 1882 3262 1937 mentis
3291 1887 3408 1937 tuae
3436 1895 3645 1953 perce-

1982 1971 2252 2045 ptionem
2282 1969 2537 2041 fugiant,
2577 1971 2938 2038 ostendere;
2990 1977 3194 2027 tamen
3223 1970 3372 2026 illud
3418 1977 3646 2027 vestros

1981 2061 2234 2118 libenter
2267 2060 2554 2131 rogarim,
2579 2065 2635 2117 et
2653 2059 2909 2116 ﬁdenter
2933 2058 3172 2116 aﬂirmo
3194 2060 3340 2127 lore,
3373 2065 3438 2116 ut
3457 2059 3649 2132 poeni-

1984 2156 2102 2207 teat
2121 2156 2176 2206 te
2214 2149 2548 2222 aliquando
2584 2150 2785 2222 impia‘
2808 2149 2990 2219 hujus
3021 2148 3277 2216 astutiae,
3307 2164 3430 2221 qua
3466 2148 3649 2222 Spiri-

1981 2245 2110 2297 tum
2140 2246 2417 2295 sanctum
2448 2245 2789 2294 creaturam
2817 2237 2986 2293 dicis.
3021 2244 3237 2293 Annon
3279 2238 3451 2294 times
3500 2254 3646 2311 pec-

1981 2335 2206 2397 catum,
2237 2329 2408 2399 cujus
2435 2328 2601 2384 nulla
2629 2333 2722 2383 est
2741 2327 2918 2384 venia
2941 2329 2984 2363 ‘7
3003 2329 3030 2384 ‘I
3071 2333 3188 2383 Aut
3211 2331 3390 2400 putas
3415 2333 3470 2383 te
3512 2343 3647 2400 pro-

1981 2420 2131 2475 ferre
2171 2433 2351 2490 posse
2382 2416 2829 2489 blasphemiam
2869 2416 3248 2489 quampiam,
3299 2431 3435 2488 qua:
3487 2417 3648 2472 hanc

1982 2512 2224 2579 superet
2240 2506 2577 2578 impietate?
2591 2508 2736 2561 Nam
2757 2522 2829 2560 ex
2847 2520 2967 2560 una
2982 2506 3096 2560 hac
3117 2520 3263 2561 voce
3286 2504 3648 2573 gravissima

1979 2612 2240 2670 quaeque
2271 2594 2642 2668 impendent,
2667 2594 2948 2651 alienatio
2977 2610 3014 2650 a
3041 2595 3159 2651 Deo
3181 2593 3518 2650 secundum
3540 2609 3647 2650 na-

1983 2690 2177 2740 turam
2197 2684 2416 2757 ipsam,
2445 2685 2746 2740 servitutis
2776 2683 3112 2753 humilitas,
3145 2683 3383 2740 servilia
3411 2682 3644 2754 munia,

1982 2773 2240 2846 privatio
2280 2775 2718 2840 sanctimoniae,
2761 2791 2898 2829 cum
2945 2789 3017 2830 ea
3058 2773 3212 2829 desit
3244 2789 3382 2844 quae
3413 2777 3646 2829 natura:

1983 2865 2278 2934 congruit,
2301 2864 2652 2937 accidetque
2683 2864 2926 2936 Spiritui
2951 2863 3087 2936 ipsi,
3122 2868 3188 2919 ut
3227 2863 3443 2920 eodem
3464 2862 3647 2920 modo

1983 2969 2054 3010 ex
2077 2956 2284 3025 gratiae
2306 2953 2727 3010 distributione
2750 2954 3050 3026 particeps
3074 2953 3182 3009 ﬁat
3203 2946 3644 3019 sanctimoniae,

1983 3058 2106 3116 quo
2131 3059 2268 3100 eam
2291 3047 2347 3100 et
2367 3043 2597 3116 reliqua
2617 3058 2754 3115 quae
2773 3042 3115 3111 signiﬁcata
3137 3042 3556 3111 sunt,habent.
3578 3043 3646 3099 Et

1985 3133 2136 3189 sicut
2163 3132 2345 3188 datur
2371 3132 2546 3188 nobis
2573 3130 2983 3188 manifestatio
3027 3131 3282 3203 Spiritus
3314 3130 3392 3187 ad
3426 3129 3645 3186 utilita-

1986 3227 2124 3284 tem.
2154 3228 2210 3278 et
2241 3222 2394 3279 sicut
2421 3222 2670 3278 cuilibet
2692 3237 2800 3294 pro
2826 3221 3011 3278 modo
3032 3238 3103 3278 ac
3120 3222 3352 3277 ratione
3375 3219 3516 3276 ﬁdei
3541 3219 3646 3276 ad-

1982 3313 2224 3369 metitur
2243 3313 2313 3380 ‘3,
2354 3312 2436 3368 ita
2465 3316 2523 3369 et
2555 3312 2806 3384 Spiritus
2836 3311 2964 3384 ipse
3013 3311 3431 3368 sanctimoniae
3462 3309 3646 3382 parti-

1982 3417 2124 3476 ceps
2152 3401 2280 3468 erit,
2310 3401 2362 3457 si
2391 3417 2546 3467 vere,
2591 3402 2679 3458 uti
2709 3401 3240 3459 Pneumatomachi
3275 3399 3642 3466 existimant,

1981 3497 2218 3548 creatus
2254 3495 2366 3548 est.
2401 3535 2403 3537 .

2049 3586 2107 3640 7.
2153 3579 2268 3637 Sed
2297 3594 2374 3636 ne
2399 3579 2675 3636 sinamus
2703 3580 3022 3637 stultitiam
3050 3595 3264 3637 eorum
3284 3580 3392 3654 qui
3429 3595 3492 3636 se
3520 3594 3652 3636 om-

1978 3671 2082 3728 nia
2113 3676 2312 3727 mente
2342 3684 2454 3725 sua
2491 3670 3028 3743 comprehendisse
3084 3675 3322 3742 putant,
3372 3668 3650 3726 confuta-

1978 3763 2139 3819 tione
2167 3777 2390 3818 carere.
2423 3761 2607 3818 Nobis
2631 3759 2814 3832 igitur
2841 3760 3273 3833 respondeant.
3322 3758 3476 3825 Quid
3516 3764 3643 3814 tan-

1978 3851 2119 3908 dem
2150 3856 2237 3908 est
2263 3851 2568 3908 sensibilis
2620 3849 2805 3920 hujus
2845 3847 2988 3905 solis
3033 3847 3337 3905 essentia?
3366 3849 3643 3904 Unumne

1978 3957 2050 3998 ex
2081 3947 2343 4014 quatuor
2365 3939 2696 4005 elementis,
2737 3953 2816 3995 an
2842 3937 3225 4010 compositus
3255 3943 3349 3994 est
3386 3951 3459 3992 ex
3496 3951 3644 4008 qua-
3725 3993 3733 3997 _

1977 4032 2152 4089 tuor?
2177 4031 2357 4103 Atqui
2406 4044 2604 4103 neque
2645 4034 2805 4085 terra
2853 4032 2962 4097 est,
3013 4042 3211 4099 neque
3270 4041 3393 4093 aer,
3445 4039 3642 4097 neque

1977 4136 2362 4195 aqua,neque
2376 4119 2704 4190 ignisJ-Iec
2718 4119 2882 4175 enim
2898 4121 3129 4173 rectum
3150 4121 3385 4173 motum
3397 4113 3643 4181 habent;

1977 4211 2110 4269 aliis
2135 4210 2540 4280 sursum,aliis
2559 4209 2846 4265 deorsum
2869 4207 3465 4278 vergentibus.Terra
3479 4203 3645 4260 enim

1978 4307 2037 4359 et
2058 4316 2222 4374 aqua
2247 4301 2535 4357 deorsum
2560 4299 2831 4361 feruntur
2855 4305 3102 4371 propter
3133 4296 3514 4368 gravitatem;
3539 4309 3644 4350 aer

1978 4407 2124 4449 vero
2139 4391 2366 4462 etignis
2387 4405 2632 4447 sursum
2655 4405 2866 4446 versus
2887 4391 3208 4444 moventur
3224 4386 3304 4442 ob
3319 4385 3639 4441 levitatem:

259 4481 352 4527 τοῦ
384 4470 444 4528 δὲ
474 4473 626 4532 ἡλίου
675 4475 1024 4552 κυκλοφορική
1081 4476 1223 4530 ἐστιν
1253 4480 1283 4537 ἡ
1317 4483 1540 4541 κίνησις.
1575 4481 1652 4533 Οὐ
1699 4486 1870 4534 τοίνυν

1985 4481 2071 4539 sol
2101 4460 2301 4537 autem
2331 4480 2393 4536 in
2430 4478 2640 4536 orbem
2659 4483 2957 4536 movetur.
2990 4480 3117 4534 Non
3141 4475 3324 4545 igitur
3344 4490 3536 4531 unum
3567 4488 3642 4529 ex

260 4563 404 4617 ἔστὶν
469 4565 518 4618 ἓν
580 4573 682 4619 τῶν
737 4568 1031 4643 τεσσάρων.
1075 4567 1230 4621 Ἀλλὰ
1291 4574 1394 4641 μὴν
1452 4567 1578 4624 οὐδὲ
1625 4573 1871 4635 σύνθετός

259 4650 401 4706 ἔστιν
433 4653 490 4706 ἐκ
517 4657 716 4708 τούτων
743 4675 758 4690 θ
793 4652 936 4710 διότι
964 4659 1032 4711 τὰ
1075 4659 1295 4711 σύνθετα
1327 4661 1546 4733 καμάτῳ
1568 4665 1868 4734 συνέχεται,

258 4741 315 4796 ἐκ
378 4744 470 4818 μὲν
526 4753 628 4799 τῶν
695 4745 940 4801 ἐναντίων
999 4752 1092 4808 τὴν
1157 4751 1416 4803 σύστασιν
1465 4753 1673 4822 ἔχοντα,
1735 4751 1870 4807 ἀντι-

260 4837 503 4888 σπώντων
553 4832 614 4889 δι
662 4833 903 4902 ἀλλήλοις
953 4857 1054 4891 των
1105 4837 1347 4892 ἐναντίων
1388 4843 1524 4895 κατὰ
1572 4848 1668 4901 τὴν
1714 4848 1869 4902 κίνη-

259 4939 363 4980 σιν.
416 4923 712 4999 Ἃκαματος
779 4923 841 4981 δὲ
893 4935 987 4982 τοῦ
1053 4927 1204 4987 ἡλίου
1264 4933 1494 5000 κίνησις,
1565 4928 1659 4985 διὰ
1713 4940 1868 4987 τοῦτο

331 5058 375 5093 ⁸⁷
410 5059 609 5117 Matth.
637 5076 734 5132 xu,
766 5066 854 5119 32.
933 5064 981 5100 ⁸⁸
1009 5067 1030 5120 Ι
1061 5067 1194 5124 Cor.
1226 5082 1326 5137 xu,
1346 5073 1406 5128 7.

329 5181 447 5326 (32)
479 5186 625 5243 Editi
658 5187 863 5243 ἑαυτοῦ.
898 5193 988 5246 At.
1022 5206 1170 5247 mss.
1207 5197 1326 5250 tres
1369 5202 1613 5252 σεαυτοῦ.

329 5256 421 5326 (33
481 5259 717 5315 \‘eteres
751 5265 1015 5326 quatuor
1043 5262 1177 5319 libri
1204 5265 1519 5326 περιέλαϐες.
1554 5271 1613 5324 Ε(

329 5256 446 5344 (23)
479 5259 1015 5344 _\_'eteres“quatuor
1043 5262 1177 5319 libri
1204 5265 1519 5344 περιέλαϐες.
1554 5267 1706 5326 Editi
1741 5287 1870 5344 προ.

261 5325 451 5409 (λοξῆς.
472 5333 606 5409 lile
630 5325 796 5388 Colb'.
831 5331 1062 5409 primus
1090 5325 1400 5409 καταλήψει.

286 5468 298 5486 9
329 5399 442 5468 (34)
469 5405 637 5486 Nota,
669 5399 855 5476 quam
883 5405 963 5486 ad
997 5404 1158 5486 hunc
1181 5399 1382 5468 locum
1411 5412 1646 5471 addidit
1673 5414 1868 5472 erudi-

256 5474 528 5557 tissimus
556 5474 830 5557 Dircaeus,
850 5477 1221 5557 dignissima
1245 5489 1334 5540 est
1363 5500 1499 5557 quae
1522 5487 1776 5553 legatur.

326 5544 562 5633 t33‘i)ﬂln
602 5544 896 5633 3111345.);
933 5544 1020 5630 iis?
1045 5551 1234 5633 ὑμῶνη
1261 5544 1868 5633 νὶιίίέιιὶᾳιιῖᾶγὶηθεεο

253 5620 371 5671 rati
394 5631 423 5670 s
449 5616 872 5693 Combeﬁsius,
903 5616 988 5678 sic
1019 5616 1386 5700 emendavit,
1417 5616 1540 5693 τούξ
1579 5629 1664 5704 ἀφ’
1689 5633 1866 5704 ὑμῶνε

1977 4576 2244 4645 quatuor
2269 4574 2378 4626 est.
2407 4573 2534 4626 lmo
2564 4584 2642 4625 ne
2685 4565 3060 4639 compositus
3106 4564 3357 4637 quidem
3405 4577 3479 4617 ex
3524 4560 3641 4617 illis

1976 4666 2086 4728 est,
2117 4677 2256 4717 cum
2287 4675 2362 4716 ea
2411 4675 2552 4732 quae
2580 4656 2920 4730 composita
2951 4660 3112 4722 sunt,
3146 4658 3354 4724 utpote
3397 4668 3470 4706 ex
3502 4665 3643 4706 con-

1976 4750 2169 4808 trariis
2198 4748 2558 4815 constantia,
2580 4747 2879 4812 fatiscant,
2911 4743 2983 4800 iis
3003 4758 3269 4817 quorum
3298 4739 3641 4796 contrarius

1975 4845 2176 4896 motus
2209 4845 2300 4897 est
2331 4854 2396 4895 se
2424 4837 2682 4895 invicem
2705 4835 2825 4892 alio
2856 4830 3371 4908 pertrahentibus.
3405 4835 3476 4885 At
3496 4843 3638 4884 vero

1976 4930 2122 4988 solis
2148 4935 2351 4988 motus
2393 4926 2739 4984 indefessus
2767 4929 2877 4995 est,
2909 4923 2992 4982 ob
3020 4921 3204 4995 idque
3250 4918 3636 4992 irrequietus.

1973 5209 2164 5271 quam
2193 5188 2683 5271 emendationem
2699 5186 2858 5271 mihi
2893 5182 3074 5245 valde
3121 5179 3459 5271 admodum
3481 5193 3643 5271 ,ΒΞ-εξ

1973 5255 2104 5326 bari
2135 5270 2354 5335 fateor;
2384 5265 2675 5339 quoniam
2694 5266 3134 5339 tamenomnes
3163 5255 3458 5339 libratum
3480 5255 3642 5339 typis

1974 5340 2279 5414 descripti.
2307 5327 2437 5396 tum
2469 5337 2706 5414 calamo
2735 5332 2949 5401 notati,
2978 5331 3210 5386 habent
3237 5330 3356 5388 τοὺς
3380 5327 3456 5399 ἐφ’
3475 5327 3639 5398 ὑμῶν,

1975 5413 2121 5470 nihil
2154 5409 2387 5468 mutare
2419 5409 2599 5466 volui.
2664 5477 2696 5482 ,μ
3070 5475 3078 5482 λ
3348 5469 3360 5482 ο
3503 5471 3515 5482 ⁸
3549 5447 3554 5466 ς

2046 5489 2156 5555 (36)
2188 5485 2336 5540 Editi
2370 5486 2618 5554 μέτοχον.
2654 5477 2889 5534 Veteres
2937 5475 3202 5555 quatuor
3227 5470 3363 5555 libri
3395 5471 3639 5542 μετέχον.

2047 5549 2163 5629 (37)
2200 5555 2347 5613 Editi
2370 5549 2453 5615 ’τίς
2477 5549 2621 5608 ποτε.
2657 5557 2724 5609 At
2752 5565 2905 5607 mss.
2929 5550 3192 5619 quatuor
3218 5549 3268 5598 τί
3292 5561 3435 5600 ποτε.
