4110 6414
256 306 362 362 617
1155 302 1422 358 ΡΜΝΙΑ
1467 301 1855 359 lNSTl’l‘l'TlO
1896 302 2258 360 ASCETICA.
2299 334 2368 346 —
2415 307 2751 365 MONITUM.
3527 318 3633 371 618

257 429 284 482 ὀ
322 434 394 504 μὴ
445 436 608 503 τιμῶν
653 430 713 480 τὸ
755 433 965 499 Πνεῦμα
1010 425 1069 477 οὐ
1112 432 1242 499 τιμᾷ
1278 429 1369 478 τὸν
1394 428 1513 479 Υἱόν
1542 446 1555 461 -
1593 426 1652 478 Ὀ
1684 423 1744 479 δέ
1780 430 1851 499 μὴ

2010 440 2177 483 erum
2208 427 2326 485 dici
2347 429 2425 485 ab
2448 429 2955 499 adversariis.0ui
2973 447 3074 490 vos
3096 437 3345 504 spernit,
3361 452 3453 494 me
3471 452 3633 508 sper-

255 528 420 593 τιμῶν
473 522 560 571 τὸν
612 520 730 571 Υἰὸν
781 515 840 568 οὐ
890 521 1020 589 τιμᾷ
1064 518 1151 567 τὸν
1204 520 1425 591 Πατέρα.
1471 516 1650 578 Οὕτως
1690 517 1792 590 ἄρα
1822 517 1850 574 ἡ

2012 516 2147 572 it“.
2191 518 2386 583 Quare
2411 519 2438 575 ?
2477 522 2721 592 Propter
2763 521 3049 594 Spiritum
3080 523 3356 581 videlicet
3385 527 3448 581 in
3485 528 3632 599 ipsis

254 614 374 684 περὶ
423 609 472 662 ἕν
518 627 571 661 τι
613 615 714 659 τῶν
757 608 1141 677 πιστευομένων
1192 602 1532 678 ἀγνωμοσύνη
1586 605 1706 668 ῶης
1748 604 1858 658 ἐστὶ

2003 604 2424 665 ahabitantem.
2456 613 2664 683 Itaque
2692 612 2798 684 qui
2843 627 2966 668 non
3013 612 3274 669 honorat
3324 615 3626 689 Spiritum,

255 705 349 759 τῆς
394 699 636 757 θεότητος
665 698 902 771 ἄρνησις.
931 694 991 748 Εἰ
1019 698 1231 746 κτιστύν
1264 693 1375 747 ἐστι
1432 698 1490 747 τὸ
1538 702 1764 767 Πνεῦμα,
1798 695 1855 747 οὐ

2005 694 2181 751 'ilium
2211 712 2332 752 non
2355 698 2651 755 honorat:
2706 701 2939 757 Filium
2963 716 3106 757 vero
3138 703 3242 774 qui
3284 719 3406 759 non
3444 703 3628 761 hono-

258 787 409 841 θεῖον.
450 785 605 840 Ἀλλὰ
660 789 762 858 μὴν
822 791 1046 856 Πνεῦμα,
1102 788 1253 856 φησὶ,
1317 786 1447 838 θεῖον
1503 787 1562 836 τὸ
1629 786 1856 843 retiis-aia

2007 790 2087 851 at,
2113 786 2358 846 Patrem
2378 803 2500 843 non
2531 789 2790 846 honorat
2808 791 2878 847 ⁵⁸.
2895 790 2986 847 Sic
3012 790 3191 861 igitur
3211 792 3468 863 perﬁdia
3493 810 3630 866 qum

255 895 336 949 με.
389 879 512 942 Καὶ,
560 874 854 945 Ἐνέπ).ησε,
921 878 1097 946 φησὶν,
1174 875 1199 925 ὁ
1276 877 1407 936 Θεὸς
1470 877 1556 926 τὸν
1620 873 1856 933 nso-elabi.

2012 873 2300 932 dmittitur
2326 875 2389 933 in
2421 893 2612 934 unum
2643 879 2893 953 aliquod
2920 896 3125 937 eorum
3160 882 3328 953 197
3348 899 3485 955 quae
3511 900 3635 940 cre-

256 971 467 1039 Πνιΰμα
520 966 653 1017 θεῖον
721 968 904 1036 σοφίας
986 968 1076 1016 καὶ
1156 967 1424 1024 συνέσεως.
1504 971 1611 1016 Ποῦ
1685 968 1856 1015 τοίνυν

2011 963 2168 1020 enda
2198 971 2358 1036 sunt,
2390 967 2678 1025 inﬁciatio
2709 974 2797 1025 est
2837 970 3017 1026 totius
3064 970 3327 1029 deitatis.
3376 971 3631 1045 Spiritus

255 1055 509 1130 εὑρίσκεις
561 1054 910 1129 προσεγγίξον
953 1057 1013 1105 τὸ
1086 1056 1256 1120 θεῖον;
1324 1060 1385 1125 τῇ
1463 1052 1702 1119 aria-sui:
1790 1061 1852 1125 τῇ

2011 1052 2280 1110 icreatus
2309 1059 2416 1123 est,
2440 1072 2563 1113 non
2588 1062 2680 1114 est
2706 1057 2970 1115 divinus.
3011 1060 3191 1132 Atqui
3229 1061 3514 1130 Spiritus,
3547 1062 3634 1119 ins

258 1146 504 1211 θεότητις
558 1145 618 1196 Εἰ
664 1147 754 1217 μὲν
800 1146 902 1217 γὰρ
941 1150 1005 1216 τῇ
1062 1147 1255 1208 κτίσει,
1301 1148 1391 1195 καὶ
1420 1146 1507 1195 τὸν
1536 1146 1741 1217 Πατέρα
1765 1149 1857 1194 τοῦ

2014 1142 2118 1211 uit,
2161 1143 2403 1201 divinus
2443 1148 2551 1218 qui
2580 1147 2725 1218 fecit
2778 1163 2871 1205 me
2886 1150 2957 1205 ⁵⁷.
2993 1152 3059 1205 Et
3090 1149 3384 1220 Replevit,
3414 1151 3632 1225 inquit,

258 1238 452 1309 Κυρίου
492 1235 636 1306 ἡμῶν
690 1234 868 1291 Ἰησοῦ
916 1240 1153 1306 Χριστοῦ
1201 1237 1402 1305 κτίσμα
1455 1230 1616 1306 ἐρεῖς·
1670 1236 1859 1305 γέγρα-

2010 1238 2126 1288 ιευε
2150 1234 2415 1291 Beseleel
2443 1236 2684 1305 Spiritu
2709 1237 2914 1295 divino
2943 1239 3256 1309 sapientia?
3279 1246 3332 1295 et
3362 1242 3633 1310 pruden-

251 1341 381 1375 πται
443 1323 545 1397 γὰρ
595 1327 713 1398 περὶ
764 1322 944 1374 αὑτοῦ·
992 1319 1057 1373 Ἰῐ
1113 1340 1166 1373 τε
1211 1317 1382 1381 ἀίδιος
1424 1320 1585 1375 αὐτοῦ
1640 1316 1860 1394 δύναμις

2008 1321 2149 1380 ire”.
2183 1326 2390 1398 Itaque
2422 1325 2501 1381 ad
2531 1332 2733 1384 utrum
2764 1328 2989 1400 reperis
3008 1329 3282 1386 divinum
3311 1333 3631 1388 accedere?

253 1416 343 1464 καὶ
397 1413 638 1473 θειότηςο
709 1411 752 1463 εἰ
808 1407 867 1463 δὲ
933 1418 994 1482 τῇ
1077 1412 1303 1477 θεότητι,
1367 1411 1696 1482 itu-Jejuno;
1763 1418 1859 1472 τῆς

2013 1411 2047 1468 [1
2078 1417 2434 1480 creaturam,
2460 1431 2536 1471 an
2568 1416 2648 1472 ad
2678 1416 2961 1473 deitatem
2982 1422 3010 1473 ?
3040 1418 3210 1483 Quod
3238 1419 3285 1475 si
3307 1420 3385 1475 ad
3407 1425 3636 1478 creatu-

256 1500 622 1576 βλασφημίας,
692 1499 941 1571 intr/amat
991 1506 1083 1552 τθῦ
1142 1502 1436 1572 Ilus-Suum;
1498 1504 1593 1557 τὴν
1678 1498 1849 1562 ἀξίαν.

2013 1517 2126 1573 am,
2180 1502 2360 1559 etiam
2393 1506 2624 1561 Patrem
2677 1506 2918 1562 Domini
2975 1507 3167 1563 nostri
3223 1510 3362 1565 Jesu
3420 1510 3636 1567 Christi

257 1590 439 1652 Οὕτως
496 1588 739 1652 ἀσύνετος
785 1585 849 1657 εἶ,
903 1590 971 1651 ὡς
1017 1585 1158 1661 ’μηδ’
1197 1588 1283 1639 ὑπ’
1318 1588 1860 1663 αὐτῆςπροσάγεσῦαι

2011 1596 2311 1648 reaturam
2336 1593 2522 1650 dices.
2556 1597 2704 1651 Nam
2735 1595 2810 1652 de
2835 1611 2908 1651 eo
2936 1595 3228 1669 scriptum
3258 1603 3374 1654 est:
3408 1600 3634 1669 Sempi-

258 1686 573 1752 τῆςφωνῆς
631 1679 703 1741 εἰς
791 1681 884 1740 τὰς
975 1676 1122 1741 ἀξίας
1197 1664 1394 1740 ἑννοίας
1465 1685 1558 1731 τοῦ
1630 1681 1863 1751 Haeduu-

2013 1696 2149 1739 erna
2169 1698 2401 1754 quoque
2438 1686 2566 1753 ejus
2589 1687 2802 1752 virtus,
2836 1690 2891 1742 et
2921 1685 3209 1743 divinitas
3226 1688 3296 1740 ⁵9.
3323 1688 3378 1744 Si
3395 1704 3535 1744 vero
3558 1688 3636 1744 ad

260 1787 349 1831 τος
379 1746 514 1841 (ii).
1766 1746 1775 1751 ’
1906 1746 1947 1799 Β
1974 1746 2278 1835 deitatem,
2298 1746 2698 1845 blasphemiae
2720 1746 3008 1847 imposito
3024 1775 3429 1849 ﬁne,Spiritus
3454 1793 3639 1846 agno-

265 1874 364 1915 sce
406 1857 809 1931 maiestatem.
844 1856 1007 1915 Adeo
1026 1857 1318 1932 insipiens
1342 1874 1427 1928 es,
1460 1863 1619 1917 utne
1644 1858 1723 1917 ab
1762 1859 1896 1933 ipsa
1925 1859 2177 1933 quidem
2207 1876 2356 1917 voce
2384 1862 2463 1918 ad
2485 1861 2708 1934 dignas
2738 1862 2958 1936 Spiritu
2996 1865 3274 1921 notiones
3305 1866 3636 1924 deducere.

342 1983 390 2019 ³⁵
423 1983 561 2040 Luc.
591 1999 651 2054 Σ,
682 1986 768 2040 16.
844 1984 892 2020 ⁵⁸
920 1985 1098 2041 Joan.
1128 1998 1179 2051 ν,
1204 1982 1292 2041 23.
1370 1983 1416 2019 ετ
1442 1982 1576 2041 Job.
1606 1999 1810 2054 xxxm,
1841 1985 1893 2040 4.

1474 1982 1576 2041 ob.
1606 1999 1810 2054 xxxm,
1841 1985 1893 2040 4.
1971 1983 2019 2020 ³⁸
2047 1984 2232 2042 Exod.
2264 2002 2444 2058 xxxv,
2494 1989 2582 2044 3t.
2660 1988 2707 2024 ‘9
2736 1988 2906 2045 Rom.
2939 2003 2978 2058 ι,
3000 1987 3092 2047 20.

337 2108 453 2182 (41)
483 2108 551 2165 ln
578 2108 887 2183 aliquibus
918 2125 1069 2166 mss.
1108 2108 1352 2166 additur
1375 2108 1720 2181 doxologia.

266 2288 3628 2322 Μ

1610 2437 2219 2537 MONITUM
2250 2516 2269 2537 .

349 2712 523 2787 198
544 2711 726 2771 Multa
737 2710 918 2770 hodie
939 2711 1187 2769 nomine
1207 2710 1613 2771 Asceticorum
1633 2709 2069 2785 comprehendi
2092 2709 2303 2780 solent,
2330 2709 2739 2783 Praefationes,
2765 2716 3085 2772 Sermones
3105 2714 3357 2788 quidam
3382 2713 3642 2789 peculia-

260 2820 397 2870 res;
427 2802 664 2860 libellus
684 2803 771 2859 De
787 2802 927 2871 ﬁde,
956 2800 1109 2859 alius
1139 2800 1379 2859 libellus
1410 2803 1495 2859 De
1505 2802 1741 2873 judicio
1762 2802 1891 2869 Dei,
1912 2801 2179 2868 Horatia,
2210 2803 2453 2873 Regula:
2484 2805 2765 2873 majores,
2798 2806 3043 2875 Regulae
3081 2806 3364 2873 minores,
3410 2806 3643 2863 Consti-

270 2894 529 2950 tutiones
550 2893 936 2963 monastic-ar;
966 2890 1069 2947 sed
1095 2891 1241 2948 olim
1270 2908 1395 2949 non
1416 2894 1624 2949 omnia
1652 2891 1782 2948 haec
1801 2891 1863 2947 in
1893 2890 2175 2948 Asceticis
2200 2892 2899 2965 comprehendebantur.
2922 2899 3005 2950 lta
3031 2895 3209 2965 igitur
3236 2895 3425 2952 Photii
3446 2900 3640 2963 aetate,

267 2980 465 3038 Basilii
480 2996 634 3055 opus
654 2979 940 3041 ἀσκητικὸν
958 2979 1526 3052 restringebatur,ut
1542 2979 1744 3037 solum
1764 2979 1921 3036 duos
1944 2982 2031 3037 De
2042 2981 2280 3051 judicio
2304 2997 2373 3035 ac
2398 2982 2482 3038 De
2493 2982 2614 3049 ﬁde
2634 2981 2892 3051 libellos,
2917 2983 3205 3051 Moralia,
3230 2985 3494 3055 [tegulas
3513 2990 3642 3042 tum

272 3071 532 3141 majores
554 3076 679 3127 tum
700 3073 960 3129 minores
986 3071 1230 3145 proprie
1252 3069 1768 3144 complecteretur.
1802 3071 1873 3126 Ut
1901 3075 2104 3126 autem
2126 3069 2360 3137 reliqua
2382 3068 2504 3125 fere
2526 3071 2733 3127 omnia
2766 3071 2964 3128 Basilii
2986 3089 3171 3144 opera
3198 3074 3259 3128 in
3279 3074 3536 3129 dubium
3555 3090 3643 3129 rc-

271 3165 579 3230 vocantur,
609 3161 693 3218 ita
719 3173 965 3235 quoque
995 3159 1265 3217 maxima
1285 3175 1427 3234 pars
1453 3158 1859 3217 Asceticorum
1883 3158 2253 3232 quibusdam
2276 3161 2473 3221 νοθείας
2496 3165 2778 3234 suspecta
2809 3166 2916 3218 est.
2945 3162 3243 3228 Quoniam
3268 3168 3471 3218 tamen
3493 3163 3644 3219 anti—

266 3249 374 3324 qui
394 3250 712 3325 scriptores
733 3250 1018 3307 Basilium
1041 3255 1350 3308 auctorem
1366 3248 2143 3317 faciuntAsceticorum,vel
2159 3248 2525 3306 morosiores
2543 3249 2725 3306 critici
2746 3249 2958 3308 saltem
2985 3251 3251 3325 aliquam
3277 3268 3487 3307 eorum
3502 3268 3640 3324 par-

263 3344 384 3397 tem
409 3339 583 3398 facile
604 3340 658 3397 ei
681 3340 977 3397 tribuunt:
1003 3340 1111 3396 sed
1132 3340 1213 3397 ita
1238 3338 1844 3413 tamen,utquidquid
1864 3338 2235 3414 praecipuum
2251 3339 2622 3409 est,omneid
2636 3340 2767 3412 ejus
2783 3356 2917 3398 esse
2930 3347 3170 3412 negent.
3191 3344 3304 3397 Nec
3320 3340 3641 3415 hiquidem

262 3429 420 3487 inter
441 3445 506 3486 se
536 3428 938 3486 consentiunt.
978 3428 1087 3484 Alii
1113 3428 1275 3485 enim
1304 3428 1446 3484 satis
1471 3428 1699 3485 habent
1713 3429 1976 3500 [tegulas
1998 3429 2295 3485 breviores
2310 3427 2529 3485 Basilio
2553 3430 2766 3500 Magno
2792 3430 3291 3502 abjudicare.Alii
3312 3430 3645 3504 iniquiores

263 3520 319 3578 ei
345 3518 982 3592 abjudicantRegulas
998 3519 1256 3575 minores
1277 3517 1536 3574 simulet
1556 3517 2205 3588 majores,etMoralia,
2238 3520 2294 3573 et
2312 3516 2546 3573 libellos
2566 3519 2653 3575 De
2689 3520 2802 3575 Dei
2814 3520 3049 3589 judicio
3089 3535 3159 3576 ac
3197 3522 3287 3577 De
3323 3536 3463 3578 vera
3500 3522 3638 3589 ﬁde.

265 3611 417 3668 Cum
449 3614 654 3665 autem
679 3607 1059 3680 singulorum
1080 3606 1395 3681 opiniones
1418 3606 1738 3680 explicare,
1767 3622 1993 3679 easque
2018 3610 2124 3662 aut
2147 3605 2457 3662 confutare
2499 3612 2603 3664 aut
2643 3607 2986 3681 approbare
3026 3607 3208 3665 nimis
3249 3609 3503 3679 longum
3544 3611 3637 3683 sit,

264 3713 437 3757 more
465 3702 673 3755 nostro
703 3697 779 3755 de
805 3695 899 3754 his
920 3697 1103 3753 rebus
1125 3697 1188 3753 in
1219 3696 1570 3754 Priet‘atione
1591 3695 2067 3769 disputabimus.

339 3791 537 3846 Pauca
574 3801 820 3862 quoque
850 3789 925 3844 de
952 3786 1121 3843 libris
1151 3787 1416 3860 antiquis
1445 3785 1643 3843 dicere
1665 3786 1831 3843 libet.
1865 3784 2093 3849 Multos,
2118 3799 2344 3858 eosque
2388 3790 2444 3842 et
2469 3786 2733 3859 optimos
2759 3785 3279 3844 etvetustissimos
3310 3787 3369 3844 in
3392 3787 3463 3843 iis
3483 3793 3641 3861 quas

267 3878 530 3937 invisere
558 3877 726 3934 licuit
744 3875 1125 3934 bibliothecis
1144 3875 1514 3945 invenimus,
1529 3875 1587 3933 in
1610 3875 1817 3948 Regia,
1830 3875 1889 3932 in
1909 3874 2248 3933 Colbertina
2269 3880 2323 3932 et
2343 3875 2406 3932 in
2429 3876 2814 3934 Coisliniana.
2842 3878 3043 3949 Neque
3064 3892 3207 3933 vero
3231 3894 3301 3933 ex
3322 3877 3415 3933 his
3442 3878 3641 3934 solum

266 3966 649 4027 bibliothecis
677 3980 852 4024 novre
880 3969 1103 4023 nostrae
1125 3965 1371 4023 editioni
1392 3973 1752 4023 ornamenta
1771 3963 2183 4039 quaesivimus,
2207 3963 2313 4021 sed
2335 3970 2568 4022 exteras
2589 3965 2772 4022 etiam
2792 3981 2915 4022 non
2939 3966 3227 4023 duximus
3250 3967 3643 4039 negligendas

270 4074 423 4118 esse.
446 4057 670 4133 Scripsi
697 4058 878 4130 igitur
896 4060 1252 4123 Messanam,
1286 4072 1410 4130 quo
1432 4055 1611 4113 simul
1639 4060 1706 4113 ut
1732 4057 2137 4130 pervenerunt
2154 4053 2362 4111 littera;
2384 4071 2559 4125 meae,
2574 4054 2965 4111 eruditissimi
2990 4061 3047 4112 et
3078 4056 3645 4126 humanissimi,viri

272 4149 340 4206 D.
374 4147 689 4221 Gregorius
707 4153 906 4205 Arena
934 4147 1121 4221 prior,
1154 4151 1212 4204 et
1242 4148 1307 4203 D.
1342 4145 1663 4221 Dionysius
1686 4144 1971 4220 Spagnoli
1995 4144 2221 4215 linguae
2252 4146 2469 4201 Graecae
2498 4144 2706 4211 lector,
2747 4146 3032 4202 monachi
3058 4146 3288 4202 ordinis
3338 4148 3393 4205 S.
3450 4146 3647 4204 Basilii

271 4238 486 4311 Magni,
502 4236 686 4296 ambo
706 4252 830 4294 non
852 4236 1055 4293 minus
1074 4236 1377 4292 bonarum
1418 4233 1752 4293 litterarum
1770 4234 2203 4307 juvandarum,
2234 4249 2419 4307 quam
2436 4233 2639 4305 gloriae
2661 4235 3027 4291 sanctissimi
3058 4236 3153 4292 sui
3172 4236 3360 4292 Patris
3383 4236 3647 4310 ampliﬁ-

272 4329 485 4388 candae
516 4325 790 4395 studiosi,
814 4324 1256 4400 amplissimam
1273 4341 1343 4382 ac
1375 4323 1835 4383 celeberrimam
1858 4338 2034 4381 suam
2055 4322 2487 4380 bibliothecam
2516 4324 2972 4395 diligentissime
3016 4326 3269 4383 scrutari
3306 4332 3644 4400 coeperunt:

273 4420 337 4477 in
365 4434 511 4493 qua,
543 4415 713 4491 quod
737 4415 817 4474 ad
836 4431 967 4472 rem
985 4414 1556 4490 pertinet,invenere
1571 4413 1819 4472 brevem
1839 4411 2431 4471 lucubratiunculam
2462 4413 2774 4482 ineditam,
2790 4414 2885 4470 cui
2906 4413 3114 4471 titulus
3141 4420 3255 4471 est:
3283 4423 3402 4478 Πῶς
3418 4412 3503 4469 δεῖ
3520 4415 3649 4469 εἶναι

274 4511 363 4563 τὸν
387 4511 647 4583 μοναχὸν,
670 4511 729 4563 et
757 4504 1178 4563 additamenta
1199 4501 1565 4577 quaedamin
1587 4504 1873 4563 Moralia.
1897 4505 2112 4559 Praeter
2140 4502 2289 4571 haec,
2315 4502 2498 4558 aliam
2521 4503 2858 4560 orationem
2882 4504 2960 4560 ad
2983 4519 3081 4560 me
3121 4503 3650 4562 transmittendam

277 4602 569 4657 curarunt
595 4596 659 4667 ii,
690 4611 847 4671 quos
866 4594 1055 4653 modo
1084 4593 1233 4664 dixi,
1261 4592 1594 4653 doctissimi
1619 4593 1729 4651 viri
1761 4612 1774 4651 :
1811 4593 1883 4650 de
1902 4607 2028 4667 qua
2048 4591 2431 4649 commodius
2455 4592 2647 4650 multo
2671 4592 2814 4649 alibi
2841 4593 3138 4660 dicemus,

351 4687 569 4746 Omnia
597 4691 803 4744 autem
832 4685 955 4742 fere
986 4684 1134 4742 utin
1162 4682 1474 4757 impressis
1502 4681 1700 4739 libris:
1730 4687 1792 4741 at
1811 4684 2056 4755 Regula:
2084 4683 2145 4739 in
2170 4682 2301 4739 aliis
2331 4683 2644 4740 codicibus
2667 4683 2784 4741 alio
2807 4683 3017 4741 ordine
3054 4683 3485 4756 disponuntur.
3536 4688 3653 4743 Nec

279 4776 767 4855 praetereundum
790 4775 1046 4846 silentio,
1062 4773 1454 4849 quasdamex
1475 4773 1720 4844 Regalis
1735 4772 2104 4830 brevioribus
2120 4772 2181 4829 in
2199 4771 2506 4847 aliquibus
2529 4772 2842 4830 codicibus
2856 4772 3095 4841 deesse;
3120 4773 3225 4830 sed
3248 4779 3654 4848 praeterquam

280 4868 448 4943 quod
468 4868 561 4925 hae
579 4880 795 4941 pauca;
817 4868 978 4933 sunt,
999 4864 1063 4921 in
1085 4862 1233 4938 ipsis
1261 4862 1409 4920 nihil
1435 4866 1524 4920 est
1542 4862 1773 4935 magni,
1792 4866 1898 4920 aut
1916 4861 2086 4937 quod
2107 4861 2361 4934 alicujus
2390 4863 2464 4920 sit
2491 4863 2804 4919 momenti.
2829 4862 2920 4919 Ad
2948 4864 3207 4934 Regulos
3227 4863 3473 4935 quidem
3487 4865 3655 4937 quod

282 4958 622 5029 attinet,eas
637 4955 853 5013 eodem
876 4954 1081 5012 ordine
1102 4969 1226 5028 quo
1243 4952 1375 5026 jam
1394 4951 1656 5024 vulgatae
1684 4956 1826 5009 sunt
1844 4952 1905 5009 in
1934 4951 2198 5009 editione
2215 4951 2504 5021 Pariensi,
2528 4952 2800 5010 edendas
2829 4953 3184 5010 curabimus
3211 4970 3225 5008 :
3281 4953 3385 5009 sed
3417 4953 3654 5011 libellos

283 5049 372 5104 De
390 5046 743 5117 Deijudicio
763 5061 835 5103 ac
854 5046 941 5103 De
961 5042 1232 5114 veraﬁde
1243 5042 1414 5100 aliter
1429 5041 1853 5117 disponemus.
1875 5042 1963 5099 Ita
1990 5041 2152 5099 enim
2171 5041 2301 5098 haec
2321 5041 2446 5099 duo
2472 5041 2769 5115 opuscula
2788 5042 3067 5100 locantur
3084 5042 3146 5099 in
3168 5059 3237 5100 ea
3259 5059 3448 5117 quam
3471 5043 3657 5101 modo

285 5135 414 5194 dixi
443 5135 722 5206 editione,
746 5141 813 5192 ut
836 5134 1105 5209 primum
1124 5133 1329 5192 locum
1350 5132 1620 5191 obtineat
1638 5131 1878 5190 libellus
1894 5134 1978 5189 De
2008 5147 2150 5190 veru
2168 5131 2311 5204 fide,
2332 5131 2669 5188 secundum
2694 5130 2934 5188 libellus
2954 5132 3040 5187 De
3048 5132 3285 5203 Judicio
3307 5133 3449 5191 Dei:
3489 5135 3659 5207 quod

286 5242 412 5286 non
441 5225 645 5284 minus
670 5226 1025 5283 adversatur
1042 5224 1238 5298 ipsius
1261 5223 1523 5281 auctoris
1549 5222 1821 5293 consilio,
1844 5238 2032 5294 quam
2047 5226 2320 5280 veterum
2339 5222 2635 5279 librorum
2659 5223 3022 5287 auctoritati,
3043 5223 3104 5277 in
3125 5224 3473 5294 quibushos
3498 5226 3656 5281 duos

289 5331 603 5375 sermones
633 5315 873 5373 inverso
893 5313 1326 5386 ordine,eoque
1347 5327 1486 5369 vero
1513 5311 1854 5386 etproprio,
1879 5311 2162 5369 collocari
2191 5316 2446 5369 constat.
2487 5312 2759 5369 Arbitror
2783 5317 2986 5368 autem
3027 5327 3352 5385 operarum
3375 5314 3554 5388 culpa
3575 5316 3661 5372 fa-

293 5413 456 5464 ctum
484 5422 638 5479 esse,
661 5409 726 5463 ut
749 5405 809 5476 ii,
832 5417 988 5479 quos
1016 5401 1351 5471 nominavi,
1372 5400 1562 5459 libelli
1592 5401 1657 5458 in
1686 5400 1941 5459 editione
1967 5402 2290 5460 Parisiensi
2319 5401 2454 5459 loco
2482 5402 2667 5476 positi
2700 5402 2819 5458 sint
2852 5417 2975 5458 non
3005 5418 3152 5459 suo:
3204 5418 3397 5477 eoque
3444 5405 3658 5477 magis,

292 5497 460 5572 quod
498 5496 665 5570 ipsos
699 5496 763 5561 in
791 5494 1051 5553 editione
1080 5493 1309 5550 Veneta
1340 5494 1555 5550 eodem
1573 5510 1697 5567 quo
1725 5494 1784 5550 in
1815 5492 2119 5551 veteribus
2150 5491 2317 5549 libris
2348 5492 2559 5549 ordine
2582 5491 2826 5564 disponi
2854 5490 3192 5548 videamus.

548 5641 790 5699 Pauor.
834 5640 933 5695 Gn.
974 5638 1148 5694 XXXI.
3343 5643 3412 5693 ρο
