4110 6430
296 308 391 359 621

1432 288 1706 345 ΡΜΝΙΑ
1723 311 1728 314 ·
1745 281 2130 340 lNSTlTUTlO
2170 283 2504 338 ASCETICA
2517 323 2529 336 .

3555 283 3660 339 622

300 424 548 480 δέδωκεν.
596 420 930 493 ὐὃοιπορίαι
967 416 1028 471 δε
1066 437 1156 469 και
1207 415 1490 488 ἀγρυπνίαι
1529 410 1732 465 πολλαί·
1771 423 1898 481 καρ-

2044 405 2148 460 Lcet
2176 409 2476 476 quantum
2503 407 2723 460 natura
2747 401 2930 459 dedit.
2959 402 3174 460 ltinera
3203 407 3406 462 autem
3430 420 3500 462 ac
3519 405 3663 475 vigi-

303 521 474 591 τερίαι
545 516 676 588 πρὸς
728 514 991 582 καύματα,
1051 511 1182 582 πρὸς
1250 505 1444 576 ψύχος·
1510 500 1704 572 ἀγῶνες
1771 500 1901 600 πρός

305 604 588 664 ἐναντίους·
620 597 857 653 κίνδυνοι
903 602 1067 672 μέχρι
1113 604 1211 647 τῶν
1251 593 1517 666 ἐσχάτωνο
1569 591 1806 652 Θάνατος,
1839 591 1899 637 ἂν

305 697 473 767 τύχῃ.
505 691 769 750 πολλάκις·
823 687 950 740 ἀλλὰ
1001 689 1214 744 θάνατος
1259 680 1482 748 ἔνδοξος,
1514 683 1664 752 τιμαί
1703 697 1777 745 τε,
1809 678 1900 727 καὶ

302 766 450 859 δῶρα
508 781 784 855 βασιλικὰ,
834 777 1106 837 Ἐπίπονος
1149 774 1198 827 ἓν
1237 773 1480 844 πολέμοις
1528 773 1556 821 ό
1605 767 1742 841 βίος,
1774 766 1902 837 λαμ-

299 856 431 947 πρός
460 874 509 924 ἑν
551 872 750 946 εἰρήνῃ.
793 870 946 943 Γίρας
986 865 1272 939 ἀριστείας,
1300 867 1392 915 καὶ
1440 863 1688 931 στέφανος
1733 856 1903 915 καλῶς

306 961 587 1034 βεϐιωκότι
634 959 682 1012 ἐν
752 957 1173 1030 κατορθώμασιν,
1236 952 1410 1026 ἀρχὴν
1477 947 1898 1023 ἐγχειρισθῆναι,

306 1031 452 1125 φίλον
511 1048 767 1122 βασιλέως
813 1047 1088 1110 κληθῆναι,
1140 1051 1476 1118 παραστῆναι
1526 1038 1766 1102 πλησίον,
1811 1031 1902 1086 δε-

306 1142 532 1206 ξιωσεως
560 1138 763 1210 τυχεῖν,
798 1135 852 1188 ἐκ
881 1138 1062 1208 χειρὸς
1103 1132 1354 1205 βακιλέως
1401 1129 1738 1202 τετιμῆσθαι,
1761 1125 1906 1198 παρὰ

303 1239 412 1293 τοῖς
441 1230 690 1287 ὑπηκόοις
728 1226 1110 1301 προίστασθαι,
1165 1225 1254 1274 καί
1298 1219 1600 1292 πρεσϐεύειν
1624 1217 1751 1290 ὑπὲρ
1804 1220 1904 1265 τῶν

306 1320 486 1383 ἔξωθεν
513 1317 691 1390 φίλων,
723 1313 793 1367 ὧν
808 1314 868 1366 ὄιν
901 1312 1190 1385 βούλωνται
1221 1311 1355 1380 (44).

378 1594 431 1642 2.
473 1584 602 1656 Ἀγε
635 1580 726 1650 δὴ,
782 1589 1078 1658 στρατιῶτα
1129 1585 1386 1654 Χριστοῦ,
1429 1577 1592 1648 μικρὰ
1634 1574 1686 1636 ἐξ
1717 1571 1910 1646 ἀνθρω-

312 1681 470 1730 πίνων
528 1675 850 1748 πραγμάτων
897 1671 1065 1724 λαϐὼν
1140 1664 1566 1742 παραδείγματα,
1624 1664 1908 1736 ἐνθύμησιν

2009 493 2104 550 liae
2137 494 2374 559 multae;
2413 492 2741 550 tolerantiae
2773 493 3060 548 adversus
3091 499 3308 549 aestum
3344 498 3402 551 et
3446 494 3662 566 frigus,

2011 584 2343 642 certamina
2395 588 2607 640 contra
2661 582 2884 650 hostes,
2941 583 3208 654 pericula
3281 589 3567 656 extrema,
3608 589 3666 642 et

2013 673 2391 747 plerumque,
2428 675 2477 730 si
2506 674 2586 731 ita
2626 672 2960 742 contigerit,
2991 689 3158 729 mors
3185 673 3340 745 ipsa,
3373 675 3481 730 sed
3500 691 3666 732 mors

2012 763 2298 832 gloriosa,
2324 765 2714 836 honoresque
2741 779 2810 820 ac
2843 765 3006 834 regia
3034 780 3306 822 munera.
3343 765 3670 826 Laboriosa

2011 855 2074 911 in
2123 855 2298 911 bellis
2351 857 2497 923 vita,
2531 855 2856 928 splendida
2902 855 2965 912 in
3009 871 3179 928 pace.
3230 858 3547 914 Praemium
3579 862 3672 916 est

2011 949 2168 1002 recte
2198 946 2494 1002 factorum
2522 962 2602 1002 ac-
2623 961 2874 1014 corona,
2905 945 2981 1013 ei,
3019 946 3123 1019 qui
3154 946 3453 1017 ejusmodi
3479 947 3671 1006 vitam

2010 1036 2074 1092 in
2129 1036 2432 1109 praeclaris
2483 1037 2668 1094 rebus
2711 1036 2995 1107 gerendis
3031 1037 3266 1108 egregie
3295 1040 3672 1110 transegerit,

2014 1127 2423 1199 principatum
2479 1129 2656 1199 200
2716 1127 3010 1200 accipere,
3066 1127 3332 1186 amicum
3382 1131 3677 1204 appellari

2012 1216 2194 1286 regis,
2221 1216 2348 1284 regi
2379 1217 2657 1273 cominus
2689 1222 2907 1286 astare,
2924 1217 3102 1288 jungi
3121 1218 3396 1275 dextram
3424 1219 3674 1289 dextrae,

2014 1321 2206 1361 manu
2257 1306 2422 1374 regia
2477 1306 2880 1374 cohonestari,
2940 1307 3362 1378 praefecturam
3406 1308 3678 1366 obtinere

2017 1395 2185 1467 apud
2217 1396 2512 1464 subditos,
2537 1402 2718 1469 atque
2750 1413 2860 1468 pro
2891 1397 3150 1454 externis
3175 1399 3408 1469 amicis,
3429 1399 3678 1472 quibus-

2017 1500 2259 1557 cunque
2293 1486 2610 1551 voluerint,
2643 1486 2809 1558 apud
2833 1502 3039 1556 regem
3071 1488 3409 1560 deprecari.

2090 1579 2144 1630 2.
2187 1580 2312 1646 Age
2353 1575 2553 1648 igitur,
2585 1575 2796 1632 Christi
2833 1577 3026 1644 miles,
3053 1578 3332 1650 exempla
3369 1595 3568 1651 pauca
3604 1596 3682 1638 ex

2019 1664 2305 1720 humanis
2335 1665 2516 1721 rebus
2538 1669 2872 1732 mutuatus,
2892 1667 2967 1722 de
2996 1667 3231 1722 aeternis
3252 1667 3430 1724 bonis
3458 1670 3678 1740 cogita.

309 1765 432 1818 λάϐε
487 1772 588 1816 τῶν
645 1765 862 1815 αἰωνίων
917 1759 1148 1832 ἀγαθῶν.
1200 1757 1410 1817 "Aonio;
1456 1775 1541 1808 σοι
1595 1759 1685 1806 καὶ
1727 1752 1911 1812 ἄπολις

2044 1759 2294 1826 ’ropone
2317 1755 2424 1811 tibi
2450 1755 2578 1811 vitae
2601 1771 2814 1827 genus,
2839 1757 3008 1828 quod
3029 1756 3214 1814 domo
3237 1762 3420 1831 atque
3448 1760 3683 1817 civitate

310 1859 402 1908 καὶ
432 1852 678 1924 ἀκτήμων
709 1853 1007 1924 προκείσθω
1039 1848 1157 1921 βίος
1197 1850 1330 1918 (45).
1387 1845 1594 1906 "Ave-:0;
1635 1847 1741 1909 ἔσο,
1774 1843 1914 1895 λελυ-

313 1947 461 2018 μένος
510 1940 612 1994 ἀπὸ
667 1949 853 1994 πασῶν
910 1947 1177 2012 κοσμικῶν
1225 1931 1535 2010 φροντίδων·
1595 1937 1665 2006 μή
1717 1952 1774 1984 σε
1823 1929 1915 1984 δε-

317 2035 520 2106 σμεύσῃ
577 2034 822 2102 γυναικὸς
870 2029 1144 2101 ἐπιθυμία,
1199 2032 1272 2100 μή
1333 2046 1390 2078 σε
1443 2028 1647 2100 φροντὶς
1704 2019 1914 2082 παιδός.

314 2119 605 2177 Ἀὃυνατον
657 2122 760 2192 γὰρ
809 2118 858 2171 ἐν
911 2126 974 2192 τῇ
1037 2121 1149 2190 θείᾳ
1182 2121 1429 2190 στρατείᾳ
1474 2123 1654 2167 τοῦτο.
1694 2115 1771 2166 Τὰ
1816 2111 1915 2185 γαρ

311 2212 446 2266 ὅπλα
508 2219 605 2271 τῆς
651 2213 922 2283 στρατείας
953 2209 1100 2281 ἡμῶν
1150 2206 1208 2259 ού
1255 2207 1502 2279 σαρκικὰ,
1547 2202 1674 2255 ἀλλὰ
1722 2199 1919 2254 δυνατὰ

311 2310 386 2374 τῷ
445 2308 584 2370 Θεῷ.
645 2299 720 2351 Ού
764 2305 884 2370 νικᾲ
937 2316 994 2351 σε
1046 2301 1284 2370 σώματος
1347 2297 1520 2367 φύσις,
1578 2288 1701 2344 οὐδὲ
1758 2292 1920 2361 ἄγχει

321 2410 380 2445 σε
412 2395 480 2464 μὴ
516 2388 849 2462 βουλόμενον.
883 2387 942 2440 ού
1001 2384 1277 2459 δεσμώτην
1329 2383 1438 2436 ἀντ’
1471 2383 1736 2456 ἐλευθέρου
1759 2387 1917 2432 ποιεῖ·

317 2479 394 2531 Οὐ
449 2479 598 2539 ζήτει
650 2475 698 2530 ἐν
745 2478 857 2548 (46)
906 2483 970 2549 ’γῇ
1022 2474 1324 2528 καταλιπείν
1378 2468 1736 2538 παῖδας,
1793 2467 1920 2520 ἀνα-

321 2576 504 2642 γαγεῖν
563 2567 631 2628 εἰς
686 2569 775 2620 τὸν
823 2566 1058 2642 οὐρανόν·
1121 2565 1180 2618 ού
1237 2571 1553 2638 σωματικοῖς
1601 2557 1924 2634 προσκολλᾶ-

323 2661 448 2712 σθαι
498 2660 711 2730 γάμοες,
765 2655 893 2708 ἀλλὰ
948 2663 1309 2728 πνευματικῶν
1380 2653 1679 2728 ὀρέγεσθαι,
1735 2650 1923 2722 ἄρχειν

317 2748 530 2821 ψυχῶν,
577 2751 670 2800 καί
718 2743 1054 2818 παιδογονὲἰν
1114 2751 1496 2817 πνευματικῶς.
1555 2744 1651 2794 Τὸν
1703 2742 1922 2812 νυμφίον

321 2844 486 2911 μιμοῦ
565 2839 654 2890 τόν
715 2835 973 2910 οὐράνιον·
1051 2837 1295 2910 καθαίρει
1368 2833 1624 2906 πολεμίων
1691 2829 1926 2902 ἀοράτων

325 2924 722 2988 ἔπαναστάσεις·
785 2922 986 3000 ἀρχαῖς
1048 2927 1142 2976 καὶ
1195 2922 1454 2986 ἔξουσιαις
1505 2920 1736 2992 πολέμει,
1796 2916 1926 2979 ἐξελ-

327 3017 494 3068 αύνων
545 3014 706 3078 αὐτὰς
769 3023 974 3090 πρῶτον
1031 3017 1123 3086 μὲν
1168 3015 1265 3075 τῆς
1335 3012 1519 3064 ἑαυτοῦ
1593 3009 1777 3081 ψυχῆς
1845 3009 1928 3059 ἵνα

2023 1848 2080 1900 et
2126 1844 2346 1916 opibus
2383 1845 2769 1904 destituatur.
2810 1848 2948 1902 Esto
2985 1846 3157 1915 liber,
3190 1851 3248 1903 et
3275 1864 3311 1904 a
3353 1850 3685 1907 mundanis

2024 1932 2308 1990 omnibus
2338 1934 2496 1990 curis
2545 1933 2779 1990 solutus
2811 1951 2826 1990 :
2871 1950 2948 1991 ne
2977 1936 3203 1992 vinciat
3221 1941 3277 1992 te
3307 1938 3510 1994 uxoris
3534 1939 3688 1995 desi-

2024 2023 2280 2090 derium,
2323 2029 2428 2080 aut
2457 2024 2800 2081 sollicitudo
2841 2026 2916 2082 de
2949 2026 3184 2083 sobole.
3218 2030 3340 2083 Hoc
3370 2030 3531 2086 enim
3556 2031 3690 2088 ﬁeri

2025 2129 2150 2170 non
2199 2119 2394 2186 potest
2433 2115 2496 2170 in
2527 2115 2745 2172 militia
2795 2116 3024 2173 divina.
3054 2119 3212 2174 Nam
3243 2135 3418 2175 arma
3455 2122 3688 2178 militia

2026 2207 2390 2276 nostraﬁnon
2421 2206 2706 2262 carnalia
2727 2211 2886 2272 sunt,
2912 2208 3015 2262 sed
3033 2209 3303 2277 potentia
3325 2212 3446 2265 Deo
3469 2211 3538 2265 ³³.
3559 2214 3690 2267 Non

2026 2294 2215 2350 vincit
2251 2300 2306 2352 te
2337 2295 2610 2368 corporis
2639 2302 2881 2363 natura,
2912 2313 3112 2370 neque
3144 2300 3484 2370 strangulat
3520 2305 3574 2358 te
3604 2303 3690 2359 in-

2029 2385 2242 2454 vitum,
2275 2401 2398 2441 non
2423 2386 2732 2458 captivum
2759 2403 2870 2459 pro
2899 2387 3090 2444 libero
3113 2388 3310 2446 efﬁcit.
3339 2391 3547 2447 Noliin
3574 2396 3690 2449 ter-

2027 2489 2097 2530 ra
2125 2475 2461 2548 relinquere
2481 2475 2729 2545 liberos,
2755 2477 2862 2532 sed
2894 2493 2997 2534 eos
3025 2495 3270 2536 sursum
3291 2481 3590 2539 deducere
3612 2485 3693 2540 ad

2032 2565 2250 2621 emtum
2275 2583 2288 2621 :
2317 2581 2437 2622 non
2468 2566 2886 2638 corporalibus
2909 2569 3136 2642 nuptiis
3169 2570 3553 2641 agglutinari,
3585 2574 3694 2630 sed

2033 2656 2263 2712 ambire
2314 2656 2681 2729 spirituales,
2714 2657 3057 2715 dominium
3101 2659 3162 2716 in
3183 2661 3420 2719 animas
3443 2663 3692 2736 habere,

2033 2762 2106 2802 ac
2126 2745 2512 2819 spiritualiter
2540 2746 2698 2803 ﬁlios
2726 2764 3066 2820 procreare.
3103 2752 3342 2808 Imitare
3387 2753 3694 2810 ccelestem

2035 2852 2353 2909 sponsum,
2389 2837 2658 2893 hostium
2688 2837 3084 2896 invisibilium
3114 2841 3379 2898 assultus
3409 2843 3693 2916 reprime,

2034 2931 2244 2984 contra
2261 2926 2641 2999 principatus
2665 2932 2720 2984 et
2741 2933 3069 3001 potestates
3083 2930 3309 2988 bellum
3333 2949 3493 3003 gere,
3519 2934 3604 2990 sic
3629 2939 3696 2992 ut

2034 3015 2505 3088 expellasipsas,
2539 3018 2807 3090 primum
2834 3019 3079 3092 quidem
3115 3035 3189 3076 ex
3236 3022 3442 3079 animo
3471 3027 3598 3092 tuo,
3629 3029 3696 3081 ut

328 3102 531 3178 μηδένα
573 3105 764 3180 κλῆρον
810 3108 1009 3176 ἔχωσιν
1047 3103 1096 3156 ἐν
1153 3122 1258 3171 σοι,
1291 3105 1466 3156 ἔπειτα
1492 3109 1594 3154 τῶν
1640 3118 1724 3152 σοι
1763 3116 1926 3172 προσ-

2044 3105 2266 3163 nullam
2311 3105 2373 3162 in
2430 3110 2486 3162 te
2511 3106 2782 3164 habeant
2807 3113 3043 3180 partem
3077 3126 3092 3165 :
3125 3109 3345 3167 deinde
3375 3113 3454 3168 ab
3481 3113 3556 3168 iis
3587 3113 3695 3186 qui

327 3200 610 3268 φευγόντων
663 3199 758 3249 καί
808 3213 865 3248 σε
916 3194 1340 3268 προϐαλλομένων
1392 3195 1624 3265 ἡγεμόνα
1674 3209 1764 3243 και
1800 3192 1926 3263 1:90-

323 3303 500 3358 μαχον
531 3293 638 3339 τῶν
667 3281 763 3338 διὰ
788 3292 879 3338 τοῦ
925 3292 1019 3338 σοῦ
1067 3283 1225 3356 λόγου
1268 3281 1676 3357 φυλαττομένων.
1733 3280 1927 3333 Καθαί-

323 3393 402 3450 ρει
626 3373 911 3447 λογισμοὺς
965 3375 1408 3447 ἐπανισταμένους
1461 3380 1523 3444 τῇ
1606 3375 1782 3424 πίστει
1833 3375 1927 3422 τοῦ

325 3471 590 3539 Χριστοῡο
645 3463 856 3536 πολέμει
904 3459 998 3516 διὰ
1045 3461 1325 3534 τοῦλόγου
1371 3471 1464 3523 τῆς
1502 3460 1760 3520 εὐσεϐείας
1797 3462 1929 3533 πρὸς

327 3557 422 3607 τὸν
474 3551 638 3612 ἀσεϐῆ
697 3557 789 3606 καὶ
837 3556 1060 3628 πονηρὸν
1116 3552 1385 3624 λοθισμόν.
1440 3553 1742 3623 Λογισμοὺς
1800 3550 1927 3622 γὰρ,

327 3648 486 3717 φησὶ,
545 3644 936 3718 καθαιροῦντες,
994 3647 1086 3695 καὶ
1153 3647 1258 3694 πᾶν
1331 3639 1527 3714 ὕψωμα
1600 3639 1931 3714 ἐπαιρόμενον

327 3733 468 3788 κατὰ
517 3740 612 3794 τῆς
655 3739 897 3806 γνώσεως
924 3740 1020 3786 τοῦ
1067 3739 1224 3787 Θεοῦ.
1268 3735 1372 3786 Καὶ
1401 3729 1634 3804 μάλιστα
1662 3732 1751 3801 μὲν
1802 3729 1930 3802 θάρ-

333 3842 416 3877 σει
466 3831 529 3882 τῆ
571 3830 666 3876 τοῦ
723 3823 950 3897 μεγάλου
1006 3821 1268 3896 βασιλέως
1334 3825 1501 3896 χειρὶ,
1558 3819 1784 3892 φοϐούσῃ
1846 3822 1936 3870 καὶ

331 3915 656 3990 τροπουμένῃ
919 3917 1038 3974 τοὺς
1094 3915 1446 3976 ὑπεναντίους,
1521 3906 1732 3963 ἐπειδάν
1785 3912 1937 3980 μόνον

339 4009 496 4078 φανῇ·
539 4000 665 4056 ἐπὰν
722 3997 782 4056 δε
846 4006 936 4055 καὶ
985 3998 1080 4054 διὰ
1143 3997 1397 4054 κινδύνων
1451 3997 1648 4071 ἀγαθὸν
1704 3997 1823 4070 θέλῃ.
1883 4014 1940 4048 σε

333 4095 600 4166 γενέσθαι,
649 4097 740 4146 καὶ
793 4096 855 4146 τὸ
915 4095 1219 4167 στράτευμα
1267 4095 1329 4145 τὸ
1369 4091 1557 4146 ἑαυτοῦ
1588 4089 1778 4162 θελήσῃ
1811 4109 1943 4162 συμ-

338 4182 522 4237 ϐαλεῖν·
562 4191 636 4255 τῷ
696 4185 1048 4257 στρατεύματι
1099 4191 1174 4256 τῷ
1224 4183 1530 4254 ὑπεναντίῳ,
1586 4179 1810 4233 ἐνταῦθα
1876 4182 1942 4231 σὺ

341 4277 478 4348 πρὸς
519 4275 697 4328 πάντα
738 4277 896 4328 πόνον
943 4271 1204 4335 ἀήττητος
1250 4275 1340 4327 ἔσο
1380 4279 1446 4346 τῇ
1491 4276 1824 4346 παρασκευῇ,
1855 4272 1945 4322 καὶ

338 4367 470 4442 πρὸς
518 4360 764 4418 κίνδυνον
807 4365 1066 4439 ἄτρεπτος
1108 4371 1172 4438 τῇ
1229 4362 1411 4436 ψυχῇ,
1459 4366 1549 4416 καὶ
1588 4370 1688 4433 γῆν
1741 4360 1795 4413 ix
1846 4367 1947 4432 γῆς

2034 3196 2113 3252 ad
2146 3200 2202 3252 te
2233 3194 2607 3266 confugiunt,
2643 3201 2818 3269 teque
2857 3196 3077 3254 ducem
3109 3199 3222 3255 sibi
3252 3215 3325 3255 ac
3353 3216 3696 3273 propugna-

2034 3290 2225 3344 torem
2258 3284 2652 3355 consti’tuunt,
2679 3290 2745 3343 ut
2763 3287 2882 3360 ipsi
2912 3289 3030 3343 tuis
3060 3290 3444 3347 sermonibus
3467 3291 3695 3348 incolu-

2036 3393 2166 3433 mes
2187 3380 2518 3434 serventur.
2549 3376 2840 3433 Subverte
2867 3378 3356 3436 ratiocinationes
3401 3381 3697 3439 adversus

2037 3465 2251 3523 Christi
2269 3465 2456 3521 ﬁdem
2481 3465 2860 3538 insurgentes
2891 3485 2904 3524 :
2937 3468 3190 3541 impiam
3221 3485 3292 3526 ac
3329 3485 3586 3542 pravam
3604 3489 3699 3531 ra-

2041 3555 2488 3612 tiocinationem
2520 3571 2630 3628 per
2650 3557 2816 3630 piam
2837 3558 3178 3615 doctrinam
3197 3560 3510 3633 impugna.
3537 3565 3694 3621 Con-

2038 3648 2181 3704 silia
2209 3646 2388 3714 enim,
2419 3644 2637 3718 inquit,
2665 3647 3058 3715 destruentes,
3083 3656 3141 3706 et
3163 3665 3394 3707 omnem
3424 3654 3699 3710 altitudi-

2040 3752 2175 3794 nem
2230 3736 2616 3793 extollentem
2654 3751 2715 3793 se
2741 3737 3028 3794 adversus
3053 3741 3362 3796 scientiam
3393 3742 3507 3798 Dei
3529 3744 3599 3797 ⁸³.
3631 3746 3700 3799 Et

2047 3826 2310 3884 maxime
2331 3825 2578 3898 quidem
2600 3826 2662 3881 in
2683 3829 2890 3897 magni
2912 3829 3073 3898 regis
3096 3845 3307 3900 manu,
3330 3847 3467 3904 quae
3489 3833 3703 3889 adver-

2047 3916 2238 3973 sarios
2267 3919 2450 3972 terret
2474 3930 2546 3972 ac
2566 3916 2740 3986 fugat
2765 3918 2871 3973 ubi
2899 3919 3086 3975 semel
3107 3923 3475 3992 apparuerit,
3506 3923 3705 3995 posita

2047 4005 2275 4062 ﬁducia
2296 4005 2403 4061 sit:
2429 4021 2569 4061 cum
2593 4022 2733 4062 vero
2752 3999 3005 4064 voluerit
3027 4010 3289 4081 probum
3312 4015 3368 4068 te
3385 4028 3458 4068 ac
3471 4012 3706 4069 bonum

2049 4095 2234 4153 etiam
2254 4110 2364 4168 per
2391 4095 2662 4168 pericula
2686 4095 2879 4164 reddi,
2903 4113 3166 4171 suasque
3195 4101 3404 4172 copias
3429 4117 3571 4158 cum
3599 4102 3709 4159 ad-

2051 4185 2462 4244 versariorum
2486 4186 2674 4258 copiis
2705 4187 3078 4244 committere
3104 4189 3456 4260 decreverit,
3489 4197 3633 4250 tunc
3656 4197 3713 4250 te

2055 4276 2184 4334 acie
2213 4275 2574 4332 instructum
2604 4276 2810 4332 nullus
2827 4277 3070 4348 frangat
3095 4279 3291 4346 labor,
3313 4282 3554 4338 animus
3583 4299 3715 4341 ma-

2057 4370 2197 4424 neat
2239 4365 2301 4422 in
2325 4365 2610 4437 periculis
2640 4365 3033 4437 immotus,et
3061 4383 3091 4424 e
3149 4375 3304 4427 terra
3349 4371 3430 4428 ad
3475 4377 3714 4442 terram,

343 4459 698 4529 μετανίστασο
747 4456 1046 4530 προθύμως,
1099 4458 1193 4508 καὶ
1245 4453 1504 4506 θάλατταν
1555 4450 1611 4503 ἐκ
1667 4450 1928 4511 θαλάττης

2061 4461 2244 4529 atque
2282 4471 2314 4511 e
2344 4455 2500 4511 mari
2531 4455 2610 4512 ad
2640 4471 2812 4512 mare
2842 4457 3118 4514 alacriter
3151 4461 3540 4531 transmigra.
3572 4467 3720 4520 Cum

342 4543 507 4600 ὀταν
544 4547 650 4622 γὰρ
700 4541 969 4599 διώκωσιν
1013 4546 1171 4618 ὑμᾶς,
1201 4547 1354 4617 φησὶ,
1386 4544 1596 4616 φεύγετε
1633 4538 1736 4594 ἀπὸ
1758 4539 1952 4602 πόλεως

347 4635 420 4698 εἰς
448 4635 618 4690 πόλινο
673 4640 775 4690 Καὶ
823 4634 896 4698 εἰς
950 4631 1299 4709 δικαστήριον
1329 4634 1451 4686 ὅταν
1510 4629 1600 4706 δέῃ
1636 4632 1750 4704 (49)
1781 4629 1952 4683 καλεῖ-

420 4783 468 4819 ⁶²
506 4783 554 4839 ΙΙ
593 4782 725 4839 Cor.
755 4795 816 4856 x,
839 4783 895 4839 4.
971 4782 1021 4818 ⁸³
1050 4779 1200 4838 ibid.
1236 4785 1287 4838 5.
1365 4777 1416 4815 ⁸⁵
1447 4776 1651 4836 Matth.
1683 4792 1738 4848 χ,
1771 4779 1860 4832 23.

423 4934 772 5010 (44)_Editio
829 4941 1094 5010 utraque
1123 4933 1192 4988 ὧν
1243 4931 1314 4988 ἂν
1362 4931 1663 5008 βούλονται.
1721 4933 1794 4988 At
1842 4933 1963 4986 tres

354 5007 509 5066 més.
542 5007 863 5082 βούλωνται.

427 5075 552 5151 (455
567 5082 820 5166 ratiqu
857 5081 982 5140 duo
1008 5080 1154 5165 ﬁbri
1195 5079 1257 5137 in
1295 5077 1586 5166 margins
1605 5075 1969 5166 Fessi???

366 5149 506 5225 βιος,
531 5147 587 5210 et
614 5154 698 5213 ita
729 5147 798 5214 in
831 5155 1109 5226 margine
1159 5167 1408 5227 quoque
1436 5147 1623 5207 habet
1656 5147 1843 5205 editio
1862 5147 1972 5202 Ve-

367 5229 530 5284 neta.

446 5298 802 5376 (46)_Codex
833 5299 975 5376 μοι,
1005 5297 1064 5351 ού
1097 5298 1275 5376 ζητεῖς
1318 5294 1405 5376 ἓν,
1430 5293 1598 5376 et_it_a
1620 5291 1765 5376 legit
1787 5291 1976 5376 inter-

405 5363 699 5442 res.'Reg.
723 5373 932 5428 tertius
958 5370 1107 5432 ζητεῖ
1127 5389 1184 5423 σε
1206 5368 1273 5423 ἐν·
1303 5363 1567 5437 sed,nisi
1585 5363 1764 5422 valde
1784 5363 1976 5445 fallor,

359 5391 494 5505 Emi
514 5450 764 5505 praestat
789 5443 850 5496 ού
873 5445 1039 5505 ζήτει,
1073 5457 1148 5499 ne
1173 5455 1437 5505 cumras,
1468 5439 1616 5495 noli.
1650 5440 1780 5494 Mox
1800 5434 1976 5491 editio

387 5444 494 5518 egi
514 5434 764 5518 praestat
789 5443 850 5496 ού
873 5445 1039 5510 ζήτει,
1073 5457 1148 5499 ne
1173 5434 1437 5514 qum-as,
1468 5439 1616 5495 noli.
1650 5434 1982 5521 Moseditio

387 5518 562 5568 F’aris.
581 5520 672 5568 καὶ
696 5513 1080 5568 παιδαγωγεῖν.
1097 5515 1254 5568 ﬁlios
1275 5511 1628 5568 ευὶνττιιαιεε
1643 5514 1982 5565 instituere.

365 5513 562 5575 Paris.
581 5520 672 5568 καὶ
696 5513 1080 5588 παιδαγωγεῖν,
1093 5513 1254 5584 ﬁlios
1275 5513 1628 5583 spintuales
1643 5513 1982 5588 instituere.

371 5589 575 5666 Editio
619 5590 766 5646 Ven.
799 5593 1140 5666 et_ute_rque
1167 5585 1440 5666 qubef.
1474 5589 1532 5640 et
1579 5586 1731 5666 Eeg.
1775 5584 1987 5666 tertius

361 5659 728 5732 -παιδογονεῖνο
775 5664 835 5716 et
863 5659 947 5717 ita
974 5655 1203 5730 legerat
1241 5656 1555 5728 interpres.
1589 5655 1774 5710 Paulo
1825 5655 1984 5723 post,

2064 4547 2250 4615 enim,
2286 4545 2504 4618 inquit,
2535 4552 2983 4619 persequuntur
3010 4565 3140 4618 vos,
3174 4550 3357 4620 fugite
3378 4568 3451 4607 ex
3489 4553 3724 4611 civitate

2065 4639 2128 4696 in
2155 4637 2460 4695 civitatem
2482 4638 2552 4693 ⁸⁵.
2574 4639 2638 4694 Et
2658 4636 2766 4694 ubi
2796 4639 3172 4712 opportuerit
3200 4641 3277 4696 ad
3295 4641 3595 4714 judicium
3619 4661 3726 4702 vo-

2074 4924 2420 5005 ubieditio
2473 4924 3014 5005 Paris.‘e_t_nenda_te
3065 4925 3252 5005 habet
3304 4929 3563 5005 καθαίρει,
3591 4945 3730 4988 cor-

2075 5002 2252 5073 rupte
2282 4997 2500 5073 legitur
2527 4997 2590 5054 in
2621 4995 2894 5073 editione
2915 5001 3056 5073 Ven.
3091 5003 3148 5055 et
3177 5001 3236 5055 in
3265 4995 3520 5073 utroque
3560 5005 3735 5061 Com-

2079 5068 2206 5147 be'f.
2223 5112 2238 5138 ,
2255 5075 2331 5147 _e_t
2355 5068 2420 5126 in
2451 5072 2592 5141 Reg.
2625 5068 3066 5147 tertio__xaé0mps.

2156 5143 2272 5222 (57)
2297 5144 2527 5222 Rursps
2549 5140 2556 5141 “
2577 5140 2768 5222 editio
2779 5143 2935 5222 _Ve_n.
2955 5161 2976 5222 ;_
2991 5140 3161 5222 'Maz.
3181 5146 3240 5199 et
3293 5143 3394 5222 alii
3418 5145 3541 5203 duo
3573 5147 3739 5222 Regii

2085 5215 2346 5292 codices.
2374 5214 2612 5292 κάθαιρε.
2643 5213 3305 5292 ΕὰᾖίίοΡειιξὶεκκαθαιρει
3334 5216 3639 5292 λογισμούς.

2159 5284 2548 5368 (ἕδρη).ςίῳῄ
2577 5289 2694 5367 tres
2722 5284 2858 5340 libri
2907 5291 2964 5368 et
2982 5287 3166 5368 edi‘tic
3205 5284 3350 5368 Ven.
3383 5284 3472 5343 καὶ
3492 5284 3501 5292 ’
3522 5312 3744 5368 τροπου-

2091 5363 2239 5435 μένῃ,
2260 5357 2482 5435 ῌᾲξιὶοί
2503 5357 2689 5435 Paris.
2723 5359 3384 5435 rpemuéay._Aliquan_t0
3417 5357 3561 5434 post'
3583 5369 3746 5423 utra-

2449 5435 2507 5486 et
3031 5429 3224 5506 ἀγαθόν
3258 5429 3451 5506 θελὴσῖρ
3483 5440 3744 5506 γενέσθαι,

2095 5500 2206 5562 Alii
2234 5502 2359 5558 duo
2389 5519 2534 5558 mss.
2571 5501 2776 5574 5:70:60!
2801 5500 2934 5574 Θέλῃ-
2953 5521 3008 5553 σε
3037 5500 3298 5572 γενέσθαι.

2169 5577 2286 5647 (49)
2314 5569 2708 5647 Unus_codex
2744 5569 3054 5647 emacem;
3082 5577 3198 5630 Nec
3227 5577 3310 5632 ita
3359 5578 3551 5636 multo
3597 5580 3753 5638 infra

2100 5643 2249 5718 Reg.
2282 5645 2594 5704 secundus
2625 5645 2850 5699 θανάτου
2877 5643 3261 5716 ἀγωνίσασθαι.
