4110 6414
436 295 537 351 623

1822 285 1880 340 S.
1921 278 2175 338 BASlLlI
2208 283 2430 340 MAGNI

3701 296 3810 350 624

432 416 576 484 cari,
599 418 799 472 astare
826 413 963 469 ante
995 408 1402 480 magistratus,
1425 407 1798 483 populorum
1820 409 2076 464 assultus

2204 408 2348 475 σθαι,
2398 410 2490 461 καὶ
2540 409 2671 483 πρὸς
2733 410 2995 482 ἄρχοντας
3050 418 3408 487 παραστῆναι,
3467 417 3561 469 καὶ
3613 411 3804 490 δήμων

430 505 694 579 perferre
734 500 1108 559 horrendum
1148 499 1447 556 carniﬁcis
1503 498 1719 555 intueri
1749 501 2089 571 aspectum,

429 596 640 653 audire
669 609 883 651 vocem
937 605 1242 664 asperam,
1268 590 1814 647 instrumentorum
1862 586 1944 642 ad
1984 601 2093 658 pu-

427 684 724 743 niendum
762 682 1201 740 destinatorum
1238 695 1487 752 gravem
1526 681 1916 751 conspectum
1945 675 2092 732 tole-

428 790 589 843 rare,
619 776 923 831 tormenta
954 769 1230 844 experiri,
1257 774 1315 826 et
1342 783 1536 842 usque
1585 768 1664 825 ad
1701 771 1961 824 mortem
1991 765 2093 822 de-

430 871 684 935 certare,
715 868 965 937 propter
990 861 1122 918 hsec
1143 859 1351 918 omnia
1370 875 1446 917 ne
1474 858 1743 927 difﬁdas,
1768 856 1848 913 ob
1877 856 2090 913 oculos

426 956 665 1013 habens
684 954 1006 1021 Christum,
1027 951 1136 1025 qui
1157 949 1252 1007 his
1274 954 1378 1007 tua
1401 964 1593 1006 causa
1620 948 1732 1004 fuit
1759 945 2086 1017 obnoxius,

427 1047 625 1121 sitque
644 1048 1027 1118 compertum
1047 1042 1173 1111 tibi,
1195 1046 1252 1098 te
1274 1041 1338 1098 in
1368 1040 1499 1097 istis
1528 1039 1608 1097 ob
1637 1038 1939 1097 Christum
1961 1052 2088 1094 ver-

427 1136 549 1194 sari
571 1140 872 1208 oportere,
891 1138 1070 1206 teque
1088 1132 1151 1189 in
1180 1130 1326 1204 ipsis
1356 1145 1489 1187 esse
1515 1129 1838 1187 victurum.
1863 1130 2087 1200 Regem

424 1229 588 1286 enim
616 1226 908 1283 victorem
948 1222 1240 1297 sequeris,
1269 1221 1376 1295 qui
1406 1226 1463 1277 te
1502 1234 1630 1276 suae
1672 1217 1932 1275 victorias
1962 1218 2089 1275 vult

424 1332 559 1375 esse
597 1315 978 1390 participem.
1010 1315 1213 1385 Neque
1243 1310 1407 1367 enim
1445 1310 1634 1366 victus
1663 1324 1751 1376 es,
1786 1307 1898 1364 etsi
1926 1322 2088 1365 mor-

423 1412 585 1473 tuus;
608 1406 732 1463 imo
753 1419 896 1460 vero
916 1408 1058 1459 tunc
1080 1399 1535 1472 integerrimam
1563 1398 1885 1471 reportasti
1903 1397 2087 1454 victo-

421 1496 612 1553 riam:
646 1494 875 1568 quippe
925 1490 1031 1565 qui
1077 1490 1393 1546 veritatem
1424 1486 1871 1545 immutabilem
1907 1486 1986 1543 ad
2013 1486 2086 1543 ﬁ-

420 1601 564 1645 nem
597 1598 795 1657 usque
844 1580 949 1638 tibi
995 1580 1114 1654 ipsi
1161 1578 1517 1648 servaveris,
1551 1594 1621 1635 ac
1650 1577 2085 1635 inconcussam

418 1673 741 1734 retinueris
771 1670 1062 1745 loquendi
1083 1685 1195 1743 pro
1224 1668 1476 1726 veritate
1504 1667 1814 1725 ﬁduciam.

491 1769 549 1821 3.
589 1764 655 1819 Et
683 1759 933 1833 quidem
960 1758 1038 1815 ab
1075 1757 1319 1814 interitu
1339 1756 1418 1812 ad
1445 1761 1734 1813 aeternam
1770 1756 1983 1821 vitam,
2005 1755 2084 1812 ab
2124 1760 2166 1817 Β

422 1854 594 1930 201
658 1849 981 1908 hominum
1039 1846 1375 1918 ignominia
1430 1846 1508 1902 ad
1575 1846 1675 1903 Dei
1731 1844 2007 1915 gloriam,
2045 1861 2083 1903 a

418 1941 637 2000 mundi
662 1936 1122 1997 adversitatibus
1148 1940 1333 2008 atque
1354 1934 1664 2009 suppliciis
1686 1934 1765 1992 ad
1792 1940 2081 1992 aeternam

417 2030 712 2105 requiem,
745 2042 884 2102 quas
917 2026 1023 2083 tibi
1052 2041 1192 2082 cum
1223 2024 1460 2096 angelis
1487 2024 1835 2081 communis
1876 2024 2081 2082 futura

419 2126 528 2189 est,
557 2117 997 2193 proﬁsciscere.
1036 2117 1214 2171 Terra
1244 2119 1298 2170 te
1329 2114 1521 2170 civem
1549 2129 1675 2171 non
1700 2113 1988 2187 suscepit,
2019 2118 2081 2171 at

418 2210 642 2268 coelum
672 2206 982 2279 Suscipiet.
1009 2204 1275 2260 Mundus
1306 2207 1657 2276 persecutus
1684 2207 1811 2260 est:
1839 2203 1947 2259 sed
1967 2201 2079 2259 tol-

414 2300 541 2357 lent
570 2303 625 2356 te
648 2295 870 2368 angeli,
898 2300 965 2351 ut
996 2294 1212 2351 sistant
1232 2297 1288 2349 te
1319 2308 1528 2349 coram
1555 2292 1807 2350 Christo.
1832 2292 1990 2359 Quin
2020 2295 2080 2348 et

417 2389 652 2448 amicus
683 2384 1091 2460 appellabere,
1125 2398 1309 2456 esque
1352 2383 1672 2440 auditurus
1708 2381 2079 2454 jucundissi-

416 2494 585 2539 mam
607 2477 772 2533 illam
796 2474 1045 2532 laudem
1065 2490 1078 2529 :
1104 2475 1291 2529 Macte
1311 2472 1537 2543 animo,
1556 2487 1727 2528 serve
1747 2471 1909 2528 bone
1932 2476 1991 2529 et
2009 2472 2076 2527 ﬁ-

416 2568 590 2639 delis,
613 2566 788 2623 miles
804 2578 1121 2635 generose,
1139 2561 1497 2634 Dominique
1520 2561 1805 2633 imitator,
1826 2576 1897 2618 ac
1917 2561 2078 2632 regis

416 2660 697 2724 sectator,
722 2670 836 2725 ego
861 2658 912 2710 tc
933 2651 1085 2708 meis
1106 2650 1285 2708 donis
1315 2650 1785 2721 remunerabor;
1809 2666 1923 2723 ego
1944 2656 2079 2708 tuos

415 2746 652 2804 audiam
666 2741 1304 2815 sermones,quoniam
1315 2744 1378 2797 tu
1390 2740 1574 2797 etiam
1587 2739 1870 2797 audivisti
1882 2756 2076 2797 meos.

414 2839 584 2897 Petes
616 2834 869 2891 fratrum
899 2832 1007 2906 qui
1035 2834 1334 2887 vexantur
1364 2828 1624 2886 salutem
1648 2846 1661 2892 ;
1689 2835 1872 2903 atque
1898 2830 2078 2887 sociis

414 2924 560 2984 ﬁdei
584 2940 654 2981 ac
676 2939 866 2980 sacrae
887 2919 1197 2978 charitatis
1219 2918 1533 2992 discipulis
1552 2918 1858 2977 bonorum
1879 2935 1917 2976 a
1931 2926 2077 2992 rege

412 3012 1033 3075 communicationem
1053 3009 1428 3084 impetrabis,
1452 3014 1871 3083 praetereaque
1890 3010 2078 3083 tripu-

2202 495 2576 559 ίπαναστάσεις
2619 500 2930 570 ὑπενεγκεῖν,
2980 504 3070 553 καὶ
3119 497 3316 575 δημίου
3385 502 3597 577 βλέμμα
3646 505 3805 578 φοϐε-

2200 589 2290 661 ρὸν
2321 582 2471 655 ἰδεῖν,
2513 592 2604 641 καὶ
2653 588 2883 664 σκληρὰν
2931 588 3157 644 ἀκοῦσαι
3209 596 3399 665 φωνην,
3428 598 3519 646 καὶ
3539 594 3805 655 κολαστη-

2200 681 2324 750 ρίων
2373 676 2494 749 ὄψιν
2530 678 2803 751 ὑπομεῖναι
2850 679 3108 752 χαλεπὴν,
3154 687 3245 734 καὶ
3284 684 3600 758 πειραθῆναι
3619 682 3803 757 βασά-

2198 786 2316 834 νων,
2344 772 2435 820 καὶ
2458 772 2625 841 μέχρι
2667 770 2889 822 θανάτου
2920 766 3366 843 διαγωνίσασθαι,
3397 777 3469 845 μὴ
3503 771 3805 849 ἁπειθήσης

2198 859 2325 931 πρὸς
2367 857 2572 911 ἅπαντα
2625 866 2814 928 ταῦτα,
2865 863 2967 936 πρὸ
3025 860 3300 935 ὀφθαλμῶν
3354 863 3491 935 ἔχων
3538 868 3628 916 τόν
3672 863 3799 941 ὑπὲρ

2201 953 2297 998 σοῦ
2346 945 2397 998 ἐν
2445 950 2646 1009 τούτοις
2671 952 2938 1022 γινόμενον
2989 953 3237 1025 Χριστὸν,
3271 947 3443 1019 εἰδὼς,
3470 952 3554 1005 ὁτι
3580 949 3676 1007 διὰ
3709 958 3796 1008 τόν

2198 1038 2430 1109 Χριστὸν
2479 1036 2531 1090 ἐν
2584 1041 2790 1101 τούτοις
2833 1041 3077 1111 γενέσθαι
3108 1058 3167 1093 σε
3218 1036 3324 1111 δεῖ,
3346 1045 3438 1094 καὶ
3479 1047 3716 1109 νικήσεις
3748 1043 3796 1098 ἐν

2197 1127 2417 1187 τούτοις.
2472 1133 2677 1200 Νικητῇ
2735 1130 2835 1204 γὰρ
2881 1127 3174 1190 ἁκολουθεῖς
3223 1128 3454 1203 βασιλεῖ,
3505 1141 3601 1195 τῆς
3648 1138 3800 1199 νίκης

2197 1213 2357 1267 αὐτοῦ
2411 1214 2709 1290 βουλομένῳ
2776 1236 2834 1270 σε
2885 1220 3129 1290 γενέσθαι
3189 1223 3452 1276 κοινωνόν.
3503 1219 3646 1276 Οὐδὲ
3697 1226 3798 1300 γὰρ

2197 1302 2466 1357 ἀποθανὼν
2495 1307 2751 1373 ἡττήθης,
2800 1304 2933 1360 ἀλλὰ
2981 1311 3098 1361 τότε
3142 1304 3209 1368 δὴ
3256 1313 3347 1362 καὶ
3372 1308 3659 1364 τελεώτατα
3686 1311 3797 1366 ἐνί-

2194 1412 2385 1462 κησας,
2414 1396 2551 1469 ἄχρι
2600 1396 2772 1457 τέλους
2818 1398 3071 1472 ἄτρεπτον
3133 1397 3361 1470 φυλάξας
3412 1403 3508 1459 τὴν
3553 1400 3795 1460 ἀλήθειαν

2198 1492 2400 1555 σεαυτῷ
2445 1486 2579 1558 (50),
2631 1490 2722 1538 καὶ
2776 1490 2871 1547 τὴν
2919 1488 3046 1563 ὑπὶρ
3079 1496 3170 1550 τῆς
3218 1486 3461 1553 ἀληθείας
3500 1489 3797 1566 παῤῥηκιαν

2196 1569 2568 1646 ἀμετακίνητον
2599 1580 2770 1648 σχὼν,

2266 1756 2317 1808 3.
2364 1757 2465 1806 Καὶ
2495 1752 2597 1807 ἀπὸ
2636 1761 2728 1808 τοῦ
2761 1756 2984 1809 θανάτου
3160 1759 3289 1831 πρὸς
3316 1758 3524 1812 αἰώνιον
3557 1756 3794 1824 όδεῦσεις

2196 1842 2356 1910 ζωὴν,
2391 1842 2491 1895 ἀπὸ
2547 1839 2607 1896 δὲ
2658 1853 2754 1907 τῆς
2803 1848 2949 1920 παρὰ
3000 1844 3289 1921 ἀνθρώποις
3343 1848 3557 1922 ἀτιμίας
3587 1848 3791 1910 iniria

2193 1926 2352 1995 δόξαν
2377 1937 2472 1991 τὴν
2501 1935 2647 2008 παρὰ
2674 1942 2828 2002 Θεοῦ,
2863 1940 2953 1988 καὶ
2984 1932 3085 1989 ἀπὸ
3124 1945 3222 1989 τῶν
3252 1940 3303 1990 εν
3339 1942 3522 2012 κόσμῳ
3572 1938 3788 2012 θλίξιεων

2190 2026 2282 2074 καὶ
2335 2020 2594 2075 κολάσεων
2646 2021 2731 2076 ἐπὶ
2759 2026 2849 2086 τὰς
2901 2024 3142 2088 αἰωνίους
3187 2025 3505 2089 ἀναπαύσεις
3555 2031 3650 2092 τὰς
3693 2033 3787 2082 σὺν

2191 2110 2447 2184 ἀγγέλοις.
2482 2118 2551 2171 Ικῆ
2590 2132 2648 2165 σε
2676 2112 2892 2172 πολίτην
2932 2115 3027 2167 οὐκ
3079 2112 3386 2185 ἀπεδέξατο,
3415 2116 3523 2169 ἀλλ’
3572 2119 3788 2192 οὐρανός

2190 2197 2514 2266 ὑποδέξεται,
2555 2205 2754 2275 κόσμος
2806 2199 3036 2272 ἐδίωξεν,
3233 2204 3605 2279 βαστάσουσιν
3634 2209 3790 2281 ἄγαγε.

2187 2289 2268 2343 λοι
2313 2296 2659 2364 παραστῆσαί
2698 2311 2756 2345 σε
2785 2301 3002 2368 Χριστῷ
3045 2296 3181 2365 (51)·
3229 2300 3319 2348 καὶ
3350 2296 3489 2368 φίλος
3519 2296 3786 2371 κληθήσῃ,

2187 2384 2278 2431 καὶ
2334 2383 2421 2431 τόν
2461 2382 2821 2435 ποθεινότατον
2890 2385 3098 2436 ἔπαινον
3152 2382 3415 2447 ἁκούσειςο
3488 2384 3581 2453 Εὖ,
3637 2383 3789 2441 δοῦλε

2187 2466 2351 2540 ἀγαθὲ
2398 2473 2489 2522 καὶ
2545 2473 2722 2539 πιστὲ,
2785 2482 3086 2549 στρατιῶτα
3141 2483 3363 2547 γενναῖε,
3428 2481 3520 2529 καὶ
3583 2480 3791 2550 μιμητόν

2186 2566 2278 2611 τοῦ
2327 2563 2612 2627 Δεσπότου,
2647 2559 2908 2633 βασιλέως
2951 2562 3221 2632 ἀκόλουθε,
3274 2563 3375 2638 ἐγώ
3407 2585 3465 2619 σε
3513 2575 3622 2629 τοῖς
3654 2566 3790 2641 ἐμοῖς

2186 2646 2476 2721 ἀμεὶψομαι
2529 2646 2739 2723 δώροις·
2797 2649 2897 2723 ἐγὼ
2948 2660 3050 2704 τῶν
3104 2660 3209 2705 σῶν
3261 2651 3560 2729 ἀκούσομαι
3601 2656 3784 2729 λόγων,

2186 2735 2297 2790 ἐπεὶ
2346 2742 2437 2791 καὶ
2487 2742 2552 2793 σὺ
2602 2748 2698 2792 τῶν
2752 2738 2907 2813 ἐμῶν.
2955 2742 3197 2805 Αἰτήσιις
3245 2741 3477 2818 ἀδελφῶν
3521 2750 3784 2819 σωτηρίαν

2184 2832 2665 2902 καταπονουμένων,
2714 2834 2806 2883 καὶ
2850 2838 2962 2893 τοῖς
3007 2830 3274 2896 κοινωνοῖς
3296 2842 3392 2898 τῆς
3420 2839 3639 2897 πίστεως
3659 2838 3777 2907 (52)

2183 2922 2274 2969 καὶ
2312 2925 2418 2979 τοῖς
2458 2921 2687 2991 μύσταις
2733 2928 2830 2981 τῆς
2882 2921 3017 2995 ἱερᾶς
3300 2922 3442 2999 λήψῃ
3498 2927 3642 3000 παρὰ
3686 2931 3777 2978 τοῦ

2184 3005 2443 3081 βασιλέως
2471 3013 2566 3068 τὴν
2617 3017 2718 3063 τῶν
2775 3008 2985 3082 ἀγαθῶν
3028 3013 3333 3086 μετουσίαν·
3395 3017 3675 3090 χορεύσεις
3721 3012 3781 3069 δί

412 3105 611 3164 diabis
626 3102 892 3177 tripudia
904 3100 1473 3173 sempiterna,geres
1491 3115 1782 3157 coronam
1796 3100 1952 3158 inter
1971 3116 2075 3157 an-

2182 3098 2277 3157 τὰς
2324 3097 2560 3161 αἰωνίους
2610 3104 2849 3175 χορείας,
2907 3104 2999 3154 καὶ
3053 3103 3248 3175 μεταξὺ
3281 3112 3382 3157 τῶν
3407 3102 3635 3176 ἁγγίλων
3667 3124 3781 3159 στε-

414 3196 600 3267 gelos,
623 3192 1114 3268 atque-creaturis
1136 3190 1252 3247 sub
1272 3205 1413 3261 rege
1433 3190 1768 3263 imperans,
1789 3206 1908 3247 una
1932 3207 2074 3248 cum

410 3286 737 3343 beatorum
754 3284 941 3341 choro
961 3283 1024 3339 in
1043 3287 1339 3339 aeternum
1369 3280 1585 3337 beatus
1605 3280 1791 3337 vives.
1816 3280 1992 3347 Quod
2021 3281 2076 3338 si

413 3381 470 3436 te
515 3375 714 3433 adhuc
764 3374 830 3430 in
886 3370 1120 3429 mundo
1150 3375 1288 3444 post
1323 3369 1660 3427 certamina
1685 3371 1868 3427 etiam
1898 3371 2075 3429 relin-

413 3481 602 3540 quere
618 3463 798 3528 volet,
811 3469 877 3520 ut
896 3462 1077 3536 plura
1094 3465 1150 3517 et
1172 3460 1338 3518 varia
1356 3460 1527 3517 ineas
1547 3460 1897 3528 certamina,
1917 3462 2075 3519 mul-

412 3560 633 3628 tosque
659 3567 799 3610 cum
816 3567 854 3608 a
882 3548 1158 3607 visibilus
1189 3553 1320 3606 tum
1348 3547 1427 3605 ab
1455 3548 1873 3606 invisibilibus
1896 3548 2072 3607 bellis

413 3646 614 3705 salvos
635 3648 693 3701 et
712 3642 1045 3703 incolumes
1067 3639 1492 3711 serves,gloria
1506 3643 1615 3697 tua
1634 3639 1817 3697 etiam
1833 3640 1896 3697 in
1914 3645 2074 3699 terra

410 3750 642 3808 magna
669 3734 798 3805 erit,
828 3737 885 3790 et
923 3731 986 3789 in
1034 3730 1225 3804 pretio
1255 3730 1371 3786 eris
1402 3730 1567 3803 apud
1596 3730 1848 3802 amicos,
1878 3732 1985 3805 qui
2016 3736 2071 3788 te

409 3831 676 3884 tutorem
721 3822 1185 3894 adjutoremque
1231 3834 1303 3876 ac
1340 3819 1576 3875 bonum
1620 3817 1888 3891 legatum
1917 3820 2072 3877 inve-

408 3913 703 3975 nerint.Hi
731 3912 998 3969 nutrient
1019 3913 1075 3967 te
1105 3914 1403 3982 tanquam
1433 3914 1747 3966 strenuum
1777 3910 2067 3970 militem:

408 4007 473 4065 hi
511 4005 711 4063 colent
738 4007 794 4060 te
822 4000 1007 4058 veluti
1033 4000 1235 4057 virum
1278 3998 1679 4057 fortissimum
1722 4016 1793 4057 ac
1823 4016 2071 4071 genero-

410 4095 724 4153 sissimum
753 4109 765 4148 :
798 4090 859 4147 hi
890 4088 1244 4146 salutabunt
1267 4092 1321 4145 te
1350 4090 1544 4146 amice
1573 4094 1631 4145 et
1683 4089 1954 4159 comiter,
1982 4094 2068 4149 te-

409 4200 529 4259 que
558 4182 645 4239 uti
675 4180 777 4238 Dei
804 4178 1093 4250 angelum
1119 4193 1260 4234 cum
1292 4178 1519 4249 gaudio
1541 4178 1896 4252 suscipient,
1920 4194 2068 4254 que-

409 4271 815 4332 madmodum
844 4268 1068 4326 Paulus
1091 4268 1195 4335 ait,
1218 4266 1381 4324 velut
1420 4267 1724 4325 Christum
1759 4270 1964 4326 .lesum
1995 4271 2063 4338 σέ.

408 4365 546 4421 Haec
576 4366 635 4419 et
658 4359 934 4433 ejusdem
954 4357 1193 4430 generis
1215 4356 1338 4414 alia
1365 4356 1589 4413 divinas
1617 4345 1845 4415 militia:
1866 4375 2063 4416 exem-

2183 3193 2589 3263 φανηιρορησεις,
2639 3188 2933 3262 βασιλεύων
3006 3196 3223 3254 κτίσεως
3272 3193 3372 3246 ὐπό
3419 3200 3491 3263 τῷ
3540 3192 3774 3266 ﬂamini,

2180 3281 2271 3330 καὶ
2320 3274 2738 3341 συνδιαιωνίζων
2807 3285 3071 3357 μακαρίως
3116 3290 3189 3354 τῷ
3241 3290 3338 3345 τῆς
3390 3287 3776 3357 μακαριότητος

2179 3374 2351 3441 χορῷ.
2386 3367 2448 3420 Εἰ
2497 3363 2557 3420 δὲ
2599 3373 2688 3421 καὶ
2728 3368 2813 3422 ἐπὶ
2858 3373 3063 3444 κόσμου
3092 3390 3150 3425 σε
3200 3372 3512 3445 καταλεῖψαι
3541 3375 3618 3426 ἔτι
3647 3376 3782 3446 μετὰ

2180 3461 2303 3520 τοὺς
2334 3456 2540 3531 ἀγῶνας
2579 3459 2733 3531 θελοι,
2768 3462 2853 3514 ἵνα
2897 3466 2989 3515 καὶ
3036 3462 3276 3527 πλείονας
3322 3462 3522 3538 ἀγῶνας
3546 3469 3638 3518 καὶ
3666 3483 3782 3519 ποι-

2180 3547 2354 3610 κίλους
2383 3545 2671 3624 διαγωνίση
2707 3550 2845 3623 (53),
2871 3556 2963 3605 καὶ
2994 3558 3175 3627 σώσης
3203 3552 3259 3606 ἐκ
3288 3562 3389 3607 τῶν
3424 3553 3657 3631 ἆοροίτων
3690 3560 3781 3609 καὶ

2181 3638 2380 3712 ὁρατῶν
2422 3638 2664 3712 πολέμιον
2710 3639 2949 3709 πολλοὺς,
3000 3642 3200 3715 μεγάλη
3251 3662 3346 3697 σου
3376 3648 3466 3698 καὶ
3512 3647 3648 3699 κατὰ
3679 3654 3779 3718 γῆν

2180 3728 2210 3785 ἡ
2248 3722 2399 3797 δόξα,
2426 3732 2517 3781 καὶ
2552 3731 2699 3805 παρὰ
2726 3738 2836 3794 τοῖς
2862 3730 3019 3803 φίλοις
3048 3734 3139 3806 ἔσῃ
3172 3736 3361 3807 τίμιος,
3393 3736 3697 3810 προστάτην
3720 3753 3779 3788 σε

2178 3821 2270 3868 καὶ
2324 3815 2521 3890 βοηθὸν
2564 3822 2655 3871 καὶ
2699 3819 3025 3895 πρεσϐευτὴν
3054 3820 3250 3895 ἀγαθὸν
3281 3825 3580 3900 εὑρηκόσιν.
3619 3824 3779 3879 Οὗτοι

2181 3905 2463 3980 θρέψουσιν
2493 3910 2564 3970 ὡς
2595 3916 2920 3984 στρατιώτην
2969 3909 3183 3983 ἀγαθόν’
3214 3909 3361 3967 οὗτοι
3389 3916 3779 3988 τιμήσουσινὼς

2179 3993 2400 4070 ἀριστέα
2441 4005 2689 4070 γενναῖον·
2731 3996 2877 4053 οὗτοι
2922 3997 3267 4064 δεξιώσονται
3295 4008 3386 4057 καὶ
3423 4007 3552 4077 μετὰ
3607 4011 3779 4078 χαρᾶς

2178 4082 2522 4149 ὑποδέξονται
2551 4091 2615 4151 ὡς
2646 4088 2861 4162 ἄγγελον
2898 4096 3046 4144 Θεοῦ
3078 4088 3378 4166 δεχόμενοι,
3410 4096 3551 4148 καθὰ
3580 4094 3780 4157 Παῦλός
3808 4163 3815 4169 δ

2177 4195 2359 4250 φησιν,
2409 4178 2474 4239 ὠς
2528 4183 2761 4255 Χριστὸν
2821 4180 3046 4240 Ἰησοῦν.
3106 4189 3284 4236 Ταῦτα
3323 4189 3412 4237 καὶ
3450 4186 3517 4238 τὰ
3559 4192 3781 4239 τοιαῦτα

2177 4274 2269 4328 τῆς
2310 4268 2445 4329 θείας
2496 4274 2772 4342 στρατείας
2816 4273 2885 4323 τὰ
2924 4269 3353 4346 παραδείγματα.
3387 4274 3687 4348 Διαλέγεται
3719 4271 3779 4329 δὲ

2178 4355 2273 4409 οὐκ
2326 4352 2555 4432 ἀνδράσι
2610 4363 2788 4433 μόνοις
2830 4362 2859 4413 ό
2913 4360 3060 4434 λόγος
3111 4363 3240 4434 (54).
3270 4366 3610 4440 Στρατεύεται
3672 4366 3775 4440 γὰρ

404 4453 509 4527 pla
532 4456 691 4511 sunt.
709 4453 910 4523 Neque
930 4463 1075 4506 vero
1104 4446 1186 4504 ad
1211 4445 1376 4504 solos
1395 4446 1559 4538 viros
1581 4451 1814 4538 spectat
1843 4452 2057 4508 oratio.

2182 4452 2267 4501 καὶ
2296 4451 2354 4502 τὸ
2379 4448 2507 4509 θῆλυ
2549 4454 2696 4526 παρὰ
2714 4459 2955 4526 Χριστῷ,
2985 4460 3048 4526 τῇ
3089 4452 3301 4529 ψυχικῇ
3352 4453 3569 4530 ἀνδρείᾳ
3617 4474 3778 4509 κατα-

403 4542 608 4603 Militat
626 4541 791 4599 enim
819 4537 986 4614 apud
1006 4537 1308 4597 Christum
1330 4536 1710 4636 et.muliebre
1740 4554 1954 4611 genus,
1980 4540 2063 4600 ob

473 4705 521 4744 ⁸⁸
564 4700 753 4761 Galat.
789 4715 868 4772 Iv,
895 4698 983 4756 l4.

469 4852 584 4919 (ὅθ)
632 4850 775 4919 Reg.
836 4842 1144 4919 secundus
1204 4840 1540 4919 ἀλήθειαν-ἐν
1587 4852 1812 4919 σεαυτῷ.
1847 4846 2058 4907 Statim

399 4918 578 4981 editio
636 4915 820 4978 Paris.
852 4921 943 4970 καὶ
996 4916 1097 4969 ἀπὸ
1153 4924 1267 4972 τοῦ.
1299 4915 1522 4975 Vocula
1569 4922 1660 4970 καὶ
1709 4915 1880 4975 deest
1908 4925 1967 4978 et
1994 4921 2058 4978 in

397 4996 663 5053 editione
691 4993 833 5047 Ven.
874 4993 933 5045 et
960 4987 1023 5044 in
1062 4987 1329 5061 antiquis
1359 4989 1555 5061 tribus
1581 4988 1776 5047 libris.

469 5069 583 5138 (51)
616 5062 791 5138 Quod
821 5061 903 5138 ait
932 5058 1353 5138 Combeﬁsius,
1378 5060 1535 5117 duos
1558 5076 1706 5118 suos
1737 5066 1966 5121 veteres
1993 5063 2057 5123 li-

394 5131 541 5196 brbs
565 5131 709 5194 "Maz.
741 5132 909 5210 et
928 5131 1015 5188 ita
1038 5131 1288 5210 habere,
1310 5139 1405 5185 τοῦ
1434 5139 1784 5210 παραστῆσαὶ
1814 5144 2051 5210 Χριστῷ,

394 5209 456 5281 id
478 5224 603 5265 non
621 5221 763 5281 vere
791 5205 1025 5281 di_ct_1_n_n
1049 5207 1157 5281 est,
1173 5218 1316 5281 cum
1335 5204 1557 5281 vocula
1584 5212 1677 5257 τοῦ
1698 5205 1763 5263 in
1793 5204 2054 5281 utroque

390 5280 549 5337 libro
606 5276 778 5352 de_s_i_t.
806 5275 1035 5352 _Editio
1083 5274 1273 5352 Paris.
1327 5275 1539 5352 ἄγγελοι
1591 5274 2053 5352 παραστῆσαι-σε

392 5357 631 5425 Χριστῷ.
674 5347 848 5425 illud
878 5366 946 5425 a-a_
964 5361 1162 5425 neque
1217 5346 1721 5425 in_nostri_srms's.
1766 5364 1961 5425 neque
1988 5352 2051 5409 in

391 5418 896 5496 editione__Vene_ta
932 5418 1419 5496 invenitur._Mox
1450 5419 1629 5496 editio
1675 5418 2048 5496 Paris.'E97c,

392 5493 562 5548 δοῦλε.
588 5491 776 5548 Editio
800 5493 942 5545 Ven.
968 5493 1026 5562 et
1053 5489 1287 5562 antiqui
1318 5494 1437 5547 tres
1464 5489 1603 5547 libri
1625 5492 1717 5560 Εὖ,
1746 5490 1918 5550 δοῦλε.

464 5568 576 5637 (52)
608 5564 693 5620 Ita
712 5562 859 5633 Reg.
886 5561 1113 5617 tertius.
1135 5556 1240 5617 Illa
1266 5565 1471 5618 autem
1494 5556 1855 5638 verba,quae
1876 5565 2048 5624 addi-
2074 5556 2082 5570 ’

389 5632 611 5709 diuinis,
641 5640 730 5689 καὶ
755 5632 861 5696 τοὶς
883 5641 1149 5697 κοινωνοῖς
1178 5640 1242 5692 τῆ
1253 5654 1274 5696 ς
1305 5653 1548 5708 πιστεως,
1588 5632 1873 5708 Ιθεὶιῇιω*
1897 5654 2044 5713 quo~

2175 4537 2442 4613 λεγόμενον
2485 4540 2554 4603 εἰς
2599 4544 2694 4601 τὴν
2749 4546 3045 4619 στρατείαν,
3077 4548 3168 4598 καὶ
3204 4545 3265 4598 οὐ
3308 4541 3402 4599 διὰ
3425 4549 3520 4606 τὴν
3550 4553 3644 4600 τοῦ
3677 4552 3777 4600 σώ-

2168 4861 2287 4921 que
2339 4845 2403 4905 in
2458 4846 2733 4920 margine
2784 4848 3009 4909 codicis
3049 4849 3346 4910 Mazarini.
3403 4850 3556 4909 Editi
3583 4856 3641 4911 et
3673 4852 3773 4911 alii

2165 4935 2317 4998 mss.
2348 4925 2832 4995 καταπονουμένων,
2863 4928 2954 4976 καὶ
3008 4932 3116 4986 τοῖς
3140 4926 3392 4998 μῦσταις·
3423 4926 3591 4998 quod
3643 4940 3775 4998 mu-

2166 4991 2337 5067 tilum
2366 4999 2494 5067 erat
2522 4999 2578 5052 et
2598 4991 2967 5067 truncatum.
2996 4991 3170 5053 Haud
3188 4996 3370 5067 longe
3395 4991 3533 5066 Reg.
3559 4997 3773 5054 tertius

2165 5068 2222 5120 et
2244 5064 2592 5138 editio_Ven.
2610 5066 2843 5124 habent
2861 5067 2924 5124 in
2940 5069 3214 5138 margine
3237 5064 3770 5138 ἀγαθῶνκοινωνίαν.

2237 5136 2347 5214 φξβ)
2374 5136 2566 5214 ξάἱιᾷο
2590 5140 2733 5214 Yen.
2756 5144 2816 5196 et
2840 5155 2991 5196 mss.
3015 5136 3134 5198 tres
3155 5136 3427 5202 ποικίλους
3447 5136 3767 5214 διαγωνίση.

2164 5205 2356 5285 Εάᾼίῑξῴ
2383 5209 2568 5285 Paris.
2605 5205 2898 5285 tw/_wvia"g
2910 5218 2948 5285 ξ.

2233 5279 2473 5358 (54)_$ic
2510 5279 2745 5358 antiqui
2774 5279 2896 5358 tres
2925 5282 3083 5341 libri.
3118 5284 3309 5342 Editio
3354 5283 3539 5358 Paris.
3563 5288 3718 5358 μόνος
3743 5285 3769 5337 ὁ

2159 5350 2326 5432 λόγος.
2360 5355 2491 5410 Mox
2517 5350 2826 5432 Mam—7mg?
2853 5364 2925 5427 τῷ
2951 5357 3383 5432 misi-Quand
3406 5350 3585 5432 longe
3604 5355 3770 5432 idem

2158 5414 2353 5498 codex
2380 5429 2729 5498 καταγόμινον
2756 5414 2827 5487 ἒίς
2847 5414 2941 5486 τόν
2963 5414 3045 5486 αὶί
3064 5414 3347 5486 militiam
3382 5414 3768 5487 desc‘éndens.

2158 5497 2318 5573 Reg;
2332 5494 2550 5573 tertius
2562 5494 2973 5573 ia_0arr?oys*.ao_v_,
2995 5505 3053 5555 et
3083 5500 3166 5556 ita
3184 5516 3432 5573 quoque
3463 5500 3680 5573 legitur
3705 5499 3770 5556 in

2156 5583 2266 5649 ora
2286 5568 2450 5649 Regii
2462 5568 2663 5649 primi,
2680 5568 3070 5649 non'quidem
3083 5568 3302 5649 eadem
3319 5568 3514 5649 manu
3524 5568 3551 5640 ζ
3546 5570 3652 5649 sed
3667 5587 3772 5649 an-

2156 5642 2323 5712 tiqua
2343 5643 2570 5699 tamen.
2590 5642 2859 5717 Utraque
2880 5643 3062 5702 editio
3080 5646 3137 5702 et
3168 5646 3234 5702 Η.
3268 5648 3335 5701 ut
3361 5643 3426 5701 in
3453 5645 3764 5702 contextu.
