4110 6432
379 381 483 435 625

1324 373 1552 434 SERMO
1595 378 1684 433 DE
1725 371 2296 432 RENUNTIATION‘E
2329 374 2616 444 SECULI,
2657 376 2804 431 ETC.

3643 377 3749 433 6‘26

378 526 542 581 ματος
589 503 854 557 ἀσθένειαν
913 499 1452 575 ἀποδοκιμαζόμενον,
1498 506 1588 555 καὶ
1639 501 1824 556 πολλαὶ
1875 523 1949 573 γυ‹

2090 498 2279 556 animi
2301 499 2718 557 fortitudinem
2749 499 2828 556 ad
2855 497 3132 554 militiam
3181 499 3503 566 delectum,
3530 516 3641 557 nec
3667 499 3749 556 ob

375 603 545 659 ναῖκες
603 596 919 670 ἠρίστευσαν
975 589 1176 665 ἀνδρῶν
1234 593 1327 644 ουκ
1384 591 1611 648 ἔλαττον.
1670 593 1791 646 Εἰσὶ
1831 588 1890 644 δὲ
1921 589 1974 644 αἱ

375 690 464 737 καὶ
517 685 767 758 μειζόνως
819 679 1197 754 εὐδοκίμησαν.
1251 682 1340 734 Ἐκ
1386 684 1579 736 τούτων
1639 681 1770 734 εἰσὶν
1799 682 1975 743 αἱτῆς

373 776 649 849 παρθενίας
714 772 1011 848 πληροῦσαι
1066 775 1153 824 τὸν
1199 776 1382 846 χορόν,
1440 773 1527 826 Ἐκ
1556 773 1750 824 τούτων
1782 771 1835 825 αἱ
1866 779 1974 834 τοῖς

375 863 546 936 ἀγῶσι
602 872 697 925 τῆς
746 862 1025 936 ὁμολογίας
1079 867 1164 914 καὶ
1207 870 1322 924 ταῖς
1351 867 1522 925 νίκαις
1557 870 1653 923 τῆς
1680 865 1973 936 μαρτυρίας

373 952 785 1026 ἐκπλάμπουσιν,
846 951 1188 1006 Ἠκολούθουν
1256 948 1316 1005 δὲ
1376 957 1465 1004 καὶ
1523 951 1662 1023 αὐτῷ
1692 960 1763 1022 τῷ
1797 956 1971 1026 Κυρίῳ

371 1045 510 1095 κατά
531 1048 626 1102 τὴν
654 1047 946 1118 παρουσίαν
978 1042 1070 1094 ουκ
1092 1039 1279 1117 ἄνδρες
1309 1045 1482 1115 μόνον,
1517 1040 1644 1094 ἀλλά
1665 1046 1754 1093 καὶ
1793 1048 1972 1112 γυναῖ-

371 1151 474 1197 κες,
521 1132 610 1184 καὶ
659 1128 729 1185 δι’
781 1131 1081 1208 ἀμφοτέρων
1132 1134 1162 1190 ἠ
1211 1131 1511 1206 λειτουργία
1575 1138 1667 1184 τοῦ
1736 1137 1972 1204 Σωτῆρος

370 1221 662 1277 ἓπετελεῑτο.
692 1225 951 1276 Τοιούτων
983 1226 1072 1274 καὶ
1100 1222 1264 1284 οὕτως
1331 1218 1552 1283 ἐνδόξων
1621 1219 1967 1293 ἀποκειμένων

366 1320 427 1384 τῇ
489 1317 738 1388 στρατεία
783 1320 845 1385 τῇ
893 1314 1037 1364 καπά
1089 1314 1342 1385 Χριστόν,
1392 1310 1806 1384 ἐπιθυμείτωσαν

365 1401 526 1465 αὐτῆς
567 1407 656 1455 καὶ
707 1407 924 1477 πατέρες
979 1398 1206 1468 παίδων,
1263 1405 1353 1454 καὶ
1409 1406 1622 1476 μητέρες
1655 1404 1962 1477 θυγατέρων.

369 1495 788 1563 Προσαγέτωσαν
837 1492 904 1542 τὰ
960 1491 1128 1543 αὐτῶν
1176 1494 1491 1562 γεννήματα,
1549 1494 1827 1564 χαίροντες
1882 1488 1964 1542 ἐπὶ

361 1587 478 1642 ταῖς
525 1579 753 1642 αἰωνίοις
791 1578 1015 1645 ἐλπίσιν,
1046 1580 1112 1630 ὧν
1167 1581 1215 1630 οἱ
1236 1576 1422 1641 παῖδες
1455 1580 1633 1642 αὐτοῖς
1663 1580 1959 1652 μεθέξουσι,

361 1671 663 1744 προστάτας
701 1671 841 1740 ἔχειν
907 1671 1050 1743 παρὰ
1103 1677 1317 1738 Χριστῷ
1355 1674 1444 1721 καὶ
1476 1668 1796 1744 πρεσϐευτὰς
1826 1669 1961 1741 ἀγα..

370 1760 492 1820 θους
545 1757 929 1830 ἐπιθυμοῦντες.
991 1762 1086 1810 Καὶ
1155 1763 1226 1830 μὴ
1284 1758 1615 1832 μικρόψυχοι
1666 1764 1784 1834 περὶ
1839 1764 1962 1822 τοὺς

360 1845 558 1910 παῖδας
621 1849 906 1920 γενώμεθα,
953 1845 1092 1921 μηδὲ
1156 1847 1458 1921 φοϐηθῶμεν
1514 1850 1557 1902 εἰ
1613 1855 1955 1912 πονήσουσιν,

359 1936 469 1990 ἀλλ’
499 1938 877 2013 εὖφρανθῶμεν,
913 1940 993 1990 ὅτι
1021 1935 1468 2000 ὃοξασθὴσονται.
1526 1944 1958 2012 Παραστήσωμεν

356 2036 430 2100 τῷ
498 2033 674 2103 Κυρίῳ
722 2030 788 2081 τά
828 2025 1047 2081 δοθέντα
1074 2029 1197 2103 παρ’
1239 2029 1420 2095 αὐτοῦ,
1452 2031 1534 2081 ἵνα
1561 2034 1651 2082 καὶ
1679 2039 1770 2090 τῆς
1801 2027 1956 2082 ευδο-

355 2122 623 2191 κιμὴσεως
665 2127 763 2170 τῶν
815 2115 1021 2170 παίδων
1082 2121 1347 2192 γενώμεθα
1374 2124 1628 2186 κοινωνοὶ,
1675 2139 1956 2194 συμπροσ-

354 2208 563 2279 άγοντες
623 2207 838 2270 ἑαυτοὺς
889 2209 1004 2279 (56)
1054 2213 1144 2260 καὶ
1188 2217 1672 2284 συμπαριστώντες.
1724 2215 1840 2270 Τοῖς
1884 2205 1951 2267 δὴ

353 2298 488 2350 οὖτω
577 2300 1027 2373 προθυμουμένοις
1121 2303 1211 2352 καὶ
1303 2300 1460 2360 οὕτως
1504 2336 1506 2338 -
1558 2297 1954 2372 ἀγωνιζομένοις

350 2387 518 2450 καλῶς
579 2389 642 2439 ἄν
707 2407 786 2450 τις
853 2386 908 2440 ἐκ
959 2396 1051 2441 τοῦ
1083 2385 1380 2462 Ψαλμῳὸου
1408 2388 1574 2460 λέγοιο
1603 2387 1953 2461 Εὐλογημένοι

349 2477 492 2550 ὑμεῖς
573 2486 644 2548 τῷ
709 2483 884 2552 Κυρίῳ
935 2486 1006 2549 τῷ
1081 2483 1365 2537 ποιήσαντι
1439 2481 1526 2530 τὸν
1592 2478 1806 2553 οὐρανὸν
1862 2483 1952 2532 καὶ

346 2571 438 2625 τὴν
503 2575 623 2639 γῆν.
679 2570 776 2620 Καὶ
818 2570 955 2620 κατά
1000 2571 1087 2620 τόν
1124 2573 1328 2640 Μωσέα,
1379 2568 1579 2631 εὔξεται
1608 2573 1726 2642 περὶ
1757 2567 1946 2620 αὐτῶνο

347 2656 579 2728 Batava.
642 2658 817 2729 Κύριε,
867 2659 934 2709 τὰ
977 2659 1104 2730 ἔργα
1150 2656 1340 2710 αὐτῶν·
1380 2656 1603 2718 κάταξον
1635 2654 1794 2730 ὀφρὺν
1833 2657 1950 2729 (57)

348 2744 740 2804 ἀνθεστηκότων
775 2739 789 2747 ’
835 2745 1035 2809 αὐτοῖς.
1119 2744 1459 2823 Ἀνδρίζεσθε
1539 2749 1609 2808 ὡς
1697 2754 1943 2818 γενναῖοι,

350 2832 574 2910 δράμετε
626 2840 874 2908 γενναίως
913 2839 1003 2888 τὸν
1047 2833 1242 2911 δρόμον
1299 2835 1383 2888 ἐπὶ
1432 2844 1543 2898 τοῖς
1570 2835 1794 2896 αἰωνίοις
1826 2856 1948 2889 στε-

351 2927 548 2996 φάνοις,
593 2925 642 2978 ἐν
685 2933 902 3000 Χριστῷ
955 2925 1132 2984 Ἰησοῦ
1163 2934 1235 2998 τῷ
1270 2930 1445 3001 Κυρίῳ
1483 2927 1649 2999 ἡμῶν,
1684 2925 1723 2997 ᾧ
1755 2927 1784 2984 ἡ
1815 2922 1948 2988 δόξα

353 3013 424 3078 εἰς
443 3017 564 3077 τοὺς
601 3013 806 3079 αἰῶνας.
834 3014 1022 3090 Ἀμήν,

1972 3196 2013 3255 C

603 3443 734 3489 ΤΟΥ
773 3443 990 3491 ΑΥΤΟΥ
1020 3445 1239 3492 ΛΟΓΟΣ
1268 3446 1665 3507 ΑΣΚΙΙΤΙΚΟΣ,

340 3546 432 3597 καὶ
483 3547 786 3621 παραίνεσις
829 3549 947 3619 περὶ
1024 3545 1291 3617 ἀποταγῆς
1351 3545 1495 3619 βίον,
1571 3552 1662 3601 καὶ
1746 3547 1943 3602 τελειώ-

874 3637 1002 3682 σεως
1025 3627 1344 3693 πνευματικὴ
1360 3639 1400 3680 ς.

409 3728 458 3781 1.
509 3730 660 3777 Δεῦτε
709 3728 848 3792 πρὸς
914 3729 995 3798 μὲ,
1046 3727 1233 3789 πάντες
1288 3727 1336 3778 οἱ
1380 3735 1660 3790 κοπιῶντες
1705 3729 1796 3780 καὶ
1841 3745 1937 3780 πε-

332 3819 686 3890 φορτισμένοι,
758 3813 902 3887 κάγὼ
956 3813 1244 3869 ἀναπαύσω
1305 3817 1460 3889 ὑμᾶς,
1534 3821 1692 3890 φησὶν
1740 3820 1770 3876 ἡ
1827 3818 1938 3871 θεία

331 3909 492 3978 φωνὴ,
555 3909 654 3958 εἴτε
709 3909 802 3963 τὴν
859 3903 962 3959 ἐκεῖ
1026 3905 1342 3973 ἀνάπαυσιν,
1412 3910 1512 3960 εἴτε
1548 3912 1642 3967 τὴν
1710 3905 1935 3961 ἐντεῦθεν

329 3995 677 4068 αἰνιττομένη.
726 3995 868 4054 Πλὴν
919 4016 976 4069 γε
1022 3997 1399 4072 προσκαλεῖται
1456 4001 1611 4070 ἡμᾶς,
1662 4006 1814 4052 τοῦτο
1845 4001 1934 4071 μὲν

328 4088 417 4139 τὸν
479 4092 666 4160 φόρτον
706 4094 802 4149 τῆς
844 4086 1208 4149 πολυκτησίας
1238 4083 1332 4140 ὃιά
1381 4096 1476 4148 τῆς
1522 4088 1589 4148 εἰς
1614 4092 1735 4150 τοὺς
1757 4085 1935 4162 δεομέ-

325 4194 447 4238 νους
503 4173 795 4238 ἀποθέσεως
852 4181 1223 4252 προτρέπουσα
1299 4174 1706 4231 ἀποϐάλλεσθαι·
1777 4186 1932 4232 τοῦτο

328 4262 408 4332 δὲ,
463 4269 548 4319 τόν
603 4264 657 4318 ἐκ
729 4267 916 4319 τούτου
963 4271 1385 4341 προσγινόμενον·
1426 4270 1551 4340 ἡμῖν
1604 4268 1720 4338 (58)
1775 4268 1931 4342 ἑσμόν

322 4351 426 4409 τῶν
475 4355 866 4429 ἁμαρτημάτων
917 4353 1010 4409 διὰ
1059 4364 1149 4418 τῆς
1207 4357 1440 4419 εὐποιίας
1504 4363 1594 4410 καὶ
1651 4357 1930 4434 ἐξαγορεύ-

326 4463 455 4508 σεως
484 4443 898 4520 ἀπορρίψαντας,
931 4443 1294 4521 προσδραμεῖν
1333 4455 1403 4517 τῷ
1436 4452 1776 4523 σταυροφόρῳ
1827 4447 1930 4521 βίῳ

321 4542 424 4588 τῶν
465 4544 734 4608 μοναχῶν,
785 4536 844 4588 Ὀ
895 4540 1066 4588 τοίνυν
1115 4537 1416 4589 ὑπακοῦσαι
1446 4545 1663 4610 Χριστῷ
1695 4557 1929 4612 προῃρη-
1961 4521 2004 4575 D

322 4629 491 4699 μένος,
559 4631 650 4679 καὶ
709 4629 842 4702 πρὸς
893 4630 982 4679 τὸν
1011 4629 1227 4698 πτωχὸν
1258 4631 1347 4679 καὶ
1376 4624 1768 4703 ἀπερίσπαστον
1810 4626 1928 4700 βίον

323 4714 664 4789 ἐπειγόμενος,
723 4718 1027 4788 θαυμαστὸς
1079 4719 1143 4778 ὡς
1196 4715 1402 4778 ἀληθῶς
1448 4720 1536 4769 καὶ
1574 4722 1922 4791 μακαριστὸς.

324 4804 498 4870 Ἀλλὰ,
548 4806 856 4882 παρακαλῶ,
919 4811 990 4879 μὴ
1045 4803 1418 4879 ἀδοκιμάστως
1483 4813 1638 4859 τοῦτο
1690 4810 1922 4871 ποιείτω,

323 4892 463 4968 μηδὲ
497 4897 830 4970 ὑπογραφέτω
863 4897 1028 4968 ἐαυτῷ
1054 4895 1367 4954 ἀνεκτότητα
1400 4895 1544 4969 βίον,
1602 4901 1691 4950 καὶ
1747 4916 1924 4955 σωτη-

323 4990 440 5060 ρίαν
494 4988 732 5059 οῖμαχον.
797 4984 927 5039 ἀλλά
993 4986 1182 5060 μᾶλλον
1265 4986 1676 5062 προγυμναζέτω
1744 4987 1922 5039 ἑαυτὸν

323 5078 454 5146 πρὸς
501 5072 844 5150 εὐδοκίμησιν
893 5078 1153 5150 ὑπομονῆς
1211 5075 1430 5148 θλίψεων
1499 5084 1805 5149 σωματικῶν
1871 5095 1925 5131 τε

395 5220 442 5255 ⁸⁸
473 5219 625 5276 Psal.
658 5237 812 5289 CIIII,
845 5225 930 5277 15.
1008 5223 1051 5257 ⁶⁷
1084 5221 1251 5277 Deut.
1276 5235 1474 5288 xxxm,
1503 5224 1586 5276 Η.

393 5364 508 5434 (55)
534 5365 699 5436 Regii
723 5364 957 5440 primus
975 5365 1262 5440 ettertius
1284 5365 1511 5440 ἕπιθυμη
1522 5369 1786 5420 σοὶτωσαν.
1807 5367 1926 5424 Ali-

322 5443 551 5511 quanto
571 5443 709 5509 post
730 5437 877 5493 duo.
907 5437 1069 5507 Regii
1096 5437 1580 5511 προσαγαγέτωσαν
1618 5441 1703 5494 τὰ.
1758 5440 1924 5496 Alius

319 5508 511 5564 codex
551 5508 908 5582 προσαγαγεῖν
939 5512 1026 5582 τοι,

391 5584 504 5655 (56)
533 5580 778 5655 ξιτ)ίίῃυὶ
818 5581 942 5636 duo
967 5580 1105 5636 libri
1139 5584 1598 5655 συμπροσοίγοντες
1642 5583 1852 5645 αὐτούς.

389 5654 504 5721 (57)
534 5652 1474 5736 Editi’etlleg‘.secundus-xiiiaiov
1496 5655 1672 5736 ὀφρύν,
1704 5656 1930 5736 [ναριῃε

318 5726 755 5794 supercilium;
790 5726 946 5789 etita
961 5741 1208 5806 quoque
1230 5726 1291 5782 in
1322 5729 1462 5797 Reg,
1491 5726 1688 5807 primo
1709 5727 1930 5800 legitur

2087 589 2357 663 corporis
2373 589 2823 647 imbecilitatem
2835 588 3146 660 rejectum,
3164 605 3302 644 cum
3317 588 3556 646 feminae
3580 605 3749 647 com-

2085 679 2290 753 plures
2311 695 2436 736 non
2464 679 2910 736 minusfortiter
2929 693 3118 751 quam
3140 678 3255 751 ipsi
3273 678 3380 734 viri
3395 695 3528 735 sese
3551 694 3750 749 gesse-

2082 770 2220 826 rint.
2237 773 2360 827 lmo
2373 768 2556 826 etiam
2569 785 2692 826 non
2708 769 2930 826 desunt
2949 783 3085 840 quae
3098 767 3356 838 gloriam
3367 767 3544 838 longe
3559 769 3748 838 majo-

2082 875 2212 916 rem
2233 864 2574 916 consecutae
2597 859 2838 916 sint.Ex
2882 859 3000 925 his,
3044 862 3346 929 suntquae
3387 857 3746 928 virginalem

2082 949 2341 1006 chorum
2367 953 2764 1022 componunt.
2795 952 2877 1005 Ex
2905 948 3022 1017 his,
3046 963 3182 1020 quas
3201 947 3602 1002 confessionis
3625 961 3749 1004 cer-

2081 1040 2520 1110 taminibus,et
2548 1040 2825 1113 martyrii
2846 1039 3112 1096 victoriis
3135 1039 3386 1095 clarent.
3429 1038 3584 1104 Quin
3628 1041 3746 1096 Do-

2079 1130 2318 1187 minum
2359 1131 2561 1203 ipsum
2617 1132 2822 1202 etiam,
2859 1130 3009 1188 dum
3054 1129 3208 1186 inter
3247 1144 3359 1185 nos
3385 1133 3743 1196 versaretur,

2082 1220 2641 1293 sequebanturnon
2666 1221 2778 1276 viri
2803 1219 3022 1287 solum,
3055 1220 3160 1275 sed
3203 1223 3260 1275 et
3286 1217 3567 1274 mulieres
3596 1233 3746 1290 quo~

2077 1327 2219 1384 que,
2252 1316 2310 1368 et
2334 1327 2441 1384 per
2472 1315 2761 1384 utrosque
2782 1311 3187 1366 ministerium
3243 1309 3577 1366 Servatoris
3605 1324 3743 1380 per-

2074 1401 2409 1458 ﬁciebatur.
2437 1404 2586 1458 Cum
2616 1402 2797 1474 igitur
2826 1400 2969 1457 talia
3000 1404 3058 1457 et
3078 1405 3200 1456 tam
3229 1399 3454 1456 eximia
3484 1399 3742 1472 praemia

2074 1491 2300 1547 militias
2341 1491 2553 1547 Christi
2589 1491 2985 1557 destinentur,
3037 1505 3108 1546 ac
3157 1494 3557 1561 seponantur,
3607 1487 3740 1558 ejus

2074 1580 2414 1637 afﬁciantur
2443 1580 2741 1636 desiderio
2772 1585 2830 1635 et
2855 1584 3056 1652 patres
3085 1577 3369 1646 ﬁliorum,
3414 1581 3473 1632 et
3509 1581 3736 1633 matres

2071 1669 2357 1727 ﬁliarum.
2390 1669 2711 1727 Adducunt
2739 1685 2850 1726 sua
2875 1670 3150 1742 pignora,
3176 1685 3284 1740 spe
3316 1673 3540 1723 aeterna
3590 1666 3734 1736 laeti,

2071 1762 2245 1830 cujus
2275 1760 2366 1816 sui
2397 1760 2499 1814 ﬁlii
2522 1776 2728 1815 secum
2760 1760 2944 1814 futuri
2974 1761 3112 1814 sunt
3141 1757 3486 1829 participes,
3549 1762 3731 1828 atque

2001 1871 2039 1924 Β
2071 1849 2237 1921 apud
2259 1849 2557 1906 Christum
2585 1854 2878 1922 patronos
2907 1848 3226 1920 honosque
3256 1847 3487 1916 legatos
3530 1862 3600 1901 ac
3631 1845 3731 1901 de-

2067 1944 2414 2011 precatores
2442 1939 2668 1994 habere
2688 1938 3026 2011 cupientes.
3052 1941 3257 2010 Neque
3280 1938 3467 1992 simus
3502 1934 3728 2008 pusillo

2067 2029 2359 2085 animoin
2386 2029 2632 2098 liberos,
2678 2045 2874 2101 neque
2910 2032 3374 2101 perterreamur,
3428 2025 3474 2080 si
3520 2025 3728 2081 labore

2065 2117 2462 2174 conﬁciantur
2496 2136 2507 2174 :
2540 2117 2650 2172 sed
2677 2117 2750 2172 de
2783 2117 2974 2187 gloria
3018 2116 3165 2188 ipsis
3218 2113 3725 2172 tribuendaltete-

2063 2223 2220 2264 mur.
2254 2206 2590 2263 Oﬁ‘eramus
2615 2207 2865 2262 Domino
2887 2223 3023 2279 quae
3041 2205 3120 2262 ab
3147 2205 3284 2276 ipso
3303 2209 3444 2260 sunt
3471 2204 3634 2268 data,
3661 2207 3727 2259 ut

2064 2297 2210 2353 socii
2239 2296 2415 2353 etiam
2450 2296 2653 2367 gloriae
2677 2296 2940 2352 ﬁliorum
2971 2295 3328 2362 efﬁciamur,
3351 2293 3725 2350 adducentes

2062 2387 2241 2444 simul
2263 2391 2319 2443 et
2348 2388 2622 2442 sistentes
2648 2385 3079 2456 nosmetipsos.
3107 2385 3281 2454 202
3312 2385 3472 2441 Certe
3513 2382 3582 2438 iis
3613 2381 3722 2454 qui

2059 2477 2218 2534 hanc
2245 2475 2432 2534 animi
2464 2475 2838 2532 alacritatem
2868 2473 3257 2545 ostenderint,
3292 2478 3473 2546 atque
3503 2470 3585 2527 ita
3613 2470 3719 2525 de-

2057 2566 2360 2632 certarint,
2408 2567 2542 2637 jure
2569 2581 2639 2622 ac
2664 2565 2879 2621 merito
2909 2563 3222 2637 quispiam
3275 2578 3347 2618 ex
3399 2560 3722 2617 Psalmista

2058 2656 2318 2713 dixerint
2351 2672 2364 2711 :
2398 2655 2713 2713 Benedicti
2731 2670 2830 2710 vos
2856 2670 2893 2711 a
2914 2655 3190 2722 Domino,
3214 2653 3320 2725 qui
3331 2653 3477 2723 fecit
3501 2650 3718 2707 cwlum

2058 2753 2116 2804 et
2144 2747 2459 2804 terram“.
2517 2748 2584 2802 Et
2615 2745 2768 2801 sicut
2794 2747 3008 2814 Moses,
3062 2749 3196 2800 orat
3223 2758 3334 2816 pro
3373 2741 3518 2814 ipsis
3548 2757 3562 2797 :
3596 2742 3718 2797 Be-

2056 2837 2250 2904 nedic,
2267 2838 2534 2906 Domine,
2546 2837 2823 2906 operibus
2837 2837 3079 2891 illorum
3093 2836 3315 2905 frange
3325 2833 3717 2903 supercilium

2055 2942 2260 2984 eorum
2277 2928 2383 2998 qui
2405 2926 2528 2982 illis
2549 2925 2960 2982 adversantur
2977 2925 3047 2978 ετ.
3089 2923 3340 2980 Viriliter
3384 2921 3541 2992 agite
3589 2924 3718 2976 tan-

2052 3032 2240 3090 quam
2267 3015 2568 3086 generosi,
2597 3029 3048 3086 generososque
3077 3029 3260 3070 cursu
3286 3012 3366 3070 ad
3405 3011 3718 3083 sempiter-

2051 3121 2165 3162 nas
2209 3121 2468 3162 coronas
2517 3104 2884 3168 contendite,
2917 3103 2980 3160 in
3010 3101 3242 3159 Christo
3270 3104 3414 3159 Jesu
3460 3100 3715 3158 Domino

2051 3198 2258 3253 nostro
2285 3195 2380 3253 cui
2411 3193 2604 3265 gloria
2628 3194 2692 3252 in
2719 3192 2964 3250 saecula.
2998 3193 3212 3249 Amen.

2373 3438 2689 3498 EJUSDEM
2719 3438 2948 3494 SERMO
2988 3435 3389 3501 ASCETKCUS,

2049 3552 2105 3606 et
2135 3545 2476 3606 exhortatio
2507 3549 2580 3604 de
2609 3546 3060 3603 renuntiatione
3083 3544 3314 3611 saeculi,
3351 3548 3408 3600 et
3449 3541 3522 3600 de
3566 3558 3706 3612 per-

2558 3619 2825 3688 fectione
2844 3617 3184 3687 spirituali.

2121 3735 2173 3786 1.
2210 3730 2412 3786 Venite
2431 3728 2514 3786 ad
2542 3744 2654 3797 me,
2683 3742 2882 3785 omnes
2906 3729 3011 3800 qui
3039 3724 3353 3792 laboratis,
3396 3730 3451 3781 et
3473 3726 3713 3782 onerati

2045 3821 2200 3892 estis,
2228 3827 2282 3876 et
2309 3834 2412 3890 ego
2435 3821 2700 3888 reﬁciam
2729 3834 2849 3886 vos,
2883 3816 3081 3890 inquit
3104 3831 3221 3871 vox
3244 3815 3380 3888 ipsa
3406 3812 3614 3870 divina
3635 3815 3706 3870 ⁸³⁸.

2045 3913 2178 3967 Haec
2239 3910 2367 3966 sive
2425 3910 2716 3977 futuram,
2751 3909 2877 3964 sive
2908 3910 3272 3980 praesentem
3298 3905 3595 3975 signiﬁcet
3621 3920 3710 3960 re-

2042 4001 2270 4074 quiem,
2328 4016 2440 4056 nos
2483 4003 2641 4055 certe
2686 3999 2980 4066 hortatur,
3029 3995 3252 4069 partim
3279 4000 3342 4050 ut
3373 3993 3708 4050 multarum

2041 4089 2389 4146 divitiarum
2411 4105 2566 4145 onus
2599 4087 2981 4159 abjiciamus,
3010 4084 3319 4156 erogando
3346 4100 3450 4140 eas
3481 4098 3708 4156 paupe-

2040 4179 2226 4247 ribus,
2259 4179 2484 4252 partim
2512 4183 2577 4234 ut
2606 4183 2999 4251 peccatorum
3049 4174 3526 4242 multitudinem,
3565 4189 3705 4245 quae

2039 4269 2181 4325 inde
2204 4269 2457 4339 accedit,
2498 4285 2605 4341 per
2625 4267 3048 4324 liberalitatem
3070 4264 3478 4322 etconfession
3489 4280 3586 4320 em
3607 4263 3707 4318 de-

2038 4365 2353 4432 ponentes,
2373 4357 2453 4415 ad
2466 4358 2824 4414 cruciferam
2842 4355 3286 4413 monachorum
3300 4354 3485 4411 vitam
3499 4369 3704 4410 accur-
3795 4428 3803 4434 .

2037 4465 2266 4505 ramus.
2299 4447 2582 4521 Quisquis
2612 4447 2793 4518 igitur
2819 4446 3078 4503 Domino
3105 4443 3353 4501 obedire
3402 4443 3517 4499 sibi
3563 4458 3700 4515 pro-

2037 4538 2260 4611 pOSuit,
2281 4538 2646 4610 festinatque
2665 4537 2742 4594 ad
2765 4551 3099 4608 pauperem
3121 4550 3192 4590 ac
3207 4534 3474 4606 quietam
3492 4532 3699 4601 vitam,

2035 4643 2174 4684 vere
2217 4627 2620 4684 admirandus
2675 4631 2784 4693 est,
2839 4625 3180 4697 beatusque
3227 4621 3546 4678 dicendus.
3582 4621 3700 4677 Sed

2035 4719 2350 4787 adhortor,
2371 4725 2434 4773 ut
2454 4733 2528 4774 ne
2548 4715 3072 4773 inconsideranter
3100 4714 3217 4768 hoc.
3246 4711 3566 4777 faciat,nec
3585 4710 3699 4772 sibi

2034 4807 2222 4878 ﬁngat
2252 4807 2500 4880 aliquod
2531 4807 2666 4862 vitae
2717 4821 2910 4876 genus
2932 4803 3277 4868 remissum,
3317 4801 3697 4872 salutemque

2036 4898 2163 4954 sine
2193 4914 2400 4971 pugna
2429 4895 2826 4954 obtinendam
2859 4913 2873 4951 :
2905 4893 3056 4967 quin
3086 4892 3285 4967 potius
3317 4892 3497 4946 antea
3522 4905 3692 4945 exer-

2034 4991 2169 5044 ceat
2196 5003 2325 5042 sese
2347 5002 2418 5042 ac
2450 4985 2661 5058 probet
2691 4984 2769 5041 ad
2797 4982 3145 5040 tolerandas
3167 4978 3435 5053 corporis
3481 4978 3694 5034 animi-

2033 5092 2151 5150 que
2182 5075 2525 5134 molestias:
2559 5090 2635 5132 ne
2663 5075 2712 5133 si
2768 5074 3036 5148 seipsum
3080 5071 3143 5130 in
3168 5069 3480 5144 inopinata
3509 5071 3692 5126 certa—

1664 5222 1710 5258 ⁸⁸
1737 5221 1936 5279 Matth.
1963 5237 2041 5288 XI,
2068 5225 2157 5279 28.

2036 5367 2306 5423 secunda
2335 5382 2545 5422 manu.
2572 5369 2643 5421 At
2671 5365 2732 5421 in
2754 5366 2895 5434 Reg.
2922 5362 3093 5420 tertio
3133 5365 3188 5418 et
3210 5359 3372 5434 apud
3395 5362 3520 5417 LXX
3546 5358 3686 5414 scri-

2035 5446 2206 5516 ptum
2239 5440 2542 5516 invenitur
2561 5437 2792 5516 κάταξον.
2807 5434 3505 5516 67p'39,_[1‘a?ge_éllll‘2608.
3523 5434 3690 5516 lianc

2034 5505 2388 5566 varietatem
2407 5508 2829 5565 fecitnominis
2850 5505 3201 5563 similitudo.
3237 5505 3489 5572 Ibidem,
3518 5505 3688 5558 initio

2035 5582 2292 5706 periodi,
2315 5586 2460 5652 Reg.
2487 5582 2693 5638 tertius
2725 5587 2781 5636 et
2803 5579 2980 5637 editio
3017 5581 3157 5635 Ven.
3190 5577 3252 5634 in
3301 5578 3573 5647 margine
3605 5576 3686 5629 εὐ-

2070 5674 2282 5706 ογπσον.

2070 5675 2164 5712 ογπ
2176 5674 2282 5708 σου.

2104 5677 2118 5688 ¹“”
2136 5677 2164 5712 ’ἦ
2176 5677 2282 5708 σου.

2251 5725 2452 5786 Codex
2479 5727 2618 5787 Maz.
2649 5729 3053 5801 προσγενόμενον
3075 5724 3224 5795 ἡμῖν.
