4110 6422
316 339 417 393 629

1237 330 1465 386 SERMO
1507 329 1595 383 DE
1637 323 2203 380 RENUNTIATIONE
2247 328 2551 395 SIECL'L],
2598 332 2744 384 ETC.

3583 333 3686 383 630

313 459 493 528 αὐτοῦ,
534 463 624 512 καὶ
655 461 748 517 τὴν
786 462 1030 528 γυναῖκα,
1062 458 1153 508 καὶ
1191 457 1260 508 τὰ
1295 459 1471 523 τέκνα,
1503 455 1578 506 ἔτι
1609 449 1669 504 δὲ
1700 453 1788 504 καὶ
1819 451 1912 508 τὴν

2025 447 2201 508 dixit:
2225 451 2340 518 Qui
2359 459 2522 510 amat
2540 460 2779 522 patrem
2804 458 2910 510 aut
2936 460 3187 510 matrem
3207 457 3346 524 plus
3367 469 3546 527 quam
3572 471 3682 523 me,

311 549 496 604 ἑαυτοῦ
534 547 739 620 ψυχὴν,
797 545 856 598 ού
901 541 1125 600 δύναταί
1163 563 1264 618 μου
1309 543 1441 599 εἶναι
1485 544 1744 616 μαθητής.

2024 554 2144 596 non
2165 547 2249 598 est
2272 557 2364 600 me
2383 543 2601 614 dignus
2617 545 2685 598 τε.
2708 545 2790 610 Et,
2811 543 2924 610 Qui
2939 558 3059 598 non
3083 544 3205 598 odit
3225 550 3462 613 patrem
3483 558 3682 610 suum,

310 645 366 700 et
381 645 636 696 matrem
655 651 848 703 suam,
869 639 925 692 et
943 649 1220 700 uxorem,
1242 640 1298 691 et
1320 635 1500 705 ﬁlios,
1526 632 1731 690 adhuc
1751 633 1951 688 autem
1976 633 2031 684 et
2057 632 2324 689 animam
2348 648 2540 704 suam,
2566 649 2689 690 non
2713 638 2905 702 potest
2929 647 3092 688 meus
3117 647 3236 689 esse
3255 632 3588 702 discipulus
3604 634 3676 689 ⁷³.

379 730 435 785 2.
475 729 613 802 Ἀρά
656 745 741 780 σοι
790 721 935 779 δοκιί
981 727 1071 777 καὶ
1117 731 1227 786 τοῖς
1266 725 1606 796 ύπογυναίοις
1651 721 1917 776 τεθεῖσθαι

310 822 378 872 τὰ
429 819 542 889 (65)
609 815 952 888 Εὐαγγέλια;
1006 810 1168 882 Ἰδοὺ,
1237 817 1621 888 σεσαφήνισταί
1677 830 1780 877 σοι,
1849 811 1918 870 ὡς

313 909 499 972 πάντες
547 909 813 983 ἄνθρωποι
851 905 1330 981 ἁπαιτηθησόμεθα
1380 909 1475 962 τὴν
1525 905 1658 976 πρὸς
1702 905 1760 953 τὸ
1811 899 1918 954 Εὐ-

311 999 550 1071 αγγέλιον
598 999 852 1064 ύπακοην,
904 996 1135 1069 μοναχοί
1179 1015 1235 1049 τε
1280 998 1371 1048 καὶ
1415 996 1464 1047 οἱ
1518 992 1566 1046 ἓν
1616 992 1914 1062 συζυγίαις.

312 1088 554 1162 Ἀρκέσει
590 1089 691 1162 ’γὰρ
740 1094 814 1158 τῷ
856 1085 940 1139 ἐπὶ
987 1088 1154 1159 γὰμον
1194 1085 1393 1139 ἐλθόντι
1443 1085 1469 1144 ἡ
1506 1083 1789 1155 συγγνώμη
1819 1088 1916 1141 τῆς

309 1178 570 1254 ἀκρασίας
617 1181 709 1229 καὶ
751 1185 849 1239 τῆς
900 1178 1034 1251 πρὸς
1077 1178 1136 1229 τὸ
1189 1174 1316 1234 θῆλυ
1370 1172 1647 1245 ἐπιθυμίας
1698 1189 1752 1223 τε
1799 1170 1914 1239 (66)

317 1273 408 1321 καὶ
488 1269 789 1327 συνουσίας·
849 1268 915 1318 τὰ
981 1261 1040 1318 δὲ
1109 1263 1265 1317 λοιπὰ
1328 1271 1428 1315 τῶν
1481 1261 1690 1314 ἐντολῶν
1751 1265 1914 1312 πᾶσιν

311 1359 499 1431 ὁμοίως
552 1357 991 1428 νενομοθετημένα
1045 1353 1140 1407 ούκ
1191 1349 1445 1406 ἀκίνδυνα
1493 1358 1600 1412 τοῖς
1645 1347 1912 1425 παραϐαί-

302 1465 471 1500 νουσι.
533 1449 633 1499 Καὶ
677 1447 774 1519 γὰρ
827 1443 1286 1516 εὐαγγελιζόμενος
1342 1444 1369 1494 ὁ
1428 1445 1660 1515 Χριστὸς
1716 1442 1783 1492 τὰ
1820 1445 1911 1492 τοῦ

215 1564 224 1570 -
307 1539 509 1608 Πατρὸς
559 1533 870 1606 ἐντάλματα,
927 1539 1036 1595 τοῖς
1088 1531 1136 1586 ἐν
1172 1541 1243 1603 τῷ
1301 1535 1485 1604 κόσμῳ
1538 1527 1816 1602 διελέγετο·
1871 1529 1913 1582 εί

303 1621 364 1680 δέ
410 1643 510 1678 που
560 1622 756 1696 συνέβη
816 1626 906 1690 καὶ
965 1622 1078 1675 κατ’
1133 1618 1272 1674 ἰδίαν
1322 1620 1709 1696 ἐπερωτηθέντα
1755 1619 1911 1673 αὐτὸν

303 1713 688 1788 ἀποκρίνασθαι
740 1713 857 1782 (67)
897 1719 1007 1774 τοῖς
1069 1713 1229 1764 αὑτοῦ
1281 1712 1563 1784 μαθηταῖς,
1621 1706 1912 1783 διεμαρτύ-

301 1802 435 1876 ρατο
502 1801 683 1872 λέγων·
751 1800 812 1853 Ἀ
881 1797 941 1854 δὲ
1006 1801 1128 1874 ύμῖν
1193 1800 1348 1872 λέγω,
1409 1806 1544 1852 πᾶσι
1603 1797 1753 1870 λέγω.
1821 1802 1906 1857 Μὴ

299 1895 473 1946 τοίνυν
521 1889 804 1964 ἀναπίσης,
845 1891 885 1941 ὦ
941 1890 1093 1953 οὗτος
1122 1891 1147 1943 ὁ
1187 1893 1318 1965 πρὸς
1357 1893 1625 1942 κοινωνίαν
1662 1890 1910 1960 γυναικὸς

300 1985 684 2056 προῃρημένος,
735 1982 806 2042 ὡς
853 1979 931 2033 ἐπ’
977 1979 1214 2043 ἐξουσίας
1261 1981 1397 2051 ἔχων
1427 1981 1514 2032 τὸν
1543 1982 1741 2051 κόσμον
1769 1997 1911 2052 περι·
1938 2006 1980 2063 Β

303 2069 575 2125 ϐαλέσθαι.
647 2069 895 2123 Πλιιὰνων
969 2071 1070 2145 γὰρ
1143 2089 1227 2123 σοι
1288 2073 1456 2122 πόνων
1527 2072 1614 2122 καὶ
1680 2067 1910 2142 φυλακῆς

301 2165 463 2236 χρεία
506 2163 638 2236 πρὸς
673 2164 769 2220 τὴν
809 2169 904 2223 τῆς
938 2165 1200 2232 σωτηρίας
1244 2159 1566 2230 ἐπιτυχίαν,
1592 2159 1680 2212 άτε
1709 2155 1778 2217 δη
1821 2163 1910 2212 καὶ

301 2249 350 2304 ἐν
381 2255 525 2324 μέσῳ
563 2258 664 2303 τῶν
702 2245 945 2321 παγίὸων
984 2255 1074 2308 καὶ
1117 2253 1208 2302 τού
1247 2250 1467 2322 κράτους
1496 2257 1594 2302 τῶν
1627 2247 1912 2302 ἀποστατι-

301 2348 401 2393 κῶν
452 2337 722 2413 δυνάμεων
795 2339 952 2393 οἰκεῖν
1019 2339 1352 2413 ἐκλεξαμένῳ,
1411 2344 1502 2392 καὶ
1568 2342 1689 2400 τοὺς
1753 2336 1912 2412 ἐρεθι-

312 2434 476 2504 σμοὺς
505 2439 608 2484 τῶν
651 2429 920 2503 αμαρτιῶν
965 2428 1014 2482 ἐν
1045 2429 1227 2501 ὄψεσιν
1257 2432 1457 2501 ἔχοντι,
1505 2432 1597 2482 καὶ
1642 2431 1775 2503 πρὸς
1816 2431 1910 2486 τὴν

301 2521 468 2575 αὐτῶν
527 2520 808 2594 ἐπιθυμίαν
853 2523 1056 2594 νύκτωρ
1111 2539 1166 2574 τε
1212 2524 1303 2572 καὶ
1349 2519 1461 2593 μεθ’
1511 2521 1708 2594 ἡμέραν
1752 2518 1910 2592 ἐκμοο

300 2611 595 2684 χλιυομίνῳ
640 2612 812 2671 πάσας
861 2629 958 2662 σου
1010 2611 1103 2673 τὰς
1162 2610 1462 2671 αἰσθήσεις.
1522 2614 1751 2662 Γίνωσκι
1805 2612 1910 2661 τοί-

301 2722 411 2770 νυν,
479 2704 547 2764 ag
605 2700 664 2753 ού
733 2695 1050 2774 διαδράσεις
1108 2704 1203 2758 τὴν
1261 2703 1392 2775 πρὸς
1455 2702 1542 2752 ⁴νόν
1606 2697 1908 2757 ἀποστάτην

302 2791 650 2866 παλαίστραν,
713 2786 839 2843 οὐδὲ
893 2797 987 2853 τῆς
1042 2793 1230 2844 τούτου
1293 2795 1444 2852 νίκης
1506 2789 1722 2863 καθά-(οη
1789 2792 1909 2843 ἄνευ

304 2886 469 2935 πόνων
533 2881 728 2934 πολλῶν
798 2888 899 2933 τῶν
970 2879 1055 2934 ἐπὶ
1131 2880 1331 2953 φυλακῇ
1407 2887 1504 2933 τῶν
1568 2879 1909 2952 εύαγγιλικῶν

312 2969 608 3044 δογμάτων.
659 2977 770 3033 Πῶς
825 2973 927 3044 γὰρ
984 2967 1192 3044 δυνήσῃ
1247 2971 1584 3044 ἀρνήσασθαι
1635 2974 1728 3029 τὴν
1780 2971 1912 3044 πρὸς

310 3062 400 3114 τὸν
445 3059 632 3134 ἐχθρόν
683 3064 889 3133 μάχην,
938 3059 986 3112 ἐν
1038 3068 1110 3132 τῷ
1157 3061 1430 3134 σκάμματι
1473 3069 1568 3126 τῆς
1606 3062 1792 3132 μάχῆς
1830 3055 1912 3113 δι-

311 3152 450 3224 άγων
478 3167 492 3218 ;
526 3149 687 3224 Ὅπερ
721 3150 832 3204 ἐστὶ
862 3157 1012 3204 πᾶσα
1052 3152 1082 3209 ἡ
1121 3151 1210 3204 ὑπ’
1241 3151 1454 3227 οὐρανὸν
1482 3159 1573 3222 γῆ,
1609 3149 1655 3202 ἐν
1751 3149 1909 3222 ἐμπε-

304 3242 502 3316 ριάγειν
548 3247 732 3294 τοῦτον
780 3245 872 3293 καὶ
923 3239 1310 3316 ἐμπεριπατεῖν,
1343 3245 1413 3304 ὡς
1456 3243 1587 3292 κύνα
1627 3240 1908 3307 λυττῶντα,

305 3330 567 3392 ζητοῦντα
602 3333 720 3382 τίνα
761 3330 876 3399 (68)
921 3334 1178 3402 καταπίῃ,
1221 3331 1322 3382 ύπὸ
1363 3338 1458 3392 τῆς
1497 3338 1588 3382 τοῦ
1631 3329 1746 3384 Ἰὼϐ
1783 3348 1911 3404 γρα-
1939 3367 1981 3426 C

304 3427 399 3493 φῆς
457 3416 843 3490 διδασκόμεθα.
906 3424 967 3470 Εἰ
1021 3423 1194 3472 τοίνυν
1262 3417 1388 3493 ἀρνῇ
1458 3423 1552 3477 τὴν
1617 3424 1747 3495 πρὸς
1822 3423 1910 3473 τὸν

303 3507 696 3580 ἀνταγωνιστὴν
771 3508 979 3579 μάχην,
1047 3506 1254 3578 μέτελθε
1313 3508 1386 3570 είς
1446 3510 1613 3581 ἕτερον
1688 3516 1907 3583 κόσμον,

303 3597 354 3652 ἐν
473 3598 640 3658 αὐτὸς
687 3596 782 3650 οὐκ
830 3599 964 3649 ἔστι·
1023 3601 1114 3649 καὶ
1158 3597 1376 3670 ύπάρξει
1419 3616 1504 3650 σοι
1560 3599 1591 3656 ἡ
1633 3607 1732 3661 τῆς
1783 3603 1910 3673 πρὸς

306 3689 465 3742 αὐτὸν
519 3687 685 3747 πάλης
733 3687 970 3762 ἄρνησις,
1021 3690 1110 3738 καὶ
1157 3694 1258 3739 τῶν
1306 3687 1646 3760 εύαγγιλικῶν
1700 3686 1909 3762 δογμά-

305 3798 405 3832 των
456 3772 733 3838 ίικίνδυνος
779 3775 959 3850 ἀργία.
1017 3776 1077 3828 Εἰ
1119 3773 1178 3829 δὲ
1216 3785 1370 3829 τοῦτο
1400 3775 1680 3846 ἀδύνατον,
1716 3776 1911 3832 σπεῦδε

306 3869 438 3941 πρὸς
459 3867 552 3924 τὴν
584 3866 819 3938 μάθησιν
847 3871 944 3925 τῆς
982 3865 1098 3917 κατ’
1130 3864 1290 3917 αύτυῡ
1323 3864 1608 3933 ἀθλήσεως,
1645 3863 1912 3921 διδασκό-

307 3974 459 4030 μενος
509 3957 608 4008 ύπὸ
657 3962 757 4007 τῶν
812 3960 1024 4027 Γραφῶν
1097 3955 1208 4024 (69)
1259 3954 1638 4028 παλαισμάτων
1695 3961 1909 4029 τέχνην

309 4049 392 4100 ἶνα
439 4049 534 4118 μὴ,
583 4043 636 4108 ἐξ
688 4043 901 4116 ἀγνοίας
946 4046 1193 4106 ἡττηθεὶς
1241 4045 1328 4097 ὑπ’
1377 4045 1558 4112 αὐτοῦ,
1605 4055 1676 4118 τῷ
1725 4048 1915 4120 αἰωνίῳ

305 4141 438 4210 πυρὶ
480 4131 814 4208 παραδοθῇς.
860 4138 962 4188 Καὶ
998 4142 1167 4187 ταῦτα
1215 4137 1307 4207 μιν
1356 4137 1495 4209 ὅμως
1547 4135 1594 4188 ἐν
1638 4134 1913 4214 παραδρο-

307 4233 380 4300 μῇ
431 4229 564 4300 πρὸς
605 4227 729 4287 τοὺς
759 4223 808 4277 ἓν
850 4223 1132 4296 συζυγίαις
1182 4221 1471 4288 ἀκινδύνως
1507 4234 1601 4289 τῆς
1642 4236 1742 4280 τῶν
1783 4226 1918 4282 ἕντο-

305 4316 406 4369 λῶν
469 4323 563 4369 τοῦ
611 4310 850 4390 Χριστού
897 4312 1137 4386 φυλακῆς
1193 4315 1611 4388 καταμελοῦντας
1663 4317 1914 4393 εἰρήσθω.

309 4409 378 4457 Σὺ
421 4401 498 4472 δι,
549 4407 577 4457 ὁ
622 4412 722 4457 τῶν
772 4404 1024 4476 οὐρανίων
1075 4403 1466 4478 πολιτευμάτων
1526 4406 1770 4481 ἐραστὴς,
1827 4415 1917 4463 καὶ

2095 719 2150 775 2.
2183 725 2400 780 Annon
2433 723 2539 780 tibi
2567 723 2848 779 videntur
2869 721 3056 778 fuisse
3095 721 3166 778 iis
3197 721 3378 778 etiam
3409 721 3515 793 qui
3538 735 3684 778 uxo-

2024 825 2118 866 res
2148 810 2469 876 duxerunt,
2503 813 2830 883 Evangelia
2865 811 2989 870 lata
3026 812 3052 866 ‘2
3095 814 3240 867 Ecce
3275 810 3378 866 tibi
3427 809 3682 882 planum

2023 897 2250 957 factum
2289 905 2378 958 est
2407 901 2818 960 obedientiam
2848 917 2983 974 quae
3015 899 3336 971 Evangelio
3368 899 3684 956 reddenda

2024 994 2132 1057 est,
2183 989 2264 1046 ab
2307 991 2593 1048 omnibus
2642 990 2991 1048 hominibus
3028 990 3152 1047 sive
3196 989 3515 1048 monachis
3555 988 3682 1046 nive

2023 1079 2360 1151 conjugatis
2389 1081 2752 1151 exigendam
2783 1097 2937 1138 esse.
2975 1080 3206 1138 Etenim
3251 1080 3356 1153 qui
3395 1078 3680 1150 conjugio

2021 1184 2155 1226 sese
2209 1169 2587 1242 implicuerit,
2619 1171 2694 1228 ‘ei
2749 1171 2894 1228 satis
2947 1170 3144 1237 fuerit,
3201 1170 3251 1226 si
3300 1167 3679 1228 incontinen-

2020 1257 2121 1321 tia,
2172 1263 2228 1315 et
2265 1259 2506 1316 feminas
2549 1259 2762 1327 libido,
2807 1275 3041 1332 suaque
3072 1275 3213 1316 cum
3259 1258 3395 1332 ipsa
3425 1272 3678 1315 consue-

2020 1349 2164 1405 tudo
2195 1348 2305 1406 sibi
2339 1349 2752 1407 eondonetur:
2786 1348 2894 1406 sed
2922 1348 3157 1421 reliqua
3185 1351 3488 1421 praecepta
3507 1361 3679 1420 aeque

2019 1437 2304 1496 omnibus
2335 1439 2566 1496 sancite
2595 1438 2935 1512 periculum
2974 1437 3235 1494 afferunt
3263 1436 3676 1495 violatoribus.

2019 1526 2286 1584 Christus
2315 1529 2479 1586 enim
2523 1545 2662 1586 cum
2694 1528 2887 1586 Patris
2926 1530 3231 1599 praecepta
3269 1526 3675 1597 annuntiaret,

2019 1617 2099 1674 ad
2126 1634 2232 1675 eos
2271 1620 2376 1692 qui
2404 1620 2467 1676 in
2497 1619 2730 1678 mundo
2761 1622 2933 1676 erant
2958 1616 3325 1690 loquebatur
3353 1632 3366 1683 ;
3407 1613 3576 1689 quod
3628 1615 3682 1672 si

2019 1709 2265 1779 contigit
2303 1708 2655 1782 aliquando,
2695 1712 2762 1766 ut
2795 1708 2925 1780 ipse
2955 1721 3232 1765 seorsum
3270 1705 3676 1776 interrogatus

2017 1798 2327 1873 discipulis
2343 1799 2468 1856 suis
2483 1797 2886 1873 responderit,
2899 1796 3262 1854 sententiam
3285 1811 3465 1854 suam
3483 1793 3679 1852 decla-

2016 1891 2194 1957 ravit,
2223 1891 2320 1946 his
2359 1889 2560 1948 verbis
2589 1907 2602 1948 :
2636 1890 2779 1958 Quae
2808 1895 3009 1947 autem
3031 1887 3194 1946 vobis
3221 1887 3377 1956 dico,
3401 1887 3678 1944 omnibus

2017 1980 2150 2037 dico
2179 1981 2249 2034 7‘.
2281 1983 2362 2037 Ne
2401 1979 2579 2050 igitur
2607 1978 2784 2036 deses
2813 1977 3089 2046 exsistas,
3121 1991 3158 2034 ο
3189 1980 3274 2047 tu,
3307 1975 3414 2048 qui
3445 1974 3678 2045 elegisti

2017 2071 2220 2128 uxoris
2251 2070 2621 2137 societatem,
2653 2069 2832 2143 quasi
2855 2066 3160 2126 mundum
3179 2065 3463 2140 amplecti
3491 2080 3680 2138 penes

2019 2163 2074 2215 te
2106 2159 2204 2217 sit.
2229 2163 2378 2216 Nam
2413 2159 2690 2232 pluribus
2717 2157 3034 2216 laboribus
3055 2161 3113 2214 et
3141 2155 3418 2213 custodia
3447 2155 3682 2226 majore

2019 2249 2126 2307 tibi
2154 2260 2312 2320 opus
2341 2254 2429 2306 est
2458 2249 2538 2307 ad
2567 2247 2964 2306 obtinendam
2985 2246 3241 2304 salutem
3274 2263 3288 2302 :
3323 2244 3550 2318 quippe
3575 2243 3682 2317 qui

2017 2339 2081 2396 in
2101 2339 2316 2395 mediis
2339 2339 2596 2412 laqueis,
2621 2337 2944 2410 mediaque
2965 2335 3280 2394 rebellium
3309 2337 3683 2407 potestatum

2019 2427 2243 2486 ditione
2266 2429 2475 2486 sedem
2496 2427 2809 2500 delegeris,
2832 2427 3184 2499 habeasque
3210 2424 3290 2482 ob
3311 2423 3521 2482 oculos
3544 2438 3683 2496 pec-

2020 2525 2292 2576 catorum
2317 2519 2714 2588 irritamenta,
2747 2523 2929 2592 atque
2958 2517 3039 2575 ad
3069 2531 3142 2573 ea
3186 2512 3682 2587 concupiscenda

2019 2625 2233 2666 omnes
2279 2609 2364 2666 tui
2407 2624 2622 2665 sensus
2660 2609 2838 2681 quasi
2861 2606 3000 2665 loco
3026 2622 3136 2662 suo
3163 2603 3346 2661 emoti
3374 2607 3682 2675 noctuque

2019 2699 2245 2772 diuque
2270 2699 2678 2772 impellantur.
2712 2697 2878 2754 Scias
2904 2696 3086 2766 igitur
3114 2700 3170 2753 te
3201 2710 3341 2752 cum
3381 2692 3681 2750 defectore

2018 2790 2408 2847 luctationem
2431 2806 2555 2847 non
2577 2789 2939 2846 evitaturum
2960 2803 3114 2853 esse,
3137 2802 3336 2859 neque
3353 2784 3427 2841 de
3449 2799 3520 2842 eo
3537 2782 3684 2841 citra

2017 2880 2242 2938 multos
2261 2880 2504 2938 labores
2526 2879 2844 2936 victoriam
2863 2881 3314 2952 reportaturum
3334 2875 3398 2932 in
3421 2888 3684 2944 evange-

2019 2969 2147 3026 licis
2172 2970 2562 3041 dogmatibus
2592 2968 3032 3026 custodiendis.
3073 2965 3395 3034 Quomodo
3421 2964 3588 3022 enim
3618 2963 3684 3021 in

2018 3058 2154 3132 ipsa
2174 3059 2516 3117 certaminis
2537 3060 2704 3115 fossa
2723 3072 3000 3124 versans,
3015 3061 3322 3114 certamen
3345 3071 3485 3112 cum
3505 3053 3680 3111 hoste

2018 3149 2351 3207 detrectare
2378 3148 2600 3222 poteris
2625 3149 2652 3205 ?
2696 3149 2839 3214 OlltB
2863 3147 3071 3219 utique
3101 3150 3226 3202 tota
3266 3149 3354 3202 est
3383 3149 3541 3202 terra
3566 3141 3680 3199 sub

2020 3242 2170 3300 caelo
2188 3245 2500 3298 contenta:
2524 3254 2631 3311 per
2651 3253 2840 3311 quam
2864 3237 3180 3293 circumire
3204 3236 3369 3292 hunc
3389 3238 3447 3292 et
3467 3232 3681 3290 obam-

2016 3333 2228 3390 bulare
2267 3336 2563 3402 tanquam
2626 3329 2944 3385 rabiosum
3005 3342 3240 3395 canem,
3307 3327 3681 3398 quaerentem

2017 3439 2201 3496 quem
2221 3421 2485 3486 devoret,
2510 3435 2583 3476 ex
2605 3417 2740 3474 Jobi
2758 3417 3008 3475 historia
3028 3417 3374 3474 edocemur.
3401 3415 3611 3487 Itaque
3631 3413 3682 3472 si

2017 3529 2155 3570 cum
2174 3510 2528 3570 adversario
2544 3510 2692 3566 inire
2708 3524 2982 3582 pugnam
2998 3523 3262 3575 recuses,
3275 3504 3530 3563 transiin
3546 3504 3684 3561 alte-

2014 3619 2152 3659 rum
2175 3601 2496 3668 mundum,
2520 3601 2582 3655 in
2603 3615 2724 3672 quo
2745 3600 2874 3672 ipse
2893 3614 3018 3654 non
3051 3598 3126 3654 it
3154 3616 3167 3662 ;
3198 3601 3448 3669 tumque
3476 3594 3682 3652 licebit

2014 3693 2124 3750 tibi
2143 3691 2321 3763 204
2341 3706 2480 3746 cum
2496 3689 2598 3746 illo
2621 3704 2746 3745 non
2767 3689 3285 3760 decertare,atque
3305 3686 3370 3742 in
3385 3684 3682 3756 dogmati-

2012 3783 2130 3839 bus
2144 3779 2504 3850 evangelicis
2518 3779 2830 3835 servandis
2850 3779 2974 3834 sine
2989 3776 3256 3850 periculo
3269 3775 3430 3832 iners
3444 3789 3682 3849 perma-

2015 3887 2176 3929 nere.
2205 3871 2376 3938 Quod
2402 3870 2452 3926 si
2475 3870 2537 3926 id
2563 3868 2692 3925 ﬁeri
2707 3884 2831 3925 non
2851 3871 3066 3941 potest,
3091 3883 3228 3923 eam
3250 3882 3386 3939 quae
3410 3865 3519 3922 tibi
3539 3881 3680 3922 cum

2015 3963 2116 4020 illo
2143 3962 2343 4018 futura
2381 3965 2470 4017 est
2493 3975 2770 4033 pugnam
2807 3958 3037 4015 discere
3063 3957 3328 4025 festines,
3361 3959 3552 4013 artem
3582 3954 3679 4011 lu-

2019 4053 2243 4110 ctamin
2253 4068 2354 4108 um
2376 4066 2449 4108 ex
2473 4049 2791 4122 Scripturis
2812 4048 3096 4116 edoctus;
3115 4051 3180 4104 ut
3199 4062 3275 4104 ne
3292 4063 3364 4103 ex
3388 4047 3680 4118 ignoran-

2020 4143 2104 4201 tia
2132 4142 2212 4199 ab
2238 4142 2372 4214 ipso
2403 4140 2700 4208 devictus,
2729 4133 2952 4195 aeterno
2981 4139 3107 4210 igni
3135 4136 3415 4196 traderis.
3448 4138 3516 4192 Et
3548 4136 3679 4192 haec

2021 4231 2270 4307 quidem
2302 4231 2600 4289 adversus
2627 4245 2732 4287 eos
2761 4229 2867 4303 qui
2893 4227 3285 4288 matrimonio
3306 4225 3498 4299 juncti
3523 4241 3682 4300 prte-

2022 4327 2195 4396 cepta
2224 4320 2437 4379 Christi
2454 4321 2780 4378 observare
2809 4334 3018 4376 secure
3047 4318 3381 4390 negligunt,
3411 4317 3588 4392 quasi
3615 4318 3680 4374 in

2023 4418 2374 4470 transcursu
2395 4411 2556 4467 dicta
2576 4411 2714 4467 sint.
2740 4413 2824 4468 Tu
2845 4425 3008 4478 vero,
3027 4410 3134 4482 qui
3155 4408 3415 4466 caelestis
3435 4407 3683 4464 vivendi

308 4505 406 4558 τῆς
438 4493 723 4567 ἀγγελικῆς
754 4490 1028 4575 διαγωγῆς
1069 4496 1178 4560 (70)
1219 4501 1647 4570 πραγματευτὴς,
1698 4503 1789 4551 καὶ
1818 4508 1916 4552 τῶν

2025 4503 2171 4559 ritus
2212 4506 2448 4558 amator
2489 4517 2574 4572 es,
2617 4504 2799 4573 atque
2839 4498 3126 4569 angelicae
3152 4501 3290 4555 vitae
3319 4497 3679 4570 negotiator,

313 4584 474 4656 ἁγίων
523 4586 774 4658 μαθητῶν
808 4591 901 4637 τού
951 4591 1186 4659 Χριστοῦ
1230 4591 1631 4658 συστρατιώτης
1677 4592 1920 4660 γενέσθαι

313 4673 598 4749 ἐπιθυμῶν,
647 4677 874 4728 τόνωσον
922 4678 1140 4727 σεαυτὸν
1188 4677 1319 4750 πρὸς
1363 4680 1459 4735 τὴν
1501 4678 1767 4750 ὑπομονὴν
1817 4690 1916 4734 τῶν

383 4856 434 4906 υ
465 4853 665 4914 Matth.
691 4869 750 4919 κ,
783 4857 874 4910 37.
950 4853 1000 4889 ⁷³
1033 4855 1172 4910 Luc.
1206 4869 1324 4924 xxv,
1354 4857 1443 4910 26.

389 5032 500 5105 (65)
527 5036 763 5109 veteres
785 5033 907 5089 duo
926 5033 1065 5109 libri
1093 5038 1182 5109 καὶ
1213 5035 1528 5109 ύπργυν-αίος
1549 5038 1809 5109 τετάχθαι
1829 5041 1913 5092 τά.

320 5104 656 5186 Evangelia
682 5106 1066 5186 prmscripta.
1099 5105 1265 5186 Bona
1288 5104 1482 5186 lectio.
1518 5104 1778 5183 Utraque
1800 5109 1922 5167 edi-

322 5176 402 5233 tio
446 5183 501 5234 et
544 5178 687 5249 Reg.
721 5177 1029 5233 secundus
1060 5182 1125 5232 ut
1152 5176 1213 5232 in
1247 5184 1547 5249 contextu.

368 5249 506 5330 -(66)
539 5247 834 5307 Voculam
863 5269 917 5302 τε
948 5264 1019 5306 ex
1059 5250 1325 5321 antiquis
1356 5247 1598 5308 duobus
1626 5251 1793 5310 libris
1823 5254 1926 5311 ad-

322 5320 610 5377 didimus.

365 5337 610 5380 latinus.

389 5396 498 5463 (67)
529 5392 942 5470 Beglprimus
974 5392 1128 5470 αὐτὸν
1158 5391 1552 5470 ἀποκρίνεσθαι.
1590 5396 1800 5456 Statim
1826 5415 1928 5455 ve-

323 5461 480 5522 teres
509 5461 644 5522 duo
659 5461 796 5522 libri
839 5466 865 5516 ὃ
895 5461 952 5518 r3";
983 5466 1124 5522 ὑμῖν.

393 5538 509 5607 (68)
552 5537 743 5594 Editio
787 5537 974 5594 Paris.
1014 5537 1275 5597 ζητοῦντα
1313 5542 1448 5593 τίνα.
1499 5541 1623 5596 V0}:
1673 5541 1936 5603 ζητοῦντα

322 5609 610 5686 nequain
639 5608 859 5686 nostris
885 5608 1074 5686 tribus
1096 5625 1247 5686 mss.
1268 5610 1485 5682 Regiis,
1515 5626 1715 5686 neque
1733 5615 1796 5671 in
1817 5614 1936 5673 edi-

326 5679 489 5752 tione
517 5679 747 5744 Veneta
769 5680 1082 5770 reperitur.
1115 5679 1441 5771 Aliquanto
1467 5679 1756 5772 post'duo
1785 5703 1936 5762 mss,

2024 4593 2251 4666 quique
2281 4596 2631 4648 sanctorum
2656 4589 2867 4646 Christi
2889 4588 3326 4661 discipulorum
3349 4586 3682 4645 commilito

2027 4697 2161 4740 esse
2183 4681 2374 4755 cupis,
2398 4681 2726 4739 corrobora
2745 4679 3011 4754 teipsum
3031 4678 3111 4737 ad
3129 4694 3228 4736 res
3246 4679 3530 4737 adversas
3552 4692 3683 4751 per-

1522 4856 1572 4891 “
1604 4857 1782 4915 Marc.
1807 4864 1932 4932 xui,
1964 4865 2054 4919 37.

2030 5041 2078 5093 ἐν
2105 5041 2144 5112 ᾧ
2176 5042 2344 5103 οὗτος.
2372 5040 2637 5112 Subinde
2667 5039 2848 5097 editio
2897 5042 3040 5096 Ven.
3075 5039 3137 5096 in
3171 5039 3453 5095 contextu
3477 5037 3689 5110 εὐαγγε-

2031 5110 2186 5165 λικῶν
2214 5115 2460 5188 ῥημάτων
2489 5110 2786 5188 ἀκίνδυνος.
3115 5183 3124 5188 Α
3334 5148 3343 5157 -

2103 5183 2222 5252 (69)
2242 5183 2493 5257 Utraque
2514 5183 2697 5258 editio
2728 5189 2785 5240 et
2824 5187 2964 5253 Reg.
2997 5183 3204 5240 tertius
3231 5183 3468 5258 ὑπὸ-τῶν
3501 5203 3691 5258 γραφιτ

2035 5266 2156 5330 κῶν,
2187 5255 2486 5330 corrupte.
2531 5257 2734 5330 Codex
2777 5259 3113 5330 H._I‘pagau,
3145 5255 3486 5330 emendate.
3512 5255 3696 5330 Quod

2037 5329 2117 5385 ait
2164 5325 2567 5401 Cpmbétisius
2598 5328 2799 5401 statim
2845 5325 2964 5401 legi
2994 5325 3069 5383 in
3113 5330 3253 5401 Μαι.
3297 5331 3385 5401 μὲν
3412 5325 3695 5401 -όμοίως-ἐν

2038 5398 2384 5477 παραδρομῇ,
2413 5401 2487 5477 de
2534 5416 2605 5477 eo
2623 5399 2792 5477 aliter
2813 5399 3030 5477 sentiet
3049 5398 3338 5477 quihunc
3367 5398 3591 5477 librum
3611 5398 3698 5456 le-

2043 5469 2514 5544 ge‘ritﬁlt'a'enim
2537 5472 2743 5544 habet,
2772 5474 2860 5542 μὲν
2889 5474 2957 5532 ὡς
2978 5469 3242 5544 svaditi
3274 5473 3362 5544 μὲν
3393 5473 3551 5544 ὅμως.

2113 5547 2228 5615 (70)
2274 5544 2438 5614 Regii
2476 5543 2710 5620 primus
2761 5547 2830 5620 et
2861 5542 3086 5599 tertiusi
3125 5547 3214 5595 καὶ
3244 5542 3339 5608 τῆς
3365 5542 3702 5620 samem;

2046 5613 2344 5700 διαγωγῆς,
2367 5613 2740 5698 ὲυαλιςειίειε
2769 5617 2926 5681 MIHI".
