4110 6384
400 313 497 367 631

1797 303 1857 359 S.
1887 298 2137 359 BASILII
2162 300 2382 358 MAGNI

3668 310 3781 363 632

395 433 699 499 ferendas,
740 435 797 489 et
820 430 971 489 virili
1014 430 1219 488 animo
1256 430 1705 488 monachorum
1738 431 1953 485 cetum
1985 441 2058 483 ac

2175 423 2411 496 θλίψεων,
2462 432 2551 481 καὶ
2600 425 2850 503 ἀνδρείως
2896 426 3149 504 πρόσελθε
3202 436 3266 501 τῇ
3329 428 3607 502 συγκλήτῳ
3672 439 3778 484 τῶν

396 528 678 579 senatum
695 520 794 577 adi
823 539 835 576 :
870 538 942 577 ac
967 520 1138 577 initio
1163 521 1415 595 quidem
1441 525 1559 577 tum
1588 516 2057 577 renuntiationis

395 612 595 669 virum
632 615 689 668 te
727 610 1003 681 ostende,
1037 616 1099 667 ut
1128 626 1203 667 ne
1235 611 1314 667 ob
1340 626 1552 668 eorum
1581 609 1689 681 qui
1718 605 2058 665 secundum

396 718 640 760 carnem
664 702 905 772 cognati
926 706 1083 764 sunt,
1098 717 1370 759 amorem
1387 706 1446 758 et
1463 700 1750 757 affectum
1771 698 2059 754 deorsum

395 793 655 857 trahare,
704 791 811 847 sed
841 790 1041 847 valido
1082 795 1139 847 et
1178 790 1313 847 forti
1344 791 1552 847 animo
1590 787 1877 846 mortalia
1919 799 2059 841 cum

394 880 840 938 immortalibus
873 883 1231 938 commutes.
1288 881 1396 937 Ubi
1427 896 1571 937 vero
1599 895 1695 936 res
1726 894 1862 951 quas
1894 874 1974 932 ad
2004 878 2063 930 te

397 973 695 1046 pertinent
715 970 1129 1044 dereliqueris,
1144 974 1274 1027 esto
1295 969 1642 1027 inﬂexibilis
1666 975 1723 1025 et
1746 971 2055 1036 constans,

398 1067 682 1135 certoque
713 1062 866 1119 scias
897 1077 1002 1117 eas
1028 1061 1389 1134 praemittere
1415 1065 1471 1116 te
1491 1060 1553 1116 in
1580 1058 1801 1115 caelum
1831 1075 1844 1113 :
1879 1055 2060 1129 siqui-

397 1151 535 1208 dem
560 1153 722 1224 ipsas
742 1152 805 1207 in
828 1151 963 1206 sinu
982 1167 1321 1223 pauperum
1338 1149 1683 1206 reconditas
1707 1164 1844 1204 cum
1869 1145 2061 1203 multa

398 1243 745 1299 accessione
780 1241 946 1314 apud
980 1243 1167 1301 Deum
1190 1256 1253 1296 es
1273 1240 1650 1296 inventurus.
1675 1240 1823 1294 Cum
1855 1241 2058 1293 autem

401 1332 480 1389 ab
513 1332 723 1389 amicis
745 1347 813 1387 ac
845 1330 1248 1387 familiaribus
1269 1328 1587 1397 divelleris,
1611 1343 1758 1385 cave
1778 1326 2059 1383 coniicia-

397 1422 478 1478 ris
499 1436 754 1477 mmrore
781 1419 1510 1493 nimio,quandoquidem
1532 1434 1672 1475 cum
1695 1417 1930 1474 Christo
1950 1415 2059 1488 qui

400 1527 510 1583 pro
561 1515 615 1566 te
664 1508 990 1566 cruciﬁxus
1040 1513 1147 1576 est,
1190 1509 1625 1580 conjungeris:
1675 1507 1838 1581 quod
1885 1506 2058 1580 quid,

398 1615 627 1672 quaeso,
643 1615 677 1656 a
690 1598 867 1655 nobis
886 1598 1209 1656 amabilius
1221 1597 1547 1668 excogitari
1559 1594 2059 1669 potest?Quando

399 1695 622 1758 autem,
654 1693 771 1745 Deo
797 1689 1070 1759 juvante,
1104 1689 1164 1744 in
1191 1688 1391 1761 primo
1419 1687 1536 1744 hoc
1567 1686 1843 1760 pugilatu
1887 1690 2058 1743 tuum

2168 525 2436 587 μοναχῶν·
2495 523 2584 571 καὶ
2641 516 2689 570 ἐν
2741 522 2832 590 μεν
2877 525 2938 590 τῇ
3001 515 3146 590 ἀρχῇ
3202 525 3299 580 τῆς
3343 516 3617 591 ἀποταγῆς
3674 539 3775 574 σου

2171 600 2444 678 ἀνδρίξου,
2502 611 2573 679 μὴ
2635 606 3055 665 καθελκυσοῆναι
3101 608 3203 659 ὑπὸ
3261 616 3359 670 τῆς
3415 610 3779 683 προσπαθείας

2169 702 2268 745 τῶν
2305 697 2442 747 κατά
2472 699 2645 771 σάρκα
2686 705 2971 769 συγγενῶν,
3004 703 3066 769 τῇ
3112 695 3402 769 ἀνταλλαγῇ
3442 706 3544 749 τῶν
3576 700 3773 757 θνητῶν

2169 787 2297 857 πρὸς
2345 786 2412 837 τὰ
2460 783 2693 839 ἀθάνατα
2741 788 2859 857 (71)
2908 784 3294 860 ἐνισχυόμενος-
3349 788 3507 845 ηνίκα
3563 784 3623 842 δὶ
3672 797 3771 842 τῶν

2168 878 2466 948 προσόντων
2515 895 2600 929 σοι
2656 879 2978 951 πραγμάτων
3033 884 3156 949 ποιῇ
3215 882 3313 935 την
3369 875 3638 950 ἀπόθεσιν,
3680 882 3768 933 ίσο

2171 961 2435 1037 ἀκαμπης,
2497 971 2820 1040 προπέμπειν
2878 966 3013 1019 αὑτά
3079 966 3145 1027 εἰς
3204 967 3456 1042 οὐρανοὺς
3510 967 3767 1044 πληροφο-

2166 1057 2431 1128 ρουμενος,
2484 1064 2595 1117 τοῖς
2786 1055 2998 1118 κόλποις
3048 1064 3147 1109 τῶν
3203 1064 3435 1129 πτωχῶν
3493 1055 3773 1134 ίναποκρύ·

2168 1162 2306 1195 πτων
2346 1144 2498 1213 αὐτὰ,
2543 1165 2688 1219 παρα
2729 1142 2789 1198 δὲ
2835 1153 2949 1217 Θεῷ
2993 1150 3107 1209 (72)
3154 1145 3410 1219 εὑρίσκων
3466 1151 3560 1199 σὺν
3606 1148 3768 1222 πολλῇ

2167 1240 2228 1305 τῇ
2284 1236 2589 1306 προσθήκη.
2639 1235 2800 1288 Φίλων
2848 1231 2907 1287 δε
2953 1240 3042 1287 καὶ
3092 1236 3330 1294 συνήθων
3379 1231 3767 1309 διασπώμενος,

2166 1326 2236 1395 μὴ
2317 1332 2468 1394 γενοῦ
2545 1344 2638 1399 περ
2648 1322 2817 1382 ιθλιϐὴ
2827 1346 2870 1392 ς,

2167 1413 2292 1488 ὑπερ
2340 1421 2435 1466 σου
2482 1417 2852 1489 σταυρωθέντι·
2904 1416 2965 1467 οὗ
3005 1420 3057 1467 τί
3102 1414 3163 1467 ἀν
3205 1415 3473 1487 λογιστέον
3514 1419 3639 1490 ημῖν
3679 1438 3772 1490 φι-

2949 1333 3166 1397 Χριστῷ
3251 1330 3633 1399 συναπτόμενος
3694 1336 3769 1399 τῷ

2165 1501 2487 1578 λικῶτερον;
2546 1504 2730 1557 ἰἰνίκα
2783 1502 2843 1557 δὲ
2906 1510 3154 1579 συνεργίᾳ
3217 1514 3351 1559 Θεου
3410 1510 3506 1565 τὴν
3560 1512 3773 1582 πρώτην

2166 1597 2361 1653 ταύτην
2418 1600 2630 1668 πυγμὴν
2674 1601 2900 1668 νικήσῃς
2940 1600 3030 1648 τὸν
3085 1598 3174 1648 σὸν
3214 1594 3431 1671 ἐχθρὸν,
3481 1600 3553 1670 μὴ
3606 1597 3774 1672 ῥίψῃς

2169 1688 2383 1737 σεαυτὸν
2432 1687 2607 1759 ὥσπερ
2653 1704 2707 1737 τι
2751 1693 2851 1737 τῶν
2891 1684 3091 1759 ἀτίμων
3124 1694 3341 1752 σκευῶν,
3385 1683 3528 1745 Ἤδη
3570 1688 3675 1762 γὰρ
3705 1695 3768 1761 τῇ

399 1780 816 1835 adversarium
844 1778 1246 1851 superaveris,
1267 1777 1454 1833 nolito
1476 1777 1736 1849 teipsum
1762 1782 2056 1848 tanquam

2168 1771 2404 1846 ἀποταγῄ
2457 1783 2557 1827 τῶν
2600 1780 2796 1846 γηίνων
2837 1777 3168 1850 πραγμάτων
3225 1781 3509 1849 τετίμηκας
3555 1781 3769 1830 σεαυτόν

397 1884 507 1925 vas
520 1869 831 1942 quoddam
849 1868 1324 1938 ignominiosum
1338 1868 1650 1940 projicere.
1667 1870 1749 1923 Ex
1760 1883 1883 1939 quo
1894 1866 2057 1922 enim

399 1957 583 2014 rebus
613 1958 864 2015 terrenis
903 1957 1189 2014 remisisti
1232 1958 1534 2023 nuntium,
1584 1957 1714 2027 jam
1760 1957 2057 2012 honorem

400 2048 566 2120 apud
603 2047 908 2103 Christum
954 2046 1061 2102 tibi
1106 2045 1440 2103 conciliasti
1482 2065 1495 2114 ;
1533 2046 1641 2102 sed
1684 2060 2055 2117 magnopere

402 2154 549 2194 cura
567 2144 622 2193 et
655 2137 925 2211 provide,
950 2143 1016 2193 ut
1034 2137 1232 2193 virum
1266 2141 1385 2193 tuae
1405 2137 1537 2193 vitae
1561 2136 1929 2193 tutissimum
1950 2136 2058 2192 du-

397 2244 528 2285 cem
551 2228 834 2300 reperias,
856 2227 1047 2300 probe
1068 2226 1355 2283 edoctum
1372 2227 1713 2283 conducere
1731 2242 1833 2281 eos
1853 2225 1960 2298 qui
1977 2224 2057 2282 ad

397 2320 587 2374 Deum
638 2323 921 2389 pergunt.
964 2316 1213 2389 plenum
1260 2316 1605 2381 virtutibus,
1640 2316 1771 2387 ejus
1816 2331 1957 2388 quin
1993 2314 2056 2371 in

397 2408 699 2465 Deum'est
713 2404 1045 2461 dilectionis
1065 2404 1475 2460 testimonium
1492 2403 1817 2461 habentem
1839 2420 1913 2459 ex
1930 2402 2057 2459 suis

393 2488 593 2568 ipsius
612 2493 918 2566 operibus,
944 2493 1290 2550 divinarum
1309 2493 1752 2564 Scripturarum
1773 2507 2054 2561 gnarum,

397 2582 611 2641 animo
628 2581 834 2639 sedato
863 2582 1211 2654 prteditum,
1243 2582 1644 2655 pecuniarum
1690 2597 1813 2638 non
1847 2597 2057 2637 aman-

395 2680 539 2740 tem,
566 2687 601 2728 a
642 2671 900 2741 negotiis
927 2670 1215 2736 alienum,
1244 2671 1539 2744 quietum,
1568 2674 1688 2727 Deo
1716 2676 2055 2743 acceptum,

395 2763 749 2833 diligentem
779 2777 1104 2835 pauperes,
1129 2776 1251 2817 non
1281 2760 1669 2828 iracundum,
1696 2762 2056 2832 injuriarum

395 2852 842 2915 immemorem,
866 2850 948 2907 ad
970 2866 1180 2907 eorum
1200 2851 1305 2924 qui
1324 2852 1529 2923 ipsum
1551 2851 1777 2907 adeunt
1800 2850 2059 2908 aediﬁca-

395 2944 621 2999 tionem
650 2941 908 2998 multum
930 2940 1336 3004 laborantem,
1361 2957 1535 2997 vame
1567 2941 1773 3011 glorias
1803 2957 1927 2997 non
1957 2958 2058 2997 cu-

394 3031 626 3105 pidum,
661 3046 788 3088 non
820 3031 1173 3104 superbum,
1204 3030 1383 3086 nullis
1415 3032 1927 3087 assentationibus
1956 3032 2058 3087 ﬂe-

2165 1866 2309 1937 παρά
2362 1872 2595 1938 Χριστῷ·
2649 1863 2753 1917 ἀλλ’
2801 1863 2850 1917 ἐν
2893 1864 3052 1923 πολλῆ
3107 1861 3349 1940 φροντίδι
3399 1870 3490 1919 καὶ
3536 1870 3770 1941 περινοίᾳ

2162 1958 2387 2012 ποίησαι
2444 1957 2607 2029 εὑρεῖν
2664 1951 2837 2028 ἄνδρα
2882 1950 3110 2030 πρόοδον
3171 1964 3268 2018 τῆς
3344 1964 3445 2018 σῆς
3506 1955 3772 2021 πολιτείας

2167 2042 2389 2110 ἀπλανῆ,
2438 2043 2607 2107 καλῶς
2650 2042 2993 2118 ἐπιστάμενον
3043 2041 3255 2117 ὁδηγεῖν
3304 2049 3424 2107 τοὺς
3469 2050 3603 2122 πρὸς
3641 2050 3771 2100 Θεὸν

2164 2139 2559 2209 πορευομένους,
2602 2144 2844 2208 κομῶντα
2896 2142 3014 2196 ταῖς
3065 2133 3275 2210 ἀρεταῖς
3322 2134 3377 2188 εκ
3424 2143 3527 2189 τῶν
3570 2136 3771 2189 οἰκείων

2167 2227 2327 2298 ᾗογων
2369 2229 2463 2282 την
2502 2230 2792 2299 μαρτυρίαν
2822 2228 3017 2296 ἔχοντα
3054 2232 3145 2285 τῆς
3184 2228 3316 2299 πρὸς
3363 2227 3497 2278 Θεὸν
3541 2224 3768 2297 ἀγάπης,

2165 2322 2355 2386 γνῶσιν
2426 2317 2618 2385 ἔχοντα
2680 2323 2781 2366 τῶν
2851 2316 2998 2367 θείων
3061 2320 3098 2366 Γ
3098 2324 3297 2388 ραφῶνο
3350 2312 3769 2390 ἀπερίσπαστον,

2167 2402 2538 2478 ἀφιλάργυρον,
2602 2401 2936 2477 ἀπράγμονα,
3005 2404 3258 2476 ἡσύχιον,
3321 2403 3550 2478 θεοφιλῆ,
3622 2405 3771 2479 φιλό-

2165 2513 2423 2565 πτωχον,.
2454 2492 2735 2567 ἀόργητον,
2793 2493 3175 2567 ἀμνησικακον,
3229 2494 3389 2547 πολὺν
3436 2495 3508 2557 εἰς
3554 2492 3770 2549 οἰκοδο-

3140 2581 3467 2652 ἐικενόδοξον,
3542 2584 3769 2661 ἀνυπερ-

2167 2679 2377 2746 ἠφανον,
2444 2672 2807 2740 ἀκολάκευτον,
2886 2672 3278 2749 ἀπερίτρεπτον,
3340 2671 3508 2748 μηδ”εν
3571 2695 3765 2750 προτι-

2164 2772 2343 2836 μώντα
2389 2769 2481 2816 τοῦ
2526 2771 2659 2817 Θεοῦ
2717 2768 2818 2817 Καὶ
2866 2764 2909 2816 εὶ
2956 2764 3127 2839 εὕροις
3167 2765 3283 2835 (73)
3321 2772 3576 2831 τοιοῦτον,
3610 2762 3765 2828 ἓκδος

2168 2856 2382 2906 σεαυτὸν
2421 2851 2583 2922 αὐτῷ,
2628 2852 2765 2904 ἅπαν
2813 2852 3011 2925 θελημα
3056 2856 3146 2906 σὸν
3188 2851 3500 2916 ἀποπτύσας
3536 2860 3625 2906 καὶ
3671 2854 3765 2917 ἔξω

2161 2940 2343 3017 ῥίψας,
2395 2943 2478 2993 ἵνα
2524 2942 2738 3014 εὑρεθῇς
2785 2943 2851 3002 ὡς
2900 2943 3129 3016 καθαρὸν
3188 2940 3417 3014 ἀγγεῖον,
3460 2946 3527 2996 τὰ
3581 2941 3633 2995 ἓν
3684 2948 3769 2997 σοὶ

2166 3030 2459 3103 βαλλόμενα
2505 3028 2677 3103 ἀγαθά
2733 3027 2999 3105 διατηρῶν
3050 3034 3182 3107 πρὸς
3248 3035 3451 3086 ἔπαινόν
3512 3050 3610 3086 σου
3677 3037 3769 3086 καὶ

2167 2589 2270 2657 μὴν
2342 2592 2441 2636 τῶν
2509 2583 2821 2655 ἐγγιζόντων
2891 2584 3055 2656 αὐτῷ,

394 3122 841 3191 ctendum,non
865 3120 1199 3178 obnoxium
1221 3122 1565 3191 mutationi,
1589 3121 1738 3179 nihil
1760 3123 1880 3178 Deo
1903 3138 2054 3196 prae-

2168 3118 2342 3183 δόξαν.
2396 3120 2457 3174 Εἰ
2511 3124 2612 3193 γάρ
2660 3139 2713 3174 τι
2760 3119 3114 3195 ἐγκαταλίπης
3157 3121 3320 3192 ἐαυτῷ
3357 3130 3457 3174 τῶν
3494 3129 3767 3197 προϋπαρτ

393 3213 705 3269 ferentem.
730 3213 818 3281 Et,
844 3212 896 3268 si
924 3212 1282 3285 quempiam
1296 3212 1654 3283 hujusmodi
1674 3214 2051 3280 nanciscare,

393 3317 641 3358 omnem
669 3306 836 3357 tuam
868 3300 1244 3357 voluntatem
1266 3316 1585 3373 exspuens,
1625 3306 1684 3358 et
1729 3301 1892 3358 foras
1917 3301 2053 3373 reji-

393 3393 580 3461 ciens,
607 3392 747 3448 huic
776 3396 831 3449 te
858 3392 1058 3465 ipsum
1084 3392 1274 3459 trade,
1309 3396 1373 3449 ut
1401 3392 1579 3465 quasi
1610 3409 1718 3450 vas
1746 3394 2053 3450 sincerum

2164 3211 2356 3274 ξάντων
2412 3209 2461 3262 ἐν
2520 3214 2604 3263 σοὶ
2668 3212 2866 3276 παθῶν,
2922 3210 2995 3273 εἰς
3054 3210 3228 3275 ὀξίνην
3284 3215 3644 3284 μεταποιήσας
3698 3213 3766 3264 τά

2162 3300 2515 3374 ἐμϐεϐλημένα
2551 3298 2600 3353 ἓν
2661 3305 2746 3353 σοὶ
2786 3299 2982 3373 ἀγαθὰ,
3023 3301 3120 3366 ἔξω
3164 3300 3438 3375 βληθήσῃ,
3487 3303 3663 3376 ὥσπερ
3712 3320 3769 3354 τι

2161 3402 2260 3446 τῶν
2283 3390 2572 3464 ἀχρήστων
2604 3399 2802 3443 σκευῶν
2827 3392 2967 3462 (74).

393 3481 742 3549 invenieris,
774 3481 879 3554 qui
906 3481 1131 3537 scilicet
1160 3498 1262 3537 eas
1289 3495 1424 3554 quae
1448 3482 1511 3537 in
1542 3486 1599 3538 te
1627 3482 2032 3539 infunduntur
2055 3482 2301 3539 virtutes
2329 3480 2410 3538 ad
2439 3480 2687 3537 laudem
2717 3483 2776 3538 et
2805 3480 3060 3552 gloriam
3087 3485 3254 3539 tuam
3275 3497 3505 3539 serves.
3536 3480 3768 3539 Etenim

397 3571 448 3627 si
479 3570 800 3643 quidpiam
831 3586 905 3626 ex
931 3570 1002 3626 iis
1032 3570 1190 3627 vitiis
1209 3571 1435 3644 quibus
1459 3576 1638 3629 antea
1667 3571 1907 3629 deditus
1929 3588 2085 3644 eras,
2119 3572 2181 3628 in
2211 3570 2404 3645 teipso
2431 3569 2770 3643 reliqueris,
2803 3577 2948 3627 tunc
2976 3570 3157 3627 bonis
3189 3587 3328 3644 qum
3356 3574 3420 3628 in
3446 3576 3503 3628 te
3531 3571 3771 3630 fuerant

394 3660 693 3725 immissa,
732 3659 794 3715 in
835 3675 1106 3733 vappam
1134 3661 1573 3728 transmutatis,
1602 3665 1897 3734 tanquam
1923 3677 2032 3717 vas
2060 3661 2378 3735 quoddam
2401 3660 2552 3716 nulli
2580 3659 2718 3717 usui
2746 3664 2958 3732 aptum
2981 3659 3143 3717 foras
3173 3661 3481 3733 projicere.

467 3755 519 3806 3.
547 3750 672 3806 Hoc
702 3749 1045 3805 secundum
1066 3754 1155 3806 est
1180 3748 1513 3819 luctamen,
1544 3750 1711 3823 quod
1737 3767 1880 3808 cum
1900 3750 2056 3808 salu-

396 3839 471 3895 tis
500 3842 723 3895 nostrze
763 3837 937 3894 hoste
975 3836 1316 3895 ineundum
1347 3843 1455 3895 est.
1490 3841 1865 3896 Documenta
1894 3838 2058 3896 enim

395 3928 833 3999 magistrorum
871 3927 1200 3995 bonorum,
1232 3927 1398 3985 bona
1419 3934 1559 3986 sunt
1584 3945 1597 3983 :
1624 3928 1926 3987 malorum
1956 3946 2060 3985 au-

395 4024 543 4085 tem,
570 4016 735 4073 mala
759 4022 904 4073 sunt
932 4016 1203 4074 omnino.
1236 4020 1386 4074 Cum
1416 4019 1582 4077 enim
1611 4019 1790 4075 nobis
1816 4034 2062 4091 persua-

399 4108 539 4164 dere
565 4122 688 4162 non
712 4106 972 4178 potuerit
991 4106 1189 4163 malus
1207 4091 1307 4165 ille
1327 4108 1709 4165 adversarius
1747 4115 1972 4178 noster,
1994 4112 2063 4165 ut

398 4196 463 4253 in
495 4194 710 4252 mundi
748 4195 1009 4252 tumultu
1040 4202 1096 4253 et
1125 4197 1304 4254 exitio
1330 4213 1855 4270 permaneremus,
1881 4198 2058 4270 205

404 4286 662 4343 suadere
700 4291 975 4355 conatur,
1006 4302 1084 4343 ne
1125 4288 1264 4343 vitm
1295 4293 1593 4346 accuratae
1631 4288 1817 4345 dediti
1845 4289 2059 4346 simus.

2239 3756 2293 3807 3.
2335 3750 2477 3809 Αὕτη
2510 3746 2731 3824 δευτερα
2768 3748 2905 3807 πάλη
2946 3753 3074 3824 πρὸς
3119 3753 3207 3802 τὸν
3258 3749 3649 3823 ἀνταγωνιστὴν
3676 3760 3772 3813 τῆς

2171 3846 2436 3915 σωτηρίας
2488 3842 2654 3913 ἡμῶν.
2722 3838 2956 3910 Ἀγαθῶν
3021 3841 3122 3913 γὰρ
3186 3836 3526 3894 διδασκάλων
3598 3840 3774 3914 ἀγαθά

2168 3934 2236 3983 τὰ
2286 3932 2578 4003 μαθήματα
2626 3929 2755 3998 (75)
2814 3929 3020 3991 πάντως
3078 3948 3179 3981 που
3236 3934 3328 3982 καὶ
3383 3939 3557 3984 κακῶν
3613 3934 3769 3988 κακά.

2168 4019 2332 4073 Ὀταν
2387 4021 2488 4094 γὰρ
2540 4023 2610 4092 μὴ
2666 4016 2872 4091 ἰσχύσῃ
2932 4019 2961 4070 ό
3007 4022 3235 4094 πονηρός
3296 4022 3440 4093 ἡμῶν
3498 4018 3776 4083 ἀντίπαλος

2170 4117 2353 4163 πεῖσαι
2399 4111 2540 4182 ἡμᾶς
2590 4107 2920 4180 ἐναπομεῑναι
2986 4117 3048 4168 τῆ
3105 4117 3198 4161 τοῦ
3248 4113 3452 4183 κόσμου
3505 4113 3778 4183 συγχύσει

2171 4204 2263 4252 καὶ
2311 4198 2559 4271 ἀπωλείᾳ,
2595 4193 2813 4251 σπεύδει
2842 4204 3025 4251 πεῖσαι
3067 4202 3138 4272 μὴ
3175 4196 3382 4275 ἀκριϐεῖ
3428 4198 3533 4273 βίῳ
3562 4200 3778 4263 ἑαυτοὺς

2175 4285 2420 4345 ἐκδοῦναι
2468 4287 2579 4357 (76)
2626 4287 2656 4348 ἦ
2710 4282 2866 4362 ἀνδρὶ
2911 4288 3084 4341 πάντα
3123 4290 3269 4361 ἡμῶν
3314 4290 3383 4342 τὰ
3420 4289 3777 4364 ἁμαρτήματα

400 4393 551 4436 neve
571 4376 992 4451 permittamus
1012 4394 1125 4435 nos
1145 4379 1294 4449 viro,
1327 4380 1435 4454 qui
1458 4380 1667 4437 omnia
1694 4386 1904 4438 nostra
1923 4396 2059 4454 pec-

2174 4378 2260 4433 ὑπ’
2292 4378 2411 4450 ὄψιν
2441 4380 2623 4450 ἄγοντι
2651 4380 2742 4429 καὶ
2774 4373 2809 4429 δ
2815 4378 3149 4451 ιορθουμένῳ,
3190 4375 3320 4431 ἀλλα
3356 4399 3457 4432 τινι
3485 4386 3583 4433 τῶν
3616 4377 3777 4444 δοξο-

403 4472 540 4526 cata
556 4467 635 4524 ob
654 4466 861 4524 oculos
883 4467 1057 4525 nobis
1077 4474 1285 4542 ponat,
1306 4469 1717 4543 corrigatque:
1740 4471 1848 4528 sed
1868 4475 1934 4528 ut
1948 4486 2062 4527 nos

404 4559 725 4617 credamus
755 4558 1023 4630 cuipiam
1049 4559 1301 4617 honoris
1322 4575 1533 4617 amore
1553 4559 1900 4629 insanienti,
1916 4578 2066 4617 sute-

403 4666 525 4723 que
545 4664 690 4720 erga
709 4663 852 4705 suos
878 4649 1251 4708 convictores
1273 4650 1667 4721 indulgentiae
1689 4651 1937 4709 obtentu
1954 4668 2067 4709 sua

404 4739 595 4813 ipsius
621 4738 763 4795 vitia
785 4740 1239 4797 commendanti
1271 4759 1283 4797 :
1316 4746 1379 4798 ut
1400 4758 1541 4801 cum
1571 4742 1654 4798 ita
1679 4759 1791 4799 nos
1820 4742 2067 4799 latenter

406 4828 741 4887 innumeris
767 4829 925 4885 vitiis
948 4846 1160 4886 rursus
1179 4832 1497 4904 addixerit,
1519 4833 1740 4889 nostris
1765 4833 1911 4905 ipsis
1933 4848 2069 4906 pec-

407 4919 524 4978 cati
554 4919 807 4977 vinculis
837 4935 949 4976 nos
987 4920 1341 4992 obstringat.
1372 4922 1547 4989 Quod
1567 4923 1617 4979 si
1636 4923 1765 4979 viro
1794 4927 1846 4980 te
1876 4922 2067 4979 dedas

481 5100 593 5175 (71)
630 5100 813 5175 iidem
835 5116 990 5175 mss.
1020 5103 1150 5175 πρὸς
1175 5105 1233 5152 τό
1267 5099 1544 5175 ἀθάνατον,

482 5172 592 5297 ἵῖἓ)
622 5170 807 5227 Editio
834 5172 1021 5227 Paris.
1058 5170 1134 5243 τῷ
1175 5180 1310 5243 Θεῷ.
1348 5172 1648 5229 Articulus
1677 5173 1813 5229 etin
1835 5172 2059 5228 nostris

504 5258 603 5297 )us
662 5258 807 5297 mss.
871 5247 929 5297 et
968 5243 1028 5297 in
1086 5244 1345 5297 editione
1384 5247 1606 5297 Veneta
1661 5243 2059 5297 desideratur.

408 5243 603 5298 tribus
662 5258 807 5299 mss.
871 5247 929 5299 et
968 5243 1028 5299 in
1086 5244 1345 5300 editione
1384 5247 1606 5301 Veneta
1661 5243 2062 5302 desideratur.

411 5314 587 5371 Haud
611 5314 788 5388 longe
819 5314 941 5371 duo
972 5332 1119 5371 mss.
1151 5321 1223 5388 μὴ
1251 5321 1418 5387 γίνου.

481 5388 593 5455 (73)
628 5388 827 5461 Codex
864 5401 1022 5442 unus
1058 5392 1148 5439 καὶ
1180 5388 1221 5440 εὶ
1262 5390 1380 5461 εῦρῃ
1395 5409 1436 5450 ς.
1466 5389 1684 5445 Necita
1710 5388 2065 5461 multopost

408 5458 552 5527 Reg.
588 5457 824 5532 primus
855 5462 983 5532 προς
1008 5461 1211 5532 ἔπαινόν
1253 5457 1368 5515 σοι(
1403 5462 1612 5517 Statim
1641 5462 1801 5531 Regii
1831 5457 2064 5532 primus

411 5533 467 5606 et
494 5529 699 5606 tertius
750 5528 1094 5606 ἐγκαταλίπης
1130 5530 1188 5606 ’ἐν
1229 5540 1451 5606 σεαυτῷ·
1490 5539 1548 5588 et
1580 5534 1663 5589 ita
1696 5528 1940 5606 quoque
1986 5530 2064 5587 lc-

408 5600 568 5670 gitur
604 5600 665 5656 in
698 5601 970 5669 margine
1001 5600 1278 5659 editionis
1310 5600 1562 5660 Venetae.

481 5672 596 5743 (74)
630 5672 789 5742 ltegii
836 5672 1065 5743 primus
1095 5679 1151 5732 et
1185 5674 1388 5733 tertius
1417 5679 1591 5752 ὥσπερ
1636 5696 1688 5729 τι
1742 5685 1841 5731 τῶν
1891 5674 2061 5749 ἀχρή-

2174 4471 2470 4543 μανούντων
2514 4471 2605 4520 καὶ
2650 4468 2718 4519 τὰ
2765 4466 2931 4520 οἰκεῖα
2984 4469 3128 4526 πάθη
3183 4470 3445 4543 προφάσει
3502 4488 3778 4542 συγκατα-

2176 4559 2377 4622 ϐάσεως
2422 4566 2519 4619 τῆς
2564 4560 2694 4632 πρὸς
2760 4560 2881 4619 τοὺς
2955 4558 3222 4619 συξωντας
3272 4567 3605 4627 συνιστῶντι,
3672 4561 3774 4627 ἵνα,

2176 4650 2337 4711 οὕτως
2379 4647 2695 4721 ἀσυμφανῶς
2743 4648 2851 4718 (77)
2890 4645 3044 4700 πάλιν
3074 4649 3417 4722 μυριοπαθείς
3445 4650 3587 4722 ἡμᾶς
3627 4655 3779 4708 ποιη·

2180 4759 2295 4806 σας,
2342 4739 2442 4791 ὑπὸ
2488 4741 2554 4790 τὰ
2600 4736 2767 4789 οἰκεῖα
2805 4732 2981 4809 δεσμά
3016 4744 3107 4798 τῆς
3152 4736 3408 4812 ἁμαρτίας
3446 4740 3583 4812 ἡμᾶς
3620 4759 3779 4792 κατα-

2180 4836 2378 4903 στήσῃ.
2419 4828 2479 4883 Εἰ
2519 4823 2578 4880 δε
2625 4822 2793 4897 ἕκδῴς
2843 4829 3061 4880 σεαυτὸν
3110 4826 3411 4900 πολυαρίτῳ
3465 4825 3645 4905 ἀνδρὶ,
3694 4849 3779 4902 γε·

2176 4925 2311 4993 νήσῃ
2362 4917 2680 4991 κληρονόμος
2724 4925 2823 4968 τῶν
2873 4915 2924 4969 ἐν
2978 4916 3117 4988 αὐτῷ
3176 4915 3405 4989 ἀγαθῶν,
3455 4924 3780 4995 μακαριστό-

2174 5119 2309 5153 στων
2344 5105 2559 5165 σκευῶν,
2592 5097 2692 5168 αιί
2727 5110 2833 5153 vas
2881 5095 3184 5168 quoddam
3226 5097 3467 5154 inutile.
3510 5097 3587 5151 At
3633 5096 3776 5166 Reg.

2172 5170 2477 5229 secundus
2515 5176 2572 5226 et
2600 5167 2744 5225 editi
2773 5176 2870 5220 τῶν
2890 5165 3096 5240 ἀτίμων
3129 5177 3346 5237 σκευῶν,
3377 5175 3444 5240 ιιι
3475 5182 3583 5224 vas
3608 5165 3781 5238 igno-

2171 5246 2511 5300 miniosum.
2546 5243 2809 5313 Utraque
2839 5238 3139 5313 scriptura
3160 5241 3313 5313 satis
3347 5238 3563 5313 placet.

2242 5318 2358 5385 (75)
2388 5312 2559 5386 Regii
2590 5309 2826 5386 primus
2839 5316 2898 5386 et
2916 5309 3119 5386 tertius
3151 5309 3414 5386 ἀγαθὰ,τὰ
3440 5309 3775 5385 διδάγματα.

2244 5380 2362 5459 (76)
2393 5380 2783 5459 An_tiqlii_duo
2810 5381 2946 5459 libri
2971 5380 3511 5459 ἕαυτούςίπιδοῦναι.

2245 5454 2353 5528 (77)
2386 5454 2615 5529 Editiet
2636 5455 2781 5524 Reg.
2806 5455 3013 5529 tertius
3033 5456 3193 5529 οὕτως
3221 5454 3545 5529 ἀσυμφώνως
3574 5458 3782 5512 incon-

2172 5525 2363 5587 cinne.
2409 5528 2522 5584 Alii
2569 5525 2691 5600 duo
2716 5542 2870 5600 mss.
2903 5526 3068 5597 Regii
3115 5525 3460 5600 ᾁσυμφανῶς,
3494 5530 3776 5600 latenter,

2170 5601 2408 5670 melius,
2464 5604 2529 5656 ut
2582 5598 2728 5683 mihi
2778 5598 3031 5683 videtur.
3076 5597 3403 5672 Aliquanto
3448 5599 3609 5657 intra
3652 5597 3777 5656 duo

2172 5689 2323 5731 mss.
2364 5687 2693 5747 μακαριστός
2731 5689 2787 5723 τε
2823 5688 2988 5745 παρα.
