4110 6384
492 352 597 409 639

1877 342 1936 401 8.
1975 341 2226 398 BASlLll
2263 342 2482 399 IAGNI

3763 355 3887 411 640

564 478 619 530 6.
659 470 847 532 Crede
872 470 1024 528 meis
1054 468 1280 541 verbis,
1321 485 1458 544 quas
1508 486 1581 528 ex
1618 470 1799 528 corde
1836 470 1898 528 in
1940 469 2147 527 fratres

2339 472 2392 525 6.
2439 473 2658 524 Πίστευε
2694 479 2805 533 τοῖς
2837 478 2975 545 ἐμοῖς
3000 470 3168 545 λόγοις
3208 471 3264 526 ἐκ
3294 470 3610 548 φιλαδελφου
3638 474 3887 552 καρδίας

488 562 790 621 benevolo
814 560 1138 635 prodeunt.
1173 559 1410 617 Accede
1440 559 1518 617 ad
1553 576 1732 618 senes
1755 560 1863 634 qui
1913 558 2153 615 facilem

491 653 573 714 ad
592 668 658 710 se
678 651 913 710 aditum
932 666 1058 708 non
1083 649 1388 723 praebent:
1416 649 1525 723 qui
1543 649 2006 723 proverbiorum
2024 647 2157 721 qui-

491 744 634 800 dem
665 740 976 799 sententiis
1003 740 1262 811 juvenes
1308 739 1388 797 ad
1415 739 1700 797 virtutem
1745 739 2153 806 cohortantur,

490 848 605 890 nec
631 836 836 888 tamen
866 829 1041 886 facile
1063 828 1331 886 laedunt:
1363 830 1543 886 Omni
1559 829 1831 886 custodia
1858 844 2034 887 serva
2054 844 2157 885 cor

490 928 663 980 tuum
686 922 755 976 ⁸ο.
780 919 1009 977 Etenim
1031 919 1119 977 uti
1140 934 1358 976 aurum
1379 918 1789 978 indesinenter
1814 919 1921 977 diu
1948 922 2155 977 noctu-

491 1026 612 1086 que
632 1008 1310 1076 observaturafuribus,
1328 1013 1509 1082 atque
1528 1013 1744 1083 praeter
1762 1008 2155 1083 exspectatio-

492 1118 637 1160 nem
662 1106 720 1160 et
749 1106 806 1158 te
836 1101 1029 1159 inscio
1059 1099 1424 1173 subripitur;
1458 1113 1602 1159 cave
1635 1117 1711 1158 ne
1742 1105 1799 1158 te
1844 1100 2024 1175 primi
2051 1116 2155 1174 pa-

490 1192 679 1251 rentis
694 1194 946 1265 peccato
963 1190 1283 1248 seductum
1297 1190 1360 1247 in
1378 1205 1644 1247 errorem
1659 1190 1933 1263 impellat
1945 1190 2023 1247 ad
2033 1206 2155 1246 ver-

492 1283 710 1352 sarius,
740 1287 925 1355 teque
955 1280 1072 1338 cito
1102 1296 1177 1337 ex
1206 1279 1532 1353 voluptatis
1560 1280 1847 1354 paradiso
1871 1279 2152 1352 expellat.

493 1371 606 1438 Qui
627 1371 789 1429 enim
818 1370 1123 1427 Adamum
1145 1385 1255 1443 per
1283 1386 1435 1426 escas
1456 1369 1681 1427 furtum
1702 1371 1826 1426 vita
1847 1369 2150 1443 spoliavit,

493 1465 966 1534 speraveratque
996 1460 1145 1527 fore,
1183 1465 1249 1517 ut
1272 1462 1479 1517 Jesum
1504 1459 1945 1533 supplantaret,
1966 1460 2018 1516 is
2046 1459 2154 1517 tibi

489 1566 738 1624 quoque
761 1549 955 1608 multo
984 1549 1181 1620 magis
1209 1548 1372 1607 hanc
1402 1549 1664 1623 primam
1691 1549 1994 1607 malorum
2015 1565 2155 1606 cau-

489 1657 623 1698 sam
652 1641 977 1715 propinare
1008 1656 1132 1699 non
1161 1640 1487 1707 verebitur,
1513 1655 1815 1697 venenum
1845 1639 2060 1698 efﬁcax
2088 1640 2154 1697 id

487 1745 623 1789 esse
652 1746 778 1789 non
815 1730 1079 1787 nescius.
1106 1733 1256 1787 Nam
1287 1730 1446 1801 gula:
1489 1730 1701 1787 vitium
1729 1746 1854 1788 non
1897 1730 1959 1787 in
1989 1746 2154 1787 esca-

487 1837 625 1879 rum
656 1822 854 1895 copia,
887 1822 1068 1893 208
1095 1820 1204 1878 sed
1231 1820 1295 1878 in
1326 1821 1696 1893 appetitione
1722 1826 1781 1878 et
1817 1820 1880 1878 in
1909 1821 2151 1878 modico

487 1916 756 1982 gustatu,
789 1911 914 1968 vim
941 1927 1121 1967 suam
1150 1926 1425 1968 exserere
1473 1911 1644 1968 solet.
1678 1913 1834 1981 Ergo
1874 1911 1923 1967 si
1951 1910 2152 1968 brevis

488 2001 748 2072 alicujus
779 2005 1054 2071 gustatus
1082 2001 1371 2074 appetitio
1410 2001 1603 2074 potuit
1655 1999 1951 2071 subjicere
1980 2004 2037 2057 te
2065 2000 2152 2057 in-

486 2090 709 2161 gluviei
733 2091 896 2162 vitio,
931 2091 1040 2148 tibi
1084 2090 1250 2149 nullo
1288 2090 1533 2162 negotio
1567 2091 1872 2149 interitum
1920 2091 2146 2148 afferet.

489 2179 1023 2247 Quemadmodum
1048 2180 1213 2238 enim
1251 2196 1431 2253 aquae
1480 2181 1788 2251 scaturigo
1817 2180 1879 2237 in
1925 2181 2151 2238 multos

485 2269 704 2326 ductus
747 2270 945 2328 divisa
989 2271 1151 2341 facit,
1181 2275 1247 2327 ut
1273 2270 1473 2327 omnis
1509 2270 1681 2328 locus
1727 2271 1819 2328 his
1867 2270 2149 2328 ductibus

483 2359 931 2431 circumjecens
960 2360 1259 2418 virescat:
1289 2361 1375 2418 ita
1403 2365 1461 2418 et
1492 2360 1646 2432 gula:
1674 2361 1886 2418 vitium
1918 2361 1970 2417 si
2001 2376 2066 2418 se
2086 2361 2149 2417 in

485 2469 591 2511 cor
620 2457 796 2510 tuum
840 2452 1141 2523 effuderit,
1180 2453 1382 2526 ipsum
1430 2452 1691 2523 irrigatis
1718 2454 2005 2510 omnibus
2032 2454 2151 2509 tuis

487 2542 799 2613 sensibus,
824 2542 930 2616 qui
958 2548 1101 2600 sunt
1128 2543 1415 2616 nequitiae
1445 2542 1626 2616 quasi
1651 2542 1801 2600 silva
1827 2543 1890 2600 in
1920 2547 1976 2600 te
2004 2558 2150 2600 con-

487 2635 623 2705 sita,
647 2634 921 2691 animam
948 2637 1118 2690 tuam
1152 2634 1414 2691 ferarum
1460 2633 1880 2691 habitaculum
1910 2634 2146 2693 efﬁciet.

482 2727 606 2796 Ego
633 2724 795 2781 enim
838 2723 966 2780 vidi
997 2723 1240 2791 multos,
1272 2725 1379 2798 qui
1407 2723 1568 2781 vitiis
1597 2725 1929 2798 mancipati
1957 2723 2150 2782 redie-

482 2819 628 2871 runt
652 2813 731 2870 ad
756 2813 1117 2871 sanitatem:
1147 2813 1255 2870 sed
1277 2830 1351 2871 ex
1381 2814 1668 2870 omnibus
1697 2830 1774 2871 ne
1794 2829 1987 2871 unum
2012 2814 2147 2888 qui-

481 2903 646 2966 dem,
679 2902 787 2976 qui
814 2902 1050 2960 occulte
1100 2903 1523 2970 manducaret,
1562 2909 1668 2961 aut
1691 2904 1946 2975 gulosus
1968 2907 2146 2975 esset,

482 2991 881 3050 emendatum
900 2991 1050 3061 vidi;
1078 2992 1204 3050 imo
1224 3008 1370 3049 vero
1389 2996 1496 3050 aut
1520 2993 1657 3050 vitae
1680 2993 2043 3051 continentis
2060 2993 2150 3050 in-

482 3083 760 3141 stitutum
787 3082 1093 3152 deserunt,
1113 3083 1375 3157 atquein
1397 3084 1631 3140 mundo
1651 3088 2145 3158 corrumpuntur,

480 3176 589 3232 aut
633 3172 789 3229 inter
831 3172 1209 3230 continentes
1242 3173 1532 3230 occultari
1569 3178 1888 3246 conantur,
1931 3177 1990 3231 et
2014 3173 2147 3231 dia-

479 3260 606 3319 boli
633 3260 789 3319 ﬁunt
813 3260 1258 3318 commilitones
1300 3278 1410 3335 per
1452 3261 1855 3335 voluptatem.
1893 3263 1962 3320 Hi
1984 3263 2149 3321 enim

481 3349 811 3408 mendaces
831 3354 993 3418 sunt,
1013 3350 1216 3407 multis
1226 3351 1248 3422 j
1260 3352 1591 3409 uramentis
1613 3351 1885 3421 obnoxii,
1899 3353 2147 3426 perjuri,

482 3440 866 3509 contentiosi,
889 3440 969 3497 ad
991 3440 1400 3498 referiendum
1420 3442 1637 3515 parati,
1665 3442 1942 3513 clamosi,
1965 3447 2024 3499 et
2043 3443 2150 3516 qui

480 3535 706 3602 negent
736 3547 802 3587 se
846 3530 1208 3599 comedisse,
1240 3532 1586 3604 illiberales,
1623 3532 1859 3601 molles,
1886 3533 2146 3606 queruli,

480 3624 867 3691 scrutatores,
899 3626 960 3678 et
1006 3622 1112 3694 qui
1157 3622 1422 3679 tenebris
1466 3622 1798 3693 gaudeant,
1845 3639 2149 3697 omneque

477 3711 616 3768 vitae
660 3710 775 3784 pim
819 3727 892 3768 ac
932 3716 1158 3768 sancte
1195 3712 1543 3769 institutum
1581 3711 1739 3769 ultro
1767 3717 2145 3786 oppugnent.

476 3800 733 3869 Etenim,
756 3807 824 3858 ut
849 3801 1007 3872 gula:
1035 3802 1251 3858 vitium
1277 3806 1626 3873 contegant,
1650 3803 1713 3859 in
1732 3802 2041 3860 malorum
2060 3806 2150 3862 in-

477 3890 687 3948 cidunt
730 3890 1224 3948 multitudinem:
1270 3892 1378 3965 qui
1426 3893 1677 3966 quidem
1725 3893 1924 3966 specie
1971 3900 2147 3950 tenus

475 3980 630 4037 inter
651 3980 894 4048 electos,
920 3984 982 4036 at
999 3982 1203 4053 reipsa
1226 3981 1378 4037 inter
1401 3982 1702 4055 reprobos
1722 3990 2143 4041 numerantur.

546 4076 603 4127 7.
646 4069 952 4141 lngluvies
980 4071 1157 4127 morti
1187 4071 1796 4141 tradidit.Adamum,
1828 4078 2010 4145 atque
2039 4089 2149 4148 per

474 4159 703 4215 ventris
731 4159 1106 4233 voluptatem
1144 4160 1380 4217 mundo
1411 4162 1661 4218 exitium
1704 4162 1981 4220 intulit“.
2009 4164 2148 4221 irri-

476 4248 653 4306 detur
698 4252 843 4314 Noe,
867 4250 1056 4307 Cham
1087 4250 1339 4307 devotus
1378 4256 1473 4308 est
1488 4253 1556 4323 υ,
1586 4253 1972 4325 primogeniti
2004 4255 2147 4325 jura

478 4336 696 4395 amittit
738 4341 894 4395 Esau
909 4341 979 4409 ⁸³,
1022 4350 1206 4413 atque
1234 4355 1374 4397 cum
1405 4341 1765 4398 Cbananteis
1787 4343 2146 4401 afﬁnitatem

475 4428 859 4486 contrahit“.
909 4432 1014 4487 Lot
1063 4430 1326 4487 ﬁliarum
1381 4431 1635 4488 maritus
1688 4433 1757 4490 ﬁt
1776 4435 1847 4501 ⁸⁸,
1893 4434 2021 4507 ipse
2052 4434 2145 4492 sui

2265 565 2685 635 προφερομένοις.
2730 566 3036 637 Πρόοτρεχε
3074 566 3290 638 γέρουσι
3320 562 3401 635 (3)
3446 561 3883 639 δυσεντεύκτοις,

2267 651 2450 713 οῖτινες
2506 650 2676 723 λόγοις
2729 653 2820 725 μὶν
2870 660 3167 727 παροιμιῶν
3225 650 3494 727 ἀλείφουσι
3547 659 3670 719 τοὺς
3724 661 3882 722 νίους

2264 744 2392 816 πρὸς
2427 744 2521 804 τὰς
2572 741 2837 815 ἐναρέτους
2877 741 3108 817 πράξεις,
3150 741 3453 816 βλάπτουσι
3497 741 3557 799 δὶ
3599 754 3877 822 προσώπῳ

2264 828 2532 905 οὐδαμῶς.
2583 834 2735 905 Πάσῃ
2787 831 2987 905 φυλακῇ
3039 837 3181 907 τήρει
3227 838 3324 892 σὴν
3371 831 3620 908 καρδίαν.
3663 836 3875 914 Ὥσπερ

2262 924 2365 996 γὰρ
2412 926 2622 998 χρυσὸς
2657 930 3071 977 κατασκοπεῖται
3243 921 3590 988 ἀδιαλείπτως
3633 929 3731 982 ὑπὸ
3760 936 3871 981 τῶν

2263 1012 2493 1066 κλεπτῶν
2525 1012 2573 1066 ἐν
2602 1017 2751 1067 νυκτὶ
2790 1017 2881 1067 καὶ
2928 1012 2977 1066 ἐν
3008 1015 3196 1088 ἡμέρᾳ,
3230 1013 3524 1088 ἀρπάζεται
3566 1012 3629 1071 δε
3671 1015 3874 1093 ἀπροσ-

2265 1101 2524 1170 δοκήτως,
2574 1108 2664 1157 καὶ
2714 1103 2774 1157 οὐ
2815 1108 3129 1176 γινώσκεις·
3176 1105 3277 1180 ὅρα
3312 1110 3383 1178 μή
3443 1124 3501 1160 σε
3545 1105 3791 1182 πλανήσῃ
3843 1110 3876 1163 ὁ

2266 1194 2459 1269 ἐχθρὸς
2495 1202 2558 1267 τῇ
2592 1201 2683 1246 τοῦ
2714 1197 3041 1270 προπάτορος
3088 1193 3342 1271 ἁμαρτίᾳ,
3372 1199 3464 1249 καὶ
3499 1199 3558 1249 τὸ
3598 1197 3770 1271 τάχος
3812 1216 3878 1252 σε

2266 1283 2454 1357 ἐκϐάλῃ
2508 1291 2602 1337 τοῦ
2668 1280 2998 1358 παραδείσου
3061 1292 3155 1345 τῆς
3216 1293 3431 1359 τρυφῆς.
3486 1292 3545 1338 '0
3607 1290 3711 1362 γὰρ
3776 1292 3877 1342 τὸν

2266 1370 2441 1447 ’Δδὰμ
2484 1380 2547 1448 τῇ
2589 1382 2685 1435 τῆς
2735 1373 2986 1450 βρώσεως
3031 1372 3196 1448 κλοπῇ
3247 1374 3533 1448 ὑφελκύσας
3573 1383 3665 1439 τῆς
3704 1377 3876 1450 ζωῆς,

2263 1461 2647 1539 προσδοκήσας
2697 1484 2752 1517 τε
2806 1470 2897 1518 καὶ
2936 1465 3014 1535 (4)
3068 1463 3272 1523 Ἰησοῦν
3330 1465 3712 1536 ὑποσκελίζειν,
3772 1468 3875 1521 οὐκ

2264 1554 2647 1630 ἐντραπὴσεται
2689 1554 2859 1628 πολλῷ
2901 1554 3091 1629 μᾶλλον
3129 1560 3219 1608 καὶ
3261 1560 3345 1609 σοὶ
3388 1558 3613 1632 κεράσαι
3640 1561 3700 1610 τὸ
3728 1566 3876 1634 πρῶ.

2262 1664 2348 1698 τον
2402 1648 2568 1698 αἰτιον
2622 1653 2723 1699 τῶν
2780 1652 2988 1713 κακῶν,
3048 1645 3273 1720 ἰσχυρὸν
3333 1642 3656 1720 δηλητήριον
3714 1655 3873 1702 τοῦτο

2260 1740 2552 1806 γινώσκων.
2584 1737 2655 1790 Τὸ
2701 1736 2804 1809 γὰρ
2857 1743 2949 1796 τῆς
2993 1739 3417 1811 γαστριμαργίας
3463 1738 3626 1797 πάθος
3673 1736 3767 1789 οὐκ
3818 1737 3871 1791 ἐν

2193 1834 2233 1891 Β
2260 1823 2448 1883 πληθει
2493 1822 2786 1897 βρωμάτων
2833 1829 2929 1883 την
2975 1821 3118 1877 ἰδίαν
3160 1824 3321 1897 ἰσχὺν
3354 1821 3746 1878 ἐπιδείκνυσθαι
3772 1830 3870 1879 πί.

2264 1934 2438 1986 φνκεν,
2486 1912 2592 1965 ἀλλ’
2646 1913 2695 1968 ἐν
2753 1914 3005 1987 ἐπιθυμίᾳ
3054 1919 3145 1967 καὶ
3196 1920 3362 1988 μικρᾷ
3409 1917 3588 1987 γεύσει
3640 1916 3743 1985 (5).
3803 1916 3868 1970 Εἰ

2261 2007 2435 2055 τοίνυν
2481 2001 2734 2076 ἐπιθυμία
2782 2001 3041 2077 βραχείας
3092 2005 3231 2065 τινὸς
3276 2004 3507 2075 γεύσεως
3557 2003 3776 2075 ἰσχύσει
3808 2023 3871 2061 σε

2260 2091 2564 2146 ὑποϐάλλειν
2614 2100 2685 2163 τῷ
2733 2100 2829 2154 τῆς
2882 2097 3309 2167 γαστριμαργίας
3358 2095 3535 2163 πάθει,
3578 2093 3868 2169 ἀκαμάτοις

2263 2200 2321 2235 σε
2359 2190 2431 2252 τῷ
2476 2183 2678 2253 θανάτῳ
2728 2179 3057 2258 παραδώσει.
3090 2180 3292 2258 Ὠσπερ
3335 2184 3437 2258 γὰρ
3486 2184 3640 2256 φύσις
3677 2202 3755 2245 τις
3784 2184 3868 2256 (ϐ)

2260 2267 2456 2334 ὕδατος
2517 2270 2725 2333 πολλοῖς
2778 2270 2948 2335 ὁλκοῖς
3006 2268 3488 2346 προσδιαιρουμένη
3554 2275 3725 2327 πάντα
3772 2277 3867 2327 τὸν

2258 2365 2379 2436 περὶ
2423 2364 2542 2422 τοὺς
2590 2360 2768 2422 ὁλκοὺς
2810 2365 2967 2414 τόπον
3011 2360 3211 2414 θάλλειν
3260 2363 3654 2436 παρασκευάζει
3676 2383 3691 2398 ο
3724 2363 3866 2416 οὕτω

2259 2455 2350 2503 καὶ
2387 2454 2447 2504 τὸ
2496 2459 2559 2509 τῆ
2571 2471 2591 2513 ς
2636 2457 3069 2528 γαστριμαργίας
3096 2453 3277 2525 πάθος,
3311 2451 3355 2506 εἰ
3399 2448 3631 2526 ἁναδοθῇ
3670 2471 3766 2507 σου
3795 2461 3862 2527 τῇ

2259 2538 2479 2616 καρδίᾳ,
2516 2544 2688 2602 πάσας
2736 2561 2831 2595 σου
2872 2543 2963 2603 τὰς
3006 2541 3283 2603 αἰσθήσεις
3328 2542 3567 2611 ποτίζον,
3600 2543 3726 2602 ὓλην
3772 2563 3867 2598 xw

2259 2635 2376 2694 κίας
2423 2631 2471 2684 ἐν
2512 2636 2597 2685 σοὶ
2639 2639 3057 2705 καταφυτεῦσαν,
3095 2633 3288 2706 θηρίων
3322 2636 3727 2707 κατοικητήριον
3770 2639 3866 2693 τὴν

2261 2727 2359 2782 σὴν
2384 2722 2572 2796 ψυχὴν
2602 2728 2952 2781 καταστήσει.
2978 2720 3199 2783 Πολλοὺς
3244 2718 3348 2798 γ’ὰρ
3378 2723 3481 2796 ἐγὼ
3510 2725 3701 2778 πάθεσι
3737 2742 3867 2799 κραο

2258 2814 2505 2875 τηθίντας
2552 2809 2690 2867 εἶδον
2738 2813 2787 2866 ἐν
2834 2814 2987 2886 ὑγεία
3036 2816 3357 2886 γινομένους,
3390 2815 3478 2866 ἕνα
3526 2809 3593 2867 δε
3630 2813 3683 2867 ἐκ
3732 2816 3862 2867 πάν·

2257 2923 2358 2958 των
2408 2903 2757 2977 λαθροφάγον,
2789 2905 2819 2963 ἢ
2874 2909 3272 2979 γαστρίμαργον
3318 2903 3413 2956 οὐκ
3451 2900 3611 2973 εἶδον,
3662 2901 3769 2956 ἀλλ’
3820 2903 3852 2963 ἣ

2259 2992 2644 3069 ἀπορραγέντας
2693 3000 2785 3047 τοῦ
2847 2994 3132 3069 ἐγκρατοῦς
3190 2992 3353 3067 βίον,
3411 2998 3503 3047 καί
3556 3000 3631 3065 τῷ
3677 2997 3861 3067 κόσμῳ

2260 3080 2681 3160 διαφθαρέντας,
2739 3083 2770 3142 ἦ
2835 3091 2948 3146 τοῖς
3012 3084 3317 3159 ἐγκρατέσιν
3383 3083 3865 3157 ἐναποκρύπτεσθαι

2188 3195 2228 3251 c
2258 3178 2624 3250 πειρωμένους,
2657 3178 2748 3226 καὶ
2794 3181 2867 3246 τῷ
2909 3169 2943 3226 δ
2948 3172 3138 3245 ιαϐόλῳ
3175 3182 3239 3247 τῇ
3273 3168 3572 3245 ἡδυπαθείᾳ
3602 3190 3862 3226 συνασπι-

2260 3266 2527 3337 ζομένους.
2578 3270 2811 3318 Ψεῦσται
2861 3265 2961 3340 γάρ
2996 3263 3148 3331 ,εἰσιν
3202 3263 3347 3319 οὗτοι
3394 3260 3696 3338 πολύορκοι,
3752 3262 3863 3315 ἐπί-

2258 3373 2424 3429 ορκοι,
2486 3352 2812 3422 ἁντιστάται,
2840 3352 3188 3413 ἀντιπλῆκται
3216 3354 3317 3425 (7),
3373 3350 3718 3428 ἀνακράκται,
3771 3349 3865 3426 ἄρα

2258 3448 2544 3516 νησίφαγοι
2566 3483 2581 3510 ,
2631 3441 2949 3518 ἀνελεύθεροι
2970 3485 2989 3515 ,
3044 3440 3379 3517 ἁϐροδίαιτοι
3405 3484 3420 3511 ,
3475 3441 3821 3518 μεμψίμοιροι
3841 3480 3856 3507 ,

2260 3533 2551 3607 ἐρευνηταί,
2610 3541 3049 3609 σκοτεινοχαρεῖς,
3105 3536 3280 3596 πάσης
3338 3543 3435 3596 τῆς
3488 3533 3725 3607 ἐναρέτου
3774 3550 3864 3587 πο-

2255 3623 2447 3685 λιτείας
2497 3622 2810 3698 ἀντιργάται
2864 3624 3114 3680 ἑκούσιοι.
3145 3623 3257 3679 Ἵνα
3295 3626 3398 3698 γὰρ
3434 3627 3494 3677 τὸ
3523 3631 3617 3685 τῆς
3644 3642 3862 3700 γαστρι-

2256 3718 2489 3789 μαργίας
2525 3716 2689 3775 πάθος
2739 3716 3067 3784 σκεπάσωσι,
3112 3723 3186 3786 τῷ
3229 3714 3372 3789 ἐσμῷ
3413 3721 3513 3767 τῶν
3559 3721 3731 3767 κακῶν
3769 3732 3860 3766 πε-

2255 3809 2596 3878 ριπίπτουσιν
2623 3825 2635 3838 ·
2688 3805 2874 3866 οἵτινες
2917 3813 2990 3876 τῷ
3038 3807 3129 3879 μιν
3181 3808 3427 3878 σχήματί
3478 3802 3611 3857 εἰσίν
3659 3802 3708 3857 ἐν
3751 3808 3861 3867 τοῖς

2260 3894 2591 3967 σωζομένοις,
2640 3902 2748 3957 τοῖς
2807 3891 2868 3948 δὲ
2922 3897 3231 3969 πράγμασιν
3284 3895 3333 3948 ἐν
3393 3901 3501 3956 τοῖς
3551 3911 3860 3970 καταχαρι-

2256 3987 2424 4056 μένοις
2445 3985 2546 4054 (ε).

2326 4080 2380 4131 ’7.
2425 4075 2567 4134 Αὕτη
2617 4079 2705 4128 τόν
2753 4071 2928 4148 Ἀδὰμ
2977 4076 3180 4148 θανάτῳ
3226 4072 3519 4151 παρέδωκε,
3552 4079 3640 4127 καὶ
3671 4081 3742 4145 τῷ
3768 4078 3859 4128 κό-

2259 4184 2376 4237 σμῳ
2408 4163 2700 4217 συντέλειαν
2733 4164 2964 4237 ἐπήγαγε
2992 4161 3086 4218 διά
3116 4170 3210 4223 τὴν
3257 4173 3349 4226 τῆς
3377 4167 3611 4239 γαστρὸς
3639 4160 3853 4223 ἡδονήν.

2255 4259 2371 4308 Νῶε
2415 4253 2652 4325 γελᾶται,
2702 4257 2827 4328 Χίιμ
2852 4256 2930 4326 (9)
2960 4259 3337 4329 καατήραται,
3376 4253 3545 4307 Ἦσαν
3573 4262 3675 4306 τῶν
3721 4273 3860 4328 πρωο

2256 4347 2504 4396 τοτοκίων
2545 4344 2801 4412 ἐκπίπτει,
2842 4349 2932 4399 καὶ
2980 4352 3085 4406 τοῖς
3129 4348 3440 4407 Χαναναίοις
3491 4342 3859 4419 ἐπιγαμϐρεύε-

2256 4452 2364 4500 ται,
2412 4439 2532 4487 Λὼτ
2579 4436 2976 4510 θυγατρὸγαμος
3020 4439 3237 4507 γίνεται,
3269 4434 3506 4508 γαμϐρός
3534 4433 3721 4487 ἐαυτοῦ
3767 4439 3857 4488 καὶ

473 4518 667 4593 ipsius
716 4535 902 4590 gener
940 4524 999 4577 et
1045 4536 1237 4588 socer,
1282 4525 1455 4593 pater
1502 4521 1610 4591 vir,
1656 4527 1715 4579 et
1768 4539 1921 4580 avus
1972 4528 2144 4598 pater

2256 4526 2535 4598 πενθερός·
2571 4526 2596 4575 ό
2635 4530 2808 4601 πατὴρ
2858 4524 3010 4600 ἀνὴρ,
3043 4529 3133 4579 καὶ
3177 4527 3203 4577 ό
3257 4527 3465 4585 πάππος
3514 4529 3709 4599 πατὴρ,
3744 4524 3855 4579 ἐκα-

472 4607 757 4681 utrinque
801 4613 1035 4665 naturae
1090 4609 1384 4666 terminos
1434 4609 1704 4667 afﬁciens
1753 4612 2138 4670 contumelia.

474 4698 609 4753 Haec
630 4697 813 4754 etiam
835 4696 1114 4754 lsraelem
1131 4696 1372 4772 impulit
1388 4698 1467 4756 ad
1483 4700 1875 4758 adorandum
1895 4702 2143 4760 simula-

545 4805 594 4840 ⁸⁰
634 4807 809 4867 Prov.
850 4821 923 4875 Iv,
965 4808 1057 4864 23.

469 4892 583 4947 nx,
622 4880 710 4933 35.

474 4984 666 5064 Editio
696 4984 881 5044 Paris.
915 4990 973 5043 et
1007 4986 1188 5043 editio
1218 4989 1364 5044 Ven.
1394 4987 1459 5044 in
1497 4988 1774 5058 margine
1802 4989 1962 5063 πολλῇ
1992 5009 2046 5043 τε
2073 4998 2135 5064 τῇ

469 5061 627 5131 πείρᾳ
653 5065 753 5110 τῶν
777 5064 1121 5133 πεπτωκότων
1152 5068 1387 5132 προφανῆ
1429 5079 1514 5113 σοι
1538 5069 1707 5113 ταῦτα
1747 5061 2133 5133 φαινέσθωσαν,

471 5133 530 5184 et
554 5143 678 5205 per:
697 5131 955 5205 multam
978 5131 1415 5205 experientiam
1435 5147 1641 5188 eorum
1664 5131 1769 5205 qui
1796 5134 1958 5203 lapsi
1973 5141 2137 5204 sunt,

468 5201 802 5270 manifesta
830 5203 987 5271 ﬂant
1015 5204 1224 5259 ist/imo
1255 5203 1391 5259 (ibi.

546 5272 626 5339 (3)
663 5273 906 5351 Antiqui
935 5274 1060 5331 duo
1095 5274 1232 5351 libri
1274 5271 1504 5351 καρδίας
1531 5278 1988 5351 προσφερομένοις.
2022 5276 2138 5333 lbi-

472 5341 614 5470 dam
643 5349 787 5471 gres
819 5341 994 5401 —mss.
1051 5341 1354 5421 πρόστρεχέ
1400 5341 1637 5422 γέρουσι.
1681 5341 1843 5404 Ἐὶίὶὶί
1881 5353 2135 5423 πρόσεχε,

472 5428 511 5471 α
566 5430 639 5470 θη
687 5431 738 5471 8.

472 5428 738 5472 attende.

543 5488 618 5557 (4)
661 5487 815 5543 Editi
846 5493 901 5544 et
928 5491 1079 5566 R_eg.
1114 5490 1327 5545 tertius
1363 5486 1746 5566 προσδοκήσας
1791 5510 1846 5544 τε
1887 5496 1997 5547 καί.
2030 5492 2140 5549 Alii

472 5558 596 5612 duo
627 5574 773 5615 mss.
794 5557 1194 5633 προσδοκήσας
1217 5580 1273 5615 τε
1302 5557 1412 5617 καίξ

541 5632 621 5709 (5)
663 5631 1105 5709 Βοείῖριξὶωιη
1134 5640 1211 5709 et_
1237 5634 1443 5709 tertius
1626 5634 1675 5687 ἐν
1715 5634 1971 5709 ἐπιθυμία
1999 5634 2140 5709 βρα-

472 5705 625 5772 χείας
670 5707 809 5767 τινός
853 5706 1101 5777 γεύσεως.
1151 5705 1214 5763 Εἰ
1269 5707 1374 5779 γὰρ
1425 5724 1485 5761 σε
1535 5706 1755 5780 ἰσχύσει
1806 5705 2139 5775 καταξαλιῐν,

1136 4807 1181 4844 ⁸¹
1226 4807 1371 4865 Gen.
1410 4823 1491 4877 ιιι,
1534 4811 1587 4865 6.

1666 4811 1713 4845 ⁸²
1755 4810 1906 4870 Gen.
1954 4826 2029 4883 ix,
2071 4816 2161 4881 2i,

2255 4615 2472 4689 τέρωθεν
2525 4616 2642 4675 τους
2689 4615 2838 4688 ὄρους
2870 4622 2966 4677 τῆς
3013 4616 3211 4687 φύσεως
3257 4612 3554 4687 ἐνυϐρίζων.
3590 4614 3731 4671 Αὕτη
3762 4618 3851 4669 καὶ

2253 4708 2341 4758 τὸν
2390 4704 2605 4780 Ἰσραὴλ
2652 4700 2869 4757 εἰδώλου
2919 4709 3288 4779 προσκυνητην
3343 4704 3557 4762 ἐποίησε
3586 4704 3715 4776 (10),
3766 4709 3852 4758 καὶ

2201 4816 2293 4871 23.
2371 4813 2419 4849 ⁸³
2460 4814 2604 4869 Gen.
2644 4827 2776 4887 xxv,
2809 4814 2905 4870 33.
2990 4814 3037 4848 “
3076 4815 3217 4872 Gen.
3258 4827 3448 4883 xxxvx,
3486 4815 3542 4869 2.
3621 4812 3667 4849 ⁸⁵
3710 4813 3850 4873 Gen.

2248 4992 2351 5075 sed
2379 4992 2668 5078 in.br‘evis
2694 4993 3009 5066 cujusdam
3038 4995 3276 5064 saporis
3303 4993 3690 5064 appetitione.
3717 4992 3850 5049 Ete-

2246 5068 2660 5219 mz’tijs‘io‘:;;
2682 5153 2755 5219 ex
2778 5136 3045 5219 antiquis
3064 5135 3309 5219 duobus
3321 5135 3503 5219 libris
3518 5136 3847 5219 addita_est.

2286 5211 2401 5297 ‘(_7)
2440 5208 2632 5266 Editio
2653 5214 2910 5283 utraque
2928 5208 3298 5268 ἆντίπληκται.
3321 5212 3465 5281 Reg.
3487 5209 3697 5266 tertius
3717 5208 3851 5265 ἀντι·-

2246 5293 2497 5335 unum.

2320 5300 2402 5438 (8)
2436 5351 2680 5425 Antiqui
2728 5351 2853 5409 duo
2894 5352 3031 5411 libri
3074 5361 3185 5418 τοῖς
3210 5350 3270 5409 δὲ
3311 5355 3590 5428 πράγμασι
3627 5371 3847 5406 κατακε-

2246 5443 2702 5572 κρῗδῖπῦὶιῖᾶῳιο
2733 5494 2916 5572 editio
2946 5502 3004 5554 et
3031 5500 3173 5572 Reg.
3203 5498 3410 5556 tertius
3440 5502 3530 5552 καὶ
3568 5499 3715 5572 Χάμ.
3746 5498 3847 5553 Vo-

2249 5566 2387 5623 cula
2415 5572 2505 5619 καί
2534 5566 2872 5624 ἱῑίάιιοὺυε
2904 5586 3055 5625 mss.
3081 5566 3271 5626 deest.

2319 5639 2433 5721 (l0)
2472 5640 2899 5721 Regaprimus
2946 5646 3316 5721 προσκυνητην
3360 5647 3660 5715 πςποὶηται.
3695 5644 3836 5719 Reg.

2246 5714 2455 5775 tertius
2492 5714 2761 5778 πεποίηκς,
