4110 6386
462 289 565 346 643

1833 290 1889 344 S.
1936 282 2183 342 BASILH
2222 282 2444 340 MAGNI

3731 288 3838 342 644

465 413 745 470 animum
796 415 967 468 tuum
1024 410 1393 467 introducas.
1450 413 1674 470 Utiliter
1718 412 1873 475 vide,
1908 410 2118 467 utiliter

2241 405 2517 479 χρειωδὼς
2566 411 2741 476 ἄκουε,
2789 404 3061 484 χρειωὸὢς
3103 407 3262 475 λα’λει,
3302 406 3579 482 χρειιιιδῶς
3619 408 3840 484 ἀποκριο

460 503 625 566 audi,
654 501 881 558 utiliter
939 501 1208 573 loquere,
1252 501 1472 558 utiliter
1526 503 1848 575 responde.
1907 502 2123 556 Coram

459 596 610 649 natu
635 592 869 663 majore
900 589 1108 646 sedere
1157 605 1233 645 ne
1257 598 1480 648 temere
1508 592 1757 648 audeas.
1792 590 1961 655 Quod
1984 590 2030 644 si
2060 589 2121 645 id

458 681 660 739 facere
685 680 986 752 jubearis,
1021 680 1300 736 eamdem
1334 686 1516 754 atque
1544 681 1640 737 ille
1674 682 1879 738 sedem
1924 692 2120 751 neque

461 787 748 846 occupes,
762 771 868 826 sed
892 770 1011 826 huc
1031 775 1213 843 atque
1232 770 1369 827 illuc
1384 771 1894 844 circumspiciens,
1908 768 2119 825 sellam

462 860 816 918 inferiorem
845 860 1117 917 invenire
1135 861 1394 925 coneris,
1422 865 1486 917 ut
1514 866 1567 917 te
1598 866 1751 917 Deus
1775 860 1856 917 ob
1885 858 2119 916 humili-

460 956 645 1009 tatem
668 950 861 1023 gloria
887 949 1546 1021 afﬁciatlnterrogatus
1559 950 1860 1024 responde
1886 947 2121 1006 decenti

460 1058 533 1099 ac
562 1042 779 1098 humili
808 1056 993 1097 voce:
1029 1042 1078 1096 si
1125 1054 1247 1097 non
1306 1041 1718 1112 interrogaris,
1766 1046 1913 1097 tace.
1964 1041 2119 1095 Dum

462 1131 615 1189 alius
648 1132 1073 1202 interrogatur,
1106 1130 1323 1186 cohibe
1360 1147 1429 1186 os
1451 1135 1641 1198 tuum,
1676 1146 1751 1186 ne
1780 1130 1989 1201 lingua
2016 1132 2121 1184 tua

461 1236 810 1284 excurrens,
831 1226 886 1277 et
915 1236 950 1276 a
972 1219 1215 1292 procaci
1241 1219 1423 1276 corde
1448 1220 1737 1292 impulsa,
1764 1218 2120 1293 quempiam

459 1310 649 1369 vitam
680 1309 1003 1367 asceticam
1027 1312 1309 1365 accurate
1329 1308 1705 1366 excolentem
1731 1308 2023 1376 offendat,
2041 1311 2122 1363 te-

460 1416 581 1474 que
601 1400 661 1456 in
685 1399 1005 1456 criminum
1027 1398 1272 1454 vincula
1297 1399 1597 1470 conjiciat.
1623 1399 1772 1456 Cum
1804 1404 2005 1456 autem
2028 1415 2120 1455 se-

460 1490 590 1557 des,
646 1502 772 1545 non
831 1502 1209 1561 superponas
1275 1488 1446 1544 alteri
1499 1490 1656 1545 cruri
1697 1489 1952 1547 alterum
1981 1508 2118 1550 crus

459 1584 669 1637 tuum:
696 1578 1003 1652 siquidem
1025 1578 1184 1634 istud
1208 1578 1426 1648 facere,
1450 1579 1638 1635 animi
1658 1594 1879 1652 parum
1910 1584 2121 1640 attenti

459 1674 639 1743 atque
663 1668 834 1726 aliud
860 1669 1096 1739 agentis
1117 1668 1406 1725 indicium
1431 1674 1541 1728 est.
1564 1670 1622 1725 Si
1654 1686 1995 1729 sermonem
2017 1674 2122 1731 ha-

2233 516 2341 553 νου,
2382 498 2497 551 Ἐπὶ
2535 501 2737 571 μείζονί
2788 518 2882 551 σου
2934 502 3003 572 μὴ
3032 501 3357 574 προπετεύση
3402 500 3646 555 καθίσαι.
3676 500 3737 552 Εἰ
3776 497 3840 553 όἼι

2233 592 2323 641 καὶ
2377 597 2701 661 προτραπῇς,
2752 594 2824 662 μὴ
2878 594 3027 661 γίνου
3079 585 3461 663 συγκάθεδρος,
3514 587 3643 641 ἀλλὰ
3693 608 3838 665 περι.

2232 676 2545 750 ϐλεψοὲμενος
2596 674 2700 731 ὧδε
2751 677 2981 747 κάκεῖσε,
3036 685 3265 731 σπεῦσον
3321 680 3565 751 εὑρέσθαι
3616 678 3838 734 ὑποϐαί-

2230 787 2423 821 νουσαν
2450 767 2734 844 καθέδραν,
2768 771 2850 822 ἵνα
2881 789 2937 822 σε
2963 765 3165 843 δοξάσῃ
3195 771 3220 821 ὁ
3253 771 3386 830 Θεὸς
3410 775 3473 842 τῇ
3500 776 3830 826 ταπεινώσει.

2230 859 2601 934 Ἐρωτώμενος,
2646 860 2929 935 ἀποκρίνου
2970 863 3241 936 πρεπούσῃ
3275 868 3412 934 φωνῇ
3459 863 3553 914 καὶ
3593 868 3832 935 ταπεινῇ·

2228 953 2299 1021 μή
2348 948 2693 1025 ἐρωτώμενος,
2752 952 2992 1022 ἡσυχίαν
3054 952 3167 1022 οἶγε.
3215 948 3422 1025 Ἑτίρου
3480 948 3827 1024 ἐρωτωμένου,

2233 1044 2423 1111 σφίγγε
2471 1044 2528 1093 τὸ
2589 1044 2760 1114 στόμα
2820 1061 2935 1108 σου,
2985 1044 3081 1115 μὴ,
3141 1039 3195 1093 ἐκ
3260 1046 3548 1114 προπετοῦς
3608 1037 3832 1115 καρδίας

2233 1131 2594 1203 συνωθουμένη
2635 1133 2664 1189 ἡ
2714 1131 2934 1201 γλῶσσά
2994 1148 3088 1183 σου
3148 1126 3426 1204 διαδρᾶσα
3484 1129 3653 1204 πλήξῃ
3718 1131 3834 1183 τινὰ

2228 1226 2324 1273 τῶν
2376 1219 2727 1294 ἀκριϐούντων
2782 1225 2875 1280 τὴν
2928 1222 3181 1287 ἄσκησιν,
3213 1225 3306 1274 καὶ
3354 1221 3452 1273 ὑπὸ
3517 1223 3583 1295 τὰ
3658 1218 3836 1294 δεσμά

2230 1318 2331 1362 τῶν
2375 1310 2715 1384 ἐγκληματικὸν
2763 1329 2820 1363 σε
2860 1316 3198 1384 καταστήσῃ.
3231 1310 3583 1385 Καθεζόμενος
3613 1307 3693 1377 δὲ,
3738 1310 3838 1364 οὐκ

2231 1398 2526 1474 ἕπιτρέψεις
2573 1402 2688 1471 (16)
2733 1408 2805 1472 τῷ
2837 1400 2994 1474 ἔτέφῳ
3023 1397 3153 1454 ποδὶ
3179 1403 3238 1453 τὸ
3266 1400 3448 1462 σκέλος
3478 1418 3593 1453 σου·
3629 1399 3836 1476 ἀπροσδ-

2231 1490 2371 1554 εξίας
2414 1493 2515 1567 γὰρ
2558 1497 2731 1560 τοῦτο,
2778 1495 2868 1543 καὶ
2913 1491 3350 1568 μετεωριζομένης
3400 1489 3608 1563 ψυχῆς.
3662 1491 3837 1543 Διαλε-

2229 1584 2445 1654 γόμενος
2498 1588 2570 1653 τῷ
2620 1580 3007 1655 ἐλαχιστοτέρῳ
3063 1594 3180 1647 σου,
3214 1582 3244 1641 ἦ·
3305 1585 3395 1633 καὶ
3430 1580 3756 1656 ἐρωτώμενος
3784 1600 3837 1633 τι

2229 1671 2355 1743 παρ’
2409 1669 2590 1740 αὐτοῦ,
2651 1671 2709 1723 οὐ
2772 1675 3012 1732 ποιήσεις
3068 1671 3315 1745 ῥᾳθύμως
3362 1672 3456 1732 τὰς
3503 1669 3829 1744 ἀποκρίσεις,

457 1758 569 1815 bes
595 1774 738 1816 cum
760 1759 969 1832 aliquo
998 1759 1103 1832 qui
1133 1764 1188 1815 te
1219 1759 1294 1815 sit
1316 1759 1580 1828 inferior,
1610 1762 1920 1819 autetiam
1944 1763 2022 1820 ab
2047 1780 2118 1821 eo

2230 1761 2557 1835 ὑπερφρονῶν
2610 1768 2703 1813 τοῦ
2753 1757 2980 1832 ἀδελφοῦ
3048 1759 3130 1813 ἐπὶ
3181 1759 3328 1834 ὕϐρει
3386 1765 3542 1814 Θεοῦ,
3603 1758 3663 1811 '0
3728 1762 3832 1832 γὰρ

461 1848 693 1922 aliquid
726 1848 1142 1919 interrogaris,
1185 1848 1447 1918 segniter
1471 1849 1966 1924 negligenterque
1996 1868 2119 1909 non

458 1938 885 2011 respondebis,
917 1938 1092 2011 quasi
1139 1938 1384 1995 fratrem
1417 1938 1496 1995 ad
1541 1940 1641 1996 Dei
1690 1943 2121 2000 contumeliam

459 2033 837 2086 contemnas.
876 2029 971 2084 Ait
999 2029 1158 2084 enim
1185 2028 1573 2085 Prcverbium
1600 2047 1614 2086 :
1645 2031 1762 2099 Qui
1787 2032 2121 2102 ignominia

459 2119 658 2189 afﬁcit
705 2132 1059 2189 pauperem,
1086 2120 1295 2176 irritat
1335 2135 1466 2176 eum
1506 2123 1609 2191 qm“
1632 2121 1787 2190 fecit
1820 2122 2015 2192 ipsum
2048 2125 2117 2181 9".

459 2208 668 2265 Sermo
693 2208 771 2264 ad
800 2207 1247 2264 consolandum
1271 2211 1329 2264 et
1349 2208 1427 2265 ad
1459 2210 1911 2268 exhortandum
1943 2216 2123 2286 aptus

460 2301 688 2370 praeest
704 2297 955 2370 reliquis
976 2297 1094 2355 tuis
1115 2297 1341 2366 verbis,
1359 2298 1464 2371 qui
1486 2302 1657 2356 tuam
1681 2299 1741 2356 in
1773 2302 2119 2374 proximam

460 2385 815 2443 cbaritatem
845 2386 1182 2442 conﬁrmet.
1207 2389 1471 2444 Ponatur
1500 2392 1558 2444 et
1585 2389 1846 2457 medius,
1876 2391 1983 2464 qui
2004 2392 2121 2448 dis-

460 2474 671 2531 similis
699 2491 825 2531 non
855 2476 950 2545 sit,
983 2491 1095 2532 nec
1125 2474 1199 2531 sit
1228 2475 1440 2549 dispar
1468 2490 1736 2550 quoque,
1769 2479 1875 2552 qui
1906 2480 1969 2536 in
1998 2480 2119 2538 ﬁne

460 2562 748 2636 colloquii
769 2562 1041 2633 habetur,
1060 2562 1247 2636 idque
1276 2580 1414 2620 cum
1436 2564 1613 2621 hilari
1633 2566 1824 2634 vultu,
1842 2571 1906 2624 ut
1926 2569 1977 2624 ei
2015 2570 2120 2642 qui

458 2655 660 2709 tecum
693 2651 1081 2725 colloquitur,
1098 2652 1363 2709 laetitiam
1395 2653 1719 2727 impertiat.
1736 2656 1800 2712 In
1831 2658 2120 2714 omnibus

457 2757 595 2814 quae
636 2742 927 2815 prreclare
958 2757 995 2798 a
1035 2741 1317 2815 proximo
1358 2748 1465 2800 tuo
1522 2750 1832 2817 geruntur,
1888 2747 2115 2817 laetare,

456 2834 703 2905 Deoque
770 2831 851 2888 da
880 2830 1137 2903 gloriam
1171 2847 1184 2888 :
1244 2833 1743 2907 quandoquidem
1781 2836 1912 2908 ejus
1958 2843 2116 2895 recte

455 2919 617 2979 facta
638 2924 745 2978 tua
766 2926 926 2989 sunt,
941 2920 1097 2977 sicut
1119 2924 1177 2977 et
1207 2925 1312 2978 tua
1336 2921 1514 2978 illius.
1548 2925 1778 2981 Primos
1801 2927 2117 2984 accubitus

458 3014 516 3068 et
545 3010 774 3085 primas
803 3012 980 3069 sedes
1010 3011 1073 3069 in
1102 3012 1531 3082 congressibus
1559 3014 1781 3085 devita,
1812 3016 2119 3076 ultimum-

455 3115 579 3177 que
597 3100 834 3194 ‘locum
865 3106 1115 3194 sectare,
1139 3105 1206 3158 ut
1240 3101 1442 3194 potius
1482 3103 1701 3161 audias
1729 3122 1743 3161 :
1785 3107 1993 3165 Amice
2018 3124 2114 3166 as-
2152 3135 2197 3194 ο

458 3190 644 3249 cende
665 3191 735 3246 ³⁸.
780 3190 1036 3248 Sinistra
1063 3196 1167 3247 tua
1198 3207 1262 3247 se
1291 3191 1355 3248 in
1382 3208 1597 3251 mensa
1619 3209 1743 3252 non
1776 3196 2116 3256 inordinate

458 3282 651 3352 gerat,
680 3295 883 3353 neque
913 3280 1209 3337 adversus
1239 3280 1516 3339 dextram
1556 3283 1670 3340 sibi
1712 3291 1951 3357 arroget
1978 3303 2115 3345 auc-

457 3370 782 3429 toritatem.
804 3371 935 3428 lmo
953 3371 1155 3443 potius
1175 3370 1337 3428 iners
1356 3373 1428 3429 sit
1447 3378 1505 3431 et
1521 3374 1716 3432 otiosa
1739 3394 1751 3429 :
1778 3377 1867 3434 sin
1891 3378 2114 3448 minus,

458 3461 719 3519 dexterae
781 3460 1121 3518 subserviat
1155 3466 1187 3517 ε’
1232 3462 1717 3537 Quotiescunque
1774 3467 1854 3523 ad
1905 3484 2116 3542 preces

458 3550 717 3614 vocaris,
750 3550 1026 3607 succinat
1052 3566 1125 3607 os
1150 3554 1348 3623 tuum,
1378 3553 1670 3627 operique
1698 3555 1904 3614 divino
1936 3560 2117 3632 κιο

457 3638 523 3701 in
565 3644 899 3699 extremam
949 3656 1145 3714 usque
1195 3642 1630 3713 precationem,
1659 3650 1832 3703 ratus
1880 3652 1938 3703 te
1973 3648 2117 3706 inde

456 3745 583 3793 non
607 3731 739 3789 sine
783 3746 1014 3803 magno
1049 3731 1412 3789 detrimento
1449 3748 1852 3793 recessurum.
1885 3739 2115 3796 Etenim

456 3820 506 3881 si
534 3837 675 3881 cum
704 3820 913 3879 cibum
965 3821 1135 3895 capis
1167 3821 1248 3879 ad
1276 3826 1448 3879 tuum
1500 3839 1723 3898 corpus
1776 3831 2117 3887 sustentan-

455 3910 631 3981 dum,
661 3910 837 3969 avelli
864 3911 966 3968 vix
998 3915 1170 3985 potes
1203 3927 1241 3969 a
1263 3928 1499 3983 mensa,
1530 3915 1647 3971 nisi
1672 3916 1840 3988 prius
1866 3919 2001 3976 vitae
2023 3936 2118 3978 ne-

456 4000 731 4059 cessariis
761 3999 940 4073 plene
986 4001 1371 4076 satisfeceris,
1397 4017 1511 4060 nec
1553 4004 1730 4062 facile
1758 4008 2009 4079 quidem
2050 4011 2114 4068 id

2232 1848 2501 1923 ἀτιμάζων
2552 1855 2750 1908 πένητα
2812 1850 3091 1924 παροξύνει
3154 1853 3243 1903 τὸν
3298 1854 3599 1907 ποιήσαντα
3650 1849 3825 1918 αὐτὸν,

2231 1944 2390 2013 φησὶν
2428 1941 2460 1998 ἡ
2518 1945 2801 2014 Παροιμία.
2857 1936 3194 2015 Προπηδοὶτω
3248 1940 3273 1992 ό
3316 1946 3409 2001 τῆς
3459 1938 3833 2015 παρακλήσεως

2228 2029 2377 2102 λόγος
2428 2037 2527 2081 τῶν
2567 2029 2757 2083 λοιπῶν
2808 2048 2903 2083 σου
2950 2029 3221 2105 ῥημάτων,
3250 2037 3425 2104 κυρῶν
3478 2048 3573 2083 σου
3619 2032 3714 2088 την
3740 2037 3833 2083 τοῦ

2229 2119 2453 2178 πλησίον
2507 2118 2733 2191 ἀγάπην.
2785 2120 3023 2173 Τιθέσθω
3095 2122 3185 2171 καὶ
3252 2122 3428 2192 μέσος,
3483 2123 3576 2173 καὶ
3648 2118 3835 2195 πληρέ-

2232 2222 2421 2272 στατος
2468 2216 2565 2272 τῆς
2618 2206 2909 2282 διαλέξεως,
2973 2208 3021 2261 ἓν
3075 2205 3281 2282 φαιδρῷ
3325 2217 3396 2281 τῷ
3428 2214 3719 2283 προσώπῳ,
3753 2210 3835 2262 ἵνα

2231 2296 2339 2371 δῷς
2395 2300 2715 2375 εὐφροσύνην
2761 2307 2833 2369 τῷ
2886 2317 2969 2352 σοι
3020 2295 3389 2371 διαλεγομένῳ.
3421 2296 3500 2351 Ἐν
3528 2302 3682 2352 παντὶ
3712 2316 3835 2351 κατα

2229 2392 2497 2463 ορθὼματι
2539 2396 2635 2442 τοῦ
2681 2389 2904 2448 πλησίον
2938 2407 3037 2441 στυ
3068 2387 3367 2463 εὐφραινου,
3399 2390 3493 2440 καὶ
3525 2384 3718 2451 δόξαζε
3748 2392 3835 2442 τὸν

2229 2484 2378 2533 Θεόνυ
2407 2481 2475 2532 σά
2504 2483 2602 2554 γὰρ
2635 2482 2738 2532 εἰσι
2774 2481 2840 2532 τὰ
2882 2478 3094 2546 ἐκείνου,
3125 2479 3529 2553 κατορθώματα,
3555 2479 3625 2541 ὡς
3648 2483 3737 2531 καὶ
3770 2481 3836 2531 τὰ

2230 2573 2297 2623 σὰ
2346 2569 2558 2624 ἐκείνου.
2611 2572 2712 2631 Τὰς
2763 2567 3148 2644 πρωτοκλισίας
3213 2572 3303 2621 καὶ
3358 2570 3453 2630 τὰς
3531 2570 3835 2643 πρωτοκαθ-

2228 2657 2406 2734 εδρίας
2457 2658 2508 2712 ἐν
2558 2666 2676 2721 ταῖς
2725 2658 3059 2712 συνελεύσεσι
3114 2663 3394 2731 παραιτοῦ
3425 2659 3512 2711 τὸν
3564 2654 3624 2711 δέ
3671 2659 3835 2730 ἴσχα-

2227 2769 2313 2803 τον
2342 2750 2459 2819 (17)
2489 2753 2647 2803 τόπον
2676 2746 2994 2823 μεταδίωκε,
3040 2749 3123 2801 ἵνα
3173 2746 3408 2821 ἀκούσῃς
3451 2747 3663 2820 μᾶλλονο
3692 2748 3826 2815 ᾧᾶε,

2225 2839 2612 2915 προσανάϐηθι·
2671 2839 2786 2893 Ἐπὶ
2831 2840 3098 2913 τραπέζης
3150 2843 3225 2912 μὴ
3283 2836 3570 2891 ἀτακτείτω
3622 2839 3655 2896 ἢ
3703 2842 3825 2912 χείρ

2228 2949 2326 2983 σου
2394 2932 2423 2988 ἡ
2478 2928 2749 3005 ἀριστερὰ,
2805 2926 2949 3002 μηδὲ
3002 2930 3414 2982 καταυθεντείτω
3483 2935 3579 2989 τῆς
3630 2922 3824 2990 δεξιᾶς.

2228 3020 2473 3095 Ἀργείτω
2532 3017 2591 3073 δέ
2637 3019 2849 3093 μᾶλλον·
2907 3019 2951 3073 εἰ
2999 3015 3060 3072 δι
3110 3022 3206 3091 μὴ,
3239 3020 3339 3070 κᾶν
3385 3018 3713 3092 ὑπουργείτω
3763 3022 3827 3089 τῇ

2226 3107 2394 3182 δεξιᾷ.
2478 3109 2561 3161 Ἐν
2628 3112 2777 3183 πάσῃ
2855 3116 3161 3184 προσευχῆς
3220 3128 3315 3160 σου
3361 3105 3683 3182 προσκλήσει
3732 3106 3830 3157 ὑπ-

2224 3206 2424 3273 ηχείτω
2455 3201 2569 3273 (18)
2600 3204 2655 3253 τὸ
2686 3204 2856 3273 στόμα
2883 3218 2999 3267 σου,
3050 3203 3139 3251 καὶ
3168 3201 3361 3271 μέχρις
3398 3195 3633 3268 ἐσχάτης
3659 3212 3829 3268 προσ-

2224 3300 2388 3363 ευχῆς
2438 3293 2699 3366 παράμενε
2771 3297 2844 3360 τῷ
2898 3292 3094 3355 κανόνι,
3146 3286 3371 3360 μεγάλην
3422 3286 3619 3358 ζημίαν
3666 3284 3829 3356 9.7013-

2223 3398 2373 3453 μενος
2401 3384 2495 3439 τὴν
2547 3378 2840 3451 ἀπόλειψιν.
2874 3378 2934 3432 Εἰ
2971 3380 3073 3451 γὰρ
3125 3379 3423 3449 σιτούμενος
3472 3371 3566 3427 διὰ
3593 3376 3692 3431 τὴν
3733 3379 3832 3434 τῆς

2227 3475 2416 3544 σαρκός
2447 3489 2543 3523 σου
2584 3472 2847 3523 σύστασιν
2887 3465 3351 3527 δυσαποσπάστως
3378 3469 3522 3538 ἔχεις
3568 3466 3703 3539 πρὸς
3737 3465 3826 3520 τήν

2223 3562 2486 3636 τράπεζαν
2534 3562 2634 3634 πρὸ
2683 3566 2780 3619 τῆς
2826 3559 2963 3610 κατὰ
3004 3561 3192 3630 χρείαν
3244 3554 3695 3629 συμπληρώσεως,
3741 3555 3831 3604 καὶ

2224 3651 2318 3704 οὐκ
2357 3643 2424 3703 ἂν
2463 3646 2668 3725 ῥᾳδίως
2712 3656 2866 3701 τοῦτο
2917 3652 3163 3708 ποιήσεις
3190 3646 3239 3719 (1
3251 3646 3308 3717 9)
3336 3644 3457 3698 ἄνευ
3487 3641 3681 3704 πολλῆς
3712 3639 3831 3694 ἀνάε-

2222 3760 2375 3814 σγκης⁸
2422 3744 2571 3812 πόσῳ
2625 3735 2710 3791 δεῖ
2763 3736 2955 3811 μᾶλλον
3003 3744 3067 3810 τῇ
3099 3741 3426 3809 πνευματικῇ
3462 3750 3520 3788 σε
3548 3738 3709 3810 τροφῇ
3731 3750 3834 3785 πα·

2223 3835 2476 3908 ραμένειν,
2509 3832 2600 3882 καὶ
2628 3837 2691 3902 τῇ
2730 3834 3009 3903 προσευχῇ
3058 3824 3321 3898 ἐνισχύειν
3349 3829 3445 3884 τὴν
3478 3829 3703 3877 σεαυτοῦ
3730 3820 3833 3893 ψυ-

2223 3927 2333 3995 χήν
2357 3937 2372 3991 ;
2394 3920 2557 3974 Ὀσον
2584 3922 2685 3993 γὰρ
2716 3915 2951 3992 διαφέρει
2979 3919 3005 3970 ὀ
3032 3916 3249 3993 οὖρα-νὸς
3270 3914 3373 3968 διπό
3395 3921 3490 3977 τῆς
3511 3920 3631 3987 γῆς,
3653 3912 3833 3965 καὶτὰ

2225 4011 2275 4066 ἕν
2296 4012 2497 4085 οὐρανῷ
2523 4017 2627 4064 τῶν
2646 4008 2693 4062 ἓν
2711 4016 2804 4082 γῇ,
2836 4014 3085 4061 τοσοῦτον
3116 4002 3353 4081 διαφέρει
3379 4004 3535 4078 ψυχή
3564 4008 3828 4075 σώματος.

454 4090 724 4151 facturus
754 4090 839 4146 sis
866 4089 1103 4165 absque
1131 4091 1361 4163 ingenti
1398 4094 1759 4153 necessitate
1789 4114 1803 4167 ;
1831 4105 2063 4171 quanto
2108 4103 2307 4175 magis
2348 4099 2761 4176 spiritualibus
2801 4098 2996 4172 epulis
3032 4096 3221 4155 debes
3265 4095 3503 4166 adesse,
3534 4097 3835 4166 tuumque

454 4180 733 4239 animum
779 4181 1122 4253 precatione
1176 4183 1622 4242 corroborare?
1658 4187 1966 4253 Quantum
1987 4191 2151 4251 enim
2189 4192 2391 4251 differt
2413 4191 2633 4249 calum
2670 4205 2706 4247 a
2752 4193 2936 4261 terra,
2962 4191 3020 4246 et
3048 4185 3318 4245 caelestia
3344 4201 3381 4244 a
3409 4182 3832 4243 terrestribus:

455 4272 694 4328 tantum
724 4285 763 4327 a
793 4285 1047 4345 corpore
1076 4272 1287 4330 anima
1322 4272 1542 4331 differt.

526 4364 580 4418 9.
620 4359 841 4420 Anima
866 4361 1000 4418 caeli
1025 4367 1116 4420 est
1139 4363 1368 4434 imago,
1397 4362 1460 4421 in
1486 4380 1611 4437 qua
1630 4366 1906 4428 videlicet
1948 4371 2122 4431 inha-

2298 4378 2353 4432 9.
2395 4376 2556 4446 Ψυχῆ
2612 4371 2833 4447 οὐρανοῦ
2881 4373 3119 4445 μίμημαο
3170 4368 3219 4421 ἐν
3263 4367 3397 4441 αὐτῇ
3445 4368 3549 4442 γὰρ
3597 4357 3834 4417 κατοικεῖ

451 4448 607 4538 bitat
629 4450 921 4509 Dominus
947 4468 960 4508 :
991 4468 1135 4510 caro
1156 4469 1303 4511 vero
1335 4458 1573 4512 constat
1600 4470 1632 4511 e
1663 4460 1842 4528 terra,
1876 4477 2014 4535 quae
2036 4463 2117 4521 ab

2228 4464 2254 4518 ὁ
2309 4466 2514 4538 Κύριος
2577 4461 2711 4537 σὰρξ
2759 4458 2820 4515 δε
2880 4460 2937 4513 ἐκ
2965 4467 3060 4533 γῆς
3088 4458 3341 4534 ὑπάρχει,
3377 4456 3425 4509 ἐν
3464 4451 3835 4528 ᾖκατοικοϋσι

451 4537 802 4597 hominibus
828 4541 1207 4611 mortalibus,
1241 4546 1300 4599 et
1328 4559 1364 4599 a
1392 4543 1585 4600 brutis
1624 4546 1992 4607 animalibus
2030 4552 2118 4608 in-

451 4629 686 4688 colitur.
707 4632 904 4698 Quare
926 4632 1201 4705 corporis
1222 4633 1610 4692 necessitates
1631 4635 1711 4694 ad
1730 4652 1984 4713 precum
2011 4640 2117 4700 ho—

453 4735 548 4778 ras
580 4721 1008 4793 accommoda,
1025 4723 1229 4798 sisque
1250 4728 1501 4798 paratus
1521 4741 1646 4785 non
1676 4727 1730 4786 ei
1767 4731 2118 4802 cogitationi

453 4810 723 4882 obedire,
751 4828 873 4886 que
900 4817 963 4871 te
1005 4812 1086 4871 ab
1114 4829 1298 4889 opere
1339 4813 1550 4874 divino
1578 4817 1821 4875 evellet.
1865 4819 1921 4876 Is
1952 4821 2112 4878 enim

450 4899 840 4961 daemonibus
861 4917 997 4960 mos
1015 4908 1130 4974 est,
1146 4903 1426 4962 videlicet
1444 4920 1638 4979 aequm
1659 4922 1859 4965 causae
1870 4910 2117 4970 nomine

521 5115 567 5153 ⁸⁷
610 5118 783 5176 Prov.
814 5133 954 5188 xvu,
985 5123 1041 5176 5.
1116 5121 1165 5157 9'
1206 5121 1350 5179 Luc.
1379 5137 1500 5195 xw,
1537 5127 1623 5181 i0.

517 5331 869 5416 (1.6.)‘Codex
916 5336 1087 5416 μετ.
1149 5336 1247 5389 οῦκ
1299 5335 1651 5414 ἐπιστρέψας.
1707 5338 1883 5397 Haud
1935 5342 2115 5416 longe

447 5403 811 5484 Regiiduo
846 5410 935 5484 καὶ
964 5405 1372 5484 inspexit-ignes.

521 5477 917 5555 (vilitatiqu
948 5477 1074 5535 dud
1102 5477 1241 5537 libri
1283 5485 1371 5536 τὸν
1406 5478 1467 5535 δε
1498 5484 1746 5555 ἔσχατον.
1780 5486 2002 5544 Vocula
2058 5484 2117 5541 δέ

447 5548 509 5605 in
541 5548 714 5605 editis
745 5548 1145 5608 desideratur.

518 5620 632 5692 (18)
665 5619 862 5679 Editio
886 5624 1029 5681 Ven.
1065 5628 1121 5681 et
1145 5624 1339 5683 codex
1365 5624 1633 5684 Combet‘.
1689 5630 1862 5691 πάσης
1896 5651 2115 5707 προσευ-

2229 4555 2407 4613 θνητοὶ
2459 4553 2725 4629 ἄνθρωποι
2773 4555 2864 4604 καὶ
2923 4549 3090 4624 ἄλογα
3138 4548 3267 4610 ζῶα.
3308 4549 3490 4601 Τοίνυν
3551 4546 3835 4618 συμμέτρει

2225 4645 2357 4719 πρὸς
2386 4643 2476 4704 τὰς
2507 4643 2645 4719 ὥρας
2677 4647 2777 4694 τῶν
2806 4646 3120 4715 προσευχῶν
3165 4638 3260 4702 τὰς
3288 4640 3478 4712 χρείας
3514 4641 3607 4688 τοῦ
3657 4637 3839 4707 σώμα-

2224 4752 2330 4802 τος,
2358 4738 2450 4787 καὶ
2491 4732 2703 4806 ἕτοιμος
2746 4735 2897 4804 γίνου
2949 4733 3023 4804 μὴ
3073 4729 3357 4782 ὑπακούειν
3408 4725 3649 4799 λογισμῷ
3697 4720 3836 4776 ἁπο-

2226 4831 2425 4878 σπῶντι
2476 4841 2537 4877 σε
2578 4829 2673 4876 τοῦ
2717 4824 2948 4882 κανόνος.
2985 4817 3135 4881 Ἔθος
3162 4820 3266 4892 γὰρ
3295 4823 3407 4878 τοῖς
3436 4811 3665 4888 δαίμοσι
3699 4812 3840 4865 κατὰ

2224 4915 2322 4976 τὰς
2373 4914 2514 4990 ὥρας
2554 4920 2663 4967 τῶν
2695 4918 3032 4991 προσευχῶν,
3096 4910 3355 4985 προφάσει
3405 4901 3567 4966 δῆθεν
3618 4901 3836 4975 εὐλόγου

2227 5350 2346 5420 χῆςί
2390 5360 2490 5420 σου
2538 5337 3202 5420 προηλὴπι-ὐφηχείη.
3249 5334 3442 5420 Editio
3495 5333 3678 5420 Paris.
3729 5329 3841 5420 .13?-

2229 5409 2442 5499 ᾖξγείτω,
2474 5409 2644 5496 baud
2682 5409 3121 5499 emendateJ‘At
3146 5409 3311 5483 Regii
3348 5409 3583 5483 primus
3621 5409 3680 5464 et
3723 5409 3844 5463 ter-

2227 5488 2345 5545 tius
2373 5493 2441 5542 ut
2474 5488 2537 5543 in
2568 5488 2871 5543 contextu.

2301 5562 2422 5647 (t9)
2446 5557 2692 5632 Antiqui
2729 5555 2851 5612 duo
2883 5554 3023 5613 libri
3049 5558 3299 5627 ποιήσῃς.
3335 5554 3596 5629 Utraque
3649 5548 3841 5606 editio

2229 5646 2496 5693 ποιησεις.
