4110 6418
293 344 410 398 649

1231 394 1234 398 ,
1282 345 1511 400 SERMU
1556 345 1647 399 DE
1687 342 2029 400 ASCETICA
2069 342 2490 410 DISUIPLINA,
2535 345 2685 400 ETC.

3566 351 3670 406 650

295 467 496 540 φαύλων
548 470 639 519 καὶ
699 473 960 540 σαρκικῶν
1029 471 1118 518 καὶ
1185 466 1612 542 φιλοπραγμόνων
1689 467 1888 540 ἀναχω·

2025 469 2150 521 tum
2177 464 2566 522 inferioribus
2599 467 2765 536 dare,
2797 483 2834 524 a
2864 467 3041 526 malis
3099 471 3568 546 carnalibusque
3599 491 3668 531 ac

297 565 422 631 ρεῖν,
477 556 686 609 πλείονα
731 565 884 626 νοεῖν,
952 555 1104 628 ὀλίγα
1171 556 1229 609 δὲ
1279 558 1395 622 {31)
1456 561 1791 631 φθέγγεσθαι.
1821 562 1892 630 μὴ

298 649 651 722 θρασύνεσθαι
728 647 886 719 λόγῳ,
953 644 1091 720 μηδὲ
1160 651 1470 722 περιττεύειν
1541 649 1766 721 ὁμιλίας,
1822 653 1892 721 μὴ

297 742 580 812 πρόχειρον
620 739 860 808 γίνεσθαι
913 741 1027 811 περὶ
1075 738 1292 808 γέλωτα,
1351 734 1498 791 αἰδοῖ
1559 740 1896 812 κοσμεῖσθαι,

297 828 438 879 κάτω
501 830 558 879 τὸ
605 825 814 899 βλέμμα
868 829 1024 897 ἔχειν,
1087 829 1192 878 ἄνω
1251 825 1309 880 δε
1339 832 1432 886 τὴν
1470 827 1676 900 ψυχήν·
1705 833 1773 901 μὴ
1815 827 1899 880 ἀν-

299 916 514 988 τιλέγειν
597 915 932 986 ἀντιλογίαις,
1016 917 1224 976 εὐπειθῆ
1310 916 1458 969 εἶναι·
1532 924 1720 988 κοπιᾷν
1787 915 1898 979 ταῖς

298 1011 483 1080 χερσὶ,
536 1008 864 1078 μνημονεύειν
926 1015 1024 1057 τῶν
1056 1005 1298 1078 ἐσχάτων
1329 1009 1566 1074 πάντοτε,
1617 1016 1680 1080 τῇ
1723 1005 1898 1060 ἐλπίδι

299 1099 530 1169 χαίρειν,
590 1102 650 1166 τῇ
701 1093 871 1164 θλίψει
927 1097 1219 1167 ὑπομένειν,
1280 1093 1632 1158 ἀδιαλείπτως
1677 1098 1898 1171 προσεύ-

300 1187 519 1255 χεσθαι,
575 1183 622 1235 ἐν
676 1189 830 1236 παντὶ
879 1185 1236 1258 εὐχαριστεῖν,
1278 1189 1406 1260 πρὸς
1438 1187 1631 1248 πάντας
1661 1189 1898 1238 ταπεινὸν

300 1281 450 1341 εῖναι,
523 1281 696 1344 μισεῖν
762 1277 856 1332 τὴν
905 1275 1279 1347 ὑπερηφανίαν,
1347 1280 1514 1346 νήφειν
1568 1279 1660 1328 καὶ
1725 1282 1897 1350 τηρεῖν

295 1367 390 1420 τὴν
447 1359 671 1437 καρδίαν
739 1361 839 1416 ἀπὸ
915 1363 1179 1437 λογισμῶν
1232 1373 1493 1437 πονηρῶν,
1563 1367 1898 1439 θησαυρίζειν

294 1447 342 1502 ἐν
387 1451 588 1524 οὐρανῷ
639 1448 714 1504 δι’
761 1451 990 1519 ἐντολῶν,
1047 1453 1227 1506 ἑαυτὸν
1286 1452 1574 1528 ἀνακρίνειν
1624 1461 1742 1528 περὶ
1798 1463 1898 1508 τῶν

294 1539 562 1613 λογισμῶν
611 1550 709 1592 τῶν
761 1544 1119 1617 καθημερινῶν
1171 1547 1261 1595 καὶ
1305 1543 1557 1617 πράξεων,
1601 1549 1673 1616 μὴ
1709 1544 1899 1617 ἐμπλέ-

297 1632 483 1682 κεσθαι
555 1638 670 1692 ταῖς
720 1639 815 1683 τού
869 1631 991 1704 βίον
1053 1639 1438 1707 πραγματείαις
1486 1639 1575 1686 καὶ
1645 1635 1901 1706 περιττολ-

297 1723 465 1790 ογίαις
522 1721 652 1791 (32)·
719 1725 790 1792 μὴ
846 1723 1279 1796 περιεργάζεσθαι
1333 1723 1438 1795 ξτόν
1491 1731 1590 1776 τῶν
1653 1725 1902 1799 ῥᾳθύμων

2009 555 2393 625 negotiorum
2421 557 2798 612 amatoribus
2826 558 3126 630 secedere,
3175 559 3352 632 plura
3382 563 3667 634 cogitare,

2009 648 2066 702 et
2094 660 2294 717 pauca
2314 644 2504 718 loqui,
2538 646 2924 703 temerarium
2955 663 3080 704 non
3110 664 3237 704 esse
3275 649 3336 704 in
3369 667 3665 722 sermone,

2006 750 2207 807 neque
2250 734 2390 808 plus
2424 752 2602 808 aequo
2658 736 2944 810 colloqui,
2995 753 3120 794 non
3159 738 3395 796 facilem
3428 757 3561 797 esse
3590 742 3671 798 ad

2008 825 2220 891 risum,
2249 826 2616 882 verecundia
2637 827 3021 884 cohonestari
3067 846 3080 885 :
3116 829 3324 886 oculos
3355 830 3668 902 deorsum,

2008 915 2280 974 animam
2311 931 2554 973 sursum
2583 916 2810 973 habere
2841 935 2854 973 :
2893 933 3016 974 non
3071 919 3483 977 contradicere
3528 938 3669 979 con-

2006 1003 2488 1072 tradictionibus,
2510 1005 2896 1064 obedientem
2935 1024 3087 1075 esse,
3114 1008 3398 1066 manibus
3435 1010 3672 1068 labora-

2009 1093 2580 1159 re,novissimorum
2612 1096 2859 1152 assidue
2889 1098 3370 1173 meminisses,pe
3384 1100 3670 1170 gaudere,

2009 1183 2398 1240 afﬂictionem
2425 1184 2699 1250 sufferre,
2720 1185 3134 1244 indesinenter
3155 1205 3346 1256 orare,
3380 1189 3442 1246 in
3482 1188 3677 1245 omni-

2007 1272 2126 1331 bus
2185 1273 2410 1344 gratias
2465 1289 2648 1344 agere
2685 1293 2697 1331 :
2730 1276 3025 1333 humilem
3082 1294 3216 1334 esse
3248 1296 3392 1351 erga
3433 1296 3671 1349 omnes,

2008 1362 2213 1421 odisse
2243 1365 2680 1436 arrogantiam,
2712 1365 2986 1422 sobrium
3011 1383 3162 1436 esse,
3194 1385 3416 1441 corque
3449 1386 3486 1426 a
3539 1387 3674 1443 pra-

2007 1452 2101 1509 vis
2125 1453 2602 1524 cogitationibus
2631 1471 2855 1528 purum
2887 1472 3149 1526 servare,
3207 1457 3514 1514 mandatis
3573 1476 3673 1514 ex-

2009 1542 2336 1616 sequendis
2357 1542 2680 1600 thesauros
2699 1543 2760 1600 in
2774 1545 2924 1601 cmlo
2939 1546 3290 1610 recondere,
3317 1564 3456 1603 suas
3479 1548 3673 1620 ipsius

2009 1632 2400 1706 quotidianas
2431 1632 2828 1704 cogitationes
2851 1635 3243 1710 actionesque
3291 1638 3670 1706 examinare,

2009 1722 2148 1778 vitae
2172 1722 2428 1793 negotiis
2454 1722 2749 1796 vanisque
2777 1724 3163 1782 sermonibus
3191 1742 3316 1784 non
3337 1725 3671 1800 implicari:

300 1806 439 1882 βίον.
487 1807 614 1861 ἀλλά
660 1809 850 1869 ζηλοῦν
915 1815 1002 1863 τόν
1056 1820 1155 1864 τῶν
1183 1811 1338 1884 ἁγίων
1371 1817 1631 1889 Πατέρων·
1669 1818 1902 1886 συγχαί-

2025 1827 2138 1868 non
2164 1813 2464 1868 curiosius
2492 1811 2797 1884 inquirere
2826 1814 2888 1870 in
2920 1815 3270 1872 socordium
3329 1815 3534 1889 vitam,
3570 1816 3677 1872 sed

299 1917 406 1971 ρειν
465 1905 573 1961 τοῖς
640 1901 989 1975 κατορθοῦσιν
1056 1899 1263 1974 ἀρετὴν,
1351 1907 1444 1955 καὶ
1520 1907 1592 1975 μὴ
1681 1905 1898 1974 φθονεῖν·

305 1991 644 2062 συμπάσχειν
718 1998 829 2054 τοῖς
890 1994 1191 2064 πάσχουσι,
1251 1997 1342 2045 καὶ
1392 1990 1758 2068 συνδακρύειν,
1813 1999 1903 2048 καὶ

305 2075 516 2153 σφόδρα
578 2083 796 2145 τούτους
845 2084 1066 2150 πενθεῖν,
1135 2087 1208 2156 μὴ
1286 2085 1464 2156 μέντοι
1552 2087 1900 2160 κατακρίνειν·

301 2172 373 2241 μὴ
430 2165 703 2231 ὀνειδίζειν
754 2174 841 2224 τόν
881 2169 1274 2248 ἀποστρέφοντα
1330 2170 1432 2227 ἀπὸ
1483 2172 1760 2248 ἁμαρτιας,
1805 2193 1905 2247 μη-

281 2254 488 2314 ιδέποτε
555 2255 797 2313 δικαιοῦν
853 2261 1052 2314 ἑαυτὸν·
1104 2265 1205 2337 πρὸ
1253 2263 1454 2316 πάντων
1486 2262 1789 2339 ἁμαρτωλὸν
1820 2262 1906 2317 ἰν-

301 2354 462 2401 ώπιον
515 2356 650 2404 Θεοῦ
696 2354 786 2404 καὶ
836 2349 1118 2428 ἀνθρώπων
1174 2350 1354 2405 ἑαυτὸν
1398 2352 1683 2426 ὁμολογεῖν,
1724 2355 1906 2407 νουθε-

304 2445 408 2492 τεῖν
457 2443 578 2502 τούς
650 2438 928 2503 ἀτάκτους·
985 2443 1415 2516 παραμυθεῖσθαι
1487 2445 1608 2504 τοὺς
1663 2442 1908 2515 ὀλιγοψύ-

303 2546 457 2601 χους·
506 2530 777 2604 ὑπηρετεῖν
818 2536 928 2592 τοῖς
967 2527 1274 2605 ἀρρώστοις,
1307 2527 1478 2593 πόδας
1507 2531 1670 2602 ἁγίων
1690 2536 1906 2586 νίπτειν·

306 2615 610 2691 ξενοδοχίας
653 2625 742 2673 καὶ
795 2616 1134 2693 φιλαδελφίας
1198 2619 1572 2694 ἐπιμελεῖσθαι·
1633 2627 1764 2694 μετὰ
1808 2631 1910 2676 τῶν

305 2708 505 2762 οἰκείων
560 2718 657 2772 τῆς
707 2713 932 2773 πίστεως
987 2709 1281 2786 εἰρηνεύειν·
1339 2713 1597 2784 αἱρετικὸν
1641 2710 1910 2788 ἄνθρωπον

309 2795 746 2872 ἀποστρέφεσθαι·
816 2802 881 2854 τὰ
945 2796 1218 2854 ἄνδιάθετα
1285 2798 1471 2874 βιϐλία
1515 2803 1911 2874 ἄναγενώσκεινυ

309 2886 630 2962 ἀποκρύφοις
701 2889 831 2951 ὅλως
867 2894 939 2962 μὴ
996 2887 1351 2963 ἐντυγχάνειν·
1406 2896 1525 2966 περὶ
1566 2894 1768 2965 Πατρός
1819 2896 1910 2945 καὶ

311 2979 438 3028 Υίοῡ
489 2982 579 3030 καὶ
629 2975 775 3050 ἁγίου
818 2981 1112 3052 Πνεύματος
1167 2984 1238 3052 μὴ
1294 2980 1554 3048 συξητεῖν,
1598 2979 1726 3034 ἀλλά
1769 2983 1916 3035 οἴκτι-

317 3083 438 3118 στον
494 3071 584 3118 καὶ
621 3067 897 3139 ὁμοούσιον
948 3065 1159 3144 Τριάδα
1213 3071 1345 3141 μετὰ
1391 3069 1688 3144 παρρησίας
1747 3069 1912 3142 λέγειν

315 3158 402 3206 καὶ
473 3165 670 3231 φρονεῖν
745 3159 880 3228 (33),
938 3163 1028 3212 καὶ
1075 3165 1185 3221 τοῖς
1243 3157 1542 3233 ἐπερωτῶσι
1590 3159 1772 3232 λέγειν,
1833 3161 1912 3212 ὅτι

312 3245 668 3306 Βαπτίζεσθαι
717 3243 818 3316 δεῖ,
874 3249 944 3312 ὡς
998 3247 1370 3323 παρελάϐομεν·
1421 3251 1682 3302 πιστεύειν
1733 3245 1812 3316 δὲ,
1849 3251 1913 3310 ὡς

313 3330 712 3408 βεϐαπτίσμεθα
761 3337 889 3408 (34)·
952 3333 1192 3399 δοξάζειν
1245 3334 1324 3405 δὲ,
1367 3340 1431 3399 ὡς
1474 3340 1909 3411 πεπιστεύκαμεν.

312 3421 397 3475 Ἐν
464 3425 631 3496 ἔργοις
711 3429 800 3477 καὶ
877 3424 1053 3496 λόγοις
1139 3426 1315 3488 καλοῖς
1370 3424 1804 3501 ἀναστρέφεσθαι,
1837 3432 1909 3500 μὴ

313 3510 517 3584 ὀμνύειν
569 3514 628 3566 τὸ
704 3512 936 3583 σύνολον,
1001 3519 1074 3587 μὴ
1151 3511 1365 3568 διδόναι
1415 3519 1473 3568 τὸ
1533 3514 1777 3591 ἀργύριον
1831 3515 1914 3569 ἐπὶ

311 3605 471 3674 τόκῳ,
529 3607 602 3676 μὴ
661 3610 804 3657 σῖτον
847 3607 938 3657 καὶ
1002 3601 1136 3658 οἶνον
1192 3608 1283 3658 καὶ
1334 3605 1500 3658 ἂαιον
1549 3603 1632 3658 ἐπὶ
1704 3605 1917 3660 πλεονα-

317 3692 434 3766 σμῷ
706 3691 808 3747 ἀπὸ
873 3694 1190 3769 κραιπάλης,
1248 3699 1337 3748 καὶ
1393 3696 1574 3768 μέθης,
1629 3698 1719 3750 καὶ
1775 3715 1918 3772 μερι-

315 3791 452 3856 μνῶν
506 3781 768 3855 βιωτικῶν
836 3783 1150 3858 ἀπέχεσθαι·
1191 3787 1325 3858 μετά
1375 3781 1533 3839 δόλου
1585 3789 1656 3858 μὴ
1699 3784 1914 3858 ὁμιλεῖν,

317 3869 458 3946 μηδὲ
522 3873 652 3935 ὅλως
700 3875 1016 3947 φθέγγεσθαι
1063 3879 1198 3928 κατά
1243 3894 1402 3938 τινος·
1453 3879 1524 3949 μὴ
1592 3875 1914 3944 καταλαλεῖν,

319 3960 462 4038 μηδέ
517 3963 646 4026 ὅλως
688 3960 856 4026 ἡδέως
910 3963 1112 4032 ἀκούειν
1169 3964 1508 4028 καταλαλιᾱς·
1560 3971 1632 4039 μὴ
1714 3971 1921 4039 ταχέως

319 4054 582 4106 πιστεύειν
639 4053 776 4106 κατά
826 4072 983 4115 τινος·
1041 4059 1112 4127 μὴ
1166 4057 1530 4130 τυραννεῖσθαι
1585 4057 1684 4108 ὑπὸ
1731 4056 1920 4128 θυμοῦ,

320 4145 393 4214 μὴ
443 4143 747 4215 κρατεῖσθαι
791 4143 892 4194 ύπό
950 4141 1194 4217 ἀθυμίας,
1247 4148 1319 4217 μὴ
1367 4143 1478 4204 εἰκῆ
1514 4143 1820 4218 ὀργίζεσθαι
1849 4151 1922 4215 τῷ

320 4230 564 4298 πλησίον,
619 4235 690 4304 μὴ
754 4239 960 4307 κρατεῖν
1013 4241 1166 4305 μῆνιν
1237 4235 1374 4286 κατά
1419 4253 1576 4302 τινος,
1644 4237 1716 4308 μὴ
1767 4237 1925 4286 κακὸν

327 4319 446 4374 ἀντὶ
504 4327 670 4374 κακοῦ
725 4318 1064 4376 ἀποδιδόναι·
1089 4322 1280 4395 μᾶλλον
1308 4319 1670 4397 λοιδορεῖσθαι
1699 4324 1728 4383 ᾖ
1757 4320 1876 4376 λοιδ
1881 4343 1931 4376 ο-

323 4419 455 4488 ρεῖν,
505 4412 796 4464 τύπτεσθαι
853 4413 881 4471 ἡ
935 4414 1168 4480 τύπτειν,

325 4500 732 4576 ἀποστερεῖσθαι
763 4501 790 4559 ἦ
819 4499 1142 4578 ἀποστερεῖν.

1257 4409 1563 4485 ἀδικεῖσθαι
1613 4417 1642 4473 ἤ
1704 4409 1927 4483 ἀδικεῖν,

2012 1902 2200 1958 vitam
2231 1906 2581 1958 sanctorum
2609 1906 2852 1959 Patrum
2877 1903 3099 1961 imitari
3123 1921 3136 1960 :
3166 1921 3307 1961 cum
3331 1905 3427 1962 his
3452 1906 3556 1980 qui
3580 1923 3680 1963 ex-

2013 1993 2221 2050 colunt
2244 1992 2528 2050 virtutem
2560 1993 2846 2065 gaudere,
2871 2009 2997 2050 non
3042 1994 3193 2067 ipsis
3219 1995 3491 2053 invidere
3533 2015 3546 2054 :
3575 2014 3682 2055 eos

2011 2084 2119 2158 qui
2183 2083 2499 2156 patiuntur
2553 2083 2992 2154 commiserari,
3045 2090 3228 2158 atque
3261 2102 3385 2143 una
3419 2104 3560 2145 cum
3593 2087 3683 2161 ip-

2014 2173 2099 2231 sis
2127 2173 2493 2247 lacrymari;
2525 2173 2638 2229 hos
2667 2173 2845 2230 valde
2866 2173 3092 2246 lugere,
3119 2191 3319 2248 neque
3348 2182 3550 2233 tamen
3575 2195 3682 2234 eos

2013 2262 2422 2321 condemnare
2447 2280 2462 2330 ;
2487 2278 2524 2319 a
2551 2267 2804 2336 peccato
2823 2263 3277 2335 resipiscentem
3297 2265 3534 2337 probris
3557 2283 3682 2324 non

2012 2351 2608 2422 insectari,seipsum
2638 2367 2958 2424 nunquam
2983 2352 3314 2424 justiﬁcare
3340 2372 3352 2409 :
3387 2357 3525 2410 ante
3556 2370 3683 2410 om-

2013 2439 2118 2497 nia
2137 2455 2346 2496 coram
2371 2442 2490 2495 Deo
2523 2444 2578 2496 et
2606 2439 2960 2496 hominibus
2988 2457 3117 2497 sese
3141 2447 3519 2514 peccatorem
3546 2459 3702 2498 con-.

2015 2528 2190 2594 ﬁteri,
2219 2528 2597 2585 inordinatos
2628 2529 2979 2599 admonere;
3013 2545 3120 2586 eos
3155 2531 3259 2604 qui
3291 2537 3432 2587 sunt
3482 2530 3685 2604 pusilli

2016 2617 2225 2687 animi,
2245 2617 2549 2674 consolari
2578 2617 2898 2674 :famulari
2919 2618 3197 2687 inﬁrmis,
3227 2619 3415 2692 pedes
3439 2625 3680 2677 sancto-

2016 2723 2155 2764 rum
2205 2707 2431 2775 lavare,
2479 2706 2879 2780 hospitalitati
2935 2714 2994 2766 et
3026 2708 3294 2766 fraterno
3319 2709 3515 2766 amori
3553 2709 3683 2765 dili-

2020 2802 2228 2870 genter
2249 2812 2490 2864 vacare,
2522 2796 2586 2853 in
2605 2813 2758 2870 pace
2791 2813 2926 2854 esse
2956 2813 3097 2854 cum
3128 2798 3477 2855 domesticis
3516 2797 3678 2870 ﬁdei,

2021 2885 2288 2944 aversari
2313 2885 2628 2944 hominem
2650 2886 3024 2957 haereticum,
3044 2888 3339 2958 genuinos
3361 2893 3418 2945 et
3436 2904 3684 2945 veraces

2017 2975 2208 3034 libros
2227 2975 2444 3047 legere,
2467 2977 2859 3049 apocryplios
2873 2992 2948 3033 ne
2965 2975 3258 3046 attingere
3281 2977 3529 3051 quidem
3556 2994 3684 3034 om-

2019 3065 2194 3123 nino:
2223 3065 2299 3122 de
2328 3067 2499 3122 Patre
2530 3070 2588 3122 et
2614 3065 2760 3122 Filio
2791 3070 2848 3122 et
2885 3066 3098 3138 spiritu
3129 3072 3340 3124 sancto
3389 3083 3513 3125 non
3562 3067 3680 3123 dis-

1941 3183 1983 3240 c
2020 3162 2284 3230 ceptare,
2312 3155 2422 3212 sed
2440 3154 2782 3213 Trinitatem
2814 3154 3146 3213 increatam
3179 3161 3236 3213 et
3274 3157 3682 3215 consubstan-

2021 3245 2222 3304 tialem
2254 3244 2438 3302 libere
2459 3244 2724 3318 proﬁteri
2753 3251 2812 3303 et
2843 3247 3086 3309 sentire,
3134 3252 3319 3320 atque
3357 3253 3679 3321 perconta-

2020 3335 2253 3394 toribus
2293 3333 2492 3392 dicere
2527 3353 2539 3391 :
2577 3337 2824 3408 Oportet
2878 3335 3172 3408 baptizari
3198 3353 3312 3393 nos
3343 3336 3444 3409 ita,
3475 3342 3539 3394 ut
3565 3341 3682 3394 tra-

2020 3427 2216 3484 ditum
2241 3425 2592 3498 accepimus
2628 3441 2641 3480 :
2677 3425 2920 3482 credere
2954 3431 3156 3483 autem
3183 3427 3334 3484 sicut
3392 3427 3683 3502 baptizali

2020 3532 2237 3573 sumus
2269 3533 2283 3573 :
2310 3516 2651 3586 glorificare
2679 3532 2820 3573 vero
2874 3517 3403 3589 quemadmodum
3429 3517 3683 3576 credidi-

2021 3621 2180 3662 mus.
2241 3605 2307 3660 In
2355 3603 2642 3678 operibus
2665 3607 2724 3660 et
2754 3604 3140 3662 sermonibus
3160 3607 3338 3664 bonis
3371 3607 3679 3681 occupari,

2022 3695 2272 3753 omnino
2294 3710 2417 3752 non
2434 3694 2661 3767 jurare,
2683 3710 2808 3750 non
2828 3693 2974 3751 dare
2992 3695 3184 3752 fenori
3207 3699 3532 3770 pecuniam
3556 3713 3683 3754 non

2022 3784 2413 3855 frumentum,
2462 3798 2589 3840 non
2625 3781 2854 3852 vinum,
2886 3799 3011 3840 non
3037 3783 3239 3841 oleum
3274 3785 3353 3842 ad
3378 3790 3684 3858 quaestum

2025 3874 2323 3946 majorem
2362 3871 2713 3929 faciendum
2753 3888 2764 3922 :
2821 3889 2858 3930 a
2909 3872 3159 3946 crapula
3189 3878 3247 3930 et
3284 3874 3572 3931 ebrietate
3613 3891 3685 3933 ac

2028 3963 2234 4021 saeculi
2249 3963 2407 4020 curis
2420 3961 2726 4021 abstinere
2750 3979 2764 4017 :
2796 3961 3005 4019 dolose
3031 3968 3090 4020 et
3110 3963 3526 4021 fraudulenter
3547 3981 3688 4022 cum

2030 4054 2237 4128 aliquo
2257 4070 2384 4111 non
2413 4070 2614 4126 agere,
2640 4069 2840 4126 neque
2869 4054 3123 4111 omnino
3151 4055 3446 4112 adversus
3478 4071 3692 4130 quem-

2033 4161 2223 4220 quam
2252 4144 2459 4218 loqui:
2493 4159 2619 4202 non
2640 4142 2978 4216 detrahere,
3008 4160 3203 4218 neque
3224 4145 3348 4202 ullo
3376 4145 3560 4203 modo
3587 4146 3693 4203 ob-

2034 4235 2417 4292 trectationes
2439 4221 2700 4290 libenter
2727 4233 3106 4314 auscultare:
3139 4234 3288 4291 nihil
3321 4235 3520 4292 statim
3557 4251 3697 4293 con-

2037 4328 2130 4382 tra
2165 4340 2543 4398 quemquam
2574 4323 2816 4380 credere
2864 4339 2877 4378 :
2911 4339 3036 4380 non
3065 4323 3171 4381 irae
3217 4325 3539 4397 tyrannide
3592 4341 3699 4398 op-

2039 4413 2241 4488 primi,
2273 4429 2399 4471 non
2429 4413 2591 4470 vinci
2617 4429 2654 4470 a
2683 4411 3138 4487 cupiditatibus,
3170 4429 3295 4470 non
3315 4420 3538 4471 temere
3575 4414 3702 4470 ira-

1958 4499 2004 4554 D
2043 4503 2128 4570 sci
2156 4503 2456 4578 proximo,
2485 4503 2640 4560 iram
2668 4518 2796 4560 non
2828 4507 3030 4560 tenere
3065 4507 3277 4560 contra
3321 4519 3703 4577 quemquam

324 4591 560 4650 malum
607 4607 722 4666 pro
759 4591 924 4650 malo
969 4608 1098 4650 non
1141 4591 1432 4652 reddere:
1466 4592 1810 4652 maledictis
1841 4592 2044 4668 potius
2068 4594 2299 4667 vexari,
2329 4610 2520 4668 quam
2547 4608 2769 4651 vexare
2803 4609 2816 4649 :
2844 4592 3100 4667 percuti,
3129 4608 3317 4666 quam
3339 4596 3655 4666 percutere
3689 4609 3705 4648 :

324 4681 614 4755 injuriam
641 4681 785 4756 pati,
809 4699 1000 4758 quam
1022 4684 1220 4743 facere
1249 4701 1263 4740 :
1292 4684 1565 4759 spoliari,
1593 4701 1784 4758 quam
1815 4683 2102 4758 spoliare.

402 4881 515 4956 (sl)
545 4881 788 4956 Antiqui
814 4881 940 4941 duo
967 4879 1103 4941 libri
1126 4883 1276 4956 ὀλίγα
1297 4879 1377 4940 δὲ.
1406 4881 1630 4942 Vocula
1657 4881 1716 4938 δὲ
1736 4882 1798 4941 in
1821 4881 1942 4940 edi-

330 4953 416 5010 tis
435 4953 924 5012 desiderabatur.

404 5029 522 5100 _(3_2)
557 5028 649 5083 Sic
679 5033 944 5100 utraque,
958 5027 1161 5086 editio.
1195 5032 1264 5086 At
1283 5028 1475 5086 nostri
1495 5031 1613 5084 tres
1635 5044 1781 5084 mss.
1807 5026 1946 5084 sim-

915 5097 1038 5176 βίον
1066 5101 1503 5176 περιττολογίαις.
1533 5102 1666 5157 Μοι
1689 5105 1946 5176 utraque

335 5167 518 5246 édltiq
541 5171 813 5246 etcodex
842 5167 1114 5228 Cdmbef.
1131 5167 1271 5227 ’ἀλλά
1298 5167 1488 5234 Ciloni-1
1518 5177 1670 5246 μόνον
1696 5180 1816 5246 τῶν,
1844 5167 1949 5227 ,ξεά

333 5241 618 5318 amittam:
637 5244 846 5318 solum
880 5249 1132 5318 ﬁsanctos
1177 5247 1415 5318 Patres.
1447 5241 1612 5317 Regii
1631 5244 1865 5318 primus
1894 5245 1952 5299 et

332 5094 568 5169 pliciter
610 5107 730 5161 ταῖς
783 5094 874 5152 rei)

333 5313 547 5369 tertius
575 5312 703 5368 ἀλλά
744 5313 932 5375 ζηλοῧν
962 5318 1048 5368 τὸν
1069 5324 1192 5383 τῶν,
1220 5317 1462 5374 melius.

408 5384 532 5458 (33)_
545 5385 638 5443 Sic
666 5390 924 5458 utraque
947 5387 1130 5444 editio
1155 5394 1212 5444 et
1230 5388 1424 5445 codex
1445 5387 1951 5445 Combeﬁsianus.

336 5456 449 5535 Alli
497 5456 622 5514 duo
671 5456 1151 5535 m8§._wu§ﬁuaiag
1183 5459 1348 5513 σέϐειν
1378 5465 1469 5512 καὶ
1513 5467 1732 5535 φρονεῖν,
1771 5458 1957 5515 libere

337 5529 536 5589 colere
557 5537 612 5586 et
634 5530 874 5587 sentire.

408 5602 822 5674 (335lAUtraque
849 5601 1037 5659 editio
1060 5606 1119 5659 et
1147 5606 1290 5674 Reg.
1332 5602 1637 5660 secundus
1692 5605 1960 5674 πιστεύειν

339 5667 400 5726 δὲ
416 5667 500 5736 ’ὡς
520 5667 942 5749 βεϐαπτῖσμεθα,
975 5675 1218 5735 credere
1233 5667 1445 5734 autem
1465 5682 1616 5734 sicut
1672 5673 1966 5746 baptismi

629 5784 868 5842 Paeon
913 5783 1015 5841 Gn.
1056 5785 1235 5841 XXXI.

2049 4896 2284 4963 sumus.
2301 4877 2416 4937 Alii
2435 4878 2561 4963 duo
2593 4877 3244 4963 msgeg‘gamroﬁyea,
3291 4879 3386 4963 uti
3443 4878 3715 4963 baptiza-

2049 4971 2211 5012 mnr.
2239 4955 2371 5010 Mox
2407 4957 2641 5009 veteres
2672 4950 3100 5024 du_o_librim‘i
3117 4951 3294 5024 λόγοις
3351 4950 3589 5024 ἀγαθοῖς.

2125 5027 2242 5100 (35)
2302 5027 2443 5097 Reg.
2477 5025 2712 5100 primus
2737 5020 2948 5100 διδόναι
2979 5020 3225 5100 ἀργύριον
3248 5023 3357 5100 ἐμὶ-
3386 5020 3519 5095 τόκῳ
3547 5029 3720 5097 μισεῖν

2053 5094 2142 5152 τόν
2163 5094 2316 5170 ,οἶνον
2351 5094 2442 5148 καὶ
2465 5094 2524 5149 τὸ
2556 5096 2723 5170 ἔλαιον
2755 5095 2838 5170 ἐπ’)ἷ
2867 5094 3190 5170 πλεονασμόν
3235 5094 3310 5170 εἰ,
3344 5097 3428 5152 ita
3474 5094 3724 5170 quoque

2055 5169 2274 5241 legitur
2302 5167 2365 5224 in
2385 5171 2526 5240 Reg.
2555 5168 2747 5241 tertio,
2778 5167 2895 5241 nisi
2948 5184 3072 5241 quo
3095 5167 3224 5241 'pro
3261 5167 3581 5240 πλεονασμόν
3619 5167 3728 5241 hae

2056 5239 2159 5299 bet
2188 5239 2520 5311 πλεονασμῷ,
2542 5240 2736 5297 odisse
2751 5239 3039 5297 vinumet
3060 5239 3257 5296 oleum
3289 5239 3515 5309 majori
3535 5239 3731 5311 copia

2059 5318 2385 5384 sumptum.
2411 5310 2687 5384 Fertasse
2707 5311 2837 5384 haec
2851 5311 3151 5384 scriptura
3169 5311 3474 5384 aliquibus
3492 5310 3735 5384 placere

2062 5381 2314 5459 poterit:
2336 5382 2456 5459 sed_
2475 5384 2576 5455 qui
2596 5381 3001 5459 paulomagis
3019 5381 3089 5459 in
3109 5381 3226 5459 hoc
3249 5381 3588 5459 studiorum
3639 5396 3738 5451 ge-

2063 5453 2207 5514 nere
2234 5455 2461 5512 versati
2487 5453 2648 5518 Sunt,
2682 5453 2857 5509 facile
2895 5453 3230 5522 intelligent
3277 5469 3412 5510 eam
3438 5453 3578 5509 inde
3635 5468 3740 5509 or-

2065 5533 2193 5586 tam
2226 5527 2572 5598 esse,qu_od
2601 5525 2830 5598 librarii
2851 5542 2920 5581 ex
2944 5529 3014 5596 μὴ
3042 5532 3185 5577 σῖτον
3215 5530 3305 5577 καὶ
3353 5523 3484 5577 οἶνον
3535 5525 3742 5596 inepte

2068 5599 2318 5659 fecerint
2337 5593 2512 5671 μιᾶεἶν
2541 5600 2629 5649 τὸν
2657 5593 2814 5655 οἶνον,

3329 5780 3396 5838 2i
