4110 6410
351 319 452 373 657

1727 318 1817 374 DE
1872 315 2146 372 JUDICIO
2198 319 2332 374 DEI.

3615 317 3725 374 658

351 442 604 517 ὁρίζεται,
633 437 1091 504 καταδικάζεσῦαι
1142 446 1259 503 τοὺς
1314 451 1405 503 τῆς
1453 441 1678 504 ἀληθοῦς
1734 444 1918 512 θεογνω

2026 483 2034 496 .
2063 439 2563 500 condemnentur.
2597 443 2750 510 Quid
2773 443 2934 500 enim
2955 443 3144 499 dicit?
3163 442 3244 499 Et
3264 442 3420 499 sicut
3443 457 3565 499 non
3583 457 3732 514 pro-

356 534 471 592 σίας
503 531 849 605 ἠμεληκότας.
902 538 965 584 Τί
1007 535 1108 605 γάρ
1143 549 1311 605 φησι;
1372 537 1470 586 Καὶ
1513 534 1686 592 καθὼς
1717 531 1810 583 οὐκ
1842 526 1954 582 ἐδο-

349 626 580 694 κίμασαν
663 624 749 673 τὸν
823 625 952 674 Θεὸν
1025 624 1164 692 ἔχειν
1233 621 1283 674 ἐν
1343 620 1634 692 ἐπιγνώσει,
1707 616 1953 695 παρέδω-

348 731 433 765 κεν
499 711 687 773 αύτούς
725 712 772 763 ·ὁ
828 715 952 772 Θεὸς
1015 711 1085 773 εἰς
1152 708 1407 784 ἀδόκιμον
1463 719 1604 778 νοῦν,
1660 717 1824 764 ποιεῖν
1889 711 1954 761 τὰ

347 805 418 874 μὴ
510 803 849 868 καθήκοντα,
931 800 1360 876 πεπληρωμένους
1432 803 1608 862 πάσης
1692 795 1947 866 ἀδικίας,

346 895 636 964 πονηρίας,
711 889 1034 958 πλεονεξίας,
1107 895 1326 958 κακίας,
1410 894 1635 963 μεστούς
1719 891 1947 962 φθόνου,

345 987 437 1033 καὶ
493 988 594 1032 τῶν
648 979 783 1043 ἑξῆς.
819 984 916 1032 Καὶ
972 987 1125 1032 τοῦτο
1153 985 1444 1039 νενοηκέναι
1489 977 1636 1052 οἶμαι
1663 982 1751 1031 τὸν
1783 979 1946 1031 ’Λπό-

349 1069 530 1123 στολον
576 1072 632 1122 τὸ
680 1076 862 1144 κρῖμα,
897 1069 990 1121 οῦκ
1037 1071 1150 1141 (53)
1191 1070 1274 1142 ἀφ’
1327 1071 1512 1123 ἑαυτοῦ
1562 1070 1812 1144 (Χριστόν
1845 1070 1944 1142 γὰρ

348 1157 487 1231 εἶχεν
534 1159 582 1211 ἐν
639 1159 802 1230 ἑαυτῷ
853 1157 1148 1230 λαλοῦντα),
1198 1158 1304 1211 ἀλλ’
1336 1158 1390 1224 ἐξ
1417 1158 1607 1219 ἐκείνης
1648 1159 1806 1212 αύτού
1851 1166 1946 1220 τῆς

347 1256 514 1322 φωνῆς
553 1245 903 1320 ὀδηγηθέντα,
950 1248 1004 1307 ἐη
1130 1269 1262 1322 φησι
1287 1245 1380 1302 διὰ
1410 1257 1562 1302 τοῦτο
1615 1247 1662 1301 ἐν
1702 1246 1942 1324 παραϐο-

341 1337 456 1400 λαῖς
502 1337 668 1391 λαλεῖν
699 1344 808 1401 τοῖς
839 1337 1043 1410 ὄχλοις,
1085 1340 1168 1392 ἵνα
1195 1344 1266 1412 μὴ
1307 1344 1541 1398 νοήσωσι
1579 1341 1645 1392 τὰ
1693 1341 1804 1391 θεῖα
1849 1345 1940 1390 τοῦ

337 1425 656 1498 Εύαγγελιου
731 1433 1032 1502 μαστήρια,
1100 1429 1180 1480 ὅτι
1247 1431 1536 1501 φθάσαντες
1610 1428 1759 1480 αὐτοὶ
1822 1430 1941 1488 τούς

340 1514 631 1588 ὀφθαλμούς
692 1517 857 1569 αύτων
915 1515 1243 1592 ἐκάμμυσαν,
1297 1522 1385 1570 καὶ
1442 1523 1552 1579 τοῖς
1606 1518 1707 1569 ὠσι
1741 1515 1938 1591 βαρέως

337 1609 592 1673 ἤκουσαν,
622 1612 714 1660 καὶ
773 1605 1048 1679 ἐπαχύνθη
1109 1609 1138 1667 ἠ
1197 1606 1441 1670 ἀσύνετος
1481 1607 1649 1660 αὐτῶν
1703 1603 1933 1682 καρδίαο

339 1697 420 1748 ἶνα
476 1697 674 1768 ἔχωσιν
731 1695 844 1750 ἀντὶ
899 1702 1159 1773 τιμωρίας
1219 1699 1487 1770 ὑπομένειν
1552 1701 1645 1756 την
1704 1700 1823 1772 περὶ
1870 1696 1937 1749 τὰ

2063 531 2356 587 baverunt
2383 533 2571 588 Deum
2607 533 2827 590 habere
2871 535 2936 588 in
2973 533 3193 588 notitia
3236 548 3250 587 :
3293 532 3550 588 tradidit
3588 533 3729 588 illos

2060 625 2212 678 Deus
2252 621 2318 677 in
2353 621 2677 692 reprobum
2720 638 2980 689 sensum,
3003 627 3070 677 ut
3091 621 3334 691 faciant
3354 635 3426 677 ea
3445 636 3576 692 qua
3604 637 3728 677 non

2060 712 2710 782 conveniunt,repletos
2735 713 2899 768 omni
2915 711 3726 784 iniquitate,matit1a,avari-

2059 801 2166 868 tia,
2184 801 2687 872 nequitia,plenos
2706 800 3514 870 invidia’°,etc.Quanquam
3535 803 3725 872 Apos-

2057 888 2246 946 tolum
2271 889 2530 946 arbitror
2565 904 2692 948 non
2717 906 2754 946 a
2789 889 3115 962 semetipso
3146 887 3524 958 excogitasse
3557 887 3723 958 judi-

2054 979 2217 1035 cium
2254 979 2372 1035 hoc
2409 980 2736 1052 (Christum
2773 979 2936 1036 enim
2967 978 3030 1034 in
3061 993 3124 1034 se
3157 977 3508 1050 loquentem
3528 975 3720 1032 habe-

2051 1068 2264 1140 bat“),
2296 1069 2404 1125 sed
2437 1069 2760 1126 inductum
2789 1068 2892 1126 illa
2911 1083 3062 1124 voce
3096 1065 3276 1133 illius,
3297 1081 3424 1139 qua
3458 1065 3621 1132 dicit,
3652 1081 3718 1122 se

2051 1157 2190 1215 ideo
2215 1157 2276 1213 in
2297 1157 2607 1229 parabolis
2629 1157 2800 1232 loqui
2823 1157 2904 1214 ad
2924 1156 3160 1223 turbas,
3194 1160 3354 1211 utne
3379 1153 3720 1224 intelligant

2049 1246 2254 1304 divina
2275 1247 2579 1318 Evangelii
2613 1247 2904 1321 mysteria
2916 1249 2984 1315 ²²,
3008 1245 3307 1320 quoniam
3347 1243 3578 1316 priores
3599 1243 3716 1317 ipsi

2047 1336 2257 1394 oculos
2275 1353 2421 1394 suos
2442 1337 2810 1402 clauserant,
2824 1336 3199 1409 auribusque
3220 1333 3482 1405 graviter
3501 1332 3713 1388 audie-

2045 1431 2205 1497 rant,
2229 1432 2286 1482 et
2301 1428 2708 1484 incrassatum
2730 1431 2858 1484 erat
2875 1425 3175 1499 insipiens
3195 1440 3300 1480 cor
3319 1438 3530 1480 eorum
3543 1422 3620 1478 ’δε
3642 1424 3710 1479 ut

2043 1518 2173 1575 vice
2195 1533 2389 1591 paenae
2411 1519 2474 1574 in
2495 1518 2831 1590 majoribus
2869 1516 3190 1573 sufferrent
3226 1515 3578 1581 cmcitatem,
3602 1512 3709 1587 qui

2042 1608 2265 1665 scilicet
2282 1609 2536 1681 priores,
2555 1607 2751 1664 oculis
2767 1606 2958 1664 animi
2981 1605 3338 1676 obscuratis,
3359 1606 3572 1677 sponte
3596 1619 3705 1660 ex-

2040 1697 2247 1755 caecati
2276 1702 2475 1754 essent
2517 1714 2532 1754 :
2563 1697 2736 1771 quod
2781 1696 2911 1770 pati
2939 1696 3164 1752 veritus
3201 1693 3393 1750 David
3421 1691 3699 1751 dicebat:

333 1785 548 1857 μείζονα
600 1783 871 1858 ἁϐλεψίαν,
927 1786 998 1854 οἳ,
1057 1789 1452 1862 προφθάσαντες
1664 1785 1918 1853 ἑκουσίως,

2037 1787 2332 1845 Ittumina
2353 1787 2555 1843 oculos
2601 1802 2776 1859 meos,
2810 1802 2888 1842 ne
2924 1801 3192 1857 unquam
3231 1784 3605 1840 obdormiam
3634 1783 3699 1838 in

331 1877 390 1926 τὸ
444 1873 589 1948 ὂμμα
614 1883 708 1938 τῆς
740 1874 930 1948 ψυχῆς
969 1875 1451 1949 ἀποτυφλώσαντες,
1498 1874 1886 1932 ἐσκοτίσθησαν
1914 1896 1928 1911 ο

331 1965 455 2039 ὅπερ
513 1967 538 2017 ὁ
593 1961 762 2018 Δαϐίὸ
819 1965 1130 2039 φοϐούμενος
1190 1969 1395 2036 παθεῖν,
1444 1964 1579 2038 ἔλεγε
1626 1986 1640 2000 σ
1701 1971 1932 2018 ψώτισον

328 2058 446 2115 τούς
504 2054 802 2128 ὀφθαλμούς
857 2077 980 2128 μου,
1040 2060 1111 2130 μη
1181 2076 1306 2110 ποτε
1360 2058 1582 2109 ύπνώσω
1642 2055 1712 2116 εἰς
1781 2057 1932 2108 θάνα-

326 2163 435 2198 τον.
493 2142 581 2196 Ἐκ
645 2147 736 2218 μεν
811 2141 898 2197 οὖν
973 2149 1166 2200 τούτων
1237 2150 1326 2198 καὶ
1395 2147 1642 2199 τοιούτων
1719 2147 1929 2218 φανερὸν

333 2232 465 2286 εἶναι
513 2232 841 2308 ἐλογιζόμην,
911 2237 993 2289 ὅτι
1059 2235 1282 2289 καθόλου
1338 2237 1427 2308 μὶν
1483 2236 1512 2294 ἡ
1585 2241 1685 2286 τῶν
1750 2236 1929 2288 παθῶν

326 2327 489 2376 κακία
536 2320 630 2376 διὰ
680 2332 776 2385 τῆς
813 2329 933 2399 περὶ
979 2333 1114 2379 Θεοῦ
1155 2324 1419 2398 ἀγνωσίας
1449 2320 1704 2396 ἀδόκιμον
1734 2332 1927 2395 γνῶσιν

327 2411 591 2471 ἐντίθησιν
645 2414 780 2481 (55)·
841 2410 993 2476 ἰδίως
1047 2411 1108 2467 δε
1164 2417 1194 2472 ἡ
1266 2411 1525 2486 διαφωνία
1589 2422 1688 2466 τῶν
1731 2412 1928 2467 πολλῶν

324 2505 456 2576 πρὸς
486 2501 753 2572 ἀλλήλους,
787 2499 882 2556 διὰ
925 2506 982 2556 τὸ
1041 2501 1277 2566 ἀναξίους
1324 2505 1462 2576 ἡμᾶς
1508 2503 1724 2564 ἑαυτούς
1762 2521 1926 2554 κατα-

325 2593 584 2645 σκευάσαι
615 2601 721 2654 ’τῆς
775 2599 869 2644 τοῦ
916 2597 1110 2666 Κυρίου
1155 2591 1490 2659 ἐπιστασίας,
1539 2590 1922 2665 ἐπισυμϐαίνει.

323 2683 457 2756 Πρὸς
489 2677 548 2734 δὲ
587 2685 681 2740 τὴν
723 2679 996 2752 ἐπίσκεψιν
1048 2689 1140 2735 τοῦ
1187 2684 1428 2734 τοιούτου
1479 2679 1602 2754 βὶου
1635 2683 1804 2733 εἰποτε
1853 2677 1921 2740 δὴ

321 2774 410 2821 καὶ
452 2769 610 2823 ἐλῦεῖν
658 2769 1065 2844 ἐϐουλευσάμην,
1102 2774 1218 2824 οὔτε
1243 2778 1443 2846 μετρεῖν
1485 2769 1628 2843 εἰχον
1658 2774 1715 2822 τὸ
1763 2774 1921 2844 μέγε-

323 2860 411 2920 θος
457 2867 552 2921 τῆς
597 2862 842 2920 τοιαύτης
886 2857 1260 2927 ἀναισθησίας,
1312 2860 1340 2920 ᾖ
1407 2858 1639 2931 ἀλογίας,
1702 2860 1730 2920 ἦ
1786 2857 1920 2911 ἁπο-

318 2950 482 3012 νοίαςν
511 2948 540 3005 ἣ
574 2944 669 3000 διὰ
708 2953 766 3000 τὸ
813 2948 1130 3024 ὑπερϐάλλον
1159 2959 1252 3010 τῆς
1281 2953 1470 3011 κακίας
1507 2948 1602 3001 ούκ
1643 2951 1752 3020 ἔχω

319 3040 370 3087 τί
419 3037 562 3092 εἴπω.
615 3036 673 3091 Εἰ
713 3040 814 3112 γὰρ
863 3039 954 3092 καί
1004 3038 1056 3091 ἓν
1096 3037 1299 3111 ἀλόγοις
1327 3042 1464 3092 οὕτω
1501 3040 1920 3114 κατορθουμένην

2039 1885 2229 1934 morte
2246 1879 2313 1929 ³⁸.
2344 1879 2428 1932 Ex
2447 1877 2544 1932 his
2568 1877 2751 1946 igitur
2774 1880 2957 1949 atque
2977 1873 3278 1931 similibus
3295 1871 3528 1945 liquere
3539 1870 3702 1942 judi-

2037 1966 2347 2038 cabam,in
2368 1966 2719 2022 universum
2735 1963 2986 2039 quidem
3002 1962 3330 2037 reprobam
3347 1960 3698 2034 malamque

2035 2054 2441 2126 cognitionem
2463 2069 2570 2127 per
2591 2053 2694 2110 Dei
2712 2052 3152 2124 ignorationem
3171 2067 3244 2108 ex
3260 2049 3543 2107 vitiorum
3563 2063 3698 2122 pra-

2033 2148 2216 2202 vitate
2261 2144 2453 2200 creari
2484 2160 2500 2200 :
2533 2143 2640 2200 sed
2669 2143 2914 2216 proprie
2952 2146 3160 2199 tamen
3194 2139 3528 2197 multorum
3559 2154 3698 2195 mu-

2036 2238 2205 2292 tuam
2229 2233 2673 2289 dissensionem
2719 2249 2793 2289 ex
2831 2247 2904 2289 eo
2929 2229 3186 2298 evenire,
3218 2229 3388 2302 quod
3413 2227 3700 2298 indignos

2034 2337 2147 2379 nos
2169 2321 2524 2391 reddamus,
2538 2321 2702 2393 quia
2727 2319 2984 2377 Domino
3002 2314 3492 2389 regamur.Quod
3514 2315 3564 2371 si
3583 2320 3702 2371 stas

2033 2411 2284 2469 tuissem
2305 2409 2638 2484 aliquando
2659 2409 2741 2466 ad
2764 2407 3069 2480 ejusmodi
3090 2407 3274 2464 vitam
3296 2403 3699 2462 consideran-

2032 2501 2177 2558 dam
2198 2501 2573 2568 incumbere,
2593 2515 2792 2573 neque
2807 2498 3003 2556 metiri
3028 2501 3305 2571 poteram
3331 2492 3699 2564 magnitudi-

2032 2607 2176 2648 nem
2201 2589 2504 2663 ejusmodi
2550 2590 2836 2662 stuporis,
2885 2588 2979 2646 vel
3007 2585 3561 2652 inconsiderantize,
3595 2582 3695 2641 vel

2032 2680 2370 2747 dementiae,
2393 2679 2505 2746 vel,
2538 2696 2674 2752 quae
2713 2683 2804 2735 est
2832 2677 3055 2735 malitaa
3085 2676 3386 2747 nimietas,
3427 2689 3550 2747 quo
3580 2672 3699 2730 alio

2031 2769 2332 2827 vocabulo
2359 2769 2685 2843 appellem,
2712 2767 2942 2825 nescio.
2988 2766 3222 2823 Etenim
3252 2765 3302 2820 si
3327 2763 3424 2820 vel
3455 2764 3514 2820 in
3546 2762 3695 2835 ipsis

2029 2859 2225 2917 brutis
2256 2858 2628 2917 animalibus
2647 2862 2926 2916 mutuam
2963 2855 3432 2913 consensionem
3460 2867 3585 2908 non
3616 2850 3696 2907 ob

2033 2949 2200 3007 aliud
2228 2950 2574 3006 conservari
2594 2947 3135 3021 deprehendimus,
3153 2961 3344 3019 quam
3363 2942 3533 3017 quod
3554 2940 3696 2998 duci

2029 3039 2482 3112 obtemperent:
2505 3037 2727 3111 ecquid
2755 3053 2868 3094 nos
2894 3036 3092 3092 dicere
3113 3049 3464 3108 possumus,
3486 3029 3593 3104 qui
3612 3030 3696 3088 ita

329 3127 634 3200 εὑρίσκομεν
681 3132 770 3187 τὴν
824 3127 872 3181 ἐν
922 3128 1162 3192 ἀλληλοις
1195 3135 1492 3203 συμφωνίαν
1525 3127 1618 3184 διὰ
1645 3132 1740 3188 τὴν
1790 3133 1918 3202 πρός

2027 3129 2182 3186 inter
2208 3145 2325 3186 nos
2346 3128 2656 3190 dissidere,
2673 3131 2732 3184 et
2749 3127 2831 3184 ita
2868 3125 3108 3183 Domini
3137 3123 3458 3198 praeceptis
3486 3121 3694 3178 adver-

318 3217 406 3266 τὸν
468 3217 858 3290 καθηγούμενον
890 3218 1195 3272 εὐπείθειαν·
1246 3224 1298 3272 τί
1351 3217 1412 3271 ἃν
1466 3222 1722 3292 εῖνποιμεν
1767 3220 1918 3292 ἡμεῖς

311 3299 359 3355 ἐν
413 3307 646 3377 τοσαύτη
695 3309 784 3377 μεν
847 3315 908 3379 τῇ
960 3311 1087 3380 πρὸς
1159 3307 1406 3369 ἀλλήλους
1484 3305 1767 3361 διαστάσει
1824 3327 1915 3360 το-

311 3393 478 3464 σαύτη
511 3390 569 3445 δὲ
607 3401 668 3465 τῇ
704 3397 836 3466 πρὸς
860 3398 949 3455 τὰς
981 3394 1185 3457 ἐντολὰς
1222 3406 1315 3449 τοῦ
1370 3402 1563 3470 Κυρίου
1592 3396 1914 3458 ἐναντιότητι

307 3483 708 3556 εύρισκόμενοι;
759 3481 827 3535 Ἤ
881 3483 1009 3555 ούχὶ
1060 3492 1229 3538 ταῦτα
1277 3488 1449 3539 πάντα
1505 3489 1775 3559 ἡγούμεθα
1822 3496 1910 3540 νῦν

303 3574 394 3644 μὲν
434 3572 505 3634 εἰς
553 3568 908 3625 διδασκαλίαν
952 3578 1042 3626 καὶ
1089 3573 1338 3650 ἐντροπὴν
1382 3577 1633 3650 ἡμετέραν
1809 3580 1909 3630 ὑπὸ

301 3669 396 3713 τοῦ
427 3660 628 3733 ἀγαθοῦ
680 3671 812 3715 Θεοῦ
839 3663 1302 3738 προτεθείσθαι,ἇν
1353 3661 1411 3718 δε
1458 3674 1517 3737 τῇ
1569 3665 1766 3739 μεγάλῃ
1818 3667 1909 3720 καὶ

302 3749 495 3825 φοϐερᾴ
535 3760 632 3812 τῆς
680 3757 904 3827 κρίσεως
957 3757 1127 3828 ἡμέρα
1174 3754 1240 3814 εἰς
1287 3755 1554 3827 αἰσχύνην
1607 3761 1696 3808 καί
1736 3759 1905 3809 κατά-

299 3859 476 3914 κρισιν
522 3849 621 3894 τῶν
693 3847 763 3915 μὴ
823 3839 1211 3915 παιδευομένων
1269 3847 1794 3917 προσενεχθήσεσθαι
1815 3846 1902 3899 ὑπ’

298 3929 460 3983 αὐτοῦ
514 3939 605 3984 τοῦ
649 3936 738 3984 καὶ
787 3934 1016 3994 εἰπόντος
1059 3930 1190 4003 ἤδη,
1237 3940 1326 3986 καὶ
1377 3934 1609 4006 λέγοντος
1658 3934 1737 3988 ἀεὶ
1774 3939 1855 3989 ὅτι
1885 3959 1898 3971 ·

294 4017 464 4090 Ἔγνω
536 4018 663 4094 βοῦς
732 4024 818 4073 τὸν
895 4024 1240 4096 κτησάμενον,
1297 4029 1386 4076 καὶ
1443 4028 1549 4085 ὄνος
1610 4029 1705 4082 τὴν
1775 4027 1901 4098 φάτ-

291 4128 385 4166 νην
446 4117 539 4163 τοῦ
607 4115 788 4183 κυρίου
847 4111 1047 4163 αὐτοῦ’
1126 4112 1339 4185 Ἰσραὴλ
1379 4109 1438 4166 δὲ
1493 4133 1556 4187 με
1611 4113 1706 4166 οὐκ
1745 4117 1892 4186 ἔγνω,

290 4203 381 4250 καὶ
426 4199 451 4250 ὁ
499 4197 621 4263 λαός
676 4220 740 4273 με
793 4199 851 4252 ού
908 4209 1120 4269 συνῆκε,
1149 4207 1239 4254 καὶ
1286 4202 1450 4255 πολλά
1478 4203 1610 4256 οῐλλα
1637 4212 1891 4272 τοιαῦτα;

287 4285 476 4341 Ἐκεῖνο
535 4285 594 4342 δὲ
646 4293 706 4342 τὸ
773 4291 874 4343 ὑπὸ
933 4300 1024 4344 τοῦ
1073 4291 1394 4345 Ἀποστόλον
1449 4293 1733 4367 εἰρημένον,
1791 4299 1888 4348 τὸ·

289 4382 405 4430 Εῑτε
483 4381 688 4451 πάσχει
767 4379 816 4432 ἓν
899 4381 1092 4453 μέλος,
1188 4384 1502 4456 συμπάσχει
1584 4383 1754 4437 πάντα
1826 4389 1892 4440 τὰ

287 4467 413 4540 μέλη
443 4510 456 4523 .
513 4473 612 4522 εἴτε
690 4466 969 4533 δοξάζεται
1031 4470 1079 4523 ἓν
1132 4472 1306 4544 με’λος,
1367 4479 1654 4547 συγχαίρει
1720 4478 1890 4528 πάντα

1001 4558 1111 4614 Ἵνα
1159 4565 1229 4634 μὴ
1373 4568 1659 4636 σχίσματα
1724 4563 1772 4616 ἐν
1822 4571 1886 4636 Ιῷ

285 4559 352 4609 τὰ
433 4557 558 4630 μέλη
596 4579 608 4591 ·
679 4564 769 4610 καὶ
844 4564 902 4612 τό
932 4601 945 4615 .

288 4651 516 4720 σώματι,
590 4645 719 4701 ἀλλὰ
783 4652 842 4701 τὸ
899 4649 1026 4704 αὐτὸ
1101 4653 1229 4726 ὑπὲρ
1309 4650 1538 4710 ἀλλήλων
1594 4662 1886 4729 μεριμνῶσι

354 4826 402 4859 ³ο
443 4827 610 4882 Rom.
641 4842 678 4894 ι,
710 4830 801 4897 28,
824 4832 911 4884 29.
991 4831 1033 4864 ³·
1071 4831 1116 4886 Il
1147 4831 1278 4886 Cor.
1313 4848 1432 4897 xm,
1474 4837 1526 4890 3.

278 4897 328 4930 ³ο
369 4901 386 4952 l
420 4900 551 4954 Cor.
585 4914 689 4967 xu,
715 4903 804 4955 26.
887 4903 929 4936 ετ
963 4901 1112 4959 ibid.
1141 4907 1234 4961 25.

351 5075 459 5157 (53)
498 5077 1020 5160 _Codex_Combef
1066 5087 1123 5140 et
1169 5084 1519 5160 editioVen.
1546 5103 1682 5143 cum
1729 5091 1868 5160 Reg.

275 5150 474 5232 primo
498 5150 809 5203 Ἀποστολον
839 5156 897 5204 τὸ
919 5161 1169 5232 κήρυγμα
1197 5157 1327 5232 οῦκ,Δ
1354 5158 1508 5214 hanc
1534 5150 1871 5217 doctrinam

275 5235 310 5301 ᾳ
341 5235 402 5301 se
429 5228 555 5301 ipso
586 5239 706 5301 non
739 5228 1130 5301 excogitasse.
1184 5229 1372 5285 Editio
1410 5231 1591 5286 Paris.
1622 5239 1678 5286 et
1729 5237 1868 5301 Heg.

271 5294 480 5373 tertius
511 5294 899 5384 ’Awéa‘roiovnré
923 5307 1107 5384 κρῖμα,
1133 5307 1189 5355 et
1207 5301 1553 5384 itaoquogue
1571 5302 1787 5374 legitur
1809 5294 1872 5362 in

272 5366 545 5447 margine
575 5366 800 5447 codicis
823 5366 1175 5447 Combef.‘et
1203 5366 1481 5447 editionis
1509 5366 1762 5432 νθηὲιω.

343 5439 448 5504 (54)
477 5439 718 5518 ,ᾅηίίιίμὶ
743 5444 860 5494 tres
882 5439 1022 5518 libri
1060 5441 1108 5494 οἱ
1136 5446 1266 5518 προς
1294 5443 1360 5497 τα
1380 5444 1671 5518 φθάσαντα.
1711 5451 1871 5504 Utra-

267 5522 390 5587 que
419 5508 603 5587 editio
634 5507 702 5587 οἱ,
731 5514 1146 5587 προγθάσαντες,
1175 5507 1266 5571 ὲὶο
1319 5507 1550 5587 tamen,
1595 5526 1659 5575 ut
1689 5519 1870 5577 editio

265 5579 665 5661 Ven.__babeat
686 5583 747 5661 in
771 5579 1046 5661 margine
1074 5579 1281 5661 οἰπρὸς
1306 5592 1369 5641 τὰ
1396 5579 1688 5661 φθάσαντα.

341 5654 457 5722 (55)
487 5651 677 5708 Editio
708 5651 1030 5712 Paris.‘6tu
1072 5651 1234 5726 την.’.,
1259 5651 1521 5732 ἀγνωσίαν
1617 5660 1870 5740 ἀδόκιμον

1604 4833 1652 4868 ³⁵
1693 4833 1895 4894 Matth.
1945 4849 2067 4906 xui,
2125 4839 2214 4896 i3.

2027 3217 2593 3291 sariireperiamur?
2610 3216 2819 3273 Nonne
2834 3215 3012 3273 nobis
3030 3213 3396 3289 putandum,
3409 3216 3690 3276 est,nunc

2025 3309 2272 3384 quidem
2298 3309 2430 3365 haec
2456 3306 2665 3364 omnia
2685 3307 2764 3363 ad
2785 3305 3122 3364 doctrinam
3147 3307 3205 3360 et
3229 3301 3689 3360 conversionem

2023 3403 2298 3456 nostram
2333 3414 2370 3454 a
2397 3397 2663 3469 benigno
2709 3399 2831 3454 Deo
2885 3395 3166 3469 proponi,
3194 3391 3411 3450 eadem
3449 3407 3592 3447 vero
3621 3391 3686 3447 in

2020 3505 2249 3560 magna
2262 3489 2366 3546 illa
2382 3505 2453 3545 ac
2472 3486 3026 3559 metuendajudicii
3044 3486 3143 3542 die
3159 3485 3239 3543 ad
3255 3481 3682 3541 verecundiam

2019 3583 2078 3636 et
2115 3577 2694 3636 condemnationem
2743 3593 2957 3633 eorum
3011 3576 3190 3646 216
3221 3573 3329 3646 qui
3351 3570 3571 3630 eruditi
3609 3588 3681 3638 a_c

2017 3667 2327 3725 emandati
2346 3683 2468 3723 non
2498 3665 2737 3734 fuerint,
2761 3668 2838 3722 ab
2868 3681 2940 3721 eo
2974 3664 3107 3737 ipso
3129 3661 3492 3737 proferenda
3522 3676 3675 3731 esse,

2013 3757 2121 3831 qui
2141 3755 2367 3814 scilicet
2395 3763 2452 3812 et
2469 3756 2600 3826 jam
2620 3754 2854 3821 dixerit,
2873 3757 2930 3810 et
2956 3768 3197 3825 semper
3217 3751 3414 3807 dicat:
3449 3751 3676 3821 Cognoo

2012 3848 2096 3902 vit
2129 3847 2228 3902 bos
2244 3861 2661 3917 possessorem,
2683 3850 2738 3901 et
2763 3845 2969 3900 asinus
2987 3856 3258 3913 praesepe
3277 3839 3508 3896 domini
3535 3839 3634 3894 sui
3654 3856 3667 3895 :

2009 3937 2207 3992 Israel
2230 3951 2369 3992 vero
2388 3951 2479 3993 me
2503 3951 2625 3991 non
2647 3936 2946 4004 cognovit,
2961 3939 3015 3989 et
3033 3932 3295 4002 populus
3315 3945 3408 3986 me
3426 3945 3549 3986 nan
3579 3931 3669 3985 in-

2009 4027 2336 4096 tellexit”,
2377 4031 2435 4081 et
2490 4025 2610 4082 alia
2649 4024 2928 4096 ejusdem
2979 4021 3216 4093 generis
3241 4019 3482 4076 multa?
3517 4018 3668 4075 Illud

2005 4131 2272 4189 quoque,
2299 4115 2464 4188 quod
2486 4114 2564 4170 ab
2595 4113 2884 4186 Apostolo
2906 4112 3138 4168 dictum
3165 4116 3257 4168 est
3278 4127 3291 4166 :
3314 4110 3392 4165 Et
3413 4110 3535 4166 sive
3547 4124 3663 4178 pa-

2005 4206 2157 4261 titur
2184 4221 2372 4261 unum
2401 4204 2753 4275 membrum,
2773 4207 3227 4274 compatmntur
3255 4201 3457 4256 omnia
3481 4215 3662 4256 mem-

2004 4295 2112 4352 bra
2144 4312 2158 4350 :
2191 4296 2315 4351 sive
2359 4296 2751 4366 gloriﬁcatur
2783 4309 2973 4348 unum
3007 4292 3358 4359 membrum,
3386 4305 3658 4360 congau-

2000 4386 2143 4442 dent
2202 4387 2403 4442 omnia
2439 4385 2706 4441 membra
2726 4387 2795 4437 εδ.
2830 4384 2977 4439 Item
3025 4382 3171 4438 illud
3216 4398 3230 4438 :
3273 4383 3344 4440 Ut
3374 4398 3496 4437 non
3533 4381 3658 4436 sint

1997 4476 2324 4533 schismata
2346 4476 2408 4532 in
2433 4491 2700 4546 corpore,
2721 4473 2826 4531 sed
2844 4473 3104 4543 idipsum
3127 4487 3241 4542 pro
3265 4473 3520 4527 invicem
3540 4471 3655 4526 sot—

2001 4566 2170 4622 licita
2189 4567 2309 4622 sint
2337 4565 2606 4623 membra
2631 4567 2701 4633 ’7,
2735 4568 2799 4619 ut
2825 4579 2963 4636 quae
2993 4561 3073 4618 ab
3098 4577 3219 4618 una
3240 4561 3448 4618 anima
3475 4560 3652 4617 inha-

1994 4653 2223 4712 bitante
2255 4659 2631 4713 moveantur.
2660 4651 3069 4716 Quamobrem
3098 4650 3182 4707 ita
3209 4649 3459 4708 tandem
3483 4648 3651 4707 insti-

2290 4835 2340 4871 ³³
2376 4833 2523 4895 ibid.
2575 4839 2661 4892 i5.
2738 4836 2786 4870 ²⁴
2820 4831 2977 4890 Psal.
3015 4847 3111 4904 xu,
3142 4833 3198 4888 4.
3274 4833 3323 4868 ³⁸
3354 4829 3469 4888 Isa.
3497 4846 3534 4898 ι,
3576 4835 3635 4888 3.

1979 5099 2173 5165 γνῶσιν
2205 5089 2484 5165 ἐγγίνεται.
2537 5090 2739 5165 Codex
2790 5087 3061 5146 Combef.
3113 5091 3171 5165 et
3225 5087 3369 5165 Beg.
3401 5083 3641 5165 primus

1982 5156 2077 5217 διὰ
2123 5156 2285 5226 τῆςξᾷ
2316 5163 2579 5236 ἀγνωσίας
2627 5159 2880 5235 ἀδόκιμον
2909 5169 3099 5233 γνῶσιν
3132 5156 3442 5236 iuri-Quotve
3471 5156 3640 5228 quod

1981 5252 2194 5292 verum
2220 5229 2634 5307 judicavimus
2651 5241 2708 5291 et
2729 5229 3056 5307 sincerum.
3083 5235 3125 5288 Ν
3133 5229 3376 5307 ec_ill_u_d
3394 5234 3638 5307 praeter-

1982 5301 2254 5364 eundum
2276 5307 2529 5376 silentio,
2557 5308 2673 5377 legi
2709 5304 2994 5363 secundis
3022 5304 3180 5360 curis
3201 5303 3264 5359 in
3286 5301 3443 5358 libro
3467 5302 3637 5356 Com-

1979 5379 2099 5436 bef.
2131 5377 2225 5433 διὰ
2255 5381 2413 5440 τὴν...
2443 5379 2726 5452 ἀγνωσίαν,

2053 5455 2166 5523 (56)
2217 5441 2685 5524 Utraque'editio
2707 5452 2735 5510 ii
2762 5449 2856 5504 ούκ
2877 5451 3005 5522 ἔχω.
3029 5445 3262 5505 Vocula
3285 5449 3315 5505 ἤ
3341 5445 3404 5502 in
3434 5441 3638 5501 veteri-

1980 5521 2098 5578 bus
2129 5524 2296 5579 libris
2327 5521 2450 5579 non
2470 5523 2702 5593 legitur.
2901 5521 2907 5522 ί
3264 5591 3274 5593 _
3421 5529 3424 5532 ’

2057 5599 2166 5664 (57)
2207 5595 2378 5670 Illud,
2409 5601 2500 5649 καὶ
2527 5586 2775 5670 ἐντροπὴν
2796 5595 3074 5670 ἡμετέραν,
3099 5593 3206 5660 ita,
3223 5591 3280 5670 ἐξ
3305 5587 3522 5670 mavis,
3547 5586 3634 5643 in-

1981 5663 2293 5740 terpretari
2337 5672 2533 5742 potes,
2577 5663 2660 5728 at!
2685 5663 3099 5727 incutiendum
3130 5663 3299 5723 nobis
3323 5663 3632 5736 pudorem.
