4110 6376
318 321 417 374 6³61

1715 312 1803 365 nr;
1828 286 2112 366 unum")
2156 304 2294 368 nm;

3584 316 3688 371 662

317 441 487 517 ἐρωτῶ
534 445 709 517 μόνον,
760 437 888 493 ἀλλὰ
942 442 1033 491 καὶ
1086 441 1204 513 περὶ
1256 445 1357 490 τῶν
1410 442 1758 491 πιστευόντων
1805 436 1913 507 (63]

2031 436 2154 491 sint
2176 436 2247 494 ".
2288 434 2438 493 Cum
2476 436 2560 493 ita
2588 437 2836 494 demum
2868 454 2941 494 ex
2970 437 3084 510 his,
3110 444 3165 494 et
3195 453 3268 494 ex
3301 437 3473 509 217
3508 435 3693 512 pluri-

317 528 411 586 διὰ
451 540 543 587 τοῦ
590 531 744 604 λόγου
786 528 953 582 αὐτῶν
1007 527 1079 591 εἰς
1131 527 1239 602 ἐμὲ,
1302 528 1386 581 ἶνα
1436 528 1624 592 πάντες
1676 527 1724 581 ἓν
1772 528 1920 581 ὦσιν.

317 621 433 678 Ἐπὶ
490 624 714 690 τούτοις,
756 624 847 673 καὶ
893 618 1100 673 πλείοσι
1143 624 1254 680 τοῖς
1305 620 1737 692 σεσιωπημένοις,
1788 615 1923 670 οὕτω

318 720 493 786 σαφῶς
544 715 635 765 καὶ
693 707 1079 785 ἀναντιρῤἠτως
1130 706 1418 782 ἀναγκαίαν
1472 710 1563 782 μεν
1605 704 1733 761 εἶναι
1783 705 1922 765 πλη-

312 803 620 877 ροφορηθεὶς
658 805 754 860 τὴν
779 800 923 876 παρὰ
969 800 1145 861 πάσης
1177 798 1309 872 ὁμοῦ
1360 805 1458 862 τῆς
1503 805 1596 851 τοῦ
1637 804 1772 851 Θεοῦ
1807 795 1921 848 Ἐκ-

313 892 556 961 κλησίας,
608 892 739 946 κατά
780 891 838 945 τὸ
889 888 1087 963 θέλημα
1131 895 1222 943 τοῦ
1264 895 1526 964 Χριστοῦ,
1568 886 1618 941 ἓν
1661 889 1924 961 Πνεύματι

315 982 449 1057 ἁγίῳ
528 986 853 1056 συμφωνίαν,
912 976 1239 1034 ἐπικίνδυνον
1302 975 1362 1033 δὲ
1427 984 1517 1032 καὶ
1575 977 1808 1054 ὢ.εθρίαν
1875 976 1923 1033 ἐν

315 1079 378 1147 τῇ
426 1073 556 1149 πρὸς
587 1068 837 1134 ἀλλήλους
883 1065 1165 1124 διαστάσει
1210 1072 1306 1129 την
1333 1070 1460 1144 πρὸς
1490 1068 1619 1123 Θεὸν
1658 1066 1921 1121 ἀπείθειαν

317 1160 395 1234 (⁸0
456 1163 557 1236 γὰρ
627 1158 871 1229 ἀπειθῶν,
928 1163 1080 1233 φησὶ,
1138 1166 1209 1231 τῷ
1266 1158 1370 1230 Υἰῷ
1435 1157 1529 1211 οῦκ
1587 1157 1771 1229 ἅψεται
1827 1161 1921 1216 τὴν

315 1250 471 1318 ζωὴν,
541 1248 651 1303 ἀλλ’
715 1252 745 1308 ἡ
808 1248 937 1323 ὀργὴ
1007 1255 1098 1301 τοῦ
1165 1254 1301 1302 Θεοῦ
1370 1254 1517 1325 μερεῖ
1576 1245 1653 1300 ἄπ’
1724 1245 1917 1319 αὐτὸν),

311 1338 471 1393 έκεῖνο
530 1337 811 1393 ἀκόλουθον
874 1339 1160 1411 ἡγησάμην
1219 1335 1457 1400 ἐξετάσαι
1519 1336 1698 1389 λοιπόν
1727 1357 1740 1371 ο
1794 1342 1922 1389 ποῖα

310 1431 401 1504 μὶν
454 1430 559 1505 άρα
617 1434 934 1503 συγγνώμην
999 1434 1103 1482 τῶν
1165 1426 1551 1502 ἁμαρτημάτων
1617 1429 1758 1499 ἔχειν
1816 1423 1918 1479 δύ-

308 1538 459 1573 ναται
536 1520 680 1595 παρὰ
750 1526 826 1591 τῷ
904 1524 1037 1589 Θεῷ,
1114 1520 1257 1570 πόσα
1320 1514 1381 1571 δέ
1434 1536 1516 1578 τις
1574 1519 1666 1569 καὶ
1722 1515 1919 1574 πηλίκα

310 1606 657 1683 ἁμαρτήσας,
734 1607 1015 1666 ὑπεύθυνος
1088 1610 1288 1677 γίνεται
1373 1614 1445 1679 τῷ
1530 1609 1749 1680 κρίματι
1821 1615 1918 1668 τῆς

310 1694 589 1759 ἀπειθείας.
649 1697 890 1770 Εὑρίσκω
936 1698 1130 1762 τοίνυν,
1184 1693 1453 1749 ἀναλαϐὼν
1478 1696 1595 1769 (64)
1637 1696 1733 1756 τὰς
1780 1697 1919 1756 θείας

2031 524 2172 588 bus,
2222 540 2359 599 qua
2407 526 2643 583 silentio
2688 527 3070 601 prietermisi,
3111 527 3261 583 mihi
3302 527 3460 583 clare
3484 532 3543 584 et
3570 526 3691 585 evi-

2032 619 2247 675 denter
2274 617 2721 690 persuasissem
2747 616 3137 674 concordiam
3162 615 3371 672 intota
3390 616 3570 672 simul
3587 618 3686 673 Ec-

2033 707 2218 764 clesia
2238 706 2340 762 Dei
2360 706 2767 763 necessariam
2798 721 2948 770 esse,
2976 706 3152 777 juxta
3174 704 3387 763 Christi
3415 704 3692 762 volunta-

2032 804 2175 866 tem,
2206 797 2268 854 in
2312 800 2523 854 sancto
2577 795 2820 871 Spiritu,
2853 800 3203 868 contraque,
3237 794 3688 852 contumaciam

2032 904 2169 964 quas
2200 887 2262 944 in
2290 889 2476 943 Deum
2508 892 2615 953 est,
2658 886 2923 943 maxime
2945 885 2995 941 si
3022 888 3238 942 mutuo
3258 883 3511 941 dissidio
3549 898 3692 941 con-

2027 978 2338 1050 jungatur,
2369 976 2773 1049 periculosam
2820 991 2954 1032 esse
3000 978 3060 1033 et
3094 974 3506 1049 perniciosam
3550 973 3695 1044 (Qui

2031 1068 2204 1130 enim,
2223 1066 2438 1139 inquit,
2462 1072 2793 1123 contumax
2832 1070 2925 1122 est
2951 1066 3020 1121 in
3055 1065 3302 1136 Filium,
3326 1079 3444 1120 non
3463 1062 3690 1121 videbit

2029 1158 2229 1225 vitam,
2261 1156 2365 1213 sed
2405 1156 2499 1212 ira
2535 1155 2649 1212 Dei
2670 1154 2937 1213 manebit
2981 1169 3158 1225 super
3200 1154 3397 1223 ipsum
3420 1153 3513 1222 ⁸³),
3539 1151 3689 1209 illud

2030 1262 2412 1320 consequens
2464 1260 2593 1302 esse
2644 1244 2813 1311 duxi,
2861 1248 2924 1301 ut
2975 1244 3226 1302 tandem
3281 1241 3689 1315 expenderem

2028 1351 2314 1412 quaenam
2336 1338 2582 1409 peccata
2601 1333 2844 1391 veniam
2862 1333 3029 1408 apud
3049 1337 3238 1391 Deum
3254 1332 3527 1390 obtinere
3550 1345 3692 1405 pos-

2031 1426 2235 1494 sint,et
2253 1427 2333 1483 ob
2363 1442 2501 1500 quae
2523 1430 2581 1483 et
2601 1425 2680 1483 ob
2705 1422 2914 1499 qualia
2940 1423 3161 1481 delicta
3185 1422 3293 1480 ﬁat
3311 1421 3449 1495 quis
3485 1425 3693 1479 contu-

2029 1517 2242 1574 macies
2268 1515 2496 1589 judicio
2524 1514 2845 1573 obnovius.
2881 1512 3129 1571 Relectis
3166 1513 3346 1583 igitur
3370 1510 3689 1585 Scripturis

2026 1606 2506 1680 divinis,reperio
2522 1604 2782 1663 inVeteri
2798 1619 2870 1661 ac
2894 1606 3061 1661 Novo
3080 1604 3688 1674 Testamento,neque

2027 1698 2090 1753 in
2120 1693 2500 1753 multitudine
2520 1708 2719 1768 neque
2737 1694 2799 1750 in
2827 1690 3245 1765 magnitudine
3273 1694 3686 1764 peccatorum,

310 1787 533 1860 Γραφάς,
568 1781 616 1838 ἓν
665 1791 728 1861 τῇ
782 1783 988 1858 Παλαιᾴ
1033 1786 1122 1837 καὶ
1161 1790 1329 1859 Koma?)
1378 1786 1633 1859 Διαθήκῃ,
1692 1787 1813 1838 οὔτε
1867 1782 1913 1837 ἐν

2024 1785 2135 1857 sed
2150 1785 2214 1841 in
2230 1799 2354 1841 una
2369 1780 2795 1840 tantummodo
2824 1781 3245 1856 cujuscunque
3265 1776 3515 1836 tandem
3535 1792 3691 1850 prae-

307 1881 382 1947 τῷ
427 1874 615 1933 πλήθει
668 1880 767 1927 τῶν
812 1872 1268 1949 ἁμαρτανομένων,
1327 1876 1443 1927 οὔτε
1496 1871 1544 1925 ἓν
1601 1881 1674 1945 τῷ
1712 1874 1915 1946 μεγέθει

307 1970 409 2018 τῶν
457 1963 869 2037 ἁμαρτημάτων,
915 1962 967 2015 ἕν
1021 1965 1151 2037 μόνῃ
1209 1959 1275 2016 δέ
1306 1970 1370 2036 τῇ
1411 1962 1709 2039 παραϐάσει
1766 1964 1914 2017 οὑτι-

305 2060 492 2110 νοσοῦν
544 2053 975 2131 προστάγματος,
1037 2060 1215 2129 σαφῶς
1270 2059 1574 2129 κρινομένην
1633 2057 1728 2113 τὴν
1784 2058 1915 2129 πρὸς

308 2146 436 2198 Θεὸν
495 2142 778 2210 ἀπείθειαν,
847 2147 938 2197 καὶ
984 2145 1156 2197 κοινόν
1217 2143 1353 2197 κατά
1408 2144 1590 2208 πάσης
1640 2151 1915 2220 παρακοῆς

301 2238 399 2287 τοῦ
445 2239 581 2287 Θεοῦ
636 2235 696 2287 τὸ
730 2240 896 2307 κρῖμα
928 2248 942 2265 ο
986 2229 1034 2286 ἓν
1090 2236 1181 2307 μεν
1228 2239 1291 2306 τῇ
1343 2230 1554 2304 Παλαιᾷ
1600 2236 1659 2285 τὸ
1701 2232 1913 2309 φοϐερὸν

303 2320 464 2377 έκεῖνο
522 2329 614 2376 τοῦ
670 2320 851 2398 ’Δχαρ
911 2322 1021 2394 (65)
1079 2320 1449 2394 ἀναγινώσκων
1514 2322 1666 2389 τέλος,
1725 2323 1757 2383 ἣ
1816 2324 1913 2382 τὴν

303 2414 441 2468 κατὰ
485 2414 574 2468 τόν
627 2410 675 2465 ἓν
728 2409 974 2485 Σαϐϐάτῳ
1024 2411 1152 2475 ξύλα
1191 2411 1505 2477 συλλέξαντα
1545 2413 1801 2488 ἱστορίαν,
1844 2410 1913 2465 ὧν

306 2501 546 2577 ἑκάτερος
620 2497 771 2555 οὐδεν
848 2496 1183 2554 οὐδεπώποτε
1246 2499 1413 2565 ἄλλως
1478 2501 1573 2555 οῦκ
1651 2500 1723 2565 εἰς
1784 2504 1914 2555 Θεὸν

303 2592 648 2668 ἡμαρτηκὼς,
705 2589 799 2643 οῦκ
856 2589 1125 2664 ἄνθρωπον
1192 2586 1486 2657 ἠδικηκὼς,
1546 2590 1606 2642 οὗ
1654 2594 1808 2664 μέγα,
1850 2590 1912 2645 οῦ

304 2683 493 2756 μικρόν
552 2679 680 2742 ὅλως
733 2678 1219 2752 εὖρίσκεται.Ἀλλ⁹
1268 2680 1294 2731 ὁ
1347 2681 1458 2753 μὶν,
1500 2677 1583 2733 έπὶ
1634 2682 1767 2754 μόνη
1819 2686 1911 2735 καὶ

302 2773 482 2843 πρώτῃ
533 2776 634 2823 τῶν
686 2766 848 2833 ξύλων
890 2767 1112 2842 συλλογῇ
1174 2766 1530 2845 ἀπαραίτητον
1587 2765 1622 2822 δ
1629 2766 1788 2824 ἴδωσι
1814 2775 1910 2831 τὴν

304 2854 483 2925 δίκην,
553 2854 677 2912 οὐδε
733 2862 1008 2932 μετανοίας
1055 2861 1216 2911 τόπον
1273 2860 1431 2933 εὑρών
1467 2878 1480 2894 ο
1537 2861 1911 2934 προστάγματι

302 2948 404 3025 γὰρ
457 2954 550 2999 τοῦ
600 2952 734 2999 Θεοῦ
771 2948 917 3020 παρὰ
944 2951 1133 3009 παντὸς
1170 2956 1263 3001 τοῦ
1293 2947 1421 3000 λαοῦ
1462 2958 1802 3023 παραχρῆμα
1825 2949 1909 3003 λις

305 3033 591 3090 θοϐολεϊται
618 3052 635 3068 ο
675 3037 700 3089 ὁ
740 3032 817 3107 δι,
853 3038 930 3090 ὅτι
967 3041 1121 3111 μόνον
1166 3038 1395 3112 ὑφείλετό
1434 3057 1486 3091 τι
1516 3046 1616 3092 τῶν
1656 3037 1910 3114 ἀναθεμά-

2028 1871 2183 1945 cepti
2233 1870 2577 1939 violatione,
2629 1869 3085 1927 contumaciam
3146 1867 3443 1925 adversm
3498 1866 3689 1923 Deum

2026 1961 2185 2018 clare
2218 1958 2501 2033 judicari,
2530 1972 3045 2033 communemque
3074 1957 3436 2015 sententiam
3477 1971 3515 2013 a
3566 1954 3688 2011 Deo

2022 2049 2164 2108 ferri
2182 2052 2244 2108 in
2269 2065 2515 2108 omnem
2544 2047 3245 2121 inobedientiam.Atque
3261 2046 3325 2104 in
3346 2044 3537 2102 Veteri
3557 2043 3689 2118 qui-

2024 2141 2164 2198 dem
2194 2138 2332 2211 lego
2350 2138 2727 2198 horrendum
2747 2137 2920 2196 illum
2947 2137 3140 2211 ipsius
3160 2136 3358 2193 Achar
3374 2134 3604 2192 exitum
3617 2133 3687 2200 ⁸³,

2024 2233 2086 2290 at
2114 2229 2246 2302 ejus
2275 2230 2381 2304 qni
2412 2227 2678 2287 Sabbato
2705 2228 2877 2301 ligna
2907 2226 3231 2299 collegerat
3256 2224 3570 2283 historiam
3596 2223 3684 2281 “:

2022 2334 2286 2393 quorum
2315 2322 2527 2376 neuter
2571 2333 2851 2392 unquam
2903 2315 3053 2375 alias
3103 2312 3580 2390 deprehenditur
3622 2311 3689 2370 in

2021 2406 2211 2466 Deum
2233 2423 2540 2483 peccasse,
2564 2412 2666 2465 aut
2692 2406 2925 2465 homini
2960 2404 3065 2463 ulli
3086 2403 3212 2463 ulla
3228 2404 3290 2462 in
3314 2416 3378 2461 re
3411 2403 3540 2459 sive
3560 2415 3690 2459 ma.

2024 2515 2145 2571 gna
2187 2499 2311 2557 sive
2350 2514 2543 2574 parva
2570 2498 2858 2571 injuriam
2886 2496 3122 2555 fecisse.
3153 2495 3270 2553 Sed
3293 2500 3498 2552 tamen
3535 2492 3688 2550 alter

2021 2590 2271 2665 quidem
2302 2589 2382 2646 ob
2413 2587 2610 2646 solam
2655 2603 2725 2645 ac
2754 2589 3017 2661 primam
3046 2585 3355 2657 lignorum
3384 2581 3687 2640 collectio.

2021 2695 2162 2737 nem
2190 2678 2570 2737 inevitabiles
2605 2693 2822 2752 poenas
2855 2676 2985 2747 luit,
3034 2692 3112 2734 ne
3147 2672 3515 2750 poenitentiae
3551 2672 3687 2745 qui-

2020 2766 2162 2827 dem
2200 2769 2447 2827 invento
2476 2769 2632 2832 loco,
2655 2765 3160 2843 quandoquidem
3190 2764 3293 2821 Dei
3323 2763 3505 2835 jussu
3541 2773 3684 2818 con-

2021 2860 2217 2917 festim
2248 2875 2285 2917 a
2314 2864 2530 2917 cuncto
2574 2857 2805 2933 populo
2846 2855 3154 2932 lapidibus
3181 2853 3457 2912 obruitur
3486 2868 3502 2908 :
3534 2850 3689 2909 alter

2018 2964 2184 3023 vero,
2208 2948 2377 3025 quod
2398 2949 2597 3007 solum
2627 2948 2963 3005 sustulisset
2982 2945 3213 3021 aliquid
3234 2962 3307 3003 ex
3332 2942 3603 3001 donariis
3622 2944 3683 3001 et

2021 3038 2598 3113 muneribus,iisque
2617 3037 2894 3094 nondum
2915 3037 2977 3094 in
3003 3050 3382 3111 synagogam
3402 3035 3679 3106 exporta-

300 3144 397 3180 των
448 3129 592 3179 οῦπω
656 3125 1049 3199 εἰσενεχθέντων
1115 3128 1230 3201 (66)
1297 3127 1370 3191 εἰς
1418 3133 1514 3187 τὴν
1572 3134 1908 3204 συναγωγὴν,

2024 3130 2118 3201 tis,
2150 3129 2413 3187 necdum
2440 3128 2520 3187 ab
2548 3127 2620 3185 iis
2645 3127 2751 3202 qui
2778 3128 2858 3186 ad
2879 3128 3020 3185 talia
3047 3124 3398 3200 recipienda
3416 3123 3676 3181 destina-

298 3211 424 3269 οὔδε
496 3212 937 3290 προσδεχθέντων
1005 3218 1106 3270 ὑπό
1181 3225 1282 3270 τῶν
1362 3218 1764 3293 ἐπιτεταγμένων
1843 3223 1909 3275 τὰ

296 3311 538 3373 τοιαῦτα,
593 3309 761 3368 αἴτιος
801 3303 1058 3368 ἀπωλείας
1094 3307 1190 3360 οῦκ
1237 3307 1379 3379 αὐτῷ
1436 3312 1611 3381 μόνον,
1654 3309 1783 3364 ἄλλά
1818 3315 1909 3365 καὶ

296 3400 497 3468 γαμετῇ
553 3398 646 3446 καὶ
703 3396 922 3461 τέκνοις,
984 3400 1113 3468 πρὸς
1156 3392 1217 3449 δε
1273 3400 1364 3449 καὶ
1422 3397 1552 3471 αὐτῇ
1612 3406 1675 3472 τῇ
1740 3407 1905 3474 σκηνῇ

297 3486 393 3539 σὺν
440 3490 577 3538 πᾶσι
642 3488 753 3547 τοῖς
822 3479 980 3547 ἰδίοις
1024 3483 1237 3558 ἐγένετο.
1270 3485 1482 3560 Ἔμελλε
1530 3484 1592 3542 δέ
1654 3484 1762 3549 ἤδη
1817 3494 1908 3544 καὶ

290 3574 468 3629 πάντα
504 3576 592 3626 τὸν
642 3572 767 3626 λαόν
796 3576 963 3650 πυρὸς
1006 3578 1200 3653 τρόπον
1239 3573 1570 3649 ἰπινέμεσθαι
1598 3587 1697 3641 τῆς
1732 3579 1907 3656 ἁμαρ-

289 3669 410 3726 τίας
438 3665 497 3717 τὸ
527 3665 708 3730 κακόν,
749 3666 842 3715 καὶ
871 3670 1040 3717 ταῦτα
1060 3666 1178 3719 οὔτε
1209 3661 1388 3719 εἰδότα
1423 3670 1483 3719 τὸ
1524 3670 1753 3741 γεγονὸς,
1782 3666 1911 3724 οὐδε

294 3755 657 3827 συνεγνωκότα
692 3760 764 3825 τῷ
797 3752 1184 3829 ἁμαρτήσαντι,
1245 3754 1289 3808 εἰ
1335 3759 1409 3829 μὴ
1449 3761 1656 3830 ταχέως
1706 3757 1761 3812 ἐκ
1810 3769 1908 3824 τῆς

289 3847 543 3906 πτώσεως
589 3850 689 3895 τῶν
743 3840 1109 3919 ἀναιρεθέντων
1163 3841 1367 3922 ἀνδρῶν
1419 3846 1690 3922 συνετρίϐη
1746 3852 1836 3924 μεν
1880 3851 1906 3904 ὁ

291 3933 418 3996 λαὸς
465 3932 774 4005 αἰσθόμενος
808 3940 907 3996 τῆς
935 3932 1098 4005 ὀργῆς
1127 3941 1221 3987 τοῦ
1266 3942 1400 3989 Θεοῦ
1431 3958 1442 3971 ·
1494 3938 1644 3991 ἔπεσε
1692 3935 1754 3992 δε
1795 3940 1907 4014 ἄμα

291 4028 404 4087 τοῖς
466 4020 841 4098 πρεσϐυτέροις
889 4026 1367 4099 καταπασσάμενος
1422 4034 1558 4099 χοῦν
1614 4027 1820 4093 Ἰησοῦς
1878 4030 1904 4083 ὀ

294 4120 388 4168 τοῦ
438 4119 614 4181 Ναυῆ,
669 4117 760 4166 καὶ
808 4113 944 4167 οὕτω
993 4110 1088 4166 διὰ
1130 4114 1325 4191 κλήρου
1356 4119 1610 4193 φωραθεὶς
1652 4120 1679 4173 ὁ
1720 4121 1907 4195 ἵνοχος

292 4204 392 4262 τήν
429 4200 703 4279 εἰρημένην
734 4198 897 4255 ἔδωκε
921 4197 1099 4261 δίκην.

368 4304 425 4359 5.
480 4297 622 4353 ⁴Δλλ’
668 4302 797 4362 ἴσως
855 4297 959 4373 ἐρεῖ
1007 4318 1082 4361 τις
1130 4301 1513 4356 ὑποπτεύεσθαι
1558 4307 1651 4379 μὶν
1688 4309 1903 4374 τούτους

297 4388 506 4452 εἰκότως
550 4394 641 4443 καὶ
707 4388 784 4442 ἐπ’
842 4388 1016 4452 ἄλλοις
1077 4387 1474 4465 ἁμαρτήμασιν,
1544 4391 1628 4467 ἀφ’
1681 4396 1750 4449 ὧν
1813 4404 1905 4452 καὶ

2018 3219 2621 3294 bantur,assumptis,
2646 3233 2772 3276 non
2793 3217 2907 3274 sibi
2938 3216 3146 3287 modo,
3165 3215 3270 3272 sed
3293 3213 3465 3273 uxori
3491 3213 3676 3271 etiam

2019 3316 2079 3368 et
2104 3309 2308 3367 liberis
2336 3309 2499 3367 exitii
2549 3313 2731 3384 atque
2766 3306 3051 3382 perniciei
3093 3310 3304 3365 auctor
3344 3304 3472 3368 fuit.
3520 3319 3676 3378 pras-

2018 3407 2302 3474 tereaque
2331 3405 2389 3456 et
2409 3399 2522 3474 ipsi
2549 3398 2943 3457 tabernaculo
2974 3413 3101 3455 una
3143 3412 3283 3453 cum
3323 3395 3447 3453 suis
3483 3394 3676 3452 omni-

2017 3490 2156 3548 bus.
2187 3492 2442 3564 Jamque
2460 3490 2694 3563 peccati
2716 3487 2982 3546 vindicta
3006 3488 3164 3560 ignis
3192 3488 3255 3545 in
3284 3486 3541 3546 modum
3570 3500 3679 3560 po-

2017 3579 2232 3653 pulum
2257 3595 2502 3636 omnem
2524 3577 2893 3654 populatura
2918 3581 3067 3649 erat,
3087 3578 3273 3652 idque
3298 3592 3439 3634 cum
3476 3589 3677 3650 neque

2016 3685 2142 3727 rem
2196 3674 2420 3738 nosset,
2451 3683 2650 3743 neque
2697 3667 2975 3742 peccanti
3021 3667 3301 3725 conscius
3348 3669 3527 3738 esset,
3558 3665 3677 3723 nisi

2017 3761 2221 3817 statim
2248 3758 2537 3834 pOpulus,
2558 3758 2664 3835 qui
2679 3756 2950 3816 divinam
2980 3757 3135 3816 iram
3163 3754 3681 3829 senserat,fuisset

2017 3850 2308 3907 contritus
2332 3849 2413 3906 ob
2434 3849 2886 3907 interfectorum
2904 3848 3174 3906 virorum
3204 3846 3461 3912 cladem,
3483 3850 3542 3905 et
3560 3846 3678 3905 nisi

2015 3942 2192 3998 Jesus
2239 3943 2401 3998 Nave
2430 3938 2588 3997 ﬁlius
2625 3930 2873 4013 pulvere
2903 3953 3268 4013 conspersus
3313 3936 3679 4012 procidisset

2016 4048 2141 4089 una
2182 4035 2321 4088 cum
2351 4029 2713 4099 senioribus,
2743 4029 2950 4104 sicque
2983 4044 3122 4086 reus
3166 4044 3278 4107 per
3320 4033 3545 4087 sortem
3573 4026 3674 4086 de-

2013 4121 2371 4197 prehensus,
2404 4136 2506 4179 eas
2533 4136 2687 4196 quas
2713 4119 2838 4178 dixi
2857 4135 3074 4195 poenas
3094 4118 3378 4177 dedisset.

2087 4310 2139 4362 5.
2175 4308 2245 4361 At
2296 4302 2550 4361 fortasse
2599 4300 2757 4359 dicet
2804 4300 3133 4378 quispiam,
3166 4299 3242 4358 de
3280 4299 3375 4358 his
3423 4298 3677 4376 quidem

2016 4392 2347 4451 existimari
2366 4392 2581 4451 merito
2600 4391 2975 4467 posse,ipsos
2992 4390 3122 4447 aliis
3142 4391 3326 4448 etiam
3348 4389 3678 4448 sceleribus

294 4475 345 4531 ἰν
381 4481 589 4543 τούτοις
647 4477 878 4533 ἑάλωσαν
902 4498 916 4512 ο
966 4482 1135 4554 μόνων
1193 4476 1252 4533 δὲ
1297 4484 1513 4554 τούτων,
1544 4484 1610 4546 ὡς
1655 4485 1904 4558 χαλεπω-

2024 4484 2202 4542 fuisse
2224 4481 2647 4551 obstrictos,ob
2669 4498 2803 4559 quae
2824 4486 2883 4538 et
2903 4480 2966 4537 in
2990 4479 3107 4537 illis
3131 4479 3495 4553 deprehensi
3515 4479 3637 4538 sint
3658 4496 3675 4538 :

291 4573 453 4648 τὲρων
508 4574 599 4624 καὶ
657 4570 881 4623 θανάτου
931 4567 1106 4637 ἀξίων,
1160 4568 1548 4644 ἐπιμνησθῆναι
1605 4580 1700 4635 τὴν
1751 4577 1904 4650 ἁγίαν

293 4664 523 4740 Γραφήν.
552 4658 693 4713 Ἀλλ’
726 4658 769 4713 εἰ
824 4663 915 4711 καὶ
950 4659 1066 4712 λίαν
1122 4663 1198 4718 εἴη
1260 4662 1286 4713 ὁ
1339 4671 1591 4731 τοιοῦτος,
1647 4666 1907 4744 τολμηρός

292 4750 634 4829 προστιθέναι
689 4767 742 4800 τι
802 4752 893 4801 καὶ
951 4749 1207 4825 ὑφαιρεῖν,
1264 4755 1337 4824 μὴ
1393 4756 1483 4804 καὶ
1547 4759 1753 4829 Μαρίας
1803 4758 1907 4832 ἄρα

290 4847 388 4904 τῆς
462 4833 688 4913 ἀδελφῆς
748 4841 1016 4903 Μωῦσέως
1088 4844 1449 4915 κατηγορήσει
1529 4842 1649 4916 (67)
1713 4844 1908 4910 πλῆθος

291 4929 708 5004 ἁμαρτημάτων,
773 4927 836 4991 ἧς
883 4931 978 4987 τὴν
1045 4926 1231 5005 ἀρετὴν
1293 4925 1485 4985 οὐδένα
1534 4941 1634 4986 τῶν
1702 4946 1906 4992 πιστῶν

294 5020 446 5092 οἶμαι
511 5013 915 5085 διαλανθάνειν;
986 5018 1128 5078 Λῦτη
1195 5022 1331 5073 κατά
1409 5026 1659 5086 Μοῦσέως
1722 5022 1903 5088 ἒπειδή

2017 4574 2124 4632 sed
2145 4577 2349 4632 tamen
2372 4588 2608 4633 sacram
2632 4572 2999 4647 Scripturam
3016 4569 3091 4627 de
3110 4569 3205 4626 his
3221 4569 3366 4627 solis
3381 4574 3678 4644 tanquam

2018 4666 2395 4739 gravioribus
2426 4670 2742 4738 morteque
2784 4662 2984 4733 dignis
3027 4661 3399 4719 mentionem
3434 4661 3675 4720 fecisse.

2020 4757 2135 4815 Sed
2162 4761 2570 4832 praeterquam
2599 4752 2769 4830 quod
2798 4753 2972 4811 valde
2997 4752 3194 4812 audax
3224 4757 3315 4810 est
3345 4755 3403 4810 et
3419 4755 3679 4810 temera-

2017 4848 2142 4905 rius
2171 4846 2453 4922 quisquis
2484 4844 2670 4904 sacris
2698 4843 3017 4919 Scripturis
3048 4844 3257 4916 adjicit
3305 4841 3535 4919 aliquid
3572 4844 3682 4903 aut

2018 4938 2226 5009 demit,
2249 4936 2547 5012 nunquid,
2563 4939 2865 5011 queeso,et
2883 4934 3128 4995 Mariam
3148 4935 3364 5010 Moysis
3385 4948 3679 5007 sororem,

2020 5029 2195 5101 cujus
2222 5027 2501 5085 virtutem
2527 5027 2756 5085 nemini
2800 5025 3075 5086 ﬁdelium
3124 5026 3496 5099 incognitam
3543 5041 3681 5085 esse

368 5173 413 5207 ιι
439 5171 616 5229 Joan.
652 5187 786 5243 xvn,
808 5173 897 5229 '20.
977 5173 1023 5208 ⁸³
1053 5173 1227 5230 Joan.
1258 5189 1347 5247 In,
1379 5179 1470 5236 36.
1547 5177 1597 5212 ⁸³
1624 5179 1743 5236 Jos.
1771 5196 1868 5254 vn,
1909 5185 2089 5240 19—24.
2170 5183 2215 5218 “
2243 5185 2417 5240 Num.
2448 5198 2551 5250 xv,
2572 5184 2641 5241 32
2663 5197 2801 5258 sqq.

366 5301 479 5358 (63)
510 5298 604 5357 Sic
637 5313 785 5355 mss.
806 5300 865 5353 et
883 5296 1044 5354 editi.
1070 5300 1145 5356 At
1162 5303 1362 5357 textus
1387 5318 1562 5359 sacer
1590 5310 1914 5361 πιστιυσόν-

293 5390 427 5453 των-,υ
450 5371 556 5443 qui
575 5369 1054 5453 crediturisunt.
1089 5373 1205 5426 Nec
1236 5371 1318 5453 ita
1344 5373 1737 5453 multo‘in‘fra.
1771 5381 1914 5453 Reg.

294 5440 511 5537 terl'u‘s
536 5441 995 5537 ‘et‘editjkoen;
1004 5440 1083 5537 :iLn
1099 5443 1391 5533 ,ωδε-εἰη,
1405 5452 1495 5531 xu}
1522 5447 1770 5537 ὀλέθριον,

366 5515 488 5639 ἃϐιὶ)
523 5511 769 5589 Antiqui
816 5512 938 5569 duo
979 5512 1114 5569 libri
1144 5511 1317 5567 τοίνυν
1370 5511 1761 5576 ἀναλαμϐάνων.
1797 5523 1922 5581 Hoc

343 5582 361 5639 i
411 5589 545 5639 etur
562 5583 764 5639 dicere
787 5585 1075 5639 Basilius:
1107 5587 1361 5639 Necesse
1380 5604 1501 5639 non
1524 5576 1656 5639 es...
1671 5597 1919 5639 necant.

297 5583 550 5668 videtur
562 5583 764 5668 dicere
787 5585 1040 5642 Basilius
1059 5601 1075 5641 :
1103 5587 1361 5668 ﬁecesse
1380 5604 1503 5668 non
1524 5583 1656 5668 esse
1671 5597 1924 5668 peccata.

304 5661 410 5727 aut
426 5655 621 5725 multa
640 5660 747 5715 aut
764 5670 997 5743 magna
1015 5659 1334 5745 patrari,ut
1347 5661 1485 5749 quis
1507 5655 1925 5731 dicaturinob-

2025 5323 2285 5436 sequens
2318 5324 2332 5365 :
2369 5307 2475 5366 sed
2507 5307 2651 5366 satis
2691 5322 2846 5377 esse,
2876 5308 2925 5365 si
2956 5307 3048 5365 vel
3096 5324 3288 5367 unum
3313 5310 3689 5387 prmceptum

2025 5396 2121 5436 V10
2148 5397 2176 5436 e
2208 5397 2297 5436 111‘.

2024 5386 2430 5542 ΐιῗέἒὲηιέᾇὶῑίο
2478 5449 2660 5509 Paris.
2703 5449 2861 5504 ἐκεῖνο
2913 5453 2973 5504 τό
3010 5451 3211 5527 Ἀχαρ,
3256 5453 3412 5512 Libri
3462 5457 3693 5513 veteres

2034 5543 2394 5668 “233)"1'32'3.
2418 5594 2654 5669 primus
2686 5596 2741 5652 et
2772 5595 2979 5653 tertius
3007 5598 3150 5649 οῦπω
3182 5591 3307 5650 οὐδέ
3333 5597 3484 5655 εἰσιν.

2103 5667 2216 5743 (67)
2246 5671 2387 5741 Reg.
2423 5667 2660 5753 primus
2690 5672 2918 5735 Μωσέῶς
2950 5673 3318 5755 κατηγορήσῃ,
