4110 6380
392 294 494 347 663

1749 281 1807 337 S.
1857 275 2106 336 BASlLll
2152 274 2396 335 HAGNI.

3655 277 3764 335 664

390 413 664 480 arbitror,
697 410 774 469 de
829 407 1212 468 multitudine
1249 411 1639 484 peccatorum
1686 400 2049 464 accusabit?

2174 395 2267 454 εἶπέ
2325 420 2379 454 τι
2450 420 2604 476 μονον
2679 400 2728 455 ἐν
2784 403 3157 474 καταγνώσεως
3216 404 3380 476 μέρει,
3444 403 3536 455 καὶ
3605 407 3763 455 τοῦτο

391 507 526 561 Haec
550 518 691 561 cum
740 500 935 560 solum
980 499 1211 573 aliquid
1257 504 1470 558 contra
1510 501 1777 572 Moysem
1826 495 2051 566 impro-

388 590 597 649 bando
627 589 889 654 dixisset,
912 588 1097 662 idque
1136 588 1341 661 ipsum
1368 604 1509 645 vere
1541 588 1827 659 (Uxorem
1865 582 2051 652 enim,

389 679 1041 754 inquit,1Elhiopissam
1059 678 1176 734 sibi
1194 678 1580 750 adjunzit“),
1594 680 1826 734 tantam
1846 686 2053 744 exper-

390 773 454 827 ta
483 773 572 827 est
593 768 694 827 Dei
709 767 1216 839 indignationem,
1231 771 1298 825 ut
1315 783 1391 824 ne
1420 767 1555 841 ipso
1583 765 1833 840 quidem
1853 764 2052 834 Moyse

392 863 677 933 precante
695 858 926 932 peccati
943 873 1127 931 pcena
1142 857 1261 914 sibi
1279 857 1853 914 remitteretur.Cum
1873 849 2053 907 video

391 949 597 1022 ipsum
617 951 882 1021 Moysen,
904 949 956 1018 2
970 948 1084 1019 18
1104 947 1205 1003 Dei
1222 946 1544 1017 famulum,
1567 958 1865 1015 magnum
1884 939 2054 997 illum

392 1037 619 1104 virum,
642 1041 729 1094 tot
765 1054 836 1094 ac
874 1036 1055 1094 tantis
1079 1035 1416 1095 honoribus
1441 1051 1480 1091 a
1509 1037 1629 1090 Deo
1671 1030 2050 1102 insignitum,

395 1130 452 1184 et
504 1143 667 1201 saepe
706 1126 899 1199 ipsius
937 1124 1280 1182 testimonio
1321 1125 1407 1182 ita
1452 1121 1942 1197 comprobatum,
1990 1121 2059 1174 ut

395 1217 654 1275 audierit
684 1232 698 1271 :
738 1217 900 1274 Novi
924 1219 981 1273 te
998 1230 1133 1286 pra:
1161 1214 1460 1281 omnibus,
1506 1219 1562 1270 et
1602 1211 1887 1269 invenisti
1916 1224 2057 1282 gra-

398 1308 544 1364 tiam
575 1322 775 1363 coram
807 1321 899 1362 me
918 1306 962 1340 ⁵⁸
990 1322 1004 1361 :
1036 1320 1177 1361 cum
1206 1303 1386 1374 igitur
1408 1303 1572 1360 hunc
1602 1301 1781 1359 video
1808 1300 1871 1358 in
1909 1314 2058 1357 con-

396 1394 772 1454 tradictionis
796 1410 960 1468 aqua
974 1393 1054 1450 ob
1077 1392 1312 1450 nullam
1349 1391 1534 1449 aliam
1561 1407 1713 1463 rem,
1754 1388 1873 1446 nisi
1889 1387 2060 1463 quod

398 1483 825 1542 tantummodo
863 1482 1093 1557 populo
1112 1481 1195 1540 ob
1218 1498 1397 1555 aqua:
1426 1481 1748 1555 penuriam
1787 1495 2063 1538 murmu-

396 1573 554 1630 renti
589 1571 860 1629 dixerat:
890 1573 1054 1629 Num
1084 1587 1160 1629 ea:
1185 1570 1300 1628 hac
1332 1576 1512 1641 petra
1540 1571 1858 1627 educemus
1895 1567 2060 1625 vobis

399 1678 619 1736 aquam
647 1664 724 1718 ‘7?
743 1662 859 1720 hac
890 1662 1019 1720 sola
1045 1662 1123 1718 de
1151 1677 1341 1718 causa
1367 1676 1505 1719 eam
1525 1659 2063 1718 comminationem

2160 488 2345 553 ἀληθὲς
2409 494 2664 563 (Γυναῖκα
2729 494 2853 567 γὰρ,
2918 497 3097 564 φησιν,
3167 492 3521 545 Αἱθιόπισσαν
3585 490 3763 545 ἔλαϐεν

2160 582 2370 654 ἐαυτῷ),
2437 585 2695 645 τοσαύτης
2751 582 2995 657 ἐπειράθη
3054 590 3152 643 τῆς
3208 579 3617 655 ἀγανακτήσεως
3670 588 3765 635 τού

2159 682 2316 741 Θεοῦ,
2347 674 2418 738 ὡς
2444 670 2583 746 μηδὶ
2626 674 2787 727 αύτού
2826 676 3090 735 Μωύσέως
3122 673 3434 735 ἱκετεύοντος
3476 692 3765 745 συγχωρη-

2162 766 2315 824 θῆναι
2366 763 2496 836 αὐτῇ
2544 771 2634 824 τῆς
2689 763 2946 839 ἁμαρτίας
3002 764 3062 815 τὸ
3114 760 3394 835 ἐπιτίμιον.
3450 761 3615 817 Αύτόν
3652 766 3765 816 τοί-

2160 875 2247 906 νυν
2276 857 2384 913 (68)
2424 855 2547 906 ὅταν
2595 849 2699 906 ἴδω
2739 856 2987 919 Μωύσέα,
3015 854 3103 905 τὸν
3146 858 3243 906 τού
3269 859 3405 906 Θεοῦ
3456 852 3761 926 θεράποντα,

2160 949 2246 999 τόν
2276 947 2437 1018 μέγαν
2481 942 2687 1011 ἐκεῖνον,
2728 945 2816 998 τὸν
2858 944 3121 1007 τοσαύτης
3162 945 3252 1017 μὶν
3303 946 3394 995 καὶ
3445 940 3766 1006 τηλικαύτης

2164 1034 2446 1098 ἀξιωθέντα
2498 1042 2654 1107 τιμῆς
2704 1035 2849 1109 παρά
2889 1041 3047 1102 Θεού,
3098 1031 3235 1086 οὕτω
3289 1028 3350 1086 δι
3396 1030 3642 1093 πολλάκις
3677 1032 3765 1085 ὑπ’

2164 1124 2323 1178 αὐτοῦ
2387 1126 2805 1200 μαρτυρηθέντα,
2865 1125 2937 1187 ὡς
2987 1121 3213 1178 ἀκοῦσαι
3245 1143 3260 1157 ·
3315 1118 3458 1175 Οἶδεὶ
3518 1141 3576 1175 σε
3624 1124 3772 1197 παρά

2163 1218 2377 1283 πάντας,
2435 1219 2526 1268 καὶ
2587 1215 2810 1287 εὕρηκας
2867 1216 3030 1289 χάριν
3102 1211 3317 1266 ἐνώπιόν
3379 1231 3480 1285 μου
3511 1233 3523 1247 ο
3587 1219 3771 1265 τοῦτον

2166 1307 2287 1360 ὅταν
2310 1302 2414 1358 ἴδω
2460 1303 2544 1358 ἐπὶ
2570 1310 2663 1357 τοῦ
2694 1300 2885 1365 ὕδατος
2930 1311 2992 1363 τῆ
3005 1322 3026 1365 ς
3083 1301 3373 1374 ἀντιλογίας
3419 1297 3630 1364 οὐδενός
3659 1302 3769 1356 ἓνε-

2166 1416 2251 1450 κεν
2302 1396 2496 1470 ἐτέρου,
2555 1396 2584 1455 ἣ
2658 1398 2741 1447 ἱνα
2775 1397 2929 1467 μόνον
2985 1397 3101 1468 εἴπῃ
3152 1401 3227 1465 τῷ
3286 1391 3393 1463 λαῷ
3453 1391 3771 1464 γογγύζοντι

2169 1483 2263 1541 διά
2324 1485 2542 1562 ἀπορίαν
2608 1480 2819 1551 ὓδατος,
2884 1488 2969 1543 Μὴ
3048 1482 3104 1536 ἐκ
3162 1485 3355 1545 ταύτης
3416 1488 3515 1545 τῆς
3583 1484 3774 1556 πέτρας

2169 1576 2407 1651 ἐξάξομεν
2471 1579 2582 1647 (69)
2657 1576 2779 1649 ὑμῖν
2854 1570 3050 1648 ύδωρ;
3131 1576 3318 1628 τούτου
3377 1576 3537 1645 μόνον
3612 1572 3774 1625 ἕνεκεν

2169 1668 2321 1730 εὐθὺς
2373 1664 2588 1724 ἀπειλὴν
2654 1662 2959 1737 δεχόμενον,
3036 1663 3105 1725 εἰς
3177 1668 3271 1723 τὴν
3344 1669 3446 1735 γῆν
3517 1667 3617 1722 ri;
3690 1658 3776 1714 ἐπ-

402 1754 604 1812 statim
630 1752 747 1810 sibi
777 1753 1084 1817 ascivisse,
1132 1751 1260 1810 fore
1300 1756 1367 1811 ut
1395 1766 1521 1808 non
1556 1750 1973 1822 ingrederetur
1998 1749 2064 1806 in

2174 1757 2417 1831 ἀγγελίας
2471 1755 2566 1810 ούκ
2618 1755 3021 1821 εἰσελεύσεσθαι,
3067 1756 3185 1818 ητις
3239 1749 3301 1812 ἧν
3342 1757 3460 1807 τότε
3501 1760 3602 1805 τῶν
3648 1752 3773 1825 πρὸς

400 1848 625 1903 terram
671 1842 1118 1917 promissionis,
1156 1858 1296 1916 quas
1338 1840 1636 1911 omnium,
1667 1856 1807 1915 quas
1840 1839 2065 1897 Iudaeis

402 1932 712 2007 promissa
746 1931 1009 2001 fuerant,
1040 1936 1186 1989 tunc
1230 1946 1479 1988 summa
1502 1934 1630 1988 erat
1660 1948 1674 1987 :
1708 1946 1850 1987 cum
1886 1928 2066 1988 video

402 2023 569 2080 hunc
595 2027 933 2094 rogantem,
957 2027 1015 2078 et
1042 2021 1288 2078 veniam
1308 2036 1433 2079 non
1467 2021 1841 2078 obtinentem
1870 2035 1885 2075 :
1924 2035 2068 2077 cum

401 2111 581 2169 video
609 2127 811 2186 pauca
837 2110 940 2168 illa
968 2109 1156 2168 verba
1183 2110 1248 2166 in
1277 2125 1469 2168 causa
1485 2109 1697 2179 fuisse,
1718 2124 1827 2167 cur
1862 2112 1951 2168 tot
1994 2124 2069 2168 ac

402 2205 576 2260 tanta
594 2205 753 2258 recte
783 2200 942 2259 facta
960 2200 1205 2257 veniam
1230 2214 1357 2257 non
1386 2199 1735 2271 meruerint,
1758 2201 1826 2256 ut
1860 2198 2066 2272 plane,

400 2292 574 2364 juxta
620 2290 1000 2363 Apostolum,
1056 2288 1434 2347 severitatem
1491 2288 1595 2346 Dei
1622 2289 1668 2323 ³⁸
1721 2303 1926 2357 cerno,
1982 2287 2070 2346 ita

402 2379 742 2454 persuadeo
768 2376 919 2436 mihi
954 2378 1136 2452 plane
1159 2392 1374 2434 verum
1404 2392 1540 2434 esse
1557 2376 1744 2434 illud:
1771 2377 1844 2435 Si
1858 2379 2069 2447 justus

403 2468 720 2525 vixsalvus
732 2466 1244 2538 efﬁcitur,impius
1265 2472 1321 2523 et
1339 2471 1617 2536 peccator
1632 2466 1741 2522 ubi
1746 2462 2069 2536 parebit"?

403 2560 475 2615 Et
492 2556 643 2630 quid
668 2556 798 2613 haec
832 2571 1247 2614 commemoro
1264 2556 1293 2611 ‘t
1329 2558 1478 2613 Cum
1503 2554 1872 2614 horrendam
1900 2554 2068 2612 illam

404 2646 508 2705 Dei
536 2645 897 2703 sententiam
935 2644 1140 2718 audio,
1171 2661 1310 2719 qua:
1338 2645 1402 2703 in
1445 2661 1587 2701 eum
1618 2646 1804 2704 etiam
1850 2645 1957 2719 qui
1994 2660 2071 2702 ex

402 2737 750 2810 ignorantia
779 2740 1153 2810 praeceptum
1195 2751 1390 2793 unum
1418 2734 1624 2804 violat,
1677 2734 2071 2809 pronuntiata

403 2831 514 2897 est,
541 2841 667 2883 non
686 2824 888 2883 habeo
916 2823 1232 2898 quomodo
1260 2840 1373 2899 pro
1399 2828 1613 2882 merito
1640 2824 1797 2881 illius
1825 2824 2070 2896 magni-

402 2914 679 2972 tudinem
701 2914 1426 2987 extimescam.Scriptum
1444 2918 1535 2971 est
1551 2913 1744 2971 enim:
1767 2916 1846 2971 Et
1866 2916 2071 2972 anima

407 3005 462 3063 si
481 3010 822 3075 peccaverit
847 3010 903 3061 et
925 3005 1139 3075 fecerit
1160 3020 1349 3061 unum
1366 3020 1443 3063 ea:
1460 3006 1735 3062 omnibus
1749 3006 2070 3077 praeceptis

2171 1845 2463 1909 Ἰουδαίους
2513 1844 2827 1918 ἐπαγγελιῶν
2873 1846 2933 1898 τὸ
2988 1842 3263 1917 κεφάλαιον
3296 1864 3309 1877 ·
3369 1843 3493 1896 ὅταν
3519 1837 3621 1894 ἴδω
3645 1848 3770 1894 τού-

2172 1959 2260 1993 τον
2334 1935 2755 2013 παρακαλοῦντα,
2811 1940 2902 1988 καὶ
2956 1937 3028 2008 μὴ
3100 1934 3537 2008 συγχωρούμενον
3571 1952 3585 1965 ·
3653 1932 3773 1984 ὅταν

2172 2021 2276 2077 ἴδω
2353 2019 2615 2097 μηδεμιᾶς
2662 2025 2977 2093 συγγνώμης
3035 2015 3131 2073 διὰ
3179 2021 3248 2072 τά
3306 2025 3543 2072 τοσαυτα
3594 2034 3777 2092 κατορ-

2177 2116 2393 2188 θώματα
2448 2111 2535 2165 ἐπὶ
2572 2119 2645 2183 τῷ
2703 2108 2903 2185 βραχεῖ
2949 2108 3123 2181 ἐκείνῳ
3179 2109 3380 2184 ῥήματι
3426 2105 3776 2178 καταξιούμεο

2173 2222 2278 2271 νον,
2320 2207 2477 2264 ὄντως
2522 2203 2612 2273 μεν
2655 2201 2759 2275 ὁρῶ
2806 2206 2939 2252 Θεοῦ
2986 2196 3298 2271 ἀποτομίαν,
3331 2199 3469 2251 κατά
3494 2199 3581 2250 τόν
3612 2194 3775 2249 Ἀπό-

2177 2292 2375 2363 στολον,
2426 2295 2584 2353 ὄντως
2641 2287 2699 2344 δε
2747 2288 2907 2343 ἐκεῖνο
2959 2286 3148 2352 ἀληθὲς
3204 2284 3335 2343 εἶναι
3386 2288 3635 2361 πείθομαι
3691 2289 3772 2342 τό.

2175 2382 2239 2436 Εἰ
2288 2384 2314 2434 6
2381 2378 2587 2445 δίκαιος
2638 2379 2785 2453 μόλις
2836 2379 3083 2448 σώζεται,
3141 2379 3168 2431 6
3221 2375 3416 2440 ἀσεϐής
3468 2379 3559 2429 καὶ
3612 2375 3778 2450 ἀμαρο

2174 2473 2336 2535 τωλός
2382 2479 2482 2525 πού
2537 2477 2814 2545 paucitati;
2870 2473 2973 2522 Kal
3023 2471 3076 2521 τί
3126 2474 3295 2521 ταῦτα
3345 2467 3497 2540 λέγω.
3549 2466 3778 2528 Ἐκείνης

2175 2565 2295 2618 ὅταν
2354 2560 2564 2615 ἀκούσω
2604 2569 2695 2621 τῆς
2749 2557 2963 2633 φοϐερᾶς
3005 2566 3097 2611 τού
3155 2565 3290 2611 Θεοῦ
3340 2555 3668 2631 ἀποφάσεως,
3717 2554 3778 2614 ἣν

2177 2658 2266 2708 καὶ
2316 2654 2451 2705 κατά
2497 2654 2610 2722 (70)
2666 2657 2760 2703 τοῦ
2802 2654 2927 2723 μίαν
2984 2647 3191 2708 ἐντολὴν
3236 2645 3314 2702 ἐπ’
3367 2645 3557 2720 ἀγνοίᾳ
3612 2665 3777 2720 παρα·

2176 2743 2453 2804 ϐεϐηκότος
2513 2740 2875 2813 ἀποφαίνεται,
2928 2739 3024 2792 ούκ
3069 2741 3179 2810 ἔχω
3235 2745 3341 2799 πῶς
3390 2735 3614 2800 ἐπαξίως
3680 2754 3774 2808 φο-

2178 2832 2325 2893 ϐηθῶ
2378 2840 2469 2893 τῆς
2516 2830 2678 2905 ὀργῆς
2726 2831 2786 2882 τὸ
2837 2830 3074 2902 μέγεθος.
3125 2831 3425 2902 Γέγραπται
3480 2826 3624 2900 γάρ’
3678 2827 3777 2881 Kal

2179 2923 2333 2996 ψυχὴ
2408 2920 2493 2975 ἐάν
2557 2920 2789 2995 ἁμάρτῃ,
2864 2922 2956 2971 καὶ
3030 2922 3229 2991 ποιήσῃ
3312 2920 3438 2990 μίαν
3512 2913 3613 2969 ἀπὸ
3672 2933 3780 2968 πα·

2183 3022 2285 3067 σῶν
2341 3021 2441 3066 τῶν
2497 3009 2711 3064 ἐντολῶν
2774 3013 2992 3083 Κυρίου,
3049 3008 3117 3060 ὧν
3176 3007 3237 3060 ού
3304 3002 3390 3061 δεῖ
3441 3011 3626 3074 ποιεῖν,
3693 3006 3785 3057 καὶ

401 3095 667 3163 Domini,
690 3110 824 3167 quae
844 3110 966 3151 non
991 3100 1221 3164 oportet
1249 3095 1403 3164 ﬁeri,
1425 3099 1483 3152 et
1504 3109 1620 3151 non
1650 3096 1984 3165 agnoverit,
2014 3102 2066 3151 et

2181 3103 2275 3157 ούκ
2332 3104 2482 3175 έγνω,
2549 3105 2640 3154 καὶ
2677 3097 3055 3173 πλημμελήσῃ,
3102 3101 3194 3151 καὶ
3256 3094 3386 3170 λάϐῃ
3456 3098 3549 3155 τὴν
3605 3094 3782 3168 ἀμαρ-

404 3185 750 3257 deliquerit,
781 3188 837 3242 et
864 3185 1165 3254 acceperit
1198 3190 1535 3256 peccatum,
1566 3184 1779 3254 afferet
1821 3185 2072 3242 arietem

404 3274 864 3332 immaculatum
885 3274 959 3331 de
978 3273 1183 3330 ovibus
1204 3275 1396 3346 pretio
1417 3275 1661 3346 argenti
1682 3274 1756 3330 ob
1785 3274 2072 3331 delictum

406 3364 490 3424 ad
506 3364 897 3421 sacerdotem.
919 3364 999 3420 Et
1019 3363 1297 3421 exorabit,
1308 3379 1425 3434 pro
1442 3378 1507 3420 eo
1530 3363 1809 3421 sacerdos
1824 3369 2075 3434 prOpter

407 3456 538 3525 ejus
554 3454 1176 3526 ignorantiam,q,uam
1196 3454 1587 3526 ignoravit,et
1608 3456 1732 3525 ipse
1743 3470 1863 3510 non
1873 3455 2071 3525 scivit,

408 3550 465 3601 et
485 3544 829 3601 remittetur
843 3543 1235 3616 illi.Deliquit
1255 3546 1411 3601 enim
1432 3543 1716 3601 delictum
1735 3560 1941 3601 coram
1960 3545 2074 3601 Do-

405 3635 569 3692 mino
586 3636 658 3691 ⁵ο.
688 3633 862 3701 Quod
890 3634 940 3691 si
970 3633 1269 3692 adversus
1297 3634 1512 3721 delicta
1531 3651 1668 3709 qua:
1694 3651 1768 3692 ex
1783 3635 2073 3707 ignoran-

407 3724 490 3782 tia
501 3724 980 3792 committuntur,
997 3723 1299 3795 judicium
1311 3725 1611 3797 profertur
1622 3729 1748 3782 tam
1766 3741 2071 3799 severum,

407 3816 488 3873 ad
516 3831 711 3890 eaque
738 3814 1049 3889 expianda
1098 3815 1515 3872 necessarium
1558 3821 1649 3872 est
1677 3815 2070 3888 sacriﬁcium,

409 3904 579 3980 quod
607 3908 699 3961 est
740 3905 946 3976 justus
990 3902 1104 3959 Job
1148 3919 1261 3978 pro
1305 3903 1774 3962 ﬁliisobtulisse
1804 3921 1867 3961 se
1891 3910 2073 3964 testa-

409 3997 507 4050 tur
537 3995 609 4062 “,
667 3992 887 4067 ecquid
937 3992 1155 4050 dixerit
1200 3993 1341 4067 quis
1395 3993 1472 4050 de
1527 3993 1600 4050 iis
1656 3995 2072 4068 qui.scientes

411 4082 796 4155 delinquunt,
821 4086 926 4139 aut
948 4082 1025 4139 de
1042 4081 1138 4139 his
1165 4082 1292 4156 qui,
1324 4082 1474 4139 dum
1493 4082 1578 4140 illi
1597 4088 1873 4158 peccant,
1896 4084 2074 4142 silen-

409 4170 565 4229 tium
617 4172 847 4241 agunt?
885 4173 950 4228 Et
995 4187 1071 4228 ne
1123 4171 1630 4243 indignationem,
1679 4188 1819 4246 quae
1863 4179 2075 4232 contra

410 4260 754 4319 istiusmodi
774 4260 1057 4318 homines
1082 4268 1521 4333 commovetur,
1562 4277 1636 4320 ex
1682 4262 1824 4322 solis
1871 4264 2074 4337 conje-

412 4350 595 4410 cturis
649 4350 1080 4409 verisimilibus
1133 4351 1414 4423 colligere
1470 4351 1810 4425 videamur,
1858 4370 2071 4412 rursus

410 4439 633 4498 divinae
664 4442 984 4515 Scriptura;
1016 4458 1265 4500 necesse
1294 4446 1383 4499 est
1411 4442 1786 4514 meminisse,
1809 4461 1951 4503 cum
1979 4446 2073 4503 vel

411 4531 592 4590 unius
609 4531 871 4589 historiae
891 4532 1239 4590 narratione
1270 4531 1482 4591 talium
1505 4531 1805 4605 judicium
1826 4534 1907 4593 ob
1927 4552 2069 4594 ocu-

410 4621 502 4679 los
530 4637 756 4696 ponere
784 4623 996 4696 possit.
1028 4622 1108 4679 Et
1130 4623 1269 4695 ﬁlii,
1298 4622 1516 4697 inquit,
1546 4623 1692 4681 Heli
1718 4626 2071 4697 sacerdotis,

412 4713 460 4785 ﬂ
469 4714 540 4770 lii
554 4713 976 4783 pestilentes”.
1000 4715 1151 4770 Cum
1171 4717 1375 4769 autem
1397 4712 1547 4769 tales
1564 4717 1783 4778 essent,
1802 4720 2074 4789 propter-

411 4819 484 4865 ea
503 4804 671 4878 quod
695 4810 865 4878 pater
882 4804 945 4862 in
960 4804 1073 4861 hos
1092 4804 1513 4863 vehementius
1526 4821 1650 4864 non
1670 4806 2069 4877 inveheretur,

409 4897 578 4953 tanta
608 4894 698 4952 ira
759 4893 862 4952 Dei
907 4893 1218 4952 lenitatem
1262 4895 1553 4959 incendit,
1587 4899 1672 4963 ut,
1717 4893 2071 4967 alienigenis

406 4984 807 5060 irruptionem
824 4983 1207 5056 facientibus,
1227 4983 1313 5043 illi
1354 4983 1470 5059 ipsi
1509 4985 1640 5058 ejus
1687 4983 1793 5042 ﬁlii
1817 5000 1945 5043 una
1971 4984 2069 5045 die

482 5130 529 5166 ιδ
560 5130 735 5186 Num.
767 5145 866 5198 xu,
896 5134 945 5186 ε.
1021 5130 1069 5165 ⁴⁶
1109 5129 1296 5186 Exod.
1326 5145 1523 5199 χχχιιι,
1561 5133 1644 5187 12.

409 5203 592 5259 t7-i9.
668 5202 712 5237 ⁵⁸
743 5200 869 5259 Job.
903 5216 950 5271 ε,
982 5205 1034 5258 5.
1110 5202 1203 5259 "l
1235 5202 1377 5271 Reg.
1400 5218 1458 5268 ιι,
1493 5205 1580 5257 12.

473 5345 587 5419 (68)
616 5343 784 5419 Idem
820 5343 1014 5401 codex
1051 5343 1540 5419 iatriyiov.__A6r6v
1588 5341 1649 5398 δε
1684 5351 1880 5419 τοῦτον
1904 5361 1917 5375 ·
1951 5346 2061 5419 sed

394 5412 614 5508 vocula
640 5412 700 5503 δέ
725 5431 917 5473 manu
946 5412 1257 5474 recentiori
1276 5414 1515 5490 adjecta
1543 5420 1648 5475 est.
1681 5418 1824 5489 Reg.
1849 5418 2055 5476 tertius

396 5506 1006 5634 αυτθθὶῖἵέἓῗνίπίωιιε
1032 5564 1127 5616 πέτ
1163 5580 1224 5623 ας
1252 5559 1433 5630 ἐξάξω,
1456 5560 1729 5620 educam.

458 5561 575 5704 :70)
610 5631 861 5704 Uterque
881 5580 1157 5692 Combei‘:
1176 5632 1238 5691 ἣν
1257 5631 1413 5690 κατά.

481 5634 575 5699 ’70)
610 5630 861 5710 Uterque
881 5630 1152 5692 Combet'.
1176 5632 1238 5691 ἣν
1257 5631 1413 5690 κατά.

1722 5130 1767 5164 ⁸⁷
1792 5132 1966 5188 Num.
2006 5148 2108 5205 xx,
2150 5136 2232 5191 t0.

2179 3198 2316 3261 τίαν,
2374 3195 2508 3246 οἴσει
2564 3194 2676 3258 (71)
2739 3191 2884 3262 κριόν
2934 3188 3151 3261 ἄμωμον
3220 3184 3276 3239 ἐκ
3325 3193 3424 3240 τῶν
3480 3180 3775 3257 προϐάτων,

2177 3292 2338 3357 τιμῆς
2399 3280 2675 3356 ἀργυρίου,
2743 3278 2816 3342 εἱς
2877 3277 3229 3351 πλημμέλειαν
3283 3277 3415 3349 πρὸς
3468 3277 3556 3328 τὸν
3621 3274 3778 3347 ἱερέα.

2180 3378 2284 3427 Καὶ
2348 3370 2640 3435 ἐξιλάσεται
2709 3374 2827 3442 περὶ
2901 3367 3062 3421 αὐτοῦ
3137 3368 3164 3419 6
3241 3368 3426 3442 ἱερεὺς,
3498 3366 3617 3438 περὶ
3686 3369 3781 3424 τῆς

2180 3462 2394 3535 ἀγνοίας
2450 3461 2634 3528 αὐτοῦ,
2692 3461 2756 3522 ἧς
2808 3459 3057 3531 ἠγνόησε,
3123 3460 3216 3510 καὶ
3272 3454 3433 3518 αύτός
3489 3452 3585 3507 οὐκ
3636 3447 3782 3526 ᾔδει,

2178 3558 2270 3606 καὶ
2343 3550 2663 3624 ἀφεθήσεται
2736 3548 2900 3621 αύτῷ.
2955 3545 3355 3620 Ἐπλημμέλησε
3426 3544 3528 3618 γὰρ
3607 3540 3781 3614 πλημ-

2179 3642 2384 3717 μέλειαν
2431 3644 2600 3694 ἔναντι
2654 3644 2881 3713 Κυμίου.
2924 3638 2987 3692 Εἰ
3031 3633 3089 3692 δε
3141 3636 3226 3690 ἐπὶ
3266 3644 3367 3689 τῶν
3405 3636 3542 3688 κατά
3569 3634 3781 3705 ἄγνοιαν

2180 3734 2341 3794 οὕτως
2387 3730 2746 3805 ἀπαραίτητον
2797 3730 2857 3781 τὸ
2887 3734 3071 3803 κρῖμα,
3123 3730 3215 3778 καὶ
3256 3726 3385 3798 ὑπερ
3437 3731 3536 3786 τῆς
3584 3722 3781 3795 καθάρ-

2182 3841 2311 3885 σεως
2340 3823 2371 3880 ἠ
2409 3822 2571 3875 θυσία
2607 3817 2887 3890 ἀναγκαία,
2934 3815 2996 3874 ἣν
3047 3819 3138 3870 καὶ
3180 3816 3208 3868 ό
3252 3812 3456 3876 δίκαιος
3498 3810 3613 3867 Ἰὼϐ
3641 3829 3783 3885 μαρ-

2178 3920 2414 3989 τυρεῖται
2450 3913 2761 3985 προσφέρειν
2813 3908 2940 3981 ὺπέρ
2994 3914 3095 3958 τῶν
3143 3907 3290 3973 υἱῶν,
3344 3908 3397 3958 τί
3426 3904 3488 3955 ἄν
3529 3921 3608 3965 τις
3653 3903 3791 3953 εἴποι

2179 4005 2299 4076 περὶ
2351 4009 2451 4053 τῶν
2506 3998 2556 4052 ἐν
2615 4003 2807 4071 γνώσει
2868 3996 3288 4070 ἁμαρτανόντων,
3348 3993 3377 4052 ᾖ
3437 4000 3538 4045 τῶν
3585 3992 3795 4050 τούτοις

2182 4089 2662 4165 ἐγησυχαξόντωη
2726 4091 2828 4141 Καὶ
2884 4087 2969 4139 ἱνα
3032 4089 3104 4159 μὴ
3163 4080 3394 4156 δόξωμεν
3458 4085 3795 4153 στοχασμοῐς

2182 4181 2309 4234 αύτό
2348 4184 2505 4254 μόνον
2547 4177 2743 4231 εἰκόσιν
2794 4174 3198 4247 ἀναλογίζεσθαι
3249 4176 3345 4232 τήν
3400 4172 3538 4224 me
3592 4171 3793 4223 τούτων

2183 4269 2564 4343 ἀγανάκτησιν,
2635 4265 2792 4326 αὐτῆς
2856 4263 3011 4317 παλιν
3069 4262 3353 4335 ἀναγκαῖον
3434 4264 3794 4334 μνημονεῦσαι

2180 4367 2278 4422 τῆς
2318 4360 2659 4412 θεοπνεύστου
2709 4362 2883 4431 Γραφῆ
2896 4373 2936 4422 ς,
2978 4350 3362 4429 ἀρκούσηςέπὶ
3399 4356 3491 4404 τοῦ
3537 4351 3793 4422 παρόντος

2182 4454 2272 4501 καὶ
2326 4444 2419 4501 διὰ
2471 4453 2598 4521 μιᾶς
2663 4448 2900 4520 ἱστορίας
2953 4451 3300 4519 παραστῆσαι
3357 4443 3417 4493 τὸ
3463 4446 3630 4515 κρῖμα
3682 4444 3786 4489 τῶν

2182 4540 2448 4592 τοιούτων.
2503 4541 2605 4590 Καὶ
2665 4538 2792 4603 υἱοὶ,
2851 4539 3032 4608 φησιν,
3090 4531 3229 4585 Ἠλεὶ
3282 4538 3373 4584 τού
3436 4531 3629 4605 ἱερέως,
3675 4529 3784 4578 υἱοὶ

2180 4628 2373 4703 λοιμοί.
2404 4629 2621 4690 Τούτοις
2668 4622 2728 4678 δὲ
2774 4626 3033 4686 τοιούτοις
3085 4617 3254 4689 οὖσιν,
3296 4622 3378 4673 ὅτι
3431 4623 3503 4693 μη
3537 4615 3784 4680 ἐπεξῆλθε

2183 4716 2532 4792 σφοδρότερον
2588 4718 2614 4769 6
2679 4720 2878 4789 πατὴρ,
2934 4715 3183 4771 τοιαύτην
3230 4706 3463 4769 ἐκίνησεν
3516 4706 3678 4783 ὀργὴν
3718 4713 3778 4779 τῇ

2178 4810 2521 4883 μακροθυμίᾳ
2583 4814 2674 4859 τοῦ
2749 4812 2905 4871 Θεοῦ,
2978 4804 3132 4870 ὥστε,
3211 4800 3608 4855 ἐπαναστάντων
3681 4805 3782 4849 τῶν

2179 4896 2490 4971 ἀλλοφύλων,
2524 4899 2641 4958 τούς
2691 4897 2782 4968 μὲν
2835 4895 2984 4954 υἱούς
3039 4891 3201 4944 αὑτοῦ
3251 4890 3457 4951 ἐκείνοις
3510 4885 3785 4962 ἀναιρεθῆ-

2176 5008 2262 5043 ναι
2311 4969 2447 5041 κατὰ
2477 4969 2580 5039 τόν
2625 4984 2845 5057 πόλεμον
2902 4982 2951 5037 ἐν
2997 4982 3168 5056 ἡμέρᾳ
3209 4987 3327 5054 μιᾷ,
3376 4979 3672 5039 ἡττηθῆναι
3724 4969 3784 5027 δι

3430 5122 3478 5157 ⁵ο
3510 5118 3690 5177 Levit.
3722 5133 3779 5181 v,

2310 5132 2357 5169 "
2381 5133 2551 5190 Rom.
2583 5146 2663 5198 xi,
2690 5132 2779 5185 22.
2858 5129 2903 5162 ‘9
2936 5128 3126 5183 lPetr.
3157 5141 3235 5194 Iv,
3266 5126 3354 5182 t8.

2238 5351 2350 5417 (7|)
2382 5349 2527 5415 Reg.
2563 5344 2773 5401 tertius
2796 5347 2887 5417 καὶ
2915 5346 3069 5408 οἴσει,
3097 5345 3156 5399 et
3176 5341 3261 5398 ita
3286 5353 3533 5417 quoque
3559 5333 3778 5417 legitur

2163 5406 2343 5490 ap‘ud'
2375 5406 2523 5493 LXX.
2573 5420 2715 5493 Reg.
2748 5415 2984 5493 primus
3026 5406 3120 5493 ut
3150 5406 3457 5493 οῖσῃῖκθῤ
3469 5410 3552 5466 ita
3580 5406 3773 5493 multo

2205 5482 2302 5549 ost
2322 5490 2483 5561 Regii
2505 5482 2738 5561 primus
2750 5482 2822 5545 'et
2839 5486 3045 5544 tertius
3063 5488 3164 5561 γάρ
3190 5482 3461 5561 πλημμελὴ
3473 5500 3554 5535 σει
3578 5482 3767 5561 ἔναντι,

2205 5507 2302 5549 ΟΒῐ
2326 5507 2483 5561 “es”
2505 5507 2738 5561 primus
2763 5507 2822 5545 ει
2839 5507 3045 5544 neruus
3063 5507 3081 5522 '
3101 5507 3164 5559 αρ
3190 5507 3461 5558 πλημμελη
3473 5507 3554 5535 UH.
3578 5507 3767 5533 ινανῑι.

2160 5507 2264 5620 ﬁdi
2276 5564 2353 5621 tio
2380 5561 2561 5618 Paris.
2589 5565 2648 5617 et
2676 5562 2818 5629 Reg.
2854 5508 3161 5616 secunJus
3185 5554 3558 5631 πλημμέλειαν.
3591 5550 3771 5626 Apud

2160 5636 2286 5693 LXX
2315 5631 2663 5693 πλημμελείᾳ.

2315 5652 2637 5706 πιιημμειιειᾳ
2650 5674 2663 5689 ο
