4110 6386
265 300 372 356 665

1652 295 1743 356 DE
1779 292 2058 353 JUDICIO
2084 300 2222 358 DEI.

3529 319 3635 374 666

265 440 544 496 συμπαντα
597 423 682 474 τόν
733 421 874 490 λαὸν,
935 425 1025 474 καὶ
1082 423 1276 476 τούτων
1301 429 1476 476 πεσεῖν
1513 421 1741 486 ἱκανούς,
1773 437 1868 490 γε-

1985 421 2038 478 in
2057 424 2216 484 bello
2243 429 2739 502 interﬁcerentur,
2773 440 3280 511 superareturque
3311 439 3636 498 universus

265 513 444 564 νέσθαι
496 508 556 566 δὲ
601 516 691 564 καὶ
747 516 866 584 περὶ
923 517 1016 570 την
1047 511 1270 565 κιϐωτόν
1291 521 1388 574 τῆς
1425 513 1583 583 der/iit;
1611 517 1703 564 τοῦ
1734 515 1868 560 Θεοῦ

268 595 547 668 διαθήκης,
602 600 638 653 ἂ
686 607 814 674 μήτε
854 602 1092 661 ἠκούσθη
1155 605 1280 656 ποτε
1307 606 1574 677 πρότερον,
1622 602 1774 666 ὥστε,
1807 598 1871 660 ἧς

266 693 380 742 οὔτε
435 688 807 765 Ἰσραηλίταις,
867 694 981 744 οὔτε
1041 695 1144 764 μὴν
1177 692 1358 755 αὑτοῖς
1397 693 1619 766 ἱερεῦσιν
1649 690 1868 752 ἅπασιν,

267 775 390 832 οὐδὲ
435 781 654 832 πάντοτε
709 781 969 834 ἅπτεσθαι
1013 783 1219 854 θεμίτόν
1264 783 1350 848 ἦν,
1413 777 1538 834 οὐδὲ
1567 784 1724 840 τόπος
1758 778 1870 849 (72)

267 869 430 927 αὐτὴν
485 871 510 920 6
569 874 748 941 τυχὼν
774 866 1084 942 ὑπεδέχετο,
1107 871 1300 928 ταύτην
1331 872 1432 924 ὑπὸ
1452 878 1644 943 χειρῶν
1671 866 1870 922 ἀσεϐῶν

267 958 446 1018 ἄλλοτε
523 957 816 1030 ἀλλαχόθεν
897 960 1370 1034 μετακομίζεσθαι,
1451 965 1542 1012 καὶ
1592 957 1707 1012 ἀντὶ
1770 966 1870 1010 τῶν

267 1048 450 1121 ἁγίων,
511 1045 737 1101 εἰδώλων
793 1056 934 1112 ναοῖς
975 1048 1394 1106 ἑναποτίθεσθαι.
1455 1049 1563 1122 Ἐφ’
1601 1050 1678 1111 οἷς
1707 1051 1870 1102 πόσον

266 1139 384 1191 τινα
446 1136 732 1190 συνέϐαινεν
784 1135 932 1208 εἶναι,
973 1144 1064 1194 καὶ
1119 1140 1233 1193 κατ’
1305 1140 1465 1193 αὑτοῦ
1494 1146 1587 1191 τοῦ
1620 1137 1871 1210 ὀνόματος

267 1235 358 1280 τοῦ
407 1223 568 1281 Θεοῦ·
608 1227 805 1300 γέλωτα
858 1233 949 1282 καὶ
977 1229 1174 1301 χλεύην
1206 1231 1352 1304 παρὰ
1392 1237 1502 1290 τοῖς
1542 1227 1865 1301 ἀλλοφύλοις,

268 1316 633 1387 στοχάζέσθαι
705 1319 979 1394 πάρεστιν,
1035 1318 1149 1372 Ἐπὶ
1198 1321 1405 1380 τούτοις
1469 1322 1560 1371 καὶ
1612 1317 1768 1378 αὑτός
1843 1318 1870 1368 6

266 1403 404 1458 Ἠλεὶ
467 1405 597 1459 τέλει
655 1409 994 1481 χρησάμενος
1063 1408 1377 1481 οἰκτροτάτῳ
1453 1406 1866 1482 ἀναγέγραπται·

267 1491 546 1569 δεξάμενος
597 1493 812 1568 ἀπειλὴν
884 1505 978 1552 τοῦ
1042 1502 1132 1550 καὶ
1187 1501 1246 1551 τὸ
1305 1501 1514 1572 σπέρμα
1542 1495 1701 1550 αὑτοῦ
1733 1494 1868 1548 ἀπο-

265 1587 649 1644 κινηθήσεσθαι
710 1594 802 1640 τοῦ
871 1590 1134 1664 ἱερατικοῦ
1213 1586 1526 1661 ἀξιώματος·
1597 1587 1720 1661 ὅπερ
1779 1589 1869 1645 καὶ

265 1676 462 1747 γέγονε.

336 1875 389 1928 ϐ.
420 1873 670 1926 Τοσαῦτα
710 1872 1008 1946 συμϐέϐηκε
1032 1882 1106 1946 τῷ
1145 1873 1275 1946 λαῷ.
1333 1881 1567 1928 Τοιαῦτα
1624 1876 1872 1928 πέπονθεν

263 1963 289 2015 6
345 1967 520 2038 πατὴρ
573 1959 668 2016 διὰ
720 1967 816 2021 τὴν
872 1972 973 2016 τῶν
1031 1966 1154 2016 υἰῶν
1205 1968 1552 2038 παρανομίαν.
1585 1963 1642 2026 ὃς
1685 1968 1868 2038 καίπερ

263 2059 356 2104 τοῦ
407 2056 498 2126 μὲν
550 2049 686 2106 ἰδίου
751 2051 874 2126 βίου
940 2053 1099 2106 ἕνεκεν
1142 2055 1254 2126 (73)
1306 2051 1458 2107 οὐδὲν
1488 2055 1682 2127 ᾐτιάθη
1721 2057 1866 2107 ποτέ·

264 2146 354 2194 καὶ
409 2142 587 2205 αὑτοῖς
641 2138 702 2195 δε
754 2141 960 2204 ἐκείνοις
1017 2143 1122 2216 οὑχ
1170 2144 1436 2216 ὑπέμεινεν
1498 2142 1866 2216 ὶφησυχοὶσαε,

267 2229 396 2284 ἀλλὰ
437 2231 600 2284 πολλὰ
645 2235 737 2305 μὲν
773 2251 992 2306 παρηνεε
1048 2237 1285 2306 περὶτοῦ
1323 2235 1510 2305 μηκέτι
1533 2238 1640 2293 τοῖς
1671 2233 1872 2305 ὁμοίοις

267 2320 538 2395 ἐπιμνειν·
588 2326 699 2390 Μὴ,
751 2327 924 2388 τέκνα,
980 2322 1160 2395 λέγων,
1211 2327 1307 2397 μὴ·
1377 2323 1471 2376 οῦκ
1530 2321 1749 2396 ἁγαθαὶ,
1817 2323 1872 2375 αἰ

269 2409 442 2480 ἀκοαί,
499 2412 558 2473 ἇς
622 2412 722 2485 ἐγὼ
776 2411 947 2466 ἀκούω
997 2417 1118 2488 περί
1176 2413 1339 2486 ὑμῶν’
1407 2409 1756 2488 σφοδρότερον
1811 2408 1872 2466 δε

267 2503 674 2563 κατασκευάζων
721 2509 818 2564 τῆς
874 2502 1136 2576 ἁμαρτίας
1190 2506 1250 2556 τὸ
1302 2505 1538 2575 μέγεθος,
1585 2501 1872 2576 φοϐερώτε-

266 2613 355 2668 ρον
376 2594 556 2654 αὑτοῖς
592 2597 824 2669 παρίστη
866 2595 1088 2664 (74)τὸν
1117 2589 1379 2646 κίνδυνον·
1413 2593 1532 2646 Ἐὰν
1556 2594 1664 2666 γάφ
1696 2592 1872 2667 ἀμαρ-

267 2685 430 2736 τάνων
505 2683 711 2757 ἁμάρτῃ
799 2683 1091 2757 ἄνθρωπος,
1197 2687 1379 2756 φησὶν,
1460 2683 1531 2746 εἰς
1577 2683 1868 2758 ἄνθρωπον,

265 2772 638 2846 προσεύξονται
683 2773 804 2844 (75)
855 2777 974 2846 περί
1042 2771 1203 2824 αὑτοῦ
1263 2774 1395 2847 πρὸς
1472 2774 1683 2846 Κύριον.
1753 2771 1874 2824 Ἐὰν

267 2858 327 2914 δὲ
385 2861 452 2923 εἰς
499 2865 630 2914 Θεὸν
672 2862 904 2935 ἁμάρτῃ,
950 2866 1033 2922 τίς
1097 2861 1441 2934 προσεύξεται
1491 2866 1611 2937 περὶ
1663 2860 1871 2929 utﬁt-65;

263 2949 466 3022 Ὀμωςο
506 2947 806 3026 ἐπειδήπερ,
857 2954 926 3012 ὡς
971 2947 1130 3004 εἶπον.
1173 2950 1303 3022 οὐχὶ
1363 2955 1449 3003 τὸν
1479 2954 1745 3026 πρέποντα
1783 2950 1876 3011 ζῆ-

264 3039 352 3092 λον
415 3039 531 3092 κατ’
615 3041 782 3093 αὐτῶν
865 3037 1188 3103 ἐπεδείξατο.
1245 3044 1425 3112 ’γέγονε
1477 3043 1544 3094 τὰ
1607 3040 1870 3114 εἰρημένα.

1976 517 2264 588 populus,
2293 536 2417 577 non
2443 523 2658 595 paucis
2682 539 2755 579 ex
2775 541 2847 580 eo
2869 525 3253 598 cadentibus,
3276 529 3400 585 imo
3427 532 3634 602 etiam,

1977 605 2138 664 circa
2183 625 2389 667 arcam
2447 612 2639 668 sancti
2695 613 2938 669 fcederis
2979 615 3082 670 Dei
3126 615 3363 687 ﬁerent,
3405 634 3542 692 quae
3558 635 3636 677 ne

1979 697 2184 755 audita
2204 701 2452 773 quidem
2478 717 2753 776 unquam
2777 709 2956 760 antea
2985 704 3226 762 fuerant
3247 723 3262 762 :
3283 707 3372 762 sic
3401 713 3467 763 ut
3492 723 3637 764 arca

1977 802 2166 859 quam
2216 803 2414 863 neque
2467 791 2766 859 lsraelitis,
2817 808 3018 866 neque
3038 794 3187 867 ipsis
3215 795 3637 852 sacerdotibus

1977 879 2287 950 omnibus,
2311 883 3021 956 nequequovistempore
3043 884 3394 955 contingere
3419 885 3642 943 licebat

1978 985 2241 1043 qumque
2276 983 2400 1026 non
2456 971 2518 1027 in
2572 972 2787 1044 quovis
2829 972 2965 1028 loco
3015 973 3463 1043 asservabatur,
3517 975 3637 1032 alio

1979 1058 2225 1115 aliunde
2253 1064 2570 1132 exportata
2599 1061 2672 1118 sit
2697 1061 2776 1117 ab
2813 1060 3017 1134 impiis
3047 1063 3356 1135 manibus,
3388 1069 3445 1120 et
3476 1062 3639 1121 sedis

1979 1152 2226 1218 sanctae,
2256 1148 2392 1206 loco
2415 1149 2478 1206 in
2510 1149 2976 1207 simulacrorum
3024 1152 3294 1209 delubris
3342 1153 3642 1212 collocata

1978 1238 2174 1295 fuerit.
2209 1241 2291 1294 Ex
2321 1239 2537 1311 quibus
2567 1241 2907 1311 conjectare
2945 1241 3040 1297 fas
3071 1245 3178 1314 est,
3211 1247 3444 1315 quanto
3493 1242 3641 1300 risui

1976 1328 2365 1401 ludibrioque
2389 1329 2593 1402 ipsum
2619 1330 2800 1388 etiam
2821 1331 2920 1386 Del
2943 1347 3168 1388 nomen
3181 1332 3537 1403 alienigenae
3559 1331 3643 1390 illi

1976 1417 2322 1475 habuerint.
2352 1418 2578 1475 Adhaac
2614 1418 2822 1476 litteris
2863 1420 3173 1493 proditum
3197 1425 3290 1478 est
3339 1427 3396 1478 et
3437 1422 3642 1494 ipsum

1977 1507 2102 1565 Heli
2125 1507 2466 1564 miserrimo
2491 1508 2651 1565 exitu
2672 1509 2857 1565 vitam
2878 1511 3105 1579 ﬁnisse,
3127 1514 3458 1583 postquam
3480 1511 3640 1567 hanc

1977 1597 2513 1655 comminationem
2540 1597 2887 1669 audivisset,
2939 1599 3066 1655 fore
3094 1605 3161 1656 ut
3203 1615 3410 1657 semen
3448 1599 3641 1672 ipsius

1977 1705 2010 1746 θ
2065 1686 2425 1746 sacerdotali
2477 1687 2772 1758 dignitate
2829 1688 3338 1746 submoveretur:
3371 1688 3539 1763 quod
3582 1691 3643 1746 et

1907 1785 1950 1842 Β
1979 1778 2249 1849 contigit.

2049 1872 2102 1924 6.
2125 1871 2232 1924 Tot
2251 1872 2308 1925 et
2330 1872 2502 1924 tanta
2526 1867 2876 1924 acciderunt
2898 1867 3145 1940 populo.
3199 1867 3364 1924 Talia
3397 1867 3640 1940 pertulit

1981 1960 2160 2031 219
2189 1961 2362 2031 pater
2389 1957 2470 2014 ob
2495 1956 2761 2013 ﬁliorum
2782 1956 3185 2030 iniquitatem,
3203 1956 3309 2030 qui
3329 1961 3535 2013 tamen
3555 1956 3638 2012 ob

1978 2065 2123 2105 suos
2144 2048 2340 2122 ipsius
2353 2063 2552 2104 mores
2567 2046 2734 2104 nullo
2747 2061 3021 2119 unquam
3041 2047 3292 2104 crimine
3309 2051 3637 2102 accusatus

1978 2143 2087 2195 est.
2121 2142 2248 2195 lmo
2277 2137 2457 2194 etiam
2485 2151 2686 2210 neque
2715 2136 2956 2192 illorum
2975 2136 3208 2206 ﬂagitia
3228 2136 3442 2192 tacitus
3469 2135 3646 2191 susti-

1977 2228 2110 2286 nuit
2139 2245 2152 2284 :
2184 2226 2292 2283 sed
2315 2226 2575 2283 multum
2613 2225 3040 2293 admonuerat,
3073 2229 3137 2281 ut
3163 2241 3241 2281 ne
3263 2224 3526 2297 amplius
3576 2225 3642 2280 in

1980 2315 2286 2390 ejusmodi
2299 2298 2561 2389 peccatis
2581 2319 3058 2388 perseverarent.
3081 2313 3298 2371 Aiebat
3308 2313 3470 2370 enim
3495 2331 3507 2370 :
3527 2315 3570 2370 Α
3585 2313 3647 2369 b-

1979 2407 2058 2466 sit
2096 2407 2248 2477 ﬁlii:
2277 2421 2398 2462 non
2437 2410 2580 2460 sunt
2602 2405 2746 2461 boni
2770 2419 3043 2460 rumores
3059 2419 3208 2476 quos
3238 2404 3423 2460 audio
3448 2403 3522 2460 de
3550 2416 3650 2460 vo-

1984 2498 2071 2554 bis
2091 2499 2162 2554 ⁵³.
2190 2498 2386 2568 Atque
2415 2494 2598 2550 etiam
2631 2493 3114 2563 magnitudinem
3128 2492 3371 2550 sceleris
3391 2505 3651 2564 exagge-

1980 2603 2144 2658 rans,
2178 2583 2520 2660 periculum
2549 2582 2996 2640 formidabilius
3027 2582 3172 2656 ipsis
3194 2583 3276 2640 ob
3304 2581 3515 2640 oculos
3546 2597 3655 2655 po-

1981 2675 2186 2734 nebat.
2207 2676 2277 2733 Si
2295 2675 2473 2740 enim,
2497 2673 2714 2746 inquit,
2735 2687 2994 2744 peccans
3009 2673 3353 2743 peccaverit
3373 2672 3548 2727 homo
3577 2672 3644 2727 in

1983 2767 2304 2834 hominem,
2333 2765 2599 2821 orabunt
2613 2779 2724 2834 pro
2747 2779 2812 2820 eo
2837 2763 2919 2820 ad
2938 2764 3278 2820 Dominum.
3323 2761 3393 2818 Si
3420 2775 3560 2818 vero
3582 2762 3645 2818 in

2041 2871 2172 2912 eum
2189 2856 2556 2925 peccaverit,
2583 2855 2716 2924 quis
2739 2852 2936 2910 orabit
2957 2869 3064 2923 pro
3088 2854 3212 2923 ipso
3227 2853 3274 2888 τοι
3291 2853 3319 2907 ?
3343 2849 3645 2918 Quoniam

1983 2949 2214 3014 tamen,
2244 2948 2310 2999 ut
2346 2942 2493 3011 dixi,
2524 2942 2606 3009 id,
2629 2942 2797 3015 quod
2825 2957 2938 3014 par
2966 2947 3112 3009 erat,
3149 2941 3342 2999 animi
3374 2938 3647 2997 studium

1985 3035 2047 3092 in
2077 3035 2245 3106 ipsos
2271 3047 2396 3088 non
2423 3031 2708 3099 ostendit,
2739 3035 3073 3087 evenerunt
3099 3046 3237 3104 quas
3284 3027 3650 3086 memoravi-

265 3134 494 3182 Τοιαῦτα
535 3133 626 3203 μὲν
676 3127 764 3183 οὖν
813 3129 1036 3183 πλεῖστα
1075 3131 1178 3183 ὅσα
1201 3132 1337 3182 κατὰ
1365 3133 1461 3188 τὴν
1491 3129 1726 3183 Παλαιὰν
1757 3136 1870 3183 Δια·

1989 3141 2146 3182 mus.
2180 3123 2318 3193 Ejus
2339 3121 2589 3195 quidem
2611 3119 2848 3191 generis
2873 3119 3104 3192 judicia
3133 3119 3400 3192 plurima
3433 3119 3495 3175 in
3543 3133 3647 3174 ve-

267 3220 429 3278 θηκην
488 3220 712 3294 εὑρίσκω
762 3222 829 3273 τὰ
877 3221 1015 3272 κατὰ
1060 3220 1242 3281 πάσης
1289 3227 1564 3294 παρακοῆς
1600 3223 1874 3296 κρίματα-

264 3308 416 3370 αῦθις
458 3305 519 3361 δε
566 3309 688 3361 ὅταν
756 3307 839 3360 ἐπὶ
887 3313 982 3368 τὴν
1047 3313 1242 3367 Καινὴν
1297 3309 1447 3373 ἔλθω,
1514 3316 1607 3362 τοῦ
1680 3311 1878 3384 Κυρίου

263 3399 410 3470 ἡμῶν
464 3396 644 3454 Ἰησοῦ
709 3404 947 3468 Χριστοῦ
1014 3397 1108 3450 οῦκ
1157 3396 1515 3459 ἀπολύσαντος
1563 3401 1653 3469 μὶν
1681 3405 1777 3459 τῆς
1802 3417 1879 3450 τι·

263 3491 468 3562 μωρίας
510 3489 627 3539 οὔτε
682 3484 748 3538 τὰ
787 3489 922 3538 κατὰ
987 3485 1218 3558 ἄγνοιαν,
1273 3483 1622 3562 σφοδρότερον
1653 3483 1714 3539 δὲ
1741 3489 1880 3539 κατὰ

264 3585 365 3628 τῶν
432 3574 482 3628 ἓν
541 3580 732 3648 γνώσει
772 3581 868 3633 τὴν
935 3573 1150 3634 ἀπειλὴν
1207 3573 1568 3643 ἱπιτείναντος,
1660 3572 1696 3628 δ
1701 3575 1733 3627 ι’
1808 3576 1876 3626 ὧν

269 3685 448 3739 φησιν.
499 3671 716 3725 Ἐκεῖνος
780 3661 840 3718 δὲ
905 3666 932 3716 6
977 3661 1187 3730 δοῦλος,
1246 3666 1273 3717 6
1339 3667 1496 3736 γνούς
1542 3668 1601 3718 τὸ
1679 3664 1878 3737 θῦεημα

267 3763 359 3809 τοῦ
419 3759 604 3828 κυρίου
651 3755 836 3807 ἑαυτοῦ
891 3756 1023 3827 (76),
1077 3759 1168 3806 καὶ
1217 3760 1286 3826 μὴ
1332 3754 1614 3827 ἑτοιμάσας
1671 3755 1871 3824 ἑαυτὸν,

266 3842 406 3919 μηδὲ
494 3864 724 3903 ποιησας
793 3847 922 3919 πρὸς
991 3847 1051 3897 τὸ
1119 3843 1318 3916 θέλημα
1379 3845 1563 3916 αὑτοῦ,
1637 3841 1890 3918 δαρήσε-Δ

264 3953 353 3988 ται
399 3933 610 3995 πολλάςο
657 3930 766 3986 ὁδε
805 3937 877 4006 μὴ
943 3935 1112 4004 γνούς,
1162 3938 1397 3996 ποιήσας
1449 3929 1509 3986 δε
1561 3932 1684 3996 ἄξια
1745 3933 1876 3990 πλη-

262 4031 386 4096 γῶν,
460 4020 754 4098 δαρήσεται
820 4021 1020 4094 ὀλίγας·
1099 4023 1221 4076 ὅταν
1317 4022 1448 4096 εὕρω
1527 4022 1685 4075 αὐτοῦ
1780 4030 1874 4075 τοῦ

263 4121 574 4188 μονογενοῦς
622 4116 748 4166 Υἰοῦ
796 4119 888 4166 τοῦ
928 4119 1062 4166 Θεοῦ
1120 4115 1211 4174 τὰς
1257 4116 1502 4173 τοιαύτας
1562 4111 1871 4185 ἀποφάσεις,

263 4209 354 4258 καὶ
413 4211 515 4257 τῶν
562 4201 719 4275 ἁγίων
777 4201 1081 4256 ἀποστόλων
1119 4205 1214 4261 τὴν
1235 4204 1372 4255 κατὰ
1416 4210 1517 4254 τῶν
1543 4201 1874 4276 ἁμαρτανόν-

263 4312 363 4346 των
416 4293 795 4366 ἁγανάκτησινο
855 4293 922 4345 τὰ
971 4298 1192 4344 τοιαῦτα
1247 4296 1338 4344 καὶ
1383 4285 1676 4349 τηλικαῦτα
1703 4293 1870 4360 πάθη,

1987 3216 2095 3272 teri
2152 3217 2532 3270 Testamento
2565 3209 2858 3268 adversus
2888 3225 3135 3266 omnem
3164 3207 3646 3266 inobedientiam

1986 3302 2220 3378 reperio
2249 3321 2262 3370 ;
2286 3318 2427 3358 cum
2447 3316 2592 3358 vero
2620 3316 2837 3356 rursus
2867 3300 2944 3356 ad
2973 3303 3209 3356 Novum
3255 3297 3530 3368 devenio,
3583 3297 3646 3355 in

1985 3410 2108 3468 quo
2138 3391 2427 3448 Dominus
2457 3393 2667 3448 Noster
2691 3393 2864 3446 Jesus
2885 3389 3154 3446 Christus
3173 3404 3250 3445 ne
3269 3388 3489 3444 delicta
3519 3386 3651 3461 qui-

1986 3484 2125 3540 dem
2138 3498 2246 3557 per
2265 3480 2676 3553 ignorantiam
2697 3479 2972 3536 admissa
2991 3494 3222 3552 apmna
3239 3477 3516 3545 exsolvit,
3538 3477 3647 3533 sed
3705 3547 3714 3557 ε

1985 3575 2068 3630 ita
2097 3577 2320 3639 tamen,
2372 3575 2438 3628 ut
2485 3569 2777 3627 adversus
2827 3585 2899 3626 ea
2953 3585 3091 3643 quae
3119 3569 3374 3626 scienter
3402 3573 3646 3640 patrata

1986 3666 2148 3729 sunt,
2178 3661 2380 3717 minas
2400 3661 2665 3731 majores
2693 3659 2989 3727 intendat,
3012 3657 3106 3714 his
3134 3657 3338 3714 verbis
3363 3674 3376 3713 :
3397 3657 3514 3713 Ille
3539 3671 3646 3712 au-

1985 3758 2101 3809 tem
2122 3765 2349 3818 servus,
2382 3750 2488 3821 qui
2507 3748 2782 3819 cognovit
2814 3749 3185 3804 voluntatem
3208 3747 3438 3802 domini
3454 3746 3570 3813 sui,
3587 3751 3646 3801 et

1983 3858 2104 3900 non
2147 3839 2528 3911 praeparavit
2562 3839 2844 3908 seipsum,
2893 3852 3082 3910 neque
3113 3837 3260 3907 fecit
3313 3836 3640 3893 secundum

1985 3932 2358 3988 voluntatem
2385 3932 2536 4000 ejus,
2559 3929 2876 3998 vapulabit
2905 3929 3140 3983 multis:
3159 3927 3265 4000 qui
3290 3933 3498 4001 autem,
3519 3941 3642 3982 non

1984 4023 2282 4091 cognovit,
2330 4024 2384 4075 et
2432 4019 2579 4088 fecit
2635 4017 2825 4087 digna
2867 4017 3090 4086 plagis,
3139 4015 3459 4087 vapulabit
3495 4029 3644 4085 pau-

1984 4111 2069 4167 cis
2115 4111 2186 4165 ‘5.
2227 4108 2470 4174 Quoties
2514 4107 2696 4177 igitur
2747 4105 3050 4178 ejusmodi
3072 4105 3406 4162 sententias
3451 4105 3645 4178 ipsius

1983 4199 2276 4270 unigeniti
2295 4197 2400 4254 Dei
2424 4196 2545 4254 Filii
2575 4195 2917 4264 considero,
2942 4200 2999 4251 et
3022 4201 3374 4252 sanctorum
3405 4198 3648 4267 aposto-

1982 4291 2182 4347 lorum
2214 4288 2508 4345 adversus
2538 4290 2858 4360 peccantes
2879 4285 3359 4356 indignationem
3381 4289 3647 4341 contem-

262 4392 362 4438 τῶν
427 4388 516 4436 καὶ
563 4384 611 4435 ἓν
673 4383 845 4435 ὁτιοῦν
891 4383 1292 4454 ἡμαρτηκότων,
1324 4380 1429 4452 ούχ
1460 4383 1653 4438 ἥττονα
1681 4389 1781 4433 τῶν
1820 4379 1870 4433 ἐκ

1985 4379 2118 4452 plor
2141 4393 2156 4444 ;
2188 4392 2452 4450 cumque
2472 4392 2684 4433 eorum
2702 4375 2809 4448 qui
2828 4374 2925 4431 vel
2944 4390 3137 4430 unum
3155 4374 3413 4446 quodvis
3433 4389 3648 4446 pecca-

264 4482 356 4534 τῆς
413 4472 642 4533 Παλαιᾶς
686 4471 986 4547 εἰρημένων,
1055 4468 1244 4542 μᾶλλον
1335 4466 1394 4522 δὲ
1473 4474 1564 4522 καὶ
1642 4475 1875 4538 πλείονα,

265 4565 645 4637 καταμανθάνω
669 4569 762 4616 τοῦ
820 4564 1074 4636 κρίματος
1140 4563 1238 4618 κήν
1307 4555 1664 4634 σφοδρότητα.
1735 4558 1874 4614 Ἐπεί

266 4659 356 4707 καὶ
418 4654 488 4727 ⁷ῼ
569 4654 851 4727 παρέθεντο
926 4649 1082 4716 πολὺ,
1160 4652 1532 4723 περισσότερον
1639 4647 1873 4708 ἀπαιτή-

267 4763 452 4798 σουσιν
500 4743 676 4799 αὑτόν.
734 4738 875 4796 Ἰδού
914 4745 1088 4795 τοίνυν
1155 4744 1246 4792 καὶ
1307 4740 1333 4792 6
1384 4739 1644 4812 μακάριος
1672 4738 1874 4801 Παῦλος

262 4833 574 4898 ὑποδεικνὺς
623 4833 752 4908 ομοὺ
801 4841 892 4894 τῆς
949 4851 1002 4886 τε
1051 4831 1286 4893 κλήσεως
1340 4834 1398 4883 τὸ
1429 4829 1636 4904 ἀξίωμα
1661 4836 1752 4884 καὶ
1776 4836 1870 4891 τὴν

334 4996 383 5032 ⁵³
427 4998 448 5051 l
477 4998 620 5065 Reg.
652 5009 714 5062 ιι,
754 4997 845 5052 24.
922 4996 971 5031 ⁵⁸
996 4993 1146 5052 ibid.
1171 4999 1264 5052 25.

334 5134 1861 5231 ςῖε).εάίιίρ.9ξιξίξ;εάἐεἑλῖὲποεςέὲιίειξί.ἐκθλίβτὲ

258 5206 383 5266 οὐδὲ
411 5206 588 5272 τόπος.
625 5207 801 5282 Haud
815 5208 1003 5282 longe
1024 5209 1206 5267 editio
1226 5211 1410 5266 Paris.
1432 5206 1746 5282 ὑπεδέχετο,
1770 5215 1860 5262 καὶ

258 5283 677 5356 ἐγένετοταύτην.
721 5279 914 5338 Editio
962 5283 1133 5356 Ven_.__
1159 5287 1218 5356 et
1271 5279 1462 5356 nostri
1518 5279 1657 5356 ινόέ⁵
1695 5298 1850 5338 mss.

258 5350 547 5427 ὑπεδέχετο
578 5357 821 5427 ταύτην,
861 5355 1039 5408 recte.
1070 5351 1224 5408 Illud
1251 5353 1459 5427 enimL
1491 5356 1580 5427 xui
1638 5350 1853 5424 ἐγένετο,

256 5423 509 5500 prorsus
537 5425 831 5500 πλεονάζειν
855 5439 1034 5500 nemo
1055 5439 1178 5481 non
1209 5424 1388 5481 videt.
1424 5423 1675 5481 Statim.
1710 5427 1853 5494 Reg.

255 5496 488 5572 primus
514 5506 658 5559 ναοῖς
684 5496 1050 5572 ἀποτίθεσθαι.

326 5572 436 5640 (73“ι
451 5572 746 5643 _U_traque_
760 5568 942 5643 editio
968 5571 1024 5623 et
1042 5569 1182 5643 Reg.
1205 5566 1508 5643 secundus
1535 5566 1585 5643 ός
1615 5571 1704 5643 καί
1724 5568 1851 5643 ὑπέρ

255 5638 348 5716 μὲν
386 5638 477 5696 τοῦ
526 5638 666 5694 ἰδίοῦ
713 5639 837 5717 βίον
881 5638 1059 5694 ἕνεκεν·
1119 5638 1180 5694 in
1217 5638 1442 5710 quibus
1460 5641 1610 5711 quin
1641 5638 1853 5697 vitium

1341 4994 1390 5029 ⁵³
1422 4995 1560 5051 Luc.
1589 5009 1694 5063 xu,
1718 4997 1812 5064 47,
1840 4997 1931 5051 48.

1985 4473 2115 4525 tum
2170 4465 2548 4537 commisere,
2607 4464 2984 4521 calamitates
3039 4463 3379 4534 considero,
3414 4477 3641 4536 easque

1983 4558 2135 4615 tales
2160 4572 2232 4613 ac
2260 4559 2484 4620 tantas,
2514 4558 2573 4611 et
2597 4570 2736 4627 quae
2785 4554 3051 4610 minores
3096 4567 3222 4609 non
3261 4555 3406 4608 sunt
3450 4567 3641 4624 quam

1981 4647 2096 4706 illae
2141 4661 2300 4719 quas
2343 4661 2417 4702 ex
2464 4644 2655 4701 Veteri
2709 4642 2900 4714 retuli,
2948 4642 3072 4698 imo
3115 4642 3323 4715 potius
3350 4642 3636 4711 majores,

1983 4743 2111 4794 tum
2154 4734 2364 4806 iudicii
2420 4733 2805 4791 severitatem
2840 4731 3130 4802 intelligo.
3167 4734 3314 4787 Nam
3345 4731 3443 4787 cui
3471 4744 3635 4786 com-

1979 4826 2345 4886 mendaram
2361 4825 2640 4892 multum,
2649 4823 2792 4892 plus
2799 4826 3003 4894 petent
3023 4820 3097 4879 ab
3121 4835 3184 4878 eo
3205 4820 3428 4875 “.Ecce
3456 4817 3641 4888 igitur

2008 4995 2055 5030 ⁵⁸
2095 4989 2244 5048 ibid.
2277 4992 2370 5046 48.

1970 5131 2389 5194 insitdubitari
2409 5147 2533 5188 non
2553 5132 2768 5202 potest.
2799 5129 3047 5202 Constat
3063 5125 3223 5182 enim
3246 5124 3498 5202 autem:
3531 5125 3638 5180 aut

1970 5209 2128 5262 ἕνεκεν
2152 5203 2516 5262 redundare.
2545 5197 2710 5260 Unus
2733 5200 2925 5256 codex
2947 5204 3012 5254 ut
3033 5197 3094 5252 in
3124 5200 3431 5252 contextu.

2036 5283 2152 5352 (74)
2206 5279 2466 5352 Utraque
2509 5275 2691 5332 editio
2747 5277 2804 5352 et
2834 5273 2978 5352 Reg.
3011 5348 3018 5352 _
3033 5267 3341 5352 secundus
3364 5271 3622 5340 παρίστη.

1965 5340 2107 5420 Ηέίζ.
2135 5340 2386 5422 primus.
2401 5352 2717 5422 παρίστησι.
2752 5347 2891 5422 Reg.
2916 5340 3124 5422 tertius
3155 5345 3479 5422 παρέστησε,

2208 5421 2371 5494 Regii
2428 5409 2662 5494 primus
2719 5421 2776 5471 et
2820 5409 3025 5494 tartius
3082 5417 3172 5494 καὶ
3223 5409 3603 5485 προσεύξονται

1967 5485 2176 5552 Statim
2195 5485 2364 5563 Regii
2386 5485 2632 5564 primus
2645 5495 2702 5564 et
2719 5485 3038 5564 secundus
3061 5490 3149 5538 καὶ
3189 5503 3290 5546 τις.

2034 5567 2152 5642 (76)
2177 5557 2417 5644 Antiqui
2445 5563 2569 5622 duo
2599 5560 2733 5618 libri
2763 5564 2945 5638 κυρίου
2978 5557 3139 5616 αὑτοῦ
3157 5598 3170 5617 .
