4110 6398
273 327 378 383 673

1669 317 1759 373 DE
1803 313 2072 371 JUDlClO
2113 315 2250 370 DEI.

3544 322 3651 376 674

273 454 418 522 Λόγοι
469 469 568 522 μου
626 447 684 500 οῦ
742 451 812 519 μὴ
875 447 1220 522 παρέλθωσιν.
1291 444 1401 498 Οὐκ
1453 446 1589 497 ἔστιν
1652 441 1873 494 ἐνταῦθα

2012 440 2164 496 νειοὸα
2180 444 2380 497 autem
2397 456 2528 498 mea
2545 456 2665 496 non
2675 441 3076 508 praeteribunt
3089 444 3106 478 ⁷
3118 443 3408 502 δ.ΝιιΙΙιιω
3429 449 3520 503 est
3531 446 3650 504 hoc

276 537 526 612 ὃιαγορά,
557 537 650 590 οῦκ
681 539 790 588 ἔστι
822 533 1100 609 διαίρεσις,
1137 532 1285 588 οὐδὲν
1317 531 1554 606 οὐδαμοῦ
1585 532 1708 592 ὅλως
1739 532 1870 583 υπο-

271 629 546 682 λέλειπται.
593 626 703 678 Οῦκ
757 623 908 679 εἶπεν·
957 626 1114 678 Οὗτοι
1163 627 1191 684 ἡ
1243 624 1446 692 ἐκεῖνοι,
1495 623 1617 693 ἀλλ’,
1669 622 1736 674 Οἱ
1782 620 1874 672 λό-

273 737 360 790 γοι
409 737 532 791 μου,
573 718 756 776 πάντες
804 716 933 788 ὁμοῦ
989 711 1250 780 δηλονότι,
1306 713 1364 766 οῦ
1421 717 1492 785 μὴ
1553 710 1872 786 παρέλθωσι.

279 813 576 882 Γέγραπται
639 809 763 878 γάρ·
837 809 1027 867 Πιστός
1091 808 1276 880 Κύριος
1337 803 1384 855 ἐν
1451 810 1585 856 πᾶσι
1640 809 1746 861 τοῖς
1800 803 1878 852 λό’

276 918 386 972 γοις
453 898 634 950 αὑτοῦ·
701 899 799 948 εῖτε
867 895 1200 970 ἀπαγορεύων
1263 897 1475 960 ὁτιοῦν,
1545 897 1640 945 εἴτε
1705 909 1877 965 προσ-

277 991 510 1055 τάσσων,
559 992 655 1040 εἴτε
703 985 1138 1058 ἐπαγγελλόμενος
1168 987 1299 1057 (00),
1352 989 1448 1037 εἴτε
1493 981 1735 1050 ἀπειλῶν,
1791 985 1882 1033 καὶ

280 1083 380 1132 εἴτε
429 1077 512 1131 ἐπὶ
560 1085 620 1149 τῇ
673 1075 858 1151 πράξει
903 1085 1000 1128 τῶν
1045 1073 1495 1150 ἀπηγορευμένων,
1546 1076 1646 1125 εἴτε
1695 1070 1778 1123 ἐπὶ
1816 1078 1877 1142 τῇ

281 1167 495 1238 ἐλλείψει
559 1174 658 1218 τῶν
721 1164 1150 1238 ἐπιτεταγμένων.
1213 1164 1332 1216 Ὀτι
1397 1165 1495 1238 γὰρ
1564 1162 1752 1222 ἐπίσης
1815 1169 1877 1233 τῇ

280 1257 504 1332 ἐνεργείᾳ
543 1264 640 1307 τῶν
693 1264 864 1308 κακῶν
912 1259 1002 1307 καὶ
1049 1257 1079 1312 ἠ
1124 1263 1221 1306 τῶν
1272 1253 1480 1325 ἀγαθῶν
1513 1256 1672 1327 ἔργων
1722 1251 1882 1303 ἔλλει-

275 1344 368 1416 ψις
438 1342 744 1411 ἐκὸικείται,
809 1348 958 1417 ἤρκει
1009 1347 1100 1418 μὲν
1166 1348 1253 1396 καὶ
1298 1346 1425 1418 πρὸς
1471 1339 1742 1404 ἀπόδειξιν
1795 1346 1884 1393 καὶ

274 1434 629 1510 πληροφορίαν
765 1454 824 1506 γε
870 1438 941 1507 μὴ
993 1433 1210 1492 παντελῆ
1269 1432 1516 1485 ἀπιστίαν
1548 1433 1665 1502 (91)
1695 1432 1884 1483 νοσού-

279 1544 343 1598 σῃ
380 1523 534 1597 ψυχῇ
587 1528 645 1578 τό
703 1529 1071 1600 προειρημένον
1113 1523 1196 1576 ἐπὶ
1253 1532 1323 1593 τῷ
1370 1527 1546 1597 Πέτρῳ
1594 1528 1776 1595 κρῖμα·
1813 1522 1882 1585 ὃς,

277 1614 372 1665 οὐκ
405 1612 820 1689 ἀπηγορευμένον
878 1634 928 1665 τι
977 1613 1200 1688 πράξας,
1248 1609 1372 1665 οὐδὲ
1415 1617 1518 1685 μὴν
1567 1613 1889 1684 πρόσταγμα

277 1722 329 1754 τι
363 1711 596 1756 τοιοῦτον
629 1703 885 1774 έλλείψας,
920 1703 944 1754 ό
973 1705 1234 1776 ρᾳθυμίαν
1275 1703 1301 1760 ‘r',
1337 1707 1725 1776 καταφρόνησιν
1757 1720 1888 1754 κατ-

1982 527 2118 585 loco
2143 529 2488 599 discrimen,
2520 529 2688 585 nulla
2706 529 3028 596 distinctio,
3061 531 3208 588 nihil
3235 550 3495 607 usquam
3521 551 3650 592 om-

1985 617 2132 675 nino
2151 619 2426 676 relictum
2475 624 2584 674 est.
2637 621 2768 674 Non
2797 618 2983 674 dixit:
3036 623 3170 676 Haec
3215 627 3320 678 aut
3364 623 3485 690 illa,
3519 624 3649 688 sed,

1999 707 2188 764 Verba
2204 723 2355 779 mea,
2370 708 2576 763 omnia
2595 706 2774 762 simul
2795 706 3089 776 videlicet,
3105 723 3226 764 non
3240 710 3649 781 praeteribunt.

1992 795 2291 868 Scriptum
2325 801 2419 852 est
2465 796 2663 852 enim:
2716 795 2941 852 Fidelis
2971 798 3264 854 Dominus
3285 800 3348 855 in
3379 799 3654 855 omnibus

1992 885 2181 942 verbis
2219 887 2452 942 suis”:
2505 885 2633 940 sive
2663 889 2816 941 vetet
2854 884 3112 958 quidvis,
3159 886 3282 943 sive
3324 888 3656 962 praecipiat,

1994 976 2117 1032 sive
2150 976 2482 1048 promittat,
2530 976 2654 1032 sive
2685 975 2969 1044 minetur,
3020 976 3146 1032 sive
3175 993 3312 1050 quae
3339 977 3657 1036 interdicta

1993 1071 2151 1128 sunt,
2196 1072 2476 1137 agantur.
2518 1066 2637 1121 sive
2680 1082 2817 1138 qute
2851 1066 3026 1138 jussa
3064 1073 3224 1137 sunt,
3271 1068 3650 1126 omittantur.

1994 1156 2224 1213 Etenim
2247 1156 2307 1212 id
2337 1156 2504 1229 quod
2535 1172 2677 1212 mox
2705 1157 2780 1212 de
2809 1159 2976 1212 Petro
3007 1157 3180 1213 retuli
3205 1157 3504 1229 judicium
3534 1158 3659 1216 fue-

1992 1245 2068 1303 rit
2093 1246 2170 1302 ad
2203 1245 2320 1302 hoc
2346 1246 2490 1302 satis
2527 1246 2743 1302 animae
2784 1261 2905 1302 non
2937 1248 3190 1303 omnino
3218 1247 3658 1304 incredulitatis

1994 1335 2212 1393 morbo
2235 1335 2564 1403 laboranti,
2596 1340 2659 1391 ut
2686 1335 2990 1392 bonorum
3021 1352 3276 1408 operum
3305 1338 3664 1410 praetermis-

1995 1426 2227 1482 sionem
2247 1425 2494 1498 perindc
2511 1432 2691 1498 atque
2715 1424 3012 1482 malorum
3031 1426 3537 1498 perpetrationem
3554 1443 3663 1501 pu-

1996 1517 2111 1574 niri
2131 1523 2510 1589 compertum
2533 1517 2754 1573 habeat
2774 1533 2845 1572 ac
2866 1534 3264 1588 persuasum:
3288 1518 3556 1592 quicum
3576 1519 3663 1576 ni-

1998 1607 2086 1665 hil
2110 1607 2279 1680 quod
2310 1608 2561 1664 vetitum
2593 1612 2749 1664 esset
2776 1607 3032 1672 fecisset,
3065 1609 3423 1682 nullumque
3454 1609 3664 1679 hujus-

2001 1697 2554 1770 modipraaceptum
2588 1697 3086 1770 praetermisisset,
3119 1699 3289 1770 quod
3314 1698 3666 1770 praetermit-

281 1800 460 1864 ηγορεῑ
489 1801 580 1844 τοῦ
625 1791 958 1857 ἓλλείποντος,
1005 1795 1294 1866 ὑπηρεσίαν
1344 1789 1402 1845 δὲ
1457 1796 1547 1843 καὶ
1604 1796 1760 1864 τιμὴν
1798 1795 1888 1850 τὴν

2012 1786 2177 1844 lentis
2207 1792 2310 1842 aut
2339 1786 2651 1856 segnitiem
2674 1791 2950 1855 argueret
2970 1792 3076 1842 aut
3095 1792 3536 1859 contemptum,
3556 1787 3664 1843 sed

282 1881 427 1956 παρά
476 1890 568 1934 τοῦ
629 1885 888 1934 Δεσπότου
935 1887 1089 1954 μόνον
1141 1879 1503 1944 ὐποδέξασθαι
1570 1880 1888 1950 εὐλαϐηθεὶς,

282 1975 528 2029 τοιαύτην
581 1968 790 2034 ἐδέξατο
849 1976 942 2029 την
994 1970 1206 2030 ἀπειλὴν
1258 1971 1318 2028 ἦν
1375 1971 1470 2023 οῦκ
1513 1970 1802 2044 5?:173‘1501,
1848 1970 1891 2023 εἰ

287 2067 383 2136 μὴ,
417 2065 595 2126 καθὼς
640 2067 972 2138 προείρηται,
1021 2065 1212 2134 ἔφθασε
1259 2067 1351 2120 τήν
1395 2062 1555 2137 ὀργὴν
1612 2071 1675 2135 τῇ
1717 2065 1891 2134 ταχύ-

283 2171 401 2210 τητι
430 2155 520 2205 καὶ
566 2149 889 2226 σφοδρότητι
936 2161 1027 2213 τῆς
1076 2148 1424 2226 διορθώσεως.
1466 2150 1605 2210 Πλὴν
1644 2149 1822 2210 ἐπειδὴ
1867 2153 1893 2204 ὁ

285 2240 478 2314 ἀγαθός
525 2247 612 2294 καὶ
663 2241 1025 2314 εῦσπλαγχνος
1069 2245 1199 2304 Θεὸς
1245 2244 1596 2315 μακροθυμῶν
1645 2241 1720 2314 ἐφ’
1769 2244 1894 2314 ἡμῖν

285 2328 566 2398 εῦὸόκησε,
602 2336 692 2383 καὶ
745 2331 992 2393 πολλάκις
1024 2332 1147 2404 ἡμῖν
1177 2334 1234 2384 τό
1285 2331 1409 2383 αὐτό
1440 2335 1530 2383 καὶ
1575 2328 1669 2383 διὰ
1697 2330 1894 2383 πολλῶν

285 2417 584 2491 ὑποδεῖξαι,
643 2423 725 2473 ῖνα
761 2429 832 2490 τῷ
879 2419 1066 2478 πλήθει
1122 2424 1212 2472 καὶ
1268 2428 1329 2492 τῇ
1393 2424 1642 2492 συνεχείᾳ
1691 2416 1891 2492 δυνηθῇ

287 2509 434 2583 μόλις
483 2511 607 2562 ποτε
659 2509 1017 2582 μοχλευθεῐσα
1063 2514 1152 2562 καὶ
1209 2508 1626 2568 καταντληθείσα
1655 2510 1684 2568 ἠ
1736 2508 1891 2581 ψυχὴ

289 2597 690 2675 ἀποτρίψασθαι
738 2603 831 2658 την
887 2597 1236 2672 πολυχρόνιον
1266 2607 1357 2659 τῆς
1412 2602 1736 2674 παρανομίας
1769 2618 1898 2650 συν-

289 2691 489 2757 ήθειαν,
549 2687 748 2742 ἐκείνων
805 2691 972 2761 μόνων
1038 2690 1166 2762 πρός
1209 2692 1267 2742 τό
1320 2691 1483 2762 παρόν
1540 2697 1900 2762 μνημονεῦσαι

294 2776 573 2850 ἀναγκαῖον
618 2786 716 2831 τῶν
749 2777 798 2830 ἐν
843 2785 904 2851 τῇ
951 2777 1148 2850 μεγάλη
1183 2781 1274 2832 καὶ
1315 2777 1506 2853 φοϐερᾲ
1533 2787 1627 2840 τῆς
1683 2783 1899 2851 κρίσεως

293 2869 465 2941 ἡμέρα
512 2867 564 2929 ἐξ
607 2866 893 2944 ἀριστερῶν
941 2875 1034 2919 τοῦ
1090 2872 1285 2941 Κυρίου
1342 2870 1488 2940 ἡμῶν
1536 2868 1712 2926 Ἰησοῦ
1764 2875 1898 2942 Χρι-

299 2964 425 3009 στοῦ
481 2958 780 3030 ἱσταμένων·
840 2960 970 3032 πρὸς
1024 2955 1114 3019 οὓς
1150 2957 1311 3029 ἔλεγεν
1358 2959 1472 3030 (92)
1521 2959 1547 3010 ὁ
1586 2965 1759 3012 πᾶσαν
1811 2961 1900 3016 τὴν

297 3045 537 3108 ἐξουσίαν
593 3054 684 3108 τῆς
738 3051 960 3121 κρίσεως
1017 3046 1185 3100 λαϐὼν
1232 3049 1378 3122 παρὰ
1438 3055 1529 3100 τοῦ
1595 3050 1814 3123 Πατρός,
1874 3049 1900 3099 ό

301 3134 573 3210 ἐρχόμενος
604 3141 830 3210 φωτίσαι
870 3140 934 3190 τὰ
985 3139 1194 3212 κρυπτὰ
1247 3145 1339 3190 τοῦ
1391 3141 1628 3205 σκότους,
1679 3143 1769 3190 καὶ
1800 3157 1902 3211 φα-

297 3235 520 3302 νερῶσαι
571 3228 662 3288 τὰς
733 3225 930 3300 βουλὰς
983 3236 1084 3279 τῶν
1143 3224 1395 3302 καρδιῶν·
1476 3229 1765 3303 Πορεύεσθε
1815 3225 1902 3281 ἀπ’

298 3314 444 3390 ἐμοῦ,
504 3319 552 3369 οἱ
607 3319 980 3390 κατηραμένοι,
1043 3317 1112 3380 εἰς
1167 3321 1225 3371 τό
1283 3325 1385 3392 πῦρ
1451 3320 1509 3370 τό
1567 3317 1791 3383 αἰώνιον,
1849 3320 1906 3371 τό

298 3408 679 3478 ἡτοιμασμένον
740 3413 812 3475 τῷ
879 3402 1108 3476 διαϐόλῳ
1187 3410 1278 3458 καὶ
1333 3413 1442 3468 τοῖς
1510 3405 1744 3478 ἀγγελοις
1819 3407 1908 3458 αῦ-

297 3503 414 3550 τοῦ.
448 3499 548 3548 Καὶ
577 3497 671 3552 τήν
704 3492 875 3545 αἰτίαν
908 3492 1190 3565 ἐπήγαγεν,
1237 3495 1362 3566 οὐχ·
1409 3493 1526 3547 Ὀτι
1581 3493 1904 3566 ἄφονεύσατε,

296 3581 540 3656 λέγων,ἣ
596 3580 954 3656 ἐπόρνευσατε,
1006 3583 1034 3640 ἡ
1088 3580 1402 3653 ἐψεύσασθε,
1453 3585 1482 3640 ἧ
1541 3602 1656 3635 τινα
1708 3580 1908 3642 ἠδική-

303 3691 444 3739 σατε,
479 3673 507 3732 ἦ
544 3671 667 3724 ἄλλο
709 3690 762 3723 τι
808 3679 908 3723 τῶν
955 3669 1406 3744 ἀπηγορευμένων,
1439 3671 1533 3724 κᾶν
1582 3675 1639 3724 τό
1691 3671 1909 3746 βραχύ-

302 3780 454 3816 τατον
503 3769 650 3833 γοῦν,
711 3759 981 3835 ἐπράξατε·
1050 3759 1178 3813 ἀλλά
1216 3765 1306 3829 τί;
1378 3761 1499 3814 Ὀτι
1554 3769 1653 3815 τῶν
1704 3761 1909 3834 ἀγαθῶν

305 3856 465 3926 ἔργων
527 3851 839 3924 ἠμελήσατε.
903 3851 1180 3905 Ἐπείνασα
1242 3854 1369 3926 γὰρ,
1431 3856 1581 3924 φησι,
1653 3855 1744 3904 καὶ
1817 3853 1910 3905 οῦκ

306 3939 535 3995 ἐδώκατέ
599 3961 690 4014 μοι
746 3948 944 4013 φαγεῖν·
1007 3937 1285 4012 ἐδίψησα,
1345 3945 1435 3994 καὶ
1483 3941 1580 3994 οῦκ
1637 3939 1912 3994 ἐποτίσατέ

306 4051 388 4106 με·
458 4032 595 4094 ξένος
661 4035 821 4104 ἤμην,
890 4035 980 4083 καὶ
1045 4030 1103 4083 οῦ
1167 4034 1491 4104 συνηγάγετέ
1545 4050 1627 4104 με·
1696 4035 1908 4104 γυμνός,

306 4126 395 4175 καὶ
451 4121 510 4174 οῦ
568 4120 893 4194 περιεϐάλετέ
970 4139 1065 4193 με·
1132 4119 1352 4180 ἀσθενὴς
1418 4125 1508 4174 καὶ
1571 4120 1619 4172 ἐν
1686 4121 1908 4195 φυλακῇ,

307 4217 408 4265 καὶ-
458 4209 552 4264 οὐκ
615 4209 976 4280 ἐπεσκέψασθέ
1034 4229 1118 4282 με.
1187 4217 1369 4264 Ταῦτα
1421 4214 1512 4263 καὶ
1577 4213 1643 4264 τὰ
1697 4218 1915 4264 τοιαῦτα

309 4309 444 4355 Θεοῦ
496 4307 587 4354 τοῦ
636 4298 834 4372 ἀγαθοῦ
887 4302 1097 4374 χάριτι,
1149 4306 1242 4352 τοῦ
1299 4301 1526 4363 θέλοντος
1577 4304 1668 4374 μὲν
1716 4303 1915 4363 πάντας

310 4391 612 4467 ἀνθρώπους
699 4393 951 4459 σωθῆναι,
1033 4393 1124 4442 καὶ
1199 4391 1269 4452 εἰς
1323 4389 1605 4463 ἐμίγνωσιν
1672 4392 1917 4454 α’ληθείας

312 4480 492 4546 ἐλθεῖν,
522 4477 866 4541 διδάσκοντος
917 4476 975 4532 δὲ
1019 4481 1288 4552 ἄνθρωπον
1334 4487 1549 4551 γνῶσιν,
1602 4483 1916 4554 καταμαθὼν

314 4568 360 4624 ἐν
391 4579 503 4631 ταῖς
552 4573 904 4629 θεοπνεύστοις
956 4575 1199 4644 Γραςυαῑς,
1251 4575 1339 4621 καὶ
1387 4572 1648 4643 γνωρίσας
1694 4572 1784 4642 μὲν
1823 4574 1917 4628 τὴν

315 4656 741 4738 φρικωδεστάτην
819 4659 990 4711 αἰτίαν
1070 4667 1168 4721 τῆς
1245 4659 1490 4720 τοιαύτης
1553 4666 1654 4711 τῶν
1722 4658 1919 4711 πολλῶν

314 4756 444 4825 πρός
474 4770 526 4802 τε
567 4748 811 4811 ἀλλήλους
857 4754 948 4802 καὶ
1003 4750 1135 4823 πρός
1170 4751 1257 4809 τὰς
1318 4747 1517 4810 ἐντολὰς
1569 4756 1660 4801 τοῦ
1723 4753 1917 4824 Κυρίου

315 4842 460 4914 ἡμῶν
517 4841 693 4899 Ἰησοῦ
741 4847 979 4914 Χριστοῦ
1031 4836 1340 4912 διαφωνίας,
1396 4834 1704 4900 παιδευθεὶς
1755 4835 1812 4891 δε
1863 4841 1919 4892 τό

319 4928 530 5003 φοϐερόν
571 4927 727 4981 ἐκεῖνο
773 4931 939 5004 κρῖμα
974 4934 1078 4990 τῆς
1125 4931 1389 4992 τοσαύτης
1438 4935 1787 5002 παρανομίας,
1831 4924 1920 4980 δι-

321 5015 542 5090 δαχθεὶς
609 5014 668 5070 δὲ
722 5023 811 5070 καὶ
858 5024 1034 5072 πᾶσαν
1084 5024 1356 5095 παρακοήν
1415 5022 1604 5082 παντὸς
1671 5023 1922 5094 κρίματος

388 5163 436 5198 7"
479 5159 685 5218 Matth.
731 5176 892 5230 xxw,
921 5166 1006 5217 35.
1081 5164 1130 5198 ⁷⁵
1170 5162 1324 5220 Psal.
1356 5178 1536 5235 CXLIV,
1576 5167 1658 5220 l3.

388 5289 501 5361 {90)
525 5285 632 5370 ξἱο
661 5302 806 5370 mss.
840 5287 1048 5370 nostri.
1100 5290 1358 5370 Utraque
1389 5289 1572 5370 editio
1603 5285 1924 5370 ἀπαγγελλότ

321 5358 492 5436 {is-io;
524 5364 638 5436 Nec
666 5359 750 5414 ita
778 5358 970 5414 multo
999 5365 1141 5431 post
1182 5358 1324 5417 editi
1351 5365 1441 5414 καὶ
1466 5370 1566 5414 τῶν
1595 5358 1821 5434 ἀγαθῶν.
1856 5364 1927 5417 At

324 5431 470 5490 inss.
490 5437 580 5484 καὶ
606 5431 634 5489 ἠ
667 5440 788 5485 τῶν.

393 5505 504 5575 (91)
546 5502 731 5577 Ediiiq
763 5506 1017 5575 utraque
1059 5501 1293 5554 παντελεῖ
1320 5501 1558 5577 ἀπιστία.
1595 5503 1840 5577 Antiqui
1868 5502 1928 5558 li-

324 5577 416 5634 bri
446 5573 665 5633 παντελῆ
701 5573 971 5628 ἀπιστίαν.

398 5651 511 5722 (92)
553 5645 741 5704 Editio
770 5645 956 5705 Paris.
1001 5645 1282 5720 ἀναγκαίον
1323 5650 1380 5702 τὸ
1424 5647 1473 5703 ἐν
1511 5657 1572 5723 τῇ
1607 5650 1804 5725 μεγάλῃ
1839 5652 1928 5702 καὶ

1738 5164 1786 5200 τε
1826 5159 2038 5220 Matth.
2069 5177 2209 5224 xxv,
2243 5163 2334 5216 41.

2001 1874 2400 1931 ministerium
2427 1876 2661 1932 Domini
2681 1875 3102 1949 honoremque
3114 1876 3192 1933 ab
3215 1893 3285 1934 eo
3296 1876 3564 1934 delatum
3577 1893 3666 1935 re-

2003 1969 2273 2021 cusasset
2302 1965 2650 2021 reverentiae
2688 1965 2986 2022 duntaxat
3013 1981 3220 2035 causa,
3269 1971 3473 2024 tamen
3504 1966 3663 2038 ejus-

2003 2054 2171 2112 modi
2187 2054 2721 2112 comminationem
2741 2055 2991 2123 audivit,
3005 2071 3192 2128 quam
3213 2058 3401 2113 vitare
3422 2072 3545 2112 non
3565 2073 3670 2129 po-

2003 2144 2232 2214 tuisset,
2256 2143 2391 2214 nisi,
2414 2149 2478 2200 ut
2494 2144 2624 2214 jam
2645 2144 2874 2200 dictum
2895 2149 3004 2215 est,
3030 2144 3207 2201 celeri
3227 2161 3300 2201 ac
3329 2145 3670 2202 vehementi

2005 2234 2433 2292 emendatione
2456 2234 2610 2290 iram
2659 2233 3079 2306 praevertisset.
3125 2235 3422 2300 Quoniam
3461 2239 3670 2292 tamen

2004 2322 2180 2380 libuit
2201 2322 2466 2393 benigno
2492 2340 2562 2380 ac
2588 2322 2963 2380 misericordi
2983 2325 3104 2380 Deo
3129 2323 3427 2396 patienter
3455 2324 3670 2382 nobis-

2009 2429 2149 2470 cum
2175 2429 2246 2470 ac
2274 2413 2485 2470 leniter
2510 2427 2710 2484 agere,
2745 2430 3026 2488 saepeque
3057 2418 3114 2470 et
3143 2413 3347 2470 multis
3379 2413 3672 2487 exemplis

2005 2503 2265 2577 idipsum
2286 2503 2464 2560 nobis
2474 2509 2960 2576 commonstrare,
2974 2504 3282 2562 utanimus
3300 2504 3674 2562 multitudine

2008 2600 2189 2668 atque
2212 2595 2564 2652 assiduitate
2586 2595 2682 2651 vix
2704 2595 2952 2652 tandem
2974 2595 3306 2669 aliquando
3332 2600 3675 2654 commotus

2009 2690 2068 2740 et
2095 2685 2405 2753 excitatus,
2458 2684 2759 2742 diutinam
2803 2685 3136 2758 iniquitatis
3173 2685 3676 2743 consuetudinem

2010 2774 2210 2832 delere
2223 2780 2621 2848 posset.nunc
2633 2791 2840 2832 eorum
2855 2774 3151 2832 duntaxat
3162 2764 3440 2833 facienda
3451 2775 3677 2833 mentio

2012 2870 2122 2932 est,
2153 2865 2257 2938 qui
2287 2865 2350 2921 in
2381 2880 2607 2937 magna
2641 2881 2713 2923 ac
2741 2865 3048 2923 horrenda
3070 2865 3286 2936 judicii
3312 2865 3410 2922 die
3449 2865 3530 2922 ad
3568 2868 3678 2922 Do-

2013 2954 2164 3011 mini
2199 2954 2388 3010 nostri
2416 2957 2560 3011 Jesu
2611 2955 2829 3012 Christi
2869 2954 3085 3012 lmvam
3111 2955 3396 3014 stabunt:
3453 2955 3679 3027 quibus

2013 3043 2285 3100 dicturus
2296 3048 2388 3100 est
2404 3044 2474 3109 is,
2497 3043 2604 3117 qui
2623 3044 2789 3101 omni
2805 3043 3124 3115 judicandi
3143 3048 3436 3116 potestate
3456 3061 3492 3102 a
3511 3047 3681 3101 Patre

2013 3119 2910 3212 accept‘a,venitillqminaturus
2923 3133 3281 3190 abscondita
3293 3133 3681 3190 tenebrarum

2017 3224 2396 3297 consiliaque
2427 3225 2703 3282 cordium
2737 3225 3176 3298 patefacturus:
3199 3224 3549 3282 Discedilea
3567 3238 3678 3294 me,

2016 3315 2416 3376 maledicti.in
2428 3314 2629 3386 ignem
2641 3315 3332 3387 aternum,quiparatus
3343 3320 3427 3372 est
3442 3314 3681 3372 diabolo

2017 3410 2073 3460 et
2092 3403 2323 3475 angelis
2345 3406 2473 3474 ejus
2488 3405 2556 3460 7“.
2578 3404 2731 3470 Quin
2752 3409 2809 3461 ct
2829 3419 3081 3462 causam
3101 3403 3235 3475 subj
3246 3403 3431 3472 unxit,
3450 3419 3683 3477 nequa-

2018 3508 2210 3564 quam
2239 3492 2482 3548 dicens:
2515 3494 2664 3559 Quia
2697 3492 3024 3562 occidistis,
3060 3497 3165 3550 aut
3203 3493 3480 3550 fornicati
3517 3493 3682 3562 estis,

2019 3585 2124 3638 aut
2145 3581 2532 3638 mendacium
2556 3581 2811 3649 dixistis,
2835 3587 2940 3638 aut
2967 3581 3233 3654 cuipiam
3272 3582 3553 3640 intulistis
3593 3583 3684 3639 in-

2014 3671 2261 3741 juriam,
2286 3676 2389 3728 alit
2421 3671 2586 3728 aliud
2606 3671 2945 3744 quidquam
2970 3670 3183 3727 saltem
3209 3671 3686 3729 minutissimum

2021 3777 2094 3817 ex
2114 3760 2186 3816 iis
2208 3777 2345 3833 quae
2368 3760 2669 3834 prohibita
2701 3765 2858 3832 sunt,
2885 3760 3132 3817 fecistis:
3177 3759 3286 3816 sed
3306 3760 3496 3833 quid?
3535 3764 3688 3828 Quo-

2019 3851 2188 3906 niam
2218 3850 2382 3907 bona
2417 3867 2604 3924 opera
2645 3850 3273 3921 neglexistis.Esurivi
3288 3851 3688 3924 enim,inquit,

2021 3945 2207 3997 etnon
2223 3939 2468 3997 dedistis
2482 3940 2632 3997 mihi
2644 3941 3036 3996 manducare:
3053 3940 3294 4012 sitivi,et
3308 3933 3430 3996 non
3442 3941 3690 3998 dedistis

2021 4027 2175 4084 mihi
2206 4034 2413 4100 potum
2441 4048 2452 4085 :
2509 4029 2719 4100 hospes
2745 4044 2928 4100 eram,
2963 4033 3017 4085 el
3047 4044 3169 4084 non
3209 4027 3536 4100 collegz'slis
3561 4046 3686 4087 me:

2023 4118 2239 4192 nudus,
2271 4125 2325 4175 el
2356 4135 2476 4175 non
2498 4119 2887 4189 cooperuislis
2920 4135 3010 4174 me
3037 4135 3050 4173 :
3080 4118 3358 4188 inﬁrmus
3378 4125 3434 4175 et
3465 4119 3527 4176 in
3561 4135 3694 4178 car-

2024 4223 2176 4278 cere,
2219 4215 2271 4265 el
2302 4224 2422 4265 non
2456 4209 2747 4265 visitaslis
2776 4224 2868 4265 me
2885 4207 2954 4263 7".
3004 4207 3111 4264 Ubi
3141 4206 3563 4280 benignissimi
3593 4209 3694 4266 Dei

2026 4299 2240 4372 gratia,
2272 4299 2381 4371 qui
2416 4299 2548 4356 vult
2579 4314 2779 4355 omnes
2812 4297 3080 4355 homines
3104 4299 3304 4355 salvos
3328 4298 3486 4369 ﬁeri,
3523 4303 3577 4356 et
3614 4299 3697 4356 ad

2029 4389 2297 4447 veritatis
2310 4389 2674 4460 agnitionem
2688 4386 3390 4459 pervenire”,docetque
3402 4385 3697 4443 hominem

2028 4477 2363 4547 scientiam,
2387 4475 2788 4534 animadverti
2818 4477 2947 4532 haec
2969 4480 3150 4548 atque
3180 4474 3242 4532 id
3273 4491 3465 4545 genus
3486 4475 3605 4532 alia
3634 4475 3698 4532 in

2029 4567 2250 4625 divinis
2282 4566 2622 4639 Scripturis,
2647 4566 2752 4622 ubi
2767 4565 2951 4637 hujus
2971 4564 3359 4621 dissentionis
3380 4581 3505 4638 qua
3525 4563 3698 4622 multi

2031 4674 2068 4715 a
2099 4670 2161 4713 se
2191 4656 2448 4714 invicem
2477 4661 2533 4714 et
2561 4673 2594 4712 a
2623 4653 2861 4712 Domini
2905 4654 3095 4710 nostri
3121 4655 3261 4710 Jesu
3298 4652 3512 4711 Christi
3549 4669 3701 4728 prm-

2030 4747 2218 4821 ceptis
2235 4743 2810 4810 dissident,causam
2827 4743 2902 4799 ad
2912 4740 3166 4798 modum
3180 4740 3546 4799 horrendam
3559 4742 3702 4800 novi

2030 4837 2136 4893 ubi
2163 4835 2624 4892 formidandum
2646 4833 2792 4890 illud
2817 4830 3118 4904 judicium
3150 4829 3317 4906 quod
3343 4835 3553 4888 contra
3575 4835 3703 4888 tan-

2032 4932 2159 4983 tam
2189 4925 2570 4999 iniquitatem
2609 4920 3048 4998 proferendum
3090 4925 3200 4993 est,
3241 4921 3494 4978 edoctus
3539 4936 3700 4991 sum,

2032 5016 2138 5072 ubi
2171 5014 2648 5073 inobedientiam
2671 5010 3030 5088 quamlibet,
3060 5027 3185 5085 qua
3208 5025 3389 5068 omne
3412 5010 3513 5069 Dei
3536 5011 3702 5084 judi-

2408 5158 2455 5194 ττ
2495 5155 2643 5214 ibid.
2669 5159 2757 5224 42,
2795 5155 2886 5213 43.

2036 5284 2226 5362 φοϐερᾷ
2273 5293 2367 5348 τῆς
2411 5288 2631 5359 κρίσεως
2663 5281 2833 5356 ἡμέρα
2876 5283 3004 5355 πρός
3035 5284 3156 5344 τοὺς
3197 5275 3250 5344 ἐξ
3287 5275 3574 5367 ἀριστερῶν
3611 5286 3702 5336 τοῦ

2039 5356 2232 5435 Κυρίου
2283 5356 2649 5430 ἡμῶνἺησοῦ
2700 5362 2937 5427 Χριστοῦ
2973 5357 3280 5426 ἱσταμένους
3323 5356 3532 5435 λεχθὲν,
3572 5359 3705 5428 πρός

2035 5425 2126 5493 οὓς
2155 5425 2338 5504 ﬂeo/sv?
2368 5428 2538 5501 quod
2569 5425 2913 5483 contortum
2959 5429 3048 5482 est
3097 5425 3281 5498 atque
3321 5425 3703 5552 perplexum.

2037 5503 2229 5552 Editio
2257 5501 2402 5552 Ven.
2434 5505 2490 5552 et
2520 5516 2664 5552 mss.
2698 5497 2821 5552 duo
2847 5502 3065 5552 praeter
3094 5495 3317 5552 Combe
3369 5497 3610 5552 sianum
3639 5501 3703 5552 ut

2037 5495 2404 5560 Editio'Ven:
2434 5505 2490 5556 et
2520 5516 2664 5554 mss.
2698 5497 2821 5553 duo
2847 5502 3065 5560 praeter
3094 5495 3610 5554 Coinbeﬁsianum
3639 5501 3706 5552 ut

2035 5576 2098 5631 in
2124 5577 2427 5638 contextu,
2459 5570 2700 5644 planius
2723 5585 2793 5624 ac
2817 5567 3055 5625 clarius.

2962 5155 3012 5193 τε
3054 5161 3072 5212 l
3100 5153 3244 5212 Tim.
3271 5156 3416 5226 11,4.
