4110 6392
408 317 512 371 679
1787 300 1846 357 S.
1887 292 2136 352 BASILII
2175 293 2394 350 MAGNI
3681 299 3788 353 680

410 453 547 512 qure
581 434 682 492 Dei
710 447 963 491 munere
988 427 1317 503 prtedieata
1344 430 1504 492 sunt,
1529 420 2068 498 persuasissimam
2107 459 2111 472 .

2225 438 2282 468 ων
2327 416 2375 470 ἐν
2423 419 2749 494 πληροφορίᾳ
2807 429 2903 483 τῆς
2955 419 3195 482 ἀληθείας
3250 427 3352 472 τῶν
3416 423 3790 496 κηρυχθέντων

410 508 647 586 habens
679 541 691 579 :
723 538 912 596 quam
943 520 1127 576 ﬁdem
1158 516 1424 573 ostendit
1454 515 1759 571 Abraham
1798 511 1914 567 hoc
1954 514 2070 564 tes-

2225 515 2320 562 ιεοῡ
2353 513 2567 583 Χάριτι,
2602 514 2781 571 ἧντινα
2828 508 3127 574 ἐπεδείξατο
3156 513 3505 585 ματρυρηθεὶς
3526 511 3788 586 ’Ᾱϐρααμη

413 614 670 674 timonio
695 611 981 668 laudatus
1015 627 1027 664 :
1076 609 1215 664 Non
1249 606 1551 662 haesitavit
1583 601 1950 674 diffidentia,
1973 596 2075 655 sed

416 706 800 774 confortatus
831 705 913 756 est
943 700 1085 768 ﬁde,
1115 697 1270 753 dans
1300 697 1562 766 gloriam
1589 695 1745 748 Deo:
1793 692 1910 746 imo
1949 687 2075 757 ple-

416 795 659 852 nissime
708 792 900 847 sciens
958 788 1120 860 quod
1141 788 1189 842 is
1215 787 1318 858 qui
1338 785 1634 852 promisit,
1662 787 1877 852 potens
1905 783 1986 834 est
2023 778 2076 832 et

417 887 624 955 facere
650 884 719 936 ⁸ο.
757 878 930 946 Quod
960 878 1012 934 si
1033 877 1260 934 Fidelis
1288 881 1371 932 est
1405 876 1690 931 Dominus
1720 871 1782 926 in
1805 867 2078 926 omnibus

421 972 618 1029 verbis
648 971 772 1026 suis
804 970 874 1035 9“,
901 967 1147 1023 Fidelia
1172 964 1352 1020 etiam
1378 964 1578 1019 omnia
1609 959 1898 1017 mandata
1928 959 2078 1026 ejus,

421 1063 781 1131 conﬁrmata
815 1059 875 1113 in
929 1057 1220 1113 saeculum
1249 1055 1482 1120 sceruli,
1510 1053 1680 1122 facta
1715 1053 1778 1106 in
1828 1049 2083 1105 veritate

421 1157 475 1209 et
506 1152 790 1223 (equitate
819 1149 888 1214 θ’,
920 1145 1276 1202 manifestus
1303 1160 1339 1199 a
1371 1141 1490 1198 (ide
1519 1142 1731 1214 lapsus
1761 1142 1851 1194 est
1887 1153 1957 1193 ac
1985 1151 2086 1191 su-

421 1240 646 1316 perbia:
668 1238 918 1304 crimen,
955 1235 1005 1291 si
1035 1234 1172 1307 quis
1203 1238 1308 1290 aut
1333 1231 1674 1304 quidquam
1696 1243 1906 1284 eorum
1944 1241 2083 1298 quas

423 1315 649 1402 scripta
678 1332 819 1384 sunt
848 1325 1148 1398 reprobat,
1171 1328 1276 1380 aut
1301 1321 1532 1395 aliquid
1559 1320 1722 1376 exiis
1741 1332 1876 1392 quae
1903 1315 2085 1387 scrip-

425 1420 498 1477 tis
532 1415 822 1474 mandata
845 1431 968 1472 non
1002 1418 1164 1484 sunt,
1195 1411 1562 1481 introducat,
1606 1426 1746 1466 cum
1794 1405 2087 1464 Dominus

424 1512 628 1566 noster
646 1509 815 1563 Jesus
837 1505 1107 1562 Christus
1126 1502 1320 1558 dicat:
1345 1503 1488 1557 Oves
1508 1515 1653 1557 meae
1679 1514 1874 1556 vocem
1895 1509 2086 1552 meam

426 1598 688 1656 audiunt
713 1599 800 1661 93;
833 1599 890 1651 et
914 1593 1098 1668 paulo
1149 1596 1290 1649 ante
1321 1591 1594 1647 dixerat:
1650 1589 1932 1644 Alienum
1982 1600 2090 1640 au-

430 1695 545 1745 tem
577 1702 697 1742 non
725 1691 1073 1758 sequentur,
1102 1681 1204 1739 sed
1229 1681 1470 1752 fugient
1521 1679 1596 1736 ab
1626 1694 1692 1736 eo
1720 1695 1734 1734 :
1766 1677 1912 1749 quia
1967 1690 2087 1731 non

429 1782 728 1834 noverunt
779 1790 977 1832 vocem
1032 1774 1375 1830 alienorum
1430 1771 1478 1803 93
1530 1788 1544 1827 :

435 1869 680 1938 sumpto
712 1881 785 1920 ex
815 1862 1166 1920 hominibus
1214 1858 1516 1932 exemplo,
1556 1856 1872 1932 quidpiam
1908 1855 1970 1911 in
1998 1853 2089 1909 di-

431 1955 590 2012 vinis
620 1952 938 2026 Scripturis
965 1951 1211 2017 addere,
1260 1953 1366 2007 aut
1395 1949 1637 2004 demere
1675 1943 2093 2002 vehementius

437 2048 618 2113 vetet,
663 2042 758 2099 his
809 2041 1047 2098 verbis:
1108 2042 1330 2096 Tamen
1385 2039 1641 2094 hominis
1671 2038 2095 2105 conﬁrmatum

442 2138 860 2191 testamentum
888 2147 1058 2189 nemo
1088 2130 1449 2202 Spernit,aut
1473 2127 1897 2198 superordinat
1920 2126 1990 2178 9‘.

512 2229 566 2281 2.
611 2225 868 2280 Omnem
907 2221 1112 2294 itaque
1149 2235 1365 2276 vocem
1405 2235 1476 2275 ac
1531 2215 1893 2273 sententiam
1923 2230 1960 2270 a
1990 2215 2102 2271 Do-

442 2313 589 2372 mini
607 2314 719 2384 22
732 2313 782 2386 5
805 2311 1082 2368 doctrina
1093 2309 1356 2367 alienam
1373 2309 1456 2365 sic
1469 2325 1582 2365 nos
1604 2323 1844 2380 semper
1863 2309 1921 2362 et
1939 2319 2103 2360 nunc

442 2401 651 2472 fugere
672 2401 1015 2467 statuimus,
1050 2417 1189 2456 eum
1223 2415 1463 2472 scopus,
1487 2398 1615 2471 qui,
1646 2396 1732 2452 uti
1768 2394 1936 2469 prius
1954 2392 2102 2463 dixi,

443 2508 608 2549 nunc
636 2490 812 2548 nobis
842 2495 898 2546 et
925 2489 1096 2546 vobis
1127 2489 1478 2561 propositus
1507 2491 1616 2556 est,
1630 2486 1708 2543 ab
1730 2483 2104 2556 argumentis

445 2579 584 2649 illis,
614 2596 650 2636 a
670 2578 893 2652 quibus
925 2577 1074 2636 alias
1096 2577 1215 2635 alia
1236 2577 1420 2634 modo
1452 2576 1533 2634 ad
1558 2576 1786 2650 ahquid
1817 2579 1923 2630 aut
1969 2573 2108 2630 scri-

446 2670 721 2729 bendum
765 2673 871 2727 aut
924 2668 1254 2724 dicendum
1314 2665 1796 2731 adducebamur,
1847 2664 2110 2720 multum

450 2759 712 2818 differat.
755 2761 902 2816 Nam
953 2762 1098 2814 tunc
1139 2757 1389 2830 quidem
1437 2755 1750 2812 confutare
1805 2754 2108 2839 haeresim,

453 2856 510 2907 et
547 2847 775 2906 diaboli
821 2846 1073 2903 insidias
1121 2846 1467 2904 subvertere
1488 2845 1868 2902 conabamur
1899 2861 1912 2900 :
1949 2859 2112 2900 nunc

451 2956 597 2997 vero
620 2937 971 3012 simpliciter
990 2935 1178 2994 ﬁdem
1199 2953 1414 2994 sanam
1435 2935 1704 2993 conﬁteri
1721 2951 1790 2993 ac
1806 2934 2112 2992 declarare

454 3027 631 3087 nobis
665 3027 1088 3102 proponimus.
1130 3027 1335 3101 Itaque
1383 3041 1547 3082 nunc
1594 3024 1771 3081 nobis
1796 3040 1921 3082 non
1948 3023 2112 3082 idem

2186 599 2268 649 ὅτι
2343 598 2420 650 Οὑ
2475 597 2714 674 διαρίθη
2787 609 2848 673 τῇ
2939 599 3181 672 ἀπιστίᾳ,
3243 599 3350 652 ἀλλ’
3423 597 3788 674 ἐνεδυναμώθη

2184 695 2245 759 τῇ
2307 707 2506 756 πιστει,
2559 687 2687 752 δοὺς
2740 687 2898 752 δόξαν
2969 699 3042 760 τῷ
3101 699 3235 760 Θεῷ,
3296 694 3384 742 καὶ
3453 690 3790 766 πληροφορη-

2189 778 2296 838 θεὶς
2351 780 2454 846 ὅτι,
2510 780 2535 829 ὀ
2589 778 2917 851 ἐπήγγελται,
2970 776 3192 841 δυνατός
3233 782 3311 845 (4)
3343 779 3456 831 ἐστι
3493 785 3584 832 καὶ
3640 789 3792 840 ποιῆ-

2191 886 2301 920 σαι.
2345 867 2406 919 Εἰ
2457 864 2516 920 δέ
2564 871 2755 929 Πιστός
2785 872 2874 942 μὲν
2905 871 2931 921 ὁ
2984 873 3174 944 Κύριος
3214 868 3262 922 ἐν
3306 875 3440 922 πᾶσι
3477 877 3583 932 τοῖς
3618 869 3788 944 λόγοις

2190 957 2372 1023 αὑτοῦ,
2437 964 2633 1012 Πισταί
2705 956 2763 1012 δε
2815 966 2986 1012 πᾶσαι
3039 961 3093 1012 αἱ
3136 958 3542 1027 ἐντολαιαύτοῦ,
3585 960 3791 1034 ἐστηρι-

2189 1052 2377 1121 γμέναι
2425 1047 2497 1110 εἰς
2561 1052 2648 1101 τόν
2698 1049 2860 1101 αἰῶνα
2914 1057 3006 1102 τού
3074 1050 3274 1115 αἰῶνος,
3348 1054 3693 1123 πεποιημέναι
3745 1049 3793 1102 ἐν

2191 1136 2412 1210 ἀληθείᾳ
2466 1144 2556 1191 καὶ
2600 1139 2865 1206 εὑθύτητι,
2913 1142 3103 1215 φανερὰ
3146 1143 3402 1201 ἔκπτωσις
3439 1147 3658 1201 πίστεως
3704 1144 3796 1194 καὶ

2193 1229 2546 1302 ὑπερηφανίας
2592 1234 2907 1304 κατηγορία,
2976 1231 3004 1289 ἦ
3063 1229 3257 1282 ἀθετεῖν
3314 1248 3366 1281 τι
3413 1238 3511 1282 τῶν
3558 1249 3797 1305 γεγραμ-

2194 1322 2375 1390 μένων,
2405 1320 2433 1377 ᾖ
2464 1317 2752 1390 ἐπεισάγειν
2783 1329 2880 1371 τῶν
2911 1324 2982 1392 μή
3034 1324 3418 1394 γεγραμμένων,
3462 1328 3553 1372 τού
3602 1325 3797 1394 Κυρίου

2197 1410 2342 1480 ἡμῶν
2406 1407 2584 1465 Ἰησοῦ
2655 1415 2888 1483 Χριστοῦ
2946 1409 3196 1472 εἰπόντος·
3259 1411 3338 1463 Τὰ
3403 1408 3502 1482 ἐμὰ
3562 1409 3802 1484 πρόϐατα

2197 1507 2292 1558 τῆς
2323 1496 2446 1570 ἐμῆς
2473 1505 2638 1570 φωνῆς
2671 1496 2867 1550 ἀκούει·
2907 1503 2999 1550 καὶ
3038 1502 3140 1572 πρὸ
3188 1501 3376 1551 τούτου
3418 1494 3477 1550 δὲ
3512 1499 3797 1572 εἰρηκότος·

2203 1587 2479 1660 Ἀλλοτρίῳ
2527 1584 2592 1652 δε¹
2647 1587 2707 1640 οὑ
2755 1591 2826 1660 μὴ
2878 1586 3326 1657 ἀκολουθήσωσιν,
3359 1586 3486 1640 ἀλλὰ
3533 1589 3802 1661 φεύξονται

2201 1677 2289 1731 ἀπ’
2322 1677 2503 1730 αὑτοῦ·
2537 1681 2619 1731 ὅτι
2647 1678 2738 1731 ούκ
2779 1675 2962 1731 οἰδασι
3003 1687 3106 1730 τῶν
3153 1678 3432 1752 οὒλοτρίων
3472 1683 3566 1737 τὴν
3616 1684 3799 1752 φωνήν·

1615 1766 2087 1842 Apostolusque,

2225 1773 2290 1821 Leti
2364 1775 2456 1822 τοῦ
2536 1767 2856 1822 Ἀποστόλου
2941 1767 2990 1821 ἐν
3063 1765 3416 1841 ὑποδείγματι
3501 1767 3799 1845 ἀνθρωπίνῳ

2206 1853 2554 1933 σφοδρότερον
2611 1856 3022 1933 ἀπαγορεύοντος
3075 1862 3133 1910 τὸ
3180 1861 3488 1931 προσθεῖναι
3534 1859 3562 1918 ἦ
3604 1859 3794 1930 ὑφελεῖν

2202 1967 2256 2002 τι
2285 1946 2333 2001 ἐν
2363 1955 2478 2010 ταῖς
2502 1950 2858 2011 θεοπνεύστοις
2902 1955 3150 2022 Γραφαῖς,
3182 1945 3256 2000 δι’
3288 1949 3355 1999 ὧν
3404 1967 3584 2020 φησιν·
3628 1948 3801 2020 Ὅμως

2207 2036 2481 2112 ἀνθρώπου
2537 2042 2898 2112 κεκυρωμένην
2965 2035 3231 2096 διαθήκην
3289 2033 3467 2101 οὐδεὶς
3519 2037 3702 2104 ἀθετεῖ,
3769 2038 3800 2096 ἦ

2207 2123 2666 2181 ἐπιδιατάσσεται.

2279 2231 2334 2282 2.
2381 2233 2559 2279 ΙἸᾶσαν
2585 2229 2676 2300 μὶν
2706 2223 2794 2278 οὖν
2840 2224 3111 2300 ἀλλοτρίαν
3141 2233 3203 2284 τῆ
3217 2246 3238 2288 ς
3265 2225 3357 2279 τού
3405 2229 3598 2300 Κυρίου
3643 2221 3810 2279 διδα-

2214 2315 2432 2378 σκαλίας
2483 2320 2652 2389 φωνὴν
2695 2320 2786 2369 καὶ
2843 2319 3036 2368 ἔννοιαν
3076 2317 3240 2378 ούτως
3285 2317 3432 2388 ἡμεῖς
3469 2318 3686 2368 πάντοτε
3723 2321 3814 2368 καὶ

2211 2414 2302 2459 νῦν
2340 2407 2648 2479 ἀποφεύγειν
2695 2407 2774 2477 (5)
2826 2404 3139 2478 ἐγνώκαμεν,
3197 2409 3287 2457 καὶ
3351 2412 3445 2457 τοῦ
3504 2411 3702 2458 σκοποῦ
3733 2402 3814 2474 δὲ,

2213 2499 2281 2558 ὡς
2336 2503 2602 2572 προεῖπον,
2657 2503 2750 2548 τοῦ
2795 2496 2885 2547 νύν
2915 2497 3041 2568 ἡμῖν
3070 2514 3125 2548 τε
3162 2498 3252 2548 καὶ
3291 2497 3412 2568 ύμῖν
3457 2499 3814 2568 προκειμένου,

2217 2586 2486 2640 καταπολύ
2546 2583 2878 2660 διαφέροντος
2949 2594 3048 2638 τῶν
3105 2585 3398 2639 ὑποθέσεων
3459 2584 3681 2651 ἐκείνων,
3733 2584 3818 2657 ὑφ’

2220 2674 2286 2730 ὧν
2311 2675 2491 2729 ἄλλοτε
2528 2674 2693 2737 ἄλλως
2745 2673 2829 2728 ἐπῖ
2871 2677 2930 2727 τὸ
2959 2673 3167 2748 γράψαι
3196 2694 3247 2727 τι
3275 2676 3303 2734 ἣ
3341 2674 3499 2728 εἰπεῖν
3530 2677 3820 2748 προήχθη-

2218 2787 2329 2844 μεν.
2377 2770 2520 2820 Διότι
2565 2769 2680 2819 τότε
2719 2767 2809 2838 μὶν
2866 2767 3110 2838 αἰρίσεως
3153 2763 3368 2836 ΰ.εγχος
3415 2769 3504 2817 καὶ
3552 2762 3815 2839 ἀνατροπὴ

2219 2863 2315 2919 τῆς
2359 2863 2454 2908 τοῦ
2503 2850 2750 2907 διαϐόλου
2779 2850 3056 2926 μεθοδείας
3099 2850 3478 2919 ἐσπουδάζετο,
3517 2860 3606 2906 νῦν
3639 2849 3699 2906 δί
3723 2861 3820 2915 τῆς

2220 2947 2565 3020 ὑγιαινούσης
2610 2948 2837 3006 πίστεως
2887 2944 2968 3013 (6)
2994 2941 3247 3014 ὁμολογία
3309 2961 3364 2995 τε
3401 2947 3492 2994 καὶ
3541 2945 3824 3018 φανέρωσις

2222 3035 2357 3095 ἁπλῆ
2417 3038 2717 3107 πρόκειται.
2773 3032 2978 3085 Οὔκουν
3031 3035 3147 3085 οὔτε
3182 3050 3276 3086 του
3325 3029 3483 3103 λόγου
3537 3034 3821 3106 χαρακτὴρ

455 3118 734 3194 congruit
761 3117 1000 3175 dicendi
1028 3133 1240 3189 genus.
1273 3114 1807 3183 Quemadmodum
1833 3114 1994 3172 enim
2009 3114 2111 3172 ho-

2225 3125 2446 3200 όξαύτὸς
2477 3126 2602 3197 ἡμῖν
2639 3127 2730 3176 καὶ
2774 3142 2864 3174 νυν
2902 3121 3142 3197 ἁρμόζει.
3183 3120 3268 3182 Ὠς
3314 3122 3416 3196 γὰρ
3448 3120 3544 3174 οὑκ
3583 3119 3644 3173 ἃν
3673 3119 3823 3172 λάϐοι

455 3224 557 3266 mo
578 3207 686 3282 qui
707 3206 1087 3281 praeliaturus
1113 3210 1224 3276 est,
1246 3211 1303 3262 et
1332 3204 1438 3278 qui
1461 3220 1710 3278 operam
1738 3203 2113 3276 agriculturae

456 3299 728 3364 daturus,
759 3313 883 3354 non
920 3295 1138 3352 eadem
1178 3295 1240 3352 in
1258 3311 1478 3351 manus
1504 3295 1907 3352 instrumenta
1931 3293 2118 3350 sumit

459 3387 605 3456 (alia
633 3401 902 3458 namque
933 3390 1073 3441 sunt
1099 3385 1504 3440 instrumenta
1532 3400 1743 3441 eorum
1771 3383 1923 3458 quin
1945 3383 2008 3440 in
2028 3399 2118 3440 se-

463 3477 717 3534 curitate
743 3492 839 3532 res
872 3475 951 3533 ad
973 3475 1192 3532 victum
1226 3474 1602 3532 necessarias
1631 3474 1746 3531 sibi
1771 3473 1885 3548 ipsi
1911 3474 2122 3532 labore

462 3571 681 3644 parant
708 3569 765 3623 et
791 3565 920 3624 aliae
953 3570 1095 3623 sunt
1117 3571 1444 3624 armatum
1473 3581 1684 3624 eorum
1713 3565 1820 3639 qui
1855 3565 1918 3623 in
1963 3564 2124 3623 bello

469 3657 871 3729 ordinantur),
903 3655 986 3712 sic
1007 3654 1113 3729 qui
1142 3655 1204 3712 in
1236 3671 1389 3712 sana
1435 3654 1712 3712 doctrina
1751 3655 2126 3722 cohortatur,

469 3753 525 3806 et
564 3746 669 3821 qui
699 3745 1183 3803 contradicentes
1222 3745 1460 3812 refutat,
1494 3745 1710 3802 eodem
1759 3743 2001 3802 dicendi
2026 3758 2130 3815 ge-

471 3853 614 3896 nere
641 3853 764 3892 non
787 3841 1006 3892 utatur:
1035 3834 1214 3891 Aliud
1235 3835 1400 3891 enim
1424 3839 1754 3908 usurpatur
1771 3834 2013 3892 dicendi
2036 3850 2135 3905 ge-

471 3943 588 3985 nus
632 3927 712 3982 ad
751 3923 1355 3994 refellendum,aliud
1382 3924 1461 3981 ad
1501 3924 1968 3980 exhortandum.
2007 3923 2135 3980 Alia

477 4015 838 4089 simplicitas
885 4029 1096 4070 eorum
1126 4013 1232 4087 qui
1261 4013 1321 4069 in
1349 4029 1499 4087 pace
1529 4014 1815 4087 pietatem
1845 4014 2136 4070 conﬁten-

475 4111 591 4175 tur,
624 4111 682 4161 et
723 4104 822 4161 alii
853 4105 1106 4160 sudores
1149 4119 1360 4161 eorum
1401 4104 1508 4178 qui
1551 4121 1613 4161 se
1654 4103 1948 4161 adversus
1973 4104 2138 4162 falsa:

478 4193 738 4252 scientiae
761 4193 1231 4268 discrepantiam
1250 4193 2011 4268 opponunt.Quamobrem
2027 4211 2140 4252 nos

480 4300 725 4360 quoque
756 4285 840 4340 sic
873 4300 1184 4364 sermones
1210 4291 1451 4341 nostros
1479 4284 1540 4342 in
1565 4283 1798 4357 judicio
1817 4285 2144 4360 disponen‘

481 4380 589 4445 tes,
617 4373 845 4447 ubique
871 4390 942 4431 ea
963 4391 1099 4448 quae
1122 4374 1199 4430 ad
1221 4374 1684 4431 custodiendam
1712 4380 1815 4431 ant
1836 4376 2142 4434 aediﬁcan-

2223 3216 2356 3290 μετὰ
2397 3221 2582 3288 χεῖρας
2630 3214 2902 3286 ἄνθρωπος
2961 3213 3119 3271 σκεύη
3173 3213 3240 3266 τὰ
3289 3211 3426 3264 αύτά
3471 3209 3703 3284 πολεμῶν
3731 3213 3824 3263 καὶ

2225 3312 2466 3381 γεωργῶν
2515 3301 2669 3374 (ἄλλα
2713 3304 2814 3378 γὰρ
2867 3303 3028 3360 σκεύη
3086 3309 3187 3354 τῶν
3241 3299 3289 3354 ἐν
3347 3296 3501 3373 ἀδείᾳ
3527 3300 3594 3354 τὰ
3616 3301 3742 3376 πρὸς
3765 3300 3826 3352 τό

2230 3397 2326 3469 ζῇν
2359 3395 2561 3456 ἑαυτοῖς
2600 3391 2967 3464 ίκπονούντων,
3001 3391 3154 3446 οῖλλαι
3202 3387 3262 3444 δε
3299 3389 3583 3444 πανοπλίαι
3613 3392 3688 3461 (7)
3728 3396 3828 3441 τῶν

2231 3485 2281 3540 ἐν
2331 3483 2537 3558 πολέμῳ
2593 3486 3114 3560 παρατασσομίνων),
3165 3482 3330 3542 οὑτως
3371 3481 3468 3534 ούκ
3507 3479 3568 3532 ἂν
3603 3483 3737 3533 εἴποι
3766 3479 3833 3531 τὰ

2232 3576 2370 3632 αὑτὰ
2398 3575 2425 3629 ὁ
2453 3571 2767 3648 παρακαλῶν
2805 3570 2854 3626 ἐν
2893 3579 2955 3644 τῇ
2993 3573 3301 3645 ὑγιαινούσῃ
3359 3567 3708 3642 διδασκαλίᾳ,
3747 3571 3840 3620 καὶ

2236 3669 2264 3723 ὸ
2300 3669 2422 3729 τοὺς
2473 3663 2831 3737 ἀντιλέγοντας
2883 3661 3134 3735 ἐλέγχων,
3185 3661 3338 3714 Ἀλλο
3377 3663 3479 3736 γὰρ
3510 3656 3650 3722 εἶδος
3679 3657 3839 3730 λόγου

2239 3755 2560 3829 ἐλεγκτικόν,
2626 3757 2717 3806 καὶ
2786 3751 2912 3805 ἄλλο
2975 3749 3115 3814 εἶδος
3195 3751 3351 3823 λόγου
3422 3747 3842 3824 παρακλητικου.

2241 3845 2403 3903 Ἀλλη
2465 3844 2695 3904 ἁπλότης
2749 3851 2852 3895 τῶν
2909 3841 2957 3894 ἐν
3005 3841 3183 3916 εἰρήνη
3236 3845 3329 3900 τὴν
3369 3837 3630 3893 εύσέϐειαν
3662 3835 3844 3911 ὁμολοο

2243 3937 2494 4009 γούντων,
2547 3938 2638 3985 καὶ
2693 3930 2840 3985 ἄλλοι
2888 3927 3106 4006 ἱδρῶτες
3163 3939 3264 3982 τῶν
3329 3933 3458 4006 πρός
3506 3930 3594 3989 τὰς
3650 3925 3847 3980 ἀντιθέ-

2248 4044 2358 4088 σεις
2406 4033 2504 4086 τῆς
2549 4018 2900 4095 ψευδωνύμου
2955 4026 3188 4093 γνώσεως
3243 4021 3550 4093 ἱσταμένων.
3580 4025 3740 4070 Ὥστε
3787 4015 3848 4068 ἂν

2249 4117 2416 4186 τούτῳ
2442 4121 2515 4184 τῷ
2545 4116 2721 4184 τρόπω
2743 4114 2834 4164 καὶ
2877 4113 3029 4182 ἡμεῖς
3067 4110 3453 4182 οἰκονομουντες
3499 4112 3622 4170 τοὺς
3663 4106 3851 4179 λόγους

2254 4205 2398 4278 ἡμῶν
2446 4201 2495 4255 ἐν
2545 4206 2736 4276 κρίσει,
2791 4219 3071 4272 πανταχου
3118 4209 3230 4263 τοῖς
3269 4203 3399 4274 πρός
3432 4203 3526 4256 τὴν
3553 4197 3783 4271 φυλακὴν
3816 4196 3845 4254 ἣ

2252 4291 2538 4366 οἰκοδομήν
2587 4298 2678 4352 τῆς
2720 4295 2941 4352 πίστεως
2984 4288 3278 4353 ἀκολούθως
3324 4289 3688 4364 χρησαιμεθκ,
3729 4285 3855 4338 ποτὶ

2253 4387 2345 4460 μὶν
2393 4390 2498 4445 τοῖς
2546 4381 2594 4434 ἐν
2637 4378 2887 4455 μεθοδείᾳ
2940 4399 3032 4433 του
3078 4377 3327 4432 διαϐόλου
3372 4377 3643 4432 καταλύειν
3670 4394 3859 4450 πειρωο

481 4466 626 4524 dam
657 4465 841 4522 fidem
875 4466 1200 4538 pertinent,
1224 4465 1409 4522 modo
1441 4471 1584 4538 apto
1614 4471 1794 4540 atque
1824 4473 2111 4526 consenta

2257 4477 2427 4549 μένοις
2513 4471 2675 4530 αὑτήν
2751 4469 3229 4544 ἀγωνιστικὼτερον
3307 4469 3389 4540 (8)
3468 4465 3856 4538 ἀνθιστάμενοι,
3921 4529 3925 4532 ι

483 4573 599 4615 neo
630 4555 1056 4624 adhibeamus,
1083 4555 1165 4612 sie
1190 4561 1257 4613 ut
1285 4555 1470 4612 modo
1491 4555 1564 4614 iis
1597 4556 1700 4630 qui
1726 4557 2026 4617 diabolico
2053 4577 2144 4617 ar-

486 4646 670 4706 tificio
691 4663 830 4704 eam
848 4646 1156 4703 destruere
1181 4646 1478 4713 nituntur,
1493 4646 1848 4706 resistamus
1860 4649 2142 4717 validius,

486 4735 672 4794 modo
692 4751 834 4792 vero
861 4734 932 4791 iis
952 4735 1058 4808 qui
1085 4734 1148 4792 in
1177 4734 1311 4808 ipsa
1353 4734 1638 4793 aediﬁcari
1661 4736 1890 4805 volunt,
1913 4738 2147 4812 simpli-

486 4827 616 4884 cius
669 4830 728 4884 et
781 4825 1139 4882 familiarius
1191 4824 1390 4899 ipsam
1430 4841 1838 4900 exponamus,
1879 4828 2147 4903 nihilque

488 4918 655 4976 aliud
681 4931 1048 4992 peragamus
1069 4931 1255 4991 quam
1278 4917 1446 4990 quod
1476 4917 1554 4974 ab
1581 4919 1868 4992 Apostolo
1917 4920 2148 4979 dictum

563 5097 609 5135 δυ
651 5097 930 5170 Eom.1v,
964 5101 1055 5153 21.
1133 5095 1180 5133 9°
1220 5096 1372 5154 Psal.
1417 5113 1598 5168 (τηεν,
1634 5102 1720 5156 13.

566 5277 641 5352 (εἰ)
682 5272 884 5352 Codex
923 5273 1098 5332 Voss.
1126 5277 1184 5332 et
1212 5292 1370 5352 unus
1401 5275 1542 5352 Reg.
1565 5276 1887 5352 ξπήγγελται
1919 5279 1943 5333 ὁ
2001 5281 2150 5347 Θεὸς,

496 5343 741 5423 suum
773 5354 830 5404 et
858 5346 938 5423 ita
959 5361 1201 5420 quoque
1223 5343 1532 5423 legiturih
1563 5343 1932 5423 Reg,'primo
1965 5343 2157 5411 manu

494 5421 848 5491 recentiore.
878 5416 1009 5476 Mox
1056 5416 1216 5475 unus
1275 5416 1824 5491 Reg.}.eyot;i$€oa,
1870 5441 2155 5479 πιστευσαι

500 5487 558 5568 δε
581 5486 746 5555 ἄξιον.
772 5493 851 5544 ὅτι
872 5492 1062 5568 πισταὶ
1092 5497 1283 5568 πᾶσαι,
1306 5486 1548 5568 efﬁciet"?
1569 5499 1767 5551 autem
1795 5486 1994 5566 aperte
2022 5515 2154 5568 pre-

499 5567 647 5621 tium
683 5571 786 5631 est,
811 5563 1012 5619 omnia
1038 5563 1333 5619 mandata
1360 5563 1568 5632 fidelia
1600 5580 1740 5621 esse.

571 5637 646 5711 (ὅ)
691 5637 830 5707 Reg.
868 5650 1027 5692 unus
1065 5642 1153 5686 νῦν
1185 5632 1488 5709 ἀποφυγεῖν,

1797 5101 1842 5136 ⁹²
1876 5100 2028 5158 Psal.
2062 5118 2148 5174 cx,
2177 5107 2230 5160 8.

2257 4567 2380 4620 ποτὲ
2411 4559 2469 4616 δὲ
2491 4557 2597 4625 τοῖς
2619 4556 3018 4632 οἰκοδομεῖσθαι
3050 4557 3388 4632 βουλομένοις
3418 4557 3465 4610 ἐν
3515 4556 3645 4628 αὐτῇ
3683 4553 3862 4607 ἁπλοῖ-

2257 4659 2479 4728 κὼτερον
2532 4651 2642 4720 ’,καὶ
2714 4649 3020 4722 οἰκειότερον
3095 4647 3258 4706 αὐτὴν
3347 4645 3704 4718 ἐξηγούμενοι,
3773 4645 3864 4694 καὶ

2257 4739 2410 4798 ούδὶν
2460 4740 2583 4795 ἄλλο
2631 4747 2897 4800 ποιοῦντες
2944 4739 2973 4797 ἦ
3031 4736 3190 4791 ἐκεῖνο
3229 4737 3463 4810 τόπαρά
3495 4754 3586 4788 του
3613 4735 3865 4786 ’Ᾱποστό-

2258 4833 2348 4887 λου
2396 4832 2475 4904 (9)
2523 4828 2806 4906 εἰρημένον·
2871 4823 3083 4883 Εἰδέναι
3139 4835 3250 4890 πῶς
3313 4823 3395 4880 δεῖ
3442 4826 3579 4900 ὑμᾶς
3637 4825 3706 4877 ἑνὶ
3751 4823 3868 4878 ἐκεί-

2266 4943 2373 4996 στῳ
2405 4918 2775 4998 ἀποκριθῆναι.
2821 4923 2947 4991 Πρὶν
2999 4913 3057 4970 δε
3085 4915 3241 4970 ἐλθεῖν
3296 4914 3371 4968 ἐπ’
3419 4914 3583 4973 αὐτὴν
3629 4917 3723 4972 τήν
3772 4921 3868 4972 τῆς

2859 5100 2907 5134 ⁰³
2945 5097 3095 5156 ibid.
3119 5101 3170 5154 3.

2307 5106 2355 5142 ιε
2394 5104 2567 5172 Joan,
2597 5117 2659 5172 x,
2691 5104 2780 5158 27.
2859 5100 2907 5134 ⁰³
2945 5097 3095 5156 ibid.
3119 5101 3170 5154 3.
3251 5097 3297 5132 ’⁸
3340 5093 3534 5153 Galat.
3560 5110 3642 5164 ιιι,
3671 5096 3764 5159 15.

2338 5282 2410 5355 (ὃ)
2451 5277 2652 5340 Codex
2684 5280 2856 5355 Voss.
2883 5287 2980 5355 τῆς
3001 5275 3208 5355 ,ὑγιοῦς
3227 5281 3472 5355 πίστεως.

2338 5347 2417 5426 (7)
2459 5353 2851 5442 Anti‘quiwduo
2879 5353 3015 5410 libri
3040 5347 3130 5403 καὶ
3161 5349 3314 5404 esse.
3343 5367 3533 5402 πανοπ.
3568 5348 3702 5404 Mox
3732 5347 3876 5415 Reg.

2267 5443 2428 5483 unus
2461 5446 2553 5479 ουκ
2584 5448 2644 5478 αν
2676 5445 2814 5484 ειπη.

2337 5499 2414 5569 (8)
2455 5501 2714 5569 Utraque
2742 5496 2923 5554 editio
2954 5501 3011 5553 et
3037 5498 3179 5569 Reg.
3232 5491 3539 5549 secundus
3588 5489 3882 5560 ἀνταγωνι-

2268 5567 2541 5646 στῶτερον.
2555 5567 2680 5646 ,ΑΜ
2709 5575 2824 5626 tres
2855 5585 3008 5625 mss.
3023 5567 3538 5646 _t:(7(.39t77tzm?tpov.

2331 5646 2412 5716 (9)
2433 5633 2652 5702 'Codex
2674 5643 2843 5700 Voss.
2881 5645 2940 5700 et
2983 5633 3090 5701 alii
3112 5637 3236 5697 duo
3267 5639 3367 5690 ὑπό
3397 5633 3489 5689 τοῦ
3539 5633 3881 5690 ’Λποστόλοω
