4110 6384
411 348 514 402 533
1771 334 1828 389 S.
1870 327 2122 386 BASILII
2172 330 2415 388 MAGNI.
3674 335 3782 391 684

411 469 788 540 acciperent:
821 464 926 538 qui
958 468 1283 537 postquam
1308 462 1638 529 audissent,
1658 459 1826 514 Vobis
1857 457 2059 513 datum

2181 459 2240 506 1'6
2270 459 2452 528 πάθος,
2489 457 2788 513 ἁκούουσιν·
2821 459 2934 514 Ἐτι
2964 458 3126 512 πολλά
3160 461 3268 532 ἔχω
3294 457 3459 532 λίγεῖν
3493 457 3634 532 ὑμῖν,
3671 455 3781 510 ἀλλ’

410 565 494 617 est
516 573 685 614 nosse
718 555 1005 625 mysteria
1036 555 1209 624 regni
1232 555 1516 609 caelorum
1539 553 1578 616 ¹,
1608 554 1745 622 post
1773 544 2059 619 ejusmodi

2183 544 2242 596 οὐ
2275 541 2501 600 δύνασθε
2533 547 2822 622 βαστάζειν
2850 551 2990 623 ἄρτι.

411 649 840 720 cognitionem,
873 649 1199 717 postquam
1246 647 1455 715 aperta
1497 640 1613 696 sibi
1656 643 1858 694 essent
1904 651 2038 707 quae
2071 634 2300 688 caeteris
2329 641 2539 707 Operta
2569 638 2803 696 fuerant
2840 644 2897 694 et
2925 637 3180 706 occulta,
3221 640 3428 694 tamen
3466 635 3781 710 aliquanto

409 745 568 814 post,
591 737 955 794 adventante
976 735 1107 806 jam
1136 734 1419 806 passione
1450 730 1709 799 Domini,
1740 726 2032 786 audiunt:
2073 721 2296 781 Adhuc
2332 727 2530 784 multa
2574 728 2760 786 habeo
2791 729 2952 786 vobis
2983 729 3200 801 dicere,
3229 727 3334 786 sed
3378 742 3501 784 non
3531 729 3781 798 potestis

407 834 655 900 portare
677 825 851 882 modo
871 826 921 879 ³.

483 923 534 976 3.
569 919 651 974 Ex
700 916 794 972 his
839 920 1020 986 atque
1071 913 1252 984 hujus
1309 910 1542 982 generis
1584 908 1714 965 aliis
1756 905 2059 972 discimus,

2249 909 2300 961 3.
2331 904 2416 960 Ἐκ
2469 909 2660 960 τούτων
2705 911 2794 960 καὶ
2847 915 2946 961 τῶν
2994 909 3242 960 τοιούτων
3313 907 3657 980 μανθάνομεν,
3696 909 3776 961 ὅτι

411 1012 711 1082 quantum
737 1021 912 1062 sacra
939 1003 1242 1076 Scriptura
1271 1002 1434 1057 novit
1471 998 1938 1056 immensitatem
1969 1009 2069 1050 co-

413 1096 720 1168 gnitionis,
755 1099 990 1151 tantum
1018 1093 1354 1148 humanam
1382 1096 1664 1146 naturam
1698 1088 1758 1144 in
1789 1088 1905 1143 hac
1944 1084 2070 1139 vita

411 1185 807 1259 assequendis
837 1183 1054 1239 divinis
1083 1181 1383 1254 mysteriis
1411 1180 1710 1252 imparem
1741 1192 1894 1244 esse,
1925 1189 2067 1229 cum

409 1276 830 1348 unusquisque
859 1288 1098 1344 semper
1123 1271 1318 1340 magis
1345 1287 1415 1326 ac
1437 1269 1629 1339 magis
1649 1266 2068 1340 proﬁciat,nec

409 1367 734 1440 quisquam
758 1364 852 1427 sit,
875 1363 980 1435 qui
1013 1377 1286 1432 unquam
1310 1360 1389 1416 ad
1419 1374 1728 1414 summum
1758 1355 1904 1411 illud
1932 1369 2066 1426 per-

407 1457 620 1525 tingat,
650 1453 842 1508 donec
865 1453 1093 1508 venerit
1117 1450 1283 1524 quod
1315 1447 1647 1522 perfectum
1683 1451 1795 1515 est,
1817 1443 2068 1518 quando

406 1542 748 1601 abolebitur
774 1541 943 1614 quod
967 1557 1034 1596 ex
1069 1545 1238 1613 parte
1270 1545 1380 1597 est.
1409 1539 1614 1610 Itaque
1642 1537 1720 1593 ad
1750 1550 1962 1592 omnes
1988 1534 2066 1589 si-

406 1631 536 1688 mul
584 1631 685 1687 Dei
712 1629 935 1700 glorias
981 1627 1382 1684 declarandas
1412 1643 1536 1682 non
1575 1624 1798 1680 sufﬁcit
1841 1637 2065 1678 nomen

404 1737 622 1790 unum,
652 1735 764 1775 nec
796 1717 1036 1788 singula
1077 1716 1328 1772 omnino
1359 1715 1507 1771 citra
1537 1713 1867 1787 periculum
1899 1727 2066 1767 assu-
2094 1709 2135 1763 B

404 1814 674 1868 muntur.
707 1808 936 1865 Etenim
968 1807 1017 1862 si
1044 1807 1181 1880 quis
1219 1805 1453 1872 dixerit,
1494 1808 1666 1872 Deus,
1708 1803 1787 1859 ab
1829 1818 1900 1858 eo
1938 1815 2064 1857 non

404 1900 750 1958 declaratus
769 1903 858 1953 est
885 1900 1102 1954 Pater:
1135 1913 1277 1952 cum
1300 1912 1445 1952 vero
1467 1895 1684 1950 dicitur
1699 1895 1898 1959 Pater,
1922 1891 2064 1947 huic

403 1989 637 2048 nomini
668 1988 836 2044 deest
862 1986 1032 2052 illud,
1080 1986 1391 2042 Conditor.
1433 1984 1662 2040 Rursus
1687 1982 1779 2038 his
1817 1996 2064 2055 quoque

403 2095 528 2137 non
549 2077 901 2149 adjungitur
923 2075 1186 2145 bonitas,
1211 2074 1525 2147 sapientia,
1548 2078 1832 2146 potestas,
1859 2076 1915 2126 et
1935 2070 2064 2126 reli-

401 2185 524 2242 qua
553 2184 689 2241 quae
721 2167 780 2222 in
813 2171 1024 2222 sancta
1065 2165 1367 2236 Scriptura
1404 2164 1802 2236 reperiuntur.
1839 2164 2064 2216 Rursus

399 2274 648 2332 quoque
678 2256 727 2314 si
751 2255 923 2326 illud,
956 2257 1162 2318 Pater,
1188 2271 1327 2311 cum
1354 2255 1584 2326 integra
1609 2253 1740 2324 ejus
1768 2251 2063 2321 signiﬁca-

399 2348 585 2415 tione,
615 2347 770 2402 sicut
815 2345 982 2418 apud
1029 2361 1142 2400 nos
1191 2350 1279 2400 est
1317 2345 1377 2400 in
1407 2360 1547 2411 usu,
1589 2341 1959 2414 accipiamus
2000 2340 2063 2396 in

402 2441 545 2504 Deo,
574 2437 756 2509 impie
784 2435 1095 2502 sentimus,
1123 2450 1262 2490 cum
1285 2433 1590 2501 affectum,
1639 2447 1849 2488 semen
1897 2429 2063 2500 geni-

401 2526 544 2592 tale,
576 2523 1004 2594 ignorantiam,
1033 2523 1446 2578 inﬁrmitatem
1483 2527 1541 2577 et
1585 2520 1857 2600 ejusdem
1889 2533 2066 2588 gene-

401 2615 486 2672 ris
538 2613 658 2670 alia
701 2612 944 2669 indicet.
994 2611 1272 2668 Similiter
1315 2617 1518 2667 autem
1549 2615 1608 2667 et
1637 2610 1711 2666 de
1752 2609 1874 2675 illo,
1910 2609 2064 2664 Con-

404 2705 589 2775 ditor,
620 2704 736 2760 hoc
765 2703 928 2758 idem
958 2701 1287 2758 dicendum
1318 2706 1425 2757 est.
1460 2705 1609 2757 Nam
1640 2701 1770 2771 ejus
1794 2699 2061 2756 nominis

403 2793 572 2851 notio
597 2791 764 2865 apud
809 2807 921 2848 nos
958 2795 1228 2862 tempus,
1276 2790 1618 2857 materiam,
1664 2790 2064 2845 instrumenta

407 2883 884 2954 adjumentaque
911 2881 1192 2953 requirit:
1225 2895 1261 2936 a
1291 2879 1514 2952 quibus
1540 2878 1846 2950 omnibus,
1867 2893 2062 2951 quan-

405 2979 534 3030 tum
561 2971 794 3029 homini
819 2969 909 3026 fas
950 2975 1064 3040 est,
1089 2985 1308 3038 puram
1351 2984 1484 3024 esse
1523 2974 1754 3041 oportet
1783 2968 1946 3040 piam
1988 2967 2064 3024 de

2176 1003 2426 1047 τοσοῦτον
2454 999 2545 1069 μὶν
2603 995 2741 1051 οἶδεν
2801 1000 2829 1056 ἡ
2894 1000 3232 1059 θεόπνευστος
3280 1001 3456 1072 Γραφὴ
3515 1006 3609 1058 τῆς
3662 995 3777 1050 ἐπι-

2176 1091 2413 1155 γνώσεως
2453 1091 2512 1138 1'6
2569 1085 2871 1161 ἀπέραντον,
2922 1095 3173 1140 τοσοῦτον
3206 1083 3265 1139 δὲ
3306 1095 3404 1149 τῆς
3452 1084 3781 1162 ἀνθρωπίνης

2178 1177 2376 1244 φύσεως
2401 1179 2460 1229 1'6
2508 1185 2606 1230 τῶν
2653 1179 2798 1230 θείων
2845 1182 3150 1252 μυστηρίων
3199 1175 3246 1228 ἐν
3294 1195 3366 1248 τῳ
3417 1182 3637 1251 παρόντι
3686 1175 3780 1228 ἀν-

2174 1277 2400 1334 έρικτον,
2436 1264 2514 1318 ἀεὶ
2557 1269 2647 1340 μὲν
2696 1269 2829 1319 κατά
2868 1271 3139 1341 προκοπὴν
3198 1265 3400 1336 ἑκάστῳ
3449 1265 3562 1335 (16)
3615 1284 3782 1340 προσ-

2175 1356 2441 1426 τιθεμένου
2473 1364 2564 1408 τοῦ
2611 1356 2861 1425 πλείονος,
2897 1355 2974 1409 ἀεὶ
3033 1352 3089 1409 δι
3124 1363 3215 1410 τοῦ
3268 1359 3401 1429 πρὸς
3450 1353 3597 1418 ἀξίαν
3655 1354 3781 1409 ἀπο-

2175 1442 2554 1518 λιμπανομὲνου
2586 1444 2844 1512 ἁπάντων,
2879 1448 3042 1520 ἄχρις
3089 1445 3150 1497 ἂν
3198 1445 3317 1518 ἔλθη
3367 1448 3426 1498 τὸ
3456 1444 3663 1513 τέλειον,
3697 1446 3781 1498 ὅτε

2176 1536 2234 1585 τό
2289 1533 2343 1585 ἐκ
2412 1540 2600 1610 μέρους
2654 1538 3136 1612 καταργηθήσεται·
3224 1534 3410 1587 οὐκοῦν
3479 1537 3596 1587 οὔτε
3671 1533 3780 1596 ἰνὸς

2177 1621 2425 1696 ὀνόματος
2476 1623 2759 1700 ἀρκοῦντος
2816 1628 2994 1697 πάσας
3060 1627 3191 1698 ὁμοῦ
3243 1621 3486 1682 δηλῶσαι
3540 1625 3638 1686 τὰς
3684 1631 3778 1678 τοῦ

2175 1720 2309 1766 Θεοῦ
2363 1710 2543 1782 δόξας,
2604 1718 2722 1770 οὔτε
2777 1716 2998 1769 ἑκάστου
3052 1714 3104 1779 ἐξ
3150 1714 3432 1790 ὁλοκλήρου
3489 1711 3781 1778 ἀκινδύνως

2172 1803 2723 1878 παραλαμϐανομένου.
2757 1805 2852 1860 "Av
2901 1826 2954 1859 τε
3003 1809 3103 1882 γὰρ
3157 1809 3273 1880 εἴπῃ
3321 1825 3421 1872 τις,
3477 1807 3628 1873 Θεὸς,
3683 1805 3778 1858 οὒκ

2174 1889 2406 1952 ἐδήλωσε
2434 1898 2513 1963 τὸ,
2544 1901 2748 1972 Πατήρ·
2779 1903 2852 1967 τῷ
2876 1893 2955 1962 δὲ,
2989 1900 3191 1970 Πατὴρ,
3219 1895 3382 1949 λείπει
3412 1898 3490 1962 τὸ,
3532 1898 3772 1959 κτίστης.

2171 1986 2387 2045 Τούτοις
2440 1981 2500 2038 δὲ
2548 1985 2702 2038 πάλιν
2754 1991 2914 2058 χρεία
2969 1984 3315 2058 ἀγαθότητος,
3379 1988 3566 2058 σοφίας
3608 1981 3776 2038 δυνά-

2173 2091 2326 2144 μεως,
2381 2078 2472 2126 καὶ
2527 2081 2628 2126 τῶν
2682 2074 2875 2128 λοιπῶν
2929 2083 3030 2128 τῶν
3097 2079 3381 2151 φερομένων
3435 2073 3483 2126 ἐν
3533 2082 3598 2147 τῇ
3650 2075 3776 2148 ἁγίᾳ

2173 2169 2372 2236 Γραρῇ.
2431 2164 2590 2216 Πάλιν
2645 2161 2704 2218 δὲ
2759 2170 2837 2233 τό,
2891 2171 3115 2242 Πατὴρ,
3175 2164 3453 2242 ὁλόκληρον
3501 2167 3635 2218 κατά
3683 2169 3770 2224 τὴν

2173 2253 2426 2327 ἡμετέραν
2469 2263 2692 2328 χρῆσιν,
2748 2253 2833 2307 ἐὰν
2881 2254 3170 2328 ὶκ).οίϐωμεν
3223 2253 3306 2308 ἐπὶ
3359 2262 3515 2323 Θεοῦ,
3562 2253 3775 2308 ἀσεϐοῦ-

2172 2359 2282 2413 μενο
2328 2344 2494 2405 πάθος
2543 2347 2644 2418 γὰρ
2696 2349 2784 2396 καὶ
2861 2343 3182 2419 ἀπόρροιαν,
3237 2348 3328 2397 καὶ
3385 2346 3636 2417 ἄγνοιαν,
3683 2350 3774 2397 καὶ

2175 2429 2460 2502 ἀσθένειαν,
2519 2437 2605 2486 καὶ
2657 2435 2758 2486 ὅσα
2813 2453 3032 2487 τοιαυτα
3088 2433 3415 2508 ἐπιφημίζει.
3462 2435 3686 2508 Ὁμοίως
3715 2431 3774 2487 δε

2171 2525 2261 2573 καὶ
2290 2525 2370 2585 τὸ,
2412 2528 2654 2586 κτίστης.
2687 2522 2791 2596 Ἐφ’
2836 2526 2982 2597 ἡμῶν
3020 2526 3118 2598 γὰρ
3165 2529 3324 2600 χρεία
3374 2529 3592 2598 χρόνον,
3625 2524 3771 2592 ὗλης,

2174 2619 2391 2678 σκευῶν,
2449 2611 2698 2684 βοηθείας
2725 2614 2855 2683 (t7)°
2914 2611 2980 2665 ὧν
3038 2613 3276 2666 ἁπάντων
3327 2616 3630 2689 καθαρεύειν
3693 2611 3780 2667 δεῖ

2171 2707 2266 2758 τὴν
2292 2700 2475 2760 εὐσεϐῆ
2508 2706 2626 2778 περὶ
2653 2710 2786 2756 Θιου
2813 2699 2991 2769 δόξαν,
3016 2705 3085 2765 ὡς
3115 2699 3337 2756 δυνατὸν
3369 2701 3640 2778 ἀνθρώπῳ.
3667 2710 3771 2758 Του

2171 2793 2272 2865 γὰρ
2321 2793 2452 2865 πρὸς
2481 2791 2649 2860 ἀξίαν,
2683 2795 2752 2856 ὡς
2782 2796 2924 2866 ἔφην,
2965 2792 3060 2846 κᾶν
3109 2794 3154 2846 εἰ
3198 2801 3370 2848 πᾶσαι
3419 2797 3510 2867 μὲν
3539 2791 3770 2847 διάνοιαι

2172 2885 2303 2955 πρὸς
2330 2887 2423 2940 την
2455 2885 2658 2956 ἔρευναν
2692 2886 3013 2957 συναφθεῖεν,
3059 2883 3230 2938 πᾶσαι
3270 2882 3330 2938 δι
3375 2885 3612 2958 γλῶσσαι
3640 2889 3772 2962 πρὸς

2171 2976 2266 3030 τὴν
2316 2970 2620 3044 ἐπαῃελίαν
2675 2970 3043 3047 συνδράμοιεν,
3117 2971 3366 3029 οὐδέποτε
3417 2978 3478 3028 ἄν
3546 2995 3623 3038 τις
3678 2975 3770 3049 ἐφ·-

407 3066 530 3121 Deo
554 3062 924 3136 opinionem.
958 3061 1080 3117 Etsi
1109 3061 1269 3116 enim
1301 3065 1532 3116 mentes
1561 3075 1774 3115 omnes
1807 3059 2059 3130 conjun-

2174 3065 2358 3117 ίκοιτο.
2393 3065 2599 3122 Ταύτην
2631 3061 2691 3116 δὲ
2738 3066 2860 3136 ἡμῖν
2906 3069 3002 3123 τὴν
3049 3067 3240 3118 ἔννοιαν
3273 3073 3447 3138 σαφῶς
3475 3070 3773 3141 παρίστησι

407 3158 686 3225 gerentur
715 3151 795 3208 ad
822 3149 1354 3224 perscrutandum,
1383 3164 1716 3222 omnesque
1737 3148 1959 3219 linguas
1983 3147 2064 3205 ad

408 3241 854 3300 enuntiandum
883 3243 1327 3306 concurrerent,
1358 3255 1540 3295 nemo
1572 3244 1794 3306 tamen,
1820 3243 1886 3294 ut
1915 3238 2061 3309 dixi,

407 3331 526 3390 hoc
547 3346 822 3404 unquam
859 3345 973 3403 pro
1008 3330 1094 3386 rei
1132 3328 1343 3385 merito
1369 3329 1613 3402 assequi
1641 3334 1864 3402 posset.
1899 3332 2062 3386 Hanc

409 3427 613 3479 autem
629 3419 987 3477 sententiam
1011 3419 1345 3476 luculenter
1362 3419 1540 3476 nobis
1559 3419 1640 3475 ob
1666 3421 1873 3476 oculos
1893 3421 2064 3492 ponit

409 3510 894 3584 sapientissimus
929 3509 1232 3570 Salomon,
1263 3525 1402 3565 cum
1433 3509 1550 3565 ait:
1585 3511 1765 3566 Dixi:
1805 3511 2060 3580 Sapiens

409 3601 676 3671 efﬁciar:
697 3606 752 3657 et
772 3601 904 3669 ipsa
920 3602 1203 3671 elongala
1221 3604 1306 3657 est
1329 3614 1366 3655 a
1388 3613 1480 3655 me
1505 3600 1675 3669 longe
1694 3601 1863 3657 ultra
1879 3616 2060 3672 quam

407 3690 618 3749 erat’:
652 3704 774 3746 non
817 3689 987 3762 quod
1029 3689 1240 3760 fugiat,
1288 3688 1397 3744 sed
1444 3689 1612 3761 quod
1648 3688 1785 3762 ipsa
1823 3690 1894 3746 iis
1937 3707 2061 3748 ma-

404 3780 566 3837 xime
594 3779 828 3836 videtur
856 3795 990 3836 esse
1018 3777 1668 3851 incomprehensibilis,
1700 3780 1926 3852 quibus
1955 3796 2063 3853 per

404 3870 510 3926 Dei
549 3870 719 3940 227
748 3870 1006 3939 gratiam
1027 3867 1291 3938 cognitio
1322 3868 1518 3938 major
1540 3869 1811 3927 accessit.
1841 3872 2062 3936 Quam-

403 3958 616 4016 obrem
636 3974 809 4014 sacra
826 3959 1132 4030 Scriptura
1158 3956 1509 4012 nominibus
1529 3958 1851 4032 verbisque
1879 3960 2062 4032 pluri-

402 4047 521 4105 bus
561 4047 907 4104 necessario
935 4047 1120 4102 utitur
1157 4046 1236 4102 ad
1284 4045 1619 4118 quamdam
1663 4063 1920 4121 eamque
1955 4049 2060 4106 ob-

402 4151 666 4204 scuram,
680 4136 899 4192 divina:
921 4135 1126 4207 glorise
1143 4141 1375 4208 partem
1391 4151 1463 4192 ex
1473 4137 2060 4209 primendam.Nobis

403 4231 607 4284 autem
649 4225 817 4298 quod
858 4240 968 4282 vos
1013 4224 1300 4295 urgeatis,
1348 4241 1460 4281 nec
1507 4225 1759 4283 facultas
1802 4235 1910 4297 est,
1951 4245 2061 4285 nec

402 4315 594 4372 otium
616 4315 822 4370 omnia
841 4314 1161 4386 colligendi
1185 4329 1323 4387 quas
1349 4313 1576 4388 ubique
1595 4317 1657 4372 in
1679 4317 1885 4374 divina
1907 4320 2061 4376 Scri-

2173 3157 2262 3205 καὶ
2320 3154 2346 3205 6
2407 3160 2704 3227 σοφώτατος
2762 3154 2996 3228 Σολομὼν
3045 3154 3222 3228 λέγων·
3280 3153 3453 3209 Εἶπαο
3509 3157 3770 3228 Σοφισθή-

2175 3261 2366 3315 σομαι·
2445 3248 2535 3296 καὶ
2601 3245 2731 3303 αὕτη
2810 3243 3103 3322 ἐμακρύνθη
3180 3245 3266 3298 ἀπ’
3338 3243 3460 3319 ἐμου
3527 3246 3767 3320 μακράν,

2169 3332 2295 3408 ὑπὲρ
2337 3332 2363 3385 ὃ
2405 3330 2486 3391 ἦν·
2537 3333 2596 3386 οὐ
2639 3341 2712 3406 τῷ
2769 3338 2989 3408 φεύγειν,
3051 3335 3178 3388 ἀλλὰ
3231 3343 3304 3407 τῷ
3361 3333 3566 3397 ἐκείνοις
3611 3335 3771 3408 μα’λιο

2171 3441 2273 3474 στα
2321 3425 2669 3496 φανεροῡσθαι
2717 3424 2880 3488 αὐτῆς
2935 3428 2994 3478 τὸ
3049 3423 3450 3494 ἀκατάληπτον,
3511 3427 3584 3486 οἷς
3634 3432 3766 3480 Θεου

2166 3513 2358 3587 χάριτι
2402 3518 2785 3588 περισσοτέρως
2830 3518 3170 3589 προσγέγονεν
3219 3517 3248 3574 ἠ
3299 3523 3513 3588 γνῶσις.
3562 3513 3621 3568 Ἠ
3676 3518 3766 3588 μὶν

2169 3597 2256 3654 οὖν
2291 3603 2622 3666 θεόπνευστος
2673 3608 2849 3679 Γραφὴ
2899 3603 3130 3657 πλείοσιν
3187 3604 3436 3677 ὀνόμασιν
3480 3602 3768 3677 ἀναγκαίως

2167 3701 2371 3768 χρῆται
2421 3699 2513 3747 καὶ
2560 3695 2794 3770 ῥήμασιν
2847 3695 2918 3758 εἰς
2969 3699 3185 3768 μερικὴν
3234 3715 3370 3762 τινα,
3433 3699 3525 3748 καὶ
3567 3696 3764 3753 ταύτην

2169 3780 2556 3856 αἰνιγματώδη,
2592 3791 2686 3847 τῆς
2720 3787 2858 3848 θείας
2904 3781 3063 3848 δόξης
3111 3787 3468 3858 παράστασιν.
3506 3783 3656 3858 Ἡμῖν
3705 3779 3766 3838 δι

2168 3874 2339 3926 πάντα
2367 3876 2458 3946 μὲν
2496 3875 2564 3926 τὰ
2612 3893 2888 3947 πανταχου
2920 3875 3020 3927 ὑπὸ
3049 3883 3144 3937 τῆς
3189 3877 3529 3929 θεοπνεύστου
3561 3881 3769 3950 Γραφῆς

2169 3965 2284 4036 περί
2303 3980 2356 4013 τε
2396 3965 2597 4036 Πατρός
2629 3967 2715 4016 καὶ
2770 3965 2893 4016 Υἰου
2945 3967 3036 4016 καὶ
3085 3963 3242 4035 ἁγίου
3288 3966 3584 4036 Πνεύματος
3633 3963 3771 4038 εἰρη-

2170 4055 2298 4124 μένα
2346 4055 2405 4104 1'6
2452 4056 2618 4126 παρόν
2662 4051 2922 4125 ἀναλέγειν
2965 4057 3082 4106 οὔτε
3129 4050 3374 4127 δύναμις,
3423 4055 3540 4107 οὔτε
3581 4053 3768 4128 σχολὴ,

2172 4136 2268 4193 διὰ
2315 4145 2374 4194 τὸ
2423 4147 2742 4214 κατεπείγειν
2800 4145 2955 4216 ὑμᾶς·
3011 4143 3164 4215 ὀλίγα
3215 4141 3274 4197 δὲ
3320 4142 3376 4196 ἑκ
3427 4145 3633 4197 πάντων
3663 4145 3777 4216 (18)

2169 4232 2536 4304 παραθέμενοι,
2580 4230 2752 4306 ἀρκεῖν
2807 4235 3074 4305 ἡγούμεθα
3104 4237 3193 4285 καὶ
3242 4253 3412 4286 ταυτα
3444 4241 3508 4307 τῇ
3555 4234 3780 4308 ὑμετέρᾳ

2174 4317 2496 4389 συνειδήσει,
2547 4327 2673 4398 πρός
2721 4341 2774 4376 τε
2815 4327 2909 4380 τὴν
2965 4341 3058 4375 του
3109 4325 3359 4399 ἡμετέρου
3409 4321 3466 4375 ἔκ
3507 4330 3607 4374 τῶν
3647 4328 3780 4396 Γρα-

400 4409 580 4479 ptura
604 4404 767 4461 dicta
788 4409 928 4460 sunt
947 4403 1022 4458 de
1040 4405 1208 4459 Patre
1234 4409 1290 4458 et
1315 4403 1457 4459 Filio
1488 4408 1544 4459 et
1573 4403 1645 4460 de
1673 4406 1894 4478 Spiritu
1916 4424 2058 4464 san-

2173 4419 2276 4484 φών
2342 4417 2668 4485 φρονήματος
2735 4417 3040 4486 φανέρωσιν,
3101 4417 3190 4465 καὶ
3243 4417 3336 4471 τὴν
3406 4414 3548 4486 ὑμῶν
3606 4412 3776 4466 αὐτῶν

399 4499 531 4551 cto:
564 4494 670 4551 sed
695 4498 900 4550 tamen
921 4492 970 4550 si
998 4508 1194 4565 pauca
1226 4508 1298 4548 ex
1329 4493 1612 4548 omnibus
1643 4511 2057 4570 apponamus,

393 4583 482 4641 ita
501 4583 885 4639 conscientias
923 4588 1134 4638 vestrae
1161 4581 1538 4638 satisfactum
1569 4581 1641 4638 iri
1669 4584 2054 4660 arbitramur,

395 4677 528 4730 tum
568 4676 632 4729 ut
677 4677 885 4729 nostra
932 4671 1225 4728 sententia
1271 4671 1590 4744 Scripturis
1638 4672 1846 4732 innixa
1885 4677 2058 4734 inno-

392 4764 599 4834 tescat,
625 4767 754 4818 tum
784 4764 851 4818 ut
878 4765 1082 4818 vestra
1118 4760 1389 4834 ipsorum
1419 4761 1796 4836 aliorumque
1825 4765 1989 4825 idem
2021 4783 2058 4828 θ.

465 4917 484 4952 ¹
525 4912 727 4973 Matth.
755 4927 880 4982 xm,
914 4916 1002 4968 tl.
1077 4912 1100 4947 ³
1138 4912 1450 4985 Joan.xvx,
1486 4916 1572 4972 t2.

461 5065 576 5136 (16)
629 5064 876 5138 Antiqui
926 5063 1049 5120 duo
1103 5061 1241 5120 libri
1303 5071 1572 5138 προκοπὴν
1628 5067 1872 5127 ἑκάστου.
1921 5077 2053 5131 Mox

391 5135 516 5194 duo
541 5135 689 5192 mss.
718 5135 1228 5208 ἀπολιμπανομένων.
1286 5135 1393 5192 Alii
1441 5138 1563 5195 duo
1617 5146 1676 5197 et
1727 5142 1870 5199 editi
1918 5144 2050 5199 ἀπο.

389 5208 790 5282 λιμπανομένου.
816 5207 957 5282 _Hoc
989 5207 1196 5282 angillo
1236 5209 1422 5282 modo
1451 5210 1637 5281 legas.
1670 5213 1818 5270 nihil
1848 5217 2045 5276 refert.

459 5281 582 5360 (t7).
605 5279 766 5360 Regii
797 5279 920 5360 duo
951 5279 1468 5360 codices_perinde
1502 5279 1566 5337 ut
1597 5284 1778 5340 editio
1815 5288 1953 5360 Ven.
1984 5289 2047 5347 in

389 5350 666 5425 margine
696 5352 842 5416 ὕλης,
887 5350 1134 5425 ὁργάνων,
1185 5350 1454 5424 βοηθείας,
1493 5370 1676 5425 sensu
1710 5372 1832 5413 non
1871 5359 2044 5417 dissi-

386 5421 549 5500 mili.
582 5421 1100 5500 Aliquanto'infra
1137 5421 1391 5496 utraque
1437 5424 1619 5482 editio
1666 5427 1791 5500 ἐμου
1842 5439 2039 5500 μακρᾷ.

388 5485 796 5568 Codex_Voss.
821 5499 879 5568 et
903 5493 999 5549 alii
1031 5494 1153 5568 duo
1180 5485 1396 5568 μακράν,
1689 5485 1699 5500 ⁸
1842 5485 1852 5503 ο
1952 5487 1961 5506 ι
2000 5489 2010 5504 ο

457 5568 577 5648 (18).
599 5565 748 5648 Reg.
779 5565 1094 5648 pri‘musﬁc‘x
1126 5565 1222 5616 τῶν
1251 5565 1472 5648 πάντων.
1508 5569 1737 5628 Ibidem
1765 5575 1904 5645 Reg.
1931 5579 2039 5632 ter-

383 5633 500 5694 tius
525 5633 583 5695 σι
600 5633 751 5696 alter
776 5633 985 5696 itidem
1012 5640 1151 5706 Reg.
1186 5641 1604 5712 παρατιθέμενοι.

2169 4505 2260 4554 καὶ
2298 4509 2397 4553 τῶν
2431 4500 2754 4576 βουλομένων
2812 4500 2886 4574 ἐφ’
2942 4503 3068 4574 ἡμῖν
3097 4503 3211 4573 (19)
3267 4501 3643 4578 πληροφορίαν.
3690 4500 3777 4564 Ὠς

2165 4591 2268 4664 γὰρ
2300 4592 2367 4643 τὰ
2394 4590 2560 4643 πολλὰ
2588 4595 2712 4665 μίαν
2751 4593 2877 4664 ἡμῖν
2925 4596 3019 4649 τήν
3069 4590 3252 4650 εὐσεϐῆ
3295 4593 3487 4644 ἔννοιαν
3536 4589 3773 4664 ἐξαγγέλο

2167 4679 2262 4746 λει,
2291 4681 2426 4734 οὕτω
2464 4685 2555 4734 καὶ
2593 4679 2648 4733 ἐκ
2676 4689 2775 4734 τῶν
2807 4680 2984 4753 ὀλίγων
3011 4682 3037 4734 6
3064 4681 3360 4755 εὐγνώμων,
3391 4677 3562 4756 οἶμαι,
3609 4684 3669 4735 τὸ
3715 4679 3768 4735 ἕν

2165 4776 2326 4826 πᾶσιν
2356 4770 2560 4834 εὐσεϐὲς
2589 4769 2943 4845 ἐπιγινώσκει.

1651 4916 1674 4952 ³
1713 4918 1902 4977 Eccle.
1929 4929 2038 4992 γυ,
2065 4925 2158 4984 24.

2232 5076 2355 5152 (19).
2381 5076 2574 5136 Editio
2604 5075 3158 5152 Parisaﬁoulopivwv
3187 5073 3236 5132 ἓν
3265 5073 3408 5152 ὑμῖν,
3456 5079 3573 5152 qui
3604 5075 3766 5152 inter

2160 5165 2260 5206 vos
2292 5147 2355 5206 id
2373 5158 2686 5221 expetunt.
2720 5147 2906 5207 Editio
2939 5147 3079 5208 Ven.
3111 5157 3170 5207 et
3193 5147 3386 5207 codex
3411 5147 3680 5208 Combef.
3713 5151 3764 5204 iv

2158 5221 2282 5304 {ipsa
2317 5223 2476 5304 inter
2495 5239 2630 5304 .nos.
2660 5222 2774 5304 'Alii
2804 5228 2923 5279 tres
2951 5221 3192 5304 codices
3228 5229 3448 5304 praeter
3473 5225 3668 5304 .Voss_._

2155 5293 2308 5368 ἡμῖν.
2341 5293 2462 5349 Hoc
2491 5295 2628 5366 ipso
2657 5295 2718 5349 in
2744 5295 2877 5350 loco
2909 5293 3090 5351 editio
3115 5293 3295 5358 Paris,
3319 5300 3443 5368 μίαν
3462 5297 3603 5368 υμῖν.
3629 5293 3764 5350 Edi-

2153 5366 2235 5420 tio
2271 5366 2411 5439 Ven.
2439 5370 2494 5421 et
2523 5383 2669 5439 mss.
2700 5372 2817 5439 tres
2841 5369 2998 5439 ἡμῖν.
3044 5369 3294 5439 Ηωοθεῑ
3320 5366 3596 5439 ejusl'oci
3623 5381 3763 5439 sen-

2152 5436 2336 5517 tentia
2359 5455 2371 5491 :
2393 5439 2608 5517 Nostra
2627 5438 2754 5517 haec
2776 5436 2915 5517 fidei
2935 5438 3255 5501 confessio,
3269 5437 3758 5517 quamlibetbre-

2149 5509 2262 5572 vis,
2285 5509 2587 5580 ejusmodi
2617 5515 2726 5580 est,
2759 5513 2824 5564 ut
2847 5525 2919 5565 ex
2949 5525 3020 5565 ea
3041 5525 3254 5580 asquus
3275 5509 3475 5565 rerum
3497 5509 3755 5566 aestima-

2152 5583 2242 5654 tor
2268 5579 2436 5654 facile
2464 5579 2754 5650 intelligat
2781 5596 2892 5654 nos
2923 5579 3169 5654 quoque
3198 5581 3260 5637 in
3291 5581 3538 5654 reliquis
3561 5580 3731 5638 omni

2146 5649 2262 5706 bus
2291 5651 2388 5724 pie
2418 5667 2489 5708 ac
2517 5649 2679 5709 recte
2700 5652 2938 5709 sentire.
